4034 6166
448 266 550 317 9773

1433 255 1761 312 Ai‘l‘ENDlX
1807 256 1894 309 AD
1932 252 2159 309 OPERA
2199 252 2255 308 S.
2299 249 2669 306 BENEDICTI.

3592 246 3695 299 976

451 395 512 433 ac
544 378 823 447 pricccptis
852 375 1128 431 dominicis
1157 372 1561 435 contradicunt,
1590 371 1779 441 quibus
1819 372 1888 424 ita
1930 371 2097 439 ju-A
2122 368 2394 424 discordes
2441 367 2743 432 invenerit,
2787 364 2875 434 qui
2919 376 3091 433 usque
3131 362 3199 416 ad
3243 373 3520 432 vesperam
3566 361 3692 416 lites

451 472 639 523 bentur
671 486 683 520 :
722 468 1017 537 Quicunque
1060 465 1268 518 ualuerit
1298 463 1429 515 inter
1461 478 1543 515 vos
1574 464 1738 529 major
1766 462 1878 530 fieri
1902 500 1918 525 ,
1949 462 2014 515 sit

452 574 611 617 vester
632 560 854 613 minister
882 573 902 613 :
927 568 975 611 et
1014 558 1098 624 qui
1125 555 1338 610 voluerit
1364 555 1496 608 inter
1527 571 1612 608 ros
1655 554 1850 623 primus
1884 570 2015 617 esse,

453 654 546 703 erit
575 662 731 703 vester
758 665 923 701 servus
955 646 1173 713 (Matth.
1201 647 1325 714 xx),
1354 644 1559 698 abbatis
1587 644 1669 698 vel
1694 643 1852 703 etiam
1884 642 2019 696 reli-

454 755 678 806 quorum
724 737 1085 806 increpatione
1130 736 1355 799 cmilusi,
1404 734 1471 788 ad
1516 732 1688 787 locum
1739 732 2009 799 proprium

451 846 607 897 quem
657 829 980 896 reliquerant
1024 836 1340 879 revocentur
1384 842 1401 879 :
1457 837 1590 890 quos
1642 822 1708 875 ad
1753 821 2008 891 majorem

452 921 671 987 gradum
717 920 919 973 tardius
964 919 1300 983 decernimus
1348 914 1683 985 promoveri,
1726 930 1793 970 ne
1841 915 2018 969 addita

452 1014 479 1062 ιι
506 1013 711 1083 gnitate
738 1011 970 1065 radicula
1001 1010 1052 1064 in
1081 1011 1159 1064 eis
1191 1007 1529 1078 prmsumptio
1552 1007 1910 1065 convalescat.

527 1100 654 1154 lllud
688 1101 865 1169 itaque
891 1099 1203 1162 statuimus,
1247 1108 1330 1164 ut,
1382 1096 1449 1152 ad
1496 1111 1731 1150 mensam
1772 1095 2021 1150 fratribus

454 1192 808 1267 .nngregatis,
845 1189 912 1245 de
961 1191 1043 1242 his
1086 1205 1203 1258 quae
1243 1198 1579 1261 apponuntur
1609 1201 1764 1241 nemo
1803 1186 2021 1240 alterius

454 1294 538 1334 aut
572 1290 857 1351 praesumat
908 1290 998 1333 aut
1050 1279 1221 1348 rapiat
1252 1278 1569 1347 portionem,
1602 1293 1667 1332 ne
1693 1277 2019 1346 frequentius

455 1377 658 1431 cmtvris
708 1390 921 1430 manum
976 1371 1241 1443 p'nropsidi
1305 1372 1639 1441 importunus
1697 1370 2016 1439 immergat,

454 1478 668 1540 propter
691 1466 817 1527 illud
843 1465 1081 1535 Apostoli
1114 1478 1130 1516 ;
1160 1463 1305 1517 Alius
1332 1462 1530 1531 quidem
1552 1465 1739 1529 esurit,
1762 1461 1897 1515 alius
1924 1478 2021 1515 au-

415 1615 420 1621 _
456 1571 550 1617 tem
573 1560 736 1614 ebrius
760 1569 829 1613 est
851 1555 903 1627 (I
928 1555 1045 1609 Cor.
1078 1554 1175 1615 χι).
1213 1555 1275 1608 Et
1308 1555 1497 1611 iterum
1536 1570 1550 1607 :
1595 1553 1728 1606 Esca
1754 1555 1941 1622 ventri,
1970 1563 2018 1607 et

456 1662 618 1706 denter
666 1652 789 1703 escis
833 1665 853 1702 :
902 1648 1037 1701 Deus
1076 1657 1242 1700 autem
1287 1654 1333 1700 et
1377 1644 1510 1698 hunc
1558 1655 1605 1698 et
1646 1644 1739 1698 has
1789 1645 2017 1698 destruat

2123 459 2378 525 trahunt,
2408 466 2461 513 et
2504 467 2630 512 ante
2676 472 2780 512 non
2822 455 3109 512 excludunt
3155 453 3356 521 odium,
3399 467 3558 522 quam
3606 453 3690 507 sol

2119 559 2403 621 cognoscat
2432 564 2713 615 occasum;
2751 548 2839 618 qui
2875 546 3075 602 dicenti
3113 545 3412 615 Apostolo:
3449 543 3544 599 Sol
3589 560 3694 597 non

2126 643 2317 697 accidat
2360 660 2512 711 super
2543 642 2860 696 itacundiam
2905 649 3117 694 uestram
3166 637 3382 709 (Ephes.
3430 636 3545 707 tv),
3600 651 3695 704 per

2122 732 2533 788 iuobedientiam
2564 731 2964 797 contradicunt,
2990 731 3271 784 statuimus
3311 727 3489 782 tandiu
3524 727 3692 780 absti-

2122 826 2299 878 nentia
2330 824 2698 886 macerandos,
2750 822 2983 889 quandiu
3030 821 3094 874 ad
3144 835 3322 873 verum
3369 833 3426 872 se
3467 832 3695 871 concor-

2121 916 2261 969 diam
2306 918 2543 971 ultronea
2590 913 2950 969 satisfactione
2978 923 3312 969 convertant.
3341 910 3541 976 Quibus
3570 920 3694 979 post

2120 1008 2335 1078 longum
2367 1007 2672 1062 scandalum
2702 1006 2981 1076 paciﬁcare
3019 1004 3071 1057 iu
3106 1004 3316 1057 occulto
3351 1017 3457 1054 non
3498 1002 3685 1063 liceat,

2123 1115 2191 1154 ne
2216 1099 2413 1169 aliquid
2442 1100 2620 1154 [ictum
2647 1098 2845 1167 paritas
2871 1095 3143 1151 charitatis
3174 1094 3418 1147 admittat
3452 1111 3463 1143 :
3499 1092 3591 1146 sed
3621 1091 3694 1145 sit

2120 1206 2306 1247 eorum
2352 1190 2716 1246 reconciliatio
2757 1188 2965 1258 publica
2986 1227 3001 1254 ,
3031 1202 3254 1256 quorum
3296 1184 3395 1240 fuit
3423 1184 3692 1238 discordia

2120 1283 2416 1337 manifesta.
2456 1280 2731 1336 Fratribus
2767 1294 2896 1349 ergo
2935 1278 3142 1333 cunctis
3171 1272 3354 1331 'coram
3392 1273 3693 1328 astantibus

2118 1374 2330 1427 veniam
2364 1372 2591 1426 invicem
2636 1369 2904 1440 postulent
2938 1386 2949 1420 :
2981 1369 3104 1437 quia
3144 1376 3365 1435 uterque
3412 1380 3534 1418 reus
3571 1363 3692 1417 diu-

2121 1473 2269 1518 turna
2299 1463 2567 1517 simultate
2594 1469 2835 1527 notatur,
2875 1459 3000 1513 dum
3028 1468 3117 1512 aut
3142 1473 3279 1511 unus
3309 1454 3690 1524 indulgentiam

2118 1566 2298 1629 petere
2326 1556 2563 1619 destitit,
2594 1564 2683 1609 aut
2717 1554 2850 1608 alter
2880 1553 3052 1621 rogari
3076 1550 3384 1605 desiderans
3406 1564 3508 1600 non
3533 1546 3691 1600 dimi-

2117 1651 2206 1703 sit.
2240 1648 2305 1703 Et
2328 1648 2447 1701 ideo
2476 1648 2575 1700 iste
2616 1646 2840 1713 impius,
2875 1644 2964 1697 ille
3002 1640 3256 1697 remansit
3300 1639 3641 1706 imptenitens
3670 1653 3684 1689 :

456 1743 503 1812 ξι
538 1742 658 1797 Car.
696 1743 793 1810 Vl).
822 1741 885 1794 Et
906 1740 1095 1795 iterum
1132 1756 1145 1790 :
1182 1736 1300 1790 Non
1330 1747 1402 1790 est
1430 1752 1637 1806 regnum
1681 1733 1774 1789 Dei
1818 1751 1930 1789 esca
1969 1747 2016 1787 et
2046 1730 2094 1790 B
2121 1741 2205 1795 hic
2237 1738 2568 1794 damnandus
2596 1746 2715 1805 post
2737 1737 2887 1796 iram,
2921 1734 3009 1788 ille
3038 1743 3154 1802 post
3178 1731 3409 1800 culpam.
3440 1729 3691 1797 Propter-

413 1885 419 1901 ,
456 1845 599 1890 ootus
622 1850 638 1887 :
658 1837 745 1888 sed
760 1832 968 1902 justitit
995 1840 1041 1884 et
1067 1845 1187 1901 pax.
1214 1839 1256 1881 et
1282 1828 1528 1896 gaudium
1552 1827 1603 1879 in
1624 1825 1821 1894 Spiritu
1846 1838 2020 1879 sancto

414 1930 416 1995 ί
457 1922 864 1995 (Βωκλινκει
891 1921 1078 1975 iterum
1113 1937 1125 1971 :
1162 1917 1473 1987 Hujuwiodi
1510 1920 1641 1971 enim
1687 1916 1886 1971 Christo
1919 1917 2019 1970 Do-

456 2015 590 2067 mino
612 2021 785 2066 nostra
812 2028 911 2064 nou
939 2011 1189 2074 serviunt,
1218 2009 1306 2063 sed
1343 2025 1435 2062 suo
1469 2010 1627 2063 ventri
1669 2008 1843 2078 (Rom.
1885 2009 2014 2078 xvi).

455 2106 522 2161 Et
552 2107 740 2160 iterum
775 2122 788 2156 :
821 2104 1049 2171 Quorum
1083 2101 1216 2157 Deus
1246 2111 1413 2155 uenter
1436 2110 1537 2165 est,
1566 2109 1613 2153 et
1638 2102 1804 2172 gloria
1831 2103 1881 2156 in
1905 2118 2023 2155 con-

456 2199 652 2267 fusione
670 2198 891 2268 ipsorum
914 2194 1081 2267 (Phil.
1105 2194 1204 2263 In).
1230 2192 1479 2263 Legimus
1518 2194 1753 2247 etiamin
1794 2195 2018 2261 psalmo,

452 2287 592 2355 quod
625 2286 781 2357 longe
810 2287 968 2341 etiam
998 2300 1029 2339 a
1053 2283 1359 2340 monachis:
1388 2283 1569 2337 Adhuc
1591 2300 1703 2338 esca
1722 2300 1894 2339 eorum
1915 2295 2020 2338 erat

453 2380 503 2434 in
525 2396 609 2437 ore
630 2381 856 2451 ipsorum
875 2390 921 2432 et
935 2380 1012 2432 ira
1036 2377 1129 2431 Dei
1148 2377 1372 2431 ascendit
1392 2378 1443 2430 in
1457 2377 1525 2430 eis
1548 2375 1771 2447 (Psalm.
1794 2378 2014 2447 Lxxvit).

455 2471 763 2543 Quicunque
803 2485 932 2543 ergo
974 2469 1275 2540 hujusmodi
1318 2470 1705 2539 transgreditur
1740 2481 2015 2538 statutum,

450 2561 657 2616 abbatis
696 2560 897 2631 judicio
942 2559 1250 2627 conStabit,
1296 2560 1507 2631 quantis
1547 2559 1767 2631 jejuniis
1817 2576 2019 2617 mensae

450 2652 704 2708 violentia
726 2650 1016 2720 judicetur.

524 2744 601 2799 De
650 2742 913 2797 ebrietate
967 2756 1097 2796 vero
1147 2742 1469 2811 superﬂuum
1521 2750 1649 2811 puto
1697 2743 2017 2798 monachum

449 2833 773 2890 commoneri
800 2850 814 2885 :
844 2847 989 2897 cum,
1023 2833 1103 2885 vel
1130 2832 1174 2887 si
1203 2846 1388 2902 parum
1410 2832 1518 2885 vini
1549 2832 1797 2901 accipiat,
1825 2847 1855 2886 a
1884 2848 2017 2903 prte-

449 2927 620 2997 posita
657 2927 897 2995 corporis
936 2923 1254 2979 contritione
1297 2924 1553 2978 declinat.
1604 2928 1847 2979 Attamen
1893 2927 2016 2993 quia

448 3019 616 3076 latere
645 3017 935 3073 monachos
990 3031 1094 3070 non
1126 3016 1320 3083 poterit
1358 3016 1496 3085 quod
1529 3015 1812 3085 Apostolus
1839 3018 2015 3073 Timo-

2122 1848 2181 1887 ea
2223 1831 2457 1886 olfensus
2499 1832 2598 1884 iste
2637 1830 2772 1882 iram
2824 1828 2875 1882 in
2917 1834 3223 1893 eontemptu
3267 1821 3535 1891 Evangelii
3579 1838 3689 1874 nun

2123 1921 2499 1987 retiueat;sed
2536 1921 2641 1975 cito
2688 1918 2753 1973 ad
2794 1917 2920 1972 illud
2950 1924 3184 1971 recurrat
3211 1914 3512 1983 exemplum
3547 1930 3560 1963 :
3596 1911 3689 1965 Di-

2122 2015 2320 2079 mittite,
2349 2024 2395 2068 et
2423 2015 2700 2067 dimittetur
2720 2010 3018 2079 vobis(Luc.
3043 2009 3140 2078 vi).
3173 2008 3374 2063 Etillud
3403 2007 3641 2075 Apostoli
3672 2023 3685 2056 :

2122 2106 2331 2161 Induitc
2358 2123 2443 2162 ros
2462 2148 2478 2173 ,
2503 2108 2632 2160 sicut
2661 2104 2803 2159 electi
2832 2103 2926 2158 Dei
2953 2114 2999 2158 et
3037 2103 3236 2166 dilecti,
3267 2102 3458 2155 viscera
3490 2101 3688 2152 iniseri-

2120 2201 2327 2264 cordiaz,
2363 2198 2737 2268 benignitatem,
2761 2195 3116 2257 humilitatem,
3140 2194 3456 2255 modestiam,
3493 2194 3688 2259 patim-

2122 2292 2243 2343 tiam
2276 2306 2294 2344 :
2330 2297 2686 2359 supportantes
2733 2287 2962 2350 invicem,
2992 2295 3038 2338 et
3079 2285 3326 2338 donantes
3369 2285 3689 2349 nobismetip-

2121 2381 2211 2445 sis,
2236 2381 2280 2433 si
2300 2381 2411 2449 quis
2436 2380 2676 2433 adversus
2704 2379 2922 2449 aliquem
2949 2376 3096 2431 habet
3138 2377 3395 2448 querelam
3436 2392 3455 2429 :
3484 2377 3610 2430 sicut
3639 2387 3686 2430 et

2122 2468 2371 2524 Dominus
2420 2470 2621 2523 donavit
2643 2470 2800 2535 vobis,
2843 2470 2918 2521 ita
2955 2480 3001 2522 et
3030 2483 3112 2521 uos
3140 2466 3275 2537 (Col.
3308 2467 3410 2535 tu).
3440 2466 3530 2520 Ille
3558 2482 3691 2519 Ver-0

2120 2562 2207 2632 qui
2237 2562 2482 2630 injuriam
2514 2562 2719 2629 intulit,
2756 2559 3123 2632 hujuscemodi
3159 2568 3404 2627 ewrnp'o
3432 2559 3693 2614 velociter

2121 2660 2379 2707 terreatur
2412 2672 2424 2705 :
2454 2652 2599 2707 Facit
2630 2653 2879 2707 Dominus
2895 2652 3150 2722 judicium
3180 2651 3419 2719 injuriam
3450 2652 3691 2718 patienti-

2120 2752 2211 2803 bus
2241 2750 2409 2821 (Psal.
2453 2749 2632 2817 chv).
2664 2748 2731 2803 Et
2779 2748 2902 2803 alibi
2932 2764 2945 2801 :
2978 2746 3106 2814 Qua:
3144 2748 3459 2800 seminaverit
3499 2745 3686 2809 homo.

2120 2842 2225 2895 lucc
2246 2853 2290 2896 et
2318 2852 2461 2897 metet
2488 2840 2737 2911 (ϐαίη).

2190 2932 2334 2986 Furti
2366 2932 2570 2986 scilicet
2612 2928 2915 2992 conscium,
2962 2928 3006 2982 si
3055 2927 3227 2982 adhuc
3275 2942 3463 2983 vacare
3500 2941 3689 2980 mona-

2119 3024 2277 3079 clmm
2312 3037 2612 3094 possumus,
2639 3022 2789 3091 quasi
2813 3020 3131 3085 adulterum,
3155 3022 3443 3074 secundum
3474 3019 3687 3089 ﬂagello

449 3110 575 3166 theo
607 3109 823 3175 scribit,
862 3108 1046 3163 dicens
1076 3124 1089 3160 :
1123 3104 1257 3160 Vino
1282 3107 1482 3161 modico
1522 3116 1657 3161 utere
1686 3118 1890 3178 propter
1918 3120 2010 3164 stat

2119 3114 2308 3176 subdi,
2336 3123 2391 3168 et
2415 3128 2601 3183 magna
2644 3110 2852 3166 censeri
2881 3110 3165 3164 afﬂictione
3186 3109 3464 3178 jul;einus;
3493 3108 3689 3164 dantes

447 3205 837 3257 machumtuum
848 3210 896 3257 et
910 3204 1193 3271 frequentes
1208 3211 1319 3254 tuas
1330 3201 1381 3256 in
1389 3200 1648 3268 ﬁrmitates
1664 3199 1719 3270 (Ι.
1762 3202 1896 3256 Tim.
1939 3202 2013 3271 v):

446 3309 700 3370 quantum
723 3296 821 3363 eis,
844 3294 1131 3351 secundum
1157 3294 1295 3348 vires
1319 3293 1645 3360 monasterii,
1665 3310 1759 3363 per
1780 3295 2016 3365 singulos

447 3378 746 3458 diesjussu
785 3386 868 3442 Vel
904 3384 1308 3454 dispensatione
1354 3384 1560 3439 abbatis
1604 3385 1714 3439 vini
1761 3384 2009 3451 oﬂ‘ertur,

445 3468 738 3551 accipiant,
784 3487 839 3534 et
879 3476 1106 3547 amplius
1152 3477 1361 3545 penitus
1406 3491 1511 3530 non
1564 3476 1853 3544 requirant.
1903 3477 2015 3534 Hoc

445 3572 600 3625 etiam
628 3570 695 3625 de
723 3568 942 3638 reliquis
972 3565 1248 3635 stipendiis
1284 3567 1564 3620 statuimus
1595 3567 2009 3624 observandum.

444 3661 574 3716 Nam
601 3659 910 3716 ebrietatem
937 3657 1044 3713 illis
1072 3656 1231 3711 etiam
1263 3657 1350 3726 qui
1386 3658 1581 3713 sarculo
1612 3668 1803 3713 vacant
1828 3652 2010 3728 probi-

442 3753 606 3807 bItam
640 3751 929 3820 Scriptura:
972 3749 1295 3804 testimoniis
1322 3749 1704 3818 approbamus,
1749 3751 2012 3809 scribente

420 3840 698 3911 'Apostolo
721 3839 965 3908 Ephesiis
999 3857 1013 3893 :
1044 3837 1221 3892 Nolite
1241 3880 1257 3904 ,
1286 3838 1491 3909 inquit,
1517 3839 1754 3893 inebriari
1784 3843 1897 3896 vino
1922 3884 1935 3907 ,
1958 3844 2012 3898 in

440 3951 536 4003 quo
581 3942 653 3987 est
694 3931 897 3986 luxuria
945 3927 1159 4003 (Ephes.
1200 3930 1276 3999 v).
1310 3929 1420 3986 Nec
1460 3946 1566 3984 non
1603 3941 1657 3986 et
1696 3931 1955 4001 Propheta
1989 3951 2003 3986 :

448 4025 537 4080 Var
554 4025 641 4095 qui
668 4024 823 4094 fortes
853 4032 969 4076 sunt
996 4021 1063 4075 ad
1087 4020 1355 4075 bibendum
1383 4020 1582 4087 vinum,
1618 4033 1664 4075 et
1693 4033 1915 4092 potentes
1941 4012 2009 4077 ad

439 4116 742 4170 misctendam
762 4114 972 4167 siceram
998 4111 1150 4183 (lsai.
1181 4113 1261 4184 v).
1291 4112 1358 4167 Et
1384 4114 1573 4168 iterum
1602 4129 1618 4167 :
1657 4113 1748 4169 Va:
1784 4116 1870 4184 qui
1890 4134 2009 4171 con-

438 4217 647 4279 surgunt
664 4223 829 4273 mane,
843 4215 891 4260 et
906 4214 1160 4259 sectantur
1175 4207 1388 4260 siceram
1405 4221 1423 4259 :
1437 4208 1521 4275 qui
1532 4217 1818 4277 exspectant
1838 4225 2008 4277 vespe-

436 4316 564 4363 ram,
597 4308 651 4352 ut
674 4297 789 4352 vino
812 4304 1039 4351 testuent.
1073 4296 1139 4351 Et
1174 4295 1293 4350 ideo
1332 4298 1648 4352 monachum
1689 4299 1732 4352 si
1772 4298 2001 4367 ebrium,

435 4389 574 4460 quod
596 4388 702 4445 dici
728 4389 877 4444 nefas
905 4398 983 4444 est
1006 4428 1023 4455 ,
1060 4388 1231 4443 videri
1262 4389 1547 4458 aliquando
1576 4392 1883 4461 contigerit,
1917 4409 2003 4448 ze-

2119 3207 2192 3261 illi
2249 3221 2405 3261 unam
2454 3221 2573 3259 cum
2619 3205 2915 3260 loruicante
2954 3203 3301 3267 sententiam,
3333 3203 3453 3271 quia
3490 3215 3545 3257 et
3576 3203 3689 3273 ipse

2115 3297 2412 3353 luxuriatus
2439 3304 2523 3352 est
2548 3310 2667 3350 cum
2699 3295 2979 3351 iuraretur.
3018 3295 3228 3351 Similes
3256 3296 3398 3349 enim
3443 3310 3539 3352 eos
3578 3310 3686 3350 non

2115 3389 2405 3458 incongrue
2447 3388 2694 3455 dicimus,
2735 3401 2868 3456 quos
2914 3386 2965 3439 in
3019 3400 3169 3440 sacra
3219 3386 3447 3440 lectione
3486 3387 3688 3456 pariter

2116 3479 2317 3549 positos
2340 3477 2661 3534 invenimus.
2696 3477 2831 3531 Dicit
2863 3490 2990 3546 ergo
3022 3476 3276 3532 Dominus
3323 3493 3418 3545 per
3446 3477 3685 3546 Pmphe-

2115 3581 2219 3629 tam
2253 3588 2267 3624 :
2297 3569 2421 3625 Non
2441 3580 2515 3623 est
2550 3570 2757 3623 scientia
2787 3568 2881 3622 Dei
2907 3585 3060 3639 super
3089 3578 3273 3622 tetram
3311 3568 3457 3639 (Uss.
3500 3572 3591 3638 tv).
3622 3570 3685 3624 Et

2114 3662 2269 3734 paulo
2300 3670 2420 3731 post
2448 3679 2460 3714 :
2492 3658 2716 3713 Furtum
2754 3669 2800 3713 et
2836 3659 3152 3713 adulterium
3188 3658 3585 3713 inundaverant.
3619 3659 3681 3714 Et

2110 3756 2301 3811 iterum
2331 3755 2385 3811 in
2422 3755 2667 3824 psalmo:
2697 3752 2759 3808 Si
2793 3751 2992 3806 videbas
3021 3752 3188 3822 furem
3224 3751 3416 3817 simul,
3446 3754 3684 3805 eurrebas

2112 3863 2228 3902 cum
2277 3862 2335 3900 eo
2354 3888 2368 3913 ,
2421 3854 2469 3899 et
2515 3859 2628 3898 cum
2670 3842 2916 3899 adulteris
2964 3843 3244 3914 portionem
3285 3852 3425 3896 tuam
3461 3843 3685 3913 ponebas

2112 3936 2284 4009 (Psal.
2316 3935 2484 4007 xuii).
2518 3934 2763 4005 Legimus
2803 3935 2960 3990 etiam
3002 3935 3053 3989 in
3084 3934 3373 4005 Evangelia
3403 3934 3680 3988 Dominum

2111 4030 2309 4085 dixisse
2341 4047 2352 4082 :
2385 4028 2771 4082 Fornicationes
2790 4068 2806 4092 ,
2848 4030 3024 4098 furta;
3051 4037 3104 4082 et
3134 4042 3231 4082 nec
3266 4038 3503 4083 moratus
3528 4028 3680 4083 addi-

2111 4124 2189 4179 dit
2221 4140 2234 4178 :
2264 4121 2392 4176 Haec
2409 4132 2524 4175 sunt
2551 4137 2663 4189 qua:
2691 4121 3015 4187 coinquinant
3045 4120 3294 4173 hominem
3319 4119 3532 4182 (Matth.
3561 4122 3676 4190 xv).

2113 4212 2190 4271 Ex
2216 4213 2299 4267 bis
2327 4210 2565 4281 profecto
2593 4209 2889 4280 intelligere
2920 4221 3143 4278 possunt
3188 4212 3374 4263 horum
3415 4211 3678 4265 scelerum

2108 4304 2246 4359 servi
2294 4303 2457 4373 quia,
2502 4303 2640 4356 sicut
2675 4300 2947 4370 aequaliter
2996 4300 3079 4354 bis
3135 4301 3474 4356 dominantur
3511 4302 3676 4366 vitia,

2108 4395 2386 4464 aequaliter
2407 4392 2631 4448 debetur
2659 4403 2711 4448 et
2739 4407 2914 4462 paena.

434 4483 549 4536 lsns
600 4481 676 4536 illi
725 4480 914 4550 plenus
953 4479 1029 4534 ira
1072 4478 1356 4549 principio,
1396 4492 1453 4533 ut
1494 4480 1703 4549 triginta
1740 4482 1928 4537 diebus
1972 4499 2002 4538 a
2033 4474 2084 4537 D
2179 4484 2247 4540 Et
2273 4501 2339 4539 ne
2368 4484 2585 4553 aliquid,
2615 4484 2905 4539 dulcissimi
2939 4484 2989 4538 in
3013 4483 3224 4538 Christo
3248 4483 3471 4548 fratres,
3500 4484 3567 4539 de
3594 4486 3681 4540 his

434 4572 541 4627 vini
588 4571 857 4642 potatione
895 4569 1251 4638 suspendatur
1300 4587 1312 4621 :
1364 4579 1624 4639 quatenus
1664 4572 1837 4625 anima
1866 4571 2004 4627 inlu-

432 4667 583 4720 sione
606 4670 858 4731 congesta
878 4659 1173 4731 digesuone
1202 4662 1302 4715 hoc
1323 4661 1494 4729 spatio
1514 4672 1783 4716 vacuatur.

504 4756 630 4811 lllos
673 4754 833 4824 igitur
873 4753 1164 4808 monachos
1189 4794 1204 4819 ,
1243 4767 1375 4821 quos
1411 4753 1493 4807 vel
1537 4762 1691 4808 unius
1740 4754 1844 4808 diei
1886 4754 2003 4809 linis

2105 4594 2224 4649 qua:
2246 4578 2606 4648 suprascripta
2631 4588 2754 4632 sunt
2785 4593 2879 4647 per
2905 4576 3227 4632 oblivionem
3266 4579 3382 4633 sitis
3405 4580 3674 4649 negligen-

2106 4679 2218 4733 tes,
2259 4670 2466 4723 cunctis
2512 4669 2566 4723 in
2612 4684 2773 4723 unum
2821 4669 3005 4737 positis
3045 4671 3213 4723 seruet
3258 4685 3322 4724 ea
3361 4668 3415 4723 in
3463 4669 3676 4740 triginta

2107 4761 2295 4817 diebus
2326 4756 2565 4830 relegite,
2596 4760 2695 4814 hoc
2723 4768 2822 4825 est,
2856 4760 2908 4813 in
2933 4760 3185 4815 calendis.

426 4874 3662 4935 Μ

1070 4994 1165 5054 DE
1206 4992 1706 5055 TARNATENSI
1750 4993 2269 5060 MONAS'ILERIO
2309 4993 2649 5069 EJUSQUE
2694 4992 3005 5055 REGULA

1684 5126 1990 5176 νετειιυιι
2025 5131 2429 5177 τκετωοηη.

660 5236 876 5292 Simler.
903 5234 1157 5299 descript.
1196 5233 1437 5285 Vallesuc
1472 5231 1569 5289 lib.
1605 5247 1620 5283 ι
1656 5249 1667 5282 :
1705 5231 1814 5286 Sub
1856 5234 2005 5297 Octo-

432 5312 566 5362 duro
593 5308 659 5359 ad
687 5307 941 5360 sinistram
970 5303 1206 5358 Rhodani
1234 5302 1285 5354 hi
1316 5303 1467 5353 sicuii
1496 5312 1791 5369 sequuntur,
1817 5301 1998 5369 Invia-

431 5397 519 5443 na,
545 5377 834 5437 Sentntia,
856 5373 1072 5433 Verosa,
1092 5388 1211 5425 mox
1233 5372 1488 5443 Tarttnda-
1507 5372 1771 5443 oppidum.
1801 5373 1997 5426 Torna-

431 5441 516 5513 άώ
538 5456 705 5515 σιω,
723 5446 1035 5505 Manium
1059 5443 1219 5499 secuti
1244 5442 1491 5515 oppidum
1514 5441 1611 5494 hoc
1638 5444 1956 5515 nominamus
1975 5461 1993 5497 :

432 5510 652 5572 ueterum
672 5510 904 5585 ﬁerique
951 5518 1216 5581 Aqaunum
1260 5510 1603 5585 nominarunt.
1643 5510 1871 5585 Exstant
1902 5516 1995 5570 hoc

435 5591 547 5641 loco
566 5582 913 5655 vetustissimis
928 5585 1301 5655 inscriptiones,
1324 5597 1439 5655 qua;
1462 5582 1748 5655 antiquitati
1770 5585 1993 5655 testimo-

434 5659 577 5709 nium
595 5656 874 5724 perhibent.
896 5653 1010 5707 Hoc
1037 5651 1201 5724 locon
1224 5651 1512 5724 ιιιᾰςεξηιίηοΔ
1535 5651 1837 5717 imperatore
1864 5654 1993 5722 legio

439 5721 672 5792 Tltebtea,
711 5730 857 5797 cujus
885 5725 992 5779 data:
1018 5734 1126 5777 erat
1149 5721 1444 5786 Mamilius,
1474 5732 1681 5789 propter
1715 5721 1993 5793 confessio-

2105 5252 2222 5289 nem
2245 5235 2461 5306 nominis
2484 5235 2669 5289 Christi
2693 5251 2821 5287 casa
2841 5246 2935 5290 est.
2959 5237 3035 5288 Ab
3058 5252 3233 5288 eorum
3255 5238 3502 5306 martyrio
3517 5240 3673 5292 annis

2106 5307 2303 5359 circiter
2328 5305 2432 5360 9.20
2461 5321 2574 5359 cum
2606 5306 2743 5377 locus
2770 5307 2849 5358 hic
2877 5307 3013 5377 apud
3043 5307 3368 5373 humandas,
3397 5305 3487 5373 qui
3507 5308 3563 5360 in
3588 5312 3670 5362 Ius

2103 5377 2391 5445 regionibus
2434 5375 2855 5445 dominabantur,
2908 5375 3111 5445 magnae
3154 5377 3462 5429 venerationi
3515 5393 3667 5441 esset,

2102 5443 2465 5514 Sigismundus
2494 5462 2586 5498 res:
2625 5443 3062 5511 Burgundiorum,
3093 5443 3307 5499 Maximi
3339 5445 3667 5507 Cenaei-isis,

2083 5516 2355 5577 ,Tlteodori
2389 5516 2699 5570 Sedunensis
2725 5527 2770 5569 et
2792 5518 3007 5570 aliarum
3035 5517 3410 5584 episcoporum.
3434 5520 3669 5571 aratione

2099 5587 2367 5649 impulsus,
2401 5587 2579 5640 eodem
2606 5586 2716 5641 loco
2737 5589 2788 5640 in
2816 5588 3054 5640 honorem
3078 5596 3361 5655 utertgrum
3384 5590 3667 5641 rwnobiuns

2101 5659 2289 5710 celebre
2312 5659 2627 5719 construxit;
2654 5656 2952 5724 oppidulum
2976 5655 3231 5708 Tarnadte
3251 5660 3409 5727 juxta
3437 5660 3668 5724 positum

2099 5728 2341 5781 omnibus
2370 5729 2628 5797 amplioris
2670 5729 2892 5780 carnalia
2938 5729 3201 5799 conjunxit
3227 5742 3245 5779 :
3267 5730 3326 5779 ab
3355 5744 3412 5782 eo
3442 5739 3673 5797 tempore
