4034 6166
493 302 594 369 0⁸1Ξὶ

1471 309 1807 364 APPENDIX
1849 309 1937 362 AD
1975 307 2198 363 OPERA
2239 309 2293 363 S.
2336 309 2716 365 BENEIHCTI.

3629 303 3735 359 980

496 437 676 483 menta
721 439 931 496 quoque
957 438 1138 480 secum
1160 422 1358 489 delata,
1411 439 1528 494 quae
1589 425 1742 492 primi
1787 425 1910 477 anni
1937 438 2061 476 usus
2093 426 2142 482 Α
2170 422 2500 478 admixtione
2541 421 2757 478 dulcare
2784 464 2798 489 ,
2858 421 3032 475 nullos
3082 419 3272 474 audeat
3320 417 3559 474 conferre
3613 435 3731 472 ser-

495 536 602 574 uon
651 520 786 572 valet
807 519 1136 586 expendere.
1169 517 1379 572 redacta
1423 519 1472 570 in
1523 519 1745 586 pretium
1780 517 1862 570 cui
1893 516 2058 569 abbas

497 611 826 678 prmerperit,
858 608 1190 661 tribuantur:
1233 608 1354 678 quia
1383 622 1500 662 cum
1541 609 1638 661 alia
1690 609 1942 662 meruerit
1982 609 2043 660 in-

494 701 776 766 dumenta,
804 701 1007 769 priores
1035 700 1246 754 exuviae
1275 700 1326 753 in
1357 715 1448 752 sua
1475 717 1576 753 non
1599 710 1754 754 erunt
1777 709 2056 772 potestate,

496 802 556 846 ut
581 792 862 847 exterioris
900 791 1125 844 hominis
1163 790 1458 844 immutatio
1504 806 1621 844 cum
1652 791 1918 844 interioris
1948 805 2067 858 pro-

497 885 633 938 fectu
665 885 816 952 plena
849 883 1054 936 ratione
1082 887 1381 936 conveniat.
1426 883 1563 938 Nihil
1589 883 1654 936 de
1683 884 1765 936 his
1804 899 1920 951 qua:
1946 898 2066 949 per-

497 977 699 1044 ceperit
727 978 772 1029 ei
802 975 872 1029 sit
896 975 1094 1028 licitum
1135 985 1485 1040 commutare,
1519 992 1615 1030 nec
1647 991 1740 1044 pro
1769 977 2066 1044 εὼ]‹·‹;ῑὶ‹›ηθ

498 1067 710 1130 viliora,
742 1082 838 1119 nec
867 1081 960 1134 pro
989 1067 1270 1120 commodo
1299 1066 1540 1128 meliora,
1569 1067 1660 1119 sed
1683 1069 2065 1134 qualiacunque

499 1159 695 1212 fuerint
723 1159 1009 1224 attributa,
1039 1175 1157 1212 cum
1190 1159 1477 1228 gratiarum
1507 1160 1713 1212 actione
1742 1172 1838 1211 suo
1864 1167 2062 1210 tantum

503 1248 623 1304 usui
661 1248 967 1302 vindicabit.

569 1340 698 1394 Car.
729 1356 786 1394 ll.
829 1339 969 1394 Nulli
998 1341 1151 1394 liceat
1177 1347 1564 1406 sequestratam
1598 1337 1799 1404 eligere
1839 1337 2067 1390 mansio-

501 1446 646 1494 nem,
689 1447 787 1486 nec
812 1431 1178 1495 armariolum,
1212 1441 1300 1484 aut
1332 1429 1526 1498 aliquid
1569 1430 1774 1493 simile,
1809 1429 1945 1497 quod
1977 1443 2071 1496 pe-

501 1521 756 1578 culiarius
780 1523 955 1576 claudi
1004 1524 1191 1592 possit,
1241 1523 1574 1593 permittatur
1603 1522 1751 1592 quasi
1801 1522 2067 1590 proprium

503 1616 790 1671 vindicare.
825 1615 973 1670 Viam
1006 1616 1182 1681 solus,
1216 1615 1317 1670 nisi
1346 1615 1631 1668 comitatus
1662 1613 1841 1668 fratris
1884 1622 2072 1668 contu-

502 1707 710 1771 bernio,
741 1721 844 1760 non
870 1716 1124 1761 assumat.
1150 1706 1501 1761 Revertentes
1517 1719 1577 1759 ea
1597 1721 1711 1772 qua:
1732 1705 1860 1759 foris
1887 1705 1967 1775 agi
1987 1705 2069 1758 vi-

2158 523 2398 571 'monem.

2234 611 2363 664 CAP.
2409 626 2482 664 vt.
2517 610 2571 663 ln
2620 609 2843 677 vigiliis,
2883 607 3006 660 dum
3055 607 3306 660 lectiones
3346 606 3550 659 cunctis
3593 607 3728 660 resi-

2165 701 2416 754 dentibus
2444 701 2768 769 releguutur.
2802 699 2884 752 vel
2909 698 3121 767 quando
3143 699 3366 750 orationi
3395 699 3728 760 incumbunt,

2167 791 2398 846 intrandi
2429 801 2519 844 aut
2563 792 2789 845 exeundi
2822 791 3118 844 facultatem
3147 788 3246 841 sibi
3290 789 3464 840 nullus
3501 792 3733 840 aestimet

2169 883 2332 937 fuisse
2360 896 2692 936 concessam.
2725 881 2822 948 Qui
2877 895 3002 934 vero
3052 878 3348 932 communis
3399 879 3731 930 necessitatis

2166 989 2326 1028 causa
2355 974 2714 1042 compellitur,
2744 971 3091 1040 psallentibus
3117 971 3234 1023 aliis
3259 972 3373 1024 sine
3415 970 3726 1038 cujusquam

2170 1076 2346 1119 reatus
2371 1067 2564 1117 timore
2591 1063 2849 1124 discedat,
2875 1063 3126 1116 continuo
3146 1060 3209 1112 ad
3233 1073 3365 1127 Opus
3389 1060 3527 1126 quod
3555 1061 3731 1126 agitur

2169 1172 2500 1210 reversurus.
2530 1155 2594 1208 Et
2621 1156 2708 1223 qui
2737 1155 2855 1207 aliis
2877 1153 3149 1206 orantibus
3177 1152 3254 1205 vel
3281 1151 3625 1218 psallentibus
3653 1148 3730 1202 fa—

2172 1246 2340 1299 bulari
2391 1244 2819 1313 praesumpserit,
2861 1259 2964 1296 non
3011 1242 3183 1296 solum
3235 1241 3580 1301 fraternitati,
3633 1239 3730 1292 sed

2172 1339 2332 1392 etiam
2360 1338 2627 1390 divinitati
2657 1352 2804 1390 reum
2835 1349 2893 1389 se
2923 1350 3041 1389 esse
3066 1349 3170 1387 non
3202 1333 3425 1387 dubitet.
3476 1331 3601 1384 Illud
3650 1345 3735 1383 est

2171 1432 2328 1484 etiam
2361 1429 2713 1490 studendum,
2773 1443 2838 1481 ne
2887 1442 3131 1480 somnum
3162 1441 3350 1477 manus
3377 1425 3559 1477 otiosae
3591 1422 3731 1474 invi-

2175 1533 2321 1579 tent:
2349 1533 2509 1590 atque
2532 1522 2652 1576 ideo
2680 1522 2792 1575 base
2812 1530 2968 1574 erunt
2992 1534 3152 1587 opera
3182 1520 3233 1572 in
3256 1518 3445 1587 vigiliis
3467 1516 3732 1576 facienda,

2173 1629 2290 1684 qua:
2319 1625 2549 1668 mentem
2600 1628 2704 1666 non
2731 1622 3030 1682 occupent,
3075 1618 3165 1664 aut
3201 1618 3421 1679 gravent
3462 1609 3736 1677 operantis

2173 1707 2435 1770 auditum,
2484 1704 2576 1760 sed
2622 1719 2740 1774 qua;
2789 1703 2998 1772 soporis
3036 1702 3239 1772 possint
3269 1699 3525 1768 repellere
3556 1710 3735 1765 torpe-

501 1796 697 1862 derint,
748 1795 950 1852 referre
980 1812 1083 1851 non
1115 1796 1368 1861 audeant,
1419 1795 1520 1849 nisi
1568 1794 1656 1848 illa
1705 1804 1908 1848 tantum
1954 1810 2073 1863 qua:
2104 1790 2150 1850 Β
2178 1814 2310 1854 rem.
2343 1797 2579 1852 Orationi
2612 1806 2787 1850 autem
2817 1806 2870 1849 et
2908 1795 3070 1850 verbo
3119 1794 3212 1848 Dei
3249 1792 3376 1846 nihil
3419 1804 3500 1846 εει
3532 1806 3736 1859 purpo-

503 1887 767 1944 tedilit-ent
812 1888 1111 1944 audientes.
1163 1887 1342 1942 Posito
1379 1889 1590 1941 seniore
1617 1899 1864 1941 vereatur
1892 1885 2072 1956 junior

503 1981 556 2032 in
609 1978 1076 2048 pra-sumptionem
1119 1977 1454 2048 loquacitatis
1495 1992 1815 2046 erumpere:
1847 1979 1975 2041 sed,
2016 1987 2073 2030 ut

505 2084 646 2138 atepe
677 2070 962 2138 contingit,
993 2071 1036 2123 si
1065 2068 1406 2138 simplicioris
1435 2076 1636 2121 natura:
1665 2066 1821 2121 fuerit
1870 2068 2070 2132 senior,

509 2173 632 2213 tunc
652 2159 831 2228 junior
851 2175 970 2228 qua:
993 2161 1040 2213 ei
1067 2166 1328 2228 praecepta
1353 2158 1568 2224 fuerint,
1601 2167 1938 2228 exsequatur.
1977 2157 2074 2213 Fe-

506 2251 741 2305 stivitate
770 2250 1004 2320 qualibet
1032 2249 1302 2304 celebrem
1344 2249 1691 2311 monachum,
1722 2251 1820 2302 nisi
1852 2250 2074 2318 pennis-

504 2359 644 2407 sum,
679 2358 781 2395 non
814 2342 993 2396 licebit
1026 2351 1299 2410 expetere,
1348 2341 1471 2409 quia
1520 2347 1762 2393 orantem
1817 2339 2073 2395 secretius

510 2435 682 2504 palam
717 2433 971 2488 Dominus
993 2473 1008 2497 ,
1043 2431 1330 2500 Evangelia
1352 2431 1725 2500 adstipulante,
1757 2441 1837 2484 est
1866 2431 2073 2500 pollici-

507 2537 590 2580 tus
618 2541 678 2580 se
699 2525 1002 2578 auditurum
1027 2522 1238 2592 (Matth.
1273 2523 1368 2592 vn).

573 2614 704 2670 Cn.
744 2630 818 2669 ιιι.
856 2615 912 2670 Si
949 2615 1068 2682 quis
1111 2627 1237 2666 vero
1279 2627 1308 2665 a
1353 2610 1606 2665 fratribus
1653 2611 1704 2663 in
1758 2625 2074 2678 quocunque

505 2705 721 2775 negotio
745 2705 811 2758 ad
849 2704 1153 2763 civitatem.
1199 2713 1288 2756 aut
1327 2704 1390 2756 ad
1429 2702 1730 2766 castellum,
1765 2704 1877 2754 sive
1901 2701 1963 2754 ad
1992 2703 2072 2754 vi-

505 2811 626 2851 cum
647 2794 857 2850 seniore
884 2795 1179 2862 imperante
1205 2791 1478 2861 dirigitur,
1513 2792 1612 2844 nisi
1654 2791 1716 2844 ad
1769 2792 1937 2853 illum,
1971 2808 2075 2860 quo

507 2887 821 2951 destinatur,
880 2899 984 2936 non
1037 2892 1324 2950 praesumat
1360 2881 1636 2935 accedere.
1685 2881 1985 2948 Spiritalem
2019 2897 2076 2934 se

506 2979 622 3034 fieri
647 2985 848 3047 patrem
879 2977 994 3030 sine
1021 2974 1228 3028 abbatis
1276 2972 1500 3042 imperio
1537 2972 1840 3026 nullatenus
1869 2973 2077 3040 acquie-

508 3078 649 3133 scat;
703 3067 797 3122 sed
844 3067 887 3121 si
916 3080 1072 3119 causa
1124 3075 1285 3118 tanta:
1319 3064 1650 3118 necessitatis
1680 3064 1959 3126 exstiterit,
1986 3073 2076 3115 aut

2173 1889 2425 1944 nendum.
2452 1888 2724 1941 Dominica
2753 1902 2880 1942 vero
2910 1896 3083 1948 nocte,
3117 1901 3212 1952 pro
3238 1883 3535 1939 reverentia
3558 1897 3735 1938 resur-

2175 1982 2424 2036 rectionis
2463 1981 2764 2042 dominicae,
2815 1994 3066 2032 manuum
3113 1994 3272 2045 opera
3314 1978 3733 2044 conquiescmt:

2172 2071 2313 2142 quod
2341 2081 2394 2126 et
2423 2071 2585 2125 certis
2613 2069 3037 2124 solemnitatibus
3059 2067 3306 2123 convenit
3326 2067 3619 2122 observari.

2242 2162 2371 2218 Car.
2400 2179 2492 2216 vti.
2524 2161 2896 2216 Meditantibus
2922 2161 3081 2214 etiam
3122 2158 3372 2213 fratribus
3417 2159 3540 2210 nulli
3580 2157 3737 2211 liceat

2173 2253 2332 2306 rebus
2387 2267 2445 2306 se
2494 2253 2611 2306 aliis
2660 2251 2968 2320 implicare;
3021 2264 3117 2304 nec
3176 2249 3399 2302 liberum
3455 2248 3658 2318 judicet
3708 2264 3737 2300 a

2177 2345 2383 2410 schola,
2417 2344 2500 2398 vel
2548 2345 2633 2398 ubi
2680 2341 2999 2396 meditantur
3051 2340 3271 2404 fratres,
3311 2340 3607 2393 discedere.
3639 2339 3736 2404 Qui

2175 2450 2303 2489 vero
2335 2436 2384 2487 in
2412 2435 2509 2488 hac
2551 2433 2964 2503 prtesumptione
3011 2432 3332 2500 proruperit,
3363 2434 3737 2484 excommuni-

2175 2525 2392 2588 cationi,
2419 2523 2707 2591 utdignurn
2739 2532 2842 2588 est,
2877 2522 3191 2590 subiacebit.
3216 2521 3469 2576 Cellulam
3493 2521 3741 2582 alterius,

2175 2627 2370 2686 praeter
2399 2617 2642 2670 abbatem
2689 2625 2743 2668 et
2786 2616 3146 2683 pra‘positum,
3185 2614 3285 2667 nisi
3332 2613 3455 2665 dato
3482 2616 3634 2681 signo
3663 2625 3739 2670 est

2175 2709 2410 2763 illicitum
2442 2708 2698 2761 introire:
2731 2708 2852 2776 quia
2887 2707 3014 2772 ipsis
3045 2714 3249 2760 tantum
3282 2704 3592 2759 conceditur
3638 2705 3738 2758 fra-

2179 2810 2316 2853 trum
2348 2811 2548 2854 secreta
2574 2814 2927 2868 cognoscere,
2954 2810 3006 2853 et
3037 2799 3264 2867 qualiter
3292 2813 3350 2852 se
3381 2801 3745 2867 unusquisque

2177 2901 2316 2960 agat,
2359 2892 2563 2945 occulta
2589 2891 2916 2960 inspectione
2941 2891 3269 2959 perquirere.
3298 2890 3360 2943 Et
3391 2890 3476 2943 ubi
3509 2892 3744 2944 artiﬁces

2177 2996 2498 3051 onerantur,
2553 2981 2750 3051 absque
2797 2983 3168 3050 suprascriptis
3221 2985 3491 3048 pi-rsoiis,
3567 2983 3749 3034 nullus

2179 3084 2463 3144 praesumat
2527 3075 2800 3128 accedere.
2855 3071 3272 3127 Advenientibus
3337 3087 3546 3140 quoque
3614 3073 3746 3125 nihil

509 3162 867 3229 cujuscunque
913 3157 1086 3212 tidelis
1113 3171 1354 3225 personae
1385 3153 1633 3224 precibus
1669 3155 1958 3208 inclinatus
1989 3155 2065 3208 ίη·
2098 3157 2145 3220 C
2177 3177 2369 3234 prteter
2401 3164 2709 3217 humilitatis
2757 3162 3004 3216 allectum
3057 3171 3109 3215 et
3148 3162 3382 3214 debitum
3430 3163 3746 3214 famulatum

509 3250 727 3307 terdicta
755 3264 858 3304 non
887 3251 1022 3303 valet
1049 3247 1283 3316 ellugere
1305 3288 1318 3311 ,
1346 3245 1487 3316 quod
1531 3245 1920 3300 contradicenti
1948 3261 2072 3314 cng-

509 3348 744 3400 noscitur
764 3344 1090 3413 impositum,
1120 3342 1397 3398 charitatis
1426 3342 1619 3396 intuitu
1647 3351 1730 3396 est
1753 3341 2074 3397 omnimodis

510 3436 917 3491 admittendum.

577 3532 704 3586 Car.
720 3546 788 3584 tv.
807 3530 936 3584 Cum
960 3536 1210 3583 extranea
1233 3527 1454 3581 muliere
1473 3527 1852 3582 collocutiones
1876 3528 2075 3596 absque

511 3624 737 3677 testibus
768 3636 1031 3675 canonum
1072 3622 1385 3674 auctoritate
1414 3619 1643 3688 legitima
1691 3619 2070 3688 prohibentur;

509 3732 736 3778 matrum
766 3723 926 3776 etiam
976 3731 1029 3775 et
1069 3734 1440 3792 g'rtnanarum
1484 3719 1675 3773 fabulis
1727 3735 1819 3774 eos
1864 3721 2076 3774 misceri

510 3813 774 3869 secretius
798 3812 1097 3865 nullatenus
1127 3811 1450 3864 concedatur
1475 3827 1487 3862 :
1535 3824 1602 3863 ne
1633 3810 1684 3862 in
1711 3809 1824 3878 ipsa
1845 3809 2076 3864 novitate

511 3904 710 3959 militia:
757 3902 1074 3956 consdtutos
1123 3899 1366 3955 saeculari
1413 3901 1822 3968 prmsumptione
1859 3901 2078 3954 subver-

511 4003 642 4048 tant.
676 3994 740 4047 Et
764 4007 869 4047 non
893 4007 923 4043 a
951 3991 1152 4058 majore
1193 4003 1446 4043 concessa
1491 3989 1699 4043 licentia
1743 3989 1920 4045 nullus
1943 4006 2074 4058 qua-

513 4083 638 4139 libet
667 4091 814 4152 parte
839 4080 1096 4135 discedat.
1125 4079 1401 4149 Navigium
1453 4080 1613 4134 etiam
1661 4078 1729 4132 ad
1773 4079 2078 4135 ulteriorem

513 4179 683 4246 ripam
713 4175 829 4228 sine
854 4174 1076 4239 imperio
1107 4173 1338 4226 senioris
1368 4174 1717 4226 transvehere
1745 4187 1849 4226 non
1883 4187 2084 4241 prusu-

512 4275 651 4320 mat:
685 4278 781 4319 nec
808 4261 1028 4331 capillos
1047 4262 1370 4329 barbamque
1387 4259 1647 4326 succidat,
1670 4271 1764 4312 aut
1794 4261 2082 4314 funiculum

513 4361 592 4411 vel
624 4354 899 4427 quodlibet
927 4354 1066 4408 aliud
1101 4353 1275 4408 facere
1301 4352 1516 4419 audeat,
1550 4353 1650 4408 nisi
1683 4352 1784 4408 hoc
1828 4354 2082 4408 relaxatio

513 4449 738 4502 senioris
787 4445 1050 4499 admittat.
1102 4443 1437 4511 Vespcrtinis
1503 4456 1556 4499 et
1609 4446 1882 4499 nocturnis
1939 4446 2085 4500 horis

2173 3256 2353 3325 junior
2389 3254 2692 3317 exhibebit,
2733 3263 2785 3307 et
2838 3267 3019 3307 curam
3072 3254 3266 3306 habere
3295 3254 3362 3305 de
3391 3267 3548 3305 causa
3579 3294 3592 3312 ,
3641 3269 3744 3321 qua

2178 3351 2403 3410 venerit,
2432 3348 2750 3418 quandoque
2781 3363 3090 3402 reversurus
3139 3349 3227 3408 sit,
3279 3363 3381 3400 non
3415 3360 3701 3414 praesumat
3722 3391 3737 3408 .

2179 3445 2300 3512 quia
2332 3441 2434 3496 hoc
2460 3441 2730 3503 seniorum
2763 3439 3063 3494 Sollicitudo
3085 3481 3098 3503 ,
3145 3455 3247 3493 non
3293 3440 3564 3507 juniorum
3605 3455 3746 3508 prte-

2181 3536 2414 3602 sumptio
2434 3577 2448 3601 ,
2491 3534 2650 3587 debet
2679 3533 2962 3599 inquirere.

2249 3629 2373 3679 CAP.
2410 3641 2521 3678 vttt.
2553 3625 2830 3692 lncrepare
2867 3623 3050 3692 junior
3089 3639 3192 3674 non
3226 3622 3417 3677 audeat
3443 3623 3746 3682 seniorem;

2181 3719 2272 3772 sed
2304 3719 2347 3772 si
2379 3727 2532 3772 extra
2575 3717 2810 3786 regulam
2854 3715 3047 3785 aliquid
3092 3716 3224 3779 fieri,
3263 3726 3351 3768 aut
3389 3717 3580 3769 factum
3627 3732 3749 3768 esse

2183 3813 2478 3884 cognoscit,
2511 3812 2688 3866 abbati
2717 3818 2800 3864 est
2821 3821 2906 3862 aut
2941 3810 3224 3876 praeposito
3249 3810 3622 3863 reservandum
3650 3826 3662 3860 :
3695 3818 3751 3860 ut

2179 3905 2510 3961 correctione
2531 3903 2776 3973 regulari,
2800 3903 2939 3971 quod
2965 3901 3410 3970 reprehenditur,
3435 3903 3748 3966 corrigatur.

2181 4000 2523 4065 Quaecunque
2563 3995 2630 4048 ab
2663 3994 2840 4063 aliquo
2866 3994 3067 4062 absque
3100 3993 3328 4046 testibus
3370 3993 3748 4056 admittuntur,

2183 4091 2227 4142 si
2259 4089 2323 4142 ad
2353 4087 2562 4141 abbatis
2594 4086 2832 4140 notitiam
2860 4089 3184 4154 pervenerit,
3212 4084 3469 4138 secretius
3491 4083 3752 4136 emende-

2186 4191 2305 4234 tur:
2335 4179 2377 4233 si
2405 4179 2655 4233 onmibus
2686 4177 3000 4239 innotuerit,
3031 4191 3207 4230 coram
3236 4175 3481 4229 omnibus
3521 4184 3603 4228 est
3630 4191 3755 4228 reus

2187 4271 2411 4325 admissi
2463 4269 2701 4324 criminis
2751 4271 3072 4336 arguendae.
3113 4267 3212 4332 Qui
3244 4267 3626 4335 cogitationum
3659 4267 3756 4318 im-

2189 4364 2536 4433 pugnatioues
2565 4363 2946 4417 consolationis
2976 4379 3084 4415 sua:
3111 4377 3266 4415 causa
3299 4363 3560 4414 secretius
3589 4362 3758 4413 conﬁ-

2189 4468 2351 4522 tetur,
2382 4474 2486 4510 non
2516 4467 2727 4525 Oportet
2751 4472 2871 4512 eum
2903 4455 3133 4521 deSpici,
3184 4471 3278 4508 nec
3322 4455 3438 4507 aliis
3460 4453 3755 4521 publicari,

514 4539 705 4610 quibus
735 4537 880 4592 fratr.
901 4552 927 4591 s
951 4537 1043 4590 alii
1075 4536 1481 4604 conquiescunt,
1512 4537 1605 4606 qui
1633 4551 1661 4589 a
1696 4538 1971 4591 mansione
1997 4547 2087 4591 aut
2113 4535 2164 4596 D
2189 4549 2280 4601 sed
2312 4561 2564 4615 quantum
2609 4547 2659 4599 in
2706 4562 2765 4601 se
2813 4556 2914 4605 est,
2946 4547 3135 4598 blanda
3166 4544 3535 4599 exhortatione
3567 4544 3759 4596 fovi-ri.

514 4630 712 4685 lectulo
759 4643 856 4684 suo
883 4627 1075 4682 deesse
1130 4627 1491 4694 cognoscitur,
1543 4628 1952 4696 cortipientibns
1998 4644 2086 4682 sev

513 4723 753 4778 moribus
779 4720 1102 4790 castigetur:
1145 4731 1198 4772 et
1249 4719 1302 4772 in
1347 4720 1456 4788 ipsa
1488 4721 1670 4788 quiete
1719 4721 1922 4790 positus
1948 4721 2083 4774 alter

515 4815 663 4868 alteri
701 4829 806 4867 non
839 4816 889 4866 lo
909 4819 1100 4878 luatur.

586 4904 714 4959 CAP.
753 4919 806 4958 v.
836 4903 934 4968 Qui
964 4902 1120 4972 signo
1142 4901 1296 4965 dato,
1342 4900 1408 4953 ad
1432 4916 1566 4970 opus
1605 4901 1695 4956 Dei
1739 4903 1820 4957 vel
1845 4904 1908 4957 ad
1940 4920 2083 4974 qua:-

519 5012 731 5067 cunque
773 5011 936 5064 opera
990 4995 1191 5049 tardius
1243 4995 1468 5061 venerit,
1517 4997 1768 5050 exclusus
1819 5014 1912 5066 pro
1954 4997 2084 5051 reati

521 5090 650 5144 tanti
691 5088 941 5143 facinoris
959 5084 1342 5142 confundatur.
1369 5085 1471 5139 Pro
1493 5087 1732 5155 qualibet
1756 5089 1914 5142 etiam
1938 5089 2090 5156 culpa

519 5183 816 5253 quamlibet
851 5195 1038 5249 aspera
1085 5180 1245 5234 fuerit
1273 5180 1636 5248 increpatione
1665 5193 1974 5249 correptus,
2005 5197 2092 5234 re-

517 5273 782 5346 spondere
830 5272 980 5326 nefas
1005 5269 1210 5340 judicet
1252 5270 1513 5338 arguenti,
1547 5271 1640 5323 δ‹·‹Ι
1671 5271 1993 5324 humiliando
2035 5287 2094 5326 se

516 5361 945 5420 emendationem
974 5359 1150 5415 delicti
1195 5360 1387 5414 doceat
1433 5370 1732 5413 secuturam
1762 5379 1772 5411 :
1805 5363 1923 5428 quia
1957 5361 2093 5414 Deus

520 5453 812 5508 humilibus
838 5451 1083 5506 daturum
1112 5466 1173 5505 se
1202 5452 1423 5519 gratiam
1448 5453 1748 5520 repromisit
1771 5451 1822 5521 (Ι
1854 5451 1989 5505 l’etr.
2023 5451 2095 5522 v).

520 5546 652 5603 Cum
696 5562 763 5602 eo
807 5548 896 5614 qui
930 5560 1024 5614 pro
1049 5546 1283 5600 admissa
1326 5546 1481 5616 culpa
1537 5548 1604 5601 ah
1656 5551 1911 5603 orationis
1953 5552 2096 5602 vela

521 5653 720 5693 meum
763 5648 1031 5694 consortio
1059 5649 1383 5704 removetur,
1434 5649 1630 5708 praeter
1659 5656 1779 5695 eum
1822 5641 1908 5710 qui
1939 5643 2092 5709 ejecti

519 5724 698 5782 fratris
722 5727 1130 5786 amaritudinem
1161 5729 1446 5796 _doctrinte
1496 5741 1550 5786 et
1597 5731 1872 5788 charitatis
1923 5735 2091 5797 possit

2191 4639 2291 4704 Qui
2333 4639 2450 4692 aliis
2479 4649 2680 4692 secreta
2733 4639 3080 4692 meditatione
3130 4635 3475 4706 psallentibus
3503 4635 3759 4689 inconve-

2191 4729 2402 4783 nienter
2443 4729 2597 4782 fuerit
2629 4729 2852 4792 locutus,
2897 4728 3210 4797 regulariter
3235 4737 3509 4796 arguatur.
3538 4727 3592 4780 ιιι
3623 4742 3762 4794 quo-

2191 4834 2400 4888 cunque
2439 4835 2566 4888 ergo
2617 4834 2780 4888 opere
2832 4828 2925 4872 aut
2971 4819 3365 4872 meditabuntur
3413 4834 3530 4886 qua:
3576 4830 3761 4871 sancta

2197 4923 2339 4976 sunt,
2364 4924 2453 4967 aut
2483 4922 2627 4967 certe
2667 4912 2914 4966 silebunt.
2943 4912 3023 4965 Ad
3073 4927 3310 4964 mensam
3359 4911 3498 4980 loqui
3555 4913 3764 4977 specia-

2193 5009 2332 5071 liter,
2377 5008 2477 5061 nisi
2525 5009 2612 5076 qui
2661 5009 3015 5074 interrogatus
3065 5007 3239 5072 fuerit,
3290 5023 3396 5060 non
3448 5017 3762 5074 praesumat.

2194 5097 2345 5164 Quod
2389 5112 2517 5151 vero
2564 5096 2924 5150 necessarium
2969 5097 3128 5149 victui
3176 5096 3363 5158 fuerit,
3420 5097 3768 5164 praepositum

2195 5188 2349 5243 decet
2395 5203 2683 5255 agnoscere
2711 5204 2724 5241 :
2757 5198 2812 5242 et
2835 5187 2971 5256 quod
3005 5188 3297 5240 secundum
3320 5186 3763 5239 consuetudinem

2197 5280 2371 5342 deest,
2403 5280 2658 5331 secretius
2684 5277 2868 5346 jnbeat
2895 5279 3205 5332 ministrari.
3229 5278 3487 5332 Sedentes
3516 5277 3579 5329 ad
3612 5293 3766 5330 men-

2199 5385 2312 5422 sam
2347 5369 2624 5422 lectionem
2655 5385 2773 5436 quae
2801 5368 2992 5436 legitur
3031 5383 3150 5422 cum
3197 5368 3410 5423 silentio
3440 5368 3688 5421 audiant:
3720 5371 3766 5421 si

2203 5476 2321 5514 vert
2361 5459 2586 5514 deluerit
2617 5475 2839 5528 persona
2872 5461 3116 5522 lectoris,
3161 5461 3225 5514 ad
3274 5462 3441 5514 instar
3480 5462 3585 5514 cibi
3644 5478 3770 5513 san-

2202 5567 2408 5606 ctarum
2441 5552 2830 5620 Scripturarum
2857 5551 3127 5606 meditatio
3153 5551 3472 5605 ruminetur:
3489 5566 3558 5605 ne
3584 5566 3769 5606 escam

2200 5655 2402 5698 tantum
2431 5659 2623 5712 corpus
2649 5644 2894 5713 accipiat,
2925 5644 3018 5701 sed
3049 5655 3104 5700 et
3135 5645 3299 5699 verbo
3325 5644 3416 5699 Dei
3441 5645 3619 5699 anima
3652 5660 3773 5712 pas-

2196 5746 2344 5790 catur
2370 5737 2630 5792 esuriens.
2678 5738 3019 5792 Orationibus
3051 5750 3234 5792 vacate
3266 5739 3413 5792 horis
3459 5746 3513 5792 ct
3565 5746 3775 5804 tenipo-
