4034 6166
307 205 399 261 98!

306 322 455 374 ribus
481 319 728 374 institutis
745 362 756 381 ,

305 422 577 471 exoratur.
616 426 677 465 ea
723 412 1029 480 plantentur
1060 411 1111 463 in
1140 411 1335 472 corde,
1377 426 1495 480 que
1536 410 1872 481 proferuntur

309 504 363 557 in
387 519 535 558 voce.
568 505 759 557 Arator
776 504 964 557 stivam
991 512 1174 557 tenens
1199 502 1425 556 Alleluia
1451 512 1649 567 cantet;
1672 504 1873 569 sudans

311 610 519 649 messor
547 595 764 663 psalmis
792 610 848 648 se
875 603 1088 659 avocet;
1116 604 1169 647 et
1204 593 1327 647 dum
1359 595 1625 662 palmitem
1653 609 1872 647 curvum

312 687 497 743 tondet
526 688 721 740 vinitor
751 687 918 750 fa'ce,
962 688 1159 755 aliquid
1206 687 1512 740 Davidicum
1544 696 1731 740 canat.
1752 688 1876 742 llasc

313 778 420 832 sint
443 788 613 832 vestra
646 780 915 842 carmina;
961 779 1103 842 haec,
1136 786 1194 831 ιιι
1223 778 1377 848 vulgo
1406 779 1573 843 aiunt,
1606 781 1875 831 amatoria:

312 868 624 922 cautiones:
656 867 765 923 haec
797 877 1064 936 pastorum
1102 870 1322 931 sibilus;
1368 868 1481 921 haec
1522 868 1875 922 instrumenta

311 960 552 1015 cuiturte.
587 961 661 1015 De
702 960 805 1023 his,
839 975 957 1031 qua:
1005 960 1161 1028 hujus
1190 959 1371 1013 saeculi
1421 959 1661 1013 homines
1691 968 1871 1029 agunt,

316 1052 448 1106 nihil
478 1066 619 1106 cura:
648 1051 719 1105 sit
750 1050 1045 1115 monachis;
1080 1051 1172 1104 sed
1200 1049 1473 1105 meditatio
1494 1049 1671 1104 cordis
1692 1064 1875 1103 eorum

318 1140 370 1197 iu
413 1143 604 1198 timore
630 1141 842 1196 Domini
869 1142 938 1195 sit
959 1141 1176 1195 intenta.

386 1233 514 1289 Car.
549 1249 622 1287 ix.
653 1234 808 1287 Omni
837 1245 1074 1301 tempore
1101 1231 1307 1286 duabus
1348 1231 1495 1285 boris
1526 1231 1577 1284 in
1604 1231 1691 1284 die
1718 1229 1878 1297 Spiri-

320 1326 447 1380 tuali
496 1324 822 1380 meditationi
873 1325 1149 1378 vacabunt.
1191 1323 1416 1378 Estatis
1463 1337 1594 1376 vero
1646 1332 1882 1390 tempore

320 1416 596 1470 matutinis
625 1430 688 1469 ex
717 1417 1201 1484 morecompletis,
1230 1425 1284 1469 et
1302 1415 1474 1484 prima
1497 1415 1669 1479 dicta,
1698 1428 1883 1467 omnes

318 1522 482 1577 Opera
528 1522 646 1575 quae
669 1505 926 1575 jubentur
978 1513 1271 1560 assumant.
1314 1504 1514 1558 Deinde
1565 1504 1716 1558 tertia
1745 1504 1885 1557 cele-

319 1601 506 1664 brata,
536 1599 601 1653 ad
641 1599 971 1667 expedienda
1014 1613 1131 1667 qua:
1163 1607 1405 1665 suscepta
1436 1595 1663 1661 fuerant,
1708 1609 1886 1649 rever-

1516 205 1792 261 Bl‘fiULA
1830 203 2318 264 TARNATENSIS.

820 316 1036 387 psalmis
1083 327 1137 372 et
1188 317 1401 387 hymnis
1447 333 1566 371 cum
1612 316 1867 370 Dominus
1895 322 1941 374 Α
1970 318 2245 385 exemplo,
2294 318 2490 387 quique
2520 319 2911 391 eleemosynam
2950 325 3272 379 monasterio
3318 324 3541 395 deputa-

3432 211 3541 264 9‘3

1972 414 2099 471 tam,
2134 406 2212 462 vei
2243 424 2305 463 ea
2335 425 2452 479 quae
2473 423 2502 463 a
2530 410 2778 467 fratribus
2805 414 3148 481 colliguntur,
3179 432 3385 470 summa
3413 434 3536 469 cum

1973 511 2070 565 pro
2104 498 2309 552 Domini
2337 499 2529 553 timore
2554 512 2890 556 conservent.
2916 503 3051 570 Quia
3079 506 3121 558 si
3145 506 3399 559 credi'am
3436 507 3536 555 sibi

1974 590 2289 644 famulorum
2346 591 2436 645 Dei
2478 592 2695 663 negligit
2726 610 2942 649 serVare
2977 597 3352 655 Substantiatu,
3403 598 3533 649 sicut

1975 679 2049 734 ait
2070 682 2280 750 quidam
2312 683 2523 737 Patrum
2546 726 2558 747 ,
2596 686 2738 738 laidit
2762 686 2947 748 Deum,
2980 697 3034 740 et
3061 687 3273 757 disiterg
3295 705 3371 740 -ns
3398 706 3534 747 cum,

1978 773 2237 828 rationem
2261 785 2343 829 est
2366 776 2590 830 Domino
2614 776 2933 833 redditurus.
2959 786 3084 844 Quae
3109 796 3233 833 vero
3261 781 3388 845 ipsis
3423 780 3506 831 fm-

1981 867 2088 919 rint
2125 881 2218 935 pro
2251 868 2341 921 Dei
2373 883 2557 923 amore
2584 870 2798 934 donata,
2844 872 2894 923 in
2925 871 3196 926 oblatione
3239 871 3540 924 tttonasteni

1980 957 2226 1026 adjuncta
2256 959 2401 1037 omni
2431 960 2833 1028 congregatiOni
2866 962 3166 1029 proficiant.
3202 962 3299 1026 Qui
3333 972 3522 1026 aposlo

1982 1049 2135 1101 licam
2169 1051 2326 1102 vitam
2358 1060 2603 1118 optamus
2626 1050 2851 1119 eligere,
2881 1065 2977 1104 cur
3005 1053 3152 1119 quasi
3184 1052 3394 1120 propria
3424 1051 3541 1104 viu-

1982 1140 2242 1202 dicemus,
2269 1156 2385 1206 qua:
2417 1142 2662 1196 novimus
2692 1144 2947 1195 continuo
2973 1144 3243 1209 peritura?

2055 1232 2181 1284 CAP.
2232 1247 2325 1285 xu.
2373 1232 2695 1286 Hortulanus
2745 1236 2817 1287 ita
2862 1234 3021 1288 debet
3077 1237 3347 1302 constitui,
3398 1246 3450 1289 ut
3494 1246 3546 1291 et
3588 1242 3589 1249 ‘

1985 1323 2253 1391 praepositi
2281 1335 2334 1377 et
2354 1324 2556 1378 cellarii
2589 1325 2778 1377 solatio
2823 1328 3152 1380 sublevetur.
3184 1326 3248 1381 Et
3288 1327 3408 1394 quia
3439 1329 3548 1381 ole-
3588 1342 3589 1347 ‘

1987 1431 2100 1469 rum
2147 1415 2420 1470 beneflciis
2450 1416 2684 1470 cellaria:
2723 1418 2976 1485 jnvantur
3021 1433 3288 1485 expensze,
3340 1430 3549 1487 opmtet

1987 1521 2044 1560 ut.
2096 1508 2386 1561 secundum
2439 1508 2889 1575 dispensationem
2932 1510 3133 1563 cellarii
3185 1513 3550 1579 expenduntur

1990 1599 2185 1667 paritcr
2224 1608 2278 1654 et
2304 1598 2567 1653 colantur.
2603 1599 2947 1653 Ferramenta
2994 1616 3205 1670 quoque
3242 1604 3451 1665 omnia,
3500 1611 3551 1656 ct

322 1699 538 1744 tantur:
590 1704 688 1743 nec
712 1688 1067 1742 collocutione
1109 1702 1539 1756 qnarumcunque
1583 1684 1881 1739 fabularum
1915 1687 1962 1746 Β
1989 1691 2189 1759 reliqua
2243 1689 2487 1745 utensilia
2536 1693 2602 1744 ab
2634 1701 2855 1760 utraque
2906 1706 3135 1759 pe:sona
3185 1694 3432 1747 convenit
3460 1708 3551 1749 cu-

325 1779 664 1834 sarcularium
720 1785 1063 1847 occupentur;
1115 1776 1214 1830 nisi
1258 1777 1482 1830 fortasse
1526 1776 1625 1829 hoc
1657 1774 1892 1844 proferat

327 1887 508 1927 sermo
562 1870 829 1935 relatoris,
864 1870 1004 1937 quod
1056 1870 1285 1923 animam
1344 1869 1569 1924 aedificet
1607 1868 1890 1923 audientis.

328 1969 374 2025 Α
411 1980 561 2023 sexta
588 1982 796 2035 quoque
837 1966 967 2020 liora
997 1979 1162 2033 usque
1197 1965 1263 2016 ad
1297 1978 1487 2017 nonam
1516 1970 1705 2016 vacent
1730 1960 1894 2032 quieti

330 2062 411 2116 vel
433 2061 595 2115 etiam
624 2058 858 2112 lectioni.
894 2056 1021 2111 Post
1073 2058 1256 2109 horam
1294 2069 1421 2109 vero
1452 2068 1645 2108 nonum
1667 2094 1681 2119 ,
1723 2061 1813 2106 aut
1842 2053 1895 2107 in

332 2154 518 2217 horto,
563 2162 656 2205 aut
696 2150 784 2205 ubi
815 2150 980 2219 poscit
1021 2148 1245 2213 utilitas,
1280 2162 1447 2216 usque
1475 2146 1541 2200 ad
1579 2148 1764 2200 horam
1814 2144 1896 2199 lu-

332 2246 564 2301 cernarii
609 2259 796 2299 omnes
836 2245 888 2297 in
938 2257 1101 2296 unum
1156 2241 1406 2297 solatium
1463 2238 1895 2295 commodabunt.

334 2337 537 2393 lliemis
581 2351 709 2391 vero
750 2345 1020 2404 tempore,
1075 2333 1351 2387 matutinis
1392 2332 1475 2387 vel
1506 2332 1676 2400 prima
1726 2339 1901 2384 trans-

337 2428 492 2494 actis,
533 2427 785 2481 omnibus
830 2441 1000 2494 usque
1030 2425 1095 2479 ad
1135 2426 1347 2479 tertiam
1376 2438 1567 2478 vacare
1592 2422 1903 2478 conceditur

340 2520 575 2577 lectioni.
599 2521 712 2586 Qua
735 2526 1124 2581 consummata,
1157 2524 1427 2587 gratanter
1463 2516 1602 2584 quod
1627 2516 1706 2569 eis
1730 2514 1905 2583 injun-

342 2621 484 2669 ctum
531 2612 711 2676 fuerit,
746 2612 966 2679 implere
995 2609 1264 2673 festinent,
1312 2619 1369 2664 ut
1405 2608 1516 2679 jam
1558 2606 1753 2661 dictum
1802 2614 1903 2668 est,

343 2720 513 2775 usque
534 2704 598 2758 ad
632 2704 814 2757 horam
850 2702 1157 2757 lucernarii.
1184 2701 1243 2754 Hi
1269 2715 1394 2753 vero
1416 2700 1502 2769 qui
1525 2699 1760 2767 deputati
1789 2711 1908 2751 esse

348 2796 598 2851 videntur
633 2795 877 2859 culturae,
922 2796 1020 2848 hac
1075 2792 1451 2847 observatione
1493 2790 1783 2860 constringi
1814 2804 1910 2858 pro

349 2888 534 2960 operis
562 2888 875 2943 assiduitate
900 2904 1005 2941 non
1036 2896 1297 2956 possunt:
1325 2885 1418 2939 sed
1468 2893 1526 2938 nt
1556 2894 1763 2952 tempus
1787 2898 1912 2937 exe-

346 2986 507 3055 gerit,
537 2992 631 3039 aut
659 2982 807 3035 labor
834 2996 1017 3034 eorum
1041 2993 1205 3047 opera
1236 2977 1469 3047 injuncta
1501 2975 1873 3029 monstraverit
1894 3015 1908 3037 ,

1990 1783 2177 1838 stodtri
2213 1802 2224 1836 :
2260 1784 2332 1837 ita
2364 1792 2539 1839 tamen
2583 1794 2640 1837 ut
2688 1784 2971 1853 unicuique
2997 1784 3136 1854 quod
3184 1787 3552 1854 consignatum

1992 1873 2173 1942 fuerit,
2214 1890 2334 1930 cum
2380 1874 2655 1945 diligentia
2696 1886 2749 1929 et
2778 1891 2982 1930 summa
3016 1877 3331 1932 strenuizate
3378 1892 3554 1932 custo-

1994 1965 2137 2028 diat;
2181 1974 2235 2021 et
2279 1966 2457 2020 nullus
2496 1965 2563 2020 de
2588 1966 2807 2021 alterius
2836 1967 2970 2021 cella
3016 1968 3155 2037 quod
3187 1970 3251 2021 ad
3290 1986 3407 2022 eum
3452 1986 3555 2023 non

1997 2059 2243 2127 pertinet,
2268 2060 2384 2114 sine
2409 2058 2681 2113 voluntate
2707 2058 2823 2129 ejus
2844 2060 2895 2114 in
2919 2060 3072 2129 cujus
3094 2061 3272 2114 datum
3295 2071 3376 2116 est
3409 2072 3555 2131 pote~

1998 2159 2156 2215 state,
2189 2160 2476 2218 pmsumat
2520 2151 2752 2206 auferre.
2785 2152 2934 2219 Quod
2977 2153 3066 2222 qui
3119 2154 3294 2209 facere
3336 2155 3557 2209 nefanda

1999 2244 2316 2297 auctoritate
2358 2244 2775 2313 praesumpserit,
2823 2245 2948 2313 quia
2994 2259 3089 2313 pro
3129 2246 3361 2299 minimis
3402 2248 3559 2300 rebus

2001 2334 2248 2389 scandala
2274 2349 2532 2404 generare
2578 2352 2683 2389 non
2716 2337 2927 2402 metuit,
2976 2337 3122 2391 omni
3165 2340 3560 2408 congregationi

2003 2438 2128 2479 reus
2153 2439 2291 2491 esse,
2323 2425 2449 2479 dum
2471 2428 2830 2495 printermittit
2858 2428 3131 2497 Regulam.
3160 2428 3432 2482 doceatur.
3458 2430 3562 2483 Nec

2004 2518 2125 2588 quis
2164 2517 2266 2571 sibi
2306 2516 2412 2573 diei
2441 2532 2575 2588 opus
2614 2517 2776 2589 eligat
2805 2517 3143 2586 faciendum,
3197 2520 3336 2589 quod
3389 2532 3563 2573 tatncn

2006 2620 2249 2665 constare
2264 2608 2421 2665 debet
2446 2610 2499 2665 in
2528 2610 2749 2664 arbitrio
2779 2612 3025 2671 senioris,
3052 2619 3107 2664 nt
3128 2613 3267 2680 quod
3302 2612 3425 2665 utile
3447 2628 3565 2681 pcr-

2009 2704 2245 2771 spexerit
2271 2702 2470 2769 judicio
2498 2717 2595 2755 suo
2624 2703 2846 2769 imperet
2871 2702 3190 2755 faciendum.
3226 2703 3409 2756 ΝυιΙιιε
3434 2720 3567 2756 mur-

2010 2793 2268 2848 murando
2307 2792 2505 2862 aliquid
2541 2792 2721 2855 faciat,
2751 2808 2817 2845 ne
2861 2808 3082 2860 quorum
3117 2794 3353 2861 sequitur
3392 2809 3569 2848 exent-

2013 2890 2184 2954 p‘um,
2234 2894 2591 2952 consequatur
2615 2883 2835 2936 exitum.
2867 2882 3004 2936 Nu'li
3036 2886 3190 2938 liceat
3217 2884 3281 2937 ad
3327 2898 3571 2952 parentes

2017 2974 2346 3042 frequentius
2372 2989 2673 3027 commeare
2706 2990 2718 3024 :
2754 2974 2826 3026 illi
2862 2986 3035 3028 tamen
3066 2993 3110 3042 pi
3134 2991 3323 3041 rsonre,
3353 2992 3471 3042 qua:
3505 2977 3572 3031 de

350 3078 430 3132 sic
474 3074 902 3131 cursideratione
953 3070 1223 3139 praepositi
1270 3069 1652 3141 gubernentur,
1695 3067 1833 3121 binis
1859 3056 1982 3118 etC
2018 3068 2373 3135 proximorum
2395 3072 2562 3120 salute
2586 3067 2837 3134 probatur
2861 3082 2981 3121 esse
3009 3068 3260 3131 sollicita,
3289 3069 3445 3122 certis
3468 3072 3573 3138 qui-

351 3171 453 3240 ipsi
481 3167 626 3222 boris
649 3163 862 3219 lectioni
889 3163 1234 3216 nihilominus
1257 3160 1516 3214 vacaturi.
1536 3158 1757 3225 Quando
1773 3171 1912 3210 mes-

352 3276 442 3317 ses
471 3270 525 3315 ct
553 3258 831 3313 vindemiae
853 3255 1192 3325 colliguntur,
1238 3253 1319 3305 bis
1346 3253 1398 3305 in
1441 3250 1548 3318 die,
1592 3250 1642 3303 id
1674 3259 1755 3305 est
1784 3248 1910 3303 liora

352 3362 504 3409 sexta
547 3362 600 3405 et
630 3348 972 3410 duodecima,
1018 3344 1361 3400 refectionem
1402 3342 1684 3411 accipiant.
1718 3341 1913 3407 Quarta

355 3460 485 3501 vero
516 3443 599 3499 vel
626 3452 773 3497 sexta
807 3440 934 3496 feria
991 3439 1060 3492 ita
1109 3436 1370 3491 moderari
1392 3449 1553 3503 Opera
1582 3433 1797 3500 debent,
1836 3440 1913 3499 ut,

355 3540 402 3596 si
463 3540 579 3593 fieri
631 3546 831 3603 potest,
887 3542 1083 3585 statuta
1120 3528 1319 3599 jcjunia
1363 3542 1465 3581 non
1515 3524 1779 3580 emittant.
1810 3523 1914 3580 Sed

358 3630 626 3689 universa,
649 3635 806 3691 i-rout
838 3624 1040 3677 utilitas
1066 3631 1157 3673 aut
1182 3622 1330 3673 labor
1357 3617 1611 3686 exegerit,
1654 3616 1722 3669 ita
1744 3614 1923 3669 senio-

360 3723 434 3778 ris
457 3719 657 3789 judicio
684 3717 1052 3784 disponantur.
1086 3712 1250 3766 Nemo
1275 3720 1449 3765 tamen
1478 3720 1626 3763 extra
1651 3716 1920 3762 monaste-

361 3812 498 3867 rium
547 3808 834 3862 manducet
870 3816 958 3857 aut
1009 3805 1195 3856 bibat:
1236 3803 1334 3855 hoc
1372 3800 1511 3854 enim
1558 3798 1771 3868 Regulae
1814 3811 1919 3850 non

364 3901 554 3970 recipit
589 3900 887 3965 disciplina,
936 3906 992 3948 nt
1039 3896 1121 3948 vel
1176 3909 1330 3962 poma
1385 3892 1503 3945 vilia
1553 3900 1922 3945 resumantur:

364 4006 552 4062 aquam
586 3991 753 4058 ipsam
783 4000 908 4041 ante
936 3986 1274 4041 refectionem
1309 3985 1591 4053 legitimam
1615 3982 1795 4037 bibere
1821 3997 1926 4035 non

366 4090 707 4155 prmsumant.

438 4177 570 4231 Car.
604 4190 656 4229 ι.
693 4171 923 4241 Quando
955 4185 1120 4240 panes
1149 4169 1363 4232 faciunt,
1398 4168 1479 4222 vel
1510 4169 1561 4221 in
1602 4167 1746 4220 omni
1777 4165 1932 4219 mini-

368 4268 534 4323 sterio
558 4264 848 4332 corporali,
878 4262 1116 4316 laborem
1139 4277 1292 4315 suum
1316 4268 1497 4313 mutuo
1518 4257 1856 4319 relevabunt;
1879 4266 1933 4310 et

369 4357 661 4429 quamlibet
690 4356 991 4423 cuicunque
1040 4353 1190 4421 operi
1232 4365 1353 4407 esse
1393 4351 1671 4404 videantur
1713 4348 1929 4410 intenti,

2013 3160 2110 3213 bus
2133 3175 2216 3225 ,ue
2233 3160 2557 3228 temperibus
2580 3158 2882 3228 requirendi
2902 3160 3075 3213 aditus
3099 3161 3384 3215 relaxt-tnr.
3409 3162 3574 3227 Quem

2016 3262 2191 3307 tamen
2222 3254 2567 3307 vehementer
2604 3269 2793 3307 cavere
2823 3253 3117 3321 decipulam
3165 3257 3345 3311 swcnli
3387 3274 3576 3309 et.tt\'c~

2017 3343 2131 3408 nit;
2161 3358 2227 3398 ne
2256 3343 2380 3397 dum
2410 3344 2543 3397 alios
2578 3352 2727 3411 putat
2775 3358 2929 3411 posse
2957 3346 3254 3414 acquirere,
3288 3348 3517 3415 seipsum
3552 3364 3579 3398 ει

2019 3435 2243 3490 Domino
2270 3436 2423 3490 faciat
2444 3435 2695 3489 alienum.

2090 3527 2215 3584 Car.
2247 3543 2361 3582 xm.
2391 3528 2471 3581 Ad
2513 3527 2812 3581 convivium
2854 3527 3089 3595 nuptiale
3120 3530 3296 3581 nullus
3325 3533 3541 3585 accedat
3570 3554 3581 3588 :

2023 3637 2090 3676 ne
2115 3637 2209 3691 per
2236 3621 2507 3675 lasciviam
2537 3619 2870 3673 saecularium
2903 3636 3019 3688 qua:
3069 3631 3191 3673 sunt
3220 3624 3397 3676 sa-Culi
3434 3642 3585 3677 reco—

2023 3720 2268 3781 gnoscat;
2301 3720 2373 3776 et,
2403 3709 2540 3778 quod
2565 3711 2727 3773 absit,
2757 3709 2821 3761 ad
2856 3710 3034 3763 mundi
3069 3710 3225 3779 hujus
3255 3713 3442 3776 vitam,
3491 3716 3587 3768 etsi

2026 3816 2129 3855 non
2148 3814 2393 3869 corpore,
2415 3800 2593 3853 animo
2611 3797 2917 3861 revocetur,
2937 3800 3073 3852 sicut
3096 3800 3230 3853 dixit
3255 3802 3589 3858 beatissimus

2028 3894 2376 3966 Cyprianus:
2431 3890 2758 3945 Adulterium
2821 3891 2939 3944 dum
2995 3892 3220 3960 ridetur,
3282 3905 3328 3946 et
3386 3895 3588 3949 discitur

2030 3978 2134 4045 Qui
2180 3978 2392 4051 (Ep/tes.
2436 3983 2509 4048 v).
2540 3982 2772 4052 ioculare
2808 3984 3002 4054 aliquid
3035 3986 3116 4038 vel
3149 3986 3275 4040 risui
3333 3999 3509 4057 aptum
3541 3991 3592 4043 in

2031 4086 2292 4132 conventu
2349 4076 2570 4131 fratrum
2613 4076 2851 4144 proferre
2906 4079 3324 4144 prtesumpserit,
3377 4079 3456 4133 vel
3507 4081 3592 4146 qui

2033 4185 2151 4225 cum
2198 4168 2495 4239 junioribus
2538 4168 2694 4223 verba
2744 4169 2912 4221 otiosa
2958 4183 3175 4223 narrare
3228 4170 3477 4234 voluerit,
3510 4183 3595 4226 ant

2038 4261 2233 4317 habere
2278 4260 2538 4316 amicitias
2592 4260 2763 4314 aetatis
2792 4259 3043 4325 infirmas,
3093 4261 3477 4328 increpationi,
3539 4276 3596 4315 ut

2038 4352 2226 4423 dignus
2271 4360 2381 4417 est,
2411 4352 2723 4421 snbjacebit.
2768 4350 2825 4407 Si
2882 4354 2999 4420 quis
3026 4351 3275 4421 qumlibet
3315 4352 3598 4416 invenerit,

369 4450 554 4506 orandi
600 4458 655 4503 et
705 4447 963 4516 psallendi
991 4457 1227 4515 tempora
1265 4460 1367 4498 non
1396 4443 1769 4498 omittantzut
1802 4440 1926 4495 dum
1964 4430 2249 4499 Dinventa
2296 4459 2401 4497 non
2453 4443 2625 4505 celet,
2678 4450 2731 4496 et
2782 4443 3147 4512 cognoscenda
3197 4457 3302 4496 non
3349 4445 3598 4498 ovcnltet.

372 4561 525 4603 escas
551 4543 754 4613 eligunt
802 4554 1106 4609 praeparare
1135 4539 1406 4600 carnales,
1432 4534 1748 4605 spiritaliter
1772 4535 1936 4589 verbo

374 4637 469 4692 Dei
502 4645 558 4691 et
586 4638 737 4688 bona:
766 4632 1114 4688 conscientiae
1143 4628 1485 4683 meditatione
1512 4638 1818 4696 pascantur.
1862 4626 1937 4679 De

372 4745 479 4798 quo
508 4738 683 4782 tamen
716 4738 881 4793 opere
913 4723 1115 4776 nullum
1138 4721 1327 4774 deesse
1354 4718 1618 4781 convenit,
1646 4717 1747 4772 nisi
1776 4731 1935 4785 quem

374 4827 607 4876 retentat
652 4816 970 4878 infirmitas;
1021 4822 1111 4866 aut
1169 4828 1325 4879 quem
1379 4809 1691 4879 prtepositus
1731 4809 1781 4860 in
1830 4807 1933 4860 alia

376 4925 535 4967 causa
565 4910 881 4980 praeceperit
921 4904 1193 4973 occupari.
1227 4903 1305 4957 Ad
1333 4902 1606 4955 cellarium
1641 4913 1770 4953 vero
1819 4900 1941 4953 talis

374 5007 649 5061 ordinetur
677 5002 881 5055 abbatis
897 4999 1125 5069 judicio,
1149 4997 1231 5052 vel
1255 4992 1478 5050 consilio
1507 4993 1799 5053 seniorum,
1832 5005 1939 5044 non

375 5100 465 5168 qui
495 5098 793 5151 voluntates
822 5092 1145 5160 aliquorum,
1182 5088 1275 5142 sed
1313 5085 1664 5139 necessitates
1700 5083 1940 5137 omnium

374 5206 495 5244 cum
527 5189 713 5241 timore
746 5184 950 5237 Domini
994 5194 1046 5234 et
1102 5182 1321 5233 fratrum
1353 5177 1643 5230 dilectione
1697 5172 1944 5228 conside-

374 5291 459 5335 ret
493 5298 506 5332 :
540 5278 624 5332 cui
668 5286 841 5329 tamen
866 5313 878 5334 ,
925 5274 1144 5327 absente
1193 5271 1493 5337 prmposito,
1544 5282 1771 5320 concors
1812 5268 1941 5320 ohe-

376 5371 573 5427 dientia
603 5369 932 5439 praabeatur;
981 5374 1035 5418 et
1075 5364 1160 5416 ubi
1206 5362 1404 5415 utilitas
1441 5359 1777 5429 poposcerit,
1804 5360 1942 5413 sola-

379 5463 511 5517 tium
542 5477 643 5515 non
672 5472 915 5526 negetur.
1622 5502 1627 5505 χ

449 5555 577 5608 Car.
604 5567 676 5603 ιι.
706 5550 1015 5605 Provisnres
1049 5546 1355 5601 monasterii
1388 5548 1521 5601 tales
1545 5555 1758 5615 Oportet
1788 5545 1944 5615 eligi,

376 5642 467 5704 vel
504 5642 757 5707 ordinari,
786 5639 873 5709 qui
904 5641 1037 5694 alios
1063 5635 1325 5692 aedificare
1354 5638 1476 5692 vita:
1508 5651 1617 5692 sua;
1648 5636 1937 5706 probentur

2040 4540 2191 4606 Quod
2225 4539 2272 4592 si
2298 4545 2503 4608 reperta
2546 4537 2701 4592 unius
2724 4536 2827 4590 diei
2858 4537 3031 4599 scatio
3071 4536 3403 4591 convincitur
3427 4546 3599 4591 vetem.

2041 4642 2200 4694 tasse,
2232 4630 2356 4684 furti
2397 4630 2643 4698 contagio
2689 4645 2749 4684 se
2793 4630 3110 4682 maculatum
3144 4642 3263 4681 esse
3292 4640 3597 4693 Cttgtttiscat,

2041 4723 2099 4777 Si
2144 4722 2262 4793 quis
2312 4737 2455 4789 eum,
2487 4721 2577 4790 qui
2628 4720 3015 4775 districtionem
3048 4719 3353 4772 monasterii
3384 4736 3485 4772 non
3531 4720 3603 4771 fe-

2041 4830 2187 4878 rens,
2222 4811 2397 4881 fugam
2426 4812 2671 4866 meditari
2716 4811 3015 4880 agnoverit,
3068 4811 3111 4862 si
3142 4824 3245 4863 non
3275 4812 3450 4863 statim
3485 4827 3599 4878 pro

2048 4906 2257 4973 diderit,
2292 4904 2610 4975 perditionis
2639 4904 2781 4958 illius
2811 4903 3118 4972 participem
3143 4918 3350 4958 se.esse
3380 4922 3482 4957 non
3515 4907 3605 4958 dn-

2050 4996 2214 5062 bitet;
2244 5007 2298 5052 et
2329 4997 2512 5051 tandiu
2546 5004 2629 5050 est
2672 5011 2700 5047 a
2730 5003 2990 5049 conventu
3025 4993 3242 5048 fratrum
3275 5008 3591 5064 sequestran

2052 5091 2175 5155 dus,
2225 5089 2457 5158 quandiu
2499 5088 2590 5141 ille
2630 5087 2809 5141 valeat
2844 5084 3097 5141 revo’cari.
3132 5088 3188 5143 Si
3219 5089 3337 5155 quis
3368 5089 3479 5141 hazc
3507 5106 3610 5140 non

2052 5182 2196 5238 omni
2249 5183 2445 5235 virtute
2484 5179 2755 5233 studuerit
2806 5178 3031 5232 Domino
3076 5179 3327 5247 placitura
3377 5196 3611 5241 servaris,

2056 5284 2111 5331 et
2164 5276 2328 5329 semel
2386 5289 2446 5327 ac
2507 5272 2741 5327 secundo
2794 5281 3068 5338 correptus
3136 5290 3237 5326 non
3307 5274 3610 5327 emendave-

2051 5366 2139 5427 rit,
2168 5365 2492 5432 reprehensa
2516 5362 2664 5430 juxta
2712 5361 2881 5415 aetatis
2908 5359 3127 5414 formam
3160 5364 3407 5415 convenit
3450 5363 3612 5413 \‘illtli-

2053 5455 2187 5511 cari.

2127 5546 2265 5601 Car.
2297 5560 2404 5599 nv.
2439 5543 2562 5596 llzcc
2591 5551 2715 5596 sunt
2745 5558 2861 5612 qua:
2892 5543 3296 5596 inmonasterio
3323 5543 3617 5595 constitntu

2058 5652 2156 5704 pro
2181 5637 2289 5694 Dei.
2309 5648 2489 5691 arnore
2519 5644 2570 5691 et
2593 5634 2784 5690 timore
2801 5634 3048 5690 convenit
3069 5634 3373 5689 observare.
3405 5634 3626 5703 Propter;
