4034 6166
417 248 515 306 985

1392 239 1727 297 APPENDIX
1766 236 1857 292 AD
1894 233 2119 290 OPERA
2161 233 2223 289 S.
2262 228 2637 286 BENEDICTL

3545 222 3649 280 98!

421 372 559 431 quon
584 361 641 416 in
678 372 839 414 unum
870 356 998 423 estis
1026 370 1123 425 pro
1173 354 1359 412 timore
1386 352 1596 409 Domini
1635 348 1965 424 congregati,
2005 351 2056 409 Δ
2081 346 2126 405 si
2171 344 2367 421 largior
2396 345 2506 399 illis
2536 343 2693 396 fuerit
2743 342 2921 396 victus
2968 341 3267 407 impensus;
3302 339 3392 407 qui
3443 340 3493 394 in
3518 353 3652 396 cono

422 459 631 519 oportet
647 459 706 505 ut
731 451 781 504 itt
812 449 969 504 domo
994 446 1199 513 Domini
1225 446 1502 501 unanimes
1533 444 1808 508 habitetis,
1834 451 1888 497 et
1917 440 1986 495 sit

399 543 575 635 lvobis
601 542 775 596 anima
804 553 932 605 una,
955 548 1010 594 et
1033 552 1127 594 cor
1154 553 1314 595 unum
1338 536 1393 591 in
1418 536 1609 591 timore
1634 532 1842 589 Domini
1867 546 1989 601 per-

402 625 683 703 vigilans;
717 631 950 701 nihilque
997 629 1195 687 bahere
1239 643 1334 684 vos
1386 628 1657 699 proprium
1700 625 1986 693 reputetis,

393 713 524 801 j'sed
562 727 669 781 sint
709 725 858 779 vobis
887 733 1075 778 cuncta
1102 723 1426 788 communia,
1459 736 1578 791 qua:
1605 719 1756 774 vobis
1784 717 1993 774 abbatis

429 818 656 887 imperio
683 814 1076 883 dispensentur,
1125 829 1228 877 non
1270 812 1544 880 aequaliter
1582 810 1849 875 omnibus,
1896 809 1992 864 sed

431 910 572 964 sicut
601 906 737 961 ratio
764 905 1193 975 dispensationis,
1223 917 1307 957 aut
1336 918 1491 959 causa
1522 901 1842 957 inﬁrmitatis
1864 914 1994 956 exe—

433 1000 601 1068 gerit;
630 995 909 1066 unicuique
936 1004 1135 1059 tamen.
1163 994 1454 1057 secundum
1481 992 1618 1064 quod
1650 1008 1783 1063 opus
1813 991 1993 1058 fuerit,

436 1084 697 1155 tribuatur
726 1100 741 1136 :
774 1082 909 1135 sicut
952 1082 1004 1135 in
1053 1082 1269 1143 Actibus
1315 1081 1673 1148 apostolorum
1726 1077 1995 1145 legimus:

437 1175 560 1244 quia
600 1172 884 1239 erattt‘illis
933 1173 1099 1233 omnia
1147 1173 1454 1239 communia,
1509 1181 1558 1223 et
1601 1171 1997 1225 distribuebatur

439 1264 729 1335 unicuique,
759 1265 886 1323 sicut
913 1267 1087 1329 cuique
1115 1279 1241 1333 Opus
1283 1274 1390 1319 erat
1434 1263 1572 1327 (Act.
1600 1263 1693 1333 tv).
1727 1262 1825 1329 Qui
1857 1263 1999 1317 enim

441 1357 615 1427 aliqua
638 1356 919 1412 habuerint
947 1357 998 1408 in
1030 1356 1246 1423 saeculo,
1279 1356 1490 1424 quando
1530 1365 1791 1424 expetere
1820 1370 2003 1409 mona-

399 1489 402 1493 ι
443 1450 663 1507 sterium
721 1447 1045 1513 meruerint,
1099 1448 1323 1504 libenter
1373 1447 1583 1511 tradant
1614 1446 1863 1501 omnibus
1883 1460 2005 1513 pro-

399 1562 408 1571 ·
446 1542 661 1605 futura;
707 1539 1020 1600 studentes,
1066 1547 1122 1592 ut
1167 1554 1285 1601 cum
1331 1536 1630 1592 dimiserint
1676 1535 2008 1600 facultatem,

447 1633 620 1705 ipsam
668 1628 824 1695 simul
867 1627 1275 1698 concupiscendi
1328 1635 1525 1691 exuant
1558 1627 1925 1687 voluntatem:
1954 1635 2009 1681 et

2090 439 2391 494 versatione
2412 435 2653 489 surculari
2685 434 3045 503 sumptuosius
3072 433 3469 497 tractabantur;
3492 440 3657 502 atque

2090 531 2159 585 ob
2184 530 2284 584 hoc
2317 544 2420 583 non
2462 528 2722 582 beatiores
2746 526 3014 580 aestiment
3041 540 3101 579 se
3130 524 3337 589 videri,
3362 538 3497 590 quos
3523 524 3651 579 facit

2092 630 2184 676 aut
2207 620 2456 675 natalium
2486 617 2843 682 mediocritas,
2871 626 2961 670 aut
2977 616 3306 671 censuetudo
3333 615 3433 668 alia
3464 614 3657 669 fortio-

2093 729 2202 769 res.
2260 712 2368 767 Nec
2422 711 2684 767 feliciores
2721 708 2966 778 judicent
3010 707 3203 777 quibus
3246 707 3296 761 in
3347 707 3658 760 inﬁrmitate

2096 814 2374 875 praestatur
2420 805 2558 873 quod
2601 803 2746 857 sanis
2786 818 2884 870 pro
2932 801 3292 855 observantia
3323 803 3498 870 rigore
3526 802 3661 855 sub-

2098 898 2368 955 trahitur:
2405 906 2459 949 et
2509 894 2556 948 si
2601 894 2679 949 eis
2726 907 2858 961 quos
2903 901 3151 961 parentes
3195 891 3475 946 delicatius
3513 892 3663 945 alue-

2097 998 2223 1045 runt
2267 989 2438 1042 victus
2476 997 2566 1040 aut
2608 986 2919 1041 vestimenta
2951 985 3146 1054 largius
3200 985 3522 1047 tribuantur,
3553 1000 3660 1038 non

2100 1084 2168 1137 οἰ
2210 1083 2308 1136 hoc
2337 1079 2497 1135 debet
2535 1077 2856 1133 commoveri
2889 1076 3225 1139 fraternitas,
3256 1075 3394 1144 quod
3424 1076 3665 1129 fortiori-

2101 1174 2200 1229 bus
2253 1187 2476 1241 corpore
2530 1186 2623 1239 pro
2671 1168 3051 1224 constitutione
3098 1168 3297 1237 regulae
3348 1167 3662 1236 denegatur.

2104 1265 2245 1334 quod
2275 1264 2381 1319 illis
2409 1261 2685 1317 charitatis
2726 1260 3156 1315 consideratione
3206 1260 3466 1312 tribuatur
3495 1277 3508 1311 :
3542 1260 3666 1326 quia

2105 1356 2265 1411 debet
2292 1369 2409 1409 esse
2439 1363 2713 1422 respectus
2750 1362 2946 1422 quanta
2990 1367 3179 1405 amore
3223 1352 3493 1421 religionis
3532 1367 3670 1404 cun-

2109 1446 2443 1515 tempserint,
2486 1445 2679 1513 cuique
2721 1457 2780 1497 se
2804 1441 3092 1511 abjectioni
3119 1442 3295 1494 divina
3327 1441 3676 1511 inspiratione

2110 1536 2472 1592 submiserint.
2514 1535 2624 1589 Nec
2664 1534 2824 1589 debet
2873 1548 3035 1603 supra
3087 1542 3375 1587 memorata
3414 1549 3678 1602 praesum-

2116 1629 2223 1696 ptio
2249 1626 2430 1695 paucis
2458 1626 2694 1695 impensa
2738 1625 2805 1679 ab
2846 1624 3199 1679 universitate
3226 1624 3375 1693 quasi
3414 1626 3673 1679 canonica

448 1739 571 1785 cum
621 1721 901 1777 dimittitur
951 1721 1237 1793 possessio,
1280 1718 1560 1789 abjiciatur
1586 1728 1639 1777 et
1668 1719 1864 1785 passio.
1908 1718 2007 1785 Qui
2042 1720 2093 1779 Β
2117 1718 2370 1785 reputari.
2401 1716 2636 1786 [Equum
2681 1731 2910 1785 namque
2940 1730 3044 1768 non
3087 1723 3188 1777 est,
3220 1724 3276 1769 ut
3306 1715 3358 1769 in
3387 1716 3538 1770 beata
3581 1716 3679 1768 hac

449 1821 627 1873 autem
652 1827 757 1867 non
802 1809 1122 1876 habuerunt,
1151 1817 1304 1881 turpe
1329 1817 1417 1877 est
1442 1814 1499 1875 ut
1526 1815 1768 1878 quzerant
1793 1823 1911 1876 qua:
1953 1823 2017 1869 se

452 1922 556 1959 non
608 1903 847 1959 recolunt
883 1902 1181 1972 reliquisse.
1215 1902 1282 1957 Et
1338 1916 1444 1957 non
1490 1901 1611 1969 ideo
1642 1902 1910 1969 aestiment
1957 1916 2015 1956 se

453 1997 658 2061 felices,
704 1996 828 2064 quia
859 1996 1177 2055 invenerunt
1228 1993 1282 2061 in
1331 1992 1659 2051 monasterio
1701 1992 1843 2059 quod
1885 1991 2016 2053 foris

455 2086 692 2142 invenite
738 2100 842 2138 non
896 2092 1181 2152 poterant:
1218 2098 1319 2139 nec
1357 2083 1698 2152 superbiant,
1745 2082 1883 2150 quod
1930 2096 2018 2135 so-

455 2182 665 2232 ciantur
692 2178 791 2239 eis,
841 2177 905 2231 ad
936 2191 1071 2247 quos
1118 2186 1243 2234 ante
1289 2176 1544 2249 accedere
1573 2192 1668 2247 pro
1714 2176 2016 2232 divitiarum

455 2272 723 2337 ubertate,
751 2282 840 2325 aut
869 2285 964 2340 pro
990 2270 1245 2335 natalium
1287 2268 1575 2341 splendore
1596 2284 1702 2335 non
1734 2280 1976 2339 Puterant
2002 2285 2014 2322 :

456 2363 550 2421 sed
598 2377 809 2417 sursum
840 2376 932 2416 cor
961 2359 1211 2429 habeant,
1260 2371 1315 2416 et
1359 2375 1476 2430 quae
1519 2371 1644 2415 sunt
1686 2360 1888 2423 caduca
1936 2360 2019 2414 vel

455 2470 613 2508 cursu
637 2453 803 2509 celeri
835 2455 1067 2523 peritura
1096 2468 1199 2515 non
1222 2464 1481 2523 quaerant.
1507 2452 1605 2508 Ubi
1628 2461 1808 2523 autem
1831 2453 2020 2513 divites

456 2545 833 2608 humiliantur,
879 2558 1142 2614 pauperes
1182 2559 1288 2599 non
1333 2543 1621 2611 inﬂentur:
1656 2558 1724 2603 ne
1767 2543 2024 2612 incipiant

459 2635 781 2691 monasteria
809 2634 961 2689 utilia
990 2635 1107 2703 plus
1154 2647 1275 2690 esse
1314 2632 1585 2698 divitibus,
1612 2647 1770 2702 quam
1814 2634 2019 2703 egenis.

459 2726 589 2781 Nam
618 2735 675 2783 et
703 2726 776 2780 illi
807 2725 897 2793 qui
927 2726 1218 2795 locupletes
1243 2724 1557 2787 videbantur
1583 2724 1637 2779 in
1662 2725 1882 2790 saeculo,
1914 2723 2021 2779 fra—

462 2830 571 2889 tres
602 2818 666 2873 ad
697 2826 934 2872 sanctam
976 2817 1283 2871 societatem
1320 2830 1381 2868 ex
1412 2823 1721 2886 paupertate
1752 2815 2024 2877 venientes

462 2924 568 2964 non
613 2906 887 2962 fastidiose
930 2907 1265 2975 suscipiant:
1308 2906 1405 2961 sed
1450 2906 1631 2960 talium
1679 2921 2023 2973 personarum

464 2999 723 3055 societate
748 3008 802 3054 et
822 2998 1174 3053 contubernio
1199 2999 1549 3066 gratulentur.
1576 2998 1686 3054 Nec
1715 2999 1787 3057 ob
1814 3000 1914 3061 hoc
1940 3014 2028 3053 ex-

2118 1812 2395 1873 hitatione,
2421 1809 2506 1864 ubi
2535 1808 2862 1863 inclinantur
2908 1807 3121 1871 divites,
3173 1821 3437 1877 pauperes
3466 1807 3677 1876 erigan-

2119 1915 2222 1959 tur.
2254 1904 2395 1960 Sane
2417 1902 2774 1971 inmunitate
2799 1900 3096 1966 constricti,
3128 1902 3195 1955 ita
3229 1913 3355 1955 sunt
3388 1901 3677 1963 tractandi.

2120 2005 2178 2051 ut
2197 1997 2337 2059 vires
2366 1993 2794 2050 incommoditate
2831 1992 3107 2048 confectas
3149 1992 3386 2047 velocius
3412 1993 3683 2062 praelatio

2122 2088 2267 2157 larga
2295 2085 2647 2142 corroboret:
2671 2098 2769 2138 nec
2792 2085 2841 2137 in
2867 2083 3173 2137 inﬁrmitate
3204 2083 3539 2137 manentibus
3570 2084 3683 2137 dis-

2121 2182 2410 2235 cretionem
2448 2182 2615 2233 victus
2644 2178 2830 2233 aﬁ‘erat
2872 2178 3123 2232 distantia
3181 2192 3550 2244 personarum.
3578 2178 3683 2246 Qui

2121 2281 2300 2327 tamen
2327 2286 2448 2326 cum
2473 2272 2729 2339 integram
2759 2269 2953 2323 fuerint
2979 2270 3230 2323 virtutem
3260 2270 3501 2339 corporis
3529 2285 3685 2325 asse-

2121 2364 2251 2429 cuti,
2272 2360 2750 2419 consuetudinariis
2768 2360 2987 2415 habenis
3008 2361 3344 2415 abstinentia!
3367 2370 3681 2427 teneantur;

2122 2456 2249 2526 quia
2276 2455 2429 2510 deret
2460 2454 2684 2508 famu'os
2714 2454 2805 2507 Dei
2860 2454 2983 2507 boni
3029 2454 3203 2522 operis
3243 2455 3683 2509 consuetudinem

2129 2564 2235 2602 non
2265 2548 2525 2613 minuere,
2550 2547 2646 2600 sed
2674 2560 2886 2615 augere.

2194 2640 2326 2692 Car.
2360 2653 2490 2692 xvu.
2522 2636 2639 2692 Non
2685 2638 2752 2690 sit
2793 2635 3043 2690 notabilis
3092 2634 3304 2689 habitus
3345 2645 3541 2700 vester,
3586 2649 3691 2691 nec

2126 2730 2413 2786 intendatis
2434 2728 2672 2784 vestibus
2699 2727 2931 2797 placere,
2955 2726 3048 2780 sed
3070 2727 3327 2780 moribus.
3352 2726 3480 2781 Cum
3507 2736 3689 2781 autem

2126 2819 2433 2890 proceditis,
2475 2818 2630 2873 simul
2658 2817 2906 2873 incedite.
2936 2815 3067 2871 Cum
3115 2817 3179 2870 ad
3211 2825 3446 2884 aptatum
3488 2817 3691 2881 locum,

2128 2914 2460 2968 custodiente
2480 2911 2736 2976 Domino,
2770 2910 3139 2979 perveneritis,
3165 2911 3216 2964 in
3243 2926 3407 2964 unum
3437 2911 3691 2964 fraterni-

2131 3016 2212 3060 tas
2240 3014 2427 3060 cuncta
2466 3004 2738 3059 subsistat.
2774 3004 2830 3057 In
2887 3004 3118 3064 incessu,
3169 3002 3225 3055 in
3254 3011 3413 3069 statu,
3462 3000 3516 3055 in
3545 3002 3697 3055 omni

464 3090 741 3151 tollantur,
767 3088 809 3142 si
838 3088 901 3142 ad
918 3087 1178 3158 juvandas
1204 3088 1545 3144 fraternitatis
1565 3104 1824 3158 expensas
1844 3104 2017 3158 quam-

2132 3098 2370 3166 corporis
2409 3106 2553 3150 motu
2598 3096 2726 3149 nihil
2759 3082 3010 3149 indecens
3050 3093 3314 3159 videatur,
3346 3092 3487 3161 quod
3516 3093 3697 3147 inten-

466 3196 672 3250 cunque
702 3180 1011 3235 facultatum
1054 3195 1267 3234 suarum
1312 3181 1624 3251 particulam
1669 3182 2021 3249 contulerint;

466 3281 519 3324 et
542 3271 666 3325 inde
686 3270 1022 3340 postmodum
1052 3270 1262 3335 cadant,
1290 3271 1595 3339 unde'prius
1618 3272 1909 3329 ascendere
1930 3289 2026 3329 cu-

467 3363 700 3432 piebant.
721 3362 854 3427 Quid
877 3361 1092 3431 prodest
1113 3376 1241 3431 opes
1265 3362 1593 3432 dispergere,
1614 3371 1669 3416 et
1697 3378 1896 3433 pauper
1913 3366 2025 3431 fieri

465 3453 784 3523 pauperibus
802 3452 1093 3523 eroganda,
1119 3454 1162 3507 si
1185 3453 1358 3507 anima
1383 3454 1575 3507 misera
1601 3455 1881 3523 superbior
1904 3456 2024 3513 efﬁ-

468 3544 641 3597 ciatur
660 3543 869 3598 divitias
887 3543 1299 3608 contemnendo,
1318 3559 1473 3619 quam
1495 3543 1667 3600 fuerat
1685 3548 2028 3611 possidendo?

468 3636 666 3691 Omnes
695 3651 822 3705 ergo
852 3638 903 3689 in
946 3636 1291 3695 unanimitate
1340 3647 1642 3705 perstantes
1672 3639 1929 3695 honorate
1975 3642 2025 3695 in

465 3724 617 3779 vobis
644 3725 835 3789 Deum,
877 3725 1028 3795 cujus
1057 3726 1255 3794 templa.
1277 3725 1418 3782 effici
1448 3729 1732 3799 meruistis.
1769 3732 2028 3799 Imprimis

464 3811 749 3882 diligamus
781 3814 947 3868 Deum
999 3824 1109 3870 tota
1154 3816 1347 3871 virtute
1373 3816 1567 3882 animi,
1622 3817 1813 3874 deinde
1857 3821 2031 3887 proxi-

404 3902 408 3905 ’
466 3920 610 3959 mttm
646 3922 661 3959 :
699 3905 798 3959 ista
845 3906 987 3961 enim
1025 3906 1178 3962 nobis
1230 3915 1355 3961 sunt
1414 3918 1675 3983 prtecepta
1731 3911 2030 3979 specialiter

466 3992 612 4047 data.
644 3992 835 4049 Abbati
867 4004 987 4064 post
1017 3995 1181 4051 Deum
1212 3996 1547 4065 impendatur
1577 3998 1766 4062 honor.
1796 4008 1855 4055 et
1879 4016 2035 4065 reve-A

465 4082 639 4136 rentia
671 4094 973 4138 reservetur
1008 4102 1021 4138 :
1053 4085 1359 4154 praeposito,
1406 4087 1550 4155 sicut,
1589 4086 1681 4153 Dei
1722 4104 1909 4144 servos
1940 4090 2033 4145 de-

464 4184 569 4237 cet,
606 4174 761 4241 plena
799 4174 1017 4231 dilectio
1066 4185 1122 4231 et
1163 4190 1390 4232 concors
1440 4179 1738 4243 obedientia
1785 4195 2030 4243 commo-

467 4264 642 4317 detur.

537 4370 665 4423 CAP.
697 4384 787 4423 xv.
830 4368 887 4423 In
927 4370 1162 4424 oratorio
1208 4382 1400 4439 praeter
1444 4372 1631 4427 orandi
1670 4384 1724 4427 et
1774 4372 2035 4441 psallendi

2130 3190 2305 3245 dentis
2355 3187 2589 3244 offendat
2628 3195 2940 3255 aspectum;
2984 3185 3081 3240 sed
3128 3185 3233 3239 illis
3276 3199 3498 3253 operam
3544 3184 3693 3250 date,

2131 3297 2251 3351 quas
2275 3288 2467 3337 vestrae
2492 3278 2815 3335 conveniunt
2843 3277 3133 3331 sanctitati.

2199 3374 2330 3431 Car.
2371 3388 2520 3428 xvm.
2562 3371 2713 3427 Oculi
2750 3371 2948 3435 vestri,
2992 3372 3040 3423 si
3083 3371 3135 3423 in
3181 3384 3495 3438 quacunque
3543 3380 3697 3438 parte

2130 3454 2361 3541 porrecti
2381 3507 2397 3531 ,
2426 3469 2633 3523 vultum
2660 3464 2978 3519 incurrerint
3006 3462 3318 3516 feminarum
3338 3504 3353 3526 ,
3380 3461 3592 3516 animus
3618 3470 3701 3515 ta,-

2132 3577 2255 3615 men
2282 3560 2395 3615 Deo
2422 3557 2631 3613 deditus
2673 3555 2811 3609 nulla
2842 3552 3289 3622 concupiscentia:
3329 3553 3533 3607 macula
3574 3551 3695 3619 pol-

2131 3654 2325 3707 luatur.
2359 3649 2713 3704 Procedeutes
2737 3661 2882 3715 ergo,
2907 3645 3026 3715 quia
3052 3660 3156 3698 non
3186 3643 3537 3712 prohibemini
3557 3684 3572 3702 .
3596 3658 3697 3697 nec

2133 3746 2323 3800 valetis
2352 3741 2854 3808 contemplationem
2885 3739 3119 3807 eifugere
3149 3737 3461 3791 feminarum
3482 3778 3499 3802 ,
3530 3750 3696 3804 appe-

2135 3847 2247 3892 tere
2276 3844 2452 3890 tamen
2492 3844 2546 3889 et
2596 3833 2663 3885 ab
2692 3830 2822 3899 ipsis
2852 3830 3027 3898 appeti
3057 3829 3197 3883 velle
3222 3829 3427 3882 crimen
3455 3837 3557 3881 est.
3588 3826 3699 3882 Nec

2137 3928 2254 3981 solo
2286 3936 2430 3980 tactu
2459 3934 2513 3979 et
2560 3924 2750 3978 aﬁ‘ectu
2770 3965 2785 3986 ,
2814 3923 2905 3976 scd
2946 3929 3162 3989 aspectu
3195 3935 3404 3988 quoque
3440 3918 3696 3985 concupi-

2134 4016 2333 4072 scentia
2377 4015 2665 4070 incurritur
2696 4013 3008 4068 feminarum
3040 4027 3055 4064 :
3090 4025 3190 4063 nec
3220 4008 3464 4063 statuatis
3500 4006 3703 4061 habere

2135 4124 2229 4163 vos
2276 4107 2460 4161 oculos
2507 4104 2761 4174 pudicos,
2807 4104 2849 4157 si
2894 4102 3089 4171 geratis
3129 4101 3333 4153 animos
3364 4097 3730 4165 impudicos:

2135 4201 2260 4271 quia
2287 4197 2584 4267 impudicus
2612 4195 2796 4251 oculus
2835 4191 3083 4258 impudici
3116 4190 3295 4244 cordis
3333 4199 3415 4244 est
3456 4188 3694 4241 nuntius.

2135 4292 2235 4359 Qui
2263 4299 2440 4345 autern
2468 4290 2521 4341 in
2548 4286 2739 4341 femina
2768 4282 3003 4338 libidinis
3025 4281 3243 4337 conscia
3262 4280 3525 4335 convertit
3548 4292 3703 4346 aspe-

2137 4395 2315 4448 ctum,
2350 4398 2452 4436 non
2485 4382 2711 4435 :nstimet
2745 4379 2910 4433 latere
2950 4375 3088 4445 quod
3139 4389 3293 4430 mens
3319 4373 3548 4444 peccatis
3575 4387 3701 4443 gra-

463 4462 662 4515 culttun
684 4461 894 4531 penitus
922 4460 1053 4515 nihil
1075 4471 1261 4529 agatur
1279 4500 1295 4525 ,
1328 4470 1386 4515 ut
1411 4464 1610 4523 nomini
1641 4463 1759 4517 huic
1780 4474 1836 4518 et
1862 4478 2022 4532 Opera
2052 4464 2109 4528 ι)
2138 4484 2257 4528 νοω
2285 4471 2547 4539 concepit.
2579 4470 2683 4524 Sed
2711 4468 2793 4521 fac
2819 4477 3024 4521 certum
3051 4464 3340 4533 essetquod
3368 4464 3564 4528 lateat,
3590 4474 3648 4517 ut
3670 4477 3707 4516 δ

467 4548 656 4618 iugiter
700 4552 936 4619 impensa
988 4552 1358 4617 concordent:
1400 4559 1459 4611 ut
1499 4552 1546 4606 si
1594 4554 1786 4622 aliquis
1831 4565 2028 4623 praeter

466 4640 778 4695 constitutas
811 4641 969 4695 horas
1016 4640 1241 4696 Domino
1291 4642 1681 4710 supplicaturus
1713 4645 2033 4715 ingreditur,

460 4741 644 4787 votum
667 4750 819 4788 suum
839 4736 1119 4803 occupatio
1148 4736 1322 4795 aliena
1352 4753 1456 4792 non
1489 4739 1681 4793 tardet.
1708 4738 1883 4794 Nolite
1903 4755 2030 4795 can-

445 4834 601 4900 tare,
635 4825 733 4879 nisi
769 4825 907 4894 quod
936 4826 1110 4895 legitis
1139 4841 1260 4882 esse
1289 4828 1635 4889 cantandum.
1687 4829 1912 4884 Carnem
1941 4846 2031 4895 ve-

467 4925 630 4971 stram
658 4918 970 4971 mortiﬁcate
993 4932 1090 4986 per
1116 4916 1523 4983 abstinentiam,
1573 4917 1787 4974 domate
1811 4918 2033 4989 jejuniis

468 5019 625 5080 atque
675 4991 894 5078 vigiliis;
939 5009 1175 5069 animam.
1214 5023 1341 5062 vero
1367 5018 1601 5077 vestram
1655 5008 1830 5069 nitore
1876 5011 2029 5064 bona:

467 5105 890 5163 conversationis
917 5103 1137 5159 abluite.

535 5208 663 5262 Car.
694 5221 801 5261 xvi.
832 5205 891 5260 Si
920 5213 1225 5261 attenuatus
1253 5205 1574 5271 abstinentia
1610 5206 1773 5263 frater
1802 5221 1908 5261 non
1933 5223 2029 5262 va-

465 5297 622 5352 luerit
656 5295 855 5366 jejunia
914 5309 1161 5364 suscepta
1211 5307 1449 5364 portare,
1498 5296 1600 5352 nisi
1652 5299 1860 5364 prandii
1901 5298 2032 5354 hora

465 5389 752 5454 completa,
800 5385 997 5454 aliquid
1042 5387 1515 5453 acciperejudicet
1567 5386 1901 5449 indecorum.
1954 5388 2034 5442 Illi

464 5494 595 5535 vero
620 5477 710 5548 qui
740 5477 1077 5532 incommodo
1101 5479 1433 5543 detinentur,
1466 5489 1522 5533 et
1545 5479 1848 5548 designatas
1878 5480 2036 5543 horas

465 5586 572 5628 non
594 5579 813 5640 possunt
854 5567 1141 5634 custodire,
1175 5568 1326 5624 licite
1349 5569 1709 5635 concedatur;
1738 5570 2033 5638 percipiant

465 5660 680 5733 quando
699 5670 937 5735 possunt.
966 5660 1074 5717 Nec
1101 5659 1259 5719 debet
1276 5659 1397 5717 aliis
1423 5658 1717 5727 molestiam
1746 5675 2023 5727 generaret

2138 4566 2528 4632 nulloproxsus
2559 4561 2774 4616 homine
2798 4559 3062 4623 videatur,
3087 4557 3213 4627 quid
3233 4556 3301 4611 de
3323 4556 3416 4609 illo
3441 4555 3597 4609 faciet
3623 4557 3704 4609 in-

2134 4664 2399 4725 spectore,
2423 4667 2579 4721 quem
2605 4659 2811 4705 secreta
2839 4664 2941 4703 non
2972 4648 3181 4711 fallunt,
3210 4661 3369 4716 quem
3395 4646 3601 4699 occulta
3631 4645 3705 4696 la—

2137 4756 2250 4801 tere
2280 4759 2383 4799 non
2417 4742 2683 4812 possunt?
2715 4741 2809 4795 llle
2837 4755 2966 4809 ergo
3004 4740 3085 4792 vir
3124 4746 3339 4791 sanctus
3373 4733 3481 4788 Deo
3521 4736 3708 4789 timeat

2136 4835 2455 4903 diVSpIicere,
2485 4833 2569 4886 cui
2600 4830 2809 4887 ﬁdelem
2837 4828 3088 4883 famulum
3115 4842 3174 4881 se
3200 4826 3347 4891 cupit
3381 4824 3702 4879 ostendere:

2144 4929 2376 4997 cogitet,
2410 4940 2485 4980 ue,
2513 4925 2693 4978 animo
2718 4936 2816 4976 suo
2844 4920 3068 4976 feminas
3096 4918 3235 4973 male
3264 4916 3546 4985 placiturus
3577 4917 3705 4968 insi-

2139 5030 2266 5075 nuet
2292 5038 2305 5072 :
2339 5026 2545 5073 metuat
2566 5028 2689 5071 eum
2716 5011 2897 5069 omnia
2923 5011 3123 5076 videre,
3145 5008 3232 5063 cui
3265 5007 3524 5061 humanus
3555 5016 3707 5061 actus

2142 5110 2274 5165 nihil
2296 5111 2435 5162 valet
2455 5105 2724 5162 occulere.
2762 5103 2908 5159 Illius
2927 5116 3052 5170 ergo
3076 5099 3233 5155 timor
3254 5110 3487 5167 presens
3512 5094 3706 5164 iugiter

2137 5200 2418 5261 habeatur,
2440 5198 2509 5251 de
2530 5210 2636 5265 quo
2657 5196 2905 5262 scriptum
2928 5201 3037 5247 est:
3055 5189 3370 5244 Abominatio
3392 5196 3465 5240 est
3486 5184 3707 5239 Domino

2143 5292 2371 5361 deﬁgens
2397 5288 2605 5351 oculum,
2628 5285 2811 5354 (Prov.
2834 5283 2963 5354 xvi).
2989 5280 3211 5349 Quando
3238 5294 3366 5347 ergo
3393 5276 3553 5333 simul
3575 5274 3708 5331 estis

2141 5384 2195 5437 in
2228 5381 2456 5436 ecclesia
2477 5420 2494 5443 ,
2530 5387 2621 5432 aut
2652 5378 2703 5431 in
2730 5389 3045 5445 quocunque
3073 5373 3220 5435 loco,
3248 5371 3335 5424 ubi
3361 5384 3483 5425 esse
3503 5367 3713 5435 possint,

2145 5484 2436 5543 [umentes
2465 5482 2521 5527 et
2551 5471 2762 5526 feminae
2780 5509 2795 5533 ,
2825 5467 3019 5536 singuli
3047 5466 3115 5521 de
3139 5464 3385 5519 omnibus
3409 5476 3589 5517 curam
3616 5474 3709 5530 ge.

2147 5577 2329 5627 rentes
2362 5574 2595 5621 vestram
2622 5560 2859 5617 studiose
2899 5557 3202 5629 pudicitiam
3243 5553 3524 5619 custodite.
3569 5551 3709 5607 Deus

2143 5659 2289 5715 enim.
2312 5658 2403 5721 qui
2423 5655 2627 5713 habitat
2644 5654 2700 5712 itt
2727 5650 2905 5717 vobis,
2920 5648 3153 5707 adhibita
3178 5644 3545 5718 hujuscemodi
3563 5642 3712 5707 soliis
