4034 6166
18 0 49 323 i

120 358 183 415 Ἃ
373 359 477 415 985
1220 354 1568 413 CUJUSDAM
1613 354 1856 410 PATRTS
1896 353 2173 409 REGULA
2220 355 2308 410 AD
2351 354 2735 411 MONACHCS.
3510 352 3615 408 986

373 388 477 415 υδύ
1220 388 1568 413 νυδυσυηδιι
1613 388 1856 410 ιειιιι.υ
1898 388 2173 409 nul-uua
2220 388 2307 410 ηυ
2351 388 2735 411 ωυ-ιίιυιιυυο
3511 388 3612 408 υιυ

154 388 624 621 \itntlitte,
646 481 742 522 vos
765 465 1060 535 dignabitur
1083 466 1367 521 custodire.
1397 467 1461 520 Et
1483 466 1530 519 si
1556 468 1709 532 hanc,
1736 466 1802 519 de
1829 482 1937 534 qua
1974 468 2012 523 Α
2046 476 2261 529 nuntur,
2295 467 2415 520 sine
2455 467 2881 521 murmuratione
2920 466 3154 520 serviant
3195 465 3467 520 fratribus.
3508 466 3612 520 Co-

409 577 578 621 ninor,
612 561 750 615 oculi
784 561 1124 621 petulantiam
1156 560 1206 613 in
1235 560 1411 621 aliquo
1439 570 1674 613 vestrum
1702 560 1818 621 quis
1843 559 1937 611 ad-
2043 556 2188 609 dices
2225 558 2311 621 qui
2353 567 2504 610 extra
2539 558 2726 610 horam
2761 558 3053 621 petierint,
3086 573 3188 608 non
3221 557 3527 621 accipiant;
3557 566 3612 609 et

409 577 578 630 iquor,
612 561 750 615 oculi
784 561 1124 627 petulantiam
1156 560 1206 613 in
1235 560 1411 628 aliquo
1439 570 1674 613 vestrum
1702 560 1818 627 quis
1843 559 1937 611 ad-
2043 556 2188 609 dices
2225 558 2311 625 qui
2353 567 2504 610 extra
2539 558 2726 610 horam
2761 558 3053 625 petierint,
3086 573 3188 608 non
3221 557 3527 623 accipiant;
3557 566 3614 609 et

373 652 622 716 \ertcrit,
651 652 828 705 statim
858 663 1065 704 monete
1087 692 1102 715 ,
1136 662 1191 705 ut
1228 652 1295 705 de
1337 652 1577 718 proximo
1614 652 1930 717 corrigatur.

375 746 481 795 Nec
518 758 575 795 se
618 750 759 809 putet
798 741 1117 795 malevolum
1147 781 1161 804 ,
1201 740 1412 809 quando
1454 741 1557 794 hoc
1598 742 1843 804 iudicat;
1883 750 1936 793 et

377 832 495 885 ideo
522 831 678 886 debet
711 831 963 899 publicari
991 832 1076 897 qui
1105 831 1364 896 ejusmodi
1392 839 1507 895 est,
1540 846 1604 885 ne
1630 831 1678 883 itt
1704 832 1938 887 deterius

377 931 600 977 crescat.
641 922 697 977 Si
738 936 863 976 vero
900 922 1200 975 admonitus
1250 921 1535 976 emendare
1596 924 1937 990 neglexerit,

377 1012 558 1067 abbati
612 1021 695 1065 est
746 1012 1117 1076 indicandum,
1165 1021 1219 1065 ut
1256 1011 1324 1065 ab
1362 1013 1475 1078 ipso
1523 1012 1943 1066 emendatoriam

379 1086 945 1169 subeatdisciplinam.
992 1101 1049 1157 Si
1075 1112 1253 1156 autem
1289 1117 1387 1156 nec
1415 1103 1493 1156 sic
1534 1103 1943 1165 emendauerit,

379 1194 531 1260 quasi
562 1195 677 1249 ovis
706 1195 946 1251 morbida
970 1210 1001 1251 a
1024 1208 1199 1249 vestra
1230 1197 1486 1249 societate
1519 1195 1840 1262 pruj'ieiatur,
1875 1209 1940 1249 ne

378 1284 627 1351 exemplo
664 1298 763 1338 suo
800 1286 933 1338 alios
972 1284 1161 1353 perdat
1185 1325 1200 1349 ,
1242 1286 1315 1343 ita
1354 1284 1497 1338 enim
1535 1286 1603 1339 de
1639 1284 1945 1351 cupiditatis

384 1376 514 1433 vitio
545 1386 626 1428 est
652 1375 1027 1444 inquirendum
1052 1416 1067 1441 ,
1101 1385 1155 1428 ut
1181 1390 1299 1429 cum
1342 1376 1443 1429 hoc
1483 1376 1607 1433 vitio
1645 1374 1948 1442 agnoscitur

382 1470 497 1536 quis
526 1469 798 1533 laborare,
828 1469 1112 1538 casngelur
1138 1482 1166 1521 a
1197 1468 1456 1536 plurimis,
1504 1484 1623 1520 cum
1664 1468 1949 1521 dileCtione

382 1562 606 1631 peoximi
635 1570 689 1615 et
715 1562 838 1615 odio
867 1560 1138 1617 vitiorum.

449 1673 575 1729 Car.
616 1691 723 1729 xix.
763 1676 860 1741 Qui
902 1691 1029 1729 vero
1069 1679 1274 1729 litteras
1307 1677 1387 1730 vel
1422 1676 1737 1731 munuscula
1767 1678 1946 1745 cujus-

381 1780 595 1836 cunque
639 1768 880 1835 aceipere
924 1768 1355 1836 prresumpserit,
1405 1769 1452 1821 si
1500 1786 1604 1823 non
1644 1772 1855 1832 statim,
1918 1787 1947 1823 a

381 1874 487 1927 quo
516 1860 753 1928 accepit,
785 1870 841 1912 et
866 1875 982 1926 qua:
1004 1862 1206 1926 accepit
1230 1860 1602 1928 publicaverit,
1628 1862 1942 1915 distriCtiOni
1978 1851 2021 1909 Β

381 1951 733 2005 severissimae
751 1952 1062 2018 subjarebit.
1084 1952 1168 2004 Illa
1193 1967 1321 2005 vero
1334 1967 1451 2020 quia
1475 1956 1780 2007 transmissa
1805 1964 1943 2019 sunt,

388 2042 681 2111 peregrinis
710 2052 764 2095 et
795 2043 989 2111 ignotis
1019 2042 1441 2111 deputabuntur,
1474 2053 1565 2097 aut
1591 2055 1738 2098 certe
1771 2046 1949 2097 inceno

382 2137 473 2190 diu
498 2136 900 2189 cremabantur.
939 2136 1078 2191 Sane
1107 2138 1151 2190 si
1183 2139 1301 2206 quis
1333 2139 1442 2190 suis
1473 2137 1597 2193 filiis
1618 2179 1632 2201 .
1667 2139 1747 2193 vel
1774 2140 1948 2206 aliqua

383 2228 448 2281 ad
479 2244 538 2282 se
570 2230 958 2283 necessitudine
990 2230 1379 2295 pertinentibus
1406 2230 1601 2300 aliquid
1629 2231 1943 2293 contulerit,

385 2318 437 2384 in
467 2332 578 2371 rem
605 2333 937 2372 communem
964 2320 1233 2373 redactum
1256 2360 1270 2384 ,
1299 2321 1383 2372 cui
1414 2321 1767 2374 necessarium
1794 2320 1947 2376 fuerit

384 2411 666 2464 tribuatur.
702 2412 754 2463 Si
790 2404 916 2465 vero
944 2412 1027 2464 cui
1060 2413 1425 2465 transmissum
1457 2422 1573 2476 est,
1605 2414 1767 2466 abbas
1808 2428 1945 2480 pra:-

385 2502 589 2568 ceperit
616 2502 767 2566 dari,
801 2512 1049 2569 tanquam
1083 2504 1279 2573 teliqua
1313 2504 1542 2557 ﬁdelium
1575 2520 1795 2557 tnunera
1824 2519 1944 2559 cum

381 2592 666 2661 gratiarum
698 2598 907 2647 actione
939 2593 1215 2662 percipiet.
1249 2595 1646 2649 Observandum
1680 2607 1760 2649 est
1787 2597 1943 2652 etiam

382 2701 452 2739 ne
484 2686 753 2740 interioris
782 2688 972 2740 anima:
1001 2687 1189 2741 sordes
1232 2689 1511 2741 contrahat
1543 2689 1706 2741 vestis
1735 2688 1945 2743 mundat

383 2780 585 2833 nimius
628 2781 918 2849 appetitus.
961 2781 1297 2849 QuaprOpter
1350 2782 1643 2835 secundum
1676 2782 1944 2850 praepositi

381 2884 503 2929 sunt
530 2875 918 2929 ordinationem
950 2875 1209 2930 lavandte.
1241 2876 1369 2942 Qua:
1401 2885 1505 2929 tant
1535 2877 1761 2945 simplici
1790 2885 1947 2931 erunt

380 2972 433 3018 et
463 2965 642 3017 nativo
670 2965 849 3018 colore
879 2968 1224 3033 procuranda:
1244 3008 1259 3031 ,
1285 2983 1352 3020 ne
1376 2967 1696 3035 dieparilitas
1720 2969 1942 3022 vestium

380 3055 576 3109 nutriat
610 3057 929 3126 arrogantize
973 3058 1155 3111 vitium
1184 3076 1196 3110 :
1233 3067 1289 3112 et
1330 3060 1403 3112 ita
1434 3069 1560 3111 sunt
1588 3057 1944 3127 indigentibus

378 3148 671 3203 tribuenda:
691 3190 707 3216 ,
742 3166 807 3204 ne
836 3150 962 3203 vitio
990 3150 1227 3204 avaritia:
1255 3160 1566 3215 reservata},
1604 3151 1943 3219 pr0videttdi8

377 3240 598 3309 singulis
626 3241 780 3295 detur
812 3242 1052 3295 audacia.
1096 3242 1150 3296 Si
1180 3244 1301 3310 quis
1332 3257 1458 3295 vero
1488 3242 1569 3295 bis
1608 3242 1935 3311 negligenter
1967 3220 2014 3284 ί]

378 3336 677 3404 expetenda
718 3338 1013 3406 putaverit,
1061 3337 1329 3406 praepositi
1369 3339 1433 3390 sit
1474 3353 1635 3401 cura,
1676 3346 1734 3390 ut
1772 3336 1940 3390 inter-

376 3443 560 3483 versor
586 3445 764 3483 rerum
798 3428 1251 3482 monasterialittm
1282 3427 1599 3495 corrigatur.
1644 3432 1781 3480 Ante
1823 3439 1940 3479 om-

377 3520 461 3574 nia
492 3531 874 3589 procurantes,
910 3530 965 3571 ut
996 3519 1113 3573 lites
1148 3520 1318 3572 nullas
1361 3518 1633 3581 habeatis;
1676 3518 1719 3570 si
1764 3526 1939 3569 autem

374 3611 589 3667 diabolo
613 3612 898 3681 inssigante
930 3611 1084 3665 facta,
1119 3611 1315 3666 fuerint
1342 3652 1357 3677 ,
1388 3612 1548 3665 celeri
1579 3612 1938 3665 satisfactione

372 3715 628 3759 sanentur
657 3721 670 3769 ;
704 3714 756 3758 et
784 3704 905 3758 inde
934 3703 1275 3773 proferantur
1307 3703 1538 3757 remedia
1566 3745 1580 3767 ,
1622 3704 1758 3757 unde
1800 3703 1934 3756 facta

372 3804 495 3847 sunt
522 3796 734 3846 vulnera
763 3810 777 3855 ;
810 3810 905 3848 nec
935 3795 1146 3848 occidat
1173 3795 1252 3847 sol
1279 3808 1441 3862 super
1484 3794 1807 3847 iracundiam
1849 3808 1938 3845 ve-

361 3892 538 3951 .stram
583 3880 795 3950 (Ephes.
824 3880 923 3948 tv).
954 3879 1411 3934 Consuetudinem
1443 3882 1658 3950 jurandi
1690 3882 1932 3951 abjicite.

376 3972 461 4027 Sit
494 3980 675 4028 sermo
714 3983 893 4027 vester
917 4015 931 4036 ,
989 3983 1072 4027 est
1102 3983 1204 4037 est,
1247 3989 1352 4027 non
1386 3991 1493 4029 non
1523 3995 1535 4041 ;
1578 3976 1701 4046 quia
1731 4020 1745 4043 ,
1793 3977 1935 4032 sicut

375 4066 636 4120 Dominus
671 4068 745 4121 ait
786 4083 797 4120 :
834 4066 983 4131 Quod
1020 4067 1099 4119 Itis
1130 4065 1487 4121 abundantius
1510 4077 1603 4133 est,
1636 4089 1667 4123 α
1699 4070 1836 4124 malo
1860 4079 1937 4124 est

377 4158 594 4226 (Jlatllt.
636 4161 713 4227 v).

441 4263 568 4346 Cir.
614 4282 711 4320 xx.
755 4266 987 4321 Feminae
1021 4278 1254 4321 vestrum
1287 4283 1389 4321 non
1421 4271 1759 4338 frequentem
1786 4269 1935 4321 habi-

373 4357 635 4423 tacblnm,
666 4357 757 4411 sed
785 4373 903 4412 cum
932 4375 1027 4428 pro
1053 4360 1341 4414 devotione
1360 4377 1488 4424 sua,
1516 4362 1596 4415 vel
1630 4378 1725 4429 pro
1750 4376 1933 4415 amore

370 4447 640 4516 religionis
683 4459 883 4504 vestrte-
913 4451 1230 4519 expetivrint
1261 4454 1671 4516 monasterium,
1707 4470 1817 4507 non.
1855 4457 1932 4508 eis

366 4542 689 4596 concedatur
713 4544 995 4598 interiores
1022 4546 1324 4599 monasterii
1348 4545 1539 4613 januas
1568 4547 1804 4611 introire,
1837 4548 1933 4601 sed

366 4629 419 4683 in
449 4633 707 4699 oratorio,
734 4643 825 4691 aut
852 4633 901 4686 iu
936 4634 1183 4702 hospitali
1212 4635 1247 4689 d
1268 4650 1371 4688 amo
1402 4636 1653 4691 reddatur
1685 4638 1787 4691 illis
1829 4638 1927 4691 lto-

365 4733 465 4773 nor
499 4730 551 4774 et
589 4720 755 4790 gratia
790 4739 805 4776 :
846 4738 950 4775 non
991 4724 1405 4792 exspectationis
1444 4740 1603 4779 causa
1628 4767 1642 4791 ,
1685 4727 1781 4789 sed
1833 4743 1928 4795 pro

363 4812 740 4864 constitutione
771 4813 965 4881 regulae
997 4813 1075 4865 vel
1106 4814 1410 4868 monasterii
1443 4814 1742 4881 disciplina.

431 4899 559 4953 CAP.
607 4915 724 4955 xxt.
768 4901 1167 4956 Inlirmitatibus
1197 4918 1407 4971 quoque
1428 4944 1444 4968 ,
1479 4904 1561 4957 vel
1593 4904 1765 4972 aliqua
1798 4905 1926 4958 inat-

361 4991 615 5060 qualitate
641 4991 1011 5047 laborantibus
1046 4995 1177 5049 satis
1208 4994 1380 5049 ﬁdelis
1418 5005 1472 5048 et
1509 5006 1727 5050 strenua
1766 5000 1928 5052 debet

362 5099 586 5153 persona
628 5089 899 5155 praeponi;
941 5103 1063 5157 qua:
1102 5099 1157 5143 et
1194 5088 1406 5152 :egrotis
1442 5104 1562 5143 cum
1593 5091 1788 5157 pietate
1819 5105 1930 5144 ser-

362 5174 502 5240 viat,
532 5184 588 5231 et
627 5178 1060 5232 monasterialem
1109 5178 1448 5250 disciplinam
1490 5179 1805 5249 regulariter
1834 5196 1928 5234 cr.-

361 5265 591 5328 stodiat,
636 5277 689 5321 et
725 5282 843 5323 aute
881 5268 1207 5323 conveniunt
1241 5267 1504 5337 inﬁrmis,
1546 5271 1933 5327 rationabiliter

361 5356 643 5425 expendat.

432 5473 559 5527 CAP.
601 5490 735 5528 xxn.
773 5475 868 5541 Qui
901 5476 1120 5529 cellario
1147 5492 1275 5531 vero
1304 5479 1384 5532 vel
1421 5477 1697 5533 codicibus
1722 5494 1929 5549 praepo-

388 5561 432 5605 Ξ

1374 5640 1475 5699 DE
1519 5641 1920 5704 CUIUSDAM
1965 5600 2243 5707 PATRIS
2286 5644 2601 5705 REGULA

2043 648 2132 715 qui
2171 648 2307 715 apud
2352 664 2410 702 se
2453 648 2738 703 habuerint
2775 651 3004 714 amplins
3059 664 3214 714 quant
3268 648 3611 702 constitutum

2042 752 2165 798 εει,
2210 738 2443 791 tetinete
2487 755 2590 790 non
2626 740 2873 791 audeant.
2918 738 3041 792 ll:rc
3079 739 3127 789 in
3170 742 3381 789 nomine
3419 736 3611 790 Cill'isli

2044 840 2263 897 agentes
2288 870 2301 892 ,
2346 830 2494 882 scitis
2533 843 2626 880 vos
2668 831 2921 894 prolicere
2949 869 2963 893 ,
3004 838 3054 881 et
3094 845 3211 879 cum
3264 827 3524 879 suavitate
3561 840 3612 880 et

2048 917 2225 985 quiete
2258 918 2309 969 in
2342 921 2663 971 monasterio
2697 919 3002 985 perdurare.
3046 917 3267 984 Quando
3306 927 3480 969 autem
3524 937 3610 969 ne-

2047 1020 2269 1063 ccbsuas
2297 1012 2589 1077 disciplinae
2620 1011 2672 1063 in
2708 1011 2940 1064 moribus
2970 1009 3283 1063 coercendis
3312 1010 3488 1063 dicere
3521 1026 3614 1061 vos

2046 1104 2206 1155 verba
2233 1103 2364 1156 dura
2388 1102 2693 1170 compellit,
2724 1102 2930 1158 etiamsi
2962 1103 3014 1155 in
3042 1103 3169 1170 ipsis
3198 1102 3409 1156 modum
3436 1117 3615 1156 exces-

2049 1193 2184 1245 Sisse
2227 1208 2320 1246 vos
2364 1192 2586 1247 fortasse
2629 1193 2836 1247 sentitis
2877 1192 3204 1259 disciplima;
3253 1209 3354 1245 non
3396 1209 3425 1245 a
3465 1196 3615 1246 vobis

2049 1284 2296 1350 exigitur,
2339 1295 2391 1338 ut
2433 1284 2642 1337 veniam
2689 1284 3008 1351 postuletis:
3052 1300 3116 1336 ne
3155 1284 3290 1351 apud
3339 1299 3433 1339 eos
3483 1301 3615 1351 quos

2049 1384 2255 1440 oportet
2285 1390 2404 1428 esse
2433 1374 2699 1441 subjectos
2719 1415 2734 1437 ,
2767 1375 2889 1428 dum
2925 1374 3143 1427 nimium
3170 1384 3409 1427 servatur
3440 1374 3614 1427 itumi-

2051 1466 2204 1529 Ltus,
2240 1466 2449 1527 regendi
2496 1469 2764 1533 frangatur
2803 1469 3106 1523 auctoritas.
3150 1465 3614 1531 Tantenpetentla

2052 1558 2201 1608 \ettia
2244 1569 2325 1611 ρει
2362 1557 2430 1608 ab
2467 1560 2703 1610 omnium
2740 1557 2992 1621 Domino,
3025 1573 3110 1624 qut
3153 1558 3295 1608 novit
3335 1557 3492 1607 etiam
3523 1570 3617 1609 eos

2050 1662 2183 1718 quos
2218 1650 2333 1713 plus
2359 1648 2501 1714 justo
2536 1649 2669 1700 forte
2702 1647 2990 1714 corripitis,
3020 1655 3214 1714 quanta
3246 1647 3609 1700 benevolentia

2051 1738 2299 1807 diligatis.
2334 1740 2574 1791 Charitas
2601 1739 2738 1791 enim
2761 1783 2774 1803 ,
2809 1737 2874 1790 de
2918 1752 3018 1807 qua
3055 1737 3307 1805 scriptum
3348 1746 3458 1802 est,
3498 1738 3617 1806 quia

2049 1846 2147 1881 non
2178 1829 2353 1897 quwrit
2380 1844 2491 1894 quw
2519 1844 2611 1880 tua
2642 1837 2759 1879 sunt
2786 1825 2847 1894 (Ι
2874 1824 2990 1879 Cor.
3017 1824 3139 1894 χιιι)
3163 1867 3177 1891 ,
3218 1827 3376 1880 etiam
3418 1827 3501 1878 hic
3540 1827 3617 1878 iti-

2053 1920 2302 1988 telligitttt‘
2331 1920 2583 1972 custodiri
2610 1934 2623 1971 :
2659 1920 2779 1987 quia
2807 1917 2936 1970 dum
2966 1917 3192 1970 alienant
3237 1918 3472 1968 nituntur
3516 1918 3613 1968 itu-

2051 2012 2259 2065 miliare
2284 2012 2588 2080 superbiant
2611 2050 2624 2072 ,
2654 2016 2907 2077 quantum
2935 2009 3237 2062 desiderant
3265 2024 3377 2062 non
3399 2017 3619 2075 possunt

2053 2103 2317 2156 humiliari
2351 2116 2627 2169 personas.
2655 2100 2786 2166 Quia
2819 2116 2921 2154 non
2953 2100 3214 2159 carnalis,
3246 2100 3339 2151 sed
3369 2101 3620 2165 spiritalis

2051 2194 2064 2247 i
2091 2204 2189 2247 .ter
2217 2209 2315 2246 vos
2343 2193 2499 2246 debet
2531 2208 2650 2245 esse
2679 2192 2927 2254 dilectio;
2956 2199 3008 2243 et
3036 2192 3155 2242 ideo
3181 2189 3249 2243 de
3273 2190 3506 2241 omnium
3536 2205 3619 2242 sa-

2054 2286 2162 2337 lute
2191 2284 2496 2354 diligentius
2522 2282 2751 2351 cogitate
2776 2298 2789 2334 :
2820 2282 2940 2350 quia
2967 2281 3029 2334 de
3055 2280 3355 2335 commissis
3382 2281 3480 2334 sibi
3508 2284 3619 2335 ani-

2051 2377 2237 2429 mabus
2268 2377 2624 2445 unusquisque
2653 2375 2953 2428 redditurus
2980 2384 3059 2427 est
3089 2372 3307 2426 Domino
3334 2374 3621 2426 rationem.

2116 2468 2245 2521 CAP.
2293 2483 2451 2520 xxnt.
2495 2468 3103 2536 Prmposituspecialitcr
3123 2467 3419 2531 obediatur,
3453 2468 3620 2519 multo

2048 2551 2212 2625 magis
2239 2558 2443 2627 abbati,
2465 2559 2552 2628 qui
2578 2568 2806 2612 vestrum
2829 2557 3064 2611 omnium
3108 2572 3287 2610 curam
3310 2558 3464 2623 gerit,
3496 2557 3615 2624 quin

2046 2649 2134 2716 qui
2158 2649 2273 2702 illos
2293 2656 2493 2717 spernit
2511 2690 2526 2715 ,
2549 2652 2753 2718 spernit
2770 2664 2889 2704 eUtn
2913 2651 2998 2719 qui
3021 2650 3184 2703 dixit:
3217 2651 3316 2713 Qui
3340 2666 3421 2702 vos
3442 2654 3616 2715 audit,

2046 2755 2126 2794 me
2148 2742 2289 2794 audit
2310 2783 2322 2803 ,
2351 2743 2436 2811 qui
2464 2758 2548 2795 vos
2574 2745 2763 2812 spernit
2786 2783 2802 2805 ,
2834 2759 2913 2796 me
2938 2745 3123 2813 spernit
3154 2742 3170 2813 (
3194 2745 3316 2797 an.
3382 2746 3459 2813 χ).
3552 2745 3617 2800 Ut

2045 2844 2174 2901 ergo
2212 2840 2401 2885 cuncta
2434 2831 2532 2885 ista
2564 2845 2864 2899 serventur,
2902 2844 2955 2887 ct
2987 2836 3029 2886 si
3060 2836 3184 2904 quid
3216 2848 3480 2889 servatum
3512 2853 3617 2890 non

2046 2924 2235 2990 fuerit,
2267 2940 2373 2978 non
2405 2925 2739 2995 negligenter
2782 2937 3151 2995 praetereatur,
3197 2931 3288 2984 sed
3333 2931 3617 2985 emendati.

2046 3015 2171 3070 dum
2202 3017 2687 3086 corrigendumque
2715 3028 2955 3083 curetur,
2986 3019 3050 3071 ad
3094 3021 3438 3088 prtepositum
3486 3035 3619 3089 prir-

2044 3105 2195 3173 cipue
2226 3106 2553 3173 pertinebit;
2586 3118 2641 3160 ut
2665 3109 2730 3159 ad
2761 3108 3004 3162 abbatem
3030 3148 3043 3173 ,
3071 3108 3223 3178 cujus
3252 3119 3331 3162 est
3358 3113 3497 3178 apud
3524 3126 3617 3165 vos

2044 3197 2213 3266 major
2271 3202 2595 3264 auctoritas,
2645 3201 2876 3261 referat,
2912 3203 3052 3266 quod
3095 3200 3309 3254 modum
3351 3203 3434 3256 vel
3478 3204 3620 3259 vires

2048 3291 2163 3360 ejus
2192 3291 2424 3347 excedit.
2456 3291 2574 3360 Ipse
2600 3308 2727 3346 vero
2753 3292 2841 3361 qui
2870 3292 3019 3346 vobis
3053 3303 3273 3359 praeest,
3303 3311 3404 3348 non
3433 3312 3491 3349 se
3519 3312 3618 3352 tes-

2048 3380 2198 3433 timet
2229 3388 2492 3448 potestate
2524 3378 2869 3445 dominame,
2910 3381 3002 3434 sed
3048 3381 3311 3437 cbaritate
3349 3386 3618 3440 serviente

2048 3472 2301 3538 felicem;
2343 3475 2545 3527 honore
2584 3488 2766 3525 coram
2805 3472 2956 3525 vobis
2997 3474 3248 3539 praelatus
3291 3476 3392 3540 sit,
3434 3492 3616 3533 coram

2046 3561 2158 3616 Deo
2188 3563 2432 3616 subditus
2460 3566 2527 3615 sit
2557 3563 2779 3630 pedibus
2808 3562 3021 3616 vostris.
3061 3562 3215 3617 Circa
3254 3580 3439 3619 omnes
3469 3568 3613 3636 seip-

2042 3666 2159 3704 sunt
2193 3652 2452 3705 bonotum
2486 3666 2703 3718 operum
2738 3650 2970 3718 pra-beat
2999 3654 3320 3721 exemplum.
3352 3657 3619 3723 (terripiat

2043 3746 2349 3816 inquietos,
2384 3748 2690 3799 consoletur
2721 3746 3127 3813 pusillanimes,
3170 3748 3425 3814 suscipiat
3464 3749 3615 3801 inﬁr-

2044 3832 2191 3900 πυός,
2226 3836 2431 3904 patiens
2461 3837 2530 3888 sit
2559 3836 2620 3888 ad
2661 3850 2887 3889 omnes:
2931 3836 3265 3903 disciplinam
3311 3838 3481 3892 libens
3521 3838 3616 3893 ba-

2044 3927 2191 3989 beat,
2227 3936 2421 3981 metum
2456 3931 2709 3995 imponat.
2742 3926 2796 3978 Et
2833 3929 3079 3995 quamvis
3107 3936 3391 3995 utrumque
3418 3930 3487 3981 sit
3516 3945 3613 3983 ne-

2040 4021 2326 4073 cessarium
2348 4065 2360 4087 ,
2390 4031 2564 4072 tamen
2590 4021 2707 4088 plus
2733 4020 2898 4072 amari
2928 4029 3146 4088 appetat
3167 4060 3180 4081 ,
3209 4035 3365 4087 quam
3395 4020 3568 4073 timeri
3597 4039 3607 4072 :

2038 4122 2252 4176 semper
2281 4111 2517 4177 cogitans
2549 4108 2658 4162 Deo
2689 4125 2747 4162 se
2780 4124 2874 4178 pro
2906 4110 3053 4162 vobis
3088 4110 3414 4164 redditurum
3446 4112 3613 4167 ratio-

2038 4211 2179 4250 nem.
2220 4198 2365 4252 Unde
2394 4213 2489 4251 vos
2521 4199 2688 4266 magis
2717 4199 3013 4252 obedirndo
3044 4215 3147 4252 non
3192 4200 3361 4255 solum
3406 4202 3608 4269 vestri,

2036 4287 2130 4340 sed
2158 4288 2319 4341 etiam
2353 4289 2517 4357 ipsius
2550 4289 2873 4342 mismemini
2904 4306 2916 4353 ;
2950 4292 3035 4354 qui
3066 4289 3203 4341 inter
3234 4305 3324 4344 vos
3353 4303 3610 4359 quantum

2038 4380 2086 4429 in
2112 4381 2225 4433 loco
2247 4381 2540 4447 superiori,
2570 4388 2772 4432 tantum
2797 4381 2847 4431 in
2876 4380 3108 4445 periculo
3132 4381 3322 4446 maj0ti
3346 4392 3609 4437 versatur.

2107 4469 2273 4522 Donet
2305 4468 2556 4522 Dominus
2587 4482 2641 4522 ut
2673 4468 2969 4522 observetis
3012 4471 3124 4523 haec
3164 4471 3338 4524 omnia
3376 4486 3496 4523 cum
3527 4472 3611 4525 di-

2036 4562 2263 4616 lectione
2292 4571 2541 4631 tanquam
2573 4560 2829 4630 Spirilaiis
2863 4562 3277 4628 pulchritudinis
3305 4573 3568 4618 amatores
3590 4610 3611 4635 ,

2033 4662 2087 4708 et
2132 4653 2271 4707 bono
2313 4652 2515 4707 Christi
2548 4653 2712 4707 odora
2758 4652 2825 4706 de
2869 4651 3006 4705 bona
3054 4653 3462 4711 conversatione
3502 4655 3610 4709 fra-

2033 4758 2282 4817 grantes:
2315 4765 2416 4804 non
2458 4750 2595 4803 sicut
2636 4748 2781 4803 servi
2813 4748 2913 4803 sub
2950 4746 3107 4816 lege,
3149 4747 3243 4801 sed
3289 4748 3429 4800 sicut
3455 4746 3609 4800 liberi

2032 4845 2132 4903 sub
2159 4846 2321 4911 gratia
2346 4844 2636 4897 constituti.
2665 4843 2730 4899 Ut
2750 4853 2929 4898 autem
2960 4860 3055 4897 vos
3084 4846 3134 4897 in
3166 4845 3263 4897 hoc
3291 4843 3472 4898 libello
3500 4852 3606 4894 tan-

2031 4947 2188 4997 quam
2215 4933 2266 4984 in
2289 4933 2505 5007 speculo
2531 4934 2743 5001 possitis
2769 4933 3053 5001 inspicere,
3081 4950 3145 4987 ne
3171 4949 3262 5002 per
3285 4933 3606 4987 oblivionem

2033 5025 2537 5093 aliquidptegligatis
2558 5066 2570 5085 ,
2605 5024 2766 5077 semel
2796 5024 2845 5076 iu
2878 5024 3170 5092 septimana
3201 5024 3348 5077 vobis
3376 5023 3601 5091 legatur.

2038 5112 2101 5165 Et
2134 5113 2215 5165 tibi
2245 5128 2343 5165 vos
2382 5114 2687 5167 inveneritis
2714 5128 2775 5167 ea
2805 5130 2921 5179 quae
2948 5116 3143 5180 scripta
3176 5123 3300 5167 sunt
3326 5114 3601 5175 iacientes,

2035 5205 2174 5271 agite
2208 5203 2316 5257 Deo
2345 5215 2569 5273 gratias,
2615 5203 2873 5256 bonorum
2916 5206 3155 5257 omnium
3201 5204 3476 5271 largitori:
3518 5202 3607 5254 ubi

2034 5307 2208 5348 autem
2255 5297 2353 5350 sibi
2396 5296 2618 5364 quisque
2658 5307 2889 5349 vestrum
2932 5298 3109 5350 videat
3147 5297 3341 5364 aliquid
3382 5296 3603 5357 diesse,

2036 5393 2209 5446 doleat
2252 5394 2318 5445 de
2361 5393 2659 5460 przeterito,
2692 5404 2875 5445 caverit
2906 5391 2969 5445 de
2999 5391 3206 5455 futuro;
3240 5406 3398 5443 orans
3430 5400 3486 5441 ut
3512 5389 3606 5441 de-

2038 5483 2206 5537 bitum
2238 5484 2554 5544 dimittatur,
2586 5494 2637 5536 et
2669 5484 2717 5535 in
2751 5488 3093 5540 tentationem
3129 5498 3231 5535 non
3265 5483 3563 5535 inducatur.

2137 5570 3601 5596 mw

2891 5575 2908 5593 7

3253 5600 3600 5615 C————-——*

2716 5603 3030 5616 Μ

3078 5604 3252 5613 ο--κο

1628 5758 1926 5805 νιιτιειιυιιι
1972 5764 2368 5809 ΤΕΒΤῙΜΟΝῘΔ.

431 5837 493 5897 S.
528 5837 835 5898 Benedictus
858 5840 1075 5899 Aniante
1106 5840 1267 5898 abbas
1294 5842 1347 5900 in
1369 5840 1662 5903 Concordia
1696 5845 1923 5918 Regula-

2033 5866 2149 5906 rum
2204 5850 2498 5921 sai-pissitnc
2523 5850 2657 5908 banc
2706 5849 2991 5921 Cujusdam
3041 5849 3210 5908 Patris
3254 5847 3505 5921 Regulam
3536 5849 3603 5905 ad
