4034 6166
372 324 469 381 987

1354 322 1683 380 APPENDIX
1722 323 1811 378 AD
1849 322 2072 378 OPERA
2112 321 2170 377 S.
2213 322 2586 378 BENEDICTI.

3510 322 3617 380 966

376 434 666 492 monachos
693 435 942 503 scriptam
975 434 1184 502 laudat,
1220 444 1277 489 ut
1304 446 1358 490 et
1384 436 1540 490 aliam
1573 438 1636 491 ad
1667 437 1925 503 virgines:
1962 441 2013 499 Α
2108 433 2428 506 Smaragdus
2465 451 2682 506 quoque
2711 439 3027 499 monachus,
3058 441 3108 491 in
3132 439 3515 491 commentario
3539 438 3611 493 ad

376 527 617 595 quamvis
643 528 754 594 ipse
781 541 873 580 eas
896 540 998 578 non
1034 524 1341 592 distinguat,
1374 526 1465 579 Sed
1500 535 1775 595 utramque
1805 540 1928 594 pro-

377 618 581 672 miscue
624 616 876 684 Regulam
912 616 1195 679 Cuiusdam
1242 618 1491 685 appellet,
1544 623 1624 671 vel
1673 618 1926 684 Regulam

375 704 660 775 Cuiusdam
690 706 880 771 Patris,
910 718 964 759 ut
985 721 1103 775 cap.
1135 708 1190 776 8,
1219 707 1245 775 ᾗ
1273 709 1326 768 7.
1356 720 1409 761 et
1431 708 1573 762 alibi.

2038 524 2294 596 Regulam
2323 526 2382 582 S.
2414 527 2706 593 Benedicti,
2734 529 2957 584 subinde
2980 544 3042 584 es
3072 529 3169 584 hac
3192 529 3475 598 Cujusdam
3502 529 3608 584 Ps-

2041 618 2140 671 tris
2174 618 2375 688 Begula
2408 621 2707 675 testimonia
2730 623 2898 677 aliert.

1158 962 1587 1045 OBSERVATIO
1628 963 1900 1020 CRlTlCA
1942 964 2009 1019 IN
2048 965 2377 1025 REGULAM
2415 970 2841 1037 SEQUENTEM.

453 1078 554 1135 ςυο
584 1077 679 1133 hoc
700 1077 910 1131 obscuro
940 1078 1083 1131 titulo
1110 1078 1362 1142 duplicem
1393 1078 1635 1131 habemus
1662 1077 1930 1147 Regulam,

376 1186 527 1222 unam
544 1186 636 1240 pro
656 1171 793 1233 viris,
817 1171 1028 1222 alteram
1050 1185 1145 1238 pro
1165 1169 1324 1221 sacris
1350 1169 1645 1239 uirginibus,
1669 1185 1758 1221 nec
1779 1170 1935 1223 ullius

374 1270 632 1315 auctorem
652 1262 871 1324 scimus;
900 1262 1129 1330 quamcis
1154 1278 1283 1313 unus
1303 1261 1530 1328 idemque
1550 1270 1813 1329 utramque
1846 1262 1936 1314 lie-

373 1352 544 1424 gulam
568 1355 841 1419 scripserit.
874 1350 939 1404 Et
968 1353 1193 1417 qu‘dem,
1221 1351 1313 1404 sub
1341 1351 1438 1405 hoc
1464 1361 1617 1404 etiam
1652 1354 1841 1406 incerta
1867 1354 1935 1405 ti-

374 1448 501 1510 tulo,
530 1446 592 1501 S.
621 1444 917 1498 Benedictus
934 1444 1162 1497 Anianus
1184 1444 1233 1496 in
1262 1460 1354 1495 sua
1378 1442 1690 1513 Begu/arum
1716 1442 1936 1496 Concor-

374 1539 492 1602 dia,
540 1547 688 1601 atque
727 1537 1041 1606 Smaragdus
1079 1536 1211 1587 hanc
1269 1533 1519 1605 Regulam
1555 1535 1742 1599 saepius
1780 1536 1935 1589 citare

374 1630 566 1692 solent;
597 1637 746 1694 prout
770 1628 852 1679 hic
888 1627 1080 1678 notavit
1119 1624 1436 1679 Holstenius.
1482 1625 1721 1696 Asperior
1767 1640 1935 1681 autem

375 1722 580 1787 re'iquis
609 1720 717 1774 haec
744 1720 920 1787 regula
945 1718 1011 1770 32
1030 1720 1196 1786 capita
1212 1718 1559 1783 complectens,
1588 1719 1861 1785 pra’serlim
1885 1719 1935 1770 in

376 1812 647 1865 inanachos
685 1812 1023 1865 inobedientes
1066 1811 1144 1863 vel
1179 1821 1579 1873 murmurantes;
1626 1811 1729 1862 imo
1761 1827 1938 1880 perpe-

375 1919 515 1959 tuum
532 1904 779 1970 ieiunium
802 1905 951 1972 prteci
958 1902 1163 1969 piendo,
1182 1906 1383 1968 altaque
1398 1914 1645 1969 praecepta
1666 1903 1939 1954 durissima

376 1998 497 2066 [iliis
540 1997 645 2051 suis
676 1995 1002 2060 imponendo.
1055 1993 1192 2045 Hinc
1229 2009 1361 2061 sirpe
1408 1992 1649 2046 laudatus
1681 1990 1938 2045 Calmetus

376 2090 630 2142 existimat
660 2088 802 2139 illam
827 2104 857 2138 a
881 2085 1141 2137 monachis
1164 2084 1333 2139 Scotis
1355 2085 1476 2137 olint
1516 2086 1774 2144 usitatam,
1806 2102 1939 2155 prte-

376 2179 550 2237 sertint
586 2178 636 2230 in
666 2177 962 2230 monasterio
993 2175 1057 2228 de
1096 2175 1356 2238 Benehor,
1389 2177 1474 2228 ubi
1503 2175 1564 2229 S.
1598 2175 1941 2230 Calumbanus

375 2270 616 2323 educatus
644 2280 779 2332 erat;
808 2284 921 2321 cum
950 2268 1007 2323 S.
1035 2268 1122 2321 ille
1159 2268 1310 2321 abbas
1348 2269 1572 2320 eamdem
1613 2268 1767 2321 divini
1793 2268 1940 2336 ofﬁcii

376 2363 777 2416 distributionem
794 2363 1052 2415 monachis
1076 2363 1177 2415 suis
1206 2361 1597 2415 Luxaviensibus
1624 2362 1935 2431 praescribat.

378 2452 446 2505 Et
464 2453 663 2512 quidem
688 2454 820 2505 hanc
846 2452 1090 2519 llegulam
1110 2470 1203 2523 pro
1222 2453 1388 2509 Scotis
1412 2456 1670 2508 monachis
1697 2457 1938 2525 scriptam

374 2543 935 2613 agnoscinms;ib'dem
975 2545 1107 2597 enim
1154 2545 1320 2615 rigida
1352 2545 1620 2599 Scotorum
1665 2548 1939 2615 disciplina

373 2634 676 2695 continetur,
708 2650 819 2702 qua:
848 2634 1075 2687 omnibus
1103 2636 1362 2688 hodierna:
1386 2636 1572 2690 Scotite
1607 2648 1653 2691 ct
1680 2637 1729 2691 Η
1737 2639 1941 2693 iberniw

373 2722 605 2775 ctenobiis
632 2725 909 2777 canimuuis
933 2733 1061 2790 erat,
1103 2727 1327 2795 adeoque
1356 2745 1453 2779 non
1483 2730 1631 2782 unico
1683 2732 1933 2799 specialis.

377 2814 617 2883 Quisquis
643 2818 774 2866 enim
796 2817 1022 2869 ordinem
1050 2820 1381 2871 monasticam
1405 2826 1459 2874 in
1488 2824 1792 2875 monasterio
1817 2820 1940 2876 Cul-

374 2906 565 2956 iosensi
599 2904 723 2957 olim
754 2907 997 2959 usitatam
1020 2909 1114 2960 rite
1142 2912 1387 2975 utteudat,
1413 2922 1530 2964 tunc
1554 2914 1764 2967 inveniet
1792 2914 1939 2982 longe

373 3005 489 3047 ante
519 2995 580 3050 S.
612 2993 858 3066 Comgelli
902 3006 949 3049 et
981 2997 1039 3051 S.
1065 2997 1365 3053 Columbani
1398 3012 1622 3072 tempora
1651 3006 1783 3056 hanc
1808 3008 1937 3072 rigi-

373 3088 493 3137 dam
521 3086 842 3155 disciplinam
874 3088 1015 3156 apud
1055 3088 1234 3143 Scotos
1274 3095 1545 3145 monac/tos
1573 3096 1807 3164 viguisse.
1850 3096 1939 3148 Sic

373 3192 437 3229 ea:
462 3178 563 3230 vita
593 3178 653 3231 S.
691 3176 1012 3248 Kentigerni,
1062 3179 1183 3231 olim
1226 3182 1460 3234 monachi
1512 3182 1858 3249 Culrosensis,
1891 3196 1936 3238 et

374 3278 546 3334 postea
569 3270 619 3320 in
651 3267 823 3322 Scotia
866 3270 1089 3339 episcOpi
1135 3268 1464 3341 Glasguensis
1496 3274 1755 3340 discimus,
1789 3276 1937 3328 illum

374 3360 634 3412 nutrivisse
653 3359 756 3415 900
786 3361 1059 3417 monachos
1079 3365 1188 3418 solo
1214 3382 1345 3433 pane
1366 3375 1411 3418 et
1440 3382 1593 3437 aqua,
1627 3385 1716 3421 nec
1738 3370 1936 3424 lactici-

375 3451 459 3502 nia
485 3449 791 3518 adhibuisse,
818 3452 917 3506 nisi
945 3453 1122 3508 diebus
1151 3455 1419 3511 dominicis
1440 3468 1488 3510 et
1508 3459 1715 3529 feellt‘ls.
1745 3460 1937 3516 Deinde

375 3540 526 3612 Angli
553 3545 773 3597 boreales
804 3544 855 3597 in
880 3543 1289 3615 Lindisfarnensi
1323 3550 1545 3603 ctenobio
1576 3568 1606 3603 a
1637 3552 1805 3606 Scotis
1823 3570 1933 3607 mo-

375 3631 550 3685 nachis
589 3631 873 3688 Christiano
899 3636 1134 3706 dogmate
1151 3649 1203 3691 et
1229 3642 1507 3693 monastica
1535 3641 1636 3695 vita
1663 3643 1896 3696 instructi
1918 3685 1933 3707 ,

376 3719 435 3772 ab
457 3736 541 3773 esu
558 3725 785 3776 carnium
808 3737 853 3778 et
874 3727 975 3779 vini
991 3745 1051 3779 ac
1069 3729 1317 3783 cerevis'a:
1338 3740 1456 3795 potu
1479 3733 1812 3798 abstinebant,
1829 3735 1938 3798 8';l_0

374 3810 503 3865 lacte
532 3831 665 3886 aqua
704 3816 860 3871 mixto
890 3821 1144 3883 contenti,
1187 3822 1346 3873 donec
1370 3821 1629 3894 Ceolut'fas
1668 3841 1758 3879 rex
1796 3794 1939 3879 No:-

375 3910 661 3974 thumbriaz,
702 3910 887 3965 ibidem
919 3913 1083 3981 factus
1127 3916 1432 3980 monachus,
1464 3920 1566 3969 suis
1597 3914 1938 3985 confr'atribus

377 4003 689 4054 moderatum
714 4004 817 4056 vini
831 4013 877 4057 et
904 4007 1154 4060 cereuisice
1182 4024 1327 4059 usum
1352 4010 1659 4073 procuravit.
1684 4010 1802 4063 Pari
1830 4027 1938 4063 mo-

376 4092 441 4146 do
479 4092 864 4148 discurrendum
892 4107 963 4151 est
1000 4098 1062 4151 de
1096 4110 1341 4167 perpetuo
1360 4101 1562 4172 jejunio
1588 4105 1766 4170 ubique
1793 4108 1935 4171 apud

2041 1079 2178 1145 ipsos
2207 1083 2424 1146 usitato,
2450 1095 2603 1149 prout
2638 1100 2699 1137 ea:
2729 1082 2938 1136 laudato
2971 1083 3148 1135 ordine
3177 1082 3451 1135 monastico
3479 1080 3606 1135 Cul-

2040 1170 2233 1222 rosensi
2263 1172 2468 1224 omnino
2499 1181 2652 1237 potet.
2694 1172 2934 1240 Adeoque
2971 1172 3152 1223 mirum
3181 1187 3280 1223 non
3327 1180 3431 1235 est,
3468 1171 3605 1237 quod

2044 1256 2351 1313 Ratramnus
2376 1260 2687 1314 Corbeiensis
2713 1261 3009 1325 monachus,
3045 1262 3230 1315 sweulo
3257 1278 3391 1314 nono
3426 1270 3604 1315 contra

2042 1346 2246 1404 Graecos
2284 1354 2532 1418 scribens,
2576 1364 2871 1421 perpetuum
2919 1353 3188 1409 Scotorum
3238 1351 3603 1405 monachorum

2034 1441 2291 1511 jejunium
2320 1457 2707 1508 commemoret;
2733 1460 2849 1497 cum
2875 1443 2935 1500 S.
2954 1443 3297 1498 Columbanus
3313 1444 3365 1497 in
3387 1459 3480 1496 sua
3499 1442 3602 1496 Re-

2041 1533 2185 1603 gula,
2209 1551 2323 1605 cap.
2340 1535 2392 1598 5,
2411 1538 2675 1606 pracipiat
2690 1554 2708 1591 :
2732 1538 2799 1592 Ut
2817 1538 2963 1592 cibus
2976 1536 3175 1591 sitvilis
3193 1546 3249 1591 et
3268 1536 3600 1605 vespertinus

2043 1626 2519 1681 tnouacltorum....
2549 1628 2688 1697 Ergo
2710 1628 2944 1696 quotidie
2962 1625 3304 1696 ieiunandum
3331 1637 3430 1689 est,
3458 1626 3600 1681 sicut

2043 1715 2275 1782 quotidie
2304 1718 2560 1771 orandum
2591 1727 2694 1773 est.
2725 1716 2851 1772 Cum
2881 1718 3036 1787 igitur
3076 1726 3269 1771 certum
3289 1718 3375 1781 sit,
3402 1717 3457 1769 in
3487 1730 3600 1769 om.

2040 1806 2188 1859 nibus
2226 1806 2496 1861 Scotorum
2532 1809 2894 1862 monachorum
2944 1807 3179 1862 ctenobiis
3234 1806 3598 1877 rigidissimaas

2039 1901 2236 1954 vivendi
2252 1918 2480 1955 normam
2505 1904 2626 1956 olim
2655 1901 2905 1956 excultum
2924 1902 3080 1970 fuisse
3097 1920 3113 1961 ;
3131 1901 3205 1955 sic
3222 1901 3351 1952 hanc
3380 1914 3598 1968 prtem-

2038 2002 2135 2046 tem
2176 1993 2424 2063 Regulam
2469 1994 2533 2049 S.
2578 1993 2869 2059 Columbae,
2910 1994 3272 2048 monachorum
3328 1990 3601 2046 Scotorum

2041 2085 2364 2152 patriarcbte,
2396 2086 2717 2150 ascriberem,
2749 2086 2835 2154 qui
2856 2102 2986 2139 unus
3004 2094 3050 2139 et
3076 2086 3255 2138 unicus
3282 2084 3411 2137 inter
3430 2086 3600 2151 plures

2039 2177 2155 2231 vitae
2194 2180 2484 2232 monasticte
2524 2179 2843 2248 legislatores
2888 2178 3293 2230 archimandrita
3346 2175 3599 2245 appellari

2039 2279 2231 2339 potest;
2256 2280 2309 2322 ut
2330 2279 2445 2338 pote
2462 2280 2661 2322 centum
2682 2270 3100 2322 monasteriorum
3118 2267 3370 2333 conditor,
3399 2275 3447 2319 et
3471 2282 3603 2317 cun-

2040 2369 2133 2412 cta:
2178 2360 2462 2427 disciplina:
2498 2361 2787 2414 monasticis
2821 2376 2910 2427 per
2957 2360 3253 2413 hodiernam
3292 2358 3516 2413 Scotiam
3552 2366 3609 2410 et

2040 2451 2093 2504 11
2099 2452 2359 2512 iberniam,
2390 2454 2433 2506 si
2472 2468 2572 2505 non
2601 2461 2797 2517 auctor,
2827 2452 3009 2504 saltem
3030 2459 3311 2517 reparator.
3336 2446 3444 2501 Iste
3467 2450 3601 2501 enim

2040 2554 2111 2596 est
2154 2545 2555 2598 archimandrita
2592 2542 2681 2597 ille
2725 2544 2789 2597 de
2816 2560 2915 2613 quo
2944 2542 3003 2598 S.
3045 2542 3383 2596 Columbanus
3426 2558 3541 2607 cap.
3566 2541 3601 2591 7

2044 2633 2254 2705 Regulte
2298 2637 2402 2689 ait:
2436 2635 2546 2691 Sub
2583 2651 2691 2687 uno
2733 2633 3141 2688 archimandrita
3190 2633 3332 2686 mille
3377 2631 3600 2685 abbate!

2041 2744 2177 2791 esse.
2210 2730 2387 2797 quibus
2418 2730 2760 2783 duodenarius
2791 2730 3099 2794 psalmorum
3136 2740 3375 2779 numerus
3403 2734 3600 2790 quater-

2040 2821 2119 2873 nis
2142 2820 2324 2887 vigiliis
2346 2822 2605 2874 nocturnis
2620 2820 2897 2873 communis
2925 2827 3049 2871 erat.
3082 2817 3190 2871 Nec
3211 2817 3264 2869 in
3289 2816 3493 2871 dubium
3522 2831 3603 2866 uo-

2040 2912 2147 2962 cari
2188 2918 2346 2980 potest
2370 2911 2489 2981 quin
2525 2911 2654 2964 inter
2692 2919 2761 2962 tot
2802 2907 3103 2963 Columbina
3140 2908 3438 2959 monasteria
3464 2905 3607 2974 apud

2040 3004 2249 3058 horrida
2279 3007 2517 3059 montium
2533 3006 2663 3075 juga
2692 3004 2982 3075 plerumque
3008 3005 3126 3069 sita,
3153 3001 3382 3071 qutrdam
3404 3002 3456 3053 in
3476 3002 3606 3053 adeo

2041 3098 2296 3151 sterilibus
2330 3098 2454 3151 locis
2492 3108 2653 3151 erecta
2679 3098 2807 3160 sint,
2838 3105 2892 3149 ut
2918 3096 3001 3150 vix
3035 3110 3201 3166 grana
3239 3093 3475 3163 frumenti
3512 3108 3609 3159 pro

2045 3190 2285 3245 alimento
2321 3192 2624 3260 suﬁicerent,
2664 3196 2711 3242 et
2739 3190 2809 3242 sic
2851 3188 3191 3257 promiscuum
3237 3185 3607 3238 lacticiniorune

2050 3299 2197 3336 usum
2239 3283 2504 3335 admittere
2534 3282 2706 3334 debuit
2749 3280 2971 3351 Regula,
3001 3279 3416 3345 quemadmodum
3444 3287 3489 3330 et
3514 3293 3611 3341 pro

2047 3383 2167 3441 potu
2192 3374 2452 3426 ordinario
2481 3374 2560 3426 lac
2576 3388 2710 3441 aqua
2739 3373 2980 3434 mixtum,
3003 3381 3153 3441 prout
3191 3386 3306 3440 cap.
3335 3368 3405 3424 ‘22
3429 3384 3609 3421 conce-

2046 3464 2203 3528 ditur,
2220 3472 2267 3517 et
2284 3465 2558 3517 etiamnum
2578 3465 2726 3518 hodie
2746 3463 2799 3516 in
2813 3462 3063 3516 sterilibus
3081 3462 3339 3516 hodierna:
3355 3471 3608 3515 montani:

2048 3554 2235 3608 Scotice
2260 3555 2544 3625 regionibus
2569 3555 2898 3623 practicatur.
2939 3555 3175 3623 Adeoque
3199 3553 3396 3607 ueritati
3432 3552 3608 3618 proxi-

2043 3661 2176 3698 mum
2210 3655 2305 3707 est,
2334 3646 2471 3715 quod
2498 3645 2647 3715 hujus
2690 3642 2898 3711 Reguli:
2925 3653 3102 3696 auctor
3142 3643 3392 3696 exstiterit
3420 3640 3480 3696 S.
3510 3640 3607 3695 Co-

2043 3738 2234 3799 lumba,
2267 3738 2420 3790 abbas
2456 3736 2679 3803 ligensis
2705 3735 2932 3797 canubii,
2955 3745 3003 3787 et
3034 3734 3396 3787 monachorum
3423 3733 3606 3789 Scoto-

2041 3844 2151 3880 rum
2176 3842 2319 3881 uerus
2340 3825 2630 3897 patriarcha
2643 3836 2690 3878 et
2710 3825 3129 3892 archimandrita,
3147 3825 3317 3893 dequo
3337 3841 3445 3879 ven.
3464 3824 3607 3880 Beda

2041 3918 2095 3971 in
2124 3935 2218 3972 sua
2264 3920 2494 3975 Ilistoria
2523 3918 2859 3971 ecclesiastica
2898 3916 3094 3983 scribit,
3128 3914 3385 3986 multaque
3418 3917 3467 3970 in
3494 3919 3607 3987 ejus

2045 4011 2506 4082 discipulorumque
2536 4009 2711 4062 laudes
2737 4009 2949 4079 profert.

436 4228 3608 4258 W

815 4337 1448 4467 REGULA
1600 4339 2421 4471 CUJUSDAM
2548 4339 3155 4467 PATRIS.

417 4653 480 4695 IN
533 4650 775 4695 NOMINB
827 4648 1073 4700 PATRIS,
1133 4649 1212 4691 ΕΤ
1247 4649 1432 4704 th,
1486 4652 1567 4694 ET
1622 4652 1903 4695 splnrws
1968 4635 2019 4694 D
2115 4633 2179 4688 ll.
2214 4634 2450 4688 Primum
2478 4632 2716 4685 omnium
2750 4630 2888 4686 Deus
2921 4629 3190 4684 timendus
3219 4639 3274 4685 et
3316 4629 3613 4698 diligendus

1036 4748 1279 4793 SANCTI.

452 4857 489 4911 l.
513 4856 703 4908 Caveat
732 4854 900 4908 lector
924 4852 1094 4906 bonus
1113 4892 1128 4916 ,
1161 4868 1228 4906 ne
1268 4867 1365 4906 suo
1394 4854 1571 4908 sensui
1608 4854 1943 4921 obtemperet

379 4951 699 5018 Scrip'uras,
728 4946 820 5000 sed
843 4946 1130 5013 Scripturis
1148 4946 1344 5001 sanctis
1366 4947 1700 5016 obtemperet
1726 4964 1939 5003 sensum

377 5056 557 5093 suum.
580 5038 723 5092 Calix
753 5037 1012 5105 passionis
1040 5050 1250 5090 amarus
1270 5048 1373 5101 est,
1400 5037 1493 5092 sed
1520 5054 1705 5094 omnes
1730 5030 1943 5094 niorbos

380 5130 591 5199 penitus
620 5139 789 5183 curat.
818 5127 963 5183 Calix
987 5131 1247 5198 passionis
1273 5146 1486 5185 amarus
1516 5141 1617 5197 est,
1642 5132 1733 5187 sed
1768 5144 1940 5189 tamen

381 5223 525 5289 prior
547 5221 677 5275 bibit
693 5221 948 5282 medicus,
973 5235 1039 5275 ne
1064 5221 1244 5275 bibere
1262 5221 1463 5276 dubitet
1490 5233 1742 5291 aegrotus.
1777 5226 1946 5292 Opor-

381 5322 454 5366 tet
486 5327 713 5381 nnrnque
742 5311 884 5364 illum
916 5311 1001 5380 qui
1033 5311 1253 5366 alterius
1276 5313 1498 5367 vulnera
1540 5315 1739 5367 mederi
1777 5316 1944 5383 cupit,

378 5407 447 5458 ab
482 5404 625 5457 cunni
662 5404 927 5472 languoris
958 5404 1142 5457 morbo
1188 5405 1422 5458 alienum
1453 5421 1747 5473 sanumque
1776 5409 1950 5460 subsi-

380 5505 542 5550 stere.
575 5493 728 5547 Nullo
767 5494 868 5549 alio
916 5494 1042 5547 vitio
1083 5494 1325 5548 diabolus
1374 5498 1700 5551 monachum
1752 5498 1947 5567 petiit,

380 5601 446 5641 ac
476 5587 636 5640 trabit
671 5586 735 5641 ad
765 5599 1019 5651 mortem,
1061 5603 1216 5655 quam
1245 5603 1366 5642 cum
1405 5604 1527 5644 eum
1571 5592 1831 5661 neglectis
1859 5606 1947 5641 se-

383 5692 591 5732 niorum
620 5676 856 5732 consiliis
878 5692 974 5735 suo
997 5676 1196 5747 judicio
1227 5678 1634 5751 del'ensionique
1656 5696 1948 5752 conspexe-

384 5766 456 5822 Iit
483 5765 768 5821 conlidere.

2047 4740 2131 4788 est
2153 4748 2219 4788 ex
2239 4734 2363 4787 totis
2389 4733 2586 4787 viribus
2614 4731 2765 4801 (Luc.
2795 4731 2853 4801 χ)
2883 4749 2895 4783 :
2921 4740 2974 4785 et
2999 4732 3267 4799 proximus
3293 4716 3616 4801 magnopere

2046 4834 2343 4905 diligendus
2374 4844 2481 4900 est,
2513 4834 2804 4891 secundum
2838 4834 3141 4888 mandatum
3172 4834 3397 4889 Domini.

2117 4935 2206 4991 Ill.
2239 4936 2438 4991 Deinde
2464 4938 2632 4991 virtus
2657 4937 2974 4993 obedientiae
3000 4938 3295 5006 expetenda
3318 4947 3420 5001 est,
3453 4947 3509 4992 et
3532 4952 3619 4990 se-

2051 5038 2281 5094 cundum
2331 5040 2470 5093 vires
2499 5041 2914 5110 uniuscujusque
2950 5041 3245 5095 exercenda
3285 5049 3372 5094 est
3414 5059 3425 5092 :
3467 5052 3523 5095 et
3548 5042 3621 5093 ad

2052 5130 2280 5199 primum
2325 5131 2547 5185 verbum
2591 5131 2817 5185 senioris
2847 5147 3065 5193 omnes,
3110 5132 3200 5201 qui
3242 5130 3508 5185 audierint
3549 5145 3620 5184 est

2052 5224 2328 5288 fratribus,
2363 5237 2642 5292 assmgere
2675 5233 2885 5293 oportet
2913 5241 2929 5276 :
2959 5233 3013 5277 et
3040 5226 3128 5293 qui
3162 5239 3265 5278 non
3300 5224 3616 5287 surrexerit,

2053 5315 2258 5368 veniam
2297 5326 2459 5384 petat,
2485 5324 2538 5369 et
2570 5314 2863 5384 paeniteat,
2896 5330 3150 5383 quantum
3183 5316 3494 5383 iudicaverit
3527 5332 3619 5370 se-

2054 5408 2204 5469 nior;
2235 5416 2289 5460 ct
2317 5408 2529 5475 impleat
2561 5406 2698 5475 quod
2729 5407 2917 5474 jussus
2946 5417 3048 5469 est,
3084 5408 3205 5462 licet
3228 5408 3416 5460 durum
3444 5408 3621 5461 videa-

2059 5506 2160 5549 tur.
2208 5497 2523 5550 ()bt-dientia
2553 5512 2719 5566 usque
2745 5498 2807 5548 ad
2848 5507 3068 5551 mortem
3114 5498 3349 5550 facienda
3376 5509 3493 5562 est,
3536 5515 3621 5550 se-

2064 5588 2300 5641 cundum
2331 5588 2633 5655 exemplum
2676 5587 2917 5652 Domini,
2951 5587 3245 5642 obedientis
3276 5587 3412 5641 l’atri
3458 5602 3627 5654 usque

2055 5681 2123 5735 ad
2157 5690 2378 5735 mortem
2402 5680 2569 5751 (Phil.
2605 5680 2683 5749 tt).
2716 5681 2774 5733 Et
2800 5695 3225 5749 unumquemque
3252 5690 3457 5747 oportet
3478 5680 3627 5732 fratri

2056 5789 2152 5831 suo
2192 5770 2396 5828 servire
2426 5815 2442 5841 ,
2490 5771 2631 5829 sicut
2677 5771 2850 5830 abbati
2899 5770 3111 5842 proprio
3150 5770 3233 5827 vel
3276 5771 3409 5841 patri
3443 5790 3455 5824 :
3488 5770 3633 5827 sicut
