4034 6166
399 300 501 356 989

1268 300 1620 357 CUJUSDAM
1659 297 1903 354 PATRIS
1936 290 2219 353 REGULA
2259 298 2350 352 AD
2394 296 2773 353 MONACIIOS.

3526 295 3635 350 990

396 411 681 473 Apestolus
731 412 857 469 dicit
897 432 909 467 :
946 414 1139 471 Servite
1189 415 1396 468 invicem
1453 416 1503 467 in
1548 415 1726 467 timore
1773 410 1959 465 Christi
1989 414 2042 473 Α
2067 411 2155 465 illo
2187 426 2289 465 non
2322 411 2605 480 audiente,
2635 411 2718 467 vel
2744 411 2995 476 absente,
3028 411 3072 466 si
3104 423 3206 465 non
3245 410 3310 464 ad
3333 409 3539 465 laudem
3574 424 3629 463 et

395 503 537 567 (Gal.
643 502 717 571 v).
768 504 833 557 Et
865 505 1055 559 iterum
1092 524 1103 557 ε
1140 503 1323 559 Omnia
1364 514 1527 558 vestra
1561 520 1674 556 cum
1712 502 1959 555 charitate

396 594 520 660 ﬁant
547 593 595 664 (Ι
628 593 747 649 Cor.
778 595 890 666 xv).

467 686 557 742 IV.
580 688 638 743 Si
661 689 776 757 quis
794 689 957 743 frater
983 690 1226 743 iuventus
1251 689 1402 744 fuerit
1426 689 1735 743 inobediens
1758 686 1957 751 abbati,

397 777 509 833 sive
536 792 837 844 (economo,
862 781 972 833 sive
997 780 1152 834 alicui
1183 797 1245 834 ex
1276 781 1544 842 fratribus,
1573 779 1859 832 mittendus
1879 788 1963 831 est

399 869 450 921 itt
477 883 775 935 carcerem,
806 880 860 925 et
883 872 1132 939 pmniteat
1154 871 1679 941 quantumjudicavet
1696 872 1732 922 it
1756 872 1961 925 senior.

405 960 460 1012 Si
487 971 663 1014 autem
694 971 811 1029 post
851 962 1289 1016 examinationem
1320 964 1550 1016 carceris
1587 962 1844 1029 reprobus
1882 962 1963 1012 in-

401 1051 635 1114 venitur,
674 1054 836 1107 semel
866 1063 920 1105 et
950 1052 1058 1117 bis,
1092 1053 1277 1107 iterum
1308 1063 1465 1122 atque
1496 1056 1715 1117 iterum,
1745 1054 1962 1105 abscin-

407 1139 611 1193 dendus
638 1151 721 1195 est
743 1144 810 1195 ab
832 1142 975 1196 omni
1012 1144 1348 1197 fraternitatis
1388 1159 1638 1212 corpore,
1670 1144 1960 1197 secundum

402 1233 705 1287 mandatum
748 1235 956 1289 Domini
1006 1236 1275 1291 dicentis:
1328 1236 1543 1305 Expedit
1585 1239 1715 1289 enim
1769 1237 1856 1287 tibi
1911 1246 1963 1286 ut

403 1336 569 1395 pereat
601 1345 752 1379 unum
779 1329 843 1380 de
863 1329 1094 1382 membris
1123 1330 1237 1392 tuis,
1263 1345 1412 1399 quam
1430 1340 1585 1382 totum
1615 1345 1796 1397 corpus
1823 1339 1965 1381 tuum

405 1430 484 1471 eat
513 1421 567 1471 in
604 1420 880 1491 gehennam
917 1421 1048 1491 ignis
1087 1420 1301 1491 (Matth.
1334 1422 1385 1487 v)
1423 1439 1437 1473 :
1467 1432 1520 1475 et
1560 1422 1679 1491 quia
1712 1420 1966 1472 modicum

334 1579 342 1590 _
409 1513 711 1579 fermentum
732 1519 887 1564 totam
918 1527 1137 1565 massam
1162 1516 1438 1579 corrumpit
1469 1512 1516 1578 (Ι
1546 1513 1663 1566 Cor.
1687 1516 1764 1580 v).

354 1590 380 1670 ι
475 1599 536 1654 ν.
582 1600 695 1654 Νοη
740 1601 984 1656 omnibus
1021 1612 1283 1670 prasente
1319 1603 1510 1657 abbate
1549 1604 1630 1657 vel
1674 1616 1958 1658 meonotno

400 1690 899 1759 obtemperandum,
930 1692 1050 1761 quia
1079 1707 1217 1748 unus
1248 1708 1353 1748 non
1380 1694 1614 1748 occurrit
1639 1693 1703 1746 ad
1733 1709 1920 1750 omnes
1947 1712 1962 1748 :

2061 503 2399 558 dilectionem
2424 504 2566 558 illius
2597 505 2875 572 pertineat,
2908 503 2993 557 hic
3013 512 3259 573 tanquam
3288 502 3624 572 blasphema-

2062 598 2474 666 torjudicandus
2505 607 2586 651 est
2619 615 2632 649 :
2674 608 2727 650 et
2756 607 2899 665 petat
2930 611 2958 649 a
2985 597 3095 651 Deo
3129 598 3335 649 veniam
3362 598 3622 661 protinus.

2061 699 2116 743 et
2163 688 2476 743 confiteatur
2507 688 2659 743 fratri
2691 688 2792 742 ltoc
2822 688 2961 759 quod
2990 690 3057 742 de
3080 688 3170 741 illo
3193 688 3396 741 locutus
3428 697 3531 741 est.
3569 686 3627 739 Si

2062 791 2237 835 autem
2270 782 2462 835 iterare
2488 782 2736 835 inventus
2764 781 2944 848 fuerit,
2978 780 3266 835 mittendos
3296 788 3377 833 est
3420 778 3473 832 itt
3503 793 3626 831 car-

2063 890 2262 932 cerem.
2286 884 2339 927 et
2371 875 2617 940 pmniteat
2652 875 2803 939 dure,
2835 887 3107 941 usquequo
3128 872 3298 925 discat
3320 870 3447 924 illttd
3484 869 3625 937 quod

2066 966 2347 1031 Apostolus
2367 966 2497 1019 dixit
2528 981 2539 1016 :
2573 965 2753 1020 Sermo
2776 966 3007 1017 conditus
3033 964 3097 1017 sit
3127 963 3233 1016 sale
3258 961 3499 1030 (Coloss.,
3523 961 3625 1027 tv).

2067 1058 2352 1110 Excusatio
2374 1058 2553 1112 delicti
2580 1065 2701 1109 ante
2726 1057 2933 1109 veniam
2962 1070 3063 1107 non
3104 1062 3316 1123 oportet
3354 1052 3421 1105 ab
3450 1051 3630 1106 omni-

2066 1149 2163 1201 bus
2190 1150 2467 1211 lratriltus;
2504 1158 2621 1217 post
2643 1148 2846 1200 veniam
2869 1156 3095 1215 oportet.

2141 1239 2227 1292 ΧΙ.
2258 1241 2310 1292 1η
2340 1239 2656 1293 abstinentia
2688 1239 2927 1291 ciborum
2973 1252 3131 1289 unam
3176 1236 3410 1303 regulam
3445 1234 3631 1288 obser-

2068 1330 2178 1382 vari
2204 1340 2413 1397 oportet
2440 1332 2507 1381 ali
2537 1330 2782 1381 omnibus
2813 1328 3085 1389 fratribus,
3119 1336 3310 1394 praeter
3339 1340 3527 1387 senes,
3573 1331 3630 1376 et

2069 1421 2309 1473 infirmos
2329 1460 2343 1483 ,
2368 1424 2486 1474 sive
2517 1418 2772 1481 infantes;
2800 1428 2851 1472 et
2882 1432 2981 1470 una
3009 1431 3255 1470 mensura
3285 1418 3353 1468 sit
3382 1417 3433 1467 in
3460 1415 3631 1467 omni-

2070 1510 2168 1565 bus
2201 1528 2215 1564 :
2247 1511 2296 1564 id
2328 1522 2428 1575 est,
2457 1510 2523 1564 ab
2557 1513 2684 1563 liora
2718 1523 2852 1562 unua
2885 1522 3052 1577 usque
3095 1509 3159 1560 ad
3199 1509 3382 1561 lioratn
3407 1511 3629 1559 a'teram

2066 1621 2096 1659 a
2118 1605 2251 1659 cibis
2277 1605 2673 1674 temperandum
2704 1613 2805 1657 est.
2835 1601 2942 1656 Nec
2969 1610 3122 1666 ante,
3169 1601 3279 1655 sive
3322 1609 3438 1667 post
3471 1613 3625 1652 men-

2068 1713 2204 1765 sam,
2223 1714 2345 1768 qua:
2364 1697 2714 1752 communiter
2738 1697 2804 1750 ad
2826 1709 3032 1750 caenam
3057 1692 3305 1746 fratribus
3324 1692 3629 1760 apponitur,

402 1781 497 1834 sed
536 1791 722 1835 tamen
747 1783 1113 1852 unusquisque
1142 1783 1289 1837 fratri
1330 1784 1526 1837 seniori
1570 1783 1791 1839 obedire
1837 1798 1968 1839 con-
1994 1780 2042 1839 B
2068 1788 2264 1856 aliquid
2314 1787 2395 1841 ori
2435 1785 2809 1855 indulgendum
2839 1793 2953 1849 est,
3005 1782 3104 1836 nisi
3148 1781 3462 1845 inllrtttitas,
3516 1780 3629 1831 sive

403 1869 621 1933 tendat,
647 1871 785 1925 sicut
812 1870 1058 1926 Domino.
1093 1873 1355 1943 Quidquid
1397 1873 1523 1928 facit
1550 1876 1792 1943 proxittto
1833 1889 1964 1943 suo,

403 1959 628 2016 Domino
656 1961 832 2016 facere
860 1976 966 2017 non
992 1963 1245 2033 ambigat.

478 2049 563 2104 Vl.
596 2050 653 2106 Si
680 2051 797 2120 quis
829 2051 991 2108 frater
1019 2067 1357 2108 murmurans
1385 2054 1632 2108 inventus
1662 2054 1851 2121 fuerit,
1882 2054 1968 2111 hic

404 2142 520 2209 ipse
548 2141 839 2196 mittendus
863 2152 946 2197 est
974 2143 1029 2198 in
1058 2158 1349 2209 carcerem,
1381 2152 1435 2197 et
1454 2158 1586 2213 opus
1611 2145 1726 2213 ejus
1756 2144 1969 2212 abjicia-

405 2247 511 2286 tur.
545 2231 914 2288 Paenitentiam
945 2243 1064 2302 agat
1101 2235 1393 2290 secundum
1444 2250 1667 2290 examen
1715 2238 1967 2293 senioris.

404 2322 461 2376 Si
485 2326 819 2390 permittatur
833 2325 904 2388 ei,
927 2326 1216 2380 satisfaciet
1238 2344 1251 2380 :
1276 2328 1321 2381 si
1346 2340 1520 2381 autem
1542 2327 1643 2383 hoc
1662 2328 1969 2399 frequenter

406 2413 550 2483 facit,
577 2417 869 2483 ejiciendus
902 2427 985 2472 est
1012 2418 1079 2472 de
1107 2418 1452 2473 monasterio.

478 2505 587 2562 Vll.
616 2506 697 2562 Ad
722 2511 945 2576 primum
970 2510 1192 2563 verbum
1214 2510 1559 2565 discussionis
1583 2510 1827 2578 senioris,
1856 2512 1970 2567 sive

408 2601 699 2665 tecouomi,
747 2602 861 2654 sive
889 2601 1111 2669 alicujus
1142 2603 1320 2657 fratris
1343 2645 1360 2668 ,
1390 2605 1539 2658 venia
1573 2604 1796 2674 petenda
1837 2615 1919 2660 est
1952 2625 1965 2659 :

410 2699 464 2744 et
491 2691 674 2746 tandiu
710 2691 764 2745 in
823 2700 963 2745 terra
1007 2701 1303 2760 prostratus
1330 2696 1500 2748 donec
1544 2698 1725 2749 senior
1763 2696 1971 2750 discos-

410 2780 613 2835 sionem
658 2783 1121 2835 consummaverit.
1163 2780 1217 2837 Si
1260 2795 1434 2836 autem
1480 2786 1661 2838 senior
1684 2785 1972 2839 discussio-

412 2885 532 2924 nem
558 2872 845 2938 iteraverit,
874 2881 928 2926 et
959 2872 1070 2940 ipse
1092 2876 1297 2927 veniam
1329 2874 1523 2929 iterare
1545 2875 1722 2931 debet.
1768 2876 1823 2930 Si
1851 2877 1970 2946 quis

412 2962 610 3015 tardior
637 2961 701 3015 ad
733 2964 937 3017 veniam
966 2965 1211 3018 inventus
1244 2965 1430 3032 fuerit,
1464 2967 1576 3020 sive
1596 2968 1766 3037 aliqua
1808 2967 1968 3022 verba

412 3054 655 3123 religioni
688 3056 981 3120 contraria,
1023 3056 1135 3111 sive
1167 3072 1261 3124 pro
1289 3060 1635 3113 excusatione
1663 3059 1840 3113 delicti
1889 3060 1967 3112 sui

2068 1879 2363 1934 differentia
2386 1878 2559 1931 aetatis
2586 1878 2699 1932 sive
2726 1875 2985 1943 corporis,
3015 1873 3211 1941 aliquid
3238 1872 3486 1940 coegerit.
3520 1868 3627 1924 Sed

2068 1987 2241 2041 neque
2282 1973 2348 2025 ad
2388 1972 2718 2026 saturitatem
2741 1969 3004 2023 edendum
3032 1974 3133 2021 est.
3166 1966 3301 2019 Caro
3334 1973 3387 2017 et
3413 1964 3628 2024 viuum,

2068 2067 2182 2118 sive
2212 2073 2365 2132 potus
2388 2105 2404 2129 ,
2457 2064 2509 2115 in
2539 2077 2643 2131 quo
2672 2061 2729 2114 fit
2755 2060 3007 2124 ebrietas,
3039 2056 3313 2113 refutanda
3355 2065 3475 2108 sunt
3517 2067 3629 2105 mo-

2066 2154 2269 2218 nachis,
2295 2168 2393 2207 nec
2410 2150 2767 2220 suscipienda,
2790 2149 2981 2217 quibus
3003 2163 3098 2215 pro
3112 2146 3325 2201 Christo
3350 2144 3628 2197 crucifixus

2067 2258 2150 2301 est
2195 2244 2453 2311 mundus,
2492 2253 2546 2297 et
2574 2243 2672 2311 ipsi
2706 2250 2923 2295 mundo.
2958 2241 3022 2293 Et
3049 2239 3207 2292 ferias
3234 2236 3492 2289 monacho
3522 2247 3629 2288 non

2067 2351 2185 2391 esse
2205 2352 2366 2402 super
2393 2347 2608 2396 terram,
2646 2332 2746 2387 nisi
2770 2333 3029 2384 modicum
3059 2331 3112 2382 in
3136 2328 3361 2381 adventu
3385 2326 3625 2389 fratrum,

2070 2437 2317 2496 tanquam
2346 2425 2574 2489 Christi,
2608 2423 2795 2476 lectior
2821 2420 2980 2473 fuerit
3022 2419 3169 2472 cibus
3198 2416 3363 2485 gratia
3389 2413 3633 2467 cltarita-

2070 2520 2158 2573 tis.
2195 2519 2566 2571 Verumtamen
2594 2514 2911 2568 abstinentia
2944 2510 3166 2579 tegenda
3195 2519 3298 2571 est,
3327 2523 3393 2561 ne
3428 2506 3629 2575 jactan-

2073 2614 2157 2665 tiat
2188 2613 2317 2665 vitio
2362 2609 2668 2663 decidamus
2698 2610 2747 2660 iu
2778 2607 2982 2673 lapsum
3019 2619 3032 2655 :
3077 2600 3216 2669 quod
3247 2614 3356 2668 pra:
3385 2596 3631 2651 omnibus

2073 2703 2217 2755 vitiis
2239 2701 2604 2770 gravissimum
2631 2706 2732 2751 est.

2143 2792 2257 2846 Xll.
2289 2790 2426 2845 Nihil
2468 2801 2705 2857 quaerere
2732 2786 2986 2839 debemus
3011 2798 3075 2837 ex
3106 2780 3188 2833 bis
3217 2793 3335 2848 qua:
3364 2776 3428 2831 ad
3466 2791 3629 2830 saecu-

2073 2887 2179 2941 lum
2213 2886 2473 2953 pertinent
2495 2925 2509 2950 ,
2541 2892 2735 2953 prteter
2755 2877 3119 2948 quotidianum
3144 2886 3331 2941 panem
3363 2877 3630 2933 nostrum,

2073 2987 2128 3032 et
2152 2981 2313 3030 breve
2338 2977 2727 3038 vestimentum,
2763 2984 2867 3039 quo
2903 2967 3202 3022 ittduamur.
3232 2963 3352 3016 llaec
3379 2962 3490 3029 ipsa
3519 2960 3636 3015 sine

2078 3067 2431 3124 sollicitudine
2457 3082 2484 3117 a
2518 3063 2669 3118 nobis
2693 3063 3058 3132 requirantur;
3086 3072 3152 3109 ne
3179 3053 3509 3108 inveniamur
3536 3050 3633 3104 ali.

413 3146 730 3214 protulerit,
773 3148 1060 3201 mittendus
1089 3159 1171 3201 est
1199 3150 1578 3212 incarcerem;
1627 3160 1677 3202 et
1721 3138 2043 3219 pmniteatC
2075 3159 2286 3230 quando
2317 3161 2383 3211 de
2437 3172 2597 3222 ιεεηο
2642 3155 2731 3207 Dei
2775 3168 2877 3206 non
2926 3150 3191 3219 cogitare,
3223 3158 3277 3201 et
3322 3145 3529 3199 dicatur
3568 3142 3636 3196 de

414 3238 704 3292 secundum
751 3241 891 3307 quod
916 3239 1231 3307 judicaverit
1267 3244 1477 3304 senior,
1511 3258 1780 3311 usquequo
1804 3256 1973 3295 corri-

410 3338 587 3399 gatur.
621 3329 676 3385 Si
705 3342 879 3386 autem
906 3332 1203 3386 obstinatus
1230 3333 1514 3399 invenitur,
1539 3333 1867 3403 separandus
1893 3340 1976 3387 est

415 3435 445 3474 ι
467 3420 739 3476 fratribus.

489 3511 626 3566 Vlll.
678 3512 1043 3579 Mendacium,
1094 3521 1150 3568 et
1194 3514 1579 3584 jttramentum,
1613 3515 1723 3570 sive
1751 3518 1971 3569 verbum

418 3605 646 3658 otiosum
694 3619 785 3674 per
824 3620 983 3659 omne
1006 3620 1199 3676 corpus
1238 3607 1582 3661 fraternitatis
1618 3606 1972 3661 damnandum

415 3704 519 3749 est.
548 3695 604 3749 Si
633 3696 750 3764 quis
776 3710 839 3749 ex
861 3695 1141 3761 fratribus,
1166 3711 1284 3750 cum
1330 3711 1433 3765 quo
1457 3696 1651 3766 aliquid
1683 3697 1867 3749 lterum
1897 3699 1977 3749 in-

420 3793 635 3839 ventum
665 3786 840 3850 fuerit,
872 3787 1160 3841 mittendus
1195 3796 1279 3841 est
1309 3788 1361 3841 in
1385 3802 1673 3852 caret-rem,
1705 3797 1759 3841 et
1803 3788 1974 3856 poeni-

420 3886 530 3931 teat
558 3891 828 3948 usquequo
855 3895 884 3933 a
916 3880 1048 3935 vitio
1069 3881 1363 3951 corrigatur
1394 3899 1409 3935 :
1442 3883 1565 3950 quia
1591 3899 1646 3937 οδ
1672 3885 1806 3953 quod
1835 3900 1976 3937 men-

418 3968 543 4021 titur
565 3968 750 4022 occidit
774 3970 994 4023 animam
1023 3969 1179 4040 (Sap.
1216 3980 1253 4041 l)
1281 3988 1296 4025 :
1343 3980 1397 4027 et
1415 3972 1679 4027 .Dominus
1709 3975 1760 4027 itt
1804 3972 1979 4028 Evan-

419 4061 555 4129 gelio
572 4060 931 4131 jurameutum
955 4063 1241 4133 prohibuit,
1275 4064 1458 4120 dicens
1486 4084 1498 4119 :
1531 4064 1643 4137 Ego
1669 4077 1837 4120 autem
1864 4068 1977 4120 dico

420 4153 587 4216 vobis.
635 4171 735 4209 non
775 4157 957 4226 jarare
1003 4158 1205 4211 omnino
1254 4156 1468 4228 (Matth.
1516 4160 1589 4227 v).
1625 4159 1689 4213 Et
1729 4160 1918 4214 iterum
1963 4176 1977 4211 :

422 4244 583 4300 Omne
616 4247 817 4300 uerbum
846 4250 1061 4301 otiosum
1107 4250 1244 4319 quod
1298 4251 1456 4303 Ioruti
1481 4252 1669 4319 fuerint
1712 4251 1935 4306 homines
1960 4296 1975 4319 ,

417 4337 631 4393 reddent
656 4354 751 4407 pro
777 4353 835 4391 eo
854 4339 1101 4393 rationem
1124 4342 1177 4392 in
1207 4341 1286 4394 die
1303 4342 1489 4410 judicii
1517 4341 1729 4410 (Matth.
1763 4346 1879 4411 xu).
1915 4343 1980 4397 Et

418 4430 703 4499 Apostolus
730 4429 855 4484 dicit
886 4447 899 4482 :
933 4428 1111 4484 Omnis
1134 4448 1296 4485 sermo
1319 4432 1483 4485 malus
1503 4434 1567 4487 de
1585 4450 1673 4488 ore
1696 4443 1856 4487 vestro
1877 4452 1979 4488 non

2079 3253 2267 3305 nobis:
2301 3250 2428 3303 Hcce
2469 3249 2639 3302 omnia
2669 3256 2836 3318 gentes
2858 3245 3122 3314 requirunt
3149 3240 3361 3311 (Matth.
3392 3239 3485 3306 vt).
3533 3236 3635 3290 Ve-

2075 3354 2374 3397 rumtamen
2418 3339 2706 3392 monachos
2746 3351 2957 3403 semper
3004 3344 3212 3403 oportet
3267 3331 3540 3393 laborare,
3586 3339 3638 3388 et

2076 3438 2192 3490 sine
2241 3434 2598 3489 sollicitudine
2645 3432 2805 3485 vitam
2857 3444 3006 3483 suam
3058 3428 3352 3495 transigere
3400 3444 3415 3479 :
3464 3425 3635 3478 omnia

2076 3538 2406 3596 quaecunque
2434 3521 2814 3584 laboraverint,
2845 3528 3088 3585 excepto,
3121 3527 3177 3569 ut
3199 3530 3357 3583 supra
3378 3514 3639 3576 diximus,

2077 3631 2212 3685 pane
2255 3612 2444 3682 exiguo
2466 3610 2891 3672 etvesrimento,
2938 3606 3256 3675 pauperibus
3301 3603 3639 3657 distribuant.

2077 3707 2214 3784 Copi
2248 3719 2537 3773 pauperum
2559 3715 2770 3769 semper
2793 3698 3031 3752 facienda
3054 3706 3155 3758 est,
3175 3705 3228 3748 et
3253 3694 3430 3746 omnia
3460 3701 3641 3746 nostra

2078 3814 2196 3854 cum
2219 3797 2478 3851 cltaritate
2502 3799 2647 3859 fiant;
2670 3804 2721 3848 et
2745 3793 2861 3846 sine
2882 3790 3139 3845 cliaritate
3166 3786 3490 3841 infructuosa
3518 3795 3643 3837 sunt

2078 3890 2214 3960 apud
2247 3891 2411 3943 Deum
2441 3902 2599 3955 opera
2632 3896 2831 3939 nostra.

2151 3981 2284 4036 Xlll.
2308 3980 2537 4033 Arbitrio
2550 3977 2959 4045 uniuscujusque
2980 3972 3207 4027 senioris
3229 3966 3633 4037 relinquendum

2079 4083 2179 4133 est.
2214 4070 2356 4125 unde
2384 4083 2614 4123 annuum
2644 4081 2832 4135 partem
2867 4062 3195 4118 monasterio
3216 4077 3314 4115 suo
3341 4060 3643 4129 provideat:

2078 4163 2121 4216 si
2154 4176 2217 4215 ex
2251 4159 2460 4215 sarculo
2488 4167 2577 4211 aut
2605 4157 2800 4222 bubus,
2841 4166 2896 4209 ut
2934 4152 3197 4223 aliquibus
3228 4166 3341 4205 mos
3367 4160 3476 4213 est,
3509 4150 3644 4204 sicut

2081 4252 2266 4316 nobis;
2300 4260 2390 4304 aut
2434 4248 2708 4311 artificiis,
2743 4245 2856 4300 sive
2887 4246 3111 4314 negotiis
3132 4285 3145 4306 ,
3176 4244 3291 4297 sive
3341 4258 3404 4297 ex
3441 4242 3644 4295 condo-

2079 4346 2255 4398 ctione
2286 4340 2572 4401 mercedis,
2606 4338 2718 4391 sive
2744 4352 2810 4391 ex
2839 4336 3076 4406 quolibet
3105 4350 3283 4402 opere.

2156 4433 2291 4489 XlV.
2361 4431 2477 4486 Non
2535 4443 2858 4498 magnOpere
2913 4427 3201 4481 curandum
3251 4432 3337 4478 est
3383 4423 3648 4492 quomodo

419 4524 660 4590 procedat
691 4538 709 4576 :
736 4523 824 4576 sed
846 4528 892 4576 si
919 4525 1029 4589 quis
1058 4525 1215 4578 bonus
1237 4524 1305 4577 ad
1327 4525 1714 4593 rediﬁcationem
1740 4526 1882 4592 ﬁdei,
1922 4537 1977 4579 ut
2005 4512 2060 4573 D
2086 4526 2442 4593 unusquisque
2472 4523 2710 4586 laboret,
2746 4522 2838 4575 sed
2878 4518 3142 4588 quomodo
3184 4515 3545 4583 unusquisque
3571 4513 3645 4565 vi-

418 4614 502 4667 det
522 4614 736 4685 gratiam
756 4613 1075 4668 audientibus
1115 4613 1327 4684 (Ephes.
1363 4615 1460 4686 tv).
1485 4616 1537 4669 Si
1562 4617 1679 4685 quis
1708 4631 1770 4670 ex
1801 4615 1976 4671 fratri-

419 4704 519 4757 bus
547 4712 664 4773 post
705 4705 1147 4759 examinationem
1193 4708 1425 4760 carceris
1468 4721 1656 4761 cavere
1700 4707 1813 4761 haec
1850 4707 1977 4761 vitia

420 4807 525 4845 non
552 4795 749 4863 poterit
772 4833 788 4855 ,
830 4794 1122 4863 ejiciendus
1163 4805 1293 4849 esto
1327 4796 1603 4861 fratribus,
1642 4807 1695 4851 et
1723 4797 1981 4851 damnan-

420 4883 518 4936 dus
546 4893 645 4936 est.

488 4972 576 5027 ιχ.
612 4974 666 5027 Si
687 4974 807 5042 quis
840 4974 1123 5030 iracundus
1145 4977 1392 5030 inventus
1423 4975 1582 5031 fuerit
1607 4992 1671 5031 ex
1706 4977 1978 5044 fratribus,

419 5078 542 5119 reus
566 5075 670 5119 erit
715 5066 768 5118 in
799 5066 1026 5119 concilio
1062 5067 1318 5135 gehennae
1352 5066 1514 5135 ignis,
1567 5068 1667 5122 nisi
1698 5071 1979 5137 poeniteat,

420 5164 479 5208 ut
501 5154 722 5210 vulnera
748 5155 1036 5223 putrefacta
1056 5157 1407 5226 castigatione
1425 5198 1441 5221 ,
1473 5158 1679 5214 scilicet
1707 5160 1842 5227 ignis
1871 5174 1977 5211 meo

419 5246 740 5311 dicamento,
771 5246 1043 5302 exurenda
1074 5258 1199 5301 sunt
1230 5265 1243 5301 :
1277 5256 1333 5302 et
1363 5248 1623 5302 tumidum
1655 5250 1843 5303 vulnus
1869 5249 1980 5317 spi-

419 5338 589 5393 ritalis
613 5336 736 5392 ferri
766 5338 1002 5392 sectione
1026 5347 1203 5393 utatur
1236 5355 1250 5393 :
1281 5339 1332 5393 id
1352 5350 1459 5404 est,
1481 5340 1726 5408 capitalia
1753 5349 1808 5396 et
1833 5356 1979 5395 mor-

422 5432 545 5486 talia
572 5431 793 5485 crimina
810 5471 827 5497 ,
869 5447 987 5500 qua:
1013 5431 1213 5486 ducunt
1238 5431 1304 5486 ad
1334 5442 1581 5497 mortem,
1608 5443 1821 5502 oportet
1848 5433 1982 5487 dure

421 5524 598 5579 rurari
638 5532 692 5578 ct
718 5523 1021 5590 emendari,
1060 5538 1335 5593 usquequo
1361 5526 1678 5594 corrigatur,
1727 5536 1782 5580 et
1822 5540 1981 5579 sanus

420 5615 619 5682 fuerit,
645 5615 938 5671 secundum
967 5614 1222 5684 judicium
1250 5618 1455 5673 abbatis
1481 5620 1594 5673 sive
1622 5620 1909 5673 mconomi.

491 5706 560 5764 Χ.
585 5707 643 5765 Si
671 5708 788 5779 quis
820 5724 885 5764 es
915 5708 1165 5766 fratribus
1194 5710 1393 5768 dixerit
1422 5711 1637 5769 verbum
1680 5712 1747 5768 de
1781 5711 1943 5767 fratre
1965 5752 1979 5776 .

2084 4626 2191 4670 Vat.
2239 4613 2515 4681 Quomodo
2556 4629 2642 4666 res
2685 4621 2740 4665 et
2780 4611 2914 4665 ratio
2953 4617 3007 4663 et
3044 4608 3177 4662 situs
3222 4609 3318 4660 loci
3365 4604 3650 4671 unicuique

2086 4705 2405 4777 permiserit,
2438 4718 2647 4770 seraper
2673 4701 3017 4755 laborandum
3049 4708 3165 4761 est,
3198 4706 3253 4751 et
3273 4699 3355 4751 lex
3386 4697 3502 4761 Dei,
3528 4710 3650 4765 qua:

2084 4798 2197 4850 sive
2228 4796 2448 4848 visibilis
2491 4795 2604 4847 sive
2622 4792 2901 4846 invisibilia
2919 4789 3515 4855 continet,obscrvanda
3532 4796 3644 4840 est:

2087 4899 2140 4942 et
2170 4886 2297 4939 niltil
2329 4902 2391 4939 ex
2436 4885 2696 4939 mandatis
2742 4883 2871 4947 Dei,
2904 4882 3015 4935 sive
3054 4897 3299 4950 magnum
3329 4883 3441 4933 sive
3486 4878 3648 4931 mini-

2086 4998 2227 5035 mum
2254 5022 2268 5044 ,
2316 4978 2742 5048 praetereundum
2791 4989 2872 5030 est
2914 4993 2926 5027 :
2985 4975 3115 5039 Quia
3153 4974 3239 5042 qui
3285 4973 3652 5042 transgreditur

2085 5086 2265 5133 unum,
2298 5070 2463 5139 factus
2484 5083 2554 5119 est
2583 5068 2804 5119 omnium
2833 5082 2948 5119 reus
2977 5064 3116 5135 (Jac.
3159 5066 3239 5133 tt).

2155 5162 2269 5216 XV.
2310 5161 2647 5229 Pr0positum
2697 5159 2942 5212 monachi
2993 5156 3131 5226 quod
3176 5154 3544 5227 promisimus,
3584 5166 3654 5207 ex

2086 5264 2197 5307 toto
2241 5252 2405 5307 corde
2440 5264 2492 5306 et
2521 5268 2585 5305 ex
2624 5260 2730 5304 tota
2773 5250 3064 5305 dilectione
3099 5246 3452 5303 exercendum
3483 5254 3566 5300 est
3598 5254 3657 5300 et

2084 5346 2382 5402 faciendum
2424 5362 2437 5397 :
2476 5343 2615 5414 quod
2663 5343 2713 5397 in
2747 5342 2917 5397 tribus
2946 5340 3496 5395 abrenuntiationibus
3522 5353 3648 5392 con-

2084 5438 2243 5490 sistit.
2289 5436 2466 5490 Primo
2507 5434 2723 5488 omnino
2768 5449 2954 5487 omnes
2996 5434 3270 5486 facultates
3315 5441 3526 5485 nostras
3567 5445 3649 5484 τοι

2085 5544 2278 5597 ενυω·ο
2302 5529 2589 5591 debemus;
2616 5537 2869 5581 etoutues
2896 5525 3092 5578 divitia:
3123 5524 3301 5577 mundi
3324 5524 3512 5577 aliena:
3533 5537 3657 5578 esse

2087 5640 2116 5676 a
2151 5623 2307 5677 nobis
2336 5630 2646 5675 noscuntur.
2687 5619 2883 5674 Deinde
2925 5619 2974 5673 itt
3007 5617 3243 5672 secundo
3284 5617 3436 5679 loco,
3475 5615 3652 5670 omnia

2094 5715 2218 5769 vitia
2251 5713 2426 5767 carnis
2454 5720 2507 5765 et
2535 5712 2721 5767 anima:
2761 5710 3105 5780 relinquenda
3138 5718 3256 5766 sunt
3286 5718 3338 5763 ct
3377 5708 3605 5764 cavenda
3639 5723 3677 5761 ιη
