  <div class='ocr_page' id='page_1' title='image "/cluster/home/n/w/nwhite01/storage/ocr_20150623/66/hvd.32044054758701/501.png"; bbox 0 0 4034 6166; ppageno 0'>
   <div class='ocr_carea' id='block_1_1' title="bbox 345 321 440 375">
    <p class='ocr_par' dir='ltr' id='par_1_1' title="bbox 345 321 440 375">
     <span class='ocr_line' id='line_1_1' title="bbox 345 321 440 375; baseline -0.011 0"><span class='ocrx_word' id='word_1_1' title='bbox 345 321 440 375; x_wconf 69' lang='grc'><strong>9131</strong></span> 
     </span>
    </p>
   </div>
   <div class='ocr_carea' id='block_1_2' title="bbox 1318 317 2560 376">
    <p class='ocr_par' dir='ltr' id='par_1_2' title="bbox 1318 317 2560 376">
     <span class='ocr_line' id='line_1_2' title="bbox 1318 317 2560 376; baseline 0.001 -3"><span class='ocrx_word' id='word_1_2' title='bbox 1318 317 1658 376; x_wconf 72' lang='grc' dir='ltr'><strong>ΔΡΡΕΝΒΙΧ</strong></span> <span class='ocrx_word' id='word_1_3' title='bbox 1694 317 1784 374; x_wconf 79' lang='lat' dir='ltr'><strong>AD</strong></span> <span class='ocrx_word' id='word_1_4' title='bbox 1825 317 2051 376; x_wconf 76' lang='lat' dir='ltr'><strong>OPERA</strong></span> <span class='ocrx_word' id='word_1_5' title='bbox 2087 318 2141 374; x_wconf 89' lang='lat' dir='ltr'><strong>S.</strong></span> <span class='ocrx_word' id='word_1_6' title='bbox 2187 319 2560 376; x_wconf 80' lang='lat' dir='ltr'><strong>BENEDICTI.</strong></span> 
     </span>
    </p>
   </div>
   <div class='ocr_carea' id='block_1_3' title="bbox 3483 319 3586 380">
    <p class='ocr_par' dir='ltr' id='par_1_3' title="bbox 3483 319 3586 380">
     <span class='ocr_line' id='line_1_3' title="bbox 3483 319 3586 380; baseline -0.029 -1"><span class='ocrx_word' id='word_1_7' title='bbox 3483 319 3586 380; x_wconf 67' lang='lat'><strong>99¢.</strong></span> 
     </span>
    </p>
   </div>
   <div class='ocr_carea' id='block_1_4' title="bbox 349 430 3587 503">
    <p class='ocr_par' dir='ltr' id='par_1_4' title="bbox 349 430 3587 503">
     <span class='ocr_line' id='line_1_4' title="bbox 349 430 3587 503; baseline 0 -15"><span class='ocrx_word' id='word_1_8' title='bbox 349 443 397 488; x_wconf 75' lang='lat' dir='ltr'><strong>et</strong></span> <span class='ocrx_word' id='word_1_9' title='bbox 418 433 580 488; x_wconf 80' lang='lat' dir='ltr'><strong>omnis</strong></span> <span class='ocrx_word' id='word_1_10' title='bbox 605 433 716 496; x_wconf 84' lang='lat' dir='ltr'><strong>ira,</strong></span> <span class='ocrx_word' id='word_1_11' title='bbox 749 441 793 490; x_wconf 71' lang='lat' dir='ltr'><strong>at</strong></span> <span class='ocrx_word' id='word_1_12' title='bbox 827 431 1146 502; x_wconf 76' lang='lat' dir='ltr'><strong>indignatio,</strong></span> <span class='ocrx_word' id='word_1_13' title='bbox 1178 439 1230 486; x_wconf 77' lang='lat' dir='ltr'><strong>et</strong></span> <span class='ocrx_word' id='word_1_14' title='bbox 1265 431 1490 494; x_wconf 81' lang='lat' dir='ltr'><strong>clamor,</strong></span> <span class='ocrx_word' id='word_1_15' title='bbox 1521 439 1569 486; x_wconf 80' lang='lat' dir='ltr'><strong>et</strong></span> <span class='ocrx_word' id='word_1_16' title='bbox 1600 430 1915 503; x_wconf 75' lang='lat' dir='ltr'><strong>blasphemia</strong></span> <span class='ocrx_word' id='word_1_17' title='bbox 1943 434 1996 492; x_wconf 80' lang='grc' dir='ltr'>Α</span> <span class='ocrx_word' id='word_1_18' title='bbox 2021 431 2203 496; x_wconf 77' lang='lat' dir='ltr'><strong>terim.</strong></span> <span class='ocrx_word' id='word_1_19' title='bbox 2248 434 2504 488; x_wconf 86' lang='lat' dir='ltr'><strong>monachi</strong></span> <span class='ocrx_word' id='word_1_20' title='bbox 2536 433 2604 488; x_wconf 79' lang='lat' dir='ltr'><strong>ab</strong></span> <span class='ocrx_word' id='word_1_21' title='bbox 2635 433 2726 488; x_wconf 80' lang='lat' dir='ltr'><strong>illo</strong></span> <span class='ocrx_word' id='word_1_22' title='bbox 2751 443 2964 502; x_wconf 67' lang='lat' dir='ltr'><strong>cacant,</strong></span> <span class='ocrx_word' id='word_1_23' title='bbox 3001 443 3054 488; x_wconf 83' lang='lat' dir='ltr'><strong>et</strong></span> <span class='ocrx_word' id='word_1_24' title='bbox 3096 435 3188 490; x_wconf 87' lang='lat' dir='ltr'><strong>ille</strong></span> <span class='ocrx_word' id='word_1_25' title='bbox 3219 438 3587 490; x_wconf 72' lang='lat' dir='ltr'><strong>excommuni-</strong></span> 
     </span>
    </p>
   </div>
   <div class='ocr_carea' id='block_1_5' title="bbox 350 520 1914 594">
    <p class='ocr_par' dir='ltr' id='par_1_5' title="bbox 350 520 1914 594">
     <span class='ocr_line' id='line_1_5' title="bbox 350 520 1914 594; baseline -0.001 -16"><span class='ocrx_word' id='word_1_26' title='bbox 350 525 613 594; x_wconf 77' lang='lat' dir='ltr'><strong>auferalur</strong></span> <span class='ocrx_word' id='word_1_27' title='bbox 638 540 670 577; x_wconf 89' lang='lat' dir='ltr'><strong>a</strong></span> <span class='ocrx_word' id='word_1_28' title='bbox 699 523 854 585; x_wconf 82' lang='lat' dir='ltr'><strong>vobis,</strong></span> <span class='ocrx_word' id='word_1_29' title='bbox 881 540 998 576; x_wconf 76' lang='lat' dir='ltr'><strong>cum</strong></span> <span class='ocrx_word' id='word_1_30' title='bbox 1023 523 1163 576; x_wconf 84' lang='lat' dir='ltr'><strong>omni</strong></span> <span class='ocrx_word' id='word_1_31' title='bbox 1189 523 1384 576; x_wconf 74' lang='lat' dir='ltr'><strong>ntalilia</strong></span> <span class='ocrx_word' id='word_1_32' title='bbox 1411 520 1624 594; x_wconf 78' lang='lat' dir='ltr'><strong>(Ephes.</strong></span> <span class='ocrx_word' id='word_1_33' title='bbox 1657 523 1750 591; x_wconf 83' lang='lat' dir='ltr'><strong>tv).</strong></span> <span class='ocrx_word' id='word_1_34' title='bbox 1783 523 1914 578; x_wconf 88' lang='lat' dir='ltr'><strong>Ter-</strong></span> 
     </span>
    </p>
   </div>
   <div class='ocr_carea' id='block_1_6' title="bbox 353 615 1914 686">
    <p class='ocr_par' dir='ltr' id='par_1_6' title="bbox 353 615 1914 686">
     <span class='ocr_line' id='line_1_6' title="bbox 353 615 1914 686; baseline -0.001 -16"><span class='ocrx_word' id='word_1_35' title='bbox 353 618 424 670; x_wconf 86' lang='lat' dir='ltr'><strong>tia</strong></span> <span class='ocrx_word' id='word_1_36' title='bbox 455 617 612 686; x_wconf 68' lang='lat' dir='ltr'><strong>igitur</strong></span> <span class='ocrx_word' id='word_1_37' title='bbox 639 615 1036 670; x_wconf 85' lang='lat' dir='ltr'><strong>abrenuntiatio</strong></span> <span class='ocrx_word' id='word_1_38' title='bbox 1072 624 1186 675; x_wconf 87' lang='lat' dir='ltr'><strong>est.</strong></span> <span class='ocrx_word' id='word_1_39' title='bbox 1219 615 1330 668; x_wconf 64' lang='lat' dir='ltr'><strong>haec</strong></span> <span class='ocrx_word' id='word_1_40' title='bbox 1369 615 1547 669; x_wconf 83' lang='lat' dir='ltr'><strong>omnia</strong></span> <span class='ocrx_word' id='word_1_41' title='bbox 1587 627 1914 683; x_wconf 70' lang='lat' dir='ltr'><strong>quaicunque</strong></span> 
     </span>
    </p>
   </div>
   <div class='ocr_carea' id='block_1_7' title="bbox 354 704 1916 776">
    <p class='ocr_par' dir='ltr' id='par_1_7' title="bbox 354 704 1916 776">
     <span class='ocr_line' id='line_1_7' title="bbox 354 704 1916 776; baseline -0.001 -15"><span class='ocrx_word' id='word_1_42' title='bbox 354 708 601 764; x_wconf 83' lang='lat' dir='ltr'><strong>videntur</strong></span> <span class='ocrx_word' id='word_1_43' title='bbox 622 750 638 776; x_wconf 95' lang='lat'><strong>,</strong></span> <span class='ocrx_word' id='word_1_44' title='bbox 671 710 788 764; x_wconf 79' lang='lat' dir='ltr'><strong>sive</strong></span> <span class='ocrx_word' id='word_1_45' title='bbox 811 710 862 762; x_wconf 91' lang='lat' dir='ltr'><strong>in</strong></span> <span class='ocrx_word' id='word_1_46' title='bbox 899 709 1063 770; x_wconf 70' lang='lat' dir='ltr'><strong>creto,</strong></span> <span class='ocrx_word' id='word_1_47' title='bbox 1102 709 1213 762; x_wconf 85' lang='lat' dir='ltr'><strong>sive</strong></span> <span class='ocrx_word' id='word_1_48' title='bbox 1242 709 1293 762; x_wconf 88' lang='lat' dir='ltr'><strong>in</strong></span> <span class='ocrx_word' id='word_1_49' title='bbox 1325 717 1497 772; x_wconf 88' lang='lat' dir='ltr'><strong>terra,</strong></span> <span class='ocrx_word' id='word_1_50' title='bbox 1529 707 1640 762; x_wconf 79' lang='lat' dir='ltr'><strong>sive</strong></span> <span class='ocrx_word' id='word_1_51' title='bbox 1667 706 1718 760; x_wconf 85' lang='lat' dir='ltr'><strong>in</strong></span> <span class='ocrx_word' id='word_1_52' title='bbox 1747 704 1916 774; x_wconf 74' lang='lat' dir='ltr'><strong>mari,</strong></span> 
     </span>
    </p>
   </div>
   <div class='ocr_carea' id='block_1_8' title="bbox 357 797 1916 864">
    <p class='ocr_par' dir='ltr' id='par_1_8' title="bbox 357 797 1916 864">
     <span class='ocr_line' id='line_1_8' title="bbox 357 797 1916 864; baseline -0.001 -10"><span class='ocrx_word' id='word_1_53' title='bbox 357 815 450 854; x_wconf 87' lang='lat' dir='ltr'><strong>seu</strong></span> <span class='ocrx_word' id='word_1_54' title='bbox 470 811 524 854; x_wconf 87' lang='lat' dir='ltr'><strong>et</strong></span> <span class='ocrx_word' id='word_1_55' title='bbox 561 799 611 852; x_wconf 91' lang='lat' dir='ltr'><strong>in</strong></span> <span class='ocrx_word' id='word_1_56' title='bbox 648 801 895 856; x_wconf 87' lang='lat' dir='ltr'><strong>omnibus</strong></span> <span class='ocrx_word' id='word_1_57' title='bbox 921 800 1180 854; x_wconf 75' lang='lat' dir='ltr'><strong>creaturis</strong></span> <span class='ocrx_word' id='word_1_58' title='bbox 1205 799 1297 856; x_wconf 85' lang='lat' dir='ltr'><strong>Dei</strong></span> <span class='ocrx_word' id='word_1_59' title='bbox 1320 837 1338 864; x_wconf 83' lang='lat'><strong>,</strong></span> <span class='ocrx_word' id='word_1_60' title='bbox 1365 814 1468 852; x_wconf 83' lang='lat' dir='ltr'><strong>non</strong></span> <span class='ocrx_word' id='word_1_61' title='bbox 1492 799 1664 853; x_wconf 88' lang='lat' dir='ltr'><strong>solum</strong></span> <span class='ocrx_word' id='word_1_62' title='bbox 1692 797 1824 852; x_wconf 81' lang='lat' dir='ltr'><strong>nihil</strong></span> <span class='ocrx_word' id='word_1_63' title='bbox 1850 812 1916 852; x_wconf 75' lang='lat' dir='ltr'><strong>ea</strong></span> 
     </span>
    </p>
   </div>
   <div class='ocr_carea' id='block_1_9' title="bbox 357 891 1918 958">
    <p class='ocr_par' dir='ltr' id='par_1_9' title="bbox 357 891 1918 958">
     <span class='ocr_line' id='line_1_9' title="bbox 357 891 1918 958; baseline -0.003 -10"><span class='ocrx_word' id='word_1_64' title='bbox 357 893 442 948; x_wconf 85' lang='lat' dir='ltr'><strong>his</strong></span> <span class='ocrx_word' id='word_1_65' title='bbox 485 893 780 950; x_wconf 68' lang='lat' dir='ltr'><strong>assimilare</strong></span> <span class='ocrx_word' id='word_1_66' title='bbox 825 892 1049 948; x_wconf 87' lang='lat' dir='ltr'><strong>Domino</strong></span> <span class='ocrx_word' id='word_1_67' title='bbox 1085 891 1363 958; x_wconf 77' lang='lat' dir='ltr'><strong>debemus,</strong></span> <span class='ocrx_word' id='word_1_68' title='bbox 1403 891 1499 948; x_wconf 83' lang='lat' dir='ltr'><strong>sed</strong></span> <span class='ocrx_word' id='word_1_69' title='bbox 1529 892 1706 946; x_wconf 84' lang='lat' dir='ltr'><strong>omnia</strong></span> <span class='ocrx_word' id='word_1_70' title='bbox 1751 891 1918 947; x_wconf 87' lang='lat' dir='ltr'><strong>etiam</strong></span> 
     </span>
    </p>
   </div>
   <div class='ocr_carea' id='block_1_10' title="bbox 359 984 1922 1053">
    <p class='ocr_par' dir='ltr' id='par_1_10' title="bbox 359 984 1922 1053">
     <span class='ocr_line' id='line_1_10' title="bbox 359 984 1922 1053; baseline 0 -15"><span class='ocrx_word' id='word_1_71' title='bbox 359 985 445 1042; x_wconf 86' lang='lat' dir='ltr'><strong>illa</strong></span> <span class='ocrx_word' id='word_1_72' title='bbox 477 984 729 1042; x_wconf 77' lang='lat' dir='ltr'><strong>inferiora</strong></span> <span class='ocrx_word' id='word_1_73' title='bbox 760 985 927 1040; x_wconf 90' lang='lat' dir='ltr'><strong>nostri</strong></span> <span class='ocrx_word' id='word_1_74' title='bbox 957 985 1200 1040; x_wconf 84' lang='lat' dir='ltr'><strong>arbitrari</strong></span> <span class='ocrx_word' id='word_1_75' title='bbox 1247 1000 1276 1044; x_wconf 85' lang='lat' dir='ltr'><strong>a</strong></span> <span class='ocrx_word' id='word_1_76' title='bbox 1324 985 1476 1040; x_wconf 82' lang='lat' dir='ltr'><strong>nobis</strong></span> <span class='ocrx_word' id='word_1_77' title='bbox 1518 993 1731 1053; x_wconf 85' lang='lat' dir='ltr'><strong>Oportet</strong></span> <span class='ocrx_word' id='word_1_78' title='bbox 1770 1001 1783 1037; x_wconf 91' lang='lat'><strong>:</strong></span> <span class='ocrx_word' id='word_1_79' title='bbox 1834 984 1922 1053; x_wconf 88' lang='lat' dir='ltr'><strong>qui</strong></span> 
     </span>
    </p>
   </div>
   <div class='ocr_carea' id='block_1_11' title="bbox 359 1075 1919 1146">
    <p class='ocr_par' dir='ltr' id='par_1_11' title="bbox 359 1075 1919 1146">
     <span class='ocr_line' id='line_1_11' title="bbox 359 1075 1919 1146; baseline -0.001 -14"><span class='ocrx_word' id='word_1_80' title='bbox 359 1088 418 1132; x_wconf 94' lang='lat' dir='ltr'><strong>ut</strong></span> <span class='ocrx_word' id='word_1_81' title='bbox 445 1085 566 1145; x_wconf 83' lang='lat' dir='ltr'><strong>pote</strong></span> <span class='ocrx_word' id='word_1_82' title='bbox 596 1091 695 1133; x_wconf 78' lang='lat' dir='ltr'><strong>nos</strong></span> <span class='ocrx_word' id='word_1_83' title='bbox 723 1078 860 1132; x_wconf 90' lang='lat' dir='ltr'><strong>ultra</strong></span> <span class='ocrx_word' id='word_1_84' title='bbox 890 1077 978 1133; x_wconf 88' lang='lat' dir='ltr'><strong>illa</strong></span> <span class='ocrx_word' id='word_1_85' title='bbox 1001 1077 1069 1132; x_wconf 84' lang='lat' dir='ltr'><strong>ad</strong></span> <span class='ocrx_word' id='word_1_86' title='bbox 1096 1077 1358 1134; x_wconf 77' lang='lat' dir='ltr'><strong>caelorum</strong></span> <span class='ocrx_word' id='word_1_87' title='bbox 1384 1085 1640 1145; x_wconf 81' lang='lat' dir='ltr'><strong>regna,et</strong></span> <span class='ocrx_word' id='word_1_88' title='bbox 1663 1077 1730 1130; x_wconf 87' lang='lat' dir='ltr'><strong>ad</strong></span> <span class='ocrx_word' id='word_1_89' title='bbox 1755 1075 1919 1146; x_wconf 78' lang='lat' dir='ltr'><strong>ipsius</strong></span> 
     </span>
    </p>
   </div>
   <div class='ocr_carea' id='block_1_12' title="bbox 361 1170 1931 1227">
    <p class='ocr_par' dir='ltr' id='par_1_12' title="bbox 361 1170 1931 1227">
     <span class='ocr_line' id='line_1_12' title="bbox 361 1170 1931 1227; baseline -0.005 0"><span class='ocrx_word' id='word_1_90' title='bbox 361 1171 570 1227; x_wconf 84' lang='lat' dir='ltr'><strong>Domini</strong></span> <span class='ocrx_word' id='word_1_91' title='bbox 598 1172 835 1226; x_wconf 74' lang='lat' dir='ltr'><strong>notitiam</strong></span> <span class='ocrx_word' id='word_1_92' title='bbox 863 1173 1214 1227; x_wconf 69' lang='lat' dir='ltr'><strong>extendimus.</strong></span> <span class='ocrx_word' id='word_1_93' title='bbox 1243 1172 1307 1224; x_wconf 83' lang='lat' dir='ltr'><strong>Et</strong></span> <span class='ocrx_word' id='word_1_94' title='bbox 1331 1173 1450 1226; x_wconf 77' lang='lat' dir='ltr'><strong>ideo</strong></span> <span class='ocrx_word' id='word_1_95' title='bbox 1472 1170 1553 1225; x_wconf 85' lang='lat' dir='ltr'><strong>his</strong></span> <span class='ocrx_word' id='word_1_96' title='bbox 1582 1171 1792 1226; x_wconf 86' lang='lat' dir='ltr'><strong>sanitati</strong></span> <span class='ocrx_word' id='word_1_97' title='bbox 1815 1185 1931 1223; x_wconf 88' lang='lat' dir='ltr'><strong>sen-</strong></span> 
     </span>
    </p>
   </div>
   <div class='ocr_carea' id='block_1_13' title="bbox 363 1261 1927 1330">
    <p class='ocr_par' dir='ltr' id='par_1_13' title="bbox 363 1261 1927 1330">
     <span class='ocr_line' id='line_1_13' title="bbox 363 1261 1927 1330; baseline -0.002 -15"><span class='ocrx_word' id='word_1_98' title='bbox 363 1261 620 1316; x_wconf 88' lang='lat' dir='ltr'><strong>tientibus</strong></span> <span class='ocrx_word' id='word_1_99' title='bbox 643 1301 660 1328; x_wconf 87' lang='lat'><strong>,</strong></span> <span class='ocrx_word' id='word_1_100' title='bbox 700 1272 756 1318; x_wconf 87' lang='lat' dir='ltr'><strong>et</strong></span> <span class='ocrx_word' id='word_1_101' title='bbox 783 1278 903 1316; x_wconf 83' lang='lat' dir='ltr'><strong>mox</strong></span> <span class='ocrx_word' id='word_1_102' title='bbox 939 1263 1332 1319; x_wconf 76' lang='lat' dir='ltr'><strong>transeuntibus</strong></span> <span class='ocrx_word' id='word_1_103' title='bbox 1357 1278 1462 1316; x_wconf 90' lang='lat' dir='ltr'><strong>non</strong></span> <span class='ocrx_word' id='word_1_104' title='bbox 1495 1275 1815 1330; x_wconf 60' lang='lat' dir='ltr'><strong>magnoin-re</strong></span> <span class='ocrx_word' id='word_1_105' title='bbox 1845 1262 1927 1313; x_wconf 91' lang='lat' dir='ltr'><strong>in-</strong></span> 
     </span>
    </p>
   </div>
   <div class='ocr_carea' id='block_1_14' title="bbox 363 1353 1932 1424">
    <p class='ocr_par' dir='ltr' id='par_1_14' title="bbox 363 1353 1932 1424">
     <span class='ocr_line' id='line_1_14' title="bbox 363 1353 1932 1424; baseline 0.001 -18"><span class='ocrx_word' id='word_1_106' title='bbox 363 1353 666 1419; x_wconf 76' lang='lat' dir='ltr'><strong>tendimus;</strong></span> <span class='ocrx_word' id='word_1_107' title='bbox 713 1355 1006 1408; x_wconf 88' lang='lat' dir='ltr'><strong>secundum</strong></span> <span class='ocrx_word' id='word_1_108' title='bbox 1035 1354 1175 1424; x_wconf 63' lang='lat' dir='ltr'><strong>quad</strong></span> <span class='ocrx_word' id='word_1_109' title='bbox 1209 1355 1490 1423; x_wconf 76' lang='lat' dir='ltr'><strong>Apostolus</strong></span> <span class='ocrx_word' id='word_1_110' title='bbox 1532 1355 1658 1409; x_wconf 88' lang='lat' dir='ltr'><strong>dicit</strong></span> <span class='ocrx_word' id='word_1_111' title='bbox 1688 1370 1706 1412; x_wconf 69' lang='grc' dir='ltr'>ξ</span> <span class='ocrx_word' id='word_1_112' title='bbox 1738 1354 1932 1407; x_wconf 82' lang='lat' dir='ltr'><strong>Omnia</strong></span> 
     </span>
    </p>
   </div>
   <div class='ocr_carea' id='block_1_15' title="bbox 366 1447 1932 1518">
    <p class='ocr_par' dir='ltr' id='par_1_15' title="bbox 366 1447 1932 1518">
     <span class='ocr_line' id='line_1_15' title="bbox 366 1447 1932 1518; baseline 0 -19"><span class='ocrx_word' id='word_1_113' title='bbox 366 1462 481 1516; x_wconf 72' lang='lat' dir='ltr'><strong>quas</strong></span> <span class='ocrx_word' id='word_1_114' title='bbox 508 1447 740 1501; x_wconf 67' lang='lat' dir='ltr'><strong>videntur</strong></span> <span class='ocrx_word' id='word_1_115' title='bbox 767 1447 1067 1516; x_wconf 71' lang='lat' dir='ltr'><strong>temporalia</strong></span> <span class='ocrx_word' id='word_1_116' title='bbox 1087 1459 1202 1500; x_wconf 68' lang='lat' dir='ltr'><strong>sunt</strong></span> <span class='ocrx_word' id='word_1_117' title='bbox 1233 1463 1252 1500; x_wconf 89' lang='lat'><strong><em>:</em></strong></span> <span class='ocrx_word' id='word_1_118' title='bbox 1279 1463 1393 1518; x_wconf 69' lang='lat' dir='ltr'><strong>qua!</strong></span> <span class='ocrx_word' id='word_1_119' title='bbox 1420 1457 1586 1502; x_wconf 78' lang='lat' dir='ltr'><strong>autem</strong></span> <span class='ocrx_word' id='word_1_120' title='bbox 1620 1464 1723 1503; x_wconf 72' lang='lat' dir='ltr'><strong>non</strong></span> <span class='ocrx_word' id='word_1_121' title='bbox 1755 1447 1932 1500; x_wconf 76' lang='lat' dir='ltr'><strong>vitim-</strong></span> 
     </span>
    </p>
   </div>
   <div class='ocr_carea' id='block_1_16' title="bbox 367 1537 1228 1610">
    <p class='ocr_par' dir='ltr' id='par_1_16' title="bbox 367 1537 1228 1610">
     <span class='ocr_line' id='line_1_16' title="bbox 367 1537 1228 1610; baseline 0.002 -20"><span class='ocrx_word' id='word_1_122' title='bbox 367 1549 471 1602; x_wconf 74' lang='grc' dir='ltr'><strong>ων,</strong></span> <span class='ocrx_word' id='word_1_123' title='bbox 501 1549 691 1592; x_wconf 74' lang='lat' dir='ltr'><strong>(eterna</strong></span> <span class='ocrx_word' id='word_1_124' title='bbox 711 1549 830 1593; x_wconf 76' lang='lat' dir='ltr'><strong>sunt</strong></span> <span class='ocrx_word' id='word_1_125' title='bbox 855 1537 907 1610; x_wconf 95' lang='grc'><strong>(1</strong></span> <span class='ocrx_word' id='word_1_126' title='bbox 919 1539 941 1591; x_wconf 94' lang='grc' dir='ltr'><strong><em>Ι</em></strong></span> <span class='ocrx_word' id='word_1_127' title='bbox 975 1539 1092 1593; x_wconf 80' lang='lat' dir='ltr'><strong>Cor.</strong></span> <span class='ocrx_word' id='word_1_128' title='bbox 1126 1540 1228 1608; x_wconf 82' lang='lat' dir='ltr'><strong>tv).</strong></span> 
     </span>
    </p>
   </div>
   <div class='ocr_carea' id='block_1_17' title="bbox 439 1631 1936 1696">
    <p class='ocr_par' dir='ltr' id='par_1_17' title="bbox 439 1631 1936 1696">
     <span class='ocr_line' id='line_1_17' title="bbox 439 1631 1936 1696; baseline -0.001 -10"><span class='ocrx_word' id='word_1_129' title='bbox 439 1631 576 1686; x_wconf 85' lang='lat' dir='ltr'><strong>XVI.</strong></span> <span class='ocrx_word' id='word_1_130' title='bbox 612 1631 888 1686; x_wconf 73' lang='lat' dir='ltr'><strong>Silentium</strong></span> <span class='ocrx_word' id='word_1_131' title='bbox 919 1633 970 1684; x_wconf 87' lang='lat' dir='ltr'><strong>in</strong></span> <span class='ocrx_word' id='word_1_132' title='bbox 992 1632 1239 1686; x_wconf 86' lang='lat' dir='ltr'><strong>omnibus</strong></span> <span class='ocrx_word' id='word_1_133' title='bbox 1280 1640 1592 1686; x_wconf 80' lang='lat' dir='ltr'><strong>sectandum</strong></span> <span class='ocrx_word' id='word_1_134' title='bbox 1615 1639 1733 1696; x_wconf 84' lang='lat' dir='ltr'><strong>est,</strong></span> <span class='ocrx_word' id='word_1_135' title='bbox 1770 1640 1820 1685; x_wconf 88' lang='lat' dir='ltr'><strong>et</strong></span> <span class='ocrx_word' id='word_1_136' title='bbox 1859 1639 1936 1684; x_wconf 78' lang='lat' dir='ltr'><strong>ta-</strong></span> 
     </span>
    </p>
   </div>
   <div class='ocr_carea' id='block_1_18' title="bbox 2021 525 3583 594">
    <p class='ocr_par' dir='ltr' id='par_1_18' title="bbox 2021 525 3583 594">
     <span class='ocr_line' id='line_1_18' title="bbox 2021 525 3583 594; baseline 0.002 -14"><span class='ocrx_word' id='word_1_137' title='bbox 2021 534 2190 582; x_wconf 80' lang='lat' dir='ltr'><strong>cetur.</strong></span> <span class='ocrx_word' id='word_1_138' title='bbox 2229 525 2289 581; x_wconf 90' lang='lat' dir='ltr'><strong>Si</strong></span> <span class='ocrx_word' id='word_1_139' title='bbox 2316 542 2443 580; x_wconf 89' lang='lat' dir='ltr'><strong>vero</strong></span> <span class='ocrx_word' id='word_1_140' title='bbox 2474 526 2750 594; x_wconf 68' lang='lat' dir='ltr'><strong>paeniteat,</strong></span> <span class='ocrx_word' id='word_1_141' title='bbox 2786 526 2977 582; x_wconf 81' lang='lat' dir='ltr'><strong>subdat</strong></span> <span class='ocrx_word' id='word_1_142' title='bbox 3007 543 3066 580; x_wconf 76' lang='lat' dir='ltr'><strong>se</strong></span> <span class='ocrx_word' id='word_1_143' title='bbox 3090 528 3190 582; x_wconf 88' lang='lat' dir='ltr'><strong>sub</strong></span> <span class='ocrx_word' id='word_1_144' title='bbox 3229 526 3474 582; x_wconf 87' lang='lat' dir='ltr'><strong>manibus</strong></span> <span class='ocrx_word' id='word_1_145' title='bbox 3501 539 3583 583; x_wconf 82' lang='lat' dir='ltr'><strong>se-</strong></span> 
     </span>
    </p>
   </div>
   <div class='ocr_carea' id='block_1_19' title="bbox 2023 614 3588 687">
    <p class='ocr_par' dir='ltr' id='par_1_19' title="bbox 2023 614 3588 687">
     <span class='ocr_line' id='line_1_19' title="bbox 2023 614 3588 687; baseline 0.003 -19"><span class='ocrx_word' id='word_1_146' title='bbox 2023 614 2212 683; x_wconf 90' lang='lat' dir='ltr'><strong>nioris,</strong></span> <span class='ocrx_word' id='word_1_147' title='bbox 2242 625 2297 670; x_wconf 89' lang='lat' dir='ltr'><strong>et</strong></span> <span class='ocrx_word' id='word_1_148' title='bbox 2333 617 2577 671; x_wconf 90' lang='lat' dir='ltr'><strong>servituti</strong></span> <span class='ocrx_word' id='word_1_149' title='bbox 2612 631 2672 672; x_wconf 88' lang='lat' dir='ltr'><strong>se</strong></span> <span class='ocrx_word' id='word_1_150' title='bbox 2700 617 2973 686; x_wconf 77' lang='lat' dir='ltr'><strong>subjiciat,</strong></span> <span class='ocrx_word' id='word_1_151' title='bbox 3003 617 3171 673; x_wconf 89' lang='lat' dir='ltr'><strong>donec</strong></span> <span class='ocrx_word' id='word_1_152' title='bbox 3202 617 3506 687; x_wconf 69' lang='lat' dir='ltr'><strong>pmbovcrit</strong></span> <span class='ocrx_word' id='word_1_153' title='bbox 3541 621 3588 673; x_wconf 87' lang='lat' dir='ltr'><strong>is</strong></span> 
     </span>
    </p>
   </div>
   <div class='ocr_carea' id='block_1_20' title="bbox 2022 707 2355 774">
    <p class='ocr_par' dir='ltr' id='par_1_20' title="bbox 2022 707 2355 774">
     <span class='ocr_line' id='line_1_20' title="bbox 2022 707 2355 774; baseline 0.012 -18"><span class='ocrx_word' id='word_1_154' title='bbox 2022 707 2112 774; x_wconf 88' lang='lat' dir='ltr'><strong>qui</strong></span> <span class='ocrx_word' id='word_1_155' title='bbox 2143 717 2355 772; x_wconf 66' lang='lat' dir='ltr'><strong>pratest.</strong></span> 
     </span>
    </p>
   </div>
   <div class='ocr_carea' id='block_1_21' title="bbox 2095 797 3584 865">
    <p class='ocr_par' dir='ltr' id='par_1_21' title="bbox 2095 797 3584 865">
     <span class='ocr_line' id='line_1_21' title="bbox 2095 797 3584 865; baseline -0.001 -11"><span class='ocrx_word' id='word_1_156' title='bbox 2095 797 2234 854; x_wconf 86' lang='lat' dir='ltr'><strong>XXI.</strong></span> <span class='ocrx_word' id='word_1_157' title='bbox 2263 798 2556 853; x_wconf 76' lang='lat' dir='ltr'><strong>Monachus</strong></span> <span class='ocrx_word' id='word_1_158' title='bbox 2581 797 2636 852; x_wconf 87' lang='lat' dir='ltr'><strong>in</strong></span> <span class='ocrx_word' id='word_1_159' title='bbox 2661 799 2914 854; x_wconf 83' lang='lat' dir='ltr'><strong>curribus</strong></span> <span class='ocrx_word' id='word_1_160' title='bbox 2934 800 3060 854; x_wconf 84' lang='lat' dir='ltr'><strong>etin</strong></span> <span class='ocrx_word' id='word_1_161' title='bbox 3083 801 3236 865; x_wconf 87' lang='lat' dir='ltr'><strong>equis</strong></span> <span class='ocrx_word' id='word_1_162' title='bbox 3263 800 3584 864; x_wconf 81' lang='lat' dir='ltr'><strong>discurrere,</strong></span> 
     </span>
    </p>
   </div>
   <div class='ocr_carea' id='block_1_22' title="bbox 2026 891 3587 959">
    <p class='ocr_par' dir='ltr' id='par_1_22' title="bbox 2026 891 3587 959">
     <span class='ocr_line' id='line_1_22' title="bbox 2026 891 3587 959; baseline 0 -15"><span class='ocrx_word' id='word_1_163' title='bbox 2026 899 2220 959; x_wconf 72' lang='lat' dir='ltr'><strong>praeter</strong></span> <span class='ocrx_word' id='word_1_164' title='bbox 2254 892 2516 956; x_wconf 83' lang='lat' dir='ltr'><strong>infirmos,</strong></span> <span class='ocrx_word' id='word_1_165' title='bbox 2546 891 2640 945; x_wconf 86' lang='lat' dir='ltr'><strong>sed</strong></span> <span class='ocrx_word' id='word_1_166' title='bbox 2656 891 2862 946; x_wconf 78' lang='lat' dir='ltr'><strong>debiles</strong></span> <span class='ocrx_word' id='word_1_167' title='bbox 2883 900 2938 946; x_wconf 88' lang='lat' dir='ltr'><strong>et</strong></span> <span class='ocrx_word' id='word_1_168' title='bbox 2961 891 3210 956; x_wconf 80' lang='lat' dir='ltr'><strong>claudos,</strong></span> <span class='ocrx_word' id='word_1_169' title='bbox 3242 907 3348 944; x_wconf 88' lang='lat' dir='ltr'><strong>non</strong></span> <span class='ocrx_word' id='word_1_170' title='bbox 3373 894 3587 958; x_wconf 80' lang='lat' dir='ltr'><strong>permit-</strong></span> 
     </span>
    </p>
   </div>
   <div class='ocr_carea' id='block_1_23' title="bbox 2028 979 3589 1049">
    <p class='ocr_par' dir='ltr' id='par_1_23' title="bbox 2028 979 3589 1049">
     <span class='ocr_line' id='line_1_23' title="bbox 2028 979 3589 1049; baseline 0.003 -18"><span class='ocrx_word' id='word_1_171' title='bbox 2028 979 2206 1036; x_wconf 84' lang='lat' dir='ltr'><strong>timus.</strong></span> <span class='ocrx_word' id='word_1_172' title='bbox 2246 979 2302 1036; x_wconf 88' lang='lat' dir='ltr'><strong>Si</strong></span> <span class='ocrx_word' id='word_1_173' title='bbox 2327 991 2504 1037; x_wconf 85' lang='lat' dir='ltr'><strong>autem</strong></span> <span class='ocrx_word' id='word_1_174' title='bbox 2538 981 2641 1037; x_wconf 84' lang='lat' dir='ltr'><strong>hoe</strong></span> <span class='ocrx_word' id='word_1_175' title='bbox 2669 981 2918 1049; x_wconf 81' lang='lat' dir='ltr'><strong>fecerint,</strong></span> <span class='ocrx_word' id='word_1_176' title='bbox 2946 982 3106 1038; x_wconf 74' lang='lat' dir='ltr'><strong>alieni</strong></span> <span class='ocrx_word' id='word_1_177' title='bbox 3151 984 3263 1038; x_wconf 78' lang='lat' dir='ltr'><strong>sint</strong></span> <span class='ocrx_word' id='word_1_178' title='bbox 3299 986 3367 1038; x_wconf 73' lang='lat' dir='ltr'><strong>ab</strong></span> <span class='ocrx_word' id='word_1_179' title='bbox 3389 984 3589 1038; x_wconf 83' lang='lat' dir='ltr'><strong>unitate</strong></span> 
     </span>
    </p>
   </div>
   <div class='ocr_carea' id='block_1_24' title="bbox 2030 1069 2279 1127">
    <p class='ocr_par' dir='ltr' id='par_1_24' title="bbox 2030 1069 2279 1127">
     <span class='ocr_line' id='line_1_24' title="bbox 2030 1069 2279 1127; baseline 0.012 -3"><span class='ocrx_word' id='word_1_180' title='bbox 2030 1069 2279 1127; x_wconf 82' lang='lat' dir='ltr'><strong>fratrum.</strong></span> 
     </span>
    </p>
   </div>
   <div class='ocr_carea' id='block_1_25' title="bbox 2099 1161 3584 1233">
    <p class='ocr_par' dir='ltr' id='par_1_25' title="bbox 2099 1161 3584 1233">
     <span class='ocr_line' id='line_1_25' title="bbox 2099 1161 3584 1233; baseline 0.001 -17"><span class='ocrx_word' id='word_1_181' title='bbox 2099 1161 2261 1216; x_wconf 89' lang='lat' dir='ltr'><strong>XXII.</strong></span> <span class='ocrx_word' id='word_1_182' title='bbox 2297 1162 2592 1229; x_wconf 78' lang='lat' dir='ltr'><strong>Fratribus,</strong></span> <span class='ocrx_word' id='word_1_183' title='bbox 2622 1163 2814 1233; x_wconf 79' lang='lat' dir='ltr'><strong>quibus</strong></span> <span class='ocrx_word' id='word_1_184' title='bbox 2845 1163 3108 1219; x_wconf 79' lang='lat' dir='ltr'><strong>habitatio</strong></span> <span class='ocrx_word' id='word_1_185' title='bbox 3139 1164 3198 1219; x_wconf 82' lang='lat' dir='ltr'><strong>in</strong></span> <span class='ocrx_word' id='word_1_186' title='bbox 3221 1166 3388 1219; x_wconf 72' lang='lat' dir='ltr'><strong>sterili</strong></span> <span class='ocrx_word' id='word_1_187' title='bbox 3413 1175 3584 1228; x_wconf 80' lang='lat' dir='ltr'><strong>terra,</strong></span> 
     </span>
    </p>
   </div>
   <div class='ocr_carea' id='block_1_26' title="bbox 2032 1253 3595 1324">
    <p class='ocr_par' dir='ltr' id='par_1_26' title="bbox 2032 1253 3595 1324">
     <span class='ocr_line' id='line_1_26' title="bbox 2032 1253 3595 1324; baseline 0.002 -18"><span class='ocrx_word' id='word_1_188' title='bbox 2032 1253 2080 1306; x_wconf 91' lang='lat' dir='ltr'><strong>id</strong></span> <span class='ocrx_word' id='word_1_189' title='bbox 2109 1265 2208 1320; x_wconf 78' lang='lat' dir='ltr'><strong>est,</strong></span> <span class='ocrx_word' id='word_1_190' title='bbox 2237 1255 2440 1323; x_wconf 78' lang='lat' dir='ltr'><strong>absque</strong></span> <span class='ocrx_word' id='word_1_191' title='bbox 2470 1270 2624 1324; x_wconf 84' lang='lat' dir='ltr'><strong>pane,</strong></span> <span class='ocrx_word' id='word_1_192' title='bbox 2657 1265 2712 1311; x_wconf 89' lang='lat' dir='ltr'><strong>et</strong></span> <span class='ocrx_word' id='word_1_193' title='bbox 2741 1265 2867 1313; x_wconf 86' lang='lat' dir='ltr'><strong>sunt</strong></span> <span class='ocrx_word' id='word_1_194' title='bbox 2894 1257 2944 1309; x_wconf 91' lang='lat' dir='ltr'><strong>in</strong></span> <span class='ocrx_word' id='word_1_195' title='bbox 2977 1257 3246 1310; x_wconf 83' lang='lat' dir='ltr'><strong>inontanis</strong></span> <span class='ocrx_word' id='word_1_196' title='bbox 3271 1265 3330 1311; x_wconf 88' lang='lat' dir='ltr'><strong>et</strong></span> <span class='ocrx_word' id='word_1_197' title='bbox 3357 1258 3595 1311; x_wconf 83' lang='lat' dir='ltr'><strong>fructuo-</strong></span> 
     </span>
    </p>
   </div>
   <div class='ocr_carea' id='block_1_27' title="bbox 2031 1347 3592 1416">
    <p class='ocr_par' dir='ltr' id='par_1_27' title="bbox 2031 1347 3592 1416">
     <span class='ocr_line' id='line_1_27' title="bbox 2031 1347 3592 1416; baseline 0 -18"><span class='ocrx_word' id='word_1_198' title='bbox 2031 1347 2124 1412; x_wconf 91' lang='lat' dir='ltr'><strong>sis,</strong></span> <span class='ocrx_word' id='word_1_199' title='bbox 2158 1347 2418 1400; x_wconf 85' lang='lat' dir='ltr'><strong>modicum</strong></span> <span class='ocrx_word' id='word_1_200' title='bbox 2456 1348 2616 1402; x_wconf 82' lang='lat' dir='ltr'><strong>lactis.</strong></span> <span class='ocrx_word' id='word_1_201' title='bbox 2642 1348 3002 1416; x_wconf 78' lang='lat' dir='ltr'><strong>permittimus</strong></span> <span class='ocrx_word' id='word_1_202' title='bbox 3027 1361 3154 1404; x_wconf 81' lang='lat' dir='ltr'><strong>cum</strong></span> <span class='ocrx_word' id='word_1_203' title='bbox 3175 1363 3310 1416; x_wconf 84' lang='lat' dir='ltr'><strong>aqua</strong></span> <span class='ocrx_word' id='word_1_204' title='bbox 3346 1349 3592 1402; x_wconf 76' lang='lat' dir='ltr'><strong>mixtum.</strong></span> 
     </span>
    </p>
   </div>
   <div class='ocr_carea' id='block_1_28' title="bbox 2034 1439 3590 1506">
    <p class='ocr_par' dir='ltr' id='par_1_28' title="bbox 2034 1439 3590 1506">
     <span class='ocr_line' id='line_1_28' title="bbox 2034 1439 3590 1506; baseline 0 -14"><span class='ocrx_word' id='word_1_205' title='bbox 2034 1439 2284 1494; x_wconf 78' lang='lat' dir='ltr'><strong>Habitare</strong></span> <span class='ocrx_word' id='word_1_206' title='bbox 2307 1449 2492 1494; x_wconf 85' lang='lat' dir='ltr'><strong>autem</strong></span> <span class='ocrx_word' id='word_1_207' title='bbox 2517 1441 2784 1494; x_wconf 83' lang='lat' dir='ltr'><strong>monacho</strong></span> <span class='ocrx_word' id='word_1_208' title='bbox 2811 1456 2920 1495; x_wconf 87' lang='lat' dir='ltr'><strong>uno</strong></span> <span class='ocrx_word' id='word_1_209' title='bbox 2958 1455 3080 1496; x_wconf 83' lang='lat' dir='ltr'><strong>cum</strong></span> <span class='ocrx_word' id='word_1_210' title='bbox 3127 1439 3360 1506; x_wconf 76' lang='lat' dir='ltr'><strong>feminis,</strong></span> <span class='ocrx_word' id='word_1_211' title='bbox 3408 1440 3460 1494; x_wconf 85' lang='lat' dir='ltr'><strong>id</strong></span> <span class='ocrx_word' id='word_1_212' title='bbox 3487 1450 3590 1504; x_wconf 86' lang='lat' dir='ltr'><strong>est,</strong></span> 
     </span>
    </p>
   </div>
   <div class='ocr_carea' id='block_1_29' title="bbox 2033 1531 3376 1597">
    <p class='ocr_par' dir='ltr' id='par_1_29' title="bbox 2033 1531 3376 1597">
     <span class='ocr_line' id='line_1_29' title="bbox 2033 1531 3376 1597; baseline 0 -13"><span class='ocrx_word' id='word_1_213' title='bbox 2033 1544 2152 1584; x_wconf 90' lang='lat' dir='ltr'><strong>cum</strong></span> <span class='ocrx_word' id='word_1_214' title='bbox 2175 1531 2431 1585; x_wconf 81' lang='lat' dir='ltr'><strong>matribus</strong></span> <span class='ocrx_word' id='word_1_215' title='bbox 2451 1541 2504 1586; x_wconf 87' lang='lat' dir='ltr'><strong>et</strong></span> <span class='ocrx_word' id='word_1_216' title='bbox 2533 1531 2829 1594; x_wconf 81' lang='lat' dir='ltr'><strong>sororibus,</strong></span> <span class='ocrx_word' id='word_1_217' title='bbox 2861 1546 2966 1586; x_wconf 85' lang='lat' dir='ltr'><strong>non</strong></span> <span class='ocrx_word' id='word_1_218' title='bbox 3000 1531 3376 1597; x_wconf 75' lang='lat' dir='ltr'><strong>permittimus.</strong></span> 
     </span>
    </p>
   </div>
   <div class='ocr_carea' id='block_1_30' title="bbox 2107 1622 3596 1692">
    <p class='ocr_par' dir='ltr' id='par_1_30' title="bbox 2107 1622 3596 1692">
     <span class='ocr_line' id='line_1_30' title="bbox 2107 1622 3596 1692; baseline -0.001 -15"><span class='ocrx_word' id='word_1_219' title='bbox 2107 1622 2288 1677; x_wconf 89' lang='lat' dir='ltr'><strong>XXIII.</strong></span> <span class='ocrx_word' id='word_1_220' title='bbox 2322 1622 2600 1690; x_wconf 80' lang='lat' dir='ltr'><strong>Quomodo</strong></span> <span class='ocrx_word' id='word_1_221' title='bbox 2628 1637 2726 1676; x_wconf 85' lang='lat' dir='ltr'><strong>nos</strong></span> <span class='ocrx_word' id='word_1_222' title='bbox 2753 1623 2980 1678; x_wconf 82' lang='lat' dir='ltr'><strong>obedire</strong></span> <span class='ocrx_word' id='word_1_223' title='bbox 3024 1623 3082 1677; x_wconf 84' lang='lat' dir='ltr'><strong>ei</strong></span> <span class='ocrx_word' id='word_1_224' title='bbox 3104 1631 3333 1690; x_wconf 68' lang='lat' dir='ltr'><strong>oportet,</strong></span> <span class='ocrx_word' id='word_1_225' title='bbox 3362 1623 3451 1692; x_wconf 91' lang='lat' dir='ltr'><strong>qui</strong></span> <span class='ocrx_word' id='word_1_226' title='bbox 3494 1635 3596 1676; x_wconf 78' lang='lat' dir='ltr'><strong>nos</strong></span> 
     </span>
    </p>
   </div>
   <div class='ocr_carea' id='block_1_31' title="bbox 369 1713 1940 1792">
    <p class='ocr_par' dir='ltr' id='par_1_31' title="bbox 369 1723 1933 1792">
     <span class='ocr_line' id='line_1_31' title="bbox 369 1723 1933 1792; baseline 0.003 -18"><span class='ocrx_word' id='word_1_227' title='bbox 369 1725 526 1778; x_wconf 75' lang='lat' dir='ltr'><strong>randi</strong></span> <span class='ocrx_word' id='word_1_228' title='bbox 565 1723 845 1792; x_wconf 69' lang='lat' dir='ltr'><strong>disciplina</strong></span> <span class='ocrx_word' id='word_1_229' title='bbox 894 1739 987 1790; x_wconf 82' lang='lat' dir='ltr'><strong>per</strong></span> <span class='ocrx_word' id='word_1_230' title='bbox 1027 1725 1216 1787; x_wconf 74' lang='lat' dir='ltr'><strong>omnia</strong></span> <span class='ocrx_word' id='word_1_231' title='bbox 1247 1723 1482 1778; x_wconf 85' lang='lat' dir='ltr'><strong>facienda</strong></span> <span class='ocrx_word' id='word_1_232' title='bbox 1537 1737 1657 1790; x_wconf 72' lang='grc' dir='ltr'><strong>θείς</strong></span> <span class='ocrx_word' id='word_1_233' title='bbox 1704 1727 1933 1778; x_wconf 78' lang='lat' dir='ltr'><strong>maxime</strong></span> 
     </span>
    </p>
   </div>
   <div class='ocr_carea' id='block_1_32' title="bbox 2043 1713 3599 1792">
    <p class='ocr_par' dir='ltr' id='par_1_32' title="bbox 2043 1713 3599 1784">
     <span class='ocr_line' id='line_1_32' title="bbox 2043 1713 3599 1784; baseline -0.001 -14"><span class='ocrx_word' id='word_1_234' title='bbox 2043 1716 2104 1770; x_wconf 83' lang='lat' dir='ltr'><strong>ad</strong></span> <span class='ocrx_word' id='word_1_235' title='bbox 2130 1730 2262 1784; x_wconf 82' lang='lat' dir='ltr'><strong>opus</strong></span> <span class='ocrx_word' id='word_1_236' title='bbox 2287 1715 2518 1770; x_wconf 80' lang='lat' dir='ltr'><strong>mandati</strong></span> <span class='ocrx_word' id='word_1_237' title='bbox 2549 1714 2895 1768; x_wconf 82' lang='lat' dir='ltr'><strong>cohortatur?</strong></span> <span class='ocrx_word' id='word_1_238' title='bbox 2937 1713 3088 1770; x_wconf 79' lang='lat' dir='ltr'><strong>Sicut</strong></span> <span class='ocrx_word' id='word_1_239' title='bbox 3114 1714 3288 1778; x_wconf 63' lang='lat' dir='ltr'><strong>infans</strong></span> <span class='ocrx_word' id='word_1_240' title='bbox 3327 1714 3599 1782; x_wconf 84' lang='lat' dir='ltr'><strong>obtempe-</strong></span> 
     </span>
    </p>
   </div>
   <div class='ocr_carea' id='block_1_33' title="bbox 370 1796 3598 1884">
    <p class='ocr_par' dir='ltr' id='par_1_33' title="bbox 370 1796 3598 1884">
     <span class='ocr_line' id='line_1_33' title="bbox 370 1796 3598 1884; baseline -0.001 -16"><span class='ocrx_word' id='word_1_241' title='bbox 370 1826 547 1868; x_wconf 86' lang='lat' dir='ltr'><strong>autem</strong></span> <span class='ocrx_word' id='word_1_242' title='bbox 601 1815 750 1884; x_wconf 81' lang='lat' dir='ltr'><strong>juxta</strong></span> <span class='ocrx_word' id='word_1_243' title='bbox 786 1817 1002 1869; x_wconf 85' lang='lat' dir='ltr'><strong>missam</strong></span> <span class='ocrx_word' id='word_1_244' title='bbox 1035 1826 1088 1870; x_wconf 88' lang='lat' dir='ltr'><strong>et</strong></span> <span class='ocrx_word' id='word_1_245' title='bbox 1129 1831 1366 1870; x_wconf 84' lang='lat' dir='ltr'><strong>mensam</strong></span> <span class='ocrx_word' id='word_1_246' title='bbox 1394 1832 1410 1870; x_wconf 88' lang='lat'><strong>:</strong></span> <span class='ocrx_word' id='word_1_247' title='bbox 1445 1818 1542 1870; x_wconf 83' lang='lat' dir='ltr'><strong>sed</strong></span> <span class='ocrx_word' id='word_1_248' title='bbox 1588 1817 1640 1870; x_wconf 92' lang='lat' dir='ltr'><strong>in</strong></span> <span class='ocrx_word' id='word_1_249' title='bbox 1690 1817 1936 1871; x_wconf 80' lang='lat' dir='ltr'><strong>omnibus</strong></span> <span class='ocrx_word' id='word_1_250' title='bbox 1966 1796 2013 1856; x_wconf 78' lang='grc' dir='ltr'><strong>Β</strong></span> <span class='ocrx_word' id='word_1_251' title='bbox 2040 1818 2124 1862; x_wconf 71' lang='lat' dir='ltr'><strong>W-</strong></span> <span class='ocrx_word' id='word_1_252' title='bbox 2149 1807 2360 1870; x_wconf 69' lang='grc' dir='ltr'><strong>ιιυινὶοἱ,</strong></span> <span class='ocrx_word' id='word_1_253' title='bbox 2387 1807 2498 1860; x_wconf 72' lang='lat' dir='ltr'><strong>sive</strong></span> <span class='ocrx_word' id='word_1_254' title='bbox 2527 1819 2646 1871; x_wconf 73' lang='lat' dir='ltr'><strong>qum</strong></span> <span class='ocrx_word' id='word_1_255' title='bbox 2671 1805 2736 1860; x_wconf 82' lang='lat' dir='ltr'><strong>ad</strong></span> <span class='ocrx_word' id='word_1_256' title='bbox 2761 1806 2923 1860; x_wconf 76' lang='lat' dir='ltr'><strong>ubera</strong></span> <span class='ocrx_word' id='word_1_257' title='bbox 2953 1820 3048 1860; x_wconf 80' lang='lat' dir='ltr'><strong>sua</strong></span> <span class='ocrx_word' id='word_1_258' title='bbox 3080 1820 3210 1860; x_wconf 83' lang='lat' dir='ltr'><strong>eum</strong></span> <span class='ocrx_word' id='word_1_259' title='bbox 3231 1805 3458 1867; x_wconf 77' lang='lat' dir='ltr'><strong>invisat;</strong></span> <span class='ocrx_word' id='word_1_260' title='bbox 3485 1804 3598 1858; x_wconf 69' lang='lat' dir='ltr'><strong>imo</strong></span> 
     </span>
    </p>
   </div>
   <div class='ocr_carea' id='block_1_34' title="bbox 373 1895 3606 1975">
    <p class='ocr_par' dir='ltr' id='par_1_34' title="bbox 373 1895 3606 1975">
     <span class='ocr_line' id='line_1_34' title="bbox 373 1895 3606 1975; baseline 0 -16"><span class='ocrx_word' id='word_1_261' title='bbox 373 1904 504 1961; x_wconf 83' lang='lat' dir='ltr'><strong>nihil</strong></span> <span class='ocrx_word' id='word_1_262' title='bbox 531 1907 854 1974; x_wconf 76' lang='lat' dir='ltr'><strong>loquendum</strong></span> <span class='ocrx_word' id='word_1_263' title='bbox 893 1917 1006 1969; x_wconf 88' lang='lat' dir='ltr'><strong>est,</strong></span> <span class='ocrx_word' id='word_1_264' title='bbox 1045 1908 1155 1960; x_wconf 87' lang='lat' dir='ltr'><strong>nisi.</strong></span> <span class='ocrx_word' id='word_1_265' title='bbox 1187 1907 1326 1972; x_wconf 80' lang='lat' dir='ltr'><strong>quod</strong></span> <span class='ocrx_word' id='word_1_266' title='bbox 1365 1908 1937 1975; x_wconf 78' lang='lat' dir='ltr'><strong>neeessitaspoposce-</strong></span> <span class='ocrx_word' id='word_1_267' title='bbox 2039 1899 2082 1951; x_wconf 89' lang='lat' dir='ltr'><strong>si</strong></span> <span class='ocrx_word' id='word_1_268' title='bbox 2115 1897 2238 1966; x_wconf 83' lang='lat' dir='ltr'><strong>quid</strong></span> <span class='ocrx_word' id='word_1_269' title='bbox 2264 1897 2558 1965; x_wconf 75' lang='lat' dir='ltr'><strong>promptius</strong></span> <span class='ocrx_word' id='word_1_270' title='bbox 2578 1906 2633 1950; x_wconf 78' lang='lat' dir='ltr'><strong>et</strong></span> <span class='ocrx_word' id='word_1_271' title='bbox 2669 1897 2922 1961; x_wconf 63' lang='lat' dir='ltr'><strong>celerius.</strong></span> <span class='ocrx_word' id='word_1_272' title='bbox 2966 1912 3063 1966; x_wconf 73' lang='lat' dir='ltr'><strong>pro</strong></span> <span class='ocrx_word' id='word_1_273' title='bbox 3089 1911 3158 1952; x_wconf 77' lang='lat' dir='ltr'><strong>eo</strong></span> <span class='ocrx_word' id='word_1_274' title='bbox 3197 1895 3342 1964; x_wconf 73' lang='grc' dir='ltr'><strong>φιωὰ</strong></span> <span class='ocrx_word' id='word_1_275' title='bbox 3371 1895 3606 1950; x_wconf 76' lang='lat' dir='ltr'><strong>multum</strong></span> 
     </span>
    </p>
   </div>
   <div class='ocr_carea' id='block_1_35' title="bbox 372 1998 1944 2067">
    <p class='ocr_par' dir='ltr' id='par_1_35' title="bbox 372 1998 1944 2067">
     <span class='ocr_line' id='line_1_35' title="bbox 372 1998 1944 2067; baseline 0.001 -17"><span class='ocrx_word' id='word_1_276' title='bbox 372 1999 464 2052; x_wconf 86' lang='lat' dir='ltr'><strong>rit.</strong></span> <span class='ocrx_word' id='word_1_277' title='bbox 497 1998 551 2051; x_wconf 89' lang='lat' dir='ltr'><strong>Si</strong></span> <span class='ocrx_word' id='word_1_278' title='bbox 576 1998 693 2066; x_wconf 86' lang='lat' dir='ltr'><strong>quis</strong></span> <span class='ocrx_word' id='word_1_279' title='bbox 723 2009 920 2067; x_wconf 65' lang='lat' dir='ltr'><strong>praeter</strong></span> <span class='ocrx_word' id='word_1_280' title='bbox 952 1999 1090 2052; x_wconf 82' lang='lat' dir='ltr'><strong>hanc</strong></span> <span class='ocrx_word' id='word_1_281' title='bbox 1113 1998 1446 2066; x_wconf 76' lang='lat' dir='ltr'><strong>disciplinain</strong></span> <span class='ocrx_word' id='word_1_282' title='bbox 1475 2013 1598 2052; x_wconf 87' lang='lat' dir='ltr'><strong>cum</strong></span> <span class='ocrx_word' id='word_1_283' title='bbox 1620 1998 1856 2052; x_wconf 84' lang='lat' dir='ltr'><strong>clamore</strong></span> <span class='ocrx_word' id='word_1_284' title='bbox 1885 2007 1944 2052; x_wconf 89' lang='lat' dir='ltr'><strong>et</strong></span> 
     </span>
    </p>
   </div>
   <div class='ocr_carea' id='block_1_36' title="bbox 373 2088 1940 2157">
    <p class='ocr_par' dir='ltr' id='par_1_36' title="bbox 373 2088 1940 2157">
     <span class='ocr_line' id='line_1_36' title="bbox 373 2088 1940 2157; baseline 0.002 -17"><span class='ocrx_word' id='word_1_285' title='bbox 373 2088 650 2141; x_wconf 79' lang='lat' dir='ltr'><strong>acerbiore</strong></span> <span class='ocrx_word' id='word_1_286' title='bbox 694 2101 944 2141; x_wconf 84' lang='lat' dir='ltr'><strong>sermone</strong></span> <span class='ocrx_word' id='word_1_287' title='bbox 987 2088 1361 2156; x_wconf 71' lang='lat' dir='ltr'><strong>re~pumierit,</strong></span> <span class='ocrx_word' id='word_1_288' title='bbox 1410 2098 1622 2144; x_wconf 86' lang='lat' dir='ltr'><strong>notetur</strong></span> <span class='ocrx_word' id='word_1_289' title='bbox 1670 2103 1940 2157; x_wconf 82' lang='lat' dir='ltr'><strong>usquequo</strong></span> 
     </span>
    </p>
   </div>
   <div class='ocr_carea' id='block_1_37' title="bbox 374 2179 1941 2252">
    <p class='ocr_par' dir='ltr' id='par_1_37' title="bbox 374 2179 1941 2252">
     <span class='ocr_line' id='line_1_37' title="bbox 374 2179 1941 2252; baseline 0.003 -21"><span class='ocrx_word' id='word_1_290' title='bbox 374 2179 690 2247; x_wconf 73' lang='lat' dir='ltr'><strong>corrigatur.</strong></span> <span class='ocrx_word' id='word_1_291' title='bbox 715 2180 767 2232; x_wconf 89' lang='lat' dir='ltr'><strong>Si</strong></span> <span class='ocrx_word' id='word_1_292' title='bbox 799 2189 976 2232; x_wconf 74' lang='lat' dir='ltr'><strong>autem</strong></span> <span class='ocrx_word' id='word_1_293' title='bbox 1009 2179 1108 2233; x_wconf 88' lang='lat' dir='ltr'><strong>hoc</strong></span> <span class='ocrx_word' id='word_1_294' title='bbox 1133 2179 1260 2232; x_wconf 80' lang='lat' dir='ltr'><strong>vitio</strong></span> <span class='ocrx_word' id='word_1_295' title='bbox 1281 2180 1458 2236; x_wconf 78' lang='lat' dir='ltr'><strong>curari</strong></span> <span class='ocrx_word' id='word_1_296' title='bbox 1480 2196 1581 2235; x_wconf 90' lang='lat' dir='ltr'><strong>non</strong></span> <span class='ocrx_word' id='word_1_297' title='bbox 1607 2183 1822 2252; x_wconf 85' lang='lat' dir='ltr'><strong>poterit,</strong></span> <span class='ocrx_word' id='word_1_298' title='bbox 1844 2182 1941 2251; x_wconf 86' lang='lat' dir='ltr'><strong>eji-</strong></span> 
     </span>
    </p>
   </div>
   <div class='ocr_carea' id='block_1_38' title="bbox 375 2269 1377 2348">
    <p class='ocr_par' dir='ltr' id='par_1_38' title="bbox 375 2269 1377 2348">
     <span class='ocr_line' id='line_1_38' title="bbox 375 2269 1377 2348; baseline 0.003 -25"><span class='ocrx_word' id='word_1_299' title='bbox 375 2269 549 2323; x_wconf 84' lang='lat' dir='ltr'><strong>ciatur</strong></span> <span class='ocrx_word' id='word_1_300' title='bbox 573 2272 640 2322; x_wconf 88' lang='lat' dir='ltr'><strong>ab</strong></span> <span class='ocrx_word' id='word_1_301' title='bbox 662 2272 860 2323; x_wconf 86' lang='lat' dir='ltr'><strong>unitate</strong></span> <span class='ocrx_word' id='word_1_302' title='bbox 887 2271 1128 2325; x_wconf 83' lang='lat' dir='ltr'><strong>fratrum.</strong></span> <span class='ocrx_word' id='word_1_303' title='bbox 1373 2343 1377 2348; x_wconf 22' lang='grc' dir='ltr'><strong><em>τ</em></strong></span> 
     </span>
    </p>
   </div>
   <div class='ocr_carea' id='block_1_39' title="bbox 453 2360 1945 2433">
    <p class='ocr_par' dir='ltr' id='par_1_39' title="bbox 453 2360 1945 2433">
     <span class='ocr_line' id='line_1_39' title="bbox 453 2360 1945 2433; baseline 0.005 -20"><span class='ocrx_word' id='word_1_304' title='bbox 453 2360 612 2414; x_wconf 75' lang='lat' dir='ltr'><strong>XVII.</strong></span> <span class='ocrx_word' id='word_1_305' title='bbox 642 2360 784 2414; x_wconf 82' lang='lat' dir='ltr'><strong>Nihil</strong></span> <span class='ocrx_word' id='word_1_306' title='bbox 825 2360 1199 2430; x_wconf 57' lang='lat' dir='ltr'><strong>possidendum</strong></span> <span class='ocrx_word' id='word_1_307' title='bbox 1254 2372 1503 2432; x_wconf 82' lang='lat' dir='ltr'><strong>tanquam</strong></span> <span class='ocrx_word' id='word_1_308' title='bbox 1545 2365 1851 2433; x_wconf 83' lang='lat' dir='ltr'><strong>proprium,</strong></span> <span class='ocrx_word' id='word_1_309' title='bbox 1889 2373 1945 2420; x_wconf 72' lang='lat' dir='ltr'><strong>et</strong></span> 
     </span>
    </p>
   </div>
   <div class='ocr_carea' id='block_1_40' title="bbox 377 2453 1944 2520">
    <p class='ocr_par' dir='ltr' id='par_1_40' title="bbox 377 2453 1944 2520">
     <span class='ocr_line' id='line_1_40' title="bbox 377 2453 1944 2520; baseline 0.002 -13"><span class='ocrx_word' id='word_1_310' title='bbox 377 2453 677 2520; x_wconf 74' lang='lat' dir='ltr'><strong>specialiter</strong></span> <span class='ocrx_word' id='word_1_311' title='bbox 707 2453 848 2508; x_wconf 87' lang='lat' dir='ltr'><strong>inter</strong></span> <span class='ocrx_word' id='word_1_312' title='bbox 877 2454 1198 2520; x_wconf 86' lang='lat' dir='ltr'><strong>monachos;</strong></span> <span class='ocrx_word' id='word_1_313' title='bbox 1231 2455 1324 2509; x_wconf 87' lang='lat' dir='ltr'><strong>sed</strong></span> <span class='ocrx_word' id='word_1_314' title='bbox 1345 2455 1452 2509; x_wconf 87' lang='lat' dir='ltr'><strong>sint</strong></span> <span class='ocrx_word' id='word_1_315' title='bbox 1487 2454 1564 2508; x_wconf 87' lang='lat' dir='ltr'><strong>eis</strong></span> <span class='ocrx_word' id='word_1_316' title='bbox 1586 2457 1766 2510; x_wconf 81' lang='lat' dir='ltr'><strong>omnia</strong></span> <span class='ocrx_word' id='word_1_317' title='bbox 1792 2472 1944 2512; x_wconf 90' lang='lat' dir='ltr'><strong>com-</strong></span> 
     </span>
    </p>
   </div>
   <div class='ocr_carea' id='block_1_41' title="bbox 379 2545 1942 2616">
    <p class='ocr_par' dir='ltr' id='par_1_41' title="bbox 379 2545 1942 2616">
     <span class='ocr_line' id='line_1_41' title="bbox 379 2545 1942 2616; baseline 0.003 -18"><span class='ocrx_word' id='word_1_318' title='bbox 379 2547 578 2600; x_wconf 80' lang='lat' dir='ltr'><strong>munia.</strong></span> <span class='ocrx_word' id='word_1_319' title='bbox 611 2545 708 2612; x_wconf 86' lang='lat' dir='ltr'><strong>Qui</strong></span> <span class='ocrx_word' id='word_1_320' title='bbox 733 2545 1126 2600; x_wconf 66' lang='lat' dir='ltr'><strong>autemdixerit</strong></span> <span class='ocrx_word' id='word_1_321' title='bbox 1159 2563 1172 2599; x_wconf 92' lang='lat'>:</span> <span class='ocrx_word' id='word_1_322' title='bbox 1204 2547 1375 2600; x_wconf 83' lang='lat' dir='ltr'><strong>Meum</strong></span> <span class='ocrx_word' id='word_1_323' title='bbox 1400 2557 1483 2601; x_wconf 88' lang='lat' dir='ltr'><strong>est</strong></span> <span class='ocrx_word' id='word_1_324' title='bbox 1512 2547 1632 2612; x_wconf 78' lang='lat' dir='ltr'><strong>hoc,</strong></span> <span class='ocrx_word' id='word_1_325' title='bbox 1662 2557 1754 2602; x_wconf 80' lang='lat' dir='ltr'><strong>aut</strong></span> <span class='ocrx_word' id='word_1_326' title='bbox 1791 2548 1942 2616; x_wconf 83' lang='lat' dir='ltr'><strong>illud,</strong></span> 
     </span>
    </p>
   </div>
   <div class='ocr_carea' id='block_1_42' title="bbox 379 2637 1942 2708">
    <p class='ocr_par' dir='ltr' id='par_1_42' title="bbox 379 2637 1942 2708">
     <span class='ocr_line' id='line_1_42' title="bbox 379 2637 1942 2708; baseline 0.005 -22"><span class='ocrx_word' id='word_1_327' title='bbox 379 2641 620 2706; x_wconf 77' lang='lat' dir='ltr'><strong>peccavit</strong></span> <span class='ocrx_word' id='word_1_328' title='bbox 647 2652 826 2691; x_wconf 89' lang='lat' dir='ltr'><strong>coram</strong></span> <span class='ocrx_word' id='word_1_329' title='bbox 874 2637 1017 2701; x_wconf 88' lang='lat' dir='ltr'><strong>Deo;</strong></span> <span class='ocrx_word' id='word_1_330' title='bbox 1062 2638 1160 2692; x_wconf 85' lang='lat' dir='ltr'><strong>nisi</strong></span> <span class='ocrx_word' id='word_1_331' title='bbox 1198 2649 1400 2691; x_wconf 84' lang='lat' dir='ltr'><strong>tantum</strong></span> <span class='ocrx_word' id='word_1_332' title='bbox 1446 2653 1536 2707; x_wconf 80' lang='lat' dir='ltr'><strong>per</strong></span> <span class='ocrx_word' id='word_1_333' title='bbox 1577 2639 1942 2708; x_wconf 86' lang='lat' dir='ltr'><strong>obreptiuncm</strong></span> 
     </span>
    </p>
   </div>
   <div class='ocr_carea' id='block_1_43' title="bbox 381 2724 1944 2797">
    <p class='ocr_par' dir='ltr' id='par_1_43' title="bbox 381 2724 1944 2797">
     <span class='ocr_line' id='line_1_43' title="bbox 381 2724 1944 2797; baseline 0.004 -20"><span class='ocrx_word' id='word_1_334' title='bbox 381 2725 648 2779; x_wconf 85' lang='lat' dir='ltr'><strong>sermonis</strong></span> <span class='ocrx_word' id='word_1_335' title='bbox 669 2765 684 2790; x_wconf 92' lang='lat'><strong>,</strong></span> <span class='ocrx_word' id='word_1_336' title='bbox 720 2724 812 2778; x_wconf 90' lang='lat' dir='ltr'><strong>sed</strong></span> <span class='ocrx_word' id='word_1_337' title='bbox 859 2740 954 2793; x_wconf 91' lang='lat' dir='ltr'><strong>pro</strong></span> <span class='ocrx_word' id='word_1_338' title='bbox 997 2725 1098 2779; x_wconf 93' lang='lat' dir='ltr'><strong>hoc</strong></span> <span class='ocrx_word' id='word_1_339' title='bbox 1129 2727 1248 2796; x_wconf 90' lang='lat' dir='ltr'><strong>ipso</strong></span> <span class='ocrx_word' id='word_1_340' title='bbox 1278 2736 1461 2780; x_wconf 85' lang='lat' dir='ltr'><strong>tamen.</strong></span> <span class='ocrx_word' id='word_1_341' title='bbox 1489 2728 1698 2780; x_wconf 85' lang='lat' dir='ltr'><strong>veniam</strong></span> <span class='ocrx_word' id='word_1_342' title='bbox 1733 2736 1876 2797; x_wconf 82' lang='lat' dir='ltr'><strong>petat</strong></span> <span class='ocrx_word' id='word_1_343' title='bbox 1914 2744 1944 2784; x_wconf 85' lang='lat' dir='ltr'><strong>a</strong></span> 
     </span>
    </p>
   </div>
   <div class='ocr_carea' id='block_1_44' title="bbox 385 2816 1946 2885">
    <p class='ocr_par' dir='ltr' id='par_1_44' title="bbox 385 2816 1946 2885">
     <span class='ocr_line' id='line_1_44' title="bbox 385 2816 1946 2885; baseline 0.003 -16"><span class='ocrx_word' id='word_1_344' title='bbox 385 2818 514 2880; x_wconf 80' lang='lat' dir='ltr'><strong>Deo,</strong></span> <span class='ocrx_word' id='word_1_345' title='bbox 547 2825 602 2870; x_wconf 87' lang='lat' dir='ltr'><strong>et</strong></span> <span class='ocrx_word' id='word_1_346' title='bbox 641 2825 826 2869; x_wconf 81' lang='lat' dir='ltr'><strong>caveat</strong></span> <span class='ocrx_word' id='word_1_347' title='bbox 853 2817 921 2870; x_wconf 84' lang='lat' dir='ltr'><strong>de</strong></span> <span class='ocrx_word' id='word_1_348' title='bbox 951 2816 1184 2885; x_wconf 88' lang='lat' dir='ltr'><strong>reliquo,</strong></span> <span class='ocrx_word' id='word_1_349' title='bbox 1228 2827 1284 2872; x_wconf 90' lang='lat' dir='ltr'><strong>et</strong></span> <span class='ocrx_word' id='word_1_350' title='bbox 1311 2833 1381 2872; x_wconf 88' lang='lat' dir='ltr'><strong>ne</strong></span> <span class='ocrx_word' id='word_1_351' title='bbox 1418 2817 1612 2872; x_wconf 87' lang='lat' dir='ltr'><strong>iterare</strong></span> <span class='ocrx_word' id='word_1_352' title='bbox 1653 2819 1864 2874; x_wconf 77' lang='lat' dir='ltr'><strong>audeat.</strong></span> <span class='ocrx_word' id='word_1_353' title='bbox 1891 2820 1946 2874; x_wconf 82' lang='lat' dir='ltr'><strong>Si</strong></span> 
     </span>
    </p>
   </div>
   <div class='ocr_carea' id='block_1_45' title="bbox 381 2905 1948 2979">
    <p class='ocr_par' dir='ltr' id='par_1_45' title="bbox 381 2905 1948 2979">
     <span class='ocr_line' id='line_1_45' title="bbox 381 2905 1948 2979; baseline 0.003 -18"><span class='ocrx_word' id='word_1_354' title='bbox 381 2909 501 2978; x_wconf 81' lang='lat' dir='ltr'><strong>quis</strong></span> <span class='ocrx_word' id='word_1_355' title='bbox 529 2924 597 2962; x_wconf 77' lang='lat' dir='ltr'><strong>ex</strong></span> <span class='ocrx_word' id='word_1_356' title='bbox 633 2908 735 2963; x_wconf 83' lang='lat' dir='ltr'><strong>hoc</strong></span> <span class='ocrx_word' id='word_1_357' title='bbox 761 2908 890 2962; x_wconf 88' lang='lat' dir='ltr'><strong>vitio</strong></span> <span class='ocrx_word' id='word_1_358' title='bbox 917 2909 1110 2964; x_wconf 83' lang='lat' dir='ltr'><strong>existat</strong></span> <span class='ocrx_word' id='word_1_359' title='bbox 1139 2905 1468 2974; x_wconf 83' lang='lat' dir='ltr'><strong>insanabilis,</strong></span> <span class='ocrx_word' id='word_1_360' title='bbox 1495 2911 1840 2979; x_wconf 67' lang='lat' dir='ltr'><strong>expellendus</strong></span> <span class='ocrx_word' id='word_1_361' title='bbox 1866 2919 1948 2967; x_wconf 86' lang='lat' dir='ltr'><strong>est</strong></span> 
     </span>
    </p>
   </div>
   <div class='ocr_carea' id='block_1_46' title="bbox 381 3000 1948 3073">
    <p class='ocr_par' dir='ltr' id='par_1_46' title="bbox 381 3000 1948 3073">
     <span class='ocr_line' id='line_1_46' title="bbox 381 3000 1948 3073; baseline 0.002 -19"><span class='ocrx_word' id='word_1_362' title='bbox 381 3003 451 3054; x_wconf 83' lang='lat' dir='ltr'><strong>ab</strong></span> <span class='ocrx_word' id='word_1_363' title='bbox 476 3001 737 3055; x_wconf 74' lang='lat' dir='ltr'><strong>universis</strong></span> <span class='ocrx_word' id='word_1_364' title='bbox 778 3000 1069 3054; x_wconf 84' lang='lat' dir='ltr'><strong>fratribus:</strong></span> <span class='ocrx_word' id='word_1_365' title='bbox 1103 3002 1354 3070; x_wconf 81' lang='lat' dir='ltr'><strong>quoniam</strong></span> <span class='ocrx_word' id='word_1_366' title='bbox 1394 3003 1581 3057; x_wconf 77' lang='lat' dir='ltr'><strong>vitium</strong></span> <span class='ocrx_word' id='word_1_367' title='bbox 1612 3003 1948 3073; x_wconf 67' lang='lat' dir='ltr'><strong>plsilargyrim</strong></span> 
     </span>
    </p>
   </div>
   <div class='ocr_carea' id='block_1_47' title="bbox 381 3091 1948 3164">
    <p class='ocr_par' dir='ltr' id='par_1_47' title="bbox 381 3091 1948 3164">
     <span class='ocr_line' id='line_1_47' title="bbox 381 3091 1948 3164; baseline 0.002 -17"><span class='ocrx_word' id='word_1_368' title='bbox 381 3091 750 3164; x_wconf 74' lang='lat' dir='ltr'><strong>gravissimum</strong></span> <span class='ocrx_word' id='word_1_369' title='bbox 777 3103 857 3148; x_wconf 86' lang='lat' dir='ltr'><strong>est</strong></span> <span class='ocrx_word' id='word_1_370' title='bbox 884 3109 994 3163; x_wconf 70' lang='lat' dir='ltr'><strong>pra:</strong></span> <span class='ocrx_word' id='word_1_371' title='bbox 1015 3095 1262 3150; x_wconf 86' lang='lat' dir='ltr'><strong>omnibus</strong></span> <span class='ocrx_word' id='word_1_372' title='bbox 1289 3095 1452 3162; x_wconf 85' lang='lat' dir='ltr'><strong>vitiis,</strong></span> <span class='ocrx_word' id='word_1_373' title='bbox 1475 3096 1694 3150; x_wconf 73' lang='lat' dir='ltr'><strong>et-radix</strong></span> <span class='ocrx_word' id='word_1_374' title='bbox 1720 3099 1948 3150; x_wconf 84' lang='lat' dir='ltr'><strong>omnium</strong></span> 
     </span>
    </p>
   </div>
   <div class='ocr_carea' id='block_1_48' title="bbox 384 3183 1448 3255">
    <p class='ocr_par' dir='ltr' id='par_1_48' title="bbox 384 3183 1448 3255">
     <span class='ocr_line' id='line_1_48' title="bbox 384 3183 1448 3255; baseline 0.002 -19"><span class='ocrx_word' id='word_1_375' title='bbox 384 3189 635 3236; x_wconf 71' lang='lat' dir='ltr'><strong>malorum</strong></span> <span class='ocrx_word' id='word_1_376' title='bbox 665 3193 736 3236; x_wconf 80' lang='lat' dir='ltr'><strong>est</strong></span> <span class='ocrx_word' id='word_1_377' title='bbox 761 3184 1080 3254; x_wconf 75' lang='lat' dir='ltr'><strong>plrilargyria</strong></span> <span class='ocrx_word' id='word_1_378' title='bbox 1107 3183 1158 3255; x_wconf 89' lang='lat' dir='ltr'><strong>(I</strong></span> <span class='ocrx_word' id='word_1_379' title='bbox 1186 3183 1322 3238; x_wconf 82' lang='lat' dir='ltr'><strong>Tim.</strong></span> <span class='ocrx_word' id='word_1_380' title='bbox 1352 3187 1448 3253; x_wconf 73' lang='lat' dir='ltr'><strong>Vl).</strong></span> 
     </span>
    </p>
   </div>
   <div class='ocr_carea' id='block_1_49' title="bbox 454 3271 1945 3346">
    <p class='ocr_par' dir='ltr' id='par_1_49' title="bbox 454 3271 1945 3346">
     <span class='ocr_line' id='line_1_49' title="bbox 454 3271 1945 3346; baseline 0.001 -18"><span class='ocrx_word' id='word_1_381' title='bbox 454 3271 636 3328; x_wconf 61' lang='lat' dir='ltr'><strong>XVIII.</strong></span> <span class='ocrx_word' id='word_1_382' title='bbox 659 3273 718 3329; x_wconf 87' lang='lat' dir='ltr'><strong>Si</strong></span> <span class='ocrx_word' id='word_1_383' title='bbox 741 3276 854 3342; x_wconf 81' lang='lat' dir='ltr'><strong>quis</strong></span> <span class='ocrx_word' id='word_1_384' title='bbox 876 3291 941 3328; x_wconf 79' lang='lat' dir='ltr'><strong>ex</strong></span> <span class='ocrx_word' id='word_1_385' title='bbox 967 3276 1220 3329; x_wconf 75' lang='lat' dir='ltr'><strong>fratribus</strong></span> <span class='ocrx_word' id='word_1_386' title='bbox 1247 3277 1536 3344; x_wconf 77' lang='lat' dir='ltr'><strong>lugubriuri</strong></span> <span class='ocrx_word' id='word_1_387' title='bbox 1568 3278 1736 3346; x_wconf 70' lang='lat' dir='ltr'><strong>lapsis,</strong></span> <span class='ocrx_word' id='word_1_388' title='bbox 1766 3279 1815 3332; x_wconf 74' lang='lat' dir='ltr'><strong>i.l</strong></span> <span class='ocrx_word' id='word_1_389' title='bbox 1841 3288 1945 3343; x_wconf 86' lang='lat' dir='ltr'><strong>est,</strong></span> 
     </span>
    </p>
   </div>
   <div class='ocr_carea' id='block_1_50' title="bbox 385 3365 1944 3440">
    <p class='ocr_par' dir='ltr' id='par_1_50' title="bbox 385 3365 1944 3440">
     <span class='ocr_line' id='line_1_50' title="bbox 385 3365 1944 3440; baseline 0.004 -20"><span class='ocrx_word' id='word_1_390' title='bbox 385 3365 780 3430; x_wconf 80' lang='lat' dir='ltr'><strong>fornicationis,</strong></span> <span class='ocrx_word' id='word_1_391' title='bbox 848 3368 1124 3435; x_wconf 78' lang='lat' dir='ltr'><strong>ceciderit,</strong></span> <span class='ocrx_word' id='word_1_392' title='bbox 1167 3368 1466 3438; x_wconf 75' lang='lat' dir='ltr'><strong>ejiciendus</strong></span> <span class='ocrx_word' id='word_1_393' title='bbox 1505 3373 1679 3425; x_wconf 81' lang='lat' dir='ltr'><strong>estde</strong></span> <span class='ocrx_word' id='word_1_394' title='bbox 1717 3389 1944 3440; x_wconf 71' lang='lat' dir='ltr'><strong>congre-</strong></span> 
     </span>
    </p>
   </div>
   <div class='ocr_carea' id='block_1_51' title="bbox 374 3457 1948 3529">
    <p class='ocr_par' dir='ltr' id='par_1_51' title="bbox 374 3457 1948 3529">
     <span class='ocr_line' id='line_1_51' title="bbox 374 3457 1948 3529; baseline 0.005 -17"><span class='ocrx_word' id='word_1_395' title='bbox 374 3459 598 3526; x_wconf 56' lang='lat' dir='ltr'><strong>gatione</strong></span> <span class='ocrx_word' id='word_1_396' title='bbox 655 3457 898 3521; x_wconf 86' lang='lat' dir='ltr'><strong>fratrum,</strong></span> <span class='ocrx_word' id='word_1_397' title='bbox 937 3467 994 3513; x_wconf 88' lang='lat' dir='ltr'><strong>et</strong></span> <span class='ocrx_word' id='word_1_398' title='bbox 1021 3475 1187 3529; x_wconf 89' lang='lat' dir='ltr'><strong>usque</strong></span> <span class='ocrx_word' id='word_1_399' title='bbox 1212 3461 1279 3515; x_wconf 79' lang='lat' dir='ltr'><strong>ad</strong></span> <span class='ocrx_word' id='word_1_400' title='bbox 1321 3461 1468 3516; x_wconf 86' lang='lat' dir='ltr'><strong>diem</strong></span> <span class='ocrx_word' id='word_1_401' title='bbox 1515 3464 1724 3528; x_wconf 75' lang='lat' dir='ltr'><strong>mortis,</strong></span> <span class='ocrx_word' id='word_1_402' title='bbox 1751 3466 1874 3519; x_wconf 89' lang='lat' dir='ltr'><strong>sive</strong></span> <span class='ocrx_word' id='word_1_403' title='bbox 1893 3466 1948 3520; x_wconf 91' lang='lat' dir='ltr'><strong>in</strong></span> 
     </span>
    </p>
   </div>
   <div class='ocr_carea' id='block_1_52' title="bbox 377 3548 1948 3620">
    <p class='ocr_par' dir='ltr' id='par_1_52' title="bbox 377 3548 1948 3620">
     <span class='ocr_line' id='line_1_52' title="bbox 377 3548 1948 3620; baseline 0.005 -18"><span class='ocrx_word' id='word_1_404' title='bbox 377 3548 488 3603; x_wconf 83' lang='lat' dir='ltr'><strong>alia</strong></span> <span class='ocrx_word' id='word_1_405' title='bbox 532 3549 770 3618; x_wconf 74' lang='lat' dir='ltr'><strong>regione,</strong></span> <span class='ocrx_word' id='word_1_406' title='bbox 804 3550 1080 3618; x_wconf 67' lang='lat' dir='ltr'><strong>paeniteat.</strong></span> <span class='ocrx_word' id='word_1_407' title='bbox 1116 3551 1342 3606; x_wconf 82' lang='lat' dir='ltr'><strong>Sorores</strong></span> <span class='ocrx_word' id='word_1_408' title='bbox 1370 3552 1530 3620; x_wconf 75' lang='lat' dir='ltr'><strong>igitur</strong></span> <span class='ocrx_word' id='word_1_409' title='bbox 1557 3567 1679 3609; x_wconf 84' lang='lat' dir='ltr'><strong>raro</strong></span> <span class='ocrx_word' id='word_1_410' title='bbox 1709 3556 1948 3610; x_wconf 69' lang='lat' dir='ltr'><strong>videnda</strong></span> 
     </span>
    </p>
   </div>
   <div class='ocr_carea' id='block_1_53' title="bbox 382 3637 1945 3713">
    <p class='ocr_par' dir='ltr' id='par_1_53' title="bbox 382 3637 1945 3713">
     <span class='ocr_line' id='line_1_53' title="bbox 382 3637 1945 3713; baseline 0.006 -22"><span class='ocrx_word' id='word_1_411' title='bbox 382 3645 544 3704; x_wconf 87' lang='lat' dir='ltr'><strong>sunt,</strong></span> <span class='ocrx_word' id='word_1_412' title='bbox 569 3649 622 3691; x_wconf 83' lang='lat' dir='ltr'><strong>et</strong></span> <span class='ocrx_word' id='word_1_413' title='bbox 649 3637 958 3706; x_wconf 87' lang='lat' dir='ltr'><strong>frequenter</strong></span> <span class='ocrx_word' id='word_1_414' title='bbox 989 3640 1131 3708; x_wconf 85' lang='lat' dir='ltr'><strong>loqui</strong></span> <span class='ocrx_word' id='word_1_415' title='bbox 1163 3642 1228 3694; x_wconf 87' lang='lat' dir='ltr'><strong>ad</strong></span> <span class='ocrx_word' id='word_1_416' title='bbox 1256 3656 1350 3694; x_wconf 82' lang='lat' dir='ltr'><strong>eas</strong></span> <span class='ocrx_word' id='word_1_417' title='bbox 1404 3644 1540 3698; x_wconf 79' lang='lat' dir='ltr'><strong>velle</strong></span> <span class='ocrx_word' id='word_1_418' title='bbox 1575 3645 1945 3713; x_wconf 76' lang='lat' dir='ltr'><strong>prohibemus;</strong></span> 
     </span>
    </p>
   </div>
   <div class='ocr_carea' id='block_1_54' title="bbox 384 3729 1952 3810">
    <p class='ocr_par' dir='ltr' id='par_1_54' title="bbox 384 3729 1952 3810">
     <span class='ocr_line' id='line_1_54' title="bbox 384 3729 1952 3810; baseline 0.008 -30"><span class='ocrx_word' id='word_1_419' title='bbox 384 3743 454 3782; x_wconf 87' lang='lat' dir='ltr'><strong>ne</strong></span> <span class='ocrx_word' id='word_1_420' title='bbox 489 3729 820 3784; x_wconf 69' lang='lat' dir='ltr'><strong>occasionem</strong></span> <span class='ocrx_word' id='word_1_421' title='bbox 874 3731 1211 3785; x_wconf 83' lang='lat' dir='ltr'><strong>inveniamur</strong></span> <span class='ocrx_word' id='word_1_422' title='bbox 1232 3733 1345 3786; x_wconf 85' lang='lat' dir='ltr'><strong>dari</strong></span> <span class='ocrx_word' id='word_1_423' title='bbox 1389 3734 1637 3792; x_wconf 84' lang='lat' dir='ltr'><strong>infirmis.</strong></span> <span class='ocrx_word' id='word_1_424' title='bbox 1689 3737 1952 3810; x_wconf 79' lang='lat' dir='ltr'><strong>Beneﬁcia</strong></span> 
     </span>
    </p>
   </div>
   <div class='ocr_carea' id='block_1_55' title="bbox 384 3819 1950 3892">
    <p class='ocr_par' dir='ltr' id='par_1_55' title="bbox 384 3819 1950 3892">
     <span class='ocr_line' id='line_1_55' title="bbox 384 3819 1950 3892; baseline 0.01 -24"><span class='ocrx_word' id='word_1_425' title='bbox 384 3827 560 3874; x_wconf 88' lang='lat' dir='ltr'><strong>tamen</strong></span> <span class='ocrx_word' id='word_1_426' title='bbox 591 3828 644 3874; x_wconf 90' lang='lat' dir='ltr'><strong>et</strong></span> <span class='ocrx_word' id='word_1_427' title='bbox 675 3819 1095 3876; x_wconf 79' lang='lat' dir='ltr'><strong>muniﬁcentiam</strong></span> <span class='ocrx_word' id='word_1_428' title='bbox 1130 3835 1388 3892; x_wconf 62' lang='lat' dir='ltr'><strong>praestare</strong></span> <span class='ocrx_word' id='word_1_429' title='bbox 1415 3825 1520 3881; x_wconf 87' lang='lat' dir='ltr'><strong>illis</strong></span> <span class='ocrx_word' id='word_1_430' title='bbox 1549 3843 1617 3881; x_wconf 81' lang='lat' dir='ltr'><strong>ex</strong></span> <span class='ocrx_word' id='word_1_431' title='bbox 1652 3835 1762 3882; x_wconf 88' lang='lat' dir='ltr'><strong>toto</strong></span> <span class='ocrx_word' id='word_1_432' title='bbox 1788 3829 1950 3884; x_wconf 84' lang='lat' dir='ltr'><strong>corde</strong></span> 
     </span>
    </p>
   </div>
   <div class='ocr_carea' id='block_1_56' title="bbox 385 3913 1951 3983">
    <p class='ocr_par' dir='ltr' id='par_1_56' title="bbox 385 3913 1951 3983">
     <span class='ocr_line' id='line_1_56' title="bbox 385 3913 1951 3983; baseline 0.006 -19"><span class='ocrx_word' id='word_1_433' title='bbox 385 3913 721 3980; x_wconf 73' lang='lat' dir='ltr'><strong>pra-cipimus</strong></span> <span class='ocrx_word' id='word_1_434' title='bbox 747 3931 758 3965; x_wconf 92' lang='lat'><strong>:</strong></span> <span class='ocrx_word' id='word_1_435' title='bbox 790 3915 1040 3983; x_wconf 86' lang='lat' dir='ltr'><strong>quoniam</strong></span> <span class='ocrx_word' id='word_1_436' title='bbox 1086 3925 1212 3970; x_wconf 89' lang='lat' dir='ltr'><strong>sunt</strong></span> <span class='ocrx_word' id='word_1_437' title='bbox 1243 3916 1481 3971; x_wconf 86' lang='lat' dir='ltr'><strong>membra</strong></span> <span class='ocrx_word' id='word_1_438' title='bbox 1507 3916 1729 3981; x_wconf 82' lang='lat' dir='ltr'><strong>Christi,</strong></span> <span class='ocrx_word' id='word_1_439' title='bbox 1765 3929 1818 3974; x_wconf 90' lang='lat' dir='ltr'><strong>et</strong></span> <span class='ocrx_word' id='word_1_440' title='bbox 1847 3936 1951 3974; x_wconf 88' lang='lat' dir='ltr'><strong>ma-</strong></span> 
     </span>
    </p>
   </div>
   <div class='ocr_carea' id='block_1_57' title="bbox 385 4005 1948 4078">
    <p class='ocr_par' dir='ltr' id='par_1_57' title="bbox 385 4005 1948 4078">
     <span class='ocr_line' id='line_1_57' title="bbox 385 4005 1948 4078; baseline 0.007 -20"><span class='ocrx_word' id='word_1_441' title='bbox 385 4016 494 4060; x_wconf 85' lang='lat' dir='ltr'><strong>tres</strong></span> <span class='ocrx_word' id='word_1_442' title='bbox 525 4005 767 4070; x_wconf 83' lang='lat' dir='ltr'><strong>Domini;</strong></span> <span class='ocrx_word' id='word_1_443' title='bbox 795 4019 850 4061; x_wconf 87' lang='lat' dir='ltr'><strong>et</strong></span> <span class='ocrx_word' id='word_1_444' title='bbox 875 4024 970 4076; x_wconf 90' lang='lat' dir='ltr'><strong>per</strong></span> <span class='ocrx_word' id='word_1_445' title='bbox 1010 4011 1278 4078; x_wconf 77' lang='lat' dir='ltr'><strong>virginem.</strong></span> <span class='ocrx_word' id='word_1_446' title='bbox 1308 4027 1402 4064; x_wconf 75' lang='lat' dir='ltr'><strong>nas</strong></span> <span class='ocrx_word' id='word_1_447' title='bbox 1433 4013 1660 4066; x_wconf 83' lang='lat' dir='ltr'><strong>redemit</strong></span> <span class='ocrx_word' id='word_1_448' title='bbox 1686 4011 1948 4071; x_wconf 85' lang='lat' dir='ltr'><strong>Christus.</strong></span> 
     </span>
    </p>
   </div>
   <div class='ocr_carea' id='block_1_58' title="bbox 385 4095 1951 4169">
    <p class='ocr_par' dir='ltr' id='par_1_58' title="bbox 385 4095 1951 4169">
     <span class='ocr_line' id='line_1_58' title="bbox 385 4095 1951 4169; baseline 0.006 -19"><span class='ocrx_word' id='word_1_449' title='bbox 385 4095 494 4150; x_wconf 86' lang='lat' dir='ltr'><strong>Sed</strong></span> <span class='ocrx_word' id='word_1_450' title='bbox 514 4105 689 4150; x_wconf 87' lang='lat' dir='ltr'><strong>tamen</strong></span> <span class='ocrx_word' id='word_1_451' title='bbox 719 4113 812 4162; x_wconf 83' lang='lat' dir='ltr'><strong>per</strong></span> <span class='ocrx_word' id='word_1_452' title='bbox 841 4097 1190 4154; x_wconf 83' lang='lat' dir='ltr'><strong>fidelissimos</strong></span> <span class='ocrx_word' id='word_1_453' title='bbox 1213 4111 1264 4154; x_wconf 84' lang='lat' dir='ltr'><strong>ct</strong></span> <span class='ocrx_word' id='word_1_454' title='bbox 1293 4103 1699 4169; x_wconf 67' lang='lat' dir='ltr'><strong>probatissimos</strong></span> <span class='ocrx_word' id='word_1_455' title='bbox 1730 4105 1951 4160; x_wconf 78' lang='lat' dir='ltr'><strong>donaria</strong></span> 
     </span>
    </p>
   </div>
   <div class='ocr_carea' id='block_1_59' title="bbox 385 4187 1947 4266">
    <p class='ocr_par' dir='ltr' id='par_1_59' title="bbox 385 4187 1947 4266">
     <span class='ocr_line' id='line_1_59' title="bbox 385 4187 1947 4266; baseline 0.009 -27"><span class='ocrx_word' id='word_1_456' title='bbox 385 4187 640 4242; x_wconf 84' lang='lat' dir='ltr'><strong>mittenda</strong></span> <span class='ocrx_word' id='word_1_457' title='bbox 670 4199 792 4242; x_wconf 87' lang='lat' dir='ltr'><strong>sunt</strong></span> <span class='ocrx_word' id='word_1_458' title='bbox 842 4188 990 4254; x_wconf 77' lang='lat' dir='ltr'><strong>illis,&quot;</strong></span> <span class='ocrx_word' id='word_1_459' title='bbox 1025 4201 1082 4244; x_wconf 87' lang='lat' dir='ltr'><strong>ut</strong></span> <span class='ocrx_word' id='word_1_460' title='bbox 1126 4192 1356 4248; x_wconf 79' lang='lat' dir='ltr'><strong>evitetur</strong></span> <span class='ocrx_word' id='word_1_461' title='bbox 1401 4197 1615 4251; x_wconf 79' lang='lat' dir='ltr'><strong>occasio</strong></span> <span class='ocrx_word' id='word_1_462' title='bbox 1659 4198 1947 4266; x_wconf 86' lang='lat' dir='ltr'><strong>maledicti,</strong></span> 
     </span>
    </p>
   </div>
   <div class='ocr_carea' id='block_1_60' title="bbox 383 4277 1250 4347">
    <p class='ocr_par' dir='ltr' id='par_1_60' title="bbox 383 4277 1250 4347">
     <span class='ocr_line' id='line_1_60' title="bbox 383 4277 1250 4347; baseline 0.003 -17"><span class='ocrx_word' id='word_1_463' title='bbox 383 4277 550 4346; x_wconf 76' lang='lat' dir='ltr'><strong>gratia</strong></span> <span class='ocrx_word' id='word_1_464' title='bbox 577 4277 848 4332; x_wconf 89' lang='lat' dir='ltr'><strong>hominum</strong></span> <span class='ocrx_word' id='word_1_465' title='bbox 873 4279 1250 4347; x_wconf 87' lang='lat' dir='ltr'><strong>pessimorum.</strong></span> 
     </span>
    </p>
   </div>
   <div class='ocr_carea' id='block_1_61' title="bbox 455 4365 1951 4445">
    <p class='ocr_par' dir='ltr' id='par_1_61' title="bbox 455 4365 1951 4445">
     <span class='ocr_line' id='line_1_61' title="bbox 455 4365 1951 4445; baseline 0.005 -23"><span class='ocrx_word' id='word_1_466' title='bbox 455 4365 596 4422; x_wconf 84' lang='lat' dir='ltr'><strong>XIX.</strong></span> <span class='ocrx_word' id='word_1_467' title='bbox 625 4368 738 4422; x_wconf 85' lang='lat' dir='ltr'><strong>Non</strong></span> <span class='ocrx_word' id='word_1_468' title='bbox 765 4370 1044 4439; x_wconf 77' lang='lat' dir='ltr'><strong>quisquam</strong></span> <span class='ocrx_word' id='word_1_469' title='bbox 1094 4375 1496 4441; x_wconf 77' lang='lat' dir='ltr'><strong>congregationi</strong></span> <span class='ocrx_word' id='word_1_470' title='bbox 1546 4373 1769 4429; x_wconf 80' lang='lat' dir='ltr'><strong>fratrum</strong></span> <span class='ocrx_word' id='word_1_471' title='bbox 1815 4391 1951 4445; x_wconf 69' lang='lat' dir='ltr'><strong>prte—</strong></span> 
     </span>
    </p>
   </div>
   <div class='ocr_carea' id='block_1_62' title="bbox 381 4462 1948 4532">
    <p class='ocr_par' dir='ltr' id='par_1_62' title="bbox 381 4462 1948 4532">
     <span class='ocr_line' id='line_1_62' title="bbox 381 4462 1948 4532; baseline 0.004 -19"><span class='ocrx_word' id='word_1_472' title='bbox 381 4475 504 4514; x_wconf 84' lang='lat' dir='ltr'><strong>esse</strong></span> <span class='ocrx_word' id='word_1_473' title='bbox 551 4462 958 4528; x_wconf 80' lang='lat' dir='ltr'><strong>permittendus,</strong></span> <span class='ocrx_word' id='word_1_474' title='bbox 992 4463 1093 4516; x_wconf 91' lang='lat' dir='ltr'><strong>nisi</strong></span> <span class='ocrx_word' id='word_1_475' title='bbox 1121 4463 1210 4532; x_wconf 91' lang='lat' dir='ltr'><strong>qni</strong></span> <span class='ocrx_word' id='word_1_476' title='bbox 1263 4464 1560 4520; x_wconf 86' lang='lat' dir='ltr'><strong>obediendo</strong></span> <span class='ocrx_word' id='word_1_477' title='bbox 1599 4466 1847 4520; x_wconf 77' lang='lat' dir='ltr'><strong>didicerit</strong></span> <span class='ocrx_word' id='word_1_478' title='bbox 1887 4482 1948 4520; x_wconf 84' lang='lat' dir='ltr'><strong>ea</strong></span> 
     </span>
    </p>
   </div>
   <div class='ocr_carea' id='block_1_63' title="bbox 2042 1985 3604 2056">
    <p class='ocr_par' dir='ltr' id='par_1_63' title="bbox 2042 1985 3604 2056">
     <span class='ocr_line' id='line_1_63' title="bbox 2042 1985 3604 2056; baseline 0 -16"><span class='ocrx_word' id='word_1_479' title='bbox 2042 1986 2321 2055; x_wconf 88' lang='lat' dir='ltr'><strong>pretiosior</strong></span> <span class='ocrx_word' id='word_1_480' title='bbox 2350 1987 2454 2039; x_wconf 86' lang='lat' dir='ltr'><strong>vita</strong></span> <span class='ocrx_word' id='word_1_481' title='bbox 2496 1985 2671 2039; x_wconf 88' lang='lat' dir='ltr'><strong>futura</strong></span> <span class='ocrx_word' id='word_1_482' title='bbox 2699 2001 2866 2055; x_wconf 81' lang='lat' dir='ltr'><strong>quam</strong></span> <span class='ocrx_word' id='word_1_483' title='bbox 2891 1999 3153 2056; x_wconf 60' lang='lat' dir='ltr'><strong>pauens,</strong></span> <span class='ocrx_word' id='word_1_484' title='bbox 3183 1985 3406 2041; x_wconf 72' lang='lat' dir='ltr'><strong>obedire</strong></span> <span class='ocrx_word' id='word_1_485' title='bbox 3430 1999 3604 2054; x_wconf 59' lang='lat' dir='ltr'><strong>usqu</strong></span> 
     </span>
    </p>
   </div>
   <div class='ocr_carea' id='block_1_64' title="bbox 2041 2081 2643 2147">
    <p class='ocr_par' dir='ltr' id='par_1_64' title="bbox 2041 2081 2643 2147">
     <span class='ocr_line' id='line_1_64' title="bbox 2041 2081 2643 2147; baseline 0.002 -16"><span class='ocrx_word' id='word_1_486' title='bbox 2041 2081 2108 2134; x_wconf 79' lang='lat' dir='ltr'><strong>ad</strong></span> <span class='ocrx_word' id='word_1_487' title='bbox 2150 2089 2376 2135; x_wconf 86' lang='lat' dir='ltr'><strong>mortem</strong></span> <span class='ocrx_word' id='word_1_488' title='bbox 2409 2089 2643 2147; x_wconf 84' lang='lat' dir='ltr'><strong>oportet.</strong></span> 
     </span>
    </p>
   </div>
   <div class='ocr_carea' id='block_1_65' title="bbox 2116 2167 3610 2240">
    <p class='ocr_par' dir='ltr' id='par_1_65' title="bbox 2116 2167 3610 2240">
     <span class='ocr_line' id='line_1_65' title="bbox 2116 2167 3610 2240; baseline -0.003 -14"><span class='ocrx_word' id='word_1_489' title='bbox 2116 2172 2302 2226; x_wconf 80' lang='lat' dir='ltr'><strong>XXIV.</strong></span> <span class='ocrx_word' id='word_1_490' title='bbox 2325 2172 2601 2240; x_wconf 75' lang='lat' dir='ltr'><strong>Quomodo</strong></span> <span class='ocrx_word' id='word_1_491' title='bbox 2617 2172 2885 2227; x_wconf 77' lang='lat' dir='ltr'><strong>seniorem</strong></span> <span class='ocrx_word' id='word_1_492' title='bbox 2908 2178 3124 2237; x_wconf 81' lang='lat' dir='ltr'><strong>oportet</strong></span> <span class='ocrx_word' id='word_1_493' title='bbox 3143 2170 3258 2224; x_wconf 84' lang='lat' dir='ltr'><strong>fieri</strong></span> <span class='ocrx_word' id='word_1_494' title='bbox 3281 2167 3350 2224; x_wconf 87' lang='lat' dir='ltr'><strong>ad</strong></span> <span class='ocrx_word' id='word_1_495' title='bbox 3375 2169 3610 2223; x_wconf 66' lang='lat' dir='ltr'><strong>fratres!</strong></span> 
     </span>
    </p>
   </div>
   <div class='ocr_carea' id='block_1_66' title="bbox 2043 2261 3608 2334">
    <p class='ocr_par' dir='ltr' id='par_1_66' title="bbox 2043 2261 3608 2334">
     <span class='ocr_line' id='line_1_66' title="bbox 2043 2261 3608 2334; baseline -0.003 -16"><span class='ocrx_word' id='word_1_496' title='bbox 2043 2262 2321 2334; x_wconf 79' lang='lat' dir='ltr'><strong>Tanquam</strong></span> <span class='ocrx_word' id='word_1_497' title='bbox 2337 2263 2384 2318; x_wconf 90' lang='lat' dir='ltr'><strong>si</strong></span> <span class='ocrx_word' id='word_1_498' title='bbox 2409 2265 2588 2317; x_wconf 73' lang='lat' dir='ltr'><strong>musis</strong></span> <span class='ocrx_word' id='word_1_499' title='bbox 2634 2263 2802 2318; x_wconf 81' lang='lat' dir='ltr'><strong>foveat</strong></span> <span class='ocrx_word' id='word_1_500' title='bbox 2845 2261 3093 2332; x_wconf 79' lang='lat' dir='ltr'><strong>parvulos</strong></span> <span class='ocrx_word' id='word_1_501' title='bbox 3115 2275 3262 2326; x_wconf 86' lang='lat' dir='ltr'><strong>suos,</strong></span> <span class='ocrx_word' id='word_1_502' title='bbox 3293 2261 3520 2329; x_wconf 69' lang='lat' dir='ltr'><strong>diligens</strong></span> <span class='ocrx_word' id='word_1_503' title='bbox 3547 2270 3608 2314; x_wconf 84' lang='lat' dir='ltr'><strong>et</strong></span> 
     </span>
    </p>
   </div>
   <div class='ocr_carea' id='block_1_67' title="bbox 2043 2351 3602 2424">
    <p class='ocr_par' dir='ltr' id='par_1_67' title="bbox 2043 2351 3602 2424">
     <span class='ocr_line' id='line_1_67' title="bbox 2043 2351 3602 2424; baseline -0.004 -15"><span class='ocrx_word' id='word_1_504' title='bbox 2043 2356 2350 2410; x_wconf 77' lang='lat' dir='ltr'><strong>confortans</strong></span> <span class='ocrx_word' id='word_1_505' title='bbox 2363 2355 2603 2423; x_wconf 74' lang='lat' dir='ltr'><strong>singulos</strong></span> <span class='ocrx_word' id='word_1_506' title='bbox 2625 2372 2640 2421; x_wconf 87' lang='lat'><strong>;</strong></span> <span class='ocrx_word' id='word_1_507' title='bbox 2669 2364 2723 2410; x_wconf 84' lang='lat' dir='ltr'><strong>et</strong></span> <span class='ocrx_word' id='word_1_508' title='bbox 2749 2355 2888 2409; x_wconf 69' lang='lat' dir='ltr'><strong>viam</strong></span> <span class='ocrx_word' id='word_1_509' title='bbox 2910 2353 3257 2424; x_wconf 74' lang='lat' dir='ltr'><strong>perfectionis</strong></span> <span class='ocrx_word' id='word_1_510' title='bbox 3270 2351 3602 2420; x_wconf 83' lang='lat' dir='ltr'><strong>eisapcriat;</strong></span> 
     </span>
    </p>
   </div>
   <div class='ocr_carea' id='block_1_68' title="bbox 2043 2445 3602 2518">
    <p class='ocr_par' dir='ltr' id='par_1_68' title="bbox 2043 2445 3602 2518">
     <span class='ocr_line' id='line_1_68' title="bbox 2043 2445 3602 2518; baseline -0.005 -12"><span class='ocrx_word' id='word_1_511' title='bbox 2043 2449 2221 2517; x_wconf 88' lang='lat' dir='ltr'><strong>etipse</strong></span> <span class='ocrx_word' id='word_1_512' title='bbox 2236 2447 2481 2518; x_wconf 86' lang='lat' dir='ltr'><strong>procedat</strong></span> <span class='ocrx_word' id='word_1_513' title='bbox 2495 2447 2546 2502; x_wconf 90' lang='lat' dir='ltr'><strong>in</strong></span> <span class='ocrx_word' id='word_1_514' title='bbox 2566 2449 2711 2502; x_wconf 88' lang='lat' dir='ltr'><strong>omni</strong></span> <span class='ocrx_word' id='word_1_515' title='bbox 2730 2446 3081 2516; x_wconf 77' lang='lat' dir='ltr'><strong>perfectione,</strong></span> <span class='ocrx_word' id='word_1_516' title='bbox 3095 2455 3150 2500; x_wconf 82' lang='lat' dir='ltr'><strong>et</strong></span> <span class='ocrx_word' id='word_1_517' title='bbox 3169 2445 3458 2500; x_wconf 76' lang='lat' dir='ltr'><strong>sanctitate</strong></span> <span class='ocrx_word' id='word_1_518' title='bbox 3471 2459 3602 2498; x_wconf 68' lang='lat' dir='ltr'><strong>coro</strong></span> 
     </span>
    </p>
   </div>
   <div class='ocr_carea' id='block_1_69' title="bbox 2045 2522 3602 2610">
    <p class='ocr_par' dir='ltr' id='par_1_69' title="bbox 2045 2522 3602 2610">
     <span class='ocr_line' id='line_1_69' title="bbox 2045 2522 3602 2610; baseline -0.006 -13"><span class='ocrx_word' id='word_1_519' title='bbox 2045 2542 2129 2597; x_wconf 91' lang='lat' dir='ltr'><strong>dis</strong></span> <span class='ocrx_word' id='word_1_520' title='bbox 2167 2552 2220 2597; x_wconf 90' lang='lat' dir='ltr'><strong>et</strong></span> <span class='ocrx_word' id='word_1_521' title='bbox 2254 2541 2524 2610; x_wconf 75' lang='lat' dir='ltr'><strong>wrporis;</strong></span> <span class='ocrx_word' id='word_1_522' title='bbox 2555 2551 2608 2596; x_wconf 89' lang='lat' dir='ltr'><strong>et</strong></span> <span class='ocrx_word' id='word_1_523' title='bbox 2627 2541 2750 2596; x_wconf 84' lang='lat' dir='ltr'><strong>sine</strong></span> <span class='ocrx_word' id='word_1_524' title='bbox 2773 2522 2882 2594; x_wconf 84' lang='lat' dir='ltr'><strong>ulla</strong></span> <span class='ocrx_word' id='word_1_525' title='bbox 2910 2543 3227 2608; x_wconf 73' lang='lat' dir='ltr'><strong>exceptione</strong></span> <span class='ocrx_word' id='word_1_526' title='bbox 3255 2549 3602 2607; x_wconf 80' lang='lat' dir='ltr'><strong>personarum</strong></span> 
     </span>
    </p>
   </div>
   <div class='ocr_carea' id='block_1_70' title="bbox 2045 2631 3610 2700">
    <p class='ocr_par' dir='ltr' id='par_1_70' title="bbox 2045 2631 3610 2700">
     <span class='ocr_line' id='line_1_70' title="bbox 2045 2631 3610 2700; baseline -0.005 -14"><span class='ocrx_word' id='word_1_527' title='bbox 2045 2647 2231 2688; x_wconf 84' lang='lat' dir='ltr'><strong>omnes</strong></span> <span class='ocrx_word' id='word_1_528' title='bbox 2250 2633 2502 2700; x_wconf 79' lang='lat' dir='ltr'><strong>pariteret</strong></span> <span class='ocrx_word' id='word_1_529' title='bbox 2514 2632 2726 2686; x_wconf 82' lang='lat' dir='ltr'><strong>sincera</strong></span> <span class='ocrx_word' id='word_1_530' title='bbox 2739 2631 3042 2695; x_wconf 82' lang='lat' dir='ltr'><strong>dilectione,</strong></span> <span class='ocrx_word' id='word_1_531' title='bbox 3063 2639 3312 2699; x_wconf 84' lang='lat' dir='ltr'><strong>tanqua</strong></span> <span class='ocrx_word' id='word_1_532' title='bbox 3329 2637 3475 2681; x_wconf 72' lang='lat' dir='ltr'><strong>nates</strong></span> <span class='ocrx_word' id='word_1_533' title='bbox 3491 2642 3610 2696; x_wconf 80' lang='lat' dir='ltr'><strong>pro-</strong></span> 
     </span>
    </p>
   </div>
   <div class='ocr_carea' id='block_1_71' title="bbox 2048 2723 3606 2795">
    <p class='ocr_par' dir='ltr' id='par_1_71' title="bbox 2048 2723 3606 2795">
     <span class='ocr_line' id='line_1_71' title="bbox 2048 2723 3606 2795; baseline -0.004 -15"><span class='ocrx_word' id='word_1_534' title='bbox 2048 2727 2213 2795; x_wconf 82' lang='lat' dir='ltr'><strong>prios,</strong></span> <span class='ocrx_word' id='word_1_535' title='bbox 2239 2742 2303 2781; x_wconf 82' lang='lat' dir='ltr'><strong>ex</strong></span> <span class='ocrx_word' id='word_1_536' title='bbox 2337 2735 2446 2780; x_wconf 88' lang='lat' dir='ltr'><strong>toto</strong></span> <span class='ocrx_word' id='word_1_537' title='bbox 2467 2726 2632 2781; x_wconf 85' lang='lat' dir='ltr'><strong>corde</strong></span> <span class='ocrx_word' id='word_1_538' title='bbox 2675 2725 2875 2795; x_wconf 69' lang='lat' dir='ltr'><strong>diligat.</strong></span> <span class='ocrx_word' id='word_1_539' title='bbox 2910 2725 2964 2782; x_wconf 89' lang='lat' dir='ltr'><strong>Si</strong></span> <span class='ocrx_word' id='word_1_540' title='bbox 2997 2739 3124 2781; x_wconf 90' lang='lat' dir='ltr'><strong>vero</strong></span> <span class='ocrx_word' id='word_1_541' title='bbox 3161 2723 3352 2778; x_wconf 88' lang='lat' dir='ltr'><strong>viderit</strong></span> <span class='ocrx_word' id='word_1_542' title='bbox 3375 2724 3606 2791; x_wconf 81' lang='lat' dir='ltr'><strong>aliquem</strong></span> 
     </span>
    </p>
   </div>
   <div class='ocr_carea' id='block_1_72' title="bbox 2048 2814 3614 2885">
    <p class='ocr_par' dir='ltr' id='par_1_72' title="bbox 2048 2814 3614 2885">
     <span class='ocr_line' id='line_1_72' title="bbox 2048 2814 3614 2885; baseline -0.002 -14"><span class='ocrx_word' id='word_1_543' title='bbox 2048 2816 2257 2871; x_wconf 77' lang='lat' dir='ltr'><strong>illorum</strong></span> <span class='ocrx_word' id='word_1_544' title='bbox 2277 2815 2579 2871; x_wconf 59' lang='lat' dir='ltr'><strong>amendatum</strong></span> <span class='ocrx_word' id='word_1_545' title='bbox 2601 2816 2806 2870; x_wconf 88' lang='lat' dir='ltr'><strong>Domini</strong></span> <span class='ocrx_word' id='word_1_546' title='bbox 2825 2816 3116 2885; x_wconf 62' lang='lat' dir='ltr'><strong>prieterire,</strong></span> <span class='ocrx_word' id='word_1_547' title='bbox 3138 2829 3244 2868; x_wconf 89' lang='lat' dir='ltr'><strong>non</strong></span> <span class='ocrx_word' id='word_1_548' title='bbox 3259 2814 3335 2868; x_wconf 86' lang='lat' dir='ltr'><strong>ira</strong></span> <span class='ocrx_word' id='word_1_549' title='bbox 3347 2827 3470 2882; x_wconf 78' lang='lat' dir='ltr'><strong>erga</strong></span> <span class='ocrx_word' id='word_1_550' title='bbox 3483 2829 3614 2868; x_wconf 80' lang='lat' dir='ltr'><strong>eum</strong></span> 
     </span>
    </p>
   </div>
   <div class='ocr_carea' id='block_1_73' title="bbox 2055 2906 3606 2974">
    <p class='ocr_par' dir='ltr' id='par_1_73' title="bbox 2055 2906 3606 2974">
     <span class='ocr_line' id='line_1_73' title="bbox 2055 2906 3606 2974; baseline -0.003 -11"><span class='ocrx_word' id='word_1_551' title='bbox 2055 2923 2353 2972; x_wconf 69' lang='lat' dir='ltr'><strong>moveatur,</strong></span> <span class='ocrx_word' id='word_1_552' title='bbox 2379 2908 2471 2962; x_wconf 87' lang='lat' dir='ltr'><strong>sed</strong></span> <span class='ocrx_word' id='word_1_553' title='bbox 2506 2910 2972 2963; x_wconf 68' lang='lat' dir='ltr'><strong>commiseratione</strong></span> <span class='ocrx_word' id='word_1_554' title='bbox 3006 2917 3058 2960; x_wconf 90' lang='lat' dir='ltr'><strong>et</strong></span> <span class='ocrx_word' id='word_1_555' title='bbox 3086 2906 3486 2974; x_wconf 82' lang='lat' dir='ltr'><strong>compassione;</strong></span> <span class='ocrx_word' id='word_1_556' title='bbox 3517 2920 3606 2958; x_wconf 85' lang='lat' dir='ltr'><strong>sc-</strong></span> 
     </span>
    </p>
   </div>
   <div class='ocr_carea' id='block_1_74' title="bbox 2049 2999 3614 3069">
    <p class='ocr_par' dir='ltr' id='par_1_74' title="bbox 2049 2999 3614 3069">
     <span class='ocr_line' id='line_1_74' title="bbox 2049 2999 3614 3069; baseline -0.004 -15"><span class='ocrx_word' id='word_1_557' title='bbox 2049 2999 2281 3054; x_wconf 73' lang='lat' dir='ltr'><strong>cnndum</strong></span> <span class='ocrx_word' id='word_1_558' title='bbox 2319 3000 2464 3054; x_wconf 90' lang='lat' dir='ltr'><strong>illum</strong></span> <span class='ocrx_word' id='word_1_559' title='bbox 2493 3001 2584 3069; x_wconf 84' lang='lat' dir='ltr'><strong>qui</strong></span> <span class='ocrx_word' id='word_1_560' title='bbox 2613 3001 2748 3054; x_wconf 77' lang='lat' dir='ltr'><strong>dixit</strong></span> <span class='ocrx_word' id='word_1_561' title='bbox 2773 3018 2785 3053; x_wconf 90' lang='lat'>:</span> <span class='ocrx_word' id='word_1_562' title='bbox 2822 3000 2947 3066; x_wconf 70' lang='lat' dir='ltr'><strong>Quis</strong></span> <span class='ocrx_word' id='word_1_563' title='bbox 2975 2999 3270 3068; x_wconf 78' lang='lat' dir='ltr'><strong>inﬁrmatur</strong></span> <span class='ocrx_word' id='word_1_564' title='bbox 3298 3009 3342 3051; x_wconf 79' lang='lat' dir='ltr'><strong>et</strong></span> <span class='ocrx_word' id='word_1_565' title='bbox 3385 3013 3484 3069; x_wconf 74' lang='lat' dir='ltr'><strong>ego</strong></span> <span class='ocrx_word' id='word_1_566' title='bbox 3503 3014 3614 3050; x_wconf 75' lang='lat' dir='ltr'><strong>non</strong></span> 
     </span>
    </p>
   </div>
   <div class='ocr_carea' id='block_1_75' title="bbox 2050 3086 3608 3161">
    <p class='ocr_par' dir='ltr' id='par_1_75' title="bbox 2050 3086 3608 3161">
     <span class='ocr_line' id='line_1_75' title="bbox 2050 3086 3608 3161; baseline -0.001 -19"><span class='ocrx_word' id='word_1_567' title='bbox 2050 3089 2284 3156; x_wconf 74' lang='lat' dir='ltr'><strong>inﬁrmor</strong></span> <span class='ocrx_word' id='word_1_568' title='bbox 2306 3088 2332 3142; x_wconf 85' lang='lat'><em>?</em></span> <span class='ocrx_word' id='word_1_569' title='bbox 2358 3091 2485 3157; x_wconf 77' lang='lat' dir='ltr'><strong>Quis</strong></span> <span class='ocrx_word' id='word_1_570' title='bbox 2507 3091 2910 3154; x_wconf 68' lang='lat' dir='ltr'><strong>scandalizatur,</strong></span> <span class='ocrx_word' id='word_1_571' title='bbox 2933 3101 2977 3143; x_wconf 83' lang='lat' dir='ltr'><strong>et</strong></span> <span class='ocrx_word' id='word_1_572' title='bbox 3003 3106 3096 3161; x_wconf 83' lang='lat' dir='ltr'><strong>ego</strong></span> <span class='ocrx_word' id='word_1_573' title='bbox 3117 3105 3218 3142; x_wconf 85' lang='lat' dir='ltr'><strong>non</strong></span> <span class='ocrx_word' id='word_1_574' title='bbox 3239 3105 3367 3141; x_wconf 79' lang='lat' dir='ltr'><strong>uror</strong></span> <span class='ocrx_word' id='word_1_575' title='bbox 3395 3086 3458 3156; x_wconf 93' lang='lat' dir='ltr'><strong>(ll</strong></span> <span class='ocrx_word' id='word_1_576' title='bbox 3484 3086 3608 3141; x_wconf 80' lang='lat' dir='ltr'><strong>Cor.</strong></span> 
     </span>
    </p>
   </div>
   <div class='ocr_carea' id='block_1_76' title="bbox 1981 3169 3608 3250">
    <p class='ocr_par' dir='ltr' id='par_1_76' title="bbox 1981 3169 3608 3250">
     <span class='ocr_line' id='line_1_76' title="bbox 1981 3169 3608 3250; baseline -0.001 -19"><span class='ocrx_word' id='word_1_577' title='bbox 1981 3169 2028 3231; x_wconf 84' lang='lat' dir='ltr'>C</span> <span class='ocrx_word' id='word_1_578' title='bbox 2059 3180 2264 3250; x_wconf 75' lang='lat' dir='ltr'><strong>xt)?’St</strong></span> <span class='ocrx_word' id='word_1_579' title='bbox 2296 3195 2426 3235; x_wconf 82' lang='lat' dir='ltr'><strong>vero</strong></span> <span class='ocrx_word' id='word_1_580' title='bbox 2443 3181 2716 3250; x_wconf 73' lang='lat' dir='ltr'><strong>negligens</strong></span> <span class='ocrx_word' id='word_1_581' title='bbox 2741 3183 2792 3235; x_wconf 81' lang='lat' dir='ltr'><strong>in</strong></span> <span class='ocrx_word' id='word_1_582' title='bbox 2824 3180 2903 3234; x_wconf 89' lang='lat' dir='ltr'><strong>his</strong></span> <span class='ocrx_word' id='word_1_583' title='bbox 2934 3197 3054 3248; x_wconf 73' lang='lat' dir='ltr'><strong>qua:</strong></span> <span class='ocrx_word' id='word_1_584' title='bbox 3101 3180 3166 3233; x_wconf 92' lang='lat' dir='ltr'><strong>ad</strong></span> <span class='ocrx_word' id='word_1_585' title='bbox 3206 3193 3340 3232; x_wconf 81' lang='lat' dir='ltr'><strong>usus</strong></span> <span class='ocrx_word' id='word_1_586' title='bbox 3363 3179 3608 3246; x_wconf 84' lang='lat' dir='ltr'><strong>corporis</strong></span> 
     </span>
    </p>
   </div>
   <div class='ocr_carea' id='block_1_77' title="bbox 2047 3271 3610 3343">
    <p class='ocr_par' dir='ltr' id='par_1_77' title="bbox 2047 3271 3610 3343">
     <span class='ocr_line' id='line_1_77' title="bbox 2047 3271 3610 3343; baseline -0.005 -14"><span class='ocrx_word' id='word_1_587' title='bbox 2047 3282 2106 3329; x_wconf 91' lang='lat' dir='ltr'><strong>et</strong></span> <span class='ocrx_word' id='word_1_588' title='bbox 2135 3274 2326 3328; x_wconf 73' lang='lat' dir='ltr'><strong>anima:</strong></span> <span class='ocrx_word' id='word_1_589' title='bbox 2371 3275 2654 3343; x_wconf 85' lang='lat' dir='ltr'><strong>pertinent,</strong></span> <span class='ocrx_word' id='word_1_590' title='bbox 2684 3275 2800 3328; x_wconf 88' lang='lat' dir='ltr'><strong>sine</strong></span> <span class='ocrx_word' id='word_1_591' title='bbox 2829 3273 2990 3328; x_wconf 83' lang='lat' dir='ltr'><strong>dubio</strong></span> <span class='ocrx_word' id='word_1_592' title='bbox 3037 3274 3347 3341; x_wconf 80' lang='lat' dir='ltr'><strong>subjicietur</strong></span> <span class='ocrx_word' id='word_1_593' title='bbox 3374 3271 3452 3325; x_wconf 62' lang='lat' dir='ltr'><strong>illi.</strong></span> <span class='ocrx_word' id='word_1_594' title='bbox 3477 3283 3610 3324; x_wconf 73' lang='lat' dir='ltr'><strong>seu-</strong></span> 
     </span>
    </p>
   </div>
   <div class='ocr_carea' id='block_1_78' title="bbox 2049 3361 3610 3432">
    <p class='ocr_par' dir='ltr' id='par_1_78' title="bbox 2049 3361 3610 3432">
     <span class='ocr_line' id='line_1_78' title="bbox 2049 3361 3610 3432; baseline -0.006 -16"><span class='ocrx_word' id='word_1_595' title='bbox 2049 3363 2244 3428; x_wconf 67' lang='lat' dir='ltr'><strong>tentiai,</strong></span> <span class='ocrx_word' id='word_1_596' title='bbox 2264 3363 2552 3432; x_wconf 67' lang='lat' dir='ltr'><strong>quasdicit:</strong></span> <span class='ocrx_word' id='word_1_597' title='bbox 2573 3361 2670 3427; x_wconf 79' lang='lat' dir='ltr'><strong>Its,</strong></span> <span class='ocrx_word' id='word_1_598' title='bbox 2691 3364 2968 3423; x_wconf 71' lang='lat' dir='ltr'><strong>maledicti,</strong></span> <span class='ocrx_word' id='word_1_599' title='bbox 2988 3363 3042 3414; x_wconf 76' lang='lat' dir='ltr'><strong>in</strong></span> <span class='ocrx_word' id='word_1_600' title='bbox 3063 3363 3226 3425; x_wconf 70' lang='lat' dir='ltr'><strong>ignem</strong></span> <span class='ocrx_word' id='word_1_601' title='bbox 3241 3371 3504 3426; x_wconf 63' lang='lat' dir='ltr'><strong>tetanum,</strong></span> <span class='ocrx_word' id='word_1_602' title='bbox 3521 3361 3610 3428; x_wconf 66' lang='lat' dir='ltr'><strong>qui</strong></span> 
     </span>
    </p>
   </div>
   <div class='ocr_carea' id='block_1_79' title="bbox 2048 3451 3604 3526">
    <p class='ocr_par' dir='ltr' id='par_1_79' title="bbox 2048 3451 3604 3526">
     <span class='ocr_line' id='line_1_79' title="bbox 2048 3451 3604 3526; baseline -0.003 -20"><span class='ocrx_word' id='word_1_603' title='bbox 2048 3466 2362 3526; x_wconf 62' lang='lat' dir='ltr'><strong>preparatus</strong></span> <span class='ocrx_word' id='word_1_604' title='bbox 2391 3463 2460 3508; x_wconf 84' lang='lat' dir='ltr'><strong>est</strong></span> <span class='ocrx_word' id='word_1_605' title='bbox 2490 3454 2695 3508; x_wconf 81' lang='lat' dir='ltr'><strong>diabolo</strong></span> <span class='ocrx_word' id='word_1_606' title='bbox 2725 3465 2772 3506; x_wconf 82' lang='lat' dir='ltr'><strong>et</strong></span> <span class='ocrx_word' id='word_1_607' title='bbox 2806 3454 3004 3524; x_wconf 83' lang='lat' dir='ltr'><strong>angelis</strong></span> <span class='ocrx_word' id='word_1_608' title='bbox 3027 3455 3158 3524; x_wconf 82' lang='lat' dir='ltr'><strong>ejus.</strong></span> <span class='ocrx_word' id='word_1_609' title='bbox 3225 3451 3418 3504; x_wconf 70' lang='lat' dir='ltr'><strong>Esuriri</strong></span> <span class='ocrx_word' id='word_1_610' title='bbox 3445 3453 3604 3515; x_wconf 72' lang='lat' dir='ltr'><strong>enim,</strong></span> 
     </span>
    </p>
   </div>
   <div class='ocr_carea' id='block_1_80' title="bbox 2047 3542 3612 3608">
    <p class='ocr_par' dir='ltr' id='par_1_80' title="bbox 2047 3542 3612 3608">
     <span class='ocr_line' id='line_1_80' title="bbox 2047 3542 3612 3608; baseline -0.004 -9"><span class='ocrx_word' id='word_1_611' title='bbox 2047 3555 2097 3600; x_wconf 75' lang='lat' dir='ltr'><strong>et</strong></span> <span class='ocrx_word' id='word_1_612' title='bbox 2115 3561 2214 3598; x_wconf 83' lang='lat' dir='ltr'><strong>non</strong></span> <span class='ocrx_word' id='word_1_613' title='bbox 2235 3545 2444 3598; x_wconf 81' lang='lat' dir='ltr'><strong>dedistis</strong></span> <span class='ocrx_word' id='word_1_614' title='bbox 2466 3544 2592 3597; x_wconf 79' lang='lat' dir='ltr'><strong>mihi</strong></span> <span class='ocrx_word' id='word_1_615' title='bbox 2630 3545 2941 3598; x_wconf 75' lang='lat' dir='ltr'><strong>manducare</strong></span> <span class='ocrx_word' id='word_1_616' title='bbox 2965 3559 2982 3608; x_wconf 91' lang='lat'><em>;</em></span> <span class='ocrx_word' id='word_1_617' title='bbox 3004 3545 3160 3608; x_wconf 81' lang='lat' dir='ltr'><strong>sitivi,</strong></span> <span class='ocrx_word' id='word_1_618' title='bbox 3199 3553 3243 3596; x_wconf 86' lang='lat' dir='ltr'><strong>et</strong></span> <span class='ocrx_word' id='word_1_619' title='bbox 3271 3559 3372 3596; x_wconf 79' lang='lat' dir='ltr'><strong>mm</strong></span> <span class='ocrx_word' id='word_1_620' title='bbox 3400 3542 3612 3595; x_wconf 71' lang='lat' dir='ltr'><strong>dedistis</strong></span> 
     </span>
    </p>
   </div>
   <div class='ocr_carea' id='block_1_81' title="bbox 2047 3632 3610 3704">
    <p class='ocr_par' dir='ltr' id='par_1_81' title="bbox 2047 3632 3610 3704">
     <span class='ocr_line' id='line_1_81' title="bbox 2047 3632 3610 3704; baseline -0.003 -16"><span class='ocrx_word' id='word_1_621' title='bbox 2047 3635 2172 3689; x_wconf 72' lang='lat' dir='ltr'><strong>milii</strong></span> <span class='ocrx_word' id='word_1_622' title='bbox 2200 3634 2366 3688; x_wconf 75' lang='lat' dir='ltr'><strong>bibere.-</strong></span> <span class='ocrx_word' id='word_1_623' title='bbox 2403 3633 2614 3704; x_wconf 63' lang='grc' dir='ltr'><strong>(δίαινε.</strong></span> <span class='ocrx_word' id='word_1_624' title='bbox 2667 3635 2828 3702; x_wconf 76' lang='lat' dir='ltr'><strong>xxv):</strong></span> <span class='ocrx_word' id='word_1_625' title='bbox 2861 3644 2914 3688; x_wconf 90' lang='lat' dir='ltr'><strong>et</strong></span> <span class='ocrx_word' id='word_1_626' title='bbox 2940 3647 3004 3687; x_wconf 84' lang='lat' dir='ltr'><strong>ea</strong></span> <span class='ocrx_word' id='word_1_627' title='bbox 3031 3648 3149 3702; x_wconf 72' lang='lat' dir='ltr'><strong>quae</strong></span> <span class='ocrx_word' id='word_1_628' title='bbox 3176 3643 3486 3704; x_wconf 71' lang='lat' dir='ltr'><strong>sequuntur.</strong></span> <span class='ocrx_word' id='word_1_629' title='bbox 3521 3632 3610 3698; x_wconf 78' lang='lat' dir='ltr'><strong>Et,</strong></span> 
     </span>
    </p>
   </div>
   <div class='ocr_carea' id='block_1_82' title="bbox 2049 3723 3602 3795">
    <p class='ocr_par' dir='ltr' id='par_1_82' title="bbox 2049 3723 3602 3795">
     <span class='ocr_line' id='line_1_82' title="bbox 2049 3723 3602 3795; baseline -0.001 -18"><span class='ocrx_word' id='word_1_630' title='bbox 2049 3725 2350 3780; x_wconf 69' lang='lat' dir='ltr'><strong>mdcdiclus</strong></span> <span class='ocrx_word' id='word_1_631' title='bbox 2397 3727 2548 3779; x_wconf 71' lang='lat' dir='ltr'><strong>homo</strong></span> <span class='ocrx_word' id='word_1_632' title='bbox 2608 3726 2692 3794; x_wconf 77' lang='lat' dir='ltr'><strong>qui</strong></span> <span class='ocrx_word' id='word_1_633' title='bbox 2745 3725 2872 3795; x_wconf 73' lang='lat' dir='ltr'><strong>facit</strong></span> <span class='ocrx_word' id='word_1_634' title='bbox 2927 3739 3089 3792; x_wconf 78' lang='lat' dir='ltr'><strong>opera</strong></span> <span class='ocrx_word' id='word_1_635' title='bbox 3141 3723 3246 3776; x_wconf 69' lang='lat' dir='ltr'><strong>Rei</strong></span> <span class='ocrx_word' id='word_1_636' title='bbox 3306 3723 3602 3793; x_wconf 65' lang='lat' dir='ltr'><strong>negligatur</strong></span> 
     </span>
    </p>
   </div>
   <div class='ocr_carea' id='block_1_83' title="bbox 2057 3817 2422 3888">
    <p class='ocr_par' dir='ltr' id='par_1_83' title="bbox 2057 3817 2422 3888">
     <span class='ocr_line' id='line_1_83' title="bbox 2057 3817 2422 3888; baseline 0.011 -19"><span class='ocrx_word' id='word_1_637' title='bbox 2057 3817 2192 3888; x_wconf 73' lang='lat' dir='ltr'><strong>(Jer.</strong></span> <span class='ocrx_word' id='word_1_638' title='bbox 2218 3820 2422 3885; x_wconf 72' lang='lat' dir='ltr'><strong>XLVIII).</strong></span> 
     </span>
    </p>
   </div>
   <div class='ocr_carea' id='block_1_84' title="bbox 2121 3908 3610 3978">
    <p class='ocr_par' dir='ltr' id='par_1_84' title="bbox 2121 3908 3610 3978">
     <span class='ocr_line' id='line_1_84' title="bbox 2121 3908 3610 3978; baseline -0.005 -12"><span class='ocrx_word' id='word_1_639' title='bbox 2121 3909 2288 3966; x_wconf 81' lang='lat' dir='ltr'><strong>XXV.</strong></span> <span class='ocrx_word' id='word_1_640' title='bbox 2328 3910 2385 3964; x_wconf 88' lang='lat' dir='ltr'><strong>Si</strong></span> <span class='ocrx_word' id='word_1_641' title='bbox 2413 3909 2538 3978; x_wconf 68' lang='lat' dir='ltr'><strong>quis</strong></span> <span class='ocrx_word' id='word_1_642' title='bbox 2569 3924 2632 3964; x_wconf 85' lang='lat' dir='ltr'><strong>es</strong></span> <span class='ocrx_word' id='word_1_643' title='bbox 2657 3910 2958 3964; x_wconf 86' lang='lat' dir='ltr'><strong>senioribus</strong></span> <span class='ocrx_word' id='word_1_644' title='bbox 3004 3918 3058 3964; x_wconf 81' lang='lat' dir='ltr'><strong>et</strong></span> <span class='ocrx_word' id='word_1_645' title='bbox 3087 3908 3374 3962; x_wconf 82' lang='lat' dir='ltr'><strong>abbatibus</strong></span> <span class='ocrx_word' id='word_1_646' title='bbox 3401 3908 3610 3962; x_wconf 68' lang='lat' dir='ltr'><strong>iracun—</strong></span> 
     </span>
    </p>
   </div>
   <div class='ocr_carea' id='block_1_85' title="bbox 2051 3999 3609 4070">
    <p class='ocr_par' dir='ltr' id='par_1_85' title="bbox 2051 3999 3609 4070">
     <span class='ocr_line' id='line_1_85' title="bbox 2051 3999 3609 4070; baseline -0.002 -14"><span class='ocrx_word' id='word_1_647' title='bbox 2051 4004 2152 4056; x_wconf 88' lang='lat' dir='ltr'><strong>dus</strong></span> <span class='ocrx_word' id='word_1_648' title='bbox 2204 4001 2452 4056; x_wconf 81' lang='lat' dir='ltr'><strong>inventus</strong></span> <span class='ocrx_word' id='word_1_649' title='bbox 2495 4000 2674 4063; x_wconf 86' lang='lat' dir='ltr'><strong>fuerit,</strong></span> <span class='ocrx_word' id='word_1_650' title='bbox 2714 4009 2926 4055; x_wconf 73' lang='lat' dir='ltr'><strong>notetur</strong></span> <span class='ocrx_word' id='word_1_651' title='bbox 2968 4015 3140 4070; x_wconf 77' lang='lat' dir='ltr'><strong>usque</strong></span> <span class='ocrx_word' id='word_1_652' title='bbox 3182 3999 3494 4066; x_wconf 67' lang='lat' dir='ltr'><strong>corrigatur.</strong></span> <span class='ocrx_word' id='word_1_653' title='bbox 3552 4001 3609 4053; x_wconf 89' lang='lat' dir='ltr'><strong>Si</strong></span> 
     </span>
    </p>
   </div>
   <div class='ocr_carea' id='block_1_86' title="bbox 2053 4089 3610 4159">
    <p class='ocr_par' dir='ltr' id='par_1_86' title="bbox 2053 4089 3610 4159">
     <span class='ocr_line' id='line_1_86' title="bbox 2053 4089 3610 4159; baseline -0.003 -12"><span class='ocrx_word' id='word_1_654' title='bbox 2053 4109 2180 4147; x_wconf 88' lang='lat' dir='ltr'><strong>vero</strong></span> <span class='ocrx_word' id='word_1_655' title='bbox 2207 4093 2273 4146; x_wconf 91' lang='lat' dir='ltr'><strong>ab</strong></span> <span class='ocrx_word' id='word_1_656' title='bbox 2297 4092 2398 4146; x_wconf 88' lang='lat' dir='ltr'><strong>hoe</strong></span> <span class='ocrx_word' id='word_1_657' title='bbox 2438 4091 2570 4145; x_wconf 83' lang='lat' dir='ltr'><strong>vitio</strong></span> <span class='ocrx_word' id='word_1_658' title='bbox 2618 4091 2926 4146; x_wconf 79' lang='lat' dir='ltr'><strong>insanabilis</strong></span> <span class='ocrx_word' id='word_1_659' title='bbox 2957 4090 3136 4154; x_wconf 88' lang='lat' dir='ltr'><strong>fuerit,</strong></span> <span class='ocrx_word' id='word_1_660' title='bbox 3161 4090 3232 4145; x_wconf 85' lang='lat' dir='ltr'><strong>ab</strong></span> <span class='ocrx_word' id='word_1_661' title='bbox 3256 4089 3475 4159; x_wconf 78' lang='lat' dir='ltr'><strong>imperio</strong></span> <span class='ocrx_word' id='word_1_662' title='bbox 3503 4089 3610 4142; x_wconf 75' lang='lat' dir='ltr'><strong>fra—</strong></span> 
     </span>
    </p>
   </div>
   <div class='ocr_carea' id='block_1_87' title="bbox 2054 4183 3608 4254">
    <p class='ocr_par' dir='ltr' id='par_1_87' title="bbox 2054 4183 3608 4254">
     <span class='ocr_line' id='line_1_87' title="bbox 2054 4183 3608 4254; baseline -0.003 -15"><span class='ocrx_word' id='word_1_663' title='bbox 2054 4197 2188 4240; x_wconf 80' lang='lat' dir='ltr'><strong>trum</strong></span> <span class='ocrx_word' id='word_1_664' title='bbox 2211 4185 2562 4241; x_wconf 73' lang='lat' dir='ltr'><strong>destruendus</strong></span> <span class='ocrx_word' id='word_1_665' title='bbox 2609 4196 2710 4250; x_wconf 71' lang='lat' dir='ltr'><strong>est,</strong></span> <span class='ocrx_word' id='word_1_666' title='bbox 2755 4185 3004 4254; x_wconf 83' lang='lat' dir='ltr'><strong>quoniam</strong></span> <span class='ocrx_word' id='word_1_667' title='bbox 3031 4185 3142 4238; x_wconf 83' lang='lat' dir='ltr'><strong>sive</strong></span> <span class='ocrx_word' id='word_1_668' title='bbox 3181 4184 3342 4253; x_wconf 75' lang='lat' dir='ltr'><strong>iuste,</strong></span> <span class='ocrx_word' id='word_1_669' title='bbox 3381 4183 3494 4238; x_wconf 86' lang='lat' dir='ltr'><strong>sive</strong></span> <span class='ocrx_word' id='word_1_670' title='bbox 3527 4183 3608 4235; x_wconf 87' lang='lat' dir='ltr'><strong>iu-</strong></span> 
     </span>
    </p>
   </div>
   <div class='ocr_carea' id='block_1_88' title="bbox 2048 4277 2774 4348">
    <p class='ocr_par' dir='ltr' id='par_1_88' title="bbox 2048 4277 2774 4348">
     <span class='ocr_line' id='line_1_88' title="bbox 2048 4277 2774 4348; baseline -0.004 -14"><span class='ocrx_word' id='word_1_671' title='bbox 2048 4279 2209 4348; x_wconf 77' lang='lat' dir='ltr'><strong>juste.</strong></span> <span class='ocrx_word' id='word_1_672' title='bbox 2235 4277 2387 4332; x_wconf 83' lang='lat' dir='ltr'><strong>irasci</strong></span> <span class='ocrx_word' id='word_1_673' title='bbox 2419 4291 2520 4331; x_wconf 85' lang='lat' dir='ltr'><strong>non</strong></span> <span class='ocrx_word' id='word_1_674' title='bbox 2543 4283 2774 4346; x_wconf 80' lang='lat' dir='ltr'><strong>oportet.</strong></span> 
     </span>
    </p>
   </div>
   <div class='ocr_carea' id='block_1_89' title="bbox 2125 4367 3614 4435">
    <p class='ocr_par' dir='ltr' id='par_1_89' title="bbox 2125 4367 3614 4435">
     <span class='ocr_line' id='line_1_89' title="bbox 2125 4367 3614 4435; baseline -0.001 -13"><span class='ocrx_word' id='word_1_675' title='bbox 2125 4367 2314 4423; x_wconf 87' lang='lat' dir='ltr'><strong>XXVI.</strong></span> <span class='ocrx_word' id='word_1_676' title='bbox 2347 4367 2402 4422; x_wconf 88' lang='lat' dir='ltr'><strong>Si</strong></span> <span class='ocrx_word' id='word_1_677' title='bbox 2439 4368 2557 4435; x_wconf 87' lang='lat' dir='ltr'><strong>quis</strong></span> <span class='ocrx_word' id='word_1_678' title='bbox 2587 4367 2795 4422; x_wconf 85' lang='lat' dir='ltr'><strong>seniori.</strong></span> <span class='ocrx_word' id='word_1_679' title='bbox 2818 4381 2916 4420; x_wconf 84' lang='lat' dir='ltr'><strong>suo</strong></span> <span class='ocrx_word' id='word_1_680' title='bbox 2947 4367 3254 4430; x_wconf 77' lang='lat' dir='ltr'><strong>detraxerit,</strong></span> <span class='ocrx_word' id='word_1_681' title='bbox 3285 4381 3394 4420; x_wconf 80' lang='lat' dir='ltr'><strong>non</strong></span> <span class='ocrx_word' id='word_1_682' title='bbox 3413 4367 3614 4421; x_wconf 81' lang='lat' dir='ltr'><strong>seniori</strong></span> 
     </span>
    </p>
   </div>
   <div class='ocr_carea' id='block_1_90' title="bbox 2055 4458 3618 4528">
    <p class='ocr_par' dir='ltr' id='par_1_90' title="bbox 2055 4458 3618 4528">
     <span class='ocr_line' id='line_1_90' title="bbox 2055 4458 3618 4528; baseline 0 -14"><span class='ocrx_word' id='word_1_683' title='bbox 2055 4459 2305 4524; x_wconf 73' lang='lat' dir='ltr'><strong>detrahit,</strong></span> <span class='ocrx_word' id='word_1_684' title='bbox 2335 4459 2436 4514; x_wconf 59' lang='lat' dir='ltr'><strong>sedc.</strong></span> <span class='ocrx_word' id='word_1_685' title='bbox 2465 4460 2716 4525; x_wconf 80' lang='lat' dir='ltr'><strong>Domino,</strong></span> <span class='ocrx_word' id='word_1_686' title='bbox 2746 4459 2830 4514; x_wconf 90' lang='lat' dir='ltr'><strong>cui</strong></span> <span class='ocrx_word' id='word_1_687' title='bbox 2857 4475 2991 4528; x_wconf 85' lang='lat' dir='ltr'><strong>opus</strong></span> <span class='ocrx_word' id='word_1_688' title='bbox 3016 4459 3138 4513; x_wconf 86' lang='lat' dir='ltr'><strong>facit</strong></span> <span class='ocrx_word' id='word_1_689' title='bbox 3166 4461 3370 4513; x_wconf 85' lang='lat' dir='ltr'><strong>senior.</strong></span> <span class='ocrx_word' id='word_1_690' title='bbox 3398 4458 3455 4515; x_wconf 91' lang='lat' dir='ltr'><strong>Si</strong></span> <span class='ocrx_word' id='word_1_691' title='bbox 3487 4474 3618 4514; x_wconf 75' lang='lat' dir='ltr'><strong>vero</strong></span> 
     </span>
    </p>
   </div>
   <div class='ocr_carea' id='block_1_91' title="bbox 377 4535 3618 4629">
    <p class='ocr_par' dir='ltr' id='par_1_91' title="bbox 377 4535 3618 4629">
     <span class='ocr_line' id='line_1_91' title="bbox 377 4535 3618 4629; baseline -0.001 -22"><span class='ocrx_word' id='word_1_692' title='bbox 377 4569 500 4622; x_wconf 65' lang='lat' dir='ltr'><strong>quae</strong></span> <span class='ocrx_word' id='word_1_693' title='bbox 529 4553 650 4608; x_wconf 88' lang='lat' dir='ltr'><strong>aliis</strong></span> <span class='ocrx_word' id='word_1_694' title='bbox 680 4556 895 4624; x_wconf 64' lang='lat' dir='ltr'><strong>principi</strong></span> <span class='ocrx_word' id='word_1_695' title='bbox 927 4555 1190 4608; x_wconf 79' lang='lat' dir='ltr'><strong>debeant:</strong></span> <span class='ocrx_word' id='word_1_696' title='bbox 1219 4557 1312 4610; x_wconf 88' lang='lat' dir='ltr'><strong>sed</strong></span> <span class='ocrx_word' id='word_1_697' title='bbox 1341 4559 1385 4611; x_wconf 91' lang='lat' dir='ltr'><strong>si</strong></span> <span class='ocrx_word' id='word_1_698' title='bbox 1417 4559 1595 4613; x_wconf 85' lang='lat' dir='ltr'><strong>forsan</strong></span> <span class='ocrx_word' id='word_1_699' title='bbox 1626 4559 1678 4613; x_wconf 90' lang='lat' dir='ltr'><strong>in</strong></span> <span class='ocrx_word' id='word_1_700' title='bbox 1710 4559 1951 4629; x_wconf 83' lang='lat' dir='ltr'><strong>Scriptu-</strong></span> <span class='ocrx_word' id='word_1_701' title='bbox 1980 4535 2032 4595; x_wconf 68' lang='grc' dir='ltr'><strong>Ῐδ</strong></span> <span class='ocrx_word' id='word_1_702' title='bbox 2059 4553 2158 4608; x_wconf 86' lang='lat' dir='ltr'><strong>hoc</strong></span> <span class='ocrx_word' id='word_1_703' title='bbox 2196 4557 2502 4622; x_wconf 78' lang='lat' dir='ltr'><strong>frequenter</strong></span> <span class='ocrx_word' id='word_1_704' title='bbox 2549 4552 2728 4618; x_wconf 81' lang='lat' dir='ltr'><strong>faciat,</strong></span> <span class='ocrx_word' id='word_1_705' title='bbox 2749 4552 3088 4607; x_wconf 75' lang='lat' dir='ltr'><strong>abscindatur</strong></span> <span class='ocrx_word' id='word_1_706' title='bbox 3123 4565 3153 4605; x_wconf 87' lang='lat' dir='ltr'><strong>a</strong></span> <span class='ocrx_word' id='word_1_707' title='bbox 3186 4551 3513 4606; x_wconf 81' lang='lat' dir='ltr'><strong>fraternitate</strong></span> <span class='ocrx_word' id='word_1_708' title='bbox 3550 4567 3618 4606; x_wconf 85' lang='lat' dir='ltr'><strong>ac</strong></span> 
     </span>
    </p>
   </div>
   <div class='ocr_carea' id='block_1_92' title="bbox 382 4646 1946 4715">
    <p class='ocr_par' dir='ltr' id='par_1_92' title="bbox 382 4646 1946 4715">
     <span class='ocr_line' id='line_1_92' title="bbox 382 4646 1946 4715; baseline 0.004 -16"><span class='ocrx_word' id='word_1_709' title='bbox 382 4647 458 4699; x_wconf 87' lang='lat' dir='ltr'><strong>ris</strong></span> <span class='ocrx_word' id='word_1_710' title='bbox 483 4647 679 4698; x_wconf 82' lang='lat' dir='ltr'><strong>sanctis</strong></span> <span class='ocrx_word' id='word_1_711' title='bbox 708 4646 838 4699; x_wconf 85' lang='lat' dir='ltr'><strong>satis</strong></span> <span class='ocrx_word' id='word_1_712' title='bbox 868 4646 1196 4702; x_wconf 70' lang='lat' dir='ltr'><strong>sufﬁcienter</strong></span> <span class='ocrx_word' id='word_1_713' title='bbox 1229 4649 1519 4702; x_wconf 85' lang='lat' dir='ltr'><strong>instructus</strong></span> <span class='ocrx_word' id='word_1_714' title='bbox 1555 4659 1653 4715; x_wconf 88' lang='lat' dir='ltr'><strong>est,</strong></span> <span class='ocrx_word' id='word_1_715' title='bbox 1689 4661 1866 4706; x_wconf 89' lang='lat' dir='ltr'><strong>tamen</strong></span> <span class='ocrx_word' id='word_1_716' title='bbox 1901 4653 1946 4706; x_wconf 89' lang='lat' dir='ltr'><strong>si</strong></span> 
     </span>
    </p>
   </div>
   <div class='ocr_carea' id='block_1_93' title="bbox 379 4739 1945 4814">
    <p class='ocr_par' dir='ltr' id='par_1_93' title="bbox 379 4739 1945 4814">
     <span class='ocr_line' id='line_1_93' title="bbox 379 4739 1945 4814; baseline 0.006 -23"><span class='ocrx_word' id='word_1_717' title='bbox 379 4740 640 4794; x_wconf 81' lang='lat' dir='ltr'><strong>factorum</strong></span> <span class='ocrx_word' id='word_1_718' title='bbox 678 4739 841 4808; x_wconf 78' lang='lat' dir='ltr'><strong>gestis</strong></span> <span class='ocrx_word' id='word_1_719' title='bbox 867 4741 1124 4794; x_wconf 80' lang='lat' dir='ltr'><strong>adhibeat</strong></span> <span class='ocrx_word' id='word_1_720' title='bbox 1155 4741 1334 4805; x_wconf 89' lang='lat' dir='ltr'><strong>fidem,</strong></span> <span class='ocrx_word' id='word_1_721' title='bbox 1366 4742 1417 4797; x_wconf 86' lang='lat' dir='ltr'><strong>id</strong></span> <span class='ocrx_word' id='word_1_722' title='bbox 1453 4751 1556 4808; x_wconf 88' lang='lat' dir='ltr'><strong>est,</strong></span> <span class='ocrx_word' id='word_1_723' title='bbox 1601 4759 1666 4798; x_wconf 87' lang='lat' dir='ltr'><strong>ea</strong></span> <span class='ocrx_word' id='word_1_724' title='bbox 1692 4759 1811 4814; x_wconf 68' lang='lat' dir='ltr'><strong>quae</strong></span> <span class='ocrx_word' id='word_1_725' title='bbox 1845 4746 1945 4800; x_wconf 83' lang='lat' dir='ltr'><strong>do-</strong></span> 
     </span>
    </p>
   </div>
   <div class='ocr_carea' id='block_1_94' title="bbox 380 4833 1942 4902">
    <p class='ocr_par' dir='ltr' id='par_1_94' title="bbox 380 4833 1942 4902">
     <span class='ocr_line' id='line_1_94' title="bbox 380 4833 1942 4902; baseline 0.007 -19"><span class='ocrx_word' id='word_1_726' title='bbox 380 4839 488 4896; x_wconf 88' lang='lat' dir='ltr'><strong>cet,</strong></span> <span class='ocrx_word' id='word_1_727' title='bbox 517 4847 680 4898; x_wconf 84' lang='lat' dir='ltr'><strong>Opere</strong></span> <span class='ocrx_word' id='word_1_728' title='bbox 707 4833 1092 4902; x_wconf 81' lang='lat' dir='ltr'><strong>compleverit,</strong></span> <span class='ocrx_word' id='word_1_729' title='bbox 1139 4835 1494 4889; x_wconf 82' lang='lat' dir='ltr'><strong>humilitatem</strong></span> <span class='ocrx_word' id='word_1_730' title='bbox 1545 4851 1612 4891; x_wconf 83' lang='lat' dir='ltr'><strong>ex</strong></span> <span class='ocrx_word' id='word_1_731' title='bbox 1661 4838 1942 4901; x_wconf 84' lang='lat' dir='ltr'><strong>charitate.</strong></span> 
     </span>
    </p>
   </div>
   <div class='ocr_carea' id='block_1_95' title="bbox 381 4922 1943 4991">
    <p class='ocr_par' dir='ltr' id='par_1_95' title="bbox 381 4922 1943 4991">
     <span class='ocr_line' id='line_1_95' title="bbox 381 4922 1943 4991; baseline 0.005 -21"><span class='ocrx_word' id='word_1_732' title='bbox 381 4922 687 4988; x_wconf 71' lang='lat' dir='ltr'><strong>patientiam</strong></span> <span class='ocrx_word' id='word_1_733' title='bbox 711 4933 765 4976; x_wconf 88' lang='lat' dir='ltr'><strong>et</strong></span> <span class='ocrx_word' id='word_1_734' title='bbox 793 4923 1256 4978; x_wconf 79' lang='lat' dir='ltr'><strong>mansuetudinem</strong></span> <span class='ocrx_word' id='word_1_735' title='bbox 1286 4926 1640 4991; x_wconf 85' lang='lat' dir='ltr'><strong>ostendendo,</strong></span> <span class='ocrx_word' id='word_1_736' title='bbox 1671 4937 1726 4982; x_wconf 91' lang='lat' dir='ltr'><strong>et</strong></span> <span class='ocrx_word' id='word_1_737' title='bbox 1759 4931 1943 4983; x_wconf 82' lang='lat' dir='ltr'><strong>\oltln-</strong></span> 
     </span>
    </p>
   </div>
   <div class='ocr_carea' id='block_1_96' title="bbox 379 5012 2014 5083">
    <p class='ocr_par' dir='ltr' id='par_1_96' title="bbox 379 5012 2014 5083">
     <span class='ocr_line' id='line_1_96' title="bbox 379 5012 2014 5083; baseline 0.007 -20"><span class='ocrx_word' id='word_1_738' title='bbox 379 5022 542 5066; x_wconf 82' lang='lat' dir='ltr'><strong>tatem</strong></span> <span class='ocrx_word' id='word_1_739' title='bbox 572 5012 801 5070; x_wconf 80' lang='lat' dir='ltr'><strong>senioris</strong></span> <span class='ocrx_word' id='word_1_740' title='bbox 827 5013 1119 5083; x_wconf 79' lang='lat' dir='ltr'><strong>implendo,</strong></span> <span class='ocrx_word' id='word_1_741' title='bbox 1151 5026 1204 5070; x_wconf 86' lang='lat' dir='ltr'><strong>et</strong></span> <span class='ocrx_word' id='word_1_742' title='bbox 1241 5017 1420 5072; x_wconf 89' lang='lat' dir='ltr'><strong>omnia</strong></span> <span class='ocrx_word' id='word_1_743' title='bbox 1453 5020 1702 5074; x_wconf 87' lang='lat' dir='ltr'><strong>mandata</strong></span> <span class='ocrx_word' id='word_1_744' title='bbox 1733 5021 1940 5074; x_wconf 88' lang='lat' dir='ltr'><strong>Domini</strong></span> <span class='ocrx_word' id='word_1_745' title='bbox 2011 5051 2014 5054; x_wconf 85' lang='lat'><strong><em>~</em></strong></span> 
     </span>
    </p>
   </div>
   <div class='ocr_carea' id='block_1_97' title="bbox 377 5103 604 5172">
    <p class='ocr_par' dir='ltr' id='par_1_97' title="bbox 377 5103 604 5172">
     <span class='ocr_line' id='line_1_97' title="bbox 377 5103 604 5172; baseline 0.004 -15"><span class='ocrx_word' id='word_1_746' title='bbox 377 5103 604 5172; x_wconf 77' lang='lat' dir='ltr'><strong>agendo.</strong></span> 
     </span>
    </p>
   </div>
   <div class='ocr_carea' id='block_1_98' title="bbox 451 5193 1946 5267">
    <p class='ocr_par' dir='ltr' id='par_1_98' title="bbox 451 5193 1946 5267">
     <span class='ocr_line' id='line_1_98' title="bbox 451 5193 1946 5267; baseline 0.003 -19"><span class='ocrx_word' id='word_1_747' title='bbox 451 5193 568 5250; x_wconf 75' lang='lat' dir='ltr'><strong>XX.</strong></span> <span class='ocrx_word' id='word_1_748' title='bbox 613 5195 674 5250; x_wconf 79' lang='lat' dir='ltr'><strong>Si-</strong></span> <span class='ocrx_word' id='word_1_749' title='bbox 691 5197 808 5265; x_wconf 89' lang='lat' dir='ltr'><strong>quis</strong></span> <span class='ocrx_word' id='word_1_750' title='bbox 834 5213 896 5251; x_wconf 81' lang='lat' dir='ltr'><strong>es</strong></span> <span class='ocrx_word' id='word_1_751' title='bbox 926 5199 1250 5264; x_wconf 80' lang='lat' dir='ltr'><strong>senioribus,</strong></span> <span class='ocrx_word' id='word_1_752' title='bbox 1285 5201 1399 5253; x_wconf 77' lang='lat' dir='ltr'><strong>sive</strong></span> <span class='ocrx_word' id='word_1_753' title='bbox 1429 5199 1476 5253; x_wconf 93' lang='lat' dir='ltr'><strong>is</strong></span> <span class='ocrx_word' id='word_1_754' title='bbox 1502 5200 1588 5267; x_wconf 86' lang='lat' dir='ltr'><strong>qui</strong></span> <span class='ocrx_word' id='word_1_755' title='bbox 1613 5199 1779 5254; x_wconf 80' lang='lat' dir='ltr'><strong>abbas</strong></span> <span class='ocrx_word' id='word_1_756' title='bbox 1807 5217 1946 5254; x_wconf 83' lang='lat' dir='ltr'><strong>tuin-</strong></span> 
     </span>
    </p>
   </div>
   <div class='ocr_carea' id='block_1_99' title="bbox 379 5287 1941 5356">
    <p class='ocr_par' dir='ltr' id='par_1_99' title="bbox 379 5287 1941 5356">
     <span class='ocr_line' id='line_1_99' title="bbox 379 5287 1941 5356; baseline 0.003 -18"><span class='ocrx_word' id='word_1_757' title='bbox 379 5295 622 5353; x_wconf 74' lang='lat' dir='ltr'><strong>cupatur,</strong></span> <span class='ocrx_word' id='word_1_758' title='bbox 650 5287 1000 5354; x_wconf 69' lang='lat' dir='ltr'><strong>voluptuosius</strong></span> <span class='ocrx_word' id='word_1_759' title='bbox 1027 5288 1247 5350; x_wconf 74' lang='lat' dir='ltr'><strong>existat,</strong></span> <span class='ocrx_word' id='word_1_760' title='bbox 1278 5298 1334 5342; x_wconf 89' lang='lat' dir='ltr'><strong>et</strong></span> <span class='ocrx_word' id='word_1_761' title='bbox 1357 5289 1622 5352; x_wconf 79' lang='lat' dir='ltr'><strong>ebriosus,</strong></span> <span class='ocrx_word' id='word_1_762' title='bbox 1667 5299 1720 5344; x_wconf 89' lang='lat' dir='ltr'><strong>et</strong></span> <span class='ocrx_word' id='word_1_763' title='bbox 1757 5291 1941 5356; x_wconf 78' lang='lat' dir='ltr'><strong>dives;</strong></span> 
     </span>
    </p>
   </div>
   <div class='ocr_carea' id='block_1_100' title="bbox 379 5377 1941 5446">
    <p class='ocr_par' dir='ltr' id='par_1_100' title="bbox 379 5377 1941 5446">
     <span class='ocr_line' id='line_1_100' title="bbox 379 5377 1941 5446; baseline 0.004 -16"><span class='ocrx_word' id='word_1_764' title='bbox 379 5390 431 5430; x_wconf 75' lang='lat' dir='ltr'><strong>ct</strong></span> <span class='ocrx_word' id='word_1_765' title='bbox 455 5377 543 5440; x_wconf 84' lang='lat' dir='ltr'><strong>qui</strong></span> <span class='ocrx_word' id='word_1_766' title='bbox 575 5377 695 5430; x_wconf 83' lang='lat' dir='ltr'><strong>huic</strong></span> <span class='ocrx_word' id='word_1_767' title='bbox 713 5380 911 5432; x_wconf 68' lang='lat' dir='ltr'><strong>smnio</strong></span> <span class='ocrx_word' id='word_1_768' title='bbox 941 5378 1338 5443; x_wconf 79' lang='lat' dir='ltr'><strong>conformatur,</strong></span> <span class='ocrx_word' id='word_1_769' title='bbox 1376 5382 1427 5434; x_wconf 91' lang='lat' dir='ltr'><strong>id</strong></span> <span class='ocrx_word' id='word_1_770' title='bbox 1472 5391 1575 5446; x_wconf 76' lang='lat' dir='ltr'><strong>est,</strong></span> <span class='ocrx_word' id='word_1_771' title='bbox 1609 5383 1660 5435; x_wconf 93' lang='lat' dir='ltr'><strong>in</strong></span> <span class='ocrx_word' id='word_1_772' title='bbox 1700 5393 1941 5437; x_wconf 64' lang='lat' dir='ltr'><strong>cummis</strong></span> 
     </span>
    </p>
   </div>
   <div class='ocr_carea' id='block_1_101' title="bbox 376 5469 1942 5537">
    <p class='ocr_par' dir='ltr' id='par_1_101' title="bbox 376 5469 1942 5537">
     <span class='ocr_line' id='line_1_101' title="bbox 376 5469 1942 5537; baseline 0.004 -17"><span class='ocrx_word' id='word_1_773' title='bbox 376 5479 430 5520; x_wconf 88' lang='lat' dir='ltr'><strong>et</strong></span> <span class='ocrx_word' id='word_1_774' title='bbox 464 5470 515 5520; x_wconf 92' lang='lat' dir='ltr'><strong>in</strong></span> <span class='ocrx_word' id='word_1_775' title='bbox 543 5469 698 5537; x_wconf 83' lang='lat' dir='ltr'><strong>equis</strong></span> <span class='ocrx_word' id='word_1_776' title='bbox 727 5469 794 5523; x_wconf 87' lang='lat' dir='ltr'><strong>de</strong></span> <span class='ocrx_word' id='word_1_777' title='bbox 819 5470 938 5524; x_wconf 90' lang='lat' dir='ltr'><strong>loco</strong></span> <span class='ocrx_word' id='word_1_778' title='bbox 957 5472 1022 5523; x_wconf 86' lang='lat' dir='ltr'><strong>ad</strong></span> <span class='ocrx_word' id='word_1_779' title='bbox 1057 5475 1230 5525; x_wconf 86' lang='lat' dir='ltr'><strong>locum</strong></span> <span class='ocrx_word' id='word_1_780' title='bbox 1258 5472 1547 5536; x_wconf 88' lang='lat' dir='ltr'><strong>discurrat,</strong></span> <span class='ocrx_word' id='word_1_781' title='bbox 1599 5475 1682 5528; x_wconf 86' lang='lat' dir='ltr'><strong>hic</strong></span> <span class='ocrx_word' id='word_1_782' title='bbox 1713 5490 1815 5527; x_wconf 89' lang='lat' dir='ltr'><strong>non</strong></span> <span class='ocrx_word' id='word_1_783' title='bbox 1847 5488 1942 5526; x_wconf 85' lang='lat' dir='ltr'><strong>so-</strong></span> 
     </span>
    </p>
   </div>
   <div class='ocr_carea' id='block_1_102' title="bbox 377 5544 1939 5633">
    <p class='ocr_par' dir='ltr' id='par_1_102' title="bbox 377 5544 1939 5633">
     <span class='ocr_line' id='line_1_102' title="bbox 377 5544 1939 5633; baseline 0.006 -24"><span class='ocrx_word' id='word_1_784' title='bbox 377 5558 488 5610; x_wconf 79' lang='lat' dir='ltr'><strong>lum</strong></span> <span class='ocrx_word' id='word_1_785' title='bbox 521 5559 817 5628; x_wconf 79' lang='lat' dir='ltr'><strong>principatu</strong></span> <span class='ocrx_word' id='word_1_786' title='bbox 864 5563 1082 5616; x_wconf 84' lang='lat' dir='ltr'><strong>fratrum</strong></span> <span class='ocrx_word' id='word_1_787' title='bbox 1135 5561 1386 5633; x_wconf 71' lang='lat' dir='ltr'><strong>indignus</strong></span> <span class='ocrx_word' id='word_1_788' title='bbox 1433 5544 1537 5626; x_wconf 70' lang='lat' dir='ltr'><strong>esi,</strong></span> <span class='ocrx_word' id='word_1_789' title='bbox 1569 5579 1754 5618; x_wconf 86' lang='lat' dir='ltr'><strong>verum</strong></span> <span class='ocrx_word' id='word_1_790' title='bbox 1780 5565 1939 5619; x_wconf 84' lang='lat' dir='ltr'><strong>etiam</strong></span> 
     </span>
    </p>
   </div>
   <div class='ocr_carea' id='block_1_103' title="bbox 380 5649 1940 5725">
    <p class='ocr_par' dir='ltr' id='par_1_103' title="bbox 380 5649 1940 5725">
     <span class='ocr_line' id='line_1_103' title="bbox 380 5649 1940 5725; baseline 0.004 -22"><span class='ocrx_word' id='word_1_791' title='bbox 380 5649 643 5706; x_wconf 68' lang='lat' dir='ltr'><strong>homicida</strong></span> <span class='ocrx_word' id='word_1_792' title='bbox 674 5654 969 5710; x_wconf 87' lang='lat' dir='ltr'><strong>animarum</strong></span> <span class='ocrx_word' id='word_1_793' title='bbox 993 5656 1313 5725; x_wconf 70' lang='lat' dir='ltr'><strong>iudicandus</strong></span> <span class='ocrx_word' id='word_1_794' title='bbox 1359 5666 1474 5711; x_wconf 83' lang='lat' dir='ltr'><strong>est:</strong></span> <span class='ocrx_word' id='word_1_795' title='bbox 1503 5667 1558 5711; x_wconf 89' lang='lat' dir='ltr'><strong>et</strong></span> <span class='ocrx_word' id='word_1_796' title='bbox 1580 5658 1722 5712; x_wconf 83' lang='lat' dir='ltr'><strong>alius</strong></span> <span class='ocrx_word' id='word_1_797' title='bbox 1749 5672 1940 5712; x_wconf 81' lang='lat' dir='ltr'><strong>mona-</strong></span> 
     </span>
    </p>
   </div>
   <div class='ocr_carea' id='block_1_104' title="bbox 377 5740 1938 5820">
    <p class='ocr_par' dir='ltr' id='par_1_104' title="bbox 377 5740 1938 5820">
     <span class='ocr_line' id='line_1_104' title="bbox 377 5740 1938 5820; baseline 0.005 -22"><span class='ocrx_word' id='word_1_798' title='bbox 377 5740 544 5799; x_wconf 82' lang='lat' dir='ltr'><strong>sterio</strong></span> <span class='ocrx_word' id='word_1_799' title='bbox 573 5743 689 5814; x_wconf 78' lang='lat' dir='ltr'><strong>ejus</strong></span> <span class='ocrx_word' id='word_1_800' title='bbox 718 5762 946 5817; x_wconf 68' lang='lat' dir='ltr'><strong>praet-sse</strong></span> <span class='ocrx_word' id='word_1_801' title='bbox 975 5752 1352 5805; x_wconf 81' lang='lat' dir='ltr'><strong>constituatur.</strong></span> <span class='ocrx_word' id='word_1_802' title='bbox 1403 5749 1496 5804; x_wconf 91' lang='lat' dir='ltr'><strong>Sin</strong></span> <span class='ocrx_word' id='word_1_803' title='bbox 1533 5765 1661 5806; x_wconf 87' lang='lat' dir='ltr'><strong>vero</strong></span> <span class='ocrx_word' id='word_1_804' title='bbox 1691 5764 1797 5806; x_wconf 92' lang='lat' dir='ltr'><strong>non</strong></span> <span class='ocrx_word' id='word_1_805' title='bbox 1843 5763 1938 5820; x_wconf 81' lang='lat' dir='ltr'><strong>po-</strong></span> 
     </span>
    </p>
   </div>
   <div class='ocr_carea' id='block_1_105' title="bbox 2050 4643 3620 4712">
    <p class='ocr_par' dir='ltr' id='par_1_105' title="bbox 2050 4643 3620 4712">
     <span class='ocr_line' id='line_1_105' title="bbox 2050 4643 3620 4712; baseline -0.003 -11"><span class='ocrx_word' id='word_1_806' title='bbox 2050 4645 2403 4701; x_wconf 85' lang='lat' dir='ltr'><strong>sellioitudine</strong></span> <span class='ocrx_word' id='word_1_807' title='bbox 2427 4646 2646 4699; x_wconf 83' lang='lat' dir='ltr'><strong>fraterni</strong></span> <span class='ocrx_word' id='word_1_808' title='bbox 2672 4643 2932 4710; x_wconf 83' lang='lat' dir='ltr'><strong>corporis.</strong></span> <span class='ocrx_word' id='word_1_809' title='bbox 2974 4643 3038 4698; x_wconf 83' lang='lat' dir='ltr'><strong>Si.</strong></span> <span class='ocrx_word' id='word_1_810' title='bbox 3063 4658 3194 4698; x_wconf 87' lang='lat' dir='ltr'><strong>vero</strong></span> <span class='ocrx_word' id='word_1_811' title='bbox 3223 4643 3501 4712; x_wconf 67' lang='lat' dir='ltr'><strong>paniteat&#39;,</strong></span> <span class='ocrx_word' id='word_1_812' title='bbox 3531 4657 3620 4696; x_wconf 85' lang='lat' dir='ltr'><strong>re-</strong></span> 
     </span>
    </p>
   </div>
   <div class='ocr_carea' id='block_1_106' title="bbox 2049 4734 3616 4806">
    <p class='ocr_par' dir='ltr' id='par_1_106' title="bbox 2049 4734 3616 4806">
     <span class='ocr_line' id='line_1_106' title="bbox 2049 4734 3616 4806; baseline -0.003 -14"><span class='ocrx_word' id='word_1_813' title='bbox 2049 4739 2306 4794; x_wconf 72' lang='lat' dir='ltr'><strong>mittenda</strong></span> <span class='ocrx_word' id='word_1_814' title='bbox 2324 4749 2443 4792; x_wconf 85' lang='lat' dir='ltr'><strong>sunt</strong></span> <span class='ocrx_word' id='word_1_815' title='bbox 2475 4747 2700 4806; x_wconf 77' lang='lat' dir='ltr'><strong>peccata</strong></span> <span class='ocrx_word' id='word_1_816' title='bbox 2720 4752 2838 4791; x_wconf 79' lang='lat' dir='ltr'><strong>sua.</strong></span> <span class='ocrx_word' id='word_1_817' title='bbox 2874 4735 3251 4802; x_wconf 69' lang='lat' dir='ltr'><strong>Detrahentem,</strong></span> <span class='ocrx_word' id='word_1_818' title='bbox 3281 4735 3450 4804; x_wconf 81' lang='lat' dir='ltr'><strong>inquit</strong></span> <span class='ocrx_word' id='word_1_819' title='bbox 3478 4734 3616 4788; x_wconf 78' lang='lat' dir='ltr'><strong>Pro~</strong></span> 
     </span>
    </p>
   </div>
   <div class='ocr_carea' id='block_1_107' title="bbox 2049 4826 3616 4901">
    <p class='ocr_par' dir='ltr' id='par_1_107' title="bbox 2049 4826 3616 4901">
     <span class='ocr_line' id='line_1_107' title="bbox 2049 4826 3616 4901; baseline -0.005 -13"><span class='ocrx_word' id='word_1_820' title='bbox 2049 4833 2209 4900; x_wconf 70' lang='lat' dir='ltr'><strong>pheta</strong></span> <span class='ocrx_word' id='word_1_821' title='bbox 2237 4876 2251 4899; x_wconf 92' lang='lat'><strong>,</strong></span> <span class='ocrx_word' id='word_1_822' title='bbox 2323 4843 2513 4886; x_wconf 81' lang='lat' dir='ltr'><strong>secreto</strong></span> <span class='ocrx_word' id='word_1_823' title='bbox 2583 4833 2814 4901; x_wconf 63' lang='lat' dir='ltr'><strong>proximo</strong></span> <span class='ocrx_word' id='word_1_824' title='bbox 2876 4846 2972 4884; x_wconf 80' lang='lat' dir='ltr'><strong>suo</strong></span> <span class='ocrx_word' id='word_1_825' title='bbox 2998 4869 3014 4895; x_wconf 91' lang='lat'><strong>,</strong></span> <span class='ocrx_word' id='word_1_826' title='bbox 3081 4831 3214 4882; x_wconf 72' lang='lat' dir='ltr'><strong>hunc</strong></span> <span class='ocrx_word' id='word_1_827' title='bbox 3281 4826 3616 4898; x_wconf 72' lang='lat' dir='ltr'><strong>pet-sequebar</strong></span> 
     </span>
    </p>
   </div>
   <div class='ocr_carea' id='block_1_108' title="bbox 2047 4909 2333 4994">
    <p class='ocr_par' dir='ltr' id='par_1_108' title="bbox 2047 4909 2333 4994">
     <span class='ocr_line' id='line_1_108' title="bbox 2047 4909 2333 4994; baseline 0 -18"><span class='ocrx_word' id='word_1_828' title='bbox 2047 4922 2214 4994; x_wconf 88' lang='lat' dir='ltr'><strong>(Psal.</strong></span> <span class='ocrx_word' id='word_1_829' title='bbox 2239 4909 2333 4988; x_wconf 81' lang='lat' dir='ltr'><strong>c).</strong></span> 
     </span>
    </p>
   </div>
   <div class='ocr_carea' id='block_1_109' title="bbox 2127 5013 3617 5082">
    <p class='ocr_par' dir='ltr' id='par_1_109' title="bbox 2127 5013 3617 5082">
     <span class='ocr_line' id='line_1_109' title="bbox 2127 5013 3617 5082; baseline -0.002 -14"><span class='ocrx_word' id='word_1_830' title='bbox 2127 5015 2334 5068; x_wconf 67' lang='lat' dir='ltr'><strong>XXV&quot;.</strong></span> <span class='ocrx_word' id='word_1_831' title='bbox 2367 5014 2421 5067; x_wconf 91' lang='lat' dir='ltr'><strong>Si</strong></span> <span class='ocrx_word' id='word_1_832' title='bbox 2451 5014 2845 5082; x_wconf 48' lang='lat' dir='ltr'><strong>quisrinventos</strong></span> <span class='ocrx_word' id='word_1_833' title='bbox 2873 5013 3033 5067; x_wconf 84' lang='lat' dir='ltr'><strong>fuerit</strong></span> <span class='ocrx_word' id='word_1_834' title='bbox 3057 5013 3108 5066; x_wconf 91' lang='lat' dir='ltr'><strong>in</strong></span> <span class='ocrx_word' id='word_1_835' title='bbox 3146 5013 3324 5082; x_wconf 86' lang='lat' dir='ltr'><strong>aliquo</strong></span> <span class='ocrx_word' id='word_1_836' title='bbox 3358 5023 3617 5080; x_wconf 83' lang='lat' dir='ltr'><strong>spernere</strong></span> 
     </span>
    </p>
   </div>
   <div class='ocr_carea' id='block_1_110' title="bbox 2053 5101 3611 5170">
    <p class='ocr_par' dir='ltr' id='par_1_110' title="bbox 2053 5101 3611 5170">
     <span class='ocr_line' id='line_1_110' title="bbox 2053 5101 3611 5170; baseline -0.004 -10"><span class='ocrx_word' id='word_1_837' title='bbox 2053 5107 2318 5160; x_wconf 80' lang='lat' dir='ltr'><strong>seniorem</strong></span> <span class='ocrx_word' id='word_1_838' title='bbox 2349 5117 2526 5166; x_wconf 81' lang='lat' dir='ltr'><strong>suum,</strong></span> <span class='ocrx_word' id='word_1_839' title='bbox 2557 5117 2666 5156; x_wconf 86' lang='lat' dir='ltr'><strong>non</strong></span> <span class='ocrx_word' id='word_1_840' title='bbox 2711 5102 2977 5157; x_wconf 78' lang='lat' dir='ltr'><strong>hominem</strong></span> <span class='ocrx_word' id='word_1_841' title='bbox 3019 5102 3242 5170; x_wconf 84' lang='lat' dir='ltr'><strong>spernit,</strong></span> <span class='ocrx_word' id='word_1_842' title='bbox 3275 5101 3370 5156; x_wconf 88' lang='lat' dir='ltr'><strong>sed</strong></span> <span class='ocrx_word' id='word_1_843' title='bbox 3419 5101 3611 5166; x_wconf 85' lang='lat' dir='ltr'><strong>Deum,</strong></span> 
     </span>
    </p>
   </div>
   <div class='ocr_carea' id='block_1_111' title="bbox 2049 5194 3607 5265">
    <p class='ocr_par' dir='ltr' id='par_1_111' title="bbox 2049 5194 3607 5265">
     <span class='ocr_line' id='line_1_111' title="bbox 2049 5194 3607 5265; baseline 0 -17"><span class='ocrx_word' id='word_1_844' title='bbox 2049 5209 2105 5248; x_wconf 71' lang='lat' dir='ltr'><strong>et</strong></span> <span class='ocrx_word' id='word_1_845' title='bbox 2131 5196 2356 5265; x_wconf 85' lang='lat' dir='ltr'><strong>reliqua.</strong></span> <span class='ocrx_word' id='word_1_846' title='bbox 2387 5195 2443 5250; x_wconf 87' lang='lat' dir='ltr'><strong>Si</strong></span> <span class='ocrx_word' id='word_1_847' title='bbox 2471 5194 2590 5262; x_wconf 86' lang='lat' dir='ltr'><strong>quis</strong></span> <span class='ocrx_word' id='word_1_848' title='bbox 2617 5194 2717 5250; x_wconf 83' lang='lat' dir='ltr'><strong>hoc</strong></span> <span class='ocrx_word' id='word_1_849' title='bbox 2757 5194 2931 5260; x_wconf 77' lang='lat' dir='ltr'><strong>faciat,</strong></span> <span class='ocrx_word' id='word_1_850' title='bbox 2966 5196 3239 5265; x_wconf 74' lang='lat' dir='ltr'><strong>pmoiteat,</strong></span> <span class='ocrx_word' id='word_1_851' title='bbox 3275 5205 3329 5250; x_wconf 81' lang='lat' dir='ltr'><strong>et</strong></span> <span class='ocrx_word' id='word_1_852' title='bbox 3369 5197 3607 5250; x_wconf 59' lang='lat' dir='ltr'><strong>reconci.</strong></span> 
     </span>
    </p>
   </div>
   <div class='ocr_carea' id='block_1_112' title="bbox 2054 5283 3616 5353">
    <p class='ocr_par' dir='ltr' id='par_1_112' title="bbox 2054 5283 3616 5353">
     <span class='ocr_line' id='line_1_112' title="bbox 2054 5283 3616 5353; baseline 0.001 -15"><span class='ocrx_word' id='word_1_853' title='bbox 2054 5285 2272 5338; x_wconf 79' lang='lat' dir='ltr'><strong>liabitur</strong></span> <span class='ocrx_word' id='word_1_854' title='bbox 2312 5284 2510 5338; x_wconf 87' lang='lat' dir='ltr'><strong>seniori</strong></span> <span class='ocrx_word' id='word_1_855' title='bbox 2561 5299 2679 5336; x_wconf 84' lang='lat' dir='ltr'><strong>suo.</strong></span> <span class='ocrx_word' id='word_1_856' title='bbox 2716 5283 2780 5338; x_wconf 82' lang='lat' dir='ltr'><strong>Et</strong></span> <span class='ocrx_word' id='word_1_857' title='bbox 2827 5289 3005 5338; x_wconf 87' lang='lat' dir='ltr'><strong>omnia</strong></span> <span class='ocrx_word' id='word_1_858' title='bbox 3057 5299 3390 5353; x_wconf 60' lang='lat' dir='ltr'><strong>quacunque</strong></span> <span class='ocrx_word' id='word_1_859' title='bbox 3430 5285 3616 5340; x_wconf 77' lang='lat' dir='ltr'><strong>senior</strong></span> 
     </span>
    </p>
   </div>
   <div class='ocr_carea' id='block_1_113' title="bbox 2053 5373 3614 5444">
    <p class='ocr_par' dir='ltr' id='par_1_113' title="bbox 2053 5373 3614 5444">
     <span class='ocr_line' id='line_1_113' title="bbox 2053 5373 3614 5444; baseline -0.001 -15"><span class='ocrx_word' id='word_1_860' title='bbox 2053 5375 2386 5444; x_wconf 58' lang='grc' dir='ltr'><strong>ιιι-κωβιός,</strong></span> <span class='ocrx_word' id='word_1_861' title='bbox 2441 5373 2740 5428; x_wconf 75' lang='lat' dir='ltr'><strong>secundum</strong></span> <span class='ocrx_word' id='word_1_862' title='bbox 2782 5374 3086 5428; x_wconf 81' lang='lat' dir='ltr'><strong>mandatum</strong></span> <span class='ocrx_word' id='word_1_863' title='bbox 3125 5373 3614 5443; x_wconf 73' lang='lat' dir='ltr'><strong>Dominiesplcnda</strong></span> 
     </span>
    </p>
   </div>
   <div class='ocr_carea' id='block_1_114' title="bbox 2048 5475 2190 5520">
    <p class='ocr_par' dir='ltr' id='par_1_114' title="bbox 2048 5475 2190 5520">
     <span class='ocr_line' id='line_1_114' title="bbox 2048 5475 2190 5520; baseline -0.014 0"><span class='ocrx_word' id='word_1_864' title='bbox 2048 5475 2190 5520; x_wconf 74' lang='grc' dir='ltr'><strong>ειιικ.</strong></span> 
     </span>
    </p>
   </div>
   <div class='ocr_carea' id='block_1_115' title="bbox 2130 5553 3618 5624">
    <p class='ocr_par' dir='ltr' id='par_1_115' title="bbox 2130 5553 3618 5624">
     <span class='ocr_line' id='line_1_115' title="bbox 2130 5553 3618 5624; baseline -0.002 -13"><span class='ocrx_word' id='word_1_865' title='bbox 2130 5555 2367 5612; x_wconf 78' lang='lat' dir='ltr'><strong>XXVIII.</strong></span> <span class='ocrx_word' id='word_1_866' title='bbox 2397 5556 2455 5610; x_wconf 89' lang='lat' dir='ltr'><strong>Si</strong></span> <span class='ocrx_word' id='word_1_867' title='bbox 2507 5555 2627 5623; x_wconf 83' lang='lat' dir='ltr'><strong>quis</strong></span> <span class='ocrx_word' id='word_1_868' title='bbox 2649 5569 2711 5608; x_wconf 77' lang='lat' dir='ltr'><strong>ex</strong></span> <span class='ocrx_word' id='word_1_869' title='bbox 2761 5554 3012 5612; x_wconf 71' lang='lat' dir='ltr'><strong>frairihus</strong></span> <span class='ocrx_word' id='word_1_870' title='bbox 3055 5553 3328 5624; x_wconf 70' lang='lat' dir='ltr'><strong>negligens</strong></span> <span class='ocrx_word' id='word_1_871' title='bbox 3367 5554 3618 5610; x_wconf 66' lang='lat' dir='ltr'><strong>inventus</strong></span> 
     </span>
    </p>
   </div>
   <div class='ocr_carea' id='block_1_116' title="bbox 2058 5645 3618 5716">
    <p class='ocr_par' dir='ltr' id='par_1_116' title="bbox 2058 5645 3618 5716">
     <span class='ocr_line' id='line_1_116' title="bbox 2058 5645 3618 5716; baseline -0.002 -13"><span class='ocrx_word' id='word_1_872' title='bbox 2058 5649 2220 5703; x_wconf 81' lang='lat' dir='ltr'><strong>fuerit</strong></span> <span class='ocrx_word' id='word_1_873' title='bbox 2245 5662 2370 5715; x_wconf 78' lang='lat' dir='ltr'><strong>erga</strong></span> <span class='ocrx_word' id='word_1_874' title='bbox 2399 5645 2794 5716; x_wconf 70' lang='lat' dir='ltr'><strong>supellectilem</strong></span> <span class='ocrx_word' id='word_1_875' title='bbox 2834 5645 3168 5710; x_wconf 69' lang='lat' dir='ltr'><strong>tnonssterii,</strong></span> <span class='ocrx_word' id='word_1_876' title='bbox 3205 5646 3298 5700; x_wconf 76' lang='lat' dir='ltr'><strong>bis.</strong></span> <span class='ocrx_word' id='word_1_877' title='bbox 3331 5661 3456 5701; x_wconf 79' lang='lat' dir='ltr'><strong>retis</strong></span> <span class='ocrx_word' id='word_1_878' title='bbox 3477 5649 3618 5701; x_wconf 60' lang='lat' dir='ltr'><strong>sacri</strong></span> 
     </span>
    </p>
   </div>
   <div class='ocr_carea' id='block_1_117' title="bbox 2057 5739 3621 5814">
    <p class='ocr_par' dir='ltr' id='par_1_117' title="bbox 2057 5739 3621 5814">
     <span class='ocr_line' id='line_1_117' title="bbox 2057 5739 3621 5814; baseline -0.008 -13"><span class='ocrx_word' id='word_1_879' title='bbox 2057 5741 2249 5814; x_wconf 78' lang='lat' dir='ltr'><strong>peculii</strong></span> <span class='ocrx_word' id='word_1_880' title='bbox 2274 5739 2601 5812; x_wconf 74' lang='lat' dir='ltr'><strong>iudicandus.</strong></span> <span class='ocrx_word' id='word_1_881' title='bbox 2621 5749 2720 5796; x_wconf 82' lang='lat' dir='ltr'><strong>cst.</strong></span> <span class='ocrx_word' id='word_1_882' title='bbox 2751 5740 2804 5795; x_wconf 86' lang='lat' dir='ltr'><strong>Si</strong></span> <span class='ocrx_word' id='word_1_883' title='bbox 2834 5739 2953 5809; x_wconf 81' lang='lat' dir='ltr'><strong>quis</strong></span> <span class='ocrx_word' id='word_1_884' title='bbox 2983 5739 3204 5806; x_wconf 68' lang='lat' dir='ltr'><strong>viderit,</strong></span> <span class='ocrx_word' id='word_1_885' title='bbox 3251 5754 3418 5810; x_wconf 69' lang='lat' dir='ltr'><strong>eaque</strong></span> <span class='ocrx_word' id='word_1_886' title='bbox 3449 5739 3621 5796; x_wconf 76' lang='lat' dir='ltr'><strong>indie</strong></span> 
     </span>
    </p>
   </div>
  </div>
