4034 6166
432 259 533 316 993

1383 258 1653 314 ιιεϐυιςι
1692 256 2155 311 CONSENSOGIA
2198 254 2695 310 MONACIIORUM.
3554 250 3661 305 ιιειιι

427 372 666 442 adjuvari
684 381 737 427 et
756 370 949 441 corrigi
966 369 1298 438 prmterierit,
1329 368 1415 424 hic
1441 378 1689 439 tanquam
1714 369 1989 439 neglector
2018 379 2067 432 Α
2165 366 2335 420 XXX.
2367 366 2561 419 Tribus
2581 365 2937 420 conventibus
2967 364 3092 430 dici,
3125 363 3453 431 totidemque
3487 376 3657 416 noctis

425 475 478 519 et
508 477 792 534 perversor
826 476 994 517 sacrae
1023 462 1330 515 substantia:
1365 460 1681 529 iudicandus
1710 469 1812 514 est.
1841 463 1984 523 Quo-

427 556 566 608 niam
588 561 797 623 oportet
825 567 1249 622 unumquemque
1276 552 1537 612 laborare.
1571 561 1624 606 et
1646 553 1987 607 consideran-

429 649 531 700 tius
551 661 706 715 agere
732 659 857 712 erga
884 642 1231 699 substantiam
1256 641 1586 703 monasterii,
1619 651 1676 694 nt
1705 643 1816 708 ipse
1846 650 1988 694 esset

425 741 662 792 omnium
689 736 956 797 dominus,
982 743 1035 788 et
1059 734 1309 789 omnibus
1337 732 1660 786 dominetur.
1695 731 1761 785 Et
1790 730 1983 785 iterum

427 843 520 896 per
547 826 758 883 nimiam
788 824 1139 879 humilitatem
1170 834 1412 892 tanquam
1443 823 1671 876 alienum
1701 835 1759 875 se
1791 822 1945 875 exist;
1969 851 1981 857 -

426 928 554 979 met,
582 930 636 972 et
679 927 734 971 iit
780 917 909 971 nihil
958 926 1151 985 praeter
1198 916 1499 985 quotidiana
1544 931 1606 969 ex
1637 929 1698 968 ea
1748 915 1980 983 requirat

386 1066 387 1069 η
426 1009 728 1077 pasimatia.

388 1088 396 1116 ⁹
499 1099 687 1155 XXIX.
718 1099 772 1153 Si
801 1100 920 1165 quis
955 1098 1017 1153 ad
1048 1113 1232 1153 vocem
1275 1097 1648 1167 compulsoris,
1699 1099 1812 1152 sive
1856 1098 1987 1151 invi-

422 1193 584 1245 tantis
606 1189 669 1243 ad
701 1189 841 1244 aliud
874 1188 1260 1257 quodcunque,
1307 1204 1410 1247 non
1443 1189 1623 1241 statim
1656 1188 1983 1250 Surrexerit.

427 1283 509 1337 hic
539 1281 849 1335 inobediens
890 1295 1013 1333 reus
1053 1288 1151 1332 est.
1188 1278 1335 1332 Putat
1365 1278 1571 1332 veniam
1615 1278 1678 1329 ad
1707 1277 1896 1341 Deuzn,
1933 1287 1989 1331 ct

425 1375 621 1426 iterare
653 1388 755 1425 non
788 1380 1092 1438 praesumat.
1121 1369 1382 1434 Quoniam
1406 1379 1987 1440 Oportetunumquem-

425 1480 525 1532 que
554 1464 617 1516 ad
662 1464 885 1532 primum
934 1475 1115 1513 vocem
1168 1461 1437 1514 invitantis
1469 1475 1787 1529 assurgere;
1847 1460 1989 1512 velut

424 1558 583 1612 carbo
607 1556 741 1626 ignis
763 1555 999 1610 ardentis
1025 1554 1351 1607 ascendisset
1372 1567 1534 1622 super
1554 1570 1698 1606 eum.
1726 1552 1778 1607 Si
1808 1564 1986 1606 autem

424 1648 724 1703 obedieiitia
761 1646 873 1701 haec
924 1662 1027 1699 non
1080 1644 1256 1708 fuerit,
1305 1659 1462 1713 quam
1498 1644 1740 1705 dicimus,
1772 1653 1977 1697 mortua

423 1753 525 1802 est,
559 1750 612 1794 et
664 1755 767 1793 non
819 1737 1159 1806 acccptabilis
1206 1736 1343 1804 apud
1396 1735 1582 1789 Deum.
1635 1734 1795 1788 Omne
1819 1745 1987 1788 autem
2019 1750 2065 1808 Β

423 1831 558 1898 quod
583 1848 680 1881 non
714 1839 785 1882 est
815 1844 876 1881 ea:
908 1830 1031 1893 ﬁde,
1063 1838 1321 1897 peccatum
1352 1838 1425 1879 est
1470 1826 1645 1894 (Rom.
1678 1828 1808 1896 xw).
1853 1828 1985 1881 Cum

423 1921 612 1989 gaudio
642 1935 851 1988 semper
884 1922 1206 1988 Operaiidunt
1237 1930 1318 1973 est
1346 1935 1359 1973 :
1389 1920 1619 1973 Gaudete
1660 1920 1711 1971 in
1747 1919 1984 1984 Domino,

420 2016 566 2086 justi,
609 2026 661 2067 et
703 2030 902 2081 semper
949 2014 1089 2066 decet
1136 2013 1448 2066 collaudatio
1475 2010 1643 2083 (Psal.
1680 2013 1867 2082 xxx").
1918 2012 1986 2065 Et

424 2109 614 2161 iterum
648 2106 931 2173 Apostolus
958 2105 1085 2159 dicit
1124 2124 1134 2158 :
1165 2104 1395 2158 Gaudete
1424 2106 1476 2157 in
1511 2103 1727 2157 Domino
1757 2120 1986 2173 semper:

424 2199 600 2251 iterum
627 2200 758 2262 dico,
787 2200 1002 2269 gaudete
1040 2199 1211 2269 (Phil.
1245 2201 1345 2268 tv).
1396 2199 1451 2252 Si
1483 2210 1658 2252 autem
1691 2200 1841 2253 triste
1886 2202 1986 2254 ali-

423 2291 545 2360 quid
575 2291 809 2346 oblatum
844 2292 1002 2345 luerit
1043 2306 1072 2345 θ
1120 2292 1273 2346 nobis
1304 2292 1352 2345 in
1380 2291 1535 2346 donis
1580 2290 1695 2359 Dei,
1750 2309 1855 2347 non
1885 2293 1989 2347 erit

418 2384 747 2453 acceptabile
774 2384 911 2453 apud
941 2384 1128 2440 Deum.

2090 468 2327 525 tempore
2353 458 2406 511 in
2444 457 2669 511 ecclesia
2708 458 3128 512 conveniendum
3167 475 3178 509 :
3233 468 3341 511 tres
3384 457 3571 525 psalmi
3602 458 3654 512 in

2090 563 2406 617 unoquoque
2434 564 2700 602 conventu
2743 549 2850 602 diei
2897 550 3122 603 canendi
3170 549 3335 602 sunt?
3373 548 3654 605 duodecim

2090 656 2216 695 vero
2247 642 2297 694 in
2328 640 2604 695 nocturnis
2654 643 3007 696 conventibus
3032 643 3408 705 cantabuntur,
3456 652 3651 708 praeter

2091 731 2234 784 illam
2262 734 2472 784 missam
2505 747 2624 800 qua:
2674 732 2975 787 celebratur
3014 748 3135 786 ortu
3174 735 3322 789 solis.
3374 734 3656 786 Orationes

2091 839 2216 875 vero
2241 834 2293 876 et
2317 820 2735 886 dumlectiones,
2763 840 2860 877 una
2903 825 2969 877 de
3003 824 3176 878 Veteri
3207 825 3569 889 Testamento,
3600 836 3656 877 et

2088 914 2188 966 alia
2220 918 2286 967 de
2312 913 2477 976 Novo,
2509 916 2557 965 in
2588 915 2811 983 singulis
2834 916 3003 968 noctis
3032 916 3386 969 conventibus
3414 914 3655 967 dicenda:

2088 1017 2233 1057 sunt.
2286 1005 2337 1057 In
2369 1002 2454 1059 bis
2495 1020 2621 1059 vero
2663 1006 3050 1072 conventibus,
3105 1007 3155 1059 id
3202 1018 3303 1069 est,
3359 1006 3565 1059 sabbati
3598 1017 3654 1057 et

2088 1095 2387 1157 dominii-a9,
2439 1112 2605 1165 usque
2632 1096 2697 1149 ad
2734 1096 2986 1165 gallorum
3036 1109 3255 1161 cantus,
3309 1098 3469 1150 missa
3507 1099 3648 1150 cele-

2089 1186 2285 1239 branda
2318 1202 2429 1240 est:
2461 1197 2513 1241 et
2542 1188 2810 1255 quomodo
2835 1190 2970 1240 vires
2994 1188 3411 1256 uniuscujusque
3428 1186 3653 1241 sum-rte

2090 1289 2386 1348 potuerint.
2415 1280 2651 1333 excubiae
2675 1283 2985 1349 peiaaendae
3015 1288 3155 1333 sunt.

2160 1416 2348 1471 XXXI.
2385 1419 2429 1471 Is
2452 1435 2578 1473 vero
2606 1422 2692 1489 qui
2718 1421 2779 1474 ad
2815 1422 3040 1488 primum
3075 1421 3334 1487 psalmum
3360 1420 3409 1472 in
3434 1420 3517 1471 die
3542 1432 3644 1471 non

2090 1514 2339 1578 occuirit,
2377 1515 2427 1565 in
2447 1526 2767 1567 conventuin
2800 1516 3017 1567 lratrum
3043 1530 3147 1567 non
3194 1514 3509 1580 recipietur;
3558 1512 3650 1563 sed

2091 1617 2269 1671 postea
2302 1606 2351 1659 iii
2379 1606 2589 1674 publica
2631 1608 2839 1660 veniam
2870 1616 3031 1674 petat.
3084 1605 3137 1661 Si
3175 1621 3300 1658 vero
3351 1608 3654 1671 frequenter

2094 1694 2192 1750 hoc
2234 1697 2409 1760 faciat,
2473 1699 2833 1751 confutabitur
2876 1715 3039 1769 nsque
3070 1700 3192 1751 dttm
3240 1699 3555 1766 corrigatur.
3598 1698 3653 1750 In

2093 1789 2262 1843 noctis
2296 1801 2531 1858 tempore
2556 1806 2721 1858 usiiue
2764 1790 2826 1844 ad
2856 1791 3150 1845 secundum
3184 1790 3440 1858 psalmum
3474 1787 3655 1840 dilatio

2094 1884 2382 1951 praebetur.

2164 2022 2375 2078 XXX“.
2394 2023 2449 2077 In
2480 2024 2669 2078 diebus
2697 2039 2822 2077 vero
2845 2024 3127 2077 ἀοιῖιιὶιιειδ
3155 2012 3475 2096 eucharistia
3515 2034 3658 2073 sem-

2091 2129 2185 2182 per
2224 2114 2528 2183 accipienda
2576 2126 2657 2167 θη
2705 2114 2768 2167 ad
2818 2115 3109 2167 remedium
3162 2123 3532 2181 peccatorum:
3561 2108 3656 2164 sed

2090 2221 2209 2260 cum
2227 2222 2355 2272 puro
2375 2208 2537 2260 corde
2565 2215 2618 2260 et
2641 2207 2783 2259 omni
2810 2208 3090 2259 sanctitate
3120 2206 3298 2259 cordis
3334 2214 3387 2259 et
3414 2204 3657 2274 corporis

2089 2305 2296 2363 oportet
2319 2306 2414 2349 nos
2436 2296 2690 2349 accedere
2711 2299 2773 2345 ait
2804 2310 2999 2363 corpus
3026 2305 3079 2348 et
3101 2295 3413 2359 sanguinem
3451 2291 3655 2349 Domini

2089 2388 2253 2440 nostri
2284 2386 2406 2440 Jesu
2433 2386 2651 2441 Christi.
2685 2385 2877 2440 Anien.

448 2510 3621 2545 Μ

618 2558 2273 2577 —-—————.——————w——

434 2558 589 2578 Ἄ
609 2565 614 2571 ι

2276 2547 3609 2573 μ--ιφ--ῄ-

1199 2630 1627 2686 OBSERVATIU
1665 2630 1933 2685 CRITICA
1983 2630 2046 2685 IN
2089 2630 2418 2685 llEGULAM
2457 2628 2886 2696 SEQUENTEM.

500 2745 669 2817 llujus
704 2743 912 2814 Regula:
934 2754 1111 2797 auctor
1154 2755 1225 2799 est
1253 2746 1496 2808 incertus,
1545 2748 1771 2815 quamvis
1816 2762 1980 2803 sacra:

428 2837 738 2907 antiquitatis
756 2852 1029 2907 mangones
1055 2836 1462 2906 illamZIiactenus
1493 2853 1584 2907 pro
1602 2838 1766 2907 prima
1796 2836 1855 2891 S.
1877 2839 1985 2890 Au-

422 2930 614 2998 gustini
640 2929 833 2998 Regula
859 2928 1246 2992 venditaverint,
1274 2929 1481 2997 ejusque
1505 2926 1568 2982 S.
1600 2929 1824 2981 doctoris
1854 2929 1988 2981 anti-

422 3024 536 3090 quis
558 3037 764 3088 operum
784 3020 1089 3074 editionibus
1110 3020 1420 3090 interpolare
1442 3022 1554 3074 ausi
1584 3022 1791 3089 fuerint.
1821 3020 1991 3075 Ilodie
2024 3080 2027 3081 ν

420 3114 555 3166 enim
575 3127 745 3165 omnes
758 3112 946 3165 eruditi
967 3113 1313 3176 consentiunt,
1339 3111 1400 3166 S.
1423 3110 1762 3181 Augustinum
1789 3113 1985 3166 nullam

416 3204 577 3258 aliam
593 3204 842 3273 Regulam
861 3206 1142 3274 scripsisse,
1168 3206 1264 3259 nisi
1286 3221 1440 3258 uuam
1462 3207 1529 3259 ad
1548 3204 1812 3275 Virgines,
1832 3222 1987 3274 quam

431 3295 724 3350 Holstenius
750 3298 802 3349 in
830 3296 983 3363 huius
1006 3297 1194 3350 codicis
1221 3297 1370 3349 tertia
1397 3305 1539 3363 parte
1564 3299 1793 3360 adducit,
1818 3300 1879 3350 de
1891 3313 1992 3367 qua

429 3391 582 3457 igitur
606 3407 700 3443 suo
743 3390 854 3443 loco
882 3390 1031 3458 plura
1071 3389 1317 3443 dicemus.
1345 3385 1551 3442 Interea
1593 3388 1754 3442 brevis
1785 3398 1857 3443 est
1884 3390 1992 3442 lucc

430 3479 645 3549 Regula,
675 3494 849 3533 nouem
890 3479 1135 3532 articulos
1184 3478 1505 3532 solummodo
1528 3480 1807 3544 continens,
1838 3493 1989 3549 gene-

2086 2746 2221 2799 ralia
2247 2747 2473 2814 gutcdam
2500 2756 2750 2815 pra’cepta
2780 2746 2914 2798 circa
2950 2754 3141 2797 statum
3170 2746 3506 2798 monasticam
3545 2754 3650 2798 tra.

2091 2836 2235 2901 dens,
2286 2838 2422 2890 haud
2470 2838 2677 2890 aliunde
2717 2837 2851 2889 dicta
2904 2836 3238 2891 Consensoria
3267 2838 3651 2903 monachorum,

2091 2929 2187 2982 nisi
2210 2932 2329 2995 quia
2360 2928 2615 2980 communi
2645 2928 2870 2981 omnium
2892 2928 2944 2980 in
2976 2927 3067 2982 illo
3095 2929 3405 2981 monasterio
3433 2944 3653 2998 presenc

2092 3021 2215 3074 tium
2249 3035 2495 3074 consensu
2532 3019 2856 3092 promulgata
2913 3019 3110 3090 fuerit;
3157 3027 3307 3086 prout
3345 3034 3405 3072 ex
3447 3020 3656 3072 exordio

2091 3111 2395 3182 colligimus.
2419 3113 2787 3182 Antiquitatem
2820 3119 2991 3165 autem
3026 3112 3257 3183 ejusdem
3281 3111 3404 3164 satis
3427 3110 3655 3171 denotatu

2092 3207 2228 3273 quod
2257 3217 2439 3259 auctor
2488 3206 2643 3259 citare
2670 3205 2830 3259 soleat
2875 3205 2937 3260 S.
2970 3204 3292 3276 Scripturam
3332 3207 3485 3277 juxta
3514 3202 3652 3255 anti-

2097 3314 2252 3366 quam
2304 3297 2597 3370 Vulgatam,
2649 3314 2749 3350 non
2802 3313 2915 3351 vero
2953 3297 3233 3351 secundum
3260 3296 3322 3349 S.
3356 3291 3661 3362 Hieronymi

2092 3405 2393 3443 versionem.

703 3679 1253 3795 REGULA
1307 3678 2280 3796 CONSENSORIA
2328 3674 3358 3793 MONACHORUM.

500 3992 541 4046 1.
566 3991 843 4046 Communi
864 3991 1167 4048 deﬁnitione
1195 3994 1529 4052 decrevimus
1548 3996 1685 4066 apud
1701 4012 1818 4065 nos,
1842 3998 1982 4069 quod

430 4101 693 4155 nunquam
718 4085 1050 4153 postmodum
1080 4087 1147 4141 ab
1176 4087 1284 4143 ullo
1314 4091 1505 4158 poterit
1538 4089 1773 4161 infringi.

502 4175 867 4229 llesideiitibus
897 4176 1050 4231 nobis
1077 4177 1128 4232 in
1170 4180 1493 4236 monasterio
1538 4180 1589 4236 in
1647 4182 1861 4237 nomine
1894 4183 1991 4237 Do-

429 4267 557 4319 mini
588 4266 754 4320 nostri
785 4267 911 4321 .iesu
942 4268 1139 4322 Christi
1166 4271 1414 4325 omnibus
1445 4273 1664 4340 placuit,
1694 4273 1986 4329 secundum

427 4358 772 4427 apostolicam
821 4358 1182 4426 traditionem,
1213 4376 1377 4415 unum
1424 4365 1623 4417 sentire
1658 4375 1712 4419 et
1748 4380 1987 4420 commu-

430 4451 565 4501 iiitcr
590 4448 857 4515 possidere
881 4450 1050 4510 ;sicut
1080 4453 1337 4521 scriptum
1370 4462 1454 4508 est
1479 4471 1492 4507 :
1529 4453 1699 4509 Unum
1720 4458 1987 4512 sentientes

426 4545 478 4594 in
514 4541 729 4594 Domino
774 4542 910 4612 (Act.
954 4542 1037 4613 ιι).
1075 4544 1140 4597 Et
1162 4560 1319 4599 nemo
1372 4547 1657 4618 quidquam
1712 4552 1986 4619 proprium

429 4634 651 4688 vindicet
682 4651 696 4686 :
726 4632 818 4687 sed
847 4635 985 4687 sicut
1008 4635 1261 4702 scriptum
1293 4648 1376 4692 est
1425 4638 1478 4693 in
1512 4638 1731 4694 Actibus
1767 4650 1990 4707 aposto-

432 4728 629 4781 lorum:
654 4724 905 4779 Habentes
931 4727 1105 4780 omnia
1132 4732 1439 4796 communia,
1472 4741 1519 4785 et
1551 4748 1697 4785 nemo
1716 4732 1994 4802 quidquam

428 4831 574 4867 suum
600 4831 704 4868 esse
724 4814 916 4869 dicebat
949 4814 1164 4888 (Ibid),
1192 4819 1329 4888 quod
1349 4831 1403 4874 et
1425 4822 1580 4876 nobis
1604 4822 1862 4891 scriptum
1882 4830 1984 4877 est.

430 4905 483 4957 In
514 4904 735 4958 Domino
763 4921 889 4974 ergo
914 4906 1034 4973 jure
1084 4908 1469 4963 observationis
1509 4918 1563 4965 et
1614 4910 1750 4979 legis
1776 4927 1875 4965 nos
1915 4920 1995 4967 te-

429 5011 666 5061 neamus,
694 5006 746 5051 et
769 4997 820 5050 in
845 5013 910 5052 eo
940 5014 1107 5069 usque
1134 5001 1183 5054 in
1209 5002 1362 5055 linem
1389 5016 1794 5071 permaneamus
1820 5023 1832 5057 :
1859 5021 1989 5075 quo-

430 5093 573 5152 niam
592 5091 849 5159 scriptum
879 5103 963 5147 est
993 5110 1007 5146 :
1042 5094 1141 5159 Qui
1184 5098 1511 5163 permanserit
1539 5113 1695 5171 usque
1717 5098 1772 5151 in
1806 5098 1985 5167 ﬁnem,

427 5182 511 5235 hic
535 5180 707 5235 saluus
731 5184 825 5236 erit
865 5181 1076 5253 (Matth.
1102 5185 1178 5255 x).
1589 5180 1595 5187 ’

500 5274 558 5329 ll.
590 5274 647 5330 Si
674 5277 792 5345 quis
816 5285 992 5329 autem
1021 5279 1204 5333 venire
1230 5277 1500 5333 desiderat
1523 5279 1590 5333 ad
1613 5281 1986 5351 congregatio-

429 5380 550 5421 nem
577 5365 818 5431 li-atrum,
847 5369 937 5435 qui
965 5371 1017 5421 in
1041 5384 1202 5423 unum
1241 5386 1359 5426 esse
1387 5372 1653 5436 videntur,
1689 5387 1795 5427 non
1836 5374 1986 5445 igno-

430 5471 551 5509 rans
581 5457 848 5528 Evangelli
876 5459 1219 5529 dictum,qtto
1239 5461 1371 5516 dixit
1396 5479 1409 5515 :
1451 5461 1648 5516 Vendat
1674 5466 1847 5517 omnia
1867 5482 1986 5530 sua,

426 5555 593 5615 eroget
618 5549 783 5617 egenis
812 5556 861 5600 et
886 5548 1196 5617 pauperibus
1236 5549 1439 5621 (Matth.
1477 5552 1614 5622 xix).
1649 5555 1713 5607 Et
1744 5556 1938 5609 iterum
1970 5573 1983 5608 :

425 5640 648 5709 Abneget
667 5649 987 5706 semetipsum
1014 5641 1131 5707 sibi,
1161 5649 1213 5694 et
1232 5641 1379 5695 tollat
1407 5659 1606 5697 crucem
1627 5662 1718 5713 sua
1732 5660 1801 5713 m,
1829 5656 1876 5699 et
1902 5660 1988 5700 se-

424 5739 603 5799 guatur
625 5728 879 5784 Christum
910 5730 1057 5800 (Luc.
1092 5733 1189 5800 ix).
1218 5731 1282 5787 Et
1309 5747 1376 5788 nc
1393 5743 1582 5791 tractet
1607 5738 1657 5792 in
1686 5737 1850 5793 corde
1881 5751 1979 5793 suo

2088 3999 2155 4055 de
2196 3999 2359 4063 victu,
2386 4008 2476 4053 aut
2502 3996 2843 4071 vestimento,
2867 4007 2922 4053 et
2950 4000 3185 4064 cteterls,
3212 4012 3329 4067 qua
3356 3999 3659 4060 necessaria

2092 4100 2217 4145 sunt
2245 4090 2477 4161 corpori,
2503 4090 2618 4158 ipso
2647 4088 2868 4145 Domino
2896 4090 2948 4144 in
2973 4089 3261 4161 Evangelio
3294 4102 3656 4161 prtemonento

2093 4191 2147 4238 et
2175 4183 2385 4237 dicente
2408 4199 2420 4235 :
2457 4180 2630 4235 Nolite
2655 4181 2880 4252 cogitare
2909 4181 3127 4236 dicentes
3159 4197 3178 4235 :
3205 4181 3341 4249 Quid
3362 4182 3539 4247 edetis,
3568 4191 3662 4235 aut

2092 4272 2216 4342 quid
2238 4271 2551 4326 vestiemini?
2578 4271 2686 4325 lucc
2710 4271 2845 4324 enim
2870 4280 3041 4343 gentes
3070 4271 3313 4343 cogitant.
3366 4274 3478 4326 Scit
3528 4289 3657 4326 enim

2094 4361 2252 4417 Pater
2280 4371 2453 4426 vester,
2506 4362 2625 4430 quia
2666 4361 2846 4415 horum
2875 4360 3102 4416 omnium
3127 4362 3382 4432 indigetis.
3431 4362 3657 4429 Quterite

2092 4469 2305 4523 regnum
2331 4451 2421 4505 Dei
2435 4460 2478 4506 et
2492 4452 2750 4524 justitiam
2771 4454 2906 4525 ejus,
2938 4464 2985 4507 et
3016 4453 3123 4507 hate
3147 4452 3319 4507 omnia
3340 4464 3659 4524 opponentur

2089 4545 2227 4599 vobis
2254 4543 2464 4616 (Matth.
2502 4545 2595 4616 vi).

2163 4636 2253 4691 Ill.
2293 4636 2670 4692 Verumtamen
2701 4645 2984 4707 antequam
3012 4644 3214 4691 statuat
3240 4651 3361 4692 esse
3390 4636 3442 4691 in
3473 4652 3657 4691 mona-

2093 4729 2276 4794 sterio,
2308 4732 2495 4799 probet
2524 4730 2850 4799 propositum
2875 4729 3093 4783 fratrum
3120 4740 3277 4798 atque
3325 4731 3650 4796 exemplum.

2096 4831 2150 4878 et
2194 4824 2308 4891 ipse
2332 4821 2583 4891 probetur
2614 4822 2666 4875 in
2691 4822 2834 4876 omni
2871 4820 3270 4876 conversatione
3320 4821 3388 4877 ab
3424 4822 3517 4875 illo
3565 4824 3655 4888 qui

2100 4915 2242 4984 prior
2263 4924 2365 4979 est,
2395 4923 2447 4969 et
2484 4915 2692 4970 caeteris
2735 4914 3226 4968 consentientibus:
3263 4930 3479 4986 propter
3523 4917 3648 4970 illud

2091 5005 2230 5074 quod
2283 5003 2543 5075 Propheta
2581 5005 2739 5059 docet
2766 5014 2820 5059 et
2861 5004 3132 5071 admonet,
3174 5005 3355 5061 dicem
3380 5024 3394 5062 :
3422 5008 3654 5061 Aniiruin

2092 5096 2197 5151 noli
2216 5094 2315 5150 cito
2353 5096 2697 5167 comprobare.

2160 5187 2246 5244 η’.
2287 5188 2397 5245 Sed
2441 5191 2487 5244 si
2516 5187 2799 5256 contigerit
2817 5195 2874 5240 ut
2897 5187 3085 5255 aliquis
3136 5201 3200 5242 ex
3231 5187 3463 5257 qualibet
3491 5203 3652 5243 causa

2091 5281 2424 5336 necessitatis
2451 5295 2483 5333 a
2527 5279 2855 5333 monasterio
2901 5277 3060 5333 fuerit
3107 5264 3425 5345 abstractus,
3457 5293 3526 5333 ne
3569 5281 3653 5334 vel

2097 5382 2271 5427 mente
2296 5372 2557 5440 concipiat
2581 5384 2761 5423 secum
2801 5368 3000 5438 aliquid
3025 5367 3164 5425 ferre
3197 5370 3265 5425 de
3292 5369 3372 5427 his
3404 5368 3653 5427 omnibus

2096 5478 2217 5532 qua:
2241 5462 2290 5515 in
2324 5459 2645 5514 monasterio
2691 5458 2915 5515 iuerint:
2962 5459 3079 5512 sive
3106 5459 3263 5513 etiam
3299 5473 3418 5530 quin
3466 5473 3649 5515 secum

2095 5552 2376 5624 aliquando
2428 5549 2725 5613 attulerat;
2780 5549 2893 5603 sive
2941 5563 3005 5603 ea
3055 5563 3173 5616 qua:
3224 5562 3347 5603 cum
3402 5550 3655 5607 fratribus

2096 5643 2417 5713 acquisierit,
2446 5641 2567 5711 quia
2596 5639 2848 5709 scriptum
2894 5647 2977 5696 est
3006 5656 3021 5693 :
3059 5639 3150 5693 Vir
3175 5640 3438 5696 mutabilis
3467 5644 3519 5696 in
3551 5644 3652 5699 tin-

2094 5735 2396 5802 gueincidet
2419 5733 2471 5786 in
2496 5733 2629 5786 mala
2660 5730 2837 5800 (Prov.
2858 5730 3006 5803 mi).
3026 5731 3089 5786 Et
3117 5734 3325 5799 iterum,
3357 5743 3412 5788 ut
3442 5736 3646 5791 nullum
