4034 6166
445 236 546 287 2⁸95

1416 232 1755 288 ΑΡΡΕΝῡΙΧ
1794 236 1882 289 AD
1918 234 2143 290 OPERA
2185 235 2240 290 S.
2284 236 2659 292 BENEDICTI.

3580 237 3684 291 990

443 345 656 397 uiiiuino
685 342 750 396 de
779 342 1029 396 fratribus
1065 356 1244 397 secum
1277 354 1527 412 provocet
1552 363 1564 397 :
1599 360 1664 400 ne
1704 346 1873 415 magis
1910 346 2007 400 de-
2040 350 2088 409 Α
2117 347 2275 401 modo
2305 358 2556 416 poterunt
2586 352 2844 417 separari,
2872 363 3004 419 quos
3029 349 3203 404 divina
3239 350 3473 404 eharitas
3500 350 3685 405 socia-

445 441 675 488 structor
736 448 890 501 quam
957 431 1251 486 aedificator
1323 434 1630 487 monasterii
1698 435 2005 503 iudicetur;

446 533 664 592 preptcr
686 522 816 576 illud
841 523 982 589 quod
1011 526 1265 589 scriptum
1294 532 1409 576 est:
1442 524 1542 589 Qui
1572 540 1671 576 non
1698 534 1769 578 est
1792 541 2006 589 mecum,

445 624 621 667 contra
652 629 729 665 me
756 623 831 665 est
860 631 877 666 :
904 622 951 665 et
985 614 1069 679 qui
1094 629 1286 664 mecura
1315 630 1415 665 non
1446 626 1738 685 congregat,
1763 615 2010 684 dispergit

448 703 659 772 (Matth.
692 706 808 771 xu).
839 704 904 754 Et
931 705 1231 771 quicunque
1283 716 1597 770 provocatus
1637 705 1704 758 ab
1728 706 1905 774 aliquo
1943 706 2011 759 de

448 797 774 850 monasterio
805 795 1032 848 voluerit
1062 796 1369 859 abscedere,
1400 812 1487 849 aut
1521 798 1799 867 redarguat
1822 814 2013 866 provo«

447 898 679 949 cantem,
704 896 794 939 aut
820 887 1018 939 indicet
1045 888 1223 940 abbati
1250 931 1264 954 ,
1302 890 1383 941 cui
1411 890 1588 952 utique
1616 889 1681 941 de
1709 890 1789 941 his
1809 905 1927 957 qua:
1957 889 2008 942 in

448 992 730 1031 commune
754 977 1090 1031 decrevimus
1123 978 1252 1032 nihil
1292 990 1371 1032 est
1397 979 1815 1033 subtrahendum
1842 1021 1856 1045 ,
1889 982 2010 1049 quia

451 1076 703 1144 scripturn
754 1068 1119 1143 est:Paci{ici
1163 1077 1263 1127 sint
1317 1074 1405 1127 tibi
1452 1076 1627 1139 multi;
1654 1076 1745 1128 sed
1792 1093 1922 1129 unus
1950 1092 2014 1129 ea:

450 1169 591 1220 mille
609 1170 673 1220 sit
694 1168 786 1220 tibi
806 1168 1137 1219 consiliarius
1169 1166 1357 1236 (Eccli.
1390 1168 1461 1237 vr)

527 1261 593 1314 Υ.
616 1259 819 1329 iugiter
872 1258 985 1313 haec
1022 1274 1144 1327 quae
1174 1260 1368 1326 scripta
1408 1269 1534 1313 sunt
1555 1275 1673 1314 cum
1700 1276 1901 1313 summa
1934 1262 2015 1314 di—

454 1354 665 1422 iigcutia
691 1352 1025 1405 observanda
1051 1363 1174 1404 sunt
1201 1353 1267 1405 ab
1314 1353 1504 1407 abbate
1538 1368 1702 1419 usque
1734 1355 1796 1406 ad
1826 1370 2017 1409 «inanes

455 1446 666 1498 fratres.
719 1447 824 1496 Aut
855 1444 897 1495 si
940 1442 1059 1511 quis
1109 1442 1175 1494 ab
1221 1442 1398 1509 aliquo
1442 1444 1738 1497 doctrinam
1768 1446 2013 1509 audierit,

457 1548 803 1604 praeterquam
832 1534 885 1587 in
917 1533 1243 1587 monasterio
1274 1546 1590 1589 consecutus
1630 1547 1713 1590 est
1740 1536 1807 1589 ab
1833 1553 1898 1591 eo
1927 1538 2013 1591 cui

450 1642 507 1681 se
529 1628 769 1691 credidit,
804 1632 937 1680 hanc
966 1638 1054 1680 aut
1083 1643 1185 1679 non
1201 1628 1475 1696 suscipiat,
1499 1640 1588 1682 aut
1617 1644 1735 1683 eam
1758 1645 1861 1684 non
1885 1633 2007 1686 sub-

452 1723 623 1774 trahat
652 1720 877 1785 ductori,
911 1724 1030 1787 quia
1063 1720 1319 1789 scriptum
1356 1732 1464 1775 est:
1495 1722 1655 1776 Omne
1698 1726 1832 1793 quod
1855 1726 2015 1776 muni-
2046 1713 2091 1772 B

455 1816 666 1877 {estatur
690 1811 778 1863 lux
800 1821 870 1862 est
896 1810 1111 1881 (Ep/tes.
1146 1812 1221 1881 v).
1250 1812 1303 1865 Si
1333 1813 1476 1865 enim
1508 1814 1641 1867 bona
1672 1812 1887 1885 fuerint,
1908 1818 2020 1870 col-

453 1904 711 1956 laudanda
746 1916 867 1954 sunt
890 1918 905 1965 ;
930 1905 971 1955 si
1000 1919 1126 1957 vero
1165 1920 1341 1971 prava,
1376 1905 1727 1972 repiolianda.

529 1997 609 2050 \"I.
652 1998 724 2050 De
756 1997 1038 2066 iliSﬁlllcm
1090 2000 1345 2054 fratribus
1387 2002 1473 2069 qui
1515 2002 1564 2054 in
1604 2005 1805 2056 unitate
1841 2004 2019 2057 consi-

451 2099 617 2151 Sluttl,
653 2090 696 2141 si
748 2092 864 2154 quis
922 2090 1096 2143 subito
1149 2092 1410 2143 adversus
1453 2091 1680 2144 alterum
1733 2094 2018 2147 altercatus

450 2180 607 2232 luerit
653 2180 840 2238 semel.
890 2180 980 2232 sed
1032 2178 1321 2234 secundum
1357 2182 1728 2251 Evangeliutn,
1786 2184 1831 2237 ei
1866 2184 2020 2239 liceat

453 2285 698 2323 exorare.
733 2272 788 2325 Si
820 2281 993 2344 autem
1028 2274 1259 2326 noluerit
1281 2288 1339 2326 se
1367 2276 1670 2341 emendare,
1707 2277 1795 2329 ille
1822 2277 1907 2330 cui
1939 2277 2020 2329 in-

452 2361 583 2427 juria
621 2362 845 2429 irrogata
872 2372 974 2426 est,
1006 2379 1125 2416 cum
1174 2374 1292 2432 post
1338 2367 1562 2432 primam
1596 2369 1678 2420 vel
1732 2370 2016 2424 set‘undam

452 2456 839 2519 correptionem
871 2471 974 2506 non
1012 2455 1339 2509 revocaverit
1387 2468 1776 2520 contumacem,
1808 2459 2015 2512 denun-

454 2548 541 2600 tiet
565 2558 619 2600 ct
651 2547 775 2597 illud
810 2546 984 2599 abbati
1014 2565 1027 2600 :
1060 2562 1125 2600 ne.
1169 2562 1261 2614 per
1301 2550 1715 2604 taciturnitatem
1748 2560 1801 2604 et
1830 2552 1919 2605 ille
1963 2563 2019 2605 et

454 2643 614 2691 trater
661 2652 789 2689 suus
836 2639 1235 2705 periclitentur;
1287 2642 1422 2695 sicut
1469 2643 1727 2711 Propheta
1773 2644 1884 2696 ait:
1922 2644 2020 2708 Qui

424 2756 427 2759 ν
453 2731 666 2782 occultat
696 2731 1009 2783 inimicitiam
1038 2734 1244 2784 instruit
1282 2734 1455 2786 dolum
1488 2734 1671 2803 (Prov.
1705 2737 1874 2805 xxvi).

526 2819 633 2872 Vll.
666 2821 721 2872 Si
754 2836 900 2884 vero,
938 2831 994 2873 ut
1025 2822 1135 2875 fieri
1172 2824 1329 2886 solet,
1358 2825 1592 2878 incursio
1616 2828 1890 2893 repentina
1922 2843 2016 2881 su-

454 2912 751 2977 pervenerit
781 2921 871 2962 aut
894 2911 1177 2973 hostilitas,
1208 2924 1262 2965 ut
1309 2914 1638 2982 impossibile
1668 2918 1736 2970 sit
1764 2918 2021 2975 fratribus

454 3003 504 3053 in
534 3017 691 3054 unum
726 3003 898 3071 fugam
945 3015 1145 3071 petere,
1207 3016 1424 3074 propter
1472 3008 1874 3065 insectationem
1922 3016 2018 3066 ini-

2118 438 2226 491 vit:
2258 440 2377 506 quia
2411 450 2622 492 cautum
2665 448 2745 495 est
2775 458 2789 494 :
2823 438 3059 510 Perfecta
3090 441 3299 496 dilectio
3339 441 3482 511 {oras
3526 441 3683 495 mittit

2113 539 2342 582 umorem
2370 527 2418 596 (I
2448 527 2605 582 Joan.
2634 527 2731 600 tv).

2192 640 2316 694 Vill.
2348 642 2402 695 Si
2429 644 2544 712 quis
2567 654 2763 711 autem,
2795 645 2936 713 quod
2965 645 3208 712 superius
3235 644 3492 713 diximus,
3515 660 3678 700 causa

2118 734 2447 787 necessitatis
2496 734 2731 789 detineat
2788 735 2837 788 id
2877 735 3014 802 quod
3069 750 3097 787 a
3140 736 3466 790 monasterio
3493 750 3681 793 secum

2118 826 2428 894 portaverit,
2460 840 2680 880 necesse
2713 826 2929 880 habebit
2957 827 3041 881 ubi
3090 826 3255 880 abbas
3288 842 3416 881 suus
3441 836 3525 882 est
3550 827 3681 883 illud

2118 919 2374 985 perferre,
2405 917 2527 987 quia
2568 932 2671 970 non
2697 919 2893 985 poterit
2922 917 3133 986 proprie
3162 920 3395 973 retinere
3415 921 3555 988 quod
3584 934 3683 988 per

2118 1023 2325 1077 pactum
2357 1011 2420 1064 ad
2464 1025 2652 1065 omnes
2682 1012 2932 1077 pertinet,
2954 1020 3008 1065 et
3039 1010 3147 1065 Deo
3173 1013 3356 1080 utique
3383 1022 3465 1067 est
3490 1027 3683 1068 cense.

2116 1114 2342 1155 cratum.
2371 1102 2472 1155 Sed
2504 1103 2547 1154 si
2589 1101 2906 1169 cogitaverit.
2954 1101 3023 1156 de
3068 1100 3151 1155 his
3198 1101 3395 1169 aliquid
3424 1102 3678 1167 retinere,

2116 1193 2477 1247 contradictor
2510 1194 2751 1261 Apostoli
2779 1207 2899 1246 esse
2937 1192 3164 1255 videtur,
3198 1196 3285 1260 qui
3324 1194 3435 1247 ait:
3472 1192 3684 1247 Nemtni

2116 1287 2392 1355 quidquam
2454 1285 2675 1338 debeatis
2704 1324 2719 1350 ,
2781 1285 2882 1337 nisi
2932 1293 2986 1337 ut
3041 1285 3253 1337 invicem
3314 1300 3400 1337 vos
3456 1285 3686 1355 diligatis

2118 1380 2294 1449 (Rom.
2330 1379 2467 1445 xm).

2190 1492 2279 1549 IX.
2330 1492 2515 1546 Omnia
2556 1506 2687 1562 ergo
2741 1507 2858 1560 qua:
2906 1490 2961 1545 in
3011 1490 3113 1545 isto
3139 1489 3278 1544 libro
3321 1489 3682 1552 continentur,

2120 1601 2307 1638 omnes
2363 1585 2552 1638 fratres
2604 1586 2887 1637 observent
2936 1592 3097 1651 atque
3137 1581 3515 1644 subscribam,
3560 1579 3685 1649 quia

2126 1691 2285 1729 unum
2331 1678 2381 1727 in
2418 1674 2637 1728 Domino
2683 1688 2803 1728 esse
2838 1672 3166 1727 desiderant.
3218 1671 3413 1725 Verum
3470 1679 3689 1741 propter

2122 1768 2243 1821 illos
2272 1767 2370 1820 ista
2407 1777 2531 1820 sunt
2584 1774 2761 1827 cauta,
2811 1766 2900 1835 qui
2931 1764 2985 1819 in
3016 1765 3261 1819 omnibus
3295 1763 3515 1819 stabiles
3562 1775 3687 1817 esse

2123 1869 2429 1914 noscuntur.

2782 2032 3021 2073 LECTORI.

2191 2182 2538 2237 Consensoriat
2562 2183 2954 2245 monachorum,
2986 2194 3139 2245 quam
3177 2192 3335 2230 sacrm
3376 2174 3691 2243 antiquitatis

2119 2291 2397 2347 mangones
2431 2276 2673 2327 hactenus
2709 2290 2803 2344 pro
2832 2272 3026 2343 Regula
3057 2269 3117 2325 S.
3147 2269 3416 2338 Augustini
3452 2268 3690 2320 vendita-

2120 2378 2258 2431 runt,
2286 2366 2428 2419 aliud
2452 2366 2627 2420 veteris
2660 2365 2865 2434 Regula:
2890 2365 3229 2433 fragmentum
3257 2362 3532 2430 subjungo,
3556 2358 3691 2426 quod

2120 2461 2294 2514 itidem
2315 2459 2403 2511 sub
2417 2458 2785 2527 Augustiniuno
2813 2455 3012 2508 nomine
3038 2452 3306 2519 delitescit,
3326 2468 3357 2503 a
3376 2466 3473 2520 quo
3497 2449 3691 2501 doctis-

2120 2552 2233 2605 simi
2261 2551 2643 2623 gravissimique
2670 2548 2761 2601 viri
2780 2548 2900 2616 jure
2925 2546 3101 2598 merito
3120 2546 3174 2597 id
3196 2545 3511 2616 jampridem
3537 2541 3693 2611 obju-

2120 2643 2375 2695 dicarunt.
2434 2638 2569 2692 Nunt
2604 2639 2941 2710 Augustinum
2979 2636 3183 2689 nonnisi
3224 2651 3375 2687 uuam
3420 2635 3692 2705 regulam,

2120 2754 2327 2804 eamque
2353 2737 2629 2806 virginibus
2655 2734 2914 2800 scripsisse
2933 2744 3123 2785 cfrtum
3143 2740 3237 2795 est,
3257 2746 3409 2797 quam
3435 2747 3528 2783 nos
3556 2733 3696 2799 infra

2121 2846 2216 2883 suo
2241 2830 2349 2882 loco
2375 2827 2686 2881 exhibemus.
2715 2823 2938 2878 Tertiam
2963 2840 3076 2877 vero
3101 2823 3264 2891 illam,
3285 2823 3346 2875 de
3366 2820 3484 2875 Vita
3514 2822 3699 2875 eremi-

2122 2922 2220 2971 tica
2242 2920 2308 2970 ad
2321 2933 2563 2975 sororem,
2585 2916 2784 2986 longius
2799 2916 2861 2965 ab
2878 2913 3148 2982 Augustini
3164 2928 3267 2965 (evo
3288 2912 3701 2981 styloqueabesse

2123 3025 2200 3062 res
2229 3010 2339 3076 ipsa
2367 3007 2587 3071 indicat,
2619 3016 2665 3058 et
2689 3022 2778 3057 nos
2812 3005 2875 3057 Il.
2908 3004 3107 3057 Aelredi
3151 3003 3481 3056 Iiievaltensis
3509 3004 3562 3055 in
3594 3006 3703 3054 Αης

455 3093 732 3154 micorum,
776 3106 829 3147 et
883 3097 1216 3163 postmodum
1255 3097 1362 3151 Deo
1412 3098 1621 3154 favente
1648 3106 1934 3167 evaserint,
1967 3117 2017 3158 et
2042 3078 2089 3139 (ἶ
2122 3103 2227 3174 gtia
2255 3101 2452 3153 abbatis
2478 3115 2582 3153 esse
2604 3109 2737 3152 certo
2780 3100 2985 3161 scimus,
3015 3100 3100 3163 qui
3128 3100 3263 3151 circa
3288 3115 3478 3150 annum
3509 3096 3702 3152 Christi

454 3188 719 3253 potuerint
750 3188 1027 3252 pervenire
1062 3189 1146 3242 ubi
1178 3188 1423 3244 abbatem
1475 3206 1598 3247 esse
1644 3198 2011 3264 cognoverint,

455 3278 592 3330 velut
633 3276 724 3331 lilii
773 3279 837 3332 ad
876 3292 1075 3347 patrem
1117 3281 1371 3337 festinare
1417 3283 1706 3341 debebunt.
1759 3287 1870 3343 Nec
1908 3293 2015 3344 ullo

2128 3194 2260 3250 1150
2297 3194 2439 3247 vixit.
2487 3190 2617 3244 Fors
2661 3191 2863 3259 faveat,
2914 3200 2966 3242 ut
3011 3190 3166 3257 hujus
3205 3205 3401 3257 quoque
3428 3189 3703 3258 fragmenti

2118 3300 2297 3343 auctor
2326 3285 2402 3339 vel
2426 3295 2549 3338 tetas
2574 3284 2869 3337 certioribus
2889 3282 3092 3336 indiciis
3113 3281 3414 3334 innotescat.

1238 3545 1670 3601 OBSERVATIO
1707 3546 1980 3604 CRITICA
2022 3547 2088 3603 IN
2128 3545 2458 3603 REGULAM
2499 3542 2934 3612 SEQUENTE“.

524 3663 652 3733 Quae
682 3664 743 3715 de
767 3660 1017 3727 superiori
1060 3658 1238 3727 regula
1262 3658 1513 3723 diaimus,
1551 3669 1595 3712 et
1625 3658 1743 3713 huic
1766 3660 2015 3733 applicari

450 3763 656 3827 possunt
684 3770 702 3818 ;
728 3752 845 3819 quia
875 3760 1052 3803 auctor
1081 3749 1303 3802 incertus
1325 3759 1398 3802 est
1421 3790 1435 3814 ,
1464 3760 1512 3804 et
1547 3749 1679 3803 male
1705 3749 1810 3805 hare
1840 3753 2019 3822 regula

451 3845 512 3902 S.
535 3844 837 3914 Augustino,
856 3852 1095 3910 tanquam
1124 3839 1354 3894 secunda
1372 3842 1502 3910 ejus,
1516 3842 1829 3896 attribuitur.
1856 3843 2021 3909 Quin—

447 3950 545 4003 que
574 3944 770 3987 tantum
793 3932 1034 3984 articulos
1060 3931 1300 3997 continet,
1325 3947 1540 3998 quorum
1570 3934 1763 4000 primus
1794 3935 1928 3987 circa
1947 3935 2024 4005 of-

412 4088 413 4093 ,
452 4023 549 4092 ﬁcii
573 4023 727 4075 divini
753 4020 1132 4089 dispositionem
1146 4021 1440 4090 plerumque
1460 4031 1710 4089 versatur,
1735 4024 1818 4077 ubi
1847 4034 2021 4079 auctor

452 4128 673 4183 vesperae
700 4129 731 4165 α
764 4110 1060 4165 lucernario
1081 4110 1371 4181 distinguit,
1397 4111 1465 4163 ad
1489 4113 1626 4183 quod
1654 4114 1867 4183 ofﬁcium
1884 4116 2023 4168 ordi-

451 4214 533 4257 nat
562 4219 717 4255 unum
748 4202 1003 4268 psalmum
1032 4210 1079 4253 et
1122 4216 1279 4253 unum
1312 4203 1723 4267 responsorium,
1756 4215 1853 4257 tres
1882 4207 2018 4258 anti-

451 4297 641 4371 phonas
669 4305 716 4347 et
758 4304 855 4359 tres
894 4294 1131 4345 lectiones
1155 4333 1169 4357 ,
1197 4309 1352 4362 quam
1403 4295 1549 4364 oﬁicii
1583 4296 1742 4349 divini
1774 4297 2017 4349 distribu-

2118 3660 2171 3711 in
2198 3658 2306 3711 suis
2336 3656 2776 3711 Observationibus
2799 3657 3003 3721 criticis,
3040 3656 3173 3709 hanc
3201 3657 3428 3726 regulam
3452 3658 3702 3727 scriptam

2120 3754 2274 3824 fuisse
2312 3768 2405 3822 pro
2452 3750 2706 3819 aliquibus
2755 3749 3066 3803 monasteriis
3098 3748 3286 3801 Callia!
3323 3750 3399 3803 vel
3432 3748 3703 3805 Hispania-

2122 3844 2189 3895 ad
2221 3858 2358 3894 mare
2386 3838 2812 3892 Mediterraneum
2834 3839 2962 3891 sitis.
2993 3835 3206 3891 Interim
3228 3840 3309 3890 Inc
3338 3853 3506 3892 natur.
3525 3843 3704 3907 velim,

2124 3933 2219 3986 hoc
2243 3943 2439 3998 tempus
2468 3933 2657 3985 dictum
2694 3929 3048 3985 lucernarittm
3071 3970 3086 3994 ,
3129 3941 3419 3985 nostrarum
3460 3949 3707 4003 vespera-

2123 4041 2235 4078 rum
2258 4025 2472 4091 tempori
2498 4025 2761 4075 convenire
2780 4063 2794 4083 ,
2834 4038 2921 4075 nec
2943 4039 3030 4093 per
3060 4022 3192 4075 illud
3217 4025 3435 4087 intelligi
3459 4027 3706 4093 Comple-

2125 4116 2314 4167 torium
2344 4131 2375 4167 a
2404 4113 2463 4167 S.
2488 4111 2761 4165 Benedicto
2790 4113 3064 4176 inventum,
3090 4115 3240 4183 quasi
3266 4117 3419 4168 totius
3434 4116 3594 4168 divini
3614 4120 3705 4184 of-

2123 4204 2172 4270 ﬁc
2192 4204 2227 4255 ii
2255 4204 2709 4266 complementum;
2737 4212 2784 4254 et
2813 4201 2927 4254 ideo
2954 4202 3042 4255 illo
3070 4214 3275 4271 peracto
3300 4205 3353 4257 in
3380 4208 3707 4261 monasteriis

2122 4292 2460 4347 Benedictinis
2499 4295 2668 4345 nullus
2707 4294 2922 4347 audebat
2970 4293 3109 4363 loqui
3143 4294 3221 4347 vel
3258 4296 3453 4362 publice
3492 4297 3706 4366 legere;

449 4390 631 4440 tionem
669 4386 865 4438 videtur
894 4400 957 4438 ea:
995 4383 1055 4437 S.
1097 4383 1306 4438 Ctesarii
1336 4395 1381 4438 et
1417 4385 1477 4440 S.
1512 4384 1775 4442 Aureliani
1814 4387 2018 4458 Regalis
2048 4390 2098 4447 ι)
2127 4402 2238 4437 cum
2268 4396 2431 4438 tamen
2457 4387 2607 4452 juxta
2643 4384 2886 4455 Regulam
2914 4387 3149 4438 monachi
3179 4397 3294 4453 post
3338 4389 3707 4443 lucernarium

438 4478 798 4547 dcsumpsisse.
832 4474 979 4530 Unde
1002 4475 1259 4529 existimat
1293 4478 1737 4531 reverendissimus
1766 4476 2022 4532 Calmetus

2126 4480 2179 4531 in
2210 4497 2366 4533 unum
2399 4479 2775 4545 conveniebant,
2809 4488 2855 4533 et
2886 4481 3110 4549 publicas
3134 4482 3372 4537 lectiones
3398 4484 3705 4540 audiebant.

841 4711 1164 4824 ALIA
1243 4712 1793 4864 REGULA
1874 4654 2446 4827 INCERTI
2536 4715 3269 4832 AUCTORIS.

516 4961 555 5017 l.
590 4959 727 5017 Ante
752 4960 954 5021 omnia,
979 4958 1173 5012 fratres
1201 4958 1499 5014 charissimi
1524 5002 1538 5016 .
1583 4960 1828 5031 diligatur
1873 4963 2012 5017 Deus

446 5052 624 5111 (neut.
656 5054 756 5120 vn);
781 5050 975 5103 deinde
1008 5051 1277 5116 proximus
1306 5049 1514 5117 (Matth.
1587 5050 1697 5121 XXI)
1724 5069 1736 5104 :
1769 5053 1891 5121 quia
1916 5053 2014 5106 ista

446 5153 710 5208 praecepta
743 5141 1103 5209 principaliter
1136 5126 1293 5195 nobis
1321 5151 1446 5194 sunt
1482 5142 1623 5196 data.
1655 5144 1892 5209 Qualiter
1921 5158 2016 5196 au-

445 5244 551 5285 tem
580 5241 826 5301 oporteat
863 5246 959 5285 nos
1000 5246 1157 5286 orare
1205 5232 1284 5286 vel
1329 5233 1581 5299 psallere,
1614 5232 2012 5286 describimus:

437 5318 492 5374 id
537 5332 617 5378 est
638 5364 655 5388 ,
698 5323 753 5375 in
785 5321 1058 5375 matutinis
1087 5322 1333 5376 dicantur
1365 5321 1552 5389 psalmi
1598 5338 1686 5386 tn,
1718 5337 1852 5386 LXII,
1882 5336 1934 5375 vt
1964 5332 2018 5376 et

442 5428 698 5481 Lusvm,
729 5428 850 5467 cum
880 5411 1073 5465 debitis
1094 5411 1425 5478 antlpbonis,
1446 5412 1691 5467 versibus
1712 5421 1766 5465 et
1789 5425 2015 5481 respon-

406 5558 409 5565 λ
441 5506 617 5558 sor-iis.
651 5504 729 5559 Ad
768 5506 992 5562 primam
1028 5514 1080 5556 et
1122 5504 1330 5557 tertiam
1373 5501 1617 5557 dicantur
1660 5504 1741 5558 sui
1784 5504 2013 5573 psalmi,

440 5594 746 5665 antiphonte
783 5596 925 5660 dum,
961 5596 1212 5649 lectiones
1243 5594 1382 5649 duae.
1410 5594 1582 5667 Simili
1613 5594 1773 5649 modo
1802 5595 1866 5659 ad
1890 5610 2018 5651 sex-

444 5696 551 5739 um
572 5698 623 5740 et
652 5702 845 5743 nonam
873 5694 1114 5743 dicantur
1144 5688 1221 5744 sui
1254 5686 1469 5756 psalmi,
1511 5703 1629 5743 cum
1676 5686 1873 5743 debitis
1932 5702 2016 5744 re-

2074 5020 2075 5023 η
2117 4960 2410 5029 sponsoriis
2423 4968 2479 5014 et
2500 4958 2822 5027 antiphonis.
2845 4960 2953 5014 Hoc
2971 4959 3109 5013 idem
3138 4959 3191 5014 in
3215 4962 3450 5030 vesperis
3471 4969 3721 5017 etcom-

2121 5050 2345 5119 plelorio
2398 5059 2661 5103 servetur.
2708 5049 2784 5102 Ad
2825 5049 3178 5104 lucernarium
3229 5062 3406 5104 autem
3453 5053 3719 5120 psalmus

2124 5156 2278 5203 unus,
2311 5141 2704 5208 responsorium
2730 5156 2913 5200 unum,
2943 5139 3248 5207 antiphomc
3276 5153 3404 5205 tres,
3434 5140 3721 5196 lecti-mes

2072 5294 2075 5298 ,
2121 5240 2251 5285 tres.
2291 5231 2354 5284 Et
2386 5242 2624 5298 tempore
2657 5242 2953 5299 opportuno
2993 5240 3113 5299 post
3143 5231 3531 5296 lucernarium,
3572 5246 3727 5284 orn-

2120 5325 2277 5379 nibus
2304 5323 2631 5387 ardentibus,
2652 5324 2890 5392 legantur
2908 5324 3188 5379 lectiones.
3211 5323 3488 5377 Nocturna:
3504 5334 3727 5380 autem

2120 5414 2386 5469 orationes
2417 5428 2599 5468 mense
2636 5412 2955 5477 Novembri,
2991 5413 3267 5470 Deceitibri
3295 5454 3312 5479 ,
3348 5414 3616 5493 Januario
3658 5427 3729 5473 ε’

2120 5504 2443 5570 Februario,
2474 5504 2776 5573 antipbonse
2804 5505 3109 5570 duodecim,
3147 5504 3339 5574 psalmi
3361 5521 3470 5569 sex,
3493 5504 3694 5562 laeuo

2120 5610 2218 5651 nes
2244 5596 2397 5659 tres}.
2416 5594 2632 5662 Martio,
2661 5595 2860 5664 Aprili,
2893 5596 3222 5663 Septembri,
3262 5596 3469 5651 Octobri
3490 5633 3505 5659 ,
3545 5599 3725 5652 atati.

2120 5685 2309 5755 phona:
2340 5684 2552 5753 decem,
2583 5687 2767 5756 psalmi
2793 5672 3046 5758 quinque,
3072 5670 3327 5744 lectiones
3359 5700 3488 5755 tres,
3522 5688 3715 5746 Nai:
