4034 6166
432 238 535 303 aut

1078 254 1412 323 ANTIQUUS
1448 254 1628 311 ORDJ
1668 253 1991 310 ROMANUS
2042 255 2133 310 AD
2171 255 2353 313 USU.“
2395 252 3024 313 MONASTERIORUM.

3565 249 3669 302 9!,‘3

430 365 601 429 iunio,
630 362 767 417 .lulio
792 370 845 416 et
872 364 1126 432 Augusto,
1149 365 1452 434 antiphona:
1475 374 1621 430 octo,
1648 365 1844 435 psalmi
1866 379 1995 435 quae
2021 370 2074 427 Α
2102 366 2289 422 fratres
2310 367 2565 431 vendere,
2595 367 2825 422 sollicite
2845 374 3069 421 caveant
3090 379 3157 420 ne
3178 363 3300 432 quid
3325 362 3514 416 faciam
3541 379 3670 416 con-

430 468 568 519 tuor,
598 454 849 507 lectiones
877 453 1017 507 dum.

500 547 562 601 ll.
596 549 892 613 Uperentur
922 560 950 599 a
979 561 1134 601 mane
1165 563 1330 617 usque
1359 547 1423 601 ad
1454 557 1682 612 sextam,
1712 556 1767 603 et
1796 564 1824 602 a
1846 558 1997 603 sexta

432 653 595 706 usque
624 637 688 690 ad
723 653 911 691 nonam
945 648 1132 693 vaccnt
1181 641 1421 705 lectioni;
1451 651 1503 694 et
1549 643 1616 694 ad
1658 656 1850 695 nonam
1881 640 2001 694 red-

433 729 555 781 dent
582 727 812 781 codices.
846 728 907 781 Et
939 743 1216 798 p05tquatn
1248 728 1564 796 refecerint,
1590 733 1703 785 sive
1727 731 1777 784 in
1810 731 2001 796 horto,

433 816 730 885 ubicunque
758 830 972 869 necesse
1002 817 1192 885 fuerit,
1229 816 1423 872 faciant
1450 834 1583 888 opus
1613 834 1783 887 Usque
1806 820 1868 873 ad
1913 821 2007 873 ho-

434 920 545 959 ratn
582 906 881 959 lucernarii.
914 906 1077 961 Nemo
1098 908 1198 961 sibi
1225 909 1418 978 aliquid
1448 911 1681 965 vindicet
1702 914 2001 980 proprium,

436 997 550 1051 sive
580 996 631 1050 in
660 997 994 1063 vestimento,
1026 998 1137 1053 sive
1166 1000 1217 1053 in
1245 1016 1556 1069 quacunque
1584 1018 1641 1057 re
1670 1019 1681 1054 :
1710 1004 2004 1068 apostolica

436 1090 575 1142 enim
605 1087 711 1141 vita
740 1098 981 1156 optamus
1022 1106 1201 1145 vivere
1233 1092 1370 1160 (Act.
1403 1108 1437 1146 ll
1469 1104 1515 1146 ct
1549 1094 1647 1161 Iv).
1685 1094 1849 1147 Nemo
1886 1108 2007 1147 cum

438 1194 709 1233 murmure
735 1180 929 1248 aliquid
964 1181 1151 1246 faciat,
1185 1192 1242 1237 ut
1282 1201 1386 1238 non
1420 1185 1579 1239 simili
1616 1184 1817 1254 judicio
1860 1200 2007 1239 mur-

440 1281 766 1327 muratorum
795 1285 995 1341 pereat.
1017 1274 1279 1331 Fideliter
1302 1278 1555 1332 obediant
1585 1296 1596 1330 :
1629 1287 1828 1347 patrem
1853 1292 2008 1332 suum

442 1373 559 1431 post
588 1363 750 1418 Deum
783 1365 1078 1429 honorent;
1122 1368 1413 1436 praeposito
1442 1384 1540 1423 suo
1560 1368 1842 1434 deferant,
1876 1369 2012 1422 sicut

442 1450 593 1505 decet
612 1460 855 1506 sanctos.
886 1452 1145 1508 Sedemes
1173 1456 1237 1508 ad
1269 1471 1503 1512 mensam
1531 1468 1758 1523 taceant,
1790 1458 2010 1512 audien-

445 1546 525 1596 tes
547 1543 861 1606 lectiOuem;
888 1544 932 1597 si
960 1556 1135 1600 autem
1160 1546 1362 1616 aliquid
1390 1564 1523 1617 opus
1550 1549 1725 1612 fuerit,
1752 1549 2010 1617 praeposi-

444 1643 529 1688 tus
552 1649 733 1690 eorum
766 1637 1023 1693 sollicitus
1075 1639 1163 1693 sit.
1194 1639 1425 1694 Sabbato
1456 1650 1510 1694 et
1537 1639 1801 1694 dominica
1826 1680 1839 1704 ,
1875 1639 2010 1693 sicut

445 1726 775 1781 consuetudo
805 1737 910 1795 est,
944 1728 1033 1798 qui
1066 1730 1271 1794 volunt,
1304 1732 1482 1785 vinum
1507 1731 1784 1799 accipiant.

512 1815 601 1870 lll.
632 1814 688 1869 Si
716 1830 849 1883 Opus
894 1816 1051 1872 fuerit
1076 1818 1140 1871 ad
1178 1818 1405 1886 aliquam
1441 1821 1806 1874 necessitatem
1838 1818 2012 1885 mitti,

447 1902 549 1958 duo
595 1915 738 1959 eant.
788 1905 955 1961 Nemo
1002 1916 1150 1961 extra
1188 1912 1563 1964 monasterium
1598 1912 1712 1965 sine
1747 1918 2016 1979 praecepto

450 1994 730 2049 manducet
756 2011 924 2065 neque
953 1997 1117 2061 bibat,
1151 2015 1251 2054 non
1284 2001 1424 2054 enim
1456 2001 1553 2054 hoc
1584 2000 1650 2055 ad
1682 2002 2014 2070 disciplinam

450 2087 677 2153 pertinet
716 2089 1044 2143 monasterii.
1094 2090 1150 2145 Si
1186 2106 1348 2161 Opera
1390 2095 1697 2147 monasterii
1740 2095 2017 2146 mittantur

2101 467 2179 510 tra
2205 468 2558 527 prmceptum;
2587 460 2839 518 scientes.
2869 457 3114 527 quoniam
3140 436 3461 509 exacerbant
3492 453 3669 507 Darni-

2102 563 2225 602 num
2247 548 2295 601 in
2323 549 2523 603 sanctis
2544 551 2677 603 suis.
2708 548 2761 603 Si
2791 547 2986 615 aliquid
3009 557 3189 599 emant
3210 544 3273 598 ad
3300 545 3669 598 necessitatem

2103 640 2438 707 monasterii,
2468 640 2699 694 sollicite
2729 649 2783 693 et
2808 638 3067 701 fideliter,
3092 646 3148 689 ut
3176 636 3319 690 servi
3350 636 3464 700 Dei,
3489 646 3666 703 agant.

2175 779 2261 832 IV.
2294 780 2533 835 Otiosum
2586 783 2803 835 verbum
2835 780 2973 847 apud
3011 780 3131 834 illos
3161 795 3265 832 nun
3306 780 3398 833 sit.
3428 778 3579 833 Mane
3604 779 3669 832 sil

2108 882 2268 937 opera
2286 887 2376 922 sua
2391 872 2629 934 sedeant;
2648 884 2768 940 pnsl
2788 872 3081 925 orationem
3103 871 3270 924 tertia
3291 872 3490 924 eautad
3513 886 3670 937 opera

2107 975 2234 1024 sua;
2268 977 2369 1015 non
2393 973 2596 1016 stantes
2614 963 2819 1016 fabulas
2842 971 3151 1022 contexant,
3184 960 3283 1014 nisi
3314 962 3448 1015 forte
3476 961 3670 1029 aliquid

2109 1050 2176 1103 sit
2203 1067 2302 1119 pro
2331 1052 2553 1106 utilitate
2584 1052 2775 1105 animte
2807 1070 2819 1102 :
2853 1051 3100 1105 sedentes
3123 1050 3185 1102 ad
3209 1064 3368 1118 opera
3394 1090 3408 1112 ,
3442 1058 3672 1110 taceant,

2111 1145 2212 1198 nisi
2239 1145 2370 1198 forte
2385 1146 2671 1199 necessitas
2693 1160 2911 1211 onerum
2929 1142 3163 1212 exegerit
3192 1152 3247 1195 ut
3268 1144 3513 1211 loquatur
3533 1142 3672 1210 quis.

2186 1273 2246 1327 \’.
2280 1275 2331 1329 Si
2361 1275 2478 1344 quis
2507 1286 2681 1328 autem
2709 1290 2811 1327 nou
2842 1275 2983 1328 omni
3018 1277 3229 1339 virtute,
3264 1274 3549 1344 adjuvante
3572 1277 3672 1329 mi-

2112 1367 2402 1421 sericordia
2436 1367 2549 1431 Dei,
2577 1368 2689 1419 haec
2717 1376 2940 1419 conatus
2973 1365 3131 1418 fuerit
3166 1365 3409 1433 implere,
3440 1365 3532 1420 Sed
3560 1381 3679 1420 cnn-

2115 1455 2309 1509 ttuuaci
2338 1455 2513 1508 animo
2550 1455 2849 1523 despexerit
2876 1471 2887 1506 :
2921 1455 3086 1508 semel
3114 1464 3274 1523 atque
3321 1457 3509 1508 iterum
3532 1469 3679 1509 com-

2116 1550 2347 1601 monitus
2371 1587 2386 1613 ,
2415 1548 2461 1601 si
2491 1563 2592 1600 non
2616 1546 2999 1615 emendaverit,
3030 1547 3162 1600 sciat
3187 1561 3247 1602 se
3294 1546 3571 1615 subjacere
3602 1547 3682 1601 di-

2116 1638 2356 1707 st'iplinm
2406 1639 2734 1702 ttionasterii,
2787 1637 2924 1691 sicut
2973 1646 3204 1703 oportet.
3245 1637 3297 1690 Si
3339 1651 3514 1689 amem
3566 1639 3685 1689 talis

2046 1744 2092 1805 Β
2120 1730 2269 1784 fuerit
2300 1739 2426 1784 astas
2451 1730 2615 1798 ipallls
2637 1771 2651 1795 ,
2698 1730 2857 1783 etiam
2903 1729 3189 1797 vapulabit.
3225 1728 3347 1781 llmc
3390 1729 3441 1781 in
3474 1729 3685 1782 numina

2119 1822 2317 1875 ChriSti
2344 1821 2569 1874 fideliter
2586 1831 2639 1874 et
2672 1823 2755 1890 pie
2785 1820 3152 1885 observantes,
3172 1827 3225 1872 et
3253 1834 3347 1874 vos
3379 1819 3686 1887 proficietie,

2121 1920 2175 1965 et
2207 1912 2358 1965 nobis
2384 1925 2487 1964 non
2521 1926 2681 1979 parva
2712 1912 2889 1964 lzetitia
2916 1909 3015 1964 erit
3044 1909 3112 1963 de
3142 1918 3315 1963 vestra
3348 1909 3537 1963 salute.
3568 1910 3686 1962 llaec

2120 2011 2244 2054 sunt
2284 2016 2401 2067 qua:
2438 2010 2493 2054 ut
2539 2001 2835 2055 observetis
2883 1998 3220 2069 praecipimus
3267 2002 3319 2053 in
3363 1998 3687 2052 monasterii

2124 2091 2416 2146 constituti.

505 2218 3657 2275 Μ

1245 2359 1613 2415 ΑΟΜΟΝΙΤΙΟ
1653 2359 1716 2414 ΙΝ
1756 2359 2168 2428 SEQUENTEM
2205 2356 2509 2413 OﬂDlNEM
2548 2355 2908 2411 ROMANUM.

533 2469 697 2525 Veteri
735 2470 1037 2525 Calendario
1088 2470 1317 2524 Romano
1342 2481 1387 2524 et
1436 2470 1680 2541 Liturgiar
1730 2471 2017 2527 Gallicana:

454 2564 751 2630 expositioni
777 2568 850 2634 (a)
882 2565 1126 2635 subjicere
1147 2564 1263 2617 libet
1284 2564 1546 2633 antiquum
1571 2563 1811 2618 Ordinem
1833 2554 2019 2619 Roma?

450 2667 593 2716 num,
620 2655 689 2707 ad
718 2671 864 2708 usum
907 2655 1326 2707 monasteriorum
1358 2653 1420 2705 ab
1468 2654 1615 2707 aunis
1659 2654 1855 2709 circiter
1878 2656 2018 2709 ntille

456 2753 906 2812 accommodatum,
942 2750 1087 2819 cujus
1114 2746 1464 2815 antiquitatem
1505 2746 1683 2815 probat
1713 2762 1816 2800 non
1851 2748 2017 2801 solum

455 2845 645 2901 codicis
669 2838 1025 2900 Morbacensis,
1057 2854 1088 2890 a
1110 2853 1207 2905 quo
1238 2835 1386 2889 illum
1422 2838 1725 2907 accepimus,
1757 2838 2018 2892 character

454 2952 615 2990 annos
638 2932 897 2985 minimum
925 2927 1029 2982 9L0
1050 2938 1433 2995 repraesentans,
1468 2929 1555 2980 sed
1578 2930 1726 2981 etiam
1744 2929 1869 2980 varii
1889 2931 2017 2983 ritus

456 3027 541 3098 qui
569 3028 621 3080 in
649 3042 707 3079 ea
738 3022 1149 3092 pra’scribuntur,
1174 3021 1258 3090 qui
1280 3021 1393 3091 jam
1420 3020 1614 3073 dudum
1642 3028 1687 3073 et
1709 3021 1760 3075 in
1786 3022 2016 3076 Romana

458 3116 687 3171 Ecclesia
707 3116 823 3167 etin
851 3110 1142 3166 Galliarum
1165 3111 1499 3174 monasteriis,
1523 3112 1699 3180 quibus
1725 3114 1839 3166 usui
1862 3113 2018 3183 fuisse

456 3211 671 3265 videtur.
700 3205 907 3259 obsoleti

458 3300 520 3353 de
546 3298 867 3367 conceptione
888 3292 953 3348 B.
993 3293 1241 3364 Virginis,
1275 3309 1375 3361 qua
1396 3294 1717 3348 iucarnatum
1759 3294 1853 3349 Dei
1891 3294 2019 3349 Ver-

458 3401 571 3445 bum
594 3389 930 3444 annuntiaute
958 3387 1139 3456 angelo
1170 3388 1219 3438 in
1247 3395 1389 3438 utero
1419 3390 1656 3456 suscepit,
1705 3387 2023 3443 hebdomade

455 3492 572 3536 ante
616 3479 785 3533 natale
819 3477 1021 3530 Domini
1067 3476 1307 3529 celebrari
1337 3479 1615 3546 prescribit
1644 3496 1661 3534 :
1691 3497 1838 3551 quem
1868 3482 2023 3535 ritum

457 3572 774 3627 commendat
796 3569 1065 3623 concilium
1099 3567 1398 3622 Toletanum
1426 3585 1478 3635 x,
1510 3588 1644 3626 anno
1672 3573 1775 3627 6.36
1802 3574 2024 3627 celebra-

456 3676 586 3732 tum,
616 3672 856 3733 tanquam
883 3676 971 3730 per
1001 3660 1223 3713 diversas
1237 3664 1353 3727 jam
1393 3661 1567 3714 mundi
1596 3673 1762 3730 partes
1788 3666 2019 3717 observa-

461 3768 584 3821 tum,
632 3766 924 3824 servantque
974 3753 1215 3808 hactenus
1262 3754 1504 3809 Ecclesia:
1534 3753 1932 3810 Mediolauensis
1974 3765 2020 3811 et

461 3846 721 3900 Toletana.
748 3844 856 3899 Nec
883 3846 1045 3899 minus
1066 3845 1413 3908 antiquitatem
1433 3846 1590 3913 spirat
1609 3846 1735 3899 ordo
1760 3862 2020 3901 sacrorum

460 3938 703 3991 librorum
728 3938 780 3989 in
807 3936 1063 3989 nocturnis
1083 3936 1269 4005 uigiliis
1316 3937 1659 4006 legendorum,
1677 3954 1778 4007 quo
1803 3938 2021 4007 prophe-

461 4038 537 4080 tas
565 4039 672 4093 post
699 4026 1061 4093 Epiphaniam,
1095 4043 1195 4079 nou
1236 4026 1477 4092 epistolas
1505 4028 1752 4093 Apostoli,
1786 4030 2022 4098 legendos

460 4119 701 4180 decernit,
741 4118 795 4170 id
820 4118 953 4187 quod
1003 4118 1105 4170 alio
1134 4119 1184 4169 in
1211 4118 1382 4171 codice
1408 4116 1723 4172 Morbacensi
1769 4135 2019 4172 annorum

460 4213 720 4263 minimum
749 4199 886 4262 mille
911 4213 1258 4279 prcescriptum
1292 4210 1590 4278 reperimus.
1620 4208 1862 4264 Eamdem
1888 4212 2026 4264 anti-

2119 2471 2360 2541 quitatem
2389 2478 2750 2540 repra'sentare
2784 2469 3133 2524 existimamus
3150 2471 3306 2523 ritum
3330 2480 3443 2537 post
3464 2486 3685 2523 commu-

2118 2561 2322 2614 nionem
2341 2559 2683 2613 annuntiandi
2705 2577 2736 2612 a
2753 2560 2967 2613 diacono
2996 2571 3206 2614 ventura
3227 2566 3375 2628 festa,
3399 2562 3487 2630 qui
3507 2562 3685 2614 nullibi

2120 2650 2263 2705 nobis
2288 2650 2562 2718 aliquando
2594 2650 2920 2720 prtescriptus
2948 2650 3187 2702 occurrit.

2197 2804 2361 2859 Porro
2389 2819 2505 2857 cum
2526 2802 2676 2872 plura
2698 2812 2876 2856 natatu
2904 2802 3061 2874 digna
3086 2801 3181 2855 hoc
3210 2803 3262 2856 in
3289 2802 3466 2854 ordine
3485 2802 3684 2855 videam

2122 2905 2224 2960 tur,
2246 2895 2378 2950 illud
2404 2897 2682 2965 praesertim
2703 2893 2952 2965 singulari
2979 2894 3380 2947 consideratione
3408 2895 3685 2960 ponderan-

2124 2989 2247 3041 dum
2265 2996 2353 3051 est,
2371 2985 2504 3055 quod
2524 2986 2776 3038 orationes
2793 2994 2903 3052 post
2919 2986 3222 3037 oblationem
3240 2984 3470 3037 dicenda:
3489 2998 3692 3041 Secreta

2125 3077 2271 3131 nullo
2300 3076 2404 3130 alio
2425 3075 2672 3129 audiente
2697 3076 2973 3129 recitandte
2993 3075 3409 3144 prwscribuutur,
3437 3076 3521 3145 qui
3549 3075 3691 3129 locus

948 3213 1083 3256 sum.
1116 3202 1377 3273 Imprimis
1404 3165 1499 3255 es"
1520 3165 1652 3257 {uad
1681 3165 1812 3273 quo
1837 3165 2022 3272 [alim
2049 3194 2094 3256 ο
2124 3167 2348 3273 sufﬁcere
2366 3167 2507 3269 debet
2528 3166 2595 3218 ad
2625 3165 2924 3273 relutandos
2948 3165 3527 3273 nonnullosnnovitatum
3551 3181 3693 3218 aina-

2125 3266 2275 3322 tores,
2305 3258 2391 3327 qui
2415 3269 2591 3309 contra
2621 3256 2913 3309 universalis
2946 3254 3188 3309 Ecclesia
3211 3255 3455 3309 Romanis
3480 3272 3693 3311 consue-

2126 3350 2368 3411 tudinem,
2394 3348 2598 3417 propria
2626 3349 2923 3400 auctoritate
2942 3349 3189 3416 integram
3227 3351 3452 3415 missam.
3480 3359 3693 3403 secretas

2124 3441 2376 3494 orationes
2405 3454 2747 3507 canonemque
2776 3440 2941 3505 ipsunt
2968 3441 3140 3492 eodem
3169 3441 3305 3493 uocis
3327 3456 3471 3506 sono,
3504 3440 3598 3495 hoc
3620 3452 3694 3496 est

2124 3532 2227 3586 alte
2248 3533 2602 3600 pronuntiant.
2625 3531 2761 3583 Nam
2786 3532 2923 3599 quod
2944 3532 3248 3596 respondent
3273 3534 3426 3585 variis
3448 3533 3695 3601 antiquis-

2124 3641 2218 3695 que
2243 3623 2532 3677 auctoribus
2560 3632 2776 3675 secretas
2804 3632 2849 3674 et
2870 3637 3112 3675 canonem
3142 3621 3233 3675 sub
3263 3621 3473 3675 silentio
3493 3623 3695 3675 recitari

2126 3716 2578 3788 prtzscribentibus,
2607 3715 2762 3784 quod,
2791 3715 3017 3782 inquam,
3048 3715 3213 3780 aiunt,
3245 3714 3522 3776 silentium,
3555 3717 3694 3780 apud

2124 3805 2242 3858 illos
2268 3805 2440 3857 contui
2468 3812 2685 3870 tantum,
2712 3820 2814 3856 non
2842 3804 2961 3857 alue
2979 3804 3087 3856 uoci
3113 3805 3320 3874 opponi,
3349 3805 3552 3858 omnino
3578 3802 3695 3874 falsi

2125 3896 2453 3958 convincitur,
2478 3905 2531 3948 ut
2553 3895 2724 3947 nullus
2749 3895 2813 3947 sit
2840 3895 3061 3957 amplius
3088 3894 3363 3965 effugiendi
3392 3893 3557 3960 locus,
3579 3911 3694 3949 cum

2125 4002 2357 4041 SBCBETE
2397 4003 2565 4040 nouo
2602 4002 2722 4040 Αιιο
2770 4002 3032 4040 Αυιιιεκτε
3074 3998 3189 4040 ante
3234 4002 3398 4039 annos
3444 3987 3587 4041 mille
3637 3987 3693 4040 in

2127 4076 2357 4132 Ecclesia
2384 4078 2617 4133 Romana
2658 4078 2870 4147 aliisque
2916 4079 3078 4145 ipsius
3106 4079 3335 4132 ordinem
3373 4079 3693 4148 sequentibus

2132 4169 2241 4224 haec
2269 4171 2571 4224 dicerentur.

535 4372 607 4439 (ο)
634 4372 758 4438 Quae
783 4370 985 4425 scilicet
1013 4371 1259 4444 opuscula
1283 4371 1518 4444 Antiqua
1557 4372 1739 4444 Qrdim‘
1771 4387 1926 4442 quem
1974 4371 2069 4444 hic
2098 4370 2407 4426 excudimus
2437 4369 2707 4444 praemissa
2739 4377 2864 4444 sunt
2887 4369 2941 4444 in
2969 4368 3245 4444 Thesauro
3272 4369 3597 4444 Marteniano
3626 4384 3691 4423 ex

460 4459 564 4511 quo
582 4444 728 4496 illum
748 4444 1125 4510 expressimus.
1152 4443 1204 4496 ln
1239 4443 1330 4497 illo
1351 4439 1524 4498 autem
1546 4442 1744 4498 Ordine
1768 4439 2200 4512 orthographiam
2229 4452 2284 4495 et
2306 4440 2571 4512 syntaxim
2600 4439 2944 4505 mannscripti
2968 4455 3191 4493 servare
3211 4441 3510 4492 debuimus.
3536 4439 3688 4493 Eutr.

578 4801 1649 4978 ANTIQUUS
1780 4800 2409 4942 0mm
2531 4797 3564 4940 ROMANUS

1338 5081 1491 5151 AD
1543 5082 1827 5152 USUM
1871 5079 2801 5155 MONASTERIOBUM
2826 5133 2849 5175 ,

786 5274 873 5330 ΑΒ
912 5272 1106 5328 ANNH
1143 5276 1459 5331 CIRCITER
1500 5275 1707 5333 MILLE
1748 5275 2040 5332 ACCOMMl

2115 5277 2301 5333 DATUS
2339 5277 2429 5332 EX
2473 5275 2586 5333 MS.
2628 5272 2876 5330 CODICE
2913 5272 3370 5334 IIOBBACENSI.

968 5447 1026 5486 IN
1061 5446 1299 5487 NOBINB
1338 5449 1439 5488 DEI
1479 5446 1679 5490 ευκιίι
1718 5447 1948 5489 INCIPIT
1981 5449 2040 5489 BI

2115 5448 2375 5492 νιΔιιιωι
2406 5444 2865 5490 εοοιεεηθτιει
2895 5445 3169 5503 οιιυικιε,

462 5577 738 5650 Qualiter
771 5589 847 5656 tu
904 5570 1190 5656 canobiis
1242 5571 1504 5656 ﬁdeliter
1553 5573 1815 5632 Domino
1861 5577 2211 5656 seruientes,
2250 5581 2372 5656 tam
2402 5587 2606 5656 Juxta
2628 5572 3095 5656 _auctoritate_m
3146 5573 3467 5656 catholica
3512 5586 3686 5656 atque

553 5650 893 5729 apostolica
932 5651 1216 5712 Romanis
1254 5650 1567 5722 lt‘cclesite,
1601 5670 1780 5732 quam
1816 5660 1872 5711 et
1893 5655 2089 5731 juxta
2118 5650 2584 5731 dispositionem
2621 5651 2864 5729 Regula:
2912 5651 2978 5711 S.
3015 5651 3333 5714 Benedicti
3365 5650 3690 5719 missarum
