4034 6166
454 258 576 314 100i

1581 244 1667 298 AD
1708 240 1823 298 USl»
1841 239 1887 293 Μ
1930 231 2454 293 ΜΟΝᾹΞΤΕῘΚΙΟΒΗ
2467 231 2532 285 .\i.

3542 224 3679 279 ifilli

446 365 904 426 “adamantibus
934 377 1055 417 rem
1086 376 1205 416 cum
1247 373 1435 425 magna
1486 354 1777 411 reverentia
1807 364 1859 407 ct
1905 362 2009 405 tre-
2043 357 2083 410 Α
2114 351 2256 402 nium
2288 344 2550 416 publicum
2578 343 2792 406 faciant,
2817 352 2870 399 ct
2896 343 3023 398 hora
3049 358 3186 398 nona
3214 343 3370 398 missa
3398 344 3678 401 celebrem

447 476 594 515 more
644 456 886 519 Sanctus,
936 453 1119 522 incipit
1163 453 1413 508 sacerdos
1464 463 1719 504 canonem
1764 443 2011 499 dissimili

444 566 574 604 voce
604 550 812 604 leniter.
839 547 939 616 ipsi
962 562 1087 600 vero
1110 542 1425 613 presbyteri,
1450 541 1678 603 diaconi,
1697 536 2011 592 subdiaconi

444 658 651 711 semper
683 648 994 708 permanent
1026 636 1255 690 inclinati
1287 649 1449 702 usque
1476 631 1527 684 in
1559 645 1624 684 eo
1665 630 1782 684 loco
1811 628 1899 682 ubi
1928 627 2013 680 di-

443 748 587 801 cant,
625 734 783 788 Nobis
813 749 1003 801 quoque
1026 729 1388 802 peccatoribus,
1413 734 1468 780 et
1490 740 1610 778 mox
1634 733 1692 777 ut
1716 722 1922 777 veniret
1948 721 2013 773 ad

444 831 545 884 hoc
570 832 785 883 verbum
816 827 1036 897 propitio
1066 840 1125 877 ac
1149 838 1324 877 sereno
1353 821 1544 874 vultum
1565 819 1807 886 respicere
1837 815 2013 883 digne-

442 923 534 984 ris,
571 920 822 974 inc'inatn
849 918 1022 985 capite
1063 914 1312 969 sacerdos
1351 921 1475 965 ante
1501 911 1665 964 altare
1705 908 2014 976 suppliciter

444 1010 737 1075 deprecans
762 1022 924 1077 usque
945 1006 1067 1060 dum
1090 1006 1237 1069 dicit,
1268 1014 1322 1056 ut
1348 1011 1592 1074 quotquot
1620 1017 1681 1055 ea:
1706 1000 1803 1052 hac
1832 1000 2012 1052 altaris

445 1104 850 1170 participatione.
900 1101 1030 1154 Cum
1074 1109 1247 1154 autem
1289 1098 1619 1153 surrexerint
1667 1097 2011 1158 subdiacuni,

445 1210 580 1247 unus
610 1210 673 1248 ex
704 1194 830 1258 ipsis
860 1193 1027 1253 venit,
1059 1199 1113 1247 et
1140 1191 1335 1261 accipit
1364 1199 1606 1260 patenam
1638 1190 1706 1243 ab
1733 1188 2009 1258 acolytbo,

447 1295 499 1340 et
539 1294 838 1338 revertetur
868 1284 919 1337 in
951 1284 1137 1338 ordine
1165 1298 1268 1353 quo
1310 1290 1550 1345 steterat,
1596 1291 1648 1335 et
1680 1291 2011 1334 tenenseam

447 1387 569 1432 ante
601 1391 781 1445 peetus
807 1392 958 1429 snum
983 1391 1151 1445 usque
1191 1374 1313 1428 dum
1344 1374 1533 1427 dixerit
1582 1372 1760 1425 Omnis
1789 1377 1948 1423 honor
1968 1380 2015 1422 et

448 1471 631 1541 gloria.
663 1469 925 1523 Sacerdos
950 1483 1078 1523 vero
1099 1483 1215 1520 cum
1248 1468 1452 1521 venerit
1484 1475 1540 1519 ut
1565 1467 1705 1520 dicat
1733 1480 1821 1534 per
1850 1467 2015 1535 ipsum

449 1571 496 1615 et
528 1577 642 1614 cum
680 1563 790 1629 ipso
829 1561 1006 1615 elevat
1036 1560 1327 1613 oblationes
1360 1558 1597 1628 proprias
1642 1558 1708 1611 de
1738 1559 1930 1621 altare,
1962 1563 2015 1609 et

451 1654 606 1708 mittit
655 1653 705 1706 in
752 1667 843 1706 ore
871 1652 1073 1714 calicis,
1122 1661 1334 1704 tenente
1365 1651 1480 1717 ipso
1508 1648 1673 1702 calice
1700 1664 1726 1697 a
1758 1646 2011 1708 diacono,

2117 451 2222 506 tur,
2256 450 2310 494 et
2336 438 2510 492 medio
2540 438 2709 492 noctis
2763 446 3000 504 tempore
3046 436 3409 506 ingrediantur
3453 439 3519 493 ad
3550 440 3682 510 vigi-

2117 534 2239 595 lias,
2270 533 2503 601 psalmos
2540 544 2747 598 quoque
2794 528 2875 583 vel
2927 528 3178 583 lectiones
3210 529 3294 582 vel
3340 532 3682 599 responsoria

2114 625 2182 679 de
2211 624 2325 693 ipso
2354 622 2441 677 die
2466 632 2720 676 canentes
2747 629 2948 673 tantum
2978 621 3047 674 de
3072 620 3381 676 muneribus
3407 621 3679 692 Magorum

2116 731 2170 771 et
2190 716 2472 784 baptismo.
2511 714 2584 768 De
2612 712 2807 779 nuptiis
2833 727 2961 767 vero
2984 728 3103 782 qua:
3130 714 3278 767 factm
3309 724 3433 767 sunt
3462 716 3513 769 in
3540 717 3683 769 (Iba-

2118 826 2219 862 nan
2244 807 2494 870 Galiliem,
2516 806 2730 861 octabas
2751 805 3105 874 Theophanis:
3130 790 3486 862 celebrantur.
3509 809 3681 865 Omne

2116 900 2410 954 ebdomada
2457 914 2622 965 usque
2652 899 2702 951 in
2734 898 2949 952 octabas
2991 888 3349 966 Theoplianite
3394 912 3679 955 canuntur.

2119 993 2276 1047 Missa
2304 1008 2431 1046 vero
2460 991 2817 1060 Tlieoplianiae
2859 988 3044 1043 ordine
3072 1004 3177 1060 quo
3219 974 3457 1045 diximus
3504 976 3680 1048 natale

2121 1085 2329 1141 Domini
2347 1097 2616 1141 secuntur.
2636 1078 2824 1140 Postea
2853 1084 3085 1153 quidem,
3114 1085 3199 1140 die
3219 1086 3474 1151 secundo,
3495 1102 3684 1157 mense

2120 1178 2348 1241 Februo,
2389 1178 2530 1249 quod
2560 1188 2642 1233 est
2669 1194 2719 1231 tv
2762 1192 2927 1231 nonas
2958 1176 3122 1246 ipsius
3148 1178 3366 1242 mensis,
3402 1179 3682 1233 celebrau-

2120 1280 2203 1324 tur
2222 1285 2341 1324 cum
2367 1284 2557 1339 magno
2579 1268 2772 1341 decore
2801 1268 2884 1322 vel
2916 1267 3152 1322 accensis
3180 1268 3362 1322 multis
3388 1269 3681 1324 luminibus

2120 1361 2540 1427 puriﬁcationem
2589 1362 2648 1414 Β.
2680 1360 2881 1425 Mariae,
2931 1360 3140 1429 quando
3166 1359 3358 1416 obtulit
3399 1361 3678 1415 Dominum

2117 1453 2295 1509 .lesum
2320 1453 2588 1509 Christum
2615 1454 2668 1507 in
2694 1453 2913 1523 templo,
2936 1460 2987 1506 et
3008 1451 3213 1521 accepit
3233 1466 3353 1507 eum
3380 1453 3438 1505 Β.
3465 1451 3682 1508 Sitneon

2120 1548 2171 1599 in
2198 1548 2333 1601 ulnis
2355 1547 2485 1614 suis,
2516 1556 2569 1601 et
2595 1545 2869 1600 benedixit
2899 1545 3085 1599 Deum.

2192 1640 2316 1693 Post
2361 1639 2690 1692 nativitatem
2742 1653 2867 1691 vero
2901 1637 3107 1692 Domini
3158 1653 3326 1708 usque
3377 1638 3680 1709 quindecim

451 1743 735 1797 sublevans
762 1758 881 1795 eum
915 1742 1125 1795 modice
1154 1755 1318 1809 usque
1345 1740 1470 1793 dum
1500 1738 1697 1793 dixerit
1720 1737 1820 1791 Per
1846 1740 2016 1790 omnia
2048 1728 2094 1786 Β
2119 1730 2308 1784 diebus
2334 1742 2457 1785 ante
2488 1730 2695 1783 initium
2728 1730 3157 1799 Quadragesima:
3190 1730 3378 1785 Isaiam
3402 1743 3559 1800 atque
3588 1733 3679 1788 Je-

451 1836 637 1888 swcula
662 1834 988 1898 saeculorum,
1015 1849 1185 1886 amen.
1226 1831 1544 1887 Sacerdotes
1571 1847 1696 1885 vero
1727 1840 1780 1885 et
1809 1830 2017 1883 diacOni

453 1942 618 1996 usque
644 1928 695 1979 in
720 1927 873 1980 istum
900 1928 1072 1980 locum
1107 1941 1320 1993 semper
1350 1933 1565 1979 manent
1593 1924 1847 1987 inclinati,
1880 1938 2015 1991 prur-

456 2028 537 2072 ter
568 2028 769 2073 tantum
816 2019 1067 2073 diaconus
1096 2020 1183 2088 qui
1227 2021 1395 2087 ipsum
1437 2020 1656 2073 calicem
1687 2017 2016 2072 sublevatur.

456 2115 821 2169 Subdiaconus
852 2125 1026 2168 autem
1056 2115 1145 2180 qui
1190 2122 1434 2181 patenam
1478 2121 1644 2178 tenet,
1678 2113 1849 2167 tradat
1899 2126 2016 2166 eam

456 2207 522 2259 ad
550 2207 665 2275 ipso
694 2205 858 2260 verbo
894 2206 1139 2273 diacono,
1174 2205 1259 2258 ubi
1300 2205 1426 2259 dicit
1452 2206 1611 2258 omnis
1648 2203 1810 2257 honor
1836 2213 1881 2257 et
1908 2202 2020 2274 glo-

455 2299 560 2361 ria;
590 2309 643 2351 et
669 2298 756 2351 ille
782 2306 923 2352 tenet
962 2311 1079 2352 eam
1108 2311 1274 2366 usque
1299 2297 1424 2351 dum
1467 2297 1678 2350 ﬁniatur
1718 2297 1887 2351 oratio
1924 2297 2018 2351 do-

457 2389 668 2453 minica,
693 2397 748 2443 et
770 2390 1001 2459 porriget
1020 2403 1135 2444 eam
1164 2388 1443 2443 sacerdoti.
1470 2388 1728 2443 Sacerdos
1752 2404 1876 2442 vero
1901 2402 2019 2458 post

456 2480 746 2535 orationem
778 2480 1098 2534 dominicam
1130 2481 1368 2533 oratione
1408 2479 1721 2546 subsecuta,
1752 2480 2018 2547 accipiens

457 2571 750 2626 oblationes
774 2581 825 2625 et
855 2579 1013 2640 ponat
1036 2586 1128 2626 eas
1170 2572 1221 2624 in
1244 2581 1507 2639 patenam,
1532 2580 1586 2625 et
1610 2570 1817 2639 frangat
1849 2571 2019 2625 modi-

458 2678 577 2716 cum
605 2661 672 2717 de
701 2664 812 2732 ipsa
861 2662 1147 2725 oblatione,
1192 2672 1244 2717 et
1274 2664 1445 2716 mittat
1477 2662 1528 2716 in
1569 2663 1785 2717 calicem
1821 2676 1899 2717 ter
1945 2662 2021 2716 l‘a-

457 2752 644 2806 ciendo
683 2769 916 2817 crucem,
943 2762 993 2807 et
1014 2752 1154 2806 dicat
1183 2752 1293 2805 Pas:
1324 2752 1526 2806 Domini
1554 2754 1618 2807 sit
1638 2770 1833 2821 semper
1860 2752 2021 2806 vobis-

458 2859 592 2905 cum,
621 2856 674 2897 et
696 2845 853 2897 iaciat
878 2846 1098 2913 populus
1121 2858 1323 2912 pacem.
1353 2842 1553 2898 Deinde
1570 2859 1695 2900 vero
1717 2845 2021 2898 sacerdotes

458 2938 805 3007 confrangaut
833 2939 975 3007 ipsas
1004 2937 1297 2994 oblationes
1327 2951 1486 3005 super
1514 2938 1699 3001 altare,
1733 2938 1776 2992 si
1801 2951 2022 2992 necesse

460 3026 635 3081 fuerit.
670 3026 885 3081 Diaconi
913 3043 1041 3083 vero
1062 3028 1207 3097 juxta
1240 3030 1414 3097 altari,
1448 3038 1660 3085 tenente
1696 3030 2021 3085 subdiacono

2122 1837 2231 1874 rein
2257 1836 2340 1877 am
2371 1830 2424 1874 et
2454 1820 2695 1875 Ezechiel
2727 1830 2778 1873 et
2805 1819 3011 1883 Daniel,
3060 1836 3152 1874 seu
3199 1830 3252 1875 et
3296 1838 3367 1876 xu
3400 1824 3687 1891 prophetas

2123 1913 2356 1966 minores
2385 1927 2502 1965 cum
2528 1913 2946 1980 expositionibus
2971 1927 3156 1965 eorum
3182 1913 3443 1984 legantur.
3478 1916 3687 1983 Epivtn-

2121 2006 2186 2059 ite
2213 2020 2343 2060 vero
2374 2005 2521 2059 Pauli
2547 2005 2770 2074 apostoli
2801 2006 2945 2060 omui
2970 2015 3207 2074 tempore
3228 2008 3279 2060 in
3301 2010 3687 2076 posterioribus

2122 2098 2436 2153 lectionibus
2480 2098 2531 2152 in
2584 2097 2670 2151 die
2718 2097 2981 2151 dominica
3033 2097 3096 2150 ad
3155 2099 3365 2165 vigilias
3418 2100 3683 2169 legantur.

2121 2191 2396 2246 Tractatus
2414 2205 2539 2245 vero
2557 2190 2611 2245 S.
2631 2189 2956 2257 Hieronymi,
2974 2188 3263 2256 Ambrosii,
3281 2190 3361 2244 vel
3384 2202 3684 2249 ceterorum

2122 2284 2356 2348 Patrum,
2389 2296 2443 2337 ut
2478 2284 2610 2337 ordo
2638 2283 2823 2349 poscit,
2866 2282 3125 2350 legantur.
3161 2282 3214 2333 in
3264 2284 3487 2351 tempori
3522 2287 3680 2350 veris,

2122 2376 2223 2430 hoc
2251 2385 2334 2431 est
2360 2376 2659 2446 quindecim
2691 2376 2877 2429 diebus
2917 2384 3040 2429 ante
3086 2374 3292 2428 initium
3329 2375 3688 2445 Quadragesi-

2120 2483 2252 2531 mas,
2293 2468 2524 2536 quinque
2568 2467 2686 2521 libri
2718 2466 2901 2537 Moysi,
2923 2480 3041 2521 cum
3085 2466 3247 2520 ilicsu
3283 2468 3423 2521 Nave
3450 2476 3503 2521 et
3536 2467 3687 2522 Judi-

2121 2573 2242 2610 cum
2272 2568 2429 2626 atque
2467 2558 2570 2612 iiut
2601 2573 2765 2627 usque
2792 2557 3093 2625 quindecim
3132 2558 3246 2612 dies
3287 2567 3409 2612 ante
3457 2556 3682 2615 Pascha.

2121 2649 2250 2704 lude
2283 2666 2408 2704 vero
2440 2651 2632 2705 librum
2677 2652 2825 2704 Isaiae
2860 2649 3130 2717 propheta:
3161 2659 3214 2704 et
3252 2649 3685 2707 Lamentationes

2119 2741 2440 2809 Hieremias,
2481 2742 2619 2797 Osee
2663 2751 2716 2797 et
2763 2740 3031 2817 Zacharias
3081 2740 3219 2795 unde
3266 2741 3332 2795 ad
3381 2744 3685 2811 passionem

2122 2836 2319 2905 Christi
2361 2839 2627 2893 convenit.
2660 2839 2717 2893 In
2757 2839 2945 2894 diebus
2986 2847 3162 2892 autem
3207 2839 3422 2893 Pascha:
3445 2839 3688 2908 epistolas

2123 2931 2481 2999 apostolorum
2510 2940 2564 2985 et
2598 2933 2760 2984 Actus
2785 2942 2944 2999 atque
2974 2930 3318 3000 Apocalypsis
3355 2946 3524 2999 usque
3551 2930 3690 2985 Pen-

2127 3031 2397 3076 tecostem.
2432 3024 2476 3075 A
2506 3020 2816 3075 Pentecoste
2904 3035 3029 3075 vero
3060 3020 3178 3074 libri
3222 3020 3424 3090 Regum
3450 3029 3505 3075 et
3532 3020 3691 3075 Para-

461 3133 583 3172 ante
612 3121 739 3189 ipsis
758 3130 1021 3189 patenam,
1045 3130 1099 3176 et
1126 3130 1149 3156 ⁸
1172 3122 1520 3191 confrangant
1538 3122 1679 3189 ipsas
1700 3122 2017 3190 oblationes,

2126 3110 2451 3181 lippomiuon
2469 3153 2484 3175 ,
2512 3111 2705 3166 deinde
2734 3111 3033 3167 Salomonis
3090 3112 3206 3166 libri
3224 3151 3238 3175 ,
3286 3111 3388 3165 Job
3410 3153 3425 3177 ,
3464 3110 3650 3168 Tobiae
3670 3155 3685 3179 ,

459 3213 770 3266 canentibus
790 3213 998 3267 interim
1023 3212 1273 3267 lratribus
1304 3214 1476 3285 Agnus
1498 3213 1614 3268 Dei.
1647 3214 1845 3268 Deinde
1874 3230 2021 3269 com-

462 3306 732 3359 municent
761 3304 1063 3358 sacerdotes
1092 3315 1145 3359 et
1187 3306 1357 3360 levitae
1386 3306 1437 3358 in
1466 3307 1650 3360 ordine
1676 3320 1793 3361 suo.
1832 3306 2022 3361 Postea

463 3402 674 3470 quidem
706 3398 970 3465 accipiens
1010 3398 1261 3452 diaconus
1297 3399 1516 3453 calicem
1545 3399 1597 3474 in
1627 3400 1844 3453 dextera
1876 3410 2025 3468 parte

463 3492 643 3545 altaris
664 3532 678 3552 .
711 3490 925 3545 elevans
952 3506 1071 3544 eum
1119 3490 1169 3543 in
1198 3490 1437 3544 manibus
1487 3494 1619 3557 suis,
1670 3494 2025 3563 pronuncians

464 3580 700 3635 natalitia
730 3591 1036 3633 sanctorum
1067 3579 1116 3632 in
1146 3578 1255 3647 ipsa
1283 3579 1610 3633 hebdomada
1636 3584 1920 3649 venientia,
1954 3583 2026 3637 ita

465 3673 719 3727 dicendo:
754 3670 858 3725 Illa
880 3672 1011 3741 [cria
1037 3673 1277 3734 veniente,
1312 3677 1482 3727 natale
1508 3683 1581 3727 est
1610 3673 1672 3729 S.
1704 3673 1907 3740 Mariae,
1939 3687 2028 3728 aut

467 3764 787 3832 confessoris,
818 3765 894 3818 vel
918 3763 1052 3817 alius
1077 3765 1235 3817 sancti
1264 3765 1414 3833 cujus
1443 3769 1698 3829 evenerit,
1736 3767 2026 3820 secundum

467 3856 918 3926 martyrolugium.
952 3856 1017 3908 Et
1064 3857 1385 3922 respondent
1435 3872 1622 3911 omnes
1662 3857 1767 3911 Deo
1814 3859 2025 3928 gratias.

471 3947 593 3999 Post
620 3949 731 4001 haec
760 3946 1077 4000 canentibus
1103 3947 1313 4000 interim
1345 3948 1579 4003 antiiona
1607 3950 1671 4003 ad
1702 3953 2030 4005 communio-

467 4052 607 4101 nem,
635 4038 1146 4091 communicantibus
1184 4038 1248 4091 iis
1296 4039 1579 4105 omnibus,
1608 4041 1696 4094 dat
1736 4041 2026 4095 orationem

466 4130 734 4194 sacerdos,
784 4138 837 4183 et
865 4128 1008 4182 dicat
1033 4129 1289 4184 diaconus
1319 4128 1421 4196 Ite,
1454 4134 1606 4185 missa
1646 4141 1739 4185 est.
1792 4133 2032 4203 Respon-

466 4220 713 4273 dentibus
754 4219 1004 4273 omnlbus
1044 4219 1150 4273 Deo
1193 4221 1406 4290 gratias,
1452 4232 1506 4275 et
1555 4224 1872 4290 completum
1923 4234 2027 4278 est;

470 4312 594 4362 PoSt
619 4310 731 4363 haec
762 4318 1057 4363 revertetur
1088 4312 1337 4365 sacerdos
1362 4312 1425 4364 ad
1460 4315 1749 4371 sacrarium
1777 4330 1896 4369 cum
1926 4319 2027 4371 mi-

468 4405 649 4457 nistris
678 4403 936 4466 ecclesiae,
962 4403 1043 4455 vel
1071 4404 1211 4455 omni
1237 4415 1425 4458 ornatu
1446 4447 1459 4467 ,
1483 4408 1617 4461 sicut
1646 4409 1790 4475 prius
1816 4410 2027 4473 exierit,

465 4510 518 4552 et
549 4503 742 4550 exuant
771 4509 829 4549 se
856 4495 1088 4547 vestibus
1114 4508 1233 4548 cum
1263 4494 1451 4563 quibus
1476 4496 1583 4564 jam
1614 4499 1892 4551 missarum
1936 4512 2027 4552 so-

469 4586 662 4640 lemnia
687 4584 1110 4649 celebraverunt,
1135 4592 1188 4637 et
1216 4596 1581 4639 consummata
1609 4598 1732 4641 sunt
1755 4591 1953 4641 omnia.

542 4677 665 4729 P051
692 4675 1024 4729 nativitatem
1056 4690 1184 4729 vero
1222 4676 1425 4729 Domini
1478 4692 1641 4745 usque
1687 4679 1736 4730 in
1768 4679 1985 4735 octabas
2009 4720 2023 4743 ,

468 4780 659 4839 praeter
687 4778 988 4822 sanctorum
1024 4767 1413 4831 festivitatibus,
1449 4785 1607 4823 otune
1635 4769 1865 4824 uincium
1896 4772 2029 4825 divi-

468 4875 591 4912 nutu
625 4870 729 4911 tam
756 4860 804 4910 in
835 4858 919 4910 die
963 4871 1120 4925 quam
1153 4858 1203 4910 in
1254 4868 1410 4910 nocte
1452 4857 1519 4911 de
1561 4860 1667 4925 ipsa
1697 4858 1785 4913 die
1839 4860 2027 4915 natalis

473 4947 680 5002 llomiiii
709 4957 790 5001 est
817 4948 1136 5001 canendum.
1169 4946 1415 5001 Octabas.
1444 4947 1647 4999 Domini
1694 4948 1745 5000 in
1777 4951 1918 5001 omni
1948 4950 2030 5001 oi"-

470 5043 589 5095 iicio
618 5040 797 5091 divino
825 5049 977 5093 nocte
1004 5049 1058 5092 et
1078 5040 1182 5103 die,
1211 5039 1396 5092 ordine
1423 5054 1526 5107 quo
1545 5040 1595 5091 in
1627 5040 1787 5093 natali
1820 5041 2030 5096 Domini

470 5133 518 5183 in
537 5130 781 5182 omnibus
806 5130 1137 5183 observatur.
1174 5129 1371 5184 Deinde
1392 5145 1557 5198 usque
1586 5130 1637 5182 in
1660 5131 2025 5203 Tlieopliania,

471 5234 661 5292 praeter
689 5222 968 5276 domin-cis
997 5222 1183 5277 diebus
1204 5225 1284 5277 vel
1317 5224 1581 5276 nataliciis
1602 5232 1931 5291 sanctorum,
1962 5227 2031 5280 de

468 5314 746 5366 cotidianis
772 5312 958 5366 diebus
979 5321 1217 5369 canetur.
1244 5313 1419 5367 Pridie
1449 5313 1808 5381 Theophanis:
1839 5313 1865 5353 δ
1889 5315 2029 5385 jeju-

552 5490 728 5543 lilinc
775 5490 995 5559 colliges
1042 5505 1143 5541 non
1176 5490 1405 5543 minores
1453 5489 1657 5543 oblatas
1688 5504 1800 5559 pro
1844 5492 2023 5559 populi

468 5562 840 5613 communione
868 5558 991 5612 olim
1021 5564 1356 5613 consecratas
1385 5559 1576 5622 fuisse,
1606 5558 1696 5612 sed
1726 5558 2023 5627 maximas;

456 5647 599 5701 .qttas
625 5630 828 5683 diaconi
861 5631 910 5682 in
944 5633 1122 5695 plures
1166 5630 1446 5694 particulas
1475 5629 1893 5701 conlriugeliant.

539 5702 567 5741 ι’)
599 5701 860 5765 Jejunium
901 5701 1023 5753 olim
1058 5702 1110 5752 in
1158 5701 1333 5767 vigilia
1388 5701 1692 5768 l-ipipltanitc
1720 5715 1747 5751 ξι
1783 5700 2023 5756 ﬁdelibus

712 5795 972 5853 Ρλτιιτδι..
1026 5791 1241 5849 LXVI.

2121 3208 2643 3274 .luditb,Estberatque
2658 3206 3078 3261 Machabaeorutn
3110 3218 3277 3275 usque
3303 3204 3553 3259 calendas
3584 3207 3686 3261 De-

2125 3312 2238 3352 cem
2248 3298 2376 3352 bris.

2198 3390 2255 3444 lii
2284 3390 2474 3459 vigiliis
2500 3390 2739 3442 omnium
2768 3389 3125 3457 aposmlorum
3156 3399 3208 3445 et
3237 3401 3539 3447 ceterorum
3569 3407 3693 3446 san-

2128 3492 2336 3537 ctorum
2378 3480 2658 3549 pluralitnn
2697 3493 2883 3533 omnes
2920 3480 3176 3549 jejunium
3211 3482 3429 3537 iaciunt.
3462 3485 3524 3537 Et
3561 3484 3691 3538 liora

2130 3592 2268 3630 noua
2297 3577 2472 3631 natale
2517 3590 2700 3629 eorum
2744 3574 3129 3643 praevenientes
3170 3576 3373 3643 absque
3415 3576 3595 3630 Gloria
3642 3580 3694 3632 in

2130 3671 2341 3724 excelsis
2373 3669 2479 3721 Deo
2508 3679 2563 3723 et
2584 3667 2798 3721 alleluia
2825 3669 3105 3720 missarum
3131 3668 3385 3721 solemnia
3418 3669 3696 3722 celebran-

2132 3776 2238 3831 tur,
2285 3773 2340 3819 et
2382 3765 2491 3832 ipsa
2537 3772 2693 3816 nocte
2726 3762 2789 3815 ad
2827 3761 3032 3831 vigilias
3078 3761 3353 3829 passiones
3397 3777 3581 3813 eorum
3612 3761 3695 3815 vel

2130 3865 2279 3927 gesta
2312 3855 2578 3923 leguntur.
2611 3853 2762 3919 Quod
2808 3852 2926 3906 siin
2963 3852 3231 3906 Dominica
3262 3853 3499 3905 natalitia
3531 3867 3721 3907 vene-7

2130 3949 2239 4003 rint
2268 3957 2373 4001 tam
2403 3948 2454 4000 in
2483 3945 2711 3999 adventu
2742 3942 2949 3996 Domini
2978 3958 3133 4011 quam
3166 3954 3217 3996 et
3258 3944 3403 3996 omni
3435 3954 3693 4012 tempore,

2131 4040 2320 4109 psalmi
2351 4054 2470 4091 cum
2501 4052 2687 4091 eorum
2727 4035 3089 4105 passionibus,
3119 4035 3199 4088 vel
3230 4035 3390 4103 gestis
3421 4050 3540 4089 cum
3577 4051 3696 4089 res-

2133 4133 2398 4202 ponsoriis
2424 4131 2508 4185 vel
2537 4129 2804 4184 anteionis
2831 4131 2897 4182 de
2922 4130 3035 4182 istis
3076 4128 3458 4195 pertinentibus
3499 4145 3700 4183 ranun-

2134 4234 2241 4277 tur.
2266 4224 2322 4278 Si
2346 4235 2520 4275 autem
2544 4232 2688 4290 gesta
2722 4235 2906 4273 eorum
2933 4219 3237 4284 minortuit,
3264 4220 3405 4286 quod
3437 4235 3489 4273 ix
3514 4214 3701 4274 lectio-

2135 4316 2288 4369 nibus
2306 4316 2552 4368 sulﬁcere
2572 4328 2675 4366 non
2694 4311 2881 4379 possit,
2902 4310 2953 4363 in
2980 4309 3149 4363 tribus
3172 4320 3374 4362 tantum
3400 4310 3702 4377 pastoribus

2138 4408 2452 4462 lectionibus
2482 4406 2755 4472 leguntur,
2783 4414 2837 4458 et
2866 4403 3072 4456 octabze
3112 4417 3294 4454 eorum
3321 4417 3440 4454 cum
3472 4418 3701 4471 respon-

2136 4498 2295 4554 soriis
2322 4499 2399 4552 vel
2432 4496 2697 4550 antefonis
2742 4504 2880 4559 suis,
2912 4495 3193 4548 missarum
3226 4495 3534 4557 soletnniis,
3565 4495 3704 4548 sicut

2134 4599 2190 4643 et
2232 4589 2284 4641 iti
2310 4588 2398 4641 die
2425 4589 2593 4655 primo
2638 4586 2952 4640 i'esnvitates
2991 4600 3173 4637 eoi-nui
3218 4584 3285 4636 ita
3335 4583 3700 4637 celebrantur.

2135 4681 2287 4747 Quod
2318 4680 2362 4733 si
2397 4681 2446 4732 in
2478 4693 2660 4733 eorum
2686 4687 2900 4733 octavas
2932 4678 3105 4731 natale
3134 4686 3437 4730 sanctorum
3471 4679 3703 4744 venerit,

2136 4774 2472 4845 praecedente
2501 4771 2587 4825 die
2629 4780 2841 4824 octavas
2888 4784 3072 4822 eorum
3118 4769 3458 4822 celebrantur
3491 4784 3583 4837 per
3612 4785 3706 4822 au-

2138 4864 2437 4919 ctoritatem
2490 4871 2690 4915 sancite
2739 4858 2976 4927 Regultn.
3027 4857 3179 4910 Omni
3234 4865 3472 4924 tempore
3516 4858 3705 4911 diebus

2134 4955 2416 5011 dominicis
2446 4954 2639 5019 legitur
2670 4950 2829 5004 lectio
2855 4950 2911 5003 S.
2948 4949 3220 5018 Evangelii
3251 4950 3542 5003 Secundum
3572 4959 3707 5003 tem-

2136 5064 2232 5118 pus
2260 5062 2366 5115 quo
2388 5046 2564 5102 fuerit.
2597 5052 2650 5097 et
2670 5043 2909 5110 sequitur
2942 5041 3198 5110 hymnum
3233 5041 3301 5094 Te
3330 5039 3499 5094 Deum
3522 5040 3707 5093 lauda-

2136 5156 2267 5200 mus,
2301 5147 2355 5191 et
2378 5148 2588 5190 versum
2622 5148 2739 5187 cum
2790 5130 2950 5200 Kyrie
2974 5133 3163 5184 eleisun
3187 5142 3239 5184 et
3271 5132 3527 5184 liniuntur
3558 5132 3707 5201 Vigi-

2134 5230 2237 5282 lize.
2259 5226 2530 5281 Matutinis
2553 5239 2678 5278 vero
2702 5223 2942 5276 laudibus
2964 5221 3156 5277 diebus
3176 5222 3486 5287 dominicis,
3512 5236 3709 5290 praeter

2137 5318 2564 5386 Quadragesiuize
2586 5329 2705 5368 cum
2724 5312 2945 5365 Alleluia
2970 5321 3094 5364 sunt
3115 5313 3366 5370 canendi.
3394 5312 3502 5367 Una
3526 5326 3705 5367 autem

2130 5492 2468 5546 observatum
2494 5490 2655 5545 fuisse
2679 5488 2933 5555 singulari
2960 5488 3135 5543 libello
3161 5488 3550 5546 demonstravit
3580 5487 3705 5541 olim

2132 5562 2405 5616 .lohanut-s
2431 5558 2533 5613 Des
2560 5559 2737 5622 Lions,
2768 5560 2999 5615 decanus
3025 5559 3267 5614 ecclesia:
3289 5559 3711 5612 Silvanectensis

2134 5633 2389 5685 adversus
2427 5630 2731 5698 proiihanzis
2766 5632 3113 5698 quorumdam
3143 5628 3554 5698 superstitiones
3584 5668 3598 5696 ,
3619 5629 3714 5698 qui

2138 5705 2270 5756 hanc
2299 5703 2437 5756 diem
2472 5701 2829 5770 potationibus
2860 5703 3152 5757 insumunt.

3162 5794 3240 5853 32
