4034 6166
298 316 433 374 1033

942 303 1281 379 ANTIQUUS
1324 310 1505 366 onoo
1547 306 1877 363 ROMANUS
1917 309 2004 360 AD
2046 304 2227 361 USUM
2271 305 2874 361 MONAbTEmORUM.

3391 306 3527 359 1004

297 432 578 485 ebdomata
602 437 723 482 ante
751 424 923 482 natale
947 425 1153 479 Domini
1191 441 1254 479 ex
1286 424 1634 494 conceptione
1664 422 1721 476 Β.
1751 420 1857 474 Ma-
1886 427 1936 481 Α
1965 417 2015 470 in
2047 417 2337 485 capitulare
2363 417 2446 471 vel
2478 420 2526 471 in
2557 417 2972 472 sacramentario
2994 427 3379 485 commemorat
3408 435 3527 474 cum

299 524 391 575 ri:e
412 518 671 588 incipiunt
696 516 996 572 celebrare.

368 612 479 667 Hoc
502 619 677 664 autem
704 606 843 678 quod
872 620 1034 676 super
1077 605 1236 661 scribi
1268 605 1547 660 debuimus
1586 612 1865 673 septuage-

296 705 433 759 simo
467 702 555 757 die
584 712 707 755 ante
747 697 965 753 Pascha:
1018 705 1195 751 tamen
1224 695 1487 751 dominica
1533 692 1864 761 ingrediente

299 791 698 863 Septuagesima
726 788 865 859 apud
892 803 992 843 eos
1020 788 1313 843 celebrant.
1343 786 1454 840 Hoc
1483 784 1623 840 enim
1665 784 1865 838 faciunt

301 898 394 952 pro
414 880 709 937 reverentia
745 887 907 934 tanta:
930 876 1254 943 feStivitatis,
1278 876 1361 930 vel
1389 888 1484 944 pro
1508 874 1861 929 eruditionem

300 974 511 1045 populi,
538 980 593 1027 et
634 984 727 1041 per
752 982 1031 1024 numerum
1077 967 1284 1022 dierum
1317 974 1643 1035 cognoscant
1671 964 1864 1033 adpro-

300 1068 556 1138 pinquare
577 1064 718 1119 diem
737 1070 978 1117 sanctum
1003 1058 1239 1124 Pascha,
1269 1067 1322 1112 et
1343 1063 1606 1126 praeparet
1621 1069 1680 1110 se
1701 1069 1867 1108 unus-

300 1159 520 1226 quisque
573 1150 864 1209 secundum
920 1150 1253 1205 devotionem
1282 1155 1336 1202 et
1380 1147 1629 1201 virtutem
1677 1159 1867 1210 suam,

300 1246 524 1316 qualiter
543 1243 610 1298 ad
641 1245 810 1314 ipsum
842 1251 1082 1297 sanctum
1114 1239 1256 1294 diem
1284 1253 1405 1294 cum
1432 1247 1664 1292 tremore
1703 1244 1757 1291 et
1783 1249 1868 1290 re-

301 1337 560 1400 verentia,
591 1333 824 1388 contrito
876 1346 1101 1401 corpore
1130 1339 1184 1385 et
1227 1328 1427 1385 mundo
1472 1322 1634 1382 corde
1678 1341 1865 1395 perve-

302 1431 476 1494 niunt,
511 1436 565 1481 et
597 1441 703 1481 non
735 1426 907 1480 solum
937 1422 1348 1493 septuagesima,
1383 1420 1477 1475 sed
1506 1429 1559 1475 et
1602 1420 1868 1489 sexagesi-

304 1536 410 1587 ma,
443 1516 894 1589 quinquagesima,
929 1514 1357 1585 quadragesima,
1392 1512 1684 1576 tricesima,
1715 1511 1864 1564 vice-

305 1615 459 1676 sima,
490 1609 694 1663 decima
726 1615 781 1662 et
821 1605 1009 1661 octaba
1038 1619 1252 1674 semper
1289 1618 1385 1673 per
1428 1604 1599 1672 ipsum
1627 1600 1866 1656 ordinem

306 1676 663 1764 celebrantur,
694 1705 752 1750 ut
777 1702 1029 1764 quantum
1060 1694 1177 1762 plus
1208 1692 1554 1763 cognoverint
1574 1691 1865 1761 adpropin-

1966 510 2237 578 responsis
2264 510 2394 574 suis,
2443 518 2497 564 et
2522 510 2725 579 legatur
2757 510 2932 578 passio
2972 509 3177 567 Domini
3230 513 3525 566 secundum

1963 602 2283 669 Jobannem,
2316 584 2369 655 et
2397 601 2641 655 dicantur
2664 600 2780 656 illas
2809 601 3077 672 orationes
3117 618 3147 657 a
3181 604 3523 673 presbytero,

1965 707 2096 761 quas
2113 694 2163 746 in
2177 692 2599 747 Sacramentario
2619 702 3021 747 commemorat.
3039 692 3165 747 Post
3182 708 3526 762 unamquam-

1965 797 2068 850 que
2095 783 2391 836 orationem
2432 781 2787 838 admonentur
2813 797 3001 836 omnes
3030 799 3058 835 a
3100 782 3343 839 diacono.
3378 784 3530 839 Dicat

1966 871 2261 928 Flectamus
2300 890 2462 944 genua
2489 888 2511 927 :
2537 874 2606 927 ita
2641 884 2977 943 prosternent
3000 890 3059 928 se
3087 890 3272 931 omnes
3303 880 3356 929 in
3386 888 3526 937 terra

1966 980 2088 1019 cum
2127 964 2375 1034 lacrymis
2401 964 2481 1018 vel
2509 964 2892 1019 contritionem
2942 966 3137 1021 cordis.
3170 955 3525 1041 Oratione'l'a-

1966 1066 2074 1121 cta,
2099 1056 2291 1110 iterum
2309 1056 2662 1110 admonentur
2680 1071 2710 1109 a
2731 1056 2957 1111 diacono
2977 1068 3032 1111 ut
3053 1069 3291 1128 surgant,
3315 1070 3368 1114 et
3388 1060 3529 1114 dicat

1967 1149 2243 1213 diaconus,
2273 1148 2471 1203 Levate.
2504 1148 2757 1218 Expletas
2781 1156 2962 1204 autem
2989 1148 3133 1218 ipsas
3176 1152 3525 1219 orationibus,

1969 1244 2111 1298 dicat
2133 1242 2431 1313 presbyter,
2460 1239 2694 1295 Oremus.
2726 1240 2795 1295 Et
2836 1242 2979 1297 dicat
3020 1242 3343 1307 orationem,
3383 1242 3529 1298 Prae—

1967 1337 2122 1407 ceptis
2150 1335 2456 1390 salutaribus
2482 1335 2684 1402 moniti,
2731 1349 2852 1389 cum
2893 1337 3134 1391 oratione
3163 1335 3449 1401 dominica,
3476 1347 3528 1391 et

1968 1427 2209 1495 sequitur
2250 1426 2443 1491 oratio,
2478 1424 2661 1478 Libera
2704 1442 2817 1491 nos,
2854 1440 3164 1495 quasumus,
3196 1426 3442 1480 Domine.
3461 1426 3529 1482 Et

1969 1517 2163 1585 accipit
2204 1515 2461 1570 diaconus
2486 1530 2680 1583 corpus
2709 1525 2763 1569 et
2786 1516 3096 1585 sanguinem
3127 1515 3356 1584 Domini,
3390 1519 3529 1587 quod

1969 1616 2091 1660 ante
2154 1605 2239 1661 die
2298 1620 2450 1661 caena
2515 1606 2722 1660 Domini
2769 1608 3025 1661 remansit
3067 1617 3122 1662 et
3163 1621 3528 1663 consecratum

1971 1694 2098 1760 fuit,
2130 1706 2179 1750 et
2211 1704 2373 1764 ponet
2400 1711 2561 1763 super
2601 1698 2801 1763 altare,
2830 1706 2885 1752 et
2922 1700 3319 1753 communicant
3344 1715 3531 1756 omnes

306 1805 467 1859 quare
492 1789 630 1843 diem
674 1796 915 1841 sanctum
944 1784 1165 1839 Pascha;
1212 1784 1590 1853 redemptionis
1634 1791 1829 1836 nostra:
1849 1822 1864 1847 ,
1896 1793 1943 1852 Β
1969 1802 2163 1855 corpus
2190 1799 2245 1841 et
2274 1789 2587 1856 sanguinem
2618 1787 2847 1855 Domini,
2874 1802 2993 1842 cum
3029 1788 3244 1845 silentio
3269 1789 3401 1844 nihil
3441 1805 3531 1845 ca-

308 1890 451 1933 tanto
480 1877 706 1948 amplius
749 1875 818 1931 ab
849 1876 993 1930 omni
1019 1874 1418 1943 inquinamento
1445 1872 1622 1927 carnis
1648 1873 1731 1926 vel
1769 1871 1842 1925 im

311 1971 565 2024 utuntiitia
594 1984 653 2024 se
690 1968 1019 2030 abstineant,
1065 1975 1120 2020 ut
1153 1965 1293 2034 digni
1338 1964 1443 2018 sint
1478 1965 1873 2017 communicare

309 2074 500 2128 rorpus
525 2069 580 2113 et
607 2059 921 2128 sanguinem
965 2057 1197 2111 Domini.
1241 2055 1478 2110 Monachi
1511 2068 1637 2109 vero
1673 2062 1727 2106 cl.
1768 2053 1876 2106 Ro-

312 2150 453 2203 mani
500 2149 676 2204 devoti
722 2148 805 2201 vel
852 2147 975 2201 boni
1012 2144 1354 2199 Christiania
1396 2143 1872 2213 quinquagesima,

314 2231 496 2288 rustici
525 2243 700 2287 autem
726 2243 783 2287 et
804 2232 1065 2300 reliquum
1098 2230 1290 2299 vulgus
1317 2244 1347 2282 a
1374 2228 1803 2297 quadragesima.

386 2327 618 2380 Primum
645 2335 819 2378 autem
844 2323 1103 2393 jejunium
1139 2338 1191 2375 tv
1219 2332 1272 2376 et
1300 2337 1350 2376 vt
1380 2320 1511 2375 feria
1560 2333 1678 2390 post
1704 2322 1872 2386 Quin-

313 2419 652 2487 quagesima,
676 2414 726 2470 id
749 2424 834 2469 est
870 2430 971 2468 una
1014 2413 1306 2468 ebdomada
1325 2424 1447 2468 ante
1467 2411 1879 2483 Qnadragesima

314 2509 453 2577 apud
500 2521 593 2562 eos
629 2506 853 2576 'publice
908 2514 1111 2574 agetur.
1168 2504 1295 2559 lude
1331 2519 1461 2559 vero
1505 2504 1673 2573 prima
1718 2503 1880 2558 ebdo-

320 2598 465 2654 insda
490 2600 542 2653 in
581 2596 995 2665 Quadragesima
1036 2596 1225 2650 iterum
1254 2611 1305 2648 tv
1335 2605 1389 2649 et
1414 2610 1463 2647 γι
1501 2593 1631 2648 feria
1680 2607 1773 2648 seu
1821 2601 1877 2646 et

316 2689 535 2744 sabbato
560 2690 820 2743 stationes
850 2687 1091 2756 publicas
1121 2685 1337 2750 iaciant,
1380 2695 1436 2739 et
1468 2685 1728 2755 jejunium
1755 2699 1878 2740 cum

318 2793 388 2837 an
441 2779 756 2835 lectionibus
789 2780 842 2831 in
873 2778 989 2847 ipso
1035 2779 1258 2833 sabbato
1304 2789 1702 2833 consumantur.
1743 2779 1805 2831 Et
1835 2778 1881 2830 si

318 2873 478 2928 fuerit
503 2871 654 2940 ipsud
669 2868 945 2923 sabbatum
969 2870 1035 2923 de
1059 2868 1247 2922 Martio
1268 2882 1471 2933 mense,
1491 2868 1879 2923 ordinationem

318 2964 657 3021 sacerdotum
687 2959 902 3017 faciant.
938 2959 994 3015 St
1024 2969 1203 3014 autem
1246 2960 1302 3015 in
1327 2962 1427 3013 alia
1472 2960 1751 3015 ebdomata
1794 2959 1883 3013 vel

319 3058 475 3112 tertia
516 3053 729 3125 quando
757 3052 997 3123 pontifex
1041 3052 1383 3121 judicaverit.
1431 3053 1622 3107 iterum
1667 3068 1718 3106 tv
1749 3062 1803 3106 et
1830 3068 1881 3106 vt

1972 1887 2181 1933 rentes.
2213 1878 2278 1931 Et
2307 1879 2361 1932 in
2400 1879 2513 1947 ipsa
2543 1888 2697 1933 nocte
2740 1879 2919 1935 lumen
2964 1880 3015 1935 in
3044 1882 3267 1937 ecclesia
3308 1899 3413 1937 non
3442 1900 3528 1939 ac-

1973 1969 2240 2036 cenditur,
2275 1971 2368 2025 sed
2391 1969 2750 2036 absconditur,
2781 1978 2838 2026 ut
2862 1985 2968 2025 non
2994 1972 3062 2025 ab
3089 1974 3339 2029 omnibus
3366 1976 3545 2029 videa-

1973 2068 2079 2125 tur,
2110 2074 2275 2129 usque
2305 2061 2355 2114 in
2388 2060 2627 2113 sabbato.
2664 2060 2755 2114 llis
2795 2060 3019 2129 expletis
3060 2063 3429 2132 ingrediuntur
3467 2067 3534 2119 ad

1974 2164 2240 2217 vesperas,
2274 2160 2327 2204 et
2367 2151 2478 2219 ipsa
2520 2162 2675 2205 nocte
2717 2165 2905 2206 omnes
2946 2152 3122 2207 devoti
3163 2156 3406 2209 monachi
3453 2158 3537 2212 vel

1975 2241 2074 2294 viri
2114 2241 2434 2296 venerabilis
2461 2253 2515 2295 et
2542 2242 2774 2311 religiosi
2815 2243 3144 2299 abstinentes
3184 2261 3244 2301 se
3282 2248 3350 2301 ab
3377 2262 3539 2302 omne

1977 2334 2167 2389 delicia
2197 2334 2493 2403 corporale,
2522 2346 2575 2389 ut
2602 2343 2795 2403 praeter
2820 2344 3019 2390 tantum
3049 2350 3237 2406 panem
3259 2347 3314 2393 et
3345 2354 3533 2409 aquam

1978 2441 2098 2480 cum
2125 2436 2278 2479 aceto
2306 2425 2526 2478 mixtum
2572 2442 2679 2480 non
2704 2435 2977 2483 sumentes
3003 2429 3203 2483 cibum.
3233 2430 3327 2484 Cui
3360 2442 3536 2485 autem

1981 2515 2236 2571 Dominus
2265 2526 2291 2553 ι
2314 2518 2562 2570 virtutem
2592 2517 2798 2572 dederit
2842 2528 3216 2588 pertranseunt
3244 2523 3360 2576 sine
3400 2524 3537 2587 t-ibo,

1984 2620 2151 2676 usque
2179 2607 2232 2661 in
2257 2607 2429 2677 vigilia
2452 2608 2671 2664 Pascha:
2688 2610 2742 2665 in
2771 2611 2993 2666 sabbato
3012 2623 3216 2679 sancto,
3245 2614 3371 2667 hora
3401 2630 3534 2670 nona

1983 2700 2091 2755 diei
2123 2700 2493 2770 ingrediuntur
2521 2702 2586 2756 ad
2616 2703 2843 2771 vigilias.

2054 2792 2309 2848 Primitus
2338 2797 2481 2848 enim
2523 2794 2756 2849 induunt
2800 2797 3105 2853 sacerdotes
3148 2814 3249 2853 una
3290 2815 3407 2854 cum
3431 2802 3538 2856 dia-

1982 2885 2205 2939 conibus
2234 2885 2472 2940 veStibus
2496 2900 2615 2940 cum
2645 2886 2840 2955 quibus
2866 2888 3073 2955 vigilias
3098 2891 3454 2956 celebrantur,
3487 2902 3542 2947 et

1984 2976 2277 3045 procedunt
2298 2976 2366 3031 de
2390 2978 2626 3033 sacrario
2656 2978 2832 3033 levita:
2865 2991 3068 3034 tantum
3111 2996 3230 3035 cum
3261 2983 3544 3038 subdiaco-

1986 3068 2143 3121 nibus
2165 3068 2270 3121 duo
2293 3080 2340 3122 et
2362 3066 2465 3121 duo
2485 3068 2635 3137 juxta
2658 3084 2715 3123 se
2740 3068 3097 3136 adhaerentes,
3120 3072 3236 3126 sine
3262 3072 3549 3127 luminibus

305 3151 450 3204 beris
479 3161 577 3202 seu
620 3156 673 3200 et
700 3144 924 3199 sabbato
950 3159 1069 3198 cum
1096 3159 1172 3198 ιιι
1213 3142 1530 3199 [calonibus
1572 3144 1709 3197 είοιιι
1736 3144 1880 3210 Prius
1906 3160 1951 3224 ρ
1984 3158 2250 3219 accensis,
2281 3160 2596 3213 canentibus
2647 3160 2857 3214 interim
2912 3160 3162 3217 fratribus
3211 3163 3444 3219 lmtania.
3483 3163 3549 3219 Ut

321 3241 569 3296 ordinare
633 3237 916 3301 videntur,
974 3244 1032 3290 et
1081 3234 1394 3289 ordinantur
1450 3236 1540 3304 qui
1602 3234 1882 3288 ordinandi

316 3340 465 3386 sunt.

391 3424 436 3478 A
475 3419 925 3490 Quinquagesima
975 3432 1101 3473 vero
1151 3419 1441 3488 incipiente
1489 3432 1652 3487 usque
1699 3418 1884 3486 quinto

322 3513 530 3569 decimo
553 3510 639 3567 die
659 3520 783 3565 ante
805 3509 1129 3579 Paschajam
1153 3510 1382 3564 diximus
1410 3514 1474 3562 atl
1497 3510 1700 3578 vigilias
1726 3511 1882 3579 Epta-

325 3606 484 3659 ticum
524 3603 770 3672 leguntur
794 3612 850 3656 et
875 3601 1216 3670 responsoria
1256 3602 1379 3656 inde
1418 3612 1699 3655 canuntur.
1735 3601 1885 3668 Quod

324 3698 367 3749 si
399 3692 522 3751 inde
546 3694 888 3764 reaponsoria
920 3696 1097 3748 minus
1128 3694 1424 3758 habuerint,
1457 3694 1888 3763 quadragesima-

326 3787 392 3839 lis
421 3785 762 3853 responsoria
786 3794 1063 3838 canentur.
1096 3784 1152 3837 ln
1181 3784 1455 3837 nmutinis
1486 3800 1611 3839 vero
1641 3784 1887 3839 laudibus

326 3876 617 3932 Dominicis
642 3890 673 3928 a
699 3874 1112 3944 Quadragesima
1144 3875 1415 3943 incipient,
1448 3875 1500 3929 id
1526 3885 1610 3929 est
1650 3874 1891 3929 Miserere

326 3971 419 4022 mei
445 3965 604 4021 Deus.
656 3963 784 4020 Inde
829 3973 1082 4034 sequatur
1115 3966 1348 4034 psalmus
1391 3968 1714 4022 centesimus
1746 3982 1886 4031 xvu,

324 4075 444 4113 cum
475 4057 738 4112 anteionis
777 4066 881 4111 tam
909 4057 977 4113 de
1010 4058 1290 4125 PrOpIietis
1318 4073 1474 4127 quam
1504 4060 1571 4113 de
1606 4061 1891 4129 Evangelio

324 4162 604 4205 canentur.
639 4150 704 4203 Et
740 4163 770 4202 a
800 4164 865 4202 xv
890 4148 977 4203 die
1005 4162 1125 4204 ante
1157 4150 1355 4203 Pascha
1404 4151 1660 4206 lectiones
1688 4155 1769 4207 vel
1800 4170 1890 4210 re-

327 4242 605 4311 sponsoria
654 4251 708 4296 et
751 4240 1013 4295 autefonte
1055 4258 1173 4295 cum
1230 4244 1471 4297 versibus
1523 4246 1589 4298 de
1648 4245 1891 4310 passione

332 4337 536 4392 Domini
588 4334 841 4405 incipiant
880 4334 1173 4388 celebrare.
1221 4334 1414 4399 Quinta
1446 4350 1572 4389 vero
1604 4337 1734 4390 feria
1766 4348 1892 4394 ante

334 4426 553 4490 Pascha,
596 4425 649 4480 id
685 4434 768 4480 est
797 4439 947 4480 coma
977 4423 1183 4477 Domini
1215 4426 1279 4477 ad
1320 4426 1508 4479 missas
1542 4428 1786 4481 antefona
1825 4431 1891 4483 ad

1986 3260 2164 3302 autem
2191 3249 2255 3301 ad
2283 3250 2451 3304 altare
2479 3252 2722 3304 venerint
2751 3260 2956 3307 stantes
2984 3253 3033 3307 in
3066 3254 3266 3309 ordinis
3295 3256 3429 3322 suis,
3462 3258 3549 3312 ille

1985 3341 2074 3409 qui
2101 3352 2311 3394 cereum
2335 3339 2572 3394 benedici
2599 3340 2782 3411 debet,
2814 3353 2963 3398 stans
2994 3345 3049 3398 in
3078 3346 3255 3399 medio
3277 3347 3551 3415 postulans

1986 3447 2079 3488 eos
2110 3448 2206 3501 pro
2233 3447 2293 3489 se
2316 3448 2493 3499 orare,
2531 3445 2585 3489 et
2630 3436 2829 3491 faciens
2856 3452 3070 3493 crucem
3103 3455 3265 3507 super
3296 3456 3547 3507 cereum,

1988 3532 2040 3576 et
2066 3524 2335 3592 accipiens
2363 3539 2392 3577 a
2415 3525 2745 3581 subdiacono
2788 3529 2962 3582 lumen
2996 3531 3136 3596 quod
3166 3531 3217 3583 in
3265 3546 3554 3598 parasceve

1988 3612 2306 3667 absconsum
2347 3613 2535 3680 fuerit,
2566 3626 2620 3669 et
2648 3631 2874 3672 accenso
2921 3634 3079 3675 cerea
3107 3621 3263 3683 dicit,
3310 3620 3553 3676 Dominus

1988 3704 2262 3757 vobiscum.
2309 3704 2651 3773 Respondent
2697 3724 2901 3774 omnes,
2934 3709 2999 3763 Et
3037 3727 3152 3763 cum
3202 3713 3399 3782 Spiritu
3440 3728 3549 3767 tuo.

1991 3800 2192 3854 Deinde
2230 3800 2381 3865 dicit,
2416 3801 2651 3868 Oremus,
2695 3813 2750 3857 et
2793 3804 2921 3858 dicit
2964 3807 3259 3861 orationem
3304 3810 3548 3876 primam.

1991 3888 2195 3943 Deinde
2216 3890 2365 3956 dicit,
2390 3890 2639 3945 Dominus
2669 3895 2941 3948 vobiscum.
2975 3896 3317 3965 Respondent
3343 3915 3549 3963 omnes,

1991 3978 2059 4032 Et
2090 3997 2204 4034 cum
2227 3981 2425 4053 Spiritu
2456 3992 2559 4037 tuo.
2592 3983 2783 4039 lterum
2814 3987 2963 4053 dicit,
2990 3989 3207 4042 Sursum
3229 3992 3403 4043 corda.
3430 3992 3549 4046 Res-

1991 4073 2227 4140 pondent
2259 4072 2515 4129 Habemus
2537 4078 2604 4129 ad
2631 4076 2920 4132 Dominum.
2953 4080 3142 4133 lterum
3173 4081 3323 4148 dicit,
3347 4082 3543 4137 Gratias

1991 4182 2203 4235 agamus
2242 4165 2462 4221 Domino
2502 4167 2607 4222 Deo
2644 4180 2835 4223 nostra.
2871 4170 3227 4242 Respondent,
3258 4174 3477 4246 Dignum
3499 4184 3545 4228 et

1984 4259 2183 4328 justum
2212 4266 2305 4312 est.
2332 4258 2423 4313 Vel
2452 4259 2625 4313 omnia
2666 4260 2801 4314 sicut
2832 4262 2885 4314 in
2912 4277 3133 4317 sacramt
3154 4272 3365 4319 ntorum
3403 4282 3544 4320 com-

1992 4361 2271 4403 memorist.
2318 4350 2602 4405 Benedicto
2648 4363 2823 4407 autem
2869 4367 3060 4420 cereo,
3106 4365 3441 4411 revertentur
3489 4358 3543 4412 ie.

1993 4442 2243 4496 sacrario.
2294 4443 2492 4498 Deinde
2541 4446 2826 4512 procedent
2876 4448 3179 4503 sacerdotes
3212 4448 3279 4503 de
3323 4453 3552 4504 sacrario

332 4518 608 4571 introitum
647 4531 752 4570 non
781 4525 1063 4578 canuntur.
1111 4517 1407 4582 apusmlum
1447 4529 1501 4571 ει
1544 4518 1888 4587 Evangelium
1922 4538 1968 4597 Ι)
1992 4547 2111 4585 cum
2139 4533 2443 4589 diaconibus
2466 4535 2615 4604 juxta
2644 4539 2858 4592 ordines
2888 4553 3012 4593 suos
3054 4555 3172 4595 cum
3200 4546 3437 4597 accensis
3465 4557 3551 4597 et»

331 4622 439 4660 non
471 4608 695 4675 legatur,
730 4620 830 4661 nec
857 4608 1253 4673 responsorium
1283 4619 1543 4673 cantatur,
1578 4623 1676 4663 nec
1700 4613 1895 4666 salutat

330 4697 629 4768 presbyter,
670 4696 720 4750 id
744 4705 827 4752 est
864 4696 1114 4749 Dominus
1139 4696 1434 4759 vobiscum;
1465 4714 1564 4753 nec
1609 4716 1789 4767 pacem
1816 4702 1893 4755 [οι-

329 4792 473 4841 ciant
498 4801 662 4856 usque
700 4787 754 4840 in
790 4786 1012 4841 sabbato
1040 4796 1245 4841 sancto.
1275 4787 1380 4842 Sed
1424 4803 1546 4844 cum
1578 4791 1790 4846 silentio
1824 4795 1891 4848 ad

333 4881 527 4933 missas
571 4877 952 4947 ingredientur.
987 4878 1053 4933 Et
1079 4878 1133 4932 in
1164 4879 1277 4947 ipsa
1304 4889 1461 4936 nocte
1497 4882 1548 4937 in
1590 4883 1767 4954 vigilia
1796 4901 1889 4954 pa-

331 4984 609 5032 rasceven,
643 4969 694 5023 id
720 4978 804 5025 est
842 4983 896 5023 v1
928 4969 1057 5025 feria
1090 4986 1194 5025 non
1223 4984 1508 5040 canuntur,
1547 4972 1748 5042 Gloria,
1792 4992 1890 5033 nec

332 5060 491 5130 Hyrie
516 5060 725 5125 eteison,
755 5075 853 5116 nec
878 5062 1087 5131 signum
1116 5063 1428 5132 pulsaverit,
1464 5081 1654 5136 usque,
1690 5068 1744 5121 in
1770 5068 1894 5122 sab-

334 5156 459 5206 lmto
487 5160 673 5206 sancto
707 5154 773 5207 ad
799 5154 1027 5222 vigilias.
1068 5156 1122 5208 in
1150 5170 1468 5225 parasceven
1506 5171 1718 5225 autem,
1750 5162 1891 5229 quod

334 5256 413 5296 est
445 5260 492 5297 vi
531 5244 666 5299 feria
704 5246 882 5314 passio
931 5245 1168 5310 Domini,
1211 5246 1343 5302 hora
1392 5265 1532 5305 nona
1575 5250 1894 5321 colliguntur

335 5352 524 5392 ntunes
551 5338 604 5391 iu
629 5337 933 5402 ecclesiam,
960 5348 1014 5393 et
1037 5339 1278 5408 legantur
1298 5340 1417 5396 dum
1460 5342 1739 5412 lectiones,
1762 5361 1894 5415 quas

405 5549 426 5574 ι
452 5538 582 5610 lluic
608 5548 731 5593 vnto
761 5538 899 5594 favet
917 5541 1201 5597 concilium
1224 5543 1615 5610 Quini-sextum
1643 5564 1762 5603 ean.
1796 5551 1881 5606 89.

334 5607 451 5657 λ’)ἰεοε
481 5609 758 5683 salutiferis
784 5611 1033 5677 passionis
1060 5612 1112 5664 in
1125 5607 1346 5683 jejunio,
1375 5626 1419 5667 et
1440 5618 1683 5683 oratione,
1709 5630 1754 5672 et
1779 5638 1890 5674 cor-

333 5682 409 5727 dis
440 5681 818 5748 compnnctioue
847 5681 1138 5751 peragentes
1175 5681 1369 5751 ﬁdeles,
1400 5702 1554 5751 usque
1578 5690 1644 5740 ad
1673 5681 1888 5745 mediam

335 5751 499 5813 muyttt
525 5751 712 5801 sabbati
738 5753 1179 5821 noctemjejunare
1201 5765 1412 5820 oportet.
1443 5754 1509 5809 Et
1546 5758 1738 5828 Regula
1773 5762 1884 5816 Ma-

1995 4624 2101 4677 reis
2121 4624 2187 4678 de
2216 4624 2332 4693 ipso
2358 4625 2555 4681 lumine
2582 4644 2698 4682 cum
2746 4629 3000 4685 turabulis
3024 4630 3427 4687 thimiamatum.
3456 4633 3553 4687 lte-

1995 4728 2111 4766 rum
2149 4724 2409 4769 canuntur
2438 4718 2664 4772 Its-lania.
2697 4718 2809 4788 Ipsa
2835 4730 3010 4775 autem
3037 4723 3265 4790 expleta,
3293 4724 3553 4777 stantibus

1995 4820 2122 4859 vero
2147 4815 2201 4860 et
2220 4805 2310 4859 dat
2330 4808 2579 4864 sacerdos
2594 4812 2883 4865 orationem
2904 4820 3049 4867 retro
3068 4813 3253 4881 altare,
3279 4814 3415 4868 sicut
3436 4830 3554 4870 nias

1995 4907 2096 4951 est.
2142 4897 2204 4951 Et
2248 4897 2555 4954 sedentibus
2603 4901 2963 4957 sacerdOtibus
2993 4904 3045 4956 in
3095 4904 3293 4960 ordinis
3325 4905 3472 4971 suis,
3501 4917 3556 4960 et

1997 4988 2361 5057 ingredientur
2396 4990 2464 5044 ad
2509 4992 2805 5060 legendum.
2849 4993 2974 5047 Post
3018 5010 3439 5066 unamquamque
3480 4997 3557 5050 ie-

1992 5079 2218 5135 ctionem
2243 5080 2335 5135 dat
2366 5082 2615 5157 sacerdos
2655 5085 2969 5153 orationem,
2997 5087 3132 5141 sicut
3160 5088 3210 5141 in
3240 5086 3553 5142 Sacramen-

1994 5179 2167 5225 torum
2214 5182 2679 5228 commemoratur.
2731 5174 2973 5244 Expletic
3016 5191 3145 5233 vero
3202 5177 3552 5241 lectionibus,

1992 5275 2115 5316 cum
2141 5264 2361 5318 canticis
2384 5279 2572 5319 eorum
2598 5273 2652 5319 et
2692 5265 3153 5323 benedictionibus
3174 5308 3189 5334 ,
3219 5278 3552 5324 revertentur

1995 5368 2181 5409 omnes
2209 5354 2438 5415 ministri
2474 5357 2716 5411 ecclesia:
2756 5358 2809 5410 in
2845 5359 3135 5415 sacrarium
3169 5373 3290 5415 cum
3318 5360 3555 5415 accensis

1993 5555 2161 5623 gistri,
2208 5570 2325 5624 cap.
2352 5556 2420 5611 58
2450 5556 2706 5629 decernit,
2736 5568 2793 5613 ut
2819 5562 2906 5629 qui
2932 5570 3123 5629 praeter
3152 5560 3379 5617 infantes
3408 5561 3555 5616 inﬁr-

1994 5640 2108 5701 mos
2136 5636 2194 5701 et_
2239 5627 2545 5701 senes,_die
2586 5627 2903 5686 Parascev’es
2934 5627 3054 5686 'cibi
3105 5633 3302 5701 aliquid
3341 5644 3556 5700 gustare

1994 5695 2255 5818 voluerit,
2288 5698 2655 5756 benedictione
2711 5716 2826 5770 qua:
2880 5701 3013 5758 cibis
3069 5695 3389 5772 impenditur
3447 5704 3550 5772 pri-

1996 5780 2058 5818 ΥΕ
2086 5783 2165 5818 ur.

1996 5780 2165 5820 vetur.
