3906 6208
283 305 3517 400 μμωμα-μμ

490 589 740 743 DE
848 577 1840 737 THEODORI
1976 563 3242 727 MOPSUESTEN
3251 562 3320 711 Ι

1224 887 1574 1002 VITA
1657 886 1834 997 ΕΤ
1926 877 2583 996 SCRIPTIS

657 1146 1534 1246 COMMENTATIO
1608 1139 2260 1232 HISTORICA
2334 1131 3151 1226 THEOLOGICA.

1779 1376 2056 1421 SCRIPSIT

1307 1511 1530 1574 OTTO
1581 1505 1994 1572 FRIDOLIN
2047 1504 2522 1566 FRITZSCIIE

1593 1670 1873 1708 TIIEOLOGIE
1915 1670 2231 1705 LICEﬁTIATCS.

1089 1791 1287 1859 (Halm,
1316 1787 1591 1849 sumptibus
1619 1783 1827 1834 libi-ariae
1850 1782 2272 1844 Orphanotrophei
2299 1779 2707 1832 HDCCCXXXVL
2735 1781 2750 1841 )

1521 2104 2335 2222 PR/EFATIO.

370 2497 574 2553 Sehola
618 2493 957 2547 Antiochena
985 2533 1000 2555 ,
1040 2505 1160 2558 qua:
1203 2505 1231 2541 a
1273 2485 1556 2540 Dorotheo
1593 2494 1647 2539 ct
1686 2484 1964 2549 Luciano,
2005 2482 2343 2554 presbyteris
2370 2523 2386 2546 ,
2423 2481 2526 2537 sub
2558 2479 2722 2533 ﬁnem
2763 2479 2944 2534 sreculi
2982 2480 3128 2534 tertii
3167 2480 3390 2534 condita
3426 2490 3511 2538 est
3534 2520 3553 2545 ,

298 2608 428 2645 eum
477 2607 539 2642 ea
588 2589 675 2642 via
716 2585 990 2638 incederet
1029 2597 1192 2650 quam
1238 2582 1451 2650 priores
1499 2579 1754 2632 doctores
1793 2577 2117 2632 Antiocheni
2159 2575 2424 2640 inierant,
2462 2573 2788 2643 theologiam
2830 2572 3032 2626 sensim
3071 2586 3134 2625 ac
3172 2573 3435 2641 paulatim
3476 2573 3552 2627 ita

303 2683 502 2738 studiis
537 2682 654 2735 suis
690 2686 974 2749 persecuta
1009 2684 1128 2735 est.
1164 2685 1222 2728 ut
1270 2672 1450 2724 indole
1491 2685 1587 2723 sua
1628 2667 1887 2737 peculiari
1926 2667 2218 2722 admodum
2259 2665 2542 2736 splendeat
2580 2678 2960 2733 summamque
3001 2663 3107 2716 vim
3155 2664 3209 2717 in
3252 2663 3554 2719 Ecclesiam

303 2774 546 2829 Griecam
587 2768 913 2824 exhibuerit.
957 2765 1186 2819 Frustra
1228 2763 1374 2817 enim
1415 2760 1672 2816 Ecclesia:
1709 2761 1910 2814 ϐτωοω
1935 2799 1950 2824 ,
1994 2760 2192 2814 veteris
2255 2761 2491 2813 maxime
2517 2798 2531 2820 ,
2593 2759 2829 2810 rationes
2866 2757 3178 2826 perspicere
3217 2757 3510 2812 conaberis
3537 2797 3554 2819 .

305 2872 413 2924 nisi
445 2868 772 2935 theologiam
806 2863 1202 2916 Antiochenam
1243 2859 1410 2929 probe
1444 2857 1786 2927 cognoveris.
1821 2854 1931 2911 Nec
1965 2856 2194 2909 nimium
2231 2855 2380 2916 dixi,
2416 2855 2524 2906 imo
2559 2861 2671 2907 tota
2706 2852 2976 2923 theologia
3009 2852 3195 2907 Graeca
3223 2892 3238 2914 ,
3271 2869 3397 2922 qua:
3429 2855 3556 2922 qui-

303 2967 430 3017 dem
465 2961 596 3031 quid
639 2960 742 3012 sibi
783 2959 941 3011 vellet
975 2954 1180 3008 sciebat
1219 2967 1396 3020 neque
1433 2949 1670 3004 infausto
1709 2939 1934 3019 torpore
1970 2949 2278 3010 tenebatur,
2314 2962 2400 2999 me
2433 2946 2616 3015 judice
2651 2961 2751 3013 per
2790 2955 3097 3016 temporum
3128 2947 3422 3002 decursum
3457 2951 3558 3003 tri-

307 3055 506 3124 partita
554 3058 702 3113 erat,
753 3045 1157 3106 Alexandrina,
1209 3039 1545 3094 Antiocheua
1598 3051 1646 3092 et
1701 3054 1822 3108 qua:
1875 3035 2106 3090 mediam
2157 3035 2449 3104 quamdam
2491 3035 2632 3087 viam
2691 3035 2835 3088 iniit.
2886 3036 3022 3089 Cum
3062 3036 3232 3106 igitur
3274 3047 3424 3092 tanta
3479 3044 3560 3094 vis

309 3145 512 3196 schola:
543 3140 897 3195 Antiochenai
937 3135 1132 3197 fuerit,
1174 3132 1409 3186 maxime
1445 3128 1733 3182 dolendum
1771 3127 1916 3196 quod
1958 3144 2065 3180 non
2104 3141 2170 3179 ea
2211 3126 2333 3179 luce
2372 3141 2479 3194 qua
2519 3125 2885 3178 Alexandrina
2927 3126 3248 3181 collustrata
3291 3137 3397 3182 est.
3443 3127 3558 3186 llac

311 3237 529 3291 demum
564 3244 722 3290 aetate
754 3233 820 3286 de
853 3246 914 3286 ea
946 3227 1193 3283 nonnulli
1226 3224 1342 3279 νγ.
1377 3223 1484 3278 DD.
1520 3223 1831 3277 accuratius
1857 3223 2295 3292 disputaverunt,
2323 3220 2413 3291 qui
2437 3235 2750 3291 quanquam
2776 3221 2830 3275 in
2857 3224 3134 3280 nonnullis
3173 3236 3562 3294 peccaverunt.

313 3346 508 3395 magna
544 3344 642 3381 sua
679 3326 839 3379 laude
875 3324 988 3377 haec
1023 3320 1205 3376 studia
1241 3316 1645 3372 excitaverunt.

389 3419 496 3487 Ego
529 3432 656 3471 vero
687 3430 795 3485 quo
825 3413 1033 3466 diutius
1073 3412 1126 3463 in
1162 3405 1390 3461 historia
1426 3402 1798 3458 ecclesiastica
1834 3401 2236 3471 perscrutanda
2274 3403 2532 3457 versabar
2566 3413 2620 3458 et
2653 3419 2762 3472 quo
2792 3404 2963 3474 magis
2995 3405 3101 3459 vim
3145 3421 3208 3460 ac
3242 3410 3563 3477 gravitatem

313 3513 516 3566 schola:
550 3507 904 3560 Auliocliena:
936 3503 1334 3573 perspiciebam
1362 3542 1377 3564 ,
1414 3517 1480 3557 eo
1517 3502 1711 3569 majori
1749 3503 1932 3555 studio
1973 3503 2027 3556 in
2060 3502 2179 3571 ejus
2218 3518 2308 3558 res
2347 3501 2604 3571 inquisivi
2627 3541 2642 3565 ,
2681 3518 2800 3571 qua:
2831 3503 2884 3556 in
2916 3503 3150 3556 maxima
3185 3519 3568 3561 monumento-

315 3623 442 3661 rum
497 3605 881 3658 historicorum
935 3602 1160 3671 penuria
1199 3601 1272 3654 ita
1307 3599 1708 3670 quodammodo
1752 3598 2040 3652 dilucidari
2083 3609 2311 3668 possunt
2337 3638 2352 3661 ,
2388 3607 2447 3650 ut
2477 3599 2666 3667 quales
2705 3597 2939 3652 diversis
2979 3599 3321 3667 temporibus
3362 3601 3566 3671 singuli

314 3701 518 3754 schola
550 3699 696 3750 illius
726 3695 976 3749 doetores
1011 3693 1213 3746 fuerint
1246 3693 1529 3762 anquiras.
1567 3690 1622 3744 In
1657 3692 1760 3745 hac
1793 3705 1921 3744 vero
1961 3690 2262 3759 perdimcili
2293 3689 2686 3759 disquisitione
2711 3727 2726 3751 ,
2767 3699 2822 3744 et
2859 3697 3106 3758 tempora
3147 3693 3316 3761 probe
3353 3693 3566 3749 discer-

317 3792 532 3852 nenda,
565 3799 619 3844 et
655 3804 720 3842 ea
761 3803 880 3858 quae
910 3788 1246 3857 singulorum
1278 3785 1561 3840 doctorum
1596 3786 1814 3854 propria
1851 3793 1980 3838 sunt
2011 3800 2184 3853 neque
2219 3785 2270 3836 in
2308 3784 2480 3852 ipsam
2518 3785 2758 3836 scholam
2789 3784 3009 3837 cadunt.

392 3884 523 3948 Quae
550 3898 674 3936 cum
707 3883 778 3933 ita
808 3882 950 3943 sint,
984 3895 1163 3948 operae
1199 3880 1432 3948 pretium
1466 3893 1552 3933 me
1584 3878 1856 3931 facturum
1893 3878 2115 3946 putavi,
2152 3876 2195 3930 si
2233 3878 2284 3929 in
2320 3876 2484 3930 rebus
2517 3874 2790 3931 Theodori
2821 3877 3148 3932 Antiocheni
3170 3919 3186 3943 ,
3224 3879 3570 3951 Mopsuestia:

317 3975 562 4045 episcopi
586 4014 600 4033 ,
631 3975 722 4042 qui
754 3972 1076 4040 theologiam
1109 3970 1500 4024 Antiochenam
1535 3969 1601 4022 ad
1635 3985 1753 4022 eam
1785 3985 1956 4039 quam
1981 3976 2138 4022 nacta
2165 3976 2248 4023 est
2279 3968 2664 4036 perfectionem
2693 3970 2901 4034 evexit,
2932 3987 3106 4025 meam
3137 3975 3572 4048 qualemcunque

317 4080 514 4119 coram
547 4064 874 4117 collocarem
907 4071 1070 4130 atque
1099 4062 1166 4116 de
1196 4062 1314 4130 ejus
1351 4062 1493 4124 vita,
1530 4061 1784 4130 scriptis,
1822 4061 2117 4130 Scriptura:
2145 4077 2314 4115 sacrae
2353 4063 2823 4132 interpretatione.
2860 4065 3142 4125 doctrina.
3189 4079 3467 4136 postremo
3503 4072 3572 4126 de

319 4157 447 4224 ejus
480 4155 605 4208 fatis
636 4163 763 4224 post
793 4153 902 4206 fata
935 4153 1246 4207 accuratius
1276 4161 1700 4207 commentarer.
1732 4152 1931 4220 Accipe
1957 4193 1972 4216 ,
2006 4151 2206 4206 Lector
2242 4153 2535 4217 benevole,
2569 4155 2709 4208 hanc
2742 4158 2974 4223 primum
3006 4159 3072 4211 de
3100 4157 3389 4216 Theodoro
3419 4179 3572 4217 com-

323 4248 711 4300 mentationem
748 4245 823 4313 (a)
860 4262 1088 4315 eamque
1123 4247 1455 4315 liipartitam.
1489 4247 1565 4298 Ac
1605 4246 1762 4297 vitam
1793 4246 2011 4314 quidem
2048 4244 2320 4298 Theodori
2355 4245 2409 4299 in
2460 4256 2605 4299 tanta
2656 4256 3132 4302 monumentorum
3177 4252 3570 4311 historicorum

331 4341 612 4408 paucitate
649 4354 808 4393 nemo
845 4340 1157 4394 describere
1196 4348 1413 4409 potest;
1455 4356 1575 4408 qua:
1614 4355 1743 4393 vero
1775 4340 1839 4392 de
1875 4343 1986 4393 vita
2029 4340 2190 4404 hujus
2227 4341 2330 4394 viri
2372 4350 2520 4396 certe
2558 4351 2651 4394 aut
2689 4343 3041 4411 probabiliter
3077 4345 3182 4400 dici
3219 4364 3380 4418 posse
3417 4351 3573 4407 vide-

321 4441 518 4483 rentur
554 4431 744 4484 sedulo
778 4431 1025 4500 congessi
1060 4441 1112 4486 et
1143 4432 1449 4485 exaniinavi
1480 4471 1495 4496 ,
1531 4447 1597 4484 ne
1629 4432 1926 4485 levioribus
1959 4434 2176 4502 quidem
2210 4433 2397 4496 rebus,
2431 4443 2491 4488 ut
2521 4450 2617 4504 par
2644 4431 2782 4494 erat.
2813 4437 3052 4490 omissis.

403 4520 521 4584 Quo
552 4522 807 4590 pauciora
839 4521 906 4574 de
938 4521 1058 4575 viro
1087 4522 1321 4590 quodam
1357 4521 1666 4576 clarissimo
1694 4521 1830 4573 edax
1863 4529 2076 4589 tempus
2111 4523 2317 4591 reliqua
2349 4522 2511 4585 fecit,
2539 4540 2605 4578 eo
2636 4524 2824 4587 majori
2858 4525 3039 4579 studio
3067 4542 3130 4581 ea
3159 4529 3260 4584 etsi
3298 4530 3574 4587 levissima

324 4629 620 4681 congerere
656 4614 812 4666 decet
847 4621 1010 4682 atque
1049 4615 1417 4680 perscrutari,
1460 4627 1570 4682 quo
1607 4612 1786 4681 qualis
1826 4611 1993 4665 fuerit
2033 4614 2077 4667 si
2121 4630 2230 4667 non
2271 4613 2510 4677 docere,
2551 4614 2864 4682 conjectura
2901 4625 3049 4671 certe
3096 4621 3314 4688 assequi
3358 4626 3567 4692 possis.

329 4705 564 4775 Magnus
597 4707 744 4760 enim
783 4707 864 4758 vir
900 4706 982 4759 vel
1022 4721 1089 4757 ex
1131 4707 1232 4767 iis,
1273 4707 1463 4774 paucis
1505 4706 1662 4765 licet,
1704 4721 1827 4773 quae
1864 4704 1930 4757 de
1967 4720 2032 4757 eo
2081 4707 2291 4774 reliqua
2333 4703 2478 4758 facta
2519 4714 2647 4760 sunt
2686 4712 2941 4775 cognosci
2991 4719 3185 4778 potest.
3237 4709 3335 4765 Vir
3381 4715 3576 4771 doctus

327 4815 512 4858 autem
546 4810 598 4857 et
631 4803 972 4857 clarissimus
1007 4802 1261 4856 Ecclesia:
1295 4801 1491 4855 doctor
1521 4801 1630 4856 fere
1666 4802 1819 4855 libris
1853 4800 1971 4855 suis
2009 4802 2222 4855 censeri
2265 4809 2445 4870 potest
2475 4841 2490 4863 ,
2522 4800 2589 4855 de
2627 4803 2829 4871 quibus
2861 4805 2904 4859 si
2940 4807 3069 4859 satis
3102 4816 3358 4863 accurate
3388 4809 3577 4881 dispu-

326 4899 534 4951 taveris
555 4938 570 4960 ,
601 4896 724 4964 ejus
754 4911 842 4950 res
872 4910 1066 4964 magna
1093 4910 1160 4949 ex
1192 4903 1348 4964 parte
1378 4896 1768 4951 illustraveris.
1817 4894 2140 4963 Quanquam
2175 4911 2244 4948 ne
2277 4905 2388 4947 tum
2418 4895 2637 4963 quidem
2688 4894 3002 4964 hujusmodi
3037 4898 3336 4968 disputatio
3366 4903 3577 4964 inutilis

332 4999 422 5045 est
445 5030 460 5050 ,
491 4991 536 5042 si
568 4990 829 5043 librorum
872 4991 1090 5043 illorum
1127 4989 1239 5043 fere
1273 5006 1445 5058 pauca
1480 4989 1780 5060 fragmenta
1815 4998 2135 5059 supersunt.
2167 4989 2308 5055 Quid
2350 4990 2493 5060 quod
2524 5006 2586 5044 ex
2620 4991 2753 5045 solis
2785 5007 2974 5047 eorum
3017 4994 3191 5049 titulis
3223 4996 3428 5066 aliquid
3460 5002 3578 5056 elli-

331 5081 494 5134 cias?
525 5082 603 5135 Ad
637 5081 982 5136 Theodorum
1021 5094 1202 5136 autem
1236 5091 1293 5135 ut
1324 5093 1585 5148 revertar,
1617 5083 1998 5138 dillicillimum
2033 5091 2150 5137 erat
2183 5100 2247 5137 ac
2279 5083 2460 5153 magni
2497 5083 2699 5138 laboris
2721 5123 2735 5146 ,
2780 5085 2846 5138 de
2888 5085 3009 5154 ejus
3051 5089 3262 5156 scriptis
3282 5101 3579 5154 exponere.

333 5193 467 5230 cum
501 5194 619 5246 quae
656 5177 760 5231 huc
797 5179 1134 5247 pertinerent
1167 5179 1404 5231 nondum
1446 5179 1580 5233 satis
1618 5187 1873 5234 accurate
1902 5188 2160 5249 congesta
2197 5188 2358 5248 atque
2396 5179 2710 5232 examinata
2759 5187 2986 5241 essent,
3037 5181 3154 5249 ipsa
3197 5196 3334 5236 vero
3373 5182 3584 5252 disqui-

334 5269 504 5334 sitio,
553 5284 714 5336 quam
765 5270 949 5324 nullus
1001 5270 1086 5322 vir
1135 5271 1331 5324 doctus
1374 5286 1547 5336 usque
1575 5271 1753 5324 adhuc
1780 5278 1888 5322 tam
1920 5271 2024 5324 late
2057 5280 2241 5338 patere
2268 5270 2476 5332 voluit,
2509 5268 2564 5321 in
2613 5277 2764 5322 tanto
2805 5278 3046 5324 veterum
3097 5271 3315 5326 silentio
3361 5275 3584 5343 spinosa

333 5374 520 5428 esset,
563 5366 615 5419 in
662 5381 769 5434 qua
808 5381 876 5419 ne
913 5375 1156 5435 Optarem
1196 5369 1379 5437 potius
1416 5382 1578 5437 quam
1618 5367 1869 5421 docerem
1909 5365 2218 5420 cavendum
2249 5374 2385 5419 erat.
2423 5363 2543 5417 Non
2573 5365 2749 5418 solum
2790 5373 2970 5420 autem
3011 5382 3134 5434 qua:
3177 5366 3435 5421 historica
3481 5369 3584 5422 fide

330 5455 506 5526 digna
543 5469 722 5514 essent
763 5459 1052 5529 disquisivi
1079 5500 1095 5525 ,
1136 5477 1324 5516 verum
1365 5462 1531 5515 etiam
1571 5461 1686 5516 haec
1725 5460 1843 5530 ipsa
1883 5468 2031 5515 recte
2069 5459 2374 5528 intelligere
2411 5466 2577 5528 atque
2614 5473 2681 5512 ex
2723 5458 2792 5513 iis
2831 5474 2894 5513 ea
2929 5474 3052 5528 qua:
3081 5470 3225 5515 recte
3256 5459 3395 5514 ellici
3424 5475 3586 5531 posui

423 5655 493 5725 (a)
525 5656 656 5739 Quae
694 5659 759 5714 de
777 5657 1492 5741 Theodori‘commentariis
1525 5661 1574 5741 in
1599 5661 1849 5741 _f’salnio_s
1883 5672 1939 5741 et
1969 5661 2022 5741 in
2055 5661 2223 5741 libros
2255 5660 2388 5741 Novi
2420 5659 2754 5718 Testamenti
2786 5640 3084 5732 disputavi,
3120 5676 3182 5718 ea
3220 5659 3429 5733 integra
3475 5658 3585 5713 fere

336 5731 658 5797 nuperrime
689 5733 980 5798 separatim
1009 5731 1174 5797 edidi,
1211 5741 1266 5784 ut
1292 5734 1525 5793 honores
1552 5733 1839 5791 Licentiati
1870 5733 2154 5804 theologia:
2176 5733 2279 5790 rite
2299 5733 2669 5803 impetrarem.

698 5820 968 5882 Pnaou
1012 5820 1132 5883 Gn.
1178 5823 1396 5887 LXVI.
3217 5820 3248 5881 ι
