3906 6208
259 214 323 268 ta
1038 207 1128 260 ns
1166 205 1512 261 rueoooru
1553 203 2032 260 norsnssmvt
2074 202 2234 257 \‘I‘I‘A
2274 201 2361 257 E'l‘
2403 199 2727 256 SCRIPTIS.
3244 174 3269 201 '
3418 201 3485 254 tr.

261 327 397 396 sq.),
433 324 670 380 inﬁrmis
700 324 816 378 nixi
844 325 1176 390 rationibus,
1205 323 1271 377 ad
1298 338 1351 379 a.
1377 322 1502 377 4‘27.
1538 353 1606 365 --
1633 321 1812 375 Theo-
1845 332 1887 384 Α
1919 336 1971 391 p.
2004 321 2127 384 650,
2158 320 2229 374 cl.
2270 336 2323 390 p.
2348 319 2472 382 6L8,
2503 319 2647 373 unde
2677 333 2800 374 eum
2831 333 2878 371 ο.
2917 318 3028 373 498
3056 318 3259 374 obiisse
3288 320 3483 375 verisi—

236 418 427 471 ‘doret.
468 415 537 470 Η.
586 432 636 469 e.
684 433 743 481 ν,
766 414 845 469 «59
881 433 894 468 :
928 415 1094 467 Πέντε
1142 416 1236 468 καὶ
1268 414 1459 467 ἑκατὸν
1492 413 1629 466 ἐτῶν
1659 413 1754 483 ἥδε
1784 414 1818 483 ἡ

263 506 465 577 ἱστορία
517 505 767 576 περιέχει
818 504 1037 575 χρόνον,
1096 501 1375 575 ἀρξαμένη
1432 501 1530 571 μὲν
1566 501 1676 554 ἀπὸ
1722 500 1821 569 τῆς

272 599 476 669 Ἀρείου
503 597 725 668 λύττης,
771 596 1036 667 δεξαμένη
1068 595 1125 649 δὲ
1159 595 1330 666 πέρας
1359 594 1466 648 τῶν
1495 595 1821 662 ἀξιεπαινων

257 690 466 758 ἀνδρῶν
486 689 776 761 θεοδώρου
800 688 898 741 καὶ
919 688 1170 741 Θεοδότου
1194 687 1294 759 τὴν
1332 687 1605 758 τελευτήν.
1638 686 1820 742 Praef.

258 782 530 845 Εὐσέϐιος.
561 821 576 835 .
617 821 631 832 .
664 822 679 835 .
716 820 732 835 .
768 820 782 833 .
824 781 982 852 μέχρι
1010 780 1103 833 τοῦ
1130 779 1200 849 (ι.
1237 778 1369 849 τῆς)
1414 779 1820 833 Κωνσταντίνου

261 873 539 943 Θεοφιλνῗκ
572 872 847 942 βασιλείας
874 874 943 923 τὰ
978 874 1100 933 ταῖς
1155 871 1501 941 Ἐκκλησίαις
1542 870 1822 940 60116561;-

260 966 393 1019 κότα.
423 964 779 1035 συνέγραψεν·
824 962 935 1030 ἐγὼ
961 962 1019 1015 δὲ
1042 962 1141 1032 τῆς
1165 963 1486 1032 συγγραφῆς
1521 961 1735 1031 ἐκείνης
1762 962 1824 1013 τὸ

260 1056 407 1115 τέλος
431 1056 607 1126 ἀρχὴν
634 1055 734 1124 τῆς
769 1053 1006 1124 ἱστορίας
1031 1054 1345 1123 ποιήσομαι.
1382 1051 1603 1107 Eusebii
1640 1051 1823 1105 Histo-

262 1149 344 1199 κὶα
381 1147 571 1201 ﬁnitur
617 1147 935 1200 narratione
974 1144 1041 1200 de
1080 1144 1292 1199 Licinio
1326 1146 1540 1198 devicto
1560 1145 1663 1213 -(a.
1697 1144 1821 1198 526.

262 1234 506 1309 [45251])
539 1251 604 1291 ac
640 1237 708 1290 de
738 1234 917 1289 medio
952 1235 1169 1289 sublato
1214 1234 1308 1305 (a.
1365 1235 1529 1303 525),
1569 1233 1822 1289 Theodo-

261 1342 407 1385 retus
436 1338 640 1394 autem,
680 1329 770 1383 ubi
804 1328 842 1382 l.
886 1344 930 1391 ι,
962 1341 1012 1381 c.
1049 1328 1103 1392 1,
1132 1325 1427 1389 Maxentio,
1456 1326 1747 1380 Maximino
1772 1334 1826 1379 et

262 1418 477 1475 Licinio
518 1419 767 1490 tyrannis
791 1418 867 1472 de
909 1418 1089 1473 medio
1125 1417 1380 1480 sublatis,
1413 1416 1671 1472 Ecclesia:
1700 1433 1827 1487 pro-

262 1515 456 1568 cellam
507 1512 750 1565 sedatam
786 1510 958 1564 fuisse
1008 1509 1318 1579 perhibuit,
1359 1510 1424 1562 ad
1469 1524 1556 1563 res
1590 1510 1825 1563 Arianas

263 1604 568 1659 narrandas
596 1600 933 1674 aggreditur.
986 1600 1173 1671 Neque
1211 1616 1341 1656 vero
1370 1600 1710 1656 obiciendum
1757 1616 1823 1656 ex

265 1697 375 1751 illis
414 1696 587 1756 locis,
637 1694 781 1762 quod
827 1693 961 1764 Pagi
1014 1692 1229 1753 ell'ecit,
1284 1694 1552 1747 rationem
1608 1692 1825 1747 illorum
1859 1674 1899 1728 Β

266 1787 368 1839 1υὸ
414 1799 680 1837 annorum
704 1785 778 1838 ab
811 1798 862 1837 a.
893 1781 999 1836 525
1042 1780 1333 1835 iucundam
1362 1796 1506 1837 esse.
1536 1779 1680 1835 Sane
1706 1782 1831 1850 qui-

264 1876 385 1929 dem
440 1873 681 1929 Licinius
726 1888 779 1926 a.
813 1872 919 1927 525
950 1872 1249 1941 suspendio
1288 1872 1542 1927 sublatus
1590 1880 1695 1936 est,
1731 1871 1828 1926 sed

261 1967 371 2035 jam
416 1972 578 2027 ante,
625 1972 912 2035 postquam
968 1963 1212 2017 Licinius
1268 1965 1446 2019 victus
1502 1964 1733 2033 imperio
1768 1978 1828 2018 se

266 2058 566 2121 abdicavit,
605 2056 1005 2113 Constantinus
1048 2059 1201 2113 solus
1256 2058 1553 2128 imperator
1592 2067 1734 2121 erat,
1772 2066 1827 2112 et

267 2152 405 2207 male
433 2150 814 2206 Theodoretus
843 2165 873 2203 a
908 2159 1079 2206 morte
1108 2149 1305 2205 Licinii
1341 2167 1450 2206 non
1486 2151 1826 2206 memorabili

264 2246 377 2311 illa,
406 2244 502 2300 sed
542 2260 705 2313 quam
744 2243 1009 2299 Eusebius
1052 2259 1357 2299 memorare
1383 2244 1557 2314 potuit
1585 2244 1685 2314 (α),
1723 2246 1826 2298 Hi-

263 2338 445 2391 storia
498 2352 614 2391 sua:
644 2336 863 2391 initium
914 2336 1167 2405 cepisset.
1200 2339 1269 2390 At
1303 2335 1678 2391 memorabilis
1708 2345 1828 2390 erat

263 2431 491 2483 victoria
517 2430 587 2483 de
621 2428 834 2483 Licinio
872 2436 1180 2499 reportata,
1215 2443 1322 2497 qua
1354 2429 1643 2498 imperium
1683 2428 1825 2498 apud

264 2523 441 2576 solum
465 2520 891 2575 Constantinum
917 2536 1041 2576 esse
1064 2522 1248 2591 erepit.
1280 2518 1448 2573 Multo
1469 2517 1829 2574 minusTheo-

263 2615 484 2670 doretus
519 2614 685 2683 priori
732 2612 824 2666 illo
848 2613 970 2667 loco
1001 2628 1062 2667 se
1090 2613 1160 2667 ab
1192 2625 1258 2666 eo
1297 2625 1444 2665 anno
1466 2649 1482 2673 ,
1522 2625 1632 2680 quo
1662 2609 1827 2666 Arius

264 2703 319 2757 in
377 2705 587 2774 synodo
649 2703 867 2758 Nicaena
928 2703 1221 2758 damnatus
1275 2710 1452 2763 esset,
1532 2702 1827 2755 Historiam

262 2811 553 2851 enarrasse
589 2794 873 2850 indicavit.
931 2792 1045 2848 Hoc
1094 2794 1239 2848 enim
1274 2802 1636 2864 praeterquam
1680 2793 1826 2861 quod

260 2888 550 2959 perspicue
579 2887 941 2948 enuntiasset,
979 2885 1070 2940 ille
1099 2885 1253 2939 locus
1283 2884 1404 2939 ideo
1449 2885 1515 2939 ad
1568 2885 1825 2938 trutinam

261 2979 406 3049 exigi
445 2993 555 3033 non
586 2986 785 3048 potest,
826 2977 970 3046 quod
1004 2976 1244 3046 alioquin
1276 2976 1344 3029 ab
1364 2991 1417 3030 a.
1455 2974 1566 3030 fere
1594 2976 1696 3030 519
1727 2974 1826 3028 1Ιί-

258 3073 486 3125 storiam
540 3085 692 3123 suam
734 3069 1021 3124 inchoasse
1067 3075 1231 3137 atque
1263 3068 1338 3121 ita
1374 3082 1558 3123 secum
1584 3068 1699 3137 ipse
1727 3083 1827 3137 pu-

258 3178 429 3233 gnare
456 3160 835 3215 Theodoretus
863 3160 1174 3214 censendus
1218 3168 1382 3213 esset.
1436 3156 1604 3213 Recte
1641 3165 1825 3211 tamen

262 3253 356 3306 illo
384 3252 545 3306 modo
575 3251 722 3320 loqui
756 3249 949 3319 potuit,
982 3249 1108 3317 quia
1142 3249 1333 3318 paucis
1364 3248 1666 3318 praemissis
1698 3244 1826 3315 pri-

262 3357 409 3395 mum
455 3357 545 3396 res
587 3342 822 3394 Arianas
860 3338 1125 3392 narravit.
1175 3338 1362 3406 Itaque
1410 3336 1699 3407 posteriori
1734 3336 1826 3389 illo

265 3436 387 3487 loco
430 3443 615 3502 utpote
655 3430 945 3501 perspicuo
980 3430 1233 3499 illiusque
1267 3428 1517 3482 Historiae
1553 3428 1825 3497 prioribus

262 3529 426 3580 nixus
481 3526 788 3594 capitibus,
843 3522 1155 3577 accuratius
1203 3521 1350 3576 enim
1395 3536 1458 3576 ea
1506 3528 1821 3582 narrantur,

261 3633 384 3687 quae
424 3634 543 3689 syn.
582 3614 854 3669 Nicaeuam
882 3614 977 3683 (d.
1010 3630 1076 3667 xx
1113 3629 1187 3666 tn.
1228 3612 1353 3666 Mai.
1404 3621 1498 3666 aut
1526 3611 1653 3666 Jun.
1682 3612 1823 3666 325i

262 3717 662 3782 prmeesserunt
694 3724 924 3778 quaeque
965 3705 1109 3760 haud
1138 3706 1301 3760 dubie
1333 3721 1580 3775 magnam
1613 3712 1820 3775 partem

236 3817 318 3857 γι.
352 3801 455 3855 524
478 3808 632 3872 gesta
672 3809 825 3864 sunt,
857 3797 1257 3853 Theodoretum
1284 3797 1355 3851 ab
1379 3812 1430 3849 a.
1464 3796 1570 3850 324
1608 3796 1821 3849 illorum

260 3908 530 3947 annorum
557 3892 827 3945 rationem
858 3888 984 3942 iniri
1023 3887 1263 3942 voluisse
1297 3886 1650 3956 probabiliter
1671 3886 1826 3939 dixe-

261 3987 362 4039 ris.
386 3983 505 4038 Jam
539 3984 584 4037 si
616 3998 787 4037 annos
824 3979 923 4034 105
956 3980 1116 4033 annis
1144 3978 1249 4032 524
1282 3976 1459 4039 addis,
1486 3992 1664 4031 annus
1693 3976 1819 4041 428,

257 4077 370 4132 duo
397 4076 541 4131 enim
574 4074 700 4128 anni
730 4072 833 4127 105
861 4081 913 4126 et
933 4072 1035 4126 5'24
1064 4070 1375 4140 incomplcti
1418 4084 1515 4139 pro
1548 4069 1820 4138 completo

258 4168 616 4230 numerandi,
664 4165 895 4221 eﬂicitur
938 4172 992 4219 et
1035 4164 1253 4233 quidem
1301 4162 1422 4230 ejus
1462 4163 1679 4222 exitus,
1712 4175 1822 4229 quo

257 4260 584 4317 Theodorus
621 4267 868 4311 mortuus
903 4266 984 4310 est
1013 4254 1107 4325 (ὑ).
1142 4254 1277 4309 Huic
1306 4262 1486 4307 autem
1521 4253 1823 4306 ratiocina-

1922 412 2126 467 milius.
2147 410 2348 466 Eodem
2364 410 2601 479 denique
2625 424 2724 464 nos
2746 408 2895 463 ducit
2915 409 3144 479 epistola
3159 406 3485 464 Theodoreti

1922 503 1992 557 ad
2028 502 2342 556 Dioscurum
2372 517 2422 553 a.
2453 501 2559 557 448
2585 504 2669 571 (v.
2702 500 2831 570 Pagi
2869 500 2904 552 Ι.
2932 500 2969 553 l.
3001 499 3068 553 ad
3100 514 3152 553 a.
3183 499 3328 571 425)
3357 500 3485 554 data

1923 596 2042 665 (ed.
2089 595 2211 649 Hal.
2262 592 2352 657 IV,
2400 611 2453 662 p.
2489 593 2627 647 1145
2670 607 2752 661 sq.
2778 593 2817 662 ),
2856 592 2910 646 in
2954 605 3061 661 qua
3100 591 3232 645 dicit
3268 607 3331 647 se
3370 591 3483 645 An-

1922 685 2137 740 tiochiae
2165 684 2270 739 sub
2293 700 2379 754 ep.
2410 682 2690 737 Theodoto
2721 699 2815 753 per
2847 699 2946 739 sex
2976 698 3151 738 annos
3176 694 3230 737 et.
3253 699 3348 753 per
3377 692 3489 738 tre-

1922 779 2097 832 decim
2137 778 2240 832 sub
2270 793 2356 844 ep.
2390 776 2599 832 Joanne
2629 777 2900 842 docuisse,
2927 776 3039 844 jam
3072 777 3366 846 septimum
3399 776 3486 846 agi

1924 884 2124 923 annum
2145 908 2160 932 ,
2186 885 2303 939 quo
2335 869 2438 922 sub
2464 884 2552 938 ep.
2590 867 2799 922 Domno
2836 868 3046 923 doceat.
3078 900 3148 908 —
3178 866 3488 938 Episcopa-

1924 970 2062 1024 tum,
2093 962 2145 1015 in
2171 976 2280 1031 quo
2314 961 2533 1030 triginta
2559 974 2654 1015 sex
2688 974 2859 1014 annos
2887 959 3153 1028 transegit
3181 959 3276 1028 (cf.
3305 941 3488 1014 Theo-

1923 1055 2099 1107 daret.
2134 1052 2206 1105 11.
2243 1054 2371 1107 ecct.
2403 1069 2469 1113 v,
2503 1051 2615 1121 59),
2654 1050 2975 1106 Theodorus
3022 1058 3117 1104 aut
3164 1059 3396 1104 exeunte
3432 1065 3484 1103 a.

1925 1147 2047 1210 592,
2081 1152 2174 1199 aut
2199 1146 2417 1198 ineunte
2444 1145 2553 1198 595
2590 1143 2818 1213 adeptus
2852 1150 2958 1197 est.
2992 1141 3126 1195 Eum
3154 1157 3206 1195 a.
3230 1142 3360 1200 382.
3393 1149 3487 1195 aut

1925 1238 2049 1303 585,
2082 1237 2457 1306 presbyterum
2484 1235 2883 1289 Antiochenam
2913 1234 3117 1287 factum
3144 1249 3289 1297 esse,
3320 1231 3489 1287 Tille-

1928 1330 2117 1385 montii
2153 1330 2188 1383 l.
2218 1330 2285 1393 1.,
2322 1345 2376 1400 p.
2412 1328 2539 1389 456,
2577 1312 2662 1383 est
2701 1326 3043 1394 conjectura,
3072 1325 3216 1379 haud
3252 1326 3491 1379 absurde

1928 1422 2016 1475 illa
2048 1421 2264 1491 quidem
2296 1420 2477 1475 verbis
2502 1418 2730 1473 Joannis
2757 1434 2844 1488 ep.
2874 1418 3001 1471 Ant.
3032 1433 3123 1487 ap.
3152 1416 3395 1471 Facund.
3426 1431 3487 1479 tl,

1926 1514 1961 1566 ἓ
1986 1529 1999 1564 :
2029 1513 2267 1582 Quinque
2310 1521 2359 1566 et
2405 1511 2760 1582 quadraginta
2800 1511 2954 1563 annis
2995 1508 3138 1562 clare
3165 1509 3218 1562 in
3247 1508 3490 1562 doctrina

1927 1605 2190 1674 prwfulsit
2243 1635 2312 1645 -
2367 1634 2437 1644 -—
2486 1604 2868 1673 quinquaginta
2912 1618 3037 1671 pene
3090 1602 3243 1655 annis
3282 1602 3493 1670 fortiter

1929 1705 2305 1766 repugnantem
2373 1696 2576 1749 cunctis
2627 1695 2914 1749 hmresibas
2967 1724 3035 1734 —
3088 1693 3338 1756 tirmata,
3396 1694 3493 1747 ad-

1928 1787 2148 1842 modum
2185 1796 2366 1841 tamen
2420 1786 2608 1841 dubia.
2648 1785 2820 1841 Natus
2858 1794 2948 1839 est
3013 1799 3066 1839 a.
3111 1785 3251 1850 350,
3314 1784 3492 1854 siqui-

1928 1877 2049 1931 dem
2079 1878 2290 1949 priores
2318 1878 2439 1933 duae
2485 1875 2866 1948 Chrysostomi
2900 1875 2969 1928 ad
3010 1876 3340 1930 Theodorum
3377 1877 3494 1944 epi-

1930 1970 2082 2025 stola:
2104 1977 2251 2024 recte
2285 1969 2351 2023 ad
2370 1983 2422 2023 a.
2442 1968 2545 2023 569
2566 1966 2900 2022 referuntur.
2921 1966 3006 2021 Cf.
3039 1966 3326 2037 Chrysost.
3350 1963 3490 2035 Opp.

1928 2062 1970 2127 Ι,
1992 2078 2045 2131 p.
2080 2061 2173 2124 59,
2203 2091 2271 2100 —-
2294 2059 2409 2122 νῦν,
2437 2061 2525 2112 ὅτε
2545 2058 2696 2112 οὔπω
2729 2059 2971 2111 εἰκοστὸν
2996 2058 3152 2126 ἄγεις
3184 2056 3321 2120 ἔτος.
3356 2055 3489 2110 Eunt

1929 2164 2074 2208 certe
2108 2153 2203 2207 illo
2252 2150 2367 2207 fere
2400 2160 2646 2221 tempore
2691 2151 2746 2204 in
2771 2151 2945 2205 lucem
2976 2150 3185 2204 editum
3222 2164 3364 2211 esse,
3399 2163 3493 2201 ra-

1927 2246 2122 2307 tiones,
2141 2244 2341 2315 quibus
2360 2257 2483 2295 cum
2508 2242 2900 2313 Chrysostomo
2920 2241 3214 2295 tenebatur
3235 2242 3253 2310 (
3271 2255 3323 2294 v.
3343 2239 3490 2301 inl'.),

1931 2341 2252 2405 argumento
2301 2342 2450 2388 sunt.
2516 2331 2585 2385 Et
2643 2332 2859 2387 videtur
2911 2346 3044 2386 sane
3097 2331 3495 2402 Chrysostomo

1931 2427 2144 2482 duobus
2174 2426 2418 2479 tribusve
2458 2425 2617 2478 annis
2651 2422 2879 2477 inferior
2906 2422 3094 2477 fuisse.
3129 2422 3312 2491 Itaque
3344 2438 3493 2475 seue-

1927 2526 2065 2572 ctute
2094 2532 2230 2570 cana
2265 2515 2572 2570 debilitatus
2605 2512 2701 2581 (cf.
2733 2512 2966 2585 Hesych.
2999 2515 3052 2566 in
3082 2516 3199 2566 Act.
3236 2529 3283 2566 c.
3308 2513 3489 2566 Const.

1928 2609 1993 2673 ll,
2022 2611 2086 2664 A.
2121 2607 2161 2660 ν
2188 2627 2203 2675 ;
2234 2607 2401 2661 llard.
2441 2606 2602 2661 Cone.
2636 2605 2722 2669 Ill,
2758 2622 2811 2676 p.
2847 2607 2948 2661 104
2975 2615 3028 2660 et
3061 2621 3113 2674 p.
3145 2604 3270 2669 452,
3302 2606 3355 2659 in
3388 2605 3490 2660 Pe-

1930 2703 2031 2773 Iug.
2087 2717 2212 2772 pap.
2278 2716 2365 2771 ep.
2420 2700 2511 2766 lll,
2562 2702 2631 2753 ad
2683 2699 2859 2753 Eliam
2902 2710 2954 2753 et
2985 2699 3163 2755 Irtria:
3190 2700 3297 2770 ep.)
3326 2715 3493 2754 senex

1928 2792 2266 2863 septuaginta
2289 2791 2407 2847 fere
2435 2799 2489 2846 et
2523 2801 2648 2845 octo
2669 2806 2939 2847 annorum
2963 2792 3315 2848 obdormivit.

1998 2881 2241 2938 Fratrem
2277 2883 2465 2938 habuit
2500 2882 2943 2954 Polychronium,
2974 2882 3033 2937 S.
3064 2882 3281 2939 Zebina:
3297 2892 3493 2937 ascette

1928 2972 2256 3042 discipulum
2296 2980 2351 3028 et
2384 2973 2638 3028 aemulum
2663 3013 2678 3037 ,
2727 2981 2849 3042 post
2879 2974 3241 3043 Apamensem
3276 2973 3491 3042 cpisco-

1930 3080 2055 3133 pnm
2093 3064 2205 3137 (c);
2244 3064 2517 3119 Paeanium
2541 3103 2557 3127 ,
2607 3065 2783 3119 virum
2824 3065 3060 3119 nobilem
3084 3105 3101 3131 ,
3151 3064 3244 3133 qui
3280 3065 3335 3119 in
3374 3080 3490 3118 ma-

1928 3156 2156 3225 gistratu
2183 3164 2319 3222 erat,
2356 3163 2646 3226 cognatum
2679 3155 2969 3228 (ἀνεψιόν)
2996 3154 3093 3225 (d).
3127 3154 3264 3209 Cum
3319 3156 3485 3209 vitam

1926 3247 2309 3317 qumstuariam
2344 3248 2659 3328 scholastici
2693 3250 2808 3305 sive
2845 3247 3131 3313 causidici,
3164 3263 3330 3320 quam
3373 3257 3488 3303 tum

1930 3341 2040 3396 fere
2071 3341 2209 3395 inire
2238 3341 2597 3411 solebantqui
2628 3340 2692 3395 ad
2726 3342 2936 3411 amplos
2968 3341 3205 3396 honores
3239 3341 3488 3411 publicos

1928 3430 2187 3485 accedere
2228 3430 2551 3499 cupiebant,
2584 3430 2836 3501 amplecti
2870 3431 3057 3494 vellet,
3086 3430 3335 3491 Libanio,
3372 3432 3489 3484 cla-

1928 3522 2148 3576 rissimo
2197 3522 2344 3576 illius
2381 3522 2645 3591 temporis
2692 3522 2970 3591 sophista,
3002 3528 3337 3591 prteceptore
3364 3521 3490 3575 rhe-

1926 3613 2113 3667 toricae
2138 3627 2246 3665 una
2278 3628 2401 3666 cum
2431 3612 2823 3684 Chrysostomo
2850 3619 2905 3668 et
2934 3612 3188 3674 Maximo,
3222 3619 3343 3681 post
3390 3611 3488 3665 Se-

1928 3702 2112 3756 leuciae
2151 3702 2205 3755 in
2252 3699 2455 3756 Isauria
2486 3716 2597 3771 ep.,
2645 3716 2778 3756 usus
2807 3708 2891 3756 est
2928 3701 3020 3771 (ε).
3045 3700 3268 3757 Juvenis
3296 3701 3486 3763 dives,

1928 3802 1985 3845 ut
2028 3802 2167 3854 erat,
2229 3793 2355 3846 vita:
2417 3791 2644 3846 delicias
2687 3798 2745 3847 et
2796 3792 3120 3861 elegantiam
3171 3792 3485 3860 neutiquam

1927 3884 2162 3953 sprevit,
2197 3898 2505 3953 quanquam
2547 3882 2722 3937 laudis
2750 3882 2982 3953 cupidus
3015 3882 3258 3952 profanis
3291 3883 3487 3937 litteris

1926 3977 2145 4032 assidue
2212 3975 2422 4030 studuit
2474 3974 2576 4045 (Ῑ).
2641 3974 2813 4030 Aliter
2863 3989 2991 4030 vero
3036 3974 3483 4045 Chrysostomus,

1926 4067 2198 4123 Theodori
2271 4067 2512 4129 amicus,
2567 4066 2660 4137 qui
2697 4066 2823 4121 licet
2868 4077 2924 4121 et
2971 4067 3087 4136 ipse
3137 4066 3306 4120 nobili
3366 4068 3487 4119 loco

1926 4169 2086 4215 natus
2139 4168 2288 4215 esset
2337 4166 2502 4228 atque
2550 4157 2794 4213 eamdem
2835 4158 2959 4211 vita
3011 4158 3274 4212 rationem
3323 4171 3483 4227 quam

1925 4252 2243 4307 Theodorus
2272 4249 2480 4321 ingredi
2511 4250 2816 4315 statuisset,
2848 4266 2971 4305 mox
2994 4260 3171 4305 tamen
3204 4249 3305 4303 l'ori
3341 4257 3484 4305 stre—

256 4352 395 4406 tioni
428 4349 602 4418 major
636 4347 764 4401 ﬁdes
795 4363 858 4403 eo
902 4346 1178 4414 adjicitur,
1206 4343 1351 4414 quod
1376 4342 1691 4398 Theodotus
1723 4357 1818 4411 ep.
1852 4350 1900 4407 ο
1926 4345 2068 4412 pitus
2117 4348 2400 4412 pertaesus,
2436 4339 2488 4393 in
2530 4338 2764 4404 Meletii,
2795 4356 2881 4411 ep.
2914 4340 3205 4404 Antioch.,
3237 4341 3486 4412 discipli-

258 4438 537 4499 Antioch.,
561 4437 654 4506 qui
681 4438 839 4504 paulo
862 4442 984 4504 post
1002 4432 1344 4488 Theodorum
1369 4433 1500 4487 obiit
1526 4431 1621 4502 (cf.
1641 4430 1818 4485 Theo-

261 4526 445 4582 doret.
475 4526 543 4581 ﬂ.
567 4524 958 4594 eccl.v,59),si
981 4540 1091 4578 non
1120 4524 1224 4579 sub
1245 4525 1391 4577 exitu
1426 4537 1477 4576 a.
1506 4523 1629 4586 428,
1658 4531 1808 4579 certe

261 4616 421 4669 initio
462 4631 510 4668 a.
554 4614 657 4669 429
700 4624 944 4668 mortuus
973 4624 1076 4670 est.
1118 4614 1319 4668 Marius
1359 4613 1625 4668 Mercator
1658 4632 1803 4669 anno

256 4708 364 4761 429
391 4723 513 4762 eum
544 4715 746 4761 sancta:
775 4707 1045 4761 memoria:
1071 4709 1385 4776 episcopum
1414 4707 1810 4775 appellavitch.

1930 4450 2054 4489 nam
2081 4442 2191 4488 tres
2221 4446 2319 4501 per
2342 4447 2515 4487 annos
2544 4446 2602 4486 se
2632 4432 2873 4495 tradidit,
2899 4448 3008 4503 quo
3034 4447 3121 4488 res
3144 4433 3486 4489 Christianas

1931 4524 2240 4579 accuratius
2297 4531 2664 4592 pernosceret.
2721 4521 3039 4594 Baptizatus
3095 4526 3289 4581 deinde
3348 4542 3484 4581 ana-

1929 4623 2149 4686 gnostes
2190 4622 2327 4670 erat.
2376 4614 2481 4669 Sed
2513 4615 2656 4669 haud
2705 4618 2777 4670 ita
2812 4624 2981 4671 multo
3027 4627 3149 4686 post
3185 4620 3479 4682 desiderio,
3524 4630 3525 4633 ‘

1930 4721 2039 4775 quo
2070 4706 2382 4776 aliquandiu
2424 4705 2536 4774 jam
2571 4710 2877 4773 tenebatur,
2922 4708 3188 4764 satisfecit
3217 4726 3383 4781 seque
3414 4713 3485 4766 ad

330 4932 406 5000 (α)
463 4930 733 5003 Eusebius
783 4927 976 5003 igitun
1003 4942 1062 4981 re
1116 4939 1240 4979 vera
1280 4934 1333 4979 et
1370 4925 1438 4980 de
1478 4926 1806 5003 Theodoreti
1901 4930 2025 4999 jure
2071 4933 2383 5003 tribuantur
2424 4933 2555 4987 mihi
2590 4934 2831 4988 nondum
2884 4937 3017 4991 satis
3047 4945 3286 4991 constat.
3321 4938 3477 4994 llaml

254 4998 420 5056 etiam
453 5002 722 5056 sententia
774 4998 1066 5052 Historiam
1104 5010 1256 5069 suam
1277 5006 1507 5069 tantum
1537 5015 1708 5069 usque
1739 5001 1807 5053 ad

255 5086 313 5125 ει.
340 5071 444 5124 δξι
487 5070 770 5139 pertexuit.
801 5069 1022 5122 omissis
1055 5082 1186 5120 sane
1215 5066 1385 5120 initiis
1429 5067 1538 5122 litis
1571 5066 1806 5123 Arianae.

333 5141 405 5208 (ὁ)
446 5140 700 5195 Facundo
740 5140 940 5192 dicitur
971 5144 1093 5207 post
1137 5144 1364 5208 centum
1386 5140 1661 5208 ethvigittti
1696 5155 1809 5208 suae

253 5206 625 5263 defunctionis
652 5222 824 5263 annos
845 5206 1135 5265 damnatus
1159 5220 1302 5259 esse.
1328 5206 1411 5259 Cl.
1446 5206 1567 5261 libr.
1600 5208 1662 5262 (ἰ.
1697 5207 1810 5261 Μο-

254 5283 400 5333 cian.
448 5279 611 5332 schol.
650 5277 927 5347 (Galland.
983 5275 1124 5330 Bibl.
1178 5274 1352 5334 Pam.
1409 5274 1498 5341 XI,
1553 5295 1604 5347 p.
1645 5279 1805 5337 8l5i.

257 5348 366 5402 Sed
410 5348 695 5402 Facundos
734 5363 991 5408 numero,
1042 5360 1205 5415 quem
1228 5347 1532 5415 rotundum
1578 5348 1804 5408 dicunt,

256 5435 394 5473 usus
418 5428 519 5475 est.
551 5419 636 5473 citi
669 5419 826 5471 inniti
856 5434 962 5472 non
997 5413 1141 5471 licet.
1171 5413 1255 5469 Cf.
1290 5414 1322 5467 l.
1353 5431 1429 5480 c.,
1459 5433 1510 5488 p.
1546 5418 1672 5482 8l6,
1704 5418 1803 5471 Eo.

257 5489 351 5542 ﬁl.
383 5488 546 5542 ιαιΙι..
577 5504 625 5542 ο.
654 5488 778 5542 817.

255 5491 351 5556 μ.
383 5491 546 5552 ιαιΙι.,
577 5504 625 5556 ρ.
654 5491 778 5542 817.

327 5566 402 5624 (cl
439 5560 524 5613 Cf.
553 5558 875 5613 Theodoret.
914 5558 981 5613 11.
1018 5562 1111 5623 ret.
1149 5576 1199 5616 c.
1230 5561 1319 5624 2t,
1359 5558 1425 5613 11.
1466 5558 1591 5611 eccl.
1621 5574 1675 5616 v.
1708 5559 1795 5613 59.

258 5626 531 5700 Permulta
585 5629 637 5700 in
683 5631 888 5682 catenis
926 5628 1010 5682 ed.
1062 5640 1117 5687 et
1162 5631 1305 5687 ined.
1343 5633 1395 5684 in
1444 5625 1600 5682 v.1:
1640 5629 1798 5700 Poly-

258 5699 465 5754 cbronii
494 5698 714 5754 nomine
746 5705 927 5754 notata
971 5700 1240 5773 leguntur,
1283 5701 1375 5758 sed
1412 5715 1478 5754 an
1510 5698 1797 5768 Apaincnsi

1905 5018 2077 5123 pauca
2103 5011 2251 5058 certe
2290 5002 2637 5072 Polychronii
2675 5004 2891 5059 diaconi
2925 5016 3073 5069 sunt,
3111 5008 3201 5077 qui
3233 5012 3473 5063 nonnul-

1926 5087 1985 5123 as
2034 5081 2255 5123 catenas
2299 5074 2727 5123 eonsarcinnvit.
2776 5074 2958 5123 Nuner
3010 5079 3145 5123 Ana.
3208 5076 3385 5123 Maium
3427 5078 3473 5123 in

1926 5087 1985 5144 as
2015 5081 2255 5144 catenas
2299 5074 2727 5144 consarcinnvit.
2776 5074 2958 5144 Nuper
3009 5074 3145 5142 Aug.
3208 5076 3385 5139 Maius
3426 5078 3480 5133 in

1905 5137 2301 5218 Scriptormett.
2323 5142 2672 5218 no_v.__co!lect.
2707 5160 2737 5218 ᾳ
2774 5137 2892 5199 Vat.
2926 5144 3051 5199 cdd.
3082 5137 3169 5201 ed.
3205 5148 3223 5200 l
3252 5149 3271 5218 (
3291 5137 3478 5202 Romae

1907 5212 2066 5281 l825.
2100 5213 2175 5275 4).
2203 5212 2259 5270 2.
2298 5227 2351 5280 p.
2382 5211 2486 5263 105
2507 5228 2593 5281 sq.
2621 5214 2789 5265 multa
2819 5211 3340 5270 commentariorum
3372 5218 3477 5270 Po~

1910 5280 2170 5349 lychrottii
2223 5282 2279 5334 in
2319 5280 2585 5336 Danielent
2627 5282 2814 5337 edidit.
2849 5284 3117 5340 Cuzlerunt
3152 5303 3203 5341 v.
3249 5284 3470 5343 Fabric.

1910 5351 1946 5403 Ι.
1983 5350 2041 5405 1..
2080 5365 2130 5405 1).
2160 5350 2282 5405 562.
2313 5352 2438 5405 563.

1931 5387 1946 5403 .
1983 5352 2041 5410 1.,
2080 5365 2130 5419 p.
2160 5352 2282 5407 562.
2313 5352 2438 5405 565.

1979 5420 2054 5494 (d)
2094 5420 2178 5494 εἷς.
2207 5421 2498 5494 ςιιι-γςοςι.
2523 5437 2607 5493 ep.
2639 5422 2766 5486 204.
2801 5422 2889 5487 lll,
2915 5441 2969 5494 p.
3001 5426 3061 5480 7l
3082 5423 3126 5479 1.

1977 5493 2047 5560 (e)
2087 5489 2168 5541 Cf.
2203 5489 2416 5545 Socrat.
2454 5492 2521 5545 ll.
2553 5489 2600 5546 ἐ.
2634 5509 2708 5554 vr,
2741 5497 2804 5560 5;
2837 5489 3054 5551 Soiom.
3087 5494 3155 5547 Η.
3187 5512 3232 5550 e.
3270 5513 3387 5559 vut,
3411 5498 3473 5556 ἒ.

1905 5558 2334 5629 Andragathium
2378 5561 2756 5629 philosophum
2792 5558 3065 5619 docuisse
3116 5558 3475 5628 Theodorum

1906 5638 2180 5703 temercv.
2211 5631 2267 5703 d7.
2297 5634 2367 5686 cl.
2395 5632 2439 5683 Ι..
2458 5632 2493 5683 1.
2523 5635 2947 5703 perhibuerunt;
2978 5635 3131 5691 Phot.
3158 5652 3206 5692 c.
3238 5638 3327 5694 96.

1975 5699 2053 5769 ([l
2092 5698 2174 5754 Cf.
2208 5700 2496 5774 Chrysost.
2524 5698 2570 5767 Ι,
2615 5719 2669 5776 p.
2702 5706 2790 5761 36.
