3898 6228
306 343 365 398 Π
1077 342 1164 397 ΒΕ
1203 342 1553 400 TIIEODORI
1592 346 2074 405 MOPSUESTENI
2116 350 2273 406 VITA
2317 352 2401 409 ET
2439 353 2767 410 SCRIPTIS.
3461 357 3528 411 18

304 465 448 525 teque
498 454 865 511 miserrimum
909 455 1202 521 arbitrari,
1253 459 1347 513 sed
1386 461 1564 530 majus
1600 462 1732 531 quid
1773 478 1859 518 re-
1888 475 1935 528 Α
1962 464 2044 535 gis
2075 468 2353 537 magisque
2381 469 2448 523 ad
2472 468 2793 525 Diodoream
2832 469 3227 539 interpretandi
3258 470 3528 525 rationem

305 550 482 621 quiro.
510 555 570 602 ut
592 547 693 603 tibi
718 549 1072 617 persuadeas,
1108 556 1161 604 te
1191 565 1318 604 vera
1353 553 1675 620 paenitentia
1700 554 1863 625 justi-

305 639 439 693 ὕσεινὶ
469 654 658 708 posse.
697 637 985 694 Theodoro
1016 640 1179 711 igitur
1215 641 1446 710 proinde
1471 645 1630 713 quasi
1666 660 1863 714 pecca-

303 740 468 785 torum
508 746 734 786 suorum
765 732 1092 801 gravitatem
1119 734 1563 803 persentisceret,
1591 737 1859 806 probavit,

302 839 402 877 non
433 838 576 887 esse,
610 824 757 893 quod
791 825 1037 879 animum
1086 825 1452 895 desponderet
1483 828 1643 897 eique
1675 830 1863 899 gravi-

303 916 396 968 bus
435 916 772 986 argumentis
803 918 929 972 vitae
960 916 1398 972 emendationem
1438 919 1856 995 commendavit.

303 1006 511 1062 Brevior
539 1014 624 1062 est
652 1007 822 1062 altera
857 1008 1113 1079 epistola,
1147 1024 1253 1079 qua
1288 1010 1393 1063 hoc
1425 1010 1694 1080 imprimis
1729 1012 1862 1082 egit,

304 1110 358 1150 ut
382 1100 557 1152 omnia
587 1098 856 1163 dilueret,
901 1102 1105 1171 quibus
1136 1102 1460 1158 Theodorus
1503 1104 1693 1158 initam
1744 1106 1864 1158 vita:

304 1203 404 1242 sua:
420 1188 686 1244 rationem
718 1198 1011 1245 excusaret
1044 1198 1136 1243 aut
1163 1190 1503 1247 defenderet.
1533 1193 1864 1264 Chrysosto-

304 1294 435 1332 mum
473 1295 601 1349 spes
644 1296 754 1335 non
799 1280 1027 1348 fefellit;
1088 1280 1411 1340 Theodorus
1463 1286 1607 1340 enim
1662 1286 1861 1341 iterum

303 1370 466 1424 victus
494 1372 674 1425 amico
699 1372 869 1426 cessit
898 1380 952 1427 et
980 1372 1035 1427 in
1061 1375 1455 1430 monasterium
1483 1374 1667 1430 rediit.

361 1459 473 1515 lam
499 1462 569 1516 ad
599 1478 664 1518 ea
696 1448 940 1533 tempora
969 1465 1317 1530 accedimus,
1353 1468 1556 1539 quibus
1597 1483 1701 1522 una
1734 1484 1858 1523 cum

300 1552 676 1623 Chrysostomo
704 1571 763 1610 se
792 1564 938 1612 totus
966 1555 1202 1613 Diodoro
1230 1559 1368 1614 duce
1396 1560 1572 1615 sacris
1605 1559 1857 1624 Litteris,

297 1645 878 1715 cxegeticistimprimis
899 1688 913 1714 ,
944 1646 1109 1703 dabat
1146 1648 1246 1721 (a).
1278 1648 1360 1704 Ad
1395 1648 1615 1704 Diodori
1652 1649 1726 1720 (ὁ)
1757 1665 1859 1703 au-

299 1747 395 1792 tem
424 1740 735 1807 exemplum
771 1757 829 1796 se
860 1741 935 1794 ita
964 1741 1345 1808 conformavit,
1379 1754 1438 1796 ut
1490 1742 1752 1798 Leontius
1787 1744 1858 1815 (c)

297 1831 434 1884 illum
462 1831 606 1888 haud
646 1835 828 1904 inepte
868 1837 1139 1890 malorum
1183 1834 1452 1891 Theodori
1475 1845 1530 1890 et
1561 1837 1856 1908 impietatis

294 1932 585 1989 auctorem,
617 1926 811 1981 ducem
842 1936 897 1983 et
926 1936 1134 1999 patrem
1160 1927 1384 1984 dixerit.
1417 1929 1768 2000 Quanquam,
1797 1936 1857 1982 ut

296 2029 385 2085 par
405 2028 555 2084 erat,
589 2022 942 2091 praeceptoris
986 2022 1213 2093 vestigia
1256 2038 1368 2078 non
1402 2025 1478 2078 ita
1526 2025 1764 2094 pressit,
1797 2034 1857 2079 ut

296 2108 416 2163 nihil
440 2112 718 2180 peculiare
761 2114 865 2167 sibi
906 2114 1233 2179 vindicaret,
1269 2115 1381 2171 imo
1414 2132 1537 2187 qum
1563 2128 1855 2188 acceperat

299 2216 389 2253 suo
427 2201 647 2270 ingenio
672 2204 902 2258 ulterius
940 2214 1264 2274 persecutus
1305 2215 1390 2261 est
1418 2215 1581 2277 atque
1624 2207 1854 2264 ulterius

296 2292 447 2346 etiam
479 2309 805 2364 progressus
837 2302 1002 2359 esset,
1038 2297 1143 2352 nisi
1196 2299 1316 2366 ejus
1345 2298 1576 2355 audacia
1611 2302 1854 2357 coercita

302 2380 499 2437 luisset.
548 2383 761 2439 Etenim
786 2402 909 2441 cum
956 2388 1254 2443 etiamnum
1284 2390 1501 2460 juvenis
1528 2393 1597 2447 ab
1637 2394 1704 2449 iis
1733 2395 1855 2463 qui-

296 2473 405 2527 dem
430 2475 712 2544 profectus
732 2519 746 2541 ,
779 2494 899 2547 qua:
927 2476 1198 2536 Diodorus
1227 2490 1579 2553 praeceperat,
1622 2483 1857 2539 Diodoro

299 2566 452 2618 multo
487 2576 671 2622 tamen
710 2570 972 2624 audacior
1005 2569 1254 2627 Psalmos
1290 2573 1683 2643 interpretatus
1711 2583 1857 2631 esset

296 2672 585 2729 eorumque
636 2662 1001 2730 paucissimos
1036 2666 1254 2735 proprie
1285 2665 1352 2720 ad
1385 2664 1665 2722 Christum
1706 2678 1856 2722 retu-

296 2748 452 2811 lisset,
477 2752 685 2807 multos
710 2752 822 2823 jam
860 2762 970 2808 tum
998 2753 1225 2809 oli‘endit
1252 2754 1352 2826 (ά),
1389 2756 1464 2810 ita
1497 2767 1554 2811 ut
1584 2764 1708 2828 post
1736 2773 1856 2812 ma-

356 2918 430 2987 (a)
466 2917 555 2974 Cl.
602 2918 945 2997 _'_I‘heodoret.
1001 2922 1080 2997 _lj.
1138 2940 1186 2977 e.
1242 2940 1307 2997 v,
1367 2924 1467 2991 59;
1514 2923 1708 2979 Domu.
1760 2941 1850 2997 ap.

293 2985 420 3063 Fac.
442 3005 563 3063 vin,
597 2991 669 3063 _5;
696 2990 854 3063 Joan.
880 3010 968 3063 ap.
1001 2991 1130 3046 Fac.
1161 3010 1222 3052 II.
1244 2985 1298 3047 ἓξ

358 3061 427 3134 (b)
470 3060 830 3134 Deiliiodoro
878 3060 931 3117 vi
975 3079 1096 3133 quae
1140 3066 1418 3134 congessit
1465 3064 1681 3119 Fabric.
1715 3066 1757 3120 l.
1791 3066 1851 3132 l.,

292 3128 421 3191 \‘lll,
458 3147 511 3200 p.
543 3130 652 3185 ’562
681 3148 766 3202 sq.

377 3204 424 3272 c)
460 3202 523 3272 γ.
563 3204 599 3255 l.
642 3219 719 3265 c.,
752 3219 804 3272 p.
836 3202 961 3257 686.

358 3273 429 3341 (ά)
473 3271 821 3344 Hesychia].
851 3288 925 3336 c.,
953 3272 1152 3342 p.104,
1181 3272 1392 3344 silides
1417 3284 1499 3329 est
1520 3282 1739 3344 propter
1766 3276 1851 3330 in-

292 3342 727 3411 terpretationem
761 3342 1133 3407 Psalmorum,
1162 3343 1404 3411 culpatus
1437 3355 1485 3397 et
1521 3342 1850 3413 periclitatus

290 3416 552 3466 contraria
581 3413 684 3467 sibi
713 3412 869 3475 dixit,
904 3431 1005 3467 non
1028 3430 1093 3467 ea:
1115 3415 1396 3477 voluntate,
1423 3412 1527 3468 sed
1548 3418 1850 3484 compulsus

290 3485 515 3535 omnium
556 3485 901 3552 querimoniis
939 3494 987 3538 et
1033 3484 1261 3537 codicem
1294 3486 1463 3549 ipsum
1494 3486 1667 3539 delere
1694 3487 1852 3554 polli-

290 3555 418 3606 citus
461 3554 685 3607 latenter
718 3555 1061 3608 conservabat
1103 3553 1348 3608 Judaica?
1381 3556 1665 3623 impietatis
1694 3553 1853 3609 siuti-

290 3639 420 3677 cum.
452 3623 570 3693 Igni
602 3626 743 3677 enim
775 3641 873 3678 sua
904 3626 1282 3678 commentaria
1314 3627 1571 3678 simulans
1608 3627 1849 3690 tradere,

295 3695 549 3748 malitiose
579 3695 899 3748 abscondere
930 3695 1231 3749 illecebram
1260 3695 1571 3748 conabatur.
1603 3693 1711 3749 Sed
1741 3711 1850 3749 tam

291 3765 510 3818 multum
541 3765 857 3818 acerbitatis
885 3768 1035 3820 virus
1054 3767 1106 3818 in
1136 3764 1481 3819 Theodorum
1500 3767 1764 3829 eVoniuit,
1793 3776 1853 3819 ut

288 3849 349 3887 eo
388 3837 505 3889 solo
531 3844 760 3889 auctore
792 3837 883 3905 illa
921 3836 994 3887 ita
1030 3838 1190 3905 plane
1213 3845 1273 3889 ut
1300 3837 1543 3905 narravit
1564 3833 1851 3890 Theodoro

288 3906 550 3960 accidisse
577 3908 664 3958 vix
695 3904 909 3960 credas.
944 3904 1266 3975 Quanquam
1297 3904 1641 3961 Theodorum
1671 3913 1785 3959 tum
1820 3922 1851 3960 a

287 3976 467 4030 multis
493 3977 637 4029 male
667 3977 909 4031 audiisse
946 3986 1156 4030 certum
1192 3984 1299 4029 est.

353 4048 422 4110 (ei
459 4047 541 4098 Cl.
587 4044 835 4099 Gennad.
883 4048 959 4100 De
1003 4047 1135 4100 viris
1186 4046 1293 4111 ill.,
1340 4060 1392 4099 c.
1447 4045 1529 4100 12.
1567 4043 1745 4099 ὶιθιθι.
1796 4042 1850 4100 Ῐιι

290 4115 471 4183 Steph.
508 4116 713 4169 Balnzii
745 4115 896 4170 Nova
923 4118 1045 4170 coll.
1082 4116 1269 4169 concil.
1298 4114 1528 4184 (Paris:
1558 4116 1716 4170 1707.
1746 4114 1848 4184 F.)

285 4199 333 4251 pi
381 4186 506 4240 875.
558 4186 718 4251 Quod
767 4184 1008 4242 Joannes
1049 4203 1136 4254 ep.
1193 4188 1449 4238 Antioch.
1502 4183 1849 4239 Theodorum

287 4255 547 4319 Flaviani,
605 4272 691 4326 ep.
723 4258 1005 4320 Antioeh.,
1050 4256 1375 4325 discipulum
1418 4256 1850 4310 amantissimum

285 4327 440 4396 dixit,
470 4326 544 4381 cf.
589 4325 718 4380 Fac.
763 4327 817 4387 2,
855 4328 910 4390 2,
958 4328 1011 4382 id
1044 4343 1109 4380 eo
1150 4326 1353 4380 laetum
1398 4326 1674 4390 existimo,
1706 4326 1851 4396 quod

286 4394 543 4451 Flaviano
569 4399 831 4466 episcopo
851 4397 1163 4466 Antiochiae
1188 4398 1472 4466 presbyter
1495 4403 1632 4449 erat.

353 4468 429 4533 (f)
470 4467 532 4520 V.
593 4463 659 4521 de
716 4463 782 4521 eo
819 4465 1014 4521 Franc.
1056 4463 1247 4521 Walch
1302 4463 1712 4519 Ketzerhistorie
1763 4463 1851 4525 IV,

286 4552 336 4606 p.
380 4537 485 4591 410
525 4552 611 4607 sq.
655 4568 725 4577 —
749 4535 1021 4592 Theodor.
1053 4553 1138 4607 ap.
1183 4535 1313 4591 Fac.
1357 4552 1432 4599 Ix,
1463 4536 1539 4589 5:
1576 4535 1741 4603 Cujus
1777 4536 1851 4587 rei

1962 558 2266 614 accederet.
2308 560 2647 631 Conceptam
2690 562 2959 616 maculam
2990 563 3046 617 in
3077 563 3169 616 illa
3201 572 3530 634 tempestate

1962 647 2113 703 brevi
2139 648 2273 704 eluit
2309 656 2363 704 et
2389 650 2596 721 aliquot
2639 652 2799 707 annis
2842 661 2967 723 post
3011 652 3297 723 presbyter
3338 652 3530 708 Antio-

1960 740 2169 797 chenus
2205 742 2540 799 constitutus
2573 753 2658 799 est
2686 742 2779 814 (e).

2033 832 2169 887 Tum
2215 850 2344 890 vero
2379 835 2685 891 miserrima
2722 845 2840 892 erat
2872 835 3129 893 Ecclesiae
3175 836 3367 893 facies.
3408 836 3528 892 “iﬁ-

1962 926 2276 989 reticorum,
2301 927 2630 982 Arianorum
2656 930 2712 982 in
2741 928 2953 1000 primis,
2987 928 3260 986 factiones
3294 930 3526 1000 repulsa:

1959 1019 2176 1088 quidem
2200 1028 2375 1081 erant,
2405 1035 2504 1074 nec
2523 1028 2701 1076 tamen
2723 1022 3023 1085 exstinctae,
3052 1028 3216 1092 atque
3238 1022 3525 1077 etiamtum

1960 1108 2391 1164 orthodoxorum
2443 1119 2496 1164 et
2542 1110 2920 1167 haareticorum
2968 1112 3195 1167 dissidia
3238 1120 3292 1166 et
3338 1123 3532 1180 pugna:

1961 1194 2244 1263 vigebant,
2276 1197 2476 1266 quibus
2503 1207 2615 1252 tum
2648 1200 2833 1253 multae
2865 1198 3124 1256 Ecclesia:
3163 1200 3529 1257 vexabantur.

1962 1293 2074 1338 tum
2129 1287 2491 1342 Autiocbena.
2552 1290 2852 1346 Antiochiae
2905 1293 3049 1347 enim
3101 1307 3265 1363 quam
3329 1290 3528 1346 multas

1963 1376 2150 1432 turbas
2192 1378 2431 1433 schisma
2487 1378 2833 1435 Meletianum
2881 1383 2956 1453 (f)
3021 1385 3344 1439 excitaverit
3404 1387 3528 1455 quis

1963 1469 2178 1522 nescit?
2228 1470 2556 1526 Antiocheni
2595 1481 2778 1527 autem
2816 1473 2961 1529 leves
3004 1482 3162 1528 erant
3196 1483 3359 1545 atque
3384 1474 3530 1530 sedi-

1966 1562 2093 1616 tiosi
2128 1561 2227 1632 (g).
2264 1562 2369 1617 Sed
2401 1562 2725 1620 Theodorus
2750 1579 2979 1620 munere
3006 1581 3109 1621 suo
3139 1565 3410 1622 adductus
3432 1566 3530 1620 do-

1960 1653 2133 1709 cendo
2178 1661 2233 1710 et
2282 1656 2666 1710 concionando
2707 1657 2782 1727 (h)
2815 1657 3076 1713 Ecclesiae
3124 1660 3285 1715 saluti
3328 1659 3531 1729 optimc

1961 1748 2259 1802 consuluit.
2296 1746 2564 1802 Prmterea
2600 1749 2760 1804 libris
2796 1750 3151 1820 gravissimus
3191 1751 3531 1805 orthodoxia:

1889 1817 1931 1874 Β
1960 1837 2153 1892 vindex
2194 1838 2400 1893 exstitit
2424 1838 2507 1909 (ἱ).
2542 1840 2760 1894 Actum
2798 1817 3017 1910 quidem
3057 1841 3229 1896 libros
3260 1841 3332 1895 De
3356 1844 3530 1895 incar-

1955 1929 2167 1982 natione
2191 1937 2243 1982 et
2269 1929 2533 1983 Adversus
2575 1929 2888 1985 Eunomium
2919 1933 3172 2003 scripsit,
3217 1948 3529 2002 quanquam

1957 2035 2081 2074 eum
2130 2021 2268 2076 alios
2316 2022 2481 2077 etiam
2515 2023 2719 2087 libros,
2766 2026 3190 2081 commentarios
3224 2024 3527 2095 praesertim

1955 2111 2010 2163 in
2042 2110 2161 2166 Scr.
2191 2126 2352 2177 sacr.,
2388 2121 2501 2165 tum
2528 2111 2835 2169 confecisse
2862 2113 3333 2168 verisimillimum.

2026 2201 2314 2255 Antiochia
2338 2203 2567 2257 'I‘arsum
2589 2204 2859 2273 migravit,
2887 2204 3003 2268 sed,
3025 2212 3084 2257 ut
3128 2204 3344 2273 opinor,
3368 2202 3529 2273 paulo

1953 2302 2076 2362 post
2130 2292 2385 2358 Diodori,
2420 2292 2709 2349 Tarsensis
2754 2302 2866 2347 tum
2901 2309 3013 2363 ep.,
3054 2295 3399 2362 potissimum
3429 2310 3529 2346 au-

1953 2385 2205 2440 ctoritate
2226 2387 2516 2456 episcopus
2545 2394 2764 2441 creatus
2797 2397 2880 2442 est
2912 2387 3007 2458 (j).
3043 2386 3324 2441 Successit
3351 2387 3530 2457 Olym-

1952 2481 2077 2548 pio,
2120 2478 2464 2548 Mopsuestia:
2517 2479 2587 2548 (lt)
2637 2480 2916 2548 episcopo.
2966 2478 3297 2548 Episcopatu
3346 2487 3527 2532 autem

1955 2587 2078 2626 cum
2124 2571 2328 2641 optime
2367 2570 2688 2641 fungeretur
2719 2579 2772 2626 et
2813 2571 3034 2640 scriptis
3071 2585 3259 2624 sacras
3290 2570 3529 2623 Litteras

1963 2672 2404 2734 persequeretur,
2434 2665 2607 2734 magis
2642 2665 2926 2733 magisque
2973 2663 3250 2717 inclaruit.
3282 2660 3531 2715 Concilio

1960 2756 2610 2828 Constantinopolitano,
2651 2756 2798 2822 quod
2849 2774 2902 2810 a.
2942 2755 3078 2820 394,
3116 2763 3342 2826 propter
3377 2755 3524 2808 litem

1953 2924 2123 2979 multa
2154 2924 2439 2978 mentiatur
2474 2933 2526 2978 et
2573 2922 2899 2993 Theodorum
2941 2921 3279 2993 Mopsuestia:
3305 2927 3526 2979 nimium

1953 2997 2342 3065 laudet,errore
2372 2995 2590 3048 Sozam.
2619 3009 2717 3065 pro
2742 2992 3066 3049 Theodoret.
3098 2996 3387 3065 scripsisse
3422 2998 3526 3050 du-

1952 3066 2081 3120 dum
2115 3081 2165 3118 v.
2200 3064 2256 3118 d.
2300 3066 2680 3120 observarunt.
2710 3064 2729 3134 )

2028 3135 2105 3205 (j)
2143 3134 2377 3205 Hesych.
2429 3136 2464 3187 Ι.
2500 3149 2591 3188 c.:
2641 3134 2921 3205 Antiochia
2956 3134 3141 3187 relicta
3184 3136 3239 3188 in
3297 3134 3523 3190 Tarsum

1877 3224 1919 3280 ο
1955 3203 2373 3280 transmigrauit,
2404 3219 2474 3280 ea:
2506 3220 2610 3273 qua
2638 3205 2694 3256 in
2724 3203 3105 3280 llopsuestiam
3130 3206 3341 3280 transiit
3379 3209 3523 3280 ordi-

1954 3284 2110 3329 natus
2149 3276 2203 3327 in
2241 3291 2303 3329 ea
2331 3276 2624 3342 episcopus.
2654 3304 2724 3313 --
2752 3274 2942 3328 Leout.
2989 3276 3025 3327 l.
3063 3291 3111 3328 c.
3146 3293 3158 3328 :
3195 3276 3357 3327 Aiunt
3390 3276 3527 3329 hunc

1954 3344 2154 3414 (Th.),
2187 3360 2304 3397 cum
2342 3345 2491 3398 uellet
2541 3359 2721 3412 rapere
2763 3346 2972 3397 oculum
3018 3344 3221 3399 Cilicia:
3273 3344 3521 3409 Tarsum,

1952 3427 2240 3486 postquam
2265 3414 2530 3468 Diodorus
2558 3444 2623 3486 -ς
2642 3415 2725 3486 fab
2759 3416 2857 3467 hac
2883 3417 2986 3467 vita
3015 3416 3225 3486 recessit
3257 3414 3332 3485 (α.
3370 3417 3520 3486 594),

1954 3502 1985 3537 a
2016 3485 2297 3554 Theophila
2322 3485 2471 3538 Alex.
2500 3484 2821 3553 prohibitum
2848 3485 3030 3553 fuisse,
3058 3502 3119 3538 ne
3144 3485 3240 3537 hoc
3268 3484 3522 3548 auderet;

1954 3554 2024 3606 ad
2054 3571 2172 3608 eum
2203 3554 2697 3625 enim_legationem
2745 3558 3029 3617 miserunt,
3064 3557 3151 3623 qui
3194 3558 3526 3623 tyrannidem

1952 3626 2309 3691 patiebantur.
2354 3623 2575 3678 Famam
2618 3625 2801 3678 retulit
2833 3625 3094 3678 Leontius
3129 3641 3359 3692 eumque
3403 3641 3523 3679 mea

1953 3695 2170 3763 quidem
2215 3694 2482 3763 sententia
2514 3710 2623 3748 non
2657 3709 2878 3762 prorsus
2924 3709 3139 3747 vanam.
3192 3692 3331 3759 Quid
3369 3711 3516 3758 vero,

1954 3762 1999 3818 si
2045 3780 2111 3817 eo
2158 3765 2340 3818 animo
2393 3762 2626 3817 Tarsum
2664 3764 2939 3832 profectus
2989 3778 3113 3818 esse
3152 3766 3304 3818 visus
3344 3774 3427 3818 est
3466 3774 3521 3819 et

1953 3849 2083 3887 vero
2126 3834 2288 3886 etiam
2330 3833 2610 3903 profectus
2639 3841 2761 3895 est,
2800 3841 2858 3886 ut
2893 3832 3218 3898 Diodorum,
3260 3833 3521 3889 dilectqu

1953 3913 2339 3974 praeceptorem
2365 3944 2380 3967 ,
2424 3904 2515 3972 qui
2554 3920 2581 3955 a
2619 3912 2798 3974 morte
2838 3904 2979 3957 haud
3020 3906 3208 3974 procul
3252 3904 3516 3971 abesset,

1953 3973 2241 4041 episcopus
2267 3974 2577 4041 exciperet?
2612 3972 2714 4027 Sed
2748 3973 2982 4027 Diodoro
3013 3972 3227 4026 mortuo
3255 3989 3379 4028 cum
3404 3976 3517 4044 jam

1954 4045 2071 4110 ipse
2107 4045 2398 4112 episcopus
2430 4052 2616 4114 esset,
2663 4044 2731 4098 de
2761 4044 3077 4114 episcopatu
3114 4046 3374 4099 'larsensi
3417 4046 3519 4099 sibi

1954 4114 2289 4181 acquirendo
2323 4116 2409 4167 vix
2445 4113 2783 4182 cogitaverit.

2027 4183 2099 4249 (ιε)
2138 4182 2465 4249 Mopsuestia
2493 4183 2698 4253 (Μόψου
2731 4183 2883 4237 ἑστία
2908 4183 2981 4238 cl‘.
3021 4186 3203 4239 Strab.
3239 4185 3324 4249 ll,
3355 4200 3406 4240 c.
3443 4185 3521 4252 5;

1953 4250 2068 4325 Cic.
2094 4253 2195 4319 Ep.
2213 4253 2280 4305 ad
2297 4254 2402 4307 div.
2432 4250 2586 4325 548:
2605 4256 2664 4325 li.
2691 4252 2941 4325 e._l\lopsi
2970 4256 3326 4325 domicilium,
3352 4250 3517 4325 etiam

1954 4321 2173 4397 Mopsus
2211 4323 2526 4397 d_i_ctum:el'.
2557 4321 2695 4397 Plin.
2734 4321 2892 4397 ll._n'.
2934 4325 2986 4390 5,
3011 4326 3099 4388 22,
3134 4324 3271 4397 [27.]
3307 4324 3518 4397 Mopsus

1956 4392 2197 4467 liberum.
2225 4391 2455 4460 Pyramo
2474 4394 2797 4467 impositum.
2815 4392 3018 4449 Nomen
3041 4391 3289 4463 accepit-at
3310 4391 3518 4467 Mopso,

1955 4464 2258 4525 conditore,
2287 4477 2445 4531 quem
2479 4463 2804 4531 Argivorum
2847 4479 3023 4532 regem
3065 4475 3117 4519 et
3148 4463 3515 4521 clarissimum

1958 4546 2213 4601 augurem
2252 4532 2418 4586 fuisse
2448 4533 2703 4586 traditum
2736 4540 2841 4597 est,
2873 4536 2946 4587 cf.
2975 4536 3087 4588 Cic.
3120 4535 3198 4589 De
3219 4537 3440 4590 divinat.
3475 4552 3514 4599 ι,

285 4596 459 4677 pratia
500 4618 550 4660 et
573 4596 717 4660 'tales
755 4618 803 4660 et
840 4617 1016 4662 tantas
1062 4596 1444 4675 persecutiones
1494 4596 1853 4677 sustinemus?
1885 4596 1928 4650 Ι)
2079 4600 2155 4654 De
2183 4610 2292 4653 nat.
2340 4602 2575 4677 deor._u,
2609 4602 2678 4666 5;
2724 4604 2949 4658 Tertull.
2989 4604 3065 4657 De
3110 4609 3291 4659 anima
3326 4622 3376 4659 c.
3416 4596 3508 4661 46.

288 4689 375 4729 aut
414 4681 531 4747 quis
568 4680 778 4747 ignorat
813 4694 1015 4744 semper
1055 4681 1331 4730 adversum
1370 4692 1463 4729 nos
1492 4676 1557 4727 ab
1594 4676 1853 4729 luereticis

285 4748 477 4802 bellum
529 4750 655 4817 agi?
696 4764 845 4800 omne
898 4749 1168 4800 metallum
1233 4757 1282 4801 et
1333 4762 1537 4799 onmem
1584 4747 1651 4813 (l.
1688 4761 1856 4817 omne

286 4835 334 4869 ν.
366 4836 449 4885 sq.
480 4825 499 4886 )
538 4814 709 4871 locum
752 4817 1012 4871 desertum
1051 4818 1301 4884 repletum
1330 4826 1406 4870 est
1435 4830 1499 4868 ex
1530 4816 1725 4868 nostris
1761 4814 1855 4869 ho-

282 4890 513 4941 rninibus
540 4904 751 4955 propter
778 4889 1075 4941 doctrinam
1096 4889 1328 4957 pietatis.

343 4967 423 5027 (g)
466 4959 640 5013 Annis
670 4957 793 5034 fere
814 4959 941 5020 387,
967 4955 1360 5034 588,’_iiiaxini_a
1388 4955 1689 5034 Antiochiae
1720 4968 1853 5034 con:

282 5026 447 5081 citata
497 5037 582 5082 est
637 5028 867 5092 seditio,
911 5044 1028 5098 qua:
1078 5030 1161 5082 vix
1205 5026 1421 5081 tandem
1472 5026 1849 5098 Chrysostomi

282 5099 445 5151 etiam
472 5100 722 5169 opctqui
745 5095 999 5153 bomili'as
1022 5098 1210 5169 viginti
1240 5109 1292 5153 et
1327 5112 1488 5151 unum
1517 5095 1630 5148 tum
1663 5095 1853 5149 habuit

284 5170 383 5235 (ll.
408 5184 462 5236 ρ.
490 5168 658 5221 1-225
678 5171 720 5237 ),
746 5172 934 5223 sedata
973 5180 1076 5224 est.

353 5240 433 5308 (h)
470 5238 555 5292 Cf.
587 5238 711 5293 Fac.
746 5255 863 5301 vm,
905 5240 955 5291 4.

352 5304 424 5377 (ii
453 5311 663 5377 Saepius
692 5309 1008 5363 Theodorus
1046 5308 1425 5362 haereticorum
1464 5304 1720 5377 laudatur
1752 5318 1854 5377 0p-

352 5319 418 5377 (ι)
453 5319 663 5377 sapius
692 5319 1008 5363 'l'heodorus
1047 5319 1425 5362 hereticorum
1465 5319 1718 5358 laudatur
1752 5319 1847 5427 σε·

283 5390 568 5451 pugnator
597 5379 668 5432 cl'.
704 5381 889 5451 erill.
924 5382 1101 5451 Alex._
1128 5380 1179 5432 in
1214 5382 1331 5430 Act.
1366 5393 1434 5451 εε-
1462 5372 1742 5451 ϐοηξε.]1.
1788 5444 1798 5451 .
1834 5412 1847 5427 .

349 5443 411 5510 Γ.
462 5467 517 5520 p.
550 5450 669 5503 109.
703 5443 852 5519 (Fac.
884 5450 937 5513 5,
972 5451 1047 5518 5),
1078 5448 1233 5503 Joan.
1266 5465 1353 5518 ap.
1396 5444 1522 5500 Fac.
1560 5446 1616 5520 2,
1639 5443 1717 5520 _2,
1750 5444 1848 5507 al.,

286 5519 404 5575 Ilias
435 5514 493 5572 5;.
521 5514 814 5573 Justinian.
841 5536 928 5590 ep.
962 5514 1017 5572 in
1048 5514 1478 5590 liaudinii'catal.
1515 5514 1846 5590 igitld._lnss.

285 5590 425 5663 βᾶθι.
459 5590 791 5663 Mcdnlsaur.
821 5581 935 5663 pr.
974 5590 1091 5663 185,
1126 5589 1355 5663 (Fac._‘2,
1384 5589 1486 5663 ᾗ),
1515 5581 1846 5663 :l‘licodo‘ret.

288 5660 356 5712 ll.
395 5677 443 5713 e.
485 5661 679 5731 v,~39.
722 5691 775 5700 -
808 5655 988 5729 «ea;
1034 5655 1141 5731 μὲν
1173 5660 1467 5729 ἐκκλησίας
1511 5655 1847 5731 διδρισκαλος,

285 5731 428 5783 κατὰ
462 5730 645 5800 πάσης
670 5731 724 5783 δὲ
764 5723 1046 5804 (pain-ros
1069 5723 1348 5804 αἱρετικῆζ
1389 5723 1735 5804 ἀριστεύσας·
1789 5751 1850 5804 -ς

287 5803 545 5873 (Cregor.
586 5796 653 5854 bl.
690 5796 786 5872 ep.’
810 5819 858 5853 vi
882 5842 894 5858 .
926 5796 1014 5863 Si,
1050 5796 1172 5873 cum
1226 5796 1527 5873 scriberet,
1555 5796 1846 5873 Sazomeni

289 5872 595 5925 Historiam
626 5873 692 5927 ab
724 5869 1019 5943 apostolica
1054 5872 1182 5929 sedc
1215 5888 1323 5927 non
1366 5869 1554 5938 recipi,
1590 5869 1834 5935 quoniam

1942 5440 2039 5501 -ΙΙΙ,
2068 5457 2102 5509 p

1958 4669 2103 4743 Nam
2132 4682 2180 4723 et
2208 4673 2453 4743 oraculis
2484 4672 2579 4724 hoc
2605 4688 2763 4743 genus
2795 4678 3020 4743 stipatus
3057 4685 3130 4729 est
3170 4677 3331 4740 orbis,
3360 4687 3416 4729 ut
3446 4705 3519 4717 -—-

1952 4772 2021 4779 —
2043 4739 2214 4809 Mopsi
2231 4743 2284 4793 in
2306 4739 2493 4811 Sicilia
2522 4743 2578 4811 (l.
2607 4739 2801 4797 Cilicia
2819 4739 2954 4811 ).'-—
2975 4744 3244 4799 Nonnulla
3265 4739 3369 4799 alia
3393 4762 3518 4799 con-

1951 4812 2119 4879 gessit
2146 4811 2308 4864 llenr.
2332 4810 2511 4865 Noris.
2545 4814 2577 4863 I.
2609 4814 2643 4864 l.
2682 4815 2695 4866 I
2726 4816 2798 4881 (p.
2820 4810 3066 4880 84-816).
3102 4817 3344 4870 Celebris
3384 4818 3514 4870 urbs

1951 4891 2068 4954 erat
2089 4882 2143 4954 iu
2160 4881 2345 4935 Cilicia
2365 4882 2620 4954 secunda.
2638 4882 2841 4937 Nomen
2862 4886 3008 4938 urbis
3030 4888 3322 4954 scriptores
3350 4886 3515 4939 inter-

1951 4951 2444 5026 dum-depravatum
2459 4950 2935 5026 exhibueruntsed
2951 4950 3348 5026 depravationis
3362 4958 3517 5026 origo

1950 5020 2093 5096 liand
2112 5022 2341 5096 obscura
2360 5020 2639 5096 est._Syris
2659 5023 2730 5093 (ν.
2753 5022 2959 5096 Assem‘
2971 5020 3108 5077 Bibl.
3128 5041 3210 5078 er.
3233 5042 3269 5085 ι,
3291 5042 3339 5096 p.
3361 5020 3509 5096 ιιιιῑ),

1949 5090 2296 5159 Μοψουεστὶα
2350 5090 2676 5157 dicebatur,
2732 5094 2874 5146 unde
2923 5092 3126 5148 Graecis
3189 5106 3240 5149 et.
3291 5090 3513 5152 Latinis

1950 5161 2223 5233 interdum
2248 5178 2297 5233 Ap.
2330 5160 2591 5233 insertum
2614 5169 2737 5233 est,
2771 5163 3178 5233 Μομψουεστία.
3202 5165 3509 5221 εἷ.Ξοῑοιιι.

1951 5229 2206 5307 [1..ϋε.“8,
2237 5229 2293 5285 92.
2335 5230 2621 5307 Nicepb‘ori
2662 5229 2874 5295 Cateu,
2914 5229 2978 5285 in
3034 5233 3210 5307 Qctat.
3246 5253 3305 5299 ιι,
3339 5253 3389 5307 p.
3420 5236 3509 5302 44,

1947 5301 2095 5375 226.,
2114 5300 2503 5375 hiqmpsuestia
2530 5301 3034 5375 (Mompsuesteuus,
3056 5300 3513 5375 Mompsuestiuae,

1950 5372 2044 5443 sed
2080 5373 2115 5423 Ι.
2152 5370 2738 5443 ζει-ρηιρξρεειίῳ);νιείζ
2778 5370 2931 5443 Vigil.
2970 5373 3159 5428 Const.
3193 5370 3359 5432 liard.
3400 5380 3438 5432 l.
3472 5370 3509 5433 l.

2143 5440 2268 5503 242,
2290 5439 2425 5504 245,
2452 5439 2577 5493 244.
2610 5440 2750 5506 (Act.
2782 5439 2936 5496 conc.
2962 5445 3216 5501 Chalced.
3249 5447 3315 5509 X,
3344 5447 3511 5503 ﬂard.

2016 5512 2049 5562 ι.
2070 5510 2141 5590 .ll,
2167 5526 2236 5590 ι).-
2245 5510 2377 5590 β15.
2404 5509 2804 5590 Mompsuestire
2826 5555 2841 5579 ,
2871 5513 3045 5590 Paris.
3067 5516 3511 5590 Mampsuestize),

1950 5578 2181 5655 {larius
2217 5578 2491 5655 Mercaton
2544 5578 2731 5655 autem,
2780 5578 3283 5655 cutuﬂadjectivmn
3352 5578 3513 5642 modo

1952 5648 2344 5715 Mansistenus;
2382 5651 2452 5703 cl".
2480 5650 2515 5703 Ι.
2542 5667 2571 5704 c
2619 5667 2669 5719 p.
2706 5653 2840 5715 615,
2877 5654 2981 5708 6‘25
3002 5648 3213 5717 [modo
3243 5657 3515 5713 Montane-

1950 5723 2120 5773 stinus
2154 5736 2205 5790 p.
2227 5721 2349 5796 illi),
2381 5721 2548 5796 modo
2569 5720 2971 5778 Mansttestenus
3003 5742 3051 5795 p.
3082 5727 3202 5788 702,
3233 5734 3509 5796 lormarct,

1952 5806 2141 5866 vagam
2171 5791 2323 5845 urbis
2376 5793 2827 5866 appellationem,
2858 5810 2977 5862 qua:
3003 5791 3057 5848 in
3096 5798 3235 5866 vulgi
3272 5816 3365 5853 ore
3392 5791 3511 5854 ver;

1946 5862 2189 5929 sabatur,
2222 5869 2441 5917 secutus
2471 5869 2573 5918 est.
2608 5864 2871 5920 Caeterum
2894 5862 3212 5923 Theodorus
3242 5870 3511 5926 interdum
