3906 6208
293 260 362 311 25
1048 264 1135 320 DE
1172 264 1522 323 THEODORI
1569 266 2048 326 HOPSUESTENI
2093 267 2252 326 VITA
2290 268 2381 329 ET
2409 268 2742 326 SCRIPTIS.
3456 273 3526 328 ει

293 379 462 446 usque
487 376 741 447 religiose
766 393 899 434 usos
925 393 1062 445 esse,
1104 396 1282 451 neque
1327 381 1518 438 dubito
1540 385 1671 453 quin
1705 384 1846 453 apud
1878 395 1924 448 Α
1952 392 2042 439 tur
2072 383 2213 439 infra
2244 385 2383 438 inter
2412 384 2618 439 Theod.
2666 382 2966 455 fragmenta
3007 384 3058 439 in
3099 380 3385 447 Joannem.
3418 400 3520 453 pu-

289 484 382 524 eos
430 483 540 523 non
562 469 739 522 solum
783 470 1067 525 innumera
1096 471 1365 527 Theodori
1399 471 1721 543 fragmenta,
1762 491 1854 530 ve-

289 576 407 615 rum
436 562 677 631 integros
720 562 882 617 etiam
926 564 1094 619 libros
1120 564 1361 619 invenire
1397 566 1595 635 possis,
1621 582 1851 635 quorum

288 654 465 709 aditus
508 661 568 708 ut
605 656 768 711 nobis
810 660 1024 712 tandem
1055 658 1346 727 aliquando
1376 656 1531 712 detur
1560 659 1851 727 optandum

286 754 385 799 est.
417 743 499 799 Ad
530 746 632 801 hoc
658 748 805 801 enim
836 764 1007 818 usque
1030 758 1244 819 tempus
1270 764 1435 802 unum
1462 757 1688 815 tantum,
1711 749 1853 818 quod

284 837 477 903 sciam,
505 838 866 909 fragmentum
899 838 1202 911 Syriacum,
1227 840 1370 911 quod
1404 837 1593 895 Latine
1633 841 1855 896 exhibe-

1953 474 2245 542 blicijuris
2290 474 2490 528 factum
2533 483 2620 530 est
2670 476 2979 547 (Assem-ani
3021 475 3160 530 Bibl.
3221 476 3316 531 0r.
3349 475 3435 543 ΙΙΙ,
3481 493 3521 543 t,

1951 581 2008 636 p.
2043 566 2193 633 323).

2022 656 2119 712 His
2149 656 2463 726 praemissis,
2496 657 2564 713 de
2605 657 2835 729 singulis
2868 658 3109 727 scriptis,
3139 674 3259 728 quae
3300 665 3520 729 prepter

1952 756 2324 815 argumentum
2365 746 2421 800 in
2452 748 2693 819 quinque
2734 764 2931 820 genera
2975 750 3278 820 dispescui,
3332 750 3519 805 dicen-

1953 841 2104 895 dum.

1708 1227 1963 1290 CAPUT
2030 1228 2082 1289 Ι.

920 1431 1002 1476 DE
1042 1431 1290 1478 DUOBUS
1333 1432 1653 1476 τιιεουοιιι
1695 1430 1836 1474 ιιΒιι

1947 1430 2156 1475 Διιϐῦὶί
2166 1430 2201 1472 Β
2210 1428 2312 1473 NT!
2352 1427 2863 1474 BEBMBNEU'HCI.

346 1779 586 1847 Quaestio
615 1780 682 1837 de
714 1780 1004 1853 allegorica
1056 1780 1351 1852 Scriptum
1376 1795 1545 1837 sacrae
1579 1781 1843 1851 interpre-

279 1874 501 1934 tatione,
532 1887 655 1942 quae
693 1872 801 1940 jam
842 1879 1001 1927 antea
1041 1878 1188 1926 mota
1218 1879 1354 1936 erat,
1377 1869 1646 1927 Theodori
1679 1871 1840 1926 etiam

244 1972 431 2017 'etate
462 1971 519 2017 et
559 1962 895 2017 fructuosius
943 1962 1159 2032 quidem
1200 1964 1397 2034 agitata
1433 1972 1538 2019 est.
1574 1961 1839 2017 Nimirum

276 2069 398 2107 cum
456 2054 750 2124 allegorica
803 2055 1170 2123 interpretatio
1236 2054 1481 2124 pluribus
1531 2053 1843 2109 doctoribus

276 2146 604 2201 Christianis
633 2146 753 2201 ideo
779 2147 1013 2200 maxime
1042 2160 1101 2201 se
1129 2146 1432 2215 probasset,
1458 2145 1603 2214 quod
1638 2145 1712 2199 ita
1739 2144 1841 2199 du-

274 2238 377 2291 biis
405 2236 531 2291 Ser.
568 2236 627 2291 S.
670 2237 807 2292 locis
846 2238 1105 2292 honorem
1138 2237 1374 2307 adjicere
1404 2239 1611 2303 liceret,
1638 2238 1731 2309 qui
1765 2239 1845 2292 al-

278 2327 601 2397 legoriarum
641 2343 774 2384 usus
810 2330 985 2398 primo
1030 2331 1243 2385 cautius
1294 2331 1349 2384 in
1391 2330 1649 2384 auxilium
1682 2346 1845 2385 voca-

278 2416 453 2479 batur,
483 2419 690 2473 sensim
719 2433 785 2473 ac
829 2420 1086 2489 paulatim
1126 2420 1288 2473 latius
1317 2419 1637 2489 vagabatur,
1673 2434 1845 2489 usque

276 2507 403 2559 dum
437 2506 702 2578 Origenes
754 2510 1071 2579 allegorieas
1131 2510 1371 2565 rationes
1418 2510 1731 2565 accuratius
1775 2510 1843 2563 il-

277 2597 511 2653 lustrare
538 2607 845 2653 conaretur.
882 2600 1201 2670 Quanquam
1235 2616 1364 2656 vero
1387 2600 1496 2671 jam
1526 2607 1640 2655 tum
1675 2600 1845 2655 inter-

274 2689 399 2741 dum
450 2690 784 2744 intellectum
840 2699 946 2757 est,
989 2706 1151 2761 quam
1196 2690 1362 2745 dubia
1414 2700 1576 2760 atque
1630 2689 1843 2745 inﬁrma

274 2781 413 2834 ratio
433 2778 765 2852 Origeniana
800 2790 966 2846 esset,
994 2797 1169 2853 neque
1206 2781 1468 2852 Origenes
1499 2791 1677 2837 tamen
1712 2783 1844 2837 satis

275 2882 531 2925 accurate
570 2870 834 2926 refutatus
862 2880 966 2937 est,
1002 2873 1138 2926 nihil
1184 2873 1327 2927 enim
1373 2873 1484 2942 egit
1520 2870 1697 2941 Nepos
1744 2887 1844 2926 suo

286 2962 543 3031 Ἐλέγχῳ
573 2964 1025 3033 ἁλληγοριστῶν
1053 2964 1145 3036 (cf.
1181 2964 1377 3020 Euseb.
1425 2964 1497 3017 H.
1524 2981 1573 3018 ε.
1607 2980 1702 3030 vn,
1727 2963 1839 3033 24),

274 3068 453 3121 neque
506 3054 700 3109 melius
747 3055 1125 3124 allegoriarum
1176 3056 1314 3110 ratio
1368 3055 1671 3110 enucleata.
1732 3053 1844 3109 lmo

276 3145 610 3214 posteriores
638 3142 826 3201 Patres
854 3144 1025 3201 (ἐνωοί
1046 3185 1061 3209 .
1090 3149 1191 3203 etsi
1229 3163 1338 3203 non
1362 3163 1425 3202 ea
1453 3161 1556 3216 qua
1583 3144 1844 3216 Origenes

278 3237 496 3291 licentia
531 3237 586 3290 in
622 3237 743 3292 Scr.
794 3236 851 3292 S.
878 3240 1285 3310 grassabantur,
1323 3241 1376 3293 iu
1406 3239 1716 3294 universum
1758 3249 1843 3295 ta-

1944 1779 2252 1850 legoristas,
2280 1778 2567 1850 Origenem
2608 1780 2896 1850 praecipue,
2936 1778 3156 1835 refellit.
3201 1778 3344 1835 Idem
3374 1779 3519 1834 enim

1945 1872 2088 1926 haud
2136 1872 2297 1926 dubie
2342 1872 2481 1927 liber
2516 1878 2622 1936 est,
2659 1886 2818 1942 quem
2859 1871 3124 1927 Ebediesu
3165 1871 3204 1926 l.
3247 1887 3299 1926 c.
3330 1886 3385 1941 ιι.
3427 1872 3520 1936 54,

1872 1997 1917 2053 Β
1947 1964 2168 2033 quinque
2200 1971 2365 2017 tomos
2416 1963 2664 2053 adcersus
2707 1963 3014 2033 allegoricos
3046 1968 3120 2031 (ν.
3154 1962 3318 2016 etiam
3349 1977 3401 2031 p.
3428 1962 3517 2025 i9,

1943 2054 2099 2117 dixit,
2133 2062 2189 2109 et
2217 2054 2344 2109 Fac.
2376 2068 2459 2119 ut,
2492 2052 2546 2118 6,
2583 2054 2775 2107 librum
2809 2054 2873 2107 de
2912 2054 3168 2123 allegoria
3203 2063 3252 2107 ct
3297 2054 3519 2107 historia

1943 2158 2129 2202 contra
2151 2145 2437 2216 Origenem
2457 2146 2718 2215 scriptum
2743 2146 2817 2215 (ν.
2843 2152 2917 2200 et.
2949 2160 2989 2208 ι,
3009 2144 3160 2207 2,1v,
3178 2144 3248 2210 ις
3273 2142 3515 2199 Liberat.

1944 2240 2120 2301 Brev.,
2155 2254 2205 2293 c.
2233 2239 2346 2306 24).
2380 2236 2533 2292 Patet
2571 2228 2640 2292 ex
2679 2237 2717 2290 Ι.
2750 2235 2881 2292 Fac.
2917 2251 2999 2300 ιιι,
3044 2235 3098 2297 6,
3136 2236 3229 2290 ubi
3271 2236 3432 2291 breve
3460 2235 3520 2288 li-

1944 2331 2027 2385 bri
2058 2329 2415 2397 fragmentum
2443 2329 2661 2399 legitur,
2681 2344 2805 2384 eum
2833 2337 2888 2384 et
2912 2329 2978 2381 ad
3000 2327 3298 2383 Cerdonem
3332 2342 3520 2396 quem-

1944 2419 2067 2473 dam
2089 2428 2144 2475 et
2176 2420 2455 2488 aliquanto
2483 2428 2606 2488 post
2651 2417 3149 2487 interpretationem
3180 2416 3519 2472 Psalmorum

1945 2517 2017 2580 (ν.
2046 2509 2167 2581 inf.)
2195 2510 2458 2580 scriptum
2480 2524 2624 2572 esse,
2654 2511 2749 2564 sed
2778 2524 2939 2579 quam
2981 2509 3122 2562 viam
3167 2509 3219 2561 in
3247 2522 3313 2562 eo
3342 2505 3520 2562 Theo-

1943 2602 2109 2658 dorus
2140 2604 2420 2673 ingressus
2457 2602 2532 2657 sit
2576 2616 2683 2655 non
2713 2602 2900 2670 liquet.
2929 2599 3249 2670 Quanquam
3284 2613 3387 2652 non
3416 2598 3518 2652 ob-

1942 2710 2165 2750 scurum
2187 2706 2291 2757 est,
2317 2708 2439 2749 eum
2471 2707 2592 2748 cum
2619 2693 2958 2764 allegoristas
2979 2691 3340 2761 impugnaret,
3365 2704 3518 2745 suam

1942 2786 2102 2841 etiam
2134 2785 2520 2855 interpretandi
2561 2784 2849 2839 formulam
2882 2783 3221 2852 exposuisse.
3260 2781 3520 2836 Diversus

1941 2884 2058 2930 erat
2084 2875 2302 2929 Diodori
2340 2875 2476 2931 liber
2511 2874 2612 2940 Τις
2640 2873 2892 2941 διαφορὰ
2924 2872 3167 2941 θεωρίας
3192 2870 3288 2924 καί
3327 2870 3519 2939 ἀλλη-

1940 2967 2143 3037 γορίας
2176 2965 2269 3036 (cf.
2319 2966 2474 3020 Suid.
2523 2981 2569 3021 s.
2600 2982 2654 3021 v.
2701 2964 2902 3033 Diod.),
2942 2964 3099 3033 cujus
3139 2970 3518 3034 argumentum

1943 3059 2045 3112 hoe
2084 3058 2295 3114 fuisse:
2328 3056 2571 3112 diversas
2612 3057 2755 3111 inter
2792 3072 2852 3111 se
2889 3071 3010 3111 esse
3043 3056 3375 3124 allegoriam,
3410 3068 3520 3122 qua

1943 3152 2205 3207 historica
2243 3150 2445 3205 veritas
2478 3158 2570 3203 aut
2607 3149 2827 3202 tollatur
2852 3156 2945 3200 aut
2982 3146 3094 3201 fere
3128 3146 3262 3200 nihil
3292 3145 3396 3200 nisi
3431 3145 3521 3198 in-

1941 3243 2219 3296 volucrum
2265 3241 2408 3294 alius
2455 3240 2616 3309 plane
2672 3239 2752 3294 rei
2809 3238 2900 3303 sit,
2954 3246 3010 3292 et
3056 3237 3345 3300 theoriam,
3386 3250 3516 3306 qua,

280 3343 397 3381 men
425 3326 718 3397 Origenem
746 3330 868 3399 plus
908 3330 1086 3384 minus
1132 3331 1302 3386 secuti
1346 3340 1490 3386 sunt.
1526 3333 1596 3384 At
1625 3339 1843 3386 contra—
1871 3329 1917 3389 C
1946 3333 2094 3387 salva
2126 3332 2354 3386 veritate
2391 3331 2668 3395 historica,
2698 3330 2937 3400 typicum
2983 3328 3147 3383 etiam
3195 3343 3414 3383 sensum
3461 3327 3517 3382 in

281 3417 417 3470 riam
465 3419 625 3488 plane
668 3423 932 3475 rationem
974 3421 1212 3475 inierunt
1256 3419 1446 3476 Patres
1490 3423 1705 3490 quidem
1735 3422 1845 3474 Au-

283 3508 536 3571 tiocbeni,
567 3511 1022 3581 qui'exegeticam
1056 3511 1341 3566 formulam
1376 3528 1407 3566 a
1443 3513 1692 3568 Patribus
1721 3513 1846 3581 (An-

281 3599 569 3668 tiochenis)
600 3611 871 3671 acceptam
912 3602 1124 3657 ratione
1156 3613 1211 3658 et
1236 3602 1320 3656 via
1367 3603 1439 3657 ita
1467 3605 1839 3665 excolueruut,

282 3699 338 3741 ut
371 3689 487 3758 jam
533 3691 604 3745 ab
642 3691 749 3745 illis
794 3691 1177 3761 interpretibus
1210 3694 1369 3763 plane
1407 3694 1694 3750 distarent.
1720 3695 1842 3748 Non

282 3781 403 3834 licet
453 3782 671 3850 quidem
712 3784 1020 3838 accuratius
1064 3798 1335 3849 enarrare,
1384 3799 1503 3857 quae
1539 3792 1841 3854 temporum

280 3872 511 3927 decursu
543 3873 842 3927 Antiochiae
869 3874 987 3930 Scr.
1018 3873 1075 3929 S.
1113 3874 1275 3929 fuerit
1304 3876 1695 3944 interpretatio,
1720 3893 1844 3945 pro-

283 3962 531 4019 babiliter
563 3974 743 4018 tamen
780 3966 1062 4034 conjicias,
1084 3982 1206 4021 cum
1232 3967 1441 4036 priores
1469 3968 1645 4038 ipsum
1674 3966 1738 4022 N.
1776 3967 1841 4023 Τ.

282 4056 450 4109 secuti
494 4056 813 4127 plerumque
850 4058 1164 4112 historicam
1221 4059 1632 4128 explicationem
1689 4060 1843 4115 iniis-

282 4158 416 4211 sent,
466 4162 570 4202 nec
614 4163 843 4217 prorsus
888 4157 1064 4205 tamen
1113 4150 1398 4221 allegorias
1444 4150 1839 4221 repudiassent,

282 4237 573 4293 Eusebium
604 4238 808 4303 Emes.,
836 4240 1126 4295 Diodorum
1164 4242 1316 4297 Tars.
1364 4250 1420 4296 et
1469 4244 1638 4313 magis
1679 4244 1842 4297 etiam

283 4327 623 4385 Theodorum
653 4331 926 4401 allegoriis
969 4332 1127 4402 plane
1182 4332 1397 4402 rejectis
1432 4333 1692 4388 historice
1720 4334 1841 4388 Scr.

286 4418 343 4473 S.
375 4424 715 4490 exposuisse.
747 4423 821 4477 Ita
863 4439 989 4479 vero
1025 4439 1093 4478 ne
1130 4424 1198 4479 de
1249 4425 1570 4480 auctoritate
1612 4425 1731 4479 Scr.
1782 4425 1839 4479 S.

285 4513 625 4568 detraherent
653 4532 715 4569 ac
747 4516 1004 4570 doctrinae
1040 4516 1357 4572 Christiana:
1396 4518 1650 4571 damnum
1686 4516 1842 4573 aﬂ'er-

286 4611 423 4663 rent.
460 4605 523 4657 ad
559 4608 794 4675 typicam
852 4606 1239 4677 interpretandi
1278 4608 1542 4664 rationem
1589 4608 1844 4678 confuge-

286 4704 428 4756 runt,
463 4711 571 4750 non
604 4698 818 4768 quidem
850 4698 918 4752 ab
949 4714 1008 4754 se
1029 4700 1295 4755 inventam
1330 4700 1497 4766 illam,
1534 4702 1840 4755 accuratius
1872 4682 1914 4736 D

287 4796 464 4841 tamen
488 4788 831 4858 explicatam.
858 4788 977 4843 Jam
1009 4805 1115 4845 non
1136 4791 1366 4845 arduum
1395 4800 1512 4847 erat
1543 4792 1845 4846 edisserere

287 4896 445 4947 quam
472 4888 621 4934 arcta
652 4889 799 4935 esset
825 4879 889 4935 V.
929 4880 993 4936 T.
1030 4897 1151 4935 cum
1202 4883 1363 4938 rebus
1401 4882 1722 4937 Christianis
1752 4898 1847 4938 ne-

289 4972 535 5026 cessitas.
572 4972 836 5025 Caeterum
872 4973 982 5041 jam
1012 4988 1078 5027 ex
1114 4974 1197 5028 his
1231 4974 1519 5045 intelligas,
1551 4975 1642 5045 qui
1672 4974 1847 5029 Theo-

250 5108 253 5111 λ
288 5059 453 5116 dorus
478 5077 600 5117 cum
628 5063 697 5118 de
730 5062 790 5116 V.
821 5061 882 5118 Τ.
918 5064 970 5118 iu
1007 5065 1339 5127 universum,
1378 5074 1487 5119 tum
1521 5065 1588 5120 de
1609 5068 1840 5120 auctori-

288 5160 395 5205 tate
431 5155 808 5208 nonnullorum
856 5155 975 5221 ejus
1023 5154 1283 5209 librorum
1327 5154 1600 5211 liberalius
1646 5156 1846 5212 sentire

288 5241 539 5309 potuerit,
567 5243 675 5295 imo
697 5242 961 5300 debuerit.

355 5328 676 5389 Theodorus
702 5334 965 5405 singulari
990 5349 1160 5405 eoque
1196 5334 1330 5391 satis
1374 5335 1553 5407 amplo
1577 5335 1718 5389 libro
1766 5335 1846 5389 al-

356 5534 435 5609 ζα)
463 5533 677 5609 Socrat.
719 5535 863 5609 HLe.
892 5553 968 5609 vi,
1009 5538 1043 5589 ὅ
1065 5537 1264 5609 ελΨιλῴ
1288 5537 1365 5607 τῷ
1401 5538 1684 5609 γράμματι
1735 5535 1844 5588 τῶν

290 5603 445 5678 θείων
466 5605 746 5678 προςέχῳν
774 5607 1001 5676 Γραφῶν
1031 5607 1140 5678 -τὰς
1178 5603 1422 5678 05mph;-
1440 5603 1624 5678 ἀύιτῷν
1656 5610 1846 5677 ἐκτρε-

282 5674 539 5769 Ιτόμενοςζ
574 5674 697 5731 Pari
728 5674 883 5733 modo
919 5678 985 5734 de
1028 5676 1258 5734 Diodoro
1285 5674 1498 5737 Sozom.
1537 5677 1609 5732 ll.
1646 5693 1691 5733 ι.
1725 5674 1845 5743 vin,

1947 3424 2121 3479 verbis
2161 3425 2339 3479 inesse
2384 3432 2659 3492 emergat:
2700 3422 2754 3475 in
2783 3422 3097 3476 universum
3133 3419 3349 3489 quidem
3385 3419 3519 3473 mihi

1941 3530 2064 3568 cum
2095 3512 2231 3568 Caes.
2271 3529 2302 3568 a
2352 3513 2627 3591 Lengerke
2658 3514 2695 3568 Ι.
2729 3513 2793 3575 1.,
2823 3528 2879 3583 p.
2915 3512 3038 3577 M5,
3067 3510 3188 3575 H6,
3231 3512 3517 3579 convenit,

1942 3605 2034 3660 sed
2056 3603 2198 3675 quod
2226 3605 2365 3660 idem
2385 3622 2437 3659 v.
2464 3606 2517 3660 d.
2535 3604 2741 3669 docuit,
2765 3604 2996 3675 θεωρίαν
3016 3603 3517 3673 interpretationem

1942 3712 2065 3751 vere
2091 3697 2369 3766 mysticam
2402 3697 2663 3760 indicare,
2685 3711 2749 3752 eo
2782 3696 2873 3749 illa
2901 3695 3170 3750 sententia
3202 3696 3515 3764 neutiquam

1944 3787 2206 3841 firmatur.
2240 3786 2381 3841 Sane
2408 3801 2529 3840 voc.
2563 3786 2785 3857 θεωρία,
2815 3786 2880 3840 de
2911 3785 3069 3853 cujus
3109 3785 3318 3855 origine
3345 3800 3397 3839 v.
3433 3784 3513 3839 ill.

1942 3876 2173 3931 Lobeck.
2222 3876 2477 3948 Aglaoplt.
2529 3874 2583 3939 Ι,
2641 3891 2694 3945 p.
2749 3876 2852 3941 M,
2899 3874 3165 3930 latissime
3216 3880 3361 3944 patet
3397 3881 3451 3928 et
3485 3890 3516 3927 a

1941 3967 2191 4023 Patribus
2223 3968 2289 4023 de
2314 3967 2759 4038 interpretatione
2789 3967 3100 4037 allegorica,
3129 3966 3344 4030 morali,
3376 3966 3517 4037 typi-

1941 4076 2025 4126 ca,
2051 4061 2284 4131 denique
2301 4062 2528 4131 mystica
2552 4060 2794 4115 adhiberi
2816 4068 3025 4129 poterat
3044 4060 3117 4129 (v.
3143 4057 3513 4113 Suicer.Thes.

1940 4152 2067 4206 εισι.
2102 4168 2148 4207 s.
2181 4169 2232 4205 v.
2269 4152 2507 4219 θεωρία,
2544 4158 2598 4205 et
2626 4149 2763 4204 Caes.
2796 4165 2826 4203 a
2864 4148 3138 4220 Lengerke
3182 4148 3218 4202 l.
3267 4149 3303 4202 Ι.
3329 4164 3381 4216 p.
3416 4148 3516 4200 H'I

1942 4246 2071 4311 sq.),
2112 4240 2207 4295 sed
2237 4239 2471 4294 Diodoro
2515 4241 2665 4294 notio
2703 4238 2822 4308 ejus
2866 4239 2998 4294 satis
3044 4239 3265 4293 definita
3306 4246 3360 4291 et
3391 4238 3518 4293 dis-

1940 4334 2110 4387 tincta
2137 4347 2258 4386 esse
2280 4331 2527 4385 debebat.
2563 4329 2750 4400 Itaque
2779 4346 2885 4383 non
2915 4330 3103 4383 dubito
3130 4331 3259 4399 quin
3288 4329 3516 4399 θεωρίαν

1944 4424 2157 4480 uonn’si
2207 4425 2438 4492 typicam
2486 4420 3007 4490 interpretationem,
3040 4422 3237 4491 quippe
3285 4436 3404 4488 quae
3449 4436 3517 4474 ex

1945 4514 2293 4568 meditatione
2326 4526 2505 4565 rerum
2534 4510 2833 4564 caelestium
2866 4518 2919 4563 et
2950 4511 3264 4565 oeconomiae
3300 4507 3418 4563 Scr.
3454 4508 3512 4561 S.

1944 4612 2209 4663 manaret.
2234 4602 2511 4656 vocaverit
2544 4600 2641 4670 (ιι).
2673 4598 2730 4654 lu
2758 4616 2822 4655 eo
2852 4608 3032 4654 autem
3060 4600 3135 4652 illi
3169 4600 3290 4653 libri
3315 4599 3518 4654 diversi

1943 4706 2115 4759 erant,
2146 4696 2287 4766 quod
2317 4709 2442 4750 cum
2484 4693 2751 4748 Diodorus
2793 4692 3009 4747 nonnisi
3041 4691 3408 4746 diversitatem
3434 4692 3519 4745 in-

1943 4787 2339 4858 terpretationis
2397 4786 2592 4856 typicae
2658 4792 2713 4840 et
2774 4784 3074 4854 allegorica:
3134 4783 3511 4852 explanasset,

1943 4878 2259 4934 Theodorus
2305 4877 2435 4946 quid
2494 4878 2633 4931 inter
2685 4876 2999 4930 historicam
3062 4882 3117 4930 et
3169 4872 3511 4944 allegoricam

1942 4972 2355 5041 explicationem
2388 4970 2679 5024 interesset
2708 4968 2915 5023 docuit.

2013 5063 2185 5118 Etiam
2229 5064 2365 5117 liber
2394 5061 2471 5115 De
2510 5062 2733 5115 obscura
2767 5059 3025 5113 locutione
3054 5056 3146 5128 (cf.
3182 5054 3448 5109 Ehediesu
3473 5054 3512 5108 l.

1949 5154 2009 5216 1.,
2049 5170 2103 5224 p.
2135 5154 2221 5222 54)
2265 5152 2480 5207 videtur
2527 5149 2827 5221 argumenti
2874 5146 3259 5202 hermeneutici
3323 5144 3515 5210 fuisse,

1950 5246 2045 5302 sed
2094 5246 2251 5315 quale
2308 5243 2467 5297 fuerit
2523 5241 2862 5311 conjiciendo
2920 5239 3205 5295 enucleare
3255 5254 3361 5293 non
3419 5251 3516 5290 auo

1948 5337 2070 5392 deo.

1948 5535 2003 5588 2.
2066 5534 2170 5658 δεξιά
2217 5537 2268 5591 hi
2300 5552 2417 5593 voc.
2469 5533 2667 5606 θεωρία
2720 5532 3061 5606 allegoricum
3116 5544 3332 5586 sensum
3378 5526 3514 5582 indi-

1951 5621 2119 5658 carun
2149 5645 2162 5658 .

1951 5621 2162 5661 carunt.
