3906 6208
410 313 488 374 27
1284 317 1585 374 OTTONIS
1622 317 1802 376 FRID.
1839 315 2228 373 FRITZSCHE
2263 314 2765 373 COMMENTATIO

437 466 3283 498 *κῇ-..Μ

3285 463 3658 485 ἢ

1844 618 2101 683 CAPUT
2163 619 2244 680 ll.

1237 787 1320 829 DE
1362 785 1687 831 THEODORI
1732 785 1795 829 IN
1841 784 2062 828 ιιιιιιοε
2092 785 2156 830 γ.
2192 784 2253 827 Τ.

2302 782 2803 827 COMMENTARIIS.

474 1090 535 1147 ιιι
558 1089 622 1146 V.
645 1089 710 1145 Τ.
735 1088 1028 1146 lectitando
1049 1096 1104 1145 et
1127 1085 1538 1158 interpretando
1568 1084 1795 1140 multum
1814 1082 1989 1138 Theo-
2014 1066 2061 1121 Α
2082 1077 2176 1149 jus
2220 1075 2481 1132 Leontius
2535 1074 2572 1129 l.
2612 1088 2688 1140 c.,
2734 1088 2788 1144 p.
2842 1071 2968 1138 686,
3018 1073 3284 1140 meminit,
3320 1091 3340 1127 ‹
3374 1073 3543 1139 hunc,
3588 1076 3680 1132 in-

405 1185 577 1239 dorus
627 1182 888 1253 temporis
939 1189 995 1237 et
1045 1179 1213 1237 studii
1263 1179 1578 1243 collocavit,
1611 1184 1665 1233 et
1705 1192 1829 1231 cum
1888 1191 1989 1231 nec

402 1275 562 1331 tardo
610 1290 711 1331 nec
766 1273 955 1329 timido
1008 1271 1222 1343 ingenio
1266 1280 1432 1337 esset,
1467 1272 1622 1341 plura
1657 1285 1795 1324 nova
1830 1268 1896 1325 de
1923 1284 1989 1323 eo

403 1366 613 1421 invenit
642 1373 697 1420 et
723 1364 964 1435 protulit.
994 1361 1135 1428 Quid
1173 1361 1241 1416 de
1267 1361 1497 1432 singulis
1528 1360 1807 1415 nonnullis
1832 1359 1987 1415 libris

400 1458 679 1513 censuerit
728 1455 870 1511 infra
914 1454 1113 1520 dicam,
1156 1453 1382 1509 omnino
1418 1460 1600 1508 autem
1622 1450 1686 1507 ν.
1718 1450 1783 1506 Τ.
1816 1452 1986 1509 libros

403 1548 456 1601 in
489 1547 801 1612 historicos,
826 1543 1171 1614 propheticos
1196 1549 1251 1598 et
1285 1542 1378 1612 qui
1406 1557 1506 1613 pro
1526 1542 1777 1597 doctrina
1804 1542 1985 1596 bomi-

401 1655 532 1693 num
564 1638 752 1708 scripti
779 1645 964 1694 essent
994 1635 1295 1692 distribuit.
1327 1635 1411 1689 Ad
1436 1636 1565 1698 hos,
1590 1651 1824 1706 quorum
1854 1635 1987 1689 scri-

400 1741 583 1800 ptores
617 1731 936 1801 prudentiae,
981 1744 1087 1783 non
1124 1728 1419 1798 prophetia!
1457 1727 1687 1797 gratiam
1739 1727 1984 1796 accepis-

396 1823 541 1880 sent,
596 1816 782 1871 retulit
844 1815 1157 1880 Proverbia,
1209 1814 1615 1881 Ecclesiasten,
1673 1814 1983 1872 Salomonis

397 1906 591 1973 libros,
626 1916 679 1962 et
711 1907 907 1963 Jobum
939 1906 1032 1976 (ef.
1060 1909 1180 1965 Act.
1213 1922 1264 1962 c.
1302 1906 1492 1964 Const.
1521 1923 1582 1971 ιι,
1611 1923 1686 1971 ιν,
1719 1907 1807 1972 68,
1837 1908 1874 1963 l.
1904 1924 1981 1975 c.,

399 2012 455 2067 p.
495 1998 583 2062 86,
610 1997 699 2062 68,
731 2014 785 2068 p.
822 1997 934 2069 88).
973 1996 1079 2053 Sed
1119 1997 1405 2053 Canticum
1447 1998 1787 2054 canticorum
1825 2001 1982 2069 plane

396 2089 664 2159 despexit,
710 2098 766 2144 et
814 2089 953 2144 duos
994 2088 1162 2144 libros
1194 2087 1648 2159 Paralipomenon
1680 2098 1842 2161 atquc
1884 2091 1983 2148 Εε-

395 2182 548 2234 (iram
579 2182 904 2251 repudiavit.
949 2180 1035 2235 Cf.
1077 2179 1269 2238 Leont.
1321 2182 1358 2236 l.
1389 2196 1466 2245 c.,
1497 2198 1550 2252 p.
1587 2182 1710 2237 687.
1747 2183 1854 2240 Eos
1883 2200 1982 2240 au-

395 2284 504 2328 tem
546 2273 734 2335 libros.
774 2273 976 2344 quibus
1011 2273 1275 2329 minorem
1318 2282 1413 2327 aut
1450 2275 1652 2329 nullam
1688 2276 1851 2330 etiam
1885 2293 1982 2332 au-

394 2367 702 2420 ctoritatem
748 2368 966 2430 statuit,
1007 2367 1165 2420 aliter
1206 2380 1272 2420 ac
1318 2367 1557 2436 reliquos
1590 2368 1979 2439 interpretatus

392 2468 497 2514 est.
554 2457 760 2512 llorum
807 2458 953 2513 enim
986 2457 1167 2513 verbis
1217 2473 1341 2512 cum
1388 2462 1551 2513 etiam
1605 2468 1769 2530 atque
1814 2462 1977 2515 etiam

394 2548 701 2614 inhaereret,
737 2549 952 2604 illorum
995 2564 1059 2604 ea
1104 2562 1227 2619 quae
1257 2548 1441 2605 minus
1472 2549 1575 2603 sibi
1604 2550 1873 2620 quadrare
1900 2551 1978 2605 vi-

391 2639 661 2695 debantur
688 2638 1052 2695 audacissime
1099 2638 1468 2710 reprehendit.
1504 2639 1623 2709 Ipsa
1668 2649 1847 2696 autem
1894 2643 1978 2697 in-

393 2734 706 2804 terpretatio
739 2733 1012 2789 interdum
1043 2733 1264 2803 quidem
1280 2733 1437 2818 _bene
1480 2742 1793 2805 comparata
1836 2746 1975 2799 erat,

392 2842 532 2881 nova
581 2827 764 2892 etiam,
810 2825 906 2881 sed
939 2835 999 2881 ut
1027 2826 1220 2896 reliqui
1272 2828 1597 2898 interpretes
1646 2826 1820 2883 Graeci
1876 2829 1980 2885 Ec-

392 2919 575 2974 clesia:
612 2920 831 2985 veteris,
858 2919 931 2973 ita
968 2916 1289 2976 Theodorus
1337 2921 1500 2975 etiam
1541 2921 1873 2977 intellectum
1909 2922 1976 2981 V.

391 3010 456 3065 Τ.
491 3026 597 3065 non
633 3011 859 3065 multum
892 3010 1121 3080 adjuvit,
1156 3025 1281 3065 cum
1312 3010 1511 3082 linguae
1538 3010 1794 3075 ,Hebraae
1827 3014 1981 3084 igna-

390 3120 509 3169 rus,
562 3103 733 3159 solam
785 3100 929 3157 LXX
972 3103 1489 3175 interpretationem,
1543 3119 1706 3176 quam
1759 3107 1979 3161 maximi

391 3197 649 3260 faciebat,
700 3197 1033 3265 comparatis
1097 3195 1323 3266 reliquis
1374 3195 1577 3253 Graecis
1637 3198 1980 3254 versionibus

389 3289 778 3358 nonnullisque
811 3287 1199 3358 interpretibus
1238 3288 1555 3345 illustraret.
1593 3288 1823 3344 Tantam
1850 3306 1981 3347 vero

396 3380 697 3434 molestiam
725 3378 845 3449 ejus
869 3378 1053 3449 lingua
1079 3386 1132 3433 et
1164 3378 1373 3435 indoles
1406 3381 1455 3436 ei
1485 3384 1709 3447 creavit,
1746 3391 1804 3438 ut
1833 3384 1978 3453 quod

396 3473 563 3527 multa
626 3471 870 3541 peccavit
921 3468 1270 3524 excusandus
1327 3472 1507 3541 potius
1543 3488 1707 3543 quam
1762 3475 1977 3544 vitupe-

394 3563 597 3618 randus
650 3562 738 3617 sit.
796 3559 971 3616 Habet
1019 3568 1201 3616 tamen
1246 3577 1376 3618 suas
1416 3565 1666 3621 virtutes.
1713 3565 1978 3622 Caeterum

392 3655 638 3726 singulos
659 3663 789 3709 sues
810 3651 1253 3718 commentarios,
1270 3667 1409 3724 quos
1432 3653 1586 3710 libris
1604 3653 1852 3711 distinxit
1876 3656 1975 3726 (a),

2091 1170 2306 1241 quiens,
2338 1169 2489 1222 aiunt
2522 1182 2632 1221 non
2659 1165 2891 1236 amplius
2920 1179 3083 1235 quam
3118 1163 3305 1220 decem
3335 1174 3389 1221 et
3416 1175 3542 1222 octo
3572 1182 3677 1221 an-

2090 1276 2193 1316 nos
2232 1270 2420 1315 natum
2454 1258 2507 1313 in
2543 1254 2857 1326 Scripturas
2918 1255 3309 1311 debacchatum
3347 1273 3469 1314 esse
3506 1277 3519 1313 :
3565 1274 3679 1313 non

2088 1354 2236 1410 enim
2272 1353 2378 1409 nisi
2405 1350 2858 1407 debacchationes
2902 1348 3303 1418 Scripturarum
3350 1350 3680 1419 interpreta-

2087 1449 2285 1514 tiones,
2310 1460 2449 1517 quas
2477 1444 2533 1500 iu
2563 1458 2658 1500 eas
2686 1441 3017 1513 composuit,
3052 1442 3324 1513 appellare
3354 1458 3602 1513 possum,
3648 1461 3672 1498 ι

2089 1539 2245 1595 fidem
2286 1540 2508 1608 derogo.
2545 1535 2840 1591 Verissime
2882 1532 3191 1589 Tillemont.
3241 1535 3278 1589 l.
3328 1535 3390 1599 1.,
3434 1551 3485 1605 p.
3522 1535 3672 1591 ut:

2092 1650 2110 1683 ι
2145 1629 2279 1687 Mais
2324 1631 2362 1685 il
2395 1645 2463 1684 en
2484 1628 2628 1682 avait
2660 1624 2787 1698 prés
2830 1626 2898 1681 de
2934 1626 3086 1697 vingt
3115 1626 3214 1695 (sc.
3245 1626 3367 1697 ans)
3407 1636 3570 1681 avant
3613 1644 3676 1683 sa

2086 1724 2322 1781 seconde
2347 1722 2569 1777 retraite
2598 1723 2670 1792 (ν.
2705 1720 2808 1790 s.);
2838 1726 2891 1775 et
2922 1718 2957 1772 il
2995 1719 3084 1789 n'y
3117 1732 3147 1771 a
3184 1732 3281 1788 pas
3313 1718 3677 1789 d‘apparence

2084 1818 2215 1890 qu'il
2240 1823 2363 1873 eust
2403 1830 2604 1872 encore
2649 1814 2765 1869 rieu
2805 1813 2961 1867 écrit.
2992 1828 3013 1865 ι
3047 1810 3105 1865 In
3138 1810 3456 1880 fragmentis
3488 1818 3675 1865 autem

2084 1908 2457 1966 commentarii
2482 1906 2702 1977 juvenis
2743 1903 2981 1960 eruditio
3022 1911 3077 1958 et
3119 1902 3348 1956 audacia
3374 1901 3676 1972 deprehen-

2084 2005 2251 2070 ditur,
2302 2019 2413 2058 non
2459 2000 2613 2073 pueri
2673 1997 2945 2069 imperitia
2993 2008 3048 2052 et
3103 1996 3350 2052 lascivia.
3418 1992 3679 2051 Fortasse

2082 2096 2458 2170 Chrysostomi
2501 2094 2670 2149 altera
2716 2093 2783 2146 ad
2833 2088 3178 2146 Theodorum
3227 2088 3456 2159 epistola
3491 2103 3677 2143 rumo-

2083 2206 2198 2246 rem
2227 2189 2380 2244 illum
2409 2185 2608 2242 eﬂeeit.

2152 2279 2418 2350 Pleraque
2439 2274 2817 2330 commentarii
2851 2274 3155 2345 fragmenta
3188 2271 3334 2326 viros
3368 2270 3424 2325 d.
3462 2270 3675 2325 hucus-

2081 2390 2188 2445 que
2215 2373 2509 2427 latuerunt.
2555 2369 2616 2425 In
2651 2368 2772 2423 Act.
2822 2381 2873 2422 c.
2905 2365 3095 2421 Const.
3138 2381 3197 2428 ιι,
3230 2380 3303 2427 ιν,
3343 2362 3521 2419 tribus
3564 2362 3675 2419 illis

2079 2462 2267 2529 20-22,
2303 2477 2353 2532 p.
2391 2460 2482 2527 78,
2517 2458 2781 2528 exceptis,
2823 2456 2891 2512 de
2926 2456 3126 2527 quibus
3171 2454 3241 2509 ad
3283 2460 3580 2508 comment.
3617 2454 3674 2507 in

2080 2570 2157 2609 χιι
2179 2553 2459 2625 prophetas
2481 2549 2793 2615 dicendum,
2823 2547 2932 2603 duo
2959 2546 3336 2601 tantummodo
3366 2544 3674 2616 fragmenta

2080 2644 2333 2713 leguntur
2372 2640 2444 2695 25
2477 2639 2567 2711 (de
2615 2654 2701 2710 ps.
2750 2654 2866 2705 χχι,
2900 2636 2987 2700 17,
3029 2636 3094 2691 18
3141 2635 3253 2708 (b))
3283 2643 3337 2692 et
3380 2635 3473 2701 24,
3515 2652 3569 2706 p.
3603 2634 3674 2691 79

2079 2736 2147 2791 de
2174 2750 2257 2806 ps.
2300 2748 2494 2798 vam,
2527 2731 2590 2786 21
2619 2747 2635 2794 ς
2667 2745 2793 2787 nam
2824 2747 2944 2801 qua:
2968 2730 3055 2794 l9,
3091 2745 3143 2799 p.
3181 2729 3269 2795 77,
3306 2738 3360 2783 et
3394 2744 3449 2792 v,
3488 2745 3543 2799 p.
3579 2728 3671 2791 94,

2078 2827 2451 2889 inveniuntur,
2488 2840 2552 2879 ea
2595 2839 2661 2880 ex
2715 2824 2868 2880 libris
2920 2822 2996 2877 De
3039 2821 3405 2876 incarnatione
3456 2828 3675 2891 sumpta

2079 2928 2245 2986 sunt;
2277 2933 2445 2973 unum
2496 2915 2564 2971 ad
2615 2931 2697 2985 ps.
2752 2931 2878 2969 xuv
2925 2914 2979 2968 in
3021 2912 3280 2968 Facundo
3321 2928 3398 2981 Ix,
3437 2912 3499 2979 1;
3548 2929 3675 2984 per-

2079 3012 2249 3067 muita
2283 3021 2473 3066 contra
2504 3010 2748 3063 continuet
2801 3005 3078 3075 Expositio
3123 3004 3351 3059 Patrum
3407 3001 3578 3060 Gram.
3616 3006 3673 3059 in

2082 3102 2200 3168 Ps.,
2252 3119 2285 3156 a
2327 3101 2509 3155 Baltli.
2570 3098 2824 3155 Corderio
2872 3097 2933 3153 S.
2985 3095 3043 3151 Ι.
3090 3112 3155 3151 ea:
3192 3097 3567 3151 vetustissimis
3607 3095 3671 3152 S.

2079 3194 2218 3249 Cres.
2250 3190 2388 3260 Maj.
2434 3200 2483 3246 et
2527 3206 2695 3245 scrcn.
2743 3188 2990 3243 Bouaria:
3036 3188 3187 3243 ducis
3225 3204 3356 3244 mss.
3388 3187 3541 3242 codd.
3573 3189 3673 3242 ἁν-

2080 3286 2316 3349 εκδότοις
2354 3285 2692 3348 concinnata,
2726 3283 2780 3335 in
2819 3281 3197 3351 parapltrasin,
3228 3283 3674 3336 commentarium

2079 3387 2129 3431 et
2156 3387 2397 3432 catenam
2425 3374 2648 3446 digesta,
2685 3372 2981 3428 Latinitate
3003 3372 3200 3427 donata
3230 3382 3280 3428 et
3311 3373 3675 3428 adnotationi-

2081 3471 2177 3524 bus
2208 3469 2504 3529 illustruta,
2546 3465 2675 3519 torni
2710 3463 2829 3528 III,
2863 3468 3115 3534 Antvrrp.
3154 3463 3309 3529 1645,
3344 3465 3414 3520 46
3446 3464 3541 3534 fol.
3571 3466 3669 3533 (c).

2083 3564 2191 3622 Sed
2222 3564 2290 3620 de
2317 3559 2547 3631 singulis
2576 3558 2739 3614 tomis
2760 3560 3071 3631 singulatim
3105 3559 3507 3616 disserendum.

2150 3662 2230 3711 Ac
2253 3654 2463 3726 primus
2486 3650 2716 3723 quidem
2734 3662 2913 3708 tomus
2950 3653 3013 3706 Θ.
3051 3652 3378 3724 Ἀντιοχείας
3406 3652 3674 3707 nonnulla

391 3749 456 3802 ad
486 3748 635 3802 viros
672 3744 937 3817 quosdam
983 3744 1151 3811 misit,
1188 3760 1421 3815 quorum
1467 3753 1646 3803 tamen
1677 3763 1819 3805 unus
1848 3756 1975 3805 tan-
2001 3770 2042 3827 (ς
2076 3752 2296 3812 exhibet
2338 3763 2394 3815 p.
2451 3746 2485 3801 8
2517 3746 2607 3820 (de
2659 3761 2744 3819 ps.
2798 3761 2838 3811 ι,
2869 3746 2959 3816 1);
3013 3745 3120 3799 272
3148 3746 3237 3816 (de
3288 3762 3375 3818 ps.
3402 3748 3533 3815 xv);
3566 3746 3674 3801 276

390 3847 504 3894 ιιιιιι
532 3838 709 3894 duove
740 3836 832 3907 qui
862 3835 1062 3891 fuerint
1088 3837 1315 3892 scimus.

724 3931 789 3983 A.
823 3927 1249 3984 Commentarius
1286 3931 1340 3983 in
1365 3931 1633 3987 Psacmos.

458 4022 605 4077 inter
657 4036 849 4076 omnes
892 4019 1163 4076 Theodori
1223 4022 1391 4077 libros
1436 4026 1863 4084 commentarius
1916 4028 1970 4083 in

390 4112 663 4177 Psalmos,
688 4126 870 4182 quem,
900 4110 1164 4166 Ebediesu
1194 4118 1330 4165 teste
1354 4112 1389 4164 l.
1417 4126 1492 4177 c.,
1526 4128 1579 4183 p.
1616 4114 1704 4181 51,
1731 4118 1971 4187 quinque

390 4209 551 4262 tomis
588 4206 656 4260 ad
692 4205 995 4260 Cerdonem
1021 4204 1249 4276 ejusque
1298 4204 1519 4258 fratrem
1556 4208 1793 4277 scripsit,
1830 4218 1969 4264 tem-

389 4314 524 4371 pore
567 4299 801 4370 primum
840 4297 1019 4351 locum
1071 4296 1174 4352 sibi
1216 4296 1473 4352 vindicat.
1535 4296 1801 4354 Nimirum
1844 4316 1969 4355 cum

389 4391 708 4448 Theodorus
741 4389 857 4460 ipse
890 4404 977 4460 ap.
1004 4386 1130 4443 Fac.
1178 4403 1260 4454 ιιι,
1289 4403 1366 4453 vr,
1400 4388 1509 4459 (10,
1543 4387 1596 4453 1,
1628 4388 1681 4459 5)
1710 4389 1875 4454 dicat,
1912 4407 1972 4447 se

394 4503 414 4537 ι
447 4499 510 4539 ea
558 4497 679 4553 qua:
733 4481 936 4552 scripta
983 4488 1168 4537 essent
1217 4483 1272 4535 in
1315 4478 1563 4537 Psalmos
1598 4482 1758 4537 etiam
1797 4484 1970 4551 prima

388 4588 699 4630 creterorum
731 4572 964 4625 omnium
993 4571 1302 4642 scripsisse,
1341 4589 1359 4623 ι
1388 4572 1532 4642 quod
1558 4573 1700 4628 idem
1735 4572 1967 4645 Hesych.

389 4671 427 4725 l.
474 4682 549 4730 c.,
598 4682 652 4739 p.
695 4664 820 4728 104,
870 4672 1122 4731 testatur,
1177 4665 1233 4719 in
1284 4679 1473 4721 errore
1521 4667 1727 4721 versari
1773 4665 1968 4721 Chron.

392 4757 833 4830 Edessen.,quod
874 4755 1035 4811 XLVI
1077 4758 1289 4813 Assem.
1322 4758 1359 4813 Ι.
1385 4758 1420 4812 l.
1460 4756 1502 4822 Ι,
1545 4774 1598 4829 p.
1630 4758 1755 4825 409,
1797 4757 1975 4814 Theo-

390 4856 584 4910 dorum
624 4865 768 4907 anno
809 4849 1083 4920 714(405.
1121 4849 1285 4921 LOl?)
1334 4849 1647 4922 Scripturas
1693 4850 1750 4907 S.
1806 4852 1972 4906 inter-

392 4946 591 5017 pretari
625 4944 895 5015 incepisse
926 4948 1133 5005 narrat,
1157 4942 1268 5011 jam
1291 4956 1359 4996 ex
1381 4957 1446 4997 eo
1467 4943 1807 5013 intelligitur,
1829 4944 1972 5014 quod

394 5040 577 5109 plures
623 5036 898 5092 Theodori
950 5035 1119 5089 libros
1175 5033 1346 5088 multo
1393 5043 1519 5091 ante
1567 5034 1719 5089 illum
1769 5050 1970 5090 annum

2076 3845 2189 3915 (xv,
2239 3842 2332 3909 8);
2389 3837 2498 3895 296
2551 3836 2685 3907 (va,
2742 3836 2831 3899 11,
2890 3835 3009 3903 12);
3068 3835 3173 3891 528
3226 3836 3382 3908 (xvn,
3424 3836 3517 3908 8);
3566 3836 3671 3894 374

2075 3934 2300 4006 (χχχιι);
2328 3931 2435 3988 575
2465 3930 2661 4000 (χχχιι,
2691 3928 2763 3998 1).
2794 3928 3056 3982 Praeterea
3080 3927 3327 3996 quaedam
3352 3930 3471 3985 solo
3493 3928 3672 3986 Theo-

2073 4026 2193 4081 dori
2226 4023 2445 4079 nomine
2479 4027 2761 4082 notantur,
2809 4033 2929 4089 qua:
2960 4017 3143 4074 sintne
3185 4018 3456 4077 Theodori
3498 4020 3671 4079 Hera-

2073 4119 2260 4173 cleota:
2299 4130 2367 4169 an
2410 4112 2775 4183 Mopsuesteni
2817 4112 3077 4166 constitui
3106 4127 3216 4167 non
3250 4129 3411 4184 posse
3452 4114 3672 4172 Sieﬂert

2074 4212 2111 4265 l.
2144 4212 2207 4272 1.,
2251 4224 2303 4279 p.
2336 4207 2427 4270 30,
2459 4206 2551 4277 qui
2592 4205 2694 4259 hac
2722 4211 2916 4259 catena
2944 4218 3052 4257 non
3080 4204 3155 4259 ita
3186 4216 3242 4261 ut
3277 4205 3509 4262 debebat
3534 4224 3670 4266 usus

2073 4311 2176 4369 est,
2204 4312 2485 4370 perperam
2532 4294 2801 4367 perhibet.
2845 4293 2956 4349 lmo
2987 4294 3316 4353 Theodoreti
3359 4306 3503 4364 sunt,
3548 4316 3671 4371 qua:

2074 4411 2129 4465 p.
2169 4393 2236 4448 15
2268 4392 2535 4463 (fortasse
2567 4404 2689 4459 qua:
2729 4387 2931 4442 ibidem
2966 4386 3309 4445 Theodoreto
3353 4392 3671 4448 tribuuntur

2073 4483 2345 4542 Theodori
2379 4482 2553 4551 sunt),
2589 4478 2679 4543 44,
2722 4480 2845 4545 157,
2879 4479 3003 4544 165,
3047 4480 3168 4545 189,
3213 4480 3333 4547 199,
3373 4481 3501 4546 200,
3539 4485 3667 4549 215,

2071 4578 2197 4642 260,
2231 4576 2339 4632 275
2384 4576 2638 4647 leguntur
2672 4571 2772 4642 (ά),
2814 4572 2910 4627 sed
2952 4573 3159 4643 reliqua
3189 4590 3242 4643 p.
3279 4575 3348 4630 52
3378 4576 3466 4647 (de
3492 4592 3575 4647 ps.
3607 4595 3667 4641 ιι,

2076 4672 2151 4741 7),
2185 4669 2286 4725 195
2319 4674 2415 4740 (ιχ,
2471 4666 2582 4735 16),
2633 4665 2737 4720 530
2785 4665 2941 4731 (χνιι,
2996 4665 3105 4736 11),
3161 4666 3267 4722 965
3317 4669 3514 4743 (nix),
3567 4686 3670 4726 cur

2074 4761 2441 4833 Mopsuesteni
2481 4774 2604 4814 esse
2661 4772 2825 4826 neges
2878 4757 3027 4811 nulla
3076 4759 3215 4813 ratio
3251 4769 3355 4815 est.
3397 4762 3668 4818 Caeterum

2074 4870 2195 4925 quae
2227 4852 2458 4907 Schulze
2485 4851 2539 4904 in
2572 4848 2704 4904 edit.
2746 4846 3093 4916 Theodoreti,
3129 4848 3169 4916 1,
3196 4867 3249 4920 p.
3293 4851 3417 4917 792,
3447 4852 3571 4917 795,
3598 4871 3668 4910 ex

2075 4945 2198 5001 cod.
2239 4943 2389 4999 Flor.
2427 4943 2495 4998 de
2519 4958 2601 5011 ps.
2635 4955 2762 5004 χχχ,
2794 4942 2849 5006 3,
2885 4943 3089 5007 attulit,
3119 4959 3181 4997 ea
3223 4942 3496 5001 Theodori
3543 4963 3670 5004 esse

2078 5037 2369 5093 admodum
2410 5033 2711 5105 probabile.

390 5129 727 5199 compositos
757 5143 883 5184 esse
922 5126 1057 5182 nihil
1086 5127 1289 5181 certius
1331 5134 1435 5182 est.
1484 5126 1588 5182 Sed
1616 5128 1843 5196 rumori,
1876 5143 1974 5184 cu-
2009 5116 2053 5172 1)
2154 5130 2210 5184 In
2232 5129 2404 5184 altero
2424 5127 2641 5181 Catenae
2669 5134 2817 5180 tomo
2844 5123 3113 5195 permulta
3138 5122 3409 5181 Theodori
3431 5125 3667 5184 aﬂ‘erun-

463 5303 541 5372 (a)
573 5300 679 5358 Sed
718 5310 1019 5367 tomorum,
1069 5318 1206 5373 quos
1248 5301 1514 5359 Ebediesu
1563 5305 1969 5362 commentariis

392 5374 605 5446 tribuit,
633 5373 775 5428 ratio
804 5388 918 5446 non
946 5374 1000 5426 in
1037 5373 1343 5440 Theodoro,
1368 5375 1463 5430 sed
1500 5380 1555 5428 in
1584 5376 1971 5446 interpretibus

396 5445 638 5517 Syriacis
667 5444 981 5517 qtimrenda.

466 5515 540 5586 (ὁ)
577 5516 799 5569 Adduco
828 5514 1078 5586 lectores,
1106 5530 1259 5571 more
1284 5513 1578 5582 Theodori,
1610 5515 1676 5571 ad
1706 5514 1846 5570 LXX
1886 5517 1971 5571 in-

396 5582 837 5655 terpretationem
860 5582 937 5655 AV.
978 5582 1042 5639 Τ.

470 5653 541 5723 (c)
573 5655 794 5726 Barbari
842 5653 1100 5726 Catenam
1151 5654 1350 5726 (Aurea
1391 5656 1445 5710 in
1480 5654 1522 5709 L
1558 5656 1838 5713 Davidicos
1883 5674 1968 5726 ps.

395 5726 672 5797 doctorum
722 5724 911 5797 Gra’c,
943 5724 1163 5781 Catena.
1200 5753 1267 5797 -_—«
1305 5725 1593 5797 lnterprrte
1646 5728 1783 5783 Dan.
1836 5724 1973 5783 Bar-

399 5798 529 5849 baro
581 5795 765 5850 Venet.
818 5796 997 5856 1569?,
1046 5813 1167 5866 qtta:
1200 5794 1470 5852 Theodori
1525 5801 1777 5853 Antioch.
1809 5801 1969 5853 etiam

400 5869 592 5939 pannis
617 5876 869 5925 contexta
909 5877 989 5924 est
1030 5874 1101 5939 (γ,
1140 5866 1333 5923 Thom.
1371 5867 1507 5940 lltig.
1549 5869 1619 5921 Dc
1650 5870 1970 5931 bibliothecis

2078 5315 2127 5378 ct
2158 5304 2354 5378 catenis
2391 5302 2637 5378 Patrum.
2678 5300 2826 5370 Lips.
2875 5297 3038 5378 1707,
3070 5298 3124 5362 8,
3154 5314 3208 5370 p.
3241 5299 3391 5370 658),
3420 5300 3475 5356 iu
3505 5301 3671 5373 pluri.

2081 5374 2557 5448 busgbi‘bliothecis
2584 5374 2787 5448 flustra
2818 5374 3063 5448 quazsivi.

2151 5445 2226 5513 (d)
2258 5443 2547 5499 Numinum
2599 5436 2921 5496 Theodoreti
2967 5436 3527 5513 et_Theodori,cum
3571 5457 3670 5512 per

2079 5507 2457 5584 coiiipendium
2506 5514 2900 5572 scriberentur,
2933 5507 3184 5564 conlusio
3218 5512 3476 5580 proclivis
3523 5507 3664 5593 erat.

2079 5587 2163 5635 (2f.
2208 5584 2399 5635 Montf.
2429 5584 2698 5635 Palmoar.
2734 5579 2854 5635 δι’..
2883 5595 2939 5635 ι).
2971 5578 3097 5634 547.
3143 5579 3249 5635 Sed
3291 5584 3466 5635 maior
3494 5584 3664 5635 healt-

2078 5587 2163 5641 Cf.
2208 5582 2399 5639 Montf.
2429 5584 2698 5706 Palwog.
2734 5582 2939 5659 Gr.,'p.
2971 5582 3097 5634 547.
3143 5582 3249 5635 Sed
3291 5584 3466 5654 major
3494 5584 3670 5651 negli-

2080 5659 2257 5733 gentia
2291 5659 2345 5733 i_n
2380 5656 2502 5733 cod.
2541 5656 2624 5710 DC
2681 5649 2775 5733 γη.
2818 5647 3161 5733 ιιιὺιηγιιιίρ.
3210 5653 3552 5733 οῃεειζιιιυξτ
3606 5653 3664 5709 In

2079 5722 2189 5797 quo
2216 5728 2407 5795 legitur
2439 5723 2817 5797 interpretatio
2845 5722 3105 5797 continua
3150 5722 3205 5776 in
3252 5722 3341 5797 Ps.
3376 5722 3665 5797 βεοδῴρᾳυ

2082 5789 2425 5923 I‘Artiioiémg.
2462 5796 2555 5852 sed
2584 5789 2706 5869 quae
2735 5789 3062 5849 Theodoreti
3106 5799 3209 5849 est.
3238 5794 3323 5851 Cf.
3359 5793 3499 5865 Aug.
3533 5789 3661 5853 Mai.

2105 5910 2116 5921 .
2174 5910 2186 5923 .
2249 5884 2346 5923 .o.
2384 5884 2517 5923 χχιι.

2105 5910 2116 5921 .
2152 5884 2186 5925 ι.
2222 5884 2260 5934 ι,
2294 5884 2346 5939 p.
2384 5884 2517 5924 χχιι.
