3898 6228
389 292 457 352 Si
1271 295 1570 354 OTTONIS
1592 296 1772 353 FRID.
1816 295 2203 352 FBITZSCHE
2238 293 2736 352 COMMENTATIO
3575 292 3644 348 52

394 412 549 468 buas.
577 410 728 468 Alios
752 413 1029 469 historicas
1068 416 1340 487 appellare
1379 418 1577 487 placet,
1610 433 1843 488 quorum
1878 420 1959 474 ni-

2069 414 2364 473 ἁπολαύειν
2386 430 2401 446 ·
2458 431 2509 465 v.
2539 414 2577 468 Ι.
2629 413 2692 475 l.,
2740 428 2792 483 p.
2828 411 2991 477 265):
3024 426 3126 465 va
3160 411 3249 481 (——-
3282 408 3643 481 προαγορεύει

392 506 589 560 mier
616 520 781 560 causa
815 521 879 560 ac
904 507 1045 561 ratio
1078 508 1131 562 in
1174 510 1311 579 ipsis
1340 509 1505 565 rebus
1534 509 1760 566 Davidis
1790 526 1966 581 popu-

388 595 539 667 lique
575 594 784 651 Hebraei
808 598 910 653 sita
945 606 1082 654 erat.
1118 597 1235 654 Huc
1278 602 1552 657 referendi
1586 612 1716 657 sunt
1741 619 1821 673 ps.
1848 619 1962 671 ιιι,

390 703 541 751 LXIX,
569 688 770 760 quibus
807 688 976 744 David
1018 691 1083 745 ad
1116 690 1286 746 Deum
1317 708 1507 763 preces
1544 693 1704 759 fudit,
1736 710 1860 750 cum
1896 696 1965 749 ab

366 781 684 851 (Absalomo
729 790 1071 851 premeretur
1105 783 1178 854 (ν.
1221 789 1344 842 Aet.
1380 802 1537 840 conc.
1568 784 1757 841 Const.
1792 802 1854 850 ιι,
1888 804 1960 855 ιν,

388 874 480 933 22,
504 872 595 926 23.
629 871 794 927 Cord.
831 874 951 928 Cat.
998 874 1063 942 11,
1105 892 1158 946 p.
1191 877 1316 939 422.
1363 877 1514 943 424),
1551 893 1636 948 ps.
1661 894 1812 944 Lxxl,
1854 895 1964 950 quo

388 965 494 1020 sibi
530 981 594 1020 ac
641 969 948 1022 successori
982 969 1305 1039 sapientiam
1346 985 1376 1024 a
1410 970 1521 1026 Deo
1556 972 1780 1041 expetiit
1812 972 1887 1042 (ν.
1922 973 1958 1026 Ι.

390 1057 452 1118 l.,
495 1072 549 1125 p.
585 1056 751 1126 466),
788 1076 871 1130 ps.
914 1076 1088 1124 vau,
1119 1076 1280 1129 quem
1339 1063 1570 1127 cecinit,
1600 1078 1725 1117 cum
1776 1078 1962 1118 arcam

389 1148 614 1206 foederis
647 1151 716 1206 ad
748 1167 807 1208 se
862 1152 1162 1208 adduceret
1190 1153 1263 1224 (ν.
1299 1154 1335 1208 1.
1388 1154 1453 1219 1.,
1487 1170 1543 1225 p.
1569 1154 1718 1225 555),
1762 1171 1847 1226 ps.
1882 1172 1958 1219 ix,

389 1258 477 1301 λγ.
501 1242 703 1314 quibus
730 1243 911 1313 populi
946 1258 1176 1312 persona
1195 1245 1296 1300 sibi
1322 1245 1733 1301 accommodata
1757 1250 1961 1318 gratias

387 1332 500 1402 agit
523 1332 592 1388 de
626 1333 876 1390 hostibus
910 1334 1157 1391 finitimis
1184 1350 1214 1389 a
1251 1334 1360 1391 Deo
1399 1337 1606 1408 punitis
1636 1338 1713 1408 (ν.
1750 1338 1787 1392 1.
1823 1339 1886 1405 1.,
1917 1337 1961 1407 1,

387 1438 442 1492 p.
482 1422 607 1479 272.
636 1424 757 1478 Act.
786 1440 943 1481 conc.
972 1424 1165 1482 Const.
1205 1442 1267 1492 ιι,
1307 1444 1384 1491 tv,
1415 1428 1529 1499 21).
1559 1428 1734 1498 Major
1753 1440 1837 1485 est
1864 1447 1965 1486 nu-

388 1529 571 1570 merus
600 1516 935 1585 psalmorum
969 1518 1410 1589 prapheticorum,
1446 1521 1647 1590 quibus
1678 1537 1775 1578 eos
1800 1524 1959 1578 velim

386 1606 681 1679 intelligas,
741 1609 837 1679 qui
896 1609 1076 1666 fausta
1142 1612 1408 1666 nonnulla
1447 1619 1503 1667 et
1546 1612 1807 1681 infausta,
1839 1631 1962 1685 quae

385 1699 585 1768 populo
641 1698 869 1756 Hebraeo
938 1718 1115 1772 usque
1194 1701 1262 1757 ad
1300 1710 1548 1775 tempora
1606 1704 1957 1762 Machabaiea

2065 508 2165 580 τὴν
2197 505 2471 560 ἐπάνοδον.
2497 535 2561 548 -
2592 503 2757 574 φησιν
2781 532 2848 542 —
2871 504 2935 555 ἐκ
2958 498 3299 574 [προσώπου]
3332 500 3508 570 μόνων
3533 500 3645 552 τῶν

2067 602 2197 672 παρ’
2225 600 2411 661 αὐτοῖς
2472 595 2801 667 θαυμαστῶν
2845 613 2904 649 τε
2957 596 3051 648 καὶ
3089 592 3361 665 ἐναρέτων
3395 591 3642 665 ἀνδρῶν·

2064 710 2118 749 v.
2151 693 2187 748 l.
2218 692 2281 753 1.,
2318 707 2371 762 p.
2400 689 2560 761 287);
2587 704 2751 743 Lxxx.
2780 687 2913 758 (Τὴν
2935 716 3003 726 —
3032 686 3285 741 ἐπάνοδον
3309 716 3379 726 -
3403 699 3644 757 προαγο-

2068 784 2240 855 ρεύων
2265 781 2358 836 ἐπὶ
2379 779 2728 850 εὐχαριστίαν
2766 777 3010 841 ἅπαντας
3044 808 3113 818 -
3141 777 3504 849 προτρέπεται
3529 791 3542 804 ·
3570 804 3644 818 -—

2064 892 2117 930 v.
2160 874 2195 928 I.
2234 874 2296 938 1.,
2329 888 2382 943 p.
2426 870 2589 941 691);
2624 870 2809 940 plures
2838 883 2968 922 vero
3010 868 3075 923 ad
3109 883 3197 922 res
3233 865 3642 926 Machabaicas,

2064 980 2149 1034 ps.
2182 978 2272 1017 Liv
2327 963 2402 1031 (ν.
2445 960 2482 1017 1.
2521 961 2582 1025 1.,
2613 976 2668 1030 p.
2700 958 2824 1031 6l);
2861 974 2948 1013 th
2984 961 3056 1028 (ν.
3101 959 3135 1011 I.
3178 957 3216 1010 l.
3265 972 3316 1025 p.
3357 956 3480 1027 185)
3508 974 3521 1023 ;
3548 970 3641 1010 ιιι

2064 1057 2139 1127 (v.
2169 1055 2205 1109 1.
2235 1055 2297 1119 1.,
2328 1070 2380 1124 p.
2434 1052 2595 1124 219);
2632 1067 2767 1105 xuu
2813 1050 2890 1118 (ν.
2922 1051 2958 1104 1.
3005 1051 3067 1111 1.,
3112 1066 3164 1119 p.
3204 1049 3327 1119 5'50)
3353 1065 3367 1114 ;
3396 1064 3484 1112 ιν,
3509 1063 3640 1102 ιγιιι

2062 1148 2157 1213 (--
2183 1145 2248 1198 ἐκ
2281 1143 2390 1198 τῶν
2431 1141 2807 1198 Μακκαὸαίων
2840 1140 3133 1211 προσώπου
3177 1140 3349 1209 λέγων
3374 1140 3474 1192 ὅσα
3506 1140 3645 1193 ἐκεί-

2062 1254 2172 1301 νοις
2196 1238 2369 1290 εἰπεῖν
2425 1236 2693 1308 ἥρμοττεν
2735 1235 2793 1287 ἐν
2845 1236 2965 1298 ταῖς
3002 1236 3346 1305 συμφοραῖς·
3403 1251 3453 1288 v.
3498 1234 3534 1287 l.
3577 1234 3640 1296 l.,

2062 1342 2117 1397 p.
2140 1326 2230 1389 88,
2262 1326 2386 1395 152)
2414 1343 2428 1391 ;
2459 1340 2545 1379 LVI
2562 1326 2656 1396 (—
2682 1324 2844 1395 φησὶν
2866 1322 3108 1385 --ώς
3128 1323 3220 1376 ἐπὶ
3250 1323 3644 1394 γεγενημέναις

2062 1419 2239 1483 νίκαις
2267 1418 2408 1473 κατὰ
2437 1418 2547 1471 τῶν
2579 1417 2786 1488 ἐχθρῶν
2802 1415 3263 1488 εὐχαριστοῦντων
3288 1415 3418 1487 [τῶν
3452 1418 3646 1470 Μακα-

2061 1506 2278 1579 6αίων],
2303 1509 2352 1560 εί
2376 1507 2470 1561 καὶ
2494 1506 2568 1570 ὡς
2595 1506 2775 1575 ὀλίγου
2807 1506 2948 1570 τινὸς
2975 1505 3126 1569 ὄντος
3159 1504 3238 1558 ἔτι
3264 1505 3356 1557 τοῦ
3389 1505 3647 1577 περιλιμ-

2064 1599 2374 1671 πανομένου
2404 1598 2603 1653 κακοῦ·
2639 1614 2690 1653 v.
2723 1598 2760 1652 Ι.
2795 1597 2859 1661 1.,
2893 1614 2949 1668 p.
2980 1597 3144 1668 HO);
3176 1612 3285 1652 Lvtl
3321 1595 3641 1667 (vafritiam,

2060 1706 2167 1762 qua
2204 1690 2514 1747 Demetrius
2531 1706 2628 1746 rex
2660 1697 2716 1746 et
2756 1689 3017 1762 Tryphon
3063 1698 3257 1745 contra
3275 1689 3494 1745 Judxos
3521 1696 3643 1744 ute-

383 1792 749 1862 obtingerent,
781 1795 1204 1864 portenderunt.
1239 1794 1466 1852 Diversa
1489 1806 1670 1853 tamen
1710 1801 1851 1854 ratio
1876 1808 1959 1856 est

2065 1791 2252 1838 rentur
2306 1782 2585 1852 praedixit;
2634 1798 2685 1839 v.
2726 1781 2764 1836 l.
2807 1782 2871 1847 l.,
2917 1797 2971 1852 p.
3007 1781 3165 1851 I29);
3200 1798 3390 1848 vaut,
3434 1798 3644 1837 Lxxvut

385 1885 776 1955 prophetarum
823 1897 878 1942 et
924 1887 1167 1944 Davidis.
1204 1886 1287 1943 llli
1327 1890 1473 1944 enim
1506 1891 1645 1947 satis
1673 1893 1962 1962 perspicue

382 1991 474 2034 res
506 1979 724 2035 futuras
757 1980 1038 2043 nuntiant,
1078 1981 1168 2037 hic
1208 1980 1323 2038 fere
1358 1982 1428 2039 de
1468 1984 1635 2040 rebus
1668 1994 1856 2055 utpote
1878 1984 1962 2039 fa-

382 2070 491 2126 ctis
518 2071 783 2142 loquitur.
808 2071 916 2128 Sed
955 2071 1060 2128 hoc
1082 2072 1375 2130 Theodoro
1408 2090 1604 2146 parum
1634 2077 1843 2148 negotii
1877 2078 1961 2133 fa-

381 2161 624 2218 cessivit.
653 2162 857 2217 Statuit
906 2163 1192 2230 nimirum,
1235 2164 1516 2232 Davidem,
1557 2168 1653 2238 qui
1703 2182 1812 2223 non
1849 2177 1959 2224 tam

382 2251 568 2308 futura
607 2253 953 2324 praedixisset
1000 2268 1166 2324 quam
1212 2270 1277 2310 ea
1318 2263 1376 2310 ut
1420 2255 1566 2311 facta
1600 2256 1958 2325 adhibuisset,

360 2342 497 2407 fere
528 2345 585 2400 in
646 2345 903 2400 omnibus
933 2345 1042 2400 illis
1087 2360 1171 2415 ps.
1214 2346 1401 2417 populi
1443 2362 1735 2418 personam
1765 2362 1960 2404 susce-

381 2441 529 2509 pisse
556 2439 659 2509 (α),
691 2449 746 2495 et
768 2438 882 2508 jam
924 2438 1171 2495 rationes
1218 2439 1493 2509 dispexit,
1524 2441 1580 2496 in
1611 2441 1816 2512 quibus
1846 2458 1959 2498 non

379 2533 602 2604 quidem
623 2532 854 2589 Davides
880 2532 977 2589 sed
1009 2533 1242 2604 populus
1272 2535 1607 2590 constitutus
1635 2544 1805 2601 esset,
1832 2549 1958 2591 cum

381 2625 491 2681 illis
516 2640 601 2695 ps.
662 2639 762 2680 sua
814 2625 900 2681 vis
943 2623 1159 2681 fuisset.
1202 2624 1390 2696 Itaque
1435 2627 1671 2699 p0pulus
1724 2627 1958 2684 diversis

380 2717 721 2788 temporibus
747 2717 984 2774 diversis
1013 2718 1070 2773 in
1102 2718 1238 2774 locis
1273 2720 1612 2775 constitutus
1636 2718 1765 2775 felix
1802 2719 1956 2775 heta-

381 2816 491 2872 tur,
517 2807 626 2864 Deo
649 2808 855 2879 gratias
880 2810 1011 2878 agit,
1037 2808 1210 2865 Deum
1226 2810 1491 2874 celebrat,
1516 2810 1707 2866 infelix
1738 2820 1956 2876 moeret,

380 2898 552 2954 Deum
591 2900 813 2957 invocat
846 2909 902 2958 et
926 2901 1202 2972 implorat,
1233 2903 1316 2958 vel
1348 2904 1512 2959 etiam
1531 2904 1600 2960 de
1629 2903 1740 2960 Deo
1755 2905 1956 2963 dubius

381 2991 571 3056 haeret,
602 2989 834 3047 Davides
852 2993 1113 3062 propheta
1134 2994 1449 3066 interpretis
1471 3010 1759 3067 personam
1790 2999 1952 3069 gerit.

380 3079 701 3138 Theodorus
739 3091 921 3139 autem
952 3081 1054 3138 hac
1077 3083 1292 3140 ratione
1342 3100 1452 3140 non
1490 3086 1667 3141 solum
1702 3102 1952 3159 magnam

378 3176 697 3230 varietatem
742 3175 851 3232 illis
898 3191 982 3246 ps.
1037 3177 1262 3247 adjecit,
1310 3193 1502 3233 verum
1551 3180 1956 3251 quodammodo

376 3268 543 3323 etiam
581 3266 939 3322 dramaticam
965 3268 1098 3333 vim,
1130 3284 1255 3324 cum
1294 3271 1600 3340 praesertim
1634 3286 1823 3327 eorum
1863 3288 1955 3328 ra-

378 3358 562 3414 tiones
620 3359 1040 3415 accuratissime
1102 3362 1380 3431 reperisse
1415 3370 1471 3418 et
1504 3364 1822 3420 enucleasse
1851 3366 1955 3421 sibi

378 3449 679 3506 videretur.
707 3449 786 3505 Ad
812 3452 918 3505 tria
950 3467 1081 3508 vero
1111 3468 1195 3523 ps.
1233 3455 1588 3524 propheticos
1618 3456 1825 3511 retulit.
1849 3457 1955 3511 Alii

378 3541 527 3596 enim
560 3541 629 3597 ad
651 3540 860 3597 cladem
892 3550 1141 3611 spectant
1188 3542 1390 3599 lliskia:
1437 3552 1684 3614 tempore
1712 3546 1958 3618 Assyriis

379 3649 412 3689 a
437 3633 544 3690 Deo
574 3632 859 3697 inflictam,
890 3651 975 3704 ps.
1007 3650 1151 3690 xxxu
1186 3634 1278 3706 (-—
1306 3638 1664 3709 προφητεύων
1694 3670 1760 3680 -
1796 3639 1960 3693 Δαὸὶδ

379 3724 571 3798 ῶσπερ
598 3725 720 3781 τινὰ
752 3726 1017 3782 ἐπινίκιον
1046 3727 1213 3799 ὕμνον
1229 3759 1295 3770 --
1318 3730 1409 3783 τὸν
1433 3729 1648 3801 ψαλμὸν
1673 3730 1956 3801 ἀνεϐόησε.

379 3846 449 3859 --
482 3815 550 3872 V.
580 3817 744 3873 Cord.
776 3818 898 3875 Cat.
938 3818 981 3884 1,
1007 3836 1063 3890 p.
1117 3820 1265 3891 574),
1299 3836 1374 3885 ιι,
1407 3837 1503 3887 ιιι,
1532 3838 1626 3876 ιιιι
1655 3828 1729 3889 (v.
1762 3823 1801 3879 l.
1832 3823 1868 3877 1.
1895 3821 1958 3888 11,

380 3925 437 3981 p.
467 3909 520 3976 7,
542 3910 634 3973 25,
659 3909 748 3980 55)
774 3928 790 3977 ;
822 3925 981 3964 Lxxtv
1008 3912 1101 3980 (—
1121 3912 1454 3983 προφητεύει
1490 3944 1561 3953 -
1593 3914 1669 3978 ώς
1698 3914 1762 3967 ἐκ
1789 3930 1962 3985 προσ-

379 4002 531 4056 ώπου
552 4003 733 4055 κοινοῦ
763 4002 982 4055 πάντων
1009 4002 1109 4073 τὴν
1138 4004 1495 4075 εὐχαριστίαν
1519 4035 1589 4045 —
1618 4005 1963 4076 ἀναφθεγγό-

384 4112 564 4168 μενος.
596 4093 662 4147 V.
704 4094 820 4159 1.1.,
854 4092 918 4154 ll.
968 4110 1021 4164 p.
1056 4095 1224 4165 550);
1281 4097 1372 4150 alii
1409 4097 1476 4151 ad
1520 4113 1608 4153 res
1648 4096 1961 4153 Iudaeorum

380 4187 761 4259 Bahylonicas,
814 4202 897 4256 ps.
936 4203 1042 4242 ιιι
1086 4187 1568 4260 (-προαγορεύει
1603 4188 1690 4261 [ἐκ
1713 4191 1807 4244 τοῦ
1832 4191 1961 4245 λαοῦ

381 4279 555 4349 λέγων
603 4276 918 4349 προσώπου]
966 4307 1038 4318 -—-
1078 4278 1178 4332 ὅσα
1240 4295 1300 4331 τε
1359 4279 1453 4332 καὶ
1502 4274 1590 4333 οἷα
1648 4280 1961 4342 πείσονται,

381 4370 555 4440 λέγων
585 4370 680 4423 καὶ
708 4369 791 4422 ὅτι
815 4371 894 4434 είς
926 4368 1209 4440 διόρθωσιν
1242 4370 1426 4433 αὐτοῖς
1450 4370 1604 4423 ἔσται
1629 4370 1724 4423 τοῦ
1757 4370 1871 4440 βίου
1893 4371 1963 4424 τὰ

2066 1873 2477 1947 (Προαγορεύων
2491 1906 2561 1915 -
2577 1874 2843 1947 διηγεῖται
2873 1874 2983 1928 τῶν
3006 1875 3301 1946 συμφορῶν
3324 1875 3385 1928 τὸ
3418 1875 3647 1946 μέγεθος

2061 2000 2132 2010 —
2166 1969 2408 2040 συνήθως
2466 1969 2648 2040 μέντοι
2682 1971 2759 2035 ώς
2802 1970 2861 2038 ἐξ
2910 1971 3173 2025 ἐκείνων·
3219 2004 3286 2016 --
3315 1989 3369 2027 ν.
3411 1974 3449 2028 l.
3493 1974 3554 2036 l.,
3585 1989 3641 2043 p.

2061 2060 2187 2127 595,
2219 2060 2373 2131 660);
2402 2077 2591 2126 Lxxut,
2617 2078 2786 2117 Lxxix
2812 2063 2955 2133 (Τῶν
2985 2063 3326 2118 Μακαὸαίων
3352 2093 3419 2105 —-
3448 2064 3649 2136 διηγεί-

2061 2165 2150 2201 ται
2176 2148 2275 2215 τὰς
2300 2152 2604 2224 συμφοράς,
2631 2153 2705 2216 ὡς
2740 2153 2805 2207 ἂν
2828 2155 3054 2208 ἐκείνων
3077 2155 3343 2226 λεγόντων
3378 2157 3440 2211 τό
3462 2174 3522 2211 τε
3546 2158 3645 2229 μέ-

2061 2240 2219 2309 γεθος
2254 2242 2491 2297 τῶντότε
2521 2246 2881 2318 περιεχόντων
2912 2248 3109 2311 αὐτοὺς
3137 2249 3322 2302 κακῶν
3351 2249 3448 2303 καὶ
3470 2249 3644 2304 ἀπαλ-

2062 2332 2291 2405 λαγῆναι
2330 2335 2420 2389 τὸν
2466 2336 2586 2392 θεὸν
2625 2339 2717 2392 ἐπὶ
2754 2339 2966 2403 τούτοις
2987 2340 3280 2406 ἀξιούντων
3302 2359 3317 2375 ·
3345 2360 3400 2397 v.
3431 2343 3550 2407 1.1.,
3588 2358 3647 2413 p.

2066 2423 2191 2489 529,
2230 2425 2375 2497 675).
2404 2426 2674 2483 Czeterum
2710 2444 2806 2486 eos
2835 2432 2998 2485 etiam
3040 2446 3273 2503 quorum
3300 2434 3493 2490 eadem
3524 2441 3649 2490 erat

2064 2516 2341 2583 ὑπόθεσις,
2370 2534 2437 2574 eo
2476 2518 2802 2577 Theodorus
2843 2522 3141 2578 admodum
3190 2526 3443 2590 variavit,
3497 2527 3649 2594 quod

2060 2608 2243 2664 varias
2260 2609 2328 2664 iis
2353 2610 2597 2667 subdidit
2619 2615 3042 2670 rationes.Alios
3054 2613 3252 2671 deinde
3268 2618 3507 2685 psalmos
3527 2619 3652 2689 ipse

2058 2709 2113 2754 et
2140 2700 2283 2755 hicos
2308 2703 2618 2772 appellavit,
2648 2705 2850 2775 quibus
2890 2702 3124 2761 Davides
3179 2706 3343 2761 modo
3390 2709 3650 2766 omnibus

2061 2792 2375 2851 hominibus
2405 2795 2511 2867 (ps.
2543 2797 2754 2868 ιινιιι),
2775 2798 2937 2853 modo
2966 2799 3099 2854 solis
3133 2797 3334 2856 Judmis
3359 2800 3648 2872 (ps.xt.tx;

2057 2899 2111 2939 ν.
2154 2884 2192 2939 l.
2222 2883 2260 2938 l.
2303 2882 2346 2949 l,
2378 2902 2433 2956 p.
2460 2887 2606 2954 965;
2646 2903 2699 2958 p.
2733 2902 2941 2952 Lxxvtl,
2977 2904 3029 2942 v.
3060 2889 3097 2942 l.
3131 2889 3169 2942 l.
3200 2888 3264 2956 ll,
3288 2906 3342 2961 p.
3374 2890 3500 2962 651)
3537 2892 3654 2946 vir-

2059 2976 2191 3032 tutis
2212 2976 2453 3031 studium
2476 2980 2939 3041 commendasset.
2981 2979 3089 3037 Sed
3122 2981 3320 3037 horum
3349 2985 3514 3037 etiam
3548 2999 3645 3038 ra-

2058 3067 2135 3121 tio
2181 3068 2325 3123 inter
2372 3084 2432 3124 se
2466 3068 2623 3125 valde
2657 3068 2879 3126 diversa
2913 3080 3052 3127 erat.
3096 3072 3347 3139 Quatuor
3399 3074 3647 3147 denique

2061 3160 2300 3230 psalmos
2358 3164 2647 3217 messianos
2678 3162 2866 3218 habuit
2898 3162 3005 3235 (ps.
3039 3179 3162 3219 vni.
3196 3164 3390 3221 Leont.
3427 3167 3479 3221 in
3514 3167 3647 3224 Mai.

2060 3254 2098 3307 Ι.
2130 3254 2166 3308 1.
2227 3251 2314 3321 Vl,
2358 3269 2412 3324 p.
2447 3256 2589 3319 5H;
2627 3255 2751 3310 Aet.
2791 3270 2953 3313 conc.
3002 3255 3193 3313 Const.
3234 3274 3295 3325 ιι,
3346 3276 3420 3325 tv,
3452 3261 3556 3327 l9;
3591 3277 3648 3317 v.

2060 3361 2114 3417 p.
2145 3345 2255 3412 94;
2301 3362 2384 3416 ps.
2427 3363 2590 3414 xLiv;
2643 3363 2696 3402 v.
2746 3346 2877 3403 Fac.
2921 3364 2997 3413 ix,
3040 3349 3112 3419 1).
3149 3348 3269 3405 Non
3316 3352 3455 3407 satis
3496 3361 3652 3409 recte

2060 3440 2255 3498 Leont.
2284 3441 2556 3512 (Galland.
2576 3441 2720 3496 Bibl.
2744 3441 2860 3509 XII,
2894 3444 3119 3514 p.687):
3159 3444 3379 3500 «Omnes
3406 3447 3650 3515 psalmos

2059 3531 2285 3590 Judaice
2305 3532 2371 3587 ad
2405 3532 2794 3590 Zorobabelem
2824 3544 2878 3591 et
2902 3536 3192 3592 Ezechiam
3236 3538 3448 3602 retulit,
3475 3538 3651 3593 tribus

2061 3633 2274 3679 tantum
2329 3625 2399 3679 ad
2450 3623 2744 3680 Dominum
2787 3626 3027 3697 rejectis.
3062 3648 3080 3681 ι
3114 3629 3248 3684 Nam
3291 3628 3648 3685 Theodorum

2063 3717 2209 3773 haud
2247 3718 2412 3775 dubie
2456 3730 2682 3775 secutus
2716 3727 2801 3777 est
2825 3720 3055 3777 Cosmas
3103 3721 3367 3793 Indicopl.
3416 3725 3451 3779 Ι.
3498 3724 3560 3787 1.,
3587 3737 3645 3794 p.

2060 3809 2166 3864 485
2186 3827 2198 3864 :
2217 3812 2324 3863 -ὀ
2343 3810 2506 3864 Δαυῖδ
2536 3809 2740 3881 ἠξιώθη
2775 3812 2839 3863 ἐκ
2870 3812 3181 3881 πνεύματος
3210 3815 3496 3883 προειπεῖν
3514 3815 3652 3887 περὶ

2061 3901 2157 3957 τοῦ
2187 3905 2457 3958 Δεσπύτου
2487 3903 2725 3975 Χριστοῦ
2757 3903 3007 3975 ψαλμοὺς
3036 3903 3073 3957 δ’
3084 3910 3099 3926 ⁸
3121 3904 3213 3957 τὸν
3235 3904 3299 3974 β’,
3332 3907 3426 3958 καὶ
3452 3906 3543 3960 τὸν
3571 3914 3646 3977 η’,

2062 3996 2158 4050 καὶ
2187 3996 2279 4049 τὸν
2334 3994 2436 4067 μδ⁹,
2498 3996 2592 4049 καὶ
2620 3995 2711 4048 τὸν
2745 3994 2847 4065 ρθ’,
2891 3994 3046 4058 ὅλους
3091 3997 3217 4060 τοὺς
3241 3997 3282 4050 δ’
3309 3997 3376 4050 δι’
3416 3998 3537 4052 ὅλου
3566 4001 3653 4065 εἰς

2063 4086 2225 4140 αὐτὸν
2255 4084 2510 4157 εἰρηκώς.

2132 4174 2251 4230 Jam
2269 4191 2365 4232 eos
2395 4177 2636 4246 psalmos
2668 4178 2925 4233 recensui
2962 4178 3031 4234 de
3066 4179 3270 4249 quibus
3305 4182 3438 4253 quid
3465 4181 3652 4239 Theo-

2061 4273 2232 4328 dorus
2252 4273 2508 4329 statuerit
2538 4288 2603 4328 ex
2638 4274 2957 4345 fragmentis
2979 4277 3351 4347 cognoscitur.
3380 4276 3518 4332 Eum
3560 4294 3655 4333 re-

2064 4366 2246 4435 liquos
2274 4366 2439 4420 etiam
2474 4366 2539 4420 ad
2583 4376 2821 4436 quatuor
2867 4368 2959 4423 illa
2983 4384 3185 4440 genera
3218 4370 3478 4426 retulisse
3508 4372 3651 4427 satis

380 4461 489 4516 τῶν
524 4459 838 4532 συμφορῶν,
874 4460 1247 4515 ὑπαινίττεται
1285 4460 1341 4514 δὲ
1372 4462 1488 4531 ἅμα
1514 4462 1607 4514 καὶ
1638 4460 1736 4531 τὴν
1766 4461 1959 4515 ἐπάνο-

2065 4458 2325 4514 credibile
2349 4466 2452 4515 est.
2488 4458 2575 4514 Cf.
2611 4458 2799 4515 Cosm.
2833 4460 2953 4516 lnd.
3006 4462 3043 4517 1.
3080 4462 3144 4526 1.,
3178 4480 3231 4534 p.
3261 4463 3366 4517 485
3395 4480 3409 4517 :
3452 4463 3652 4519 Ἦνίκα

379 4554 488 4610 δον.
520 4553 587 4609 ν.
616 4555 655 4609 l.
683 4555 718 4608 l.
748 4553 975 4625 p.438);
1002 4569 1147 4608 Lxxu
1177 4554 1268 4624 (—
1292 4554 1367 4616 ὡς
1394 4556 1460 4607 ἐκ
1496 4551 1785 4625 προσώπου
1815 4554 1958 4606 ἐκεί-

382 4664 487 4701 νων
523 4646 790 4715 λέγοντος,
821 4642 909 4701 οἷα
953 4647 1099 4711 εἰκὸς
1125 4642 1193 4718 ἦν
1231 4648 1288 4699 ἐν
1318 4645 1397 4716 τῷ
1424 4645 1602 4717 καιρῷ
1636 4646 1738 4716 τῆς
1759 4647 1960 4716 αἰχμα-

382 4738 582 4803 λωσίας
601 4741 695 4793 κα)⁸
714 4739 823 4793 τῶν
854 4738 1145 4811 συμφορῶν
1173 4740 1369 4802 αὐτοὺς
1407 4738 1796 4809 λογισαμένους
1834 4739 1958 4792 ἀτο-

382 4831 610 4887 πώτατα
629 4848 689 4885 τε
712 4832 805 4886 καὶ
834 4831 1061 4903 ἀπρεπῆ
1092 4832 1220 4902 περὶ
1242 4828 1377 4884 Θεοῦ
1406 4829 1836 4900 μεταγινώσκειν
1863 4832 1959 4885 ἐπὶ

383 4926 593 4989 τούτοις
625 4924 761 4996 μετὰ
785 4923 882 4996 τὴν
912 4925 1185 4979 ἐπάνοδον.
1217 4941 1270 4978 v.
1295 4925 1328 4977 I.
1356 4925 1393 4979 1.
1414 4940 1449 4994 p
1493 4923 1651 4995 497);
1686 4941 1845 4979 Lxxw
1867 4924 1958 4996 (—

385 5017 533 5088 λέγει
556 5045 629 5060 -
644 5017 751 5071 ἀπὸ
788 5017 884 5071 τοῦ
913 5017 1133 5070 ἐκείνων
1152 5014 1444 5089 προσώπου
1468 5016 1669 5071 ὡσανεὶ
1705 5016 1843 5084 μετὰ
1864 5017 1962 5088 τὴν

387 5110 641 5167 ἐπάνοδον
675 5110 939 5178 λεγόντων
967 5108 1036 5161 τὰ
1060 5108 1180 5162 τότε
1210 5107 1497 5178 συμϐάντα
1521 5108 1617 5163 καὶ
1637 5110 1757 5162 τίνα
1782 5108 1961 5177 ἐλογίο

388 5220 581 5259 σαντο·
608 5218 660 5257 v.
692 5203 730 5256 ι.
762 5203 824 5267 1.,
864 5218 917 5273 p.
941 5201 1102 5269 588);
1129 5217 1194 5255 ιιι
1226 5200 1708 5273 (-προαγορεύει
1728 5233 1799 5242 —
1822 5200 1964 5254 οὕτω

386 5297 478 5352 τὸν
508 5294 719 5367 ψαλμὸν
748 5293 1005 5362 ἐκφωνῶν
1038 5292 1237 5346 ὡσανεὶ
1278 5292 1571 5347 αἰτούντων
1610 5293 1831 5347 ἐκείνων
1871 5311 1964 5346 τυ-

389 5391 503 5461 χεῖν
531 5387 632 5458 τῆς
669 5385 762 5440 τοῦ
793 5384 927 5439 Θεοῦ
966 5384 1215 5456 βοηθείας
1253 5385 1389 5456 ὁμοῦ
1428 5386 1521 5439 καὶ
1568 5385 1665 5456 την
1703 5386 1958 5439 ἐπάνοδον

389 5477 953 5553 προυπισχνούμενος·
993 5476 1108 5530 v.1.
1137 5477 1198 5544 l.,
1230 5492 1283 5547 p.
1320 5478 1442 5546 l98)
1466 5494 1479 5542 ;
1502 5493 1628 5532 LXIV
1657 5477 1676 5549 (
1702 5509 1771 5517 —
1791 5496 1960 5551 προα-

391 5570 805 5644 γορεῦων--ἐκ
854 5569 947 5624 τοῦ
995 5566 1216 5623 ἐκείνων
1269 5568 1561 5641 προσώπου
1592 5569 1766 5625 ταῦτά
1801 5581 1965 5643 φησιν

394 5664 538 5735 ᾇπερ
567 5663 740 5715 εἰπεῖν
766 5660 946 5725 αὐτοῖς
966 5661 1234 5733 ἥρμοττεν
1260 5662 1359 5733 τῆς
1386 5662 1642 5719 ἐπανόδου
1680 5662 1965 5735 μέλλουσιν

465 5825 543 5897 (α)
572 5821 657 5884 Cf.
690 5822 853 5882 Cord.
883 5824 1003 5880 Cat.
1029 5821 1095 5890 11,
1119 5839 1172 5896 p.
1204 5822 1333 5881 263.

2063 4582 2135 4594 —-
2162 4552 2394 4606 ἐκινεῖτο
2427 4554 2492 4605 ὲκ
2520 4551 2612 4606 τοῦ
2636 4552 2944 4623 πνεύματος
2972 4554 3232 4625 προεῖπέν
3258 4572 3319 4609 τε
3348 4555 3381 4627 ἢ
3405 4555 3531 4626 περὶ
3545 4556 3653 4625 τῆς

2042 4646 2444 4716 ,αἰχμαλωσίας
2469 4645 2563 4699 τοῦ
2592 4645 2742 4711 λαοῦ,
2775 4646 2808 4715 ἢ
2849 4648 2976 4717 περὶ
3018 4647 3118 4718 τῆς
3152 4649 3407 4702 ἐπανόδου
3442 4649 3648 4713 αὐτῶν,

2064 4738 2098 4808 ἢ
2131 4738 2258 4809 περὶ¹
2295 4738 2440 4808 ἠθῶν
2489 4737 2863 4803 διδασκαλικὰ,
2903 4739 2938 4809 ἢ
2979 4741 3108 4812 περὶ
3139 4742 3412 4812 προνοίας,
3445 4742 3479 4813 ἢ
3517 4744 3652 4813 περὶ⁵

2065 4827 2160 4882 τοῦ
2214 4828 2484 4883 Δεσπότου
2532 4828 2789 4900 Χριστοῦ.
2832 4829 3069 4888 Omnino
3111 4849 3241 4889 vero
3275 4849 3467 4889 omnes
3500 4836 3649 4904 psal-

2064 4938 2206 4986 mos,
2270 4926 2521 4994 quamvis
2581 4940 2681 4979 sua
2713 4925 2916 4997 cuique
2948 4927 3212 4997 primaria
3266 4929 3410 4982 ratio
3455 4943 3521 4982 ac
3560 4929 3651 4985 vis

2064 5013 2284 5079 fuisset,
2316 5016 2384 5071 ad
2419 5018 2664 5071 omnium
2687 5018 2981 5074 utilitatem
3010 5020 3349 5089 compositos
3365 5035 3487 5075 esse
3510 5036 3648 5075 cen-

2063 5108 2193 5161 suit.
2230 5104 2315 5161 Cf.
2345 5106 2514 5163 Cord.
2548 5107 2668 5162 Cat.
2700 5107 2764 5174 ll,
2806 5108 3025 5179 p.496;
3063 5106 3106 5171 l,
3140 5125 3192 5178 p.
3223 5110 3348 5165 571.
3375 5110 3653 5166 Caeterum

2064 5200 2118 5253 in
2150 5199 2564 5269 interpretando
2596 5215 2746 5255 more
2780 5216 2880 5256 suo
2911 5209 3165 5256 versatus
3188 5210 3294 5257 est.
3330 5200 3466 5257 Fere
3504 5205 3650 5257 scri-

2064 5289 2236 5358 ptoris
2267 5292 2595 5345 sententiam
2617 5292 2743 5348 aliis
2769 5293 2952 5347 verbis
2969 5293 3208 5362 repetiit,
3228 5293 3320 5348 sed
3349 5293 3647 5365 imaginum

2069 5383 2376 5453 linguaeque
2404 5385 2647 5440 rationes
2689 5384 3001 5440 accuratius
3040 5385 3356 5454 explicarit,
3414 5385 3652 5455 ideoque

2068 5477 2122 5531 in
2159 5476 2242 5533 his
2271 5478 2501 5533 lectores
2532 5478 2729 5548 szrpius
2758 5478 2824 5532 ad
2856 5478 3392 5533 hoscommentarios
3426 5477 3647 5547 allegat.

2143 5567 2395 5625 Profecto
2430 5586 2624 5626 novam
2673 5571 2815 5623 viain
2856 5569 3181 5626 Theodorus
3221 5572 3295 5624 ita
3324 5577 3685 5640 persecutus

2073 5674 2176 5728 est.
2200 5671 2260 5720 ut
2283 5672 2528 5721 nostram
2559 5662 2976 5720 admirationem
3012 5663 3068 5720 in
3101 5678 3160 5721 se
3182 5679 3288 5720 nou
3322 5670 3653 5720 convertere
