3906 6208
419 282 494 342 $5
1273 277 1575 337 OTTONIS
1608 276 1788 334 FRID.
1829 273 2219 331 FRITZSCIIE
2259 271 2760 329 COMMENTATIO
3601 269 3668 323 56

426 386 543 455 bris
569 396 838 461 distinxit,
867 401 1101 467 quorum
1129 394 1357 465 primus,
1380 393 1575 447 Photio
1603 400 1759 455 teste,
1785 399 1988 459 septem
2021 391 2067 446 A
2095 386 2299 455 optime
2356 386 2683 446 illustrabat,
2718 397 2817 438 nec
2859 382 3084 445 mirum,
3117 379 3266 450 quod
3294 381 3348 433 in
3372 379 3670 449 reprehen~

428 493 593 548 tomis
641 489 950 546 constabat.
983 487 1299 542 Tillemont.
1339 486 1376 540 l.
1422 485 1460 540 l.
1507 501 1559 555 p.
1597 484 1702 537 445
1730 496 1744 534 :
1776 502 1793 533 ι
1829 496 1993 533 —-un

428 582 616 650 (tome)
650 595 779 637 sans
833 579 997 633 doutc
1022 593 1160 647 pour
1187 576 1398 645 chaque
1445 574 1592 644 jour.
1633 592 1651 625 ι
1676 571 1996 626 Theodorus

426 689 550 728 rum
609 674 806 727 librum
848 672 923 724 ita
957 670 1336 739 distingueret,
1380 667 1544 737 .hautl
1591 665 1753 719 dubie
1801 664 1991 733 prima:

428 764 782 820 hebdomadis
826 763 1093 816 rationem
1148 761 1356 815 habuit.
1386 758 1472 813 Cf.
1502 767 1576 814 et.
1610 756 1796 829 Cyrill.
1838 757 1992 809 Alex.

426 859 520 913 lib.
558 869 637 910 νιι
668 854 1054 925 Glaphyrorum
1086 854 1139 907 in
1171 851 1411 907 δεηθείη.

496 992 665 1048 Recte
689 990 850 1046 Phot.
876 1005 926 1044 c.
956 989 1045 1049 58,
1067 989 1156 1042 ttbi
1180 987 1280 1057 τὴν
1310 983 1604 1055 ἑρμηνείαν
1631 982 1732 1052 τῆς
1763 978 1995 1041 κτίσεως

427 1086 770 1147 memoravit,
795 1082 892 1153 τὴν
908 1082 964 1135 δὲ
996 1080 1213 1150 φράσιν,
1241 1078 1438 1147 inquit,
1472 1074 1595 1128 οὕτε
1624 1072 1873 1144 λαμπρὸς
1896 1070 1993 1141 (sc.

426 1177 514 1245 Θ.)
544 1174 668 1229 οὔτε
712 1172 831 1226 λίαν
883 1170 1077 1241 σαφὴς,
1127 1168 1343 1239 φεύγων
1369 1167 1426 1220 δὲ
1463 1167 1553 1220 τὸν
1584 1165 1807 1218 δυνατὸν
1851 1161 1998 1232 αὑτῷ

428 1265 627 1336 τρόπον
666 1262 764 1326 τὰς
809 1260 1136 1330 ἀλληγορίας
1188 1259 1282 1311 καὶ
1328 1256 1467 1310 κατὰ
1503 1256 1599 1326 τὴν
1630 1255 1872 1325 ἱστορίαν
1900 1254 1998 1325 τὴν

430 1358 721 1431 ἑρμηνείαν
745 1353 1081 1425 ποιούμενος,
1112 1350 1438 1418 Ταυτολογεῖ
1462 1349 1519 1401 δὲ
1545 1348 1615 1401 τὰ
1640 1347 1870 1401 πλεῖστα
1901 1347 1999 1401 καὶ

429 1453 621 1523 ἄχαρίς
645 1467 761 1513 πως
790 1449 883 1501 καὶ
900 1445 1066 1516 ἀηδὴς
1084 1440 1223 1498 εἶναι
1254 1444 1421 1505 δοκεῖ,
1441 1441 1574 1495 ἀλλὰ
1592 1440 1685 1493 καὶ
1712 1441 1772 1493 τὸ
1799 1442 2000 1494 Νεστο-

431 1546 546 1616 ρίου
602 1542 797 1611 δόγμα,
838 1540 886 1591 εἰ
930 1539 1023 1591 καὶ
1057 1536 1163 1608 πρὸ
1203 1533 1496 1604 Νεστορίω)
1531 1532 1797 1603 ὑπῆρχεν,
1830 1531 2001 1602 ὑπερ-

428 1634 749 1705 ευγὸμενος·
827 1645 928 1685 nec
1004 1628 1184 1682 minus
1259 1636 1438 1679 tamen
1508 1633 1656 1678 recte
1734 1622 2000 1678 Ebediesu

428 1723 881 1783 commentarium
918 1721 1066 1773 illum
1102 1716 1356 1771 methodo
1385 1722 1437 1769 et
1472 1714 1845 1786 speculatione
1886 1714 2003 1769 ela-

430 1821 682 1876 boratum
734 1823 910 1870 vocat.
968 1810 1228 1879 Quamvis
1283 1808 1427 1862 enim
1479 1806 1533 1859 in
1584 1821 1650 1861 eo
1701 1805 1900 1876 stylum
1950 1810 2004 1857 et

430 1911 732 1969 sententias
777 1907 1039 1978 quasdant
1074 1903 1199 1975 jure
1234 1896 1681 1971 reprehenderes,
1710 1897 1782 1950 ita
1821 1903 2003 1949 tamen

430 2005 490 2059 ni
540 2002 696 2057 fallor
750 2003 1101 2068 comparatus
1151 2000 1290 2057 erat,
1333 2000 1394 2046 ut
1441 2006 1507 2046 ex
1553 2005 1618 2045 eo
1659 1987 2002 2058 potissimum

429 2094 564 2167 quid
611 2089 933 2146 Theodorus
994 2082 1408 2155 interpretando
1460 2090 1514 2136 et
1574 2078 2003 2148 philosophando

430 2190 636 2256 posset,
682 2185 989 2251 appareret,
1024 2175 1189 2245 idque
1230 2188 1339 2227 non
1376 2171 1685 2229 miraberis.
1737 2170 1784 2223 si
1815 2169 2003 2236 quanti

430 2288 547 2333 tum
610 2275 845 2330 Genesin
912 2269 1142 2326 fecerint
1197 2282 1261 2321 ae
1304 2282 1464 2337 quam
1522 2264 1689 2318 multa
1727 2279 1789 2318 ex
1830 2278 1894 2317 ea
1924 2278 2005 2317 re-

433 2369 684 2441 petierint
732 2366 901 2437 probe
964 2360 1337 2433 perpenderis.
1396 2357 1501 2413 Pro
1559 2357 1772 2411 diverso
1823 2364 2000 2409 autem

432 2468 750 2532 argumento
800 2456 1036 2512 Genesin
1065 2494 1080 2517 ,
1153 2453 1243 2508 cui
1294 2466 1560 2508 summam
1628 2448 2001 2503 auctoritatem

433 2552 642 2614 tribuit,
673 2549 886 2604 diverse
927 2548 1319 2615 interpretatus
1360 2552 1463 2597 est.
1528 2542 1644 2609 Ipse
1691 2537 1908 2608 quidem
1949 2538 2002 2589 in

433 2647 502 2702 iis
538 2662 658 2716 qua:
706 2643 774 2697 de
812 2640 1001 2695 mundi
1057 2639 1267 2708 origine
1308 2638 1481 2704 deque
1519 2632 1839 2695 hominibus
1871 2646 2005 2683 non-

434 2739 561 2794 dunt
616 2734 877 2805 dispersis
929 2730 1268 2798 disputavit,
1332 2725 1611 2781 Geneseos
1678 2724 2006 2776 auctoritate

434 2831 532 2885 niti
566 2829 669 2883 sibi
692 2828 843 2882 visus
864 2834 970 2887 est,
994 2823 1264 2894 permulta
1292 2832 1471 2875 tamen
1499 2821 1568 2873 ab
1598 2834 1659 2873 ea
1689 2819 1865 2872 aliena
1888 2833 2007 2888 pro-

434 2923 576 2985 tulit,
608 2935 728 2991 qute
750 2934 859 2973 non
886 2926 997 2971 tam
1031 2932 1097 2972 ex
1120 2931 1183 2970 ea
1223 2915 1431 2977 elicuit,
1468 2929 1629 2983 quam
1666 2911 1886 2965 aliunde
1908 2927 2001 2965 ac-

435 3012 578 3083 cepit
604 3014 701 3083 (a).
727 3010 1047 3078 Quanquam
1082 3022 1208 3059 cum
1237 3005 1421 3061 verbis
1442 3005 1592 3073 justo
1618 3002 1791 3073 magis
1836 3001 2004 3056 inhae-

2103 478 2310 533 sionem
2346 477 2577 532 incurrit
2607 490 2671 529 ac
2693 473 2954 544 temporis
2986 472 3186 542 injuria
3221 472 3444 525 interiit.
3480 470 3671 540 Itaque

2101 584 2165 626 ex
2195 569 2462 623 sententia
2512 568 2670 623 nobis
2701 567 2916 638 obtigit,
2963 562 3107 635 quod
3140 563 3378 619 Joannes
3413 562 3667 632 Philopo-

2101 676 2207 715 nus
2245 658 2404 729 (Περὶ
2436 657 2806 727 κοσμοποίας
2850 656 2982 725 λόγ.
3022 655 3193 719 ἑπτά,
3237 654 3486 710 Galland.
3524 654 3667 708 Bibl.

2102 750 2216 815 XII,
2253 767 2307 821 p.
2340 750 2439 804 471
2477 765 2586 820 sq.,
2619 749 2711 819 qui
2745 750 2881 803 liber
2909 763 3015 801 non
3052 756 3178 801 ante
3210 761 3261 799 a.
3286 745 3391 800 6l0
3424 746 3667 815 scriptus

2103 841 2207 910 est)
2241 841 2591 896 vehementer
2638 855 2770 895 sane
2797 839 2852 893 in
2892 838 3261 901 Theodorum,
3290 836 3670 892 inauditorum

2104 939 2360 995 satorem,
2413 931 2659 985 invectus
2699 937 2803 984 est.
2842 929 3206 999 Prieterquam
3241 929 3386 983 enim
3433 928 3673 999 quodex

2104 1024 2224 1092 ejus
2268 1023 2323 1075 in
2363 1008 2585 1076 Cenesin
2621 1021 3018 1077 commentario
3056 1021 3317 1075 nonnulla
3371 1023 3668 1091 excerpsit,

2103 1131 2415 1187 quanquam
2466 1132 2575 1170 non
2627 1115 2849 1185 ubique,
2900 1122 2962 1168 ut
3011 1113 3245 1179 videtur,
3296 1116 3361 1167 ad
3408 1115 3669 1177 verbum,

2106 1209 2259 1277 plura
2293 1203 2454 1260 etiam
2484 1205 2826 1267 memoravit,
2850 1219 2971 1271 quae
3011 1204 3077 1257 ad
3107 1204 3226 1272 ejus
3252 1203 3557 1257 doctrinam
3588 1202 3673 1257 fa-

2104 1298 2273 1351 ciant.
2299 1295 2383 1351 Cf.
2410 1312 2446 1357 t,
2483 1294 2665 1365 12(1));
2691 1293 2860 1357 ",21,
2892 1309 3025 1357 uti,
3048 1293 3109 1359 5;
3131 1310 3204 1357 ix,
3240 1292 3325 1358 10,
3358 1293 3445 1348 H.
3484 1292 3675 1363 Neque

2105 1389 2195 1443 hic
2208 1386 2578 1458 prmtereunda
2591 1386 2803 1441 Cosma:
2814 1385 3073 1455 lndicopl.
3085 1385 3449 1455 Topographia
3468 1383 3672 1441 Christ.

2106 1479 2353 1534 Galland.
2380 1478 2546 1543 Bibl.,
2581 1474 2673 1539 XI,
2694 1491 2747 1545 p.
2771 1475 2868 1530 401
2904 1492 3012 1545 sq.,
3038 1475 3239 1545 scripta
3256 1474 3425 1529 ferme
3462 1483 3587 1545 post
3618 1490 3670 1529 a.

2107 1574 2233 1638 555,
2263 1572 2329 1626 de
2360 1586 2467 1640 qua
2513 1585 2620 1623 non
2647 1570 2780 1624 satis
2811 1575 2956 1622 recte
3002 1567 3160 1621 Phot.
3207 1583 3257 1622 c.
3289 1567 3357 1622 36
3386 1567 3673 1637 judicavit.

2106 1665 2362 1719 Cosmam
2397 1660 2777 1715 Nestorianum
2803 1658 2972 1714 fuisse
3006 1668 3060 1713 et
3097 1658 3154 1712 in
3196 1659 3386 1713 multis
3417 1657 3673 1713 Theodo-

2036 1762 2078 1818 Β
2103 1771 2221 1808 rum
2239 1769 2361 1808 esse
2382 1759 2630 1807 secutum
2654 1750 2862 1819 primus
2881 1758 3029 1805 recte
3055 1748 3366 1805 observavit
3398 1748 3470 1803 La
3496 1750 3675 1805 Croze

2101 1840 2781 1916 (Hist.duCItrislianisme
2822 1840 2911 1895 des
2946 1840 3126 1903 Index,
3162 1841 3203 1905 l,
3235 1857 3292 1911 p.
3320 1842 3390 1896 40
3420 1843 3558 1912 sq.);
3588 1841 3675 1895 id-

2103 1951 2209 2007 que
2243 1935 2415 2003 magis
2469 1933 2535 1988 iis
2590 1932 2839 1987 ﬁrmatur
2879 1950 3000 2004 qua:
3041 1931 3249 1988 Semler
3289 1932 3458 2001 (Hist.
3484 1933 3671 1990 ecclcs.

2104 2027 2297 2079 selecta
2332 2024 2508 2093 capita
2534 2024 2576 2088 l,
2603 2040 2657 2094 p.
2688 2025 2786 2078 421
2820 2026 2930 2095 sq.)
2961 2041 3025 2079 ex
3063 2024 3429 2095 Tapographia
3456 2026 3544 2079 illa
3575 2042 3676 2080 cx-

2104 2120 2327 2187 cerpsit,
2359 2131 2670 2187 quanquam
2695 2118 3011 2173 accuratius
3057 2119 3220 2173 etiam
3251 2116 3437 2172 doceri
3470 2125 3672 2187 potest.

2106 2210 2212 2266 Sed
2239 2225 2363 2265 cum
2393 2204 2797 2265 Theodorus'et
2820 2209 3068 2274 Cosmas,
3095 2209 3196 2264 etsi
3228 2210 3479 2264 doctrina
3505 2210 3679 2264 simil-

2105 2302 2240 2365 litni,
2265 2300 2559 2355 dissimiles
2587 2308 2770 2355 tamen
2789 2308 2975 2355 essent
3009 2309 3271 2369 tempore,
3308 2299 3488 2354 indole
3511 2310 3676 2370 atque

2103 2394 2429 2456 eruditione,
2482 2407 2636 2462 atque
2672 2408 2805 2448 sane
2846 2393 3149 2462 jucundum
3189 2402 3349 2463 atque
3406 2394 3540 2448 utile
3591 2402 3677 2449 est

2106 2495 2398 2555 utrumque
2457 2484 2601 2538 inter
2651 2499 2710 2538 se
2759 2500 3108 2554 componere,
3137 2484 3283 2555 quod
3313 2485 3492 2539 alieno
3525 2498 3678 2539 certe

2105 2577 2225 2630 loco
2248 2576 2335 2630 hic
2364 2575 2622 2630 facerem.
2655 2574 2725 2630 Ut
2784 2585 2943 2631 caute
2990 2585 3170 2631 tamen
3210 2578 3354 2630 illaut
3409 2572 3679 2646 Topogra-

2104 2670 2302 2739 phiam,
2335 2684 2456 2738 qua:
2497 2669 2817 2723 Theodorea
2870 2671 3099 2739 aperiat.
3146 2670 3406 2725 adhibeas
3457 2686 3673 2723 moneo.

2104 2762 2373 2816 Craterum
2401 2761 2719 2826 conjectura
2758 2760 2903 2815 haud
2943 2761 3283 2831 improbabili
3329 2762 3481 2816 dicas
3508 2760 3679 2815 Joan-

2104 2868 2228 2907 nem
2262 2850 2541 2921 Pliil.,qui
2575 2850 2850 2906 Theodori
2878 2853 3115 2909 asseclas
3142 2853 3343 2923 saepius
3380 2853 3579 2925 carpit,
3609 2851 3679 2906 ad

2105 2943 2358 2999 Cosmam
2387 2946 2551 3000 etiam
2591 2946 2922 3015 respexisse.

435 3105 753 3173 vetch-ipse
808 3100 973 3154 etiam
1031 3097 1202 3151 multa
1248 3100 1383 3151 mira
1427 3112 1491 3151 cx
1528 3112 1592 3150 ea
1617 3095 2073 3173 eruitJIagnac
2176 3099 2504 3171 Priusquam
2561 3102 2672 3172 jam
2730 3104 3103 3158 commentarii
3167 3104 3312 3159 illius
3375 3104 3680 3175 fragtttcttta

436 3207 617 3252 autem
640 3192 856 3249 licentia
874 3190 1156 3245 historiam
1174 3189 1358 3260 lapsus
1380 3188 1684 3259 primorum
1720 3187 2001 3240 hominum

437 3293 755 3359 persecutus
779 3292 864 3339 est
890 3292 1053 3353 atque
1081 3281 1169 3335 hic
1190 3283 1462 3352 praecipue
1480 3294 1678 3332 vanum
1713 3277 1843 3331 illud
1882 3284 2003 3331 stu-

446 3380 585 3437 lium
613 3377 873 3439 cernitur,
905 3392 1014 3446 quo
1034 3374 1197 3429 dubia
1218 3382 1272 3428 et
1300 3374 1455 3442 plane
1474 3373 1683 3425 incerta
1705 3370 1840 3424 mire
1872 3384 2006 3422 con-

440 3472 691 3546 iectando
732 3469 1041 3524 certissima
1094 3466 1351 3523 reddidit.
1409 3464 1578 3518 Multo
1623 3463 1839 3519 brevior
1886 3470 2007 3516 erat

438 3566 661 3621 alterius
717 3562 990 3617 Geneseos
1047 3560 1217 3630 partis
1279 3557 1676 3626 interpretatio,
1735 3555 2007 3624 inprimis

439 3670 661 3732 propter
699 3666 859 3729 typos
908 3654 1298 3711 memorabilis.
1331 3651 1465 3723 Typi
1513 3659 1726 3716 autem,
1762 3665 1902 3719 quos
1950 3650 2007 3704 in

439 3753 720 3825 prophetis
764 3750 933 3805 certis
982 3746 1309 3820 quihusdam
1350 3747 1477 3801 licet
1504 3744 1891 3800 remotioribus
1918 3758 2009 3797 ra-

439 3845 681 3902 tionibus
716 3844 812 3897 niti
829 3845 1001 3907 dicas,
1036 3843 1124 3895 hic
1146 3841 1361 3910 quidem
1394 3840 1509 3896 fere
1535 3855 1563 3893 a
1588 3839 1707 3894 solo
1741 3838 2011 3908 interpre-

439 3939 515 3993 tis
535 3935 763 3990 arbitrio
792 3932 1182 4003 pependerunt.
1210 3931 1352 3997 Quid
1382 3930 1588 3984 multa?
1618 3927 1710 3984 Ille
1732 3943 2012 3983 commen-

444 4028 643 4093 tarius,
681 4026 736 4080 in
763 4040 872 4095 quo
922 4021 1244 4079 Theodorus
1290 4023 1434 4076 haud
1478 4035 1603 4075 raro
1635 4020 1704 4074 de
1729 4020 1815 4073 via
1842 4021 2010 4075 eccle-

442 4119 666 4179 siastica
723 4115 1035 4179 declinavit,
1081 4113 1254 4169 nostri
1315 4112 1550 4167 indolem
1599 4118 1654 4164 et
1695 4110 2002 4165 doctrinam

2110 3209 2231 3263 quze
2287 3203 2582 3265 supersunt
2633 3210 2978 3261 recenseam,
3034 3196 3102 3252 de
3157 3196 3413 3263 Catenis,
3478 3201 3681 3269 quibus

2111 3287 2347 3342 maxime
2379 3288 2747 3351 continentur,
2780 3303 2953 3357 pauca
3001 3291 3396 3360 prremittenda.
3434 3292 3679 3357 Quarum

2111 3380 2250 3436 mira
2278 3388 2362 3434 est
2391 3378 2625 3435 Camena
2654 3400 2700 3436 δ.
2735 3384 3020 3451 explicatio
3064 3384 3299 3437 locorum
3341 3385 3429 3453 qui
3460 3386 3512 3437 in
3544 3384 3679 3439 Peno

2112 3472 2353 3525 lateucho
2386 3471 2807 3527 subobscuriores
2842 3485 3141 3537 occurrunt,
3174 3491 3238 3528 ea:
3272 3475 3503 3542 antiquis
3531 3473 3678 3528 στω-

2112 3581 2294 3617 corum
2328 3564 2577 3634 theologis
2623 3564 2953 3635 deprompta.
2997 3564 3081 3618 Ea:
3125 3570 3311 3636 quibus
3351 3567 3681 3635 quorundam

2104 3656 2357 3709 hactenus
2404 3654 2537 3708 nihil
2578 3667 2651 3708 est
2701 3658 2755 3710 in
2814 3658 2980 3710 lucem
3032 3658 3233 3712 editum
3276 3674 3294 3711 :
3340 3656 3539 3711 Franc.
3576 3657 3680 3712 Ze-

2106 3748 2271 3818 phyro
2316 3745 2629 3803 Florentino
2659 3749 2957 3818 interprete.
2992 3750 3127 3805 Item
3152 3750 3387 3804 Cathena
3422 3752 3681 3818 explana-

2105 3839 2307 3893 tionum
2343 3849 2464 3894 vett.
2506 3856 2551 3893 ε.
2591 3840 2813 3894 Patrum
2852 3842 2906 3894 in
2945 3843 3122 3896 omnia
3170 3852 3278 3896 tant
3322 3841 3381 3896 V.
3414 3859 3570 3913 quam
3602 3841 3677 3896 Ν.

2108 3930 2247 3986 Test.
2302 3933 2511 3986 cantica
2535 3948 2554 3985 :
2585 3932 2649 3986 ab
2687 3934 2920 3988 Antonio
2950 3933 3150 4005 Carafa
3194 3952 3222 3990 e
3252 3935 3431 3990 (intra
3465 3937 3518 3989 in
3551 3935 3677 3992 Lat.

2116 4036 2407 4075 sermonem
2458 4038 2705 4076 conversa
2759 4024 2853 4094 (ο).
2910 4024 3099 4079 Colon.
3156 4027 3377 4096 Agripp.
3411 4027 3569 4091 1572,
3621 4029 3677 4083 8.

2111 4111 2391 4183 Zephyrus
2438 4113 2553 4182 ipse
2603 4115 2906 4183 proﬁtetur,
2942 4131 3003 4171 se
3034 4118 3087 4171 in
3136 4119 3497 4174 translatione
3539 4134 3680 4175 con-

443 4296 617 4351 tarios
645 4293 959 4368 exaravisse
996 4293 1248 4368 opinatus
1272 4293 1377 4368 es_t,
1414 4286 1639 4368 alterum
1664 4288 2002 4368 philoSOphi-

2112 4306 2207 4368 κεν
2253 4292 2548 4368 eaeeae;
2573 4296 2850 4368 rdypatt,
2871 4298 3026 4368 εἴπερ
3063 4294 3170 4366 ἄρα
3204 4299 3297 4352 καὶ
3332 4299 3555 4363 ταύτας.
3582 4302 3683 4355 καὶ

443 4382 570 4422 cum
620 4365 689 4419 ab
751 4357 1048 4424 Ehediesu;
1079 4360 1262 4423 Phot.,
1317 4358 1475 4413 Jnan.
1517 4357 1745 4413 PhilIet
1794 4363 1847 4414 in
1880 4357 2001 4414 Act.

443 4451 601 4492 conc.
625 4436 816 4492 Const.
850 4442 1229 4491 memoratum,
1262 4430 1488 4484 alterum
1518 4430 1880 4500 exegeticum,
1909 4431 2003 4500 qui

445 4508 513 4561 ad
552 4507 795 4574 reliquos
840 4505 1003 4558 etiam
1034 4502 1384 4574 Pentateuclti
1429 4501 1597 4555 libros
1629 4501 2001 4574 pertinuisset.

443 4576 630 4646 Neque
661 4572 830 4639 enim,
853 4577 901 4630 si
944 4576 1033 4629 ille
1074 4574 1139 4626 ad
1176 4572 1407 4646 amplius
1450 4587 1589 4646 opus
1631 4572 2003 4646 pertinuisset,

445 4641 681 4715 primam
707 4653 916 4698 tantum
945 4653 1151 4715 partem
1184 4643 1237 4715 in
1267 4641 1503 4715 Genesin
1535 4641 1904 4715 con’sgiptatn
1936 4644 2006 4695 ab

445 4711 719 4773 Ebediesu
744 4711 1095 4769 memoratam
1126 4712 1314 4766 fuisse.
1338 4711 1503 4776 Quasi
1526 4728 1655 4766 vero
1684 4711 2005 4767 Theodorus

447 4788 694 4855 singulos
738 4784 1087 4840 Pentateuchi
1120 4784 1424 4855 librosjnon
1461 4782 1690 4855 singulis
1724 4797 2007 4855 commen-

447 4852 605 4912 tariis
641 4859 892 4927 persequi
926 4855 1189 4927 potuisset
1219 4854 1233 4927 ξ
1276 4852 1383 4905 Sed
1411 4868 1515 4927 non
1545 4853 1680 4927 male
1706 4853 2005 4919 conjiceres

446 4929 595 4984 illam
643 4922 959 4997 lpum—simi
990 4924 1090 4993 τῆς
1134 4922 1384 4997 Κτίσεως.
1418 4922 2006 4997 uhet'ioretnneamque

446 4989 880 5068 philosophicam
909 4989 1331 5068 disputationem
1354 4989 1422 5046 de
1437 4991 1701 5068 prioribus
1729 4990 2004 5068 Geneseos

447 5061 719 5136 capitibus
757 5069 947 5126 fuisse.
980 5061 1087 5119 nisi
1124 5061 1388 5117 Ebediesu
1438 5062 1672 5115 maxime
1701 5062 1864 5117 verba
1898 5061 2004 5115 im-

447 5140 760 5211 pedimento
781 5145 1004 5211 _essent.
1201 5205 1211 5211 _
1523 5199 1534 5211 _

520 5208 596 5277 (a)
639 5205 730 5260 Sic
781 5207 1100 5263 Theodorus
1141 5205 1305 5277 etiam
1365 5199 1537 5277 mensi
1587 5198 1754 5277 Nisan
1816 5201 2005 5255 mundi

447 5268 777 5333 creationem
805 5278 1118 5348 assignavit,
1149 5273 1293 5348 quod
1312 5289 1376 5328 ex
1413 5271 1481 5325 iis
1512 5271 2007 5348 intelligitur,_qute

449 5349 516 5402 de
542 5349 643 5401 hac
693 5341 960 5416 Ephrzenii
1000 5341 1269 5400 sententia
1313 5344 1588 5411 congessit
1620 5345 1756 5397 Caes.
1787 5358 1818 5395 a
1857 5341 2007 5396 Len-

448 5418 610 5489 gerke
648 5417 688 5489 l_.
725 5419 761 5489 l.
790 5432 845 5489 7p.
868 5416 964 5489 20,
986 5416 1075 5469 2|.

523 5488 596 5557 (ὁ)
637 5487 752 5557 Qui
786 5483 946 5553 huius
967 5501 1098 5557 _cap.
1139 5486 1293 5541 locus
1331 5484 1619 5541 admodum
1650 5483 1823 5557 torsit
1848 5484 2014 5557 (Iotea

450 5552 640 5611 larium
668 5552 909 5624 (Eccles.
953 5552 1117 5609 (ἔναιε.
1161 5572 1415 5620 manum,
1448 5557 1532 5622 ΙΙΙ,
1561 5573 1615 5626 p.
1650 5552 1771 5626 57])
1799 5555 1871 5626 ita
1906 5553 2003 5626 ha:

451 5629 540 5707 bet
569 5645 581 5679 :
611 5622 739 5707 1(a);
761 5630 807 5707 εξ
858 5626 1264 5707 cavendo-cnect»),
1315 5628 1363 5677 ot
1405 5622 1621 5707 ἄγγεὶξᾳι
1662 5623 1740 5707 θεῷ
1774 5622 2002 5707 ⁷οὐρα.νῷ

450 5699 544 5750 καὶ
575 5699 639 5768 τῇ
674 5699 742 5767 γῇ
781 5695 1088 5766 Θαυμαστὸν
1117 5689 1169 5748 el
1190 5695 1367 5768 πέντε
1399 5689 1559 5768 μόνας
1581 5689 1720 5768 (cori.
1746 5689 1899 5768 εἶπέν
1919 5689 1999 5748 τεᾷ

451 5754 779 5838 ϐοιειξὶόιΰ.
808 5754 999 5836 εἱτέεῐν,
1033 5771 1086 5832 ς’
1105 5769 1145 5839 ’)
1176 5754 1473 5837 ἡμέρας’ἐν
1500 5754 1721 5837 τίῖίίδέῳ
1760 5763 2002 5835 μεμένη-

2110 4362 2189 4437 εζς
2217 4360 2315 4437 τὴν
2339 4365 2607 4437 τφσᾳύῖην
2635 4360 2795 4431 ε’ὗθὺς
2826 4367 2943 4437 ἅμα
2966 4360 3042 4437 τῷ
3070 4360 3321 4435 γὲνέσθαι
3350 4360 3549 4422 κακίαν
3584 4372 3682 4425 καὶ

2105 4421 2197 4484 τὸν
2371 4421 2660 4505 ἁνθρώὲτου
2696 4421 2887 4505 ερθᾶνοῦ
2918 4421 3244 4491 ἀπῶλίσθεν.
3279 4421 3343 4492 Η.
3395 4421 3683 4503 efttoaiil

2107 4518 2207 4556 nes
2237 4502 2581 4559 Theodorum
2609 4502 2832 4575 refutat.)
2859 4526 2871 4561 :
2902 4526 2918 4559 ι
2956 4506 3010 4561 Si
3039 4509 3151 4576 (tua
3181 4510 3471 4576 sententia)
3498 4502 3679 4577 angeli

2108 4588 2215 4649 una
2268 4589 2389 4649 cum
2425 4578 2565 4633 caelo
2609 4587 2663 4649 et
2703 4588 2847 4631 terra
2902 4577 3027 4631 facti
3073 4584 3239 4649 sunt,
3269 4580 3485 4637 mirum.
3531 4580 3679 4649 quod

2107 4644 2491 4717 diabolusper
2532 4648 2776 4717 quinque
2820 4655 3025 4717 tantum
3071 4648 3187 4701 dies
3231 4648 3286 4701 in
3336 4664 3438 4703 suo
3485 4644 3682 4705 ordine

2109 4716 2408 4789 permansit
2440 4715 2700 4789 ‘(statuit‘
2726 4718 2869 4773 enim
2911 4715 3229 4789 Theodorus
3252 4758 3265 4782 ,
3311 4722 3679 4789 protoplastos

2109 4791 2263 4864 serito
2305 4784 2394 4839 die
2434 4784 2632 4864 laetos,
2666 4796 2790 4864 post
2818 4804 2909 4842 sex
2949 4788 3108 4864 horas
3142 4790 3256 4864 ipsa
3298 4784 3522 4845 meridie
3551 4806 3678 4864 cum

2109 4857 2340 4922 primum
2388 4857 2660 4910 esurirent
2701 4858 2956 4913 seductos
3003 4863 3140 4914 licus
3171 4860 3351 4914 edisse
3393 4875 3456 4912 ac
3501 4862 3679 4915 tribus

2109 4923 2417 4997 horispost
2437 4927 2698 4997 paradiso
2726 4928 2912 4997 pulsos
2933 4943 3074 4984 esse.
3113 4929 3195 4982 Cf.
3237 4927 3396 4983 Joan.
3442 4929 3580 4983 Phil.
3634 4946 3675 4995 ι,

2108 4994 2208 5075 lg;
2234 4993 2366 5075 Mar.
2405 4995 2656 5075 Merc.__c.
2689 4993 2740 5059 l,
2773 5014 2825 5068 p.
2850 4998 3067 5075 ’ἰωὴ-δί
3104 4999 3545 5075 nimirum_e_t_iam
3574 4993 3685 5056 hos

2109 5064 2335 5133 (diesiin
2371 5081 2469 5119 suo
2498 5067 2690 5122 ordine
2734 5064 2963 5123 mansit.
2990 5068 3115 5122 Haec
3148 5069 3282 5124 bene
3317 5068 3519 5133 addita,
3548 5086 3675 5124 nam

2107 5134 2176 5188 de
2227 5132 2495 5190 Theodori
2547 5142 2819 5193 sententia
2875 5138 3124 5194 diabolus
3178 5140 3291 5208 jam
3357 5149 3483 5194 ante
3531 5141 3674 5194 diem

2108 5214 2322 5285 sextum
2371 5208 2613 5276 peccavit
2642 5208 2875 5285 ideoque
2899 5210 2952 5262 in
2986 5210 3596 5285 terramAdejectusest)
3621 5218 3679 5264 et

2109 5279 2305 5347 statim
2330 5288 2451 5344 post
2488 5286 2669 5332 ortum
2717 5279 2771 5332 in
2804 5286 3008 5331 tantam
3045 5280 3337 5347 nequitiam
3388 5289 3442 5334 et
3476 5281 3527 5333 in
3577 5282 3677 5334 lm-

2109 5345 2272 5465 Einis
2296 5346 2553 5465 invidiam
2586 5354 2769 5419 (quam
2799 5359 2985 5403 contra
3017 5345 3288 5404 hominem
3325 5350 3521 5415 alebat)
3549 5367 3678 5419 pro-

2166 5428 2293 5465 DSIIS
2324 5431 2382 5465 es
2413 5457 2425 5465 .
2469 5436 2486 5465 ι

2129 5428 2293 5482 apsus
2324 5427 2425 5471 est.
2469 5436 2486 5467 ι

2178 5484 2249 5553 (ε)
2292 5484 2416 5540 ﬂare
2449 5489 2500 5541 in
2539 5489 2760 5544 Cantica
2793 5498 2982 5543 catena
3024 5490 3331 5544 accuratior
3359 5500 3412 5545 et
3460 5491 3677 5546 auctior

2109 5550 2297 5636 iet
2330 5557 2445 5636 Lat:
2493 5559 2691 5628 legitur
2717 5560 2770 5611 in
2817 5560 3042 5636 Corder.
3088 5560 3207 5613 Cat.
3237 5562 3290 5613 in
3317 5560 3446 5636 _Ps_.,
3479 5560 3569 5623 Ill,
3618 5579 3673 5620 υ.

2110 5624 2217 5678 855
2251 5641 2333 5695 sq.
2365 5630 2479 5680 Alia
2520 5624 2894 5699 tantummodo
2923 5641 3069 5694 sunt,
3098 5647 3220 5699 qum
3266 5632 3333 5685 ad
3378 5630 3529 5685 Jonas
3560 5648 3678 5699 pre.-

2110 5708 2203 5770 ces
2255 5700 2521 5766 leguntur.
2568 5696 2713 5770 Nihil
2744 5700 2811 5770 in
2851 5714 2913 5754 ea
2972 5696 3151 5754 inveni
3188 5703 3335 5770 quod
3385 5696 3678 5761 Theodoro

2109 5762 2495 5825 Moosuéstcno
2532 5768 2884 5837 prohabilJCt‘
2913 5770 3199 5828 tribueres.
