3906 6208
214 261 283 318 s“:
964 260 1053 316 DE
1087 259 1439 317 TllEODORl
1477 261 1964 318 morsuesmm
2004 262 2166 318 VITA
2200 263 2288 319 ET
2331 262 2668 321 scrupus.
3402 255 3474 311 38

217 379 361 437 sulto
396 377 664 433 nonnulla
716 375 1049 448 praeteriisse
1096 384 1186 430 aut
1231 376 1360 445 quia
1392 389 1794 446 supervacanea
1825 383 1871 439 Α
1898 375 2095 433 Cenes.
2130 393 2171 438 ι.
2200 377 2288 442 17,
2345 378 2401 432 iu
2462 377 2691 449 Nicepb.
2723 377 2843 432 Cat.
2903 392 2957 446 p.
2987 376 3056 432 54
3087 376 3164 447 (in
3222 375 3469 446 Lippom.

218 472 539 527 viderentur
572 477 671 524 aut
699 469 757 522 in
798 468 935 522 alios
982 482 1179 523 sensus
1229 466 1481 522 distorta.
1527 465 1798 522 Praeterea

220 579 417 635 magna
469 563 531 617 in
580 560 850 617 vertendo
902 576 1035 616 usus
1081 568 1167 615 est
1210 560 1450 625 licentia,
1498 560 1604 613 alia
1658 560 1799 614 male

220 669 401 716 versa,
436 654 547 708 alia
593 660 705 706 tam
755 654 1009 715 obscure,
1050 658 1110 704 ut
1162 649 1398 721 theologi
1447 648 1621 703 Graeci
1672 665 1799 705 seu-

221 747 449 801 tentiam
500 760 645 814 aegre
674 759 859 798 eruas.
908 741 1232 796 Nominatur
1265 742 1320 795 in
1369 740 1547 796 indice
1590 741 1799 796 theolo-

221 851 415 905 gorum
450 833 628 890 Graec.
669 837 833 891 etiam
886 832 1227 888 Theodorus.
1273 831 1406 897 Qua:
1456 833 1573 888 sola
1624 848 1678 902 p.
1730 833 1799 888 55

221 929 327 983 hac
368 929 655 983 notatione
687 928 965 998 leguntur,
1011 940 1199 981 eorum
1240 925 1345 979 alia
1389 922 1609 979 Diodori
1647 935 1797 993 sunt,

222 1019 329 1073 alia
350 1014 708 1073 Theodoreti.
739 1016 1162 1072 CLTheodoret.
1191 1033 1282 1087 qu.
1302 1016 1394 1079 22,
1415 1014 1506 1080 25,
1531 1018 1585 1071 in
1611 1014 1795 1072 Cenes.

225 1109 266 1173 l,
298 1124 355 1179 p.
380 1109 474 1173 58,
500 1107 591 1163 59.
620 1107 757 1163 Cum
779 1116 903 1178 post
931 1108 986 1161 in
1010 1107 1217 1162 Catena
1244 1106 1401 1176 plura
1432 1108 1592 1161 modo
1616 1107 1798 1171 Tlieo.,

224 1200 390 1255 modo
416 1199 622 1254 Theod.
655 1207 938 1265 notentur,
966 1213 1198 1269 quorum
1250 1198 1494 1269 quaedam
1528 1194 1799 1254 Theodori

224 1303 377 1357 sunt,
412 1300 598 1347 utrum
630 1294 902 1363 interpres
929 1292 1240 1361 hujusmodi
1286 1293 1567 1348 notatione
1610 1294 1802 1348 innue-

229 1386 321 1450 rit,
367 1382 769 1439 Theodoretum
805 1382 1241 1449 Theodorumve,
1277 1383 1568 1438 incertum.
1614 1382 1802 1440 Plera-

227 1493 333 1548 que
380 1486 567 1532 tamen
625 1474 954 1530 Theodoreti
1001 1483 1152 1543 sunt,
1202 1475 1518 1531 Theodorea
1552 1484 1672 1547 post
1721 1475 1802 1531 af-

228 1568 421 1623 feram.
475 1565 747 1622 Praeterea
795 1573 923 1621 sunt
954 1566 1008 1620 in
1053 1565 1161 1631 bis,
1192 1582 1423 1637 quorum
1476 1569 1713 1638 scriptor
1744 1569 1800 1623 in

230 1670 385 1713 tanta
436 1669 648 1713 catena:
694 1656 1017 1713 confusione
1084 1665 1140 1713 et
1188 1659 1510 1730 negligentia
1559 1659 1801 1716 incertus

1898 467 2018 522 Cat.
2053 482 2107 537 p.
2139 467 2210 522 62
2255 469 2396 523 male
2430 467 2775 524 Theodoreto
2804 468 3119 537 tribuitur);
3163 484 3201 535 ι,
3231 466 3323 531 26,
3359 481 3471 539 quo

1899 556 2123 612 uberius
2166 558 2505 626 explicatur,
2572 558 2664 628 qui
2720 558 2881 612 homo
2938 560 3057 610 κατ’
3104 557 3291 610 εἰκόνα
3332 555 3468 608 Θεοῦ

1899 656 2114 702 creatus
2139 649 2232 711 sit,
2269 647 2324 701 in
2353 649 2681 703 Theodoret.
2728 648 2933 715 Quam.
2961 649 3015 701 in
3065 645 3192 701 Gen.
3227 646 3269 713 l,
3302 662 3355 717 p.
3397 644 3470 699 29

1899 753 1983 807 sq.
2017 739 2094 807 (in
2127 738 2361 809 Zepliyr.
2398 739 2541 795 Cat..
2570 756 2627 810 p.
2672 740 2763 805 50,
2799 756 2866 795 ex
2899 749 3070 810 parte,
3099 753 3379 810 perperam
3412 738 3467 790 iu

1899 830 2171 901 Lippom.,
2213 847 2263 900 p.
2306 832 2395 897 87,
2431 843 2484 888 et
2523 832 2749 903 Nicepli.
2795 832 2941 899 Cat.,
2990 848 3044 904 p.
3095 833 3185 895 47,
3221 829 3471 885 Theodo-

1900 928 2018 975 reto
2053 922 2368 975 ascribitur.
2410 919 2492 975 Cf.
2524 919 2684 975 Joau.
2713 921 2926 991 Philop.
2960 922 2997 978 l.
3030 937 3104 983 c.,
3132 921 3186 984 6,
3222 920 3277 985 9,
3307 920 3374 976 14
3397 948 3471 959 —

1902 1006 1990 1072 17,
2026 1007 2120 1061 ubi
2165 1021 2232 1061 ex
2279 1015 2432 1077 parte
2480 1024 2658 1080 neque
2705 1010 2771 1063 ad
2824 1011 3047 1065 verbum
3096 1010 3315 1076 citatur,
3372 1009 3472 1066 sed

1899 1096 2046 1152 aliud
2076 1098 2238 1151 etiam
2270 1100 2548 1169 additur);
2580 1117 2640 1165 ιι,
2670 1101 2727 1166 2,
2766 1102 2821 1167 5,
2870 1102 2925 1157 iu
2957 1100 3284 1158 Theodoret.
3321 1103 3357 1156 l.
3389 1117 3467 1166 c.,

1900 1205 1956 1260 p.
1994 1190 2060 1245 57
2096 1206 2180 1260 sq.
2212 1189 2459 1261 (Niceph.
2494 1192 2613 1247 Cat.
2643 1208 2695 1262 p.
2727 1192 2796 1246 57
2821 1209 2930 1262 sq.,
2963 1208 3083 1262 quze
3123 1193 3271 1247 aliud
3304 1193 3470 1248 etiam

1900 1282 2286 1338 brevissimum
2324 1284 2516 1354 fragm.
2564 1284 2827 1351 continet,
2872 1283 3041 1355 Zeph.
3088 1284 3209 1339 Cat.
3256 1301 3309 1355 p.
3358 1285 3469 1350 54,

1900 1389 1966 1430 ex
2022 1376 2239 1447 parte);
2286 1391 2348 1441 ιι,
2383 1376 2438 1440 7,
2490 1377 2544 1430 in
2596 1375 2820 1446 Niceph.
2876 1377 2996 1433 Cat.
3056 1393 3109 1448 p.
3168 1377 3273 1445 65;
3322 1379 3472 1433 aliud

1900 1467 2277 1523 brevissimum
2336 1470 2391 1522 in
2436 1467 2686 1539 Lippom.
2733 1468 2852 1524 Cat.
2897 1486 2949 1538 p.
2999 1470 3134 1535 118;
3180 1486 3241 1536 ιι,
3276 1470 3366 1541 8);
3416 1470 3473 1526 iu

1901 1557 2130 1629 Niceph.
2159 1556 2280 1613 Cat.
2310 1575 2364 1629 p.
2388 1560 2456 1614 66
2486 1560 2563 1630 (in
2590 1558 2837 1631 Lippom.
2862 1561 2981 1616 Cat.
3011 1578 3067 1632 p.
3101 1562 3257 1629 124);
3292 1578 3353 1628 ιι,
3382 1562 3469 1626 19,

1903 1650 1958 1704 in
1992 1650 2222 1721 Niceph.
2257 1650 2377 1705 Cat.
2411 1666 2466 1721 p.
2495 1651 2566 1706 75
2590 1652 2805 1721 (paucis
2840 1651 3074 1723 demptis
3110 1661 3164 1706 et
3193 1653 3390 1708 additis
3415 1654 3471 1706 in

223 1758 327 1813 est,
362 1764 496 1805 cum
529 1749 826 1822 prmsertim
856 1750 1124 1820 permulta
1157 1766 1346 1807 eorum
1386 1752 1704 1808 brevissima
1747 1760 1804 1808 et
1834 1730 1875 1785 Β
1903 1742 2153 1814 Ιιίρρυηι.
2186 1743 2309 1797 εἱλισ
2344 1758 2398 1814 p-
2432 1743 2741 1814 150-152);
2786 1761 2845 1807 II.
2872 1744 2962 1809 9|.
2996 1746 3051 1798 in
3076 1744 3323 1816 Lippom.
3349 1744 3469 1799 Cat.

223 1843 432 1897 nullius
462 1840 578 1897 fere
610 1842 871 1896 momenti
918 1842 1048 1897 sint.
1091 1839 1199 1898 Sed
1236 1840 1524 1899 Theodoro
1551 1844 1801 1899 vindica-

225 1936 399 1990 verint
429 1951 489 2005 p.
530 1934 591 1989 51
628 1933 668 1987 Β
700 1934 789 2001 (de
816 1931 950 1988 Gen.
990 1951 1065 1999 iv,
1105 1933 1194 2002 14,
1229 1934 1341 2006 15),
1372 1935 1476 1991 107
1506 1935 1547 1989 Β
1579 1937 1689 2008 (49,
1709 1937 1804 2008 27)

223 2023 474 2095 (nem);
510 2023 578 2078 de
604 2022 827 2095 reliquis
865 2024 990 2078 nolo
1012 2024 1432 2095 disputationem
1458 2041 1650 2097 parum
1685 2025 1802 2081 fru-

223 2128 472 2172 ctuosam
536 2115 747 2185 ingredi
798 2116 897 2186 (a).
949 2115 1155 2186 Aloysii
1202 2113 1542 2187 Lippomani,
1598 2117 1800 2175 Meton.

223 2208 408 2275 epist"
440 2204 646 2262 Catena
676 2206 731 2260 in
764 2208 1000 2261 Ccnesim
1029 2223 1095 2261 ea:
1129 2208 1436 2263 auctoribus
1465 2210 1648 2265 eccles.
1684 2210 1803 2280 plus

225 2301 394 2353 minus
432 2297 553 2362 LX,
610 2299 779 2368 iisque
827 2300 1022 2366 partim
1062 2296 1295 2365 Grecis,
1347 2302 1543 2371 partim
1594 2300 1804 2356 Latinis

228 2406 479 2445 cannam.
526 2388 701 2461 Lugd.
741 2390 899 2457 1657,
952 2389 1089 2457 fol.;
1146 2392 1419 2463 praecipue
1463 2394 1660 2463 pannis
1718 2394 1805 2447 in-

229 2488 527 2552 terpretum
568 2479 922 2545 Latinorum,
971 2496 1274 2552 eorumque
1320 2484 1483 2538 medii
1516 2485 1637 2549 aevi,
1676 2500 1807 2540 cou-

229 2577 371 2625 texta
419 2579 526 2627 est.
566 2569 698 2636 Quae
724 2569 995 2626 Theodori
1030 2574 1274 2629 continet
1328 2589 1437 2628 non
1472 2574 1694 2645 ubique,
1748 2583 1806 2630 ut

225 2663 410 2725 velles.
439 2664 707 2719 translata
737 2671 887 2717 sunt.
922 2662 1251 2720 Theodoreti
1283 2674 1462 2721 autem
1488 2675 1638 2731 sunt,
1683 2683 1806 2738 qua:

226 2771 281 2828 p.
307 2757 411 2812 595
445 2754 739 2812 Theodoro
764 2758 1102 2814 tribuuntur.
1129 2756 1214 2813 Cf.
1240 2756 1568 2819 Theodoret.
1590 2776 1684 2831 qu.
1714 2762 1803 2826 61,

226 2845 272 2915 1,
302 2864 358 2920 p.
390 2849 484 2912 75,
518 2848 608 2903 74.
640 2851 895 2905 Omnium
918 2851 1121 2921 optima
1143 2858 1196 2905 et
1230 2850 1505 2905 uberrima
1525 2859 1609 2907 est
1631 2855 1807 2921 Σειρα

226 2954 362 3005 mc
400 2958 505 2994 και
542 2954 922 3009 «armisona
970 2955 1511 3010 υπομνηματιστων
1559 2960 1646 3008 εις
1695 2961 1810 3013 την

226 3036 611 3103 υκτατευχον
654 3050 755 3087 και
783 3051 857 3087 τα
882 3052 1002 3088 των
1044 3037 1377 3089 Βασιλειων
1415 3034 1530 3103 ηδη
1575 3051 1809 3104 πρωτον

1902 1852 1957 1906 p.
1994 1835 2132 1902 155;
2166 1850 2250 1900 ιιι,
2292 1836 2345 1901 6,
2380 1836 2436 1890 in
2469 1835 2698 1906 Niceph.
2745 1836 2865 1892 Cat.
2920 1852 2975 1907 p.
3022 1837 3127 1904 85;
3184 1854 3267 1901 ιιι,
3315 1838 3369 1902 7,
3414 1839 3473 1894 in

1900 1926 2128 1997 Niceph.
2185 1927 2305 1981 Cat.
2356 1943 2411 1997 p.
2448 1927 2517 1983 86
2581 1927 2771 1999 (Zeph.
2807 1929 2928 1983 Cat.
2974 1945 3027 1999 p.
3075 1930 3175 1997 £5;
3222 1929 3469 2001 Lippom.

1902 2017 2047 2085 Cat.,
2080 2035 2134 2091 p.
2170 2019 2290 2083 176,
2327 2035 2392 2074 ex
2423 2023 2634 2090 parte);
2678 2034 2759 2087 ιιι,
2792 2020 2847 2087 8,
2880 2022 2935 2075 in
2966 2020 3291 2077 Theodoret.
3326 2024 3363 2076 l.
3394 2038 3473 2089 c.,

1902 2127 1959 2182 p.
1987 2112 2059 2165 45
2089 2109 2336 2183 (Niceph.
2369 2111 2487 2168 Cat.
2525 2128 2579 2183 p.
2621 2111 2728 2181 88;
2769 2112 2936 2183 Zeph.
2986 2113 3132 2181 Cat.,
3175 2130 3230 2185 p.
3280 2115 3368 2180 50,
3407 2131 3475 2171 ex

1903 2211 2059 2275 parte
2087 2202 2183 2275 [cf.
2218 2201 2379 2259 Joan.
2412 2202 2555 2259 Phil.
2584 2204 2625 2259 1.
2648 2219 2725 2269 c.,
2756 2205 2808 2271 1,
2840 2205 2929 2272 12,
2963 2221 3014 2276 p.
3046 2206 3233 2278 485]);
3269 2222 3351 2267 ιιι,
3386 2206 3475 2272 10,

1903 2297 1958 2350 in
2000 2295 2250 2367 Lippom.
2284 2297 2430 2362 Cat.,
2460 2312 2513 2366 p.
2545 2296 2690 2359 185;
2738 2314 2822 2364 ιιι,
2863 2299 2952 2362 17,
2981 2298 3036 2351 in
3068 2296 3296 2368 Niceph.
3329 2298 3476 2362 Cat.,

1902 2403 1958 2458 p.
1984 2387 2081 2454 98;
2126 2402 2208 2448 ιιι.
2253 2387 2344 2451 21,
2380 2388 2435 2442 in
2479 2386 2803 2444 Theodoret.
2842 2389 2877 2441 l.
2914 2404 2991 2455 c.,
3039 2404 3092 2458 p.
3125 2389 3194 2443 55
3227 2389 3475 2461 (Nicepli.

1903 2480 2045 2545 Cat.,
2073 2496 2128 2550 p.
2164 2480 2258 2533 101
2286 2498 2301 2548 ;
2334 2480 2501 2550 Zeph.
2534 2478 2680 2543 Cat.,
2719 2497 2771 2550 p.
2813 2480 2913 2546 50;
2959 2479 3206 2551 Lippom.
3230 2481 3377 2545 Cat.,
3421 2500 3475 2551 p.

1902 2573 2007 2628 210
2038 2570 2132 2643 [cf.
2160 2569 2319 2626 Joan.
2348 2569 2488 2626 Phil.
2526 2570 2566 2626 l.
2595 2569 2733 2641 c.]);
2767 2586 2849 2638 ιιι,
2878 2570 2969 2637 22,
2994 2573 3047 2627 in
3079 2570 3328 2641 Lippom.
3350 2574 3473 2628 Cat.

1905 2680 1960 2735 p.
1988 2664 2129 2731 212;
2163 2679 2245 2729 ιιι,
2290 2663 2382 2725 24.
2413 2664 2467 2718 in
2507 2660 2835 2718 Theodoret.
2870 2664 2906 2718 l.
2936 2664 2999 2729 1.,
3039 2679 3092 2734 p.
3124 2664 3191 2719 55
3225 2663 3475 2734 (Niceph.

1905 2754 2026 2810 Cat.
2062 2770 2116 2825 p.
2156 2754 2291 2820 105;
2328 2752 2496 2823 Zeph.
2532 2751 2679 2817 Cat.,
2713 2768 2768 2823 p.
2799 2752 2899 2819 51;
2949 2769 3015 2809 ex
3065 2763 3219 2825 parte
3268 2756 3323 2809 in
3353 2755 3476 2808 Act.

1905 2860 2062 2902 conc.
2117 2844 2305 2901 Const.
2338 2860 2396 2905 ιι,
2454 2860 2527 2907 tv,
2573 2843 2675 2912 62;
2718 2844 2964 2915 Lippom.
3014 2846 3158 2913 Cat.,
3211 2862 3266 2915 p.
3314 2846 3478 2917 214):

1905 2952 2006 2999 vn,
2060 2936 2149 3004 19,
2200 2937 2254 2991 in
2304 2934 2461 2990 Joan.
2508 2935 2651 2989 Phil.
2698 2936 2737 2990 l.
2782 2952 2859 3001 c.,
2914 2937 3092 3002 1,15,
3140 2937 3231 3000 18,
3296 2937 3367 3003 8;
3422 2940 3482 2993 in

1906 3028 2136 3099 Niceph.
2169 3028 2315 3095 Cat.,
2350 3043 2403 3099 p.
2436 3028 2576 3095 254;
2608 3043 2722 3093 xix,
2750 3026 2840 3093 5|,
2871 3027 2959 3086 52.
2987 3028 3060 3084 ib.
3097 3044 3151 3099 p.
3187 3029 3329 3096 255;
3385 3046 3482 3093 xx,

226 3140 438 3191 τυποις
467 3124 787 3180 εκόοθεισα
818 3125 1059 3189 αειωσει
1084 3142 1200 3195 μεν
1223 3142 1329 3179 του
1364 3128 1803 3180 ευσεὸϊστατου

1908 3123 1963 3188 5,
1996 3122 2070 3177 ib.
2108 3138 2160 3191 p.
2190 3120 2330 3188 260;
2366 3136 2534 3185 xxvu,
2564 3120 2621 3184 5,
2659 3120 2735 3175 ib.
2764 3135 2817 3190 p.
2853 3120 2992 3186 529;
3029 3120 3197 3192 Zeph.
3232 3121 3378 3188 Cat.,
3422 3140 3480 3195 p.

227 3236 322 3272 και
348 3221 770 3290 γαληνοτατου
792 3235 1084 3288 ητεμονος
1102 3233 1308 3287 πασης
1328 3218 1806 3289 Ουγκροόλαξιας

229 3328 440 3379 κυριου
516 3326 728 3379 κυριου
802 3311 1131 3379 Γρηγοριω
1178 3308 1559 3379 Αλεξανδρου
1617 3312 1808 3364 Γκικα

228 3392 505 3471 επιμελιᾲ
535 3399 605 3453 δε
630 3402 974 3469 Νικηφορου
1012 3401 1418 3470 Ἰερομοναχου
1460 3419 1567 3456 του
1599 3405 1806 3457 Θεστο-

232 3510 360 3547 κου.
420 3495 556 3562 Τομ.
607 3505 837 3560 πρωτος
890 3508 1004 3559 την
1043 3496 1456 3562 Πεντατευχον
1496 3507 1805 3566 περιεχων.

231 3588 318 3641 Er
341 3588 565 3654 Λειψιᾳ
589 3584 697 3653 τῆς
724 3585 1038 3649 Σαξονιας.
1065 3588 1153 3639 Er
1188 3602 1259 3654 τῃ
1290 3599 1664 3657 τυπογραεριᾳ
1700 3605 1807 3642 του

229 3680 594 3745 Βρεττκοπφ.
619 3679 754 3729 Etet
778 3678 989 3745 ,αψοσκ
1018 3679 1148 3745 Τομ.
1171 3674 1447 3746 δευτερος
1462 3695 1568 3731 τον
1584 3679 1810 3745 ιησουν

229 3786 333 3825 του
360 3771 556 3837 Nam},
587 3786 730 3833 τους
755 3772 992 3837 Κριτας,
1021 3785 1136 3836 την
1175 3767 1348 3823 Ῥουθ
1396 3770 1495 3824 καὶ
1527 3787 1635 3835 τας
1673 3785 1811 3825 τεσ-

229 3876 424 3929 caput;
448 3860 777 3925 βασιλεως
804 3875 1115 3929 περιεχων.
1144 3889 1215 3900 -
1256 3863 1362 3915 Ετ.
1388 3863 1586 3931 μψστ,
1617 3862 1671 3917 in
1701 3877 1809 3933 qua

232 3952 342 4008 fere
371 3953 561 4008 omnia
593 3951 866 4008 Theodori
897 3954 950 4007 in
980 3952 1218 4008 Gcnesin
1261 3952 1565 4025 fragmenta
1596 3955 1723 4011 aliis
1752 3956 1810 4010 in

233 4043 383 4099 libris
416 4052 636 4099 servata
668 4053 720 4099 et
758 4059 889 4099 vero
934 4043 1099 4099 etiam
1147 4058 1289 4099 nova
1321 4044 1570 4115 quaedam
1616 4047 1810 4117 legun-

232 4145 317 4191 tur
349 4136 452 4208 (ὁ).
488 4135 598 4191 Sed
626 4136 769 4206 quod
800 4152 856 4206 p.
894 4136 998 4191 518
1026 4135 1297 4192 Theodori
1328 4137 1553 4193 all'ertur
1582 4136 1649 4193 de
1673 4137 1808 4194 Gen.

234 4228 455 4293 xxvr.2,
475 4227 808 4284 Theodoreti
842 4238 957 4295 est;
983 4229 1053 4284 cf.
1091 4245 1185 4300 qu.
1220 4228 1377 4294 77,1,
1411 4245 1467 4300 p.
1498 4228 1607 4298 89;
1638 4228 1812 4300 quod-

236 4335 336 4386 que
370 4335 433 4390 p.
462 4319 572 4374 125
601 4320 654 4374 ei
689 4319 947 4374 tribuitur
987 4318 1259 4391 (Lippom.
1307 4320 1450 4386 Cat.,
1498 4336 1552 4392 p.
1586 4319 1713 4386 256,
1740 4336 1810 4376 ex

1908 3214 1978 3268 85
1998 3229 2014 3281 ;
2034 3228 2229 3276 xxvm,
2253 3213 2340 3277 18,
2372 3211 2461 3278 19,
2486 3212 2540 3265 iu
2569 3210 2797 3283 Niceph.
2827 3210 2974 3279 Cat.,
3004 3214 3184 3283 p.551
3218 3213 3480 3287 [Sieﬂert.

1907 3306 1945 3361 1.
1974 3306 2035 3373 1.,
2070 3322 2124 3376 p,
2157 3304 2270 3378 45],
2298 3306 2392 3361 sed
2425 3306 2479 3360 in
2508 3304 2740 3378 Zephyr.
2768 3322 2822 3377 p.
2847 3307 2939 3371 86,
2966 3317 3019 3362 et
3058 3308 3303 3380 Lippom.
3333 3312 3481 3376 Cat.,

1908 3416 1964 3471 p.
2016 3399 2141 3466 654,
2188 3398 2426 3455 Diodoro
2471 3400 2767 3468 tribuitur;
2829 3418 2957 3469 xxx,
3006 3403 3095 3466 59,
3144 3406 3197 3459 in
3249 3404 3478 3477 Niceph.

1907 3490 2050 3554 Cat.,
2096 3507 2151 3562 p.
2182 3491 2307 3556 576,
2362 3494 2456 3549 sed
2515 3491 2736 3548 Diodori
2778 3502 2863 3549 est
2894 3496 2947 3549 in
2987 3496 3181 3566 Zeph.,
3219 3514 3273 3568 p.
3301 3499 3390 3563 88,
3425 3510 3483 3555 et

1907 3580 2154 3652 Lippom.
2193 3584 2315 3640 Cat.
2360 3601 2415 3655 p.
2449 3584 2584 3653 665;
2619 3602 2794 3651 χχιιι,
2822 3588 2874 3655 1,
2910 3589 2963 3642 in
3005 3589 3227 3660 Niceph.
3270 3592 3392 3645 Cat.
3426 3609 3481 3662 p.

1909 3672 2009 3728 591
2038 3673 2291 3747 (Zephyr.
2325 3675 2471 3742 Cat.,
2519 3692 2573 3747 p.
2623 3677 2713 3742 90,
2760 3678 3046 3751 Diodor.);
3100 3696 3271 3748 xxxu,
3302 3682 3393 3747 24,
3428 3685 3483 3738 in

1909 3765 2133 3839 Nicepb.
2164 3768 2309 3834 Cat.,
2354 3785 2408 3839 p.
2444 3769 2585 3835 596;
2644 3787 2817 3837 xxx",
2860 3773 2951 3839 25,
2999 3774 3088 3835 26.
3123 3774 3199 3829 ib.
3233 3791 3289 3845 p.
3339 3776 3484 3845 597;

1908 3874 2092 3924 xxxii,
2125 3860 2217 3926 28,
2252 3859 2325 3915 ib.
2380 3876 2434 3931 p.
2470 3860 2613 3928 599;
2650 3879 2841 3928 xxxix,
2872 3869 2928 3929 1,
2982 3866 3036 3920 in
3076 3864 3325 3940 Lippom.
3363 3869 3484 3924 Cat.

1911 3966 1967 4022 p.
1994 3951 2097 4006 775
2126 3950 2383 4023 (fortasse
2398 3951 2724 4011 Theodoreti
2751 3965 2833 4011 est
2855 3974 2869 4023 ;
2894 3956 2967 4013 cf.
2993 3957 3114 4029 ejus
3132 3970 3327 4028 quaest.
3358 3962 3484 4031 98);

1910 4057 2059 4107 xuv,
2101 4042 2154 4109 5,
2187 4043 2240 4097 in
2270 4041 2495 4114 Niceph.
2532 4042 2677 4109 Cat.,
2712 4061 2766 4113 p.
2800 4046 2906 4103 478
2950 4048 3027 4119 (ν.
3067 4051 3135 4105 de
3174 4066 3240 4106 eo
3272 4052 3486 4109 Ernesti

1913 4135 2161 4207 Theolog.
2182 4135 2462 4202 Biblioth.,
2497 4135 2560 4203 ll,
2593 4154 2645 4209 p.
2676 4139 2835 4209 595);
2868 4142 3126 4203 xuv,15.
3157 4144 3210 4197 in
3235 4146 3486 4215 Lippom.

1909 4226 2054 4293 Cat.,
2098 4245 2151 4299 p.
2199 4228 2339 4295 854,
2394 4245 2542 4296 xux,
2574 4229 2631 4295 4,
2684 4230 2737 4285 in
2785 4232 3010 4303 Niceph.
3060 4234 3207 4302 Cat.,
3252 4252 3306 4307 p.
3347 4237 3487 4305 510;

1910 4334 2062 4382 xmx,
2092 4318 2178 4385 11,
2217 4318 2302 4383 12,
2333 4318 2405 4374 ib.
2443 4334 2496 4389 p.
2534 4319 2659 4385 524,
2690 4320 2794 4375 526
2824 4321 3084 4395 [SielIerL
3121 4326 3159 4379 Ι.
3195 4326 3257 4393 1.,
3295 4343 3349 4398 p.
3395 4328 3486 4395 85,

238 4409 451 4481 parte?)
496 4411 567 4466 de
608 4426 662 4475 ν,
707 4411 796 4477 29,
846 4406 1050 4483 Cyrillo
1083 4412 1238 4467 Alex.
1272 4412 1368 4483 (cf.
1401 4412 1521 4482 ejus
1553 4411 1693 4484 Opp.
1719 4412 1806 4469 ed.
1840 4449 1886 4504 Β
1914 4408 2039 4504 841-;
2069 4408 2413 4504 Zeph.—Cat.,
2445 4425 2499 4479 p.
2527 4410 2653 4504 106.

237 4504 465 4559 Aubert.
519 4502 565 4565 l,
609 4518 665 4573 p.
722 4503 816 4572 27)
893 4503 1306 4560 vindicandum.
1347 4504 1614 4560 Caeterum
1655 4506 1707 4558 in
1740 4504 1809 4560 iis

238 4612 357 4664 quae
397 4594 625 4650 nomine
656 4594 907 4668 Ἀδήλου,
940 4603 1220 4660 notantur,
1256 4595 1513 4652 videntur
1545 4596 1809 4651 nonnulla

240 4686 517 4743 Theodori
557 4687 742 4743 latere.

309 4773 421 4830 Sex
468 4774 667 4846 fragm.
710 4777 766 4831 in
797 4776 919 4830 Act.
970 4791 1126 4833 cono.
1174 4775 1365 4833 Const.
1395 4792 1458 4843 ιι,
1494 4777 1532 4832 1.
1564 4777 1627 4842 l.,
1661 4776 1814 4834 exhiv

243 4863 373 4927 bita,
415 4880 650 4934 quorum
675 4866 776 4920 tria
803 4867 1040 4922 etiamin
1063 4865 1245 4938 Vigilii
1273 4868 1494 4924 constit.
1534 4869 1708 4924 58-60
1737 4870 1815 4924 le-

245 4965 467 5024 guntnr,
503 4958 687 5012 omnia
729 4959 798 5013 ad
845 4959 1029 5029 priora
1058 4959 1255 5015 Genes.
1287 4962 1466 5031 capita
1516 4963 1811 5031 pertinent,

243 5062 304 5103 ea
333 5064 466 5103 vero
496 5064 619 5120 quae
647 5048 808 5105 Joan.
855 5049 1067 5121 Philop.
1103 5050 1141 5107 l.
1194 5066 1245 5106 c.
1295 5067 1337 5118 ι,
1367 5052 1421 5119 8,
1455 5052 1522 5107 16
1551 5083 1623 5093 —
1656 5070 1815 5119 xvm,

243 5138 341 5207 22;
380 5155 445 5204 ιι.
476 5139 567 5203 15,
611 5140 794 5206 18-20,
830 5142 1125 5212 excerpsit,
1180 5142 1247 5197 ad
1290 5144 1497 5213 primos
1546 5138 1819 5202 Geneseos

246 5248 465 5288 versus.
516 5226 745 5305 Reliqua
805 5233 1024 5305 fragm.,
1052 5250 1285 5307 quorum
1341 5237 1601 5291 nonnulla
1639 5236 1820 5293 Theo-

247 5323 380 5380 doro
423 5323 658 5381 fortasse
687 5340 971 5396 perperam
1015 5328 1355 5391 tribuuntur,
1382 5328 1495 5384 haec
1532 5337 1660 5384 sunt
1700 5345 1715 5383 :
1750 5329 1818 5385 de

1986 4497 2178 4553 Utrum
2213 4497 2532 4553 Theodorus
2563 4498 2803 4570 reliquos
2839 4502 3004 4557 etiam
3033 4501 3389 4561 Pentateuclii
3423 4509 3491 4561 li-

1911 4590 2040 4645 bros
2089 4597 2144 4644 et
2196 4590 2365 4645 libros
2417 4588 2616 4658 Josuze,
2668 4590 2955 4661 Judicum,
2992 4593 3134 4650 Ruth
3177 4613 3241 4653 ac
3277 4596 3486 4669 Regum

1911 4684 2321 4739 commentariis
2382 4683 2739 4740 illustraverit
2793 4703 2965 4743 necne
3031 4688 3251 4746 difﬁcile
3312 4676 3485 4746 dictu.

1911 4775 2177 4833 Ebediesu
2214 4777 2249 4832 Ι.
2300 4791 2374 4843 c.,
2424 4792 2479 4847 p.
2531 4777 2625 4842 51,
2678 4779 2852 4835 solius
2882 4778 3153 4837 Samuelis
3194 4798 3306 4837 uno
3343 4793 3492 4837 tomo

1911 4868 1982 4921 ad
2015 4867 2409 4925 Mamarianum
2433 4874 2686 4944 explicati
2723 4872 3002 4940 meminit;
3043 4872 3139 4928 sed
3182 4874 3486 4945 fragmenta

1912 4958 2184 5016 Theodori
2237 4964 2290 5017 in
2340 4963 2561 5021 Catenis
2607 4965 2753 5020 ined.
2798 4980 2920 5020 esse
2962 4964 3238 5031 dicuntur,
3283 4966 3337 5019 in
3364 4967 3490 5020 cod.

1913 5048 1957 5104 γ
1989 5058 2043 5107 et
2077 5050 2143 5104 Vl
2181 5053 2315 5108 bibl.
2355 5054 2522 5111 Coisl.
2556 5074 2573 5106 ι
2603 5054 2721 5109 Cat.
2755 5057 2809 5110 in
2857 5056 3053 5120 Levit.,
3082 5054 3268 5121 Num.,
3306 5054 3489 5119 Deut.,

1915 5142 2059 5207 Jos.,
2090 5142 2216 5199 Jud.
2252 5156 2304 5201 et
2334 5146 2502 5202 Ruth.
2530 5166 2549 5199 ι
2582 5146 2646 5201 V.
2681 5147 2849 5201 Mont.
2874 5146 2938 5201 Β.
2972 5147 3168 5215 Coisl.,
3198 5164 3249 5219 p.
3275 5148 3367 5215 41,
3389 5149 3491 5216 42;

1920 5238 1975 5290 in
1998 5237 2119 5290 cod.
2150 5235 2260 5304 Vll,
2287 5257 2304 5289 ‹
2330 5239 2448 5293 Cat.
2482 5241 2533 5293 in
2560 5238 2697 5305 105.,
2723 5238 2873 5306 Jud.,
2901 5238 3064 5295 Ruth.
3095 5252 3149 5296 et
3179 5240 3244 5296 IV
3274 5241 3439 5314 Regg.
3467 5260 3489 5295 ι

1925 5325 1992 5383 ν.
2043 5327 2228 5384 Montf.
2271 5329 2308 5384 1.
2358 5329 2418 5396 1.,
2453 5347 2505 5401 p.
2534 5332 2637 5400 .15;
2684 5332 2739 5387 iu
2776 5332 2900 5389 cod.
2942 5328 3036 5387 XV
3074 5332 3212 5389 Bibl.
3244 5350 3499 5391 manusc.

317 5501 391 5571 (α)
431 5500 563 5568 Quae
587 5480 778 5582 p.67
820 5500 862 5555 Β
891 5500 959 5556 de
985 5500 1140 5582 βέῃ.
1184 5517 1224 5568 ι,
1264 5501 1722 5582 261A52,_'l‘lieod.
1753 5503 1827 5558 lea
1929 5503 2066 5582 chus
2094 5520 2218 5559 cum
2249 5515 2463 5582 catena.
2487 5506 2561 5563 De
2584 5509 2686 5564 hac
2708 5510 2908 5566 Catena
2935 5512 3138 5567 Morell.
3158 5512 3194 5565 1.
3222 5512 3281 5573 Ι..
3308 5527 3359 5582 p.
3386 5512 3495 5569 50:

252 5570 445 5640 guiitur
491 5581 545 5626 et
586 5570 641 5627 in
675 5570 1024 5642 Lippomaui_
1044 5572 1163 5627 Cat.
1218 5589 1270 5642 p.
1323 5572 1427 5628 564
1479 5571 1822 5628 Tlieodoreto

254 5644 631 5704 ascribuntur,
686 5639 940 5697 videntur
983 5639 1323 5699 Theodoreti.
1355 5658 1499 5698 esse.
1544 5645 1602 5696 lu
1660 5644 1816 5700 editt.

254 5707 575 5767 Theodoreti
612 5713 831 5766 desunt.

317 5783 392 5854 (6)
430 5783 566 5839 Cod.
601 5780 697 5839 XV
750 5783 883 5840 bibl.
922 5802 1054 5844 mss.
1101 5781 1269 5840 Marc.
1324 5782 1512 5840 Venet.
1564 5782 1821 5844 Octatcu-

1934 5592 1953 5624 ι
1992 5576 2193 5629 Catena
2241 5577 2354 5631 fere
2406 5588 2516 5631 tota
2573 5590 2751 5635 exstat
2783 5584 2834 5635 in
2885 5583 2971 5635 illa
3007 5584 3259 5637 uberiore
3306 5576 3499 5638 codice

1926 5642 2189 5720 milile
2240 5646 2516 5720 Marciano
2556 5654 2983 5720 comprehensa,
3040 5667 3251 5706 necnon
3304 5654 3360 5705 in
3409 5668 3497 5705 co-

1923 5716 2238 5841 piosissima
2274 5719 2384 5778 illa.
2410 5735 2573 5788 quam
2609 5716 2947 5794 Nicephorus
2974 5722 3233 5778 Theotoci
3274 5737 3327 5776 a.
3365 5721 3505 5777 1772

1975 5788 2120 5841 insia:
2149 5788 2404 5841 vulgavit.
2444 5808 2469 5841 ι-

1975 5788 2120 5858 ipsize
2149 5788 2404 5858 vulgavit.
2444 5808 2469 5842 ι-
