3898 6228
224 369 285 423 41
998 363 1084 416 DE
1120 360 1471 417 THEODOBI
1518 358 1995 417 MOPSUESTENI
2027 363 2181 417 VlTA
2224 362 2309 417 ET
2348 362 2687 419 SCRIPTIS.
3404 365 3475 423 ιε

228 484 451 540 inseruit
500 481 631 556 (al),
679 483 865 553 priore
895 484 987 537 illo
1024 483 1146 537 cod.
1183 482 1308 537 Vat.
1345 500 1477 539 usus
1506 495 1611 549 est,
1653 484 1801 539 nulla
1834 487 1876 542 A
1908 484 2184 553 ἀξιοῦᾳιν;
2224 486 2353 541 Abd.
2382 502 2416 547 ι,
2457 486 2507 547 1,
2536 487 2596 539 οὐ
2626 485 2833 551 καλῶς
2873 483 3033 537 Mich.
3072 501 3124 546 ν,
3157 484 3349 551 lO-H,
3383 504 3482 558 p.3-

228 576 543 632 recentioris
593 576 807 631 ratione
853 574 1059 629 habita.
1102 575 1339 630 Omnino
1389 585 1589 642 textus,
1639 592 1797 647 quem

1904 577 2033 641 τίείς
2055 618 2069 639 ,
2128 577 2290 648 ἑξῆς;
2341 593 2421 639 γι,
2458 578 2491 631 5
2512 620 2525 641 ,
2559 578 2869 647 παρέσχητε
2902 576 3040 647 (leg.
3076 579 3390 649 παρέσχηκε
3416 580 3475 649 );

226 668 490 730 exhibuit,
518 683 694 737 purus
733 666 1018 734 dicemlus,
1042 683 1353 739 quanquam
1388 670 1658 725 interdum
1690 671 1797 726 edi-

1904 683 1976 730 γι,
2004 666 2056 731 8,
2085 671 2244 740 ποιῇ,
2280 664 2347 743 ﬁ;
2381 684 2456 729 vt,
2479 670 2565 736 14,
2595 670 2819 738 φάτεσε,
2850 669 3151 737 ὲγκλίνειν;
3183 671 3387 728 ilabac.
3413 688 3474 736 tt.

227 762 352 816 toris
394 760 685 831 ἀκρίϐειαν
728 759 1030 815 desideras.
1058 789 1130 799 —-
1159 759 1307 816 Duos
1349 762 1512 816 codd.
1562 762 1797 817 continet

1905 761 1993 823 11,
2023 761 2314 828 εξωθότας;
2352 779 2420 826 ιι,
2452 763 2552 826 14,
2600 763 2899 830 ὲπάγοντις
2941 764 3109 834 Soph.
3148 780 3186 830 ι,
3220 764 3309 827 11,
3334 766 3478 818 οἱκο-

227 854 354 908 bibl.
390 851 645 907 Caesarea
696 850 1005 906 Vindobon.
1052 852 1291 926 Uterque
1332 853 1654 909 chartaceus
1698 869 1797 909 nec

1904 853 2267 924 δομήσαντεςς
2321 852 2488 908 Zach.
2548 869 2599 917 l,
2648 853 2754 921 il;
2803 854 3014 919 suum;
3054 871 3165 918 xw,
3199 856 3250 919 1,
3299 872 3478 926 παρα-

228 945 485 1015 antiquus
515 944 678 1012 (alter
699 943 822 997 cod.
857 942 1020 997 XVlll
1051 944 1293 999 Kollario
1330 945 1406 1018 [v.
1436 945 1555 1012 eius
1584 946 1649 1001 ad
1681 944 1800 1000 Pet.

231 1033 501 1091 Lambecii
552 1034 846 1091 Comment.
900 1036 964 1089 de
1003 1035 1128 1090 bibl.
1180 1036 1320 1093 Cres.
1380 1037 1559 1103 Vind.,
1595 1039 1629 1094 l.
1664 1037 1799 1100 VIII,

235 1126 509 1197 Supplem.
544 1128 578 1180 1.
607 1143 647 1181 ι.
684 1126 916 1181 Vindob.
950 1127 1104 1193 1790,
1137 1144 1190 1198 p.
1227 1127 1577 1200 164])saaculo
1601 1130 1799 1199 quinto

233 1220 439 1274 decimo
472 1221 714 1290 scriptus
742 1221 979 1289 dicitur;
1012 1222 1146 1276 alter
1174 1238 1222 1277 c.
1254 1220 1341 1276 LV
1369 1221 1618 1294 (CLXlll)
1665 1218 1800 1278 Dan.

232 1312 298 1367 de
342 1310 529 1368 Nesse!
576 1311 785 1384 [σαῖσι.
825 1313 979 1369 codd.
1017 1332 1142 1369 mss.
1185 1312 1275 1369 Cr.
1324 1315 1374 1369 b.
1437 1314 1594 1369 Vind.
1638 1313 1800 1369 Vind.

237 1401 379 1467 l690,
417 1419 472 1473 p.
520 1402 673 1476 £35],
723 1414 776 1459 et
806 1404 1099 1461 Lambecio
1123 1405 1325 1478 [σαῖσι.
1357 1406 1510 1459 codd.
1552 1406 1797 1469 Vindob.,

235 1492 313 1558 IV,
338 1511 388 1565 p.
433 1494 568 1558 160,
601 1495 689 1550 ed.
716 1494 923 1549 Kollar.
958 1494 1048 1562 lV,
1090 1510 1142 1567 p.
1191 1494 1341 1568 360],
1389 1496 1641 1565 aquibus
1680 1498 1714 1550 I.
1761 1496 1794 1548 1.

1903 945 2143 1017 γένηται.
2180 946 2253 999 Ex
2276 948 2455 1016 priore
2482 946 2572 999 illo
2597 946 2719 999 cod.
2754 944 2988 1002 Vindob.
3012 963 3184 1017 pauca
3215 950 3477 1003 transuri-

1904 1037 2012 1107 psit
2040 1035 2283 1091 Forlosia
2319 1037 2375 1090 in
2410 1036 2914 1108 Kiillarii—suppl.
2941 1078 2954 1099 ,
2991 1055 3042 1107 p.
3088 1040 3349 1101 170-175,
3383 1043 3475 1110 qui

1901 1129 2223 1185 adolescens
2259 1138 2430 1184 totum
2461 1131 2912 1183 commentarium
2942 1129 3139 1186 Latine
3164 1133 3345 1191 vertit.
3381 1135 3475 1187 sed

1904 1222 2042 1276 hanc
2067 1224 2374 1278 versionem
2409 1238 2517 1279 non
2544 1225 2732 1285 edidit,
2758 1226 2966 1279 veritus
3000 1234 3065 1278 ne
3105 1228 3475 1280 inalelicm'mu

1905 1316 2090 1368 minus
2115 1329 2304 1384 requas
2331 1314 2635 1369 calumnias
2659 1317 2965 1371 immeritus
2993 1317 3225 1371 subiret.
3260 1316 3322 1369 V.
3347 1315 3477 1371 Kol-

1905 1408 2002 1459 lar.
2030 1408 2154 1469 1.1.,
2190 1422 2242 1476 p.
2283 1404 2385 1461 169
2413 1424 2426 1472 ;
2460 1408 2615 1476 plura
2647 1422 2777 1461 vero
2817 1424 2881 1462 es
2907 1409 3211 1476 posteriore
3238 1407 3473 1468 Sieﬂert.

1902 1498 1939 1551 l.
1970 1497 2030 1560 l.,
2068 1512 2119 1567 p.
2156 1498 2225 1551 39
2260 1505 2314 1551 et
2359 1510 2414 1566 p.
2455 1496 2643 1560 42-71,
2676 1497 2764 1552 hic
2811 1497 2944 1552 illic.
2983 1497 3302 1565 Nuperrime
3337 1498 3487 1553 inte-'

228 1587 528 1657 descriptus
571 1598 673 1653 est,
706 1588 1061 1643 mediocriter
1108 1588 1373 1659 antiquus
1404 1589 1653 1651 habetur,
1703 1589 1797 1645 sed
1899 1606 2053 1659 grum
2112 1589 2566 1643 commentarium
2617 1588 2809 1644 eodem
2860 1588 2982 1643 cod.
3036 1603 3172 1641 usus
3220 1587 3361 1642 Vict.
3410 1592 3475 1642 de

224 1681 333 1749 ejus
358 1690 579 1737 aetatem
602 1681 862 1736 saeculum
904 1692 991 1735 xv:
1027 1682 1107 1736 vel
1146 1682 1214 1735 ad
1262 1690 1536 1736 summum
1568 1682 1799 1739 inventae

1903 1680 2173 1751 Wegnern
2203 1682 2239 1733 l.
2268 1682 2302 1735 l.
2335 1681 2504 1736 edidit
2524 1720 2537 1743 ,
2568 1694 2745 1750 neque
2774 1681 2849 1734 ita
2876 1687 3061 1736 tamen
3090 1691 3151 1734 ut
3179 1681 3367 1736 velles.
3408 1679 3471 1736 V.

224 1777 347 1828 artis
380 1773 789 1844 typographicaa
820 1784 1064 1844 tempora
1087 1772 1230 1827 haud
1258 1772 1523 1828 excedere
1543 1773 1797 1828 observat
1827 1833 1868 1844 _
1902 1773 2045 1843 Allg.
2074 1771 2183 1826 Lit.
2224 1771 2384 1836 Zeil.,
2421 1772 2580 1839 1836,
2604 1789 2659 1827 n.
2687 1772 2775 1833 64,
2808 1771 2896 1826 65.
2923 1802 2991 1811 -
3024 1772 3166 1828 Duos
3196 1788 3474 1830 rerumcu-

225 1864 284 1918 de
310 1833 587 1934 ἮέέυΪι.
618 1833 705 1924 ἐ..
742 1880 795 1935 p.
833 1833 976 1933 xuii,
1010 1872 1065 1921 et
1101 1872 1238 1921 teste
1280 1864 1526 1920 Forlosia
1561 1863 1638 1935 (in
1670 1864 1798 1920 Kol-
1827 1833 1871 1887 Β
1902 1833 2024 1919 tarii
2058 1866 2204 1919 illius
2235 1833 2393 1919 codd.
2424 1833 2667 1919 Venetiis'
2688 1862 3036 1919 Montfaucori
3063 1865 3216 1929 vidit,
3242 1866 3474 1921 alterum

223 1955 333 2009 larii
359 1986 434 1998 —
461 1954 773 2025 Supplem.,
805 1957 843 2011 Ι.
881 1972 917 2020 ι,
953 1971 1003 2027 p.
1042 1957 1194 2026 174),
1224 1975 1243 2009 ι
1300 1957 1439 2012 alter
1485 1958 1638 2012 alteri
1687 1965 1796 2012 tam

222 2049 411 2103 similis
434 2057 546 2114 est,
578 2064 737 2119 quam
784 2064 946 2104 ovum
975 2064 1102 2116 ovo,
1132 2058 1295 2120 atque
1334 2065 1399 2105 ex
1450 2049 1636 2105 eadem
1666 2050 1798 2105 scri-

222 2148 341 2209 ptus
368 2156 539 2195 manu
585 2140 821 2197 videtur.
884 2162 902 2194 ι
951 2140 1063 2198 Hoc
1111 2156 1241 2197 vero
1280 2149 1562 2211 utcunque
1612 2152 1717 2207 est,
1743 2142 1797 2196 in

223 2247 409 2303 magna
474 2249 668 2288 eorum
730 2233 1090 2290 similitudine
1146 2231 1388 2287 dubitari
1440 2247 1549 2287 non
1602 2239 1798 2302 potest,

221 2326 343 2392 quin
367 2341 434 2379 ex
460 2342 575 2379 uno
595 2324 897 2397 eodemque
938 2325 1085 2380 fonte
1123 2325 1399 2381 ﬂuxerint.
1430 2323 1585 2379 Hunc
1616 2333 1798 2380 autem

225 2414 420 2467 fontem
460 2415 704 2486 priorem
751 2413 876 2469 cod.
923 2414 1095 2469 Vatic.
1137 2428 1260 2471 esse
1304 2420 1359 2470 et
1399 2428 1465 2469 eo
1516 2412 1800 2483 probabile

220 2509 478 2578 est,un
505 2510 657 2578 prior
685 2509 773 2563 ille
794 2506 966 2563 codex
987 2506 1245 2573 Vindob.,
1274 2515 1415 2564 teste
1447 2506 1797 2569 Gentilottio,

220 2598 421 2655 Cesar.
454 2600 709 2655 biblioth.
750 2600 1027 2671 quondam
1077 2599 1354 2670 praefecto,
1402 2599 1470 2655 ab
1537 2598 1799 2669 Apostolo

222 2688 387 2752 Zeno,
458 2689 687 2754 Veneto,
761 2690 960 2746 Carolo
1020 2689 1087 2743 Vl
1161 2691 1475 2762 imperatori
1556 2706 1606 2744 a.
1660 2690 1800 2744 17%

221 2780 363 2835 dono
415 2781 637 2835 oblatus
663 2789 747 2836 est
790 2781 884 2851 (cf.
926 2781 1129 2837 Kollar.
1176 2814 1244 2825 —-
1288 2781 1477 2853 Suppl.
1511 2798 1564 2853 p.
1606 2782 1727 2849 161)
1750 2790 1803 2835 et

216 2875 391 2943 magis
446 2876 611 2928 etiam
654 2883 877 2945 propter
925 2883 1133 2930 textum
1183 2892 1347 2947 quem
1393 2876 1671 2931 exhibent.
1725 2877 1801 2931 Ac

1902 1957 1955 2009 in
1996 1954 2379 2010 Grimanorum
2427 1956 2581 2020 bibl.,
2619 1956 2849 2011 alterum
2894 1956 2945 2009 in
2977 1956 3112 2011 bibl.
3152 1956 3349 2012 Meletii
3382 1956 3476 2011 Ti.

1903 2049 2089 2119 paldi,
2124 2046 2376 2103 Grrecor.
2438 2047 2653 2109 antist.,
2707 2047 2948 2114 archiep.
3004 2046 3337 2117 Philadelpli.
3387 2047 3472 2102 Cf.

1902 2141 2097 2195 Montf.
2141 2140 2385 2194 Dinrium
2417 2138 2543 2193 Ital.
2597 2137 2760 2204 (Par.
2800 2138 2970 2194 nos.
3004 2138 3117 2209 ι),
3161 2154 3209 2209 p.
3246 2140 3334 2200 59.
3363 2140 3470 2205 46;

1904 2231 2044 2284 Bibl.
2097 2231 2221 2284 bibl.
2263 2247 2529 2284 manuscr.
2582 2246 2751 2293 nova,
2791 2230 2841 2293 Ι,
2893 2229 3057 2291 (Par.
3100 2230 3277 2297 1739,
3332 2232 3471 2297 fol.),

1903 2341 1955 2393 p.
1982 2325 2105 2379 478.
2140 2323 2245 2378 Sed
2297 2324 2549 2391 suspicor
2602 2323 2833 2377 alterum
2870 2324 3063 2378 horum
3112 2327 3181 2379 ab
3211 2327 3470 2395 Apostolr.

1902 2414 2050 2469 Zeno
2103 2416 2193 2481 (ν.
2241 2412 2331 2483 s.)
2375 2411 2755 2466 Vindobonam
2808 2414 3189 2469 transmissum
3230 2427 3372 2471 esse.
3400 2445 3472 2456 ‘—

1909 2526 1927 2558 (
1953 2507 2226 2577 Septimus
2258 2504 2427 2559 codex
2461 2518 2550 2574 ap.
2580 2503 2924 2558 Gerasimum
2952 2504 3209 2559 Blachum
3263 2508 3314 2559 in
3348 2505 3475 2559 Gal-

1903 2598 1974 2653 lia
2004 2596 2122 2658 fuit,
2157 2604 2292 2650 teste
2321 2594 2650 2648 Combclisio
2686 2592 2846 2663 (Bibl.
2862 2596 3124 2661 conciam,
3145 2595 3182 2655 l,
3214 2613 3268 2666 p.
3291 2595 3472 2666 uti).

1903 2691 2079 2761 Atque
2109 2688 2254 2743 hunc
2296 2686 2419 2741 cod.
2457 2687 2693 2754 inspexit
2723 2687 2927 2750 etiam,
2974 2697 3033 2742 ut
3068 2696 3201 2757 puto
3226 2730 3241 2752 ,
3281 2687 3448 2758 Steph

1903 2784 1972 2836 ab
2004 2781 2266 2835 Altimara
2298 2779 2640 2850 (Lequinius)
2668 2820 2680 2840 ,
2716 2779 2810 2850 qui
2846 2780 2899 2833 in
2936 2777 3221 2844 Panoplia,
3262 2792 3315 2851 β.
3347 2780 3472 2841 455,

1904 2875 1979 2927 ait
2013 2889 2072 2928 se
2117 2872 2312 2942 legisse
2346 2869 2713 2940 Mopsuesteni
2747 2882 2946 2924 comm.
2993 2871 3049 2924 in
3090 2869 3205 2924 XII
3251 2875 3474 2941 propin

217 2965 456 3033 primum
509 2966 564 3017 in
627 2966 885 3020 omnibus
934 2966 1115 3021 tribus
1172 2966 1334 3021 codd.
1406 2965 1473 3019 ad
1530 2965 1801 3021 Theodori
1903 2969 1968 3019 A.
1999 2965 2124 3018 Mai.
2153 2964 2274 3029 1.λ1.,
2304 2960 2394 3028 Vl,
2426 2978 2476 3031 p.
2512 2977 2610 3016 vu.
2641 2991 2708 3002 -—-
2732 2959 2972 3032 Denique
2998 2962 3170 3018 codex
3202 2960 3389 3019 Romae
3421 2967 3472 3019 iu

217 3059 400 3110 minus
465 3056 827 3111 orthodoxam
880 3056 1386 3126 interpretationem
1436 3056 1603 3113 Zacli.
1662 3058 1678 3111 l
1710 3099 1724 3121 ,
1770 3059 1801 3111 ’1
1827 3080 1870 3139 C
1902 3058 2036 3112 bibl.
2072 3054 2448 3110 Vallicelliana
2483 3064 2604 3108 esse
2628 3053 2853 3107 dicitur.
2887 3052 2972 3107 Cf.
3022 3052 3309 3112 Possevin.
3339 3056 3470 3125 App.

214 3178 283 3187 —
336 3148 394 3201 11
427 3190 444 3210 ,
485 3148 679 3203 eadem
719 3149 822 3201 tria
864 3148 1096 3212 scholia,
1129 3150 1328 3218 quibus
1356 3150 1527 3203 lector
1573 3150 1798 3219 quidam
1906 3148 1989 3215 111,
2025 3164 2077 3220 p.
2103 3146 2192 3202 27.
2229 3145 2332 3200 Sed
2361 3145 2501 3198 Maio
2530 3152 2669 3198 teste
2698 3148 2917 3199 cnnstat
2940 3146 3154 3215 paginis
3184 3145 3473 3202 duodecim

214 3238 528 3303 catholicus
589 3236 927 3294 Theodoreis
999 3239 1359 3309 opinionibus
1408 3241 1798 3294 correctionem

216 3329 486 3391 adhibuit,
524 3328 737 3399 adjecta
768 3338 916 3385 sunt.
936 3328 1003 3383 V.
1029 3328 1154 3384 Mai.
1188 3329 1254 3384 ad
1284 3329 1561 3384 Zachariae
1592 3346 1711 3398 cap.
1751 3346 1797 3395 ι;

212 3414 423 3475 Κοιιετ.
480 3421 583 3474 1.1.
607 3460 621 3483 ,
654 3437 705 3491 p.
738 3422 871 3488 171,
903 3420 1045 3489 172ς
1080 3422 1148 3478 de
1172 3420 1369 3491 Wegn.
1406 3422 1442 3475 1.
1478 3439 1528 3475 c.
1550 3464 1562 3486 ,
1596 3438 1647 3491 p.
1674 3421 1798 3484 557,

219 3512 345 3575 538,
380 3513 509 3568 542.
548 3511 689 3566 Tum
724 3528 853 3568 vero
894 3528 1107 3569 summa
1134 3522 1217 3571 est
1248 3522 1432 3570 textus
1476 3514 1797 3568 similitudo.

219 3603 407 3659 Melior
428 3614 514 3660 est
544 3607 601 3659 in
626 3606 749 3659 cod.
788 3605 913 3661 Vat.
936 3614 995 3660 ut
1023 3606 1350 3675 antiquiore.
1379 3603 1649 3659 Nonnulla
1681 3605 1801 3673 qui-

217 3695 340 3747 dem
372 3712 440 3750 ex
476 3710 546 3750 eo
593 3696 750 3765 pejus
787 3710 950 3764 quam
984 3709 1051 3749 ex
1092 3693 1329 3748 Vindob.
1359 3693 1603 3749 exhibita
1651 3701 1796 3753 sunt,

215 3786 311 3840 sed
345 3787 450 3841 hoc
482 3796 581 3841 aut
612 3786 738 3842 Maii
769 3787 1108 3857 negligentia
1141 3785 1493 3840 tribuendum
1530 3783 1631 3853 (sic
1665 3799 1802 3837 non-

215 3882 367 3935 nulla
404 3896 495 3950 ap.
529 3880 657 3934 Mai.
692 3881 1045 3942 exciderunt;
1097 3876 1170 3932 cf.
1216 3893 1269 3949 p.
1299 3877 1407 3932 295
1430 3916 1448 3941 ,
1499 3878 1566 3931 de
1607 3876 1799 3947 Wegn.

215 3988 271 4040 β.
320 3973 448 4032 547,
504 3974 567 4024 οὐ
611 3973 720 4042 γὰρ
754 3971 818 4024 ἂν
849 4005 919 4018 .-
941 4001 1013 4011 -—
1040 3971 1240 4033 ἵππους
1269 3968 1453 4037 λέγεις
1486 3985 1539 4039 p.
1570 3969 1697 4032 327,
1735 3969 1801 4023 de

212 4063 416 4135 Wegn.
455 4081 508 4135 p.
543 4065 685 4131 605;
717 4081 767 4133 p.
799 4065 923 4129 564,
954 4064 1022 4119 de
1056 4061 1253 4133 Wegn.
1291 4078 1342 4133 p.
1379 4062 1505 4125 670,
1546 4060 1674 4129 aL),
1708 4066 1801 4113 aut

212 4173 280 4210 ex
314 4172 383 4212 eo
406 4156 794 4226 explicandum
822 4196 836 4219 ,
868 4157 1012 4227 quod
1062 4163 1304 4210 attentus
1338 4154 1519 4209 scriba
1570 4152 1799 4207 manife-

212 4258 334 4305 stos
385 4265 530 4319 quos
560 4250 837 4318 perspexit
888 4264 1105 4304 errores
1162 4248 1277 4303 suis
1307 4247 1516 4301 chartis
1563 4260 1669 4300 non
1716 4246 1800 4299 in«

218 4341 411 4396 seruit.
446 4340 552 4406 (Cf.
589 4339 717 4395 Mai.
753 4356 807 4410 p.
844 4341 965 4403 148,
999 4339 1479 4410 οἱκονομὴσαντεςι
1502 4337 1570 4392 de
1598 4336 1793 4408 Wegn.

1903 3251 1956 3297 et
2012 3250 2174 3297 tenue
2223 3246 2307 3293 est
2356 3236 2820 3306 interpretationis
2881 3239 2934 3292 in
2989 3238 3183 3294 Oscam
3236 3244 3349 3309 (-n,
3392 3243 3453 3294 13

1904 3331 2262 3401 fragmentum
2291 3368 2303 3388 ,
2356 3327 2421 3381 ad
2458 3326 2605 3395 quod
2658 3325 2805 3379 Sam.
2839 3324 3131 3383 Tenulium
3167 3331 3477 3399 respexisse

1903 3439 2025 3477 cum
2057 3422 2122 3475 ad
2159 3418 2333 3475 Nicol.
2379 3417 2663 3473 Hcinsium
2705 3417 3003 3475 scriberet:
3044 3421 3330 3477 «Vidistiu'
3372 3441 3471 3479 uu-

1901 3530 2064 3586 quam
2083 3512 2356 3568 Theodori
2381 3512 2506 3565 Ant.
2539 3510 2903 3581 fragmentum
2936 3514 2991 3568 in
3021 3514 3215 3584 propli.
3243 3512 3440 3568 Oscam
3463 3554 3475 3570 .

1902 3606 1961 3660 ln
1992 3604 2145 3659 Latio
2176 3604 2304 3658 mihi
2333 3604 2619 3674 descripsi.
2652 3622 2669 3654 ι
2705 3602 2793 3657 Cf.
2827 3603 3084 3658 Burmani
3114 3604 3473 3673 Syllog.epp.,

1905 3714 1963 3760 ιι,
2002 3714 2050 3765 p.
2082 3694 2209 3755 801,
2236 3710 2343 3748 non
2379 3694 2623 3748 dubium.

1973 3788 2433 3843 Commentarium
2462 3788 2610 3840 illum
2648 3786 2922 3842 Theodori
2956 3788 3322 3859 Mopsuesteni
3354 3800 3475 3846 esse

1904 3879 2037 3932 nihil
2066 3885 2149 3933 est
2176 3878 2379 3931 certius
2401 3877 2477 3946 (ὁ)
2510 3893 2573 3932 ac
2595 3884 2800 3932 temere
2825 3894 2949 3933 eum
2988 3878 3191 3933 Ludov.
3224 3881 3295 3934 du
3329 3880 3476 3935 Four

1903 3973 1970 4027 de
1996 3971 2319 4041 Longuerue
2350 3946 2520 4026 abba's
2546 3972 2612 4027 de
2634 3970 2824 4036 Jardo,
2840 3972 3044 4043 juniori
3075 3976 3287 4029 cuidam
3305 3974 3477 4031 Theo-

1903 4066 2037 4119 doro
2064 4064 2310 4130 (Galatae,
2353 4062 2700 4134 Mopsuestia:
2728 4081 2816 4135 ep.
2842 4104 2859 4126 ,
2881 4078 2940 4120 ut
2966 4066 3181 4121 videtur
3200 4110 3213 4128 ,
3245 4069 3340 4137 qui
3375 4084 3474 4122 sa:-

1903 4158 2026 4211 culo
2053 4172 2101 4209 vi
2128 4155 2305 4209 medio
2334 4154 2590 4220 obiit;cl‘.
2625 4154 2814 4211 Jacob.
2842 4155 2916 4211 Le
2945 4157 3115 4228 Long.
3143 4159 3283 4211 Bibl.
3318 4176 3362 4211 ε.
3395 4158 3471 4221 l.,

1904 4249 2144 4320 p.985),
2179 4257 2233 4302 et
2261 4245 2510 4303 Oudinus
2570 4243 2885 4309 (Comment.
2923 4249 2987 4302 de
3016 4253 3256 4319 scriptor.
3287 4255 3470 4305 eccles.

1904 4343 2133 4412 antiquis
2156 4380 2171 4405 ,
2202 4339 2277 4403 ll,
2317 4355 2369 4410 p.
2398 4339 2495 4394 151
2523 4339 2541 4407 )
2593 4337 2890 4393 Theodoro
2938 4339 3305 4411 Daphnopata:
3329 4384 3345 4405 ,
3378 4345 3470 4413 qui

216 4448 273 4500 p.
298 4432 425 4493 275,
458 4433 888 4502 κοινωνήσαντες
913 4449 927 4497 ;
969 4449 1023 4500 p.
1064 4433 1191 4495 527,
1221 4432 1425 4494 λοιποῖς
1451 4433 1464 4485 !
1501 4432 1570 4484 de
1596 4430 1792 4501 Wegn.

1904 4450 2027 4490 saec.
2073 4449 2124 4488 χι
2170 4432 2350 4487 medio
2377 4431 2627 4495 vivebat,
2684 4431 3013 4488 tribuerunt.
3049 4431 3287 4487 Primum
3328 4440 3472 4491 enim

215 4540 273 4591 ρ,
309 4523 437 4584 603,
463 4524 661 4590 λόγοις,
699 4524 797 4593 al.)
821 4523 1175 4596 Reliquorum
1212 4532 1391 4580 textus
1418 4523 1798 4579 diversitatum

212 4628 393 4667 causa
420 4629 483 4667 ac
516 4616 656 4669 ratio
688 4616 741 4669 in
775 4618 1201 4672 transcribendo
1232 4606 1335 4673 sita
1376 4625 1480 4671 est.
1512 4616 1659 4670 Raro
1693 4616 1797 4670 du-

211 4707 443 4768 bitabis,
468 4722 629 4774 quem
659 4709 903 4762 codicem
938 4710 1205 4777 sequaris.
1243 4707 1347 4763 Sed
1383 4708 1529 4778 quod
1565 4707 1800 4761 maxime

210 4815 332 4853 rem
360 4800 647 4860 continet,
680 4800 797 4854 loca
846 4802 1091 4855 mutilata
1129 4810 1181 4854 et
1226 4809 1482 4872 corrupta
1522 4801 1644 4853 cod.
1672 4799 1794 4853 Vat.

214 4891 463 4943 maxima
498 4905 633 4944 sane
653 4892 957 4946 constantia
985 4893 1038 4946 in
1073 4893 1198 4946 cod.
1237 4891 1469 4947 Vindob.
1501 4893 1798 4963 leguntur;

208 4981 369 5050 quod
425 4996 550 5035 cum
608 4984 742 5038 satis
774 4984 1121 5037 manifestum
1157 4985 1260 5046 sit,
1289 4984 1389 5037 has
1421 4983 1797 5037 tantummodo

208 5074 489 5127 lectiones
526 5074 716 5142 procul
762 5074 931 5127 dubio
971 5074 1297 5145 depravatas
1326 5074 1531 5127 referre
1584 5074 1793 5142 placet:

208 5166 282 5217 ad
311 5162 415 5217 Os.
444 5164 624 5227 tv,15,
650 5164 1039 5235 ὲπαγομένην;
1074 5183 1147 5229 νι,
1168 5166 1221 5231 4,
1252 5166 1359 5219 κᾶν
1374 5164 1530 5228 οὐδὲς
1566 5179 1681 5227 χιιι,
1708 5164 1795 5227 f5,

207 5255 624 5327 smmum-9;;
657 5254 795 5310 Joel.
845 5273 906 5321 ιι,
940 5257 1031 5323 20,
1080 5257 1309 5329 βρόμοςς
1363 5274 1421 5322 ιι,
1452 5257 1654 5320 28—59.,
1701 5258 1794 5311 λα-

210 5346 433 5409 εοῦσας
479 5361 561 5409 ιιι,
602 5346 685 5412 18,
735 5349 791 5400 αἱ
846 5347 1385 5421 εἰωθυῖαι-δωρεαίς
1425 5350 1544 5403 Am.
1601 5350 1787 5413 ν,1ὗ,

285 5526 372 5592 (α)
414 5522 603 5579 Omnia
635 5524 823 5580 Graece
843 5537 897 5582 et
918 5525 1108 5582 Latine
1153 5528 1330 5582 denuo
1359 5528 1529 5583 edidit
1559 5530 1610 5583 in
1641 5527 1795 5582 Nova

218 5595 553 5669 Qibliotheca
600 5594 848 5659 Patrum,
919 5606 1047 5651 tom.
1123 5597 1237 5662 Vll,
1300 5598 1487 5653 Romae
1546 5599 1795 5669 1854,4,

215 5666 583 5809 ἐτιῦὶνιιιξξ.
637 5734 775 5789 1662
801 5736 886 5809 .--8
907 5738 1047 5809 gon.
1078 5735 1145 5809 ln
1192 5740 1366 5809 primo
1396 5746 1605 5794 tantum
1642 5747 1793 5793 torno

216 5806 293 5872 (p.
323 5804 595 5871 981385)
622 5806 884 5878 nonnulla
906 5805 1176 5863 Theodori
1194 5804 1509 5877 fragmenta
1536 5810 1790 5878 leguntur

217 5890 338 5945 qua:
390 5891 453 5929 ex
488 5876 760 5945 principio
797 5874 1183 5932 Commentarii
1214 5880 1266 5932 in
1298 5874 1517 5949 “Evang.
1562 5874 1791 5935 Joannis

537 5971 810 6031 ΡΑτιιοι..
841 5972 962 6034 Gn.
1008 5974 1230 6041 LXVI.

1899 4525 2171 4580 Theodori
2200 4525 2255 4578 in
2276 4522 2398 4577 XII
2424 4522 2609 4591 proph.
2642 4523 3069 4577 commentarius
3102 4526 3171 4577 ab
3206 4525 3471 4581 Ebediesu

1899 4627 1953 4673 et
1997 4619 2051 4672 in
2082 4617 2201 4671 Act.
2234 4631 2391 4670 conc.
2422 4616 2611 4671 Const.
2644 4631 2713 4681 ιι,
2753 4630 2804 4667 iv
2827 4655 2840 4676 ,
2882 4614 3084 4669 citatur
3106 4656 3121 4676 ,
3149 4624 3265 4670 tum
3301 4618 3388 4671 ille
3419 4620 3471 4671 in

1899 4709 2154 4765 omnibus
2183 4709 2338 4763 codd.
2372 4707 2641 4763 Theodori
2692 4707 2893 4761 dicitur
2920 4707 3250 4771 Amici-lieni,
3278 4710 3474 4764 deinde

1900 4804 1954 4858 in
1989 4818 2053 4857 eo
2083 4802 2203 4871 ipso
2230 4801 2429 4870 saepius
2468 4800 2672 4855 mentio
2706 4799 2763 4854 fit
2795 4803 3170 4855 commentarii
3224 4804 3275 4855 in
3320 4803 3475 4856 Psal—

1901 4913 2036 4957 mos,
2068 4912 2120 4948 v.
2158 4910 2205 4949 c.
2244 4892 2309 4947 ad
2344 4893 2509 4947 Zach.
2543 4909 2619 4954 ix,
2659 4893 2714 4955 9,
2747 4906 2909 4961 quem
2952 4902 3165 4947 constat
3226 4906 3472 4949 nostrum

1900 4986 2223 5056 scripsisse,
2266 4984 2499 5052 denique
2534 4983 2745 5037 dicendi
2789 4984 3293 5054 interpretandique
3336 4987 3475 5039 ratio

1899 5079 2215 5133 Theodorca
2250 5084 2352 5131 est.
2383 5075 2678 5145 Utramque
2734 5076 2789 5129 in
2823 5088 2888 5131 eo
2936 5091 3055 5129 eam
3090 5076 3476 5133 animadverti-

1899 5186 2022 5227 mus
2048 5213 2062 5236 ,
2098 5185 2258 5241 quam
2290 5172 2343 5223 in
2391 5168 2659 5224 Theodori
2715 5168 3033 5237 fragmentis
3068 5171 3260 5238 procul
3312 5171 3481 5223 dubio.

1902 5262 2152 5333 genuinis
2182 5276 2454 5331 quamque
2482 5261 2534 5315 in
2564 5260 2875 5315 universum
2902 5268 3052 5315 recte
3071 5259 3300 5315 Photius
3330 5278 3378 5313 c.
3403 5278 3472 5321 iv,

1903 5354 2024 5417 177,
2056 5355 2155 5417 58,
2193 5355 2482 5424 descripsit
2539 5356 2621 5422 (ι’.
2658 5354 2822 5407 etiam
2856 5352 3046 5408 Leont.
3086 5354 3118 5407 l.
3142 5370 3191 5408 c.
3215 5396 3231 5420 ,
3266 5370 3317 5423 p.
3350 5354 3475 5415 686.

1904 5536 2119 5597 sumpta
2144 5534 2289 5581 sunt.
2317 5525 2629 5581 Posteriora
2663 5525 2754 5595 (p.
2779 5525 2886 5581 282
2917 5525 2973 5579 Β.
3013 5524 3251 5594 Ill-XIV)
3286 5527 3474 5583 eadem

1904 5596 2182 5666 suntquae
2211 5598 2266 5651 in
2294 5596 2541 5651 Corderii
2592 5604 2782 5651 catena
2835 5597 2888 5650 in
2932 5597 3194 5650 Joannem
3223 5615 3275 5668 p.
3308 5598 3469 5653 16-51

1904 5669 2177 5739 leguntur.

1973 5740 2044 5808 (cl
2076 5738 2331 5808 l‘luribus
2357 5738 2460 5791 hac
2504 5738 2571 5792 de
2605 5750 2664 5791 re
2703 5735 3257 5808 disseriierunt_Ang.
3300 5736 3477 5808 Maius

1899 5805 2057 5862 Praef.
2096 5808 2159 5860 ad
2192 5807 2629 5877 Mopsuestenum
2684 5816 2739 5863 et
2767 5805 2906 5861 Vict.
2941 5806 3009 5862 de
3040 5805 3309 5876 Wegnérn
3347 5807 3475 5872 LL,

1902 5894 1958 5949 p.
1992 5895 2059 5933 xv
2089 5895 2172 5949 sq.
