3906 6208
394 359 466 413 45
1297 350 1595 409 OTTONIS
1636 349 1811 405 FRID.
1852 344 2238 402 'FRITZSCHE
2274 345 2766 404 COMMENTATIO
3563 357 3634 412 ιι

394 478 466 531 cl.
500 476 567 528 iis
613 489 732 542 qua:
766 471 1087 525 Theodorus
1118 470 1173 524 in
1199 466 1351 539 praef.
1381 465 1449 521 ad
1481 464 1600 531 05.,
1627 464 1694 519 ad
1724 462 1891 534 Soph.
1920 478 1961 524 ι,
1996 466 2040 520 Α
2069 470 2252 531 ageret
2278 463 2417 517 ratio
2455 474 2591 518 erat.
2623 462 2742 518 Non
2777 462 2992 519 caulius
3020 463 3157 519 alter
3204 465 3356 522 locus
3409 470 3631 527 allatus.

395 567 491 621 4-6
512 607 526 630 ,
546 582 629 628 ιιι,
679 566 733 627 5,
788 562 968 631 dixit).
1002 562 1095 615 illa
1124 568 1301 615 autem
1326 567 1433 612 tam
1459 558 1749 629 peculiaris
1776 563 1880 620 est,
1905 562 1962 608 ut

394 663 524 733 quid
555 658 828 714 Theodori
856 657 928 713 sit
953 655 1151 727 quidve
1182 655 1363 709 minus
1392 651 1551 707 facile
1590 650 1794 705 videas.
1826 648 1960 702 Illud

397 770 525 810 vero
557 752 759 807 morari
792 765 891 805 nos
923 764 1032 803 non
1076 753 1287 819 potest,
1338 745 1481 815 quod
1513 746 1614 799 tria
1657 744 1777 797 loca
1798 782 1813 805 ,
1843 758 1961 812 qua:

395 850 451 902 in
503 853 608 899 act.
655 859 812 899 conc.
855 842 1043 897 Const.
1072 855 1131 905 ιι,
1172 855 1246 904 tv,
1292 837 1461 901 20-32
1517 833 1723 906 (Vigil.
1769 834 1958 889 Const.

394 938 608 997 ill—2‘5)
646 954 664 987 ι
701 952 767 990 ex
810 934 1075 1005 principio
1126 928 1415 984 commenti
1442 927 1553 997 (a),
1586 925 1730 995 quod
1760 926 1815 979 in
1843 925 1958 979 XII

396 1032 583 1101 proph.
614 1027 854 1096 scripsit,
883 1056 953 1066 —
982 1033 1106 1096 post
1139 1022 1244 1077 alia
1277 1019 1459 1086 infert,
1484 1050 1555 1060 —
1577 1026 1698 1089 post
1726 1019 1829 1073 alia
1880 1019 1963 1073 in—

396 1122 553 1183 [ειμι
582 1118 899 1178 alTeruntur,
928 1117 982 1170 in
1009 1116 1099 1170 illo
1129 1112 1521 1168 commentario
1550 1126 1659 1165 non
1686 1111 1959 1181 leguntur.

398 1212 695 1267 Sententia:
721 1218 866 1265 certe
889 1223 1027 1278 quas
1046 1205 1325 1261 continent
1341 1202 1672 1259 Theodorea:
1692 1210 1838 1263 sunt.
1866 1202 1961 1258 sed

397 1304 558 1359 facile
610 1303 725 1357 fieri
773 1300 985 1372 potuit,
1019 1305 1078 1351 ut
1106 1314 1249 1352 unus
1291 1296 1495 1351 alterve
1523 1294 1792 1349 Theodori
1824 1295 1962 1349 liber

396 1413 496 1466 pm
522 1395 692 1449 altero
715 1394 993 1448 citaretur.
1021 1389 1140 1445 Jam
1166 1404 1293 1444 cum
1322 1389 1474 1443 locus
1503 1388 1595 1457 qui
1622 1388 1675 1440 in
1720 1385 1825 1440 illis
1852 1395 1959 1439 act.

395 1489 466 1541 25
494 1488 758 1556 sequitur,
791 1485 858 1539 ad
890 1500 974 1554 ps.
1006 1498 1096 1537 xxi
1124 1482 1409 1551 pertineat,
1441 1478 1715 1549 probabile
1743 1478 1844 1531 tria
1873 1478 1961 1531 illa

397 1580 516 1633 loca
537 1595 567 1633 e
596 1578 993 1632 commentario
1021 1576 1075 1627 in
1106 1573 1354 1626 Psalmos
1377 1613 1390 1634 ,
1416 1579 1470 1626 et
1498 1569 1715 1639 quidem
1750 1586 1815 1623 ex
1845 1569 1963 1638 ejus

396 1669 664 1738 principio
687 1668 761 1735 (ὁ)
796 1666 1115 1734 deprompta
1145 1676 1301 1725 esse,
1345 1676 1467 1715 cum
1502 1661 1800 1730 praesertim
1855 1660 1963 1713 duo

398 1760 699 1830 posteriora
721 1759 783 1812 ει
815 1799 829 1822 ,
860 1755 933 1808 9.2
955 1796 969 1818 ,
1004 1754 1071 1808 ad
1105 1770 1189 1825 ps.
1224 1770 1291 1808 xv
1327 1758 1380 1807 et
1430 1768 1522 1806 xxi
1561 1760 1824 1821 spectent.
1856 1750 1961 1805 Sed

2068 552 2286 608 Davidis
2315 562 2368 609 et
2416 556 2802 624 prophetarum
2844 555 3103 610 vaticinia
3140 557 3356 612 interno
3393 561 3631 629 quodam

2067 647 2284 701 vinculo
2312 648 2579 701 contineri
2611 647 2744 701 dicit
2771 646 3094 702 Theodorus
3115 687 3130 711 ,
3162 650 3258 704 sed
3306 652 3372 706 de
3422 653 3538 708 suis
3580 656 3631 706 in

2067 751 2129 790 ea
2161 738 2565 792 commentariis
2589 738 2691 792 hoc
2721 739 2901 793 valere
2933 755 3001 793 ne
3030 740 3263 795 obscure
3295 743 3513 811 quidem
3547 745 3631 797 in-

2066 829 2205 883 nuit.
2249 828 2321 884 De
2360 831 2540 885 verbis
2584 830 2703 884 καθ’
2726 830 2766 884 ἃ
2797 830 3033 901 πρόσθεν
3064 831 3235 901 ἔφθην
3264 833 3434 886 εἰπών
3465 851 3627 903 supra

2067 922 2289 975 dictum.
2314 920 2487 975 Nolim
2514 921 2566 975 in
2592 937 2651 975 re
2672 931 2779 974 tam
2804 922 3008 976 lubrica
3033 924 3327 993 quidquam
3356 940 3454 994 pro
3483 937 3625 980 cert:

2067 1010 2352 1076 afﬁrmare,
2380 1012 2473 1066 sed
2501 1011 2845 1066 Theodorum
2880 1014 3253 1084 presbyterum
3279 1014 3369 1069 Xll
3395 1020 3622 1087 prophe-

2070 1112 2153 1157 tas
2175 1104 2453 1173 aliquanto
2489 1112 2608 1174 post
2653 1104 2899 1160 Psalmos
2947 1106 3032 1177 (ν.
3072 1123 3192 1177 quae
3238 1108 3304 1163 de
3348 1124 3545 1165 comm.
3578 1112 3633 1164 in

2070 1194 2315 1250 Psalmos
2346 1211 2511 1266 supra
2545 1196 2822 1267 adnotavi)
2846 1201 3169 1269 explanasse
3198 1203 3505 1256 statuerim.

2137 1285 2421 1351 Codicum,
2465 1300 2572 1340 non
2606 1287 2875 1341 editorum
2910 1288 3152 1344 bonitate
3183 1291 3383 1343 factum
3418 1302 3537 1354 est,
3574 1299 3635 1345 ut

2070 1377 2159 1432 ille
2190 1378 2615 1432 commentarius
2634 1379 2816 1434 minus
2846 1389 3101 1450 corrupte
3132 1381 3310 1437 editus
3355 1382 3447 1436 sit.
3472 1381 3636 1437 Utra-

2068 1485 2173 1541 que
2190 1470 2428 1525 editione
2458 1480 2769 1540 comparata
2795 1471 2935 1527 facili
2968 1474 3183 1543 negotio
3219 1475 3509 1544 plerosque
3543 1491 3635 1529 er-

2069 1578 2222 1617 rores
2271 1563 2362 1632 qui
2417 1563 2469 1616 in
2517 1579 2639 1618 eum
2675 1563 3054 1634 irrepserunt,
3087 1567 3154 1620 de
3207 1568 3383 1621 medio
3446 1568 3634 1621 tollere

2069 1664 2242 1725 potes.
2280 1654 2353 1710 De
2390 1656 2668 1711 nonnullis
2701 1664 2912 1711 tantum
2940 1658 3075 1714 locis
3101 1659 3373 1728 corruptis
3409 1660 3498 1714 hic
3544 1660 3635 1728 ju-

2069 1748 2268 1802 dicium
2309 1763 2487 1803 meum
2516 1750 2892 1820 qualecunque
2917 1751 3263 1821 interponere
3307 1752 3499 1822 placet.
3533 1751 3630 1805 Os.

398 1825 465 1905 de
486 1864 691 1919 nupera
728 1848 851 1901 Maii
893 1848 1159 1903 sententia
1207 1844 1243 1898 l.
1284 1845 1321 1898 1.
1358 1843 1617 1914 praemisit
1648 1842 1964 1898 Theodorus
1998 1825 2037 1879 Β
2072 1858 2111 1901 ι,
2148 1842 2203 1904 2,
2233 1841 2523 1911 pr0phetas
2553 1843 2719 1896 multa
2759 1858 2896 1897 nova
2950 1843 3146 1898 fecisse
3184 1855 3344 1913 atque
3391 1842 3634 1896 inaudita

396 1941 783 1998 commentario
802 1939 1048 2008 generale
1069 1937 1281 2007 aliquod
1301 1937 1620 2006 prooemium
1648 1936 1701 1988 in
1730 1937 1964 1991 minores

399 2033 690 2104 prephetas
712 2070 727 2095 ,
769 2038 986 2100 propter
1017 2028 1379 2083 reverentiam
1422 2026 1653 2079 fortasse
1680 2040 1806 2094 erga
1837 2040 1965 2079 con-

398 2122 619 2185 cilium,
670 2122 725 2175 in
775 2120 932 2176 codd.
962 2119 1245 2174 omissum.
1280 2118 1422 2170 Idem
1457 2116 1679 2169 enimet
1714 2114 1964 2169 Theodo-

397 2222 575 2271 retqu
603 2212 799 2268 fecisse
823 2218 878 2265 et
908 2210 1069 2264 verba
1111 2210 1274 2264 etiam
1303 2206 1425 2260 καθ’
1457 2206 1493 2260 ἃ
1523 2205 1755 2277 πρόσθεν
1794 2205 1963 2277 ἔφθην

397 2306 565 2361 εἰπών
599 2306 686 2377 (v.
716 2312 1008 2358 comment.
1044 2317 1100 2371 p.
1133 2302 1186 2369 l)
1211 2343 1225 2367 ,
1261 2300 1307 2354 si
1341 2307 1467 2353 ante
1507 2301 1563 2351 ὲν
1604 2297 1838 2368 ψαλμοῖς
1886 2299 1964 2350 iu.

399 2410 750 2470 terpungatur
772 2397 871 2463 (ita
901 2393 1043 2450 haud
1070 2392 1233 2447 dubie
1253 2392 1791 2462 interpungeudum),
1819 2390 1959 2444 haud

398 2508 510 2546 rem
547 2491 601 2545 in
633 2489 738 2542 alio
788 2501 952 2557 opere
988 2484 1190 2540 dictam
1236 2482 1516 2538 denotare.
1550 2480 1607 2534 Si
1660 2482 1963 2535 scribamus

396 2599 495 2653 pro
521 2583 616 2646 Είς
640 2582 857 2651 ἔλεγχον
883 2578 990 2631 τῶν
1018 2596 1071 2631 κ.
1091 2577 1227 2638 τ.λ.,
1256 2577 1350 2637 El;
1376 2575 1454 2629 ἒλ.
1482 2569 1595 2628 οὖν
1613 2573 1721 2627 τῶν
1741 2591 1796 2626 κ.
1817 2590 1865 2625 τ.
1885 2572 1959 2636 λ.,

395 2672 538 2728 bane
567 2687 727 2725 unam
762 2669 1081 2740 particulam
1116 2668 1248 2721 satis
1283 2667 1414 2719 illud
1454 2665 1774 2734 prooemium
1821 2662 1963 2717 indi-

394 2780 543 2820 care.
568 2762 830 2833 Equidem
859 2760 1107 2830 quamvis
1143 2759 1465 2827 procemium
1496 2754 1563 2811 ad
1582 2754 1806 2827 Tyrium
1835 2770 1964 2824 pra:-

398 2856 627 2911 missum
664 2854 833 2907 fuisse
869 2852 1087 2906 credam
1116 2890 1131 2912 .
1164 2850 1292 2903 mihi
1321 2858 1501 2902 tamen
1559 2846 1800 2901 nondum
1839 2863 1964 2916 per-

395 2946 587 3009 suasi,
638 2943 728 2998 illa
778 2943 880 2995 tria
910 2942 1028 2996 loca
1073 2939 1288 3009 (Maius
1322 2937 1470 2992 etde
1503 2936 1698 3008 Wegn.
1735 2936 1803 2991 de
1854 2952 1962 2991 uno

398 3046 611 3093 tantum
635 3036 952 3105 loquuntur,
973 3031 1064 3089 sed
1086 3030 1386 3103 posteriora
1405 3031 1513 3084 duo
1541 3030 1659 3084 loca
1687 3044 1753 3083 ex
1773 3029 1960 3083 eodem

400 3129 535 3183 libro
557 3139 773 3197 sumpta
800 3142 923 3183 esse
949 3133 1004 3180 et
1028 3124 1176 3178 illum
1216 3124 1377 3192 paulo
1410 3129 1529 3191 post
1562 3121 1844 3191 excepisse
1867 3120 1959 3190 qui

397 3238 460 3276 ea
486 3220 998 3289 excerpsit’verbis,
1038 3225 1154 3286 post
1200 3216 1311 3268 alia
1358 3213 1517 3282 infert
1566 3212 1865 3284 indicavit)
1897 3227 1959 3268 ex

396 3328 462 3367 eo
495 3311 658 3381 petita
682 3326 824 3364 essr.

473 3402 608 3459 llire
654 3417 823 3469 nuper
856 3398 995 3453 Vict.
1045 3398 1112 3454 de
1139 3395 1414 3468 Wegnern
1464 3395 1499 3448 l.
1530 3410 1614 3460 c.,
1650 3410 1704 3465 p.
1736 3410 1848 3448 χιιι
1881 3408 1963 3462 sq.

397 3498 646 3551 evincere
674 3493 898 3559 studuit,
921 3489 1265 3544 Theodorum
1288 3488 1543 3557 juvenem
1574 3503 1697 3541 cum
1721 3485 1966 3541 Psalmos

399 3587 753 3658 explicuisset
804 3593 859 3639 et
908 3583 1139 3636 lortasse
1170 3581 1333 3634 etiam
1367 3578 1657 3648 pr0phetas
1708 3578 1965 3645 majores,

396 3678 493 3734 XII
527 3678 820 3749 prophetas
857 3675 1094 3729 minores
1130 3672 1546 3741 interpretatum
1581 3684 1723 3724 esse.
1769 3669 1967 3724 Attulit

400 3773 541 3828 hanc
566 3772 619 3824 in
652 3786 761 3824 rem
788 3770 891 3825 loc.
921 3767 1191 3822 Theodori
1214 3767 1282 3819 ad
1310 3762 1474 3818 ΖαεΙι.
1506 3779 1582 3827 tx,
1608 3762 1668 3818 9:
1706 3762 1966 3833 Ὀπεροῦν

398 3863 502 3932 (sc.
536 3861 643 3913 τῶν
676 3860 881 3931 χρόνων
912 3860 1010 3931 τὴν
1052 3856 1346 3927 ἐναλλαγὴν
1398 3855 1647 3926 ποικίλην
1684 3850 1823 3908 εἶναι
1874 3853 1967 3907 ἐπὶ

396 3950 495 4020 τῆς
550 3948 699 4009 θείας
739 3945 1001 4018 Γραφῆς)
1035 3946 1122 3999 διὰ
1153 3944 1360 3998 πολλῶν
1387 3946 1549 4014 ἡμεῖς
1591 3942 1647 3995 ἐν
1675 3960 1732 3997 τε
1765 3946 1830 4015 τῇ
1856 3943 1965 3996 τῶν

397 4038 626 4109 ψαλμῶν
657 4037 921 4108 ἑρμηνείᾳ
966 4037 1057 4089 καὶ
1084 4036 1176 4088 ἐπὶ
1209 4034 1315 4087 τῶν
1351 4032 1643 4104 προφητῶν
1685 4034 1964 4105 ἐδείξαμεν

399 4129 721 4201 αὐτάρκως,
751 4137 805 4182 et
837 4128 958 4182 init.
994 4128 1149 4197 praef.
1183 4126 1236 4179 in
1279 4123 1372 4178 Os.
1410 4123 1524 4178 Hoc
1579 4139 1644 4179 ex
1699 4128 1880 4195 priore
1927 4126 1963 4179 Ι.

398 4223 575 4292 sequi,
601 4237 723 4274 cum
758 4218 1076 4273 Theodorus
1107 4216 1251 4287 quod
1288 4217 1551 4271 universae
1581 4214 1637 4271 S.
1664 4216 1964 4287 Scriptura:

399 4317 680 4386 proprium
702 4324 825 4371 e‘sse
854 4314 1020 4377 dicat,
1046 4312 1098 4366 in
1128 4311 1468 4366 Psalmorum
1496 4319 1550 4366 et
1574 4310 1964 4381 prophetarum

397 4408 849 4476 interpretatione
880 4422 908 4458 a
940 4422 997 4458 se
1025 4404 1329 4474 expositum
1368 4410 1619 4458 testetur.
1649 4400 1754 4456 Sed
1785 4402 1965 4458 Theo-

2073 1930 2390 1987 Theodorus
2413 1932 2577 1997 dicit,
2611 1948 2719 2001 quo
2747 1933 3025 1986 hominum
3057 1935 3435 1989 curiositatem
3484 1936 3638 1989 exci-

2072 2030 2248 2077 tarent
2307 2022 2519 2091 sibique
2554 2023 2784 2078 docendi
2843 2025 3185 2080 occasionem
3233 2035 3507 2094 pararent.
3553 2025 3634 2079 lta

2070 2113 2262 2167 Oscam
2294 2123 2531 2167 scortum
2567 2114 2620 2168 in
2644 2114 3047 2169 matrimonium
3078 2116 3319 2170 duxisse.
3359 2117 3423 2169 Ἥ
3446 2117 3522 2181 δὲ,
3551 2117 3636 2171 in-

2069 2206 2186 2275 quit
2216 2204 2301 2260 ed.
2350 2205 2418 2260 de
2447 2204 2645 2274 Wegn.
2679 2221 2732 2274 ι).
2777 2206 2843 2261 10
2865 2245 2879 2269 ,
2915 2206 3007 2260 τοῦ
3053 2208 3336 2277 γινομένου
3381 2208 3636 2280 καινότης

2068 2298 2318 2369 ἀφορμὴν
2343 2299 2511 2352 ἐδίδου
2544 2298 2620 2369 τῷ
2658 2300 2910 2372 προφήτῃ
2943 2300 3011 2353 τὰ
3070 2304 3411 2371 προσήκοντα
3455 2302 3635 2371 λέγειν

2070 2391 2205 2462 πρὸς
2232 2393 2424 2454 αὐτοὺς
2446 2432 2459 2454 ,
2499 2393 2632 2463 πρὸς
2659 2391 2737 2462 τῷ
2766 2394 2783 2460 (
2807 2392 2929 2447 cod.
2961 2390 3197 2447 Vindob.
3215 2431 3230 2454 ,
3267 2394 3327 2447 τὸ
3351 2411 3399 2448 c.
3426 2393 3633 2459 Vatic.)

2070 2483 2162 2535 καὶ
2194 2483 2361 2554 πολλῇ
2412 2486 2477 2553 τῇ
2514 2483 2810 2555 παραθέσει
2852 2483 3072 2553 μείζονα
3121 2485 3402 2553 φαίνεσθαι
3436 2486 3496 2539 τὸ
3542 2489 3635 2540 τὸν

2016 2619 2023 2628 .
2070 2573 2187 2626 Θεὸν
2218 2574 2485 2644 αἱρεῖσθαι
2522 2574 2693 2637 οὕτως
2723 2575 3048 2646 ἀγνωμόνων
3092 2576 3298 2647 ἀνδρῶν
3329 2580 3407 2642 είς
3436 2579 3633 2648 ἐπιμέ-

2068 2664 2213 2720 λειαν
2244 2666 2431 2719 ἑαυτὸν
2466 2666 2726 2729 κατιέναι,
2776 2666 2916 2734 εἴγε
2948 2669 3041 2721 καὶ
3074 2668 3164 2721 τὸν
3196 2671 3473 2740 προφήτην
3504 2672 3637 2724 θαυ-

2073 2758 2273 2828 μαστὸν
2297 2753 2364 2829 ἦν
2394 2787 2464 2796 -
2486 2758 2565 2820 είς
2595 2756 2797 2828 πόρνης
2824 2758 3039 2827 ὁμιλίαν
3078 2764 3296 2831 χωρεῖν.
3338 2761 3411 2816 De
3434 2760 3633 2831 Wegn.

2070 2850 2215 2918 COIIj.
2274 2850 2408 2919 πρὸς
2456 2849 2535 2920 τῷ
2591 2867 2645 2902 κ.
2708 2849 2981 2919 πολλῷ-
3009 2852 3190 2921 μεῖζον
3222 2853 3635 2921 ἀναφαίνεσθαι.

2070 2940 2197 3007 Leg.
2230 2969 2293 2982 —
2320 2939 2453 3010 πρὸς
2487 2942 2546 2992 τὸ
2587 2943 2680 3007 (v.
2716 2956 2768 2993 v.
2805 2955 2855 2993 c.
2896 2956 2949 3010 p.
2986 2941 3132 3012 250)
3177 2960 3229 2994 κ.
3268 2943 3433 3014 πολλῇ
3482 2962 3533 2997 τ.
3570 2963 3633 2998 π.

2072 3031 2253 3102 μεῖζον
2284 3033 2470 3100 ἀναφ.,
2504 3032 2540 3086 i.
2572 3047 2623 3087 e.
2661 3047 2769 3101 quo
2812 3033 2987 3100 majus
3017 3036 3185 3088 multa
3213 3037 3376 3090 etiam
3412 3020 3665 3107 compa-7

2070 3124 2280 3178 ratione
2305 3131 2606 3193 appareret.
2626 3122 2802 3194 IEque
2828 3124 2965 3178 bene
2994 3140 3059 3178 ac
3088 3141 3139 3180 v.
3166 3142 3215 3179 c.
3236 3144 3286 3196 p.
3307 3128 3431 3192 250,
3464 3130 3635 3201 πολλὴ

2068 3216 2349 3287 πολιορκία
2369 3257 2382 3277 ,
2419 3231 2471 3286 p.
2503 3215 2609 3269 242
2630 3254 2644 3281 ,
2679 3214 2843 3278 πολὺς
2873 3213 3132 3281 θάνατος,
3167 3234 3217 3287 p.
3254 3219 3377 3282 244,
3413 3237 3470 3273 π.
3499 3220 3637 3293 θρῆ-

2068 3327 2156 3383 νος
2177 3348 2191 3367 .
2224 3326 2277 3379 p.
2305 3309 2427 3374 652,
2480 3326 2539 3362 π.
2568 3307 2833 3379 εὐκοσμία
2856 3350 2871 3373 ,
2916 3308 3080 3364 habet
3117 3310 3283 3380 πολλὴ
3315 3329 3445 3382 παρ.
3478 3328 3635 3367 corn-

2067 3402 2279 3471 paratio
2301 3401 2486 3456 multis
2508 3400 2811 3455 rationibus
2832 3400 3105 3465 instituta,
3128 3401 3289 3472 idque
3311 3419 3409 3459 cur
3427 3404 3633 3461 dictum

2068 3495 2132 3553 sit
2166 3495 2449 3564 sequentia
2480 3494 2684 3549 indicio
2712 3503 2860 3549 sunt.
2890 3525 2959 3535 —
2988 3493 3082 3550 Os.
3122 3512 3208 3559 v1,
3244 3497 3296 3559 3,
3332 3514 3429 3567 pro
3469 3517 3637 3569 μετα-
3684 3562 3687 3563 ν

2066 3587 2295 3641 δαλόντα
2322 3587 2426 3657 leg.
2454 3586 3033 3657 μεταϐαλόντος.-Οε.
3054 3603 3127 3654 Vt,
3158 3588 3211 3649 6.
3239 3606 3290 3659 p.
3310 3591 3396 3646 58.
3426 3610 3522 3662 pro
3545 3596 3637 3648 εὐ-

2066 3680 2219 3744 τελές
2248 3694 2436 3736 vereor
2467 3695 2535 3735 ne
2566 3679 2712 3733 ἔλεον
2740 3681 3136 3735 restituendum
3172 3682 3349 3736 sit.—-
3380 3682 3473 3739 Os.
3510 3703 3637 3752 xm,

2069 3773 2159 3837 10,
2184 3788 2282 3843 pro
2314 3772 2557 3842 καίτοιγε
2586 3773 2765 3828 scribe
2791 3772 2931 3825 κατά
2958 3772 3017 3826 τὸ
3044 3774 3151 3844 γὰρ
3177 3815 3192 3838 ,
3219 3784 3271 3828 et
3302 3776 3461 3843 paulo
3514 3790 3637 3845 post

2068 3879 2166 3935 pro
2196 3863 2367 3934 κρίνει
2408 3865 2582 3934 κρινεί
2626 3877 2690 3916 ac
2737 3878 2835 3932 pro
2867 3863 2958 3914 ἐπὶ
3004 3863 3213 3928 τούτοις
3255 3865 3346 3916 ἐπὶ
3389 3866 3634 3932 τούτους.

2066 3955 2355 4018 Ibid—ti);
2379 3954 2443 4006 ἂν
2466 3953 2538 4023 μὴ
2559 3954 2939 4023 ἀντιπράττειν
2965 3954 3091 4023 ὑμῖν
3113 3955 3180 4008 τὰ
3207 3956 3466 4010 κάλλιστα
3493 3959 3638 4031 ὑπὲρ

2069 4047 2222 4119 ὑμῶν
2274 4044 2751 4116 διαπραττομένοις
2796 4042 3030 4116 δοκοίην.
3087 4046 3191 4101 Sed
3239 4050 3360 4103 cod.
3415 4050 3532 4106 Vat.
3564 4083 3639 4093 —-

2069 4138 2210 4209 ὑπὲρ
2256 4135 2462 4191 ἑαυτῶν
2518 4135 3017 4206 διαπραττομένοις.
3071 4168 3141 4179 -—
3183 4138 3307 4194 Hzec
3349 4141 3486 4196 bene
3538 4159 3639 4213 per

2068 4230 2300 4285 ironiam
2345 4228 2510 4283 dicta.
2559 4227 2634 4281 De
2677 4226 2873 4299 Wegn.
2904 4229 3133 4285 debebat
3174 4231 3639 4304 διαπραττόμενος

2068 4320 2329 4376 scribere.
2358 4349 2427 4361 --
2451 4318 2544 4373 Os.
2575 4333 2674 4372 xm
2698 4359 2713 4385 ,
2744 4319 2842 4383 15,
2885 4320 3070 4392 ἐπειδὴ
3115 4322 3292 4376 τοίνυν
3316 4324 3540 4395 αἰχμαλ.
3565 4356 3641 4369 —

2030 4410 2226 4480 .Conj.
2275 4411 2364 4464 ὲπ.
2400 4409 2554 4464 τονῦν
2600 4412 2755 4479 αίχμ.
2784 4439 2854 4450 -
2894 4409 3029 4466 Joel.
3069 4429 3127 4477 ιι,
3159 4414 3213 4475 2,
3250 4414 3427 4469 πάντα
3473 4420 3639 4471 καθε-

397 4503 566 4557 dorus
595 4516 718 4554 cum
747 4499 965 4567 juvenis
993 4495 1236 4552 Psalmos
1275 4495 1609 4565 explicaret,
1650 4495 1959 4552 accuratius

2071 4503 2250 4559 στῶτα
2278 4545 2295 4571 ,
2373 4503 2557 4557 malim
2634 4502 2841 4565 πάντας
2912 4503 3274 4569 καθεστῶτας.
3325 4537 3394 4547 -
3444 4510 3635 4567 Amos.

398 4594 594 4663 lingua:
624 4592 862 4644 rationes
893 4587 1178 4658 exposuit,
1216 4601 1387 4656 eoque
1431 4588 1600 4656 magis
1633 4602 1740 4655 quo
1782 4588 1963 4643 minus

398 4684 708 4755 hujusmodi
746 4698 834 4738 res
862 4683 930 4735 ab
953 4681 1073 4736 aliis
1099 4680 1486 4749 interpretibus
1511 4680 1810 4736 illustratas
1836 4697 1962 4737 esse

395 4778 634 4834 videbat.
683 4774 865 4841 Quare
892 4774 1086 4827 iterum
1118 4772 1423 4841 iterumque
1447 4772 1699 4827 lectorem
1737 4774 1962 4831 uberius

396 4869 455 4925 in
496 4868 837 4924 Psalmorum
888 4864 1331 4934 interpretatione
1367 4864 1642 4934 disputata
1694 4866 1963 4935 inspicere

394 4961 567 5032 jubet.
608 4960 929 5027 Quanquam
981 4956 1083 5009 hoc
1131 4971 1298 5009 unum
1356 4957 1513 5011 istam
1550 4958 1960 5017 conclusionem

396 5054 638 5117 conticit,
667 5052 809 5121 quod
841 5066 939 5104 cur
966 5049 1034 5104 de
1076 5048 1166 5101 illa
1209 5056 1510 5117 temporum
1549 5049 1793 5119 euallage
1820 5065 1957 5119 prae-

396 5146 555 5214 cipue
602 5146 655 5197 in
686 5143 1022 5198 Psalmorum
1077 5140 1567 5211 prophetarumque
1613 5144 1961 5200 enarratione

469 5298 546 5364 (α)
581 5295 712 5371 Yoc.
744 5292 1109 5371 εριίψιςιιιωη,
1138 5294 1372 5371 quodin
1412 5294 1532 5371 Act.
1568 5311 1734 5371 conc.
1758 5296 1948 5353 Const.

400 5383 437 5421 ιι
466 5360 665 5435 saepius
699 5360 887 5434 legitu'r
912 5360 1051 5420 Maio
1074 5360 1260 5435 judice
1289 5366 1321 5418 Ι.
1357 5368 1415 5428 1.,
1456 5365 1673 5420 librario
1704 5367 1951 5434 debetur,

400 5440 491 5506 qui
538 5452 644 5490 non
679 5437 1001 5508 intellexerit
1038 5438 1225 5491 littera:
1257 5436 1649 5508 compendium
1688 5454 1812 5492 eum
1861 5455 1956 5506 su-

403 5504 674 5576 perposita
730 5507 968 5578 lineola._
1000 5508 1220 5578 Contra
1257 5504 1407 5578 Vict;
1436 5504 1518 5578 _de
1564 5505 1756 5578 Wegn.
1820 5511 1855 5563 Ι.
1888 5504 1954 5576 1.,

401 5575 455 5646 p.
488 5593 596 5634 xw.
630 5576 1060 5630 commentarium
1088 5578 1186 5629 levi
1213 5576 1408 5645 ingenii
1436 5575 1556 5629 lusu
1597 5577 1650 5630 in
1674 5575 1956 5634 ‘commem

403 5659 510 5699 tum
545 5649 819 5715 opprobrii
854 5663 1018 5700 causa
1062 5655 1324 5698 lllltlallllll
1356 5661 1478 5700 esse
1516 5647 1790 5715 Opinatur.
1818 5647 1954 5705 Male

401 5727 647 5786 uterque.
675 5718 1048 5786 Cummeutum
1083 5716 1306 5786 SCI‘lOl'lS
1339 5719 1598 5783 temporis
1627 5719 1952 5773 vocabulum

400 5796 503 5850 est,
537 5784 643 5854 quo
677 5803 726 5839 ν.
766 5804 814 5842 c.
858 5788 968 5856 ipse
1000 5784 1126 5856 Fac.
1160 5801 1242 5856 ut,
1277 5785 1338 5856 6_.
1370 5800 1500 5856 usus
1529 5797 1629 5840 est.
1662 5786 1954 5856 Pompeius

396 5866 743 5912 carnulenta":
775 5853 907 5913 artis
939 5855 1127 5931 lluuati
1162 5854 1265 5924 (ed.
1300 5853 1389 5911 Fr.
1416 5855 1771 5914 Lindemaun.
1801 5853 1951 5931 Lips.

2062 4597 2321 4661 Promm.,
2365 4594 2461 4648 εἴτ’
2492 4591 2585 4649 οὖν
2612 4598 2739 4659 τοὺς
2774 4596 2994 4659 λοιποὺς
3039 4598 3161 4661 τοὺς
3216 4598 3315 4668 τῆς
3359 4599 3635 4669 βασιλείας

2061 4688 2275 4758 ἐκείνης
2302 4716 2387 4741 -.
2420 4684 2524 4739 Pro
2552 4683 2770 4748 λοιπούς
2815 4685 2916 4754 leg.
2952 4701 3148 4741 censeo
3183 4690 3513 4760 περιοίκους.
3562 4723 3637 4732 -

2060 4781 2183 4833 Am.
2212 4794 2284 4832 vn
2310 4818 2325 4843 ,
2360 4778 2454 4832 1-5
2474 4816 2490 4840 ,
2524 4776 2705 4847 μεῖζον
2736 4776 2917 4844 (codd.
2951 4778 3191 4849 μείζονα)
3223 4780 3449 4850 ἱλασμοῦ
3476 4813 3545 4823 ——
3574 4786 3643 4838 τὸ

2062 4870 2281 4941 πλῆθος.
2310 4870 2523 4922 -Αιιι,
2555 4883 2650 4933 vn,
2680 4867 2798 4934 4-6,
2837 4868 2957 4923 καθ’
2992 4870 3059 4940 ἠν
3107 4870 3306 4941 (δίκην)
3346 4872 3517 4926 ἀπασι
3564 4877 3645 4928 δι-

2071 4962 2257 5027 κάζειν
2290 4959 2444 5013 εῐωθε
2481 4961 2591 5023 τοῖς
2641 4960 2948 5033 ἀνθρώποις
2977 4970 2991 5027 (
3018 4961 3174 5017 codd.
3229 4963 3635 5037 ἀνθρωπίνοις).

2070 5084 2141 5094 -—
2171 5052 2312 5106 Abd.
2348 5065 2491 5105 vers.
2520 5051 2571 5114 1,
2603 5051 2697 5103 καὶ
2722 5053 2819 5120 τὴν
2845 5051 3187 5104 διδασκαλίαν
3214 5053 3323 5106 τῶν
3364 5058 3645 5127 ἐσομένων

2067 5143 2304 5216 ὡσπερεί
2339 5142 2520 5214 (codd.
2553 5143 2628 5207 ὡς
2662 5143 2806 5214 περί.
2830 5141 2954 5196 Mai.
2986 5151 3039 5196 et
3062 5143 3128 5197 de
3162 5144 3356 5216 chn.
3385 5149 3527 5215 conj.
3561 5149 3645 5215 ὼς

2053 5300 2211 5364 18Ξο,
2244 5300 2299 5371 8)
2334 5300 2579 5371 scripsit.
2612 5299 2829 5355 Exstitit
2860 5316 2924 5354 ex
2959 5301 3048 5354 illa
3093 5317 3225 5356 voce
3268 5303 3528 5361 Italorum
3593 5309 3644 5365 ἱι

2054 5382 2340 5424 commento
2356 5406 2368 5419 .

2123 5442 2194 5511 (ὁ)
2225 5439 2309 5495 Cl.
2340 5439 2531 5497 Leont.
2562 5442 2599 5494 l.
2630 5456 2703 5505 c.,
2725 5458 2779 5512 p.
2813 5438 2936 5506 690,
2972 5458 2990 5490 ι
3011 5470 3085 5512 —-_
3108 5445 3643 5512 et‘praemeditatin-

2055 5526 2178 5584 nem
2199 5520 2582 5584 exctecantem
2615 5512 2667 5564 in
2702 5510 2762 5584 δ.
2782 5511 2871 5567 Ps.
2896 5532 2918 5584 Dr
2965 5510 3119 5584 (cod.
3149 5510 3271 5567 Vat.
3296 5552 3311 5574 ,
3347 5514 3444 5584 τὴν
3493 5517 3646 5569 κατὰ

2054 5578 2160 5634 τῶν
2180 5581 2355 5658 ,ξερῶν
2379 5581 2624 5658 Ψαλμῶν
2644 5578 3353 5658 τυφλοποιὸνπροθειιιρίαν)
3374 5623 3387 5643 ,
3402 5578 3609 5638 ’Τιιυωιί
3626 5629 3639 5637 .

2058 5665 2145 5719 ap.
2178 5649 2305 5705 Fac.
2349 5668 2430 5713 ιιι,
2475 5649 2577 5703 6⁷η
2614 5649 2883 5722 —nmgis
2939 5649 3272 5722 negligenter
3329 5649 3648 5721 composita

2060 5729 2187 5793 sunt
2227 5722 2589 5793 plurimajsc.
2617 5722 2672 5775 in
2703 5721 2847 5778 Ps.a
2874 5721 3096 5790 me),’et
3125 5725 3357 5793 maxime
3392 5725 3484 5775 illa
3516 5742 3648 5793 quae

2056 5792 2230 5858 prima
2248 5801 2388 5844 sunt.
2405 5809 2422 5841 ι
2445 5792 2646 5865 _ltaque
2672 5793 2761 5849 illa
2786 5794 2905 5849 loca
2932 5808 2998 5849 ex
3029 5793 3130 5848 hac
3155 5792 3465 5865 προθεωρία
3487 5792 3657 5850 ευ...-

2061 5871 2151 5931 pta
2185 5875 2307 5917 esse
2335 5861 2516 5918 credo.
