3906 6208
293 308 360 373 IS
1050 323 1135 377 DE
1174 322 1521 379 TIIEODORI
1565 323 2047 380 MOPSUESTENI
2091 324 2249 377 VITA
2295 320 2379 375 ΕΤ
2422 320 2751 376 SCIIIPTIS.
3456 322 3522 375 46

293 433 477 503 παρὰ)
510 450 659 495 τινος
692 432 981 496 λαλοῦντος
1008 434 1279 505 ὑπήκουον
1306 464 1465 488 -ωρ-
1506 434 1642 489 Abd.
1679 436 1859 497 12-14,

1969 436 2125 498 ratio,
2156 451 2254 489 cur
2286 435 2441 489 elfata
2475 435 2635 487 modo
2673 434 2739 487 ad
2792 448 2877 487 res
2902 432 3213 486 Iudaeorum
3242 432 3521 503 Assyrias,

290 525 359 577 Τδ
387 526 460 594 μὴ
500 524 687 594 (codd.
721 524 843 594 μὲν)
877 525 1060 596 ἐπίδῃς
1089 526 1208 578 ἀντὶ
1246 526 1338 579 τοῦ
1382 528 1467 579 ἵνα
1500 528 1573 598 μὴ
1623 526 1863 595 ἐφησθῇς

290 612 432 677 λέγει
460 641 639 665 —.—-
669 610 794 665 Jon.
854 630 906 682 p.
943 613 1045 666 154
1073 652 1087 675 ,
1123 614 1209 667 διὰ
1254 622 1375 685 post
1418 615 1516 686 τὴν
1570 615 1864 686 παράδοξον

289 703 489 772 ταύτην
538 704 807 773 ἐργασίαν
851 720 1035 759 errore
1074 714 1261 758 natum
1303 706 1610 760 delendum.
1646 705 1860 759 -—.Ion.

292 812 328 855 t,
356 795 411 860 9.,
442 794 568 848 fort.
609 795 713 865 leg.
748 824 820 833 —
851 795 883 864 ἢ
917 798 989 865 μὴ
1015 796 1470 865 μεταϐαλομένοις
1492 798 1670 866 (codd.
1704 815 1864 867 μετα-

290 887 647 957 ϐαλομένους)
666 916 834 941 -.--
856 887 979 941 Jon.
1014 903 1053 949 t,
1080 889 1133 950 5,
1167 888 1242 951 ὡς
1269 888 1432 941 αὐτοῦ
1472 889 1545 957 μὴ
1592 889 1774 955 (codd.
1804 887 1863 939 τό

293 978 393 1046 γε)
422 978 807 1046 ἐπιφαίνεσθαι
854 981 911 1031 ὲν
962 981 1053 1044 (ὲν
1093 980 1145 1032 in
1192 978 1354 1033 codd.
1390 980 1562 1047 deest)
1595 981 1703 1042 τοῖς
1752 980 1865 1030 ἐκεῖ

292 1069 477 1129 τόποις
512 1068 648 1139 μηδὲ
692 1098 762 1107 -
797 1069 1145 1139 ἀνεχομένου.
1176 1099 1245 1108 -—-
1280 1067 1443 1122 Mich.
1499 1084 1550 1121 tv
1572 1108 1586 1132 ,
1620 1069 1719 1133 l5,
1768 1067 1863 1136 τὴν

293 1157 566 1209 ἀπώλειαν
606 1157 780 1225 λογιεῖ
833 1157 996 1228 (cod.
1049 1157 1168 1211 Vat.
1212 1157 1364 1228 λογιῇ
1397 1199 1411 1221 ,
1466 1158 1591 1212 cod.
1627 1155 1857 1210 Vindob.

294 1247 585 1313 ἀναλογιεί.
626 1247 701 1300 De
727 1245 917 1317 Wegn.
950 1248 1049 1317 legi
1082 1249 1289 1300 mavult
1312 1245 1616 1313 ἁναλογιεῖς
1642 1245 1705 1314 (?)
1734 1248 1748 1310 )
1786 1244 1862 1313 τῷ

296 1337 409 1407 Θεῷ
434 1368 603 1391 -—.—
635 1337 773 1390 Nah.
804 1354 862 1402 ιι,
893 1338 945 1402 8,
966 1337 1359 1408 -διήλλαττεν
1395 1336 1583 1407 (codd.
1614 1336 1862 1405 διήλλατ-

295 1431 411 1501 τον)
443 1459 614 1481 ——-.—
637 1428 772 1482 Nah.
810 1445 890 1491 ιιι,
934 1429 1021 1492 15,
1085 1429 1223 1481 Ἀλλ’
1251 1428 1399 1481 οὐδὲν
1436 1426 1585 1480 ἔσται
1621 1444 1701 1479 σοι
1730 1427 1863 1497 πρὸς

296 1520 570 1590 σωτηρίαν
600 1521 895 1591 μηχάνημα
924 1520 1066 1591 τότε.
1095 1519 1400 1572 τούναντίον
1428 1518 1525 1586 μὲν
1551 1512 1642 1571 οὖν
1676 1518 1863 1589 ὥσπερ

294 1610 367 1670 εἷς
390 1626 518 1661 τινα
542 1609 712 1678 πηλὸν
740 1590 954 1681 ἐμπέσῃ
986 1590 1045 1660 τδ
1088 1607 1315 1678 μέγεθος
1342 1607 1449 1661 τῶν
1480 1608 1681 1671 κακῶν,
1709 1608 1863 1676 δίκην

295 1700 513 1770 ἀχύρων
560 1702 619 1752 ἐν
651 1701 863 1768 ποιήσει
907 1701 1140 1753 πλίνθων
1175 1699 1638 1769 συμπατουμένων
1682 1715 1739 1750 τε
1771 1698 1864 1750 καὶ

1966 524 2126 578 modo
2177 525 2243 578 ad
2280 524 2634 595 Babylonicas
2657 563 2672 586 ,
2706 522 2866 577 modo
2917 521 2983 576 ad
3015 521 3391 576 illaehabaicas
3438 536 3523 575 re-

1964 617 2167 671 tulerit.
2200 615 2305 685 Ipsi
2346 618 2399 669 in
2433 616 2531 670 bas
2583 616 2770 671 illasve
2813 615 3087 684 prophetae
3130 614 3290 668 verba
3329 614 3525 668 melius

1964 707 2232 776 quadrare
2264 706 2606 760 videbantur.
2638 706 2742 760 Sed
2804 705 3067 774 quidquid
3116 704 3164 759 ei
3221 703 3522 769 videbatur,

1966 798 2016 849 id
2048 797 2102 851 in
2136 806 2281 850 tanta
2310 796 2773 867 interpretationis
2797 796 3011 850 licentia
3037 812 3103 848 ex
3124 794 3303 848 verbis
3331 807 3525 846 eruere

1964 906 2070 943 non
2101 890 2328 943 arduum
2360 900 2497 943 erat.
2534 890 2852 958 Quanquam
2885 888 2987 941 hoc
3038 887 3209 956 magis
3244 900 3271 937 a
3296 885 3523 954 reliquis

1965 979 2030 1035 V.
2066 979 2128 1033 Τ.
2164 981 2553 1050 interpretibus
2601 979 2802 1034 Grazcis
2863 977 3217 1032 commissum
3259 992 3367 1030 non
3413 984 3520 1029 tam

1966 1072 2253 1127 Theodoro
2282 1087 2443 1141 quam
2468 1072 2694 1142 tempori
2724 1084 2833 1139 quo
2865 1070 2997 1122 vixit
3023 1068 3151 1122 vitio
3180 1065 3520 1122 vertendum.

1969 1163 2153 1217 Voluit
2187 1164 2464 1217 licentiam
2503 1178 2754 1216 coercere
2776 1203 2790 1222 .
2823 1161 2915 1214 sed
2946 1176 3051 1213 non
3079 1160 3284 1229 potuit,
3316 1165 3369 1211 et
3393 1157 3520 1211 dum

1964 1254 2097 1307 alios
2126 1254 2247 1321 jure
2274 1253 2505 1305 licentiae
2540 1254 2854 1321 postularet,
2890 1252 3002 1319 ipse
3036 1253 3142 1305 alia
3198 1252 3408 1305 ratione
3456 1250 3523 1301 li-

1963 1345 2155 1399 centiae
2182 1344 2368 1396 vitium
2401 1342 2652 1396 incurrit.
2684 1342 2786 1395 Sed
2816 1341 3241 1396 commentarius
3264 1341 3525 1394 doctrina:

1965 1436 2232 1491 Theodori
2271 1437 2476 1490 rectius
2506 1434 2898 1505 cognoscendae
2953 1434 3293 1503 aliquatenus
3348 1434 3525 1487 inser-

1964 1530 2058 1582 vit.
2091 1527 2202 1580 Etsi
2228 1527 2369 1579 enim
2399 1526 2688 1595 prOpbetas
2715 1541 2835 1595 qum
2865 1524 3064 1579 Judaeis
3102 1540 3271 1593 usque
3302 1524 3367 1576 ad
3395 1530 3525 1576 tem-

1964 1634 2094 1689 pora
2140 1616 2488 1671 Machabaica
2548 1616 2859 1669 acciderent
2918 1616 3259 1685 portendisse
3312 1615 3522 1675 statuit.

1965 1709 2195 1778 quodam
2228 1715 2407 1761 tamen
2435 1707 2648 1759 vinculo
2676 1707 3063 1775 prophetarum
3090 1706 3249 1760 etiata
3284 1720 3405 1760 cum
3436 1721 3525 1759 re-

293 1791 823 1859 συναναφυρομένων
856 1790 933 1859 τῷ
972 1789 1127 1860 πηλῷ
1167 1791 1344 1857 (codd.
1382 1790 1669 1859 ὲμποιήσει
1715 1788 1859 1841 πλίν-

1965 1799 2065 1852 bus
2091 1797 2419 1851 Christianis
2472 1798 2841 1857 consticiavit,
2887 1811 3007 1850 cuin
3046 1796 3165 1849 aliis
3200 1795 3525 1861 rationibus,

294 1882 385 1933 θον
411 1880 863 1950 συμπατούμενόν
893 1897 951 1932 τε
976 1881 1069 1932 καὶ
1097 1880 1678 1950 συναναφυρόμενονμ)
1705 1898 1753 1932 τ.
1777 1880 1860 1949 τε.)

292 1972 349 2022 ἑν
370 1971 549 2024 ἅπασι
579 1973 691 2033 τοῖς
711 1972 829 2023 τότε
853 1970 1153 2041 φυρόμενος
1175 1972 1355 2039 (eudd.
1384 1972 1726 2044 φυρομένοις)
1756 1989 1857 2026 κα-

296 2064 411 2124 κοῖς
454 2062 552 2114 καὶ
574 2063 754 2125 αὐτός.
787 2062 852 2117 Η.
885 2077 935 2117 e.
969 2080 985 2113 ι
1013 2061 1390 2118 Verumtamen
1429 2071 1543 2116 tum
1573 2064 1719 2116 nulla
1765 2064 1858 2117 tibi

294 2154 396 2205 erit
428 2153 629 2208 salutis
663 2153 1013 2216 machinatio,
1038 2154 1146 2207 imo
1182 2155 1343 2209 veluti
1376 2156 1427 2208 in
1453 2156 1624 2208 lutum
1654 2155 1861 2208 incides

296 2245 347 2296 in
373 2245 646 2298 malorum
686 2246 1104 2315 magnitudinem
1134 2255 1189 2300 et
1218 2247 1492 2315 palearum
1526 2246 1720 2309 instar,
1744 2262 1862 2315 qua:

296 2348 415 2387 cum
446 2334 648 2389 lateres
673 2336 1053 2400 conﬁciuntur,
1084 2339 1479 2392 conculcantur
1502 2346 1556 2393 et
1579 2341 1691 2393 luto
1718 2356 1863 2393 com-

297 2426 632 2487 miscentur,
683 2428 933 2483 omnibus
964 2429 1108 2483 illius
1136 2430 1398 2499 temporis
1452 2432 1610 2485 malis
1661 2442 1712 2486 et
1748 2434 1863 2501 ipse

298 2517 800 2571 commisceberisa
833 2548 901 2556 —
938 2516 1136 2573 Habac.
1178 2536 1238 2582 ιι,
1270 2519 1324 2585 4,
1356 2522 1517 2573 Ὥστε
1563 2523 1861 2591 (ο‹ι‹1ι1.ιῐ›;)

295 2607 458 2659 sint
492 2625 581 2671 τις
606 2608 855 2678 ὀκνήσειε
877 2638 1038 2662 -—.—
1062 2609 1198 2664 Hab.
1230 2627 1290 2675 tl,
1321 2612 1408 2674 15,
1456 2613 1546 2665 τὸν
1591 2607 1729 2667 οἶνον
1772 2619 1863 2667 καὶ

298 2700 356 2751 τὸ
378 2701 556 2755 πίνειν
596 2701 759 2754 αὑτὸν
797 2703 888 2754 ἐπὶ
927 2702 1025 2772 τῆς
1070 2704 1354 2774 συμφορᾶς
1393 2704 1573 2765 (codd.
1602 2705 1697 2766 τὰς
1732 2723 1863 2776 Guy.-

304 2795 490 2864 φορὰς)
516 2794 688 2861 λέγει.
722 2825 790 2835 —
818 2795 981 2849 Zacb.
1011 2813 1049 2859 ι,
1084 2795 1136 2857 7,
1172 2794 1281 2847 τῶν
1323 2796 1418 2865 μὲν
1455 2797 1634 2849 ἵππων
1656 2798 1865 2866 amom-

297 2898 404 2935 των
451 2882 553 2953 τὴν
600 2883 872 2954 ταχύτητα
926 2884 1026 2954 τῆς
1063 2886 1432 2956 λειτουργίας,
1488 2887 1623 2941 ἀλλὰ
1665 2888 1720 2941 δὲ
1757 2890 1865 2943 τῶν

298 2975 526 3044 πυρῤῶν
548 2977 628 3043 (c.
672 2974 794 3028 Vat.
824 2977 970 3030 ἄλλοι
999 2977 1054 3029 δὲ
1086 2978 1291 3048 πυρρὸν
1315 2978 1379 3047 (?)
1401 3019 1414 3041 ,
1448 2994 1497 3033 c.
1546 2978 1698 3033 Vind.
1731 2982 1862 3034 ἀλλὰ

294 3066 350 3118 δὲ
372 3067 606 3138 πυρῤὸν)
642 3066 733 3119 τὸν
777 3066 965 3134 θυμὸν,
1005 3067 1064 3120 ὃν
1103 3068 1261 3121 κατὰ.
1286 3099 1354 3109 -—-
1380 3068 1543 3122 zach.
1579 3085 1653 3130 Ix,
1691 3071 1743 3133 9,
1780 3072 1860 3132 l0,

296 3158 535 3211 τοιοῦτόν
562 3160 679 3210 ἐστι
717 3158 890 3211 καὶτὸ
917 3159 1065 3228 παρὰ
1093 3159 1163 3229 (τ.
1190 3176 1249 3210 π.
1284 3163 1538 3212 omittunt
1559 3159 1742 3226 codd.)
1786 3161 1862 3231 τῷ

303 3268 341 3319 μ
401 3253 461 3302 Δ.
505 3250 613 3304 Sed
646 3248 783 3304 Joel.
834 3265 914 3312 ιιι,
966 3250 1165 3317 16-18,
1213 3252 1372 3305 verba
1418 3253 1474 3304 αἱ
1524 3253 1765 3306 εἰωθυῖαι
1794 3284 1863 3293 -

298 3341 527 3411 δωρεαί,
581 3341 801 3395 lectoris
856 3340 1137 3409 cujusdam
1188 3340 1760 3410 interpretamentum,
1808 3343 1861 3397 in

302 3441 503 3486 textum
542 3434 683 3486 male
716 3434 982 3487 invasisse
1019 3433 1292 3501 suspicor.

369 3517 443 3571 De
466 3518 840 3571 commentarii
877 3518 1076 3581 indole,
1119 3516 1275 3570 laude
1307 3529 1360 3572 et
1383 3517 1527 3572 vitiis
1548 3518 1751 3572 multus
1782 3528 1863 3572 est

299 3608 436 3674 Aug.
474 3604 649 3660 Maius
680 3605 714 3657 1.
746 3607 805 3668 1.,
842 3604 1026 3669 Paeti,
1062 3623 1112 3676 p.
1141 3623 1208 3661 xv
1236 3623 1352 3675 sq.;
1403 3622 1502 3676 ego
1536 3608 1724 3677 paucis
1766 3611 1862 3661 ab-

302 3698 700 3754 solvam.SoIet
721 3697 1040 3754 Theodorus
1071 3700 1182 3765 ubi,
1204 3715 1310 3769 quo
1333 3709 1573 3769 tempore
1603 3700 1859 3769 propheta

300 3791 626 3843 vaticinatus
653 3791 744 3853 sit,
783 3806 920 3859 quas
950 3806 1036 3845 res
1071 3791 1401 3859 praedixerit,
1431 3800 1483 3844 et
1512 3805 1620 3859 qua
1650 3792 1858 3846 ratione

297 3882 416 3949 ejus
466 3881 629 3936 effata
678 3897 801 3935 cum
852 3882 1013 3936 rebus
1074 3880 1402 3935 Christianis
1458 3881 1865 3935 continerentur

299 3972 496 4031 dicere,
528 3971 843 4040 plerumque
867 3972 980 4038 ipsa
1022 3971 1293 4040 propheta:
1321 3970 1482 4023 verba
1515 3986 1579 4023 ex
1612 3969 1750 4023 LXX
1786 3973 1865 4025 inc

299 4065 689 4132 terpretatione
717 4068 792 4133 (a)
823 4063 1015 4118 ail‘erre
1047 4078 1218 4131 eaque
1243 4063 1538 4132 explicare.
1568 4063 1701 4117 Cum
1731 4078 1863 4117 vero

300 4156 583 4209 sententiae
624 4156 909 4209 verborum
954 4154 1299 4208 enucleandae
1331 4155 1563 4208 maxime
1606 4165 1750 4209 esset
1781 4157 1862 4208 in-

298 4254 520 4305 tentus,
571 4245 739 4297 missa
775 4241 1123 4313 ἀκριϐολογὶᾳ
1171 4242 1237 4296 de
1269 4243 1429 4297 rebus
1473 4259 1593 4310 qua:
1622 4243 1756 4313 πρὸς
1804 4245 1862 4296 τὸ

299 4335 477 4404 νόημα
518 4335 653 4387 nihil
679 4334 937 4395 facerent,
970 4349 1023 4387 v.
1052 4348 1099 4385 c.
1128 4330 1195 4386 de
1220 4332 1446 4387 urbibus
1481 4333 1678 4400 ignotis
1698 4374 1713 4395 ,
1744 4350 1862 4401 quze

297 4442 353 4481 et
380 4428 470 4480 ubi
503 4426 734 4481 fuissent
767 4424 883 4495 (cf.
914 4425 1033 4478 Am.
1086 4440 1163 4481 vt.
1192 4425 1246 4487 9,
1281 4424 1386 4488 IO;
1437 4439 1487 4493 p.
1530 4423 1657 4485 227,
1695 4440 1767 4484 ix,
1808 4423 1856 4483 7,

1964 1897 2076 1939 tum
2116 1902 2181 1939 eo
2231 1894 2535 1939 commotus
2560 1927 2572 1944 .
2603 1887 2744 1955 quod
2802 1900 2917 1939 loca
2958 1884 3020 1938 V.
3052 1884 3115 1938 T.
3162 1885 3215 1938 in
3247 1883 3311 1938 N.
3345 1884 3410 1937 ad
3442 1900 3537 1951 res,

1962 1974 2300 2029 Christianas
2335 1976 2685 2029 referrentur.
2715 1975 2888 2042 Atque
2921 1974 3229 2043 hujusmodi
3283 1974 3399 2027 loca
3435 1974 3526 2027 ubi

1965 2068 2351 2134 interpretatur
2373 2108 2386 2127 ,
2442 2066 2552 2120 fere
2597 2066 2817 2120 uberius
2868 2066 3089 2135 exponit
3124 2066 3248 2134 quid
3278 2067 3343 2120 de
3374 2064 3433 2117 ν.
3459 2065 3523 2121 Τ.

1965 2160 2162 2212 sentiat
2187 2167 2240 2213 et
2272 2175 2391 2227 qua:
2430 2158 2622 2211 horum
2658 2159 2922 2221 locorum,
2963 2174 3082 2227 qua:
3110 2158 3281 2226 primo
3307 2157 3524 2226 quidem

1964 2254 2098 2306 alias
2126 2266 2212 2305 res
2244 2251 2453 2304 futuras
2483 2250 2839 2313 iudicassent,
2873 2251 3011 2302 ratio
3039 2266 3160 2302 cum
3199 2250 3529 2304 rebusChri-

1964 2343 2157 2397 stianis
2188 2342 2280 2407 sit,
2311 2350 2563 2412 typorum
2596 2356 2695 2411 Ope
2726 2342 2999 2411 explanat.
3033 2372 3103 2379 —
3138 2342 3294 2395 Clare
3328 2350 3381 2395 et
3409 2358 3528 2410 per-

1965 2433 2149 2501 spicue
2174 2447 2297 2486 cum
2326 2433 2565 2486 scribere
2593 2432 2769 2495 vellet,
2790 2432 3007 2485 easdem
3033 2432 3331 2486 sententias
3359 2433 3526 2486 etiam

1962 2534 2123 2594 atque
2155 2526 2317 2580 etiam
2352 2524 2584 2593 repetiit,
2607 2532 2659 2577 et
2689 2522 2924 2591 periodis
2952 2539 3084 2579 usus
3116 2533 3200 2578 est
3222 2540 3359 2594 quas
3381 2538 3524 2593 argre

1970 2619 2142 2688 primo
2169 2617 2363 2671 obtutu
2392 2614 2713 2684 perspicias.
2755 2613 2829 2667 lta
2856 2614 3030 2686 stylus
3057 2615 3321 2670 verbosus
3343 2653 3356 2676 ,
3386 2615 3525 2669 sale-

1968 2715 2164 2764 brosus
2206 2717 2260 2763 et
2318 2707 2589 2761 obscurus
2642 2706 2909 2762 redditus.
2942 2704 2998 2759 In
3056 2707 3293 2777 periodis
3345 2714 3526 2760 autem

1965 2798 2360 2855 constituendis
2422 2800 2708 2870 verbisque
2773 2798 3039 2869 eligendis
3101 2814 3161 2851 ea
3219 2799 3527 2853 constantia

1964 2898 2210 2946 versatus
2243 2898 2346 2955 est,
2382 2905 2541 2960 quam
2580 2890 2669 2944 vix
2717 2891 2771 2944 in
2804 2891 2913 2943 ullo
2966 2890 3073 2944 alio
3125 2892 3389 2961 scriptore
3437 2891 3530 2944 (Ic-

1967 2980 2289 3051 prehendas.
2317 2980 2581 3035 Caeterum
2620 2979 2794 3033 oratio
2818 2977 3006 3033 Gra'ca
3038 2980 3342 3035 laudabilis.

1828 3113 1860 3174 ζ’
1892 3114 1932 3170 C
1969 3116 2028 3170 ι).
2058 3114 2438 3170 Commentarii
2460 3116 2512 3167 in
2548 3113 2760 3175 Jobum,
2796 3115 3145 3168 Ecclesiasten
3175 3128 3222 3169 et
3249 3116 3527 3171 Canticum

2573 3188 2916 3237 canticorum.

2036 3318 2304 3371 Theodori
2341 3320 2393 3370 in
2428 3316 2621 3370 Jolmm
2660 3319 3037 3371 commentarii
3069 3318 3174 3387 (cf.
3210 3324 3328 3374 Aet.
3368 3338 3523 3376 conc.

1964 3409 2150 3464 Const.
2184 3426 2243 3470 ιι,
2274 3425 2345 3473 ιγ,
2387 3408 2571 3481 65-67)
2595 3427 2611 3475 ;
2638 3407 2827 3464 Leont.
2867 3410 2905 3464 1.
2931 3426 3003 3476 c.,
3038 3426 3088 3478 p.
3124 3412 3247 3477 690,
3284 3433 3380 3464 ¢—-
3408 3429 3529 3482 qua

1966 3518 2101 3556 vane
2130 3500 2427 3555 elaboravit
2455 3530 2523 3541 οη-
2552 3501 2606 3554 ἰιι
2646 3500 2839 3554 librum
2884 3510 3073 3555 contra
3118 3501 3283 3562 Job,»
3335 3502 3524 3560 Ebedi.

1965 3594 2000 3646 l.
2029 3609 2101 3653 c.,
2156 3608 2207 3662 p.
2255 3595 2315 3646 ’51
2349 3611 2360 3645 :
2400 3613 2417 3645 ι
2447 3623 2514 3633 -
2553 3591 2655 3648 Job
2684 3593 2898 3648 duobus
2941 3594 3101 3648 tomis
3151 3593 3217 3646 ad
3266 3594 3525 3665 Cyrillum

1963 3683 2252 3739 Alexandr.
2279 3702 2325 3739 ,ι
2371 3684 2560 3739 dubito
2592 3700 2696 3747 an,
2746 3684 2989 3753 exceptis
3028 3683 3095 3737 iis
3133 3699 3251 3751 qua:
3302 3685 3356 3737 in
3404 3685 3524 3737 Aet.

1964 3792 2121 3829 conc.
2156 3775 2343 3829 Const.
2381 3790 2442 3839 tt,
2467 3775 2505 3829 l.
2544 3777 2577 3829 l.
2614 3776 2902 3846 leguntur,
2937 3776 3102 3828 multa
3142 3784 3352 3829 aetatem
3388 3778 3527 3831 tule-

1964 3873 2092 3920 rint.
2121 3865 2451 3920 Memoratur
2491 3874 2671 3921 tamen
2702 3863 3022 3920 Theodorus
3061 3866 3114 3918 in
3154 3866 3272 3920 Cat.
3310 3867 3527 3921 ineditis

1965 3957 2104 4011 inter
2124 3958 2518 4025 explicatores;
2543 3956 2617 4010 cf.
2650 3966 2758 4011 cat.
2787 3957 2965 4011 Vatic.
2996 3957 3259 4010 vetustior
3286 3965 3339 4011 et
3385 3975 3528 4027 quae»

1964 4049 2086 4102 dam
2127 4050 2292 4102 altera
2352 4049 2623 4103 recentior
2645 4089 2658 4109 ,
2691 4049 2813 4104 cod.
2853 4047 2870 4099 l
2898 4048 3166 4101 Vincentii
3199 4048 3406 4102 Pinelli.
3437 4049 3523 4103 tif.

1964 4140 2243 4195 Possevini
2279 4140 2537 4207 Apparat.
2588 4156 2634 4191 ε.
2689 4136 2751 4201 11,
2788 4154 2843 4208 p.
2887 4138 3013 4200 269,
3045 4138 3182 4203 270;
3227 4137 3346 4192 Cat.
3400 4139 3521 4191 cod.

1962 4232 2082 4286 XXI
2118 4233 2249 4286 bibl.
2281 4232 2445 4285 Marc.
2480 4229 2679 4285 .Vettet.
2709 4249 2722 4294 ;
2760 4230 2835 4283 cf.
2868 4230 3071 4283 Morell.
3101 4231 3219 4293 1.1.,
3258 4229 3295 4293 Ι,
3327 4246 3378 4298 p.
3413 4230 3525 4298 58;

1962 4323 2081 4376 Cat.
2114 4321 2233 4375 cod.
2268 4319 2473 4375 CXCIV
2504 4321 2634 4375 bibl.
2662 4320 2828 4374 Coisl.
2862 4337 2875 4386 ;
2910 4322 2981 4373 cf.
3015 4319 3198 4373 Menti.
3231 4320 3299 4374 Β.
3334 4320 3524 4386 C0isl.,

1962 4430 2014 4483 p.
2044 4413 2145 4467 ⁸247
2170 4429 2183 4477 ;
2213 4412 2330 4466 Cat.
2363 4412 2482 4467 cod.
2514 4410 2700 4465 XXVII
2731 4412 2861 4465 bibl.
2886 4411 3023 4466 Med.
3061 4412 3220 4467 Laur.
3246 4430 3259 4477 ;
3287 4413 3357 4466 cf.
3386 4413 3526 4468 Ban-

302 4520 732 4591 ³1.)’ίηιθιιάυ[η
771 4481 1166 4589 ‘prophemrum
1196 4481 1332 4585 quas
1371 4481 1594 4585 'pulaba;
1643 4481 1860 4569 έρηίρη.
1894 4481 1935 4534 D
1964 4481 2079 4559 diu.
2118 4504 2153 4557 1.
2188 4504 2252 4565 1.,
2292 4503 2334 4568 l,
2379 4519 2431 4573 p.
2474 4504 2562 4557 52.
2594 4501 2697 4557 Sed
2737 4510 2929 4556 catena
2977 4504 3152 4571 primo
3188 4504 3306 4557 loco
3349 4506 3527 4573 posita

303 4613 402 4665 tias
427 4609 802 4663 tantummodo
827 4607 947 4661 aliis
976 4607 1154 4662 verbis
1175 4604 1430 4666 reddidit,
1453 4604 1651 4673 smpius
1677 4613 1858 4657 tamen

301 4716 451 4753 suam
476 4700 980 4768 interpretationem
1020 4698 1215 4766 lingua:
1248 4704 1303 4750 et
1332 4710 1511 4750 rerum
1556 4695 1860 4748 rationibus

299 4794 457 4847 etiam
487 4794 698 4847 munire
721 4792 944 4863 studuit,
974 4790 1244 4859 praecipue
1267 4802 1395 4843 vero
1430 4788 1698 4856 imagines
1716 4787 1858 4839 haud

298 4900 422 4938 raro
454 4894 603 4939 recte
647 4883 863 4953 quidem
918 4882 1189 4951 exposuit.
1222 4880 1466 4933 Aliorum
1503 4880 1855 4947 interpretum

299 4976 597 5030 sententias
626 4990 748 5029 raro
804 4975 1019 5035 attulit,
1052 4974 1230 5027 rarius
1261 4971 1533 5025 refutavit.
1578 4969 1851 5036 Quemad—

298 5065 516 5119 modum
546 5076 723 5118 autem
747 5065 1030 5134 permulta,
1066 5063 1263 5132 quibus
1293 5077 1419 5115 suas
1466 5060 1853 5129 explicationes

301 5155 551 5217 ﬁrmavit,
584 5155 932 5209 fundamento
952 5161 1159 5214 carent,
1187 5154 1273 5207 cui
1298 5162 1441 5207 recte
1465 5153 1620 5205 inniti
1652 5151 1851 5221 possis,

306 5248 370 5298 ita
422 5262 552 5315 vaga
602 5249 761 5298 etiam
817 5254 868 5300 et
923 5246 978 5298 in
1041 5241 1312 5297 Theodori
1352 5241 1575 5295 arbitrio
1619 5242 1725 5294 sita
1772 5248 1855 5293 est

366 5410 444 5531 (αλ
473 5407 622 5461 Hanc
650 5407 952 5461 versionem
985 5404 1203 5457 maximi
1237 5403 1379 5465 fecit,
1408 5400 1685 5473 Syriacam
1714 5416 1846 5455 con-

366 5500 376 5531 ι
450 5481 565 5531 oeci
603 5477 874 5531 pependit.
915 5472 1063 5526 Illam
1100 5475 1245 5527 viros
1295 5473 1490 5531 lingua:
1525 5471 1758 5525 Hebraea:
1794 5479 1846 5526 et

294 5471 382 5533 :ra'
414 5471 565 5531 ﬂocci
603 5472 1063 5547 pependitalllam
1100 5475 1245 5527 viros
1295 5471 1490 5547 lingua:
1525 5471 1758 5547 Hebraeae
1794 5479 1848 5526 et

299 5542 622 5617 Scripturaf
670 5542 1039 5617 peritissimos
1097 5551 1150 5617 et
1217 5543 1457 5612 pontilici
1527 5542 1849 5617 populoque

299 5611 596 5673 Israelitico
624 5611 885 5685 probatos
907 5611 1461 5685 confecisse'eamque
1491 5611 1558 5685 a_b
1585 5613 1848 5685 ap_oslnl_is

300 5703 565 5759 receptam
602 5676 714 5759 jam
766 5688 831 5759 in,
853 5676 1389 5759 Ecclesiaatlbiberi'
1424 5679 1579 5751 (πῶς
1605 5676 1703 5759 οὖν
1749 5683 1847 5759 ad):

299 5750 517 5827 ἀνὸηέον
541 5750 699 5827 νοξιὶζ
706 5774 804 5817 ειν,
819 5758 897 5827 ὅτι
920 5756 973 5827 οἱ,
995 5752 1501 5827 μὲν-Ἐὀᾷομὴιιοντα
1521 5780 1589 5827 —_—
1602 5750 1852 5827 5t£_G:Lpﬁ)t-

298 5821 447 5884 ὶοεηο
479 5821 620 5901 περῖ
640 5828 803 5894 λέξιν,
827 5826 875 5881 οἳ
897 5821 1117 5893 καιπρὺ
1142 5822 1319 5891 πάσης
1343 5821 1633 5894 ἑρμηνείας
1656 5822 1850 5894 ᾔδεσαν

1959 4596 2145 4650 eadem
2177 4593 2389 4648 videtur
2418 4610 2540 4650 esse
2574 4610 2738 4664 quam
2773 4595 2836 4647 A.
2867 4593 3040 4649 Maius
3066 4595 3182 4657 1.1.,
3221 4594 3259 4657 l,
3295 4612 3348 4666 p.
3387 4613 3522 4662 xm,

1960 4702 2124 4739 unum
2158 4685 2427 4740 Theodori
2458 4687 2634 4739 locum
2669 4686 3029 4755 eumdemque
3067 4702 3131 4739 ex
3178 4686 3298 4755 ejus
3324 4690 3376 4739 in
3417 4687 3523 4741 Ζα-

1958 4778 2193 4831 cltariam
2225 4778 2616 4832 commentario
2646 4778 2870 4846 petitum
2906 4778 3185 4832 continere
3217 4780 3483 4848 perbibet.

2032 4870 2303 4924 Theodori
2347 4869 2415 4923 de
2440 4869 2579 4924 libro
2608 4866 2729 4922 Jobi
2777 4870 3041 4922 sententia
3080 4872 3179 4939 (v.
3216 4871 3409 4939 fragm.
3468 4871 3524 4927 in

1964 4962 2083 5013 Act.
2118 4975 2275 5014 conc.
2306 4959 2495 5015 Const.
2530 4977 2588 5023 ιι,
2616 4960 2650 5012 1.
2698 4960 2732 5012 1.
2771 4968 2824 5014 et
2854 4959 3044 5013 Leont.
3083 4961 3116 5012 I.
3147 4974 3222 5023 c.,
3255 4976 3307 5029 p.
3350 4960 3452 5013 687
3481 4963 3523 5032 ),

1964 5069 2082 5123 quae
2120 5068 2251 5107 sane
2298 5052 2617 5107 ortbndoxis
2646 5054 2985 5107 stomachum
3015 5067 3231 5105 movere
3271 5053 3524 5121 debebat,

1966 5148 2071 5200 huc
2096 5145 2256 5200 redit.
2279 5145 2450 5200 Jobus
2486 5160 2515 5197 a
2541 5145 2804 5213 scriptore
2842 5143 2961 5197 libri
2997 5144 3162 5212 probe
3206 5145 3526 5199 discernen-

1966 5239 2087 5291 dus.
2129 5235 2221 5291 Ille
2251 5238 2411 5290 homo
2439 5246 2554 5289 erat
2583 5236 2850 5289 barbarus
2880 5276 2892 5296 ,
2928 5233 3174 5287 Edomita
3214 5251 3443 5297 genere,
3471 5243 3525 5288 et

1947 5402 2161 5463 πάντως
2194 5399 2252 5452 τὸ
2298 5400 2353 5450 ἐν
2379 5400 2447 5468 τῇ
2481 5396 2598 5466 θείᾳ
2636 5394 2884 5468 κείμενον
2913 5396 3095 5465 γραφῇ
3131 5409 3236 5468 τ-;
3270 5409 3320 5460 p.
3348 5392 3453 5445 25%
3481 5392 3523 5455 ),

1948 5471 2091 5525 hanc
2121 5462 2250 5523 vero
2291 5483 2319 5521 a
2368 5462 2505 5536 ενι-ο
2536 5462 2771 5536 quodam
2806 5462 2991 5536 ignoto
3032 5462 3339 5536 profectam
3371 5477 3516 5536 esse.

1944 5540 2209 5595 Prmterea
2242 5531 2439 5608 saepius
2471 5531 2697 5608 (p.265)
2737 5536 2788 5588 in
2818 5531 3523 5608 Gaupaarobg‘uueokdyou;

1944 5612 2053 5664 τῶν
2100 5610 2285 5679 Σύρων
2319 5601 2381 5661 ἐι
2422 5601 2824 5679 ΣυριακούςΑτε
2865 5601 2954 5679 κει
2998 5602 3263 5679 ςτςιᾳώὲις
3316 5601 3521 5670 μύθους

1947 5670 2241 5744 invehitur,
2268 5670 2573 5747 Cujusutodi
2601 5675 2949 5747 verbis_l_ta_ud
2980 5670 3142 5747 dubie
3164 5670 3514 5747 Epllll‘iBII-llltit

1954 5753 2115 5805 etiam
2151 5740 2377 5809 notavit.
2409 5748 2492 5803 Cf.
2525 5746 2746 5802 omnino
2794 5744 2993 5797 Ilabac.
3026 5760 3088 5808 ιι,
3122 5743 3179 5796 Il
3214 5758 3228 5808 ;
3274 5740 3439 5809 Soph.
3473 5752 3516 5805 ι,

1956 5820 2089 5888 4-6;
2123 5835 2203 5886 ιιι,
2244 5820 2297 5885 1,
2331 5821 2383 5873 2.
