3898 6228
304 315 421 415 ‘17

354 453 593 524 probus,
639 450 796 521 cujus
845 448 1074 505 historia
1129 467 1147 501 ι
1184 452 1419 507 maxima
1471 458 1525 504 et
1569 450 1715 504 clara
1746 449 1798 502 in
1828 463 1922 501 ore

350 544 592 597 omnium
649 542 901 596 similiter
934 539 1208 595 ferebatur
1234 580 1249 605 ,
1286 555 1393 594 non
1426 541 1602 594 solum
1637 538 1921 593 Israelitici

351 636 586 704 generis,
623 634 717 688 sed
742 641 795 687 et
813 633 1077 698 aliorum;
1113 647 1272 701 quem
1303 633 1467 685 etiam
1503 631 1794 684 clariorem
1830 628 1922 683 Dei

350 726 720 780 testimonium
752 723 1000 787 faciebat,
1036 723 1181 791 quod
1224 721 1427 777 factum
1465 730 1549 777 est
1579 721 1645 775 ad
1687 720 1922 791 prophe-

353 828 483 880 tam,
528 838 545 868 ι
574 818 662 871 hic
685 817 966 886 gentilium
997 816 1195 870 fabulis
1218 816 1457 869 imbutus
1475 823 1591 869 erat
1612 821 1665 867 et
1687 815 1923 865 humana

352 910 652 980 prudentia.
697 908 764 962 Et
816 909 905 963 hic
945 910 1161 979 quidem
1195 908 1240 964 si
1276 909 1438 961 vitam
1469 905 1590 961 Jobi
1614 948 1629 971 .
1683 913 1742 959 ut
1780 912 1919 970 erat,

350 1010 693 1064 enarrasset,
748 1002 948 1056 librum
999 998 1405 1071 composuisset
1437 998 1719 1051 hominum
1755 995 1922 1049 mori-

354 1093 455 1147 bus
507 1090 865 1147 emendandis
921 1090 1303 1160 aptissimum,
1363 1102 1538 1157 neque
1596 1087 1665 1142 iis
1713 1086 1806 1157 qui
1855 1085 1923 1140 de

352 1182 552 1252 Script.
598 1182 655 1239 S.
688 1199 798 1237 non
852 1197 915 1237 ea
968 1196 1074 1251 qua
1116 1181 1271 1236 decet
1319 1179 1623 1233 reverentia
1670 1177 1922 1248 judicent

351 1276 698 1330 occasionem
731 1274 1057 1345 praebuisset
1086 1274 1186 1342 ipsi
1221 1269 1357 1325 Jobo
1383 1270 1752 1325 conviciandi.
1778 1267 1920 1334 Quid

349 1368 537 1421 enim?
570 1366 708 1421 Num
765 1366 913 1421 cadit
970 1366 1022 1418 in
1078 1365 1254 1418 virum
1307 1364 1600 1418 honestum
1655 1362 1791 1415 mira
1830 1361 1921 1415 illa

350 1459 661 1513 exsecratio
696 1475 817 1529 cap.
853 1476 910 1512 ιιι
938 1459 1257 1527 consignata
1283 1459 1306 1510 ’ἔ
1336 1456 1442 1511 Sed
1475 1458 1581 1511 alia
1612 1459 1775 1512 etiam
1817 1456 1921 1509 fin-

352 1554 449 1615 xit,
482 1570 532 1605 ν.
566 1567 615 1606 c.
650 1549 846 1607 Jobum
880 1550 1043 1605 filiam
1087 1548 1412 1619 Ἀμαλθείας
1436 1548 1603 1619 κέρας
1640 1547 1797 1617 (xui,
1831 1547 1920 1616 Η)

350 1642 677 1712 appellasse.
733 1641 958 1695 Scilicet
1004 1640 1264 1710 superbia
1305 1640 1483 1694 elatus
1511 1678 1526 1703 ,
1582 1648 1640 1693 ut
1689 1640 1922 1694 lectores

348 1736 719 1791 Graecanicam
752 1750 909 1789 suam
938 1732 1303 1788 eruditionem
1350 1740 1790 1801 cognoscerent,
1830 1730 1920 1784 illa

350 1828 578 1883 addidit.
611 1826 848 1881 Omnino
905 1825 1143 1894 tragmdi
1203 1824 1376 1878 instar
1423 1825 1631 1899 librum.
1681 1824 1918 1894 scripsit,

350 1936 460 1989 quo
510 1917 799 1987 cupiditati
855 1915 1039 1986 gloria:
1087 1914 1191 1969 sibi
1246 1915 1500 1984 parandae
1558 1914 1919 1975 satisfaceret,

357 2030 374 2062 ι
406 2025 511 2064 non
558 2010 807 2078 cogitans
869 2006 1013 2076 quod
1060 2008 1227 2059 niulta
1291 2004 1594 2059 differentia
1651 2012 1736 2059 est
1782 2005 1925 2057 inter

354 2099 634 2154 historiam
664 2097 798 2166 justi
829 2093 1129 2150 secundmn
1153 2090 1351 2147 divinae
1380 2092 1498 2147 Scr.
1527 2102 1579 2146 et
1604 2093 1925 2162 simplicita-

356 2200 464 2242 tem
498 2196 551 2243 et
584 2186 947 2241 subtilitatem
990 2184 1325 2255 propositam
1368 2192 1418 2238 et
1452 2184 1592 2237 inter
1636 2185 1797 2238 verba
1831 2198 1931 2238 sn-‘

354 2278 559 2350 perflua
574 2286 627 2333 et
658 2276 724 2331 ad
739 2277 1115 2347 probationem
1135 2275 1389 2329 conficta.
1415 2294 1430 2325 ι
1458 2273 1922 2339 Quemadmodum

353 2371 499 2425 enim
527 2368 756 2438 tragoedi
786 2383 844 2422 re
872 2367 1094 2436 quidem
1121 2366 1395 2432 nituntur,
1419 2381 1540 2435 qua:
1575 2364 1626 2417 in
1661 2366 1805 2435 vulgi
1832 2380 1926 2418 ore

353 2469 645 2522 versatur,
678 2474 788 2529 quo
828 2458 1013 2512 fabula
1071 2457 1334 2526 majorem
1384 2457 1632 2512 veritatis
1688 2458 1924 2527 speciem

354 2550 575 2614 referat,
605 2550 699 2605 sed
724 2558 785 2603 ιιι
814 2564 966 2604 suam
998 2556 1209 2602 tantum
1244 2556 1416 2603 artem
1439 2557 1493 2603 et
1520 2548 1846 2617 sapientiam
1873 2548 1925 2600 in

354 2642 748 2713 componendis
786 2640 1073 2709 tragcediis
1107 2640 1340 2710 probent
1362 2678 1378 2701 ,
1423 2654 1685 2710 personas
1720 2638 1927 2708 fingunt

354 2750 558 2804 easque
588 2748 650 2788 ea
692 2734 979 2801 loquentes
1014 2731 1259 2796 faciunt,
1296 2730 1498 2799 quibus
1527 2731 1628 2800 ipsi
1663 2730 1927 2784 clariores

356 2828 489 2881 fiant
514 2866 530 2890 ,
554 2826 629 2879 ita
658 2832 717 2879 ut
750 2824 871 2878 laus
915 2832 1009 2877 aut
1062 2823 1390 2892 vituperatio
1419 2823 1706 2877 verborum
1739 2838 1845 2875 non
1874 2823 1928 2875 in

356 2932 623 2989 personas
658 2916 808 2980 illas,
846 2917 940 2969 sed
988 2917 1042 2969 in
1096 2914 1294 2969 fabulae
1322 2914 1642 2984 scriptorem
1680 2914 1923 2968 Confera-

357 3020 487 3065 tur:
522 3009 604 3063 sic
638 3007 728 3064 ille
752 3009 918 3063 etiam
952 3023 1075 3061 cum
1128 3008 1183 3061 in
1222 3006 1503 3061 historiam
1544 3005 1603 3057 Β.
1633 3004 1752 3059 .lobi
1792 3006 1927 3058 inci-

358 3104 549 3167 disset,
581 3101 770 3172 gloriae
802 3116 971 3156 causa
1000 3099 1199 3153 librum
1228 3097 1556 3167 conscripsit
1579 3113 1754 3166 neque
1782 3112 1925 3151 com-

362 3203 545 3250 menta
571 3192 731 3261 fugit.
774 3178 962 3260 Itaque
997 3189 1278 3243 diabolum
1326 3202 1451 3241 cum
1486 3185 1595 3239 Deo
1631 3186 1932 3240 introduxit

362 3293 660 3340 certantem
705 3282 789 3352 (ι,
834 3282 988 3347 742;
1031 3280 1293 3351 11,2-6),
1347 3295 1627 3335 sermones
1660 3320 1674 3341 ,
1734 3279 1932 3349 quibus

363 3375 532 3428 multa
560 3372 811 3443 peccavit
838 3414 852 3438 ,
892 3382 1054 3442 prout
1107 3373 1304 3437 libuit,
1342 3371 1504 3425 modo
1532 3372 1681 3440 justo
1720 3372 1929 3436 tribuit,

364 3465 526 3521 modo
563 3465 757 3520 amicis
803 3466 877 3531 (c.
916 3465 1148 3536 tit—5|);
1181 3465 1373 3519 deinde
1409 3463 1565 3518 Elihu
1624 3465 1928 3527 arcessivit,

362 3557 455 3628 qui
478 3556 665 3611 multis
682 3556 991 3627 opprobriis
1008 3555 1205 3611 Jobum
1233 3554 1412 3610 affecit
1432 3567 1503 3624 te.
1522 3556 1932 3622 xuii-xxxvii),

367 3663 540 3717 neque
569 3648 792 3703 erubuit
820 3646 1018 3701 divinae
1059 3661 1305 3717 personae
1347 3647 1450 3702 ceti
1493 3646 1805 3717 figmentum
1840 3647 1937 3699 tri-

365 3741 530 3793 buere
588 3739 674 3800 (c.
707 3741 820 3809 xu)
851 3746 906 3793 et
941 3758 958 3790 ι
988 3738 1415 3794 nominationem
1464 3736 1587 3792 filiae
1622 3754 1690 3792 ex
1739 3737 1937 3792 fabulis

365 3828 645 3897 paganicis
678 3838 947 3899 arreptam
977 3827 1037 3882 B.
1070 3826 1207 3884 Jobo
1237 3829 1533 3900 applicare.
1560 3848 1577 3880 ι
1599 3809 1752 3899 (χιιι,
1782 3828 1892 3900 14.)

436 3917 516 3971 Ex
544 3918 632 3973 his
656 3917 815 3973 facile
843 3919 1074 3989 colligas
1106 3920 1198 3989 qui
1235 3921 1323 3975 hic
1352 3919 1622 3974 Theodori
1656 3935 1939 3973 commen-

368 4009 541 4063 tarius
570 4023 601 4061 a
626 4008 857 4077 reliquis
882 4008 1137 4063 diversus
1170 4008 1354 4063 fuerit.
1421 4008 1605 4076 Neque
1627 4006 1938 4063 Christiana

368 4101 422 4154 in
446 4099 586 4155 Jobo
612 4101 993 4171 deprehendit,
1017 4108 1071 4155 et
1095 4102 1421 4171 scriptorem
1450 4102 1709 4154 audacter
1742 4102 1944 4170 vitupe-

368 4193 531 4258 ravit,
566 4193 623 4248 in
649 4193 753 4247 hoc
782 4207 951 4247 unum
987 4193 1249 4255 intentus,
1292 4202 1351 4246 ut
1397 4207 1580 4247 veram
1612 4189 1733 4246 Jobi
1769 4192 1942 4247 histo-

369 4283 508 4337 riam
549 4291 789 4350 erueret,
823 4298 945 4353 qua:
974 4282 1287 4338 hominibus
1311 4283 1434 4337 usui
1472 4291 1634 4337 esset.

440 4372 819 4430 Ecclesiasten
850 4389 961 4429 uno
992 4384 1139 4429 tomo
1169 4373 1494 4443 deprecante
1523 4372 1825 4446 Porphyrio
1858 4375 1941 4428 in-

1231 306 1730 366 OTTONISFRID.
1772 304 2156 362 FRITZSCHE
2192 301 2709 360 COMMENTATIO.

1952 436 1995 489 Δ

1958 3156 2000 3216 C

3518 300 3588 358 η

2028 423 2350 478 Theodorus
2380 423 2445 476 ad
2487 423 2719 476 amicum
2750 419 2935 475 nescio
2957 432 3137 489 quem,
3164 434 3241 489 se,
3273 430 3395 471 cum
3431 426 3591 471 antes

2023 517 2308 572 Canticum
2344 514 2684 570 canticorum
2714 522 2937 583 prepter
2974 510 3094 581 ejus
3141 508 3379 563 indolem
3415 508 3593 576 legere

2024 611 2310 676 noluisset,
2364 608 2526 664 amici
2557 607 2753 661 litteris
2783 613 3137 677 provocatum
3186 601 3446 670 majorem
3475 602 3587 670 jam

2024 704 2079 758 in
2119 718 2183 757 eo
2213 702 2462 772 posuisse
2495 698 2853 769 diligentiam,
2883 696 3007 750 licet
3038 695 3192 749 initio
3213 695 3457 750 oscitans
3484 694 3592 747 fre-

2022 800 2254 864 quenter
2300 798 2354 845 et
2399 789 2702 844 dormitans
2747 786 2879 839 illud
2916 784 3252 855 perlegisset.
3298 780 3417 835 Jam
3460 780 3592 851 quid

2023 889 2090 944 de
2120 903 2186 943 eo
2219 887 2421 942 sentiat
2442 882 2688 954 exponit,
2729 880 2823 935 sed
2848 881 2922 932 ita
2958 887 3013 932 ut
3044 892 3125 938 ea.
3161 890 3391 944 quorum
3420 887 3592 943 pauca

2033 988 2244 1035 tantum
2284 977 2461 1032 media
2494 984 2547 1029 et
2589 974 2822 1028 fortasse
2849 970 3009 1025 etiam
3041 976 3282 1024 extrema
3306 965 3595 1021 intercide-

2022 1074 2154 1137 rint,
2175 1086 2353 1140 neque
2379 1065 2776 1123 commentario
2799 1062 3081 1135 praemissa
3108 1074 3283 1130 neque
3314 1059 3449 1112 ineo
3475 1057 3595 1126 ipso

2023 1164 2303 1233 disputata
2333 1177 2456 1217 esse
2483 1167 2764 1230 appareat.
2799 1156 3062 1210 Praeterea
3102 1169 3172 1209 ex
3200 1151 3594 1206 commentario

2038 1256 2126 1309 illa
2163 1254 2445 1322 desumpta
2492 1266 2615 1306 esse
2642 1250 2734 1320 qui
2771 1264 2833 1304 ea
2872 1246 3145 1315 excerpsit
3186 1259 3254 1299 ne
3279 1242 3445 1297 verbo
3469 1241 3593 1310 qui-

2022 1347 2143 1398 dem
2170 1342 2367 1406 innuit,
2401 1340 2496 1396 sed
2538 1342 2652 1393 haec
2684 1338 2796 1393 sola
2827 1336 3052 1391 Leontio
3082 1336 3119 1390 l.
3149 1349 3198 1389 c.
3227 1350 3277 1404 p.
3313 1331 3414 1393 687
3442 1351 3452 1384 :
3494 1350 3595 1381 ι-α·

2020 1437 2176 1491 Cant.
2214 1437 2273 1491 C.
2301 1466 2371 1475 -—
2397 1464 2465 1476 —
2489 1432 2776 1487 libidinose
2805 1445 2902 1500 pro
2921 1445 3018 1484 sua
3039 1438 3093 1482 et
3123 1435 3302 1481 mente
3326 1434 3380 1479 et
3411 1425 3595 1492 lingua

2021 1528 2331 1583 meretricia
2371 1528 2759 1595 interpretans,
2803 1535 2901 1599 sua
2953 1535 3118 1589 supra
3158 1517 3375 1572 modum
3411 1515 3592 1568 inere-

2028 1615 2181 1672 dibili
2212 1617 2440 1671 audacia
2468 1631 2534 1669 ex
2585 1614 2739 1668 libris
2765 1610 2822 1665 S.
2855 1610 3121 1673 abscidit;
3162 1626 3181 1659 ι
3220 1603 3436 1673 Pelagio
3469 1617 3592 1673 pap.

2021 1727 2108 1781 ep.
2166 1711 2216 1773 5,
2261 1711 2327 1761 ad
2360 1708 2537 1763 Eliam
2572 1716 2619 1759 et
2661 1703 2790 1757 Im.
2823 1719 2903 1771 ep.
2941 1699 3128 1772 (Hard.
3155 1701 3191 1752 l.
3223 1714 3297 1755 c..
3337 1712 3389 1766 p.
3428 1694 3591 1763 ιδεμ

1952 1788 1994 1842 Β
2030 1822 2047 1853 ι
2077 1803 2212 1857 Cum
2234 1800 2339 1853 Th.
2359 1800 2515 1852 Cant.
2546 1798 2605 1852 ϐ.
2632 1798 2791 1850 vellet
2820 1808 3090 1864 exponere
3122 1799 3175 1844 et
3211 1806 3319 1844 non
3347 1787 3415 1841 ad
3443 1799 3599 1843 com-

2026 1902 2230 1953 menta,
2282 1890 2377 1944 sed
2427 1888 2608 1958 potius
2660 1886 2725 1939 ad
2774 1884 3127 1939 deliramenta
3165 1881 3460 1943 laboraret,
3496 1893 3594 1948 per

2024 1985 2169 2038 hunc
2200 1983 2397 2036 librum
2438 1979 2787 2047 IEthiopissa:
2835 1977 3034 2045 regina:
3080 1972 3385 2029 blanditum
3425 1970 3599 2025 fuisse

2026 2072 2311 2145 professos
2344 2080 2449 2133 est,
2478 2069 2623 2140 quod
2649 2067 3022 2123 Theodoretus
3056 2064 3150 2127 (cf.
3187 2079 3417 2134 procem.
3450 2064 3505 2117 in
3530 2061 3595 2118 C.

2028 2167 2114 2231 C.,
2152 2164 2211 2221 Il.
2247 2180 2297 2235 p.
2329 2164 2385 2226 Ξ,
2416 2163 2471 2230 5)
2505 2160 2931 2231 reprehendens,
2962 2173 3159 2212 nomen
3202 2156 3420 2226 quidem
3451 2154 3599 2224 ejus-

2026 2261 2147 2312 dem
2180 2256 2455 2310 Theodori
2499 2252 2812 2323 supprimit,
2848 2252 2941 2306 sed
2975 2260 3157 2304 tamen
3199 2247 3476 2301 vesaniam
3503 2262 3601 2315 pa-

2033 2350 2256 2416 tefecit;
2304 2358 2395 2401 iet
2432 2346 2778 2413 Pachymeta!
2815 2344 2867 2396 in
2908 2341 3163 2412 paraphr.
3185 2357 3271 2411 ep.
3303 2340 3337 2392 9
3374 2338 3596 2408 Dionys.

2026 2444 2220 2512 Areop.
2256 2439 2414 2510 (Opp.
2442 2437 2505 2492 D.
2536 2437 2601 2491 A.
2633 2436 2720 2491 ed.
2748 2434 2925 2488 Balth.
2950 2433 3207 2497 Corder.,
3238 2432 3299 2497 ll,
3334 2431 3596 2497 Antveip.

2030 2534 2185 2597 1654,
2236 2534 2357 2596 ιὐι..
2399 2546 2453 2602 p.
2490 2530 2617 2598 169)
2654 2549 2761 2580 t—
2796 2530 2862 2580 δι’
2898 2528 2934 2581 ἃ
2981 2527 3297 2597 (φιλήματα)
3337 2525 3399 2593 δὴ
3440 2523 3535 2575 καὶ
3572 2524 3601 2574 ὁ

2028 2628 2169 2696 Μοψ.
2200 2623 2348 2677 Θ;όδ.
2376 2624 2622 2695 ἀφρόνως
2653 2622 2713 2674 τὸ
2743 2620 2942 2690 βιϐλίον
2970 2618 3240 2672 διέϐαλλε*
3260 2637 3277 2668 ι
3311 2618 3599 2671 observata

2030 2719 2199 2773 fuisse
2232 2718 2286 2770 in
2318 2726 2509 2786 aperto
2537 2725 2641 2769 est.
2698 2712 2986 2767 Canticum
3023 2720 3168 2763 eant.
3206 2716 3407 2771 autem,
3457 2704 3601 2775 quod

2030 2812 2188 2880 plane
2223 2808 2469 2876 despexit
2493 2804 2838 2866 Theodorus,
2891 2800 3117 2854 uberius
3147 2798 3232 2850 vix
3255 2795 3599 2866 explicuerit.

2030 2901 2171 2967 Quid
2207 2900 2408 2970 igitur?
2451 2897 2565 2951 Mea
2607 2895 2827 2964 quidem
2869 2891 3136 2947 sententia
3171 2889 3262 2941 illa
3292 2888 3345 2941 in
3373 2886 3603 2955 epistola

2030 2993 2262 3063 quadam
2312 2992 2395 3060 (ν.
2446 2988 2578 3058 inf.)
2622 2985 2903 3041 disseruit.
2948 2983 3219 3038 Caeterum
3269 2979 3336 3034 de
3380 2978 3606 3032 Cantico

2032 3097 2177 3138 eant.
2204 3085 2277 3136 ita
2304 3076 2674 3137 statoit:€um
2703 3066 2946 3140 Salomo,
2964 3088 3123 3144 quem
3147 3079 3366 3141 propter
3388 3069 3605 3138 sapien-

2035 3177 2163 3230 tiam
2195 3175 2426 3245 gentilcs
2475 3181 2527 3225 et
2557 3169 2731 3223 Judaei
2782 3165 3153 3238 praedicabant
3194 3174 3248 3218 et
3281 3176 3412 3217 vero
3441 3161 3605 3214 etiam

2036 3266 2329 3329 timebant,
2363 3262 2673 3333 Egyptian)
2710 3259 3015 3329 fugiendam
3038 3255 3255 3327 quidem
3288 3254 3404 3322 ipso
3433 3250 3607 3321 patrio

2035 3358 2218 3412 eolore
2248 3354 2501 3416 deformi,
2552 3352 2724 3420 magis
2764 3364 2891 3403 vero
2922 3346 3233 3416 fugiendam
3282 3350 3472 3412 utpote
3515 3358 3600 3407 ge—

1966 3438 1987 3457 ’
2038 3464 2164 3505 nere
2203 3447 2391 3502 Chami
2443 3454 2638 3504 ortam,
2690 3443 2744 3495 in
2783 3438 3187 3494 matrimonium
3241 3430 3609 3492 duceretJu-

2036 3542 2273 3595 decorum
2320 3537 2505 3591 odium
2555 3534 2658 3589 sibi
2708 3529 3016 3591 contraxit,
3068 3529 3243 3598 legum
3308 3524 3606 3595 patriarum

2036 3639 2395 3699 contemptor.
2454 3627 2638 3696 Itaque
2665 3639 2883 3678 carmen
2933 3619 3195 3682 condidit,
3223 3633 3330 3688 quo
3362 3624 3415 3671 et
3455 3613 3608 3667 uxori

2037 3723 2245 3796 gratior
2267 3730 2414 3776 esset
2446 3728 2500 3773 et
2531 3720 2931 3786 vituperatores
2969 3712 3037 3767 ad
3080 3712 3363 3765 silentium»
3394 3707 3609 3775 redige-

2039 3821 2142 3880 ret,
2176 3820 2339 3882 atque
2368 3808 2633 3864 indicavit
2657 3821 2715 3861 se
2738 3806 3050 3874 nuptiarum
3072 3816 3179 3856 non
3206 3800 3494 3869 pcenitere,
3515 3796 3611 3852 sed

2041 3904 2230 3960 laetari.
2290 3901 2429 3956 Sunt
2468 3908 2648 3954 autem
2702 3898 2813 3952 duo
2856 3895 3107 3955 tenenda,
3154 3907 3343 3953 unum,
3389 3903 3611 3943 carmen

2041 4013 2149 4052 non
2185 3994 2253 4048 ad
2280 3992 2678 4063 impudicitiam
2729 3986 3011 4042 adhortari
3037 3999 3166 4043 :cur
3191 3983 3337 4038 enim
3371 3982 3610 4043 Salomo,

2041 4089 2127 4142 cui
2179 4085 2395 4141 etiamsi
2439 4097 2548 4137 non
2602 4080 2916 4149 scripsisset
2963 4083 3206 4148 potestas
3261 4073 3614 4145 impudicitia:

2042 4188 2178 4245 erat,
2216 4193 2434 4233 carmen
2466 4176 2587 4231 ideo
2608 4170 3053 4243 composuisset?
3078 4171 3331 4233 alterum,
3366 4184 3471 4221 non
3498 4168 3616 4219 lau-

2043 4271 2280 4326 dandum
2318 4284 2444 4325 esse
2491 4275 2680 4338 utpote
2725 4266 3129 4337 propheticum,
3166 4262 3312 4332 quod
3363 4262 3409 4315 si
3443 4268 3612 4322 esset,

2046 4364 2247 4418 mentio
2284 4361 2377 4415 Dei
2415 4360 2615 4414 alicubi
2649 4360 2790 4413 facta
2842 4365 3007 4412 esset.
3063 4354 3218 4410 Sicut
3246 4353 3400 4408 Plato
3427 4361 3615 4422 postea

370 4472 704 4535 terpretatus
745 4475 850 4531 est,
895 4474 1033 4521 teste
1087 4464 1356 4521 Ebediesu
1398 4467 1434 4520 ι.
1466 4482 1540 4530 c.,
1583 4481 1634 4535 p.
1681 4465 1769 4521 52.
1836 4464 1939 4520 Sed
1977 4495 2016 4547 ο
2047 4456 2113 4510 de
2148 4468 2332 4509 amore
2371 4452 2682 4506 convivium
2726 4450 2967 4519 scripsit,
3020 4449 3092 4503 ita
3138 4447 3358 4500 Salomo
3397 4453 3617 4514 propter

370 4571 496 4611 eum
522 4557 813 4613 Canticum
845 4558 1187 4614 canticorum
1215 4558 1606 4612 commentario
1637 4557 1941 4612 illustrasse

371 4647 689 4718 pervulgata
738 4648 995 4717 quidem,
1052 4647 1235 4701 minus
1278 4655 1459 4701 tamen
1512 4646 1809 4717 probabilis
1861 4657 1944 4701 est

372 4737 667 4802 sententia,
686 4752 808 4808 qua:
828 4745 1038 4791 tantum
1065 4737 1218 4792 abest
1242 4746 1300 4790 ut
1330 4737 1396 4790 iis
1426 4751 1545 4806 quae
1575 4736 1760 4791 inAct.
1786 4752 1940 4791 conc.

370 4829 564 4885 Const.
598 4845 659 4893 ιι,
706 4845 783 4895 tv,
808 4828 1000 4894 68-7l,
1034 4829 1308 4901 leguntur,
1349 4830 1657 4901 quibusque
1680 4829 1942 4899 originem

372 4935 529 4976 suam
552 4919 736 4988 debet,
766 4919 1036 4982 firmetur.
1068 4928 1125 4974 nt
1155 4921 1495 4991 reprobetur.
1530 4918 1733 4972 Scribit
1765 4931 1943 4973 autem

1398 5061 1617 5072 —————-

2048 4545 2265 4614 nuptias
2298 4544 2541 4598 illashoc
2572 4542 2847 4595 canticum
2880 4539 3161 4594 convivale
3179 4538 3399 4592 cecinit.
3431 4534 3617 4591 «Unde

2050 4654 2148 4691 nec
2175 4635 2375 4690 .ludaeis
2410 4650 2511 4689 nec
2544 4634 2701 4688 nobis
2734 4632 2949 4703 publica
2987 4631 3148 4685 lectio
3199 4643 3438 4699 unquam
3471 4630 3614 4681 Can-

2048 4731 2142 4786 tici
2195 4731 2530 4784 canticorum
2578 4726 2721 4780 facta
2755 4733 2861 4789 est,
2899 4732 3159 4798 tanquam
3190 4722 3526 4778 domesticus
3564 4728 3619 4774 et

2050 4823 2309 4894 nuptialis
2370 4819 2681 4875 Salomonis
2744 4816 2980 4874 convivii
3068 4824 3265 4872 cantus
3326 4812 3619 4886 opprobria

2050 4929 2266 4982 sponsa:
2308 4927 2530 4966 sonans.
2572 4931 2589 4961 ι

1815 5135 2054 5195 CAPUT
2092 5135 2198 5193 IIl.

1247 5250 1326 5292 DE
1361 5250 1679 5293 THEODORI
1713 5251 1775 5294 IN
1807 5251 2019 5294 LIBROS
2057 5250 2123 5293 Ν.
2160 5252 2218 5291 Τ.
2261 5247 2749 5291 εοιιίΜΕΝτΑιιιιε.

444 5356 657 5413 Novum
692 5354 1129 5421 Testamentum,
1163 5354 1324 5423 cujus
1351 5356 1528 5407 oratio
1563 5364 1615 5409 et
1642 5369 1729 5410 res
1768 5355 1948 5409 minus

376 5448 709 5505 diﬂicultatis
746 5447 1105 5511 exhiberem,
1152 5448 1327 5502 multo
1378 5446 1589 5501 felicius
1631 5445 1951 5502 Theodorus

376 5557 539 5612 quant
562 5541 733 5596 Vetus
763 5540 1158 5609 interpretatus
1187 5547 1291 5595 est.
1327 5538 1630 5597 Sobrietas.
1657 5556 1764 5608 qua
1798 5540 1953 5608 plura

382 5633 445 5687 γ.
465 5631 527 5686 Τ.
560 5633 921 5703 interpretum
953 5640 1259 5685 commenta
1294 5632 1364 5683 ita
1394 5633 1722 5701 reprohavit,
1742 5639 1805 5684 ut
1836 5632 1952 5687 laus

377 5727 425 5779 ei
448 5722 592 5778 haud
618 5721 935 5793 deneganda
967 5722 1060 5788 sit,
1087 5736 1260 5790 neque
1282 5721 1370 5774 hic
1404 5720 1595 5781 defuit,
1630 5728 1683 5773 et
1713 5735 1951 5790 persrepe

379 5830 512 5874 sane
542 5830 650 5871 non
679 5829 741 5868 ea
772 5815 1002 5885 singulis
1028 5815 1080 5867 in
1110 5812 1249 5868 locis
1271 5812 1645 5883 deprehendit,
1675 5829 1793 5884 qua:
1818 5813 1951 5869 alio.-

2051 5368 2169 5408 rum
2219 5352 2598 5419 interpretum.
2661 5359 2719 5405 ut
2757 5348 2943 5420 Cyrilli
2975 5347 3150 5413 Δία..
3206 5348 3483 5402 subtilitas
3536 5350 3623 5405 vel

2051 5447 2209 5502 etiam
2237 5445 2479 5516 argutiae.
2534 5443 2797 5499 Prteterea
2832 5442 2887 5495 in
2917 5439 3323 5510 interpretando
3353 5454 3472 5493 eam
3506 5455 3622 5494 ver-

2053 5542 2263 5601 borum,
2308 5541 2553 5593 locorum
2596 5546 2651 5590 et
2686 5550 2865 5588 rerum
2897 5533 3314 5604 diligentissime
3346 5532 3616 5586 rationem

2055 5630 2261 5694 habuit,
2312 5639 2370 5683 ut
2418 5626 2914 5697 interpretationem
2958 5624 3276 5680 historicam
3312 5622 3624 5693 grammati-

2057 5737 2198 5787 cam,
2244 5737 2363 5792 quae
2401 5719 2617 5791 quidem
2650 5720 2705 5771 in
2735 5716 2826 5770 illa
2856 5726 3096 5787 tempora
3131 5716 3384 5777 caderet,
3430 5714 3621 5768 iniisse

2058 5817 2361 5871 censendus
2404 5817 2492 5871 sit.
2533 5811 2675 5871 Bene
2709 5825 2836 5868 vero
2869 5824 3035 5871 more,
3055 5826 3156 5868 suo
3183 5809 3414 5883 singulis
3443 5810 3623 5866 verbis
