3906 6208
293 229 367 285 55
1074 230 1163 288 DE
1194 228 1543 288 THEODOBI
1582 229 2063 289 MOPSUESTENI
2099 234 2261 291 VITA
2287 235 2373 292 ET
2413 234 2743 291 SCIIIPTIS.
3457 238 3525 292 δι

292 341 488 403 dorus,
522 334 791 397 Ebedicsu
823 348 960 397 teste
986 340 1022 395 1.
1055 357 1132 410 c.,
1175 360 1228 413 p.
1260 344 1352 410 52,
1390 344 1454 397 ad
1493 344 1749 398 Basilium
1779 344 1858 413 (a)
1890 352 1935 408 Α
1963 348 2192 419 intelligi
2221 348 2477 417 conjecit,
2517 349 2612 418 qui
2654 357 2709 402 et
2754 330 2837 401 vir
2866 347 3222 406 doctissimus
3257 350 3446 406 luisset
3477 360 3532 408 et

293 430 542 500 scripsit,
572 446 741 485 unum
772 431 965 502 fragm.
993 433 1044 486 in
1074 434 1195 489 Act.
1231 435 1444 489 concilii
1473 433 1663 489 Const.
1699 450 1762 496 ιι.
1789 449 1864 498 ιν,

295 524 364 575 16
411 525 520 591 (-
544 523 680 576 libro
713 525 907 591 primo.
942 522 1101 594 VigiI.
1133 526 1322 581 Const.
1363 526 1464 591 I7;
1506 525 1708 597 Pelagii
1742 540 1863 596 pap.

295 632 382 685 ep.
419 618 474 679 5,
506 617 575 669 ad
606 616 803 680 Etiam,
836 618 871 671 1.
908 634 981 681 c.,
1016 633 1069 688 p.
1105 618 1230 679 429,
1262 618 1409 687 450),
1442 619 1509 674 de
1536 620 1656 672 Act.
1690 636 1750 683 ll,
1774 618 1865 681 58,

296 707 594 760 invenitur.
646 706 893 760 Meminit
929 709 1093 777 hujus
1133 709 1511 762 commentarii
1554 718 1610 763 et
1651 710 1870 777 exposi-

293 799 463 852 tionis
488 798 848 867 quarumdam
890 801 1021 870 Epp.
1062 798 1215 854 Pauli
1255 800 1605 855 Abulbarcat.
1652 801 1727 854 De
1757 800 1863 856 diu.

295 889 454 958 005a,
486 905 535 943 c.
569 890 623 942 7.
660 889 743 944 Cf.
778 895 992 946 Assem.
1030 892 1069 946 I.
1100 892 1163 957 l.,
1200 908 1253 961 p.
1287 891 1376 948 50.

370 979 569 1035 Omnes
600 978 754 1034 Pauli
790 979 1059 1051 Epistolas
1086 989 1141 1035 et
1178 981 1474 1052 Epistolam
1507 981 1573 1035 ad
1609 980 1867 1038 Hebraeos

299 1087 328 1125 a
362 1070 649 1127 Theodoro
676 1073 978 1142 explicatas
1000 1088 1123 1128 esse
1155 1072 1274 1143 (Ep.
1308 1072 1373 1126 ad
1405 1071 1562 1127 Rom.
1597 1073 1663 1126 ad
1695 1073 1865 1128 Euse-

298 1165 469 1226 bium,
495 1165 635 1217 duas
660 1165 730 1218 ad
756 1163 886 1218 Cor.
916 1174 1106 1234 rogatu
1132 1164 1426 1226 Theodori,
1468 1164 1598 1233 Epp.
1631 1165 1695 1218 ad
1722 1164 1864 1229 Ga|.,

299 1256 460 1324 Eph,
513 1255 777 1326 Philipp.,
829 1255 1045 1311 Coloss.
1101 1271 1215 1326 rog.
1267 1256 1552 1320 Eustratii,
1612 1256 1745 1325 Epp.
1799 1258 1867 1311 ad

299 1347 490 1401 Thess.
540 1363 658 1417 rog.
710 1346 916 1406 Jacobi.
959 1346 1095 1417 Epp.
1122 1348 1185 1403 ad
1219 1346 1483 1405 Timoth..
1527 1346 1591 1400 ad
1622 1348 1863 1411 Petrum,

298 1436 430 1506 Epp.
465 1438 535 1490 ad
579 1436 689 1491 Tit.
723 1446 777 1493 et
811 1436 1037 1492 Philem.
1076 1453 1192 1509 rog.
1230 1438 1440 1509 Cyrini,
1472 1438 1570 1510 Ep.
1599 1440 1666 1493 ad
1699 1439 1864 1495 Hebr.

296 1528 360 1580 ad
390 1527 701 1597 Cyrinum)
753 1527 998 1597 perhibet
1044 1527 1309 1583 Ebediesu
1359 1528 1395 1581 1.
1428 1543 1504 1588 c.,
1554 1545 1605 1599 p.
1640 1530 1730 1588 5‘2.
1768 1530 1860 1583 55.

296 1616 561 1673 Leontius
613 1619 649 1672 1.
704 1634 754 1673 c.
813 1617 982 1686 (Mai.
1040 1618 1075 1672 1.
1125 1619 1186 1680 l.,
1228 1634 1305 1684 vr,
1346 1636 1397 1687 p.
1429 1618 1555 1688 299)
1599 1627 1866 1673 memorat

1972 441 2162 512 Syrus,
2189 449 2242 497 et
2288 450 2414 496 ante
2450 456 2537 495 an.
2577 440 2682 495 596
2727 441 3017 511 episcopus
3055 450 3111 497 et
3161 441 3530 513 Epistolarum

1968 533 2319 586 Paulinarum
2371 534 2664 603 interpres,
2708 532 2866 602 cujus
2915 533 3151 602 denique
3195 550 3391 590 nomen
3434 551 3533 591 cur

1967 625 2230 678 omissum
2264 633 2433 690 esset,
2465 624 2605 679 ratio
2641 623 2941 693 probabilis
2970 624 3121 679 reddi
3158 636 3361 695 posset.
3405 626 3529 680 Mihi

1968 713 2081 768 Imc
2108 714 2440 782 conjectura,
2478 729 2598 782 qua:
2626 715 2673 767 si
2709 728 2835 767 vera
2873 722 3019 768 esset
3051 715 3317 769 nonnulla
3355 713 3533 768 Theo-

1967 803 2083 858 dori
2120 804 2174 857 in
2207 804 2453 857 Euthalio
2489 803 2774 873 reperires,
2816 818 2921 858 non
2955 805 3091 860 satis
3124 804 3419 873 probabilis
3452 806 3532 857 vi-

1967 894 2163 961 detur;
2228 910 2337 949 non
2397 903 2573 950 tamen
2622 894 2819 958 habeo,
2873 909 2983 963 quo
3027 910 3142 949 eam
3198 895 3361 965 plane
3409 912 3533 965 pro-

1968 994 2228 1041 sternam.

2034 1077 2423 1132 Commentarii
2459 1078 2510 1130 in
2541 1075 2833 1146 Epistolam
2860 1077 2927 1129 ad
2958 1072 3224 1129 Romanos
3257 1076 3533 1143 fragmen-

1969 1174 2077 1217 tum
2105 1164 2172 1219 de
2202 1181 2239 1229 ι,
2268 1165 2323 1229 2,
2359 1166 2413 1229 5,
2446 1165 2647 1234 prabet
2675 1163 2802 1237 Fac.
2838 1179 2916 1227 Ill,
2952 1163 3021 1231 6;
3066 1165 3219 1234 plura
3250 1165 3304 1217 in
3340 1165 3532 1218 itinere

1968 1256 2154 1310 Italico
2178 1272 2241 1309 ex
2273 1254 2432 1309 codd.
2464 1262 2518 1309 et
2551 1255 2771 1309 Catenis
2817 1252 2991 1308 Vatic.
3038 1254 3325 1323 exscripsit
3366 1252 3428 1305 N.
3466 1252 3528 1307 C.

1968 1347 2178 1403 Kallius
2224 1346 2298 1415 (ν.
2331 1346 2532 1400 Muent.
2565 1346 2601 1399 l.
2634 1346 2695 1411 l.,
2732 1362 2785 1415 p.
2824 1346 2935 1414 78),
2965 1345 3231 1407 nondum,
3265 1352 3532 1414 quantum

1968 1438 2105 1502 scio,
2153 1437 2318 1492 edita.
2367 1437 2691 1507 Fragmenta
2743 1439 2990 1493 continet
3041 1436 3161 1491 Cat.
3214 1436 3359 1491 ined.
3408 1436 3529 1489 cod.

1969 1528 2203 1584 Vindob.
2238 1527 2421 1584 XLVI.
2456 1528 2541 1584 Cf.
2602 1528 2856 1583 Lambec.
2891 1528 3015 1591 1.1.,
3046 1527 3132 1591 Ill,
3164 1542 3215 1597 p.
3250 1526 3372 1579 I75.
3418 1526 3534 1579 Alia

1967 1616 2153 1670 edidit.
2176 1617 2315 1685 Ang.
2343 1616 2514 1671 Maius
2547 1632 2602 1671 in
2629 1616 2899 1685 Spicilegii
2934 1614 3157 1669 Romani
3192 1625 3322 1668 tom.
3362 1611 3452 1674 ιν,
3478 1628 3533 1682 p.

290 1706 390 1777 τὴν
442 1709 819 1779 παρεξήγησιν
848 1712 987 1777 ejus,
1039 1711 1105 1779 ἢν
1138 1711 1219 1771 εἰς
1264 1708 1361 1779 τὴν
1399 1709 1533 1778 πρὸς
1582 1710 1864 1779 Ἐϐραίους

1973 1707 2089 1763 499.
2110 1707 2265 1762 Errat
2281 1717 2460 1763 autem
2483 1706 2785 1774 Fabricius,
2808 1707 2901 1777 qui
2926 1706 2963 1762 l.
2986 1707 3049 1770 l.,
3073 1722 3127 1777 p.
3143 1706 3266 1765 559.
3290 1703 3534 1774 quadam

305 1798 630 1869 Ἐπιστολὴν
673 1801 963 1870 πεποίηται
996 1801 1090 1853 καὶ
1134 1800 1238 1870 μὴν
1268 1799 1360 1853 καὶ
1400 1800 1478 1862 εἰς
1508 1803 1606 1870 τὴν
1634 1800 1698 1866 (ἲ)
1731 1800 1865 1871 πρὸς

293 1889 620 1960 Κορινθίους
662 1891 755 1943 καὶ
801 1890 1065 1954 Γαλάτας.
1100 1920 1168 1929 -
1210 1888 1346 1945 Cum
1379 1889 1761 1944 Theodoretus
1808 1889 1865 1943 in

294 1981 453 2036 Pref.
491 1983 544 2036 in
575 1981 727 2035 Pauli
751 1983 887 2052 Epp.
918 1982 1182 2037 scriberet
1214 2000 1227 2036 :
1258 2012 1329 2022 —
1356 1980 1650 2044 Αὑθαδειας
1682 1997 1747 2051 με
1772 1998 1866 2033 τυ-

291 2070 385 2139 χὸν
406 2070 504 2123 καὶ
526 2070 865 2141 (θρασύτητος
888 2069 1185 2141 γράφονται
1212 2070 1353 2141 μετά
1379 2069 1468 2123 τὸν
1493 2069 1638 2123 δεῖνα
1661 2068 1866 2122 καὶτὸν

290 2164 463 2227 δεῖνα,
498 2166 629 2228 τοὺς
655 2166 757 2235 τῆς
800 2165 1118 2235 οἰκουμένης
1149 2166 1460 2238 φωστῆρας,
1498 2166 1597 2235 τῆς
1639 2165 1869 2217 ἀποστο-

291 2255 449 2327 λικῆς
484 2258 786 2328 ἑρμηνείας
832 2258 1275 2329 κατατολμῶντα,
1318 2258 1463 2312 haud
1501 2252 1666 2313 dubie
1700 2259 1864 2313 etiam

294 2348 357 2402 ad
388 2345 743 2403 Theodorum
784 2349 1040 2418 respexit.
1074 2348 1170 2405 sed
1206 2364 1393 2404 errore
1436 2349 1731 2404 observant
1762 2348 1866 2401 Ca-

298 2456 423 2496 reus
451 2442 492 2495 1.
526 2442 592 2504 1.,
637 2457 692 2511 p.
722 2440 849 2505 248,
876 2450 932 2495 et
982 2442 1198 2497 Assem.
1236 2443 1275 2496 1.
1325 2442 1385 2507 l.,
1433 2457 1488 2510 p.
1517 2441 1608 2507 52,
1642 2448 1866 2495 auctore

296 2531 642 2587 Theodoreto
668 2548 859 2588 omnes
888 2531 1041 2587 Pauli
1073 2533 1348 2603 Epistolas
1379 2548 1408 2587 a
1436 2532 1724 2588 Theodoro
1748 2531 1866 2587 fuse

291 2624 598 2691 explicatas
631 2639 775 2679 esse.
810 2653 881 2664 —
921 2623 1243 2695 Fragmenta
1290 2633 1420 2678 sunt
1453 2625 1508 2678 in
1553 2623 1673 2679 Cat.
1718 2623 1862 2678 ined.

295 2715 414 2767 cod.
455 2712 638 2775 CCIV,
670 2723 743 2775 et.
793 2724 849 2768 ut
899 2714 1113 2768 videtur
1142 2714 1378 2779 XXVIII,
1414 2714 1580 2779 XXX,
1615 2715 1862 2769 biblioth.

294 2804 463 2858 Coisl.
520 2803 607 2859 Cf.
644 2804 833 2859 Montl'.
886 2805 1026 2860 Bibl.
1060 2804 1283 2861 Coislin.
1313 2822 1365 2877 p.
1394 2806 1521 2871 264,
1552 2806 1641 2868 85,
1672 2806 1760 2860 84.
1794 2835 1866 2846 -

296 2895 607 2957 Euthalius,
641 2896 732 2964 qui
783 2910 911 2950 sazc.
963 2913 993 2949 v
1028 2898 1205 2952 medio
1232 2898 1387 2964 vixit,
1420 2913 1579 2968 quem
1635 2897 1850 2953 Patrem

293 2987 498 3048 verbis,
522 2986 644 3040 καθ’
670 2988 902 3057 ἑκάστην
925 2988 1198 3059 συντόμως
1230 2989 1544 3059 Ἐπιστολὴν
1582 2989 1692 3060 (τοῦ
1716 2989 1861 3043 Παύ-
1892 3021 1934 3078 C

292 3078 404 3146 λου)
437 3079 497 3131 ἐν
516 3080 629 3140 τοῖς
662 3077 789 3148 ἑξῆς
816 3078 1154 3149 προτάξομεν
1183 3078 1280 3149 τὴν
1313 3080 1422 3132 τῶν
1441 3079 1749 3148 κεφαλαίων
1777 3079 1867 3133 ἔκ-

296 3169 445 3220 θεσιν
474 3209 490 3232 ,
550 3169 630 3220 ἑνὶ
674 3168 783 3220 τῶν
834 3169 1157 3236 σοφωτάτων
1198 3168 1303 3222 τινὶ
1357 3170 1452 3223 καὶ
1510 3170 1868 3239 φιλοχρίστων

297 3258 561 3329 Πατὲρων
606 3258 764 3329 ἡμῶν
810 3260 1193 3330 πεπονημένην
1252 3260 1540 3330 (Galland.
1593 3261 1759 3326 Bibl.,
1798 3260 1867 3326 X,

300 3366 352 3417 p.
382 3350 536 3419 217)
588 3351 828 3406 innuerit
863 3352 1129 3406 nescitur.
1171 3351 1230 3406 Si
1273 3360 1441 3417 recte,
1495 3359 1553 3405 ut
1591 3352 1776 3415 credo,
1828 3352 1865 3404 l.

305 3457 355 3507 p.
394 3441 502 3494 250
553 3442 630 3495 illi
675 3442 821 3496 Patri
872 3443 1148 3505 tribuitur,
1197 3442 1443 3512 sequitur
1485 3440 1865 3497 tantummodo

302 3546 547 3585 cuman.
591 3533 694 3586 596
735 3542 943 3587 textum
983 3533 1349 3603 Epistolarum
1397 3532 1744 3587 Pauliuarum
1780 3548 1871 3586 ca-

305 3622 491 3688 pitulis
513 3623 853 3677 distinxisse.
874 3621 1060 3692 Neque
1080 3624 1222 3678 enim
1248 3640 1315 3677 ex
1337 3624 1514 3679 verbis
1558 3653 1608 3663 —-
1632 3621 1871 3695 ἐμαρτύ-

307 3726 469 3783 Ρτὶσεν
498 3744 568 3753 -·
600 3713 809 3776 Παῦλος
842 3746 908 3753 -
930 3715 1162 3785 πέμπτῃ
1200 3714 1383 3785 ἡμέρᾳ
1428 3715 1573 3769 κατὰ
1604 3718 1869 3783 Συρομα-

304 3802 557 3868 κεδόνας
592 3807 863 3873 Πανέμου
886 3805 1097 3873 μηνὸς,
1124 3806 1244 3876 ἦτις
1277 3804 1486 3873 λέγοιτο
1522 3802 1586 3857 ἂν
1617 3803 1747 3875 παρ’
1777 3805 1872 3856 AI-

302 3895 551 3960 γυπτίοις
584 3896 767 3965 Ἐπιφὶ
794 3894 855 3957 ε’,
887 3897 1036 3968 παρὰ
1075 3897 1130 3949 δὲ
1173 3896 1462 3966 Ῥωμαίοις
1499 3898 1532 3965 ἡ
1572 3896 1676 3967 πρὸ
1704 3894 1870 3965 τριῶν

306 3984 598 4037 Καλανδῶν
638 3985 989 4051 ’ῐουλίων-,
1016 3994 1076 4040 ut
1107 3985 1307 4041 Millius
1340 3985 1577 4055 (Proleg.
1603 3988 1657 4039 iu
1680 3984 1752 4039 Ν.
1782 3985 1868 4050 Τ.,

308 4093 363 4129 n.
401 4077 529 4147 906)
582 4089 732 4133 certo
767 4079 1149 4145 concluserim,
1186 4081 1239 4134 in
1274 4081 1428 4152 Syria
1475 4096 1597 4135 eum
1633 4080 1870 4152 IEgypto

308 4168 484 4222 vicina
524 4170 749 4225 vixisse.
804 4170 909 4224 Sed
945 4171 1143 4227 Millius
1178 4172 1215 4227 1.
1254 4173 1317 4231 1..
1360 4188 1417 4227 n.
1461 4172 1587 4240 906,
1614 4172 1737 4237 907,
1777 4174 1869 4229 illo

310 4259 361 4310 in
396 4259 587 4328 primis
633 4262 750 4315 loco
779 4262 936 4315 nisus
959 4303 975 4328 ,
1022 4264 1092 4318 ab
1130 4262 1379 4317 Eutbalio
1425 4263 1866 4334 Mopsuestenum

377 4434 448 4506 (a)
510 4432 669 4489 Hunc
714 4433 973 4506 Basilium
999 4438 1313 4506 episcopum
1358 4435 1666 4506 Raphaneze
1700 4436 1874 4493 fuisse

308 4505 508 4576 credo,
558 4506 652 4574 qui
700 4504 912 4576 synodo
958 4504 1575 4576 Constantinopolitana:
1617 4524 1705 4562 an.
1759 4509 1857 4561 581

308 4572 652 4646 subscripsit,
682 4572 1046 4647 eamdemque
1084 4579 1140 4633 in
1178 4572 1550 4647 Cbryéostomi
1591 4578 1749 4634 libris
1792 4577 1867 4631 De

1963 1814 2027 1853 ex
2047 1798 2453 1854 couunentariis
2484 1800 2537 1853 in
2564 1800 2660 1870 Ep.
2696 1799 2762 1853 ad
2792 1798 2978 1863 Rom.,
3025 1797 3081 1850 in
3130 1793 3147 1848 Ι
3182 1791 3251 1846 ad
3275 1792 3521 1847 Corinth.

1964 1899 2017 1943 et
2067 1889 2088 1943 Ι
2132 1888 2198 1942 ad
2260 1888 2497 1944 Timotb.
2554 1904 2585 1944 a
2637 1889 2831 1960 Vigilio
2891 1888 3069 1944 afferri
3132 1886 3394 1957 perhibet.
3446 1882 3531 1937 Cf.

1965 1977 2123 2049 Vigil.
2159 1979 2346 2034 Const.
2376 1979 2462 2043 55,
2496 1979 2584 2044 42,
2615 1979 2704 2044 45,
2738 1988 2792 2035 et
2813 1980 2933 2034 Act.
2957 1992 3115 2033 conc.
3144 1975 3330 2032 Const.
3364 1990 3425 2037 ιι,
3457 1989 3530 2037 ιν,

1963 2069 2053 2131 55.
2080 2070 2167 2123 42.

2039 2158 2216 2214 Unum
2253 2158 2617 2231 fragmentum
2648 2157 3025 2214 commentarii
3054 2159 3107 2210 in
3140 2157 3234 2226 Ep.
3266 2158 3334 2211 ad
3372 2159 3531 2213 Hebr.

1963 2253 2020 2306 in
2059 2253 2181 2307 Act.
2213 2268 2366 2307 conc.
2414 2252 2603 2307 Const.
2649 2268 2709 2315 η,
2766 2268 2838 2315 iv,
2888 2252 2956 2305 52
3005 2250 3188 2322 (V'igil.
3222 2251 3409 2307 Const.
3443 2255 3531 2316 3'2,

1964 2344 2147 2416 Pelag.
2191 2362 2242 2415 p.
2290 2361 2376 2415 ep.
2423 2346 2476 2407 5,
2528 2346 2597 2399 ad
2637 2344 2811 2397 Etiam
2854 2344 2889 2398 1.
2932 2360 3006 2407 c.,
3043 2360 3094 2414 p.
3132 2344 3257 2412 430)
3314 2346 3525 2414 legitur.

1964 2436 2119 2503 Quod
2164 2437 2365 2491 ibidem
2418 2436 2485 2491 46
2536 2433 2680 2506 (Vig.
2715 2436 2818 2489 CP.
2858 2434 2947 2504 47)
2996 2450 3062 2488 ex
3109 2436 3533 2503 iuterpretatiom

1968 2529 2067 2597 Ep.
2120 2529 2189 2582 ad
2250 2528 2409 2583 Hebr.
2469 2527 2715 2593 aﬂ'ertur,
2768 2542 2832 2581 ex
2884 2525 3021 2580 libro
3072 2542 3148 2579 xu
3200 2525 3269 2578 De
3320 2525 3502 2579 lnam

1964 2631 2238 2689 sumptum
2266 2627 2350 2674 est

2034 2710 2382 2765 Theodorum
2435 2707 2709 2779 Epistolas
2757 2714 2964 2777 septem
3016 2707 3317 2761 catholicas
3367 2706 3509 2760 inter

1965 2811 2233 2874 prctatum
2263 2817 2406 2865 esse,
2436 2800 2666 2855 Bandini
2698 2800 2736 2853 1.
2769 2800 2829 2859 l.,
2857 2799 2942 2861 IIl,
2974 2815 3023 2868 p.
3050 2799 3175 2862 585,
3200 2807 3282 2852 est
3312 2806 3365 2851 et
3398 2798 3533 2866 Aug.

1965 2893 2087 2947 Maii
2122 2894 2157 2947 1.
2192 2892 2253 2953 1.,
2295 2892 2334 2957 l,
2378 2908 2432 2962 p.
2486 2906 2603 2951 xxr,
2647 2890 2854 2959 opinio,
2891 2905 3011 2959 qua:
3057 2890 3161 2942 hoc
3193 2903 3326 2949 uno,
3377 2888 3523 2939 nullo

1966 2999 2095 3039 sane
2117 2984 2311 3037 nititur
2331 2991 2671 3050 argumento,
2696 2980 2839 3051 quod
2872 2980 2925 3033 in
2958 2979 3077 3033 Cat.
3100 2978 3225 3031 cod.
3256 2977 3318 3039 V.
3345 2978 3419 3048 pl.
3449 2976 3534 3041 Vl,

1971 3073 2101 3129 bibl.
2148 3072 2311 3126 Laur.
2368 3071 2508 3126 Med.
2546 3071 2687 3125 inter
2729 3071 3092 3140 explicatores
3141 3069 3356 3122 illarum
3410 3068 3539 3139 Epi-

1970 3165 2233 3219 stolarum
2270 3170 2644 3218 memorantur
2674 3161 2775 3216 Th.
2811 3161 3048 3225 lIeracI.,
3098 3160 3198 3216 Th.
3242 3161 3416 3221 alter;
3460 3159 3532 3213 cf.

1974 3257 2138 3310 Band.
2179 3256 2215 3309 1.
2261 3255 2321 3318 1.,
2359 3253 2398 3318 l,
2450 3254 2655 3324 p.102.
2717 3253 2856 3320 Quid
2912 3254 3056 3324 quod
3104 3254 3330 3310 Cosmus
3366 3253 3534 3307 Indic.

1971 3348 2005 3401 I.
2040 3348 2102 3410 l.,
2150 3362 2203 3417 ι).
2253 3347 2379 3409 555,
2422 3376 2491 3386 --
2523 3346 2646 3399 οὔτε
2686 3341 2787 3410 εἷς,
2836 3346 3031 3415 inquit,
3076 3344 3254 3399 αὐτῶν
3298 3345 3537 3413 (πάντων

1970 3438 2077 3491 τῶν
2124 3437 2687 3508 ὺπομνηματισάντων
2731 3438 2831 3500 τὰς
2883 3435 3032 3501 Θείας
3069 3436 3333 3508 Γραφὰς)
3382 3436 3539 3505 λόγον

1970 3531 2262 3600 ἐποιήσατο
2302 3529 2411 3582 τῶν
2453 3527 2807 3584 Καθολικῶνῖ
2858 3529 3129 3583 Caeterum
3165 3543 3272 3582 non
3308 3527 3536 3582 dubium

1971 3621 2101 3690 quin
2131 3619 2451 3675 Theodorus
2489 3621 2533 3674 si
2567 3635 2671 3674 non
2700 3635 2890 3673 omnes
2917 3617 3189 3687 Epistolas
3216 3618 3533 3680 catholicas,

1972 3710 2182 3766 Leontii
2220 3710 2364 3765 enim
2407 3710 2592 3764 verbis
2634 3709 2791 3780 (Gall.
2817 3708 2956 3764 Bibl.
2990 3710 3025 3762 I.
3056 3724 3131 3771 c.,
3159 3724 3211 3779 p.
3244 3709 3391 3779 687),
3427 3710 3536 3763 «ob

1970 3818 2131 3873 quam
2178 3816 2401 3855 causam
2448 3801 2562 3870 (sc.
2595 3800 2723 3869 quia
2755 3798 2873 3854 Jac.
2901 3817 2955 3864 v,
2990 3802 3078 3864 11,
3112 3800 3370 3870 patientia
3413 3798 3534 3855 Jobi

1971 3891 2319 3962 celebratur),
2353 3899 2411 3945 ut
2441 3890 2697 3955 arbitror,
2726 3889 2899 3961 ipsam
2942 3890 3235 3961 Epistolam
3262 3891 3449 3946 Jacobi
3480 3899 3537 3945 ot

1972 3987 2111 4042 alias
2140 3985 2399 4056 deinceps
2448 3984 2681 4038 aliorum
2726 3984 3031 4040 catholicas
3060 3985 3285 4055 abrogat
3311 3992 3365 4037 et
3393 3985 3537 4037 anti-

1970 4088 2121 4150 quat,
2157 4096 2177 4129 )
2214 4084 2365 4133 certo
2394 4076 2493 4132 niti
2525 4091 2634 4131 non
2671 4076 2815 4141 licet,
2840 4082 3076 4147 quatuor
3098 4085 3242 4130 certe
3265 4084 3321 4129 ut
3348 4074 3536 4129 Eccle-

1972 4172 2053 4227 sia
2101 4171 2436 4226 Antiochena
2494 4171 2605 4242 (cf.
2657 4171 2846 4229 Montf.
2917 4169 3053 4243 Opp.
3136 4171 3371 4241 Chrys...
3442 4167 3533 4234 Vl,

1973 4281 2026 4335 p.
2057 4264 2179 4331 508,
2212 4263 2361 4335 509),
2388 4264 2663 4335 rejecerit.

1971 4437 2265 4493 sacerdotio
2300 4442 2754 4505 commemorari,
2798 4441 3254 4497 verisimillimum
3290 4452 3392 4496 est.
3443 4439 3529 4498 Of.

1974 4508 2158 4563 Montl‘.
2192 4510 2329 4581 Opp.
2365 4508 2673 4581 Chrysost.,
2702 4513 2743 4578 Ι,
2774 4526 2828 4582 p.
2861 4513 2984 4568 561.
