  <div class='ocr_page' id='page_1' title='image "/cluster/home/n/w/nwhite01/storage/ocr_20150623/66/hvd.32044020884102/038.png"; bbox 0 0 3906 6208; ppageno 0'>
   <div class='ocr_carea' id='block_1_1' title="bbox 155 385 174 425">
    <p class='ocr_par' dir='ltr' id='par_1_1' title="bbox 155 385 174 425">
     <span class='ocr_line' id='line_1_1' title="bbox 155 385 174 425; baseline 0 0"><span class='ocrx_word' id='word_1_1' title='bbox 155 385 174 425; x_wconf 66' lang='grc' dir='ltr'><strong>Ι</strong></span> 
     </span>
    </p>
   </div>
   <div class='ocr_carea' id='block_1_2' title="bbox 231 209 310 265">
    <p class='ocr_par' dir='ltr' id='par_1_2' title="bbox 231 209 310 265">
     <span class='ocr_line' id='line_1_2' title="bbox 231 209 310 265; baseline -0.038 0"><span class='ocrx_word' id='word_1_2' title='bbox 231 209 310 265; x_wconf 73' lang='lat'><strong>57</strong></span> 
     </span>
    </p>
   </div>
   <div class='ocr_carea' id='block_1_3' title="bbox 1025 213 2673 273">
    <p class='ocr_par' dir='ltr' id='par_1_3' title="bbox 1025 213 2673 273">
     <span class='ocr_line' id='line_1_3' title="bbox 1025 213 2673 273; baseline 0.001 -6"><span class='ocrx_word' id='word_1_3' title='bbox 1025 213 1109 268; x_wconf 85' lang='lat' dir='ltr'><strong>DE</strong></span> <span class='ocrx_word' id='word_1_4' title='bbox 1139 214 1492 271; x_wconf 75' lang='lat' dir='ltr'><strong>THEODORI</strong></span> <span class='ocrx_word' id='word_1_5' title='bbox 1514 214 2005 273; x_wconf 55' lang='lat' dir='ltr'><strong>EOPSUESTENI</strong></span> <span class='ocrx_word' id='word_1_6' title='bbox 2032 217 2189 273; x_wconf 71' lang='lat' dir='ltr'><strong>Vle</strong></span> <span class='ocrx_word' id='word_1_7' title='bbox 2213 216 2302 272; x_wconf 83' lang='lat' dir='ltr'><strong>ET</strong></span> <span class='ocrx_word' id='word_1_8' title='bbox 2339 216 2673 272; x_wconf 73' lang='lat' dir='ltr'><strong>SCRIPTIS.</strong></span> 
     </span>
    </p>
   </div>
   <div class='ocr_carea' id='block_1_4' title="bbox 230 323 3488 404">
    <p class='ocr_par' dir='ltr' id='par_1_4' title="bbox 230 323 3488 404">
     <span class='ocr_line' id='line_1_4' title="bbox 230 323 3488 404; baseline 0.003 -28"><span class='ocrx_word' id='word_1_9' title='bbox 230 324 630 391; x_wconf 62' lang='lat' dir='ltr'><strong>Apollinarium</strong></span> <span class='ocrx_word' id='word_1_10' title='bbox 661 323 812 395; x_wconf 85' lang='lat' dir='ltr'><strong>(Fac.</strong></span> <span class='ocrx_word' id='word_1_11' title='bbox 842 344 923 393; x_wconf 88' lang='lat'><strong>111,</strong></span> <span class='ocrx_word' id='word_1_12' title='bbox 946 326 1023 398; x_wconf 67' lang='grc' dir='ltr'><strong>ἓ),</strong></span> <span class='ocrx_word' id='word_1_13' title='bbox 1050 340 1294 400; x_wconf 88' lang='lat' dir='ltr'><strong>apparet,</strong></span> <span class='ocrx_word' id='word_1_14' title='bbox 1324 329 1665 386; x_wconf 83' lang='lat' dir='ltr'><strong>Theodorum</strong></span> <span class='ocrx_word' id='word_1_15' title='bbox 1690 339 1812 401; x_wconf 86' lang='lat' dir='ltr'><strong>post</strong></span> <span class='ocrx_word' id='word_1_16' title='bbox 1838 338 1883 393; x_wconf 78' lang='grc' dir='ltr'><strong>Α</strong></span> <span class='ocrx_word' id='word_1_17' title='bbox 1916 349 2023 388; x_wconf 84' lang='grc' dir='ltr'>ιιοιι</span> <span class='ocrx_word' id='word_1_18' title='bbox 2058 334 2222 389; x_wconf 87' lang='lat' dir='ltr'><strong>etiam</strong></span> <span class='ocrx_word' id='word_1_19' title='bbox 2263 334 2591 404; x_wconf 78' lang='lat' dir='ltr'><strong>Apollinarii</strong></span> <span class='ocrx_word' id='word_1_20' title='bbox 2623 348 2818 388; x_wconf 86' lang='lat' dir='ltr'><strong>vanam</strong></span> <span class='ocrx_word' id='word_1_21' title='bbox 2873 331 3353 402; x_wconf 57' lang='lat' dir='ltr'><strong>praesumptionem</strong></span> <span class='ocrx_word' id='word_1_22' title='bbox 3390 348 3488 402; x_wconf 87' lang='lat' dir='ltr'><strong>per</strong></span> 
     </span>
    </p>
   </div>
   <div class='ocr_carea' id='block_1_5' title="bbox 233 414 1811 489">
    <p class='ocr_par' dir='ltr' id='par_1_5' title="bbox 233 414 1811 489">
     <span class='ocr_line' id='line_1_5' title="bbox 233 414 1811 489; baseline 0.004 -22"><span class='ocrx_word' id='word_1_23' title='bbox 233 415 410 469; x_wconf 87' lang='lat' dir='ltr'><strong>libros</strong></span> <span class='ocrx_word' id='word_1_24' title='bbox 449 414 522 468; x_wconf 81' lang='lat' dir='ltr'><strong>De</strong></span> <span class='ocrx_word' id='word_1_25' title='bbox 546 417 922 472; x_wconf 78' lang='lat' dir='ltr'><strong>incarnatione</strong></span> <span class='ocrx_word' id='word_1_26' title='bbox 950 419 1093 475; x_wconf 79' lang='lat' dir='ltr'><strong>intra</strong></span> <span class='ocrx_word' id='word_1_27' title='bbox 1129 436 1236 475; x_wconf 79' lang='lat' dir='ltr'><strong>xu</strong></span> <span class='ocrx_word' id='word_1_28' title='bbox 1271 436 1447 476; x_wconf 89' lang='lat' dir='ltr'><strong>annos</strong></span> <span class='ocrx_word' id='word_1_29' title='bbox 1482 436 1655 489; x_wconf 78' lang='lat' dir='ltr'><strong>usque</strong></span> <span class='ocrx_word' id='word_1_30' title='bbox 1683 422 1811 474; x_wconf 91' lang='lat' dir='ltr'><strong>dum</strong></span> 
     </span>
    </p>
   </div>
   <div class='ocr_carea' id='block_1_6' title="bbox 234 507 1813 577">
    <p class='ocr_par' dir='ltr' id='par_1_6' title="bbox 234 507 1813 577">
     <span class='ocr_line' id='line_1_6' title="bbox 234 507 1813 577; baseline 0.006 -21"><span class='ocrx_word' id='word_1_31' title='bbox 234 508 304 560; x_wconf 87' lang='lat' dir='ltr'><strong>de</strong></span> <span class='ocrx_word' id='word_1_32' title='bbox 333 507 676 575; x_wconf 79' lang='lat' dir='ltr'><strong>Apollinario</strong></span> <span class='ocrx_word' id='word_1_33' title='bbox 714 509 945 577; x_wconf 79' lang='lat' dir='ltr'><strong>ejusque</strong></span> <span class='ocrx_word' id='word_1_34' title='bbox 977 510 1169 567; x_wconf 66' lang='lat' dir='ltr'><strong>haeresi</strong></span> <span class='ocrx_word' id='word_1_35' title='bbox 1214 511 1502 575; x_wconf 90' lang='lat' dir='ltr'><strong>scriberet,</strong></span> <span class='ocrx_word' id='word_1_36' title='bbox 1538 513 1718 566; x_wconf 84' lang='lat' dir='ltr'><strong>nullos</strong></span> <span class='ocrx_word' id='word_1_37' title='bbox 1745 512 1813 566; x_wconf 84' lang='lat' dir='ltr'><strong>li-</strong></span> 
     </span>
    </p>
   </div>
   <div class='ocr_carea' id='block_1_7' title="bbox 236 599 1815 670">
    <p class='ocr_par' dir='ltr' id='par_1_7' title="bbox 236 599 1815 670">
     <span class='ocr_line' id='line_1_7' title="bbox 236 599 1815 670; baseline 0.004 -20"><span class='ocrx_word' id='word_1_38' title='bbox 236 599 369 651; x_wconf 82' lang='lat' dir='ltr'><strong>bros</strong></span> <span class='ocrx_word' id='word_1_39' title='bbox 412 599 680 654; x_wconf 82' lang='lat' dir='ltr'><strong>adversus</strong></span> <span class='ocrx_word' id='word_1_40' title='bbox 727 600 1130 670; x_wconf 83' lang='lat' dir='ltr'><strong>Apollinarium</strong></span> <span class='ocrx_word' id='word_1_41' title='bbox 1166 602 1425 659; x_wconf 89' lang='lat' dir='ltr'><strong>edidisse.</strong></span> <span class='ocrx_word' id='word_1_42' title='bbox 1474 604 1616 669; x_wconf 84' lang='lat' dir='ltr'><strong>Quid</strong></span> <span class='ocrx_word' id='word_1_43' title='bbox 1646 605 1815 659; x_wconf 85' lang='lat' dir='ltr'><strong>vero?</strong></span> 
     </span>
    </p>
   </div>
   <div class='ocr_carea' id='block_1_8' title="bbox 237 688 1815 768">
    <p class='ocr_par' dir='ltr' id='par_1_8' title="bbox 237 688 1815 768">
     <span class='ocr_line' id='line_1_8' title="bbox 237 688 1815 768; baseline 0.007 -26"><span class='ocrx_word' id='word_1_44' title='bbox 237 688 378 744; x_wconf 82' lang='lat' dir='ltr'><strong>Num</strong></span> <span class='ocrx_word' id='word_1_45' title='bbox 401 694 568 746; x_wconf 92' lang='lat' dir='ltr'><strong>statui</strong></span> <span class='ocrx_word' id='word_1_46' title='bbox 594 701 800 763; x_wconf 90' lang='lat' dir='ltr'><strong>potest,</strong></span> <span class='ocrx_word' id='word_1_47' title='bbox 833 710 956 749; x_wconf 89' lang='lat' dir='ltr'><strong>eum</strong></span> <span class='ocrx_word' id='word_1_48' title='bbox 991 705 1179 766; x_wconf 89' lang='lat' dir='ltr'><strong>postea</strong></span> <span class='ocrx_word' id='word_1_49' title='bbox 1214 697 1323 752; x_wconf 86' lang='lat' dir='ltr'><strong>illis</strong></span> <span class='ocrx_word' id='word_1_50' title='bbox 1354 699 1507 752; x_wconf 78' lang='lat' dir='ltr'><strong>libris</strong></span> <span class='ocrx_word' id='word_1_51' title='bbox 1537 699 1815 768; x_wconf 84' lang='lat' dir='ltr'><strong>Apollina-</strong></span> 
     </span>
    </p>
   </div>
   <div class='ocr_carea' id='block_1_9' title="bbox 240 778 1812 850">
    <p class='ocr_par' dir='ltr' id='par_1_9' title="bbox 240 778 1812 850">
     <span class='ocr_line' id='line_1_9' title="bbox 240 778 1812 850; baseline 0.007 -21"><span class='ocrx_word' id='word_1_52' title='bbox 240 778 384 831; x_wconf 90' lang='lat' dir='ltr'><strong>rium</strong></span> <span class='ocrx_word' id='word_1_53' title='bbox 439 779 833 850; x_wconf 77' lang='lat' dir='ltr'><strong>impugnasse?</strong></span> <span class='ocrx_word' id='word_1_54' title='bbox 901 781 1010 838; x_wconf 86' lang='lat' dir='ltr'><strong>Nec</strong></span> <span class='ocrx_word' id='word_1_55' title='bbox 1064 785 1267 840; x_wconf 89' lang='lat' dir='ltr'><strong>rectius</strong></span> <span class='ocrx_word' id='word_1_56' title='bbox 1322 787 1643 850; x_wconf 88' lang='lat' dir='ltr'><strong>contendas,</strong></span> <span class='ocrx_word' id='word_1_57' title='bbox 1691 802 1812 841; x_wconf 92' lang='lat' dir='ltr'><strong>eum</strong></span> 
     </span>
    </p>
   </div>
   <div class='ocr_carea' id='block_1_10' title="bbox 239 873 1816 943">
    <p class='ocr_par' dir='ltr' id='par_1_10' title="bbox 239 873 1816 943">
     <span class='ocr_line' id='line_1_10' title="bbox 239 873 1816 943; baseline 0.006 -22"><span class='ocrx_word' id='word_1_58' title='bbox 239 873 479 938; x_wconf 87' lang='lat' dir='ltr'><strong>primum</strong></span> <span class='ocrx_word' id='word_1_59' title='bbox 511 881 701 926; x_wconf 87' lang='lat' dir='ltr'><strong>centra</strong></span> <span class='ocrx_word' id='word_1_60' title='bbox 734 874 1154 943; x_wconf 83' lang='lat' dir='ltr'><strong>Apollinarium,</strong></span> <span class='ocrx_word' id='word_1_61' title='bbox 1187 884 1300 930; x_wconf 90' lang='lat' dir='ltr'><strong>tum</strong></span> <span class='ocrx_word' id='word_1_62' title='bbox 1337 878 1405 932; x_wconf 92' lang='lat' dir='ltr'><strong>de</strong></span> <span class='ocrx_word' id='word_1_63' title='bbox 1440 878 1816 931; x_wconf 85' lang='lat' dir='ltr'><strong>incarnatione</strong></span> 
     </span>
    </p>
   </div>
   <div class='ocr_carea' id='block_1_11' title="bbox 240 964 1815 1039">
    <p class='ocr_par' dir='ltr' id='par_1_11' title="bbox 240 964 1815 1039">
     <span class='ocr_line' id='line_1_11' title="bbox 240 964 1815 1039; baseline 0.003 -23"><span class='ocrx_word' id='word_1_64' title='bbox 240 965 554 1033; x_wconf 77' lang='lat' dir='ltr'><strong>scripsisse.</strong></span> <span class='ocrx_word' id='word_1_65' title='bbox 589 964 832 1021; x_wconf 81' lang='lat' dir='ltr'><strong>Facund.</strong></span> <span class='ocrx_word' id='word_1_66' title='bbox 866 967 1085 1037; x_wconf 86' lang='lat' dir='ltr'><strong>quidem</strong></span> <span class='ocrx_word' id='word_1_67' title='bbox 1122 968 1279 1033; x_wconf 72' lang='lat'><strong>111,2,</strong></span> <span class='ocrx_word' id='word_1_68' title='bbox 1316 999 1385 1009; x_wconf 86' lang='lat'><strong>--</strong></span> <span class='ocrx_word' id='word_1_69' title='bbox 1416 969 1471 1022; x_wconf 89' lang='lat' dir='ltr'><strong>in</strong></span> <span class='ocrx_word' id='word_1_70' title='bbox 1500 985 1648 1037; x_wconf 87' lang='lat' dir='ltr'><strong>opere</strong></span> <span class='ocrx_word' id='word_1_71' title='bbox 1677 968 1815 1039; x_wconf 83' lang='lat' dir='ltr'><strong>quod</strong></span> 
     </span>
    </p>
   </div>
   <div class='ocr_carea' id='block_1_12' title="bbox 180 1052 1811 1119">
    <p class='ocr_par' dir='ltr' id='par_1_12' title="bbox 180 1052 1811 1119">
     <span class='ocr_line' id='line_1_12' title="bbox 180 1052 1811 1119; baseline 0.004 -18"><span class='ocrx_word' id='word_1_72' title='bbox 180 1098 189 1109; x_wconf 83' lang='lat'><strong>,</strong></span> <span class='ocrx_word' id='word_1_73' title='bbox 241 1062 432 1103; x_wconf 70' lang='lat' dir='ltr'><strong>contra</strong></span> <span class='ocrx_word' id='word_1_74' title='bbox 478 1052 837 1119; x_wconf 76' lang='lat' dir='ltr'><strong>Apollinarem</strong></span> <span class='ocrx_word' id='word_1_75' title='bbox 883 1054 1089 1119; x_wconf 82' lang='lat' dir='ltr'><strong>edidit;</strong></span> <span class='ocrx_word' id='word_1_76' title='bbox 1133 1085 1197 1093; x_wconf 88' lang='lat'><strong>-—</strong></span> <span class='ocrx_word' id='word_1_77' title='bbox 1239 1072 1314 1116; x_wconf 74' lang='grc' dir='ltr'><strong>ιι,</strong></span> <span class='ocrx_word' id='word_1_78' title='bbox 1353 1056 1408 1118; x_wconf 69' lang='grc'>4,</span> <span class='ocrx_word' id='word_1_79' title='bbox 1451 1069 1639 1117; x_wconf 83' lang='lat' dir='ltr'><strong>quarto</strong></span> <span class='ocrx_word' id='word_1_80' title='bbox 1693 1055 1811 1110; x_wconf 81' lang='lat' dir='ltr'><strong>adv.</strong></span> 
     </span>
    </p>
   </div>
   <div class='ocr_carea' id='block_1_13' title="bbox 242 1144 1813 1217">
    <p class='ocr_par' dir='ltr' id='par_1_13' title="bbox 242 1144 1813 1217">
     <span class='ocr_line' id='line_1_13' title="bbox 242 1144 1813 1217; baseline 0.004 -22"><span class='ocrx_word' id='word_1_81' title='bbox 242 1145 476 1211; x_wconf 78' lang='lat' dir='ltr'><strong>Apollin.</strong></span> <span class='ocrx_word' id='word_1_82' title='bbox 523 1144 601 1207; x_wconf 75' lang='lat'><strong>1.,-</strong></span> <span class='ocrx_word' id='word_1_83' title='bbox 647 1154 701 1199; x_wconf 90' lang='lat' dir='ltr'><strong>et</strong></span> <span class='ocrx_word' id='word_1_84' title='bbox 741 1144 933 1200; x_wconf 89' lang='lat' dir='ltr'><strong>Leont.</strong></span> <span class='ocrx_word' id='word_1_85' title='bbox 987 1145 1200 1215; x_wconf 77' lang='lat' dir='ltr'><strong>(Mai.l.</strong></span> <span class='ocrx_word' id='word_1_86' title='bbox 1234 1145 1414 1213; x_wconf 84' lang='lat' dir='ltr'><strong>l,Vl,</strong></span> <span class='ocrx_word' id='word_1_87' title='bbox 1448 1164 1499 1217; x_wconf 93' lang='lat' dir='ltr'><strong>p.</strong></span> <span class='ocrx_word' id='word_1_88' title='bbox 1534 1148 1813 1214; x_wconf 69' lang='lat'><strong>510,511)</strong></span> 
     </span>
    </p>
   </div>
   <div class='ocr_carea' id='block_1_14' title="bbox 239 1234 1818 1308">
    <p class='ocr_par' dir='ltr' id='par_1_14' title="bbox 239 1234 1818 1308">
     <span class='ocr_line' id='line_1_14' title="bbox 239 1234 1818 1308; baseline 0.003 -22"><span class='ocrx_word' id='word_1_89' title='bbox 239 1234 311 1287; x_wconf 70' lang='grc' dir='ltr'><strong>ἐκ</strong></span> <span class='ocrx_word' id='word_1_90' title='bbox 361 1235 466 1288; x_wconf 85' lang='grc' dir='ltr'><strong>τοῦ</strong></span> <span class='ocrx_word' id='word_1_91' title='bbox 500 1238 559 1288; x_wconf 85' lang='lat' dir='ltr'><strong>.l.</strong></span> <span class='ocrx_word' id='word_1_92' title='bbox 596 1234 715 1288; x_wconf 83' lang='grc' dir='ltr'><strong>τῶν</strong></span> <span class='ocrx_word' id='word_1_93' title='bbox 743 1237 894 1290; x_wconf 78' lang='grc' dir='ltr'><strong>κατὰ</strong></span> <span class='ocrx_word' id='word_1_94' title='bbox 951 1236 1359 1306; x_wconf 73' lang='grc' dir='ltr'><strong>Ἀπολιναρίου</strong></span> <span class='ocrx_word' id='word_1_95' title='bbox 1405 1237 1567 1303; x_wconf 84' lang='grc' dir='ltr'><strong>αὐτῷ</strong></span> <span class='ocrx_word' id='word_1_96' title='bbox 1605 1236 1818 1308; x_wconf 55' lang='lat' dir='ltr'><strong>mage}-</strong></span> 
     </span>
    </p>
   </div>
   <div class='ocr_carea' id='block_1_15' title="bbox 242 1324 1814 1389">
    <p class='ocr_par' dir='ltr' id='par_1_15' title="bbox 242 1324 1814 1389">
     <span class='ocr_line' id='line_1_15' title="bbox 242 1324 1814 1389; baseline 0.003 -12"><span class='ocrx_word' id='word_1_97' title='bbox 242 1342 421 1389; x_wconf 78' lang='grc' dir='ltr'><em>ντων,</em></span> <span class='ocrx_word' id='word_1_98' title='bbox 456 1324 545 1377; x_wconf 77' lang='grc' dir='ltr'><strong>ἐκ.</strong></span> <span class='ocrx_word' id='word_1_99' title='bbox 574 1342 628 1379; x_wconf 85' lang='grc' dir='ltr'><strong>τ.</strong></span> <span class='ocrx_word' id='word_1_100' title='bbox 655 1328 716 1379; x_wconf 76' lang='lat' dir='ltr'><strong>.l.</strong></span> <span class='ocrx_word' id='word_1_101' title='bbox 746 1324 868 1379; x_wconf 83' lang='grc' dir='ltr'><em>τῶν</em></span> <span class='ocrx_word' id='word_1_102' title='bbox 896 1326 1046 1381; x_wconf 82' lang='grc' dir='ltr'><strong>κατά</strong></span> <span class='ocrx_word' id='word_1_103' title='bbox 1093 1328 1238 1389; x_wconf 78' lang='grc' dir='ltr'><strong>Ἀπ..</strong></span> <span class='ocrx_word' id='word_1_104' title='bbox 1287 1328 1577 1385; x_wconf 80' lang='lat' dir='ltr'><strong>manifesto</strong></span> <span class='ocrx_word' id='word_1_105' title='bbox 1604 1329 1705 1385; x_wconf 79' lang='lat' dir='ltr'><strong>bos</strong></span> <span class='ocrx_word' id='word_1_106' title='bbox 1747 1328 1814 1382; x_wconf 87' lang='lat' dir='ltr'><strong>li-</strong></span> 
     </span>
    </p>
   </div>
   <div class='ocr_carea' id='block_1_16' title="bbox 244 1415 1816 1488">
    <p class='ocr_par' dir='ltr' id='par_1_16' title="bbox 244 1415 1816 1488">
     <span class='ocr_line' id='line_1_16' title="bbox 244 1415 1816 1488; baseline 0.003 -17"><span class='ocrx_word' id='word_1_107' title='bbox 244 1416 368 1471; x_wconf 88' lang='lat' dir='ltr'><strong>bros</strong></span> <span class='ocrx_word' id='word_1_108' title='bbox 396 1432 426 1469; x_wconf 89' lang='lat' dir='ltr'><strong>a</strong></span> <span class='ocrx_word' id='word_1_109' title='bbox 460 1417 621 1471; x_wconf 82' lang='lat' dir='ltr'><strong>libris</strong></span> <span class='ocrx_word' id='word_1_110' title='bbox 653 1415 732 1471; x_wconf 79' lang='lat' dir='ltr'><strong>De</strong></span> <span class='ocrx_word' id='word_1_111' title='bbox 764 1419 972 1475; x_wconf 85' lang='lat' dir='ltr'><strong>incarn.</strong></span> <span class='ocrx_word' id='word_1_112' title='bbox 1017 1420 1328 1477; x_wconf 89' lang='lat' dir='ltr'><strong>discernere</strong></span> <span class='ocrx_word' id='word_1_113' title='bbox 1371 1422 1665 1488; x_wconf 90' lang='lat' dir='ltr'><strong>videntur;</strong></span> <span class='ocrx_word' id='word_1_114' title='bbox 1720 1420 1816 1477; x_wconf 91' lang='lat' dir='ltr'><strong>sed</strong></span> 
     </span>
    </p>
   </div>
   <div class='ocr_carea' id='block_1_17' title="bbox 243 1509 1816 1584">
    <p class='ocr_par' dir='ltr' id='par_1_17' title="bbox 243 1509 1816 1584">
     <span class='ocr_line' id='line_1_17' title="bbox 243 1509 1816 1584; baseline 0.005 -23"><span class='ocrx_word' id='word_1_115' title='bbox 243 1524 363 1562; x_wconf 83' lang='lat' dir='ltr'><strong>cum</strong></span> <span class='ocrx_word' id='word_1_116' title='bbox 389 1510 512 1579; x_wconf 89' lang='lat' dir='ltr'><strong>ipse</strong></span> <span class='ocrx_word' id='word_1_117' title='bbox 548 1509 814 1565; x_wconf 83' lang='lat' dir='ltr'><strong>Leontius</strong></span> <span class='ocrx_word' id='word_1_118' title='bbox 866 1513 903 1565; x_wconf 99' lang='grc'><strong>1.</strong></span> <span class='ocrx_word' id='word_1_119' title='bbox 940 1527 1014 1577; x_wconf 91' lang='lat' dir='ltr'><strong>c.,</strong></span> <span class='ocrx_word' id='word_1_120' title='bbox 1054 1529 1107 1584; x_wconf 90' lang='lat' dir='ltr'><strong>p.</strong></span> <span class='ocrx_word' id='word_1_121' title='bbox 1152 1514 1280 1578; x_wconf 77' lang='lat'><strong>299,</strong></span> <span class='ocrx_word' id='word_1_122' title='bbox 1322 1531 1381 1570; x_wconf 89' lang='lat' dir='ltr'><strong>se</strong></span> <span class='ocrx_word' id='word_1_123' title='bbox 1410 1516 1627 1571; x_wconf 85' lang='lat' dir='ltr'><strong>nonnisi</strong></span> <span class='ocrx_word' id='word_1_124' title='bbox 1661 1514 1816 1569; x_wconf 88' lang='lat' dir='ltr'><strong>libris</strong></span> 
     </span>
    </p>
   </div>
   <div class='ocr_carea' id='block_1_18' title="bbox 241 1598 1815 1677">
    <p class='ocr_par' dir='ltr' id='par_1_18' title="bbox 241 1598 1815 1677">
     <span class='ocr_line' id='line_1_18' title="bbox 241 1598 1815 1677; baseline 0.005 -25"><span class='ocrx_word' id='word_1_125' title='bbox 241 1598 317 1653; x_wconf 75' lang='lat' dir='ltr'><strong>De</strong></span> <span class='ocrx_word' id='word_1_126' title='bbox 345 1601 566 1659; x_wconf 83' lang='lat' dir='ltr'><strong>incarn.</strong></span> <span class='ocrx_word' id='word_1_127' title='bbox 603 1618 760 1656; x_wconf 90' lang='lat' dir='ltr'><strong>usum</strong></span> <span class='ocrx_word' id='word_1_128' title='bbox 796 1618 917 1658; x_wconf 88' lang='lat' dir='ltr'><strong>esse</strong></span> <span class='ocrx_word' id='word_1_129' title='bbox 946 1613 1132 1659; x_wconf 89' lang='lat' dir='ltr'><strong>narret</strong></span> <span class='ocrx_word' id='word_1_130' title='bbox 1181 1605 1387 1677; x_wconf 78' lang='grc' dir='ltr'><strong>(ἐπειδὴ</strong></span> <span class='ocrx_word' id='word_1_131' title='bbox 1430 1606 1487 1660; x_wconf 80' lang='grc' dir='ltr'>δὲ</span> <span class='ocrx_word' id='word_1_132' title='bbox 1528 1607 1680 1677; x_wconf 84' lang='grc' dir='ltr'>μόλις</span> <span class='ocrx_word' id='word_1_133' title='bbox 1719 1608 1815 1660; x_wconf 70' lang='grc' dir='ltr'><strong>καὶ</strong></span> 
     </span>
    </p>
   </div>
   <div class='ocr_carea' id='block_1_19' title="bbox 1914 423 3484 492">
    <p class='ocr_par' dir='ltr' id='par_1_19' title="bbox 1914 423 3484 492">
     <span class='ocr_line' id='line_1_19' title="bbox 1914 423 3484 492; baseline 0.004 -17"><span class='ocrx_word' id='word_1_134' title='bbox 1914 430 2088 477; x_wconf 84' lang='lat' dir='ltr'><strong>totum</strong></span> <span class='ocrx_word' id='word_1_135' title='bbox 2120 439 2258 492; x_wconf 90' lang='lat' dir='ltr'><strong>opus</strong></span> <span class='ocrx_word' id='word_1_136' title='bbox 2292 423 2367 478; x_wconf 84' lang='lat' dir='ltr'><strong>De</strong></span> <span class='ocrx_word' id='word_1_137' title='bbox 2413 424 2777 478; x_wconf 76' lang='lat' dir='ltr'><strong>incarnatione</strong></span> <span class='ocrx_word' id='word_1_138' title='bbox 2809 423 3178 483; x_wconf 73' lang='lat' dir='ltr'><strong>examinasse,</strong></span> <span class='ocrx_word' id='word_1_139' title='bbox 3214 431 3273 475; x_wconf 93' lang='lat' dir='ltr'><strong>ut</strong></span> <span class='ocrx_word' id='word_1_140' title='bbox 3318 423 3484 481; x_wconf 87' lang='lat' dir='ltr'><strong>nihil.</strong></span> 
     </span>
    </p>
   </div>
   <div class='ocr_carea' id='block_1_20' title="bbox 1913 514 3488 585">
    <p class='ocr_par' dir='ltr' id='par_1_20' title="bbox 1913 514 3488 585">
     <span class='ocr_line' id='line_1_20' title="bbox 1913 514 3488 585; baseline -0.001 -15"><span class='ocrx_word' id='word_1_141' title='bbox 1913 516 2057 570; x_wconf 88' lang='lat' dir='ltr'><strong>sicut</strong></span> <span class='ocrx_word' id='word_1_142' title='bbox 2090 531 2189 569; x_wconf 87' lang='lat' dir='ltr'><strong>sua</strong></span> <span class='ocrx_word' id='word_1_143' title='bbox 2225 516 2389 570; x_wconf 85' lang='lat' dir='ltr'><strong>ferret</strong></span> <span class='ocrx_word' id='word_1_144' title='bbox 2423 518 2632 585; x_wconf 89' lang='lat' dir='ltr'><strong>opinio,</strong></span> <span class='ocrx_word' id='word_1_145' title='bbox 2670 515 3027 585; x_wconf 78' lang='lat' dir='ltr'><strong>praeteriisset</strong></span> <span class='ocrx_word' id='word_1_146' title='bbox 3061 530 3127 567; x_wconf 75' lang='lat' dir='ltr'><strong>ex</strong></span> <span class='ocrx_word' id='word_1_147' title='bbox 3173 514 3259 568; x_wconf 86' lang='lat' dir='ltr'><strong>his</strong></span> <span class='ocrx_word' id='word_1_148' title='bbox 3285 530 3407 583; x_wconf 71' lang='lat' dir='ltr'><strong>quae</strong></span> <span class='ocrx_word' id='word_1_149' title='bbox 3433 523 3488 568; x_wconf 87' lang='lat' dir='ltr'><strong>et</strong></span> 
     </span>
    </p>
   </div>
   <div class='ocr_carea' id='block_1_21' title="bbox 1914 601 3486 672">
    <p class='ocr_par' dir='ltr' id='par_1_21' title="bbox 1914 601 3486 672">
     <span class='ocr_line' id='line_1_21' title="bbox 1914 601 3486 672; baseline 0.001 -18"><span class='ocrx_word' id='word_1_150' title='bbox 1914 601 1981 654; x_wconf 88' lang='lat' dir='ltr'><strong>ad</strong></span> <span class='ocrx_word' id='word_1_151' title='bbox 2013 603 2322 657; x_wconf 80' lang='lat' dir='ltr'><strong>ﬁrmitatem</strong></span> <span class='ocrx_word' id='word_1_152' title='bbox 2351 604 2741 659; x_wconf 71' lang='lat' dir='ltr'><strong>ecclesiastica:</strong></span> <span class='ocrx_word' id='word_1_153' title='bbox 2773 603 3110 658; x_wconf 70' lang='lat' dir='ltr'><strong>orthodoxize</strong></span> <span class='ocrx_word' id='word_1_154' title='bbox 3146 604 3486 672; x_wconf 83' lang='lat' dir='ltr'><strong>pertinerent</strong></span> 
     </span>
    </p>
   </div>
   <div class='ocr_carea' id='block_1_22' title="bbox 1913 690 3486 763">
    <p class='ocr_par' dir='ltr' id='par_1_22' title="bbox 1913 690 3486 763">
     <span class='ocr_line' id='line_1_22' title="bbox 1913 690 3486 763; baseline -0.001 -16"><span class='ocrx_word' id='word_1_155' title='bbox 1913 700 1968 747; x_wconf 89' lang='lat' dir='ltr'><strong>et</strong></span> <span class='ocrx_word' id='word_1_156' title='bbox 1997 692 2061 748; x_wconf 89' lang='lat' dir='ltr'><strong>ad</strong></span> <span class='ocrx_word' id='word_1_157' title='bbox 2106 694 2536 748; x_wconf 84' lang='lat' dir='ltr'><strong>convincendam</strong></span> <span class='ocrx_word' id='word_1_158' title='bbox 2580 709 2771 749; x_wconf 89' lang='lat' dir='ltr'><strong>eorum</strong></span> <span class='ocrx_word' id='word_1_159' title='bbox 2812 694 3169 763; x_wconf 81' lang='lat' dir='ltr'><strong>impietatem.</strong></span> <span class='ocrx_word' id='word_1_160' title='bbox 3206 712 3223 744; x_wconf 75' lang='grc' dir='ltr'><strong>ι</strong></span> <span class='ocrx_word' id='word_1_161' title='bbox 3269 690 3486 746; x_wconf 81' lang='lat' dir='ltr'><strong>Genna-</strong></span> 
     </span>
    </p>
   </div>
   <div class='ocr_carea' id='block_1_23' title="bbox 1914 785 3486 851">
    <p class='ocr_par' dir='ltr' id='par_1_23' title="bbox 1914 785 3486 851">
     <span class='ocr_line' id='line_1_23' title="bbox 1914 785 3486 851; baseline -0.003 -10"><span class='ocrx_word' id='word_1_162' title='bbox 1914 786 2005 841; x_wconf 88' lang='lat' dir='ltr'><strong>dio</strong></span> <span class='ocrx_word' id='word_1_163' title='bbox 2034 795 2214 842; x_wconf 90' lang='lat' dir='ltr'><strong>autem</strong></span> <span class='ocrx_word' id='word_1_164' title='bbox 2245 796 2401 851; x_wconf 83' lang='lat' dir='ltr'><strong>teste,</strong></span> <span class='ocrx_word' id='word_1_165' title='bbox 2435 788 2473 841; x_wconf 94' lang='lat' dir='ltr'><strong>l.</strong></span> <span class='ocrx_word' id='word_1_166' title='bbox 2498 788 2559 850; x_wconf 87' lang='lat' dir='ltr'><strong>L,</strong></span> <span class='ocrx_word' id='word_1_167' title='bbox 2591 788 2646 841; x_wconf 89' lang='lat' dir='ltr'><strong>in</strong></span> <span class='ocrx_word' id='word_1_168' title='bbox 2678 786 2835 841; x_wconf 82' lang='lat' dir='ltr'><strong>libris</strong></span> <span class='ocrx_word' id='word_1_169' title='bbox 2869 786 2943 840; x_wconf 84' lang='lat' dir='ltr'><strong>De</strong></span> <span class='ocrx_word' id='word_1_170' title='bbox 2974 787 3179 839; x_wconf 84' lang='lat' dir='ltr'><strong>incarn.</strong></span> <span class='ocrx_word' id='word_1_171' title='bbox 3219 805 3237 836; x_wconf 74' lang='grc' dir='ltr'><strong>ι</strong></span> <span class='ocrx_word' id='word_1_172' title='bbox 3277 785 3486 838; x_wconf 82' lang='lat' dir='ltr'><strong>ratione</strong></span> 
     </span>
    </p>
   </div>
   <div class='ocr_carea' id='block_1_24' title="bbox 1915 877 3484 949">
    <p class='ocr_par' dir='ltr' id='par_1_24' title="bbox 1915 877 3484 949">
     <span class='ocr_line' id='line_1_24' title="bbox 1915 877 3484 949; baseline -0.002 -16"><span class='ocrx_word' id='word_1_173' title='bbox 1915 880 2206 949; x_wconf 87' lang='lat' dir='ltr'><strong>purissima</strong></span> <span class='ocrx_word' id='word_1_174' title='bbox 2255 890 2308 934; x_wconf 90' lang='lat' dir='ltr'><strong>et</strong></span> <span class='ocrx_word' id='word_1_175' title='bbox 2349 880 2684 935; x_wconf 88' lang='lat' dir='ltr'><strong>testimoniis</strong></span> <span class='ocrx_word' id='word_1_176' title='bbox 2717 877 3127 948; x_wconf 90' lang='lat' dir='ltr'><strong>Scripturarum</strong></span> <span class='ocrx_word' id='word_1_177' title='bbox 3165 897 3183 928; x_wconf 79' lang='grc' dir='ltr'><strong>ι</strong></span> <span class='ocrx_word' id='word_1_178' title='bbox 3225 877 3484 940; x_wconf 84' lang='lat' dir='ltr'><strong>ostendit,</strong></span> 
     </span>
    </p>
   </div>
   <div class='ocr_carea' id='block_1_25' title="bbox 1912 968 3485 1040">
    <p class='ocr_par' dir='ltr' id='par_1_25' title="bbox 1912 968 3485 1040">
     <span class='ocr_line' id='line_1_25' title="bbox 1912 968 3485 1040; baseline -0.003 -16"><span class='ocrx_word' id='word_1_179' title='bbox 1912 968 2097 1025; x_wconf 83' lang='lat' dir='ltr'><strong>Jesum</strong></span> <span class='ocrx_word' id='word_1_180' title='bbox 2129 969 2409 1025; x_wconf 83' lang='lat' dir='ltr'><strong>Christum</strong></span> <span class='ocrx_word' id='word_1_181' title='bbox 2455 990 2472 1021; x_wconf 80' lang='grc' dir='ltr'><strong>ι</strong></span> <span class='ocrx_word' id='word_1_182' title='bbox 2514 969 2907 1040; x_wconf 88' lang='lat' dir='ltr'><strong>plenitudinem</strong></span> <span class='ocrx_word' id='word_1_183' title='bbox 2952 978 3005 1023; x_wconf 92' lang='lat' dir='ltr'><strong>et</strong></span> <span class='ocrx_word' id='word_1_184' title='bbox 3042 968 3268 1023; x_wconf 88' lang='lat' dir='ltr'><strong>deitatis</strong></span> <span class='ocrx_word' id='word_1_185' title='bbox 3302 978 3357 1021; x_wconf 90' lang='lat' dir='ltr'><strong>et</strong></span> <span class='ocrx_word' id='word_1_186' title='bbox 3385 968 3485 1021; x_wconf 89' lang='lat' dir='ltr'><strong>hu-</strong></span> 
     </span>
    </p>
   </div>
   <div class='ocr_carea' id='block_1_26' title="bbox 1915 1059 3488 1124">
    <p class='ocr_par' dir='ltr' id='par_1_26' title="bbox 1915 1059 3488 1124">
     <span class='ocr_line' id='line_1_26' title="bbox 1915 1059 3488 1124; baseline -0.003 -8"><span class='ocrx_word' id='word_1_187' title='bbox 1915 1062 2196 1116; x_wconf 86' lang='lat' dir='ltr'><strong>manitatis</strong></span> <span class='ocrx_word' id='word_1_188' title='bbox 2230 1062 2545 1124; x_wconf 69' lang='lat' dir='ltr'><strong>habuisse,»</strong></span> <span class='ocrx_word' id='word_1_189' title='bbox 2576 1069 2630 1117; x_wconf 92' lang='lat' dir='ltr'><strong>et</strong></span> <span class='ocrx_word' id='word_1_190' title='bbox 2667 1061 2855 1116; x_wconf 90' lang='lat' dir='ltr'><strong>docuit</strong></span> <span class='ocrx_word' id='word_1_191' title='bbox 2889 1079 2908 1113; x_wconf 79' lang='grc' dir='ltr'><strong>ι</strong></span> <span class='ocrx_word' id='word_1_192' title='bbox 2946 1060 3222 1114; x_wconf 79' lang='lat' dir='ltr'><strong>hominem</strong></span> <span class='ocrx_word' id='word_1_193' title='bbox 3271 1059 3488 1114; x_wconf 89' lang='lat' dir='ltr'><strong>duabus</strong></span> 
     </span>
    </p>
   </div>
   <div class='ocr_carea' id='block_1_27' title="bbox 1915 1152 3487 1221">
    <p class='ocr_par' dir='ltr' id='par_1_27' title="bbox 1915 1152 3487 1221">
     <span class='ocr_line' id='line_1_27' title="bbox 1915 1152 3487 1221; baseline -0.005 -11"><span class='ocrx_word' id='word_1_194' title='bbox 1915 1166 2128 1211; x_wconf 86' lang='lat' dir='ltr'><strong>tantum</strong></span> <span class='ocrx_word' id='word_1_195' title='bbox 2181 1154 2522 1210; x_wconf 85' lang='lat' dir='ltr'><strong>substantiis.</strong></span> <span class='ocrx_word' id='word_1_196' title='bbox 2567 1154 2604 1207; x_wconf 91' lang='lat' dir='ltr'><strong>i.</strong></span> <span class='ocrx_word' id='word_1_197' title='bbox 2658 1169 2710 1208; x_wconf 89' lang='lat' dir='ltr'><strong>e.</strong></span> <span class='ocrx_word' id='word_1_198' title='bbox 2743 1152 2924 1206; x_wconf 86' lang='lat' dir='ltr'><strong>anima</strong></span> <span class='ocrx_word' id='word_1_199' title='bbox 2968 1158 3022 1205; x_wconf 90' lang='lat' dir='ltr'><strong>et</strong></span> <span class='ocrx_word' id='word_1_200' title='bbox 3057 1166 3312 1221; x_wconf 90' lang='lat' dir='ltr'><strong>corpore,</strong></span> <span class='ocrx_word' id='word_1_201' title='bbox 3350 1167 3487 1205; x_wconf 88' lang='lat' dir='ltr'><strong>c011-</strong></span> 
     </span>
    </p>
   </div>
   <div class='ocr_carea' id='block_1_28' title="bbox 1915 1243 3491 1317">
    <p class='ocr_par' dir='ltr' id='par_1_28' title="bbox 1915 1243 3491 1317">
     <span class='ocr_line' id='line_1_28' title="bbox 1915 1243 3491 1317; baseline -0.006 -11"><span class='ocrx_word' id='word_1_202' title='bbox 1915 1259 2084 1308; x_wconf 85' lang='lat' dir='ltr'><strong>stare.</strong></span> <span class='ocrx_word' id='word_1_203' title='bbox 2123 1262 2461 1317; x_wconf 85' lang='lat' dir='ltr'><strong>sensumque</strong></span> <span class='ocrx_word' id='word_1_204' title='bbox 2504 1254 2557 1301; x_wconf 91' lang='lat' dir='ltr'><strong>et</strong></span> <span class='ocrx_word' id='word_1_205' title='bbox 2609 1245 2863 1315; x_wconf 90' lang='lat' dir='ltr'><strong>spiritum</strong></span> <span class='ocrx_word' id='word_1_206' title='bbox 2910 1243 3088 1298; x_wconf 82' lang='lat' dir='ltr'><strong>otIieia</strong></span> <span class='ocrx_word' id='word_1_207' title='bbox 3120 1259 3246 1299; x_wconf 87' lang='lat' dir='ltr'><strong>esse</strong></span> <span class='ocrx_word' id='word_1_208' title='bbox 3295 1243 3491 1297; x_wconf 68' lang='lat' dir='ltr'><strong>anima:</strong></span> 
     </span>
    </p>
   </div>
   <div class='ocr_carea' id='block_1_29' title="bbox 1914 1333 3480 1409">
    <p class='ocr_par' dir='ltr' id='par_1_29' title="bbox 1914 1333 3480 1409">
     <span class='ocr_line' id='line_1_29' title="bbox 1914 1333 3480 1409; baseline -0.006 -15"><span class='ocrx_word' id='word_1_209' title='bbox 1914 1340 2171 1409; x_wconf 81' lang='lat' dir='ltr'><strong>ingenita.</strong></span> <span class='ocrx_word' id='word_1_210' title='bbox 2209 1357 2228 1390; x_wconf 76' lang='grc' dir='ltr'><strong>ι</strong></span> <span class='ocrx_word' id='word_1_211' title='bbox 2271 1337 2414 1392; x_wconf 90' lang='lat' dir='ltr'><strong>Idem</strong></span> <span class='ocrx_word' id='word_1_212' title='bbox 2470 1336 2638 1399; x_wconf 88' lang='lat' dir='ltr'><strong>addit,</strong></span> <span class='ocrx_word' id='word_1_213' title='bbox 2676 1351 2799 1390; x_wconf 89' lang='lat' dir='ltr'><strong>eum</strong></span> <span class='ocrx_word' id='word_1_214' title='bbox 2840 1353 2858 1387; x_wconf 75' lang='grc' dir='ltr'><strong>ι</strong></span> <span class='ocrx_word' id='word_1_215' title='bbox 2898 1344 3153 1403; x_wconf 85' lang='lat' dir='ltr'><strong>quartum</strong></span> <span class='ocrx_word' id='word_1_216' title='bbox 3202 1333 3480 1388; x_wconf 89' lang='lat' dir='ltr'><strong>decimum</strong></span> 
     </span>
    </p>
   </div>
   <div class='ocr_carea' id='block_1_30' title="bbox 1915 1423 3493 1500">
    <p class='ocr_par' dir='ltr' id='par_1_30' title="bbox 1915 1423 3493 1500">
     <span class='ocr_line' id='line_1_30' title="bbox 1915 1423 3493 1500; baseline -0.007 -13"><span class='ocrx_word' id='word_1_217' title='bbox 1915 1433 2112 1487; x_wconf 90' lang='lat' dir='ltr'><strong>librum</strong></span> <span class='ocrx_word' id='word_1_218' title='bbox 2149 1430 2367 1500; x_wconf 89' lang='lat' dir='ltr'><strong>proprie</strong></span> <span class='ocrx_word' id='word_1_219' title='bbox 2395 1429 2462 1484; x_wconf 90' lang='lat' dir='ltr'><strong>de</strong></span> <span class='ocrx_word' id='word_1_220' title='bbox 2503 1429 2744 1482; x_wconf 87' lang='lat' dir='ltr'><strong>increata</strong></span> <span class='ocrx_word' id='word_1_221' title='bbox 2783 1433 2837 1482; x_wconf 90' lang='lat' dir='ltr'><strong>et</strong></span> <span class='ocrx_word' id='word_1_222' title='bbox 2873 1426 2989 1481; x_wconf 85' lang='lat' dir='ltr'><strong>sola</strong></span> <span class='ocrx_word' id='word_1_223' title='bbox 3032 1425 3356 1495; x_wconf 87' lang='lat' dir='ltr'><strong>incorporea</strong></span> <span class='ocrx_word' id='word_1_224' title='bbox 3397 1423 3493 1477; x_wconf 72' lang='grc'><strong>(10⁹</strong></span> 
     </span>
    </p>
   </div>
   <div class='ocr_carea' id='block_1_31' title="bbox 1916 1513 3493 1592">
    <p class='ocr_par' dir='ltr' id='par_1_31' title="bbox 1916 1513 3493 1592">
     <span class='ocr_line' id='line_1_31' title="bbox 1916 1513 3493 1592; baseline -0.008 -14"><span class='ocrx_word' id='word_1_225' title='bbox 1916 1523 2173 1592; x_wconf 89' lang='lat' dir='ltr'><strong>minaque</strong></span> <span class='ocrx_word' id='word_1_226' title='bbox 2198 1521 2442 1575; x_wconf 91' lang='lat' dir='ltr'><strong>omnium</strong></span> <span class='ocrx_word' id='word_1_227' title='bbox 2473 1518 2530 1574; x_wconf 88' lang='lat' dir='ltr'><strong>S.</strong></span> <span class='ocrx_word' id='word_1_228' title='bbox 2565 1517 2855 1571; x_wconf 87' lang='lat' dir='ltr'><strong>Trinitatis</strong></span> <span class='ocrx_word' id='word_1_229' title='bbox 2887 1524 3085 1570; x_wconf 91' lang='lat' dir='ltr'><strong>natura</strong></span> <span class='ocrx_word' id='word_1_230' title='bbox 3118 1513 3185 1570; x_wconf 89' lang='lat' dir='ltr'><strong>de</strong></span> <span class='ocrx_word' id='word_1_231' title='bbox 3214 1524 3493 1570; x_wconf 84' lang='lat' dir='ltr'><strong>creatura-</strong></span> 
     </span>
    </p>
   </div>
   <div class='ocr_carea' id='block_1_32' title="bbox 1916 1607 3492 1680">
    <p class='ocr_par' dir='ltr' id='par_1_32' title="bbox 1916 1607 3492 1680">
     <span class='ocr_line' id='line_1_32' title="bbox 1916 1607 3492 1680; baseline -0.008 -8"><span class='ocrx_word' id='word_1_232' title='bbox 1916 1632 2036 1672; x_wconf 87' lang='lat' dir='ltr'><strong>rum</strong></span> <span class='ocrx_word' id='word_1_233' title='bbox 2074 1615 2287 1669; x_wconf 84' lang='lat' dir='ltr'><strong>ratione</strong></span> <span class='ocrx_word' id='word_1_234' title='bbox 2332 1614 2689 1667; x_wconf 87' lang='lat' dir='ltr'><strong>disserentem</strong></span> <span class='ocrx_word' id='word_1_235' title='bbox 2722 1625 2820 1680; x_wconf 91' lang='lat' dir='ltr'><strong>pro</strong></span> <span class='ocrx_word' id='word_1_236' title='bbox 2861 1626 3026 1665; x_wconf 90' lang='lat' dir='ltr'><strong>sensu</strong></span> <span class='ocrx_word' id='word_1_237' title='bbox 3073 1623 3195 1663; x_wconf 90' lang='lat' dir='ltr'><strong>cum</strong></span> <span class='ocrx_word' id='word_1_238' title='bbox 3251 1607 3492 1661; x_wconf 84' lang='lat' dir='ltr'><strong>auctori-</strong></span> 
     </span>
    </p>
   </div>
   <div class='ocr_carea' id='block_1_33' title="bbox 243 1689 1825 1772">
    <p class='ocr_par' dir='ltr' id='par_1_33' title="bbox 243 1691 1819 1768">
     <span class='ocr_line' id='line_1_33' title="bbox 243 1691 1819 1768; baseline 0.008 -28"><span class='ocrx_word' id='word_1_239' title='bbox 243 1692 380 1760; x_wconf 78' lang='grc' dir='ltr'><strong>μετὰ</strong></span> <span class='ocrx_word' id='word_1_240' title='bbox 415 1691 617 1745; x_wconf 81' lang='grc' dir='ltr'>πολλοῦ</span> <span class='ocrx_word' id='word_1_241' title='bbox 654 1694 823 1746; x_wconf 82' lang='grc' dir='ltr'>κόπου</span> <span class='ocrx_word' id='word_1_242' title='bbox 854 1694 1107 1748; x_wconf 77' lang='grc' dir='ltr'><strong>ἐπινοιῶν</strong></span> <span class='ocrx_word' id='word_1_243' title='bbox 1152 1713 1212 1749; x_wconf 82' lang='grc' dir='ltr'><strong>τε</strong></span> <span class='ocrx_word' id='word_1_244' title='bbox 1261 1696 1470 1768; x_wconf 82' lang='grc' dir='ltr'><strong>μυρίων</strong></span> <span class='ocrx_word' id='word_1_245' title='bbox 1513 1698 1610 1768; x_wconf 82' lang='grc' dir='ltr'><strong>τὴν</strong></span> <span class='ocrx_word' id='word_1_246' title='bbox 1658 1700 1819 1754; x_wconf 84' lang='grc' dir='ltr'><strong>Κατὰ</strong></span> 
     </span>
    </p>
   </div>
   <div class='ocr_carea' id='block_1_34' title="bbox 1927 1689 3491 1772">
    <p class='ocr_par' dir='ltr' id='par_1_34' title="bbox 1927 1700 3491 1772">
     <span class='ocr_line' id='line_1_34' title="bbox 1927 1700 3491 1772; baseline -0.01 -8"><span class='ocrx_word' id='word_1_247' title='bbox 1927 1718 2027 1764; x_wconf 86' lang='lat' dir='ltr'><strong>tate</strong></span> <span class='ocrx_word' id='word_1_248' title='bbox 2063 1708 2121 1761; x_wconf 91' lang='lat' dir='ltr'><strong>S.</strong></span> <span class='ocrx_word' id='word_1_249' title='bbox 2162 1706 2571 1772; x_wconf 85' lang='lat' dir='ltr'><strong>Scripturarum</strong></span> <span class='ocrx_word' id='word_1_250' title='bbox 2630 1703 2985 1771; x_wconf 81' lang='lat' dir='ltr'><strong>explicuisse,</strong></span> <span class='ocrx_word' id='word_1_251' title='bbox 3040 1702 3235 1771; x_wconf 88' lang='lat' dir='ltr'><strong>quinto</strong></span> <span class='ocrx_word' id='word_1_252' title='bbox 3275 1700 3491 1754; x_wconf 66' lang='lat' dir='ltr'><strong>deamo</strong></span> 
     </span>
    </p>
   </div>
   <div class='ocr_carea' id='block_1_35' title="bbox 240 1779 1816 1860">
    <p class='ocr_par' dir='ltr' id='par_1_35' title="bbox 240 1779 1816 1860">
     <span class='ocr_line' id='line_1_35' title="bbox 240 1779 1816 1860; baseline 0.006 -26"><span class='ocrx_word' id='word_1_253' title='bbox 240 1779 350 1848; x_wconf 82' lang='grc' dir='ltr'><strong>τῆς</strong></span> <span class='ocrx_word' id='word_1_254' title='bbox 403 1782 919 1852; x_wconf 72' lang='grc' dir='ltr'><strong>ὲνανθρωστήσεως</strong></span> <span class='ocrx_word' id='word_1_255' title='bbox 969 1785 1149 1856; x_wconf 77' lang='grc' dir='ltr'>βίϐλον</span> <span class='ocrx_word' id='word_1_256' title='bbox 1195 1789 1376 1860; x_wconf 81' lang='grc' dir='ltr'><strong>εὑρεῖν</strong></span> <span class='ocrx_word' id='word_1_257' title='bbox 1441 1789 1816 1860; x_wconf 79' lang='grc' dir='ltr'><strong>δεδυνήμεθα,</strong></span> 
     </span>
    </p>
   </div>
   <div class='ocr_carea' id='block_1_36' title="bbox 242 1875 1819 1955">
    <p class='ocr_par' dir='ltr' id='par_1_36' title="bbox 242 1875 1819 1955">
     <span class='ocr_line' id='line_1_36' title="bbox 242 1875 1819 1955; baseline 0.006 -29"><span class='ocrx_word' id='word_1_258' title='bbox 242 1875 450 1945; x_wconf 68' lang='grc' dir='ltr'>σφόδρα</span> <span class='ocrx_word' id='word_1_259' title='bbox 481 1876 592 1947; x_wconf 78' lang='grc' dir='ltr'><strong>γὰρ</strong></span> <span class='ocrx_word' id='word_1_260' title='bbox 617 1878 1200 1949; x_wconf 76' lang='grc' dir='ltr'>παραπεφυλαγμένως</span> <span class='ocrx_word' id='word_1_261' title='bbox 1226 1880 1293 1933; x_wconf 82' lang='grc' dir='ltr'>τὰ</span> <span class='ocrx_word' id='word_1_262' title='bbox 1317 1879 1483 1935; x_wconf 79' lang='grc' dir='ltr'>αὑτοῦ</span> <span class='ocrx_word' id='word_1_263' title='bbox 1507 1883 1617 1945; x_wconf 81' lang='grc' dir='ltr'><strong>τοῖς</strong></span> <span class='ocrx_word' id='word_1_264' title='bbox 1643 1883 1819 1955; x_wconf 81' lang='grc' dir='ltr'><strong>ἀμυή-</strong></span> 
     </span>
    </p>
   </div>
   <div class='ocr_carea' id='block_1_37' title="bbox 239 1967 1820 2041">
    <p class='ocr_par' dir='ltr' id='par_1_37' title="bbox 239 1967 1820 2041">
     <span class='ocr_line' id='line_1_37' title="bbox 239 1967 1820 2041; baseline 0.008 -24"><span class='ocrx_word' id='word_1_265' title='bbox 239 1983 350 2029; x_wconf 73' lang='grc' dir='ltr'>τοις</span> <span class='ocrx_word' id='word_1_266' title='bbox 378 1967 646 2021; x_wconf 75' lang='grc' dir='ltr'><strong>ἐκδιδόναι</strong></span> <span class='ocrx_word' id='word_1_267' title='bbox 676 1969 959 2041; x_wconf 71' lang='grc' dir='ltr'>θαρροὖσι,</span> <span class='ocrx_word' id='word_1_268' title='bbox 992 1972 1179 2025; x_wconf 82' lang='grc' dir='ltr'>τούτου</span> <span class='ocrx_word' id='word_1_269' title='bbox 1214 1973 1398 2026; x_wconf 73' lang='grc' dir='ltr'>ἕνεκεν</span> <span class='ocrx_word' id='word_1_270' title='bbox 1434 1972 1502 2024; x_wconf 82' lang='grc' dir='ltr'><strong>τὰ</strong></span> <span class='ocrx_word' id='word_1_271' title='bbox 1527 1973 1687 2026; x_wconf 84' lang='grc' dir='ltr'><em>Κατὰ</em></span> <span class='ocrx_word' id='word_1_272' title='bbox 1712 1972 1820 2041; x_wconf 84' lang='grc' dir='ltr'><strong>τῆς</strong></span> 
     </span>
    </p>
   </div>
   <div class='ocr_carea' id='block_1_38' title="bbox 238 2064 1820 2138">
    <p class='ocr_par' dir='ltr' id='par_1_38' title="bbox 238 2064 1820 2138">
     <span class='ocr_line' id='line_1_38' title="bbox 238 2064 1820 2138; baseline 0.002 -23"><span class='ocrx_word' id='word_1_273' title='bbox 238 2064 484 2131; x_wconf 71' lang='grc' dir='ltr'><strong>ἐγανθρ.</strong></span> <span class='ocrx_word' id='word_1_274' title='bbox 520 2066 627 2119; x_wconf 79' lang='grc' dir='ltr'><strong>τοῦ</strong></span> <span class='ocrx_word' id='word_1_275' title='bbox 670 2068 946 2135; x_wconf 80' lang='grc' dir='ltr'><strong>Σωτῆρος</strong></span> <span class='ocrx_word' id='word_1_276' title='bbox 983 2067 1133 2137; x_wconf 81' lang='grc' dir='ltr'><strong>αὐτῷ</strong></span> <span class='ocrx_word' id='word_1_277' title='bbox 1166 2068 1431 2138; x_wconf 71' lang='grc' dir='ltr'><strong>εἰρημένα</strong></span> <span class='ocrx_word' id='word_1_278' title='bbox 1460 2067 1597 2137; x_wconf 87' lang='grc' dir='ltr'>μόνα</span> <span class='ocrx_word' id='word_1_279' title='bbox 1634 2070 1692 2121; x_wconf 83' lang='grc' dir='ltr'>ἐν</span> <span class='ocrx_word' id='word_1_280' title='bbox 1741 2066 1820 2137; x_wconf 86' lang='grc' dir='ltr'><strong>τῷ</strong></span> 
     </span>
    </p>
   </div>
   <div class='ocr_carea' id='block_1_39' title="bbox 240 2160 1820 2232">
    <p class='ocr_par' dir='ltr' id='par_1_39' title="bbox 240 2160 1820 2232">
     <span class='ocr_line' id='line_1_39' title="bbox 240 2160 1820 2232; baseline 0 -20"><span class='ocrx_word' id='word_1_281' title='bbox 240 2160 473 2227; x_wconf 70' lang='grc' dir='ltr'>παρόντι</span> <span class='ocrx_word' id='word_1_282' title='bbox 525 2160 884 2226; x_wconf 77' lang='grc' dir='ltr'><strong>συλλέξασθαι</strong></span> <span class='ocrx_word' id='word_1_283' title='bbox 952 2160 1336 2232; x_wconf 77' lang='grc' dir='ltr'><strong>δεδυνήμεθα),</strong></span> <span class='ocrx_word' id='word_1_284' title='bbox 1391 2171 1450 2215; x_wconf 93' lang='lat' dir='ltr'><strong>ut</strong></span> <span class='ocrx_word' id='word_1_285' title='bbox 1503 2161 1663 2216; x_wconf 84' lang='lat' dir='ltr'><strong>aliter</strong></span> <span class='ocrx_word' id='word_1_286' title='bbox 1706 2170 1820 2215; x_wconf 88' lang='lat' dir='ltr'><strong>sta-</strong></span> 
     </span>
    </p>
   </div>
   <div class='ocr_carea' id='block_1_40' title="bbox 240 2251 1820 2308">
    <p class='ocr_par' dir='ltr' id='par_1_40' title="bbox 240 2251 1820 2308">
     <span class='ocr_line' id='line_1_40' title="bbox 240 2251 1820 2308; baseline 0.003 -4"><span class='ocrx_word' id='word_1_287' title='bbox 240 2262 388 2304; x_wconf 82' lang='lat' dir='ltr'><strong>tuam</strong></span> <span class='ocrx_word' id='word_1_288' title='bbox 421 2251 645 2305; x_wconf 90' lang='lat' dir='ltr'><strong>illorum</strong></span> <span class='ocrx_word' id='word_1_289' title='bbox 677 2252 1003 2307; x_wconf 82' lang='lat' dir='ltr'><strong>auctoritate</strong></span> <span class='ocrx_word' id='word_1_290' title='bbox 1032 2268 1139 2307; x_wconf 92' lang='lat' dir='ltr'><strong>non</strong></span> <span class='ocrx_word' id='word_1_291' title='bbox 1171 2266 1412 2308; x_wconf 87' lang='lat' dir='ltr'><strong>moveor.</strong></span> <span class='ocrx_word' id='word_1_292' title='bbox 1480 2251 1645 2306; x_wconf 82' lang='lat' dir='ltr'><strong>Multa</strong></span> <span class='ocrx_word' id='word_1_293' title='bbox 1692 2268 1820 2308; x_wconf 84' lang='lat' dir='ltr'><strong>vero</strong></span> 
     </span>
    </p>
   </div>
   <div class='ocr_carea' id='block_1_41' title="bbox 244 2342 1822 2413">
    <p class='ocr_par' dir='ltr' id='par_1_41' title="bbox 244 2342 1822 2413">
     <span class='ocr_line' id='line_1_41' title="bbox 244 2342 1822 2413; baseline 0.001 -17"><span class='ocrx_word' id='word_1_294' title='bbox 244 2342 412 2411; x_wconf 74' lang='lat' dir='ltr'><strong>ﬁngas</strong></span> <span class='ocrx_word' id='word_1_295' title='bbox 437 2382 454 2407; x_wconf 92' lang='lat'><strong>,</strong></span> <span class='ocrx_word' id='word_1_296' title='bbox 507 2358 631 2411; x_wconf 73' lang='lat' dir='ltr'><strong>quae</strong></span> <span class='ocrx_word' id='word_1_297' title='bbox 664 2358 902 2397; x_wconf 84' lang='lat' dir='ltr'><strong>errorem</strong></span> <span class='ocrx_word' id='word_1_298' title='bbox 937 2358 1119 2398; x_wconf 90' lang='lat' dir='ltr'><strong>eorum</strong></span> <span class='ocrx_word' id='word_1_299' title='bbox 1152 2358 1342 2413; x_wconf 89' lang='lat' dir='ltr'><strong>parere</strong></span> <span class='ocrx_word' id='word_1_300' title='bbox 1385 2353 1696 2413; x_wconf 91' lang='lat' dir='ltr'><strong>potuerunt.</strong></span> <span class='ocrx_word' id='word_1_301' title='bbox 1733 2343 1822 2398; x_wconf 89' lang='lat' dir='ltr'><strong>Sic</strong></span> 
     </span>
    </p>
   </div>
   <div class='ocr_carea' id='block_1_42' title="bbox 244 2434 1822 2506">
    <p class='ocr_par' dir='ltr' id='par_1_42' title="bbox 244 2434 1822 2506">
     <span class='ocr_line' id='line_1_42' title="bbox 244 2434 1822 2506; baseline 0 -16"><span class='ocrx_word' id='word_1_302' title='bbox 244 2436 355 2490; x_wconf 78' lang='lat' dir='ltr'><strong>ﬁeri</strong></span> <span class='ocrx_word' id='word_1_303' title='bbox 388 2436 575 2506; x_wconf 89' lang='lat' dir='ltr'><strong>potuit</strong></span> <span class='ocrx_word' id='word_1_304' title='bbox 608 2444 667 2488; x_wconf 94' lang='lat' dir='ltr'><strong>ut</strong></span> <span class='ocrx_word' id='word_1_305' title='bbox 702 2434 969 2491; x_wconf 86' lang='lat' dir='ltr'><strong>Theodori</strong></span> <span class='ocrx_word' id='word_1_306' title='bbox 1013 2437 1263 2497; x_wconf 62' lang='lat' dir='ltr'><strong>asseelm,</strong></span> <span class='ocrx_word' id='word_1_307' title='bbox 1298 2436 1556 2491; x_wconf 86' lang='lat' dir='ltr'><strong>cautione</strong></span> <span class='ocrx_word' id='word_1_308' title='bbox 1583 2437 1667 2489; x_wconf 91' lang='lat' dir='ltr'><strong>vel</strong></span> <span class='ocrx_word' id='word_1_309' title='bbox 1695 2436 1822 2490; x_wconf 89' lang='lat' dir='ltr'><strong>aliis</strong></span> 
     </span>
    </p>
   </div>
   <div class='ocr_carea' id='block_1_43' title="bbox 247 2528 1822 2597">
    <p class='ocr_par' dir='ltr' id='par_1_43' title="bbox 247 2528 1822 2597">
     <span class='ocr_line' id='line_1_43' title="bbox 247 2528 1822 2597; baseline -0.001 -15"><span class='ocrx_word' id='word_1_310' title='bbox 247 2531 311 2582; x_wconf 82' lang='lat' dir='ltr'><strong>de</strong></span> <span class='ocrx_word' id='word_1_311' title='bbox 331 2529 523 2584; x_wconf 88' lang='lat' dir='ltr'><strong>causis</strong></span> <span class='ocrx_word' id='word_1_312' title='bbox 557 2528 801 2593; x_wconf 88' lang='lat' dir='ltr'><strong>adducti,</strong></span> <span class='ocrx_word' id='word_1_313' title='bbox 824 2528 964 2584; x_wconf 90' lang='lat' dir='ltr'><strong>duos</strong></span> <span class='ocrx_word' id='word_1_314' title='bbox 996 2528 1117 2584; x_wconf 89' lang='lat' dir='ltr'><strong>illos</strong></span> <span class='ocrx_word' id='word_1_315' title='bbox 1149 2528 1320 2584; x_wconf 89' lang='lat' dir='ltr'><strong>libros</strong></span> <span class='ocrx_word' id='word_1_316' title='bbox 1347 2528 1613 2584; x_wconf 84' lang='lat' dir='ltr'><strong>adversus</strong></span> <span class='ocrx_word' id='word_1_317' title='bbox 1654 2528 1822 2597; x_wconf 81' lang='lat' dir='ltr'><strong>Apol-</strong></span> 
     </span>
    </p>
   </div>
   <div class='ocr_carea' id='block_1_44' title="bbox 246 2619 1821 2690">
    <p class='ocr_par' dir='ltr' id='par_1_44' title="bbox 246 2619 1821 2690">
     <span class='ocr_line' id='line_1_44' title="bbox 246 2619 1821 2690; baseline -0.001 -17"><span class='ocrx_word' id='word_1_318' title='bbox 246 2620 503 2674; x_wconf 88' lang='lat' dir='ltr'><strong>linarium</strong></span> <span class='ocrx_word' id='word_1_319' title='bbox 545 2620 960 2689; x_wconf 86' lang='lat' dir='ltr'><strong>(potissimum?</strong></span> <span class='ocrx_word' id='word_1_320' title='bbox 991 2620 1225 2689; x_wconf 82' lang='lat' dir='ltr'><strong>solum?)</strong></span> <span class='ocrx_word' id='word_1_321' title='bbox 1262 2619 1497 2690; x_wconf 90' lang='lat' dir='ltr'><strong>scriptos</strong></span> <span class='ocrx_word' id='word_1_322' title='bbox 1529 2620 1821 2689; x_wconf 86' lang='lat' dir='ltr'><strong>separatim</strong></span> 
     </span>
    </p>
   </div>
   <div class='ocr_carea' id='block_1_45' title="bbox 244 2709 1821 2780">
    <p class='ocr_par' dir='ltr' id='par_1_45' title="bbox 244 2709 1821 2780">
     <span class='ocr_line' id='line_1_45' title="bbox 244 2709 1821 2780; baseline -0.002 -15"><span class='ocrx_word' id='word_1_323' title='bbox 244 2711 616 2776; x_wconf 72' lang='lat' dir='ltr'><strong>divulgarent.</strong></span> <span class='ocrx_word' id='word_1_324' title='bbox 668 2709 992 2780; x_wconf 77' lang='lat' dir='ltr'><strong>Fragmenta</strong></span> <span class='ocrx_word' id='word_1_325' title='bbox 1036 2710 1152 2779; x_wconf 90' lang='lat' dir='ltr'><strong>ipsa</strong></span> <span class='ocrx_word' id='word_1_326' title='bbox 1192 2710 1308 2764; x_wconf 74' lang='lat' dir='ltr'><strong>hzrc</strong></span> <span class='ocrx_word' id='word_1_327' title='bbox 1345 2717 1473 2764; x_wconf 90' lang='lat' dir='ltr'><strong>sunt</strong></span> <span class='ocrx_word' id='word_1_328' title='bbox 1511 2725 1523 2759; x_wconf 92' lang='lat'><strong>:</strong></span> <span class='ocrx_word' id='word_1_329' title='bbox 1561 2710 1821 2763; x_wconf 85' lang='lat' dir='ltr'><strong>tredecim</strong></span> 
     </span>
    </p>
   </div>
   <div class='ocr_carea' id='block_1_46' title="bbox 243 2802 1826 2873">
    <p class='ocr_par' dir='ltr' id='par_1_46' title="bbox 243 2802 1826 2873">
     <span class='ocr_line' id='line_1_46' title="bbox 243 2802 1826 2873; baseline 0.001 -16"><span class='ocrx_word' id='word_1_330' title='bbox 243 2804 335 2857; x_wconf 74' lang='lat' dir='ltr'><strong>cl.</strong></span> <span class='ocrx_word' id='word_1_331' title='bbox 371 2806 534 2858; x_wconf 84' lang='lat' dir='ltr'><strong>tertio</strong></span> <span class='ocrx_word' id='word_1_332' title='bbox 567 2812 691 2857; x_wconf 85' lang='lat' dir='ltr'><strong>Act.</strong></span> <span class='ocrx_word' id='word_1_333' title='bbox 740 2820 791 2856; x_wconf 92' lang='lat' dir='ltr'><strong>c.</strong></span> <span class='ocrx_word' id='word_1_334' title='bbox 835 2803 897 2858; x_wconf 91' lang='lat' dir='ltr'><strong>C.</strong></span> <span class='ocrx_word' id='word_1_335' title='bbox 945 2819 1005 2869; x_wconf 88' lang='grc' dir='ltr'>ιι,</span> <span class='ocrx_word' id='word_1_336' title='bbox 1057 2819 1132 2865; x_wconf 84' lang='lat' dir='ltr'><strong>1v,</strong></span> <span class='ocrx_word' id='word_1_337' title='bbox 1172 2804 1192 2858; x_wconf 85' lang='lat' dir='ltr'><strong>l</strong></span> <span class='ocrx_word' id='word_1_338' title='bbox 1251 2802 1337 2873; x_wconf 81' lang='lat' dir='ltr'><strong>(ea:</strong></span> <span class='ocrx_word' id='word_1_339' title='bbox 1381 2820 1438 2858; x_wconf 88' lang='grc' dir='ltr'><strong>ιιι</strong></span> <span class='ocrx_word' id='word_1_340' title='bbox 1489 2804 1623 2857; x_wconf 85' lang='lat' dir='ltr'><strong>libro</strong></span> <span class='ocrx_word' id='word_1_341' title='bbox 1664 2820 1710 2858; x_wconf 76' lang='grc' dir='ltr'><strong>ε.</strong></span> <span class='ocrx_word' id='word_1_342' title='bbox 1755 2833 1826 2845; x_wconf 62' lang='grc' dir='ltr'>ν-</span> 
     </span>
    </p>
   </div>
   <div class='ocr_carea' id='block_1_47' title="bbox 246 2894 1822 2966">
    <p class='ocr_par' dir='ltr' id='par_1_47' title="bbox 246 2894 1822 2966">
     <span class='ocr_line' id='line_1_47' title="bbox 246 2894 1822 2966; baseline 0.002 -18"><span class='ocrx_word' id='word_1_343' title='bbox 246 2897 683 2964; x_wconf 67' lang='lat' dir='ltr'><strong>Apollinarium;</strong></span> <span class='ocrx_word' id='word_1_344' title='bbox 714 2894 834 2966; x_wconf 77' lang='lat' dir='ltr'><strong>Vig.</strong></span> <span class='ocrx_word' id='word_1_345' title='bbox 858 2894 965 2951; x_wconf 89' lang='lat' dir='ltr'><strong>CP.</strong></span> <span class='ocrx_word' id='word_1_346' title='bbox 1000 2896 1024 2950; x_wconf 84' lang='grc'><strong>1</strong></span> <span class='ocrx_word' id='word_1_347' title='bbox 1057 2914 1072 2963; x_wconf 86' lang='grc'><strong>;</strong></span> <span class='ocrx_word' id='word_1_348' title='bbox 1107 2894 1404 2950; x_wconf 86' lang='lat' dir='ltr'><strong>Justiniani</strong></span> <span class='ocrx_word' id='word_1_349' title='bbox 1443 2910 1554 2966; x_wconf 91' lang='lat' dir='ltr'><strong>ep.,</strong></span> <span class='ocrx_word' id='word_1_350' title='bbox 1592 2894 1822 2951; x_wconf 88' lang='lat' dir='ltr'><strong>Bandin.</strong></span> 
     </span>
    </p>
   </div>
   <div class='ocr_carea' id='block_1_48' title="bbox 248 2985 1892 3080">
    <p class='ocr_par' dir='ltr' id='par_1_48' title="bbox 248 2985 1892 3080">
     <span class='ocr_line' id='line_1_48' title="bbox 248 2985 1892 3080; baseline 0 -38"><span class='ocrx_word' id='word_1_351' title='bbox 248 2989 374 3051; x_wconf 88' lang='grc'><strong>1.1.,</strong></span> <span class='ocrx_word' id='word_1_352' title='bbox 426 2992 473 3049; x_wconf 92' lang='lat' dir='ltr'><strong>l,</strong></span> <span class='ocrx_word' id='word_1_353' title='bbox 515 3006 572 3059; x_wconf 90' lang='lat' dir='ltr'><strong>p.</strong></span> <span class='ocrx_word' id='word_1_354' title='bbox 612 2987 735 3051; x_wconf 73' lang='grc'><strong>174,</strong></span> <span class='ocrx_word' id='word_1_355' title='bbox 769 2987 895 3049; x_wconf 77' lang='grc'><strong>175,</strong></span> <span class='ocrx_word' id='word_1_356' title='bbox 930 2985 1122 3041; x_wconf 86' lang='lat' dir='ltr'><strong>Leont.</strong></span> <span class='ocrx_word' id='word_1_357' title='bbox 1158 2987 1197 3041; x_wconf 85' lang='grc'><strong>1.</strong></span> <span class='ocrx_word' id='word_1_358' title='bbox 1239 2987 1303 3048; x_wconf 87' lang='grc'><strong>1.,</strong></span> <span class='ocrx_word' id='word_1_359' title='bbox 1340 3003 1394 3057; x_wconf 90' lang='lat' dir='ltr'><strong>p.</strong></span> <span class='ocrx_word' id='word_1_360' title='bbox 1422 2986 1580 3056; x_wconf 73' lang='lat'><strong>310);</strong></span> <span class='ocrx_word' id='word_1_361' title='bbox 1638 2985 1756 3050; x_wconf 80' lang='lat'><strong>2-7,</strong></span> <span class='ocrx_word' id='word_1_362' title='bbox 1791 2987 1824 3042; x_wconf 91' lang='lat'><strong>9</strong></span> <span class='ocrx_word' id='word_1_363' title='bbox 1849 3023 1892 3080; x_wconf 65' lang='grc' dir='ltr'>ϐ</span> 
     </span>
    </p>
   </div>
   <div class='ocr_carea' id='block_1_49' title="bbox 249 3077 1821 3152">
    <p class='ocr_par' dir='ltr' id='par_1_49' title="bbox 249 3077 1821 3152">
     <span class='ocr_line' id='line_1_49' title="bbox 249 3077 1821 3152; baseline -0.003 -15"><span class='ocrx_word' id='word_1_364' title='bbox 249 3081 391 3152; x_wconf 69' lang='lat' dir='ltr'><strong>(Vig.</strong></span> <span class='ocrx_word' id='word_1_365' title='bbox 429 3080 539 3137; x_wconf 76' lang='lat' dir='ltr'><strong>cp.</strong></span> <span class='ocrx_word' id='word_1_366' title='bbox 568 3080 686 3145; x_wconf 75' lang='lat'><strong>2-7,</strong></span> <span class='ocrx_word' id='word_1_367' title='bbox 720 3079 809 3150; x_wconf 84' lang='lat'><strong>9);</strong></span> <span class='ocrx_word' id='word_1_368' title='bbox 854 3081 922 3134; x_wconf 85' lang='grc' dir='ltr'>ιυ</span> <span class='ocrx_word' id='word_1_369' title='bbox 962 3077 1377 3150; x_wconf 73' lang='lat' dir='ltr'><strong>(Vig.CP.10;</strong></span> <span class='ocrx_word' id='word_1_370' title='bbox 1422 3078 1616 3134; x_wconf 88' lang='lat' dir='ltr'><strong>Leont.</strong></span> <span class='ocrx_word' id='word_1_371' title='bbox 1648 3078 1686 3133; x_wconf 91' lang='lat'><strong>1.</strong></span> <span class='ocrx_word' id='word_1_372' title='bbox 1727 3092 1821 3145; x_wconf 91' lang='lat' dir='ltr'><strong>c.;</strong></span> 
     </span>
    </p>
   </div>
   <div class='ocr_carea' id='block_1_50' title="bbox 250 3170 1823 3244">
    <p class='ocr_par' dir='ltr' id='par_1_50' title="bbox 250 3170 1823 3244">
     <span class='ocr_line' id='line_1_50' title="bbox 250 3170 1823 3244; baseline -0.003 -15"><span class='ocrx_word' id='word_1_373' title='bbox 250 3174 547 3229; x_wconf 69' lang='lat' dir='ltr'><strong>Iustiniani</strong></span> <span class='ocrx_word' id='word_1_374' title='bbox 580 3189 692 3244; x_wconf 89' lang='lat' dir='ltr'><strong>ep.,</strong></span> <span class='ocrx_word' id='word_1_375' title='bbox 724 3171 890 3226; x_wconf 87' lang='lat' dir='ltr'><strong>Band.</strong></span> <span class='ocrx_word' id='word_1_376' title='bbox 926 3174 960 3226; x_wconf 91' lang='lat' dir='ltr'><strong>I.</strong></span> <span class='ocrx_word' id='word_1_377' title='bbox 995 3170 1123 3233; x_wconf 81' lang='grc'><strong>1.,1.</strong></span> <span class='ocrx_word' id='word_1_378' title='bbox 1156 3188 1213 3243; x_wconf 86' lang='lat' dir='ltr'><strong>p.</strong></span> <span class='ocrx_word' id='word_1_379' title='bbox 1249 3172 1408 3241; x_wconf 73' lang='lat' dir='ltr'><strong>Ui);</strong></span> <span class='ocrx_word' id='word_1_380' title='bbox 1450 3172 1537 3235; x_wconf 79' lang='grc' dir='ltr'>Η,</span> <span class='ocrx_word' id='word_1_381' title='bbox 1574 3171 1641 3225; x_wconf 73' lang='grc'><strong>12</strong></span> <span class='ocrx_word' id='word_1_382' title='bbox 1678 3170 1823 3243; x_wconf 80' lang='lat' dir='ltr'><strong>(Vig.</strong></span> 
     </span>
    </p>
   </div>
   <div class='ocr_carea' id='block_1_51' title="bbox 251 3262 1824 3333">
    <p class='ocr_par' dir='ltr' id='par_1_51' title="bbox 251 3262 1824 3333">
     <span class='ocr_line' id='line_1_51' title="bbox 251 3262 1824 3333; baseline -0.002 -11"><span class='ocrx_word' id='word_1_383' title='bbox 251 3264 354 3323; x_wconf 88' lang='lat' dir='ltr'><strong>CP.</strong></span> <span class='ocrx_word' id='word_1_384' title='bbox 385 3267 476 3328; x_wconf 78' lang='grc'><strong>11,</strong></span> <span class='ocrx_word' id='word_1_385' title='bbox 513 3265 639 3332; x_wconf 72' lang='lat'><strong>12);</strong></span> <span class='ocrx_word' id='word_1_386' title='bbox 692 3262 815 3325; x_wconf 86' lang='lat' dir='ltr'><strong>Fac.</strong></span> <span class='ocrx_word' id='word_1_387' title='bbox 850 3280 933 3329; x_wconf 87' lang='grc' dir='ltr'>ιιι,</span> <span class='ocrx_word' id='word_1_388' title='bbox 968 3264 1032 3330; x_wconf 72' lang='lat'><strong>2;</strong></span> <span class='ocrx_word' id='word_1_389' title='bbox 1081 3262 1369 3319; x_wconf 79' lang='lat' dir='ltr'><strong>Justiniani</strong></span> <span class='ocrx_word' id='word_1_390' title='bbox 1412 3279 1525 3333; x_wconf 92' lang='lat' dir='ltr'><strong>ep.,</strong></span> <span class='ocrx_word' id='word_1_391' title='bbox 1554 3264 1746 3329; x_wconf 86' lang='lat' dir='ltr'><strong>Band.,</strong></span> <span class='ocrx_word' id='word_1_392' title='bbox 1783 3265 1824 3329; x_wconf 92' lang='grc'>1,</span> 
     </span>
    </p>
   </div>
   <div class='ocr_carea' id='block_1_52' title="bbox 256 3357 1824 3435">
    <p class='ocr_par' dir='ltr' id='par_1_52' title="bbox 256 3357 1824 3435">
     <span class='ocr_line' id='line_1_52' title="bbox 256 3357 1824 3435; baseline -0.001 -22"><span class='ocrx_word' id='word_1_393' title='bbox 256 3375 311 3429; x_wconf 91' lang='lat' dir='ltr'><strong>p.</strong></span> <span class='ocrx_word' id='word_1_394' title='bbox 348 3359 484 3423; x_wconf 78' lang='lat' dir='ltr'><strong>l75;</strong></span> <span class='ocrx_word' id='word_1_395' title='bbox 522 3375 617 3412; x_wconf 71' lang='lat' dir='ltr'><strong>sex</strong></span> <span class='ocrx_word' id='word_1_396' title='bbox 652 3374 713 3435; x_wconf 53' lang='grc' dir='ltr'>ε,</span> <span class='ocrx_word' id='word_1_397' title='bbox 739 3361 777 3411; x_wconf 84' lang='grc' dir='ltr'>ι.</span> <span class='ocrx_word' id='word_1_398' title='bbox 806 3368 1014 3428; x_wconf 85' lang='lat' dir='ltr'><strong>quarto,</strong></span> <span class='ocrx_word' id='word_1_399' title='bbox 1052 3357 1178 3413; x_wconf 87' lang='lat' dir='ltr'><strong>Fac.</strong></span> <span class='ocrx_word' id='word_1_400' title='bbox 1221 3373 1296 3424; x_wconf 77' lang='grc' dir='ltr'><strong>ιι,</strong></span> <span class='ocrx_word' id='word_1_401' title='bbox 1332 3358 1400 3425; x_wconf 73' lang='grc'><strong>4;</strong></span> <span class='ocrx_word' id='word_1_402' title='bbox 1454 3357 1643 3414; x_wconf 82' lang='lat' dir='ltr'><strong>Leont.</strong></span> <span class='ocrx_word' id='word_1_403' title='bbox 1687 3364 1722 3413; x_wconf 93' lang='grc' dir='ltr'><strong>Ι.</strong></span> <span class='ocrx_word' id='word_1_404' title='bbox 1752 3375 1824 3423; x_wconf 84' lang='lat' dir='ltr'><strong>c.,</strong></span> 
     </span>
    </p>
   </div>
   <div class='ocr_carea' id='block_1_53' title="bbox 258 3449 1825 3521">
    <p class='ocr_par' dir='ltr' id='par_1_53' title="bbox 258 3449 1825 3521">
     <span class='ocr_line' id='line_1_53' title="bbox 258 3449 1825 3521; baseline -0.001 -16"><span class='ocrx_word' id='word_1_405' title='bbox 258 3467 307 3519; x_wconf 80' lang='grc' dir='ltr'><strong>ρ.</strong></span> <span class='ocrx_word' id='word_1_406' title='bbox 341 3450 448 3507; x_wconf 74' lang='grc'><strong>509</strong></span> <span class='ocrx_word' id='word_1_407' title='bbox 486 3449 800 3520; x_wconf 71' lang='lat' dir='ltr'><strong>(Iustiniani</strong></span> <span class='ocrx_word' id='word_1_408' title='bbox 826 3466 936 3521; x_wconf 85' lang='lat' dir='ltr'><strong>ep.,</strong></span> <span class='ocrx_word' id='word_1_409' title='bbox 963 3449 1158 3515; x_wconf 84' lang='lat' dir='ltr'><strong>Band.,</strong></span> <span class='ocrx_word' id='word_1_410' title='bbox 1186 3449 1228 3513; x_wconf 86' lang='grc'>1,</span> <span class='ocrx_word' id='word_1_411' title='bbox 1255 3464 1307 3519; x_wconf 83' lang='grc' dir='ltr'><strong>ρ.</strong></span> <span class='ocrx_word' id='word_1_412' title='bbox 1342 3449 1466 3520; x_wconf 77' lang='grc'><strong>170)</strong></span> <span class='ocrx_word' id='word_1_413' title='bbox 1490 3467 1505 3517; x_wconf 86' lang='grc'>;</span> <span class='ocrx_word' id='word_1_414' title='bbox 1535 3450 1654 3504; x_wconf 83' lang='lat' dir='ltr'><strong>Act.</strong></span> <span class='ocrx_word' id='word_1_415' title='bbox 1689 3465 1739 3506; x_wconf 91' lang='lat' dir='ltr'><strong>c.</strong></span> <span class='ocrx_word' id='word_1_416' title='bbox 1764 3450 1825 3505; x_wconf 90' lang='lat' dir='ltr'><strong>C.</strong></span> 
     </span>
    </p>
   </div>
   <div class='ocr_carea' id='block_1_54' title="bbox 258 3539 1826 3613">
    <p class='ocr_par' dir='ltr' id='par_1_54' title="bbox 258 3539 1826 3613">
     <span class='ocr_line' id='line_1_54' title="bbox 258 3539 1826 3613; baseline -0.002 -15"><span class='ocrx_word' id='word_1_417' title='bbox 258 3559 315 3607; x_wconf 88' lang='grc' dir='ltr'><strong>ιι,</strong></span> <span class='ocrx_word' id='word_1_418' title='bbox 340 3557 415 3608; x_wconf 83' lang='lat' dir='ltr'><strong>1v,</strong></span> <span class='ocrx_word' id='word_1_419' title='bbox 449 3544 482 3598; x_wconf 85' lang='lat'><strong>8</strong></span> <span class='ocrx_word' id='word_1_420' title='bbox 512 3540 661 3613; x_wconf 56' lang='grc' dir='ltr'><strong>(γῆς.</strong></span> <span class='ocrx_word' id='word_1_421' title='bbox 683 3540 788 3596; x_wconf 87' lang='lat' dir='ltr'><strong>CP.</strong></span> <span class='ocrx_word' id='word_1_422' title='bbox 810 3541 871 3607; x_wconf 90' lang='lat'><strong>8;</strong></span> <span class='ocrx_word' id='word_1_423' title='bbox 908 3540 1098 3597; x_wconf 83' lang='lat' dir='ltr'><strong>Leont.</strong></span> <span class='ocrx_word' id='word_1_424' title='bbox 1126 3540 1162 3594; x_wconf 93' lang='lat' dir='ltr'><strong>l.</strong></span> <span class='ocrx_word' id='word_1_425' title='bbox 1190 3556 1265 3604; x_wconf 90' lang='lat' dir='ltr'><strong>c.,</strong></span> <span class='ocrx_word' id='word_1_426' title='bbox 1290 3555 1343 3611; x_wconf 93' lang='lat' dir='ltr'><strong>p.</strong></span> <span class='ocrx_word' id='word_1_427' title='bbox 1371 3540 1503 3607; x_wconf 76' lang='lat'><strong>310;</strong></span> <span class='ocrx_word' id='word_1_428' title='bbox 1535 3539 1826 3595; x_wconf 82' lang='lat' dir='ltr'><strong>Justiniani</strong></span> 
     </span>
    </p>
   </div>
   <div class='ocr_carea' id='block_1_55' title="bbox 257 3629 1826 3704">
    <p class='ocr_par' dir='ltr' id='par_1_55' title="bbox 257 3629 1826 3704">
     <span class='ocr_line' id='line_1_55' title="bbox 257 3629 1826 3704; baseline -0.004 -16"><span class='ocrx_word' id='word_1_429' title='bbox 257 3652 362 3704; x_wconf 84' lang='lat' dir='ltr'><strong>ep.,</strong></span> <span class='ocrx_word' id='word_1_430' title='bbox 396 3634 595 3698; x_wconf 81' lang='lat' dir='ltr'><strong>Baml.,</strong></span> <span class='ocrx_word' id='word_1_431' title='bbox 627 3634 666 3695; x_wconf 88' lang='grc' dir='ltr'>Ι,</span> <span class='ocrx_word' id='word_1_432' title='bbox 694 3649 747 3703; x_wconf 89' lang='lat' dir='ltr'><strong>p.</strong></span> <span class='ocrx_word' id='word_1_433' title='bbox 784 3633 936 3703; x_wconf 69' lang='lat'><strong>172);</strong></span> <span class='ocrx_word' id='word_1_434' title='bbox 984 3632 1177 3686; x_wconf 88' lang='lat' dir='ltr'><strong>Leont.</strong></span> <span class='ocrx_word' id='word_1_435' title='bbox 1217 3630 1253 3685; x_wconf 88' lang='lat' dir='ltr'><strong>l.</strong></span> <span class='ocrx_word' id='word_1_436' title='bbox 1292 3647 1365 3697; x_wconf 91' lang='lat' dir='ltr'><strong>c.,</strong></span> <span class='ocrx_word' id='word_1_437' title='bbox 1396 3648 1451 3703; x_wconf 91' lang='lat' dir='ltr'><strong>p.</strong></span> <span class='ocrx_word' id='word_1_438' title='bbox 1488 3632 1585 3685; x_wconf 78' lang='grc'><strong>511</strong></span> <span class='ocrx_word' id='word_1_439' title='bbox 1636 3629 1826 3702; x_wconf 80' lang='lat' dir='ltr'><strong>(Justi-</strong></span> 
     </span>
    </p>
   </div>
   <div class='ocr_carea' id='block_1_56' title="bbox 259 3723 1830 3795">
    <p class='ocr_par' dir='ltr' id='par_1_56' title="bbox 259 3723 1830 3795">
     <span class='ocr_line' id='line_1_56' title="bbox 259 3723 1830 3795; baseline 0 -17"><span class='ocrx_word' id='word_1_440' title='bbox 259 3727 402 3780; x_wconf 89' lang='lat' dir='ltr'><strong>niani</strong></span> <span class='ocrx_word' id='word_1_441' title='bbox 429 3741 548 3795; x_wconf 78' lang='lat' dir='ltr'><strong>ep.,</strong></span> <span class='ocrx_word' id='word_1_442' title='bbox 577 3724 774 3788; x_wconf 81' lang='lat' dir='ltr'><strong>Band.,</strong></span> <span class='ocrx_word' id='word_1_443' title='bbox 796 3723 837 3785; x_wconf 84' lang='grc'>1,</span> <span class='ocrx_word' id='word_1_444' title='bbox 865 3741 917 3794; x_wconf 92' lang='lat' dir='ltr'><strong>p.</strong></span> <span class='ocrx_word' id='word_1_445' title='bbox 950 3724 1082 3792; x_wconf 69' lang='lat'><strong>177;</strong></span> <span class='ocrx_word' id='word_1_446' title='bbox 1122 3723 1351 3779; x_wconf 89' lang='lat' dir='ltr'><strong>alterum</strong></span> <span class='ocrx_word' id='word_1_447' title='bbox 1387 3723 1589 3777; x_wconf 90' lang='lat' dir='ltr'><strong>dicitur</strong></span> <span class='ocrx_word' id='word_1_448' title='bbox 1625 3724 1694 3778; x_wconf 85' lang='grc' dir='ltr'><strong>ἐκ</strong></span> <span class='ocrx_word' id='word_1_449' title='bbox 1720 3723 1830 3792; x_wconf 82' lang='grc' dir='ltr'><strong>τῆς</strong></span> 
     </span>
    </p>
   </div>
   <div class='ocr_carea' id='block_1_57' title="bbox 257 3813 1827 3885">
    <p class='ocr_par' dir='ltr' id='par_1_57' title="bbox 257 3813 1827 3885">
     <span class='ocr_line' id='line_1_57' title="bbox 257 3813 1827 3885; baseline -0.001 -17"><span class='ocrx_word' id='word_1_450' title='bbox 257 3817 574 3885; x_wconf 75' lang='grc' dir='ltr'><strong>ἑρμηνείας</strong></span> <span class='ocrx_word' id='word_1_451' title='bbox 610 3814 716 3868; x_wconf 84' lang='grc' dir='ltr'><strong>τοῦ</strong></span> <span class='ocrx_word' id='word_1_452' title='bbox 745 3821 796 3881; x_wconf 87' lang='grc' dir='ltr'><strong>η’</strong></span> <span class='ocrx_word' id='word_1_453' title='bbox 823 3817 891 3882; x_wconf 73' lang='grc' dir='ltr'><strong>ψ.</strong></span> <span class='ocrx_word' id='word_1_454' title='bbox 918 3824 1193 3884; x_wconf 88' lang='lat' dir='ltr'><strong>sumptum</strong></span> <span class='ocrx_word' id='word_1_455' title='bbox 1227 3827 1383 3880; x_wconf 89' lang='lat' dir='ltr'><strong>esse;</strong></span> <span class='ocrx_word' id='word_1_456' title='bbox 1424 3813 1547 3867; x_wconf 87' lang='lat' dir='ltr'><strong>Act.</strong></span> <span class='ocrx_word' id='word_1_457' title='bbox 1589 3828 1640 3870; x_wconf 90' lang='lat' dir='ltr'><strong>c.</strong></span> <span class='ocrx_word' id='word_1_458' title='bbox 1671 3814 1734 3867; x_wconf 86' lang='lat' dir='ltr'><strong>C.</strong></span> <span class='ocrx_word' id='word_1_459' title='bbox 1769 3830 1827 3878; x_wconf 90' lang='lat'><strong>11,</strong></span> 
     </span>
    </p>
   </div>
   <div class='ocr_carea' id='block_1_58' title="bbox 260 3904 1829 3978">
    <p class='ocr_par' dir='ltr' id='par_1_58' title="bbox 260 3904 1829 3978">
     <span class='ocr_line' id='line_1_58' title="bbox 260 3904 1829 3978; baseline -0.002 -17"><span class='ocrx_word' id='word_1_460' title='bbox 260 3924 329 3969; x_wconf 84' lang='lat' dir='ltr'><strong>1v.</strong></span> <span class='ocrx_word' id='word_1_461' title='bbox 360 3909 425 3962; x_wconf 88' lang='grc'><strong>19</strong></span> <span class='ocrx_word' id='word_1_462' title='bbox 461 3906 607 3978; x_wconf 64' lang='grc' dir='ltr'><strong>[γῆς.</strong></span> <span class='ocrx_word' id='word_1_463' title='bbox 640 3906 742 3961; x_wconf 87' lang='lat' dir='ltr'><strong>CP.</strong></span> <span class='ocrx_word' id='word_1_464' title='bbox 775 3905 893 3975; x_wconf 76' lang='lat'><strong>20].</strong></span> <span class='ocrx_word' id='word_1_465' title='bbox 933 3904 1006 3959; x_wconf 86' lang='lat' dir='ltr'><strong>De</strong></span> <span class='ocrx_word' id='word_1_466' title='bbox 1047 3906 1319 3974; x_wconf 82' lang='lat' dir='ltr'><strong>interpret.</strong></span> <span class='ocrx_word' id='word_1_467' title='bbox 1361 3906 1533 3960; x_wconf 81' lang='lat' dir='ltr'><strong>octavi</strong></span> <span class='ocrx_word' id='word_1_468' title='bbox 1573 3921 1696 3975; x_wconf 81' lang='lat' dir='ltr'><strong>ps.;</strong></span> <span class='ocrx_word' id='word_1_469' title='bbox 1736 3907 1829 3960; x_wconf 91' lang='lat' dir='ltr'><strong>sed</strong></span> 
     </span>
    </p>
   </div>
   <div class='ocr_carea' id='block_1_59' title="bbox 261 3997 1828 4070">
    <p class='ocr_par' dir='ltr' id='par_1_59' title="bbox 261 3997 1828 4070">
     <span class='ocr_line' id='line_1_59' title="bbox 261 3997 1828 4070; baseline -0.001 -17"><span class='ocrx_word' id='word_1_470' title='bbox 261 4016 386 4053; x_wconf 80' lang='lat' dir='ltr'><strong>cave</strong></span> <span class='ocrx_word' id='word_1_471' title='bbox 408 4000 682 4055; x_wconf 75' lang='lat' dir='ltr'><strong>Theodori</strong></span> <span class='ocrx_word' id='word_1_472' title='bbox 706 3999 761 4052; x_wconf 85' lang='lat' dir='ltr'><strong>in</strong></span> <span class='ocrx_word' id='word_1_473' title='bbox 795 3998 1039 4052; x_wconf 71' lang='lat' dir='ltr'><strong>Psalmos</strong></span> <span class='ocrx_word' id='word_1_474' title='bbox 1071 3998 1491 4054; x_wconf 81' lang='lat' dir='ltr'><strong>commentarios</strong></span> <span class='ocrx_word' id='word_1_475' title='bbox 1514 3997 1828 4070; x_wconf 77' lang='lat' dir='ltr'><strong>intelligas),</strong></span> 
     </span>
    </p>
   </div>
   <div class='ocr_carea' id='block_1_60' title="bbox 261 4088 1254 4160">
    <p class='ocr_par' dir='ltr' id='par_1_60' title="bbox 261 4088 1254 4160">
     <span class='ocr_line' id='line_1_60' title="bbox 261 4088 1254 4160; baseline -0.005 -14"><span class='ocrx_word' id='word_1_476' title='bbox 261 4092 556 4147; x_wconf 81' lang='lat' dir='ltr'><strong>Justtniani</strong></span> <span class='ocrx_word' id='word_1_477' title='bbox 598 4108 711 4160; x_wconf 85' lang='lat' dir='ltr'><strong>ep.,</strong></span> <span class='ocrx_word' id='word_1_478' title='bbox 740 4089 941 4155; x_wconf 86' lang='lat' dir='ltr'><strong>Band.,</strong></span> <span class='ocrx_word' id='word_1_479' title='bbox 969 4088 1008 4152; x_wconf 90' lang='lat' dir='ltr'><strong>l,</strong></span> <span class='ocrx_word' id='word_1_480' title='bbox 1039 4104 1092 4160; x_wconf 88' lang='lat' dir='ltr'><strong>p.</strong></span> <span class='ocrx_word' id='word_1_481' title='bbox 1132 4088 1254 4143; x_wconf 73' lang='grc'><strong>182.</strong></span> 
     </span>
    </p>
   </div>
   <div class='ocr_carea' id='block_1_61' title="bbox 327 4181 1831 4253">
    <p class='ocr_par' dir='ltr' id='par_1_61' title="bbox 327 4181 1831 4253">
     <span class='ocr_line' id='line_1_61' title="bbox 327 4181 1831 4253; baseline 0.001 -16"><span class='ocrx_word' id='word_1_482' title='bbox 327 4186 506 4252; x_wconf 79' lang='lat' dir='ltr'><strong>Quam</strong></span> <span class='ocrx_word' id='word_1_483' title='bbox 530 4184 677 4237; x_wconf 83' lang='lat' dir='ltr'><strong>viam</strong></span> <span class='ocrx_word' id='word_1_484' title='bbox 707 4182 1028 4238; x_wconf 83' lang='lat' dir='ltr'><strong>Theodorus</strong></span> <span class='ocrx_word' id='word_1_485' title='bbox 1062 4184 1115 4237; x_wconf 90' lang='lat' dir='ltr'><strong>in</strong></span> <span class='ocrx_word' id='word_1_486' title='bbox 1157 4182 1394 4253; x_wconf 79' lang='lat' dir='ltr'><strong>singulis</strong></span> <span class='ocrx_word' id='word_1_487' title='bbox 1433 4181 1588 4236; x_wconf 83' lang='lat' dir='ltr'><strong>libris</strong></span> <span class='ocrx_word' id='word_1_488' title='bbox 1619 4181 1831 4252; x_wconf 83' lang='lat' dir='ltr'><strong>ingres-</strong></span> 
     </span>
    </p>
   </div>
   <div class='ocr_carea' id='block_1_62' title="bbox 264 4270 1832 4343">
    <p class='ocr_par' dir='ltr' id='par_1_62' title="bbox 264 4270 1832 4343">
     <span class='ocr_line' id='line_1_62' title="bbox 264 4270 1832 4343; baseline -0.002 -14"><span class='ocrx_word' id='word_1_489' title='bbox 264 4291 355 4331; x_wconf 89' lang='lat' dir='ltr'><strong>sus</strong></span> <span class='ocrx_word' id='word_1_490' title='bbox 388 4276 463 4329; x_wconf 88' lang='lat' dir='ltr'><strong>sit</strong></span> <span class='ocrx_word' id='word_1_491' title='bbox 489 4274 599 4329; x_wconf 86' lang='lat' dir='ltr'><strong>dici</strong></span> <span class='ocrx_word' id='word_1_492' title='bbox 634 4290 743 4329; x_wconf 91' lang='lat' dir='ltr'><strong>non</strong></span> <span class='ocrx_word' id='word_1_493' title='bbox 776 4281 973 4343; x_wconf 81' lang='lat' dir='ltr'><strong>potest.</strong></span> <span class='ocrx_word' id='word_1_494' title='bbox 1017 4270 1344 4342; x_wconf 78' lang='lat' dir='ltr'><strong>Fragmenta</strong></span> <span class='ocrx_word' id='word_1_495' title='bbox 1376 4271 1521 4325; x_wconf 88' lang='lat' dir='ltr'><strong>enim</strong></span> <span class='ocrx_word' id='word_1_496' title='bbox 1550 4287 1673 4324; x_wconf 92' lang='lat' dir='ltr'><strong>eum</strong></span> <span class='ocrx_word' id='word_1_497' title='bbox 1713 4271 1832 4340; x_wconf 86' lang='lat' dir='ltr'><strong>ejus</strong></span> 
     </span>
    </p>
   </div>
   <div class='ocr_carea' id='block_1_63' title="bbox 1918 1790 3494 1864">
    <p class='ocr_par' dir='ltr' id='par_1_63' title="bbox 1918 1790 3494 1864">
     <span class='ocr_line' id='line_1_63' title="bbox 1918 1790 3494 1864; baseline -0.008 -8"><span class='ocrx_word' id='word_1_498' title='bbox 1918 1815 2049 1856; x_wconf 89' lang='lat' dir='ltr'><strong>vero</strong></span> <span class='ocrx_word' id='word_1_499' title='bbox 2096 1799 2375 1852; x_wconf 84' lang='lat' dir='ltr'><strong>volumine</strong></span> <span class='ocrx_word' id='word_1_500' title='bbox 2432 1803 2605 1849; x_wconf 84' lang='lat' dir='ltr'><strong>totum</strong></span> <span class='ocrx_word' id='word_1_501' title='bbox 2658 1793 2843 1864; x_wconf 87' lang='lat' dir='ltr'><strong>operis</strong></span> <span class='ocrx_word' id='word_1_502' title='bbox 2905 1793 2991 1847; x_wconf 91' lang='lat' dir='ltr'><strong>sui</strong></span> <span class='ocrx_word' id='word_1_503' title='bbox 3042 1807 3244 1861; x_wconf 88' lang='lat' dir='ltr'><strong>corpus</strong></span> <span class='ocrx_word' id='word_1_504' title='bbox 3306 1790 3494 1847; x_wconf 84' lang='lat' dir='ltr'><strong>citatis</strong></span> 
     </span>
    </p>
   </div>
   <div class='ocr_carea' id='block_1_64' title="bbox 1919 1885 3495 1950">
    <p class='ocr_par' dir='ltr' id='par_1_64' title="bbox 1919 1885 3495 1950">
     <span class='ocr_line' id='line_1_64' title="bbox 1919 1885 3495 1950; baseline -0.007 -2"><span class='ocrx_word' id='word_1_505' title='bbox 1919 1894 2083 1950; x_wconf 86' lang='lat' dir='ltr'><strong>etiam</strong></span> <span class='ocrx_word' id='word_1_506' title='bbox 2117 1890 2341 1945; x_wconf 88' lang='lat' dir='ltr'><strong>Patrum</strong></span> <span class='ocrx_word' id='word_1_507' title='bbox 2365 1887 2756 1942; x_wconf 88' lang='lat' dir='ltr'><strong>traditionibus</strong></span> <span class='ocrx_word' id='word_1_508' title='bbox 2782 1885 3142 1940; x_wconf 76' lang='lat' dir='ltr'><strong>confirmasse</strong></span> <span class='ocrx_word' id='word_1_509' title='bbox 3174 1893 3227 1938; x_wconf 91' lang='lat' dir='ltr'><strong>et</strong></span> <span class='ocrx_word' id='word_1_510' title='bbox 3249 1897 3495 1937; x_wconf 88' lang='lat' dir='ltr'><strong>commu-</strong></span> 
     </span>
    </p>
   </div>
   <div class='ocr_carea' id='block_1_65' title="bbox 1920 1976 3496 2050">
    <p class='ocr_par' dir='ltr' id='par_1_65' title="bbox 1920 1976 3496 2050">
     <span class='ocr_line' id='line_1_65' title="bbox 1920 1976 3496 2050; baseline -0.008 -10"><span class='ocrx_word' id='word_1_511' title='bbox 1920 1985 2157 2040; x_wconf 71' lang='lat' dir='ltr'><strong>nivisse.</strong></span> <span class='ocrx_word' id='word_1_512' title='bbox 2178 2000 2196 2034; x_wconf 76' lang='grc' dir='ltr'><strong>ι</strong></span> <span class='ocrx_word' id='word_1_513' title='bbox 2235 1982 2309 2036; x_wconf 82' lang='lat' dir='ltr'><strong>Ex</strong></span> <span class='ocrx_word' id='word_1_514' title='bbox 2341 1982 2426 2037; x_wconf 89' lang='lat' dir='ltr'><strong>his</strong></span> <span class='ocrx_word' id='word_1_515' title='bbox 2456 1994 2618 2050; x_wconf 89' lang='lat' dir='ltr'><strong>quam</strong></span> <span class='ocrx_word' id='word_1_516' title='bbox 2643 1978 2962 2048; x_wconf 86' lang='lat' dir='ltr'><strong>disputandi</strong></span> <span class='ocrx_word' id='word_1_517' title='bbox 2996 1978 3264 2031; x_wconf 87' lang='lat' dir='ltr'><strong>rationem</strong></span> <span class='ocrx_word' id='word_1_518' title='bbox 3292 1976 3346 2029; x_wconf 91' lang='lat' dir='ltr'><strong>in</strong></span> <span class='ocrx_word' id='word_1_519' title='bbox 3379 1976 3496 2028; x_wconf 80' lang='lat' dir='ltr'><strong>uni-</strong></span> 
     </span>
    </p>
   </div>
   <div class='ocr_carea' id='block_1_66' title="bbox 1919 2065 3495 2143">
    <p class='ocr_par' dir='ltr' id='par_1_66' title="bbox 1919 2065 3495 2143">
     <span class='ocr_line' id='line_1_66' title="bbox 1919 2065 3495 2143; baseline -0.009 -12"><span class='ocrx_word' id='word_1_520' title='bbox 1919 2092 2136 2131; x_wconf 82' lang='lat' dir='ltr'><strong>versum</strong></span> <span class='ocrx_word' id='word_1_521' title='bbox 2174 2083 2396 2130; x_wconf 90' lang='lat' dir='ltr'><strong>secutus</strong></span> <span class='ocrx_word' id='word_1_522' title='bbox 2431 2073 2502 2127; x_wconf 89' lang='lat' dir='ltr'><strong>sit</strong></span> <span class='ocrx_word' id='word_1_523' title='bbox 2536 2071 2896 2143; x_wconf 87' lang='lat' dir='ltr'><strong>perspicitur.</strong></span> <span class='ocrx_word' id='word_1_524' title='bbox 2935 2068 3011 2122; x_wconf 92' lang='lat' dir='ltr'><strong>Ita</strong></span> <span class='ocrx_word' id='word_1_525' title='bbox 3040 2082 3169 2122; x_wconf 91' lang='lat' dir='ltr'><strong>vero</strong></span> <span class='ocrx_word' id='word_1_526' title='bbox 3200 2082 3321 2120; x_wconf 90' lang='lat' dir='ltr'><strong>meo</strong></span> <span class='ocrx_word' id='word_1_527' title='bbox 3346 2065 3495 2134; x_wconf 82' lang='lat' dir='ltr'><strong>judi-</strong></span> 
     </span>
    </p>
   </div>
   <div class='ocr_carea' id='block_1_67' title="bbox 1922 2159 3496 2229">
    <p class='ocr_par' dir='ltr' id='par_1_67' title="bbox 1922 2159 3496 2229">
     <span class='ocr_line' id='line_1_67' title="bbox 1922 2159 3496 2229; baseline -0.007 -7"><span class='ocrx_word' id='word_1_528' title='bbox 1922 2169 2008 2223; x_wconf 90' lang='lat' dir='ltr'><strong>cio</strong></span> <span class='ocrx_word' id='word_1_529' title='bbox 2039 2182 2152 2222; x_wconf 90' lang='lat' dir='ltr'><strong>rem</strong></span> <span class='ocrx_word' id='word_1_530' title='bbox 2182 2165 2440 2226; x_wconf 84' lang='lat' dir='ltr'><strong>instituit.</strong></span> <span class='ocrx_word' id='word_1_531' title='bbox 2482 2171 2540 2217; x_wconf 90' lang='lat' dir='ltr'><strong>ut</strong></span> <span class='ocrx_word' id='word_1_532' title='bbox 2570 2176 2722 2215; x_wconf 79' lang='lat' dir='ltr'><strong>suam</strong></span> <span class='ocrx_word' id='word_1_533' title='bbox 2757 2160 2932 2229; x_wconf 89' lang='lat' dir='ltr'><strong>ipsius</strong></span> <span class='ocrx_word' id='word_1_534' title='bbox 2963 2159 3292 2214; x_wconf 89' lang='lat' dir='ltr'><strong>sententiam</strong></span> <span class='ocrx_word' id='word_1_535' title='bbox 3330 2173 3496 2213; x_wconf 87' lang='lat' dir='ltr'><strong>aecu—</strong></span> 
     </span>
    </p>
   </div>
   <div class='ocr_carea' id='block_1_68' title="bbox 1923 2250 3495 2327">
    <p class='ocr_par' dir='ltr' id='par_1_68' title="bbox 1923 2250 3495 2327">
     <span class='ocr_line' id='line_1_68' title="bbox 1923 2250 3495 2327; baseline -0.006 -13"><span class='ocrx_word' id='word_1_536' title='bbox 1923 2262 2095 2315; x_wconf 89' lang='lat' dir='ltr'><strong>ratius</strong></span> <span class='ocrx_word' id='word_1_537' title='bbox 2133 2258 2451 2327; x_wconf 74' lang='lat' dir='ltr'><strong>expliraret.</strong></span> <span class='ocrx_word' id='word_1_538' title='bbox 2486 2252 2824 2316; x_wconf 80' lang='lat' dir='ltr'><strong>defenderet,</strong></span> <span class='ocrx_word' id='word_1_539' title='bbox 2863 2251 3125 2315; x_wconf 79' lang='lat' dir='ltr'><strong>ﬁrmaret,</strong></span> <span class='ocrx_word' id='word_1_540' title='bbox 3148 2250 3495 2304; x_wconf 81' lang='lat' dir='ltr'><strong>adversario-</strong></span> 
     </span>
    </p>
   </div>
   <div class='ocr_carea' id='block_1_69' title="bbox 1923 2343 3484 2412">
    <p class='ocr_par' dir='ltr' id='par_1_69' title="bbox 1923 2343 3484 2412">
     <span class='ocr_line' id='line_1_69' title="bbox 1923 2343 3484 2412; baseline -0.005 -7"><span class='ocrx_word' id='word_1_541' title='bbox 1923 2367 2043 2405; x_wconf 91' lang='lat' dir='ltr'><strong>rum</strong></span> <span class='ocrx_word' id='word_1_542' title='bbox 2078 2360 2255 2404; x_wconf 88' lang='lat' dir='ltr'><strong>autem</strong></span> <span class='ocrx_word' id='word_1_543' title='bbox 2290 2348 2506 2403; x_wconf 87' lang='lat' dir='ltr'><strong>decreta</strong></span> <span class='ocrx_word' id='word_1_544' title='bbox 2531 2361 2636 2399; x_wconf 88' lang='lat' dir='ltr'><strong>non</strong></span> <span class='ocrx_word' id='word_1_545' title='bbox 2666 2353 2820 2399; x_wconf 89' lang='lat' dir='ltr'><strong>certo</strong></span> <span class='ocrx_word' id='word_1_546' title='bbox 2862 2343 3096 2412; x_wconf 91' lang='lat' dir='ltr'><strong>quodam</strong></span> <span class='ocrx_word' id='word_1_547' title='bbox 3129 2343 3341 2406; x_wconf 87' lang='lat' dir='ltr'><strong>ordine,</strong></span> <span class='ocrx_word' id='word_1_548' title='bbox 3388 2343 3484 2397; x_wconf 89' lang='lat' dir='ltr'><strong>sed</strong></span> 
     </span>
    </p>
   </div>
   <div class='ocr_carea' id='block_1_70' title="bbox 1924 2433 3499 2499">
    <p class='ocr_par' dir='ltr' id='par_1_70' title="bbox 1924 2433 3499 2499">
     <span class='ocr_line' id='line_1_70' title="bbox 1924 2433 3499 2499; baseline -0.008 0"><span class='ocrx_word' id='word_1_549' title='bbox 1924 2444 2014 2499; x_wconf 91' lang='lat' dir='ltr'><strong>hic</strong></span> <span class='ocrx_word' id='word_1_550' title='bbox 2053 2442 2163 2495; x_wconf 90' lang='lat' dir='ltr'><strong>illic</strong></span> <span class='ocrx_word' id='word_1_551' title='bbox 2209 2440 2276 2494; x_wconf 90' lang='lat' dir='ltr'><strong>de</strong></span> <span class='ocrx_word' id='word_1_552' title='bbox 2308 2439 2575 2493; x_wconf 87' lang='lat' dir='ltr'><strong>industria</strong></span> <span class='ocrx_word' id='word_1_553' title='bbox 2631 2435 2964 2490; x_wconf 79' lang='lat' dir='ltr'><strong>adoriretur.</strong></span> <span class='ocrx_word' id='word_1_554' title='bbox 3007 2433 3063 2487; x_wconf 86' lang='lat' dir='ltr'><strong>In</strong></span> <span class='ocrx_word' id='word_1_555' title='bbox 3115 2434 3310 2487; x_wconf 91' lang='lat' dir='ltr'><strong>ultimo</strong></span> <span class='ocrx_word' id='word_1_556' title='bbox 3350 2434 3499 2496; x_wconf 77' lang='lat' dir='ltr'><strong>libro</strong></span> 
     </span>
    </p>
   </div>
   <div class='ocr_carea' id='block_1_71' title="bbox 1924 2526 3499 2591">
    <p class='ocr_par' dir='ltr' id='par_1_71' title="bbox 1924 2526 3499 2591">
     <span class='ocr_line' id='line_1_71' title="bbox 1924 2526 3499 2591; baseline -0.008 0"><span class='ocrx_word' id='word_1_557' title='bbox 1924 2550 2079 2591; x_wconf 90' lang='lat' dir='ltr'><strong>suam</strong></span> <span class='ocrx_word' id='word_1_558' title='bbox 2111 2534 2415 2588; x_wconf 90' lang='lat' dir='ltr'><strong>doctrinam</strong></span> <span class='ocrx_word' id='word_1_559' title='bbox 2452 2530 2671 2583; x_wconf 87' lang='lat' dir='ltr'><strong>Patrum</strong></span> <span class='ocrx_word' id='word_1_560' title='bbox 2708 2526 3038 2582; x_wconf 88' lang='lat' dir='ltr'><strong>testimoniis</strong></span> <span class='ocrx_word' id='word_1_561' title='bbox 3085 2526 3320 2579; x_wconf 84' lang='lat' dir='ltr'><strong>ﬁrmavit</strong></span> <span class='ocrx_word' id='word_1_562' title='bbox 3353 2534 3409 2579; x_wconf 93' lang='lat' dir='ltr'><strong>et</strong></span> <span class='ocrx_word' id='word_1_563' title='bbox 3440 2541 3499 2579; x_wconf 82' lang='lat' dir='ltr'><strong>re</strong></span> 
     </span>
    </p>
   </div>
   <div class='ocr_carea' id='block_1_72' title="bbox 1926 2618 3501 2697">
    <p class='ocr_par' dir='ltr' id='par_1_72' title="bbox 1926 2618 3501 2697">
     <span class='ocr_line' id='line_1_72' title="bbox 1926 2618 3501 2697; baseline -0.008 -15"><span class='ocrx_word' id='word_1_564' title='bbox 1926 2630 2041 2697; x_wconf 89' lang='lat' dir='ltr'><strong>ipsa</strong></span> <span class='ocrx_word' id='word_1_565' title='bbox 2070 2630 2378 2679; x_wconf 89' lang='lat' dir='ltr'><strong>commotus</strong></span> <span class='ocrx_word' id='word_1_566' title='bbox 2404 2630 2459 2677; x_wconf 91' lang='lat' dir='ltr'><strong>et</strong></span> <span class='ocrx_word' id='word_1_567' title='bbox 2485 2622 2606 2675; x_wconf 88' lang='lat' dir='ltr'><strong>ideo</strong></span> <span class='ocrx_word' id='word_1_568' title='bbox 2635 2618 2779 2691; x_wconf 90' lang='lat' dir='ltr'><strong>quod</strong></span> <span class='ocrx_word' id='word_1_569' title='bbox 2816 2618 3118 2672; x_wconf 83' lang='lat' dir='ltr'><strong>adversarii</strong></span> <span class='ocrx_word' id='word_1_570' title='bbox 3145 2632 3258 2671; x_wconf 70' lang='lat' dir='ltr'><strong>sua:</strong></span> <span class='ocrx_word' id='word_1_571' title='bbox 3283 2625 3501 2671; x_wconf 84' lang='lat' dir='ltr'><strong>senten-</strong></span> 
     </span>
    </p>
   </div>
   <div class='ocr_carea' id='block_1_73' title="bbox 1925 2707 3501 2779">
    <p class='ocr_par' dir='ltr' id='par_1_73' title="bbox 1925 2707 3501 2779">
     <span class='ocr_line' id='line_1_73' title="bbox 1925 2707 3501 2779; baseline -0.008 -5"><span class='ocrx_word' id='word_1_572' title='bbox 1925 2720 2014 2775; x_wconf 76' lang='lat' dir='ltr'><strong>tiae</strong></span> <span class='ocrx_word' id='word_1_573' title='bbox 2040 2718 2261 2772; x_wconf 90' lang='lat' dir='ltr'><strong>Patrum</strong></span> <span class='ocrx_word' id='word_1_574' title='bbox 2293 2712 2827 2770; x_wconf 88' lang='lat' dir='ltr'><strong>commendationem</strong></span> <span class='ocrx_word' id='word_1_575' title='bbox 2856 2710 3215 2779; x_wconf 80' lang='lat' dir='ltr'><strong>adjunxerant</strong></span> <span class='ocrx_word' id='word_1_576' title='bbox 3245 2708 3343 2778; x_wconf 89' lang='lat' dir='ltr'><strong>(a).</strong></span> <span class='ocrx_word' id='word_1_577' title='bbox 3369 2707 3501 2762; x_wconf 82' lang='lat' dir='ltr'><strong>Exi-</strong></span> 
     </span>
    </p>
   </div>
   <div class='ocr_carea' id='block_1_74' title="bbox 1927 2801 3499 2875">
    <p class='ocr_par' dir='ltr' id='par_1_74' title="bbox 1927 2801 3499 2875">
     <span class='ocr_line' id='line_1_74' title="bbox 1927 2801 3499 2875; baseline -0.01 -8"><span class='ocrx_word' id='word_1_578' title='bbox 1927 2813 2089 2867; x_wconf 85' lang='lat' dir='ltr'><strong>stimo</strong></span> <span class='ocrx_word' id='word_1_579' title='bbox 2135 2817 2338 2872; x_wconf 88' lang='lat' dir='ltr'><strong>autem,</strong></span> <span class='ocrx_word' id='word_1_580' title='bbox 2386 2823 2510 2863; x_wconf 90' lang='lat' dir='ltr'><strong>eum</strong></span> <span class='ocrx_word' id='word_1_581' title='bbox 2558 2804 2881 2875; x_wconf 80' lang='lat' dir='ltr'><strong>Apollinarii</strong></span> <span class='ocrx_word' id='word_1_582' title='bbox 2941 2802 3228 2865; x_wconf 64' lang='lat' dir='ltr'><strong>doctrinm,</strong></span> <span class='ocrx_word' id='word_1_583' title='bbox 3279 2816 3400 2870; x_wconf 68' lang='lat' dir='ltr'><strong>qua:</strong></span> <span class='ocrx_word' id='word_1_584' title='bbox 3442 2801 3499 2853; x_wconf 89' lang='lat' dir='ltr'><strong>in</strong></span> 
     </span>
    </p>
   </div>
   <div class='ocr_carea' id='block_1_75' title="bbox 1930 2892 3502 2973">
    <p class='ocr_par' dir='ltr' id='par_1_75' title="bbox 1930 2892 3502 2973">
     <span class='ocr_line' id='line_1_75' title="bbox 1930 2892 3502 2973; baseline -0.007 -15"><span class='ocrx_word' id='word_1_585' title='bbox 1930 2912 2081 2958; x_wconf 88' lang='lat' dir='ltr'><strong>tanto</strong></span> <span class='ocrx_word' id='word_1_586' title='bbox 2110 2903 2411 2973; x_wconf 74' lang='lat' dir='ltr'><strong>praesertim</strong></span> <span class='ocrx_word' id='word_1_587' title='bbox 2451 2902 2691 2953; x_wconf 85' lang='lat' dir='ltr'><strong>auctoris</strong></span> <span class='ocrx_word' id='word_1_588' title='bbox 2727 2896 2928 2950; x_wconf 89' lang='lat' dir='ltr'><strong>lumine</strong></span> <span class='ocrx_word' id='word_1_589' title='bbox 2954 2893 3322 2965; x_wconf 86' lang='lat' dir='ltr'><strong>periculosior</strong></span> <span class='ocrx_word' id='word_1_590' title='bbox 3350 2892 3502 2947; x_wconf 87' lang='lat' dir='ltr'><strong>vide-</strong></span> 
     </span>
    </p>
   </div>
   <div class='ocr_carea' id='block_1_76' title="bbox 1928 2986 3496 3069">
    <p class='ocr_par' dir='ltr' id='par_1_76' title="bbox 1928 2986 3496 3069">
     <span class='ocr_line' id='line_1_76' title="bbox 1928 2986 3496 3069; baseline -0.01 -17"><span class='ocrx_word' id='word_1_591' title='bbox 1928 3006 2102 3059; x_wconf 86' lang='lat' dir='ltr'><strong>retur,</strong></span> <span class='ocrx_word' id='word_1_592' title='bbox 2155 2994 2328 3069; x_wconf 77' lang='lat' dir='ltr'><strong>magis</strong></span> <span class='ocrx_word' id='word_1_593' title='bbox 2380 3007 2544 3062; x_wconf 88' lang='lat' dir='ltr'><strong>quam</strong></span> <span class='ocrx_word' id='word_1_594' title='bbox 2586 2988 2841 3044; x_wconf 84' lang='lat' dir='ltr'><strong>Eunomii</strong></span> <span class='ocrx_word' id='word_1_595' title='bbox 2895 2988 3161 3042; x_wconf 85' lang='lat' dir='ltr'><strong>rationem</strong></span> <span class='ocrx_word' id='word_1_596' title='bbox 3217 2986 3496 3040; x_wconf 90' lang='lat' dir='ltr'><strong>habuisse.</strong></span> 
     </span>
    </p>
   </div>
   <div class='ocr_carea' id='block_1_77' title="bbox 1926 3077 3498 3148">
    <p class='ocr_par' dir='ltr' id='par_1_77' title="bbox 1926 3077 3498 3148">
     <span class='ocr_line' id='line_1_77' title="bbox 1926 3077 3498 3148; baseline -0.009 -5"><span class='ocrx_word' id='word_1_597' title='bbox 1926 3089 2146 3146; x_wconf 82' lang='lat' dir='ltr'><strong>Refellit</strong></span> <span class='ocrx_word' id='word_1_598' title='bbox 2187 3098 2367 3141; x_wconf 88' lang='lat' dir='ltr'><strong>tamen</strong></span> <span class='ocrx_word' id='word_1_599' title='bbox 2409 3085 2573 3140; x_wconf 90' lang='lat' dir='ltr'><strong>etiam</strong></span> <span class='ocrx_word' id='word_1_600' title='bbox 2611 3080 2938 3136; x_wconf 82' lang='lat' dir='ltr'><strong>Eunomium</strong></span> <span class='ocrx_word' id='word_1_601' title='bbox 2982 3079 3145 3148; x_wconf 86' lang='lat' dir='ltr'><strong>idque</strong></span> <span class='ocrx_word' id='word_1_602' title='bbox 3175 3078 3270 3148; x_wconf 89' lang='lat' dir='ltr'><strong>qui</strong></span> <span class='ocrx_word' id='word_1_603' title='bbox 3297 3077 3498 3131; x_wconf 81' lang='lat' dir='ltr'><strong>factum</strong></span> 
     </span>
    </p>
   </div>
   <div class='ocr_carea' id='block_1_78' title="bbox 1927 3171 3498 3248">
    <p class='ocr_par' dir='ltr' id='par_1_78' title="bbox 1927 3171 3498 3248">
     <span class='ocr_line' id='line_1_78' title="bbox 1927 3171 3498 3248; baseline -0.01 -10"><span class='ocrx_word' id='word_1_604' title='bbox 1927 3183 1997 3239; x_wconf 86' lang='lat' dir='ltr'><strong>sit</strong></span> <span class='ocrx_word' id='word_1_605' title='bbox 2034 3178 2379 3248; x_wconf 88' lang='lat' dir='ltr'><strong>eonjiciendo</strong></span> <span class='ocrx_word' id='word_1_606' title='bbox 2418 3177 2546 3231; x_wconf 87' lang='lat' dir='ltr'><strong>licet</strong></span> <span class='ocrx_word' id='word_1_607' title='bbox 2594 3172 2848 3242; x_wconf 84' lang='lat' dir='ltr'><strong>assequi.</strong></span> <span class='ocrx_word' id='word_1_608' title='bbox 2904 3171 3245 3242; x_wconf 86' lang='lat' dir='ltr'><strong>probabilius</strong></span> <span class='ocrx_word' id='word_1_609' title='bbox 3291 3179 3498 3230; x_wconf 87' lang='lat' dir='ltr'><strong>tamen,</strong></span> 
     </span>
    </p>
   </div>
   <div class='ocr_carea' id='block_1_79' title="bbox 1925 3260 3501 3345">
    <p class='ocr_par' dir='ltr' id='par_1_79' title="bbox 1925 3260 3501 3345">
     <span class='ocr_line' id='line_1_79' title="bbox 1925 3260 3501 3345; baseline -0.01 -17"><span class='ocrx_word' id='word_1_610' title='bbox 1925 3274 2019 3345; x_wconf 90' lang='lat' dir='ltr'><strong>qui</strong></span> <span class='ocrx_word' id='word_1_611' title='bbox 2049 3271 2447 3342; x_wconf 80' lang='lat' dir='ltr'><strong>Apollinarium</strong></span> <span class='ocrx_word' id='word_1_612' title='bbox 2490 3264 2889 3336; x_wconf 77' lang='lat' dir='ltr'><strong>impugnaverit</strong></span> <span class='ocrx_word' id='word_1_613' title='bbox 2915 3262 3186 3332; x_wconf 87' lang='lat' dir='ltr'><strong>disputes.</strong></span> <span class='ocrx_word' id='word_1_614' title='bbox 3220 3260 3501 3331; x_wconf 83' lang='lat' dir='ltr'><strong>Apollina-</strong></span> 
     </span>
    </p>
   </div>
   <div class='ocr_carea' id='block_1_80' title="bbox 1926 3353 3504 3427">
    <p class='ocr_par' dir='ltr' id='par_1_80' title="bbox 1926 3353 3504 3427">
     <span class='ocr_line' id='line_1_80' title="bbox 1926 3353 3504 3427; baseline -0.01 -6"><span class='ocrx_word' id='word_1_615' title='bbox 1926 3367 2043 3421; x_wconf 88' lang='lat' dir='ltr'><strong>rius</strong></span> <span class='ocrx_word' id='word_1_616' title='bbox 2073 3378 2220 3427; x_wconf 87' lang='lat' dir='ltr'><strong>vero,</strong></span> <span class='ocrx_word' id='word_1_617' title='bbox 2254 3363 2339 3416; x_wconf 91' lang='lat' dir='ltr'><strong>vir</strong></span> <span class='ocrx_word' id='word_1_618' title='bbox 2380 3358 2580 3414; x_wconf 86' lang='lat' dir='ltr'><strong>litteris</strong></span> <span class='ocrx_word' id='word_1_619' title='bbox 2607 3356 2813 3412; x_wconf 54' lang='lat' dir='ltr'><strong>Graecis</strong></span> <span class='ocrx_word' id='word_1_620' title='bbox 2843 3369 3007 3426; x_wconf 89' lang='lat' dir='ltr'><strong>quam</strong></span> <span class='ocrx_word' id='word_1_621' title='bbox 3048 3353 3284 3408; x_wconf 77' lang='lat' dir='ltr'><strong>maxime</strong></span> <span class='ocrx_word' id='word_1_622' title='bbox 3326 3353 3504 3406; x_wconf 86' lang='lat' dir='ltr'><strong>imbu-</strong></span> 
     </span>
    </p>
   </div>
   <div class='ocr_carea' id='block_1_81' title="bbox 1927 3444 3503 3520">
    <p class='ocr_par' dir='ltr' id='par_1_81' title="bbox 1927 3444 3503 3520">
     <span class='ocr_line' id='line_1_81' title="bbox 1927 3444 3503 3520; baseline -0.008 -11"><span class='ocrx_word' id='word_1_623' title='bbox 1927 3464 2038 3519; x_wconf 88' lang='lat' dir='ltr'><strong>tus,</strong></span> <span class='ocrx_word' id='word_1_624' title='bbox 2068 3452 2354 3509; x_wconf 75' lang='lat' dir='ltr'><strong>afﬁrmavit</strong></span> <span class='ocrx_word' id='word_1_625' title='bbox 2380 3450 2598 3520; x_wconf 88' lang='lat' dir='ltr'><strong>quidem</strong></span> <span class='ocrx_word' id='word_1_626' title='bbox 2625 3447 2866 3508; x_wconf 88' lang='lat' dir='ltr'><strong>Christo,</strong></span> <span class='ocrx_word' id='word_1_627' title='bbox 2894 3445 3004 3500; x_wconf 89' lang='lat' dir='ltr'><strong>Deo</strong></span> <span class='ocrx_word' id='word_1_628' title='bbox 3029 3452 3082 3499; x_wconf 93' lang='lat' dir='ltr'><strong>et</strong></span> <span class='ocrx_word' id='word_1_629' title='bbox 3116 3444 3345 3505; x_wconf 86' lang='lat' dir='ltr'><strong>homini,</strong></span> <span class='ocrx_word' id='word_1_630' title='bbox 3380 3457 3503 3511; x_wconf 87' lang='lat' dir='ltr'><strong>per-</strong></span> 
     </span>
    </p>
   </div>
   <div class='ocr_carea' id='block_1_82' title="bbox 1927 3535 3505 3604">
    <p class='ocr_par' dir='ltr' id='par_1_82' title="bbox 1927 3535 3505 3604">
     <span class='ocr_line' id='line_1_82' title="bbox 1927 3535 3505 3604; baseline -0.011 0"><span class='ocrx_word' id='word_1_631' title='bbox 1927 3564 2079 3604; x_wconf 74' lang='lat' dir='ltr'><strong>sona:</strong></span> <span class='ocrx_word' id='word_1_632' title='bbox 2120 3546 2385 3600; x_wconf 86' lang='lat' dir='ltr'><strong>unitatem</strong></span> <span class='ocrx_word' id='word_1_633' title='bbox 2427 3538 2769 3597; x_wconf 70' lang='lat' dir='ltr'><strong>tribuendam</strong></span> <span class='ocrx_word' id='word_1_634' title='bbox 2816 3554 2961 3602; x_wconf 87' lang='lat' dir='ltr'><strong>esse,</strong></span> <span class='ocrx_word' id='word_1_635' title='bbox 2999 3536 3093 3592; x_wconf 90' lang='lat' dir='ltr'><strong>sed</strong></span> <span class='ocrx_word' id='word_1_636' title='bbox 3122 3550 3285 3604; x_wconf 88' lang='lat' dir='ltr'><strong>quam</strong></span> <span class='ocrx_word' id='word_1_637' title='bbox 3331 3535 3505 3587; x_wconf 81' lang='lat' dir='ltr'><strong>ratio-</strong></span> 
     </span>
    </p>
   </div>
   <div class='ocr_carea' id='block_1_83' title="bbox 1929 3623 3502 3707">
    <p class='ocr_par' dir='ltr' id='par_1_83' title="bbox 1929 3623 3502 3707">
     <span class='ocr_line' id='line_1_83' title="bbox 1929 3623 3502 3707; baseline -0.011 -13"><span class='ocrx_word' id='word_1_638' title='bbox 1929 3654 2051 3695; x_wconf 90' lang='lat' dir='ltr'><strong>nem</strong></span> <span class='ocrx_word' id='word_1_639' title='bbox 2097 3645 2154 3691; x_wconf 93' lang='lat' dir='ltr'><strong>ut</strong></span> <span class='ocrx_word' id='word_1_640' title='bbox 2203 3635 2517 3707; x_wconf 83' lang='lat' dir='ltr'><strong>mysterium</strong></span> <span class='ocrx_word' id='word_1_641' title='bbox 2549 3633 2732 3686; x_wconf 89' lang='lat' dir='ltr'><strong>animo</strong></span> <span class='ocrx_word' id='word_1_642' title='bbox 2782 3628 3123 3699; x_wconf 86' lang='lat' dir='ltr'><strong>perciperent</strong></span> <span class='ocrx_word' id='word_1_643' title='bbox 3162 3627 3216 3678; x_wconf 90' lang='lat' dir='ltr'><strong>in</strong></span> <span class='ocrx_word' id='word_1_644' title='bbox 3255 3623 3502 3679; x_wconf 85' lang='lat' dir='ltr'><strong>Ecclesia</strong></span> 
     </span>
    </p>
   </div>
   <div class='ocr_carea' id='block_1_84' title="bbox 1928 3715 3501 3793">
    <p class='ocr_par' dir='ltr' id='par_1_84' title="bbox 1928 3715 3501 3793">
     <span class='ocr_line' id='line_1_84' title="bbox 1928 3715 3501 3793; baseline -0.011 -7"><span class='ocrx_word' id='word_1_645' title='bbox 1928 3740 2044 3786; x_wconf 91' lang='lat' dir='ltr'><strong>tum</strong></span> <span class='ocrx_word' id='word_1_646' title='bbox 2084 3728 2318 3783; x_wconf 83' lang='lat' dir='ltr'><strong>inierant</strong></span> <span class='ocrx_word' id='word_1_647' title='bbox 2348 3724 2693 3793; x_wconf 84' lang='lat' dir='ltr'><strong>improbavit.</strong></span> <span class='ocrx_word' id='word_1_648' title='bbox 2737 3722 2813 3776; x_wconf 77' lang='lat' dir='ltr'><strong>Ex</strong></span> <span class='ocrx_word' id='word_1_649' title='bbox 2848 3720 3065 3773; x_wconf 89' lang='lat' dir='ltr'><strong>duobus</strong></span> <span class='ocrx_word' id='word_1_650' title='bbox 3103 3715 3361 3788; x_wconf 82' lang='lat' dir='ltr'><strong>perfectis</strong></span> <span class='ocrx_word' id='word_1_651' title='bbox 3389 3717 3501 3784; x_wconf 64' lang='lat' dir='ltr'><strong>{ze-</strong></span> 
     </span>
    </p>
   </div>
   <div class='ocr_carea' id='block_1_85' title="bbox 1928 3811 3501 3889">
    <p class='ocr_par' dir='ltr' id='par_1_85' title="bbox 1928 3811 3501 3889">
     <span class='ocr_line' id='line_1_85' title="bbox 1928 3811 3501 3889; baseline -0.009 -15"><span class='ocrx_word' id='word_1_652' title='bbox 1928 3820 2110 3889; x_wconf 85' lang='grc' dir='ltr'><strong>λείοις)</strong></span> <span class='ocrx_word' id='word_1_653' title='bbox 2136 3831 2302 3873; x_wconf 84' lang='grc' dir='ltr'>ιιιιιιιιι</span> <span class='ocrx_word' id='word_1_654' title='bbox 2335 3814 2471 3871; x_wconf 79' lang='lat' dir='ltr'><strong>eliici</strong></span> <span class='ocrx_word' id='word_1_655' title='bbox 2516 3829 2625 3867; x_wconf 89' lang='lat' dir='ltr'><strong>non</strong></span> <span class='ocrx_word' id='word_1_656' title='bbox 2660 3828 2840 3883; x_wconf 87' lang='lat' dir='ltr'><strong>posse,</strong></span> <span class='ocrx_word' id='word_1_657' title='bbox 2873 3812 2927 3865; x_wconf 89' lang='lat' dir='ltr'><strong>l1.</strong></span> <span class='ocrx_word' id='word_1_658' title='bbox 2976 3828 3026 3866; x_wconf 92' lang='lat' dir='ltr'><strong>e.</strong></span> <span class='ocrx_word' id='word_1_659' title='bbox 3055 3811 3191 3864; x_wconf 59' lang='lat' dir='ltr'><strong>duas</strong></span> <span class='ocrx_word' id='word_1_660' title='bbox 3238 3823 3501 3878; x_wconf 78' lang='lat' dir='ltr'><strong>personas</strong></span> 
     </span>
    </p>
   </div>
   <div class='ocr_carea' id='block_1_86' title="bbox 1930 3900 3503 3977">
    <p class='ocr_par' dir='ltr' id='par_1_86' title="bbox 1930 3900 3503 3977">
     <span class='ocr_line' id='line_1_86' title="bbox 1930 3900 3503 3977; baseline -0.009 -9"><span class='ocrx_word' id='word_1_661' title='bbox 1930 3927 2096 3968; x_wconf 90' lang='lat' dir='ltr'><strong>unam</strong></span> <span class='ocrx_word' id='word_1_662' title='bbox 2124 3909 2236 3965; x_wconf 77' lang='lat' dir='ltr'><strong>ﬁeri</strong></span> <span class='ocrx_word' id='word_1_663' title='bbox 2270 3924 2378 3962; x_wconf 90' lang='lat' dir='ltr'><strong>non</strong></span> <span class='ocrx_word' id='word_1_664' title='bbox 2412 3921 2573 3977; x_wconf 86' lang='lat' dir='ltr'><strong>posse</strong></span> <span class='ocrx_word' id='word_1_665' title='bbox 2598 3920 2722 3958; x_wconf 90' lang='lat' dir='ltr'><strong>cum</strong></span> <span class='ocrx_word' id='word_1_666' title='bbox 2764 3904 2867 3960; x_wconf 89' lang='lat' dir='ltr'><strong>sibi</strong></span> <span class='ocrx_word' id='word_1_667' title='bbox 2904 3902 3293 3973; x_wconf 83' lang='lat' dir='ltr'><strong>persuasisset,</strong></span> <span class='ocrx_word' id='word_1_668' title='bbox 3322 3900 3503 3954; x_wconf 83' lang='lat' dir='ltr'><strong>eccle-</strong></span> 
     </span>
    </p>
   </div>
   <div class='ocr_carea' id='block_1_87' title="bbox 1933 3991 3503 4064">
    <p class='ocr_par' dir='ltr' id='par_1_87' title="bbox 1933 3991 3503 4064">
     <span class='ocr_line' id='line_1_87' title="bbox 1933 3991 3503 4064; baseline -0.01 -4"><span class='ocrx_word' id='word_1_669' title='bbox 1933 4004 2155 4060; x_wconf 88' lang='lat' dir='ltr'><strong>siastica</strong></span> <span class='ocrx_word' id='word_1_670' title='bbox 2197 3999 2431 4055; x_wconf 82' lang='lat' dir='ltr'><strong>formula</strong></span> <span class='ocrx_word' id='word_1_671' title='bbox 2477 3997 2599 4052; x_wconf 90' lang='lat' dir='ltr'><strong>ideo</strong></span> <span class='ocrx_word' id='word_1_672' title='bbox 2643 3996 2694 4052; x_wconf 89' lang='lat' dir='ltr'><strong>ei</strong></span> <span class='ocrx_word' id='word_1_673' title='bbox 2734 3996 3034 4064; x_wconf 88' lang='lat' dir='ltr'><strong>displicuit,</strong></span> <span class='ocrx_word' id='word_1_674' title='bbox 3077 3991 3223 4063; x_wconf 91' lang='lat' dir='ltr'><strong>quod</strong></span> <span class='ocrx_word' id='word_1_675' title='bbox 3266 4007 3329 4045; x_wconf 84' lang='lat' dir='ltr'><strong>ea</strong></span> <span class='ocrx_word' id='word_1_676' title='bbox 3364 3991 3503 4045; x_wconf 85' lang='lat' dir='ltr'><strong>duce</strong></span> 
     </span>
    </p>
   </div>
   <div class='ocr_carea' id='block_1_88' title="bbox 1931 4082 3506 4154">
    <p class='ocr_par' dir='ltr' id='par_1_88' title="bbox 1931 4082 3506 4154">
     <span class='ocr_line' id='line_1_88' title="bbox 1931 4082 3506 4154; baseline -0.012 -3"><span class='ocrx_word' id='word_1_677' title='bbox 1931 4097 2153 4152; x_wconf 92' lang='lat' dir='ltr'><strong>Christo</strong></span> <span class='ocrx_word' id='word_1_678' title='bbox 2183 4092 2400 4147; x_wconf 90' lang='lat' dir='ltr'><strong>nonnisi</strong></span> <span class='ocrx_word' id='word_1_679' title='bbox 2431 4089 2611 4144; x_wconf 84' lang='lat' dir='ltr'><strong>Verbo</strong></span> <span class='ocrx_word' id='word_1_680' title='bbox 2637 4088 2817 4140; x_wconf 85' lang='lat' dir='ltr'><strong>unitas</strong></span> <span class='ocrx_word' id='word_1_681' title='bbox 2845 4091 3179 4154; x_wconf 86' lang='lat' dir='ltr'><strong>competeret</strong></span> <span class='ocrx_word' id='word_1_682' title='bbox 3204 4082 3506 4152; x_wconf 88' lang='lat' dir='ltr'><strong>duplicem-</strong></span> 
     </span>
    </p>
   </div>
   <div class='ocr_carea' id='block_1_89' title="bbox 1933 4175 3503 4261">
    <p class='ocr_par' dir='ltr' id='par_1_89' title="bbox 1933 4175 3503 4261">
     <span class='ocr_line' id='line_1_89' title="bbox 1933 4175 3503 4261; baseline -0.012 -17"><span class='ocrx_word' id='word_1_683' title='bbox 1933 4206 2039 4261; x_wconf 90' lang='lat' dir='ltr'><strong>que</strong></span> <span class='ocrx_word' id='word_1_684' title='bbox 2068 4187 2347 4242; x_wconf 88' lang='lat' dir='ltr'><strong>Christum</strong></span> <span class='ocrx_word' id='word_1_685' title='bbox 2378 4192 2433 4239; x_wconf 89' lang='lat' dir='ltr'><strong>et</strong></span> <span class='ocrx_word' id='word_1_686' title='bbox 2458 4182 2597 4235; x_wconf 87' lang='lat' dir='ltr'><strong>duos</strong></span> <span class='ocrx_word' id='word_1_687' title='bbox 2629 4180 2770 4233; x_wconf 83' lang='lat' dir='ltr'><strong>ﬁlios</strong></span> <span class='ocrx_word' id='word_1_688' title='bbox 2801 4192 2924 4232; x_wconf 89' lang='lat' dir='ltr'><strong>esse</strong></span> <span class='ocrx_word' id='word_1_689' title='bbox 2953 4175 3302 4229; x_wconf 88' lang='lat' dir='ltr'><strong>statuendum</strong></span> <span class='ocrx_word' id='word_1_690' title='bbox 3333 4179 3503 4227; x_wconf 88' lang='lat' dir='ltr'><strong>esset.</strong></span> 
     </span>
    </p>
   </div>
   <div class='ocr_carea' id='block_1_90' title="bbox 1938 4262 3506 4351">
    <p class='ocr_par' dir='ltr' id='par_1_90' title="bbox 1938 4262 3506 4351">
     <span class='ocr_line' id='line_1_90' title="bbox 1938 4262 3506 4351; baseline -0.011 -15"><span class='ocrx_word' id='word_1_691' title='bbox 1938 4283 2124 4351; x_wconf 84' lang='lat' dir='ltr'><strong>Itaque</strong></span> <span class='ocrx_word' id='word_1_692' title='bbox 2174 4275 2494 4333; x_wconf 79' lang='lat' dir='ltr'><strong>orthodoxis</strong></span> <span class='ocrx_word' id='word_1_693' title='bbox 2546 4268 3010 4343; x_wconf 82' lang='grc' dir='ltr'>ἀνθρωπολατρῶν</span> <span class='ocrx_word' id='word_1_694' title='bbox 3071 4266 3370 4338; x_wconf 82' lang='lat' dir='ltr'><strong>(Athanas.</strong></span> <span class='ocrx_word' id='word_1_695' title='bbox 3429 4262 3506 4318; x_wconf 74' lang='lat' dir='ltr'><strong>De</strong></span> 
     </span>
    </p>
   </div>
   <div class='ocr_carea' id='block_1_91' title="bbox 265 4356 3505 4437">
    <p class='ocr_par' dir='ltr' id='par_1_91' title="bbox 265 4356 3505 4437">
     <span class='ocr_line' id='line_1_91' title="bbox 265 4356 3505 4437; baseline -0.003 -17"><span class='ocrx_word' id='word_1_696' title='bbox 265 4378 351 4421; x_wconf 84' lang='lat' dir='ltr'><strong>aut</strong></span> <span class='ocrx_word' id='word_1_697' title='bbox 378 4366 844 4437; x_wconf 73' lang='lat' dir='ltr'><strong>impugnandiam</strong></span> <span class='ocrx_word' id='word_1_698' title='bbox 881 4362 1393 4419; x_wconf 81' lang='lat' dir='ltr'><strong>defendendicausa</strong></span> <span class='ocrx_word' id='word_1_699' title='bbox 1425 4362 1664 4417; x_wconf 78' lang='lat' dir='ltr'><strong>exhibita</strong></span> <span class='ocrx_word' id='word_1_700' title='bbox 1699 4364 1830 4428; x_wconf 88' lang='lat' dir='ltr'><strong>sint,</strong></span> <span class='ocrx_word' id='word_1_701' title='bbox 1868 4368 1909 4422; x_wconf 80' lang='grc' dir='ltr'><strong>Ι)</strong></span> <span class='ocrx_word' id='word_1_702' title='bbox 1939 4376 2144 4428; x_wconf 63' lang='lat' dir='ltr'><strong>imam,</strong></span> <span class='ocrx_word' id='word_1_703' title='bbox 2181 4370 2284 4424; x_wconf 75' lang='lat' dir='ltr'><strong>sub</strong></span> <span class='ocrx_word' id='word_1_704' title='bbox 2310 4367 2429 4430; x_wconf 62' lang='grc' dir='ltr'><strong>ἢθη</strong></span> <span class='ocrx_word' id='word_1_705' title='bbox 2468 4363 2696 4435; x_wconf 78' lang='lat' dir='ltr'><strong>Gregor.</strong></span> <span class='ocrx_word' id='word_1_706' title='bbox 2721 4361 2851 4416; x_wconf 79' lang='lat' dir='ltr'><strong>an.</strong></span> <span class='ocrx_word' id='word_1_707' title='bbox 2881 4378 2963 4414; x_wconf 90' lang='lat' dir='ltr'><strong>or.</strong></span> <span class='ocrx_word' id='word_1_708' title='bbox 2998 4360 3087 4423; x_wconf 79' lang='lat' dir='ltr'><strong>5t,</strong></span> <span class='ocrx_word' id='word_1_709' title='bbox 3117 4360 3157 4424; x_wconf 93' lang='grc'>1,</span> <span class='ocrx_word' id='word_1_710' title='bbox 3192 4375 3244 4428; x_wconf 90' lang='lat' dir='ltr'><strong>p.</strong></span> <span class='ocrx_word' id='word_1_711' title='bbox 3282 4357 3385 4411; x_wconf 68' lang='grc'><strong>742</strong></span> <span class='ocrx_word' id='word_1_712' title='bbox 3415 4356 3505 4411; x_wconf 90' lang='lat' dir='ltr'><strong>ed.</strong></span> 
     </span>
    </p>
   </div>
   <div class='ocr_carea' id='block_1_92' title="bbox 270 4454 1838 4525">
    <p class='ocr_par' dir='ltr' id='par_1_92' title="bbox 270 4454 1838 4525">
     <span class='ocr_line' id='line_1_92' title="bbox 270 4454 1838 4525; baseline -0.001 -14"><span class='ocrx_word' id='word_1_713' title='bbox 270 4464 320 4512; x_wconf 83' lang='grc' dir='ltr'><strong>ιιι</strong></span> <span class='ocrx_word' id='word_1_714' title='bbox 344 4475 452 4512; x_wconf 87' lang='lat' dir='ltr'><strong>una</strong></span> <span class='ocrx_word' id='word_1_715' title='bbox 485 4459 600 4512; x_wconf 83' lang='lat' dir='ltr'><strong>fere</strong></span> <span class='ocrx_word' id='word_1_716' title='bbox 620 4456 921 4525; x_wconf 89' lang='lat' dir='ltr'><strong>eademque</strong></span> <span class='ocrx_word' id='word_1_717' title='bbox 945 4470 1004 4508; x_wconf 91' lang='lat' dir='ltr'><strong>re</strong></span> <span class='ocrx_word' id='word_1_718' title='bbox 1029 4462 1321 4508; x_wconf 86' lang='lat' dir='ltr'><strong>versantur</strong></span> <span class='ocrx_word' id='word_1_719' title='bbox 1343 4461 1398 4508; x_wconf 90' lang='lat' dir='ltr'><strong>et</strong></span> <span class='ocrx_word' id='word_1_720' title='bbox 1426 4454 1559 4507; x_wconf 90' lang='lat' dir='ltr'><strong>nihil</strong></span> <span class='ocrx_word' id='word_1_721' title='bbox 1581 4454 1687 4509; x_wconf 85' lang='lat' dir='ltr'><strong>nisi</strong></span> <span class='ocrx_word' id='word_1_722' title='bbox 1721 4455 1838 4509; x_wconf 88' lang='lat' dir='ltr'><strong>bre-</strong></span> 
     </span>
    </p>
   </div>
   <div class='ocr_carea' id='block_1_93' title="bbox 268 4545 1837 4614">
    <p class='ocr_par' dir='ltr' id='par_1_93' title="bbox 268 4545 1837 4614">
     <span class='ocr_line' id='line_1_93' title="bbox 268 4545 1837 4614; baseline -0.001 -12"><span class='ocrx_word' id='word_1_723' title='bbox 268 4550 478 4605; x_wconf 74' lang='lat' dir='ltr'><strong>vissimi</strong></span> <span class='ocrx_word' id='word_1_724' title='bbox 506 4549 836 4603; x_wconf 75' lang='lat' dir='ltr'><strong>Theodoreze</strong></span> <span class='ocrx_word' id='word_1_725' title='bbox 860 4545 1248 4614; x_wconf 87' lang='lat' dir='ltr'><strong>disputationis</strong></span> <span class='ocrx_word' id='word_1_726' title='bbox 1278 4547 1442 4614; x_wconf 89' lang='lat' dir='ltr'><strong>panni</strong></span> <span class='ocrx_word' id='word_1_727' title='bbox 1477 4556 1623 4599; x_wconf 89' lang='lat' dir='ltr'><strong>sunt.</strong></span> <span class='ocrx_word' id='word_1_728' title='bbox 1650 4545 1837 4612; x_wconf 87' lang='lat' dir='ltr'><strong>Quan-</strong></span> 
     </span>
    </p>
   </div>
   <div class='ocr_carea' id='block_1_94' title="bbox 270 4637 1838 4714">
    <p class='ocr_par' dir='ltr' id='par_1_94' title="bbox 270 4637 1838 4714">
     <span class='ocr_line' id='line_1_94' title="bbox 270 4637 1838 4714; baseline -0.003 -17"><span class='ocrx_word' id='word_1_729' title='bbox 270 4660 429 4714; x_wconf 89' lang='lat' dir='ltr'><strong>quam</strong></span> <span class='ocrx_word' id='word_1_730' title='bbox 469 4643 738 4698; x_wconf 80' lang='lat' dir='ltr'><strong>verbosus</strong></span> <span class='ocrx_word' id='word_1_731' title='bbox 786 4640 1110 4695; x_wconf 81' lang='lat' dir='ltr'><strong>Theodorus</strong></span> <span class='ocrx_word' id='word_1_732' title='bbox 1141 4638 1227 4692; x_wconf 90' lang='lat' dir='ltr'><strong>hic</strong></span> <span class='ocrx_word' id='word_1_733' title='bbox 1267 4637 1345 4692; x_wconf 87' lang='lat' dir='ltr'><strong>rei</strong></span> <span class='ocrx_word' id='word_1_734' title='bbox 1391 4647 1715 4709; x_wconf 74' lang='lat' dir='ltr'><strong>argumento</strong></span> <span class='ocrx_word' id='word_1_735' title='bbox 1742 4640 1838 4693; x_wconf 89' lang='lat' dir='ltr'><strong>ad-</strong></span> 
     </span>
    </p>
   </div>
   <div class='ocr_carea' id='block_1_95' title="bbox 268 4730 1837 4803">
    <p class='ocr_par' dir='ltr' id='par_1_95' title="bbox 268 4730 1837 4803">
     <span class='ocr_line' id='line_1_95' title="bbox 268 4730 1837 4803; baseline -0.003 -12"><span class='ocrx_word' id='word_1_736' title='bbox 268 4736 463 4791; x_wconf 86' lang='lat' dir='ltr'><strong>ductus</strong></span> <span class='ocrx_word' id='word_1_737' title='bbox 512 4732 647 4803; x_wconf 90' lang='lat' dir='ltr'><strong>quid</strong></span> <span class='ocrx_word' id='word_1_738' title='bbox 696 4733 883 4788; x_wconf 89' lang='lat' dir='ltr'><strong>eadem</strong></span> <span class='ocrx_word' id='word_1_739' title='bbox 931 4732 1129 4785; x_wconf 88' lang='lat' dir='ltr'><strong>iterum</strong></span> <span class='ocrx_word' id='word_1_740' title='bbox 1174 4730 1487 4801; x_wconf 86' lang='lat' dir='ltr'><strong>iterumque</strong></span> <span class='ocrx_word' id='word_1_741' title='bbox 1544 4732 1837 4801; x_wconf 90' lang='lat' dir='ltr'><strong>repetendo</strong></span> 
     </span>
    </p>
   </div>
   <div class='ocr_carea' id='block_1_96' title="bbox 271 4821 1835 4894">
    <p class='ocr_par' dir='ltr' id='par_1_96' title="bbox 271 4821 1835 4894">
     <span class='ocr_line' id='line_1_96' title="bbox 271 4821 1835 4894; baseline -0.003 -13"><span class='ocrx_word' id='word_1_742' title='bbox 271 4833 453 4894; x_wconf 79' lang='lat' dir='ltr'><strong>posset</strong></span> <span class='ocrx_word' id='word_1_743' title='bbox 490 4824 708 4878; x_wconf 84' lang='lat' dir='ltr'><strong>videtur</strong></span> <span class='ocrx_word' id='word_1_744' title='bbox 740 4832 1001 4893; x_wconf 76' lang='lat' dir='ltr'><strong>expertus</strong></span> <span class='ocrx_word' id='word_1_745' title='bbox 1035 4839 1177 4879; x_wconf 86' lang='lat' dir='ltr'><strong>esse.</strong></span> <span class='ocrx_word' id='word_1_746' title='bbox 1215 4822 1333 4894; x_wconf 88' lang='lat' dir='ltr'><strong>Ipse</strong></span> <span class='ocrx_word' id='word_1_747' title='bbox 1374 4830 1560 4876; x_wconf 90' lang='lat' dir='ltr'><strong>narrat</strong></span> <span class='ocrx_word' id='word_1_748' title='bbox 1593 4821 1741 4891; x_wconf 86' lang='lat' dir='ltr'><strong>(Fac.</strong></span> <span class='ocrx_word' id='word_1_749' title='bbox 1781 4840 1835 4886; x_wconf 72' lang='grc' dir='ltr'><strong>ι,</strong></span> 
     </span>
    </p>
   </div>
   <div class='ocr_carea' id='block_1_97' title="bbox 275 4913 1837 4987">
    <p class='ocr_par' dir='ltr' id='par_1_97' title="bbox 275 4913 1837 4987">
     <span class='ocr_line' id='line_1_97' title="bbox 275 4913 1837 4987; baseline 0 -16"><span class='ocrx_word' id='word_1_750' title='bbox 275 4919 321 4987; x_wconf 80' lang='lat' dir='ltr'><strong>l)</strong></span> <span class='ocrx_word' id='word_1_751' title='bbox 348 4937 405 4973; x_wconf 87' lang='lat' dir='ltr'><strong>se</strong></span> <span class='ocrx_word' id='word_1_752' title='bbox 443 4938 463 4968; x_wconf 74' lang='grc' dir='ltr'><strong>ε</strong></span> <span class='ocrx_word' id='word_1_753' title='bbox 495 4916 613 4970; x_wconf 86' lang='lat' dir='ltr'><strong>Arii</strong></span> <span class='ocrx_word' id='word_1_754' title='bbox 643 4924 698 4970; x_wconf 89' lang='lat' dir='ltr'><strong>et</strong></span> <span class='ocrx_word' id='word_1_755' title='bbox 724 4915 980 4971; x_wconf 81' lang='lat' dir='ltr'><strong>Eunomii</strong></span> <span class='ocrx_word' id='word_1_756' title='bbox 1009 4913 1075 4971; x_wconf 93' lang='lat' dir='ltr'><strong>de</strong></span> <span class='ocrx_word' id='word_1_757' title='bbox 1098 4915 1480 4970; x_wconf 86' lang='lat' dir='ltr'><strong>incarnatione</strong></span> <span class='ocrx_word' id='word_1_758' title='bbox 1505 4915 1701 4969; x_wconf 86' lang='lat' dir='ltr'><strong>delicta</strong></span> <span class='ocrx_word' id='word_1_759' title='bbox 1735 4932 1837 4971; x_wconf 88' lang='lat' dir='ltr'><strong>nec</strong></span> 
     </span>
    </p>
   </div>
   <div class='ocr_carea' id='block_1_98' title="bbox 270 5070 1838 5140">
    <p class='ocr_par' dir='ltr' id='par_1_98' title="bbox 270 5070 1838 5140">
     <span class='ocr_line' id='line_1_98' title="bbox 270 5070 1838 5140; baseline 0.003 -15"><span class='ocrx_word' id='word_1_760' title='bbox 270 5072 499 5136; x_wconf 71' lang='lat' dir='ltr'><strong>genuina</strong></span> <span class='ocrx_word' id='word_1_761' title='bbox 552 5070 851 5140; x_wconf 89' lang='lat' dir='ltr'><strong>probantur</strong></span> <span class='ocrx_word' id='word_1_762' title='bbox 906 5074 977 5137; x_wconf 80' lang='grc' dir='ltr'>(ν.</span> <span class='ocrx_word' id='word_1_763' title='bbox 1012 5088 1058 5126; x_wconf 88' lang='lat' dir='ltr'><strong>s.</strong></span> <span class='ocrx_word' id='word_1_764' title='bbox 1094 5080 1147 5126; x_wconf 91' lang='lat' dir='ltr'><strong>et</strong></span> <span class='ocrx_word' id='word_1_765' title='bbox 1180 5071 1328 5136; x_wconf 83' lang='lat' dir='ltr'><strong>1nf.),</strong></span> <span class='ocrx_word' id='word_1_766' title='bbox 1376 5071 1522 5140; x_wconf 89' lang='lat' dir='ltr'><strong>quod</strong></span> <span class='ocrx_word' id='word_1_767' title='bbox 1578 5072 1719 5127; x_wconf 86' lang='lat' dir='ltr'><strong>idem</strong></span> <span class='ocrx_word' id='word_1_768' title='bbox 1773 5075 1838 5130; x_wconf 84' lang='lat' dir='ltr'><strong>de</strong></span> 
     </span>
    </p>
   </div>
   <div class='ocr_carea' id='block_1_99' title="bbox 272 5140 1838 5209">
    <p class='ocr_par' dir='ltr' id='par_1_99' title="bbox 272 5140 1838 5209">
     <span class='ocr_line' id='line_1_99' title="bbox 272 5140 1838 5209; baseline 0.003 -15"><span class='ocrx_word' id='word_1_769' title='bbox 272 5140 487 5195; x_wconf 85' lang='lat' dir='ltr'><strong>Diodori</strong></span> <span class='ocrx_word' id='word_1_770' title='bbox 546 5142 671 5203; x_wconf 91' lang='lat' dir='ltr'><strong>illis,</strong></span> <span class='ocrx_word' id='word_1_771' title='bbox 728 5157 847 5207; x_wconf 67' lang='lat' dir='ltr'><strong>qua:</strong></span> <span class='ocrx_word' id='word_1_772' title='bbox 894 5144 1112 5209; x_wconf 87' lang='lat' dir='ltr'><strong>quidem</strong></span> <span class='ocrx_word' id='word_1_773' title='bbox 1164 5159 1228 5197; x_wconf 81' lang='lat' dir='ltr'><strong>ex</strong></span> <span class='ocrx_word' id='word_1_774' title='bbox 1277 5143 1395 5209; x_wconf 87' lang='lat' dir='ltr'><strong>ejus</strong></span> <span class='ocrx_word' id='word_1_775' title='bbox 1444 5142 1583 5197; x_wconf 90' lang='lat' dir='ltr'><strong>libro</strong></span> <span class='ocrx_word' id='word_1_776' title='bbox 1636 5142 1838 5198; x_wconf 85' lang='lat' dir='ltr'><strong>Contra</strong></span> 
     </span>
    </p>
   </div>
   <div class='ocr_carea' id='block_1_100' title="bbox 271 5211 1838 5281">
    <p class='ocr_par' dir='ltr' id='par_1_100' title="bbox 271 5211 1838 5281">
     <span class='ocr_line' id='line_1_100' title="bbox 271 5211 1838 5281; baseline 0.001 -15"><span class='ocrx_word' id='word_1_777' title='bbox 271 5212 621 5281; x_wconf 67' lang='lat' dir='ltr'><strong>Synusiastaa</strong></span> <span class='ocrx_word' id='word_1_778' title='bbox 680 5213 763 5263; x_wconf 87' lang='lat' dir='ltr'><strong>vel</strong></span> <span class='ocrx_word' id='word_1_779' title='bbox 830 5211 1245 5279; x_wconf 80' lang='lat' dir='ltr'><strong>Apollinaristas</strong></span> <span class='ocrx_word' id='word_1_780' title='bbox 1296 5216 1615 5281; x_wconf 90' lang='lat' dir='ltr'><strong>deprompta</strong></span> <span class='ocrx_word' id='word_1_781' title='bbox 1681 5224 1838 5276; x_wconf 88' lang='lat' dir='ltr'><strong>sunt.</strong></span> 
     </span>
    </p>
   </div>
   <div class='ocr_carea' id='block_1_101' title="bbox 271 5280 1835 5349">
    <p class='ocr_par' dir='ltr' id='par_1_101' title="bbox 271 5280 1835 5349">
     <span class='ocr_line' id='line_1_101' title="bbox 271 5280 1835 5349; baseline 0.003 -16"><span class='ocrx_word' id='word_1_782' title='bbox 271 5280 428 5336; x_wconf 66' lang='lat' dir='ltr'><strong>valet.</strong></span> <span class='ocrx_word' id='word_1_783' title='bbox 462 5282 601 5335; x_wconf 89' lang='lat' dir='ltr'><strong>Sunt</strong></span> <span class='ocrx_word' id='word_1_784' title='bbox 635 5290 813 5337; x_wconf 90' lang='lat' dir='ltr'><strong>autem</strong></span> <span class='ocrx_word' id='word_1_785' title='bbox 845 5280 958 5335; x_wconf 63' lang='lat' dir='ltr'><strong>haec</strong></span> <span class='ocrx_word' id='word_1_786' title='bbox 989 5281 1247 5336; x_wconf 48' lang='lat' dir='ltr'><strong>Duotlorea</strong></span> <span class='ocrx_word' id='word_1_787' title='bbox 1279 5300 1293 5335; x_wconf 91' lang='lat'><strong>:</strong></span> <span class='ocrx_word' id='word_1_788' title='bbox 1324 5285 1443 5336; x_wconf 80' lang='lat' dir='ltr'><strong>Act.</strong></span> <span class='ocrx_word' id='word_1_789' title='bbox 1474 5280 1539 5336; x_wconf 55' lang='lat' dir='ltr'><strong>CI</strong></span> <span class='ocrx_word' id='word_1_790' title='bbox 1572 5283 1633 5337; x_wconf 91' lang='lat' dir='ltr'><strong>C.</strong></span> <span class='ocrx_word' id='word_1_791' title='bbox 1665 5300 1726 5347; x_wconf 91' lang='lat'><strong>11,</strong></span> <span class='ocrx_word' id='word_1_792' title='bbox 1763 5302 1835 5349; x_wconf 91' lang='lat' dir='ltr'><strong>1v,</strong></span> 
     </span>
    </p>
   </div>
   <div class='ocr_carea' id='block_1_102' title="bbox 271 5349 1838 5422">
    <p class='ocr_par' dir='ltr' id='par_1_102' title="bbox 271 5349 1838 5422">
     <span class='ocr_line' id='line_1_102' title="bbox 271 5349 1838 5422; baseline 0 -16"><span class='ocrx_word' id='word_1_793' title='bbox 271 5350 375 5413; x_wconf 64' lang='grc' dir='ltr'>ας</span> <span class='ocrx_word' id='word_1_794' title='bbox 445 5368 496 5410; x_wconf 91' lang='lat' dir='ltr'><strong>v.</strong></span> <span class='ocrx_word' id='word_1_795' title='bbox 547 5367 598 5422; x_wconf 88' lang='lat' dir='ltr'><strong>p.</strong></span> <span class='ocrx_word' id='word_1_796' title='bbox 653 5352 721 5405; x_wconf 83' lang='lat'><strong>95</strong></span> <span class='ocrx_word' id='word_1_797' title='bbox 781 5353 891 5419; x_wconf 77' lang='lat' dir='ltr'><strong>(cf.</strong></span> <span class='ocrx_word' id='word_1_798' title='bbox 944 5350 1140 5422; x_wconf 72' lang='lat' dir='ltr'><strong>Leont.</strong></span> <span class='ocrx_word' id='word_1_799' title='bbox 1183 5349 1429 5406; x_wconf 86' lang='lat' dir='ltr'><strong>Galland.</strong></span> <span class='ocrx_word' id='word_1_800' title='bbox 1480 5352 1623 5406; x_wconf 84' lang='lat' dir='ltr'><strong>Bibl.</strong></span> <span class='ocrx_word' id='word_1_801' title='bbox 1679 5354 1714 5407; x_wconf 93' lang='lat' dir='ltr'><strong>l.</strong></span> <span class='ocrx_word' id='word_1_802' title='bbox 1764 5369 1838 5416; x_wconf 86' lang='lat' dir='ltr'><strong>c.,</strong></span> 
     </span>
    </p>
   </div>
   <div class='ocr_carea' id='block_1_103' title="bbox 272 5420 1839 5493">
    <p class='ocr_par' dir='ltr' id='par_1_103' title="bbox 272 5420 1839 5493">
     <span class='ocr_line' id='line_1_103' title="bbox 272 5420 1839 5493; baseline 0.003 -19"><span class='ocrx_word' id='word_1_803' title='bbox 272 5437 324 5491; x_wconf 89' lang='lat' dir='ltr'><strong>p.</strong></span> <span class='ocrx_word' id='word_1_804' title='bbox 352 5421 510 5488; x_wconf 80' lang='lat'><strong>696);</strong></span> <span class='ocrx_word' id='word_1_805' title='bbox 545 5420 751 5493; x_wconf 58' lang='lat' dir='ltr'><strong>H.435;</strong></span> <span class='ocrx_word' id='word_1_806' title='bbox 787 5440 838 5483; x_wconf 75' lang='grc' dir='ltr'>ν,</span> <span class='ocrx_word' id='word_1_807' title='bbox 874 5439 925 5493; x_wconf 93' lang='lat' dir='ltr'><strong>p.</strong></span> <span class='ocrx_word' id='word_1_808' title='bbox 962 5423 1033 5478; x_wconf 69' lang='lat'><strong>99.</strong></span> <span class='ocrx_word' id='word_1_809' title='bbox 1060 5420 1163 5493; x_wconf 57' lang='lat' dir='ltr'><strong>(cf.</strong></span> <span class='ocrx_word' id='word_1_810' title='bbox 1192 5422 1384 5476; x_wconf 90' lang='lat' dir='ltr'><strong>Leont.</strong></span> <span class='ocrx_word' id='word_1_811' title='bbox 1418 5422 1453 5476; x_wconf 93' lang='grc'><strong>1.</strong></span> <span class='ocrx_word' id='word_1_812' title='bbox 1484 5440 1556 5483; x_wconf 85' lang='lat' dir='ltr'><strong>c.,</strong></span> <span class='ocrx_word' id='word_1_813' title='bbox 1592 5439 1644 5491; x_wconf 93' lang='lat' dir='ltr'><strong>p.</strong></span> <span class='ocrx_word' id='word_1_814' title='bbox 1681 5423 1839 5491; x_wconf 80' lang='lat'><strong>697);</strong></span> 
     </span>
    </p>
   </div>
   <div class='ocr_carea' id='block_1_104' title="bbox 272 5491 1842 5563">
    <p class='ocr_par' dir='ltr' id='par_1_104' title="bbox 272 5491 1842 5563">
     <span class='ocr_line' id='line_1_104' title="bbox 272 5491 1842 5563; baseline 0.003 -20"><span class='ocrx_word' id='word_1_815' title='bbox 272 5508 323 5552; x_wconf 71' lang='grc' dir='ltr'>ν.</span> <span class='ocrx_word' id='word_1_816' title='bbox 354 5508 407 5561; x_wconf 88' lang='lat' dir='ltr'><strong>p.</strong></span> <span class='ocrx_word' id='word_1_817' title='bbox 436 5493 507 5549; x_wconf 66' lang='lat'><strong>92</strong></span> <span class='ocrx_word' id='word_1_818' title='bbox 556 5492 649 5557; x_wconf 78' lang='lat' dir='ltr'><strong>(cf.</strong></span> <span class='ocrx_word' id='word_1_819' title='bbox 686 5491 889 5563; x_wconf 55' lang='lat' dir='ltr'><strong>Leont.</strong></span> <span class='ocrx_word' id='word_1_820' title='bbox 913 5494 947 5546; x_wconf 90' lang='grc' dir='ltr'><strong>Ι.</strong></span> <span class='ocrx_word' id='word_1_821' title='bbox 990 5496 1087 5561; x_wconf 90' lang='lat' dir='ltr'><strong>c.).</strong></span> <span class='ocrx_word' id='word_1_822' title='bbox 1136 5491 1253 5546; x_wconf 80' lang='lat' dir='ltr'><strong>Jam</strong></span> <span class='ocrx_word' id='word_1_823' title='bbox 1288 5493 1405 5563; x_wconf 89' lang='lat' dir='ltr'><strong>duo</strong></span> <span class='ocrx_word' id='word_1_824' title='bbox 1434 5503 1662 5555; x_wconf 79' lang='lat' dir='ltr'><strong>restant.</strong></span> <span class='ocrx_word' id='word_1_825' title='bbox 1706 5511 1842 5563; x_wconf 82' lang='lat' dir='ltr'><strong>quo-</strong></span> 
     </span>
    </p>
   </div>
   <div class='ocr_carea' id='block_1_105' title="bbox 276 5562 1838 5632">
    <p class='ocr_par' dir='ltr' id='par_1_105' title="bbox 276 5562 1838 5632">
     <span class='ocr_line' id='line_1_105' title="bbox 276 5562 1838 5632; baseline 0.004 -16"><span class='ocrx_word' id='word_1_826' title='bbox 276 5575 391 5632; x_wconf 81' lang='lat' dir='ltr'><strong>rum</strong></span> <span class='ocrx_word' id='word_1_827' title='bbox 437 5564 670 5618; x_wconf 81' lang='lat' dir='ltr'><strong>alterum</strong></span> <span class='ocrx_word' id='word_1_828' title='bbox 695 5579 770 5632; x_wconf 76' lang='lat' dir='ltr'><strong>eo</strong></span> <span class='ocrx_word' id='word_1_829' title='bbox 807 5562 1028 5618; x_wconf 85' lang='lat' dir='ltr'><strong>Diodori</strong></span> <span class='ocrx_word' id='word_1_830' title='bbox 1056 5578 1181 5617; x_wconf 90' lang='lat' dir='ltr'><strong>esse</strong></span> <span class='ocrx_word' id='word_1_831' title='bbox 1233 5562 1527 5624; x_wconf 83' lang='lat' dir='ltr'><strong>evincitur,</strong></span> <span class='ocrx_word' id='word_1_832' title='bbox 1578 5562 1735 5632; x_wconf 11' lang='lat' dir='ltr'><strong>quod,</strong></span> <span class='ocrx_word' id='word_1_833' title='bbox 1773 5582 1838 5621; x_wconf 83' lang='lat' dir='ltr'><strong>ex</strong></span> 
     </span>
    </p>
   </div>
   <div class='ocr_carea' id='block_1_106' title="bbox 279 5631 1841 5703">
    <p class='ocr_par' dir='ltr' id='par_1_106' title="bbox 279 5631 1841 5703">
     <span class='ocr_line' id='line_1_106' title="bbox 279 5631 1841 5703; baseline 0.004 -20"><span class='ocrx_word' id='word_1_834' title='bbox 279 5631 410 5703; x_wconf 72' lang='lat' dir='ltr'><strong>libro</strong></span> <span class='ocrx_word' id='word_1_835' title='bbox 439 5632 644 5703; x_wconf 87' lang='lat' dir='ltr'><strong>Contra</strong></span> <span class='ocrx_word' id='word_1_836' title='bbox 680 5631 875 5701; x_wconf 77' lang='lat' dir='ltr'><strong>Synus.</strong></span> <span class='ocrx_word' id='word_1_837' title='bbox 916 5634 999 5686; x_wconf 79' lang='lat' dir='ltr'><strong>vel</strong></span> <span class='ocrx_word' id='word_1_838' title='bbox 1044 5634 1277 5703; x_wconf 79' lang='lat' dir='ltr'><strong>Apollin.</strong></span> <span class='ocrx_word' id='word_1_839' title='bbox 1330 5631 1607 5702; x_wconf 86' lang='lat' dir='ltr'><strong>sumptum</strong></span> <span class='ocrx_word' id='word_1_840' title='bbox 1640 5634 1841 5691; x_wconf 86' lang='lat' dir='ltr'><strong>dicitur</strong></span> 
     </span>
    </p>
   </div>
   <div class='ocr_carea' id='block_1_107' title="bbox 282 5700 1837 5777">
    <p class='ocr_par' dir='ltr' id='par_1_107' title="bbox 282 5700 1837 5777">
     <span class='ocr_line' id='line_1_107' title="bbox 282 5700 1837 5777; baseline 0.005 -22"><span class='ocrx_word' id='word_1_841' title='bbox 282 5700 364 5768; x_wconf 55' lang='lat' dir='ltr'><strong>lci.</strong></span> <span class='ocrx_word' id='word_1_842' title='bbox 390 5704 508 5761; x_wconf 74' lang='lat' dir='ltr'><strong>Act.</strong></span> <span class='ocrx_word' id='word_1_843' title='bbox 541 5702 608 5761; x_wconf 88' lang='lat' dir='ltr'><strong>C.</strong></span> <span class='ocrx_word' id='word_1_844' title='bbox 640 5702 701 5758; x_wconf 92' lang='lat' dir='ltr'><strong>C.</strong></span> <span class='ocrx_word' id='word_1_845' title='bbox 726 5700 794 5771; x_wconf 85' lang='lat'><strong>11,</strong></span> <span class='ocrx_word' id='word_1_846' title='bbox 822 5720 895 5770; x_wconf 85' lang='lat' dir='ltr'><strong>1v,</strong></span> <span class='ocrx_word' id='word_1_847' title='bbox 925 5703 1022 5770; x_wconf 69' lang='lat'><strong>28;</strong></span> <span class='ocrx_word' id='word_1_848' title='bbox 1057 5700 1109 5767; x_wconf 69' lang='grc' dir='ltr'>ν,</span> <span class='ocrx_word' id='word_1_849' title='bbox 1144 5720 1194 5774; x_wconf 85' lang='lat' dir='ltr'><strong>p.</strong></span> <span class='ocrx_word' id='word_1_850' title='bbox 1224 5702 1334 5773; x_wconf 82' lang='grc'><strong>95),</strong></span> <span class='ocrx_word' id='word_1_851' title='bbox 1364 5700 1587 5759; x_wconf 79' lang='lat' dir='ltr'><strong>alterum</strong></span> <span class='ocrx_word' id='word_1_852' title='bbox 1611 5719 1676 5761; x_wconf 90' lang='lat' dir='ltr'><strong>eo</strong></span> <span class='ocrx_word' id='word_1_853' title='bbox 1697 5709 1837 5777; x_wconf 88' lang='lat' dir='ltr'><strong>quod</strong></span> 
     </span>
    </p>
   </div>
   <div class='ocr_carea' id='block_1_108' title="bbox 1932 4450 3505 4523">
    <p class='ocr_par' dir='ltr' id='par_1_108' title="bbox 1932 4450 3505 4523">
     <span class='ocr_line' id='line_1_108' title="bbox 1932 4450 3505 4523; baseline -0.012 -2"><span class='ocrx_word' id='word_1_854' title='bbox 1932 4466 2293 4523; x_wconf 90' lang='lat' dir='ltr'><strong>Clemencet.,</strong></span> <span class='ocrx_word' id='word_1_855' title='bbox 2347 4457 2827 4517; x_wconf 84' lang='lat' dir='ltr'><strong>hominieolarum,</strong></span> <span class='ocrx_word' id='word_1_856' title='bbox 2869 4452 2998 4507; x_wconf 79' lang='lat' dir='ltr'><strong>Fac.</strong></span> <span class='ocrx_word' id='word_1_857' title='bbox 3055 4468 3132 4514; x_wconf 77' lang='grc' dir='ltr'>ιιι,</span> <span class='ocrx_word' id='word_1_858' title='bbox 3184 4450 3263 4519; x_wconf 80' lang='lat'><strong>3,)</strong></span> <span class='ocrx_word' id='word_1_859' title='bbox 3306 4466 3505 4504; x_wconf 91' lang='lat' dir='ltr'><strong>nomen</strong></span> 
     </span>
    </p>
   </div>
   <div class='ocr_carea' id='block_1_109' title="bbox 1933 4542 3506 4623">
    <p class='ocr_par' dir='ltr' id='par_1_109' title="bbox 1933 4542 3506 4623">
     <span class='ocr_line' id='line_1_109' title="bbox 1933 4542 3506 4623; baseline -0.012 -11"><span class='ocrx_word' id='word_1_860' title='bbox 1933 4573 2042 4612; x_wconf 92' lang='lat' dir='ltr'><strong>non</strong></span> <span class='ocrx_word' id='word_1_861' title='bbox 2089 4550 2467 4623; x_wconf 80' lang='lat' dir='ltr'><strong>denegandum</strong></span> <span class='ocrx_word' id='word_1_862' title='bbox 2511 4548 2744 4603; x_wconf 86' lang='lat' dir='ltr'><strong>censuit.</strong></span> <span class='ocrx_word' id='word_1_863' title='bbox 2792 4548 2914 4615; x_wconf 87' lang='lat' dir='ltr'><strong>Ipse</strong></span> <span class='ocrx_word' id='word_1_864' title='bbox 2956 4553 3136 4599; x_wconf 79' lang='lat' dir='ltr'><strong>autem</strong></span> <span class='ocrx_word' id='word_1_865' title='bbox 3179 4555 3233 4596; x_wconf 88' lang='lat' dir='ltr'><strong>ut</strong></span> <span class='ocrx_word' id='word_1_866' title='bbox 3274 4542 3506 4609; x_wconf 59' lang='lat' dir='ltr'><strong>conjuno</strong></span> 
     </span>
    </p>
   </div>
   <div class='ocr_carea' id='block_1_110' title="bbox 1933 4637 3504 4713">
    <p class='ocr_par' dir='ltr' id='par_1_110' title="bbox 1933 4637 3504 4713">
     <span class='ocr_line' id='line_1_110' title="bbox 1933 4637 3504 4713; baseline -0.012 -9"><span class='ocrx_word' id='word_1_867' title='bbox 1933 4650 2110 4705; x_wconf 89' lang='lat' dir='ltr'><strong>ctione</strong></span> <span class='ocrx_word' id='word_1_868' title='bbox 2152 4646 2433 4713; x_wconf 88' lang='lat' dir='ltr'><strong>utriusque</strong></span> <span class='ocrx_word' id='word_1_869' title='bbox 2471 4641 2675 4698; x_wconf 80' lang='lat' dir='ltr'><strong>Christi</strong></span> <span class='ocrx_word' id='word_1_870' title='bbox 2702 4648 2910 4694; x_wconf 70' lang='lat' dir='ltr'><strong>naturae</strong></span> <span class='ocrx_word' id='word_1_871' title='bbox 2936 4637 3198 4692; x_wconf 85' lang='lat' dir='ltr'><strong>unitatem</strong></span> <span class='ocrx_word' id='word_1_872' title='bbox 3252 4650 3504 4705; x_wconf 69' lang='lat' dir='ltr'><strong>persoum</strong></span> 
     </span>
    </p>
   </div>
   <div class='ocr_carea' id='block_1_111' title="bbox 1935 4730 3508 4801">
    <p class='ocr_par' dir='ltr' id='par_1_111' title="bbox 1935 4730 3508 4801">
     <span class='ocr_line' id='line_1_111' title="bbox 1935 4730 3508 4801; baseline -0.014 -5"><span class='ocrx_word' id='word_1_873' title='bbox 1935 4740 2158 4796; x_wconf 89' lang='lat' dir='ltr'><strong>Christo</strong></span> <span class='ocrx_word' id='word_1_874' title='bbox 2194 4736 2519 4794; x_wconf 88' lang='lat' dir='ltr'><strong>vindicaret,</strong></span> <span class='ocrx_word' id='word_1_875' title='bbox 2554 4732 2714 4801; x_wconf 85' lang='lat' dir='ltr'><strong>idque</strong></span> <span class='ocrx_word' id='word_1_876' title='bbox 2748 4730 3047 4785; x_wconf 75' lang='lat' dir='ltr'><strong>intellectui</strong></span> <span class='ocrx_word' id='word_1_877' title='bbox 3088 4730 3329 4782; x_wconf 89' lang='lat' dir='ltr'><strong>humano</strong></span> <span class='ocrx_word' id='word_1_878' title='bbox 3360 4734 3508 4793; x_wconf 81' lang='lat' dir='ltr'><strong>apta-</strong></span> 
     </span>
    </p>
   </div>
   <div class='ocr_carea' id='block_1_112' title="bbox 1938 4816 3505 4895">
    <p class='ocr_par' dir='ltr' id='par_1_112' title="bbox 1938 4816 3505 4895">
     <span class='ocr_line' id='line_1_112' title="bbox 1938 4816 3505 4895; baseline -0.014 -9"><span class='ocrx_word' id='word_1_879' title='bbox 1938 4839 2041 4895; x_wconf 90' lang='lat' dir='ltr'><strong>ret,</strong></span> <span class='ocrx_word' id='word_1_880' title='bbox 2076 4830 2213 4883; x_wconf 87' lang='lat' dir='ltr'><strong>duce</strong></span> <span class='ocrx_word' id='word_1_881' title='bbox 2249 4824 2589 4895; x_wconf 87' lang='lat' dir='ltr'><strong>philosophia</strong></span> <span class='ocrx_word' id='word_1_882' title='bbox 2644 4822 2945 4883; x_wconf 82' lang='lat' dir='ltr'><strong>Platonica,</strong></span> <span class='ocrx_word' id='word_1_883' title='bbox 2980 4835 3141 4890; x_wconf 89' lang='lat' dir='ltr'><strong>quam</strong></span> <span class='ocrx_word' id='word_1_884' title='bbox 3193 4816 3505 4872; x_wconf 79' lang='lat' dir='ltr'><strong>imbiberat.</strong></span> 
     </span>
    </p>
   </div>
   <div class='ocr_carea' id='block_1_113' title="bbox 1938 4907 3506 4977">
    <p class='ocr_par' dir='ltr' id='par_1_113' title="bbox 1938 4907 3506 4977">
     <span class='ocr_line' id='line_1_113' title="bbox 1938 4907 3506 4977; baseline -0.012 -2"><span class='ocrx_word' id='word_1_885' title='bbox 1938 4921 2174 4976; x_wconf 79' lang='lat' dir='ltr'><strong>fortasse</strong></span> <span class='ocrx_word' id='word_1_886' title='bbox 2198 4929 2442 4971; x_wconf 84' lang='lat' dir='ltr'><strong>veterum</strong></span> <span class='ocrx_word' id='word_1_887' title='bbox 2473 4917 2633 4967; x_wconf 80' lang='lat' dir='ltr'><strong>etiam</strong></span> <span class='ocrx_word' id='word_1_888' title='bbox 2666 4913 2884 4966; x_wconf 81' lang='lat' dir='ltr'><strong>Patrum</strong></span> <span class='ocrx_word' id='word_1_889' title='bbox 2918 4910 3224 4977; x_wconf 78' lang='lat' dir='ltr'><strong>exemplum</strong></span> <span class='ocrx_word' id='word_1_890' title='bbox 3252 4907 3506 4968; x_wconf 80' lang='lat' dir='ltr'><strong>intuitus,</strong></span> 
     </span>
    </p>
   </div>
   <div class='ocr_carea' id='block_1_114' title="bbox 1936 5066 3506 5131">
    <p class='ocr_par' dir='ltr' id='par_1_114' title="bbox 1936 5066 3506 5131">
     <span class='ocr_line' id='line_1_114' title="bbox 1936 5066 3506 5131; baseline -0.01 -1"><span class='ocrx_word' id='word_1_891' title='bbox 1936 5077 1989 5130; x_wconf 90' lang='lat' dir='ltr'><strong>in</strong></span> <span class='ocrx_word' id='word_1_892' title='bbox 2017 5076 2208 5131; x_wconf 85' lang='lat' dir='ltr'><strong>mediis</strong></span> <span class='ocrx_word' id='word_1_893' title='bbox 2248 5073 2529 5127; x_wconf 88' lang='lat' dir='ltr'><strong>Diodoreis</strong></span> <span class='ocrx_word' id='word_1_894' title='bbox 2560 5073 2882 5125; x_wconf 75' lang='lat' dir='ltr'><strong>collocatum</strong></span> <span class='ocrx_word' id='word_1_895' title='bbox 2905 5076 3004 5121; x_wconf 64' lang='lat' dir='ltr'><strong>est.</strong></span> <span class='ocrx_word' id='word_1_896' title='bbox 3025 5066 3506 5120; x_wconf 68' lang='lat' dir='ltr'><strong>Cmterumlihrum</strong></span> 
     </span>
    </p>
   </div>
   <div class='ocr_carea' id='block_1_115' title="bbox 1937 5135 3506 5215">
    <p class='ocr_par' dir='ltr' id='par_1_115' title="bbox 1937 5135 3506 5215">
     <span class='ocr_line' id='line_1_115' title="bbox 1937 5135 3506 5215; baseline -0.008 -14"><span class='ocrx_word' id='word_1_897' title='bbox 1937 5148 2086 5201; x_wconf 90' lang='lat' dir='ltr'><strong>illum</strong></span> <span class='ocrx_word' id='word_1_898' title='bbox 2135 5146 2325 5215; x_wconf 83' lang='lat' dir='ltr'><strong>Cyrilli</strong></span> <span class='ocrx_word' id='word_1_899' title='bbox 2378 5160 2502 5215; x_wconf 77' lang='lat' dir='ltr'><strong>esse</strong></span> <span class='ocrx_word' id='word_1_900' title='bbox 2543 5138 3008 5215; x_wconf 27' lang='lat' dir='ltr'><strong>temere‘neguvit</strong></span> <span class='ocrx_word' id='word_1_901' title='bbox 3061 5135 3188 5189; x_wconf 81' lang='lat' dir='ltr'><strong>Fac.</strong></span> <span class='ocrx_word' id='word_1_902' title='bbox 3235 5151 3317 5198; x_wconf 91' lang='grc' dir='ltr'>ιιι,</span> <span class='ocrx_word' id='word_1_903' title='bbox 3362 5136 3415 5195; x_wconf 85' lang='lat'><strong>6.</strong></span> <span class='ocrx_word' id='word_1_904' title='bbox 3451 5135 3506 5197; x_wconf 81' lang='grc'>5,</span> 
     </span>
    </p>
   </div>
   <div class='ocr_carea' id='block_1_116' title="bbox 1935 5210 2843 5272">
    <p class='ocr_par' dir='ltr' id='par_1_116' title="bbox 1935 5210 2843 5272">
     <span class='ocr_line' id='line_1_116' title="bbox 1935 5210 2843 5272; baseline -0.009 -1"><span class='ocrx_word' id='word_1_905' title='bbox 1935 5234 1988 5272; x_wconf 79' lang='grc' dir='ltr'><strong>γ.</strong></span> <span class='ocrx_word' id='word_1_906' title='bbox 2028 5233 2078 5269; x_wconf 86' lang='lat' dir='ltr'><strong>v.</strong></span> <span class='ocrx_word' id='word_1_907' title='bbox 2110 5232 2159 5269; x_wconf 84' lang='lat' dir='ltr'><strong>e.</strong></span> <span class='ocrx_word' id='word_1_908' title='bbox 2180 5210 2436 5268; x_wconf 35' lang='lat' dir='ltr'><strong>’Liherati</strong></span> <span class='ocrx_word' id='word_1_909' title='bbox 2464 5213 2635 5266; x_wconf 61' lang='lat' dir='ltr'><strong>Brem.</strong></span> <span class='ocrx_word' id='word_1_910' title='bbox 2670 5227 2720 5267; x_wconf 91' lang='lat' dir='ltr'><strong>c.</strong></span> <span class='ocrx_word' id='word_1_911' title='bbox 2760 5210 2843 5263; x_wconf 79' lang='grc'><strong>10.</strong></span> 
     </span>
    </p>
   </div>
   <div class='ocr_carea' id='block_1_117' title="bbox 2011 5273 3503 5355">
    <p class='ocr_par' dir='ltr' id='par_1_117' title="bbox 2011 5273 3503 5355">
     <span class='ocr_line' id='line_1_117' title="bbox 2011 5273 3503 5355; baseline -0.01 -15"><span class='ocrx_word' id='word_1_912' title='bbox 2011 5288 2086 5355; x_wconf 90' lang='lat' dir='ltr'><strong>(a)</strong></span> <span class='ocrx_word' id='word_1_913' title='bbox 2113 5286 2196 5339; x_wconf 78' lang='lat' dir='ltr'><strong>Cf.</strong></span> <span class='ocrx_word' id='word_1_914' title='bbox 2238 5285 2466 5339; x_wconf 69' lang='lat' dir='ltr'><strong>Eunoen.</strong></span> <span class='ocrx_word' id='word_1_915' title='bbox 2502 5281 2827 5355; x_wconf 44' lang='lat' dir='ltr'><strong>ApolLOpp.</strong></span> <span class='ocrx_word' id='word_1_916' title='bbox 2863 5276 3027 5355; x_wconf 69' lang='lat' dir='ltr'><strong>Basil.</strong></span> <span class='ocrx_word' id='word_1_917' title='bbox 3171 5273 3503 5355; x_wconf 42' lang='lat' dir='ltr'><strong>edn._Carn;.</strong></span> 
     </span>
    </p>
   </div>
   <div class='ocr_carea' id='block_1_118' title="bbox 1938 5341 3509 5425">
    <p class='ocr_par' dir='ltr' id='par_1_118' title="bbox 1938 5341 3509 5425">
     <span class='ocr_line' id='line_1_118' title="bbox 1938 5341 3509 5425; baseline -0.01 -15"><span class='ocrx_word' id='word_1_918' title='bbox 1938 5341 2594 5425; x_wconf 64' lang='lat' dir='ltr'><strong>1.‘p.&#39;sae;Bas11.adb.</strong></span> <span class='ocrx_word' id='word_1_919' title='bbox 2634 5341 2796 5425; x_wconf 44' lang='lat' dir='ltr'><strong>Emi;</strong></span> <span class='ocrx_word' id='word_1_920' title='bbox 2830 5349 2913 5409; x_wconf 68' lang='lat'><strong>1.1</strong></span> <span class='ocrx_word' id='word_1_921' title='bbox 2973 5344 3188 5416; x_wconf 82' lang='lat' dir='ltr'><strong>1.,1.p.</strong></span> <span class='ocrx_word' id='word_1_922' title='bbox 3228 5345 3353 5425; x_wconf 64' lang='lat' dir='ltr'><strong>s11,</strong></span> <span class='ocrx_word' id='word_1_923' title='bbox 3383 5341 3509 5424; x_wconf 53' lang='grc' dir='ltr'>ξιξ.</span> 
     </span>
    </p>
   </div>
   <div class='ocr_carea' id='block_1_119' title="bbox 1948 5417 3510 5495">
    <p class='ocr_par' dir='ltr' id='par_1_119' title="bbox 1948 5417 3510 5495">
     <span class='ocr_line' id='line_1_119' title="bbox 1948 5417 3510 5495; baseline -0.01 -16"><span class='ocrx_word' id='word_1_924' title='bbox 1948 5417 2135 5495; x_wconf 60' lang='lat' dir='ltr'><strong>Maiori</strong></span> <span class='ocrx_word' id='word_1_925' title='bbox 2181 5417 2308 5495; x_wconf 86' lang='lat' dir='ltr'><strong>jure</strong></span> <span class='ocrx_word' id='word_1_926' title='bbox 2346 5423 2717 5493; x_wconf 84' lang='lat' dir='ltr'><strong>Apollinarius</strong></span> <span class='ocrx_word' id='word_1_927' title='bbox 2762 5418 2982 5495; x_wconf 71' lang='lat' dir='ltr'><strong>Patrum</strong></span> <span class='ocrx_word' id='word_1_928' title='bbox 3034 5417 3413 5495; x_wconf 75' lang='lat' dir='ltr'><strong>auctoritatem</strong></span> <span class='ocrx_word' id='word_1_929' title='bbox 3456 5417 3510 5465; x_wconf 88' lang='lat' dir='ltr'><strong>in</strong></span> 
     </span>
    </p>
   </div>
   <div class='ocr_carea' id='block_1_120' title="bbox 1945 5487 3512 5563">
    <p class='ocr_par' dir='ltr' id='par_1_120' title="bbox 1945 5487 3512 5563">
     <span class='ocr_line' id='line_1_120' title="bbox 1945 5487 3512 5563; baseline -0.01 -13"><span class='ocrx_word' id='word_1_930' title='bbox 1945 5487 2207 5550; x_wconf 62' lang='lat' dir='ltr'><strong>auiilium</strong></span> <span class='ocrx_word' id='word_1_931' title='bbox 2262 5487 2459 5549; x_wconf 79' lang='lat' dir='ltr'><strong>vocare</strong></span> <span class='ocrx_word' id='word_1_932' title='bbox 2507 5500 2740 5563; x_wconf 84' lang='lat' dir='ltr'><strong>poterat.</strong></span> <span class='ocrx_word' id='word_1_933' title='bbox 2794 5490 3053 5559; x_wconf 79' lang='lat' dir='ltr'><strong>Origenes</strong></span> <span class='ocrx_word' id='word_1_934' title='bbox 3099 5487 3243 5563; x_wconf 84' lang='lat' dir='ltr'><strong>enim</strong></span> <span class='ocrx_word' id='word_1_935' title='bbox 3303 5487 3512 5563; x_wconf 70' lang='lat' dir='ltr'><strong>primus</strong></span> 
     </span>
    </p>
   </div>
   <div class='ocr_carea' id='block_1_121' title="bbox 1942 5554 3513 5628">
    <p class='ocr_par' dir='ltr' id='par_1_121' title="bbox 1942 5554 3513 5628">
     <span class='ocr_line' id='line_1_121' title="bbox 1942 5554 3513 5628; baseline -0.011 -7"><span class='ocrx_word' id='word_1_936' title='bbox 1942 5568 2163 5621; x_wconf 85' lang='lat' dir='ltr'><strong>Christo</strong></span> <span class='ocrx_word' id='word_1_937' title='bbox 2188 5567 2484 5619; x_wconf 89' lang='lat' dir='ltr'><strong>humanum</strong></span> <span class='ocrx_word' id='word_1_938' title='bbox 2509 5554 2637 5616; x_wconf 61' lang='grc' dir='ltr'>νοῦν</span> <span class='ocrx_word' id='word_1_939' title='bbox 2670 5562 2835 5616; x_wconf 90' lang='lat' dir='ltr'><strong>etiam</strong></span> <span class='ocrx_word' id='word_1_940' title='bbox 2870 5554 3034 5628; x_wconf 68' lang='lat' dir='ltr'><strong>atque</strong></span> <span class='ocrx_word' id='word_1_941' title='bbox 3074 5558 3235 5610; x_wconf 86' lang='lat' dir='ltr'><strong>etiam</strong></span> <span class='ocrx_word' id='word_1_942' title='bbox 3266 5554 3513 5628; x_wconf 82' lang='lat' dir='ltr'><strong>vindiea-</strong></span> 
     </span>
    </p>
   </div>
   <div class='ocr_carea' id='block_1_122' title="bbox 1942 5624 3515 5701">
    <p class='ocr_par' dir='ltr' id='par_1_122' title="bbox 1942 5624 3515 5701">
     <span class='ocr_line' id='line_1_122' title="bbox 1942 5624 3515 5701; baseline -0.01 -12"><span class='ocrx_word' id='word_1_943' title='bbox 1942 5638 2040 5700; x_wconf 77' lang='lat' dir='ltr'><strong>vit,</strong></span> <span class='ocrx_word' id='word_1_944' title='bbox 2069 5645 2232 5701; x_wconf 90' lang='lat' dir='ltr'><strong>atque</strong></span> <span class='ocrx_word' id='word_1_945' title='bbox 2262 5637 2375 5691; x_wconf 65' lang='lat' dir='ltr'><strong>haec</strong></span> <span class='ocrx_word' id='word_1_946' title='bbox 2403 5631 2677 5701; x_wconf 83' lang='lat' dir='ltr'><strong>doctrina,</strong></span> <span class='ocrx_word' id='word_1_947' title='bbox 2705 5646 2827 5700; x_wconf 73' lang='lat' dir='ltr'><strong>qua:</strong></span> <span class='ocrx_word' id='word_1_948' title='bbox 2864 5624 2971 5701; x_wconf 67' lang='lat' dir='ltr'><strong>non</strong></span> <span class='ocrx_word' id='word_1_949' title='bbox 3004 5632 3235 5701; x_wconf 79' lang='lat' dir='ltr'><strong>poterat</strong></span> <span class='ocrx_word' id='word_1_950' title='bbox 3260 5640 3371 5680; x_wconf 85' lang='lat' dir='ltr'><strong>non</strong></span> <span class='ocrx_word' id='word_1_951' title='bbox 3400 5624 3515 5701; x_wconf 72' lang='lat' dir='ltr'><strong>pla-</strong></span> 
     </span>
    </p>
   </div>
   <div class='ocr_carea' id='block_1_123' title="bbox 1944 5697 3508 5777">
    <p class='ocr_par' dir='ltr' id='par_1_123' title="bbox 1944 5697 3508 5777">
     <span class='ocr_line' id='line_1_123' title="bbox 1944 5697 3508 5777; baseline -0.01 -14"><span class='ocrx_word' id='word_1_952' title='bbox 1944 5697 2088 5773; x_wconf 83' lang='lat' dir='ltr'><strong>cere,</strong></span> <span class='ocrx_word' id='word_1_953' title='bbox 2121 5697 2213 5761; x_wconf 85' lang='lat' dir='ltr'><strong>illo</strong></span> <span class='ocrx_word' id='word_1_954' title='bbox 2252 5706 2596 5777; x_wconf 86' lang='lat' dir='ltr'><strong>potissimum</strong></span> <span class='ocrx_word' id='word_1_955' title='bbox 2626 5697 2765 5759; x_wconf 76' lang='lat' dir='ltr'><strong>duce</strong></span> <span class='ocrx_word' id='word_1_956' title='bbox 2796 5702 2850 5754; x_wconf 73' lang='lat' dir='ltr'><strong>in</strong></span> <span class='ocrx_word' id='word_1_957' title='bbox 2892 5698 3135 5755; x_wconf 85' lang='lat' dir='ltr'><strong>Ecclesia</strong></span> <span class='ocrx_word' id='word_1_958' title='bbox 3166 5707 3386 5764; x_wconf 85' lang='lat' dir='ltr'><strong>recepta</strong></span> <span class='ocrx_word' id='word_1_959' title='bbox 3405 5697 3508 5750; x_wconf 74' lang='lat' dir='ltr'><strong>est.</strong></span> 
     </span>
    </p>
   </div>
  </div>
