3906 6208
463 343 534 399 8-1
1226 404 1231 409 ,
1345 336 1644 394 orroms
1684 336 1861 392 Fmo.
1902 335 2041 389 11111

2146 334 2285 389 8118
2322 330 2821 391 ϐΟΜΜΙιΝΤΔΤΙΟ
2881 310 2894 345 ⁴
3625 335 3695 390 es

463 453 553 519 IV,
584 469 635 523 p.
670 453 797 517 47);
832 451 977 505 Dial.
1025 448 1122 505 111
1163 454 1284 505 adv.
1338 451 1547 522 Pelag.,
1598 451 1745 513 init.,
1784 465 1834 519 p.
1888 448 2025 509 535;

2146 447 2225 518 :rf.
2261 447 2392 504 Cav.
2420 448 2456 503 1.
2492 448 2736 515 1,,Β8811.
2770 448 2807 502 1.
2841 447 2904 510 1.,
2932 444 3319 509 Neanderl.l.,
3346 447 3411 509 ll,
3443 462 3497 515 p.
3533 448 3693 513 1360,

466 545 541 599 De
566 545 809 611 scriptor.
838 544 989 606 eccl.,
1035 560 1081 599 s.
1111 561 1158 597 v.
1193 543 1379 597 Jacob.
1439 543 1522 597 Cf.
1555 542 1764 596 Scliott.
1797 540 1939 608 Isag.
1974 540 2025 591 in

467 635 624 688 libros
655 633 728 686 Ν.
756 633 842 697 Τ.,
880 650 931 703 p.
966 633 998 685 8
1032 650 1117 703 sq.
1144 650 1159 698 ;
1211 630 1467 688 Crediieri
1498 632 1735 701 Beitrage
1763 644 1855 682 zur
1880 628 2021 685 Einl.

467 728 521 778 in
564 726 650 778 die
703 724 825 777 bibl.
861 722 1032 788 Schr,
1063 723 1103 788 l,
1136 740 1187 793 p.
1214 724 1317 777 388
1346 740 1429 792 sq.
1460 722 1606 775 Nova
1639 730 1814 774 autem
1841 720 2029 775 Hiero-

468 820 613 888 nymi
654 817 946 869 bibliorum
978 815 1267 869 translatio
1304 814 1540 868 inimicis
1571 813 1690 882 ejus
1719 812 1852 865 satis
1877 827 2030 865 com-

468 909 683 962 mudam
711 907 1059 976 vituperandi
1093 908 1439 960 occasionem
1469 905 1638 958 dedit.
1679 902 1735 955 V.
1761 920 1813 957 ν.
1839 919 1885 954 8.
1917 901 2029 955 Bu-

468 998 562 1052 1111.
604 999 790 1051 invect.
825 998 886 1060 Il,
919 996 1058 1066 Opp.
1105 996 1253 1049 Hier.
1290 996 1376 1060 IV,
1418 1012 1470 1064 p.
1498 996 1624 1049 441.
1670 994 1820 1060 Quos
1861 994 2031 1049 libros

469 1093 535 1144 de
566 1106 703 1143 nova
734 1090 924 1144 11811881
957 1092 1009 1142 111
1031 1090 1257 1157 patriam
1292 1088 1508 1143 misisse
1538 1089 1740 1142 dicitur
1771 1086 2032 1156 Hierony-

480 1200 629 1249 mus,
667 1185 798 1236 nulli
830 1184 917 1236 alii
953 1198 1074 1237 esse
1105 1191 1333 1251 possunt
1370 1197 1531 1249 quam
1567 1191 1676 1235 tres
1709 1179 1918 1249 Dialogi
1940 1177 2034 1230 ad-

471 1292 651 1328 versus
682 1275 997 1343 Pelagianos
1037 1271 1148 1343 (lV,
1179 1289 1232 1341 p.
1265 1272 1367 1325 485
1410 1272 1539 1342 sq.),
1575 1271 1760 1340 scripti
1806 1286 1855 1322 a.
1905 1268 2029 1322 415.

471 1367 800 1433 lntelligitur
830 1381 892 1419 ex
931 1365 1040 1417 illis
1066 1378 1186 1432 quae
1210 1362 1435 1417 Photius
1460 1363 1665 1425 retulit,
1686 1360 2030 1415 Theodorum

471 1466 667 1511 contra
699 1455 1082 1510 Occidentales
1105 1455 1159 1507 in
1181 1453 1402 1509 Oriente
1424 1462 1704 1508 versantes
1721 1452 2029 1520 scripsisse,

471 1563 535 1601 ac
564 1563 734 1611 novat,
771 1561 933 1616 quam
984 1555 1202 1616 putaret
1233 1548 1487 1611 haeresin,
1534 1557 1808 1599 auctorem
1843 1543 2032 1596 Hiero-

470 1655 717 1709 nymum,
750 1640 840 1708 qui
878 1636 1226 1694 Occidentem
1260 1639 1423 1693 etiam
1457 1638 1573 1691 viro
1604 1653 1703 1692 suo
1734 1636 2031 1696 iniecisset,

472 1730 753 1784 habuisse.
792 1730 1020 1783 Photius
1062 1738 1241 1783 autem
1274 1730 1364 1784 ubi
1400 1729 1491 1782 illa
1528 1728 1823 1797 perhibuit,
1860 1727 2031 1781 118118‹

2129 539 2321 608 4561);
2375 537 2504 608 quid
2536 538 2680 608 quod
2732 536 3034 591 Garnerius
3081 537 3395 604 conjectura
3435 537 3692 591 Theodo-

2128 647 2247 685 rum
2278 631 2550 684 mendacii
2588 630 2671 685 vel
2695 630 2851 683 mala:
2883 628 3114 691 fraudis,
3145 644 3249 698 qua
3292 629 3457 683 libros
3503 640 3694 684 contra

2129 722 2515 792 Hieronymum
2582 722 2820 789 scriptos
2876 728 3000 790 post
3053 721 3365 775 immutatos
3428 722 3697 777 adversus

2130 816 2494 885 Augustinum
2548 813 2845 874 edidisset,
2898 812 3220 866 accusavit?
3273 812 3539 868 Garnerio
3599 815 3699 866 ali-

2130 920 2333 977 quanto
2365 908 2556 963 melius
2582 906 2831 961 Norisius
2868 907 2904 959 1.
2938 907 2998 968 1.,
3036 906 3078 966 1,
3113 921 3167 974 p.
3218 906 3284 959 88
3318 922 3399 976 sq.
3436 926 3449 961 :
3484 925 3500 957 1
3539 904 3691 961 Pela-

2132 1000 2275 1069 giani
2309 1015 2430 1053 cum
2465 1014 2522 1054 se
2555 1000 2622 1053 ab
2663 997 2986 1068 Hieronymo
3020 1006 3073 1053 et
3100 998 3403 1068 Augustino
3441 999 3700 1053 adversa-

2133 1090 2231 1145 riis
2262 1092 2480 1159 scriptis
2514 1091 2750 1144 vellicari
2782 1092 3185 1160 cognovissent,
3213 1090 3481 1144 Theodori
3516 1091 3700 1161 Mops-

2132 1183 2341 1236 uesteni
2380 1184 2733 1251 patrocinium
2789 1183 3173 1251 implorarunt,
3220 1183 3285 1235 ad
3328 1197 3490 1252 quem
3530 1186 3695 1237 etiam

2133 1276 2447 1346 Hieronymi
2488 1276 2742 1346 Dialogos
2784 1293 2974 1331 recens
3010 1276 3227 1347 quidem
3259 1278 3565 1346 publicatos
3601 1279 3692 1332 dev

2133 1368 2323 1420 tulere.
2366 1366 2455 1421 1118
2497 1368 2723 1422 scientia
2757 1367 3018 1431 tumidus,
3054 1384 3163 1437 quo
3198 1369 3347 1421 solus
3390 1383 3588 1437 sapere
3616 1370 3677 1421 vi.

2131 1457 2369 1524 deretur,
2419 1460 2647 1513 aliorum
2701 1460 2916 1529 ingenia
2969 1461 3301 1529 despiciens,
3332 1477 3427 1516 sua
3482 1469 3697 1515 tantum

2132 1550 2428 1618 probabat:
2464 1567 2632 1618 quare
2661 1560 2852 1604 contra
2880 1562 2989 1605 tres
3015 1550 3325 1620 Hieronymi
3358 1553 3530 1606 libros
3562 1556 3699 1608 satis

2130 1642 2337 1709 justum
2380 1643 2626 1709 volumen
2678 1644 2730 1696 in
2766 1644 3005 1711 quinque
3050 1643 3218 1697 libros
3250 1644 3519 1712 digestum
3574 1660 3700 1714 pro-

2135 1724 2304 1777 cudit.
2349 1743 2367 1775 1
2403 1725 2462 1779 P.
2499 1726 2586 1780 88.
2632 1724 2774 1781 Idem
2814 1741 2867 1779 ν.
2900 1725 2955 1779 d.
3007 1726 3296 1797 Augustini
3337 1728 3498 1780 etiam
3530 1728 3699 1783 libros

472 1820 550 1874 sis
574 1820 723 1873 illius
753 1819 1060 1873 doctrinam
1089 1818 1435 1874 Theodorum
1469 1828 1691 1874 secutus
1727 1818 1814 1873 his
1850 1819 2035 1887 paucis
2067 1788 2106 1841 Β
2139 1812 2213 1866 De
2244 1825 2440 1881 peccat.
2466 1817 2635 1868 merit.
2659 1825 2707 1869 el
2735 1818 2963 1879 νεηιὶδδι,
2992 1824 3045 1870 οι
3073 1832 3157 1885 ep-
3183 1817 3271 1881 89,
3301 1817 3368 1869 ad
3400 1817 3697 1880 Hilarium.

472 1910 790 1978 complexus
827 1921 909 1965 est
935 1929 947 1963 :
982 1911 1033 1980 1)
1069 1911 1317 1965 homines
1338 1909 1495 1978 φύσει
1521 1912 1781 1980 πρότερον
1805 1910 2036 1977 ἀγαθοὺς

474 2005 532 2056 ὲν
566 2005 631 2072 τῇ
668 2000 847 2070 φύσει,
898 2010 1153 2070 corrupta
1209 2002 1320 2069 jam
1377 2009 1432 2054 et
1472 2001 1687 2053 mortali
1746 1999 1889 2054 facta
1944 2016 2038 2067 per

478 2094 669 2146 Adami
706 2100 1015 2162 peccatum,
1048 2092 1140 2144 καὶ
1171 2093 1270 2145 οὐκ
1309 2094 1366 2144 ὲν
1394 2095 1458 2162 τῇ
1488 2092 1799 2163 προαιρέσει
1845 2093 2039 2162 κεκτῆ-

478 2182 602 2236 σθαι
628 2185 728 2253 τὴν
757 2184 1054 2253 ἁμαρτίαν.
1095 2183 1149 2253 2)
1188 2183 1262 2237 Ne
1290 2198 1481 2237 recens
1521 2192 1677 2238 natos
1707 2183 1922 2252 quidem
1957 2185 2040 2237 in-

477 2274 658 2328 fantes
698 2288 725 2326 a
756 2284 977 2343 peccato
1016 2273 1219 2328 liberos
1252 2286 1396 2336 esse,
1426 2288 1548 2327 cum
1581 2274 1651 2327 ob
1684 2273 1878 2327 Adami
1916 2289 2039 2343 pec-

476 2372 656 2418 catum
681 2372 874 2417 natura
903 2363 1203 2434 ἀμαρτωλὴ
1242 2362 1384 2417 18818
1410 2365 1476 2418 811
1502 2380 1694 2419 01111188
1724 2365 1843 2434 ejus
1868 2374 2042 2434 poste-

475 2470 568 2508 ros
601 2463 943 2524 propagetur.
999 2453 1082 2507 Cf.
1123 2469 1206 2523 ps.
1245 2469 1296 2518 1.,
1330 2453 1381 2517 7,
1426 2456 1521 2507 al..
1576 2454 1859 2524 Baptisnu,
1895 2471 2036 2510 eam.

477 2559 613 2599 saer.
646 2582 660 2606 ,
717 2544 861 2612 quod
933 2552 1225 2613 utrumque
1279 2554 1676 2598 sacramentum
1743 2544 2041 2597 infantibus

476 2638 801 2705 praebeatur.
840 2636 893 2703 5)
927 2633 1145 2687 Nullum
1197 2635 1470 2689 hominem
1530 2635 1737 2703 justum
1779 2649 1923 2688 esse.
1954 2632 2038 2686 Cf.

477 2744 563 2797 ps.
602 2743 770 2789 chu,
800 2729 854 2788 2,
896 2727 965 2779 al.
997 2727 1051 2795 4)
1097 2725 1173 2781 Ν8
1206 2726 1484 2782 Christum
1521 2728 1739 2796 quidem
1774 2737 2042 2797 quatenus

478 2828 729 2872 naturam
761 2818 1126 2889 peccatricem
1166 2820 1576 2887 assumpsisset,
1609 2821 1813 2888 peccati
1847 2820 2043 2871 immu-

478 2924 601 2962 nem
631 2924 774 2970 esse,
828 2922 1141 2977 quanquam
1173 2909 1221 2963 ei
1270 2910 1398 2963 alibi
1432 2912 1667 2979 σχήματι
1697 2910 1840 2979 μόνῳ
1866 2910 2044 2962 incar-

479 3001 755 3055 nationem
793 3000 1141 3057 tribuissent.
1174 3000 1226 3069 5)
1283 2999 1709 3069 Matrimonium,
1762 3003 1843 3057 vel
1896 3011 2042 3056 certe

2139 1904 2479 1960 Theodorum
2507 1908 2855 1977 impugnasse
2879 1916 3053 1976 putat.
3090 1928 3108 1959 1
3145 1907 3697 1979 Hieronymumenim

2139 1999 2194 2052 in
2237 1998 2340 2051 ﬁne
2376 1998 2720 2069 Dialogorum
2754 2014 2925 2069 pauca
2961 2008 3171 2054 tantmn
3228 2003 3390 2054 verba
3434 2016 3532 2070 pro
3584 2016 3702 2069 pec-

2138 2098 2262 2144 cato
2303 2091 2552 2158 originali
2600 2092 2896 2145 astruendo
2925 2092 3143 2157 habere,
3179 2092 3401 2145 laudare
3445 2108 3573 2146 vero
3603 2108 3699 2161 pro

2138 2197 2200 2235 ea
2235 2197 2293 2236 re
2336 2196 2563 2251 operosa
2596 2182 2886 2249 Augustini
2918 2181 3195 2234 volumina
3234 2180 3310 2233 De
3356 2197 3493 2249 pecc.
3529 2198 3601 2236 m.
3650 2190 3697 2235 ει

2140 2291 2291 2334 rem.,
2336 2274 2389 2325 in
2443 2271 2627 2327 Asiam
2661 2273 2726 2324 ad
2776 2287 2834 2326 se
2874 2272 3086 2336 delata;
3142 2271 3489 2326 Theodorum
3519 2281 3698 2326 autem

2140 2381 2262 2419 cum
2299 2364 2412 2416 lucc
2452 2362 2841 2431 legisset,haud
2877 2362 3045 2415 dubie
3077 2362 3167 2415 illa
3197 2364 3533 2431 quaesivisse,
3564 2379 3703 2433 pra:-

2141 2456 2324 2510 sertim
2366 2472 2487 2509 cum
2528 2472 2594 2510 ex
2632 2454 2806 2508 Photii
2852 2456 3124 2525 excerptis
3169 2463 3403 2518 constet,
3454 2471 3579 2510 eum
3636 2470 3701 2509 ea

2143 2548 2513 2617 impugnasse,
2546 2563 2667 2617 qua:
2698 2548 2837 2618 apud
2864 2549 3228 2618 Augustinum
3254 2557 3464 2600 tantum
3501 2546 3568 2599 de
3592 2548 3705 2600 ori-

2142 2640 2280 2710 ginis
2318 2647 2471 2693 reatu
2512 2640 2784 2708 explicata
2830 2639 3103 2708 legantur.
3136 2636 3387 2691 Profecto
3424 2636 3703 2706 Pelagium

2142 2734 2367 2802 ejusque
2390 2731 2693 2799 discipulos
2722 2730 2938 2783 laudata
2969 2730 3257 2800 Augustini
3289 2729 3561 2782 volumina
3596 2745 3705 2782 una

2142 2841 2263 2879 cum
2305 2825 2532 2894 epistola
2572 2823 2636 2876 ad
2670 2821 2959 2884 Hilarium,
2999 2823 3051 2874 in
3086 2821 3296 2891 synodo
3332 2820 3704 2889 Diaspolitana

2145 2921 2299 2981 lecta,
2324 2917 2387 2971 ad
2417 2932 2614 2970 novum
2660 2925 2823 2969 888188
2850 2924 3139 2984 patronum
3178 2914 3415 2969 misisse.
3459 2933 3476 2965 1
3519 2912 3576 2965 1⁵.
3613 2914 3701 2967 99.

2146 3010 2385 3078 Denique
2413 3009 2535 3063 illos
2584 3007 2856 3062 Theodori
2901 3007 3070 3061 libros
3106 3021 3252 3059 anno
3282 3005 3393 3061 fere
3436 3005 3538 3059 416
3573 3020 3709 3057 8011-

480 3093 657 3145 8011118
691 3090 1044 3160 cupiditatem
1081 3098 1135 3144 et
1165 3091 1391 3146 seminis
1440 3092 1788 3146 emissionem
1833 3095 2039 3146 omnia-
2069 3120 2110 3177 ρ
2147 3102 2378 3169 scriptos
2405 3115 2527 3156 esse
2558 3100 2837 3155 existimat
2880 3106 3100 3168 propter
3132 3097 3308 3151 Photii
3341 3098 3503 3151 verba
3527 3127 3598 3136 ——
3621 3095 3712 3148 λό-

480 3198 586 3252 que
623 3181 955 3250 lmjusmodi,
988 3181 1188 3249 quibus
1209 3197 1380 3251 genus
1408 3193 1655 3235 nostrum
1688 3191 2033 3251 prepagetur,

480 3281 755 3341 corruptae
774 3281 981 3325 naturae
1002 3287 1144 3325 esse.
1161 3269 1453 3340 Postquam
1479 3270 1673 3325 deinde
1694 3270 2037 3325 Theodorum

481 3366 688 3431 Optime
731 3361 1003 3415 interdum
1041 3362 1309 3431 praecipue
1341 3361 1579 3432 legitima
1617 3361 1738 3415 Scr.
1785 3361 1841 3414 8.
1873 3364 2036 3417 inter-

483 3457 797 3525 pretatione
823 3454 939 3508 11818
963 3453 1256 3514 1811118888,
1294 3453 1389 3507 8811
1422 3454 1475 3506 111
1505 3451 1739 3506 Nestorii
1771 3462 1823 3506 et
1853 3452 2041 3524 Orige-

483 3548 569 3601 nis
599 3561 812 3601 errores
858 3545 1116 3599 incidisse
1146 3544 1477 3608 observavit,
1518 3544 1589 3598 de
1645 3546 1729 3598 bis
1761 3547 2043 3599 sententiis

483 3634 815 3689 Theodoreis
863 3633 1134 3688 disserit:
1196 3633 1265 3687 ab
1310 3634 1465 3687 initio
1518 3633 1734 3702 quidem
1780 3633 2044 3687 Adamum

481 3728 768 3781 mortalem
804 3726 1004 3780 factum
1038 3739 1181 3789 esse,
1215 3726 1308 3780 sed
1342 3734 1400 3782 ut
1434 3736 1713 3795 peccatum
1739 3726 2045 3780 odissemus

483 3818 652 3871 Deum
705 3820 1018 3879 simulasse,
1055 3817 1213 3888 quasi
1269 3826 1491 3888 propter
1542 3828 1824 3888 peccatum
1875 3833 2047 3887 paena:

485 3909 604 3961 loco
635 3923 784 3961 mors
815 3907 1070 3976 imposita
1107 3917 1252 3962 esset
1283 3928 1295 3961 :
1346 3909 1615 3978 duplicem
1646 3925 1766 3965 8888
1799 3921 2047 3979 peceato-

484 4015 603 4052 rum
631 4000 1027 4052 remissionem.
1059 3997 1303 4069 Denique
1330 4000 1602 4056 Theodori
1639 4018 1808 4071 genus
1829 4002 2045 4056 dicendi

485 4102 629 4148 recte
662 4092 973 4160 descripsit.

556 4204 624 4255 At
657 4216 786 4255 vero
811 4199 1010 4253 Photio
1041 4213 1149 4252 non
1189 4215 1416 4268 prorsus
1442 4202 1698 4254 convenit
1721 4217 1842 4256 cum
1879 4203 2048 4258 Mario

486 4293 809 4356 Mercatore,
852 4293 945 4362 qui
978 4312 995 4344 1
1040 4291 1313 4346 ’1118011011
1349 4293 1416 4347 de
1438 4294 1680 4348 secundo
1705 4298 1890 4349 codice
1922 4297 2045 4350 libr.

488 4402 542 4441 tv
608 4398 660 4441 et
686 4402 749 4440 111
777 4392 971 4441 8011118
1004 4402 1053 4441 8.
1084 4386 1451 4456 Augustinum
1479 4386 1857 4442 defendentem
1886 4390 2051 4461 origi-

485 4478 612 4533 nale
642 4486 929 4547 peccatum
953 4486 1008 4532 et
1038 4476 1209 4532 Adam
1250 4493 1345 4547 per
1381 4479 1876 4547 transgressionem
1912 4456 2051 4536 11181-
2081 4456 2124 4510 D

484 4568 649 4623 talem
712 4568 915 4622 factum
985 4570 1255 4625 calbolice
1321 4571 1722 4637 disserentem,
1762 4594 1779 4625 1
1815 4584 2050 4645 quatuor

488 4658 788 4728 fragmenta
816 4658 1003 4714 Latine
1033 4661 1199 4714 vertit
1230 4662 1265 4713 1.
1302 4679 1378 4723 8.,
1417 4678 1470 4731 p.
1511 4663 1611 4717 702
1654 4680 1736 4732 sq.
1774 4667 2052 4737 (leguntur

486 4749 650 4804 etiam
687 4750 740 4803 in
769 4748 951 4804 Neris.
983 4751 1019 4803 1.
1069 4751 1131 4813 1.,
1166 4750 1206 4815 1,
1245 4768 1295 4822 p.
1345 4754 1414 4807 93
1442 4753 1573 4823 sq.).
1610 4754 1809 4811 Tribus
1855 4759 2051 4828 priori-

486 4841 591 4896 bus
639 4840 959 4913 fragmentis
1006 4842 1164 4897 docet
1218 4845 1559 4913 Tlieodorus,
1598 4848 1814 4904 biblicis
1869 4851 2054 4920 impri-

488 4931 595 4984 mis
636 4931 818 4986 nitens
859 4934 1216 5002 argumentis,
1252 4934 1517 4989 Adamnm
1569 4940 1849 4992 mortalem
1896 4956 2052 4994 crea-

489 5030 603 5075 tmn
663 5023 984 5092 nullumque
1024 5038 1147 5078 esse
1199 5033 1484 5093 peccatum
1534 5028 1826 5097 originale;
1865 5032 2055 5084 ultimo

491 5128 623 5167 vero
669 5125 870 5169 81181118
919 5122 1046 5184 post
1100 5117 1558 5169 resurrectionem
1612 5119 1877 5188 supplicia
1935 5136 2056 5175 esse

496 5213 673 5273 negat.

567 5294 624 5346 ln
673 5294 774 5348 1188
808 5293 987 5349 Ρ110111
1034 5304 1087 5349 81
1143 5294 1304 5350 Marii
1347 5295 1665 5351 Mercatoris
1714 5298 2056 5354 dissensione

495 5387 809 5457 disputatur
856 5402 885 5440 a
936 5388 1070 5442 viris
1121 5388 1318 5454 doctis,
1366 5400 1546 5441 utrum
1573 5401 1759 5442 contra
1798 5390 2057 5462 Hierony-

499 5496 645 5536 mum
674 5495 743 5533 an
787 5485 975 5532 contra
1023 5478 1385 5549 Augustinum
1429 5478 1746 5535 Theodorus
1775 5485 2056 5551 scripserit

498 5679 785 5755 1181118188
816 5680 1189 5755 celeberrimo,
1223 5696 1341 5755 quae
1363 5681 1675 5755 inglieptade
1701 5683 1940 5738 dissertt.
1961 5701 2051 5755 ap-

496 5750 709 5818 pendici
734 5751 954 5821 dissert.
991 5749 1066 5803 De
1095 5749 1459 5805 lta’reiiarchis
1496 5749 1590 5804 (cui
1613 5755 1887 5821 apostolici
1922 5749 2050 5811 sub-

498 5821 701 5892 iuncta,
724 5836 775 5888 ι».
797 5820 897 5875 466
918 5837 998 5890 sq.
1026 5821 1254 5892 legatur,
1279 5830 1471 5877 auctor
1501 5823 1629 5876 1111111
1663 5825 2043 5893 8811118118.

2140 3211 2267 3261 γους
2300 3192 2439 3261 ὑπὲρ
2481 3190 2578 3260 τῆς
2622 3188 3097 3260 καινοποιηθείσης
3139 3188 3284 3257 αὐτῷ
3313 3188 3573 3258 αἱρέσεως
3604 3217 3708 3249 -,

2141 3283 2334 3338 8111180
2368 3282 2493 3351 quia
2526 3279 2727 3333 Zosimi
2756 3279 2952 3333 litteris
2985 3276 3297 3347 encyclicis,
3336 3291 3425 3328 an.
3474 3274 3576 3329 418
3605 3290 3710 3343 pu-

2148 3374 2381 3433 blicatis.
2401 3381 2478 3434 et,
2512 3370 2680 3425 Mario
2708 3370 2871 3425 Merc.
2903 3378 3062 3431 18818,
3098 3368 3162 3423 811
3192 3366 3496 3422 Orientales
3521 3365 3713 3419 Eccleo

2148 3467 2257 3520 sias
2298 3466 2476 3519 missis
2514 3480 2576 3518 ac
2610 3479 2703 3532 per
2749 3472 2921 3516 totum
2956 3462 3142 3515 orbem
3199 3460 3711 3529 subscriptionibus

2147 3558 2246 3612 SS.
2278 3558 2497 3611 Patrum
2534 3555 2825 3616 roboratis.
2847 3553 3165 3608 Theodorus
3194 3552 3280 3607 vix
3305 3567 3472 3605 ausus
3505 3548 3703 3604 fuisset

2146 3659 2333 3706 contra
2369 3647 2728 3701 orthodoxam
2763 3645 3085 3702 sententiain
3115 3652 3223 3697 tam
3249 3644 3416 3697 multa
3445 3642 3708 3696 scribere.

2147 3743 2491 3797 Theodorum
2520 3740 2835 3795 Caelestino)
2862 3748 3056 3791 8011118
3095 3735 3487 3803 Hieronymum
3520 3733 3707 3788 defen-

2147 3838 2293 3892 disse
2323 3835 2486 3888 verbo
2516 3832 2725 3886 monuit
2758 3828 3394 3901 Baumgarten-Crusius,
3441 3825 3715 3879 Lehrbuch

2147 3926 2238 3979 der
2266 3925 2467 3978 christl.
2508 3922 2933 3994 Dogmengesch.,
2967 3938 3020 3991 p.
3057 3920 3180 3975 525.
3215 3920 3310 3973 Vir
3337 3920 3495 3989 plane
3525 3921 3718 3988 singu-

2149 4018 2283 4072 laris
2315 4017 2478 4070 latius
2507 4015 2698 4069 vellem
2731 4029 2884 4068 suam
2916 4012 3241 4069 sententiam
3275 4011 3639 4080 exposuisset.

2221 4129 2289 4183 Ut
2328 4130 2437 4197 jam
2478 4127 2605 4197 quid
2654 4127 2784 4180 mihi
2817 4126 3070 4182 videatur
3118 4126 3316 4187 dicam,
3360 4124 3710 4178 Theodorum

2149 4224 2310 4292 paulo
2343 4230 2465 4290 post
2509 4232 2755 4274 exortam
2800 4221 2948 4274 litem
3000 4219 3341 4287 Pelagianam
3390 4219 3557 4272 libros
3590 4219 3713 4272 illos

2149 4313 2476 4375 confecisse,
2526 4313 2619 4366 sed
2650 4328 2826 4381 neque
2868 4312 3179 4382 Hieronymi
3214 4327 3385 4380 neque
3418 4310 3711 4380 Augustini

2152 4407 2352 4474 scripta
2394 4406 2592 4475 legisse
2627 4404 2853 4459 aﬂirmo.
2898 4403 3032 4457 Illud
3080 4402 3393 4471 Hieronymi
3447 4403 3711 4455 memoria

2151 4498 2511 4551 indubitatum
2558 4496 2828 4558 redditur,
2874 4496 2977 4547 hoc
3019 4509 3145 4547 vero
3173 4508 3295 4547 eum
3338 4492 3462 4545 inde
3504 4500 3708 4561 pateat,

2149 4590 2292 4659 quod
2330 4589 2651 4643 Theodorus
2705 4588 2897 4641 Latine
2942 4587 3193 4647 nescivit,
3230 4593 3345 4638 tum
3382 4601 3445 4637 eo
3495 4592 3708 4637 certum

2152 4688 2253 4742 est,
2284 4680 2428 4748 quod
2466 4695 2639 4748 neque
2668 4679 2721 4731 in
2754 4676 3071 4747 fragmentis
3103 4692 3281 4746 neque
3311 4677 3363 4730 in
3394 4677 3459 4729 iis
3494 4690 3615 4744 qua:
3647 4675 3713 4728 de

2151 4769 2307 4823 libris
2347 4769 2455 4823 illis
2510 4766 2822 4835 accepimus
2873 4765 3041 4835 hujus
3091 4766 3169 4820 rei
3210 4766 3375 4817 ullum
3428 4765 3710 4833 vestigium

2154 4868 2259 4915 est.
2293 4858 2613 4927 Quanquam
2651 4855 3012 4927 Hieronymus
3062 4855 3300 4925 Dialogis
3332 4855 3445 4910 suis
3480 4863 3717 4907 1811111111-

2152 4951 2315 5005 modo
2347 4950 2582 5017 negavit,
2617 4964 2778 5017 posse
2824 4950 3100 5003 hominem
3128 4950 3173 5003 si
3202 4950 3365 5003 vellet
3413 4949 3530 5002 sine
3588 4962 3715 5015 pec-

2153 5054 2277 5097 cato
2299 5058 2420 5097 esse
2452 5050 2505 5094 et
2535 5040 2718 5095 facilia
2765 5056 2888 5096 esse
2911 5040 3003 5094 Dei
3034 5048 3323 5110 praecepta.
3344 5040 3455 5091 Imo
3488 5039 3530 5092 si
3551 5053 3714 5107 quam

2152 5134 2417 5188 rationem
2458 5129 2781 5186 Theodorus
2836 5132 2890 5185 in
2944 5130 3272 5198 disputando
3341 5141 3564 5183 secutus
3622 5130 3717 5193 sit,

2155 5225 2323 5294 probe
2354 5224 2691 5286 memineris,
2722 5221 2971 5275 dubitare
3004 5234 3110 5272 non
3143 5220 3262 5271 licet
3298 5219 3425 5286 quin
3448 5218 3718 5286 Pelagiani

2164 5318 2344 5371 statim
2374 5326 2496 5385 post
2520 5315 2785 5384 synodum
2812 5312 3050 5381 Diospoll
3075 5328 3259 5366 mense
3286 5310 3565 5364 Decembr.
3590 5311 3720 5363 anni

2162 5405 2265 5458 415
2312 5406 2553 5459 habitam
2588 5420 2707 5473 qua:
2737 5403 2884 5456 litem
2936 5402 3083 5454 illam
3139 5403 3478 5456 continerent
3525 5402 3575 5455 ei
3627 5415 3721 5469 per

2162 5499 2369 5553 litteras
2403 5499 2479 5570 (a)
2509 5497 2951 5568 signiticaverint,
2979 5496 3045 5549 iis
3085 5496 3309 5564 adjectis
3365 5513 3486 5566 qua:
3519 5498 3571 5550 in
3627 5498 3720 5549 illa

2160 5687 2413 5760 Bnddeus
2443 5688 2581 5760 Isag.
2613 5691 2663 5742 in
2694 5689 2849 5742 theol.
2885 5692 3133 5748 univcrs.
3177 5709 3228 5760 p.
3260 5694 3379 5748 952.

2234 5757 2489 5832 (a)_Fieri
2535 5757 2713 5829 putuit
2757 5769 2814 5811 ut
2862 5762 2953 5815 illo
3006 5757 3244 5831 tempore
3279 5768 3390 5832 ipse
3433 5763 3727 5821 Caelestius

2155 5827 2500 5883 Theodorum
2538 5827 2740 5891 adiret;
2776 5832 2905 5885 nihil
2938 5827 3365 5893 tamenalﬁrnio.
