3906 6208
298 291 367 348 69
1088 294 1176 350 DE
1215 292 1562 352 THEODORI
1604 293 2084 351 MOPSUESTENI
2124 296 2286 351 VITA
2327 299 2412 355 ET
2454 298 2791 355 SCRIPTIS.
3459 303 3527 359 70

299 411 506 483 synodo
538 423 661 465 aeta
692 420 853 467 erant
880 413 954 483 (γ.
981 421 1097 468 acta
1122 428 1189 469 ex
1217 414 1523 484 Augustino
1557 413 1786 467 collecta
1815 414 1868 468 in
1900 420 1943 475 Α
1973 416 2067 471 sed
2108 420 2487 475 tantummodo
2523 420 2694 484 taciti,
2731 420 2822 489 qui
2862 418 2973 473 div.
3004 418 3405 490 Scripturarum
3433 423 3523 478 ha-

298 506 563 561 llariluin.
601 506 637 559 1.
669 506 733 567 l.,
767 505 810 566 1,
857 523 909 576 p.
939 506 1077 560 2009
1108 522 1217 577 sq.,
1258 505 1459 568 Fuclts,
1488 506 1739 560 Biblioth.
1775 506 1867 560 der

299 594 691 661 Kircltencers.,
745 597 836 661 111,
892 613 945 666 p.
992 598 1096 655 528
1145 597 1278 667 sq.),
1320 596 1641 651 Theodorus
1685 606 1866 651 autem

299 706 456 745 suum
478 690 745 759 putaverit
765 690 929 760 impia
946 691 1325 744 nonnullorum
1349 692 1415 746 de
1430 692 1661 745 humana
1678 700 1865 745 natura

300 779 520 833 decreta
567 781 866 835 scribendo
906 781 1134 836 diluere.
1184 782 1307 836 Haec
1349 783 1637 845 sententia,
1687 799 1781 852 per
1812 798 1870 836 se

302 872 625 939 probabilis,
655 871 742 925 his
795 873 1027 926 maxime
1061 874 1253 927 nititur
1294 874 1630 944 argumentis
1669 892 1681 926 :
1719 873 1871 927 Pela-

308 958 453 1025 gium
486 956 551 1011 de
582 958 721 1013 actis
761 958 910 1014 illius
937 961 1131 1029 synodi
1166 966 1525 1032 excerpsisse,
1548 979 1668 1033 quae
1694 963 1870 1016 divul-

309 1057 586 1119 garentur,
622 1059 831 1104 certum
861 1061 943 1105 est
972 1050 1066 1121 (cf.
1098 1052 1326 1122 August.
1357 1053 1434 1107 De
1458 1055 1613 1124 gestis
1646 1054 1866 1123 Pelagii.

309 1156 358 1193 c.
389 1140 479 1204 39)
503 1157 518 1203 ;
545 1157 662 1195 eam
694 1140 1019 1196 Theodorus
1052 1144 1409 1213 qttmstimtum
1450 1156 1560 1199 tum
1600 1154 1868 1199 motarum

310 1235 674 1303 cognitionem
717 1233 926 1295 habuit,
960 1251 1119 1303 quam
1149 1236 1367 1290 nonnisi
1399 1251 1464 1290 ex
1498 1237 1710 1299 litteris,
1752 1252 1871 1305 qua:

310 1326 544 1379 breviter
564 1340 659 1380 eas
683 1336 1023 1388 enarrarent,
1046 1326 1290 1381 hauserit
1317 1347 1328 1381 :
1359 1330 1720 1391 contumeliae,
1751 1331 1871 1399 qui-

309 1416 406 1470 bus
443 1417 840 1489 Hieronymum
886 1417 1065 1471 affecit
1114 1417 1433 1473 Theodorus
1480 1435 1545 1474 ex
1597 1421 1699 1474 hoc
1750 1422 1868 1475 solo

306 1507 453 1560 fonte
496 1509 863 1561 inanaverint.
900 1507 1052 1573 Quod
1084 1524 1212 1562 vero
1244 1509 1480 1577 pessime
1510 1524 1640 1565 sane
1677 1497 1890 1563 Hiero?

303 1611 500 1666 nymus
529 1597 680 1650 illius
708 1597 932 1651 haeresis
963 1597 1227 1668 ἀρχηγός,
1267 1598 1377 1651 imo
1408 1606 1617 1659 auctor,
1650 1598 1741 1668 qui
1774 1612 1867 1651 sua

300 1688 418 1742 labe
470 1686 854 1743 Occidentales
897 1688 1058 1743 etiam
1114 1687 1388 1742 Ecclesias
1420 1689 1866 1751 contaminasset,

1970 505 2172 560 bebant
2217 509 2488 573 notitiam,
2539 510 2923 573 detrahebant,
2964 529 2981 561 ι
3041 509 3176 564 nihil
3223 510 3328 563 huc
3380 513 3523 570 facit.

1969 594 2155 667 Neque
2177 600 2319 653 enim
2347 600 2520 669 legum
2541 599 2882 669 publicarum
2903 601 3139 670 potentia
3160 600 3525 670 intelligenda,

1971 688 2067 740 sed
2094 688 2433 742 austeritatis
2472 688 2787 759 Hieronymi
2820 697 2982 759 atque
3020 689 3382 749 auctoritatis,
3422 706 3529 759 qua

1970 778 2023 832 in
2056 778 2304 833 homines
2340 781 2728 849 grassabatur;
2764 797 2817 833 γ.
2850 780 3009 835 etiam
3068 780 3250 834 statim
3313 796 3466 850 seqq.
3505 799 3518 835 :

1988 900 2005 921 ι
2044 869 2343 924 Novissime
2380 887 2509 924 vero
2542 872 2595 925 in
2628 872 2767 926 hanc
2798 871 3066 941 dogmatis
3106 871 3299 925 recidit
3326 878 3532 926 novita-

1970 970 2099 1023 tem,
2137 976 2241 1030 qua
2271 962 2564 1014 diceret—.
2598 980 2616 1011 ι

2040 1065 2109 1117 At
2157 1080 2285 1119 vero
2319 1065 2557 1119 nondum
2598 1067 2665 1120 de
2706 1066 2883 1120 Mario
2930 1065 3227 1120 Mercatore
3264 1065 3525 1121 diximus.

1971 1154 2293 1223 Quanquam
2324 1154 2408 1209 hic
2438 1154 2678 1223 quidem,
2708 1155 2794 1207 eui
2830 1155 2975 1209 facili
2997 1170 3183 1209 errore
3210 1154 3531 1209 Theodorus

1970 1249 2037 1299 de
2091 1254 2311 1315 peccato
2362 1247 2612 1316 originali
2666 1247 2882 1301 nonnisi
2928 1255 3118 1301 eontra
3169 1247 3530 1317 Augustinum

1970 1337 2250 1406 disputare
2296 1339 2541 1407 potuisse
2574 1338 2848 1392 videretur
2871 1378 2885 1401 ,
2919 1338 3117 1391 morari
3154 1354 3255 1392 nos
3291 1354 3396 1391 non
3435 1353 3532 1406 po-

1970 1439 2097 1486 test.
2134 1430 2236 1485 Sed
2266 1441 2532 1486 memorat
2554 1440 2732 1485 tamen
2762 1432 3082 1486 Theodorus
3112 1432 3531 1498 sapientissimos

1970 1524 2268 1591 defensores
2315 1525 2518 1591 peccati
2559 1524 2834 1592 originalis
2868 1525 2903 1576 1.
2937 1540 2983 1578 c.
3036 1523 3214 1577 Potuit
3244 1522 3309 1576 de
3342 1525 3530 1591 Augu-

1971 1617 2114 1669 stino
2142 1616 2386 1685 quaedam
2411 1617 2771 1685 comperisse;
2801 1616 2901 1669 hoc
2923 1615 3151 1677 alIirtno,
3176 1631 3298 1669 eum
3325 1614 3379 1668 in
3409 1613 3533 1666 Ilie-

1972 1720 2260 1776 ronymum
2298 1705 2676 1774 potissimum,
2729 1711 2914 1773 utpote
2964 1703 3192 1757 hairesis
3237 1702 3386 1757 illius
3431 1699 3534 1753 du-

300 1783 633 1851 appellatur,
692 1796 762 1835 ne
802 1781 905 1835 hoc
945 1780 1162 1850 quidem
1213 1782 1371 1850 quale
1423 1783 1494 1835 sit
1551 1782 1863 1836 obscurum.
1899 1775 1939 1828 Β
1970 1775 2110 1861 cem"
2139 1798 2243 1851 tela
2277 1813 2375 1850 sua
2406 1796 2725 1865 conjecisse.

299 1873 581 1942 Pelagiani
631 1873 796 1936 enim,
828 1872 922 1941 qui
970 1872 1035 1925 ad
1075 1870 1414 1927 Theodorum
1467 1873 1673 1927 litteras
1709 1871 1870 1926 dede-

294 1970 422 2014 runt
475 1970 531 2015 et
575 1976 805 2030 quorum
832 1959 983 2013 furbr
1008 1969 1120 2013 tum
1156 1960 1210 2014 in
1249 1961 1631 2031 Hieronymum
1668 1962 1720 2014 in
1746 1962 1870 2030 pri—

293 2054 399 2106 mis
433 2068 743 2106 conversus
770 2060 911 2111 erat.
947 2067 1043 2105 res
1077 2060 1236 2107 antea
1272 2054 1323 2106 in
1357 2053 1649 2108 Occidente
1688 2061 1869 2123 gestas

293 2161 458 2213 quam
492 2145 609 2199 fieri
647 2153 836 2213 posset
876 2146 1108 2199 maxime
1146 2145 1407 2199 oblivioni
1438 2145 1653 2201 tradere
1686 2144 1871 2200 stude-

294 2237 445 2299 bant,
482 2253 551 2291 ne
573 2234 896 2291 Occidentis
927 2239 1225 2293 auctoritas
1256 2237 1464 2293 Orienti
1498 2238 1673 2292 fraudi
1705 2245 1866 2293 esset.

295 2328 568 2382 (laterum
605 2328 751 2382 haud
788 2328 1111 2398 importuna:
1155 2328 1387 2383 fortasse
1429 2325 1715 2382 Theodoro
1768 2328 1871 2381 illa:

296 2419 619 2490 Hieronymi
644 2420 989 2474 contumelia!
1018 2428 1196 2482 erant,
1230 2420 1282 2473 in
1312 2420 1470 2487 cujus
1494 2420 1739 2471 notitiam
1764 2434 1869 2473 non

297 2522 408 2564 tum
444 2514 689 2582 primum
728 2512 955 2566 venerit.
993 2512 1150 2567 Certe
1179 2520 1262 2567 ter
1293 2510 1653 2582 Hieronymus
1678 2513 1869 2566 Antio-

298 2602 431 2655 chiae
474 2601 797 2655 morabatur
828 2601 902 2671 (a.
945 2601 1069 2667 574,
1100 2602 1225 2665 578,
1267 2602 1351 2669 vel
1383 2601 1507 2664 579,
1554 2602 1701 2671 585),
1742 2602 1869 2656 etsi

297 2699 409 2742 tum
439 2688 738 2744 Theodoro
786 2690 1041 2752 innotuit,
1076 2690 1197 2760 ejus
1228 2690 1410 2744 odium
1457 2705 1521 2744 eo
1555 2690 1697 2759 quod
1732 2689 1870 2742 Pau-

299 2781 392 2833 lini
423 2789 612 2849 partes
635 2780 1249 2849 sequebatur,incurrit.
1277 2779 1409 2835 Post
1433 2795 1560 2835 vero
1581 2777 1869 2851 Origenem

296 2878 501 2925 temere
527 2870 758 2925 adortus
787 2879 891 2926 est.

366 2996 501 3061 Qua:
548 2996 595 3049 si
633 3004 782 3050 recte
824 2996 1245 3066 disputavimus,
1275 2997 1622 3053 Theodorum
1654 3014 1703 3052 a.
1742 2998 1867 3059 516.

2042 1887 2097 1942 Si
2133 1886 2452 1941 Theodorus
2481 1888 2711 1956 singulis
2739 1886 2982 1955 quinque
3015 1884 3169 1940 libris
3198 1885 3438 1955 quinque
3470 1885 3535 1938 il-

1971 1979 2049 2032 las
2081 1978 2522 2031 adversariorum
2561 1977 2884 2040 sententias,
2908 1991 3045 2045 quas
3067 1977 3247 2029 attulit
3279 1975 3530 2037 Photius,

1969 2068 2162 2131 diluit,
2196 2067 2272 2121 rei
2308 2077 2630 2137 argumento
2661 2066 2929 2121 adductus
2977 2067 3164 2120 eadem
3204 2065 3404 2135 saepius
3449 2081 3536 2120 re-

1969 2162 2144 2231 petiit.
2188 2160 2411 2214 Sutnma
2458 2160 2724 2228 quarstio,
2776 2174 2806 2212 a
2852 2173 2958 2227 qua
3009 2158 3217 2226 reliqua
3268 2172 3534 2225 suspensa

1970 2265 2144 2314 erant,
2163 2253 2217 2305 in
2233 2252 2441 2305 Adamo
2461 2250 2802 2315 versabatur,
2822 2266 2979 2317 quem
3001 2250 3276 2303 mortalem
3294 2256 3535 2303 creatum

1972 2344 2107 2397 nihil
2141 2343 2434 2412 importuni
2471 2342 2722 2395 humanae
2753 2350 2959 2394 natura:
2990 2340 3312 2408 itnportasse
3338 2340 3537 2393 docen-

1971 2434 2103 2487 dum
2142 2444 2280 2487 erat.
2318 2433 2667 2504 Argumentis
2708 2448 2840 2486 usus
2895 2440 2979 2485 est
3025 2431 3258 2484 maxime
3296 2430 3538 2498 exegeti-

1972 2526 2082 2591 cis;
2116 2528 2371 2580 titubavit
2405 2537 2583 2580 tamen
2618 2525 2740 2595 ejus
2768 2526 2802 2576 l.
2833 2523 3028 2579 Cenes.
3063 2539 3121 2586 ιι,
3154 2524 3238 2589 l7,
3271 2524 3536 2591 interpre-

1972 2619 2110 2672 tatio
2130 2627 2184 2673 et
2207 2634 2326 2671 eam
2352 2620 2676 2673 sententiam
2702 2616 2974 2687 provudit,
2999 2631 3120 2685 qua:
3148 2614 3304 2669 facile
3333 2615 3533 2668 multos

1971 2707 2287 2764 offenderet.
2323 2709 2473 2778 Apta:
2511 2715 2666 2762 erant
2700 2708 2765 2761 ah
2802 2709 2890 2761 illa
2926 2707 3227 2777 quaestione
3260 2705 3536 2759 nonnulla:

1973 2800 2112 2862 alite,
2155 2817 2203 2853 v.
2238 2816 2289 2853 c.
2338 2800 2404 2853 de
2436 2799 2692 2868 baptismi
2739 2799 2813 2863 vi,
2851 2800 2902 2852 in
2948 2813 3084 2867 quas
3120 2796 3354 2851 fortasse
3396 2812 3536 2850 non-

1971 2892 2098 2945 dum
2143 2892 2277 2945 satis
2306 2900 2556 2945 accurate
2596 2891 2935 2959 inquisierat.
2995 2891 3229 2943 Omnino
3270 2890 3391 2944 lites
3435 2887 3535 2941 Pe-

1972 2979 2198 3048 lagiana:
2226 2980 2345 3047 ejus
2376 2978 2679 3034 doctrinam
2714 2978 3135 3048 amplificarunt.
3178 2978 3401 3032 Summa
3433 2993 3535 3032 au-

297 3096 391 3141 aut
416 3089 614 3142 saltem
642 3104 695 3141 a.
729 3088 856 3150 3l7,
908 3065 975 3141 de
1023 3098 1249 3157 peccato
1279 3090 1531 3159 originali
1579 3089 1868 3159 scripsisse

1978 3076 2083 3123 tem
2127 3067 2420 3147 diversitas
2477 3065 2820 3121 Theodorum
2874 3071 3015 3123 inter
3063 3069 3377 3138 peccatique
3427 3069 3538 3122 ori-

298 3178 655 3231 manifcstum
692 3185 773 3232 est
806 3180 905 3246 (α).
939 3178 1114 3232 Aliter
1142 3194 1270 3232 vero
1300 3179 1609 3233 Tillemont.
1643 3179 1676 3233 1.
1711 3179 1773 3241 1.,
1814 3195 1867 3249 p.

300 3269 425 3332 449,
461 3268 793 3323 Garnerium
831 3270 1025 3338 partim
1063 3276 1286 3323 secutus
1318 3288 1331 3323 :
1369 3289 1386 3319 ι
1430 3268 1467 3322 11
1504 3269 1551 3323 le
1592 3269 1871 3339 (ouvrage)

304 3360 360 3413 fit
393 3359 557 3429 aprés
598 3360 678 3413 les
709 3359 815 3413 loix
853 3360 920 3413 de
963 3360 1066 3414 l’an
1101 3361 1206 3416 418
1234 3369 1423 3415 contre
1471 3361 1550 3416 les
1590 3360 1874 3430 Pelagiens

305 3455 642 3522 (rescriptum
679 3452 922 3515 Honorii,
959 3454 1127 3522 pridie
1156 3451 1283 3507 Kal.
1319 3452 1492 3505 Maias
1525 3452 1628 3507 “8
1667 3456 1872 3515 datum,

304 3545 507 3614 legitur
549 3547 600 3598 in
625 3546 854 3615 August.
905 3543 1039 3613 Opp.
1078 3542 1147 3605 Χ,
1198 3559 1348 3613 app.,
1385 3559 1436 3612 p.
1488 3543 1581 3604 70;
1634 3542 1873 3596 Salviani

305 3638 424 3707 Opp
452 3679 467 3699 ,
505 3637 715 3691 Brema:
752 3637 910 3702 1688,
960 3638 1013 3701 4,
1056 3652 1108 3705 p.
1143 3636 1246 3689 574
1278 3636 1410 3705 sq.),
1455 3634 1712 3704 puisqu‘il
1761 3635 1876 3704 pré-

305 3730 518 3785 tendoit
563 3745 671 3798 que
706 3730 757 3782 la
784 3729 993 3783 crainte
1031 3730 1096 3783 de
1130 3728 1179 3781 la
1217 3727 1508 3797 puissauce
1537 3728 1874 3798 empeschoit

303 3824 369 3877 de
419 3822 605 3891 parler
635 3829 828 3875 contre
872 3837 960 3883 ses
1000 3819 1381 3887 adversaires;
1422 3829 1473 3874 et
1509 3835 1572 3875 ce
1607 3820 1688 3873 fut
1720 3836 1872 3875 assez

301 3913 878 3970 vraisemblablement
903 3910 1060 3983 apres
1086 3912 1191 3966 l'an
1221 3911 1348 3974 421,
1390 3912 1590 3965 durant
1621 3913 1669 3966 le
1698 3920 1872 3983 temps

305 4021 410 4074 que
449 4020 553 4060 son
581 4004 797 4059 diocese
830 4004 1033 4059 servoit
1065 4004 1129 4058 de
1155 4005 1376 4058 rctraite
1411 4004 1439 4057 a
1469 4002 1647 4059 Julien
1671 4014 1725 4060 et
1764 4022 1869 4061 aux

305 4110 492 4153 autres
526 4097 792 4166 e'vesques
828 4094 1136 4165 Pelagiens,
1169 4103 1223 4149 et
1275 4103 1577 4166 peutoestre
1602 4095 1632 4149 ἐι
1679 4094 1873 4168 Pelago

306 4204 536 4242 mesme.
570 4188 662 4256 qui
712 4187 876 4241 estoit
916 4187 1425 4255 particuliérement
1474 4190 1655 4245 animé
1686 4199 1874 4244 contre

311 4277 367 4331 S.
414 4276 635 4333 Jérome
669 4285 721 4330 et
751 4279 969 4347 pouvoit
999 4277 1120 4331 bien
1187 4278 1267 4348 s‘y
1297 4290 1442 4333 estre
1484 4280 1666 4343 retiré,
1715 4279 1874 4349 aprés

308 4372 461 4426 avoir
486 4369 605 4424 este
638 4368 831 4424 ehassé
856 4368 922 4423 de
958 4366 1275 4423 Jerusalem.
1325 4369 1446 4436 Que
1473 4371 1517 4425 si
1550 4372 1598 4424 la
1633 4370 1875 4425 maniére

1972 3160 2169 3231 giualis
2224 3167 2527 3214 assertores
2580 3160 2909 3214 intercessit.
2966 3159 3060 3214 llle
3123 3160 3412 3229 augustius
3467 3159 3535 3214 de

1972 3261 2167 3307 natura
2201 3253 2437 3306 humana
2473 3251 2674 3307 sentire
2705 3262 2917 3315 suetus,
2955 3252 3245 3322 exegeticis
3272 3260 3325 3305 et
3354 3252 3419 3305 iis
3448 3265 3536 3306 ar-

1974 3347 2245 3417 gumentis
2280 3362 2400 3416 qua:
2443 3347 2624 3402 sobria
2664 3347 2805 3400 ratio
2845 3347 3248 3416 suppeditasset
3286 3362 3399 3401 rem
3438 3346 3536 3400 ab-

1975 3440 2171 3505 solvit;
2215 3439 2267 3492 hi
2303 3440 2543 3508 pectoris
2573 3439 2814 3493 motibus
2843 3438 3043 3492 conciti
3078 3447 3131 3493 et
3167 3439 3326 3491 rebus
3360 3439 3536 3493 eccle-

1974 3530 2211 3584 siasticis
2235 3529 2380 3584 ducti
2408 3530 2493 3583 via
2519 3545 2581 3584 ac
2604 3531 2816 3584 ratione
2840 3529 3161 3600 philosopha
3191 3529 3406 3583 decreta
3434 3543 3534 3584 sua

1975 3622 2248 3690 persecuti
2281 3630 2430 3675 sunt.

2043 3728 2252 3793 Restat,
2288 3738 2343 3782 nt
2389 3729 2453 3783 de
2495 3728 2798 3782 rationibus
2836 3726 3010 3781 dicam
3046 3727 3244 3797 quibus
3283 3728 3535 3784 Theodo-

1973 3839 2067 3877 rus
2091 3830 2210 3891 post
2236 3837 2357 3874 cum
2386 3818 2691 3889 Pelagianis
2713 3820 2939 3888 junctus
2966 3831 3103 3874 erat.
3137 3820 3327 3877 Plures
3350 3830 3533 3877 autem

1970 3915 2246 3986 Pelagiani
2278 3913 2428 3967 Italia
2474 3914 2637 3983 pulsi,
2679 3914 2801 3967 aliis
2836 3914 2968 3968 locis
3009 3914 3206 3982 pressi,
3242 3930 3291 3966 a.
3327 3915 3431 3968 ηε
3466 3915 3533 3967 ad

1972 4006 2314 4060 Theodorum
2343 4044 2357 4068 ,
2390 4020 2549 4073 quem
2587 4003 2691 4057 sibi
2732 4003 2914 4057 favere
2959 4004 3369 4074 cognovissent,
3409 4021 3539 4073 pro-

1974 4100 2094 4155 fecti
2129 4107 2276 4154 sunt.
2304 4097 2600 4157 lulianum,
2634 4112 2720 4166 ep.
2754 4097 3129 4161 Eclanensem,
3169 4116 3185 4147 ι
3220 4113 3343 4151 cum
3371 4098 3537 4151 sociis

1972 4203 2025 4245 et
2047 4190 2401 4261 participibus
2420 4198 2472 4244 et
2496 4188 2953 4259 συνταλαιπὼροις
2978 4190 3091 4243 suis
3110 4204 3303 4257 magno
3324 4190 3444 4243 nisu
3470 4191 3537 4244 ad

1972 4298 2093 4336 eum
2125 4288 2383 4346 tanquam
2418 4279 2484 4331 ad
2518 4278 2957 4332 Christianorum
2990 4278 3301 4347 dogmatum
3339 4279 3536 4348 praedi-

1974 4382 2155 4427 catum
2202 4371 2524 4441 magistrum
2559 4370 2855 4425 tetendisse
2883 4369 2957 4441 (b)
3001 4390 3019 4421 ι
3064 4369 3264 4424 Marius
3300 4369 3466 4433 Mere,
3497 4370 3538 4437 l,

308 4464 439 4517 dont
460 4457 694 4518 Photius
710 4472 959 4531 rapporte
990 4462 1122 4530 qu'il
1167 4477 1197 4531 y
1232 4462 1427 4530 parloit
1459 4462 1525 4516 de
1560 4462 1617 4516 S.
1653 4460 1874 4517 Jérome
1907 4455 1948 4509 D
1978 4480 2051 4528 c.,
2083 4480 2133 4533 p.
2160 4463 2285 4526 625,
2320 4470 2573 4525 testatur,
2601 4462 2693 4516 sed
2720 4460 3039 4516 Ctnlestium
3073 4460 3235 4516 etiam
3269 4465 3285 4529 (
3317 4476 3367 4514 v.
3397 4477 3451 4515 ν,
3486 4476 3535 4513 c.

310 4570 450 4609 nous
475 4555 736 4623 obligeoit
771 4554 838 4607 de
884 4553 1063 4608 croire
1110 4554 1241 4622 qu'il
1293 4569 1361 4607 en
1416 4555 1612 4623 parloit
1663 4570 1873 4610 comme

310 4646 437 4699 d'un
471 4647 688 4700 honnne
722 4647 922 4711 vivant,
958 4646 992 4699 il
1024 4646 1260 4701 faudroit
1286 4656 1479 4702 metire
1511 4656 1599 4702 cet
1634 4663 1874 4717 ouvrage

309 4755 374 4792 en
404 4738 512 4793 419
550 4753 620 4790 ou
647 4737 768 4792 ΗΟ.
804 4757 822 4788 ι
855 4736 1055 4793 Verum
1079 4738 1346 4795 Theodori
1380 4741 1467 4795 ille
1492 4742 1642 4795 locus
1676 4740 1864 4808 (Marc.

311 4830 477 4884 Herc.
505 4832 542 4882 l.
573 4846 646 4893 c.,
668 4847 720 4899 p.
754 4832 897 4899 703),
939 4833 993 4886 in
1026 4848 1154 4901 quo,
1185 4834 1274 4886 uhi
1341 4834 1633 4886 mirabilem
1666 4832 1873 4898 peccati

312 4921 588 4990 originalis
628 4932 939 4976 assertorem
976 4923 1226 4977 absurda:
1249 4924 1715 4992 interpretationis
1743 4922 1867 4977 Scr.

316 5010 371 5064 S.
408 5014 833 5083 dogmatumque
862 5015 1231 5083 perversitatis
1278 5017 1578 5075 accusavit,
1612 5034 1629 5066 ι
1676 5024 1874 5085 poten-

313 5105 421 5166 tize,
461 5106 661 5174 inquit,
706 5115 881 5160 metus
928 5106 1138 5160 nullum
1186 5116 1377 5162 contra
1428 5109 1643 5163 sinebat
1691 5108 1867 5174 effari,

383 5307 459 5374 (α)
500 5304 642 5358 Nihil
680 5305 784 5358 huc
830 5308 1079 5375 pertinet,
1131 5307 1274 5377 quod
1322 5307 1376 5360 in
1426 5305 1617 5362 Chron.
1684 5307 1867 5365 Edess.

315 5377 541 5430 haeresis
570 5379 928 5447 asserentium
953 5387 1229 5447 peccatum
1256 5387 1463 5431 natura:
1482 5381 1698 5431 insitum
1726 5395 1867 5440 esse,

315 5448 516 5519 dicitur
554 5461 604 5498 a.
644 5446 744 5499 423
791 5446 1097 5519 emersisse.
1145 5448 1228 5502 Cf.
1273 5455 1485 5503 Assem.
1530 5450 1562 5503 l.
1618 5451 1676 5509 l.,
1725 5447 1763 5509 l,
1816 5465 1870 5519 p.

314 5517 438 5589 4:02.
477 5514 587 5568 Hoc
616 5532 680 5589 eo
721 5518 885 5589 credo
922 5521 1133 5578 nititur.
1166 5519 1307 5589 quod
1352 5520 1443 5571 illo
1485 5519 1594 5573 fere
1631 5514 1873 5589 tempore

315 5587 634 5659 Caelestius,
655 5586 905 5659 lulianus
937 5590 1134 5657 aliique
1162 5586 1435 5659 Pelagiani
1470 5605 1528 5643 se
1562 5586 1873 5645 Constanti-

315 5657 536 5725 nopolin
571 5656 638 5707 ad
665 5655 969 5710 Nestorium
998 5655 1296 5714 contulere.

384 5728 455 5795 (b)
488 5725 766 5779 lulianum
804 5727 1160 5795 Mopsuestia.
1204 5732 1292 5782 ubi
1333 5737 1454 5781 orto
1487 5730 1651 5785 libros
1684 5740 1871 5784 contra

315 5798 677 5870 Augustinum
721 5800 968 5871 scripsit,
1004 5815 1175 5871 usque
1213 5802 1279 5855 ad
1322 5798 1584 5858 Theodori
1640 5810 1870 5858 mortem

1980 4554 2313 4609 Sehroeekli.
2365 4554 2402 4608 l.
2454 4553 2496 4615 I.
2533 4553 2647 4619 XV,
2689 4570 2740 4623 p.
2774 4553 2862 4613 92,
2915 4552 3538 4623 Baumgarten-Crusius

1977 4648 2014 4701 l.
2054 4649 2143 4713 t.')
2178 4656 2230 4700 et
2272 4646 2544 4714 Pelagium
2591 4646 2663 4709 (ν.
2705 4644 2914 4699 Tillem.
2948 4645 2985 4700 l.
3023 4661 3071 4697 c.
3104 4647 3119 4709 )
3151 4643 3535 4714 Mopsuestiam

1978 4756 2035 4795 se
2085 4740 2386 4794 contulisse
2433 4738 2572 4792 haud
2619 4737 2853 4792 absurde
2887 4737 3171 4804 conjicias.
3222 4736 3359 4790 Tum
3407 4752 3539 4790 vero

1979 4834 2210 4903 primum
2250 4832 2574 4901 Pelagianos
2622 4830 2869 4885 Nestorio
2916 4829 3219 4883 innotuisse
3263 4838 3425 4898 atque
3459 4829 3539 4882 in-

1980 4924 2216 4978 faustum
2265 4938 2389 4977 eum
2425 4937 2489 4975 eo
2522 4923 2909 4977 commercium
2961 4922 3152 4975 iniisse
3200 4921 3385 4975 credo.
3432 4920 3538 4974 Sed

1976 5015 2294 5070 Theodorus
2332 5031 2503 5083 usque
2530 5014 2596 5068 ad
2632 5022 2859 5067 mortem
2892 5029 3015 5067 cum
3054 5014 3120 5067 iis
3146 5012 3273 5067 fecit
3306 5012 3399 5082 (c),
3442 5029 3540 5067 ne-

1979 5122 2083 5175 que
2117 5120 2377 5175 unquam,
2412 5105 2554 5173 quod
2602 5105 2705 5159 sibi
2745 5103 3121 5158 Tillemontius
3168 5103 3202 5156 1.
3242 5102 3281 5169 l,
3324 5121 3376 5174 p.
3414 5104 3540 5171 440,

1972 5316 2241 5362 versatum
2286 5323 2409 5361 esse
2449 5308 2588 5360 male
2622 5308 2873 5375 opinatus
2922 5317 3003 5361 est
3040 5307 3287 5363 Norisius
3332 5311 3364 5363 Ι.
3402 5310 3461 5372 1.,
3499 5310 3538 5375 l,

1970 5396 2024 5448 p.
2053 5380 2155 5430 21.0
2213 5378 2296 5431 Cl.
2330 5378 2441 5430 Mar
2502 5378 2661 5448 Merc.
2699 5378 2731 5428 Ι.
2762 5394 2833 5435 c.,
2879 5395 2927 5447 p.
2960 5378 3082 5432 6‘23.

2043 5448 2116 5517 (ε)
2147 5448 2198 5501 In
2233 5454 2544 5501 universum
2578 5447 2776 5511 Pelagii
2818 5450 3117 5502 doctrinam
3151 5447 3290 5499 haud
3337 5449 3542 5516 impro-

1971 5519 2137 5574 bavit.
2194 5517 2603 5588 Pelagianorum
2650 5528 2802 5586 pater
2852 5535 3003 5588 mque
3053 5522 3188 5571 male
3226 5519 3429 5588 dicitur
3483 5538 3546 5575 ac

1972 5589 2171 5659 Pelagii
2207 5586 2469 5641 asseclam
2506 5604 2627 5639 cum
2673 5586 2930 5657 appelles.
2966 5587 3199 5643 Omnino
3230 5586 3540 5645 Nestorium

1973 5675 2094 5713 eum
2132 5661 2295 5717 secuti
2343 5668 2469 5714 sunt
2509 5659 2860 5729 pluribusque
2899 5660 3235 5729 Assemanus
3268 5662 3300 5711 l.
3340 5678 3384 5712 (κ.
3420 5678 3547 5727 [tto-

1981 5730 2158 5792 bavit,
2198 5730 2484 5799 Clialilzeos
2533 5726 2886 5786 Nestoria’nos
2933 5731 2999 5784 de
3045 5728 3273 5799 originis
3321 5744 3555 5799 peccato

1983 5814 2155 5863 usque
2193 5793 2367 5855 adhuc
2407 5799 2543 5853 male
2579 5801 2803 5856 sentire.
