3898 6228
466 324 526 378 71
1335 338 1634 400 OTTONIS
1668 346 1848 405 FRID.
1894 347 2277 409 FRITZSCHE
2307 355 2801 422 COMMENTATIO
3623 392 3686 446 72

462 442 731 511 persuasit
762 443 838 515 (α)
862 486 875 508 ,
910 444 1182 504 Julianum
1216 457 1711 516 anathematizavit.
1743 462 1941 519 Nititur
1968 484 2020 522 v.
2051 470 2097 528 Α
2125 483 2245 524 eum
2302 484 2487 529 narrat
2525 494 2543 528 ι

460 530 514 583 d.
548 532 649 585 hoc
685 530 838 588 Marii
867 535 1029 593 Merc.
1066 540 1124 603 I.,
1153 556 1207 613 p.
1242 543 1367 609 625,
1403 566 1421 599 ι
1457 551 1729 620 Agnoscat
1758 585 1827 593 —
1854 555 2024 610 Julia-

460 637 563 676 nus
608 638 673 678 ex
724 626 825 680 hac
872 632 1228 689 translatione
1263 635 1530 709 (symboli
1568 642 1940 716 Theodorei),
1970 650 2023 703 si

458 710 636 780 legere
661 729 767 768 non
791 717 1099 785 fastidierit,
1128 738 1379 780 manente
1404 732 1544 800 apud
1576 764 1646 775 -—
1674 733 2020 793 Theodorum

457 803 545 854 illa
580 820 683 866 qua
716 823 836 861 eum
881 811 1120 869 diximus
1155 819 1294 872 mala
1340 819 1442 876 ﬁde
1483 838 1666 880 secum
1709 825 2019 885 Nestorium

457 893 752 963 decepisse,
782 901 943 955 etiam
973 905 1073 959 sibi
1106 910 1276 979 magis
1301 926 1509 982 suoque
1535 916 1772 987 dogmati
1804 948 1871 959 υ·-
1898 937 2020 977 esse

455 991 813 1053 contrarium.
848 1008 1013 1064 seque
1042 999 1201 1053 etiam
1236 1014 1356 1071 post
1388 1009 1449 1061 de
1480 1007 1667 1066 Cilicia
1698 1012 2016 1071 abscessum

455 1078 524 1132 ab
551 1095 616 1133 eo
648 1081 705 1135 in
729 1087 1109 1155 episcoporum
1135 1096 1426 1160 provincia
1454 1113 1565 1155 sua
1586 1115 1855 1160 conventu
1888 1123 2017 1163 ana-

453 1171 687 1226 themate
733 1189 854 1229 esse
896 1178 1233 1235 damnatum.
1291 1204 1309 1237 i
1362 1188 1431 1241 At
1479 1204 1610 1246 vero
1655 1192 1903 1251 Julianus
1950 1214 2016 1255 ex

454 1264 683 1332 symboli
721 1270 1076 1325 translatione
1106 1288 1402 1344 agnoscere
1431 1280 1678 1350 jubetur,
1708 1287 1810 1341 sibi
1839 1288 2015 1345 Theo-

451 1353 643 1408 dorum
674 1361 1009 1415 contrarium
1038 1378 1159 1419 esse
1191 1383 1358 1438 seque
1387 1383 1508 1440 post
1541 1376 1747 1431 abitum
1777 1380 1843 1436 de
1880 1382 2015 1438 Cili-

450 1444 532 1497 cia
557 1446 625 1499 ab
652 1462 717 1501 eo
752 1449 803 1501 in
836 1453 1214 1523 episcoporum
1251 1464 1543 1529 provincia
1572 1479 1841 1525 conventu
1884 1490 2014 1529 ana-

449 1533 686 1591 themate
720 1552 841 1593 esse
876 1540 1211 1602 damnatum.
1250 1548 1388 1606 Hinc
1425 1554 1515 1608 illa
1556 1560 1738 1625 Opinio
1773 1571 1884 1616 tum
1920 1565 2013 1619 de-

446 1640 591 1679 mum
623 1638 768 1683 stare
800 1642 1013 1700 posset,
1052 1637 1095 1691 si
1128 1637 1378 1696 Julianus
1415 1645 1468 1698 in
1505 1651 1751 1719 symbolo
1796 1659 2012 1714 nomine

444 1713 732 1772 damnatus
767 1730 932 1776 esset.
969 1723 1081 1779 Imo
1128 1728 1331 1786 Marius
1376 1713 1549 1791 Merc:
1575 1740 1674 1795 hoc
1711 1745 1811 1799 sibi
1849 1750 1960 1801 vult
1990 1768 2005 1804 :

443 1808 629 1862 Cilicia
688 1813 757 1865 ab
802 1812 1020 1871 Juliano
1067 1821 1254 1876 relicta
1294 1828 1670 1900 episcoporum
1715 1841 2003 1907 provincia

441 1908 559 1952 erat
585 1913 904 1971 conventus,
939 1908 991 1961 in
1024 1927 1134 1980 quo
1165 1913 1482 1976 Theodorus
1512 1928 1813 1994 symbolum
1843 1949 2000 1988 suum

443 1989 740 2063 legityquo
787 1997 890 2051 alia
942 2015 1219 2069 perverse.
1239 2010 1336 2061 sed
1372 2012 1439 2066 de
1486 1989 1693 2074 Adamo
1740 2024 2002 2083 catholica

440 2081 647 2138 docuit.
679 2084 786 2140 Eos
814 2090 904 2157 qui
934 2092 1092 2147 aliter
1120 2099 1388 2154 sentirent
1416 2108 1757 2166 anathemate
1781 2114 1999 2171 damna-

436 2171 514 2224 vit
537 2182 697 2242 atque
722 2177 793 2231 ita
819 2180 983 2233 etiam
1018 2182 1315 2244 Julianum.
1348 2191 1499 2251 Hanc
1526 2197 1630 2253 loci
1659 2203 1803 2259 illius
1829 2208 1996 2265 inter-

439 2266 803 2332 pretationem
862 2286 1045 2327 veram
1096 2293 1217 2335 esse
1268 2299 1391 2339 cum
1445 2288 1621 2358 ipsum
1671 2300 1992 2368 symbolum,

435 2354 580 2422 quod
614 2356 768 2424 plura
805 2359 870 2413 de
910 2364 1116 2419 Adamo
1157 2373 1400 2427 continet
1440 2354 1560 2445 qua
1595 2354 1794 2442 Marius

433 2442 489 2495 in
535 2459 687 2498 suam
726 2453 1050 2507 sententiam
1101 2457 1447 2530 interpretari
1498 2479 1739 2538 poterat,
1773 2486 1884 2531 tum
1927 2496 1989 2536 ea

430 2544 753 2603 argumento
802 2549 948 2603 sunt,
1001 2559 1122 2612 qua
1168 2547 1369 2607 Marius
1416 2554 1580 2613 Merc.
1633 2563 1698 2616 de
1744 2569 1988 2636 symbolo

429 2621 745 2691 disputavit.
779 2625 1092 2687 Pervcrsam
1136 2637 1257 2706 ejus
1290 2643 1357 2696 de
1385 2621 1988 2713 incarnatione‘doctri-

430 2728 553 2766 nam
594 2715 893 2781 damnavit,
941 2723 1008 2777 de
1056 2738 1279 2795 peccato
1331 2736 1560 2806 originis
1594 2744 1727 2798 nihil
1763 2748 1982 2818 adjecit.

426 2802 579 2856 Adde
617 2808 760 2874 quod
795 2811 953 2866 aliter
992 2814 1035 2869 si
1069 2821 1264 2875 statuis
1299 2802 1702 2889 difﬁcultatibus
1738 2802 1982 2908 lminis;

424 2894 523 2956 ris,
548 2913 614 2950 ex
644 2901 844 2968 quibus
872 2913 921 2959 te
940 2921 1082 2977 agre
1111 2916 1389 2982 expedias.
1421 2918 1575 2976 Illum
1608 2942 1735 2982 vero
1769 2933 1982 3001 episco-

426 2999 617 3053 porum
662 3003 986 3050 conventum
1029 3012 1246 3074 propter
1295 3008 1415 3066 lites
1450 3010 1765 3086 Pelagianas
1799 2999 1978 3081 actum

421 3089 546 3129 esse
566 3078 746 3135 minus
769 3086 1066 3151 probabile.
1099 3091 1365 3152 Caeterum
1389 3116 1451 3155 ex
1478 3102 1646 3160 Mario
1671 3109 1836 3168 Merc.
1866 3130 1973 3171 non

422 3176 572 3217 certo
603 3171 927 3227 concludere
956 3178 1101 3240 licet,
1134 3185 1436 3253 symbolum
1466 3193 1595 3247 illud
1629 3209 1749 3266 post
1776 3201 1975 3261 Juliani

419 3252 636 3310 demum
671 3260 739 3314 de
771 3262 959 3322 Cilicia
991 3252 1192 3327 abitum
1226 3280 1504 3337 conditum
1536 3252 1677 3344 esse.
1712 3291 1845 3347 Tum
1869 3313 1974 3352 non

418 3341 644 3411 factum,
677 3353 769 3406 sed
804 3355 998 3412 lectum
1035 3373 1139 3417 est.

943 3450 981 3504 Ι.
1026 3452 1171 3509 Libri
1218 3464 1445 3530 mystici.

486 3528 678 3589 Libros
722 3540 1018 3609 mysticos,
1054 3547 1128 3601 cf.
1170 3528 1403 3624 Hes—ych.
1450 3559 1485 3613 l.
1528 3577 1603 3624 c..
1639 3582 1689 3635 p.
1740 3569 1860 3635 104,
1905 3602 1974 3615 -

415 3622 661 3688 mysticos
713 3643 972 3685 sermones
1019 3664 1107 3699 —,
1150 3656 1285 3708 quos
1328 3643 1455 3701 Fac.
1507 3666 1590 3712 tu,
1638 3655 1692 3719 2,
1744 3662 1971 3719 codicem

415 3713 693 3779 mysticum
726 3716 880 3786 dixit,
923 3722 1190 3785 Ebediesu
1226 3733 1263 3787 1.
1306 3750 1381 3801 c.,
1431 3755 1484 3809 p.
1520 3743 1611 3807 '55,
1666 3713 1971 3808 t'omuniﬂd'c

413 3806 624 3859 arcanis
674 3810 895 3871 (minus
940 3828 1087 3875 recte
1149 3824 1433 3884 Asseman.
1500 3834 1573 3890 De
1622 3848 1967 3901 sacramentis

409 3896 571 3946 vertit
597 3894 637 3963 ),
667 3894 984 3963 Theodorus
1006 3926 1161 3966 senex
1181 3919 1403 3988 scripsit
1425 3923 1515 3992 (cf.
1555 3928 1783 4001 llesych.
1811 3937 1845 3989 l.
1867 3942 1962 3993 c.l.

1297 3980 1309 3988 .
1431 3980 1441 3992 ι
1580 3980 1783 4001 ί-*νννη*
1813 3980 1962 3993 ""‘"

410 3980 805 4044 Brevissimum
852 4000 992 4051 tertii
1031 4002 1224 4059 decimi
1272 4009 1395 4065 libri
1433 4014 1812 4091 fragmentum,
1858 4047 1964 4099 quo

410 4072 605 4099 D....l---
655 4078 714 4099 0A
888 4096 895 4099 ‘
1188 4098 1194 4099 ⁷
1250 4098 1253 4099 ⁷

408 4072 607 4133 Paulus
654 4078 1074 4155 Samosatenus,
1106 4098 1197 4165 qui
1227 4098 1502 4161 Christum
1548 4126 1740 4179 purum
1790 4072 1963 4176 lmini-

406 4182 528 4220 nem
556 4169 852 4242 habuisset,
884 4184 1107 4252 angelus
1137 4187 1337 4247 diaboli
1368 4169 1588 4261 dicitur.
1617 4169 1958 4266 attulit—Fac.

403 4256 439 4309 1.
471 4258 529 4324 1.,
556 4270 608 4314 et
636 4262 935 4337 Hesychius
965 4274 1031 4328 ad
1058 4276 1179 4335 illos
1212 4288 1510 4356 respiciens
1546 4303 1959 4371 prasumpsisse

469 4410 1443 4529 mansere.elucet!>ru;
1469 4451 1603 4529 ρπιί
1631 4453 1697 4508 δυ
1718 4470 1779 4510 ce
1801 4472 1952 4529 pays.

480 4477 527 4495 τ’
784 4477 794 4491 ,
855 4477 902 4483 __
932 4477 997 4498 Ἰ..
1023 4477 1056 4485 -.
1088 4477 1329 4510 ,ηε-Νη,
1363 4477 1443 4499 nus
1471 4477 1603 4517 paul
1631 4477 1697 4508 ut:
1718 4477 1779 4510 ce
1801 4477 1948 4529 pays,

398 4477 478 4532 les
508 4499 767 4557 avesques
794 4494 860 4549 de
895 4499 944 4551 la
985 4506 1237 4570 province
1268 4522 1429 4583 ayant
1473 4526 1598 4574 tenu
1636 4540 1706 4577 un
1741 4531 1948 4586 concile

451 5329 536 5448 AdI
567 5332 835 5448 Theodori
868 5351 1069 5448 scripta
1090 5398 1104 5421 ,
1137 5376 1258 5430 qua
1288 5372 1525 5435 practica
1557 5380 1813 5448 appellari
1860 5386 1930 5439 li-

2030 5403 2238 5446 vereor.

2595 476 2765 537 libros
2810 498 3134 557 componere
3168 492 3435 553 adversus
3470 498 3680 559 Domini

2127 559 2218 616 Dei
2259 568 2672 634 apparitionem.
2724 592 2742 624 ι
2795 573 2978 646 Neque
3024 595 3152 636 vero
3188 584 3257 638 de
3305 587 3684 652 incarnatione

2132 655 2306 709 solum
2341 657 2451 713 illis
2476 660 2629 719 libris
2664 669 2968 736 expositum
3000 671 3171 731 fuisse
3198 678 3471 746 existimo,
3504 689 3599 741 sed
3627 688 3683 744 in

2124 746 2437 802 universum
2479 752 2545 807 de
2582 759 2799 813 arcanis
2854 759 3201 821 Christianis.
3250 771 3351 825 (ζιιί
3399 776 3682 834 sententia

2120 849 2185 888 eo
2231 840 2475 894 nonnihil
2514 847 3002 907 commendationis
3057 846 3343 928 adjicitur,
3393 864 3537 933 quod
3593 865 3680 921 Si-

2120 940 2277 980 meon
2311 931 2487 998 presb.
2517 944 2570 987 et
2603 940 2849 994 monach.
2885 940 3095 997 Nestor.
3127 962 3250 1002 sac.
3285 966 3383 1004 xm
3418 959 3675 1009 nonnulla

2119 1016 2184 1071 de
2221 1035 2374 1075 sacra
2407 1040 2559 1080 cana
2593 1036 2646 1083 et
2702 1030 3029 1102 baptismate
3090 1038 3255 1093 refert
3306 1043 3413 1113 (cf.
3459 1049 3671 1103 Assem.

2117 1108 2258 1165 Bibl.
2295 1112 2389 1178 0r,
2415 1116 2501 1181 lll,
2532 1133 2569 1181 ι,
2596 1136 2650 1189 p.
2683 1120 2844 1193 565),
2873 1141 2990 1195 qua
3016 1108 3333 1187 Theodorus
3366 1135 3417 1187 in
3441 1135 3577 1191 libro
3598 1138 3676 1193 Ds

2114 1204 2422 1272 profundis,
2448 1212 2539 1279 qui
2580 1214 2761 1270 nullus
2794 1217 2900 1271 nisi
2948 1219 3016 1273 de
3045 1236 3152 1290 quo
3186 1239 3368 1278 sermo
3408 1236 3509 1293 est,
3552 1245 3674 1283 esse

2116 1306 2311 1363 potest,
2349 1300 2602 1358 docuisse
2624 1306 2956 1375 perhibetur.
3000 1311 3183 1385 Nugas
3211 1316 3426 1386 quidem
3463 1320 3612 1374 affert
3640 1338 3671 1375 a

2115 1386 2399 1445 Theodoro
2447 1394 2536 1449 vix
2592 1399 2862 1466 profectas
2937 1422 2951 1458 :
3012 1407 3169 1473 panis
3227 1411 3574 1465 eucharistici
3638 1430 3669 1467 α

2113 1477 2331 1538 Christo
2364 1486 2417 1539 in
2450 1501 2606 1542 caena
2636 1494 2940 1548 consecrati
2972 1498 3255 1565 particulis
3283 1502 3508 1573 singulis
3538 1519 3671 1571 apo-

2112 1573 2265 1627 stolis
2294 1574 2623 1647 distributis,
2663 1583 2835 1636 solum
2864 1583 3126 1643 Joannem
3157 1607 3309 1645 suam
3344 1596 3666 1663 particulam

2118 1680 2291 1734 usque
2315 1667 2383 1722 ad
2408 1667 2765 1729 Pentecosten
2792 1691 3165 1747 conservasse,
3192 1700 3256 1737 ex
3279 1700 3384 1754 qua
3409 1694 3666 1758 tanquam

2108 1772 2171 1811 ex
2205 1757 2471 1816 fermento
2494 1767 2726 1833 apostoli
2758 1784 2951 1837 panem
2992 1773 3373 1841 confecissent,
3410 1796 3516 1849 quo
3549 1782 3666 1852 pri-

2110 1866 2252 1904 mam
2305 1852 2577 1924 liturgiam
2612 1857 2665 1912 in
2712 1864 2995 1919 caenaculo
3038 1867 3396 1925 celebrarent.
3440 1873 3517 1927 Ita
3554 1875 3665 1930 fer-

2109 1951 2347 1998 mentum
2389 1961 2604 2003 sacrum
2644 1966 2709 2006 ex
2738 1968 2848 2008 uno
2877 1956 2931 2010 in
2967 1958 3191 2014 alterum
3227 1977 3419 2031 panem
3459 1967 3662 2021 eucha-

2106 2032 2351 2088 risticum
2385 2052 2480 2105 per
2517 2038 2734 2094 Adaum
2763 2053 2816 2098 et
2860 2044 3050 2103 Marim
3090 2054 3457 2120 apostolorum
3492 2059 3663 2115 disci-

2105 2124 2258 2192 pulos
2283 2125 2348 2179 ad
2375 2125 2542 2198 Syros
2562 2128 2867 2193 Orientales
2887 2140 3219 2208 traductum,
3247 2148 3391 2216 quod
3419 2154 3660 2207 sanetis-

2102 2213 2240 2268 sime
2254 2228 2584 2275 asservetur.
2614 2221 2780 2280 Porro
2796 2242 3015 2299 aquam,
3039 2246 3160 2301 qua
3179 2250 3246 2289 ex
3266 2235 3431 2293 latere
3454 2239 3658 2297 Christi

2099 2305 2397 2364 effluxisset
2425 2312 2492 2365 ab
2515 2312 2725 2373 Joanne
2748 2320 2801 2373 in
2834 2338 2997 2382 urceo
3016 2327 3297 2384 collectam
3330 2330 3654 2391 fermentum

2098 2398 2328 2454 alterum
2360 2416 2517 2473 aqua
2546 2407 2889 2478 baptismalis
2913 2414 3085 2473 fuisse
3105 2427 3159 2474 et
3190 2422 3257 2475 ab
3277 2422 3463 2479 eodem
3488 2427 3657 2483 Atla-.o

2098 2488 2251 2561 Syris
2295 2494 2668 2556 Orientalibus
2711 2504 2963 2562 traditam
3000 2528 3014 2565 :
3054 2512 3150 2567 sed
3204 2512 3318 2570 sive
3352 2518 3487 2572 liber
3531 2537 3657 2574 cor-

2094 2588 2287 2649 ruptus
2314 2592 2419 2651 est,
2447 2588 2583 2652 sive,
2615 2591 2753 2647 idem
2787 2596 2930 2650 enim
2964 2599 3094 2654 illud
3125 2602 3241 2672 ipse
3271 2602 3509 2663 Joannes
3539 2617 3654 2663 tra-

2091 2671 2221 2727 dere
2253 2675 2473 2744 dicitur,
2509 2683 2649 2737 male
2674 2685 3005 2755 intellectus,
3032 2693 3086 2747 in
3109 2710 3175 2749 eo
3198 2696 3265 2751 de
3294 2704 3652 2757 sacramentis

2089 2764 2251 2819 etiam
2280 2783 2459 2825 sermo
2490 2770 2610 2828 fuit.
2654 2775 2919 2835 Caterum
2977 2781 3278 2842 Nestoriani
3317 2794 3651 2860 posteriores

2088 2854 2141 2908 in
2171 2858 2367 2913 multas
2398 2877 2568 2933 nugas
2594 2866 2799 2939 delapsi
2832 2881 2983 2931 sunt.
3014 2875 3099 2930 Cf.
3130 2894 3181 2931 v.
3212 2895 3261 2934 c.
3310 2854 3485 2951 'i‘bilo,
3526 2886 3645 2940 cod.

2085 2944 2154 2999 Ν.
2192 2947 2251 3002 Τ.
2284 2966 2483 3019 apocr.,
2512 2957 2554 3020 I,
2584 2972 2635 3026 p.
2671 2974 2820 3014 χχχιι
2856 2978 2976 3034 sqq.

2666 3050 2730 3106 K.
2773 3052 3047 3122 Epistolw.

2152 3129 2390 3203 Denique
2420 3139 2675 3206 epistolas
2704 3143 2790 3198 hic
2830 3162 3195 3209 commemoro
3217 3195 3231 3219 ,
3267 3159 3522 3226 quoniam
3568 3178 3631 3217 ex

2078 3233 2230 3291 parte
2257 3237 2399 3283 certe
2438 3237 2741 3299 argumenti
2772 3238 3062 3310 dogmatici
3105 3244 3343 3300 fuerunt.
3380 3249 3635 3307 Pbotium

2078 3310 2346 3371 Theodori
2366 3320 2623 3388 epistolas
2657 3324 2849 3396 legisse
2878 3347 2941 3383 ex
2970 3333 3092 3387 cod.
3126 3335 3227 3388 177
3260 3342 3632 3410 cognoscitur.

2075 3400 2337 3461 Ebediesu
2375 3411 2411 3464 1.
2444 3426 2515 3474 c.,
2547 3429 2599 3483 p.
2630 3415 2718 3480 '55,
2750 3447 2819 3458 —
2854 3420 3047 3477 librum
3084 3400 3500 3498 Margariiarum
3521 3473 3535 3497 ,
3579 3436 3633 3488 in

2072 3511 2172 3564 quo
2218 3498 2329 3565 ejus
2366 3503 2601 3568 cpistola
2630 3507 2862 3564 collecta:
2908 3522 3049 3569 sunt.
3102 3515 3277 3573 Unum
3327 3521 3518 3593 fragm.
3565 3542 3631 3580 ex

2071 3583 2301 3652 epistola
2348 3589 2416 3641 ad
2466 3594 2751 3651 Artemium
2791 3601 3085 3659 Alexandr.
3127 3610 3311 3677 presb.
3368 3583 3631 3681 secunda,

2070 3677 2213 3745 quod
2247 3678 2313 3734 de
2352 3680 2617 3741 Trinitate
2651 3691 2780 3760 agit,
2826 3695 3072 3752 exhibuit
3117 3697 3243 3754 Fac.
3296 3719 3377 3767 Ill,
3422 3704 3487 3769 5;
3525 3677 3631 3761 tria

2068 3768 2310 3835 epistola
2359 3775 2428 3826 ad
2483 3776 2762 3848 Domuum,
2816 3786 2871 3839 in
2928 3790 3128 3858 quibus
3186 3793 3254 3848 de
3305 3809 3628 3853 naturarum

2066 3853 2266 3912 Christi
2295 3861 2482 3917 ἑνώσει
2512 3868 2650 3922 κατὰ
2682 3872 2927 3927 εὐδοκίαν
2947 3853 3271 3945 disseritur,
3303 3897 3367 3936 ex
3400 3887 3631 3940 Anasta-

2066 3948 2130 4002 sii
2155 3952 2335 4018 presb.
2367 3957 2549 4027 ecloge
2575 3962 2819 4031 χρήσεων
2848 3965 3190 4038 δογματικῶν
3221 3975 3400 4028 attulit
3428 3974 3624 4038 Jacob.

2066 4036 2340 4096 Sirmond.
2371 4045 2435 4098 ad
2463 4045 2588 4103 Fac.
2619 4066 2692 4115 Ix,
2725 4053 2777 4107 3.
2803 4036 3150 4115 Theodorum
3179 4072 3358 4119 autem
3381 4067 3448 4121 de
3473 4036 3624 4123 Cane

2062 4130 2170 4181 tico
2203 4135 2539 4189 canticorum
2579 4155 2696 4194 mea
2727 4149 2996 4202 sententia
3033 4150 3087 4205 in
3120 4154 3348 4223 epistola
3382 4157 3622 4226 quadam

2061 4220 2306 4286 pluribus
2338 4231 2661 4296 exposuisse
2698 4233 2808 4302 jam
2841 4251 3002 4308 supra
3033 4257 3086 4313 p.
3124 4220 3210 4310 61,
3242 4245 3311 4300 62
3341 4220 3477 4319 (col.
3508 4250 3623 4321 47)

2058 4311 2191 4367 dixi.

2059 4477 2246 4525 contre
2285 4471 2363 4564 les
2403 4473 2728 4564 Pelagiens._
2746 4483 3026 4564 Theodore
3054 4493 3134 4564 s'y
3165 4502 3356 4552 trouva
3384 4512 3513 4555 avec
3535 4501 3620 4559 les

2059 4548 2241 4597 autres
2266 4551 2317 4597 et
2340 4560 2371 4615 y
2395 4548 2669 4616 prononca
2698 4553 2793 4610 des
2815 4548 3129 4620 anathémes
3152 4548 3611 4627 contre—Julian:

1156 5424 1168 5430 ,
1288 5424 1303 5435 _
1450 5424 1525 5427 π
1558 5424 1813 5448 Ἴννα-..
1860 5424 1930 5439 ..ν
2038 5424 2238 5446 mem.
2290 5424 2347 5449 ιιι
2410 5424 2690 5458 ιιιυυηοτο
2743 5424 2903 5465 nemo
2937 5424 3093 5472 tacite
3144 5424 3415 5491 ingenium
3464 5443 3595 5497 poe-

376 5431 479 5486 cet,
506 5424 613 5480 duo
646 5428 825 5500 hymni
855 5440 1121 5503 referendi
1151 5469 1352 5525 essent,
1388 5464 1430 5517 si
1465 5476 1610 5523 recte
1641 5472 1689 5526 ei
1729 5476 1932 5532 tribne-
2030 5483 2196 5538 ticum
2228 5500 2505 5559 agnoscat.
2544 5494 2766 5555 Rectius
2797 5517 2926 5559 vero
2957 5505 3070 5564 hac
3099 5514 3299 5585 scripta
3335 5521 3382 5575 ei
3414 5523 3595 5580 vindi-

376 5518 580 5568 rentur.
614 5516 716 5572 Sed
743 5537 929 5583 eorum
961 5534 1095 5585 alter
1114 5539 1374 5585 Enhrmmi
1397 5565 1479 5585 ..ιο
1514 5556 1593 5585 ur
1650 5561 1823 5585 ιμμ-
1888 5568 1901 5585 ι
2151 5572 2165 5585 ·

376 5518 580 5621 lrentur.
614 5516 716 5572 Sed
743 5537 929 5583 eorum
961 5534 1095 5590 alter
1113 5516 1374 5610 Ephraini
1397 5565 1481 5606 cst
1514 5556 1605 5621 (cf.
1638 5561 1850 5618 Assem.
1888 5568 1924 5621 Ι.

375 5600 431 5723 1.,
462 5603 602 5723 1:03.
643 5609 748 5723 60).
776 5626 828 5670 et
868 5629 931 5723 ut
976 5600 1237 5723 hymnus,
1274 5600 1399 5709 qui,
1435 5600 1647 5704 Assem.
1686 5600 1924 5723 ridi:

374 5706 425 5794 p.
469 5694 573 5809 4.88
599 5738 615 5756 .
651 5713 919 5809 tes-te,_in
963 5694 1083 5776 cod.
1131 5694 1361 5794 quodam

371 5784 544 5847 inest.
601 5799 769 5867 magis
823 5801 1170 5873 Theodoreus
1228 5825 1298 5879 sit
1350 5798 1457 5899 ego
1508 5836 1720 5903 quidem
1772 5844 1923 5901 valde

2061 5722 2123 5778 A.
2160 5724 2349 5785 Tomus
2389 5732 2451 5788 de
2487 5739 2801 5797 sacerdotia.
2849 5744 2932 5803 Cf.
2965 5749 3154 5809 Ebedi.
3191 5759 3225 5815 Ι.
3263 5801 3326 5825 ..,
3368 5781 3420 5835 p.
3452 5768 3543 5825 83.

2066 5853 2126 5911 Β.
2167 5860 2354 5919 Tomus
2377 5872 2447 5923 ad
2485 5874 2782 5932 vitonacltos.
2830 5879 2913 5938 Cf.
2953 5882 3138 5945 Ebedi.
3176 5891 3209 5945 1.
3255 5892 3315 5962 1.,
3349 5912 3401 5966 p.
3454 5900 3542 5957 δι.
