3898 6228
292 277 350 330 ’Π
1057 271 1150 327 EX
1182 271 1429 329 LEONIS
1459 268 1735 326 ALLATII
1768 268 2094 327 DlATRlBA
2123 270 2212 326 DE
2242 265 2660 326 ‘I‘llEODORlS.
3427 262 3498 322 78

294 394 377 456 sit,
403 390 651 461 integram
680 403 791 444 non
824 403 948 446 esse
978 388 1074 462 (a),
1111 404 1422 462 quanquam
1452 405 1573 461 quae
1604 391 1821 460 dempta
1847 398 1895 454 Α
1925 390 2168 462 antiqua,
2214 389 2308 446 sed
2340 387 2595 444 Nestorio
2646 400 2929 458 perperam
2979 385 3262 441 tribuitur.
3308 386 3498 452 Quan-

293 499 452 557 quaave
499 482 676 535 addita
706 483 818 538 sint
844 483 1137 539 incertum.
1184 482 1259 538 Ut
1304 498 1433 538 vero
1461 482 1591 553 quid
1625 482 1693 536 de
1722 497 1824 535 au-

292 575 472 630 thentia
496 573 845 629 statuendum
875 573 1235 641 explicemus,
1273 574 1435 644 paulo
1468 574 1635 628 altius
1672 588 1825 643 repe-

232 664 247 692 ’
294 665 500 719 tendum.
558 662 1020 718 Nestorianorum
1075 671 1312 735 quatuor
1364 672 1495 720 sunt
1544 664 1822 731 liturgiae,

290 771 488 825 quarum
522 756 700 825 prima
745 753 852 810 SS.
916 757 1295 825 apostolorum
1329 756 1501 823 (Adaei
1535 764 1592 810 et
1634 754 1823 824 Maris)

291 846 463 900 dicitur
482 846 552 916 (ν,
584 845 838 901 Renaud.
873 847 909 901 l.
935 848 973 902 l.
1007 846 1134 917 ll,p.
1168 846 1825 915 584.597).Usitatissima

291 945 383 998 est,
409 938 611 1005 antiqua
661 938 823 991 etiam
852 977 867 1002 ,
902 939 997 992 sed
1030 948 1335 1007 temporum
1390 938 1625 992 decursu
1670 937 1827 992 valde

294 1038 466 1081 mutata
493 1029 576 1097 (cf.
609 1045 668 1081 v.
699 1044 749 1083 c.
774 1044 827 1098 p.
861 1028 987 1091 588,
1009 1029 1103 1085 ubi
1128 1028 1389 1084 sacerdos
1429 1028 1654 1082 Mariam
1681 1036 1823 1093 orat,

295 1134 348 1176 ut
376 1136 457 1192 pro
475 1138 526 1176 se
558 1120 756 1175 Filium
791 1121 1154 1191 deprecetur).
1184 1120 1437 1176 Secunda
1472 1129 1557 1176 est
1586 1121 1831 1224 Diodori‘

295 1216 497 1269 nondum
536 1224 805 1285 quantum
870 1212 985 1268 scio
1028 1212 1195 1267 edita.
1248 1211 1648 1267 Renaudotium
1677 1253 1691 1276 ,
1734 1211 1827 1282 qui

293 1307 465 1360 nullam
494 1305 712 1359 Diodori
767 1304 1041 1373 liturgiam
1083 1303 1252 1357 fuisse
1300 1303 1517 1358 dixerat
1557 1305 1595 1356 l.
1645 1304 1707 1369 l.,
1762 1304 1825 1367 ll,

293 1416 338 1465 p.
367 1400 471 1461 559,
522 1399 651 1460 575,
705 1398 851 1460 629.,
888 1412 1161 1466 quemque
1214 1394 1286 1448 La
1345 1395 1519 1449 Croze
1565 1395 1707 1449 Hist.
1756 1394 1829 1447 du

290 1486 455 1541 Christ.
484 1489 572 1542 des
613 1488 794 1551 Indos,
826 1487 866 1551 l,
899 1504 951 1557 p.
985 1487 1090 1541 522
1112 1485 1219 1552 (Cf.
1241 1486 1361 1554 ejus
1396 1486 1709 1557 Remarques
1740 1502 1831 1539 sur

287 1580 421 1633 t‘hist.
462 1579 529 1632 du
560 1580 687 1633 Chr.
725 1580 815 1633 des
864 1578 1046 1642 Index,
1092 1578 1247 1633 Halle
1290 1579 1445 1641 1757,
1470 1595 1521 1648 p.
1559 1578 1645 1635 15)
1672 1594 1831 1633 secu-

282 1677 359 1724 tus
403 1679 511 1723 erat
536 1710 550 1732 ,
591 1670 847 1725 refutavit
896 1672 1101 1724 Assem.
1136 1670 1172 1722 Ι.
1206 1671 1241 1723 Ι.
1274 1668 1363 1732 111,
1413 1687 1463 1732 ι.
1496 1686 1548 1741 p.
1585 1669 1671 1735 29,
1711 1671 1779 1724 ’50
1815 1686 1829 1734 ;

1925 498 2085 552 quam
2114 499 2215 537 cur
2249 483 2355 536 hoc
2400 481 2602 534 factum
2636 480 2729 543 sit,
2758 478 2985 546 vestigia
3016 478 3263 547 quaedam
3290 479 3497 534 veteris

1926 577 2159 646 liturgiie
2193 573 2820 642 Constantinopolitanae
2865 570 3124 641 produnt,
3163 585 3284 640 quae
3325 570 3381 624 in
3431 587 3494 625 ea

1926 670 2177 725 videntur
2210 670 2409 723 inesse.
2441 666 2558 721 Jam
2586 680 2708 718 cum
2732 664 2907 733 prima
2944 663 3033 717 illa
3080 671 3133 717 et
3179 672 3372 731 quarta
3408 662 3497 732 (de

1928 759 2166 814 secunda
2217 758 2353 811 nihil
2398 755 2697 826 loquimur)
2746 755 2885 809 falso
2920 754 2987 807 ad
3043 763 3294 809 auctores
3323 768 3494 824 quos-

1926 852 2049 905 dam
2081 851 2410 909 referantur,
2444 849 2586 903 idem
2615 848 2668 901 in
2700 848 2916 901 tertiam
2965 846 3161 900 cadere
3185 845 3327 900 male
3360 860 3492 899 con-

1926 943 2136 996 cludas.
2162 940 2294 993 lllud
2321 940 2465 994 enim
2496 954 2602 993 non
2642 937 2829 1007 nugati
2854 942 2982 990 sunt.
3022 934 3351 998 Nestoriani,
3386 935 3496 988 imo

1930 1032 2141 1087 facilem
2173 1047 2414 1087 errorem
2445 1030 2804 1085 admiserunt.
2843 1026 3097 1099 Vulgaris
3129 1027 3218 1079 illa
3245 1036 3299 1081 et
3327 1043 3355 1079 a
3397 1024 3499 1079 Pa-

1928 1128 2108 1180 tribns
2138 1135 2361 1195 accepta
2398 1123 2615 1191 liturgia
2665 1121 2826 1176 facile
2866 1121 2936 1174 ab
2993 1119 3276 1189 apostolis,
3326 1120 3496 1173 altera

1929 1218 2146 1271 aliunde
2171 1225 2229 1269 ut
2253 1216 2467 1271 videtur
2508 1215 2669 1269 allata
2713 1214 2871 1268 facile
2896 1229 2925 1267 a
2958 1212 3211 1268 Nestorio
3244 1213 3493 1282 repetita.

1930 1309 2037 1363 Sed
2076 1324 2199 1363 cum
2250 1307 2595 1362 Theodorum
2628 1307 2903 1376 liturgiam
2956 1306 3334 1374 composuisse
3360 1320 3495 1358 con-

1931 1408 2055 1463 stet,
2085 1414 2186 1468 ego
2212 1398 2431 1467 quidem
2465 1397 2608 1450 illam
2639 1397 2687 1451 ei
2714 1397 3084 1465 ascripserim.
3118 1394 3270 1448 Ultra
3314 1404 3494 1449 tamen

1931 1492 2369 1563 probabilitatem
2420 1490 2668 1560 progredi
2713 1504 2821 1543 non
2851 1489 3047 1542 audeo.
3075 1486 3151 1541 Ex
3184 1487 3395 1542 interna
3432 1488 3496 1541 li-

1930 1583 2121 1652 turgiae
2152 1582 2330 1635 indole
2364 1581 2505 1635 hanc
2523 1584 2576 1634 in
2602 1596 2712 1635 rem
2743 1580 2875 1633 nihil
2902 1580 3145 1635 edicitur.
3175 1578 3308 1633 Nam
3338 1587 3399 1633 ut
3428 1580 3496 1634 de

1930 1677 2115 1747 lingua
2151 1675 2362 1736 sileam,
2389 1673 2635 1727 doctrina
2672 1674 2724 1726 in
2776 1672 2929 1727 libris
2962 1672 3228 1742 liturgicis
3258 1686 3358 1727 nec
3399 1671 3497 1725 do-

281 1762 385 1816 vide
436 1763 594 1816 etiam
653 1778 703 1831 p.
748 1761 876 1817 256.
934 1762 1114 1817 Tertia
1144 1761 1417 1816 Theodori
1469 1778 1497 1815 a
1550 1760 1825 1816 Dominica
1862 1754 1901 1808 Β
1930 1768 2159 1836 gmatica
2193 1766 2582 1836 perspicuitate
2620 1765 2937 1820 cnucleatur
2968 1780 3143 1834 neque
3182 1781 3243 1819 ea
3275 1763 3497 1819 all'ertur

280 1840 430 1922 prima
455 1855 907 1909 Annuntialiouis
934 1871 1110 1925 usque
1132 1856 1197 1910 ad
1231 1855 1569 1909 Dominicaut
1618 1853 1825 1909 Palma-

277 1960 381 1996 rum
427 1944 720 2010 celebrata,
759 1961 826 1999 eo
884 1946 1152 2014 imprimis
1189 1962 1216 1998 a
1247 1947 1418 2015 prima
1447 1944 1650 2007 diﬂ'ert,
1678 1946 1824 2014 quod

277 2033 508 2088 sacerdos
551 2035 824 2104 prolixius
883 2037 1146 2104 loquitur.
1183 2035 1390 2102 Quarta
1444 2036 1677 2105 denique
1723 2035 1826 2090 Nc-

274 2123 410 2177 storii
439 2124 714 2192 (Kenaud.
753 2127 789 2178 l.
818 2127 851 2179 Ι.
881 2126 945 2187 li,
976 2143 1028 2197 p.
1079 2126 1356 2197 626-638),
1396 2128 1684 2196 quinquies
1722 2127 1830 2181 sin-

276 2213 397 2280 gulis
420 2215 575 2268 annis
625 2216 921 2277 celebrata,
948 2217 1192 2271 eamdem
1237 2232 1400 2287 quam
1434 2216 1701 2271 Theodori
1739 2216 1826 2269 in-

271 2303 427 2360 dolem
457 2306 651 2369 refert,
696 2308 802 2361 nisi
829 2308 974 2377 quod
1014 2309 1302 2364 verbosior
1338 2317 1442 2364 est.
1481 2307 1577 2364 Est
1609 2309 1825 2379 quidem

333 2504 397 2575 (al
428 2504 547 2560 Haec
571 2507 912 2577 conjectura,
941 2507 1208 2577 siquidem
1253 2508 1623 2576 conjecturam
1657 2507 1815 2573 dicis,

269 2577 397 2646 quod
442 2593 536 2646 per
575 2593 640 2632 se
671 2587 881 2631 certum
930 2586 1033 2638 est,
1066 2579 1338 2631 immerito
1383 2577 1726 2631 Renaudotio
1778 2579 1812 2631 I.

266 2644 396 2717 ι;,ρ.
439 2644 561 2712 578,
592 2647 769 2702 futilis
823 2662 997 2717 neque
1040 2649 1165 2702 ullis
1213 2648 1549 2719 argumentis
1592 2646 1820 2702 fundata

1927 1860 2032 1914 nisi
2060 1875 2180 1929 qua:
2210 1860 2264 1913 in
2311 1870 2479 1923 metu,
2504 1859 2591 1912 cui
2637 1858 2889 1913 destinati
2943 1866 3094 1921 sunt,
3140 1867 3355 1927 recepta
3390 1866 3493 1912 est.

1927 1947 2341 2003 Nestorianismi
2394 1957 2572 2003 autem
2614 1948 2811 2001 indicia
2854 1946 3140 2001 manifesta
3172 1961 3278 2000 non
3320 1947 3495 2000 solum

1928 2034 2161 2091 Nestorii
2202 2038 2294 2091 illa
2343 2038 2586 2106 liturgia,
2627 2045 2686 2090 ιιι
2724 2037 2968 2091 Ιὶθηδυσὶ.
3008 2038 3045 2091 l.
3073 2037 3108 2092 l.
3146 2053 3199 2106 p.
3229 2036 3494 2102 643,644,

1926 2130 2221 2192 existimat,
2250 2129 2342 2184 sed
2370 2130 2590 2199 reliquae
2621 2129 2783 2183 etiam
2814 2130 3115 2190 continent,
3145 2144 3209 2183 ea
3242 2128 3496 2183 nimirum

1931 2236 2052 2292 quae
2076 2221 2129 2275 in
2160 2221 2409 2290 liturgias
2433 2220 2627 2275 cadere.
2656 2229 2905 2289 possunt.

1927 2509 2145 2581 dicitur.
2168 2509 2499 2579 Argumenta
2536 2508 2702 2581 credo
2744 2516 2830 2581 sat
2866 2510 3036 2581 multa
3072 2510 3496 2581 suppeditabunt

1927 2582 2061 2634 varii
2090 2578 2541 2635 Nesto’rianorum
2576 2580 2699 2634 libri
2725 2578 2997 2635 missales.

292 2791 3481 2829 W—

1498 2816 1703 2825 .——.

1393 2972 2360 3101 EXCERPTUM

431 3226 605 3318 EX
678 3225 1117 3320 LEONIS
1171 3222 1644 3312 ALLATII
1704 3220 2261 3313 DIATRIBA
2339 3222 2484 3308 DE
2559 3219 3263 3314 THEODORIS

1641 3416 1825 3480 (Non.
1862 3417 2075 3497 LXV.)

678 3587 868 3650 (Edidit.
886 3594 944 3636 et
964 3588 1093 3637 notis
1115 3587 1376 3636 illustravit
1399 3586 1528 3636 card.
1556 3587 1750 3647 Angeto
1779 3584 1895 3643 Mar,
1915 3585 1963 3633 in
1990 3583 2279 3635 Bibliotheca
2298 3600 2419 3637 nova
2440 3589 2665 3646 Patrum,
2693 3594 2728 3638 t.
2752 3589 2833 3648 Vl,
2858 3604 2904 3651 p.
2935 3589 3065 3650 liti.)

318 3905 647 3960 Theodorus
693 3903 1109 3973 Mopsuestenus
1151 3902 1444 3958 Diodorum
1491 3902 1648 3957 Tarsi
1701 3906 1822 3972 epi-
1852 3892 1894 3949 C
1928 3912 2044 3957 tum
2082 3903 2208 3957 vitae
2262 3903 2574 3959 institutum
2626 3906 2806 3961 denuo
2843 3882 3232 3972 exosculatus,
3288 3924 3490 3982 usque-

257 4008 472 4064 scOpnm
506 3995 721 4059 audiit,
751 4001 803 4049 et
829 3992 1147 4047 Flavianum
1178 3994 1530 4049 Antiochense
1566 3996 1825 4050 Ecclesiae

258 4088 589 4152 antistitem;
618 4103 918 4155 eorumque
938 4086 1283 4156 dogmatibus
1301 4090 1574 4143 enutritus
1599 4096 1653 4142 et
1679 4088 1826 4141 clare

256 4186 409 4248 atque
460 4179 686 4234 fortiter
729 4180 1011 4234 elaborare
1048 4180 1307 4243 edoctus,
1356 4189 1415 4233 ut
1464 4181 1540 4233 ait
1582 4179 1826 4234 Domnus

253 4272 628 4328 Antiochenus
666 4273 734 4325 ad
764 4272 1112 4327 Theodosium
1138 4274 1541 4339 imperatorem,
1582 4285 1635 4328 et
1662 4273 1826 4329 Joan-

252 4375 341 4417 nes
373 4365 426 4417 in
452 4381 555 4419 sua
591 4364 665 4417 ad
695 4365 973 4417 concilium
1000 4363 1353 4418 Orientalium
1381 4367 1623 4431 epistola,
1652 4368 1824 4422 lucre-

250 4458 474 4513 ticorum
507 4459 756 4513 catervis
806 4458 1089 4511 immissus
1121 4466 1224 4511 est.
1258 4455 1381 4511 Fuit
1422 4457 1649 4514 Joannis
1681 4459 1824 4514 Con-

254 4550 730 4621 stantinOpolitani
764 4550 1010 4619 episc0pi
1042 4548 1483 4619 condiscipulus,
1516 4550 1824 4620 erudiitque

250 4642 588 4706 Nestorium,
633 4650 695 4694 ut
725 4652 919 4710 praeter
954 4641 1091 4694 alios
1121 4639 1284 4694 habet
1317 4639 1578 4710 Evagrius
1616 4640 1822 4696 llistor.

250 4735 425 4787 mles.
458 4735 557 4788 lib.
595 4750 636 4797 ι,
673 4747 791 4800 cap.
827 4732 880 4796 '2,
914 4738 967 4785 et
998 4731 1390 4785 Anthiochenze
1423 4731 1679 4787 Ecclesiae
1710 4743 1822 4785 tum

250 4826 358 4894 ipse
389 4825 752 4886 Theodorus,
792 4832 908 4876 tum
953 4823 1269 4886 Nestorius,
1301 4824 1557 4880 exstitere
1604 4825 1827 4895 presby-

248 4922 366 4971 teri.
390 4918 499 4972 Sed
520 4916 877 4971 Theodorum
904 4914 1342 4984 Mopsuestenum
1362 4914 1672 4984 episcopum
1702 4931 1826 4969 con-

248 5011 564 5064 cionantem
640 5007 943 5061 Antiochiae
1001 5006 1256 5060 audiebat
1305 5004 1591 5060 Nestorius
1648 5007 1826 5061 adhuc

247 5104 553 5173 presbyter,
596 5100 829 5169 insignis
867 5109 919 5152 et
952 5099 1066 5167 ipse
1106 5098 1160 5151 in
1200 5097 1478 5160 doctendo,
1514 5107 1571 5151 ut
1606 5096 1825 5153 Genna-

240 5195 360 5249 dius
402 5211 534 5265 cap.
597 5193 669 5247 5‘5
709 5199 964 5253 testatur,
992 5198 1046 5244 et
1080 5205 1147 5245 ex
1180 5199 1422 5259 tempore
1465 5190 1817 5246 declamator.
1852 5225 1897 5279 Β

242 5286 551 5355 Antequam
602 5282 941 5351 episc0patui
977 5288 1255 5350 prmesset,
1290 5282 1342 5334 in
1376 5296 1623 5335 eremum
1667 5298 1822 5336 sece—

240 5379 370 5431 dens
411 5376 729 5430 solitariam
772 5373 940 5427 vitam
992 5373 1136 5442 egit,
1177 5372 1269 5426 sed
1323 5372 1506 5425 mundi
1553 5373 1825 5427 illecebris

1926 4008 2034 4062 quo
2078 3992 2233 4047 licuit
2270 3994 2629 4049 continuavit.
2673 3993 2913 4051 Tandem
2944 3997 3237 4069 episcopus
3268 3999 3447 4059 factus
3474 4044 3490 4066 ,

1927 4085 1981 4138 in
2011 4100 2142 4153 pace
2185 4086 2466 4141 catholica:
2502 4088 2941 4155 communionis,
2981 4105 3093 4144 non
3145 4092 3322 4146 solum
3374 4096 3494 4149 sine

1928 4181 2036 4234 ulla
2070 4183 2310 4251 querela,
2350 4184 2443 4240 sed
2490 4185 2654 4239 etiam
2688 4200 2814 4239 cum
2852 4184 3023 4254 gloria
3063 4200 3258 4256 magna
3294 4184 3493 4239 defun—

1927 4281 2087 4334 ctus,
2125 4281 2184 4327 ut
2222 4283 2375 4329 notat
2424 4274 2713 4330 Facundus
2751 4274 3162 4332 liermiancnsis
3196 4293 3292 4346 pro
3332 4278 3491 4330 trium

1928 4362 2279 4431 capitulorum
2316 4363 2615 4434 defensione
2645 4366 2740 4419 lib.
2775 4381 2897 4429 vnt,
2930 4381 3053 4436 cap.
3090 4367 3142 4432 i,
3192 4382 3256 4421 ex
3285 4364 3493 4421 Joanne

1928 4453 2303 4520 Antiocheno,
2333 4456 2600 4525 agonibus
2634 4456 2896 4514 adversus
2931 4458 3162 4513 Arianos
3182 4497 3197 4521 ,
3227 4468 3282 4513 et
3306 4457 3492 4512 Euno—

1928 4550 2175 4611 mianos,
2214 4557 2267 4602 et
2317 4547 2454 4601 alios
2508 4546 2794 4603 haereticos
2842 4547 3092 4617 plurimis
3128 4563 3225 4618 per
3276 4562 3491 4603 omnem

1927 4658 2081 4697 suam
2111 4642 2274 4696 vitam
2301 4641 2502 4712 ubique
2534 4641 2847 4707 decoratur,
2874 4651 2928 4697 et
2964 4657 2993 4694 a
3025 4643 3234 4715 synodo
3265 4643 3491 4698 Chalce-

1928 4734 2189 4796 donensi,
2223 4749 2251 4786 a
2285 4732 2494 4788 Joanne
2518 4732 3126 4803 Constantinopolitano
3165 4742 3326 4803 atque
3353 4732 3490 4788 Gre-

1926 4827 2080 4895 gorio
2132 4824 2511 4890 Nazianzeno,
2546 4833 2861 4895 superstes,
2892 4833 2947 4880 et
2994 4832 3118 4895 post
3164 4826 3373 4879 obitum
3401 4865 3416 4888 ,
3460 4840 3491 4878 a

1926 4917 2131 4973 Joanne
2158 4926 2211 4973 et
2236 4917 2441 4972 Domno
2463 4916 2837 4981 Antiochenis,
2866 4924 2920 4972 et
2943 4923 3052 4970 tota
3070 4916 3279 4987 synodo
3299 4915 3491 4971 Orien-

1928 5010 2019 5072 tis,
2053 5020 2215 5077 atque
2246 5007 2450 5080 Cyrillo
2478 5007 2868 5073 Alexandrino,
2903 5014 2958 5060 et
2990 5005 3185 5060 Proclo
3221 5005 3491 5062 Constan-

1928 5101 2284 5171 tinopolitano
2316 5112 2506 5155 contra
2542 5100 2980 5155 adversariorum
3009 5098 3313 5153 calumnias
3347 5098 3493 5153 mul-

1926 5191 2095 5261 tiplici
2134 5191 2346 5246 ratione
2392 5191 2726 5247 defenditur.
2768 5189 2835 5244 Et
2878 5205 3038 5253 sane,
3071 5204 3195 5245 cum
3226 5189 3406 5245 adhuc
3434 5191 3491 5245 in

1929 5280 2064 5334 vivis
2085 5288 2253 5345 esset,
2286 5280 2357 5334 ob
2382 5281 2633 5351 dogmata
2663 5279 2897 5334 neminis
2922 5278 3277 5334 oﬂ‘ensionem
3307 5279 3493 5333 incur-

1923 5371 2065 5426 risse
2104 5372 2297 5439 probat
2329 5388 2546 5442 quoque
2574 5371 2835 5426 Leontius
2863 5369 2941 5425 De
2985 5372 3140 5425 sectis
3172 5380 3281 5424 act.
3329 5386 3403 5433 tv,
3434 5370 3491 5424 5.

240 5478 289 5521 et
330 5468 574 5521 limirize
628 5464 883 5518 sordibus
932 5463 1223 5533 pellectus,
1270 5477 1433 5532 quam
1484 5464 1824 5531 amplexatus

1927 5461 2054 5531 Περὶ
2098 5460 2153 5512 δὲ
2184 5462 2310 5524 τοὺς
2341 5461 2562 5532 χρόνους
2606 5460 2847 5524 ἐκείνους
2889 5460 3137 5530 ἐγένοντο
3166 5459 3261 5513 δύο
3300 5459 3495 5526 ἄνδρες

239 5560 414 5613 trierat
440 5557 577 5609 vita:
619 5556 737 5609 vale
777 5554 1002 5616 dicens,
1048 5554 1102 5608 in
1151 5555 1412 5607 mundum
1460 5554 1722 5625 confugit,
1770 5565 1825 5610 et

238 5650 491 5704 desertor
522 5648 705 5703 factus
731 5654 816 5701 est
840 5664 856 5702 :
885 5645 1229 5717 postmodum
1258 5645 1422 5701 dictis
1445 5644 1819 5717 Cbrysostomi

238 5743 610 5815 resipiscens,
638 5740 961 5797 delictorum
992 5739 1206 5797 veniam
1237 5741 1521 5810 impetrat,
1548 5747 1602 5795 et
1636 5739 1821 5796 deser-

1924 5553 2167 5625 μεγὰλοι,
2197 5553 2455 5624 Διόδωρος
2476 5556 2504 5606 ὁ
2528 5551 2739 5625 Ταρσοῦ
2769 5553 3083 5618 ἐπίσκοπος,
3109 5550 3201 5604 καὶ
3220 5549 3494 5624 Θεόδωρος

1926 5649 1954 5700 ὁ
1982 5645 2369 5715 Μοψουεστίας,
2397 5646 2450 5698 οἵ
2474 5662 2614 5709 τινες
2643 5647 3075 5716 ἀντηγωνίσαντο
3106 5644 3243 5715 πρὸς
3281 5643 3496 5716 Ἀρδια-

1928 5740 2070 5803 νοὺς,
2086 5739 2179 5792 καὶ
2201 5738 2547 5803 Μακεδόνων,
2578 5741 2672 5794 καὶ
2702 5739 3123 5812 Ἀπολλινὰριον,
3136 5739 3229 5792 καὶ
3242 5739 3340 5810 τὴν
3362 5737 3492 5810 ὅλην
