3906 6208
252 425 358 498 δι’
1437 411 1758 487 υιέιτιιιιιλ
1801 423 1889 478 DE
1927 417 2344 479 THEODORIS.
3445 405 3520 462 ss

255 569 485 627 quantm
513 553 698 623 gratia
725 569 759 606 a
781 555 981 607 sanctis
1005 550 1278 615 Patribus,
1299 549 1520 618 paganis
1543 557 1592 600 et
1611 542 1840 600 ludatis,

1965 538 2033 591 τὸν
2058 537 2114 592 δὲ
2143 536 2276 590 Θεὸν
2299 532 2469 602 Λόγον
2494 530 2583 586 διά
2613 529 2710 600 τὴν
2727 524 3170 596 ὑπερϐάλλουσαν
3199 521 3364 576 αὑτοῦ
3389 520 3522 594 ἀρε-

252 659 308 702 et
342 647 633 702 Sodomitis
665 644 1050 700 adnumeratus
1076 651 1174 709 est,
1197 644 1264 695 ab
1291 642 1384 696 illo
1410 650 1638 703 tempore
1657 651 1843 690 nomen

254 739 374 802 eius
419 751 485 791 ea:
517 735 859 791 sacerdotum
899 733 1132 804 ejusdem
1166 733 1418 787 Ecclesia:
1451 730 1693 800 catalogo
1751 744 1844 780 seu

258 828 521 897 diptgchis
563 829 824 896 expunxit
848 867 862 890 ,
895 824 1331 896 quemadmodum
1369 834 1488 878 acta
1521 837 1612 876 seu
1655 833 1842 873 monu-

263 931 444 972 menta
473 921 527 971 in
552 919 648 972 illa
677 920 890 973 ciuitate
917 917 982 972 de
1007 918 1106 971 hoc
1139 918 1196 970 in
1225 918 1582 985 episcoporum
1622 910 1844 966 concilio

267 1009 414 1062 illius
446 1009 726 1076 prouincia!
758 1018 1037 1063 testantur.
1079 1007 1147 1060 Et
1173 1007 1225 1061 in
1259 1007 1408 1061 illius
1437 1006 1616 1060 locum
1653 1001 1842 1072 Cyrilli

267 1100 624 1155 Alexandrini
663 1102 908 1164 mentio,
957 1100 1049 1170 qui
1099 1099 1363 1154 adversus
1387 1112 1550 1163 eum,
1591 1095 1846 1162 illiusque

270 1190 526 1259 dogmata
546 1199 823 1245 certamen
846 1190 1113 1253 subierat,
1134 1188 1360 1244 suﬂ'ecta
1395 1185 1518 1251 fuit,
1546 1174 1692 1254 quod
1718 1183 1845 1253 plu-

237 1279 533 1358 .rimorum
573 1279 910 1334 testimoniis
948 1279 1002 1333 in
1048 1277 1256 1348 synodo
1290 1277 1682 1346 Mopsuestcna
1716 1286 1845 1340 pro-

271 1369 447 1424 batur.
477 1369 747 1440 Georgius
771 1371 1056 1425 Cedreuus
1085 1370 1140 1424 in
1169 1369 1396 1439 synopsi
1425 1365 1502 1420 de,
1531 1362 1574 1416 V
1606 1363 1845 1434 generali

271 1460 500 1530 synodo,
559 1477 614 1532 p.
665 1460 770 1515 5⁵16
798 1475 812 1512 :
836 1460 956 1514 Ἔτι
1001 1459 1060 1513 δὲ
1101 1460 1198 1513 καὶ
1246 1459 1388 1512 κατά
1435 1456 1709 1529 Θεοδώρου
1751 1456 1845 1510 τοῦ

269 1550 646 1621 Ποψουεστίας
668 1594 684 1617 ,
724 1551 1041 1606 διδασκάλω
1089 1553 1374 1622 γεγονότος
1411 1549 1504 1604 τοῦ
1550 1550 1845 1620 Νεστορίου

265 1644 356 1696 τοῦ
389 1644 796 1715 ίουδαιόφρονος
818 1683 834 1708 ,
867 1644 1273 1713 άναθεμάτισαν
1316 1642 1456 1713 μετὰ
1482 1645 1579 1713 τῆς
1617 1641 1846 1711 λεγομέη

266 1751 361 1805 νης
405 1735 535 1789 ἰδα
565 1736 850 1806 ἐπιστολῆς
875 1751 888 1766 ο
926 1735 1250 1804 Theodorum
1293 1725 1494 1804 quoque
1521 1737 1846 1802 Mopsueste-

265 1843 390 1879 num
436 1828 742 1896 episcopum
775 1840 1148 1894 prmeeptarem
1175 1824 1411 1880 Nestorii
1454 1825 1590 1894 ejus,
1633 1821 1849 1893 quilu-

1945 631 2043 695 τὴν
2068 632 2190 684 κατ’
2213 626 2459 680 εὐδοκίαν
2483 625 2544 677 ὲν
2572 621 2723 692 αὐτῷ
2754 618 3178 689 κατοικήσαντα,
3201 612 3524 685 μεταδοῦναι

1946 721 2110 776 αὑτοῦ
2137 719 2236 789 τῆς
2264 717 2450 787 θεῖκῆς
2477 714 2633 781 ἀξίας
2663 712 2758 766 καὶ
2786 709 3204 780 προσκυνήσεως
3244 706 3324 769 είς
3364 704 3523 758 ὓστε-

1949 831 2040 884 ρον
2069 811 2211 867 κατά
2235 809 2336 879 τὴν
2360 807 2660 862 τελείωσιν.
2683 803 2870 858 Ταῦτά
2901 819 2961 854 τε
2993 799 3088 854 καὶ
3137 799 3303 871 ἔτερα
3351 795 3524 850 πολλὰ

1945 903 2306 972 δυσφημήσας
2320 897 2567 961 τοιαῦτα,
2588 895 2682 950 δύο
2698 893 2887 964 φύσεις
2913 888 3391 960 ίδιοπεριορίστους
3420 902 3527 956 φη-

1949 991 2032 1046 σὶν
2052 991 2246 1044 εἰδέναι
2265 989 2357 1042 ἐπὶ
2377 984 2634 1058 Χριστοῦ,
2655 984 2836 1055 σχέσει
2849 981 2957 1036 τινὶ
2982 981 3073 1033 καὶ
3101 979 3262 1048 μόνον
3274 975 3527 1044 ἀλλήλαις

1946 1083 2324 1154 οίκειωμένας.
2344 1081 2582 1152 Δευτέρα
2605 1079 2700 1132 καί⁵
2729 1076 2866 1146 αῦτη
2883 1074 3059 1144 πλάνη
3074 1071 3168 1125 τοῦ
3187 1070 3316 1142 μίαν
3342 1068 3525 1138 φύσιν,

1903 1214 1905 1216 -
1947 1178 2042 1231 καὶ
2073 1175 2165 1229 δύο
2187 1174 2378 1244 φύσεις
2407 1169 2880 1242 ίδιοπεριορίστους
2921 1165 2997 1238 μὴ
3042 1162 3187 1218 κατά
3235 1162 3326 1215 τὸν
3367 1159 3528 1232 ὀρθὸν

1947 1269 2104 1336 λόγον
2127 1263 2502 1337 ὁμολογεῖσθαι
2531 1263 2590 1316 ὲν
2616 1261 2693 1332 τῷ
2723 1256 2961 1332 Χριστῷ.
3017 1254 3149 1310 Post
3194 1253 3331 1306 hunc
3365 1249 3529 1320 Apol-

1949 1363 2195 1424 linarem,
2224 1365 2430 1426 repente
2474 1355 2677 1410 exstitit
2709 1351 3015 1407 Theodorus
3046 1345 3263 1416 quidam
3291 1342 3533 1412 Mopsue-

1947 1454 2064 1508 stiie
2092 1450 2260 1513 urbis,
2292 1450 2344 1503 in
2388 1449 2596 1519 regione
2641 1443 2888 1508 Cilicum,
2918 1439 3265 1510 pra'sulatum
3320 1443 3528 1495 nactus,

1949 1543 2254 1614 Apollinari
2298 1543 2455 1610 plane
2492 1538 2814 1599 contrarius,
2875 1533 2964 1600 qui
3021 1529 3366 1585 contumelias
3426 1541 3529 1579 non

1949 1636 2188 1707 vulgares
2212 1632 2406 1687 audaci
2434 1635 2634 1693 animo,
2655 1639 2702 1682 et
2730 1625 3086 1695 intperterrito
3113 1619 3269 1676 corde
3295 1620 3348 1672 in
3372 1618 3533 1673 Chriv

1949 1738 2090 1782 stum
2112 1725 2401 1780 Dominum
2426 1722 2635 1792 effudit,
2660 1720 2922 1774 hominem
2951 1732 3136 1782 unum,
3165 1712 3332 1767 nostri
3389 1710 3534 1764 sinti-

1951 1823 2074 1882 letn,
2103 1829 2152 1874 et
2177 1819 2446 1887 vulgarem
2478 1810 2813 1883 appellando,
2834 1809 2944 1879 qui,
2969 1823 3034 1861 ea:
3057 1819 3336 1875 progressu
3351 1800 3532 1872 gratia

263 1917 435 1970 deicis
463 1917 736 1972 erroribus
781 1935 1036 1988 germana
1083 1921 1274 1985 sensit,
1308 1929 1360 1974 et
1408 1888 1520 1974 Ibin
1567 1888 1849 1989 epistolam
1879 1888 1922 1947 Β
1953 1911 2051 1965 Dei
2081 1917 2315 1976 accepta,
2349 1907 2489 1962 Deus
2518 1905 2836 1965 nominetur,
2861 1909 2908 1954 et
2929 1916 2959 1952 a
2987 1897 3304 1967 baptismate
3329 1895 3382 1947 in
3407 1889 3535 1946 Jor-

265 2011 824 2064 anathematisarunt.
855 2009 1082 2066 Pbo‘tius
1129 2013 1182 2065 in
1242 2009 1568 2065 Bibliotheca
1597 2011 1720 2066 cod.
1748 2009 1844 2064 18:

279 2113 622 2184 ’Δνεγνώσθη
657 2116 935 2186 πρακτικά
979 2116 1078 2185 τῆς
1104 2117 1364 2187 πέμπτης
1404 2115 1643 2178 συνόδου,
1685 2114 1744 2166 ἐν
1768 2106 1850 2175 οἷς

266 2202 331 2252 τὰ
367 2201 650 2271 λεγόμενα
693 2203 828 2270 Τρία
865 2202 1159 2272 κεφάλαια
1211 2202 1578 2273 ἐτρακταῒσθη
1625 2201 1694 2254 τά
1725 2199 1852 2269 περὶ

279 2293 616 2362 Ὀριγένους,
640 2295 734 2346 καὶ
755 2293 1156 2364 άνεθεματίσθη
1172 2295 1334 2358 αὐτὸς
1355 2295 1448 2347 καὶ
1471 2294 1540 2346 τά
1567 2292 1853 2364 συγγράμ-

273 2399 414 2453 ματα
441 2383 638 2437 αυτοῦ·
661 2386 730 2437 τά
757 2387 884 2456 περὶ
907 2385 1169 2456 Διοδώρου
1201 2384 1439 2457 Ταρσοῦ,
1463 2387 1554 2438 καὶ
1577 2382 1852 2453 Θεοδώρου

273 2477 360 2530 τοῦ
379 2478 789 2547 ὶίοψουεστίας,
820 2479 914 2532 καὶ
930 2481 1084 2532 αὐτοὶ
1101 2480 1304 2550 ὁμοίως
1322 2479 1478 2532 ἀνεθε
1489 2495 1592 2549 ματ
1603 2477 1849 2548 ίσθησαν·

274 2569 442 2624 Lectae
463 2581 592 2625 sunt
628 2573 859 2626 actiones
887 2575 1084 2642 quintcc
1115 2571 1307 2642 synodi
1316 2613 1326 2632 .
1353 2571 1539 2641 quibus
1568 2579 1854 2622 tractatum

277 2662 347 2716 De
369 2663 644 2725 tribus,ut
671 2671 890 2727 vocant,
919 2663 1174 2732 capitulis
1205 2683 1216 2717 :
1249 2663 1314 2716 de
1350 2662 1590 2730 Origene,
1623 2661 1712 2728 qui
1735 2676 1854 2713 cum

278 2753 486 2821 scriptis
515 2755 632 2806 suis
686 2755 1019 2808 anathemate
1071 2754 1399 2816 damnatus;
1451 2754 1515 2805 de
1583 2751 1856 2805 Theodoro

284 2841 680 2908 Hopsuesteno,
717 2854 768 2896 et
809 2843 1041 2898 Diodoro
1077 2845 1358 2905 Tarsensi,
1380 2845 1470 2912 qui
1499 2853 1550 2897 et
1578 2843 1679 2912 ipsi
1705 2843 1856 2896 simi-

278 2935 397 2986 liter
441 2934 790 2989 anathemate
832 2935 1075 2988 damnati
1126 2945 1268 2989 sunt.
1305 2934 1368 2988 Et
1401 2934 1698 3004 Gregorius
1745 2932 1857 2986 bla-

279 3041 420 3088 gnus
454 3026 554 3080 lib.
589 3042 686 3090 vn,
741 3027 900 3095 epist.
936 3027 1027 3086 54,
1067 3027 1234 3081 tradit
1267 3027 1452 3082 sedem
1497 3025 1856 3095 apostolicam

282 3116 575 3172 Sommeni
607 3117 904 3172 Historiam
929 3120 1203 3190 suscipere
1237 3133 1510 3178 recusare,
1535 3117 1620 3171 vel
1647 3133 1713 3170 eo
1743 3118 1860 3170 solo

1951 2003 2088 2072 dane
2115 2003 2255 2056 inter
2273 2001 2472 2069 primos
2506 1997 2702 2050 donum
2729 1993 2900 2048 sancti
2929 1990 3164 2060 Spiritus
3189 1987 3257 2041 sit
3286 2000 3536 2040 consecu-

1955 2107 2060 2160 tus,
2098 2097 2154 2149 in
2193 2094 2400 2148 nomine
2452 2091 2656 2156 Patris,
2691 2099 2740 2143 et
2788 2085 2944 2148 Filii,
2987 2092 3036 2146 et
3078 2080 3311 2150 Spiritus
3356 2077 3534 2133 sancti

1955 2194 2299 2260 baptizatus;
2339 2189 2501 2242 Deum
2530 2202 2648 2241 vero
2684 2179 3016 2244 Verbum,ob
3051 2177 3388 2233 excellente»:
3429 2174 3538 2228 eir-

1955 2294 2118 2338 tutem
2149 2283 2288 2352 ejus,
2323 2279 2545 2334 libenter
2587 2279 2641 2330 in
2676 2292 2736 2330 eo
2785 2273 3072 2334 habitasse,
3115 2271 3262 2340 eique
3301 2267 3537 2321 divinam

1955 2375 2267 2445 dignitatem
2299 2371 2618 2440 impertisse,
2660 2377 2708 2422 et
2740 2364 3107 2419 adorationem
3132 2361 3374 2428 deinceps
3421 2366 3537 2426 post

1955 2465 2485 2523 consummationem.
2521 2459 2622 2514 His
2644 2469 2693 2512 et
2717 2457 2838 2511 aliis
2874 2455 3028 2524 impie
3047 2454 3226 2515 dictis,
3265 2451 3400 2504 duas
3438 2468 3536 2503 na-

1958 2571 2106 2613 turas
2133 2557 2301 2627 inquit
2338 2571 2392 2609 se
2413 2552 2615 2608 novisse
2639 2551 2694 2603 in
2717 2547 2930 2603 Christo
2951 2545 3180 2614 propriis
3211 2544 3322 2596 suis
3350 2543 3539 2596 finibus

1957 2652 2289 2711 terminatas,
2329 2647 2546 2717 solaque
2569 2641 2875 2696 habitudine
2921 2640 3057 2692 inter
3112 2653 3167 2690 se
3203 2635 3537 2690 conciliatus.

1955 2745 2138 2799 Altera
2164 2751 2214 2796 et
2239 2741 2349 2794 ha'c
2373 2735 2698 2806 blasphemia
2723 2742 2826 2798 est,
2845 2746 3004 2784 unam
3024 2736 3273 2782 naturam
3313 2735 3362 2778 et
3405 2723 3542 2779 duas

1959 2845 2181 2888 naturas
2223 2832 2336 2886 suis
2375 2829 2568 2899 ﬁnibus
2625 2823 3053 2891 circumscriptus
3087 2821 3143 2873 in
3179 2817 3390 2874 Christo
3438 2833 3541 2870 non

1960 2935 2096 2980 recte
2125 2922 2392 2991 conﬁteri.
2422 2918 2547 2974 Hazc
2596 2917 2714 2988 ipsa
2747 2914 2950 2970 Suidas
3001 2913 3055 2966 in
3094 2910 3332 2966 chicon
3379 2923 3543 2964 suum

1961 3017 2146 3072 retulit
2177 3029 2297 3069 voc.
2325 3011 2600 3080 Θεόδωρος
2628 3010 2657 3062 ὁ
2685 3005 3081 3076 Μοψουεστίαςο
3123 3001 3392 3071 Georgius
3437 3000 3543 3054 Ce-

1961 3109 2169 3164 drenus
2196 3107 2248 3160 in
2278 3104 2506 3174 Synopsi
2536 3101 2786 3155 chronica
2819 3113 2941 3168 pag.
2993 3093 3120 3162 581,
3183 3091 3325 3163 apud
3382 3106 3543 3162 quem

282 3211 501 3263 nomine
523 3249 538 3271 ,
596 3208 741 3278 quod
790 3211 1018 3262 nimium
1063 3182 1323 3278 profusus
1358 3218 1442 3262 est
1493 3209 1546 3261 in
1602 3206 1859 3261 laudibus
1890 3229 1934 3284 ο
1963 3199 2309 3256 Justinianus
2345 3199 2477 3266 imp.
2513 3196 2566 3248 in
2611 3191 2857 3262 Epistola
2901 3187 2971 3243 ad
3006 3185 3264 3258 synodum
3291 3182 3547 3236 εΤούτων

284 3299 559 3355 Theodori
607 3300 974 3371 Mopsuesteni
995 3343 1011 3366 ,
1047 3310 1103 3356 et
1133 3318 1257 3356 eum
1288 3301 1546 3356 Ecclesiae
1581 3302 1859 3356 doctorem

286 3393 453 3446 fuisse
486 3392 675 3446 tradit.
714 3393 818 3447 Sed
835 3395 1008 3462 ipsam
1028 3411 1230 3463 quoque
1265 3391 1544 3448 Sozorneni
1569 3393 1858 3449 Historiam

286 3481 427 3536 sedes
483 3484 782 3550 apostolica
835 3484 1058 3552 recipere
1103 3493 1346 3545 recusat,
1389 3485 1636 3552 quoniam
1694 3483 1861 3536 multa

289 3577 560 3638 mentitur,
606 3585 656 3627 et
684 3574 1012 3628 Theodorum
1039 3573 1381 3643 Mopsuestia
1411 3575 1634 3627 nimium
1671 3575 1859 3627 laudat

290 3674 439 3733 atque
485 3679 652 3730 usque
682 3661 751 3716 ad
787 3661 928 3717 diem
973 3664 1143 3716 obitus
1176 3664 1259 3716 sui
1305 3679 1548 3732 magnum
1597 3663 1862 3717 doctorem

293 3752 542 3807 Ecclesia:
581 3753 748 3820 fisse
784 3753 1032 3822 perhibet.
1082 3751 1183 3807 Ubi
1215 3761 1372 3807 notat
1420 3753 1642 3808 Vossius
1676 3755 1767 3808 lib.
1797 3771 1857 3814 ιι.

293 3846 364 3899 De
389 3846 517 3900 hist.
546 3843 748 3899 Cra'cis
770 3861 892 3915 cup.
919 3845 1007 3900 20:
1028 3846 1184 3912 Quod
1211 3845 1278 3900 de
1300 3844 1590 3900 Theodoro
1611 3848 1864 3916 Mopsue-

290 3940 400 3994 stia:
427 3939 540 4000 ait,
568 3939 622 3992 id
662 3939 821 3993 hodie
857 3941 910 3992 in
965 3937 1271 3992 Sozomono
1302 3954 1410 3993 non
1456 3940 1633 4009 leges,
1683 3941 1778 3994 sed
1808 3941 1860 3993 in

291 4029 637 4085 Theodorcto
673 4030 840 4101 (Hist.
879 4047 931 4089 ν.
961 4031 1072 4100 40).
1107 4030 1285 4096 Quare
1307 4031 1476 4085 videri
1515 4031 1690 4100 possit
1729 4049 1862 4101 μνη-

295 4124 510 4190 μονικὸν
541 4121 788 4193 Gregorii
835 4123 1160 4192 ἁμάρτημα.
1198 4122 1304 4178 Sed
1347 4138 1478 4177 vero
1509 4125 1746 4179 similius
1778 4134 1863 4179 est

293 4217 582 4286 scripsisse
615 4217 717 4270 hoc
751 4216 1115 4271 Sozomcnum
1169 4217 1222 4269 iu
1268 4217 1338 4272 iis
1368 4232 1492 4286 quae
1539 4217 1860 4286 perierunt;

296 4322 414 4360 nam
444 4308 564 4377 ipse
597 4309 934 4361 Sozomenns
965 4307 1128 4361 refert
1156 4307 1209 4360 in
1235 4307 1550 4377 pra-latione
1582 4323 1640 4362 se
1677 4306 1862 4361 llisto-

297 4400 427 4452 riam
459 4415 620 4454 suam
655 4399 976 4468 produxisse
1011 4415 1180 4469 usque
1211 4398 1278 4452 ad
1304 4399 1650 4453 consulatum
1683 4397 1866 4454 ἰΊιοοδ

297 4492 430 4546 dosii
459 4491 712 4546 Junioris
755 4493 1044 4560 septimum
1076 4492 1373 4555 decimum,
1407 4491 1479 4543 ita
1505 4499 1562 4542 ut
1611 4505 1748 4559 pene
1779 4490 1864 4542 vi-

1968 3290 2026 3342 es
2062 3288 2168 3342 τῶν
2196 3286 2476 3355 τεσσάρων
2502 3283 2734 3337 συνόδων
2771 3279 2914 3334 οὕτω
2947 3276 3278 3349 γενομένων,
3307 3274 3404 3328 καὶ
3426 3273 3548 3326 ἐπι-

1969 3378 2390 3442 ὅεϐαιωθεισῶν,
2423 3378 2520 3432 καὶ
2548 3372 2864 3446 κρατουσῶν
2891 3374 2949 3426 ἐν
2980 3373 3046 3443 τῇ
3102 3369 3197 3424 τοῦ
3243 3365 3378 3421 Θεοῦ
3425 3366 3548 3420 Ἐκ·

1969 3471 2188 3542 κλησίᾳ..
2218 3471 2267 3523 oi
2293 3469 2361 3522 τά
2385 3466 2681 3538 Νεστορίου
2713 3461 3039 3534 κρατοῦντες
3067 3457 3407 3512 ἐσπούδασαν
3446 3452 3546 3509 αὗ-

1969 3565 2050 3627 θις
2113 3562 2210 3634 τὴν
2267 3561 2478 3632 αἵρεσιν
2522 3556 2702 3611 αὐτῶν
2735 3553 3001 3626 κρατῦναι
3025 3551 3114 3604 διὰ
3152 3551 3250 3620 τῆς
3271 3546 3550 3618 Θεοδώρου

1968 3653 2063 3708 τοῦ
2090 3650 2467 3721 Μοψουεστίας
2495 3645 2771 3716 ἀφορμῆς,
2795 3642 2974 3712 πολλῴ
3000 3641 3220 3711 χείρονα
3247 3636 3342 3690 τοῦ
3371 3635 3550 3708 μαθη-

1968 3743 2062 3796 τοῦ
2092 3739 2256 3794 αὐτοῦ
2285 3737 2580 3808 Νεστορίου
2621 3733 3127 3804 βλασφημήσαντος,
3167 3727 3332 3781 ’Ὀθεν
3371 3726 3552 3780 τοίνυν

1971 3836 2066 3888 καὶ
2087 3835 2246 3903 ἡμεῖς
2268 3827 2687 3890 ἀκολουθοῦντες
2713 3828 2826 3888 τοῖς
2859 3824 3149 3895 ἡμετέροις
3171 3819 3434 3892 πατράσι,
3458 3820 3553 3871 κα)⁵

1973 3927 2280 3999 βουλόμενοι
2308 3924 2408 3993 τὴν
2451 3920 2617 3993 ὀρθὴν
2662 3919 2842 3972 πίστιν
2881 3915 3160 3985 ἀλὼϐητον
3201 3910 3552 3981 διαψυλάττε-

1973 4021 2114 4085 σθαι,
2152 4016 2533 4088 προτρέπομεν
2572 4012 2667 4066 καὶ
2702 4011 2888 4064 τούτου
2928 4007 3027 4071 τὰς
3067 4004 3414 4077 βλασφημίας
3442 4002 3549 4056 διε-

1971 4114 2301 4179 ξετάσαντας
2334 4105 2454 4161 κατ’
2485 4103 2681 4167 αὑτοῦ,
2721 4105 2819 4156 καὶ
2869 4101 2977 4154 τῶν
3025 4097 3340 4169 ὁμοφρόνων
3387 4092 3551 4150 αὑτοῦ

1972 4199 2391 4271 ἀποφήνασθαιο
2424 4195 2561 4266 πρὸς
2594 4194 2703 4263 γάρ
2758 4193 2876 4254 ταῖς
2927 4189 3112 4252 ἄλλαις
3165 4184 3554 4257 ἀναριθμήτοις

1973 4294 2136 4350 αὑτοῦ
2163 4288 2498 4361 δυσφημίαις
2523 4288 2604 4350 είς
2634 4283 2869 4356 Χριστὸν
2893 4283 2984 4336 τὸν
3018 4282 3151 4334 Θεὸν
3189 4278 3349 4350 ἡμῶν
3395 4293 3552 4346 γενο-

1977 4389 2184 4460 μέναις,
2219 4385 2376 4438 ἄλλον
2409 4377 2547 4434 εἶναι
2568 4379 2658 4433 τὸν
2699 4377 2833 4430 Θεὸν
2881 4376 3073 4444 Λόγον,
3117 4373 3211 4426 καὶ
3245 4369 3403 4426 ἄλλον
3461 4368 3555 4422 τὸν

1971 4482 2228 4554 Χριστὸν,
2277 4476 2382 4530 ὑπὸ
2440 4475 2548 4528 τῶν
2594 4472 2695 4542 τῆς
2741 4469 2922 4540 ψυχῆς
2964 4465 3174 4530 παθῶν,
3195 4465 3291 4518 καὶ
3314 4463 3423 4516 τῶν
3454 4462 3555 4532 τῆς

296 4584 424 4650 ginti
452 4597 724 4637 annorum
754 4582 982 4636 historia
1022 4582 1382 4637 desideretur.
1414 4579 1576 4632 Plura
1605 4581 1767 4634 etiam
1801 4579 1858 4633 de

1972 4575 2172 4647 σαρκὸς
2207 4568 2512 4637 ἐπιθυμιῶν
2559 4562 2961 4635 ἐνοχλούμενον,
3012 4559 3103 4612 καὶ
3145 4557 3255 4611 τῶν
3295 4555 3556 4628 χειρόνων

297 4679 396 4730 hoc
419 4679 552 4732 alibi
578 4679 750 4747 leges,
783 4687 837 4730 et
865 4677 1084 4745 quidem
1115 4677 1167 4730 in
1193 4675 1453 4730 Chronico
1487 4675 1728 4729 Victoris
1761 4673 1871 4727 Tu-

297 4771 563 4826 nunensis
587 4769 732 4839 apud
763 4769 1064 4832 Casinium,
1098 4770 1186 4823 ed.
1226 4767 1476 4837 Basnngii
1510 4776 1548 4819 t.
1585 4766 1625 4819 Ι.

367 4863 576 4918 Pravas
639 4861 908 4917 Theodori
949 4861 1234 4928 opiniones
1286 4861 1481 4914 recitat
1543 4857 1871 4912 Theodorus

299 4959 586 5028 presbyter
613 4953 984 5008 thaitcnusiu
1018 4952 1157 5004 libro
1183 4951 1257 5004 De
1290 4950 1665 5004 Incarnatione
1693 4949 1873 5001 Domi-

301 5051 371 5102 ni.
398 5047 554 5101 Μετὰ
587 5046 774 5099 τοῦτον
809 5045 865 5097 δὲ
897 5044 989 5096 τὸν
1023 5042 1428 5112 Ἀπολλινάριον
1448 5081 1462 5103 ,
1511 5040 1710 5101 εὐθέως
1745 5041 1875 5091 ἀνα-

302 5138 544 5210 φαίνεταί
571 5155 656 5198 τις
670 5137 943 5206 Θεῶωρος
973 5135 1070 5204 τῆς
1101 5132 1473 5201 Μοψουεστίας
1503 5131 1708 5192 πόλεως
1735 5128 1876 5182 οὕτω

302 5233 600 5302 λεγομένης
631 5232 690 5282 ὲν
721 5231 784 5297 τῇ
821 5229 890 5296 γῇ
925 5226 1032 5279 τῶν
1065 5225 1302 5279 Κιλίκων
1329 5223 1427 5293 τὴν
1455 5221 1750 5293 ἡγεμονίαν
1779 5219 1875 5273 λα-

305 5323 429 5394 χὼν,
461 5323 520 5386 ὃς
548 5308 623 5375 ’ἐκ
658 5321 948 5389 διαμέτρου
995 5318 1073 5389 τῷ
1123 5315 1510 5385 Ἀπολλιναρίῳ
1555 5313 1875 5384 φερόμενος,

306 5416 486 5489 ὖδρεις
541 5415 604 5466 οὐ
658 5412 758 5474 τὰς
783 5410 1049 5480 τυχούσας
1079 5410 1329 5479 τολμηρᾷ
1367 5407 1511 5477 ψυχῇ
1560 5408 1654 5458 καὶ
1691 5405 1878 5475 ἀφόϐῳ

305 5506 500 5577 καρδίᾳ
539 5502 802 5574 καταχέει
846 5500 940 5554 τοῦ
994 5500 1262 5552 Δεσπότου
1305 5493 1562 5567 Χριστοῦ,
1595 5493 1878 5564 ἄνθρωπον

304 5599 395 5653 ἕνα
431 5599 543 5653 τῶν
574 5597 698 5651 καθ’
727 5597 874 5665 ἡμᾶς
907 5593 1082 5647 κοινὸν
1114 5591 1427 5652 ἀποκαλῶν,
1452 5591 1544 5642 καὶ
1583 5591 1646 5640 ὲκ
1678 5603 1877 5658 προκο-

225 5692 228 5694 ’
305 5688 410 5758 πῆς
439 5687 678 5740 λαϐόντα
707 5685 806 5754 τὴν
843 5683 1002 5756 χάριν
1025 5682 1118 5736 τοῦ
1147 5682 1306 5744 Θεοῦ,
1329 5680 1461 5733 Θεὸν
1496 5677 1877 5749 ὀνομάζεσθαι,

307 5780 396 5832 καὶ
409 5781 474 5832 ὲκ
502 5778 597 5832 τοῦ
632 5779 689 5830 ὲν
716 5775 792 5845 τῷ
835 5775 1072 5848 Ἰορδάνῃ
1108 5774 1480 5844 βαπτίσματος
1502 5769 1796 5836 ἀξιωθῆναι
1825 5771 1881 5821 ὲν

308 5870 540 5939 πρώτοις
561 5869 662 5940 τῆς
681 5867 777 5921 τοῦ
803 5867 955 5935 ἀγίου
986 5867 1298 5936 Ilva-51mm;
1323 5865 1526 5936 δωρεᾶς
1547 5906 1562 5929 ,
1598 5864 1677 5926 είς
1713 5861 1881 5932 ὄνομα

309 5961 518 6020 nam;
542 5962 638 6017 καὶ
669 5958 800 6013 Υἱοῦ
836 5960 924 6014 καὶ
961 5959 1112 6025 ἁγίου
1148 5957 1456 6026 Πνεὺμπτος
1490 5952 1885 6029 βαπτισθέντασ

1978 4667 2117 4722 κατὰ
2151 4663 2345 4735 μικρὸν
2372 4658 2740 4728 ἀφιστάμενον
2766 4653 2902 4726 πρὸς
2935 4654 3002 4707 τὰ
3029 4651 3313 4723 κρείττονα
3333 4649 3398 4717 τῇ
3423 4663 3557 4718 προ-

1979 4759 2119 4827 κοπῇ
2155 4733 2261 4806 τῶν
2312 4751 2490 4822 ἔργων
2508 4746 2847 4818 ἐληλυθέναι,
2873 4745 2968 4798 καὶ
2990 4745 3054 4811 τῇ
3090 4739 3288 4811 ἀρίστῃ
3313 4733 3557 4806 πολιτείᾳ

1979 4850 2266 4920 γενόμενον
2309 4845 2560 4914 ἄμωμον,
2594 4841 2688 4893 καὶ
2721 4837 2796 4901 ὡς
2845 4836 2998 4907 ψιλὸν
3039 4834 3325 4903 ἄνθρωπον
3352 4829 3410 4881 ὲν
3439 4828 3558 4882 ὀνό-

1985 4919 2115 5009 ματι
2148 4933 2360 5005 Πατρὸς
2399 4933 2494 4986 καὶ
2525 4929 2654 4983 Υἱοῦ
2687 4929 2781 4982 καὶ
2812 4927 2968 4995 ἁγίου
3014 4922 3329 4992 Πνεύματος
3363 4919 3556 4988 βαπτι-

1984 5008 2198 5100 σθῆναι·
2228 5025 2324 5079 καὶ
2349 5022 2439 5078 διὰ
2456 5021 2550 5076 τοῦ
2577 5020 2950 5091 βαπτίσματος
2972 5015 3072 5084 τὴν
3093 5013 3250 5083 χάριν
3278 5008 3372 5062 τοῦ
3399 5008 3554 5077 ἁγίου

1982 5098 2297 5187 Πνεῦματος
2326 5112 2605 5181 εἰληφέναι
2628 5153 2644 5176 ,
2688 5108 2782 5162 καὶ
2826 5103 3100 5166 υἱοθεσίας
3135 5099 3420 5172 ἠξιῶσθαι,
3463 5098 3558 5152 καὶ

1983 5211 2103 5265 καθ’
2136 5207 2397 5279 ὁμοίωσιν
2431 5203 2713 5274 βασιλικῆς
2761 5200 2968 5261 εἰκόνος
3001 5198 3081 5259 είς
3125 5193 3414 5264 πρόσωπον
3462 5190 3555 5246 τοῦ

1983 5302 2118 5356 Θεοῦ
2168 5301 2338 5368 Λόγου
2371 5299 2462 5351 τὸν
2501 5293 2732 5365 Χριστὸν
2781 5287 3244 5362 προσκυνεῖσθαι,
3292 5286 3386 5340 καὶ
3419 5283 3560 5357 μετά

1983 5395 2082 5466 τὴν
2111 5393 2409 5446 ἀνάστασιν
2438 5388 2706 5460 ἄτρεπτον
2732 5385 2856 5448 ταῖς
2885 5382 3154 5446 ἐννοίαις,
3183 5379 3278 5433 καὶ
3310 5376 3561 5448 ἀναμάρ-

1983 5503 2144 5556 τητον
2180 5480 2526 5552 γεγενῆσθαι.
2565 5478 2675 5530 Καὶ
2699 5476 2833 5548 πρὸς
2877 5474 3110 5538 τούτοις,
3146 5467 3270 5525 εἷπε
3303 5467 3561 5540 τοιαύτην

1986 5576 2317 5648 γεγενῆσθαι
2343 5575 2442 5644 τὴν
2469 5571 2664 5625 ἕνωσιν
2693 5568 2790 5622 τοῦ
2804 5568 2937 5622 Θεοῦ
2955 5567 3127 5636 Λόγου
3155 5562 3290 5635 πρὸς
3307 5562 3399 5615 τὸν
3426 5562 3561 5632 Χρι-

1990 5669 2136 5731 στὸν,
2167 5666 2358 5720 ὁποίαν
2391 5665 2419 5718 ὁ
2461 5660 2784 5724 Ἀπόστολος
2816 5659 2922 5728 ἔφη
2950 5652 3192 5729 περὶτοῦ
3232 5650 3427 5725 ἀνδρὸς
3465 5649 3561 5704 καὶ
3607 5677 3611 5680 -

1989 5762 2088 5830 τῆς
2118 5758 2376 5829 γυναικός
2401 5775 2414 5789 ·
2450 5757 2736 5810 Ἔσονται
2775 5754 2829 5806 oi
2870 5751 2980 5805 δύο
3022 5750 3108 5814 είς
3143 5746 3344 5816 σάρκα
3386 5743 3557 5813 μίαν.

2007 5854 2106 5910 llis
2129 5862 2356 5923 quatuor
2381 5849 2616 5905 conciliis
2639 5848 2716 5901 sic
2739 5846 2902 5922 lactis,
2930 5853 2980 5898 et
3003 5837 3352 5910 conﬁrmatis,
3375 5841 3425 5887 et
3457 5847 3559 5884 au-

2003 5921 2298 6002 ctoritatem
2333 5943 2384 5997 in
2419 5940 2659 5998 Ecclesia
2691 5938 2788 5994 Dei
2819 5921 3454 5996 ob:inentibus,Nestori‘i
3477 5933 3558 5976 se-
