3898 6228
321 408 394 466 85
1560 403 1650 458 EX
1701 401 1948 458 LEONIS
2021 402 2303 461 ALLATII
3497 400 3569 460 84

319 541 506 596 quaces
536 524 708 581 denuo
745 543 899 581 suam
929 527 1172 583 haeresim
1199 529 1518 596 con/irmare
1537 526 1716 581 conati
1742 534 1888 587 sunt,
1921 530 1962 585 Α
1992 528 2202 595 ptione,
2251 528 2635 600 lnterpretatio
2669 526 2986 585 creationis.
3035 524 3193 580 Liber
3231 526 3435 595 primus
3488 542 3568 579 ss-

322 637 481 687 opera
540 619 804 674 Theodori
865 619 1264 690 Mopsuesteni,
1318 623 1407 692 qui
1462 620 1630 675 multo
1689 620 1893 688 pejora,

320 727 481 780 quant
518 708 799 764 Nestorius
829 711 943 780 ejus
996 711 1293 781 discipulus
1328 710 1733 780 blasphemavit.
1780 706 1896 761 Nos

330 803 495 873 igitur
527 813 797 872 sequentes
830 813 1042 857 sanctos
1076 802 1267 859 Patres
1302 814 1513 858 nostros
1538 844 1553 867 ,
1584 812 1635 857 et
1669 803 1897 856 volentes

327 904 524 948 rectam
555 894 711 964 ﬁdem
737 895 850 949 sine
881 896 994 951 ulla
1023 896 1233 950 macula
1262 912 1592 960 conservare,
1622 895 1900 950 hortamur

328 1002 435 1051 vos,
458 996 514 1039 ut
543 986 702 1055 hujus
725 1004 926 1057 quoque
956 988 1308 1057 blasphemias
1331 990 1714 1051 examinantes,
1748 989 1811 1042 de
1839 1006 1899 1043 eo

326 1089 375 1130 et
403 1077 756 1133 sectatoribus
784 1080 897 1149 ejus
930 1083 1245 1135 sententiam
1293 1083 1480 1149 feratis
1512 1098 1529 1135 :
1561 1098 1684 1135 nam
1708 1093 1901 1149 pra’ter

327 1172 605 1223 innumera
628 1172 761 1235 alia,
787 1189 903 1240 quae
924 1174 1080 1240 impie
1098 1175 1151 1226 in
1177 1172 1448 1228 Christum
1478 1173 1641 1226 Deum
1662 1184 1899 1228 nostrum

330 1264 611 1319 maledicta
658 1267 905 1326 evomuit,
966 1268 1017 1319 id
1056 1283 1258 1336 quoque
1294 1267 1543 1335 protulit,
1587 1268 1755 1320 alium
1790 1284 1901 1321 esse

330 1355 495 1410 Deum
527 1356 776 1420 Verbum,
810 1358 973 1410 alium
1003 1357 1271 1413 Christum
1292 1360 1382 1428 qui
1409 1360 1474 1411 ab
1496 1360 1663 1412 animi
1690 1368 1899 1428 pertur-

329 1449 628 1503 bationibus
652 1492 665 1515 ,
713 1459 761 1504 et
795 1452 971 1504 carnis
1011 1453 1417 1519 cupiditatibus,
1450 1452 1753 1506 molestiam
1799 1452 1900 1521 ipsi

329 1540 693 1595 exhibentibus
720 1581 736 1605 ,
780 1544 1044 1611 paulatim
1078 1554 1135 1595 ut
1171 1562 1203 1597 a
1230 1544 1581 1598 deterioribus
1616 1543 1899 1605 desistens.

302 1645 544 1686 «ictuum
576 1634 817 1704 profectu
871 1637 927 1689 in
978 1637 1164 1691 melius
1203 1638 1428 1691 euaserit
1457 1679 1470 1701 ,
1527 1636 1903 1706 inculpataque

332 1728 542 1794 optima:
572 1728 692 1782 vitta
722 1730 927 1783 ratione
951 1746 1078 1784 usus
1095 1732 1185 1794 sit,
1216 1731 1307 1802 qui
1349 1739 1406 1783 ut
1438 1745 1603 1799 purus
1638 1730 1815 1792 homo,
1847 1729 1902 1781 in

333 1819 541 1872 nomine
568 1816 771 1883 Patris,
795 1830 844 1874 et
867 1820 1020 1885 Filii,
1042 1831 1090 1875 et
1114 1821 1346 1889 Spiritus
1373 1821 1548 1876 sancti
1574 1820 1897 1889 baptizatus,

333 1925 421 1974 per
446 1909 765 1976 baptismum
800 1913 1033 1981 gratiam
1082 1910 1317 1981 Spiritus
1361 1912 1535 1965 sancti
1565 1920 1898 1972 consecutus,

334 2000 612 2070 adoptione
646 2005 715 2057 sit
758 2005 1043 2073 dignatus,
1099 2016 1147 2058 et
1193 2006 1263 2058 ad
1299 2003 1705 2059 similitudinem
1748 2004 1906 2073 regia:

338 2097 588 2167 imaginis
624 2095 867 2152 Christus
908 2098 959 2151 in
996 2114 1220 2166 persona
1252 2097 1349 2152 Dei
1416 2096 1571 2152 Verbi
1607 2097 1905 2158 adoratus;

337 2200 388 2239 et
403 2198 520 2255 post
540 2190 971 2243 resurrectionem
992 2192 1172 2244 animo
1194 2190 1481 2252 constanti,
1506 2198 1554 2244 et
1574 2196 1905 2258 peccatorum

335 2296 496 2333 uacuo
515 2281 695 2347 fuerit.
729 2280 999 2336 Pra’terea
1021 2283 1384 2351 pronuntiavit
1407 2298 1525 2336 eam
1554 2281 1722 2351 fuisse
1754 2278 1907 2335 Verbi

336 2390 452 2425 cum
478 2372 690 2429 Christo
720 2376 987 2439 unionem,
1013 2393 1132 2446 qua:
1163 2387 1239 2431 est
1261 2377 1325 2431 ab
1349 2377 1602 2446 Apostolo
1635 2375 1779 2429 dicta
1810 2375 1910 2429 viri

334 2481 454 2517 eum
484 2466 739 2520 muliere:
760 2486 778 2517 ι
815 2465 880 2519 Et
911 2476 1064 2521 erunt
1087 2469 1191 2522 duo
1221 2469 1275 2522 in
1306 2484 1415 2521 una
1444 2484 1624 2521 carne.
1669 2486 1688 2519 ι
1731 2466 1909 2521 Theo-

337 2555 458 2609 dori
515 2557 645 2611 item
683 2571 852 2626 prava
886 2556 1143 2629 dogmata
1208 2557 1564 2629 prosequitur
1608 2555 1910 2627 Hesychius

343 2645 622 2715 presbyter
644 2644 1165 2718 ilierosolymitanus
1198 2649 1251 2703 in
1270 2649 1514 2704 Historia
1529 2648 1908 2715 ecclesiastica,

338 2738 498 2806 cujus
527 2740 689 2793 verba
722 2739 1023 2794 recitantur
1048 2741 1099 2794 in
1125 2740 1166 2794 V
1192 2742 1626 2812 synodo,collat.
1653 2743 1706 2805 5,
1729 2741 1908 2796 etalii.

412 2822 646 2893 Scripsit
664 2823 950 2878 innumera
976 2840 1142 2895 prope
1160 2828 1459 2890 volumina,
1485 2827 1541 2881 in
1564 2827 1765 2897 quibus
1788 2842 1910 2881 cum

338 2914 570 2968 aliorum
602 2913 840 2969 haereses
878 2928 1192 2986 oppugnat,
1221 2927 1334 2972 tum
1381 2920 1497 2989 ipse
1538 2920 1673 2974 alias
1714 2926 1769 2973 et
1797 2917 1915 2988 μεί-

340 3005 452 3066 ζονι
508 3003 587 3076 τῷ
641 3004 823 3077 μέτρῳ
853 3007 1114 3076 parturit,
1155 3017 1210 3063 et
1239 3023 1364 3063 cum
1414 3009 1790 3078 Apollinarem
1824 3020 1915 3061 re-

341 3097 494 3161 fellit,
546 3095 784 3152 Nestorii
827 3097 976 3168 impii
1014 3099 1267 3169 dogmata
1326 3100 1620 3169 expromit.
1670 3097 1913 3154 Joannes

340 3190 731 3253 Antiochenus,
763 3198 816 3244 et
855 3192 1099 3262 synodus
1123 3190 1363 3247 Orientis
1388 3192 1465 3245 Ad
1489 3192 1741 3247 Proclum
1768 3191 1909 3247 Con-

340 3279 894 3346 stantinopolitanum,
931 3291 987 3334 ut
1014 3290 1097 3336 est
1126 3280 1268 3351 apud
1301 3280 1616 3336 Facundum
1650 3283 1745 3338 lib.
1786 3298 1906 3347 vm,

341 3384 464 3440 cap.
497 3371 560 3424 1:
594 3369 772 3425 Nimis
815 3375 1007 3426 anima:
1050 3383 1246 3426 nostra:
1275 3374 1563 3427 vulnerata:
1607 3384 1749 3436 sunt,
1784 3377 1911 3446 quia

342 3476 446 3513 non
471 3459 643 3513 solum
677 3477 771 3514 nos
809 3462 1032 3516 viventes
1060 3462 1194 3516 tales
1233 3463 1533 3517 calumnias
1565 3464 1630 3518 ab
1661 3466 1741 3518 his
1766 3505 1780 3529 ,
1822 3467 1913 3536 qui

346 3554 661 3608 conturbare
683 3554 860 3609 volunt
889 3553 1159 3610 Ecclesias
1196 3548 1442 3610 continue
1471 3559 1912 3621 sustinemus,sed

344 3650 505 3703 etiam
523 3649 612 3719 qui
640 3654 766 3703 bene
782 3648 844 3703 de
862 3650 968 3702 vita
986 3650 1248 3720 profectus
1278 3659 1355 3705 est
1382 3650 1563 3705 beatus
1585 3651 1910 3716 Theodorus,

347 3740 433 3808 qui
460 3740 685 3808 quinque
731 3750 780 3794 et
814 3740 1175 3810 quadraginta
1207 3743 1360 3796 annis
1400 3743 1543 3796 clare
1575 3744 1628 3796 in
1669 3743 1916 3798 doctrina

346 3830 632 3898 prrrfulsit,
664 3838 713 3882 et
744 3847 948 3884 onmem
988 3831 1229 3886 hwresim
1262 3836 1601 3905 expugnavit,
1638 3845 1687 3889 et
1710 3836 1915 3890 nullam

352 3920 545 3973 alicubi
592 3921 974 3976 detractionem
1017 3923 1080 3977 ab
1130 3924 1439 3979 orthodoxis
1487 3927 1541 3980 in
1588 3929 1693 3981 vita
1742 3931 1916 3984 susci-

346 4011 491 4077 piens
517 4048 532 4072 ,
562 4021 677 4079 post
711 4010 854 4081 longi
886 4015 1136 4082 temporis
1171 4014 1293 4067 hinc
1333 4016 1624 4070 discessum
1646 4058 1661 4082 ,
1716 4028 1765 4073 et
1798 4031 1916 4089 post

352 4103 518 4156 multa
548 4105 860 4168 certamina,
891 4112 939 4157 et
970 4115 1087 4172 post
1120 4105 1295 4159 decem
1326 4107 1502 4162 millia
1537 4109 1794 4166 librorum
1822 4116 1920 4167 ad.

348 4208 527 4246 uersus
578 4191 802 4245 haereses
848 4192 1081 4258 scriptu,
1121 4202 1171 4247 et
1218 4204 1499 4263 postquam
1555 4198 1608 4251 in
1641 4215 1918 4270 conspectu

349 4284 682 4338 sacerdotum
712 4293 762 4337 et
801 4284 1185 4352 imperatorum
1217 4295 1267 4338 et
1298 4287 1614 4354 populorum
1665 4294 1917 4358 probatus

350 4385 450 4438 est,
486 4377 818 4440 periclitatur
844 4393 963 4448 qua:
993 4377 1365 4433 hiereticorum
1401 4392 1525 4435 sunt
1559 4385 1838 4451 sustinere,
1866 4398 1931 4459 et_

349 4468 459 4521 illis
473 4469 744 4536 proximus
770 4470 1079 4538 prrcdicuri.
1107 4470 1217 4527 Nos
1242 4489 1309 4528 ex
1335 4482 1414 4527 tot
1437 4475 1613 4542 libris,
1634 4477 1755 4531 illos
1778 4494 1917 4548 quos

2003 629 2143 690 ptem
2174 623 2331 675 tomis
2361 622 2750 677 absolvebatur.
2787 620 2971 690 Stylus
3010 619 3092 672 illi
3145 634 3307 687 neque
3339 618 3569 671 illustris

1998 727 2160 779 neque
2200 713 2350 766 ualde
2385 713 2716 781 perspicuus.
2754 709 2987 780 Fugiens
3020 725 3140 763 vero
3166 749 3182 773 ,
3213 717 3470 777 quantum
3511 707 3570 758 in

1997 805 2112 874 ipso
2140 813 2218 858 est
2248 804 2534 874 allegorias
2556 844 2571 867 ,
2603 814 2650 858 et
2684 803 3035 857 historiarum
3065 800 3330 853 duntaxat
3361 799 3571 866 exposi-

2000 898 2192 950 tionem
2212 896 2676 958 traetans,eadem
2702 894 2987 948 identidem
3021 892 3228 961 repetit,
3254 900 3304 944 et
3329 891 3571 959 ingratus

1999 995 2153 1056 atque
2183 986 2431 1040 molestus
2468 986 2653 1056 legenti
2681 985 2875 1039 accidit
2905 999 2925 1036 :
2954 984 3079 1052 quin
3110 991 3160 1036 et
3191 979 3425 1035 Nestorii
3454 996 3575 1034 sen-

2000 1079 2237 1141 tentiam,
2273 1079 2510 1146 quamvis
2538 1078 2634 1131 illo
2664 1078 2812 1145 prior
2835 1076 3019 1145 fuerit,
3062 1074 3220 1127 tacite
3252 1073 3432 1127 vomit.
3469 1070 3573 1124 Hic

1998 1186 2074 1227 est
2099 1173 2400 1228 Theodorus
2425 1174 2516 1230 ille
2547 1173 2903 1243 Mopsuestia.
2942 1172 3106 1226 Multa
3129 1170 3361 1239 hujusce
3384 1168 3573 1221 videre

1999 1273 2083 1319 est
2105 1265 2159 1319 in
2185 1265 2395 1320 catenis
2420 1265 2623 1321 Cra-cis
2648 1266 2703 1320 in
2727 1264 2984 1319 Genesim.
3012 1263 3183 1332 Hujus
3205 1261 3574 1330 expositiones

2000 1370 2108 1408 non
2166 1371 2559 1425 usquequaque
2607 1355 2847 1425 probatae
2896 1361 3025 1409 sunt
3081 1368 3111 1406 a
3158 1352 3461 1421 Pbilopono
3516 1350 3575 1402 in

2002 1445 2318 1501 Hexaemeri
2362 1448 2704 1515 expositione.
2762 1446 2993 1500 Photius
3038 1443 3237 1499 ibidem
3268 1461 3282 1496 :
3316 1435 3484 1503 Οὗτος
3514 1439 3576 1492 δέ.

2000 1541 2146 1593 ἐστιν
2173 1543 2202 1593 6
2232 1540 2629 1611 Μοψουεστίας,
2649 1540 2709 1593 ὃν
2730 1540 2823 1593 καὶ¹
2847 1538 3103 1601 πλείστας
3129 1536 3356 1599 εὐθύνας
3395 1534 3578 1587 Ἰωάν-

2002 1650 2101 1702 νης
2129 1636 2157 1686 6
2179 1633 2490 1698 Φιλόπονος,
2520 1633 2597 1697 ὼς
2623 1632 2783 1695 αὐτός
2807 1649 2963 1701 φησι.
2987 1631 3085 1700 τῆς
3118 1627 3378 1698 τοιαύτης
3404 1628 3580 1697 ἑρμη-

2001 1728 2149 1790 νείας
2184 1727 2241 1778 ἐν
2276 1727 2461 1797 οἰκείῳ
2486 1725 2563 1795 τῷ
2589 1728 2677 1791 εὶς
2702 1724 2817 1792 τὴν
2833 1724 3043 1778 Κτίσιν
3071 1722 3339 1791 πονήματι
3365 1717 3577 1789 ἐδείχθη

2006 1819 2313 1883 σπουδαίως
2358 1818 2816 1890 εἰσπραττόμενος
2850 1835 2864 1847 ’
2894 1817 2996 1872 Hic
3035 1825 3113 1869 est
3158 1815 3200 1869 Τ
3203 1812 3456 1867 heodorns
3494 1810 3582 1863 ille

2007 1909 2349 1981 Mopsuestia:
2376 1952 2390 1976 ,
2429 1928 2461 1964 a
2502 1926 2604 1980 quo
2651 1925 3008 1978 sa'penumero
3063 1915 3271 1960 constat
3317 1905 3578 1958 Joannem

2008 2000 2383 2071 Philoponum,
2412 2010 2471 2053 ut
2501 2003 2714 2069 ipsemet
2744 1998 2965 2067 fatetur,
2991 1997 3249 2051 rationem
3276 1991 3579 2062 hujusmodi

2008 2094 2456 2161 interpretationis
2490 2092 2624 2145 bona
2671 2090 2776 2161 ﬁde
2829 2108 2891 2145 ac
2923 2090 3061 2144 serio
3109 2087 3343 2156 exegisse
3386 2086 3439 2137 in
3479 2100 3580 2137 suo

2008 2184 2086 2240 De
2116 2184 2360 2240 universi
2395 2182 2672 2238 creatione
2706 2197 2879 2250 opere.
2917 2182 2982 2235 Et
3014 2180 3266 2249 apertius
3306 2176 3432 2229 cod.
3458 2172 3527 2227 45
3559 2190 3575 2224 :

2009 2277 2119 2330 Καὶ
2149 2273 2459 2345 συμφωνῶν
2481 2276 2510 2327 6
2541 2272 2829 2335 Φιλόπονος
2865 2270 3051 2341 σχεδὸν
3085 2271 3141 2322 ὲν
3175 2271 3289 2329 τοῖς
3310 2265 3582 2327 πλείστοις

2012 2367 2277 2439 Βασιλείῳ
2323 2365 2401 2436 τῷ
2452 2365 2711 2435 Μεγάλῳ,
2763 2364 3106 2418 ἁντιττίπτων
3148 2361 3205 2414 δὲ
3242 2360 3308 2413 δι’
3341 2359 3461 2412 ὅλου
3503 2356 3585 2427 τῷ

2010 2460 2387 2530 Μοψουεστίας
2410 2457 2689 2530 Θεοδώρῳ.
2711 2457 2768 2520 ὃς
2794 2456 2890 2528 τὴν
2923 2456 3092 2525 αὐτὴν
3114 2454 3366 2507 ὑπόθεσιν
3387 2453 3582 2519 ἐνστη-

2013 2552 2267 2623 σάμενος,
2309 2549 2663 2620 Ἐρμηνείαν
2690 2548 2802 2618 τῆς
2833 2550 3085 2613 κτίσεως
3121 2548 3183 2600 τὸ
3217 2545 3418 2616 βιϐλίον
3447 2544 3582 2597 ἐπέ-

2012 2644 2251 2715 γραψεν·
2289 2635 2351 2695 οὗ
2393 2644 2491 2705 τὰς
2532 2641 2688 2707 δόξας
2734 2640 3021 2709 διελέγχων
3076 2641 3105 2692 6
3153 2637 3441 2699 Φιλόπονος
3482 2635 3583 2704 τὴν

2013 2735 2260 2789 ἐναντίαν
2292 2734 2561 2805 ἐτράπετο
2594 2750 2606 2763 ·
2636 2734 2806 2801 Atque
2838 2741 2896 2783 ut
2935 2730 3142 2784 Basilio
3174 2726 3367 2798 Magno
3397 2725 3585 2779 Philo-

2014 2842 2182 2895 ponus
2219 2826 2509 2893 plurimum
2540 2824 2647 2894 fere
2680 2826 2960 2885 consentit,
2992 2823 3067 2875 sic
3094 2837 3185 2889 per
3214 2820 3389 2874 omnia
3418 2815 3587 2870 Theo-

2014 2921 2145 2973 doro
2189 2919 2526 2989 Mopsuestia:
2576 2925 2868 2986 repugnat,
2907 2916 2996 2985 qui
3035 2915 3175 2969 idem
3213 2921 3585 2982 argumentum

2018 3026 2292 3080 aggressus
2318 3051 2333 3070 ,
2372 3008 2876 3078 lnterpretationem
2921 3004 3215 3061 creationis
3249 3004 3443 3057 librum
3498 3003 3589 3056 in-

2018 3104 2252 3172 scripsit,
2294 3101 2445 3170 cujus
2503 3100 2774 3168 opiniones
2833 3097 3159 3167 Philoponus
3210 3093 3587 3165 reprehendens

1938 3220 1985 3282 ο
2018 3206 2205 3251 contra
2252 3196 2399 3249 nisus
2429 3204 2527 3249 est.
2571 3194 2634 3247 Et
2666 3193 2809 3263 quod
2850 3193 3021 3263 magis
3052 3200 3156 3257 est,
3206 3189 3262 3244 in
3302 3187 3344 3242 V
3377 3186 3589 3259 synodo

2018 3288 2280 3360 generali,
2332 3288 2513 3341 collat.
2549 3286 2613 3351 4,
2654 3302 2717 3342 ea
2763 3295 3025 3355 tanquam
3079 3282 3366 3345 haeretica,
3400 3289 3455 3334 et
3483 3280 3590 3348 piis

2020 3383 2243 3436 auribus
2276 3380 2437 3434 noxia
2462 3378 2914 3433 condemnantur.
2948 3373 3105 3432 Unde
3134 3375 3297 3429 etiam
3318 3373 3593 3441 colligitur

2020 3487 2158 3541 opus
2184 3472 2237 3524 in
2269 3471 2450 3540 plures
2481 3468 2649 3523 libros
2685 3468 2854 3523 fuisse
2880 3468 3114 3522 divisum
3143 3463 3241 3535 (a).

2095 3563 2342 3618 Psalmos
2372 3576 2589 3632 quoque
2616 3560 2906 3616 Davidicos
2937 3558 3329 3615 commentario
3349 3566 3402 3611 et
3433 3570 3596 3624 expc.

2024 3656 2316 3712 sitionibus
2352 3654 2655 3709 adornavit.
2691 3652 2770 3706 Ex
2799 3652 2951 3707 hisce
2985 3650 3417 3721 expositionibus
3445 3663 3597 3716 quae-

2022 3752 2146 3802 dam
2175 3749 2494 3810 recitantur,
2529 3747 2725 3816 quibus
2755 3745 2899 3799 illius
2928 3744 3170 3806 bmresis,
3213 3751 3266 3797 et
3315 3756 3437 3796 cum
3474 3738 3600 3794 Ne-

2035 3842 2207 3895 storio
2237 3855 2540 3895 consensus
2577 3839 2940 3901 convincitur,
2969 3853 3033 3891 ex
3064 3834 3459 3891 commentario
3482 3832 3601 3888 sci-

2027 3933 2153 3987 licet
2183 3934 2236 3985 in
2266 3934 2501 4001 psalmos
2548 3947 2675 3996 vnt,
2716 3947 2805 3983 xxi
2828 3972 2841 3987 .
2871 3937 2926 3984 et
2968 3944 3136 3983 Limn
3160 3970 3173 3993 ,
3209 3928 3263 3982 in
3294 3926 3339 3980 ν
3387 3925 3601 3993 synodo

2026 4025 2284 4094 generali,
2308 4026 2490 4079 collat.
2520 4023 2576 4085 4,
2603 4032 2657 4077 et
2686 4025 2739 4076 in
2768 4023 3029 4091 psalmum
3058 4036 3242 4084 XLVIII,
3279 4036 3307 4074 a
3340 4017 3602 4074 Facundo

2031 4116 2409 4174 Hertnianensi
2439 4115 2533 4170 lib.
2568 4130 2645 4177 ιε,
2683 4130 2805 4185 cap.
2839 4115 2891 4179 l,
2920 4124 2979 4168 ut
3011 4112 3356 4168 Theodorum
3389 4110 3458 4165 ab
3488 4111 3603 4164 hat»

2027 4211 2133 4266 resi
2164 4206 2593 4272 defendat.Qnod
2612 4222 2679 4259 an
2704 4214 2850 4261 recte
2877 4206 3206 4275 praestiterit,
3226 4203 3456 4258 aliorum
3480 4210 3603 4260 esto

2022 4300 2308 4371 judicium.
2329 4295 2438 4351 Nos
2459 4297 2613 4350 aliter
2635 4297 2838 4351 sentire
2854 4297 3117 4367 cogimur,
3142 4298 3233 4366 qui
3264 4297 3467 4350 scimus
3496 4295 3600 4348 bas

2026 4395 2081 4447 in
2105 4391 2335 4461 psalmos
2357 4386 2725 4457 expositiones
2746 4386 2908 4441 etiam
2941 4385 3009 4440 ab
3032 4386 3150 4456 ipso
3180 4385 3469 4440 Theodoro
3485 4400 3598 4438 non

2029 4485 2197 4539 fuisse
2227 4494 2620 4551 usquequaque
2646 4479 2924 4548 probatas.
2957 4478 3122 4533 Multa
3155 4478 3299 4533 enim
3325 4479 3429 4533 sibi
3459 4477 3602 4533 ellu-

351 4556 612 4610 adnotare
646 4554 835 4609 datum
878 4557 1001 4621 fuit,
1034 4562 1616 4619 commemorabimus.
1646 4562 1918 4620 Primum-
1951 4583 1996 4638 ι)
2026 4578 2190 4647 gisse,
2227 4582 2286 4628 ut
2317 4572 2617 4642 incipienti,
2649 4587 2769 4641 qua:
2796 4572 3097 4625 maturiore
3122 4571 3486 4641 castigatione
3512 4570 3601 4623 ίιι.

348 4664 456 4719 que
483 4648 586 4703 sibi
631 4650 809 4703 locum
835 4649 1033 4705 habeat
1071 4654 1367 4724 Ἐρμηνεία
1401 4656 1504 4726 τῆς
1534 4657 1783 4721 κτίσεως,
1824 4658 1919 4714 In-

353 4742 657 4809 terpretatio
684 4742 991 4796 creationis.
1019 4742 1173 4815 Legit
1204 4762 1322 4800 eam
1360 4745 1587 4805 Photius
1622 4750 1675 4803 in
1711 4751 1919 4807 Biblio-

354 4834 500 4887 theca
529 4832 652 4888 cod.
674 4832 763 4887 58.
807 4833 1148 4904 Ἀνεγνώσθη
1188 4836 1464 4909 Θεοδώρου
1508 4840 1827 4912 Ἀντιοχέως
1859 4837 1919 4902 οὗ

351 4927 385 4995 ἠ
419 4926 733 4997 ἐπιγραφὴ,
778 4924 1094 4994 Ἐρμηνεία
1144 4927 1255 4995 τῆς
1294 4930 1561 4995 κτίσεως.
1611 4933 1699 4988 Ἐν
1734 4936 1922 5005 τόμοις

353 5017 492 5071 ἑπτὰ
516 5019 549 5085 ἡ
578 5016 768 5089 πρώτη
794 5017 975 5087 βίϐλος
1002 5020 1340 5090 ἐπεραίνετο.
1359 5021 1469 5092 Τὴν
1500 5023 1557 5076 δὲ
1578 5026 1779 5096 φράσιν
1802 5029 1923 5081 οὐδὲ

352 5110 602 5180 λαμπρὸς
630 5150 644 5172 ,
676 5110 796 5162 οὐδὲ
825 5109 945 5163 λίαν
985 5113 1181 5182 σαφής.
1214 5111 1433 5179 Φεύγων
1483 5114 1541 5166 δὲ
1582 5117 1675 5168 τὸν
1702 5118 1924 5171 δυνατὸν

354 5199 502 5269 αὐτῷ
527 5200 728 5270 τρόπον
757 5202 857 5265 τὰς
885 5202 1235 5274 ἀλληγορίας,
1264 5203 1358 5256 καὶ
1396 5206 1537 5259 κατὰ
1559 5207 1659 5275 τὴν
1686 5210 1926 5280 ἱστορίαν

352 5291 451 5362 τὴν
472 5292 767 5364 ἑρμηνείαν
792 5293 1112 5363 ποιούμενος
1133 5311 1146 5324 °
1173 5296 1486 5364 ταυτολογεῖ
1506 5296 1561 5349 δὲ
1582 5298 1649 5350 τὰ
1678 5300 1925 5367 πλεῖστα,

356 5381 449 5434 καὶ
479 5382 672 5453 ἄχαρίς
708 5398 824 5444 πως
852 5384 947 5436 καὶ
982 5385 1150 5458 ἀηδὴς
1184 5383 1320 5441 εἶναι
1354 5387 1532 5441 δοκεῖ·
1583 5389 1719 5443 ἀλλά
1747 5395 1923 5448 καὶτὸ

355 5473 649 5545 Νεπορίου
687 5473 861 5545 δόγμα
888 5515 903 5536 ,
937 5477 985 5527 εί
1023 5479 1116 5531 καὶ
1160 5480 1267 5551 πρὸ
1305 5480 1598 5551 Νεστορίου
1652 5483 1916 5555 ὑπῆρχεν,

355 5565 812 5637 ὑπερευγόμενος.
844 5560 1013 5632 Οὗτος
1037 5570 1093 5623 δέ
1120 5571 1267 5624 ἐστιν
1292 5575 1321 5626 ὁ
1353 5572 1747 5642 Μόψουεστίας.
1785 5577 1913 5633 Lec-

322 5672 325 5675 ’
358 5664 443 5708 tus
486 5658 750 5715 Theodori
783 5662 1095 5717 Antiocheni
1127 5664 1261 5718 liber
1303 5674 1382 5719 est
1421 5683 1541 5720 cum
1580 5666 1677 5721 hac
1730 5671 1948 5727 inscri-.

428 5807 505 5886 (α)
531 5810 648 5867 Non
674 5812 726 5868 in
755 5815 1087 5886 creationem
1118 5820 1515 5886 tantummodo,
1547 5821 1601 5876 id
1619 5830 1703 5878 est
1729 5823 1783 5877 in
1812 5822 1919 5879 Ge-

358 5883 826 5953 nesimhscripsit
867 5884 1211 5952 Theodorus,
1268 5906 1454 5944 verum
1489 5883 1652 5945 etiam
1699 5893 1752 5947 in
1782 5895 1919 5952 alios

363 5952 530 6009 libros
567 5951 629 6009 V.
679 5951 741 6009 T.
787 5954 916 6012 Milli
950 5960 1310 6015 occurrebant
1347 5962 1401 6016 in
1441 5960 1716 6018 Vaticanis
1763 5951 1916 6021 codi¥

2020 4671 2254 4738 digeant,
2291 4666 2479 4720 scribit
2511 4664 2651 4719 idem
2682 4666 2800 4733 ipse
2847 4664 2916 4715 ad
2949 4663 3236 4717 Cerdonem
3270 4664 3364 4717 lib.
3403 4662 3477 4715 De
3514 4661 3601 4714 al-

2020 4760 2217 4831 legoria
2245 4768 2293 4813 et
2322 4758 2543 4811 historia
2586 4755 2838 4809 adversus
2886 4754 3162 4824 Origenem
3197 4756 3338 4824 apud
3382 4752 3600 4807 Facun-

2020 4856 2147 4909 dum
2185 4855 2278 4907 Iib.
2318 4868 2400 4915 ιιι,
2436 4866 2558 4921 cap.
2592 4850 2644 4907 6.
2672 4858 2725 4903 et
2764 4849 2856 4901 lib.
2891 4865 2943 4901 .\'.
2973 4864 3095 4917 cap.
3136 4849 3153 4901 Ι
3187 4867 3200 4902 :
3240 4847 3351 4916 Ego
3381 4848 3595 4918 quidem

2022 4947 2157 5015 quod
2200 4954 2383 4997 nostra
2422 4943 2498 4995 sic
2545 4942 2728 4994 laudes
2756 4981 2771 5003 ,
2820 4958 2921 4994 non
2956 4941 3048 4993 alii
3083 4941 3317 5009 cuipiam
3366 4940 3595 5007 imputo,

2021 5051 2177 5106 quam
2207 5033 2491 5093 amicitiae,
2516 5047 2674 5100 quam
2705 5030 2851 5083 circa
2901 5046 2992 5082 nos
3025 5027 3182 5081 habes
3202 5068 3216 5089 ,
3247 5043 3404 5097 quam
3431 5026 3599 5079 etiam

2023 5130 2077 5181 in
2124 5126 2306 5181 multis
2364 5134 2413 5177 et
2457 5123 2661 5192 magnis
2714 5122 2866 5176 rebus
2921 5136 3122 5188 semper
3166 5119 3489 5175 ostendisti:
3546 5128 3603 5172 et

2026 5219 2257 5271 maxime
2288 5214 2539 5285 quoniam
2585 5230 2646 5266 ea
2691 5229 2808 5281 qua:
2854 5213 3052 5279 scripta
3098 5220 3219 5262 sunt
3254 5210 3308 5263 in
3352 5209 3603 5279 psalmos

2030 5309 2270 5370 miraris,
2301 5322 2417 5373 qua:
2444 5306 2603 5358 etiam
2631 5305 2800 5372 primo
2849 5311 3155 5355 ca’terorum
3196 5301 3428 5353 omnium
3459 5302 3600 5353 scri-

2026 5400 2247 5466 psimus.
2291 5394 2415 5448 Non
2469 5404 2641 5447 autem
2670 5400 2924 5462 quantam
2968 5399 3271 5459 oportuerat
3313 5389 3598 5443 habuimus

2028 5492 2170 5543 circa
2200 5490 2357 5541 istam
2387 5503 2495 5539 rem
2514 5484 2877 5554 diligentiam;
2905 5483 3049 5552 passi
3077 5483 3215 5535 enim
3236 5499 3418 5535 sumus
3445 5498 3600 5551 qua:-

2027 5597 2226 5650 cunque
2254 5581 2580 5647 incipientes,
2614 5585 2671 5627 ut
2701 5575 2864 5627 euenit
2896 5613 2911 5637 ,
2944 5575 2999 5627 in
3025 5575 3291 5643 imperitia
3330 5574 3603 5628 scribendi

2026 5671 2303 5725 constituti
2338 5685 2356 5723 :
2390 5665 2647 5738 siquidem
2702 5673 2750 5717 et
2791 5663 2987 5717 multas
3032 5666 3457 5727 immutationes,
3499 5664 3601 5718 illo

2025 5824 2181 5878 cibus
2218 5822 2451 5892 sparsim
2499 5817 2743 5892 ejusdem
2784 5818 3024 5892 auctoris
3066 5817 3368 5892 fragmenta
3381 5826 3465 5892 nt
3505 5828 3599 5892 est

2028 5895 2080 5947 in
2114 5886 2389 5954 Exodum,
2426 5891 2478 5942 in
2510 5886 2809 5952 Numeros,
2844 5888 2896 5939 in
2932 5886 3128 5957 Iosue,
3155 5886 3224 5945 Vin
3259 5886 3505 5955 «Iudices,
3531 5889 3595 5945 in

2032 5964 2196 6020 Isaia:
2229 5962 2567 6032 Ezechiarque
2589 5977 2784 6031 preces,
2819 5961 2871 6013 in
2894 5958 3043 6014 odas.
