3898 6228
242 450 300 504 85
1373 446 1689 502 DIATRIBA
1732 447 1820 501 DE
1854 446 2260 504 THEODORIS.
3340 437 3409 493 86

243 577 433 634 tempore
461 580 570 633 qui:
604 575 793 618 nostra
818 576 939 619 sunt
982 576 1350 634 susceperunt,
1383 585 1514 637 quas
1547 585 1648 621 non
1678 576 1755 620 est
1789 569 1828 627 Α
1928 566 2000 619 Ex
2032 564 2276 634 ejusdem
2304 562 2465 617 etiam
2492 570 2885 615 commentario
2917 560 2970 611 in
2993 552 3265 609 duodecim
3285 567 3409 620 pro-

242 659 473 725 prcsentis
514 659 758 726 temporis
796 675 1044 713 enarrare
1085 674 1103 712 :
1133 675 1198 713 ea:
1238 677 1342 729 qua
1375 677 1537 715 causa
1582 662 1769 730 magis-
1855 656 2034 723 phetas
2063 654 2308 723 quaedam
2341 653 2637 705 recitantur
2665 648 2724 702 in
2741 648 2927 703 eadem
2963 644 3192 713 synodo,
3226 640 3411 694 collat.

242 750 719 820 negligenteranobis
744 753 1031 817 composita
1048 762 1167 805 sunt
1185 753 1505 820 plurima,et
1520 754 1750 805 maxime
1857 748 1907 798 4.
1946 746 2007 798 Et
2033 754 2248 799 exstant
2275 744 2339 798 ad
2364 744 2509 797 hunc
2531 742 2671 795 diem
2700 742 2751 793 in
2778 736 3170 817 OseamP.,El;
3198 732 3415 800 ἔλεγχον

243 812 322 893 illa
341 812 441 909 ιίιιω
463 842 627 909 prima
670 851 813 897 sunt.
843 812 1028 912 Neque
1067 812 1229 915 negat
1262 843 1314 897 id
1344 812 1633 899 Facundos
1661 845 1753 899 lib.

1923 838 1964 888 ὼν
1994 837 2365 897 ἀϐασανίστως
2395 833 2702 886 ἐπιϐάλλειν
2730 833 2850 892 ταῖς
2884 826 3250 900 προφητικαῖς
3292 825 3415 874 ἐπι-

244 948 300 994 ι,
327 949 429 1002 cap.
457 935 524 988 5:
560 934 863 988 Theodorus
926 936 1066 990 ultro
1120 938 1449 1004 semetipsum
1484 937 1757 1006 reprelien-

1927 928 2177 999 ιρούντων
2229 929 2456 996 φωναῖς·
2505 927 2557 977 in
2592 923 2784 977 Ioelem
2819 923 2905 981 P.,
2955 918 3243 987 Πρόκειται
3289 916 3419 983 ἡμῖν

247 1023 356 1076 dens
382 1025 427 1074 in
450 1026 762 1091 expositione
795 1024 1140 1080 Psalmorum
1170 1027 1438 1096 confessus
1468 1004 1547 1082 est
1570 1069 1585 1089 ,
1624 1027 1759 1097 quod

1924 1020 1954 1071 ὖ
1996 1018 2262 1090 μακαρίου
2320 1016 2471 1087 ’ἰωὴλ
2506 1015 2598 1068 τοῦ
2651 1014 2930 1086 προφήτου
2983 1013 3081 1080 τῆς
3128 1004 3422 1076 σαφηνείας

250 1114 516 1184 negligenter
538 1132 567 1167 a
584 1132 638 1168 se
662 1120 949 1184 composita
979 1117 1169 1182 fuerint
1188 1093 1437 1186 plurima,
1458 1126 1507 1170 et
1529 1093 1762 1170 maritae

1923 1112 2206 1184 τάρξασθαι
2260 1110 2353 1162 νῦν
2382 1125 2395 1137 ·
2447 1110 2502 1161 in
2549 1114 2707 1161 Amos
2749 1107 2837 1166 P.,
2873 1102 3156 1173 Πρόδηλον
3207 1093 3299 1151 οὖν
3341 1096 3422 1148 ὃτι

249 1207 335 1258 illa
355 1224 453 1273 gnte
475 1208 639 1275 prima
678 1217 800 1262 sunt
823 1250 838 1273 ,
869 1219 917 1263 et
953 1211 1211 1278 perhibuit
1246 1212 1427 1281 aliqua
1462 1214 1514 1264 in
1541 1229 1663 1265 suos
1699 1213 1766 1265 li—

1923 1206 1958 1257 ιὶ
1988 1206 2016 1257 ὁ
2059 1203 2322 1274 μακάριος
2375 1198 2554 1270 Ἀμὼς
2582 1201 2610 1251 ὁ
2658 1197 2974 1265 προφήτης,
3005 1193 3063 1245 ὃν
3107 1187 3425 1260 ἑρμηνεύειν

253 1300 355 1349 ι’γοε
379 1298 432 1349 ab
449 1298 835 1360 Apollinaristis
868 1303 1125 1356 immissa.
1156 1302 1286 1357 Rem
1325 1319 1454 1358 vero
1488 1304 1666 1367 nobis,
1706 1312 1765 1357 ut

1923 1295 1999 1348 ιοῦ
2026 1295 2204 1365 χάριτι
2228 1311 2242 1324 ·
2274 1295 2326 1345 in
2346 1290 2569 1344 Abdiam
2595 1291 2683 1349 P.,
2723 1285 2998 1357 Ἀπεχθῶς
3026 1282 3226 1339 ἄνωθεν
3266 1281 3425 1332 Ἰδουοη

251 1406 353 1445 sese
387 1391 576 1453 habuit,
626 1393 861 1461 ingenue
897 1401 1083 1447 narrat
1131 1394 1437 1466 Hesychius
1485 1397 1767 1463 presbyter

1923 1391 2020 1441 ιίοι
2055 1387 2190 1457 πρὸς
2234 1385 2360 1446 τοὺς
2428 1381 2764 1453 Ἰσραηλίτας
2797 1378 2953 1447 ἔσχον
2983 1393 2997 1406 ⁸
3033 1377 3085 1428 in
3120 1373 3305 1427 Ionam
3337 1373 3425 1431 P.,

251 1479 731 1553 Hierosolymitanus
768 1485 820 1537 in
855 1484 1093 1539 Historia
1126 1462 1532 1541 ecclesiastica:
1578 1462 1768 1540 Elite-

1923 1472 1965 1540 ἴς
2012 1478 2107 1529 καὶ
2134 1474 2293 1536 αὐτὸς
2323 1472 2421 1541 τῆς
2454 1488 2511 1523 τε
2552 1470 2796 1531 Παλαιᾶς
2840 1467 2933 1519 καὶ
2990 1464 3132 1525 Νέας
3167 1462 3427 1530 ὑπάρχων

250 1591 344 1625 rum
365 1574 475 1626 bene
502 1576 821 1636 conversari,
854 1577 1045 1630 iterum
1076 1579 1131 1629 in
1163 1578 1418 1631 clericatu
1456 1595 1567 1633 esse
1596 1579 1767 1647 cwpit,

1923 1568 2025 1628 εός·
2070 1567 2124 1618 in
2166 1562 2443 1617 Miclucam
2488 1562 2572 1623 P.,
2620 1556 2984 1628 Παραπλήσια
3034 1556 3143 1614 τοῖς
3192 1558 3317 1621 περι
3366 1565 3425 1601 τε

249 1675 289 1715 et
313 1666 570 1719 Antiochia
594 1667 777 1721 relicta
803 1669 856 1721 in
884 1668 1110 1722 Tarsum
1139 1671 1550 1739 transmigrauit,
1584 1686 1648 1724 ex
1669 1640 1772 1740 qua

1923 1657 2063 1727 me.
2106 1657 2199 1709 καὶ
2232 1652 2432 1722 Ἀμὼς,
2460 1651 2551 1703 καὶ
2578 1651 2702 1712 τοὺς
2728 1648 2947 1709 λοιποὺς
2979 1646 3187 1698 ὁπόσοι·
3224 1644 3281 1695 in
3314 1640 3429 1693 Na-

249 1758 293 1809 in
317 1757 679 1826 Hopsuestiam
712 1763 951 1823 transiit,
984 1761 1258 1816 ordinatus
1299 1764 1354 1816 in
1380 1780 1442 1817 ea
1467 1765 1735 1831 episcopus
1758 1804 1770 1827 ,

1923 1766 1995 1801 tm
2022 1750 2108 1807 P2,
2140 1744 2323 1799 Νινευῖ
2350 1743 2502 1805 πόλις
2524 1738 2591 1813 ἦν
2623 1739 2853 1811 μεγάλη,
2879 1737 3067 1807 πλήθει
3094 1752 3153 1787 τε
3183 1732 3426 1803 κομῶσα,

248 1850 443 1902 nondum
466 1850 572 1904 Deo
597 1853 795 1906 volente
818 1853 1153 1922 manifestam
1172 1855 1456 1923 impietatis
1474 1823 1617 1909 illius
1640 1823 1774 1922 prta;

1923 1840 2058 1903 ιθὼς
2108 1841 2140 1908 ἡ
2183 1837 2300 1890 Θεία
2356 1835 2597 1889 διδάσκει
2651 1831 2880 1901 Γραφήο
2926 1830 2979 1881 in
3033 1825 3275 1881 Abbucuc
3329 1823 3430 1881 P.,

247 1938 524 1992 dicationem
542 1941 685 2007 ﬁeri.
713 1940 898 1994 Prima
924 1952 1098 1996 autem
1123 1943 1377 1997 elementa
1397 1960 1506 1996 sua:
1521 1945 1776 1999 doctrina:

1923 1930 2019 2001 ίιδη
2048 1928 2140 1982 τοῦ
2186 1925 2469 1994 Ἀσσυρίου
2508 1923 2604 1993 μὲν
2633 1921 2738 1973 τῶν
2771 1920 2901 1972 δέκα
2944 1916 3122 1985 φυλῶν
3164 1907 3436 1983 αἰχμαλω-

247 2041 298 2077 ex
318 2003 864 2099 Iudaico—vaniloquio
888 2032 1163 2099 incipiens,
1195 2031 1426 2085 codicem
1454 2033 1509 2086 in
1541 2035 1774 2103 prophe-

1923 2039 2005 2083 ως
2036 2023 2115 2083 εἰς
2150 2020 2249 2089 τὴν
2272 2017 2476 2071 οἰκείαν
2503 2014 2876 2081 ἀπαγαγόντος
2906 2010 3087 2081 χώραν
3110 2024 3123 2036 ⁸
3154 2009 3205 2060 in
3239 2003 3435 2072 Sopho—

249 2119 355 2169 liam
378 2119 708 2175 Psalmorum
732 2122 1064 2191 conscripsit,
1100 2138 1279 2177 omnes
1302 2123 1366 2177 de
1399 2122 1624 2177 Domino
1641 2094 1778 2191 pree-

1923 2115 2025 2167 iam
2079 2114 2168 2171 P.,
2219 2109 2293 2163 Οὐ
2348 2108 2534 2177 πόρρω
2567 2105 2659 2157 τοῦ
2704 2104 2968 2174 μακαρίου
3012 2097 3328 2170 Ἀμόακοὺμ
3360 2094 3437 2165 τῷ

249 2207 470 2263 dictiones
494 2212 864 2281 abnegantem.
895 2198 1154 2281 Culpatus
1190 2231 1309 2268 vero
1336 2225 1386 2269 et
1422 2183 1776 2282 periclitatus,

1923 2204 2055 2274 ρόνῳ
2076 2201 2173 2271 τὴν
2198 2197 2525 2269 προφητείαν
2548 2194 2768 2262 ταύτην·
2801 2194 2853 2244 in
2883 2200 3126 2259 Aggaeum
3149 2185 3233 2250 P.,
3279 2183 3436 2251 Ὠσηὲ

250 2302 482 2355 contraria
504 2303 614 2356 sibi
639 2304 777 2356 dixit
808 2321 909 2357 non
940 2320 1004 2358 ex
1027 2304 1326 2369 voluntate,
1350 2307 1439 2359 sed
1471 2276 1774 2375 compulsus

1923 2299 2003 2359 sv,
2031 2296 2125 2347 καὶ
2165 2290 2336 2360 Ἰωὴλ,
2368 2288 2460 2342 καὶ
2494 2285 2691 2355 Ἀμὼ;,
2730 2285 2821 2337 καὶ
2844 2281 3083 2352 Μιχαίας
3108 2280 3157 2332 οἱ
3184 2276 3441 2349 μακάριοι

255 2394 447 2444 omnium
482 2396 831 2464 querimoniis
850 2437 864 2459 ,
895 2407 942 2449 et
965 2396 1194 2451 codicem
1222 2400 1395 2466 ipsum
1428 2371 1598 2453 delere
1625 2400 1781 2468 polli-

1928 2382 2154 2455 ροφῆται
2185 2378 2360 2432 κοινὸν
2387 2375 2521 2444 πρὸς
2551 2374 2766 2427 ἅπαντα
2802 2371 2899 2439 (b).

253 2484 378 2545 citus.
407 2486 633 2539 latenter
662 2490 1000 2543 conservabat
1022 2489 1266 2544 Iudaica:
1298 2492 1585 2559 impietatis
1630 2493 1784 2545 viati-

253 2591 347 2626 cum
371 2593 387 2627 :
407 2577 509 2643 igni
527 2580 675 2631 enim
713 2596 811 2632 sua
833 2584 1211 2636 commentaria
1238 2583 1499 2637 simulans
1541 2583 1749 2637 tradere
1767 2624 1782 2647 ,

252 2667 478 2721 malitiose
502 2671 830 2726 abscondere
871 2672 1169 2726 illecebram
1213 2674 1510 2727 conabatur
1537 2690 1555 2727 :
1588 2685 1784 2742 tempus

252 2760 427 2824 quidem
454 2762 769 2829 plurimum,
804 2764 856 2817 in
879 2767 1067 2835 exiguo
1097 2772 1211 2820 loco
1238 2782 1399 2832 prava
1436 2768 1668 2834 loquens,
1699 2769 1785 2837 qui

252 2858 364 2901 esset
395 2853 574 2906 merito
627 2854 840 2908 latebat.
874 2855 1059 2910 Exstat
1097 2873 1245 2913 nunc
1272 2874 1489 2929 quoque
1518 2858 1787 2913 Theodori

249 2938 540 2997 Antiocheni
565 2943 831 3015 ἐξήγησις
857 2948 1171 3002 continuata
1205 2951 1283 3012 ei;
1316 2951 1407 3003 τὸν
1436 2950 1706 3019 ψαλτῆρα,
1737 2952 1788 3003 in

248 3030 525 3093 psalterium
543 3036 828 3101 expositio,
853 3038 906 3089 in
934 3037 1256 3093 bibliotheca
1279 3037 1538 3093 Vaticana
1564 3080 1579 3102 ,
1613 3042 1664 3093 in
1693 3040 1790 3092 Es-

249 3122 416 3175 curiali
450 3122 626 3194 Regia
648 3164 663 3187 ,
695 3135 748 3180 et
779 3127 932 3181 alibi.
984 3127 1158 3194 Quam
1198 3130 1313 3195 ipse
1349 3129 1477 3193 vidi,
1517 3131 1707 3200 incipit
1738 3132 1791 3185 in

1955 2474 2009 2527 In
2043 2470 2375 2541 exponendis
2408 2482 2623 2536 quoque
2660 2464 2792 2517 Novi
2839 2458 3168 2515 Testamenti
3213 2454 3447 2510 volumi-

1887 2568 2046 2621 nibus
2104 2560 2349 2618 sedulam
2408 2574 2628 2620 oueram
2683 2551 2993 2608 collocavit.
3025 2548 3160 2602 llinc
3207 2563 3274 2601 ex
3324 2544 3445 2611 ejus

1887 2654 2280 2711 commentario
2314 2653 2369 2706 in
2407 2650 2719 2703 Matt/unum
2760 2645 2854 2699 lib.
2900 2659 2913 2697 ι
2955 2650 3008 2696 et
3061 2656 3148 2702 tv,
3200 2635 3445 2707 quaedam

1890 2749 2190 2803 recitantur
2224 2744 2277 2798 in
2312 2742 2500 2797 eadem
2525 2738 2734 2811 synodo
2754 2776 2768 2801 ,
2796 2734 2981 2790 collat.
3010 2733 3062 2794 l,
3096 2737 3148 2784 et
3174 2726 3315 2798 apud
3341 2724 3448 2780 Fa-

1887 2840 2147 2902 cundum,
2173 2836 2265 2891 lib.
2292 2850 2374 2898 Ill,
2404 2849 2525 2904 cap.
2553 2832 2610 2887 9..

1961 2955 2033 3008 Ex
2067 2951 2458 3007 commentario
2502 2950 2627 3003 item
2678 2947 2730 2999 in
2764 2944 2957 2999 Lucam
3002 2936 3243 3009 quaedam
3280 2933 3453 3005 ipsius

1892 3046 2191 3099 alleruntur
2219 3046 2273 3097 in
2303 3043 2491 3096 eodem
2523 3037 2757 3094 concilio
2778 3076 2791 3097 ,
2823 3045 2877 3089 et
2906 3031 3185 3100 complura
3219 3029 3272 3081 in
3302 3033 3451 3080 catc-

1896 3135 1979 3188 nis
2013 3132 2217 3187 Graacis
2250 3133 2302 3185 in
2324 3131 2482 3185 Luca:
2515 3127 2877 3197 Evangelium.

251 3212 436 3279 psalmo
465 3216 735 3321 secundo,
760 3218 819 3270 ἐν
838 3222 902 3288 τῇ
938 3223 1122 3293 μνήμῃ
1149 3221 1255 3273 τῶν
1281 3221 1497 3275 ἀσεϐῶν
1528 3223 1619 3276 τὸν
1643 3223 1793 3295 πρῶ-

1968 3223 2435 3290 Quemadmodum
2475 3229 2527 3275 et
2565 3236 2629 3275 ex
2676 3215 3067 3274 commentario
3100 3214 3155 3265 in
3196 3209 3456 3263 Joannem

1923 3317 1952 3321 .-
2204 3312 2260 3321 ..ι
2509 3311 2520 3321 ι
2836 3314 2849 3321 -
2916 3320 2921 3321 ,
2978 3300 3230 3321 17--μ...1-
3258 3298 3329 3321 ιει.
3379 3312 3429 3321 ι..

248 3318 326 3353 τον
351 3306 704 3375 ωμπεράνας
726 3307 941 3378 ψαλμόν
978 3312 1076 3379 (a).

309 3393 518 3452 Necnon
592 3414 663 3452 ex
716 3399 959 3468 ejusdem
1028 3404 1420 3457 commentario
1467 3405 1520 3457 in
1576 3402 1799 3459 Cantica

251 3489 560 3542 canticorum
618 3492 922 3545 recitantur
952 3494 1211 3546 nonnulla
1244 3495 1295 3548 in
1328 3493 1371 3547 γ
1404 3494 1611 3566 synodo
1636 3511 1800 3564 gene-

253 3577 356 3640 rali,
381 3582 562 3634 collat.
600 3582 659 3635 4.
691 3582 831 3648 Quid
860 3600 990 3639 vero
1036 3586 1151 3655 ipse
1180 3586 1247 3640 de
1276 3601 1342 3640 eo
1374 3586 1514 3641 libro
1548 3587 1798 3652 senserit,

249 3689 307 3727 ex
329 3678 510 3732 eodem
528 3679 825 3736 audiamus
856 3699 868 3736 :
895 3679 1025 3735 Cum
1059 3698 1139 3736 me
1159 3684 1409 3752 piguisset
1427 3682 1650 3738 Cantica
1672 3700 1801 3737 can-

254 3766 455 3820 ticorum
493 3769 805 3839 perlegere,
854 3774 1103 3842 quoniam
1144 3790 1301 3843 neque
1349 3778 1631 3828 secundum
1679 3790 1802 3841 pro-

247 3854 487 3919 pheticum
540 3860 770 3926 speciem
818 3863 1060 3929 exposita
1107 3873 1248 3925 sunt,
1308 3880 1468 3932 neque
1521 3863 1805 3917 secundum

252 3947 585 4004 historiarum
614 3951 959 4007 traditionem
977 3994 991 4015 ,
1020 3955 1155 4007 sicut
1185 3956 1447 4024 scriptura
1491 3954 1805 4024 Regnorum,

249 4058 396 4111 neque
454 4044 882 4099 demonstrativa
940 4047 1297 4102 admonitione
1354 4048 1519 4101 studii
1564 4058 1805 4113 utuntur,

251 4132 409 4185 nescio
446 4133 717 4203 quomodo
770 4145 980 4189 tuarum
1014 4138 1308 4190 litterarum
1348 4147 1684 4206 praxeptum,
1747 4138 1810 4191 de

250 4218 457 4277 Cantica
503 4227 838 4281 canticorum
876 4230 1089 4299 exigens
1126 4246 1158 4282 a
1206 4229 1353 4281 nobis
1400 4228 1812 4282 irrecusabiliter

252 4329 490 4377 causam,
520 4317 650 4383 fecit
677 4334 755 4370 me
786 4318 925 4370 circa
962 4335 1077 4371 eam
1099 4319 1480 4387 diligentiorem
1503 4359 1518 4383 ,
1557 4318 1809 4370 violenter

251 4406 465 4471 quidem.
504 4407 575 4460 Et
607 4408 706 4471 sic,
743 4425 833 4461 nec
864 4410 1000 4461 enim
1029 4410 1228 4461 cessavi
1252 4448 1267 4471 ,
1301 4418 1349 4461 et
1374 4409 1526 4462 initio
1560 4410 1674 4478 ipso
1707 4408 1811 4461 lec-

255 4499 419 4556 tionis.
448 4501 612 4568 quasi
643 4500 881 4553 studiosa
913 4502 1194 4554 alacritate
1227 4502 1464 4554 oscitans
1495 4501 1809 4571 frequenter,

1901 3317 1995 3370 lib.
2033 3332 2045 3369 I
2102 3320 2158 3368 et
2204 3312 2302 3366 lib.
2343 3327 2419 3376 vn,
2470 3311 2749 3380 pleraque,
2801 3314 2855 3362 et
2903 3320 2933 3357 a
2978 3300 3235 3357 Facundo
3258 3298 3352 3354 lib.
3378 3312 3455 3362 ix,

1898 3422 2018 3476 cap.
2046 3407 2100 3470 3,
2133 3405 2403 3475 quaedam.

1970 3496 2344 3567 Expositionis
2373 3493 2618 3561 ejusdem
2646 3492 2701 3545 in
2723 3490 2856 3544 Acta
2887 3486 3245 3555 apostolorum
3269 3479 3460 3536 memi-

1901 3591 1982 3643 nit
2015 3588 2362 3643 Justinianus
2394 3589 2689 3658 imperator
2719 3584 2773 3638 in
2808 3582 2995 3635 Edicto
3039 3579 3104 3632 de
3138 3576 3239 3630 ﬁde
3269 3573 3459 3628 ortbo:

1902 3682 2063 3745 doxa,
2092 3681 2251 3751 cujus
2281 3679 2605 3749 principium
2638 3684 2741 3736 est,
2775 3672 3015 3735 Ειδότες
3035 3670 3112 3733 ὠς
3139 3664 3338 3719 οὐδέν.
3389 3661 3463 3714 Τὸ

1903 3772 1957 3825 δὲ
1996 3776 2174 3843 χεῖρον
2207 3773 2288 3824 ὅτι
2328 3772 2385 3821 ὲν
2444 3771 2509 3838 τῇ
2562 3766 2671 3820 τῶν
2712 3763 2966 3834 Πράξεων
3004 3757 3112 3810 τῶν
3154 3752 3462 3809 ἀποττόλων

1904 3841 2170 3934 γενομένῃ
2207 3862 2335 3931 παρ’
2375 3856 2540 3912 αὐτοῦ
2588 3856 2745 3927 δῆθεν
2792 3849 3053 3923 ἑρμηνείᾳ
3094 3843 3394 3913 συγκρίνων
3436 3841 3466 3892 ὀ

1906 3956 2065 4018 αὐτὸς
2096 3954 2365 4023 Θεόδωρος
2406 3950 2497 4002 τὸν
2542 3946 2791 4019 Χριστόν.
2843 3941 2994 4010 Quod
3027 3952 3200 3993 autem
3238 3935 3463 3989 deterius

1906 4050 2005 4104 cst,
2029 4040 2186 4093 etiam
2215 4038 2269 4091 in
2294 4037 2637 4104 expositione,
2666 4050 2821 4103 quam
2856 4034 2907 4084 in
2943 4030 3074 4083 Acta
3100 4026 3462 4096 apostolorum

1909 4132 2219 4199 composuit,
2258 4129 2394 4182 idem
2419 4125 2718 4181 Theodorus
2745 4132 3013 4191 comparat
3045 4119 3330 4176 Christum,
3358 4123 3462 4169 etc.

1910 4223 1987 4275 Ex
2018 4222 2180 4290 hujus
2204 4219 2562 4290 expositionis
2593 4218 2734 4271 libro
2772 4232 2819 4277 ι,
2849 4212 3155 4267 referuntur
3194 4208 3369 4275 aliqua
3412 4204 3464 4256 in

1910 4311 2096 4365 eadem
2131 4311 2358 4381 synodo,
2386 4310 2568 4362 collat.
2597 4307 2765 4358 dicta.

1981 4404 2130 4456 Illius
2163 4402 2326 4456 etiam
2356 4398 2754 4468 expositionem
2777 4395 2829 4446 in
2856 4390 3145 4459 Epistolam
3176 4386 3241 4439 ad
3277 4383 3469 4437 Roma-

1916 4509 2007 4544 nos
2032 4491 2280 4546 meminit
2310 4487 2624 4546 Facundus,
2662 4484 2758 4537 lib.
2782 4498 2860 4543 Ill,
2884 4496 3000 4549 cap.
3023 4479 3069 4530 6.
3097 4477 3158 4529 Et
3186 4492 3246 4531 ex
3278 4474 3464 4527 iisdem

252 4597 296 4638 et
320 4588 612 4654 dormiens,
652 4591 787 4643 sicut
836 4592 1064 4644 convivio
1095 4592 1291 4644 codicis
1331 4565 1607 4658 nuptialis,
1634 4598 1682 4643 et
1715 4590 1809 4641 Itoc
1842 4605 1883 4659 ε)
1911 4584 2155 4651 quaedam
2180 4580 2420 4634 adducit.
2447 4580 2521 4631 Ex
2546 4576 2732 4630 eadem
2763 4569 3203 4639 interpretatione
3225 4565 3466 4634 quaedam

254 4681 425 4749 regali,
478 4689 860 4748 percontatus,
898 4689 1002 4734 etc.
1040 4678 1266 4749 Reliqua
1302 4680 1468 4733 videri
1500 4687 1728 4748 possunt
1756 4680 1809 4731 in

252 4770 428 4823 eodem
461 4771 726 4834 concilio,
757 4772 936 4824 collat.
972 4771 1023 4826 4.

318 4949 389 5015 la)
420 4947 577 5002 Vidit
623 4947 854 5002 Allatius
900 4946 1140 5000 codicem
1181 4943 1500 4999 Vaticanum
1547 4945 1671 5004 617.
1721 4944 1811 4997 ubi

254 5033 457 5096 reapse,
488 5018 848 5096 i_nitio_t_luct_o
872 5032 909 5096 τι.
936 5017 1149 5096 psalmo
1176 5016 1435 5096 secundo,
1476 5026 1814 5068 counnenta-

256 5084 361 5141 rius
396 5091 612 5145 dicitur
645 5087 912 5141 Theodori
940 5085 1285 5139 Antiocheni.
1319 5084 1421 5139 Sed
1450 5091 1630 5137 tamen
1666 5099 1818 5137 erro-

256 5170 359 5227 [em
380 5175 489 5211 non
518 5159 748 5227 agnovit
772 5156 996 5227 Allatius
1015 5172 1030 5218 ;
1046 5165 1136 5227 est
1160 5156 1304 5209 enim
1326 5156 1371 5227 is
1393 5155 1818 5227 commentarius

254 5223 612 5291 Theodoreti,
650 5243 757 5281 non
787 5226 1080 5286 Theodori,
1114 5233 1175 5278 ut
1207 5240 1307 5293 ego
1342 5226 1528 5293 legens
1554 5223 1813 5291 comperi,

256 5312 611 5368 erroremque
641 5298 695 5351 in
726 5300 845 5366 ipso
865 5295 1144 5368 _\laticano
1193 5294 1372 5368 indice
1418 5294 1815 5368 emendandum

256 5384 414 5422 manu
459 5363 587 5421 mea
626 5363 833 5422 curavi.
864 5366 977 5419 lino
1002 5381 1129 5419 vero
1177 5364 1382 5418 codicis
1416 5363 1668 5416 mendum
1694 5363 1818 5415 dili-

256 5449 441 5503 genter
470 5453 567 5492 me
594 5437 702 5505 jam
731 5436 1042 5505 coarguissfe
1062 5434 1291 5505 tuemini
1321 5434 1373 5486 in
1406 5434 1722 5505 przefatiope
1750 5430 1817 5484 ad

260 5500 493 5574 priorem
525 5500 823 5561 editionem
850 5500 977 5558 torni
1004 5504 1022 5556 l
1048 5503 1247 5571 Script.
1264 5512 1361 5557 vet.
1386 5500 1439 5572 p.
1461 5517 1598 5555 uti.
1624 5500 1820 5574 Utique

259 5571 635 5658 ﬁopsuesteui
668 5576 919 5658 plurima;
946 5582 1128 5658 partes
1163 5571 1410 5658 genuina:
1442 5571 1820 5658 commentarii

260 5648 311 5699 in
340 5642 599 5701 Psalmos
619 5642 775 5700 editae
802 5653 988 5714 postea
1013 5642 1230 5698 fuerunt
1256 5644 1308 5697 in
1332 5642 1571 5714 Gortlerii
1599 5650 1821 5698 catena:

263 5717 355 5771 sed
394 5717 657 5786 plurima
700 5713 877 5786 adb’uc
911 5715 1078 5767 latent
1119 5715 1171 5786 in
1210 5713 1492 5767 codicibus
1516 5753 1530 5772 ,
1565 5718 1824 5786 tantoque

264 5781 496 5865 pumero
519 5824 535 5846 ,
586 5793 645 5837 ut
780 5784 1143 5865 Mopsuesteni
1178 5798 1316 5851 opus
1344 5782 1729 5865 propemodum
1763 5781 1815 5832 in

266 5854 545 5925 integrum
590 5856 797 5909 restitui
832 5851 991 5923 posse
1033 5855 1313 5925 videatur;
1347 5852 1499 5925 quod
1527 5866 1610 5904 me
1628 5851 1821 5925 _fact_u-

268 5920 411 5993 rum',
435 5926 557 5982 vita
581 5926 793 5992 comite,
825 5920 1128 5994 conjunctis
1154 5924 1316 5978 etiam
1346 5922 1589 5993 partibus
1618 5920 1822 5976 Corde-

1917 4676 2218 4728 recitantur
2241 4673 2294 4726 in
2322 4672 2510 4741 quinta
2547 4665 2755 4738 synodo
2782 4663 2966 4717 collat.
2994 4660 3140 4713 dicta
3172 4656 3261 4727 (c).

1988 4768 2220 4836 Scripsit
2268 4778 2485 4835 quoque
2531 4762 2731 4814 librum
2778 4772 2873 4813 seu
2924 4750 3377 4809 commentarium
3415 4748 3468 4799 in

1914 4942 2104 5004 rianis,
2135 4938 2406 5009 spondere
2436 4934 2634 4990 ausim.

1988 5032 2063 5093 (ὁ)
2095 5029 2284 5084 Nescio
2320 5043 2417 5079 cur
2455 5026 2687 5079 Allatius
2731 5024 2959 5079 reticeat
3006 5020 3075 5093 de
3112 5014 3392 5093 Zaeliaria'
3422 5022 3476 5093 et

1922 5083 2206 5156 Malacltia.
2244 5098 2444 5167 Utique
2480 5095 2773 5167 Zacharias
2811 5093 2974 5167 deest
3022 5092 3074 5143 in
3128 5083 3473 5167 codic_e.\_’at.

1917 5154 2019 5225 i318
2048 5212 2062 5233 ,
2117 5186 2276 5238 quem
2328 5154 2501 5222 solum
2549 5165 2748 5238 vidisse
2797 5163 3051 5238 A_l_latium
3088 5165 3239 5238 puto,
3275 5154 3473 5238 Ibidem

1917 5224 2099 5295 tamen
2136 5224 2430 5293 blalacltias
2458 5251 2564 5288 non
2600 5236 2804 5288 deerat.
2826 5231 2935 5284 Nos
2963 5224 3327 5283 vero'tandem
3351 5224 3479 5276 ade-

1918 5313 1995 5381 pti
2027 5312 2445 5364 Columnensem
2488 5304 2728 5381 codicem
2763 5308 3130 5381 pervetustpm
3169 5311 3289 5349 eum
3324 5295 3478 5381 linte-

1914 5363 2159 5452 gerrime
2184 5375 2570 5452 commentario
2597 5363 2957 5451 Mopsuesteni
2993 5370 3153 5452 adyx‘u
3187 5363 3477 5452 prophetas

2126 5432 2374 5504 codicem
2424 5445 2599 5521 pretio
2648 5432 2886 5521 emptum
2934 5441 2986 5521 ip
3031 5432 3319 5521 Vati-canos
3359 5432 3478 5521 pili:

1919 5498 2043 5577 ὶὲἇξ
2061 5498 2385 5587 intulimus),
2424 5498 2909 5587 (praeclarissimum
2959 5513 3059 5563 hoc
3104 5498 3478 5587 “blops‘ueSteni

1918 5574 2055 5661 opus
2086 5574 2507 5661 vulgavim'us'in
2542 5583 2739 5651 Script.
2786 5591 2883 5661 vet.
2926 5588 3074 5661 tumo
3104 5574 3198 5654 Vl;
3224 5580 3277 5624 et
3309 5583 3482 5639 nuper

1919 5645 2137 5717 dem—um
2177 5645 2468 5713 'Latinitate
2497 5645 2716 5723 quoque
2748 5660 2921 5705 totum
2956 5645 3299 5702 donavimus.

1995 5753 2064 5822 (c)
2103 5750 2321 5822 Partem
2365 5746 2727 5822 expositionis
2764 5743 2929 5822 hujus
2946 5741 3031 5822 "in
3327 5731 3479 5822 ‘Rolg.

1924 5797 2907 5963 ξὲῷεἷιῖὀξεᾱιδιωυεῖη
2940 5797 3297 5880 Spicil.Rom.
3327 5812 3367 5857 t.
3392 5797 3483 5860 tv.
