3906 6208
396 354 465 410 87
1664 355 1756 411 EX
1794 354 2042 413 LEONIS
2080 356 2357 412 ALLATII
3553 350 3625 407 88

398 466 691 541 symbolum
745 468 1022 525 Nicaznum
1046 511 1063 535 ,
1101 472 1403 529 sententias
1442 473 1666 528 Patrum
1711 474 1780 529 ad
1831 488 1961 530 suos

2079 475 2160 539 τὰς
2191 474 2371 540 δόξας,
2412 476 2499 528 ὅτε
2531 477 2645 537 ταῖς
2691 472 2857 528 αὑτσῦ
2900 472 3354 545 περιτυγχάνουσι
3385 469 3620 541 βίϐλοις·

401 575 621 616 errores
689 562 1130 630 comprobandos
1200 565 1550 635 detorquens.
1618 564 1965 621 Justinianus

402 652 696 722 imperator
720 654 773 707 in
806 654 1000 709 Edicto
1026 671 1191 725 supra
1214 656 1463 712 laudato:
1510 657 1650 710 Ἀλλ’
1678 658 1798 711 οὐδὲ
1839 656 1967 710 Θεό-

398 739 569 811 δωρος
594 743 622 794 ό
657 742 921 812 Ἕλληνάς
954 760 1013 795 τε
1041 747 1134 796 καὶ
1174 746 1455 808 Ἰουδαίους
1478 748 1570 799 καὶ
1592 746 1797 808 πάντας
1816 747 1967 816 αἰρε-

401 832 586 895 τικοὺς
628 835 696 903 τῇ
731 834 955 905 ἀσεϐείᾳ
986 835 1447 907 ὑπερϐαλλόμενος
1476 854 1490 866 ·
1521 831 1672 900 οὗτος
1700 838 1807 909 γὰρ
1834 839 1967 909 πρὸς

402 924 518 985 ταῖς
575 923 763 987 ἄλλαις
811 925 1003 978 αὑτοῦδ
1030 926 1415 998 βλασφημίαις,
1476 929 1573 983 οὑκ
1614 929 1852 1000 ἠρκέσθη
1891 929 1967 1000 τῷ

406 1013 541 1084 πρὸς
564 1014 661 1084 τὴν
690 1015 824 1070 ίδίαν
859 1017 1066 1089 πλάνην
1093 1020 1540 1090 παρερμηνεῦσαι
1570 1019 1834 1090 σύμϐολον
1856 1020 1967 1072 τῶν

404 1107 730 1176 τριακοσίων
783 1109 913 1162 δέκα
970 1111 1064 1163 καὶ
1117 1110 1259 1164 ὀκτὼ
1305 1111 1471 1180 ἁγίων
1522 1113 1799 1183 Πατέρων,
1831 1112 1966 1166 άλλά

406 1195 500 1247 καὶ
521 1200 926 1270 περιφρονήσας
955 1200 1167 1265 τούτου,
1201 1200 1300 1254 καὶ
1339 1200 1410 1253 τὰ
1433 1199 1598 1269 ἑξῆς.
1652 1202 1833 1272 Neque
1861 1205 1968 1272 ipse

412 1284 715 1341 Theodorus
735 1330 749 1352 ,
787 1290 876 1360 qui
895 1306 1153 1361 paganos,
1178 1284 1427 1356 Judteos,
1459 1310 1520 1346 ac
1558 1311 1735 1348 omnes
1760 1294 1968 1349 hazreti-

409 1394 496 1431 cos
521 1379 787 1447 impietate
812 1384 1115 1449 superavit;
1150 1384 1271 1438 huic
1310 1386 1448 1438 enim
1478 1396 1670 1455 praeter
1688 1387 1828 1440 alias
1851 1386 1966 1440 bla-

408 1467 667 1537 sphemias
690 1488 793 1525 non
819 1474 951 1527 satis
976 1474 1077 1541 fuit
1118 1484 1235 1542 apte
1263 1475 1332 1529 ad
1367 1492 1521 1529 suum
1552 1493 1782 1531 errorem
1808 1479 1966 1547 perﬁ-

407 1558 553 1614 diose
590 1562 924 1632 interpretari
967 1566 1262 1635 symbolum
1308 1576 1658 1622 trecentorum
1708 1568 1881 1623 decem
1916 1579 1967 1624 et

410 1658 529 1705 octo
559 1663 862 1707 sanctorum
885 1655 1133 1721 Patrum,
1169 1657 1259 1712 sed
1283 1670 1573 1727 contempto
1597 1660 1710 1723 illo,
1752 1670 1858 1715 etc.
1890 1660 1965 1714 Ex

413 1743 516 1798 hac
551 1746 783 1815 symboli
814 1746 1021 1802 Nicarni
1056 1750 1501 1819 interpretatione
1531 1752 1775 1821 quaedam
1826 1753 1968 1808 refe-

410 1847 606 1891 runtur
637 1838 693 1892 in
719 1837 763 1892 ν
794 1840 1026 1909 synodo,
1061 1842 1242 1896 collat.
1271 1857 1413 1911 saepe
1432 1842 1543 1911 jam
1576 1844 1850 1913 praedicta.

481 1925 668 1996 quue
720 1930 937 1984 tandem
986 1939 1321 2001 contempto,
1374 1932 1593 2002 scripsit
1642 1933 1757 2005 ipse
1798 1942 1971 1990 marte

410 2019 635 2088 proprio
665 2021 967 2090 symbolum
1007 2023 1155 2077 omni
1209 2024 1482 2093 impietate
1511 2026 1725 2095 plenum
1747 2068 1762 2092 ,
1794 2026 1847 2080 in
1883 2043 1973 2097 sy-

410 2107 554 2163 nodo
600 2109 871 2180 Epltesina
913 2120 968 2165 et
1020 2112 1448 2169 Chalcedonensi
1491 2115 1689 2170 lectum
1740 2127 1794 2171 et.
1838 2132 1971 2171 con-

411 2197 747 2256 demessum.
793 2202 935 2258 Idem
979 2202 1323 2259 Justinianus
1357 2206 1590 2260 ibidem:
1630 2207 1789 2261 Ἀλλὰ
1816 2226 1973 2280 περι-

413 2293 685 2362 φρονήσας
737 2293 925 2348 τούτου
949 2334 969 2359 ,
1012 2297 1197 2368 ἕτερον
1246 2297 1513 2368 σύμϐολον
1552 2299 1762 2365 ἐξέθετο
1794 2300 1974 2370 πάσης

413 2382 663 2446 ἀσεϐείας
711 2384 1156 2457 πεπληρωμένον,
1209 2390 1268 2442 ἐν
1317 2383 1362 2457 ᾧ
1403 2389 1794 2460 ἀναθεματίσαι
1850 2392 1973 2455 τοὺς

414 2472 611 2545 ἑτέρως
642 2476 969 2547 φρονοῦντας
995 2479 1292 2551 ἐτόλμησεν
1324 2498 1338 2511 ·
1382 2481 1523 2534 ὥστε
1554 2484 1675 2537 ὅσον
1708 2482 1848 2536 κατά
1877 2482 1975 2554 τὴν

414 2562 621 2616 ἐκείνου
664 2565 861 2635 μανίαν
889 2568 1094 2633 πάντας
1122 2570 1250 2633 τοὺς
1283 2571 1471 2640 ἁγίους
1507 2572 1831 2636 ἀποστόλους
1883 2574 1977 2627 καὶ

417 2654 662 2725 Πατέρας
698 2659 1143 2730 κατακεκρίσθαι.
1184 2659 1354 2715 Τοῦτο
1398 2662 1456 2715 δὲ
1500 2664 1559 2716 τὸ
1608 2664 1801 2726 ἀσεϐὲς
1849 2664 1975 2717 Θεο-

416 2745 584 2821 δώρου
618 2748 880 2818 σύμϐολον
912 2752 1004 2804 καὶ
1033 2754 1092 2805 ἐν
1120 2755 1190 2824 τῇ
1228 2756 1345 2807 κατ’
1384 2756 1612 2823 Ἔφεσον
1644 2755 1834 2829 πρώτῃ
1858 2773 1978 2809 συν-

416 2836 546 2908 όδῳ,
587 2840 677 2891 καὶ
735 2842 795 2893 ἐν
839 2840 1140 2914 Χαλκηδόνι
1176 2845 1541 2915 άναγνωσθέν,
1588 2848 1675 2915 ὑφ’
1715 2848 1978 2919 ἑκατέρας

417 2927 633 2981 συνόδου
662 2931 798 2999 μετά
823 2932 917 2984 τοῦ
945 2933 1237 3005 ἐκθεμένου
1270 2938 1361 2989 καὶ
1383 2937 1487 2990 τῶν
1516 2937 1820 3008 δεξαμένων
1849 2939 1979 2992 αὐτὸ

418 3020 732 3092 κατεκρίθη.
766 3020 871 3076 Sed
901 3032 1189 3093 contempto
1219 3026 1336 3093 illo,
1375 3027 1521 3081 aliud
1554 3029 1794 3095 procudit
1839 3046 1979 3099 sym-

418 3109 591 3163 bolum
628 3113 770 3166 omni
800 3114 1063 3183 impietate
1100 3118 1349 3185 refertum
1375 3159 1390 3183 ,
1418 3121 1472 3172 in
1504 3135 1604 3189 quo
1630 3121 1790 3173 etiam
1828 3120 1980 3173 dam-

418 3219 545 3255 nare
577 3219 737 3259 ausus
759 3215 836 3259 est
871 3223 957 3260 eos
989 3208 1078 3276 qui
1110 3209 1265 3262 aliter
1298 3210 1362 3261 ab
1407 3211 1522 3277 ipso
1566 3213 1846 3274 sentirent,
1884 3221 1975 3277 ut,
2005 3189 2046 3246 ε

417 3306 670 3363 quantum
706 3298 761 3350 in
790 3315 845 3351 se
873 3300 1034 3353 situm
1058 3310 1193 3364 erat,
1219 3301 1544 3355 damnaverit
1576 3318 1750 3356 omnes
1771 3315 1977 3356 sanctos

418 3389 680 3456 apostolos
715 3399 765 3442 et
802 3389 1009 3443 Patres.
1075 3389 1188 3443 [loc
1229 3401 1403 3444 autem
1454 3393 1671 3458 impium
1723 3390 1997 3445 Theodori

418 3479 709 3558 symbolum
746 3481 865 3534 etin
897 3482 1096 3550 synodo
1126 3484 1302 3549 prima
1344 3481 1603 3550 Ephesina
1634 3492 1684 3536 et
1724 3484 1777 3535 in
1822 3482 1984 3536 Chal-

418 3570 694 3625 cedonensi
719 3571 909 3625 lectum
928 3614 944 3637 ,
974 3572 1038 3624 ab
1073 3583 1294 3643 utraque
1326 3590 1432 3625 una
1457 3590 1573 3626 cum
1605 3584 1816 3626 auctore
1845 3573 1979 3641 ejus,

416 3668 466 3712 et
496 3659 551 3713 id
590 3660 957 3730 recipientibus
1008 3661 1320 3715 damnatum
1359 3664 1479 3729 fuit.
1539 3662 1773 3732 Cyrillus
1804 3673 1981 3717 latnen

416 3749 815 3807 Alexandrinus
840 3792 854 3815 ,
890 3754 976 3807 cui
1012 3755 1066 3807 in
1094 3754 1194 3808 hoc
1234 3755 1449 3823 negotio
1481 3753 1655 3821 major
1698 3754 1833 3808 ﬁdes
1884 3753 1984 3806 ha-

421 3842 595 3897 benda
629 3851 735 3907 est,
765 3844 1065 3913 symbolum
1101 3854 1308 3899 tantum
1344 3848 1395 3898 in
1426 3844 1699 3914 Ephesina
1729 3844 1986 3899 condem-

424 3943 609 3987 natum
642 3933 809 3995 dicit,
836 3936 982 3988 nulla
1007 3935 1145 3989 facta
1173 3938 1239 3990 de
1260 3937 1407 3990 illius
1437 3944 1659 3990 auctore
1689 3936 1978 3999 mentione,

423 4024 567 4093 quod
613 4026 723 4095 jam
770 4026 826 4079 in
873 4027 1010 4082 vivis
1078 4043 1199 4081 csse
1250 4028 1523 4082 desiisset.
1583 4027 1674 4081 Sic
1724 4028 1866 4080 enim
1927 4026 1980 4079 in

428 4115 665 4186 Epistola
683 4116 750 4171 ad
769 4116 1041 4180 Proclum,
1076 4116 1716 4185 Constantinopolitanum
1750 4118 1983 4186 patriar-

423 4212 574 4264 cham
609 4211 719 4275 (ed.
751 4210 992 4273 Aubert,
1032 4218 1070 4263 t.
1105 4207 1168 4274 ν,
1218 4217 1358 4277 part.
1409 4224 1480 4270 ιι,
1530 4224 1583 4276 p.
1618 4206 1743 4277 200)
1773 4225 1784 4259 :
1823 4208 1984 4259 Ἵστω

424 4301 481 4356 δὲ
516 4304 550 4372 ἡ
585 4302 652 4373 σὴ
685 4302 901 4370 ὁσιότης
934 4302 1014 4353 ὅτι
1052 4299 1503 4371 προσενεχθείσης
1535 4302 1599 4369 τῇ
1625 4299 1755 4370 ἁγίᾳ
1785 4299 1985 4369 συνόδῳ

426 4391 692 4456 ἐκθέσεως
732 4394 860 4463 παρ’
894 4393 1059 4446 αὑτοῦ
1090 4391 1475 4462 συνταχθείσης
1496 4431 1512 4451 ,
1541 4392 1615 4454 ὡς
1652 4394 1698 4443 οἱ
1731 4408 1985 4459 προενεγ-

425 4484 608 4547 κόντες
627 4483 878 4552 ἔφασκον,
913 4485 1062 4538 οὐδὲν
1086 4482 1310 4553 ἐχούσης
1338 4484 1504 4551 ὑγιὲς,
1537 4483 1983 4555 κατεκιϐδήλευσε

429 4574 530 4647 μὲν
568 4576 734 4647 αὐτὴν
760 4579 792 4646 ἡ
816 4577 944 4643 ἀγία
968 4576 1200 4638 σύνοδος,
1226 4576 1300 4638 ὼς
1325 4575 1769 4645 διεστραμμένων
1793 4575 1988 4645 γέμου-

428 4683 527 4721 σαν
570 4666 815 4730 ἐννοιῶν,
858 4669 947 4720 καὶ
990 4669 1087 4737 τὴν
1130 4668 1422 4737 Νεστορίου
1466 4668 1781 4720 δυσσέϐειαν
1832 4669 1988 4720 οἱονεί

429 4776 544 4822 πως
587 4758 933 4829 πηγάζουσαν
961 4775 974 4789 ·
1007 4759 1377 4829 κατακρίνασα
1420 4759 1475 4811 δέ
1522 4760 1646 4821 τοὺς
1673 4759 1815 4810 οὕτω
1861 4775 1991 4828 φρο-

428 4850 652 4913 νοῦντας
676 4892 689 4913 ,
723 4849 1078 4920 οἰκονομικῶς
1108 4850 1205 4903 οὑκ
1234 4852 1601 4921 ἐμνημόνευσε
1632 4849 1726 4903 τοῦ
1768 4849 1956 4919 ἀνδρὸς
1975 4890 1989 4913 ,

427 4942 548 4995 οὐδὲ
579 4942 737 4996 αὑτὸν
760 4942 1031 5011 ὑπέθηκεν
1070 4944 1328 5012 ὀνομαστὶ
1357 4943 1434 5012 τῷ
1474 4941 1898 5012 ἁναθεματισμῷ
1928 4940 1995 4993 δι’

426 5035 766 5103 οἰκονομίαν,
816 5034 903 5088 ἵνα
952 5035 1026 5105 μή
1068 5051 1212 5096 τινες
1251 5037 1316 5105 τῇ
1360 5035 1622 5106 ὑπολήψει
1662 5035 1755 5088 τοῦ
1802 5034 1993 5106 ἀνδρὸς

427 5127 863 5194 προσεσχηκότες
896 5125 1240 5179 ἀποϐάλωσιν
1270 5127 1497 5189 ἑαυτοὺς
1526 5128 1631 5179 τῶν
1664 5127 1986 5197 ἐκκλησιῶν.

434 5216 502 5269 Ἦ
541 5215 596 5268 δὲ
641 5217 697 5268 ἐν
734 5217 941 5281 τούτοις
979 5217 1256 5288 οἰκονομία
1292 5219 1510 5288 ἄριστόν
1559 5236 1613 5271 τι
1660 5219 1848 5289 χρῆμα
1897 5220 1991 5272 καὶ

426 5308 587 5375 σοφόν
626 5324 639 5337 ο
677 5309 726 5359 εἰ
768 5308 866 5379 μὲν
902 5309 1008 5379 γὰρ
1056 5306 1124 5379 ἦν
1160 5313 1217 5362 ἐν
1262 5312 1374 5373 τοῖς
1402 5310 1566 5374 ζῶσιν
1595 5311 1673 5363 ἔτι
1699 5352 1712 5375 ,
1749 5312 1841 5363 καὶ
1869 5311 1988 5363 σύν-

424 5399 589 5461 οπλος
613 5392 681 5467 ἦν
706 5399 825 5461 ταῖς
855 5397 1149 5469 Νεστορίου
1181 5399 1584 5470 δυσφημίαις,ἢ
1609 5400 1988 5472 συναγορεύειν

425 5489 615 5559 ἢθελεν
649 5482 731 5553 οἷς
772 5489 1007 5560 ἔγραφεν
1033 5490 1194 5553 αὐτὸς
1214 5530 1230 5554 ,
1265 5490 1528 5544 πέπονθεν
1569 5490 1633 5544 ἂν
1665 5491 1758 5544 καὶ
1787 5491 1875 5544 τὸν
1909 5491 1988 5556 εἰς

426 5579 556 5633 ἴδιον
586 5580 873 5650 πρόσωπον
899 5579 1338 5651 ἀναθεματισμόν
1354 5599 1367 5612 ·
1384 5583 1571 5654 ἐπειδὴ
1590 5584 1648 5636 δὲ
1675 5583 1989 5657 ἀπεδήμησε

378 5741 382 5747 φ
428 5670 563 5742 πρὸς
592 5671 743 5734 Θεὸν,
773 5673 933 5743 ἀρκεῖ
957 5671 1203 5743 καθάπερ
1240 5668 1451 5745 ἐγῷμαι
1470 5675 1540 5728 τὰ
1568 5676 1811 5740 ἐκτόπως
1842 5675 1990 5747 αύτῷ

428 5761 788 5832 γεγραμμένα
832 5763 1187 5821 ἐκϐάλ)εσθαι
1233 5766 1382 5837 παρὰ
1419 5767 1525 5823 τῶν
1556 5767 1729 5837 ὀρθῶς
1760 5768 1989 5840 ἐχόντων

502 5854 517 5884 ⁸
548 5850 703 5908 Joan.
738 5869 833 5920 vn,
870 5854 955 5908 5|.

2067 566 2160 617 καὶ
2196 565 2255 617 τὸ
2287 564 2590 635 περαιτέρω
2631 566 2856 635 χωρεῖν,
2900 560 3142 632 θορύϐων
3184 559 3294 613 ἔσθ’
3323 561 3412 613 ὅτε
3450 559 3625 613 τίκτει

2066 654 2363 723 προφάσεις
2402 670 2417 682 θ
2474 653 2621 707 Sciat
2660 669 2775 707 vero
2817 653 3073 705 sanctitas
3120 660 3213 703 tua
3238 649 3375 721 quod
3412 650 3624 717 exposi-

2068 748 2205 800 tione
2231 787 2247 811 ,
2280 763 2396 815 qua:
2420 746 2552 800 nihil
2583 746 2703 799 sani
2727 743 2970 808 habebat,
3014 744 3077 797 ab
3099 760 3158 797 eo
3184 743 3470 812 composita
3493 783 3509 806 ,
3541 741 3622 794 uti

2066 839 2307 893 dicebant
2336 840 2374 892 ii
2395 840 2483 909 qui
2513 854 2629 891 eam
2661 839 2949 891 attulerant
2974 876 2990 900 ,
3022 834 3162 904 apud
3196 844 3435 888 sanctam
3464 848 3623 903 syno-

2065 933 2190 985 dum
2215 932 2444 1001 prolata,
2473 947 2588 985 eam
2620 929 2828 1000 quidem
2860 928 3150 996 reprobavit
3178 937 3362 980 sancta
3392 923 3625 994 synodus

2067 1033 2242 1091 utpote
2262 1022 2514 1091 perversis
2545 1021 2873 1089 conceptibus
2902 1020 3149 1087 refertam
3167 1058 3183 1084 ,
3211 1027 3261 1071 et
3301 1014 3625 1070 Nestoriana

2067 1116 2337 1182 impietate
2361 1116 2516 1185 quasi
2543 1115 2787 1183 ﬂuentem
2804 1128 2823 1176 ;
2854 1113 2929 1166 eis
2963 1120 3136 1165 autem
3178 1110 3268 1179 qui
3296 1110 3375 1161 ita
3411 1107 3625 1174 sapiunt

2067 1205 2451 1269 condemnatis,
2515 1203 2863 1271 dispensatire
2910 1201 3113 1253 nullam
3160 1199 3260 1251 viri
3311 1197 3627 1251 mentionem

2067 1297 2235 1365 fecit,
2295 1312 2387 1349 nec
2454 1295 2628 1363 ipsum
2680 1293 2991 1347 nominatim
3036 1289 3355 1343 anathemati
3402 1286 3625 1355 subjecit

2066 1395 2277 1453 propter
2315 1384 2792 1452 dispensationem,
2843 1397 2905 1435 ne
2934 1380 3129 1434 scilicet
3172 1377 3335 1446 aliqui
3377 1390 3628 1445 magnam

2068 1478 2168 1532 viri
2202 1478 2498 1545 opinionem
2526 1484 2851 1542 spectantes,
2878 1490 2932 1527 se
2959 1473 3100 1541 ipsos
3123 1470 3187 1523 ab
3208 1468 3439 1523 ecclesiis
3467 1481 3626 1534 sepa—

2068 1578 2267 1622 rarent.
2319 1566 2385 1621 In
2421 1566 2503 1620 his
2552 1583 2669 1620 vero
2719 1564 3105 1634 dispensatione
3142 1562 3239 1625 uti,
3279 1559 3530 1628 optimum
3560 1571 3629 1607 ac

2066 1660 2289 1726 prudens
2323 1667 2402 1712 est
2440 1657 2758 1721 consilium;
2784 1656 2832 1709 si
2865 1658 3005 1709 enim
3042 1653 3231 1706 vireret
3262 1665 3396 1704 nunc
3416 1687 3434 1713 ι
3460 1655 3509 1701 et
3534 1645 3629 1698 de—

2070 1748 2246 1816 fensor
2274 1757 2407 1802 esset
2452 1746 2895 1816 blasphemiarum
2932 1743 3169 1797 Nestorii
3192 1781 3207 1806 ,
3240 1757 3329 1794 seu
3365 1737 3497 1791 tueri
3528 1750 3627 1789 suo

2000 1850 2041 1903 Β
2069 1840 2363 1909 patrocinio
2389 1839 2537 1892 vellet
2565 1854 2648 1903 ea,
2679 1854 2794 1907 qua:
2822 1838 2930 1902 ipse
2947 1836 3251 1904 scripserat,
3270 1832 3444 1901 utique
3462 1829 3629 1881 etiam

2070 1932 2123 1984 in
2154 1932 2370 2000 propria
2402 1945 2624 1997 persona
2655 1930 2983 1982 anathemate
3007 1928 3253 1996 feriretur
3279 1940 3297 1977 .'
3329 1932 3381 1976 at
3404 1935 3522 1974 cum
3555 1917 3629 1970 ad

2070 2023 2239 2078 Deum
2292 2023 2617 2092 migraverit,
2664 2031 2749 2075 sat
2790 2030 2902 2084 est,
2953 2027 3108 2089 prout
3139 2034 3230 2087 ego
3260 2030 3439 2070 censeo
3462 2052 3478 2078 ,
3510 2025 3631 2081 quas

2073 2115 2303 2169 absurda
2326 2123 2375 2168 et
2405 2116 2582 2182 inepta
2614 2113 2677 2167 ab
2716 2130 2778 2167 eo
2807 2112 3107 2180 conscripta
3137 2118 3280 2171 sunt,
3305 2105 3530 2175 expungi
3559 2107 3630 2158 ab

2073 2209 2139 2262 iis
2161 2208 2249 2276 qui
2276 2217 2411 2262 recte
2440 2210 2698 2271 sentiunt,
2744 2202 2949 2268 quando
2987 2203 3101 2272 ejus
3145 2200 3267 2253 libri
3304 2206 3581 2252 occurrant
3608 2212 3632 2260 ;

2072 2299 2293 2353 ulterius
2311 2306 2488 2351 autem
2514 2295 2779 2367 progredi,
2809 2306 2942 2350 esset
2965 2295 3120 2363 plane
3144 2292 3417 2346 turbarum
3438 2304 3636 2343 causas

2072 2392 2320 2445 excitare.
2368 2388 2528 2444 Falso
2574 2389 2756 2458 itaque
2794 2386 3137 2442 Justinianus
3176 2391 3453 2437 auctorem
3483 2393 3637 2450 sym-

2074 2482 2183 2537 boli
2231 2482 2545 2537 damnatum
2586 2496 2711 2535 esse
2753 2487 3050 2534 asseverat.
3091 2475 3380 2530 Facundos
3417 2472 3513 2526 lib.
3543 2486 3637 2535 ιιι,

2075 2588 2196 2644 cap.
2216 2574 2273 2637 2,
2304 2580 2464 2639 negat
2496 2580 2680 2641 aperte
2712 2569 3014 2641 symbolum
3053 2567 3184 2621 illud
3213 2565 3381 2620 fuisse
3411 2576 3639 2632 compo-

2076 2668 2242 2722 situm
2272 2682 2302 2721 a
2341 2666 2657 2728 Theodoro,
2695 2674 2749 2720 et
2783 2662 3208 2731 eonscriptorem
3242 2658 3363 2726 ejus
3404 2654 3575 2709 fuisse
3602 2667 3638 2705 a

2075 2761 2235 2816 dictis
2259 2760 2480 2830 synodis
2518 2757 2982 2813 condemnatum:
3034 2751 3219 2806 Adhuc
3266 2759 3436 2802 tamen
3484 2743 3637 2799 aliud

2079 2868 2321 2923 magnum
2362 2867 2423 2903 ac
2460 2850 2653 2919 duplex
2689 2865 2871 2903 eorum
2904 2846 3230 2900 mendacium
3266 2840 3582 2912 publicamus
3615 2854 3636 2891 :

2076 2942 2213 3012 quod
2236 2939 2655 2995 Chalcedonense
2681 2938 2985 2999 concilium,
3012 2951 3115 2988 non
3141 2933 3387 3000 Ephesini
3406 2939 3637 2991 tantum,

2079 3048 2254 3086 rerum
2301 3032 2460 3083 etiam
2515 3030 2679 3098 ipsius
2743 3025 3178 3082 Chalcedonensis
3217 3022 3419 3091 judicio
3472 3019 3641 3072 videri

2080 3121 2310 3176 notabile
2338 3120 2613 3174 voluerunt
2641 3117 2870 3174 dicentes
2899 3134 2916 3170 :
2955 3114 3214 3170 Theodori
3243 3111 3539 3182 symbolum
3584 3117 3641 3162 et

2081 3215 2134 3266 in
2164 3212 2368 3281 Epheso
2402 3211 2495 3265 sub
2525 3219 2707 3265 sancto
2738 3207 2938 3277 Cyrillo
2966 3207 3195 3277 synodus
3217 3247 3231 3270 ,
3271 3214 3319 3256 et
3341 3203 3396 3256 in
3423 3199 3645 3256 Chalce—

2079 3304 2211 3359 done
2243 3304 2712 3359 condemnaverunt
2731 3343 2745 3367 ,
2774 3310 2927 3369 atque
2949 3298 3271 3353 anathemati
3294 3294 3643 3349 subdiderunt

2080 3414 2198 3450 cum
2221 3396 2573 3464 conscriptore
2602 3394 2752 3463 ejus;
2785 3408 2902 3446 cum
2948 3393 3002 3445 in
3044 3389 3303 3459 Ephesina
3331 3385 3528 3456 synodo
3556 3401 3645 3437 re-

2082 3489 2285 3558 feratur
2315 3488 2527 3555 quidam
2564 3486 2769 3539 nomine
2811 3482 3085 3538 Charisius
3120 3480 3402 3549 presbyter,
3428 3488 3478 3531 et
3502 3492 3645 3530 arco-

2082 3598 2265 3635 namus
2296 3578 2696 3647 Philadelphia),
2731 3577 2902 3630 nescio
2923 3591 3051 3645 quos
3082 3573 3369 3626 Antonium
3401 3578 3451 3623 et
3474 3567 3643 3622 Jaco—

2084 3672 2203 3724 bum
2234 3670 2562 3739 presbyteros
2594 3683 2873 3722 accusasse
2902 3666 2965 3719 de
3006 3664 3257 3718 societate
3284 3658 3517 3713 Nestorii
3543 3697 3558 3721 ,
3591 3665 3647 3710 et

2082 3763 2319 3816 docuisse
2358 3759 2493 3831 quod
2540 3776 2642 3813 non
2682 3758 2933 3811 Ecclesiae
2970 3753 3264 3826 symbolum
3287 3793 3300 3815 ,
3338 3753 3427 3806 sed
3458 3749 3647 3812 aliud,

2084 3855 2339 3909 conversis
2371 3850 2939 3907 Tessarescwdecatitis
2960 3848 3239 3908 ha'reticis,
3273 3846 3364 3913 qui
3390 3858 3496 3897 non
3526 3855 3655 3894 cum

2086 3944 2363 4004 Ecclesia,
2401 3942 2490 3995 sed
2543 3940 2939 4010 quartadecima
2986 3940 3113 3990 luna
3158 3935 3365 3989 Pascha
3416 3930 3650 3985 celebra-

2085 4038 2247 4098 bant,
2298 4024 2669 4096 tradiderunt;
2726 4046 2817 4084 nec
2868 4029 2941 4082 ibi
3000 4028 3244 4094 dicatur,
3294 4024 3371 4077 rel
3422 4022 3485 4075 ab
3533 4023 3659 4084 ipso

2086 4123 2352 4186 Charisio,
2388 4122 2465 4176 rel
2496 4140 2527 4175 a
2556 4138 2819 4192 quoquam
2840 4160 2854 4183 ,
2888 4119 3020 4172 illud
3052 4116 3344 4186 symbolum
3392 4113 3654 4167 Theodori

2087 4218 2269 4286 fuisse.
2315 4216 2511 4269 Beatus
2548 4214 2780 4284 Cyrillus
2811 4211 3040 4265 scribens
3079 4206 3437 4262 Orientalibus
3470 4205 3597 4257 dicit
3631 4221 3651 4258 :

2087 4309 2309 4362 Prolata
2335 4318 2409 4361 est
2443 4308 2497 4361 in
2526 4316 2711 4360 sancta
2741 4302 2939 4372 synodo
2972 4300 3236 4368 Ephesina
3273 4298 3531 4366 definitio,
3569 4313 3653 4349 re-

2090 4402 2186 4454 luti
2216 4417 2248 4453 a
2292 4399 2559 4452 Theodoro
2586 4397 2843 4466 deposita,
2889 4393 3045 4447 sicuti
3078 4392 3346 4460 offerentes
3385 4386 3651 4443 dicebant.

2091 4490 2202 4545 Nec
2232 4491 2469 4560 afﬁrmat
2498 4506 2614 4543 eam
2650 4486 2904 4541 Theodori
2931 4485 3115 4553 fuisse,
3140 4500 3312 4537 verum
3348 4497 3506 4551 neque
3532 4496 3655 4532 cum

2088 4584 2198 4651 ejus
2231 4584 2601 4645 conscriptore,
2638 4588 2694 4633 ut
2730 4580 2821 4631 isti
2847 4577 3145 4646 conﬁngunt
3170 4575 3327 4642 refert
3359 4588 3468 4626 esse
3501 4570 3656 4621 dam-

2089 4685 2293 4735 natam,
2320 4674 2442 4742 quia
2469 4686 2517 4725 et
2544 4687 2633 4723 nec
2648 4672 2793 4739 juste
2824 4671 2989 4737 fieret.
3024 4688 3041 4718 ι
3075 4666 3183 4721 Lex
3219 4666 3357 4719 enim
3392 4672 3594 4719 nostra,
3626 4677 3648 4710 ι

2090 4765 2226 4814 sicut
2263 4765 2315 4813 in
2344 4760 2624 4828 Evangelia
2656 4759 2906 4825 scriptum
2938 4768 3038 4822 est,
3075 4778 3091 4807 ‹
3125 4774 3225 4809 non
3246 4753 3451 4823 judicat
3482 4750 3656 4803 homi-

2093 4870 2228 4916 nem,
2270 4854 2371 4905 nisi
2414 4852 2640 4903 audierit
2682 4850 2745 4901 ab
2790 4866 2849 4903 eo
2877 4851 3021 4919 prius
3047 4889 3062 4911 ,
3096 4859 3144 4901 et
3192 4846 3481 4915 cognoverit
3525 4840 3655 4912 quid

2094 4945 2259 5010 faciat
2291 4947 2329 4997 ³.
2371 4962 2387 4993 ι
2428 4940 2652 4995 Falsum
2678 4958 2798 5011 ergo
2825 4951 2934 5004 est,
2965 4951 3013 4994 et
3047 4938 3182 5009 quod
3221 4937 3355 4989 dixit
3398 4933 3535 5003 apud
3566 4948 3659 5001 sy-

2095 5035 2286 5088 nodum
2321 5033 2633 5102 Ephesinam
2654 5032 2909 5085 Theodori
2942 5029 3230 5101 symbolum
3260 5043 3375 5079 cum
3404 5042 3496 5079 suo
3520 5022 3659 5076 scri-

2090 5136 2238 5190 ptore
2291 5124 2621 5177 damnatum.
2672 5123 2739 5177 In
2790 5122 3113 5178 Chalcedone
3168 5121 3325 5173 etiam
3375 5133 3476 5170 non
3523 5114 3658 5168 alibi

2094 5216 2289 5269 mentio
2315 5215 2571 5269 Theodori
2595 5214 2738 5283 facta
2762 5224 2859 5277 est,
2894 5214 2994 5266 nisi
3034 5212 3121 5265 ubi
3162 5226 3226 5266 ea:
3268 5209 3487 5277 epistola
3512 5223 3660 5260 vene-

2093 5309 2276 5362 rabilis
2322 5306 2431 5362 Iba:
2470 5309 2745 5361 recitatum
2786 5318 2861 5359 est
2915 5322 3098 5360 nomen
3141 5305 3277 5374 ejus.
3325 5302 3659 5373 Cognoscant

2092 5403 2269 5471 itaque
2291 5418 2343 5455 se
2366 5401 2495 5455 nihil
2517 5403 2628 5455 suis
2650 5399 3068 5469 subreptionibus
3111 5396 3392 5465 profecisse
3418 5433 3431 5457 ,
3465 5390 3657 5463 quibus

2095 5496 2325 5549 obtinere
2379 5497 2553 5548 conati
2610 5500 2769 5555 sunt,
2824 5501 2881 5543 ut
2939 5487 3373 5545 Chalcedonensis
3424 5483 3658 5554 synodus

2095 5586 2197 5640 sibi
2245 5587 2520 5639 contraria
2565 5585 2844 5647 rideretur,
2899 5584 3194 5652 approbans
3237 5577 3514 5651 epistolam
3540 5576 3661 5628 lau-

2095 5680 2306 5733 dantem
2334 5663 2654 5733 Theodorum
2680 5717 2695 5742 ,
2720 5693 2881 5746 quem
2921 5693 3037 5729 cum
3064 5673 3299 5746 symbolo
3327 5669 3660 5724 damnaverit

2098 5788 2211 5828 suo.
2251 5770 2390 5842 Lege
2423 5775 2584 5826 etiam
2616 5769 2863 5839 ejusdem
2892 5769 3013 5823 libri
3044 5767 3338 5839 capitulum
3361 5763 3609 5835 quintum
3633 5798 3661 5828 ,
