3906 6208
189 414 251 471 89
1350 422 1667 480 DlATRlBA
1709 423 1798 479 DE
1831 423 2238 482 THEODORIS.
3354 424 3430 485 90

191 534 280 589 ubi
317 531 591 603 probatur
628 533 979 591 adversatum
1026 538 1198 595 fuisse
1226 538 1500 602 Sabellio,
1544 556 1607 596 ac
1657 550 1769 596 tres
1798 546 1843 602 Α
1866 540 2143 612 genitores
2174 537 2658 609 Eutychianorum,
2701 536 2847 609 quod
2880 535 3022 595 idem
3055 534 3153 594 isti
3193 535 3434 593 afﬁrma-

192 623 246 678 in
268 621 547 678 Trinitate
572 639 843 694 personas
861 628 1168 697 agnovisse,
1190 640 1243 685 et
1271 633 1578 701 symbolum
1601 630 1766 695 istud,

196 717 248 769 in
294 729 405 783 quo
456 721 720 785 negatam
779 718 1070 788 perhibent
1110 720 1471 785 Trinitatem,
1525 723 1769 791 priorum

194 804 509 859 testimonio
554 820 670 861 non
730 821 857 861 esse
885 807 1190 874 Theodori,
1252 825 1354 866 nec
1402 827 1601 882 negare
1649 827 1770 867 eam

194 895 467 966 potuisse,
496 911 663 965 quem
697 897 888 953 beatus
912 897 1147 969 Cyrillus
1174 901 1421 957 adversus
1446 905 1771 958 Arianorum

196 995 248 1041 et
294 986 755 1041 Eunomianorum
796 990 1053 1057 Iucreses,
1089 992 1279 1063 viginti
1321 992 1464 1049 forte
1501 1002 1557 1049 et
1592 994 1771 1049 adhuc

202 1078 444 1149 amplius
479 1080 648 1135 libros
670 1120 688 1146 ,
716 1088 773 1135 et
800 1082 905 1135 alia
943 1083 1105 1138 tradit
1142 1084 1557 1156 conscripsisse.
1604 1085 1772 1152 Quid-

200 1170 340 1240 quid
369 1180 549 1225 tamen
574 1172 650 1226 sit
672 1210 691 1236 ,
716 1172 823 1227 hoc
855 1174 1161 1245 symbolum
1195 1158 1482 1231 recitatum
1522 1186 1607 1235 est
1634 1180 1690 1233 in
1726 1178 1770 1232 V

202 1261 423 1333 synodo
453 1264 729 1333 generali,
782 1279 999 1334 unaque
1035 1280 1159 1320 cum
1202 1268 1351 1323 illius
1378 1278 1601 1325 auctore
1639 1285 1773 1325 con-

201 1351 545 1417 demnatum,
576 1355 762 1409 collat.
791 1355 844 1410 4.
891 1355 961 1409 Et
999 1368 1275 1427 postquam
1313 1359 1461 1415 lecta:
1487 1370 1608 1414 sunt
1658 1361 1772 1414 bla-

202 1443 453 1513 ερΙιεοιίω
483 1444 744 1501 Theodori
758 1445 1133 1516 Mopsuesteni,
1152 1458 1203 1504 et
1224 1451 1443 1519 impium
1471 1451 1584 1523 ejus
1615 1469 1775 1522 sym-

203 1535 377 1589 bolum
400 1575 420 1601 ,
456 1545 650 1590 sancta
684 1538 909 1608 synodus
949 1541 1305 1596 exclamavit:
1340 1541 1454 1597 Hoc
1479 1545 1773 1614 symbolum

202 1627 439 1683 Satanas
471 1632 781 1697 composuit.
811 1632 1108 1686 Anathema
1142 1636 1207 1698 ei,
1236 1636 1329 1703 qui
1363 1633 1459 1688 hoc
1479 1636 1775 1705 symbolum

201 1724 523 1790 composuit.
568 1721 687 1778 Hoc
721 1723 1014 1794 symbolum
1052 1723 1314 1793 Ephesina
1342 1727 1514 1794 prima
1547 1730 1773 1798 synodus

202 1829 307 1866 una
343 1830 471 1867 cum
511 1824 728 1869 auctore
762 1818 874 1884 ejus
911 1816 1399 1872 anathematizauit.
1444 1815 1618 1871 Unum
1655 1826 1777 1871 tau-

1870 643 2012 695 rent,
2047 631 2179 685 dicti
2210 637 2357 684 sunt.
2403 627 2695 684 Facundus
2722 628 2817 684 lib.
2839 644 2960 695 vm,
2990 643 3112 699 cap.
3138 628 3176 683 ι
3198 647 3212 682 :
3235 628 3435 699 Agebat

1869 724 2007 777 enim
2043 722 2344 776 Theodorus
2369 721 2667 791 frequenter
2710 730 2819 774 tam
2849 722 2998 776 libris
3031 737 3193 791 quam
3235 734 3437 776 sermo-

1871 815 2023 869 nibus
2068 815 2125 867 in
2182 814 2433 883 populum
2473 811 2674 866 Contra
2719 813 3106 885 Synusiastas,
3138 814 3247 868 sive
3269 823 3331 867 ut
3367 811 3433 867 ab

1871 906 2106 959 auctoris
2132 905 2215 958 sui
2250 903 2459 957 nomine
2480 912 2602 956 sunt
2627 903 2819 968 vocati,
2847 902 3287 971 Apollinaristas,
3309 917 3435 971 pro~

1871 998 2130 1066 genitores
2162 994 2507 1065 Eutychiame
2531 994 2832 1059 dementire,
2859 994 2950 1063 qui
2983 992 3302 1061 temporibus
3319 992 3434 1061 ejus

1871 1088 2043 1143 exorti
2076 1103 2238 1141 unam
2282 1086 2484 1140 Christi
2518 1084 2760 1140 dicebant
2791 1101 2903 1139 esse
2931 1094 3213 1151 naturam;
3245 1087 3434 1155 quibus

1870 1177 2246 1249 repugnans,si
2275 1176 2413 1245 forte
2443 1192 2535 1245 per
2557 1178 2846 1230 humanam
2882 1176 3229 1246 fragilitatem
3257 1176 3436 1245 lapsus

1872 1270 2132 1326 invenitur
2156 1270 2210 1322 in
2238 1268 2409 1334 verba,
2443 1267 2569 1338 quid
2598 1269 2819 1336 impium
2851 1266 3083 1337 synodus
3110 1268 3256 1337 fecit,
3297 1266 3437 1337 quod

1871 1376 1990 1415 eum
2030 1361 2191 1414 tantis
2231 1358 2603 1413 attestantibus
2644 1357 2870 1413 credidit
2896 1359 2952 1410 in
2981 1373 3139 1411 sensu
3180 1357 3440 1411 mansisse

1873 1453 2179 1509 catholico?
2207 1449 2298 1506 Sic
2321 1451 2413 1520 qui
2439 1457 2629 1505 contra
2651 1448 3075 1519 Apollinaristas
3098 1447 3438 1508 scribebant,

1874 1545 2016 1599 κατὰ
2047 1541 2445 1597 συνουσιαστῶν
2474 1541 2716 1595 scribere
2745 1539 3085 1595 dicebantur.
3108 1536 3199 1593 Sic
3218 1537 3441 1595 Diodori

1874 1636 2162 1692 Tarsensis
2222 1632 2379 1688 Κατὰ
2434 1630 2827 1685 συνουσιαστῶν
2872 1644 2902 1683 a
2946 1628 3175 1685 Leontio
3222 1630 3319 1683 lib.
3354 1644 3440 1693 tu,

1876 1728 2128 1784 laudatur
2149 1769 2162 1792 ,
2188 1737 2242 1781 et
2270 1725 2459 1797 Cyrilli
2487 1722 2837 1778 Alexandrini
2866 1729 2919 1775 et
2944 1719 3217 1777 Theodori
3240 1721 3440 1775 Antio-

1876 1820 2036 1876 cheui
2075 1819 2265 1875 eodem
2321 1817 2482 1871 titulo
2523 1814 2592 1868 ab
2645 1814 2935 1868 Anastasio
2980 1813 3036 1867 in
3085 1813 3269 1883 ecloge
3307 1811 3445 1882 χρή-

202 1907 479 1962 tummodo
503 1908 631 1975 ﬁdei
658 1906 950 1976 symbolum
972 1908 1186 1973 scimus,
1216 1906 1352 1977 quod
1378 1906 1585 1962 Nicwni
1604 1909 1778 1963 sancti
1806 1907 1849 1961 B
1878 1929 2015 1965 σεων
2049 1926 2169 1982 cap.
2199 1910 2232 1964 5
2263 1908 2362 1980 (a).
2411 1906 2667 1974 Quaedam
2702 1921 2771 1961 ex
2817 1906 2920 1961 hoc
2948 1920 3111 1975 opere
3139 1904 3444 1959 recitantur

200 1995 393 2053 Patres
439 2009 794 2068 exposuerunt
830 2008 879 2053 et
904 1998 1254 2052 tradiderunt.

272 2087 518 2158 Scripsit
561 2098 824 2160 praeterea
868 2099 1054 2144 contra
1099 2089 1496 2159 Apollinarem,
1528 2090 1775 2161 illiusque

204 2184 424 2237 hereses
448 2222 464 2247 ,
502 2183 692 2252 plures
717 2182 886 2237 libros
910 2221 925 2246 ,
966 2197 1104 2252 quos
1129 2220 1145 2246 ,
1172 2182 1267 2251 qui
1296 2181 1569 2237 Theodori
1600 2181 1776 2236 laudi»

204 2274 302 2329 bus
352 2274 573 2336 favent,
625 2287 968 2341 summopere
1024 2273 1339 2343 praedicant.
1401 2272 1775 2329 Theodoretus

205 2365 295 2419 lib.
342 2381 377 2419 v
428 2363 641 2418 Hister.
702 2378 824 2432 cap.
864 2363 1095 2417 ultimo:
1154 2364 1289 2415 Κατ’
1331 2365 1537 2417 ἐκεῖνον
1579 2363 1637 2417 δὲ
1682 2364 1776 2417 τὸν

208 2455 393 2523 χρόνον
418 2492 435 2517 ,
489 2452 619 2505 καθ’
658 2451 718 2504 ὃν
764 2454 792 2505 ό
837 2450 974 2514 licio;
1023 2450 1276 2515 Θεόδοτος
1318 2452 1418 2521 τὴν
1458 2453 1774 2523 Ἀντιοχέων

209 2544 383 2598 ἴθυνεν
426 2543 779 2613 Ἐκκλησίαν,
812 2542 1084 2613 Θεόδωρος
1109 2544 1139 2595 ὁ
1161 2541 1527 2612 Μοψουεστίας
1549 2543 1772 2596 ὲπίσκου

207 2654 304 2700 πος
336 2636 517 2705 πάσης
547 2635 649 2704 μὲν
691 2634 1013 2703 Ἐκκλησίας
1049 2633 1361 2696 διδάσκαλος
1381 2674 1396 2700 ,
1431 2635 1571 2688 κατὰ
1596 2636 1775 2705 πάσης

207 2726 264 2779 δὲ
285 2726 571 2795 φάλαγγος
601 2724 883 2795 αἱρετικῆς
907 2724 1252 2793 ἀριστεύσας,
1278 2724 1370 2778 τοῦ
1401 2724 1516 2794 βίου
1536 2726 1597 2779 τὸ
1622 2724 1777 2788 τέλος

208 2817 442 2882 ἐδέξατο.
493 2810 667 2879 Οὗτος
691 2817 789 2886 τῆς
818 2817 915 2887 μὲν
943 2814 1207 2887 Διοδώρου
1231 2817 1322 2869 τοῦ
1358 2817 1499 2869 πάνυ
1526 2815 1778 2870 διδασκα-

206 2909 322 2974 λίας
358 2910 703 2981 ἀπήλαυσεν,
752 2910 995 2963 Ἰωάννου
1033 2909 1091 2963 δὲ
1115 2909 1210 2962 τοῦ
1240 2910 1515 2963 Θειοτάτου
1546 2909 1777 2979 γεγένη-

204 3019 291 3053 ται
316 3000 584 3062 κοινωνός
612 3016 671 3051 τε
701 2999 793 3052 καὶ
824 2998 1080 3069 συνεργός
1109 3015 1121 3027 ·
1152 3000 1303 3069 κοινῇ
1332 2998 1441 3069 γὰρ
1476 2998 1585 3051 τῶν
1613 3014 1777 3049 πνευ-

209 3091 453 3163 ματικῶν
505 3090 775 3161 Διοδώρου
822 3090 1078 3160 ναμάτων
1123 3089 1422 3159 ἁπήλαυον.
1454 3089 1548 3154 Ἓξ
1588 3089 1645 3142 δὲ
1685 3088 1778 3140 καὶ

209 3184 511 3254 τριάκοντα
541 3184 599 3234 ἐν
629 3186 696 3252 τῇ
730 3180 987 3251 προεδρίᾳ
1013 3180 1308 3233 διετέλεσεν
1331 3181 1423 3251 ἔτη
1445 3218 1462 3244 ,
1497 3180 1638 3233 κατὰ
1675 3179 1776 3249 τῆς

1877 2004 1934 2059 in
1969 2004 2008 2058 V
2049 2002 2291 2074 synodo,
2341 2015 2461 2071 qua:
2500 1999 2758 2054 dicuntur
2806 1998 3083 2069 proposita
3115 2004 3170 2052 et
3207 1995 3443 2052 refutata

1878 2094 2046 2149 fuisse
2075 2108 2107 2146 a
2139 2094 2296 2148 beato
2321 2092 2521 2163 Cyrillo
2543 2090 2725 2144 collat.
2761 2089 2817 2144 ι.

1948 2186 2208 2239 Adversus
2239 2185 2561 2237 Arianorum
2607 2193 2656 2237 et
2700 2181 3157 2235 Eunomianorum
3187 2178 3441 2238 hereses,

1878 2277 2071 2347 viginti
2098 2276 2239 2332 forte
2270 2284 2325 2331 et
2354 2274 2533 2331 adhuc
2557 2274 2790 2344 amplius
2824 2273 3014 2339 libros,
3038 2282 3093 2327 et
3120 2270 3225 2324 alia
3252 2279 3445 2340 praeter

1880 2368 1994 2424 haec
2050 2367 2361 2439 evangelica
2410 2374 2463 2422 et
2508 2366 2807 2437 apostolica
2869 2364 3013 2418 dicta
3061 2364 3446 2431 interpretatus

1880 2473 1993 2532 est,
2023 2465 2091 2521 de
2119 2465 2318 2536 quibus
2366 2462 2680 2535 S.Cyrillus
2729 2463 2896 2519 refert
2943 2461 3085 2532 apud
3129 2460 3449 2515 Facundum

1880 2556 1976 2611 lib.
2015 2571 2097 2620 ιιι,
2129 2570 2249 2626 cap.
2291 2556 2326 2610 ’5
2349 2569 2363 2605 :
2386 2555 2453 2607 Et
2480 2556 2572 2608 hos
2606 2554 2811 2626 quidem
2846 2550 3047 2606 labores
3088 2549 3264 2603 nullus
3286 2566 3445 2603 ausus

1879 2659 1958 2704 est
1992 2651 2262 2718 increpare
2287 2687 2302 2712 ,
2344 2646 2433 2701 sed
2463 2647 2646 2703 dextro
2675 2647 2879 2701 decreto
2922 2645 3181 2698 honorare
3208 2641 3448 2696 studium

1881 2748 2140 2794 rectorum
2178 2738 2481 2808 dogmatum
2512 2778 2527 2803 ,
2579 2736 2716 2807 quod
2762 2737 2817 2790 in
2862 2738 2937 2792 eis
2986 2748 3096 2801 est;
3131 2753 3251 2808 qua:
3284 2737 3446 2792 etiam

1881 2832 2189 2886 recitantur
2219 2831 2273 2884 in
2310 2828 2353 2883 V
2388 2830 2620 2901 synodo,
2656 2837 2821 2899 atque
2851 2830 2905 2884 in
2941 2830 3025 2886 his
3069 2830 3157 2884 illa
3193 2844 3311 2899 quae
3353 2826 3452 2879 Fa-

1882 2922 2095 2976 cundus
2126 2928 2542 2985 commemorat,
2577 2921 2679 2974 hoc
2713 2921 2870 2975 titulo
2903 2939 2917 2975 :
2953 2918 3034 2974 Ea;
3064 2920 3291 2974 secundo
3317 2918 3453 2972 libro

1883 3006 2072 3077 Cyrilli
2126 3008 2353 3075 episcopi
2393 3007 2735 3061 Alexandria:
2795 3007 2859 3061 de
2897 3024 2956 3061 eo
3008 3007 3145 3077 quod
3195 3023 3331 3059 unus
3374 3014 3453 3059 est

1884 3098 2125 3153 Christus
2162 3110 2347 3152 contra
2382 3097 2732 3153 Theodorum.
2795 3098 2898 3153 Sed
2935 3100 3092 3168 longe
3123 3100 3336 3153 diversa
3369 3104 3454 3151 est

1885 3192 2045 3246 lectio
2102 3191 2326 3262 synodi,
2386 3205 2491 3260 qua
2542 3190 2858 3246 Theodorus
2908 3192 3311 3261 perstringitur,
3345 3204 3452 3242 non

220 3273 428 3343 ’Δρείου
491 3272 589 3326 καὶ
631 3272 897 3340 Εὐνομίου
955 3271 1430 3342 παραταττόμενος
1482 3270 1777 3339 φάλαγγος,

1885 3286 2155 3339 laudatur.
2216 3283 2308 3339 Sic
2358 3285 2502 3340 enim
2562 3284 2769 3340 habet:
2836 3285 2980 3352 Quos
3032 3284 3240 3354 quidem
3290 3281 3454 3336 libros

210 3365 301 3418 καὶ
348 3364 443 3416 τὸν
494 3362 789 3435 λῃστρικὸν
842 3362 1244 3433 ’Δπολλιναρίου
1278 3363 1779 3432 καταγωνιζόμενος

210 3458 383 3526 λόχον,
408 3458 503 3509 καὶ
532 3457 633 3525 τὴν
678 3455 906 3526 ἀρίστην
944 3455 1080 3507 πόαν
1116 3458 1230 3517 τοῖς
1286 3455 1447 3519 θείοις
1488 3455 1781 3526 προϐάτοις

216 3548 545 3618 προσφέρων
570 3564 582 3576 ·
630 3545 734 3598 Per
766 3546 816 3597 id
849 3555 1049 3613 tempus
1070 3585 1084 3606 ,
1112 3562 1213 3614 quo
1244 3547 1449 3598 divinus
1487 3545 1780 3599 Theodotus

214 3639 592 3691 Antiochenam
620 3638 828 3705 regebat
854 3633 1165 3698 Ecclesium,
1189 3635 1489 3689 Theodorus
1512 3636 1780 3704 episcopus

214 3730 589 3799 Mopsuestiaz,
635 3729 724 3798 qui
754 3739 919 3781 totam
964 3725 1163 3781 Christi
1225 3724 1514 3779 Ecclesium
1560 3742 1657 3779 sua
1692 3726 1783 3779 do—

218 3826 385 3877 ctrina
414 3821 713 3885 erndierat,
767 3831 817 3874 et
861 3830 1047 3872 contra
1097 3820 1368 3873 universas
1418 3819 1782 3873 hwreticorum

215 3917 493 3984 phalanges
516 3914 797 3967 victoriam
826 3920 1207 3979 reportaverat,
1245 3922 1465 3966 mortem
1492 3911 1641 3965 obiit.
1674 3909 1784 3964 Iste

218 4019 262 4062 ct
304 4008 535 4061 Diodori
586 4007 686 4060 viri
730 4006 1181 4067 excellentissimi,
1226 4006 1483 4059 doctrina:
1515 4007 1782 4073 particeps

221 4104 384 4168 {actus
420 4110 522 4159 est,
554 4108 603 4152 et
627 4098 952 4151 sanctissimi
977 4096 1203 4151 Joannis
1233 4098 1406 4151 socius
1428 4106 1477 4151 et
1515 4080 1731 4159 adiutor
1764 4112 1781 4150 :

218 4193 399 4245 etenim
428 4189 587 4242 ambo
631 4187 951 4254 conjunctim
984 4188 1255 4254 sapientite
1287 4196 1544 4253 prtrcepta
1579 4200 1643 4238 ea:
1674 4185 1783 4252 spi-

221 4284 462 4335 ritalibus
524 4278 747 4331 Diodori
796 4278 1006 4345 ﬂuentis
1053 4278 1364 4331 hauserunt.
1406 4276 1648 4346 Triginta
1695 4290 1788 4329 sex

1882 3376 2042 3431 nollet
2076 3378 2270 3447 aliquis
2311 3378 2581 3445 increpare
2601 3417 2615 3443 ,
2646 3378 2813 3447 magis
2855 3386 3031 3430 autem
3060 3376 3343 3429 Itonoraret
3364 3413 3378 3435 ,
3408 3374 3456 3425 si

1836 3540 1839 3545 η
1880 3471 2071 3525 inesset
2110 3472 2183 3525 eis
2213 3470 2519 3541 dogmatum
2545 3468 2822 3523 rectitudo.
2850 3468 3081 3523 Laudari
3115 3468 3189 3521 ait
3216 3466 3457 3535 p0luisse

1884 3563 2054 3617 libros
2085 3559 2379 3627 Theodori,
2412 3562 2622 3618 si‘nihil
2646 3561 2799 3631 pravi
2832 3558 3090 3613 docerent
3119 3578 3130 3613 :
3164 3573 3289 3611 mox
3327 3570 3457 3610 vero

1884 3656 2130 3726 quaedam
2157 3656 2210 3709 in
2246 3656 2353 3710 illis
2384 3656 2546 3725 impia
2579 3656 2758 3709 inesse
2783 3652 3209 3707 demonstratur.

1954 3748 2083 3801 Item
2111 3746 2360 3800 adversus
2391 3745 2707 3799 Eunomium
2751 3760 2845 3811 pro
2883 3743 3003 3797 divo
3051 3740 3255 3795 Basilio
3289 3737 3461 3792 libros

1880 3838 2354 3907 vigintiquinque.
2381 3837 2533 3907 Legit
2558 3836 2784 3892 Photius
2808 3836 2861 3888 in
2888 3834 3212 3888 Bibliotheca
3235 3832 3357 3885 cod.
3382 3830 3455 3884 ιε

1896 3929 2234 4000 Ἀνεγνὼσθη
2264 3928 2541 3999 Θεοδώρου
2585 3926 2899 3997 Ἀντιοχέως
2936 3924 3087 3993 ὑπὲρ
3136 3921 3458 3977 Βασιλείου

1884 4023 2013 4076 κατ’
2059 4022 2354 4091 Εὐνομίου
2400 4021 2459 4072 ὲν
2516 4019 2693 4087 λόγοις
2754 4024 2854 4071 κε’.
2919 4017 3074 4069 Ἔστι
3116 4015 3171 4067 δὲ
3214 4014 3312 4081 τὴν
3361 4011 3462 4082 μὲν

1888 4113 2085 4184 φράσιν
2120 4114 2180 4165 οὐ
2214 4113 2353 4166 πάνυ
2384 4111 2655 4182 λαμπρὸς,
2687 4112 2807 4173 ταῖς
2844 4108 2900 4162 δὲ
2940 4106 3198 4168 διανοίαις
3228 4104 3461 4167 καὶτοῖς

1884 4206 2405 4277 ἐπιχειρήμασιλίαν
2425 4205 2645 4269 πυκνὸς,
2669 4204 2763 4257 καὶ
2780 4206 2900 4265 ταῖς
2930 4201 3228 4272 γραφικαῖς
3261 4196 3461 4266 ἄριστα

1889 4296 2132 4351 πλουτῶν
2178 4297 2505 4367 μαρτυρίαις
2536 4315 2550 4329 ο
2590 4297 2732 4349 κατὰ
2760 4293 2906 4358 λέξιν
2928 4292 2983 4345 δὲ
3006 4290 3191 4360 σχεδὸν
3213 4286 3319 4340 τῶν
3353 4285 3461 4339 Εὐ·-

223 4376 365 4427 anais
400 4371 754 4439 prazsulatum
785 4371 943 4439 gessit
978 4368 1319 4430 Theodorus;
1365 4385 1525 4437 neque
1554 4384 1781 4438 unquam

1888 4389 2075 4458 νομίου
2128 4388 2299 4456 λόγων
2344 4389 2442 4459 τὴν
2489 4387 2797 4458 ἁνασκευὴν
2848 4385 3120 4446 ποιεῖται,
3159 4377 3345 4450 ἅμαθῆ
3402 4394 3462 4431 τε

222 4466 435 4519 cessavit
470 4474 583 4515 tum
609 4472 795 4515 contra
824 4462 1083 4513 Arianam
1104 4470 1151 4512 et
1180 4459 1568 4512 Eunomianam
1591 4471 1781 4513 sectam

1890 4479 2008 4531 λίαν
2042 4479 2149 4530 τῶν
2175 4497 2234 4531 τε
2260 4479 2495 4550 θύραθεν
2533 4477 2891 4548 μαθημάτων,
2924 4473 3019 4527 καὶ
3053 4470 3232 4540 πολλῷ
3266 4466 3463 4541 μᾶλλον

222 4560 351 4611 velut
386 4562 441 4609 in
482 4558 597 4609 acie
634 4555 907 4613 dimicare,
952 4562 1062 4604 tum
1098 4552 1484 4605 clandestinum
1514 4552 1787 4619 Apollina-

224 4653 294 4704 ris
348 4649 685 4714 manipulum
736 4648 1082 4715 impugnarc,
1119 4655 1229 4697 tum
1280 4645 1532 4712 optimam
1576 4644 1793 4698 herbam

224 4744 414 4796 sanctis
441 4739 650 4794 Christi
680 4740 859 4791 ovibus
896 4739 1253 4805 suppeditare.
1297 4735 1541 4788 Meminit
1576 4751 1794 4804 quoque

225 4833 478 4889 Leontius
529 4831 826 4901 Byzantius
871 4830 1073 4885 Contra
1107 4827 1416 4881 Nestorium
1444 4836 1493 4879 et
1535 4826 1792 4896 Eutyche-

227 4940 339 4983 tem.
408 4926 485 4979 Ex
548 4924 710 4978 tertio
761 4931 816 4978 et
878 4930 1075 4992 quarto
1132 4921 1272 4974 libro
1319 4920 1565 4988 ejusdem
1614 4921 1795 4989 operis

227 5022 387 5073 multa
422 5019 725 5072 recitantur
758 5020 814 5071 in
843 5015 887 5069 γ
919 5015 1159 5086 synodo,
1200 5014 1345 5068 dicta
1375 5012 1557 5067 collat.
1584 5012 1796 5067 Profert

225 5109 381 5162 etiam
442 5108 707 5162 nonnulla
758 5107 1089 5170 Facundus,
1138 5106 1235 5161 lib.
1293 5121 1385 5171 ut,
1440 5121 1563 5175 cap.
1616 5105 1689 5167 2,
1744 5115 1798 5159 et

226 5201 314 5253 lib.
344 5218 436 5265 Ix,
471 5216 594 5270 cap.
628 5201 694 5263 4,
726 5210 780 5254 et
804 5201 897 5255 lib.
926 5216 959 5253 x
988 5240 1002 5262 ,
1044 5216 1165 5270 cap.
1194 5200 1245 5253 i.
1302 5199 1384 5252 An
1425 5198 1700 5252 diversum
1730 5198 1799 5251 ab

227 5294 322 5348 hoc
345 5294 511 5347 fuerit
538 5293 686 5346 aliud
714 5307 853 5363 opus
884 5291 1134 5361 ejusdem
1165 5299 1351 5345 contra
1371 5290 1721 5357 Synusiastas
1749 5298 1800 5342 et

226 5388 680 5455 Apollinaristas?
729 5384 1067 5455 Synusiastaa
1116 5383 1249 5438 dicti
1283 5390 1412 5438 sunt
1459 5380 1800 5451 Apollinari-

227 5489 350 5543 δια»,
379 5479 531 5549 quod
582 5479 675 5533 Dei
703 5486 761 5532 et
791 5478 1033 5533 hominis
1078 5476 1285 5531 Christi
1336 5490 1500 5529 unam
1542 5474 1799 5527 docerent

226 5587 342 5626 esse
406 5583 663 5625 naturam
726 5568 1057 5640 σύγκρατον,
1110 5567 1163 5622 id
1219 5577 1304 5621 est
1350 5563 1693 5619 commistam
1746 5573 1800 5617 et

228 5664 610 5734 compositam,
646 5662 940 5715 humanam
972 5667 1025 5716 et
1057 5659 1299 5714 divinam
1333 5676 1348 5711 :
1386 5657 1616 5726 ideoque
1664 5671 1789 5725 pro-

290 5791 369 5861 (a)
412 5790 544 5845 Item
598 5788 833 5861 Cyrillus
876 5787 1074 5861 Contra
1106 5787 1462 5861 Synusiastas
1494 5786 1639 5861 apud
1662 5802 1785 5861 gnos

231 5858 422 5928 script.
452 5869 553 5915 vet.
580 5868 621 5913 ι.
646 5858 766 5921 vu,
796 5876 885 5929 pp.
914 5859 1013 5922 to,
1047 5858 1151 5929 is,
1184 5858 1272 5918 ειν,
1307 5858 1442 5929 290,
1478 5859 1621 5916 295.
1661 5858 1781 5911 sua.

236 5934 377 5996 Quod
412 5932 555 5988 idem
584 5940 666 5988 est
699 5928 858 6001 atquc
888 5941 1073 5985 contra
1108 5928 1478 5999 Synchyticus.
1524 5929 1639 5982 ltili.
1668 5946 1783 5984 nov.

1888 4571 1986 4641 τῆς
2013 4571 2130 4625 καθ’
2165 4574 2311 4643 ἡμᾶς
2344 4572 2629 4640 θεοσοφίας
2666 4570 2752 4622 διὰ
2802 4566 3012 4621 πολλῶν
3050 4559 3355 4623 ἐπιδεικνύς
3386 4575 3400 4590 ·
3434 4559 3464 4613 ὁ

1889 4665 1947 4719 es
2010 4665 2377 4734 Μοψουεστίας
2429 4666 2667 4734 γεγονὼς
2732 4663 3028 4725 ἐπίσκοπος
3078 4653 3230 4721 οὗτός
3273 4657 3460 4717 ἐστιν,

1892 4753 2045 4826 οἶμαι
2072 4776 2084 4787 ·
2137 4756 2281 4809 Lecti
2314 4766 2436 4809 sunt
2479 4757 2740 4810 Theodori
2774 4753 3088 4807 Antiaclteni
3132 4767 3227 4819 pro
3263 4746 3465 4801 Basilio

1891 4847 2153 4901 adversus
2206 4845 2533 4900 Eunnmium
2585 4847 2704 4899 libri
2752 4846 2933 4915 viginti
2977 4845 3220 4912 quinque.
3258 4836 3353 4892 Est
3383 4837 3466 4890 illi

1890 4939 2100 5005 phrasis
2134 4954 2237 4990 non
2272 4953 2636 5007 usquequaque
2665 4939 2947 5005 conspicua
2976 4934 3253 4989 :sensibus
3290 4942 3465 4984 tamen

1891 5037 1939 5082 et
1974 5028 2294 5097 argumentis
2333 5028 2554 5079 nimium
2587 5038 2839 5098 quantum
2867 5026 3060 5079 densus
3081 5063 3095 5085 ,
3124 5038 3290 5076 sacra:
3318 5019 3466 5076 Scri-

1894 5127 2063 5188 ptura:
2110 5120 2421 5171 testimoniis
2464 5121 2663 5189 egregie
2698 5116 2953 5171 abundat.
2994 5114 3073 5168 Ad
3108 5112 3320 5167 verbum
3359 5112 3467 5170 fere

1897 5212 2146 5266 Eunomii
2187 5215 2419 5266 rationes
2451 5212 2667 5280 refellit,
2698 5209 3000 5278 imperitum
3032 5223 3148 5261 eum
3186 5204 3337 5259 valde
3369 5220 3467 5260 ex-

1896 5313 2164 5356 ternarum
2217 5305 2659 5373 disciplinarum,
2722 5302 2985 5369 multoque
3053 5301 3220 5369 magis
3272 5306 3467 5351 nostra:

1897 5393 2169 5464 theologica
2198 5396 2435 5463 pluribus
2472 5393 2772 5447 ostendens.
2802 5389 2905 5444 Hic
2939 5406 3059 5445 vero
3105 5388 3461 5458 Mopsuestiai,

1896 5497 1951 5536 ut
1980 5494 2126 5552 puto,
2163 5488 2433 5553 episcopus
2468 5486 2591 5554 fuit.
2632 5483 2822 5538 Libros
2852 5480 2994 5536 infra
3026 5481 3148 5536 cod.
3180 5479 3301 5539 177.
3334 5476 3466 5532 dicit

1896 5577 2063 5630 fuisse
2106 5578 2295 5647 viginti
2351 5588 2492 5632 octo.
2554 5578 2708 5629 Ἔστι
2760 5576 2856 5646 μὲν
2891 5568 3045 5637 οὗτος
3082 5575 3109 5625 ό
3136 5570 3407 5639 Θεόδωρος
3438 5570 3467 5623 ὁ

1902 5666 1995 5721 καὶ
2028 5671 2148 5723 κατ’
2186 5672 2448 5742 Εὐνομξου
2486 5672 2542 5721 ὲν
2587 5671 2760 5722 εἴκοσι
2814 5668 2907 5723 καὶ⁹
2956 5664 3100 5720 ὀκτὼ
3134 5663 3314 5732 λόγοις
3360 5662 3464 5715 οὐκ

1894 5779 2008 5834 PP.
2037 5790 2076 5834 ι.
2114 5780 2199 5846 IV,
2230 5798 2281 5850 p.
2314 5782 2436 5835 445.
2468 5780 2644 5850 Atque
2684 5775 3067 5850 lmictscilicet
3102 5772 3286 5844 Cyrilli
3324 5771 3463 5850 scri-

1892 5861 1983 5920 pto
2043 5841 2409 5907 testimonium
2472 5841 2631 5907 dalSat
2684 5848 2937 5919 prtedicta
2978 5841 3166 5917 quinta
3222 5841 3461 5914 syncdus

1891 5925 2015 5977 cezll.
2048 5923 2095 5977 ιι.
3016 5962 3017 5965 η
