3898 6228
442 424 507 480 9|
1699 434 1793 490 EX
1816 435 2063 495 LEONIS
2098 439 2370 501 ALLATII
3600 455 3671 511 9?.

446 543 692 610 ἀγεννῶς
743 544 1148 618 ἀγωνισάμενος
1168 589 1184 615 ,
1240 550 1334 604 καὶ
1403 553 1503 624 τὴν
1563 552 1840 610 Βασιλείου
1909 557 2003 611 τοῦ

2110 562 2202 617 ait.
2238 562 2312 617 Ex
2348 581 2413 619 eo
2447 567 2708 621 nonnulla
2752 568 3097 625 adducuntur
3131 571 3187 625 in
3239 572 3473 629 concilio
3509 573 3547 627 ν
3577 596 3667 647 ge-

450 635 757 700 θεσπεσίου,
793 637 992 706 μᾶλλον
1009 638 1065 692 δὲ
1092 639 1190 710 τῆς
1217 641 1490 712 ἀληθείας,
1525 646 1804 717 κρατύνων
1833 648 2007 714 δόξαν.

451 727 603 781 Idem
651 728 735 782 hic
786 730 1079 787 Theodorus
1130 733 1218 788 ille
1262 744 1379 803 est,
1411 739 1502 808 qui
1534 739 1795 798 adversus
1824 742 2010 798 Euno-

451 817 621 872 mium
652 820 803 874 libris
840 834 956 877 octo
988 835 1038 878 et
1073 826 1254 896 viginti
1288 845 1391 883 non
1422 834 1649 899 segniter
1677 834 2011 906 depugnavit,

450 914 501 959 et
524 909 698 961 sancti
736 909 931 965 Basilii
967 914 1046 966 vel
1085 914 1353 982 ipsiusmet
1402 922 1637 977 veritatis
1684 926 1857 991 potius
1893 944 2013 982 sen-

455 998 673 1052 tentiam
701 1003 1053 1070 can/irmavit.
1114 1007 1180 1061 Et
1215 1009 1338 1064 cod.
1380 1010 1483 1067 158
1507 1051 1522 1075 ,
1550 1014 1794 1081 ejusdem
1828 1020 2011 1087 operis

450 1090 734 1156 meminit,
792 1093 860 1149 de
904 1094 1154 1151 Eunomii
1197 1098 1445 1156 adversus
1492 1102 1754 1160 Basiliam
1810 1111 2012 1179 scripto

449 1180 756 1239 edisserens
790 1203 805 1239 :
850 1180 924 1239 Οὗ
976 1192 1357 1260 περιτυχόντες
1408 1194 1710 1268 Θεόδωρος,
1740 1201 1832 1254 καὶ¹
1871 1203 1910 1254 Γ
1916 1219 2012 1274 ρη-

448 1272 631 1343 γόριος
657 1275 893 1347 Νύσσης,
922 1282 1015 1332 καὶ
1035 1282 1357 1353 Σωφρόνιος.
1394 1279 1467 1339 ὧν
1492 1288 1838 1363 ἐμνήσθημεν
1870 1272 2011 1347 ἅνω-

449 1363 579 1451 θεν,
638 1367 858 1431 πολλαῖς
906 1372 1112 1435 αἰκίαις
1168 1374 1339 1443 λόγων
1390 1376 1801 1451 λωϐησάμενοι,
1859 1384 2010 1438 οὐδὲν

446 1449 606 1523 ἦττον
664 1456 756 1509 τοῦ
804 1461 1069 1531 προτέρου
1111 1466 1331 1534 νεκρὸν,
1382 1467 1476 1521 καὶ
1523 1449 1702 1540 πάσης
1742 1474 2009 1537 ἀπόζοντα

446 1545 782 1616 ἀκαθαρσίας
828 1550 905 1619 τῷ
958 1558 1306 1625 γεγεννηκότι
1358 1559 1668 1631 ἀπέρριψαν
1700 1578 1714 1592 ’
1751 1562 1818 1617 In
1871 1570 2009 1634 quod

447 1634 725 1689 incidentes
762 1637 1082 1704 Theodorus,
1119 1654 1166 1696 et
1209 1644 1486 1716 Gregorius
1514 1648 1803 1721 Nyssenus,
1857 1669 2010 1728 atque

448 1725 792 1791 Sophronius.
817 1748 1037 1799 quorum
1061 1751 1220 1801 supra
1246 1748 1323 1791 est
1367 1755 1398 1790 a
1443 1741 1591 1795 nobis
1622 1735 1765 1811 facta
1792 1750 2006 1812 mentio,

447 1818 626 1870 multis
649 1836 945 1874 sermonum
975 1824 1147 1894 plagis
1173 1844 1275 1881 non
1311 1846 1458 1883 secus
1485 1848 1642 1901 quam
1669 1836 1817 1901 prius
1864 1840 2009 1894 aliud

2111 655 2303 717 nerali,
2327 647 2616 712 collatione
2647 659 2680 712 4
2708 661 2906 730 saepius
2941 661 3178 716 laudata.

2180 743 2399 802 Librum
2436 749 2563 804 item
2601 750 2670 803 ad
2722 752 3089 821 baptizandos.
3121 753 3199 808 Ex
3243 771 3352 826 quo
3402 761 3664 814 nonnulla

2112 839 2412 896 aﬂ‘eruntur
2441 842 2494 895 in
2538 842 2582 895 V
2615 844 2841 914 synodo,
2869 846 3047 899 collat.
3082 846 3247 911 dicta,
3287 856 3339 903 et
3368 849 3546 920 aliqua
3584 867 3666 906 re-

2110 931 2246 984 citat
2274 929 2564 988 Facundus
2588 932 2680 989 lib.
2722 951 2793 999 ix,
2824 950 2945 1006 cap.
2974 938 3028 1002 5,
3058 952 3125 990 ex
3157 938 3295 992 libro
3332 940 3399 992 ad
3430 941 3668 1008 baptiza-

2114 1025 2212 1069 tos.
2242 1017 2461 1074 Idemne
2501 1020 2552 1074 id
2586 1020 2767 1085 fuerit,
2800 1037 2869 1077 an
2894 1025 3167 1080 diversum
3190 1029 3364 1097 opus?

2180 1107 2256 1163 De
2274 1108 2648 1168 Incarnatione
2671 1114 2837 1171 libros
2858 1133 2947 1171 xv.
2976 1116 3193 1173 Decimo
3213 1120 3405 1190 quinto
3433 1137 3671 1193 namque

2112 1198 2253 1253 libro
2283 1201 2457 1270 ipsum
2484 1211 2653 1257 totum
2689 1219 2825 1275 opus
2853 1205 2928 1261 De
2962 1205 3333 1263 Incarnatione
3375 1212 3662 1274 conclusit,

2114 1299 2174 1344 ut
2211 1290 2378 1347 refert
2415 1291 2703 1352 Facundus
2742 1297 2837 1351 lib.
2887 1313 2961 1362 ix,
3006 1314 3127 1369 cap.
3171 1301 3223 1354 3.
3266 1299 3462 1356 Eorum
3506 1317 3667 1372 argu-

2111 1388 2293 1434 menta
2343 1392 2590 1439 recenset
2645 1385 2959 1441 Gennadius
3012 1387 3099 1441 De-
3130 1389 3255 1442 viris
3283 1390 3364 1443 ill.
3392 1405 3514 1460 cap.
3550 1392 3618 1444 12
3648 1410 3669 1445 τ

2115 1469 2412 1526 Theodorus
2442 1475 2778 1530 Antiochense
2810 1476 3058 1532 Ecclesia:
3081 1479 3362 1549 presbyter,
3397 1482 3477 1534 vir
3499 1483 3670 1535 scien-

2113 1560 2190 1613 tia
2217 1571 2425 1626 cautus,
2451 1574 2500 1617 et
2527 1563 2705 1633 lingua
2727 1566 2976 1629 disertus,
3001 1568 3210 1634 scripsit
3232 1568 3485 1622 adversus
3504 1570 3668 1635 Apol-

2112 1652 2385 1706 linaristas
2423 1663 2473 1708 et
2510 1654 2868 1712 Eunomianos
2905 1657 2982 1713 De
3027 1658 3405 1714 lncarnatione
3449 1660 3666 1715 Domini

2111 1742 2275 1797 libros
2301 1744 2617 1813 quindecim,
2658 1748 2726 1801 ad
2752 1749 3045 1818 quindecim
3074 1750 3243 1804 millia
3272 1767 3509 1805 versuum
3541 1768 3669 1804 con-

2112 1834 2350 1889 tincntes.
2386 1836 2452 1888 In
2496 1838 2681 1907 quibus
2708 1840 2913 1893 ratione
2947 1842 3231 1908 purissima
3272 1850 3331 1895 et-
3353 1842 3671 1895 testimoniis

446 1909 773 1977 conficientes
792 1954 805 1976 ,
842 1915 959 1982 jam
975 1932 1084 1983 prie
1106 1919 1409 1987 impuritate
1430 1924 1628 1979 olidam
1654 1928 1707 1981 in
1743 1941 2006 1988 auctorem

2112 1900 2744 1993 Scripturarum'ostendit
2764 1928 3044 1983 Dominum
3059 1930 3093 1983 Ι
3096 1947 3260 1994 esum,
3279 1933 3413 1985 sicut
3436 1933 3668 1999 plenitu-

446 2012 599 2050 suum
637 2004 988 2069 projecerunt.
1034 2006 1117 2059 Au
1158 2025 1221 2062 ex
1260 2010 1365 2065 hoc
1397 2014 1478 2067 vel
1532 2017 1798 2084 superiori
1845 2035 2008 2090 Opere

446 2086 700 2159 decerpta
731 2103 877 2158 sunt,
912 2112 1031 2165 qua!
1062 2100 1253 2154 recitat
1279 2100 1565 2159 Facundus
1593 2106 1779 2172 lib.tx,
1809 2086 1926 2183 cap.
1950 2115 2005 2180 5,

445 2175 589 2244 quis,
618 2194 739 2233 cum
771 2192 1023 2239 neutrum
1046 2197 1241 2252 exstet,
1271 2191 1631 2260 dijudicabit?

516 2292 776 2348 Adversus
810 2295 1083 2366 Origenem
1113 2302 1176 2356 de
1196 2306 1449 2375 allegoria
1472 2323 1519 2365 et
1548 2318 1771 2373 historia
1796 2323 1863 2375 ad
1888 2324 2010 2379 Cer-

445 2381 653 2472 donem.
712 2384 865 2440 Unde
908 2399 962 2444 et
1020 2390 1473 2464 Origenianorum
1527 2408 1709 2462 odium
1756 2413 2005 2472 incurrit.

444 2466 736 2527 Facundus
765 2475 859 2530 lib.
894 2494 973 2543 ιιι,
999 2495 1119 2548 cap.
1157 2485 1209 2538 6.

516 2584 779 2641 Adversus
815 2606 902 2645 eos
929 2596 1019 2662 qui
1077 2613 1319 2656 asserunt
1365 2623 1579 2673 peccare
1611 2613 1868 2673 hominem
1913 2640 2009 2676 na-

447 2682 567 2729 tura
592 2684 693 2731 non
717 2681 996 2750 voluntate,
1032 2688 1201 2745 libros
1229 2696 1490 2766 quinque.
1521 2700 1673 2773 Legit
1703 2706 1928 2766 Photius
1952 2714 2006 2768 in

442 2767 771 2873 Bibliotheca
798 2777 921 2831 cod.
962 2779 1106 2836 177:
1153 2785 1488 2862 Ἀνεγνώσθη
1513 2767 1714 2862 βίϐλιον
1747 2794 1805 2853 οὗ
1835 2808 1865 2873 ἡ
1898 2767 2010 2859 ἐττιᾷ

442 2862 662 2958 γραφὴ,Δ
711 2866 1009 2958 Θεοδώρου
1070 2874 1432 2947 Ἀντιοχέως,
1487 2886 1514 2937 ὁ
1558 2862 1902 2958 Μοψουστίας
1950 2899 2007 2951 δέ.

442 2954 609 3018 ἐστιν,
634 2954 707 3019 ὡς
731 2957 836 3011 ἀπό
865 2977 1024 3015 τινων
1047 2964 1342 3023 ἐπιστολῶν
1368 2974 1657 3049 ἐμάθομεν,
1680 2985 1837 3052 Πρὸς
1868 2990 2008 3055 τοὺς

441 3046 751 3145 ξέγοντας,
793 3055 974 3123 φύσει
996 3059 1095 3145 καὶ
1131 3066 1202 3117 οὐ
1234 3065 1431 3136 γνώμῃ
1460 3046 1690 3129 πταίειν
1722 3046 1861 3145 τούς
1898 3046 2006 3137 ar;

442 3138 729 3207 θρώπους.
772 3140 1183 3217 Διαπεραῖνεται
1225 3156 1324 3225 μὲν
1373 3160 1518 3230 αὐτῷ
1565 3167 1592 3217 ὁ
1634 3168 1768 3240 πρὸς
1811 3173 2005 3239 αὐτοὺς

441 3229 590 3327 ἀγὼν
611 3234 667 3284 ὲν
688 3232 863 3304 λόγοις
891 3240 1071 3307 πέντε,
1099 3245 1231 3315 πρὸς
1251 3247 1307 3301 δὲ
1328 3252 1451 3317 τοὺς
1485 3255 1589 3309 ἀπὸ
1620 3229 1819 3327 δύσεως
1847 3229 2006 3321 τοῦτο

441 3322 502 3374 τὸ
533 3323 743 3397 νόσημα
793 3334 1146 3404 νενοσηκότας
1196 3341 1395 3410 γράφει
1444 3345 1504 3398 τὸ
1551 3349 1771 3418 βιϐλίον,
1802 3349 1875 3409 ὧν
1913 3361 2007 3413 καὶ

439 3417 539 3521 τῆς
568 3419 832 3521 αἱρέσεως
869 3423 1107 3497 ἀρχηγὸν
1138 3430 1283 3500 λέγει
1322 3417 1590 3504 γενέσθαι.
1633 3443 1869 3501 Ἐκεῖθεν
1908 3451 2006 3521 μὲν

440 3507 775 3580 ὁρμώμενον,
806 3519 917 3581 τοῖς
943 3519 998 3571 δὲ
1030 3522 1127 3593 τῆς
1165 3525 1428 3599 ἀνατολῆς
1456 3534 1884 3606 ἐπιχωριάζοντα
1908 3507 2009 3597 ⁵’τό-ι

442 3617 586 3665 ποις,
618 3605 712 3657 καὶ
742 3609 1099 3668 συντάττοντα
1124 3615 1312 3685 λόγους
1339 3622 1477 3694 ὑπὲρ
1499 3626 1599 3695 τῆς
1622 3635 2009 3703 καινοποιηθεί-

442 3706 542 3760 σης
567 3693 715 3765 αὐτῷ
744 3699 1374 3789 αἱρέσεωςηδιαπέμπειν
1396 3693 1504 3775 τοῖς
1522 3693 1582 3766 τδ
1604 3718 1852 3789 πατρῷον
1884 3693 2005 3774 iba-

441 3797 539 3847 φος
585 3786 848 3841 οἰκοῦσινο
884 3791 973 3862 ὑφ’
1013 3787 1087 3849 ὧν
1140 3799 1233 3852 καὶ
1288 3802 1511 3868 πολλοὺς
1555 3807 1730 3861 ἐκεῖσε
1771 3812 1905 3883 πρὸς
1947 3813 2007 3867 τὸ

440 3873 636 3968 οἰκεῖον
676 3878 928 3950 φρόνημα
974 3883 1216 3951 ἑλκύσαι,
1264 3890 1340 3949 ὠς
1387 3894 1478 3945 καὶ
1519 3873 1840 3968 Ἐκκλησίας
1881 3873 2007 3967 ϐλας

439 3962 533 4057 τοῦ
564 3965 908 4037 ἀτοπήματος
931 3972 1277 4047 πληρωθῆναι
1304 3998 1317 4012 ο
1352 3980 1562 4036 Lectum
1588 3998 1666 4040 est
1687 3962 2007 4057 opusTheo;

440 4055 560 4110 dari
597 4060 927 4126 Antias/teni,
958 4068 1047 4135 qui
1076 4067 1129 4120 Μ
1139 4083 1473 4136 opsuestenus
1501 4078 1591 4130 ille
1613 4055 1880 4149 episcopus
1905 4097 2007 4149 est,

440 4157 499 4201 ut
528 4164 593 4203 ex
624 4151 938 4219 quibusdam
984 4159 1221 4220 epistolis
1268 4166 1621 4233 cognovimus,
1655 4170 1751 4223 hoc
1807 4175 1958 4229 titulo
1986 4193 2003 4229 :

439 4240 640 4296 Contra
692 4255 1003 4302 asserentes
1043 4265 1273 4319 peccare
1322 4254 1568 4312 homines
1630 4272 1843 4328 natura,
1895 4283 2003 4322 non

439 4333 735 4389 voluntate.
780 4336 858 4390 Ea
907 4338 1196 4409 disputatio
1230 4347 1452 4415 quinque
1500 4350 1648 4405 libris
1683 4356 2001 4420 absolvitur,

437 4440 567 4492 quos
599 4427 847 4482 aduersus
876 4434 1223 4490 occidentales
1254 4438 1351 4490 hac
1382 4441 1496 4493 lube
1524 4443 1741 4511 infectos
1770 4450 1999 4517 scripsit.

441 4514 574 4571 Inde
587 4520 726 4573 enim
751 4523 1033 4577 oriundum
1055 4526 1267 4583 hwresis
1290 4530 1445 4599 hujus
1475 4545 1739 4589 auctorem
1756 4539 1808 4591 in
1837 4543 2004 4596 orien-
2035 4566 2078 4619 ι)

441 4609 507 4662 tis
537 4610 690 4664 modo
722 4615 1021 4684 regionibus
1064 4622 1282 4681 versari,
1318 4622 1579 4694 librosque
1611 4626 1673 4680 de
1703 4644 1878 4686 recens
1912 4633 2003 4688 abs

439 4717 493 4755 se
514 4705 810 4774 excogitata
832 4706 1021 4762 hatresi
1048 4715 1362 4780 compositos
1397 4716 1465 4767 ad
1496 4720 1769 4785 populares
1800 4740 1922 4777 suos
1952 4726 2007 4777 in

435 4796 665 4863 patriam
700 4801 1057 4855 transmittere
1086 4815 1327 4864 narrant.
1361 4816 1415 4859 ut
1440 4809 1555 4874 jam
1588 4810 1659 4862 ibi
1690 4813 1879 4866 multos
1914 4831 2007 4881 per

436 4887 569 4942 hanc
614 4898 781 4943 artem
815 4892 870 4944 in
921 4909 1072 4946 suam
1125 4900 1442 4959 per-traxerit
1491 4906 1830 4965 sententiam,
1871 4907 2005 4959 inte-

438 4997 664 5050 grasque
702 4982 833 5037 adeo
873 4982 1136 5039 Ecclesias
1171 4987 1413 5043 absurdis
1456 4990 1564 5045 illis
1602 4994 1845 5049 imbuerit
1892 5001 2008 5065 upi-

439 5072 680 5128 nionibus
702 5074 803 5147 (a).
833 5074 962 5132 Pete
1009 5078 1216 5148 reliqua
1250 5079 1318 5133 ab
1357 5081 1567 5135 eodem.
1611 5085 1669 5138 In
1703 5085 1804 5141 hnc
1837 5090 2001 5142 etiam

438 5163 607 5216 multa
636 5180 745 5219 non
766 5182 896 5221 sana
927 5171 1259 5239 inspersisse
1287 5171 1425 5226 idem
1454 5173 1681 5232 Phorius
1704 5178 2004 5245 adnotavit,

436 5260 489 5305 et
519 5255 830 5325 qualisnam
863 5258 964 5314 fuit
994 5262 1049 5315 in
1075 5278 1139 5317 eo
1162 5278 1326 5333 opere
1354 5270 1648 5334 expressit.

509 5366 654 5438 Opus
685 5371 985 5439 mysticum.
1012 5372 1090 5427 Ex
1125 5377 1284 5445 cujus
1314 5376 1456 5429 libro
1489 5380 1653 5433 tertio
1675 5380 1885 5438 decimo
1913 5400 2001 5438 re-

437 5457 572 5513 citat
591 5459 883 5517 Facundus
908 5462 1004 5516 lib.
1035 5479 1117 5525 Ill,
1136 5481 1255 5537 cap.
1285 5467 1338 5532 i,
1367 5469 1527 5523 verba
1557 5479 1749 5524 contra
1779 5470 2001 5526 Paulum

441 5543 879 5605 Samosatenum.

513 5655 667 5723 Quod
702 5658 841 5715 Deus
869 5673 1140 5730 peccatum
1183 5665 1382 5735 docuit,
1409 5680 1457 5722 et
1502 5680 1719 5724 mortem
1758 5672 2000 5726 introdu-

2108 2012 2280 2065 dinem
2298 2013 2533 2077 deitatis,
2545 2015 2626 2068 ita
2650 2016 3024 2082 plenitudinem
3040 2018 3384 2074 humanitatis
3400 2019 3663 2076 habuisse.

2111 2103 2267 2158 Docet
2284 2114 2333 2158 et
2348 2105 2606 2160 hominem
2629 2107 2831 2162 duabus
2846 2118 3050 2164 tantum
3067 2112 3381 2166 substantiis
3400 2124 3663 2177 constare,

2106 2196 2163 2250 id
2189 2207 2264 2252 est
2302 2200 2481 2253 anima
2514 2211 2563 2253 et
2597 2216 2842 2265 corpore,
2864 2219 3171 2274 sensumque
3189 2215 3238 2259 et
3280 2207 3521 2274 spiritum
3562 2224 3669 2260 non

2106 2290 2328 2343 alteram
2365 2291 2740 2357 substantiam,
2794 2293 2883 2347 sed
2912 2295 3077 2363 oﬁicia
3130 2312 3243 2350 esse
3290 2300 3480 2352 anima:
3509 2298 3670 2369 inge—

2107 2380 2240 2445 nita,
2286 2381 2470 2450 quibus
2520 2382 2706 2449 spirat,
2749 2382 2936 2451 quibus
2986 2385 3263 2439 rationalis
3314 2398 3430 2452 est,
3476 2389 3669 2455 quibus

2107 2471 2352 2524 sensibile
2385 2471 2513 2540 facit
2545 2488 2749 2540 corpus.
2782 2473 3043 2539 Quartum
3069 2476 3324 2529 decimum
3356 2487 3540 2532 autem
3567 2478 3668 2530 hu-

2098 2560 2190 2629 jus
2217 2563 2385 2631 operis
2418 2563 2608 2616 librum
2639 2567 2850 2634 proprie
2884 2564 2948 2620 de
2980 2569 3215 2622 increata
3241 2577 3289 2623 et
3321 2568 3437 2623 sola
3485 2570 3667 2624 incora-

2105 2668 2261 2721 porea
2294 2653 2607 2724 dominaque
2636 2657 2868 2709 omnium
2908 2668 3095 2710 sancta
3128 2657 3407 2712 Trinitatis
3449 2668 3668 2723 natura,

2106 2752 2155 2795 et
2183 2742 2244 2794 de
2284 2754 2646 2795 creaturarum
2674 2745 2879 2797 ratione
2918 2743 3196 2809 disserens,
3238 2746 3325 2812 pio
3365 2761 3519 2798 sensu
3549 2760 3670 2797 cum

2107 2834 2421 2888 auctoritate
2441 2845 2743 2889 sanctarum
2764 2836 3160 2906 Scripturarum
3182 2837 3463 2905 explicuit;
3486 2838 3671 2907 quinto

2106 2926 2305 2979 decimo
2335 2942 2450 2980 vero
2478 2928 2752 2992 volumine,
2786 2938 2952 2983 totum
2984 2930 3153 2997 operis
3196 2931 3281 2983 sui
3308 2944 3515 2998 corpus,
3544 2931 3674 2981 cita-

2108 3019 2177 3071 tis
2211 3018 2433 3071 Patrum
2479 3018 2873 3083 traditionibus,
2916 3021 3247 3089 conﬁrmavit
3292 3029 3342 3073 et
3381 3021 3674 3073 communi-

2106 3111 2196 3162 vit.
2213 3108 2809 3164 llieminitJustiuianus
2835 3111 2888 3162 in
2910 3109 3098 3164 Edicto
3124 3110 3199 3164 De
3217 3110 3318 3179 [ide
3345 3110 3671 3164 orthodoxa:

2034 3234 2077 3292 Ο
2120 3200 2275 3253 Ἀλλά
2301 3203 2395 3254 καὶ
2423 3200 2527 3252 τῶν
2560 3200 2651 3253 δύο
2676 3201 2885 3269 φύσεων
2922 3201 3047 3270 μίαν
3087 3202 3330 3271 δύναμιν,
3370 3202 3487 3273 ἦτοι
3514 3202 3674 3256 δυνα-

2109 3294 2290 3347 στείαν
2319 3292 2509 3360 λέγων,
2531 3295 2558 3346 ὁ
2578 3292 2792 3365 γράψας
2812 3294 2909 3364 τὴν
2938 3294 3223 3365 ἐπιστολὴν
3250 3295 3478 3366 φανερός
3498 3297 3671 3358 ἐστιν,

2106 3384 2181 3446 ὡς
2217 3386 2308 3437 καὶ
2337 3386 2394 3438 ἐν
2440 3384 2610 3455 τούτῳ
2643 3384 2923 3437 ἀκολουθεῖ
2963 3388 3076 3450 τοῖς
3112 3387 3419 3457 εἰρημένοις
3461 3387 3669 3456 αἱρετιο

2108 3478 2240 3539 κοῖς,
2267 3473 2527 3546 Θεοδώρῳ
2566 3475 2665 3544 μὲν
2696 3475 2902 3543 λέγοντι
2934 3477 2991 3529 ὲν
3025 3479 3135 3539 τοῖς
3167 3477 3291 3548 περὶ
3323 3478 3677 3548 ὲνανθρωπή-

2108 3581 2244 3627 σεως
2272 3564 2434 3617 αὐτοῦ
2465 3565 2739 3634 διαφόροις
2777 3566 2953 3633 λόγοις
2996 3566 3205 3630 ἀσεϐῶς
3248 3568 3533 3632 ὲκτεθείσι,
3567 3569 3676 3621 Νε-

2109 3656 2309 3727 στορίῳ
2338 3655 2396 3709 δὲ
2442 3657 2500 3709 ὲν
2540 3655 2754 3721 πολλοῖς
2795 3658 3216 3728 συγγράμμασιν
3241 3676 3253 3689 ·
3298 3658 3435 3725 Quin
3464 3669 3512 3712 et
3551 3676 3676 3713 cum

2106 3749 2332 3802 duarum
2383 3757 2697 3802 naturarum
2732 3766 2891 3804 unam
2946 3751 3185 3803 virtutem
3232 3751 3337 3805 sive
3385 3753 3677 3818 potentiam

2108 3852 2291 3895 auctor
2325 3840 2560 3911 epistola:
2587 3841 2797 3904 asserit,
2827 3841 2981 3909 plane
3008 3857 3062 3895 se
3095 3839 3270 3909 prodit
3302 3842 3678 3895 haereticorum

2108 3933 2459 3987 assertionum
2496 3941 2823 3995 sectatorem,
2858 3932 3113 3986 Theodori
3140 3931 3368 4002 quidem,
3401 3935 3489 4002 qui
3533 3932 3679 3987 idem

2106 4025 2325 4079 diversis
2354 4024 2429 4079 De
2452 4023 2829 4079 lncarnatione
2857 4023 3009 4077 libris
3034 4025 3191 4093 impie
3214 4023 3370 4078 editis
3403 4024 3630 4094 afﬁrmat
3654 4041 3679 4079 :

2110 4118 2346 4173 Nestorii
2401 4134 2519 4172 vero
2572 4118 2629 4171 in
2680 4117 2838 4171 variis
2872 4117 3105 4185 scriptis,
3155 4125 3262 4170 etc.
3316 4116 3384 4170 Et
3430 4117 3679 4187 Cyrinus

2105 4210 2509 4267 Alexandrinus
2543 4210 2607 4279 (t.
2647 4208 2712 4276 V,
2745 4218 2885 4279 part.
2928 4225 2987 4274 ιι,
3040 4225 3093 4279 p.
3146 4209 3290 4279 198),
3343 4211 3398 4264 in
3438 4210 3677 4281 epistola

2107 4302 2171 4356 ad
2207 4302 2435 4358 clericos
2472 4311 2523 4357 et
2573 4302 2898 4373 Lamponem
2948 4303 3361 4375 presbyterum:
3416 4304 3681 4375 ᾘτιῶντο

2104 4394 2160 4447 δὲ
2189 4394 2311 4457 τοὺς
2344 4395 2672 4457 ἐπισκόπους
2697 4393 2798 4463 τῆς
2834 4394 3095 4463 ἀνατολῆς
3134 4394 3210 4456 ὡς
3257 4394 3665 4466 ἀποσιωπήσαν-

2105 4503 2201 4548 τας
2230 4484 2328 4556 μὲν
2360 4484 2519 4555 δῆθεν
2560 4485 2619 4538 τὸ
2662 4485 2953 4556 Νεστορίου
2996 4485 3184 4555 ὄνομα,
3217 4487 3312 4539 καὶ
3348 4502 3678 4556 προσποιουα

2110 4575 2299 4645 μένους
2319 4576 2481 4628 αὐτὸν
2512 4574 2961 4645 ἀποστρέφεσθαι,
2996 4576 3475 4646 μεταπηδήσαντας
3502 4576 3558 4630 δὲ
3581 4578 3684 4630 ἐπὶ

2103 4667 2171 4721 τά
2207 4666 2480 4737 θεοδώρου
2513 4665 2689 4736 βιϐλία
2713 4667 2779 4718 τὰ
2809 4668 2935 4737 περὶ
2972 4668 3069 4737 τῆς
3103 4669 3583 4741 ὲνανθρωπήσεως,
3617 4671 3683 4722 ὲν

2103 4753 2184 4820 οἷς
2231 4758 2406 4828 πολλῷ
2448 4758 2818 4828 χαλεπώτεραι
2846 4758 2952 4810 τῶν
3008 4761 3299 4832 Νεστορίου
3354 4763 3683 4833 δυσφημιῶν

2104 4850 2208 4901 εἰσι
2238 4849 2516 4917 κείμεναιο
2550 4849 2729 4918 πατὴρ
2758 4850 2865 4918 γὰρ
2898 4850 3087 4919 γέγονε
3115 4852 3213 4921 τῆς
3242 4853 3534 4922 Νεστορίου
3569 4870 3692 4905 κει,-⁴

2103 4938 2366 5005 κοδοξίας,
2401 4939 2495 4991 καὶ
2520 4939 2588 4991 τὰ
2623 4939 2785 4991 αὑτοῦ
2828 4940 3066 5010 λαλήσας
3090 4941 3118 4992 ὀ
3157 4942 3418 5012 δυσσεϐὴς
3459 4944 3514 4994 ὲν
3555 4942 3683 4995 τού-

2105 5048 2218 5092 τοις
2247 5030 2487 5098 γέγονεν,
2540 5030 2598 5082 ὲν
2635 5027 2715 5093 οἷς
2753 5030 2847 5085 νῦν
2884 5034 3029 5087 ἐστιν
3054 5049 3068 5063 ο
3112 5034 3446 5086 Accusabant
3498 5043 3687 5087 autem

2107 5120 2385 5174 orientales
2412 5120 2708 5189 episcopos,
2735 5123 2889 5189 quasi
2932 5132 3158 5176 tacentes
3187 5123 3394 5193 quidem
3434 5121 3686 5179 Nestorii

2107 5228 2313 5278 nomen,
2340 5221 2390 5264 et
2431 5212 2825 5268 dissimulantes
2857 5230 2975 5268 eum
3020 5216 3275 5277 aversari,
3316 5215 3686 5269 transilientes

2105 5314 2278 5358 autem
2312 5304 2380 5356 ad
2413 5305 2665 5359 Theodori
2687 5307 2848 5361 libros
2880 5306 2955 5360 De
2980 5305 3376 5369 Incarnatione.
3402 5310 3456 5361 in
3484 5309 3685 5377 quibus

2108 5397 2273 5449 multa
2298 5396 2497 5464 pejores
2526 5396 2761 5451 Nestorii
2794 5397 3127 5465 blasphemiis
3165 5404 3348 5464 posita:
3376 5411 3539 5463 sunt;
3576 5418 3687 5469 pa-

2110 5500 2187 5541 ter
2220 5491 2359 5541 enim
2407 5489 2511 5557 fuit
2548 5489 2783 5543 Nestorii
2828 5490 3082 5557 perﬁdiae,
3127 5501 3178 5544 et
3225 5492 3370 5546 illius
3424 5493 3691 5562 dogmata

2107 5581 2364 5645 elocutus,
2393 5582 2719 5651 irreligiosus
2738 5584 2789 5635 in
2815 5583 2892 5635 his
2915 5582 3087 5651 factus
3111 5593 3209 5645 est,
3234 5586 3287 5637 in
3308 5586 3494 5655 quibus
3517 5587 3687 5643 ntodo

2108 5684 2207 5727 est.
2250 5672 2413 5728 Multa
2445 5672 2610 5743 impia
2642 5688 2710 5728 ex
2743 5674 2838 5727 lib.
2875 5689 2914 5741 ι,
2946 5691 3006 5737 ιι,
3037 5692 3131 5741 vn,
3168 5692 3285 5743 vm,
3328 5694 3424 5742 xu,
3457 5692 3579 5741 snt,
3622 5689 3688 5735 et

513 5843 590 5927 (ει)
765 5843 1282 5927 Theodorum-libro
1316 5853 1651 5913 vulnerasse.
1689 5854 1735 5911 si
1766 5854 1877 5914 licri
1905 5854 2190 5927 potuisset,
2228 5852 2285 5909 S.
2312 5853 2698 5925 Hieronymum
2727 5852 2795 5909 ob
2820 5866 2882 5909 ea
2909 5868 3028 5924 qua:
3061 5851 3321 5911 adversus
3351 5851 3688 5925 Pelagianos

445 5914 748 5982 scribebat,
779 5914 987 5986 jamdiu
1021 5918 1275 5990 philologi
1318 5933 1669 5994 agitaverant.
