3898 6228
206 436 261 495 93
726 414 729 419 ⁴
1324 440 1655 501 mamma
1680 442 1771 499 DE
1807 440 2216 504 THEODORIS.

3309 444 3380 502 95

204 567 280 609 xiv
302 549 571 605 recitantur
598 546 653 603 in
680 548 727 603 ν
768 550 997 621 synodo.
1026 550 1162 608 Vide
1188 550 1355 609 etiam
1394 553 1708 611 Facundum
1739 565 1783 622 Α
1813 554 1986 621 posita
2015 555 2252 623 falsitate
2289 562 2700 623 corrumperent.
2731 554 2801 608 At
2828 553 2919 608 ille
2946 552 3067 609 hinc
3095 554 3172 608 vel
3198 569 3380 608 eorum

204 644 280 714 qui
307 641 575 712 sapissime
621 642 770 697 illius
818 644 998 713 operis
1037 645 1364 702 testimoniis
1410 649 1600 703 utitur.
1640 647 1717 703 Ea

206 747 354 790 tamen
390 733 579 787 inserta
625 748 747 789 esse
779 735 850 789 ab
892 735 1184 800 haereticis,
1218 744 1273 791 et
1308 738 1716 808 Apollinaristis

206 824 521 895 potissimum,
549 831 783 879 testatur
813 825 1071 881 idemmet
1102 825 1444 893 Theodorus,
1473 830 1527 883 in
1563 830 1718 899 prin-

205 915 324 984 cipio
352 914 530 984 aperis.
563 914 653 967 cui
682 914 902 968 titulum
935 914 1139 970 fecerat
1170 935 1183 969 :
1221 914 1298 970 De
1332 917 1630 985 Apollinari
1669 927 1719 972 et

203 1009 302 1076 ejus
328 1007 505 1061 hiemi.
534 1005 714 1061 Verba
749 1007 870 1075 ejus
914 1007 1232 1061 referuntur
1264 1022 1295 1061 a
1332 1005 1588 1063 Facundo
1621 1009 1717 1065 lib.

207 1116 254 1163 ι,
282 1098 430 1168 cap.i
460 1099 625 1153 :Ante
657 1100 877 1169 triginta
912 1101 1047 1153 enim
1074 1102 1185 1167 jam
1214 1098 1309 1154 hos
1340 1117 1506 1155 annos
1532 1102 1606 1157 De
1630 1101 1719 1156 ln-

206 1192 473 1246 carnatione
494 1189 707 1245 Domini
747 1191 975 1245 codicem
1015 1194 1423 1261 conscripsimus
1465 1209 1626 1264 usque
1650 1196 1718 1247 ad

206 1280 456 1350 quindecim
477 1283 647 1335 millia
682 1300 921 1337 versuum
955 1286 1346 1354 pertingentem.
1380 1285 1449 1339 In
1475 1303 1575 1355 quo
1604 1286 1722 1340 Arii

202 1384 244 1426 et
268 1372 480 1428 Eunomii
501 1375 567 1427 de
605 1375 706 1428 hac
738 1392 793 1429 re
833 1375 1043 1439 delicta,
1072 1392 1273 1430 necnon
1317 1376 1479 1430 etiam
1514 1377 1721 1444 Apolli-

204 1467 324 1519 uarii
362 1483 531 1520 ranam
566 1468 1021 1536 prwsumptionem
1069 1485 1161 1537 per
1200 1477 1366 1522 totum
1412 1468 1547 1521 illud
1592 1484 1720 1537 opus

200 1561 589 1625 mminavimus,
622 1570 681 1614 ut
710 1560 863 1623 nihil,
903 1561 1040 1615 sicut
1070 1577 1187 1615 mea
1223 1561 1325 1630 fert
1355 1561 1548 1629 opinio,
1585 1577 1723 1630 pra:-

205 1655 376 1706 terirent
399 1667 460 1706 es:
479 1652 559 1707 his
576 1669 695 1722 quia
725 1652 794 1706 ad
822 1654 1129 1721 ﬁrmitatem
1162 1653 1528 1707 ecclesiastica:
1546 1652 1718 1706 ortho-

201 1743 343 1798 ἀσιτία
363 1745 691 1813 pertinerent,
718 1754 766 1798 et
795 1745 863 1797 ad
888 1744 1297 1799 convincendum
1325 1760 1506 1798 eorum
1540 1744 1722 1812 impie-

202 1844 350 1889 tatem.
382 1834 478 1889 Sed
521 1837 580 1889 hi
630 1837 721 1907 qui
747 1839 925 1891 omnia
972 1836 1231 1907 facillime
1284 1846 1630 1904 priesumunt,
1669 1843 1720 1889 et

1818 645 2102 711 malitiam,
2152 645 2229 699 vel
2273 644 2587 714 facilitatem
2628 645 3008 700 catholicorum
3058 644 3383 715 ﬁducialiter

1817 738 2092 809 arguebat,
2123 743 2259 808 quod
2280 738 2458 807 palam
2480 736 2795 808 prwdicaret
2819 737 2873 791 in
2915 735 3154 791 Ecclesia
3182 735 3382 790 Christi

1816 846 1933 900 qua:
1955 844 2101 883 sana:
2131 827 2385 882 doctrina:
2420 834 2780 897 congruerent,
2811 835 2861 880 et
2899 842 2997 880 vox
3030 827 3145 895 ejus
3173 825 3383 895 ﬁdelior

1818 919 2031 988 scriptis
2053 928 2185 973 esset
2218 918 2287 971 ad
2310 917 2676 972 documentum
2712 933 2823 972 sua:
2854 919 3144 971 sententiis.
3180 918 3382 972 Absen-

1820 1010 1885 1063 tis
1909 1011 2047 1064 enim
2073 1010 2295 1078 scripta,
2330 1025 2446 1078 qua:
2473 1008 2739 1077 corrumpi
2773 1007 2838 1060 ab
2869 1008 3099 1061 inimicis
3134 1005 3381 1061 Ecclesia:

1818 1109 2059 1171 possunt,
2086 1103 2224 1155 vocis
2247 1101 2359 1169 ejus
2378 1100 2673 1154 testimonio
2692 1100 2931 1167 praeferri
2953 1117 3053 1153 non
3075 1098 3379 1153 debuerant.

1820 1195 1886 1249 Et
1925 1195 2023 1250 lib.
2057 1210 2134 1259 Ix,
2162 1210 2283 1265 cap.
2316 1195 2351 1249 5
2377 1211 2391 1247 :
2427 1191 2569 1246 Nam
2598 1193 2682 1245 cui
2711 1192 2834 1246 bene
2860 1194 3101 1246 sentienti
3129 1209 3231 1246 non
3269 1191 3385 1261 suf-

1822 1287 1998 1355 ficeret
2026 1283 2094 1337 ad
2139 1285 2552 1354 cognoscendam
2585 1280 2843 1336 Theodori
2889 1282 3066 1350 ﬁdem,
3101 1282 3210 1349 ipse
3240 1281 3386 1336 solus

1820 1374 2052 1439 eiusdem
2081 1375 2249 1443 operis
2275 1373 2499 1428 titulus?
2531 1371 2660 1437 Quis
2689 1375 2826 1427 enim
2862 1388 2980 1425 eum
3012 1371 3228 1425 audiens
3264 1387 3389 1425 con-

1820 1466 2019 1520 didisse
2043 1466 2203 1519 libros
2234 1464 2308 1520 De
2328 1466 2721 1528 incarnatione,
2741 1472 2914 1529 aut,ut
2932 1464 3138 1532 proprie
3167 1462 3263 1517 hoc
3285 1478 3384 1517 ea:-

1820 1559 2071 1628 primam,
2100 1558 2273 1611 minus
2299 1557 2507 1626 quidem
2533 1554 2747 1620 Latino,
2779 1555 2868 1608 sed
2892 1554 3181 1607 necessario
3212 1552 3385 1615 verbo,

1823 1651 1959 1704 sicut
1993 1667 2025 1703 a
2058 1646 2258 1704 Gracis
2296 1647 2513 1714 dicitur,
2548 1647 2611 1701 de
2649 1645 3080 1699 inhumanatioue
3117 1642 3246 1697 Filii
3269 1643 3386 1707 Dei,

1822 1743 1957 1795 duos
1982 1757 2099 1795 eum
2131 1748 2274 1809 putet
2312 1740 2454 1808 ﬁlios
2480 1736 2836 1806 pricdicasse?
2864 1734 3007 1789 Nunt
3030 1735 3257 1805 qualiter
3294 1732 3392 1787 Fi-

1825 1832 1955 1886 lium
1976 1832 2095 1894 Dei,
2130 1830 2184 1884 id
2199 1839 2276 1884 est
2307 1828 2475 1882 Deum
2513 1827 2752 1892 Verbum,
2779 1843 2881 1881 non
2904 1826 3161 1879 hominem
3190 1839 3393 1894 quoque

199 1934 415 1992 praterea
440 1942 651 1979 rursum
683 1926 752 1979 ab
794 1926 833 1979 Α
843 1926 1149 1995 pollinario,
1174 1926 1264 1997 qui
1300 1926 1537 1994 princeps
1563 1924 1719 1994 hujus
1754 1911 1796 1966 Β
1824 1924 2190 1994 diceret,quem
2204 1922 2394 1976 diceret
2410 1922 2811 1975 inhumanatum
2828 1918 3109 1974 ?Detitulo
3127 1917 3227 1971 boc
3242 1919 3394 1985 Σαρ-

200 2016 376 2070 hcresis
417 2016 607 2084 fuerat,
652 2018 907 2083 instituti,
945 2016 1184 2071 omnibus
1227 2016 1433 2088 quidem
1478 2015 1725 2070 similiter

198 2105 490 2161 sentientibus
511 2120 644 2174 opus
672 2118 911 2161 nostrum
933 2109 1268 2178 manifestum
1290 2107 1543 2175 fecerunt,
1558 2107 1724 2176 siquo

201 2195 324 2248 modo
353 2197 521 2267 aliqua
549 2199 847 2252 invenirent
880 2198 1109 2252 valentia
1133 2197 1202 2251 ad
1229 2198 1634 2252 convincendum
1662 2214 1726 2251 ea

199 2302 293 2356 quc
316 2288 364 2342 in
396 2304 451 2343 eo
477 2299 605 2343 sunt
636 2291 856 2359 scripta.
892 2289 1153 2354 Quoniam
1186 2306 1304 2344 vero
1334 2290 1509 2343 nullus
1544 2298 1727 2343 contra

201 2388 415 2433 certamus
441 2382 656 2450 scriptis
687 2383 946 2449 suscipere
978 2381 1351 2451 praesumebat,
1379 2381 1579 2435 imitati
1606 2388 1723 2434 sunt

202 2470 399 2538 inﬁrmos
421 2475 652 2527 athletas
678 2485 730 2527 et
775 2472 1020 2537 callidos,
1072 2475 1183 2544 qui,
1217 2473 1341 2527 dum
1369 2492 1472 2529 non
1508 2482 1726 2543 possunt

199 2574 351 2617 contra
374 2564 617 2633 fortiores
646 2577 870 2629 certare,
897 2565 1106 2620 insidiis
1132 2582 1219 2620 eos
1252 2574 1302 2620 et
1334 2567 1729 2620 machinamen-

200 2655 255 2710 tis
294 2656 462 2726 quibus
506 2669 736 2726 possunt
791 2668 1051 2712 conantur
1099 2667 1341 2713 evertere.
1398 2657 1730 2728 Scripserunt

196 2747 310 2799 enim
332 2750 420 2816 ipsi
452 2752 595 2805 inter
619 2768 674 2804 se
707 2751 1074 2819 proculdubio
1106 2751 1350 2821 quaedam
1381 2753 1580 2820 inepta,
1615 2767 1732 2821 qua:

194 2855 222 2889 α
246 2839 372 2893 nobis
392 2858 624 2911 unquam
653 2843 871 2897 minime
888 2843 1203 2898 dicerentur.
1228 2842 1461 2912 Denique
1490 2843 1597 2897 hazc
1619 2843 1731 2912 ipsa

194 2932 237 2986 in
260 2935 410 2987 medio
444 2944 754 2990 nostrorum
786 2935 1098 3003 scriptorum
1124 2937 1178 2989 in
1206 2937 1433 3006 quadam
1474 2944 1623 3004 parte
1650 2937 1734 2989 in-

194 3034 539 3092 tsrposuerunt,
570 3036 627 3081 et
669 3028 782 3081 suis
808 3027 1165 3095 familiaribus
1208 3028 1731 3092 demonstraverunt;

191 3117 443 3186 aliquando
471 3130 653 3173 autem
678 3129 728 3174 et
750 3121 969 3185 nostris,
1000 3122 1089 3189 qui
1122 3136 1213 3189 per
1242 3119 1557 3189 facilitatem
1581 3135 1734 3173 suam

1825 2015 2062 2081 κώσεως
2073 2014 2170 2068 καὶ
2185 2012 2709 2082 ἐνανθρωπήσεως,
2726 2020 2780 2067 et
2793 2012 2861 2067 de
2871 2025 2938 2066 eo
2962 2011 3104 2065 inter
3132 2007 3392 2064 orthodo-

1828 2124 1925 2162 xos
1954 2115 2115 2177 atque
2138 2106 2500 2161 heterodoxos
2522 2104 2857 2168 discrimine,
2880 2113 3062 2174 repete
3084 2118 3203 2173 qua
3226 2118 3393 2173 supra

1827 2200 2082 2255 diximus.
2116 2197 2521 2254 Advertendum
2568 2197 2784 2251 interim
2819 2205 2924 2261 est,
2952 2211 3077 2249 cum
3125 2193 3393 2251 Gennadii

1826 2293 1991 2345 verba
2022 2291 2087 2345 ad
2120 2288 2469 2345 Theodorum
2497 2288 2826 2344 Raitbenum
2863 2288 3241 2359 presbyterum
3268 2285 3399 2341 Pos-

1829 2382 2049 2436 sevinus
2071 2380 2354 2445 transfert,
2387 2381 2696 2450 asseritque
2729 2380 2878 2434 hunc
2909 2378 3107 2432 librum
3137 2393 3168 2432 e
3205 2377 3397 2432 Graeco

1831 2474 1888 2529 in
1929 2473 2183 2528 Latinum
2236 2471 2590 2528 Godel‘ridum
2644 2470 2993 2524 Tilmannum
3048 2471 3301 2533 vertisse,
3344 2475 3399 2523 et

1832 2566 2198 2638 Margarinum
2236 2564 2512 2635 Bignaeum
2534 2565 2588 2618 in
2620 2572 2929 2617 sanctorum
2959 2561 3184 2615 Patrum
3217 2560 3401 2615 biblio-

1833 2654 2034 2708 thecam
2070 2654 2373 2709 inseruisse
2417 2652 2601 2707 tom.l
2660 2651 2921 2707 editionis
2973 2666 3012 2705 ll
3050 2650 3397 2716 Parisiensis,

1830 2762 1955 2801 eum
1989 2761 2097 2799 non
2122 2759 2232 2799 uno
2264 2744 2426 2798 modo
2457 2742 2588 2797 labi.
2626 2740 2725 2795 llic
2757 2741 2957 2796 etenim
3004 2741 3397 2802 Antiochenus,

1828 2836 1924 2908 qui
1955 2835 2025 2890 De
2049 2834 2411 2890 incarnatione
2439 2832 2653 2886 Domini
2686 2831 2854 2888 libros
2888 2850 2957 2889 xv
2989 2833 3225 2903 scripsit,
3246 2834 3403 2904 longe

1833 2928 2082 2983 diversus
2112 2934 2196 2983 est
2229 2943 2257 2980 a
2288 2926 2577 2980 Theodoro
2611 2922 2876 2978 Raitheno
2910 2939 2925 2978 :
2956 2932 3009 2976 et
3058 2924 3195 2976 liber
3221 2922 3403 2978 Theo-

1834 3020 1954 3076 dori
1985 3018 2238 3074 Raitheni
2272 3017 2346 3072 De
2379 3017 2559 3071 divina
2596 3016 2907 3077 oeconomia,
2944 3027 2999 3067 et
3031 3015 3191 3069 modo
3222 3016 3406 3070 carnis

1837 3129 1866 3167 a
1895 3113 2004 3168 Deo
2039 3118 2352 3182 assumptus,
2383 3109 2438 3163 in
2481 3124 2592 3179 quo
2625 3116 2692 3163 de
2730 3107 2961 3170 Manete,
2994 3105 3163 3159 Paulo
3213 3106 3405 3159 Samo-

192 3212 342 3264 einnia
372 3216 553 3280 pronis
597 3214 793 3266 animis
828 3212 1130 3278 audiebant,
1162 3221 1209 3266 et
1250 3213 1344 3265 hoc
1382 3213 1536 3283 quasi
1571 3210 1735 3265 docu-
1761 3243 1804 3299 ο
1838 3213 2050 3268 sateno,
2079 3201 2403 3273 Apollinari,
2448 3197 2735 3254 Theodoro
2761 3196 3168 3299 Mopsuestenf,
3217 3194 3408 3250 Nesto-

190 3314 412 3369 ntentum,
442 3307 582 3359 sicut
605 3304 887 3374 putabant,
914 3314 1108 3359 nostra
1128 3304 1735 3372 impietatis,videnlibus

189 3396 476 3462 prcbebant.
524 3395 707 3451 Unum
755 3407 930 3450 autem
958 3412 1022 3450 ea:
1063 3397 1145 3450 his
1176 3398 1389 3465 scriptis
1432 3406 1569 3461 erat,
1605 3397 1736 3450 duos

189 3488 307 3555 filios
330 3490 517 3544 dicere.
553 3488 653 3545 Sic
690 3490 828 3543 enim
860 3506 954 3543 nos
985 3491 1216 3557 fecerunt
1245 3490 1301 3542 in
1344 3489 1440 3542 hoc
1478 3505 1628 3557 opere
1651 3488 1737 3541 di-

189 3586 356 3641 centes,
386 3578 527 3648 quod
557 3588 801 3647 oporteat
827 3588 1015 3649 putare
1046 3591 1092 3633 et
1126 3580 1299 3634 dicere
1321 3581 1454 3635 duos
1495 3580 1658 3650 ﬁlios,
1689 3589 1739 3634 et

186 3668 477 3722 vehementer
518 3686 621 3722 nos
650 3669 811 3722 istum
841 3686 1131 3723 sermonem
1159 3668 1454 3739 defendere,
1478 3672 1603 3723 dum
1644 3686 1740 3724 nos

188 3757 233 3811 in
246 3759 336 3811 illa
355 3762 632 3828 scriptura
648 3759 835 3829 ubique
854 3761 1131 3830 manifeste
1151 3760 1463 3821 diceremus.
1480 3760 1619 3831 quod
1638 3777 1741 3815 non

186 3861 394 3917 oporteat
417 3853 556 3907 duos
576 3852 721 3921 filios
737 3852 927 3907 dicere.
946 3851 1168 3907 Necesse
1181 3863 1291 3906 erat
1313 3869 1548 3922 ergonon
1572 3853 1743 3907 solum

187 3941 357 4009 inepta,
392 3944 485 3998 sed
514 3946 687 3999 etiam
716 3945 932 4014 inﬁrma
956 3945 1051 3998 illa
1075 3946 1273 4012 scripta
1297 3945 1627 3998 audientibus
1651 3960 1745 4011 ap—

185 4050 363 4103 parere,
402 4038 667 4106 quoniam
713 4053 873 4107 neque
911 4038 1068 4103 ﬁrma
1112 4037 1318 4089 ratione
1366 4052 1527 4106 neque
1561 4052 1745 4090 conve-

187 4127 328 4180 nienti
366 4128 464 4181 hoc
506 4128 765 4198 possibile
796 4137 910 4182 erat
948 4128 1148 4182 ostendi
1162 4144 1182 4189 ;
1220 4138 1269 4182 et
1312 4129 1373 4181 ab
1401 4127 1508 4181 illis
1548 4128 1744 4181 idcirco

185 4219 387 4286 inﬁrmis
421 4232 545 4275 erat
583 4221 961 4288 conscriptum.
1002 4231 1257 4291 quatenus
1295 4224 1383 4277 ille
1409 4225 1498 4294 qui
1522 4225 1745 4294 scripse-

187 4324 277 4380 rat,
307 4318 521 4383 facilius
556 4317 683 4369 inde
730 4317 967 4369 convinci
1016 4319 1285 4385 potuisset.
1329 4316 1478 4373 Unus
1531 4336 1653 4390 ergo
1682 4334 1746 4373 ex

186 4413 359 4464 nostris
405 4420 633 4479 propter
667 4410 887 4463 multum
917 4412 1231 4480 facilitatem
1259 4412 1367 4466 lucc
1402 4422 1584 4466 nostra
1636 4430 1747 4466 esse

187 4501 385 4555 credidit
415 4503 652 4571 scripta,
697 4509 748 4553 et
782 4500 936 4569 hujus
978 4502 1055 4554 rei
1096 4503 1271 4570 gratia
1319 4503 1506 4572 dignus
1550 4503 1653 4572 ﬁde
1682 4504 1745 4556 ab

1838 3298 1919 3351 rio
1970 3304 2025 3351 et
2070 3294 2370 3367 Eutychete
2414 3293 2611 3365 agitur,
2658 3300 2713 3349 et
2765 3308 2956 3348 versus
3004 3306 3033 3345 a
3097 3288 3408 3350 Tiltnanno,

1839 3390 1997 3459 longe
2024 3388 2165 3442 alius
2188 3396 2272 3443 est
2301 3387 2369 3442 ab
2396 3386 2498 3440 hoc
2520 3384 2794 3441 Theodori
2822 3382 3149 3438 Antiocheni
3177 3382 3231 3435 iu
3260 3380 3410 3449 quin.

1839 3482 2013 3536 decim
2061 3480 2231 3535 libros
2269 3479 2467 3535 diviso.
2501 3478 2567 3531 Et
2598 3476 2999 3531 Antioclienum
3049 3474 3195 3528 hunc
3229 3469 3411 3524 Theo-

1839 3574 2033 3628 dorum
2061 3573 2503 3642 Mopsuestenum
2532 3586 2673 3635 esse,
2697 3577 2753 3624 et
2784 3584 2892 3623 non
2923 3567 3270 3628 Railhenum,
3294 3564 3409 3633 plu-

1840 3666 1993 3720 ribus
2027 3664 2203 3719 modis
2235 3680 2302 3719 ex
2337 3663 2534 3717 Photio
2565 3663 2796 3731 aliisque
2841 3660 3125 3729 probatur.
3165 3654 3229 3707 Et
3258 3655 3413 3726 plane

1841 3758 2114 3812 Theodori
2157 3754 2522 3825 Mopsuesteni
2558 3753 2680 3807 libri
2724 3751 2797 3806 De
2841 3748 3224 3812 incarnatione,
3270 3744 3414 3816 quod

1843 3854 1961 3922 ipse
1996 3852 2188 3912 sciam,
2239 3863 2345 3902 non
2373 3853 2590 3901 exstant
2628 3844 2763 3914 (imo
2816 3855 3043 3913 prorsus
3091 3838 3414 3908 perierunt).

1844 3943 1979 3999 Vide
2011 3958 2132 4013 quae
2160 3939 2302 3995 inl‘ra
2335 3939 2569 3994 dicimus
2600 3937 2667 3992 de
2690 3934 2979 3990 Theodoro
3014 3931 3307 3985 Raitbeno.

1920 4037 1993 4091 De
2032 4035 2319 4089 Persarum
2350 4031 2526 4101 magia
2557 4030 2727 4083 libros
2756 4036 2890 4082 tres.
2930 4025 3080 4095 Legit
3108 4022 3335 4077 Photius
3365 4020 3418 4074 iu

1848 4128 2170 4184 Bibliotheca
2218 4124 2339 4182 cod.
2381 4124 2443 4179 8l
2480 4142 2492 4176 :
2539 4117 2877 4189 Ἀνεγνώσθη
2916 4115 3241 4187 βιϐλιδάριον
3292 4113 3421 4165 Θεο-

1844 4222 2016 4293 δώρου
2048 4218 2187 4286 Περὶ
2236 4216 2349 4285 τῆς
2378 4214 2447 4269 ἐν
2500 4210 2745 4280 Περσίδι
2784 4205 3065 4279 μαγικῆς,
3104 4203 3201 4257 καὶ
3243 4203 3335 4266 τίς
3380 4203 3419 4270 ἠ

1845 4316 1958 4385 τῆς
1977 4311 2287 4374 εὐσεϐείας
2319 4304 2591 4375 διαφορὰ,
2626 4305 2684 4355 ὲν
2727 4300 2903 4368 λόγοις
2935 4297 3112 4369 τρισί·
3164 4310 3421 4366 προσφω-

1846 4384 1927 4461 νεῖ
1956 4407 2012 4460 δὲ
2039 4405 2233 4467 αὐτοὺς
2279 4399 2415 4469 πρὸς
2454 4394 2794 4452 Μαστούόιον
2820 4391 2880 4455 ἐξ
2922 4387 3210 4461 Ἀρμενίας
3237 4384 3420 4456 ὁρμώ-

1853 4518 2030 4572 μενον,
2063 4493 2475 4569 χωρεπίσκοπον
2504 4490 2560 4543 δὲ
2598 4485 2930 4555 τυγχάνοντα
2952 4498 2964 4510 '
2995 4483 3087 4532 καὶ
3112 4480 3170 4531 ἐν
3211 4477 3307 4549 μὲν
3346 4475 3423 4548 τῷ

185 4590 278 4644 illis
314 4591 556 4646 creditus
590 4601 671 4643 est
718 4592 806 4659 qui
836 4593 937 4643 ista
983 4592 1290 4661 perlegerat,
1326 4571 1389 4645 et,
1428 4571 1735 4647 renuntiavit

1850 4571 2051 4666 ἀτρώτῳ
2076 4590 2219 4657 λόγῳ
2246 4583 2516 4639 ἐκτίθεται
2544 4580 2605 4633 τὸ
2640 4577 2831 4649 μιαρὸν
2859 4574 2966 4627 τῶν
3004 4571 3227 4644 Περσῶν
3244 4572 3426 4666 δόγρία

186 4684 313 4735 nobis
340 4701 402 4737 ea
430 4701 535 4754 que
563 4684 778 4752 fuerant
822 4684 1042 4751 scripta.
1078 4682 1210 4738 Cum
1247 4700 1370 4753 ergo
1394 4685 1747 4753 audissemus,

184 4774 493 4843 culpavimus
527 4774 738 4845 quidem
763 4775 934 4837 illum,
965 4775 1102 4845 quod
1134 4786 1320 4829 contra
1345 4793 1438 4830 nos
1465 4778 1623 4830 dictis
1647 4795 1751 4831 ser-

186 4868 408 4923 monibus
443 4868 763 4923 credidisset
791 4869 854 4923 de
894 4870 973 4923 his
1020 4870 1192 4932 rebus,
1231 4885 1363 4938 quas
1386 4871 1580 4937 swpius
1620 4881 1669 4923 et
1698 4873 1748 4925 in

189 4957 408 5017 Ecclesia
438 4972 491 5017 et
520 4964 775 5030 priuatim
804 4963 1032 5016 dicentes
1076 4978 1169 5015 nos
1208 4962 1430 5025 audivit,
1463 4979 1579 5015 cum
1623 4964 1752 5030 fide-

186 5050 351 5106 liorem
383 5057 607 5122 scriptis
647 5064 884 5108 nostram
919 5070 1091 5108 vocem
1123 5054 1374 5124 judicare
1407 5053 1643 5108 debuerit
1684 5055 1753 5107 ad

184 5140 549 5199 documentum
586 5155 783 5198 nostra:
811 5146 1104 5210 sententiae,
1134 5162 1292 5213 quam
1331 5147 1385 5199 in
1420 5145 1752 5214 dogmatibus

186 5245 409 5287 nostrum
450 5244 639 5287 votum
678 5242 754 5285 est
793 5250 1120 5288 conservare.
1153 5234 1291 5291 llinc
1333 5236 1615 5289 concludit
1654 5233 1756 5289 Fa—

184 5326 385 5380 cundus
434 5343 451 5379 :
515 5324 803 5390 Accepisti,
857 5324 1260 5379 clementissime
1306 5326 1616 5393 imperator,
1654 5343 1754 5397 quo

182 5417 335 5470 lieore
363 5432 601 5483 semper.
631 5425 679 5469 et
708 5432 813 5485 qua
846 5416 1070 5484 fallacia
1101 5418 1431 5472 institutores
1465 5418 1753 5489 Eutychid-

182 5522 359 5561 norum
406 5508 740 5577 synusiastaz
768 5507 1010 5561 insidiati
1051 5507 1249 5577 fuerint
1274 5508 1433 5563 dictis
1472 5509 1753 5575 Theodori,

181 5603 522 5672 etquomodo
579 5604 887 5657 tentaverint
942 5604 1325 5659 levissimorum
1374 5604 1756 5660 catholicorum

185 5707 365 5751 mentes
402 5715 435 5749 a
461 5695 717 5749 doctrina
743 5696 859 5766 ejus
891 5707 1143 5763 avertere,
1173 5709 1229 5750 ut
1265 5714 1367 5750 non
1402 5697 1570 5751 solum
1600 5715 1758 5767 prave

183 5789 656 5859 interpretarentur
680 5805 743 5843 ea
775 5805 891 5859 qua:
928 5790 1020 5843 ille
1050 5800 1189 5844 recto
1225 5806 1378 5844 sensu
1422 5789 1637 5843 docebat
1662 5793 1758 5844 σιμ

190 5880 288 5936 tius
310 5899 504 5938 eorum
532 5880 792 5949 stultitim,
830 5898 1004 5938 verum
1048 5884 1207 5938 etiam
1246 5882 1407 5938 libros
1441 5882 1555 5952 ejus
1591 5884 1754 5939 inter-

1849 4662 2191 4752 ὃ-Ζασράδης
2232 4676 2581 4747 εἰσηγήσατο,
2613 4672 2731 4742 ἦτοι
2760 4666 3005 4737 περὶτοῦ
3053 4663 3332 4735 Ζαρουὰμ,
3366 4662 3425 4714 ὃν

1851 4774 2090 4846 ἀρχηγὸν
2133 4771 2348 4824 πάντων
2396 4765 2627 4832 εἰσάγει,
2675 4761 2733 4814 ὃν
2771 4761 2865 4814 καὶ
2900 4758 3071 4828 τύχην
3102 4757 3286 4810 καλεῖ⁸
3334 4756 3427 4808 καὶ

1851 4870 1932 4921 ὅτι
1965 4863 2224 4925 σπένδων,
2263 4861 2352 4914 ἵνα
2380 4858 2511 4929 τέκῃ
2536 4857 2626 4909 τὸν
2660 4853 2971 4925 Ὀρμίσδαν,
3001 4850 3181 4903 ἔτεκεν
3225 4850 3430 4901 ἐκεῖνον

1854 4965 1947 5017 καὶ
1980 4963 2069 5016 τὸν
2102 4959 2379 5013 Σατανᾶνο
2412 4957 2507 5009 καὶ
2540 4952 2668 5026 περὶ
2710 4952 2810 5022 τῆς
2855 4950 3034 5003 αὐτῶν
3077 4943 3426 5016 αἱμομιξεας·

1853 5054 1949 5107 καὶ
1974 5050 2157 5113 ἅπλῶς
2185 5049 2247 5101 τὸ
2270 5045 2526 5109 δυσσεὸὲς
2564 5044 2657 5096 καὶ
2691 5040 3056 5111 ὑπέραισχρον
3083 5036 3258 5105 δόγμα.
3287 5032 3431 5086 κατὰ

1853 5146 1996 5212 λέξιν
2028 5143 2208 5206 ἐκθεὶς
2237 5137 2594 5202 ἀνασκευάζει
2627 5136 2685 5188 ἐν
2720 5134 2797 5204 τῷ
2843 5130 3045 5201 πρώτῳ
3078 5127 3252 5197 λόγῳ·
3283 5126 3340 5178 ὲν
3374 5124 3431 5177 δὲ

1852 5243 1966 5301 τοῖς
1994 5237 2200 5299 λοιποῖς
2226 5232 2346 5287 δυσὶ
2387 5230 2565 5299 λόγοις
2593 5228 2661 5282 τὰ
2695 5230 2822 5296 περὶ
2860 5223 2960 5292 τῆς
2992 5219 3247 5283 εὐσεϐοῦς
3287 5217 3430 5289 διέρ-

1854 5348 2003 5402 χεται
2040 5328 2299 5390 πίστεως,
2326 5324 2434 5379 ἀπὸ
2469 5324 2568 5393 τῆς
2591 5315 2946 5390 κοσμογονὶας
2974 5312 3297 5393 ἀρξάμενος,
3317 5309 3431 5402 οιαὶ

1855 5395 1984 5492 Ζττερ).
2028 5418 2201 5488 αὐτῆς
2240 5416 2339 5485 τῆς
2385 5413 2606 5484 χάριτος
2650 5405 2869 5479 ὁμοίως,
2924 5404 3018 5457 καὶ
3072 5395 3433 5492 ἐπιτροχέὶδην

1854 5484 2106 5565 διελθώνο
2150 5484 2306 5570 οὗτοςί
2348 5506 2392 5558 δ’
2430 5506 2459 5557 ὁ
2490 5500 2763 5570 Θεόδωρος
2799 5500 2827 5550 ὁ
2869 5493 3242 5565 Μοψουεστίας
3295 5484 3431 5541 εἶναι

1855 5604 2031 5657 δοκεῖ·
2060 5602 2156 5673 τήν
2188 5617 2248 5652 τε
2271 5597 2380 5667 γὰρ
2406 5591 2701 5663 Νεστορίου
2732 5589 2959 5662 αἵρεσιν,
2992 5586 3085 5639 καὶ
3116 5582 3346 5673 μάλιστα
3366 5580 3433 5673 ᾲὲν

1854 5695 1933 5766 τῷ
1977 5670 2143 5765 τρίτῲ
2189 5691 2332 5760 λόγῳ
2382 5682 2758 5756 ἐπικρατύνων
2809 5677 3257 5752 προσαναφωνεῖ·
3297 5670 3435 5727 ἀλλὰ

1859 5764 1953 5844 καὶ
1994 5764 2093 5857 τὴν
2134 5784 2241 5838 τῶν
2283 5777 2617 5853 ἁμαρτωλῶν
2657 5773 3099 5829 ἀποκατάστασιν
3145 5764 3434 5839 τερατεύε-

1859 5900 1966 5939 ται.
2010 5855 2152 5935 Lccli
2190 5884 2310 5933 sunt
2345 5871 2605 5930 Theodori
2637 5869 2713 5927 De
2746 5869 2957 5941 persica
2982 5862 3180 5935 magia,
3214 5867 3270 5917 et
3301 5855 3432 5931 quid
