3906 6208
498 417 572 478 κ
1769 415 1858 471 EX
1897 414 2073 471 LEON

2195 390 2463 473 ALLATll
3658 420 3724 475 ac

500 552 531 589 a
562 535 652 604 pio
680 534 831 589 cultu
863 533 1098 598 diﬂ‘erat,
1129 533 1294 588 libelli
1335 543 1460 599 tres,
1495 551 1623 605 quos
1655 534 1919 589 Μαδιαὸίο
1955 532 2063 585 Ar-
2096 537 2140 592 Α
2170 532 2425 589 Nieolaus
2464 534 2817 600 Alemannus,
2846 534 2939 604 qui
2969 533 3140 589 risum
3171 534 3365 603 quaarit
3394 532 3446 587 in
3472 533 3724 605 lacrymis

500 643 685 692 meno,
732 628 1155 696 chorepiscopum
1206 628 1401 697 agenti,
1452 626 1712 681 inscribit.
1765 627 1841 681 Ac
1888 627 2062 696 primo

498 718 709 787 quidem
765 717 899 771 libro
929 719 1143 787 exponit
1188 717 1475 786 nefandum
1528 717 1811 771 Persarum
1846 718 2061 787 dogma,

501 807 641 877 quod
671 807 935 862 Zasrades
970 808 1179 862 induxit
1202 826 1220 873 ;
1248 810 1354 864 sive
1379 808 1443 863 de
1465 807 1725 871 laruam,
1752 825 1903 877 quem
1925 810 2064 877 prin-

499 901 667 967 cipem
708 902 938 953 omnium
982 900 1133 968 facit,
1172 910 1222 954 et
1264 901 1532 969 fortunam
1577 902 1739 954 etiam
1795 901 2063 967 appellat;

502 992 623 1044 hinc
654 991 905 1046 libatione
931 992 1130 1054 oblata.
1157 1004 1215 1045 ut
1256 991 1602 1046 Hormisdam
1637 994 1886 1062 gigneret,
1918 1002 1969 1045 et
1996 992 2064 1044 il-

502 1080 613 1133 lum
637 1090 686 1135 et
715 1080 972 1136 Satanam
1017 1092 1270 1150 prwterea
1299 1082 1571 1151 genuisse;
1599 1081 1662 1134 de
1705 1097 1882 1134 eorum
1919 1081 2065 1133 insu-

500 1190 594 1242 per
641 1175 916 1243 sanguinis
961 1175 1202 1228 mistione
1248 1174 1481 1235 (incestis
1519 1164 1787 1241 'nuptiis);
1847 1172 2066 1235 denique

501 1264 591 1317 ubi
613 1264 922 1333 simpliciter
946 1264 1162 1332 impium
1184 1274 1231 1317 et
1256 1265 1621 1332 perobscenum
1643 1263 1833 1332 dogma
1857 1261 1930 1315 ad
1959 1279 2067 1316 ver-

503 1357 627 1409 bunt
658 1358 950 1424 proposuit,
994 1357 1168 1424 priore
1215 1356 1352 1410 illud
1394 1357 1529 1410 libro
1574 1356 1789 1424 refellit.
1824 1342 2064 1419 Reliquis

499 1447 704 1502 duobus
752 1447 815 1501 de
860 1447 982 1516 ﬁdei
1028 1450 1118 1515 pia
1172 1448 1416 1503 doctrina
1461 1459 1679 1513 tractat,
1735 1449 1992 1518 ductoque
2032 1465 2066 1501 α

502 1540 683 1592 mundi
737 1541 998 1593 creatione
1045 1539 1281 1601 exordio,
1334 1541 1405 1593 ad
1457 1542 1623 1608 ipsam
1672 1540 1832 1610 legem
1879 1542 2070 1610 gratia:

499 1631 619 1698 pari
676 1631 829 1684 modo
880 1634 1076 1685 cursim
1138 1632 1413 1686 dilabitur.
1472 1634 1569 1686 llic
1619 1633 1919 1687 Theodorus
1978 1633 2066 1685 ille

502 1718 900 1788 Mopsuestenus
924 1738 1034 1779 esse
1078 1723 1344 1787 creditur;
1384 1721 1621 1776 Nestorti
1653 1725 1790 1777 enim
1822 1723 2065 1777 ltwresim

502 1813 731 1865 niaxime
764 1812 898 1865 libro
940 1814 1090 1866 tertio
1120 1815 1442 1882 conﬁrmans
1490 1815 1803 1883 proclamat.
1832 1814 1971 1878 Quin
2014 1822 2064 1868 et

502 1903 783 1971 impiorum
831 1904 885 1956 in
940 1904 1220 1973 pristinum
1265 1916 1464 1959 statum
1516 1907 1900 1961 restitutionem
1947 1923 2066 1961 con-

500 1996 674 2065 ﬁngit.

572 2086 836 2142 Adversus
868 2086 1075 2142 Jut'iani
1101 2088 1371 2157 Apostatae
1398 2090 1690 2146 calumnias
1718 2093 1770 2145 in
1801 2090 2065 2147 Christia—

503 2193 620 2242 nos,
656 2179 910 2233 laudatur
936 2180 988 2233 in
1016 2190 1211 2236 catena
1242 2180 1428 2237 Graeca
1457 2184 1525 2236 ad
1553 2182 1753 2238 Lucam
1784 2186 1858 2255 (a)
1891 2204 1904 2239 :
1935 2186 2067 2238 an~

500 2268 672 2340 δώρου
699 2270 1069 2341 Μοψουεστίας
1098 2275 1162 2326 ὲκ
1192 2274 1298 2326 τῶν
1313 2275 1476 2344 Πρὸς
1498 2276 1606 2343 τὰς
1633 2278 1781 2332 κατὰ
1806 2293 2068 2347 χριστιαο

501 2358 625 2413 νῶν
649 2363 1004 2431 κατηγορίας
1043 2364 1366 2419 Ἰουλιανοῦ
1409 2366 1515 2420 τοῦ
1562 2367 1903 2435 παραόἁτου
1928 2386 1941 2397 α
1986 2370 2069 2422 Ea:

502 2455 892 2507 commentariis
918 2453 1175 2508 Theodori
1200 2453 1554 2524 lopsuesteni
1582 2461 1845 2515 adversus
1864 2459 2066 2515 Juliani

503 2544 801 2599 desertoris
827 2545 1242 2600 criminatiOnes
1270 2548 1324 2601 in
1362 2547 1723 2603 Christianos.

577 2633 877 2703 Epistolam
944 2637 1013 2690 ad
1070 2637 1334 2691 Domuum
1399 2639 1583 2693 laudat
1633 2642 1955 2697 Anastasius
2014 2644 2068 2696 in

503 2728 691 2798 ecloge
718 2728 1000 2796 Χρήσεων
1025 2729 1395 2799 δογματικῶν
1424 2732 1508 2786 his
1536 2733 1714 2788 verbis
1746 2752 1758 2786 :
1794 2734 2069 2806 Θεοδώρου

503 2819 879 2888 Μοψουεστίας
927 2822 993 2873 ὲκ
1021 2821 1119 2890 τῆς
1154 2821 1289 2892 πρὸς
1317 2822 1519 2891 Δόμνον
1566 2824 1881 2895 ἐπιστολῆςο
1914 2826 2072 2882 Theo-

502 2914 624 2965 dori
661 2911 1018 2980 Mopsuesteni
1043 2928 1109 2967 ex
1135 2914 1357 2979 epistola
1382 2914 1449 2967 ad
1474 2913 1737 2968 Damnum
1770 2916 1864 2987 (b).

578 3003 873 3073 Epistolam
905 3006 974 3058 ad
1022 3005 1316 3058 Artemium
1356 3007 1771 3062 Alexandrinum
1809 3010 2071 3081 presbyte-

505 3111 645 3147 rum.
673 3095 744 3149 Ex
785 3112 848 3149 ea
874 3098 1065 3150 recitat
1097 3097 1275 3166 aliqua
1314 3096 1602 3154 Facundus
1630 3101 1721 3154 lib.
1756 3118 1838 3165 ιιι,
1870 3118 1990 3171 cap.
2016 3105 2067 3157 5.

2164 623 2437 680 Theodori
2475 626 2812 695 paenitentis,
2857 625 3073 695 sibique
3111 625 3346 681 fortasse
3387 628 3636 696 permisit
3668 629 3721 683 in

2161 717 2265 771 viri
2297 716 2442 772 docti
2484 717 2698 787 lugubri
2734 718 3119 773 lamentatione
3157 717 3423 772 facundia:
3455 718 3723 789 l'rigiditas

2162 816 2244 865 tes
2271 818 2327 865 et
2374 810 2616 880 leporum
2672 811 2925 880 ineptias.
2955 808 3156 865 Verum
3209 811 3367 866 sicuti
3407 810 3724 868 Theodorus

2162 903 2470 973 lacrymans
2500 902 2604 963 hoc
2635 915 2773 972 Opus
2812 899 3072 971 proludit,
3102 916 3278 972 neque
3324 903 3577 973 frigidum
3619 913 3720 967 est,

2163 1009 2338 1064 neque
2367 994 2630 1063 ineptum,
2663 993 2757 1048 sed
2786 1001 2844 1046 ut
2875 993 3006 1047 illud
3039 991 3275 1049 Savilius
3305 995 3591 1063 politulum
3623 997 3724 1051 vei-

2164 1086 2236 1141 let
2265 1093 2428 1155 atque
2466 1085 2792 1150 limatulum,
2823 1086 2902 1140 sic
2935 1094 3079 1140 esset
3117 1086 3277 1155 plane
3314 1086 3628 1141 ridiculum.

2231 1176 2538 1247 At,inquit,
2599 1177 2935 1231 Sozomenus
2993 1177 3340 1231 Theodorum
3399 1178 3724 1249 πολυΐστορα

2165 1266 2334 1323 fuisse
2364 1269 2574 1332 scribit,
2613 1267 2750 1347 adde
2786 1271 2948 1323 etiam
2987 1269 3228 1340 ρητόρων
3264 1269 3462 1333 ἱκανῶς
3506 1272 3725 1341 ἐπιστή-

2168 1378 2322 1431 μονα.
2376 1360 2688 1429 Respondet
2738 1361 3072 1416 Alemannus
3118 1360 3478 1416 doctissime:
3528 1360 3723 1416 Verum

2165 1452 2467 1524 πολυῖστωρ
2524 1454 2847 1523 appellatur,
2880 1470 2987 1509 non
3024 1454 3294 1509 facundus
3343 1460 3397 1507 et
3440 1454 3722 1523 eloquens,

2167 1542 2259 1597 sed
2294 1544 2340 1597 is
2367 1542 2460 1612 qui
2515 1544 2709 1598 litteris
2737 1545 2923 1600 multis
2952 1544 3232 1613 pneditus.
3281 1559 3571 1613 rerumque
3608 1545 3729 1613 pln-

2166 1635 2306 1687 rium
2338 1649 2402 1688 ac
2433 1635 2583 1688 varia
2621 1635 2847 1690 scientia
2880 1635 2971 1699 sit,
3015 1643 3071 1688 ut
3101 1636 3167 1690 Α.
3198 1635 3407 1690 Gellius
3430 1636 3507 1689 ait
3533 1634 3601 1689 de
3618 1636 3728 1706 Ap-

2166 1728 2326 1797 pione
2362 1736 2554 1782 vocato
2586 1727 2889 1799 πολυῖστωρ
2922 1727 3269 1799 (c).Cyrillus
3308 1738 3485 1783 autem
3520 1731 3729 1798 (contra

2163 1820 2279 1874 Jul.
2304 1821 2395 1875 lib.
2430 1836 2487 1884 χ,
2505 1836 2556 1890 p.
2576 1821 2724 1890 542),
2742 1829 2801 1873 ιιι
2817 1822 3108 1876 Clementis
3130 1821 3482 1875 Alexandrini
3502 1821 3725 1876 laculla-

2167 1904 2275 1965 tem
2304 1909 2543 1971 dicendi.
2583 1920 2638 1964 et
2664 1910 3025 1965 eruditionem
3064 1912 3179 1965 suis
3211 1911 3524 1967 nominibus
3549 1912 3719 1980 expri-

2168 2011 2361 2067 meret,
2388 2002 2670 2072 ἐλλόγιμον
2699 2002 2848 2056 illum
2880 2003 3112 2065 vocavit,
3144 2011 3195 2056 et
3222 2001 3570 2072 πολυῖστορα,
3592 2018 3733 2071 quas

2167 2110 2329 2151 voces
2366 2094 2484 2164 ipse
2512 2095 2747 2163 explicat
2789 2095 2916 2148 alibi
2946 2095 3066 2164 (lib.
3098 2110 3194 2160 vn,
3225 2110 3280 2163 p.
3313 2094 3463 2164 251).
3500 2095 3733 2165 Κλήμης

2167 2186 2306 2259 ἀνὴρ
2342 2187 2622 2257 ἐλλόγιμος
2664 2187 2757 2240 καὶ
2800 2186 3134 2257 πολυμαθὴς,
3166 2188 3259 2240 καὶ
3295 2187 3736 2257 ἀναγνωσμάτων

2168 2277 2462 2348 summa»;
2523 2276 3055 2347 πολυπραγμονήσας
3120 2276 3300 2345 βάθος.
3361 2274 3546 2345 Neque
3604 2291 3738 2331 vero

2167 2370 2331 2425 etiam
2360 2369 2453 2438 qui
2494 2369 2549 2422 in
2599 2368 2911 2422 oratoribus
2959 2378 3210 2423 versatus
3235 2376 3339 2433 est,
3383 2375 3439 2422 et
3490 2383 3737 2422 summos

2168 2464 2415 2517 rhetores
2460 2461 2688 2527 audivit,
2726 2462 2800 2514 uti
2852 2459 3173 2515 Theodorus
3212 2460 3518 2524 Libanium,
3554 2460 3736 2515 statim

2064 2566 2070 2571 '
2167 2554 2428 2622 eloquens
2455 2551 2801 2622 disertusque
2831 2551 3019 2606 evasit.
3050 2549 3162 2606 Nec
3183 2552 3326 2606 enim
3355 2552 3445 2606 ille
3482 2560 3736 2605 naturam

2170 2646 2235 2699 ad
2259 2646 2311 2699 id
2343 2644 2804 2699 accommodatam
2834 2644 3045 2706 habuit,
3082 2658 3258 2713 neque
3293 2659 3470 2713 Opera:
3503 2644 3737 2712 pretium

2169 2739 2326 2792 duxit
2353 2753 2472 2793 eam
2506 2747 2623 2791 arte
2654 2738 2865 2800 limare,
2893 2745 2952 2789 ut
2982 2736 3177 2801 insuis
3205 2736 3312 2790 illis
3346 2736 3739 2791 monumentis.

2169 2845 2290 2900 qua:
2329 2829 2587 2893 vidimus,
2633 2828 2793 2897 plane
2843 2826 3106 2881 declarat.
3144 2825 3399 2895 Legimus
3437 2841 3566 2878 vero
3590 2841 3745 2893 quae-

2169 2920 2293 2973 dam
2312 2919 2651 2975 diversorum
2681 2917 2800 2985 ejus
2827 2931 3051 2985 operum
3072 2915 3518 2986 ἀποσπασμόπια,
3538 2916 3748 2984 aliquot

2170 3008 2944 3079 psalmorumcnarratioues,
2985 3016 3038 3062 et
3088 3008 3327 3077 integros
3377 3010 3431 3060 in
3463 3008 3747 3075 prophetas

2172 3103 2397 3161 minores
2420 3100 3012 3170 commentarios,quos
3033 3100 3135 3154 nisi
3161 3099 3397 3154 Savilius
3416 3099 3468 3152 in
3490 3108 3747 3170 promptu

578 3185 875 3255 Epistolarn
900 3188 968 3240 ad
989 3186 1251 3242 Joannem
1274 3190 1729 3261 Clirysostomum,
1761 3211 1867 3263 qua
1891 3195 2064 3267 Chry;
2093 3205 2137 3264 α
2171 3196 2386 3260 habeat,
2415 3195 2666 3248 consulat
2701 3194 2752 3246 in
2784 3194 2966 3247 citatis
3001 3193 3134 3246 locis
3160 3191 3436 3256 Photium,
3469 3193 3561 3262 qui
3595 3193 3749 3260 ejus—

507 3280 854 3335 sostomiana:
890 3281 1181 3351 respondet
1218 3291 1337 3352 post
1365 3285 1594 3353 lapsum.
1621 3284 1775 3351 Quod
1807 3302 1929 3341 cum
1962 3305 2071 3343 non

510 3371 907 3428 intellexissent
958 3375 1342 3443 epitomatorcs
1379 3380 1695 3433 Gesneriaui
1755 3392 2067 3437 verterunt:

508 3463 874 3531 Antigramma
908 3476 1093 3519 contra
1126 3464 1384 3519 Joannem
1435 3467 1882 3538 Clirgsostomnm.
1917 3475 2068 3526 lurco

508 3558 767 3626 nittquue
805 3574 908 3611 lllS.
946 3560 1145 3627 passim
1187 3561 1239 3614 in
1274 3560 1621 3615 bibliothecis
1656 3562 1819 3618 Itali-.e
1847 3567 1946 3618 sub
1970 3565 2073 3618 hoc

508 3650 667 3701 titulo
697 3668 711 3703 :
747 3649 1019 3720 Θεοδώρου
1067 3651 1158 3705 τοῦ
1198 3654 1517 3715 ἐκπεσόντος
1556 3655 1906 3725 ἀντίγραμμα
1940 3654 2076 3726 πρὸς

508 3740 599 3792 τὸν
627 3742 685 3791 ὲν
710 3741 884 3808 ἁγίοις
914 3743 1123 3813 πατέρα
1156 3744 1311 3814 ἡμῶν
1357 3744 1609 3815 Ἰωάννην
1646 3746 1735 3797 τὸν
1770 3743 2074 3815 Χρυσὸστο-

513 3848 641 3901 μον·
675 3835 924 3887 Theodori
965 3838 1102 3902 lapsi
1145 3838 1409 3903 responsio
1442 3839 1509 3889 ad
1552 3838 1756 3890 litteras
1790 3839 1849 3892 S.
1886 3838 1950 3891 P.
1999 3839 2049 3891 Ν
2060 3882 2073 3894 .

509 3922 737 3975 Joannis
771 3924 1151 3992 Chrysostomi.
1193 3925 1273 3987 P.,
1300 3928 1535 3980 Πάντοτε
1564 3930 1611 3980 oi
1648 3931 1703 3981 ἐν
1755 3931 1947 3993 εὐδίοις
1995 3933 2075 3984 λι-

515 4015 638 4082 μέσι
665 4014 1030 4084 κομιζόμενοι.
1070 4016 1135 4068 Et
1167 4032 1300 4071 sane
1340 4019 1739 4075 inconsiderate
1782 4024 2078 4093 loquuntur

512 4106 604 4175 qui
640 4107 845 4175 lapsum
883 4107 1025 4160 hunc
1060 4124 1087 4161 a
1141 4107 1425 4161 Theodoro
1459 4110 1838 4177 Mopsucstcno
1890 4117 2079 4169 distin-

512 4208 703 4268 guunt.
740 4215 862 4251 cum
899 4214 1042 4253 unus
1095 4200 1345 4270 idemque
1396 4202 1488 4264 sit,
1530 4213 1583 4256 et
1632 4205 1815 4274 lapsus
1865 4209 1985 4273 iste,
2026 4219 2076 4263 et

514 4292 836 4347 Theodorus
886 4291 1322 4361 Mopsuestenus,
1363 4311 1573 4349 necnon
1623 4295 1937 4353 Theodorus
1972 4303 2081 4355 An-

515 4384 822 4449 tiochenus,
857 4387 999 4455 quod
1034 4386 1277 4456 plerique
1326 4404 1447 4440 cum
1480 4404 1586 4442 non
1622 4401 1806 4445 essent
1840 4395 2079 4449 subodo-

513 4478 641 4539 rati,
691 4478 969 4533 diversum
1022 4479 1219 4535 fecere.
1279 4480 1436 4535 Etde
1492 4482 1576 4537 his
1627 4486 1915 4552 postremis
1947 4488 2081 4542 satis

2173 3290 2294 3344 dem
2327 3288 2527 3357 aliquot
2569 3302 2733 3357 opera
2765 3284 2912 3355 legit,
2947 3294 3109 3354 atque
3138 3285 3211 3338 ita
3261 3286 3471 3339 censuit
3503 3302 3516 3337 :
3548 3285 3661 3354 Τὴν
3687 3285 3752 3338 δὲ

2174 3381 2372 3451 φράσιν
2415 3378 2535 3431 οὐδὲ
2566 3376 2838 3447 λαμπρὸς,
2870 3376 2990 3429 οὐδὲ
3040 3376 3159 3428 λίαν
3199 3376 3405 3446 σαφήςο
3435 3376 3754 3444 ταὺτολογεί

2172 3472 2229 3523 δὲ
2269 3470 2348 3545 ’τὰ
2390 3469 2637 3527 πλεῖστα,
2674 3469 2767 3520 καὶ
2812 3467 3004 3536 ἄχαρίς
3059 3484 3195 3529 πως,
3246 3467 3339 3519 καὶ
3391 3467 3561 3537 ἀηδὴς
3606 3462 3751 3520 εἶναι

2173 3563 2352 3615 δοκεῖέ
2386 3562 2569 3628 Stylus
2596 3560 2676 3612 illi
2708 3575 2867 3627 neque
2895 3557 3107 3619 nobilis,
3137 3574 3298 3626 neque
3319 3558 3603 3611 admodum
3630 3573 3755 3624 per-

2175 3657 2385 3722 spicuus
2439 3662 2538 3707 est.
2591 3652 2793 3705 Eadem
2838 3650 3120 3705 identidem
3173 3652 3377 3719 repetit,
3412 3660 3462 3703 et
3506 3652 3755 3720 ingratus

2177 3758 2331 3819 atque
2354 3738 2601 3800 moleitus
2629 3744 2914 3815 legentibus
2937 3743 3150 3796 accidit.
3178 3742 3242 3795 Et
3267 3744 3393 3796 alibi
3418 3742 3560 3809 (cod.
3584 3742 3713 3811 177)
3740 3763 3756 3796 ;

2190 3840 2428 3910 ’Λσαφὴς
2460 3838 2517 3890 δέ
2551 3839 2687 3901 ἐστι,
2716 3836 2807 3888 καί
2836 3852 2916 3887 τοι
2950 3835 3092 3899 λέξει
3133 3836 3194 3887 οὐ
3226 3834 3503 3904 ξενιζοὺσῃ
3534 3835 3761 3904 χρώμε-

2177 3946 2284 3991 νος,
2323 3928 2458 3981 ἀλλὰ
2488 3927 2564 3996 τῷ
2599 3924 2953 3995 σχοινοτενέσι
2987 3924 3221 3993 χρῆσθαι
3248 3925 3311 3975 ἐκ
3356 3922 3449 3975 τοῦ
3476 3924 3568 3976 ἐπὶ
3598 3924 3761 3976 πλεῖ-

2179 4037 2302 4072 στον
2335 4017 2601 4087 περιόδοις
2646 4016 2737 4069 καὶ
2786 4015 3157 4085 παρεμϐολαῖς
3204 4014 3651 4085 ἁλλεπαλλήλοις,
3686 4014 3763 4067 δι’

2178 4106 2251 4164 ὧν
2279 4113 2373 4163 καὶ
2403 4106 2480 4171 εἰς
2511 4111 2767 4179 μήκιστον
2796 4109 2824 4159 ὁ
2852 4108 2975 4171 νοῦς
3013 4108 3353 4160 ἀποτείνεται
3387 4108 3492 4160 τῶν
3525 4124 3767 4178 προκει-

2184 4204 2382 4274 μένων,
2411 4200 2487 4269 τῷ
2510 4218 2567 4253 τε
2596 4200 2700 4252 τῶν
2742 4201 3019 4269 ὀνομάτων
3052 4203 3170 4261 ταῖς
3211 4200 3462 4266 πλαγίαις
3496 4199 3590 4251 καὶ
3637 4203 3768 4262 ταῖς

2185 4295 2495 4365 μετοχικαῖς
2524 4293 2699 4357 λέξεσι
2743 4292 3076 4353 πλεονάζειν,
3109 4291 3173 4343 τὰ
3214 4291 3352 4344 αὑτά
3383 4308 3442 4342 τε
3474 4290 3767 4353 πολλάκις,

2183 4388 2276 4440 καὶ
2304 4384 2435 4455 μηδὲ
2476 4387 2571 4437 σὺν
2603 4385 2790 4453 κόσμῳ
2824 4382 3239 4443 ὲπανακυκλεῖν,
3284 4383 3376 4433 καὶ
3415 4380 3513 4441 τὰς
3554 4382 3770 4434 ἐπανα-

2183 4480 2371 4549 λήψεις
2401 4477 2559 4530 πλέον
2598 4476 2704 4528 τῶν
2734 4475 3055 4545 διηγήσεων,
3088 4476 3220 4543 ὅπερ
3267 4472 3526 4543 ἁμέθοὸον
3553 4488 3730 4525 παντε
3751 4502 3769 4513 ~

514 4571 836 4640 abundeque
866 4588 988 4627 esse
1032 4573 1249 4626 videtur
1284 4574 1597 4642 conjectura
1637 4587 1690 4631 et
1733 4580 1973 4648 SUS[)lCl0
2001 4582 2073 4633 in-

2186 4570 2290 4632 λώς
2315 4572 2429 4632 ταῖς
2478 4567 2827 4637 περιστάσεσι
2869 4564 3269 4635 μεμεστώσοαι,
3304 4565 3398 4617 καὶ
3437 4568 3548 4627 τοῖς
3596 4564 3769 4617 τοιούο

516 4670 600 4715 tcr
628 4663 764 4717 alios
798 4662 997 4716 Photii.
1032 4657 1332 4733 leismlam
1366 4666 1603 4724 Savilius
1641 4670 1691 4723 in
1727 4672 2078 4739 appendicem

517 4752 583 4806 ad
627 4769 791 4822 opera
846 4754 1218 4825 Chrysostomi
1273 4758 1473 4821 retulit,
1535 4774 1767 4828 namque
1819 4765 1884 4813 ad
1940 4764 2083 4815 illum

517 4846 789 4914 pertinent
814 4846 923 4897 duo
955 4845 1118 4899 libelli
1150 4845 1613 4916 Cbrysostmniani
1666 4848 1821 4913 Πρὸς
1849 4849 1955 4901 τὸν
1987 4850 2085 4902 ἐκ·

515 4937 786 4991 πεσόντα
842 4937 947 4990 τοῦ
991 4937 1277 5004 ἐναρέτου
1321 4939 1484 5001 βίου.
1539 4938 1655 4993 Non
1718 4949 1894 5010 potest
1946 4958 2084 5004 esse,

517 5030 694 5099 inquit
745 5031 950 5098 rigidus
985 5046 1048 5083 ac
1092 5032 1320 5084 tetricus
1370 5047 1587 5095 censor,
1621 5031 1888 5087 Theodori
1936 5033 2088 5104 frigi-

518 5123 646 5174 dum
671 5124 773 5176 hoc
794 5126 1033 5193 ineptum
1056 5132 1108 5178 et
1126 5139 1262 5193 pene
1287 5123 1575 5177 ridiculum
1602 5125 1901 5196 σύνταγμα,
1927 5144 2085 5195 quem

520 5212 858 5269 Sozomenus
894 5217 1220 5287 πολυῖστορα
1265 5214 1453 5279 luisse,
1486 5225 1540 5271 et
1580 5217 1894 5273 liberalibus
1920 5219 2087 5275 disci-

520 5306 684 5375 plinis
712 5310 984 5361 excultum
1017 5309 1287 5364 tradit.At
1319 5310 1477 5378 plane
1500 5309 1786 5364 ridiculum
1807 5325 1913 5365 non
1943 5327 2087 5377 esse,

521 5400 679 5455 ﬂetus
719 5400 836 5468 ipse
874 5408 929 5453 et
981 5403 1233 5474 lacrymre
1281 5404 1481 5471 quibus
1533 5404 1736 5474 ubique
1771 5406 2087 5470 inundatur,

522 5509 632 5548 non
666 5495 890 5564 patitur.
920 5493 1109 5549 Potius
1137 5497 1401 5552 ridiculus
1427 5507 1509 5552 est
1540 5497 1799 5563 Savilius,
1832 5510 1889 5553 ut
1916 5500 2094 5555 aiebat

593 5652 671 5724 (a)
707 5651 916 5723 Reapse
939 5670 1004 5708 ex
1034 5662 1225 5709 catena
1260 5658 1310 5709 in
1340 5655 1543 5711 Lucam.
1566 5654 1771 5709 codicis
1803 5653 1920 5710 Pal.
1963 5655 2081 5711 Vat.

523 5720 845 5781 XX.'cdidi't
892 5732 1049 5779 mtate
1089 5733 1274 5779 nostra
1320 5742 1412 5779 sex
1455 5742 1575 5783 qua
1610 5726 1680 5779 ibi
1718 5735 1875 5779 erant
1925 5726 2087 5793 hujus

524 5797 704 5917 oppqi's
727 5793 1036 5916 {ragmenta
1055 5796 1137 5850 vir
1156 5797 1445 5865 perdoctus
1470 5796 1596 5852 Fed.
1622 5795 1928 5851 Muenterus
1955 5812 2089 5864 prac-

526 5879 590 5917 su
694 5882 720 5916 a
751 5881 974 5917 inclusus.

526 5879 609 5919 Slll
646 5879 974 5921 IlullllelISIS.

514 5944 515 5949 ‘
600 5935 673 6006 (h)
718 5933 833 5990 Duo
864 5951 962 5992 nos
992 5935 1291 6007 fragmenta
1326 5938 1649 6005 protulimus
1683 5937 1735 5992 in
1765 5936 1959 6006 Script.
1996 5949 2093 5993 ret.

2180 4682 2289 4727 τοις
2332 4665 2430 4715 οὐκ
2461 4662 2630 4729 ὀλίγοι
2669 4660 2828 4727 ζόφον
2857 4658 2965 4711 τῶν
2992 4659 3152 4712 αὐτοῦ
3186 4659 3634 4730 συγγραμμάτων
3671 4676 3744 4710 κα
3764 4689 3779 4698 -

2181 4755 2526 4819 τασκεδὰζει·
2565 4754 2679 4807 Etsi
2712 4762 2881 4805 autem
2923 4752 3240 4805 dictionibus
3281 4763 3463 4804 utatur
3496 4769 3596 4804 non
3645 4753 3743 4804 ints
3776 4784 3783 4791 -

2184 4852 2382 4913 sitatis,
2419 4850 2672 4903 obscurus
2710 4858 2883 4899 tamen
2919 4854 3041 4898 est:
3075 4855 3185 4897 tum
3223 4844 3347 4914 quia
3377 4854 3432 4897 ut
3471 4844 3777 4912 plurimum

2188 4943 2463 4998 immodice
2494 4942 2732 5009 prolixus
2767 4938 2917 4991 habet
2954 4939 3214 5005 periodos,
3251 4948 3300 4990 et
3335 4938 3779 5004 interpositiones

2194 5037 2426 5098 crebras,
2456 5051 2545 5103 per
2590 5049 2722 5103 quas
2775 5036 2935 5085 etiam
2967 5048 3149 5084 sensus
3184 5047 3341 5101 quam
3391 5029 3703 5099 longissime
3742 5049 3781 5084 ts

2195 5147 2250 5183 re
2281 5129 2549 5198 proposita
2577 5124 2798 5186 recedit;
2831 5136 2941 5176 tum
2976 5124 3137 5176 etiam
3168 5123 3292 5191 quia
3326 5123 3597 5175 nominum
3627 5121 3787 5175 obli-

2194 5221 2310 5291 quis
2334 5235 2395 5271 ac
2420 5216 2709 5285 participiis
2734 5213 3013 5274 redundat,
3037 5210 3192 5265 et'res
3208 5211 3418 5265 easdem
3444 5211 3783 5281 frequenter,

2195 5328 2354 5381 neque
2386 5311 2440 5363 id
2473 5310 2605 5362 satis
2633 5317 2836 5369 ornate,
2869 5304 3024 5359 volvit
3048 5321 3109 5356 ac
3133 5304 3367 5367 revolvit,
3401 5314 3510 5355 tum
3542 5302 3788 5369 denique

2196 5410 2319 5479 quia
2331 5405 2659 5474 repetitiones
2672 5404 2815 5457 illius
2830 5402 2884 5470 pl
2890 5420 2917 5453 ιι
2927 5406 2968 5453 ri
2978 5400 3253 5468 lms,quam
3266 5400 3599 5452 narrationes
3612 5398 3787 5464 ipset,

2198 5498 2335 5570 quod
2355 5498 2566 5551 omnino
2581 5497 2693 5549 sine
2706 5493 2942 5547 methodo
2963 5493 3045 5559 ﬁt,
3066 5508 3240 5544 rerum
3260 5490 3529 5560 adjunctis
3555 5488 3793 5556 πνείει-ιω

2193 5670 2341 5715 ῑοῐηθ
2366 5653 2479 5715 νην
2505 5649 2675 5723 91.69:
2695 5720 2709 5723 _
2775 5715 2805 5723 -
2922 5715 2933 5723 .
3148 5722 3151 5723 ,
3350 5714 3361 5723 .
3582 5711 3597 5723 .
3681 5712 3717 5723 _.

2266 5711 2335 5797 (ξ)
2374 5711 2520 5797 ϐοῆς
2549 5719 2610 5783 ν,
2648 5720 2734 5772 Η.
2772 5715 3030 5797 sequitur
3064 5722 3242 5797 autem
3274 5711 3801 5797 vulgarem__lectip-

2196 5784 2604 5853 nein’AllaIius.
2665 5803 2763 5858 pro
2796 5784 3131 5853 Plistonices,
3184 5794 3243 5841 ut
3278 5784 3424 5842 nunc
3467 5784 3675 5855 legitur
3722 5785 3797 5840 in

2197 5867 2353 5926 Gellii
2390 5871 2666 5922 contextu.
3008 5894 3009 5897 η
