3906 6208
458 201 537 259 99
1723 194 1815 250 ΕΧ
1846 189 2072 249 ιΕΟΝΙξ

2174 191 2408 248 .LLATII

3596 190 3697 246 190

461 314 620 386 ὑμῶν
680 313 913 385 δύναμαι
939 309 1336 377 ὲπιλαθέσθαι;
1390 311 1581 383 Ὑμεῖς
1620 311 1743 381 ἐμοὶ
1767 312 2024 379 πατέρες,
2056 314 2072 364 l

2174 313 2362 358 uerum
2383 303 2635 373 exemplis
2658 344 2674 369 ,
2705 312 2822 359 erat
2874 304 3013 358 enim
3043 303 3206 357 varia:
3231 317 3295 357 ac
3319 303 3502 357 multa:
3519 302 3699 359 lectio—

463 408 620 478 ὑμεῖς
652 406 775 477 ὲμοὶ
803 406 937 477 ζωὴ,
962 406 1117 476 ὑμεῖς
1157 406 1280 475 ἐμοὶ
1310 403 1680 474 ιὺδοκίμησιςο
1714 400 1886 455 Unum
1918 416 2041 455 cor-

460 513 559 565 pus
581 513 786 561 sumus,
804 513 966 567 neque
996 504 1153 566 caput
1177 513 1208 549 a
1229 511 1465 563 corpore,
1480 510 1642 564 neque
1664 509 1853 562 corpus
1886 509 1919 546 a
1950 508 2043 546 ca-

463 590 571 658 pite
594 597 890 657 separatur.
918 588 1151 642 Etiamsi
1176 590 1292 641 loco
1321 586 1635 650 dividimur,
1653 585 1744 639 sed
1780 584 2043 637 charitate

465 681 863 751 conjungimur;
900 696 992 750 ego
1031 697 1065 734 a
1090 679 1232 733 vobis
1270 694 1362 732 nec
1394 686 1564 732 morte
1594 675 1823 731 divellor
1858 692 1876 729 :
1919 691 2043 729 nam

466 773 763 841 etsicorpus
782 788 953 826 meum
980 773 1266 835 moriatur,
1290 771 1471 824 anima
1485 786 1599 824 mea
1613 770 1760 829 vivit.
1782 778 1831 823 et
1848 784 2046 822 memo-

468 867 604 918 riam
636 866 793 919 vestri
827 864 1053 928 tenebit;
1086 881 1174 918 vos
1218 864 1348 917 mihi
1402 872 1602 933 patres.
1642 860 1917 927 Quomodo
1957 877 2045 915 ve-

472 968 642 1012 strum
666 958 989 1013 obliviscar?
1029 956 1131 1012 Vos
1164 957 1291 1010 mihi
1317 966 1513 1025 patres,
1531 972 1618 1008 vos
1637 954 1763 1007 mihi
1797 955 1920 1016 vita,
1956 969 2045 1006 vos

473 1051 604 1103 mihi
670 1050 946 1119 gloriatio.
1005 1049 1122 1115 Qua
1186 1056 1314 1102 nota
1380 1045 1671 1100 charitatis
1720 1045 2049 1115 Chrysosto-

474 1142 551 1196 mi
608 1157 734 1210 erga
787 1156 941 1202 suos,
1004 1141 1167 1196 etiam
1226 1138 1505 1195 homiliam
1555 1138 1769 1192 tertiam
1805 1136 1862 1191 in
1912 1137 2050 1191 Acta

474 1232 833 1301 apostolorum
870 1231 1183 1302 insignitam
1222 1230 1487 1286 invenies.

548 1324 749 1379 Parum
780 1324 980 1395 oppido
1014 1324 1219 1378 Savilio
1247 1332 1389 1386 erat,
1450 1330 1511 1376 ut
1569 1320 1844 1391 frigidulis
1898 1318 2052 1374 hisce

480 1415 791 1471 rationibus
837 1414 1109 1470 Theodori
1163 1415 1450 1484 epistolam
1479 1412 1813 1468 Calvinianis
1843 1410 2048 1466 Luthe-

478 1506 745 1576 ranisque
776 1505 1062 1561 adversam
1091 1505 1433 1565 exsibilaret.
1471 1504 1583 1558 nisi
1620 1504 1770 1559 aliud
1802 1503 2051 1573 ejusdem

479 1596 734 1667 putidum
762 1595 1183 1659 munimentum,
1204 1596 1319 1650 suis
1344 1593 1534 1650 favens
1568 1595 1840 1658 sectariis,
1888 1594 2053 1650 veluti

480 1688 549 1741 ab
576 1702 679 1741 ovo
698 1686 1028 1752 excitasset;
1063 1700 1186 1739 nam
1226 1686 1303 1738 ait
1339 1701 1405 1740 ex
1439 1684 1701 1740 Vaticana
1723 1685 2055 1741 bibliotheca

480 1776 865 1847 depromptum
892 1774 1166 1830 Theodori
1212 1776 1620 1846 Ἀντίῃοαμμα,
1667 1776 1714 1830 si
1755 1777 2055 1847 legitimum

481 1877 587 1932 est,
616 1875 670 1923 et
704 1884 813 1923 non
840 1868 1112 1937 spurium,
1146 1866 1304 1936 plane
1327 1866 1605 1923 diversum
1640 1882 1765 1923 esse
1820 1868 1890 1923 ab
1920 1883 2046 1922 ora-

484 1961 632 2014 tione
660 1974 690 2012 a
721 1957 1029 2013 Sozomeno
1072 1965 1400 2022 memorata,
1431 1973 1594 2030 quam
1628 1958 1848 2013 videtur
1881 1958 2061 2014 Theo-

484 2051 656 2107 dorus
675 2066 705 2105 a
734 2050 1127 2121 Chrysostomo
1161 2050 1391 2105 minime
1416 2056 1778 2119 provocatus,
1823 2050 1904 2105 vel
1933 2058 2063 2104 ante

486 2139 749 2203 reditum,
778 2139 863 2195 vel
886 2138 940 2193 in
968 2139 1089 2208 ipso
1122 2138 1298 2192 reditu
1329 2137 1399 2192 ab
1419 2152 1603 2192 eremo
1638 2139 1694 2193 in
1721 2139 1804 2193 sui
1829 2154 2063 2194 excusa-

488 2232 691 2287 tionem
722 2230 1045 2285 adornasse.
1069 2230 1329 2295 Quzenam
1363 2229 1553 2285 isthaac
1584 2228 1858 2285 Theodori
1885 2231 2064 2285 oratio

488 2330 592 2387 est,
618 2337 780 2393 quam
812 2322 1043 2392 quaesito
1075 2332 1303 2377 auctore
1343 2322 1645 2377 Sozomeno
1667 2322 1771 2379 sibi
1789 2322 1943 2394 fingit
1965 2321 2064 2377 Sa-

490 2416 653 2471 vilius
674 2415 697 2451 ν
729 2416 939 2471 Acutus
981 2430 1115 2470 sane
1163 2414 1353 2469 homo!
1384 2415 1456 2471 Ut
1479 2414 1692 2470 audivit
1719 2414 2064 2471 Theodorum

492 2508 820 2562 monachum
852 2507 1261 2562 excucullatum
1295 2506 1483 2561 nescio
1520 2507 1653 2577 quid
1686 2508 1740 2561 in
1777 2508 1862 2562 sui
1902 2522 2070 2562 excu-

492 2599 763 2654 sationem
814 2599 1087 2660 attulisse,
1142 2598 1325 2653 statim
1374 2599 1647 2670 egregiam
1696 2599 1932 2669 aliquam
1986 2599 2071 2652 lu-

493 2688 970 2743 cubratiunculam
1016 2687 1386 2742 subodoratus
1429 2697 1534 2751 est,
1580 2689 1655 2741 ita
1712 2688 1874 2757 plane
1917 2687 2072 2742 ador-

496 2790 707 2843 natam,
736 2788 796 2833 ut
819 2779 1047 2833 decebat
1084 2779 1414 2833 monachum
1441 2778 1801 2843 desertorem,
1845 2778 1955 2833 Deo
1982 2781 2071 2835 cui

505 2888 567 2926 se
641 2870 938 2925 devoverat
999 2870 1431 2933 renuntiautem,
1486 2870 1727 2924 castitati
1790 2880 1844 2924 et
1891 2872 2072 2924 conti-

2145 397 2250 459 nis,
2275 397 2329 449 in
2358 396 2537 450 urbem
2555 412 2790 450 reversus
2809 404 2907 449 est.
2934 393 3148 450 Nullam
3171 394 3261 450 hic
3279 394 3580 450 orationem
3614 394 3709 449 So-

2145 500 2405 541 zomenus
2448 494 2718 541 memorat
2760 501 2791 541 a
2836 484 3125 541 Theodoro
3182 486 3562 556 compositam,
3615 485 3708 539 sed

2144 581 2354 627 tantum
2381 575 2563 629 innuit
2587 574 2829 630 rationes
2870 574 3083 645 aliquas
3123 574 3193 630 ab
3222 589 3289 629 eo
3324 576 3470 629 inter
3508 588 3710 629 consu-

2145 663 2389 731 lendum,
2413 664 2588 736 deque
2615 680 2715 721 suo
2749 664 3001 722 discessu
3050 680 3178 720 cum
3219 663 3535 720 monasterii
3578 680 3713 735 pre-

2146 754 2293 810 fecto
2356 757 2646 812 statuendo
2703 755 2843 811 forte
2889 756 3172 812 adductas.
3201 755 3334 823 Qua:
3382 772 3510 810 num
3550 756 3713 809 etiam

2146 847 2214 901 ab
2240 862 2306 903 eo
2337 849 2588 904 adductae
2632 848 2858 913 fuerint,
2902 858 3055 904 certo
3088 866 3148 904 se
3193 850 3339 904 scire
3380 849 3716 903 Sozomenus

2148 947 2336 1009 aperte
2360 949 2544 1012 negat,
2590 940 2683 996 sed
2713 939 2971 994 credibile
3001 938 3055 993 id
3081 954 3203 995 esse
3233 938 3330 1004 ait,
3424 930 3515 990 οἷα
3551 936 3717 1001 εἰκός,

2152 1041 2318 1103 atque
2369 1032 2677 1104 probabile,
2718 1042 2772 1087 et
2816 1030 3147 1087 verosimile.
3195 1029 3275 1084 En
3310 1029 3409 1083 tibi
3457 1027 3717 1083 Savilium

2149 1126 2310 1194 plane
2341 1123 2627 1193 pueriliter
2667 1122 2979 1192 deceptum.
3026 1123 3087 1175 ιιι
3137 1118 3442 1175 Sozomeno
3469 1134 3574 1174 nos
3614 1118 3721 1171 alio

2150 1232 2217 1272 ex
2252 1217 2429 1286 capite
2461 1216 2623 1271 fidem
2653 1215 3075 1278 desideramus;
3103 1229 3229 1268 nam
3260 1211 3556 1267 Theodoro
3591 1212 3717 1283 plus

2148 1325 2305 1379 aequo
2337 1308 2611 1373 addictus,
2667 1309 2723 1364 in
2785 1310 2906 1379 ejus
2952 1309 3141 1379 lapsus
3175 1309 3493 1363 narratione
3537 1306 3721 1361 fucum

2149 1401 2373 1456 veritati
2405 1400 2605 1456 fecisse
2638 1399 2883 1456 videtur.
2943 1399 3002 1455 ld
3055 1400 3222 1471 igitur
3268 1397 3721 1453 animadverten-

2152 1494 2283 1549 dum
2328 1494 2420 1549 hic
2461 1502 2568 1557 est,
2629 1509 2741 1548 non
2800 1492 2979 1548 solum
3027 1491 3330 1547 Justiniani
3385 1488 3727 1559 temporibus

2158 1586 2335 1642 fuisse
2385 1585 2659 1641 Theodori
2718 1585 3020 1647 studiosos.
3083 1584 3177 1655 qui
3223 1584 3344 1653 ejus
3404 1583 3618 1653 lapsum
3676 1592 3729 1635 et

2085 1656 2127 1711 Β
2159 1678 2397 1734 hereses
2432 1678 2776 1750 ὑποκορίσαι,
2813 1685 2866 1732 et
2895 1677 3168 1731 mitiorem
3205 1677 3261 1730 in
3296 1684 3506 1746 partem
3553 1672 3733 1728 inter-

2159 1770 2367 1839 pretari
2420 1777 2783 1833 conarentur,
2847 1777 2907 1823 ut
2964 1766 3260 1823 Facundus
3318 1763 3733 1822 llermianeusis

2159 1862 2456 1931 cpiscOpus
2495 1861 2551 1916 in
2599 1860 2887 1916 duodecim
2924 1860 3081 1915 libris
3124 1858 3202 1913 De
3232 1858 3404 1912 tribus
3460 1856 3734 1928 capitulis,

2159 1951 2401 2008 Basilius
2457 1952 2621 2017 Cilix,
2679 1950 2963 2015 Leontius,
3012 1959 3067 2006 et
3100 1950 3226 2017 alii;
3269 1949 3365 2005 sed
3403 1948 3525 2020 ejus
3570 1947 3736 2003 etiam

2160 2045 2399 2115 aequales
2427 2052 2481 2100 et
2513 2044 2859 2116 synchronos
2889 2044 2993 2098 hoc
3020 2042 3163 2098 idem
3191 2055 3408 2096 summo
3434 2039 3621 2095 studio
3638 2055 3738 2093 cu-

2165 2154 2342 2195 rasse.
2371 2136 2507 2191 Nam
2554 2136 2932 2193 Theodoretus
2984 2136 3040 2190 in
3085 2133 3338 2205 epistolis
3376 2132 3455 2203 (a)
3482 2130 3737 2189 afﬁrmat.

2166 2231 2460 2301 scripsisse
2481 2246 2540 2286 se
2564 2229 2741 2300 βίϐλον
2758 2229 2897 2300 ὑπὲρ
2914 2226 3178 2297 Διοδώρου
3202 2226 3295 2281 καὶ
3309 2223 3608 2296 Θεοδώρου,
3632 2216 3743 2298 ὲν

2164 2323 2263 2395 τὴν
2291 2323 2410 2377 κατ’
2442 2322 2619 2375 αὑτῶν
2638 2320 3018 2393 »γεγενημένην
3046 2318 3263 2390 γραφὴν
3290 2316 3519 2379 διέλυεν,
3544 2316 3605 2369 οὑ
3637 2315 3744 2370 δεί-

2172 2435 2271 2480 σας
2305 2415 2412 2469 τῶν
2442 2413 2765 2485 κατηγόρων
2785 2412 2883 2483 τὴν
2912 2410 3228 2465 δυναστείαν
3246 2426 3259 2439 ·
3282 2407 3499 2462 Librum
3514 2423 3611 2476 pro
3623 2406 3748 2461 Dio-

2169 2508 2299 2562 doro
2328 2517 2378 2562 et
2409 2505 2707 2570 Theodoro,
2737 2505 2790 2558 in
2822 2520 2923 2575 quo
2952 2503 3138 2557 illatas
3178 2502 3252 2557 eis
3280 2500 3648 2554 accusationes
3672 2515 3747 2553 re-

2173 2600 2404 2669 fellebat,
2431 2598 2561 2652 nihil
2594 2598 2785 2651 veritus
2814 2605 3188 2650 accusatorum
3224 2593 3535 2663 potentiam.
3578 2589 3742 2645 Hunc

2175 2692 2375 2746 librum
2404 2688 2586 2744 innuit
2614 2686 2963 2742 Justinianus
2989 2689 3047 2741 in
3075 2701 3189 2742 suae
3213 2683 3336 2739 lidei
3366 2683 3748 2755 professione:

2174 2781 2513 2854 Θεοδώρητος
2539 2782 2569 2834 ὁ
2598 2780 2824 2843 πολλοὺς
2852 2779 2993 2850 ὑπὲρ
3029 2777 3303 2850 Θεοδώρου
3344 2777 3534 2846 λόγους
3554 2792 3617 2830 τε
3659 2777 3753 2829 καὶ

2177 2873 2432 2937 ἐπαίνους
2484 2872 2764 2936 ἐκτείνας·
2808 2870 3164 2926 Theodoretus
3209 2872 3298 2942 qui
3339 2870 3531 2924 multos
3587 2867 3752 2923 libros

499 2961 699 3016 nentia
726 2961 847 3014 vale
880 2958 1106 3023 dicenti,
1147 2959 1368 3029 nuptias
1400 2966 1454 3013 et
1479 2959 1752 3013 connubia
1780 2961 2075 3029 quau'itan-
2103 2995 2146 3054 ο
2186 2981 2281 3033 pro
2316 2965 2585 3020 Theodoro
2620 2964 2854 3033 scripsit.
2910 2963 3189 3033 laudesque
3218 2964 3331 3035 ejus
3359 2964 3567 3032 copiose
3601 2961 3746 3017 cele-

497 3061 632 3109 tem.
676 3052 736 3108 Si
793 3051 1072 3106 Theodori
1136 3052 1441 3115 orationem
1494 3066 1557 3106 ea
1611 3055 1790 3121 capita
1837 3053 2075 3121 comple-

501 3152 741 3200 ctentem
772 3141 974 3196 alicubi
1002 3141 1056 3196 in
1105 3141 1447 3196 bibliothecis
1476 3140 1713 3197 Savilius
1763 3143 2074 3211 reperisset,

502 3238 675 3292 multo
705 3236 968 3291 libentius
1004 3236 1059 3290 in
1106 3236 1337 3306 gratiam
1386 3236 1750 3290 sectariorum
1790 3236 2076 3299 edidisset,

501 3344 664 3399 quam
695 3329 839 3383 hanc
872 3328 1180 3398 epistolam.
1213 3344 1336 3399 qua:
1369 3329 1729 3385 monasticam
1763 3330 1966 3386 asserit
1997 3331 2079 3385 di-

503 3420 821 3491 sciplinam,
852 3419 1125 3475 castitatis
1151 3420 1585 3484 observantiam,
1609 3430 1733 3475 vota
1767 3420 1877 3477 Deo
1904 3437 1935 3475 a
1961 3437 2078 3476 mo-

503 3512 696 3567 nachis
739 3511 1130 3581 nuncupanda,
1166 3519 1463 3581 sancteque
1488 3513 1769 3579 solvenda,
1827 3520 2082 3582 peccato-

505 3620 627 3660 rum
656 3603 1143 3673 exhomologesim.
1175 3602 1512 3673 poenitentia:
1540 3605 1834 3675 lacrymas,
1886 3611 1942 3659 et
1964 3603 2083 3659 suf—

506 3697 806 3769 fragiorum
854 3696 1263 3759 eflicacitatem,
1325 3711 1488 3765 quam
1542 3697 1829 3766 epistolam
1864 3697 1939 3750 ita
1968 3704 2084 3752 sto-

508 3789 797 3845 machatur
823 3797 877 3844 et
911 3797 1163 3852 nauseat,
1195 3801 1256 3845 ut
1283 3789 1354 3843 ob
1381 3788 1433 3843 id
1460 3789 1736 3859 frigidam,
1765 3791 2004 3862 ineptam
2028 3800 2084 3844 et

508 3878 796 3933 ridiculam
828 3894 946 3932 eam
983 3882 1239 3950 appellet.
1274 3881 1627 3950 Sed,qua:so,
1653 3881 1933 3938 videamus
1962 3897 2084 3952 quae

511 3968 677 4023 fuerit
712 3968 915 4022 Savilio
933 3984 1104 4023 causa
1139 3972 1449 4024 somniandi
1482 3973 1627 4025 illam
1663 3971 1933 4026 Theodori
1962 3988 2084 4026 ora-

510 4060 738 4114 tionem.
774 4057 960 4127 Neque
997 4060 1140 4112 enim
1183 4057 1546 4119 Sozomenns,
1587 4076 1747 4129 quem
1782 4062 1936 4122 citat,
1982 4063 2084 4116 hoc

512 4152 589 4206 sit
618 4166 634 4216 ;
668 4158 798 4204 sunt
829 4150 1029 4220 quippe
1081 4149 1195 4203 haec
1241 4149 1359 4218 ejus
1414 4151 1577 4204 verba
1626 4151 1741 4219 (lib.
1801 4168 1919 4217 vnn,
1985 4152 2079 4222 2):

527 4241 667 4296 Ἀλλ’
700 4236 854 4305 οὗτος
887 4242 982 4312 μὲν
1013 4241 1173 4312 ἡνίκα
1206 4242 1305 4311 τὴν
1335 4240 1505 4312 ἀρχὴν
1533 4242 1749 4313 ἐνέτυχε
1777 4246 1888 4307 τοῖς
1922 4244 2085 4308 θείοις

513 4348 724 4405 νομοις,
782 4332 875 4385 καὶ
906 4333 1071 4401 ἱεροῖς
1102 4330 1356 4401 ἀνδράσιν
1379 4329 1674 4401 ὡμίλησεν,
1702 4332 1930 4403 ἐπῄνεσε
1960 4334 2086 4387 ταὺ-

513 4442 612 4496 την
635 4424 733 4496 τὴν
764 4423 984 4494 ἀγωγὴν
1017 4423 1111 4476 καὶ
1144 4423 1389 4491 κατέγνω
1408 4422 1514 4475 τῶν
1542 4424 1793 4477 ὰστυκῶν
1814 4440 1826 4453 ·
1856 4426 1914 4478 οὑ
1939 4425 2091 4498 διήρ-

516 4534 644 4570 κεσε
668 4516 724 4568 δὲ
750 4516 848 4587 τὴν
882 4515 1051 4586 αὑτὴν
1078 4514 1385 4586 προθυμίαν
1412 4514 1568 4585 ἔχων.
1604 4515 2013 4586 Μεταμεληθεὶς
2035 4517 2092 4569 δὲ

520 4607 656 4678 πρὸς
684 4608 775 4660 τὸν
799 4606 1063 4677 πρότερον
1094 4606 1207 4676 βίον
1240 4607 1465 4663 εἵλκετο.
1494 4602 1581 4662 οἷα
1605 4608 1662 4661 δὲ
1692 4610 1857 4673 εἰκὸς,
1888 4611 2094 4663 ἐναντί-

516 4717 598 4764 οις
625 4699 800 4769 λόγοις
829 4700 1108 4769 κοσμήσας
1136 4699 1194 4752 τὸ
1221 4700 1655 4771 σπουδαζόμενον
1674 4703 1736 4754 ἐκ
1766 4701 2013 4756 παλαιῶν
2041 4703 2095 4755 ὑ-

520 4791 926 4861 ποδειγμάτων,
954 4787 1022 4861 ἦν
1048 4791 1156 4861 γὰρ
1184 4790 1510 4862 πολυῖστωρ,
1539 4792 1619 4854 εἰς
1648 4790 1743 4862 τὴν
1785 4792 1936 4846 πόλιν
1963 4794 2098 4847 ἐπα-

520 4886 716 4956 νῆλθεν
742 4904 755 4915 ·
784 4882 886 4936 llic
922 4900 1040 4937 vero
1078 4882 1381 4937 Theodorus
1413 4883 1477 4936 ab
1505 4885 1659 4937 initio
1701 4883 1912 4953 quidem
1978 4901 2097 4939 cum

520 4982 575 5033 in
602 4993 785 5032 sacras
815 4976 949 5046 leges
994 4974 1288 5038 incidisset,
1349 4985 1396 5028 et
1430 4991 1548 5028 cum
1586 4977 1786 5029 sanctis
1820 4976 1947 5030 virts
1977 4993 2101 5030 con-

522 5078 848 5131 rersaretur,
877 5068 973 5120 Itoc
1006 5069 1123 5121 vitta
1162 5082 1322 5137 genus
1359 5066 1706 5136 approbabat,
1752 5084 1814 5120 ac
1847 5069 2101 5124 sceculare

522 5161 849 5223 damnabat;
874 5160 962 5213 sed
989 5160 1043 5213 in
1080 5158 1261 5214 eodem
1295 5159 1389 5211 hoc
1416 5159 1685 5228 proposito
1708 5176 1809 5213 non
1843 5162 2094 5228 perstitit.

526 5251 630 5307 Sed
679 5262 853 5303 tamen
879 5251 1188 5319 poenitentia
1218 5249 1430 5314 ductus,
1458 5250 1526 5302 ad
1555 5250 1785 5317 priorem
1817 5252 1938 5305 vita!
1972 5268 2098 5305 con-

522 5344 849 5400 suetudinem
886 5354 1146 5398 retractus
1181 5343 1303 5414 fuit,
1329 5354 1379 5397 et
1402 5342 1538 5413 quod
1566 5354 1642 5396 est
1668 5352 2096 5406 consentaneum,

524 5438 809 5493 contrariis
835 5437 1157 5506 argumentis
1196 5437 1524 5507 propositum
1563 5451 1719 5489 suum
1764 5452 1980 5502 ornans,
2036 5452 2101 5491 ex

600 5629 772 5704 (a)_ln
809 5629 1049 5704 editione
1073 5632 1373 5704 Sirmondi.
1409 5636 1572 5704 epist.
1609 5633 1697 5696 16.
1722 5650 1882 5703 quem
1916 5634 2087 5691 Theo-

526 5698 818 5773 doretipm
842 5701 1130 5759 Theodoro
1164 5718 1227 5758 ac
1262 5698 1497 5759 Diodoro
1531 5698 1867 5761 librum‘non
1898 5722 2086 5762 receno

2181 3054 2370 3110 bravit.
2410 3053 2467 3110 ln
2504 3055 2710 3125 quibus
2730 3069 2895 3125 quam
2929 3055 3194 3125 praeclare
3219 3056 3285 3108 de
3310 3053 3602 3109 Theodoro
3623 3069 3758 3109 sen-

2180 3149 2335 3210 serit,
2360 3147 2543 3217 colligi
2575 3155 2773 3217 potest,
2799 3161 2924 3200 cum
2944 3162 3011 3201 ex
3039 3146 3161 3215 ejus
3189 3146 3459 3214 epistolis.
3485 3144 3580 3199 ubi
3600 3145 3760 3213 ἅγιον

2181 3250 2422 3293 sanctum
2449 3238 2603 3293 illum
2631 3239 2899 3301 nominat,
2942 3248 3058 3292 tum
3088 3240 3254 3294 etiam
3284 3254 3350 3294 ex
3412 3238 3610 3292 ultimo
3656 3236 3762 3291 Hi-

2183 3333 2364 3385 storia:
2392 3330 2513 3400 ejus
2536 3332 2905 3385 ecclesiastica?
2936 3331 3078 3385 libro
3106 3338 3159 3385 et
3191 3331 3386 3400 capite,
3428 3329 3520 3385 ubi
3546 3331 3767 3401 magnis

2183 3423 2334 3478 illum
2381 3422 2637 3478 laudibus
2697 3423 2928 3477 extollit.
2980 3421 3106 3476 Hrec
3144 3422 3333 3477 eadem
3376 3422 3638 3476 nimirum
3696 3422 3771 3478 de

2182 3514 2471 3570 Theodoro
2522 3515 2789 3570 sentiebat
2827 3514 3187 3580 Sozomenns,
3236 3530 3408 3583 quare
3456 3515 3767 3569 vehemen-

2182 3614 2268 3661 ter
2320 3606 2455 3662 fides
2509 3605 2772 3661 historica
2811 3607 3049 3673 vacillat,
3085 3608 3177 3660 ubi
3231 3605 3499 3661 Theodori
3542 3605 3770 3676 lapsum

2185 3697 2259 3751 ita
2285 3697 2658 3767 prosequitur,
2698 3707 2756 3751 ut
2790 3698 2998 3752 nullum
3032 3699 3303 3768 intelligas
3335 3699 3541 3753 crimen
3589 3698 3645 3751 in
3675 3712 3770 3759 eo.

2184 3806 2347 3861 quem
2379 3791 2807 3862 Chrysostomus
2830 3790 3041 3845 centies
3084 3788 3500 3843 ἐκπεπτωκέναι
3534 3790 3770 3861 repetit.

2188 3884 2508 3947 Ἐκπτωσις
2543 3893 2723 3939 autem
2749 3884 3139 3939 ecclesiasticis
3162 3883 3527 3954 scriptoribus
3564 3890 3676 3945 est.
3711 3890 3777 3937 ut

2187 3975 2263 4027 ait
2298 3975 2572 4029 Caasarius
2621 3974 2783 4044 paulo
2827 3982 2954 4028 ante
2992 3973 3269 4037 laudatus,
3338 3973 3405 4026 Ἡ
3446 3970 3507 4037 ἐξ
3559 3972 3774 4045 ἀρετῆς

2185 4063 2278 4115 ἐπὶ
2330 4063 2391 4115 τὸ
2420 4065 2600 4133 χεῖρον
2639 4062 3016 4133 ὑπονόστησις,
3044 4063 3138 4116 καὶ
3170 4064 3203 4132 ἡ
3243 4064 3308 4116 ἐκ
3341 4062 3637 4132 παρθενίας
3673 4064 3775 4115 ἐπὶ

2186 4155 2441 4223 λαγνείαν
2466 4155 2609 4224 ὁρμή
2633 4171 2646 4184 ·
2687 4152 2819 4208 Cum
2862 4172 2894 4207 a
2925 4155 3114 4208 virtute
3156 4155 3225 4207 ad
3269 4155 3418 4216 vilia,
3453 4163 3501 4207 et
3541 4171 3576 4207 a
3614 4156 3780 4221 pudi-

2188 4248 2313 4301 citia
2377 4247 2445 4298 ad
2482 4246 2752 4299 luxuriam
2808 4246 3068 4300 receditur
3120 4263 3182 4299 ac
3227 4246 3514 4316 difﬂuitur.
3581 4245 3780 4317 Neque

2128 4331 2172 4386 D
2203 4351 2332 4389 vero
2362 4334 2686 4390 Theodorus
2736 4343 3027 4405 antequam
3087 4336 3157 4391 ab
3194 4352 3377 4391 eremo
3429 4337 3778 4401 discederet.

2195 4427 2269 4480 ita
2300 4434 2421 4479 erat
2455 4424 2603 4479 omni
2630 4434 2755 4478 voto
2781 4425 3014 4488 solutus,
3048 4434 3107 4478 ut
3133 4424 3335 4479 referre
3356 4426 3569 4495 pedem,
3590 4436 3785 4484 retro-

2194 4533 2301 4588 que
2329 4517 2606 4587 respicere
2641 4525 2845 4584 posset.
2890 4515 2943 4569 ln
2981 4525 3217 4570 mentem
3253 4516 3300 4570 ei
3339 4516 3781 4587 Chrysostomus

2196 4619 2416 4664 revocat
2444 4609 2542 4671 τὰς
2575 4607 2711 4679 πρὸς
2762 4606 2994 4677 Χριστὸν
3042 4608 3335 4677 συνθήκας,
3403 4626 3522 4662 cum
3557 4608 3785 4667 Christo

2197 4704 2475 4773 spirituale
2499 4702 2820 4771 conjugium.
2879 4702 2995 4771 Ipse
3041 4716 3170 4756 vero
3206 4701 3528 4758 Theodorus
3578 4705 3635 4758 in
3671 4706 3785 4759 hac

2195 4796 2424 4867 epistola
2442 4814 2453 4825 ·
2474 4792 2736 4858 Εὖξασθε,
2753 4793 2923 4865 τίμιοι
2944 4794 3203 4863 Πατέρες,
3226 4792 3525 4865 μνησθῆναί
3548 4813 3650 4865 μου
3676 4798 3788 4867 τῆς

2198 4889 2367 4958 καλῆς
2411 4885 2731 4956 ὁμολογίας,
2764 4885 2832 4955 ἢν
2869 4884 3191 4955 ὡμολόγησα
3223 4883 3448 4938 ἐνώπιον
3477 4888 3571 4939 τοῦ
3610 4886 3783 4951 Θεοῦ.

2198 4981 2291 5035 καὶ
2318 4978 2565 5048 ἀγγέλων
2594 4979 2686 5031 καὶ
2727 4978 3062 5051 ἀνθρώπων
3119 4977 3301 5042 Orate,
3337 4980 3618 5033 venerandi
3665 4980 3790 5034 Pa-

2203 5083 2329 5134 tres,
2354 5070 2519 5123 utilla
2547 5069 2672 5122 mihi
2692 5079 2813 5122 ante
2840 5070 3018 5124 oculos
3038 5080 3269 5124 versetur
3285 5069 3588 5137 promissio,
3615 5086 3791 5139 quam

2205 5179 2387 5219 coram
2424 5161 2530 5214 Deo
2558 5161 2635 5213 vel
2663 5159 2884 5230 angelis,
2903 5169 2954 5213 et
2983 5158 3280 5213 hominibus
3314 5158 3592 5227 spopondi.
3633 5159 3795 5228 Quid

2203 5272 2334 5327 ergo
2363 5253 2548 5309 subdit
2578 5253 2915 5309 Sozomenus
2942 5253 3010 5308 de
3041 5255 3270 5309 honesto
3302 5254 3566 5324 licitoque
3584 5260 3800 5312 matri-

2204 5350 2411 5411 monio,
2436 5348 2581 5419 quod
2599 5347 2918 5403 Theodorus
2945 5347 3334 5402 meditaretur?
3353 5348 3593 5404 Curnam
3612 5354 3797 5409 etiam

2207 5444 2385 5515 γάμον
2412 5442 2545 5496 illud
2574 5441 2862 5495 nominat?
2892 5438 3025 5494 Nam
3057 5440 3483 5513 Chrysostomus
3514 5444 3583 5496 ad
3614 5443 3803 5501 Theo-

2194 5646 2278 5707 set
2310 5633 2611 5707 Garnerius
2636 5634 2856 5691 dissert.
2887 5634 2943 5698 εὶ,
2986 5648 3106 5703 cap.
3148 5634 3181 5691 9
3220 5636 3363 5691 inter
3391 5652 3557 5707 Opera
3597 5631 3804 5694 Theo-

2195 5706 2368 5761 doreti
2397 5706 2700 5776 deperdita.
