3898 6228
236 207 311 260 illi
1338 212 1649 270 DIATRIBA
1686 214 1775 271 9E
1813 214 2225 275 THEODORIS.

3310 224 3414 283 £03

228 324 387 376 dorum
413 324 479 377 ita
508 322 687 378 scribit
721 342 734 376 :
771 323 981 393 Τῖμιος,
1008 325 1187 397 φησὶν,
1242 331 1275 382 d
1302 329 1508 399 γάμος,
1556 332 1654 387 καὶ
1696 334 1735 401 ἡ

1849 349 1940 388 suo
1969 335 2176 405 scripto
2206 336 2459 393 inseruit.
2504 334 2803 396 Facundus
2836 352 2965 396 vero
2996 339 3117 409 ejus
3157 341 3406 411 epistolae

225 416 369 479 κοίτη
400 414 694 482 ἀμίαντος·
745 416 826 471 σοὶ
864 415 923 468 δὲ
954 417 1132 470 οὐκέτι
1182 418 1404 475 δυνατὸν
1448 423 1517 476 τὰ
1559 424 1742 478 δίκαια

226 506 423 574 φυλάξαι
454 505 539 559 τοῦ
570 506 746 576 γάμου
770 524 783 538 ’
818 508 908 561 τὸν
932 508 1039 580 γὰρ
1073 512 1379 584 ἐπουρανίῳ
1405 516 1743 585 συναφθέντα

224 603 427 673 πμφίῳ,
446 601 621 655 τοῦτον
654 604 751 674 μὲν
775 603 954 670 ἐᾶσαι,
980 608 1194 673 γυναικὶ
1222 606 1280 661 δὲ
1305 608 1465 662 αὑτὸν
1489 611 1740 681 συνάψαι,

228 692 410 763 μοιχεία
434 692 488 745 τὸ
509 692 741 762 πρᾶγμά
767 695 881 746 ἐστι
900 713 913 725 σ
944 694 1046 747 κᾶν
1079 698 1339 767 μυριάκις
1376 700 1537 753 αὐτὸν
1567 701 1744 773 γάμον

225 787 397 855 καλῇς·
436 786 518 847 At,
549 787 740 854 inquis.
783 787 1099 844 honorabile
1122 791 1481 857 connubium,
1504 801 1557 848 et
1592 802 1743 850 torus

226 879 561 932 immaculatus
581 880 622 931 ¹.
662 879 772 931 Tibi
794 896 912 933 vero
931 882 1256 935 matrimonii
1268 884 1398 952 jura
1420 902 1745 957 nequaquam

226 970 460 1022 convenire
492 979 721 1036 possunt.
744 968 804 1023 Si
822 972 937 1039 quis
958 972 1093 1025 enim
1111 973 1308 1028 caelesti
1330 992 1384 1030 se
1399 993 1590 1046 sponso
1613 995 1743 1033 con-

220 1061 410 1130 junqat,
430 1060 598 1113 deinde
630 1077 691 1113 eo
721 1061 994 1130 repudiato
1018 1080 1072 1116 se
1092 1065 1303 1119 mulieri
1332 1069 1555 1136 copulet,
1587 1072 1744 1125 adul~

225 1154 392 1205 teriam
410 1154 693 1216 committit,
714 1151 834 1205 licet
863 1153 998 1206 illud
1026 1158 1345 1213 contentiose
1360 1158 1527 1214 decies
1552 1162 1743 1217 millies

229 1245 573 1298 matrimonium
593 1245 844 1312 appelles.
878 1243 1045 1314 Igitur
1078 1247 1171 1316 qui
1212 1247 1484 1307 Theodori
1530 1253 1741 1323 lapsum

228 1335 289 1389 ad
316 1336 547 1390 rationem
575 1336 827 1391 veritatis
861 1352 1120 1394 revocare
1159 1343 1314 1406 velit,
1362 1360 1531 1399 unum
1571 1345 1745 1417 Chry-

224 1436 484 1481 sostomum
514 1427 723 1492 audiat,
756 1443 982 1485 necesse
1004 1438 1112 1494 est,
1145 1448 1212 1488 ex
1245 1450 1357 1504 quo
1388 1451 1502 1491 rem
1536 1438 1617 1494 sic
1643 1438 1743 1492 ha-

224 1518 343 1572 beat.
371 1516 678 1573 Theodorus
703 1534 811 1573 non
845 1520 942 1574 diu
975 1530 1264 1593 postquam
1292 1526 1512 1583 Christo
1541 1544 1741 1585 nomen

218 1609 426 1673 dederat,
482 1610 784 1681 φροντίζειν
812 1614 1147 1684 πραγμάτων
1178 1617 1449 1690 πατρῴων
1488 1622 1740 1693 cogitur;

1842 427 2158 482 testimonio
2178 436 2334 497 urget
2353 429 2697 487 adversarios
2718 430 2987 488 Theodori
3005 432 3401 504 Mopsuesteni.

1842 515 2104 582 Liberali,
2156 527 2209 572 et
2249 518 2492 575 Facundi
2536 522 2776 591 antiquis
2808 523 3111 589 codicibus,
3152 524 3292 580 bene
3320 539 3410 581 rc-

1844 605 2111 674 spondent
2142 606 2390 664 Vaticani
2437 610 2790 681 epistolarum
2834 613 3210 685 Chrysostomi
3252 616 3409 670 codi-

1845 712 1936 750 ces
1972 695 2216 762 DCCXII,
2246 707 2300 753 et
2334 700 2614 757 MCXGIV.
2639 703 2982 762 Justinianus
3021 715 3200 762 autem
3232 706 3407 777 impe-

1844 798 1995 841 rator
2036 790 2088 843 in
2135 789 2335 847 Libello
2384 796 2731 862 confessionis
2782 797 2910 865 ﬁdei
2939 798 3156 852 unicam
3193 798 3410 854 videtur

1845 880 2040 952 legisse
2074 883 2450 955 Chrysostomi
2489 888 2557 942 ad
2583 888 2913 943 Theodorum
2946 889 3247 956 epistolam,
3287 904 3406 943 eam

1844 973 2102 1028 nimirum
2164 992 2326 1045 quam
2382 979 2447 1033 ad
2495 994 2619 1033 eum
2682 981 2889 1049 lapsum
2933 979 3186 1045 dederat;
3246 982 3407 1035 aliam

1847 1075 1995 1123 vero,
2050 1079 2171 1131 qua:
2218 1066 2464 1134 ejusdem
2502 1069 2690 1124 laudes
2724 1070 3051 1135 contineret,
3104 1087 3212 1125 non
3241 1086 3409 1142 agno-

1848 1165 2022 1207 scere.
2070 1153 2261 1212 Patres
2301 1167 2481 1212 autem
2538 1159 3129 1231 Constantinopolitaui
3178 1163 3406 1218 secundi

1847 1243 2091 1310 concilii,
2122 1245 2251 1301 licet
2280 1262 2396 1302 eam
2431 1248 2828 1320 Chrysostomo
2849 1266 2957 1305 non
3000 1252 3277 1314 abdicent,
3304 1254 3408 1307 ali-

1846 1345 1929 1390 ter
1956 1344 2136 1393 tamen
2169 1338 2237 1395 de
2260 1341 2351 1394 illa
2372 1340 2640 1411 iudicant,
2670 1360 2831 1413 quam
2862 1346 3104 1403 fautores
3134 1346 3406 1404 Theodori

1848 1426 2232 1498 Mopsuesteni.
2263 1431 2397 1486 Nam
2440 1433 2692 1504 inquiunt
2718 1454 2729 1489 :
2757 1434 2849 1490 Sin
2878 1446 3054 1490 autem
3074 1437 3266 1507 aliquis
3285 1454 3411 1491 con-

1845 1520 1999 1574 cedat
2056 1521 2125 1573 ad
2174 1524 2345 1592 ipsum
2399 1524 2727 1579 Theodorum
2773 1528 3025 1595 scriptam
3073 1545 3188 1583 eam
3225 1530 3408 1598 fuisse,

1845 1622 2043 1667 certum
2075 1625 2151 1668 est
2189 1620 2326 1685 quod
2353 1616 2611 1678 Joannes.
2651 1619 2741 1689 qui
2772 1636 2865 1688 per
2892 1630 3058 1674 totum
3086 1636 3240 1674 suum
3276 1638 3410 1690 pou-

218 1708 264 1755 et
288 1698 409 1754 dum
431 1700 568 1755 facta
596 1702 704 1757 sibi
737 1704 1004 1774 tantisper
1032 1705 1292 1763 facultate
1326 1725 1356 1763 a
1416 1716 1740 1769 monasterii

1849 1702 2107 1771 tiﬁcatum
2139 1704 2373 1759 veritatis
2417 1706 2625 1760 uerbum
2672 1718 2809 1762 recte
2848 1710 3121 1777 tractavit,
3160 1712 3409 1782 ignorans

218 1794 456 1863 prefecto,
486 1795 539 1848 in
574 1795 714 1850 urbe
759 1806 1036 1860 versatur,
1087 1798 1143 1853 in
1197 1808 1569 1859 transversum
1627 1807 1740 1879 agi-

216 1896 303 1947 tur,
328 1895 377 1941 et
403 1885 579 1942 carnis
596 1887 870 1943 illecebris
891 1892 1161 1953 irretitus.
1181 1891 1553 1960 Hermionem,
1572 1915 1737 1968 quam

212 1978 560 2035 ardentissime
606 1978 984 2046 adamaverat,
1035 1984 1197 2037 etiam
1234 1987 1585 2043 matrimonio
1634 1992 1740 2046 sibi

215 2070 506 2140 conjungere
529 2071 779 2141 parabat.
816 2072 914 2127 llic
938 2074 1150 2144 primus
1186 2076 1457 2135 Theodori
1479 2082 1592 2151 jam
1624 2100 1743 2139 mo-

211 2162 344 2214 nachi
369 2161 540 2231 lapsus
587 2164 648 2217 in
694 2163 923 2219 luxuria:
960 2181 1199 2231 cwnum,
1230 2178 1289 2224 ut
1318 2170 1743 2244 Chrysostomus

214 2255 308 2322 ipse
328 2262 486 2318 notat,
516 2256 621 2327 τῆς
644 2256 746 2327 σῆς
782 2258 959 2329 ψυχῆς
986 2261 1045 2312 τὸ
1072 2264 1286 2334 πρῶτον
1319 2268 1591 2340 πεσούσης
1604 2269 1743 2323 πτῶ-

216 2363 292 2412 μα.
317 2345 613 2416 Antequam
649 2363 781 2401 vero
800 2348 854 2401 in
878 2365 1118 2404 eremum
1149 2355 1448 2419 secederet,
1469 2358 1741 2414 immerito

213 2435 417 2503 ejusdem
447 2438 595 2492 caeni
630 2445 684 2493 et
715 2439 1095 2509 impudicitaea
1128 2444 1332 2501 Savilio
1367 2448 1738 2516 insimulatur,

212 2531 285 2596 qui
306 2545 575 2599 perperam
627 2532 841 2602 accepit
889 2534 945 2588 in
994 2537 1191 2591 malam
1240 2549 1450 2609 partem
1492 2542 1626 2596 illud
1663 2546 1743 2609 εἰς

212 2623 400 2687 μουσεῖα
424 2622 708 2689 φοιτῶντι.
746 2633 1012 2696 putatque
1060 2632 1287 2697 μουσεῖα
1336 2632 1505 2689 fuisse
1546 2636 1744 2691 Antio-

209 2712 323 2765 chiae
361 2713 470 2768 loca
521 2715 907 2784 voluptatibus
969 2727 1025 2772 et
1077 2721 1314 2778 lasciviae
1360 2725 1561 2794 dicata,
1623 2745 1745 2799 quae

207 2798 488 2861 Theodorus
518 2807 850 2863 adolescens
881 2810 1269 2881 frequentaret,
1298 2831 1420 2870 cum
1459 2819 1532 2873 ibi
1572 2820 1747 2894 Chry-

206 2906 443 2953 sostomus
477 2900 691 2953 usitato
744 2898 947 2956 Grmcis
985 2904 1252 2959 vocabulo
1305 2907 1491 2962 ludum
1535 2912 1745 2967 littera-

205 2985 321 3038 rium
362 2990 627 3051 nominet,
681 2991 1140 3059 quemadmodum
1193 2995 1247 3050 in
1288 3000 1521 3068 epistola
1568 3006 1743 3072 prima

1847 1792 1979 1846 tales
2014 1792 2366 1864 blasphemias
2407 1798 2777 1864 conscripsisse
2826 1798 3178 1864 Theodorum,
3220 1801 3408 1870 hujus—

1845 1883 1989 1936 modi
2037 1884 2113 1937 ad
2163 1901 2280 1937 eum
2321 1886 2528 1941 litteras
2562 1886 2800 1942 dederat.
2850 1889 2955 1943 Alii
2997 1891 3138 1945 duos
3181 1899 3411 1946 narrant

1846 1970 2190 2037 Theodoros,
2234 1973 2495 2031 Ecclesiae
2540 1976 2934 2050 Mepsuestenaa
2971 1982 3313 2051 praepositos,
3357 1990 3411 2037 et

1845 2064 1909 2117 ad
1961 2066 2322 2134 posteriorem
2378 2068 2552 2124 fuisse
2609 2071 2791 2125 datam
2853 2086 2971 2126 eam
3030 2072 3409 2144 Clirysostomi

1844 2157 2130 2225 epistolam
2156 2160 2367 2213 volunt.
2412 2160 2773 2232 Theophanes
2817 2164 2870 2218 in
2907 2164 3305 2236 chronologia:
3345 2167 3411 2219 'H

1844 2246 1901 2300 δὲ
1949 2246 2043 2300 τοῦ
2088 2250 2473 2320 Χρυσοστόμου
2536 2252 2788 2323 ἐπιστολὴ
2839 2256 2873 2324 ἡ
2927 2255 3077 2321 πρὸς
3115 2255 3414 2323 Θεόδωρον

1843 2339 2284 2406 Μοψουεστίίις,
2340 2340 2458 2410 οὐχὶ
2512 2341 2648 2412 πρὸς
2686 2342 2779 2395 τὸν
2822 2343 3057 2413 πρῶτον,
3099 2343 3233 2397 ἀλλὰ
3275 2346 3413 2415 πρὸς

1844 2430 1936 2484 τὸν
1973 2430 2197 2501 ἔσχατον
2239 2432 2527 2503 γενόμενον
2560 2434 2707 2486 ἐστίν
2735 2451 2750 2466 ο
2780 2433 3141 2505 Chrysostomi
3191 2437 3415 2505 epistola

1848 2520 1915 2574 ad
1971 2519 2316 2575 Theodorum
2361 2521 2830 2592 Mopsuestenum,
2890 2541 2992 2578 non
3042 2524 3111 2577 ad
3157 2527 3412 2579 seniorem

1845 2612 1958 2678 ejus
1992 2610 2244 2666 Ecclesia:
2279 2615 2599 2683 episcopum,
2629 2613 2721 2667 sed
2746 2614 2814 2666 ad
2828 2614 3094 2682 juniorem
3133 2616 3260 2669 data
3289 2616 3413 2685 fuit.

1846 2700 2048 2757 Verum
2075 2712 2224 2757 errat
2251 2702 2615 2774 Theophanes
2647 2724 2661 2759 :
2695 2722 2820 2760 nam
2848 2705 3167 2762 Theodorus
3190 2705 3414 2771 Junior,

1847 2810 2046 2864 genere
2076 2794 2288 2859 Galata,
2322 2812 2636 2868 supremum
2674 2796 2816 2853 diem
2867 2799 2990 2853 vitae
3021 2801 3156 2869 egit,
3192 2808 3251 2855 ut
3293 2816 3407 2871 per-

1848 2890 2039 2959 Spicue
2087 2890 2388 2953 declarant,
2438 2897 2493 2943 et
2536 2904 2678 2959 saepe
2724 2899 2981 2959 repetunt
3026 2900 3148 2946 acta
3192 2894 3419 2948 concilii

1851 2978 2243 3048 Mopsuesteni,
2262 2994 2406 3034 anno
2424 2977 2719 3033 Justiniani
2746 2980 3091 3050 imperatoris
3130 2983 3413 3047 vicesimo,

202 3076 330 3144 (edit.
372 3088 408 3133 t.
445 3079 486 3143 l,
542 3080 727 3150 p.28)
757 3080 826 3134 ad
876 3082 1112 3138 eumdem
1165 3064 1495 3145 Theodorum
1546 3064 1613 3149 de
1642 3094 1744 3151 Ur-

1849 3070 2056 3126 scilicet
2077 3070 2378 3123 centesimo
2396 3070 2815 3142 quadragesimo
2836 3080 2891 3127 et
2917 3073 3155 3144 amplius
3171 3076 3240 3130 ab
3262 3076 3417 3129 obitu

203 3169 303 3222 baui
332 3168 609 3226 Pluenicis
642 3173 754 3226 lilio
778 3174 917 3229 idem
954 3191 1150 3233 nomen
1190 3181 1257 3235 ad
1288 3197 1400 3236 rem
1423 3184 1741 3243 litterariam

201 3262 577 3331 signiﬁcandam
616 3266 827 3321 sumit:
863 3260 1028 3333 Οὗτος
1072 3269 1133 3324 τὸ
1173 3273 1271 3343 μὲν
1312 3276 1526 3346 πρῶτον
1571 3282 1745 3353 epeo-

201 3353 300 3405 σθαι
316 3356 473 3410 πολλὰ
483 3362 617 3422 ταῖς
632 3360 808 3422 ἐντοῖς
829 3363 1098 3429 μουσείυις
1112 3364 1413 3437 διατριϐαῖς
1429 3369 1597 3425 εἰπών
1612 3390 1624 3401 ·
1643 3372 1746 3427 llic

199 3447 395 3511 primum
421 3450 643 3520 quidem
680 3451 894 3523 longum
924 3455 1038 3509 uale
1066 3456 1244 3513 dicens
1267 3461 1564 3517 scolasticis
1604 3481 1747 3519 exer-

200 3539 492 3608 citamentis,
527 3546 657 3601 suis
687 3547 883 3602 deinde
912 3549 1063 3604 visus
1111 3559 1194 3606 est
1222 3551 1451 3615 inutilis,
1487 3559 1745 3626 quoniam

200 3638 244 3684 ui
272 3635 438 3688 statim
470 3636 909 3707 Chrysostomus
936 3640 1087 3695 addit
1119 3660 1132 3695 :
1164 3643 1279 3716 Πρὸ
1317 3644 1464 3715 ὥρας
1489 3648 1595 3701 τῶν
1619 3651 1747 3720 περὶ

195 3725 301 3787 τοὺς
324 3727 509 3793 λόγους
552 3730 742 3783 πόνων
771 3734 1129 3804 ἀποπηδήσας
1166 3738 1331 3807 μηδὲν
1358 3740 1566 3795 ἐκεῖθεν
1613 3759 1746 3813 καρ-

196 3815 453 3873 πώσασθαι
479 3820 756 3893 ἐδυνήθη’
788 3823 1127 3894 Pra'propere
1167 3830 1443 3885 litterariis
1479 3832 1746 3887 laboribus

196 3925 240 3960 se
271 3912 539 3975 subduxit,
605 3914 688 3965 ita
734 3924 790 3965 ut
820 3916 939 3968 inde
977 3917 1111 3969 nihil
1144 3919 1393 3974 utilitatis
1441 3927 1743 3990 perceperit.

198 3998 248 4053 Et
280 4002 327 4054 in
358 4003 631 4069 psalmum
656 4016 902 4070 quartum
937 4024 953 4060 :
982 4009 1093 4061 Οὐκ
1146 4012 1228 4073 εἰς
1280 4017 1530 4081 μουσείον
1587 4016 1747 4070 ἀπιέ-

195 4094 376 4156 suasi,
411 4096 532 4148 οὐδὲ
556 4096 947 4166 παιδαγωγοὺς
978 4100 1246 4170 μισθῶσαι
1277 4105 1369 4157 καὶ
1401 4108 1635 4178 ῥήτορας
1657 4111 1748 4163 καὶ

198 4188 425 4252 περιττάς
446 4203 458 4216 ·
499 4186 693 4258 Neque
725 4206 853 4257 opus
881 4200 956 4244 est
1006 4191 1187 4246 ludum
1224 4195 1372 4250 adire
1404 4198 1743 4268 litterarium,

194 4294 328 4343 seque
357 4282 595 4334 mercede
628 4281 939 4352 paedagogos
961 4285 1267 4353 conducere,
1293 4306 1455 4361 neque
1483 4293 1747 4362 rhetoras,

195 4382 334 4435 neque
365 4373 665 4441 sophistas.
718 4373 822 4427 Sed
851 4390 916 4428 eo
951 4378 1134 4433 minus
1176 4395 1364 4437 errare
1412 4386 1648 4443 Savilius
1682 4406 1747 4445 eo
1782 4398 1823 4452 D

196 4459 367 4515 inloco
400 4466 704 4527 debuerat,
736 4467 881 4536 quod
915 4471 1032 4525 voci
1064 4476 1287 4540 μουσεῖα
1318 4478 1605 4547 conjunxit
1647 4498 1748 4538 au-

195 4558 297 4604 ctor
319 4556 539 4610 verbum
576 4560 793 4628 φοιτᾷν,
839 4560 983 4629 quod
1010 4560 1181 4617 Graeci
1239 4568 1536 4637 scriptores
1574 4573 1649 4626 ita
1682 4589 1749 4629 ex

194 4657 279 4696 usu
300 4647 361 4700 ad
385 4651 575 4703 studia
611 4652 1042 4719 transtulerunt,
1071 4663 1130 4708 ut
1164 4658 1290 4714 inde
1313 4660 1617 4732 discipulos
1632 4682 1751 4734 φοι-

192 4738 331 4805 τητὰς
357 4743 721 4813 appellarint.

247 4840 503 4915 Denique.
557 4863 635 4901 ne
675 4848 779 4902 hoc
820 4850 987 4905 etiam
1030 4852 1464 4919 dissimulamus,
1508 4862 1755 4930 epistulae

191 4926 684 5003 Cbrysostomiame
745 4940 887 5003 112,
950 4945 1090 4999 male
1153 4944 1395 5005 Savilius
1460 4926 1753 5019 inscribit,

189 5027 399 5098 Θεοδίίτῳ
446 5030 767 5102 ὲπισκόπῳ.
817 5031 1023 5104 Nempe
1066 5037 1299 5108 ignorat,
1350 5054 1554 5111 quanta
1594 5047 1755 5102 fuerit

190 5118 315 5173 inter
342 5120 535 5178 Patres
558 5125 635 5179 de
653 5125 749 5179 illa
773 5128 1007 5198 epistola
1048 5138 1423 5192 controversia
1456 5140 1558 5193 sub
1582 5138 1756 5197 Justi-

190 5212 335 5265 niano
386 5215 758 5286 imperatore,
820 5223 1307 5294 reponendumquc
1354 5230 1581 5285 omnino
1630 5248 1754 5287 esse

188 5302 422 5376 Θεοδώρῳ
451 5308 773 5380 ἐπισκόπῳ,
808 5312 966 5383 isque
999 5325 1085 5369 est
1116 5316 1538 5387 Mopsuestenus
1568 5325 1656 5379 hic
1687 5325 1755 5382 de

187 5407 283 5458 quo
306 5398 548 5466 agimus,
607 5408 668 5452 ut
722 5401 992 5458 aﬂirmant
1032 5406 1325 5467 Liberatus
1368 5414 1757 5487 Carthagini-n-

188 5483 253 5536 eis
274 5485 566 5554 diaconus,
604 5501 658 5543 et
687 5490 978 5552 Facundus
1004 5496 1416 5561 llermianensis
1447 5507 1542 5563 lib.
1573 5483 1672 5574 vn,
1702 5511 1752 5574 7,

189 5576 266 5644 qui
316 5579 595 5651 integram
640 5598 759 5638 eam
807 5587 1095 5657 epistolam
1142 5591 1435 5652 Latinitate
1491 5600 1745 5657 donatam

248 5715 261 5743 '
297 5713 467 5775 llebr.
502 5736 629 5785 sm,
667 5722 721 5776 4.

1844 3159 2071 3214 Joannis
2100 3158 2492 3229 Chrysostomi.
2528 3160 2715 3231 Neque
2744 3162 3000 3234 diptycha
3046 3165 3194 3220 illius
3228 3165 3418 3221 Eccle-

1846 3252 1942 3305 siae
1981 3252 2035 3305 in
2075 3252 2261 3305 eadem
2292 3253 2500 3322 synodo
2529 3256 2755 3309 recitata
2786 3257 2952 3311 alium
2990 3258 3194 3313 habent
3230 3259 3409 3315 Theo-

1845 3337 2038 3391 dorum
2069 3345 2191 3406 post
2238 3338 2637 3395 Antiochenum
2672 3344 2822 3399 illum
2872 3346 3108 3416 lapsum.
3149 3347 3255 3404 Sed
3276 3360 3417 3412 esto,

1848 3426 2014 3479 fuerit
2064 3427 2227 3490 alius,
2265 3428 2423 3497 cujus
2458 3444 2656 3485 nomen
2696 3447 2726 3485 a
2761 3433 2962 3490 tabulis
3007 3437 3115 3491 illis
3155 3438 3420 3493 ecclesia-

1847 3519 2000 3573 sticis
2050 3519 2339 3583 exciderit,
2387 3521 2434 3577 is
2482 3538 2613 3578 vero
2664 3525 2827 3579 etiam
2870 3528 2961 3581 vix
2997 3530 3102 3582 erit
3153 3530 3334 3584 statim
3385 3547 3416 3587 α

1849 3608 2027 3678 lapso,
2078 3609 2150 3661 ita
2188 3617 2247 3663 ut
2298 3610 2440 3665 inter
2489 3627 2585 3668 eos
2635 3614 2818 3669 nullus
2854 3615 3232 3671 intercesserit
3278 3620 3419 3675 alius

1855 3698 2118 3753 Ecclesia:
2150 3699 2542 3768 Mopsuestenae
2571 3704 2790 3772 prazsul,
2814 3714 2868 3759 et
2899 3707 2966 3760 de
3000 3706 3101 3759 hoc
3130 3706 3417 3778 Theopha-

1849 3805 1947 3843 nes
1993 3790 2286 3859 intelligat,
2322 3806 2390 3845 ne
2433 3792 2534 3845 hac
2563 3794 2783 3863 quidem
2815 3796 3026 3851 ratione
3072 3800 3239 3853 Stabit
3275 3801 3421 3857 illius

1855 3882 2124 3935 sententia
2158 3900 2170 3935 :
2204 3896 2329 3935 nam
2368 3882 2795 3954 Chrysostomus
2850 3887 2906 3940 in
2959 3889 3153 3943 exsilio
3193 3893 3422 3947 moritur

1849 3971 2013 4024 etiam
2047 3980 2161 4025 tum
2208 3974 2510 4041 superstite
2553 3974 2839 4031 Theodoro
2870 3980 3212 4036 Anliocheno
3246 3984 3420 4053 lapso,

1860 4064 1954 4130 qui
1990 4065 2147 4133 longe
2179 4071 2299 4133 post
2334 4066 2437 4120 sub
2459 4065 2768 4123 Theodosio
2799 4068 3054 4136 Juniore,
3096 4084 3287 4128 exacto
3321 4076 3423 4131 Ec.

1850 4154 2029 4207 clesiae
2081 4157 2410 4225 prazsulatus
2473 4168 2629 4213 sexto
2685 4171 2849 4230 atque
2905 4164 3186 4219 tricesimo
3242 4182 3419 4233 anno,

1852 4260 2011 4299 suum
2048 4247 2190 4299 diem
2222 4248 2377 4309 obiit,
2428 4256 2486 4301 ut
2519 4250 2710 4318 quinto
2740 4255 2946 4308 Hister.
2996 4256 3139 4309 libro
3178 4260 3424 4311 extremo

1852 4348 2040 4392 narrat
2074 4337 2469 4395 'l'heodoretus.
2512 4340 2624 4395 lmo
2664 4359 2792 4398 vero
2823 4361 2998 4414 neque
3029 4347 3142 4401 haec
3171 4351 3420 4419 epistola,

1851 4427 1977 4497 quia
2005 4427 2377 4498 (lhrysostomi
2408 4436 2513 4491 cst,
2543 4438 2598 4483 et
2627 4434 2693 4483 ad
2737 4431 3065 4488 Theodorum
3099 4435 3157 4487 Μ
3161 4450 3425 4505 opsueste-

1850 4533 1975 4570 num
2022 4516 2169 4581 data,
2206 4518 2410 4587 aliquid
2457 4519 2745 4591 sull'ragari
2790 4531 2966 4591 potest
3007 4524 3314 4585 fautoribus
3355 4533 3425 4585 il-

1852 4608 1997 4670 lius,
2064 4606 2208 4676 quod
2271 4607 2618 4664 Justiniauus
2671 4610 2862 4665 timent
2915 4627 2979 4666 ac
3037 4612 3422 4684 TlleOphancs.

1852 4698 1983 4751 Nam
2024 4706 2084 4751 ut
2118 4714 2319 4768 patres.
2352 4700 2445 4769 qui
2478 4701 2547 4754 ob
2595 4716 2817 4755 causam
2851 4704 3016 4757 trium
3060 4707 3426 4775 capitulorum

1852 4790 2319 4860 ConstantinOpoli
2362 4803 2751 4861 convenerant,
2803 4806 2965 4865 atque
3014 4799 3193 4861 alios,
3250 4801 3424 4855 latere

1851 4882 2029 4950 potuit
2058 4881 2630 4952 impietaS'Tlleodori,
2661 4886 2740 4939 sic
2773 4887 3069 4954 aliquando
3096 4890 3427 4961 Chrysosto-

1854 4985 2001 5023 mum
2038 4968 2607 5028 honoriﬁcentioribus
2642 4975 2824 5030 verbis
2851 4975 2918 5030 de
2951 4976 3044 5029 illo
3075 4980 3425 5036 scribentem.

1852 5059 2016 5116 Certe
2061 5062 2220 5115 latuit
2271 5077 2516 5118 summos
2565 5064 2688 5134 ejus
2740 5069 3080 5136 tempestatis
3130 5070 3182 5122 in
3219 5072 3431 5126 oriente

1857 5151 2115 5205 doctores
2142 5160 2196 5206 et
2221 5152 2576 5206 ecclesiarum
2606 5154 2906 5219 antistites,
2939 5155 3253 5213 Nectarium
3280 5160 3427 5215 Con-

1861 5243 2432 5313 stantiuopulitanum,
2453 5244 2812 5316 Theophilum
2834 5246 3289 5315 Alexandrinum,
3307 5253 3429 5308 Fla-

1860 5335 2082 5388 vianum
2117 5336 2542 5401 Antiochenum,
2573 5337 2894 5408 Gregorium
2934 5340 3263 5413 Nyssenum,
3301 5350 3430 5400 Am-

1864 5426 2194 5495 philochium
2222 5428 2413 5494 lconii,
2435 5428 2741 5485 Palladium
2764 5430 3180 5502 Caesariensem,
3208 5447 3261 5493 et
3291 5438 3437 5493 alios

1864 5518 2195 5588 quibuscum
2219 5519 2539 5577 Theodorus
2564 5523 2834 5589 consedit,
2860 5539 2924 5581 ac
2948 5528 3271 5582 sententiam
3293 5528 3431 5584 dixit

1859 5610 1912 5662 iu
1936 5609 2548 5683 Constantinopolitano
2577 5614 2854 5672 celebrato
2880 5616 3302 5689 imperatoribus
3323 5620 3437 5677 Ara
