3906 6208
492 169 615 225 £03-

1276 163 1366 217 EX
1408 161 1654 217 LEONIS
1691 159 1966 217 ALLATII
2002 160 2321 216 DIATRIBA
2364 160 2447 215 DE
2488 157 2901 216 TIIEODORIS.

3620 148 3720 203 illi

489 286 648 342 codio
684 283 927 349 tertium,
972 290 1028 339 et
1077 279 1322 337 Honorio
1369 280 1671 337 secundum
1712 278 2056 344 consulibus,
2089 283 2131 340 Α
2160 279 2424 348 propheta:
2444 258 2650 332 centum
2673 285 2721 330 et
2744 271 3123 346 quinquaginta
3149 267 3247 338 (li),
3275 281 3495 338 quorum
3525 266 3718 336 singuli

491 378 700 435 scilicet
746 376 907 447 paulo
964 383 1089 429 ante
1135 388 1298 442 quam
1334 372 1575 429 Joannes
1623 372 2056 443 Chrysostomus

491 469 747 525 Ecclesiae
768 464 1376 535 Constantinopolitana:
1403 464 1935 521 administrationem
1958 477 2053 517 ca~

491 568 760 632 pesseret.

567 652 979 722 Subjungamus
1019 650 1124 706 boc
1154 664 1372 720 quoque
1403 646 1674 703 :Roberto
1714 644 1961 698 Balforeo
2002 643 2055 697 in

494 744 936 799 adnotationibus
984 745 1052 796 ad
1095 742 1424 798 Theodorum
1473 738 1789 792 Raithenum
1842 736 2057 791 videtur

494 836 634 889 alius
682 849 805 889 esse
839 832 1159 889 Theodorus
1204 832 1641 901 Mopsuestenus,
1691 841 1853 898 quem
1899 827 2057 894 pleno

494 940 590 980 ore
627 922 969 993 Nicephorus
1000 923 1094 978 lib.
1127 939 1216 976 xiv
1245 920 1446 974 Eccles.
1480 919 1670 971 histor.
1725 932 1849 986 cap.
1878 917 1968 980 30,
2003 922 2058 969 et

496 1016 871 1071 Theodoretus
914 1015 1009 1069 lib.
1061 1030 1092 1064 ν
1122 1025 1365 1068 extremo
1413 1011 1654 1065 laudant.
1712 1008 1826 1064 lloc
1875 1018 2056 1062 tamen

496 1122 564 1162 ex
618 1108 684 1160 iis
715 1121 835 1175 quae
858 1105 1095 1159 diximus
1133 1101 1328 1156 falsum
1369 1115 1490 1156 esse
1522 1096 1967 1167 deprehenditur,
2005 1101 2059 1148 et

499 1198 841 1268 potissimum
859 1211 983 1251 cum
1004 1195 1070 1250 ad
1091 1203 1331 1262 tempora
1356 1192 1558 1261 quintae
1580 1189 1848 1259 generalis
1866 1184 2058 1257 synodi

494 1290 679 1343 nullus
710 1288 850 1342 alius
888 1285 1052 1339 fuerit
1097 1284 1514 1353 Mopsuestenus
1545 1280 1886 1343 Theodorus,
1915 1292 2057 1347 prae-

497 1390 580 1434 ter
624 1382 789 1440 hunc,
829 1377 994 1446 idque
1039 1376 1255 1431 abunde
1305 1374 1595 1443 probatum
1646 1372 1718 1427 sit
1756 1368 1810 1424 in
1852 1370 2059 1441 synodo

498 1470 915 1541 Mopsuestena;
967 1468 1017 1521 id
1057 1466 1201 1536 quod
1249 1466 1492 1535 episcopi
1529 1463 1782 1518 secunda:
1822 1461 2056 1516 Cilicum

505 1562 819 1631 provincias,
851 1568 906 1617 et
930 1560 1113 1630 plures
1146 1559 1238 1611 alii
1265 1573 1331 1611 ex
1359 1555 1630 1625 diptyehis
1663 1554 2059 1623 Mopsuesteme

495 1654 772 1713 Ecclesiae.
798 1663 850 1709 et
878 1651 1386 1721 probatissimm-um
1422 1649 1701 1701 hominum
1732 1646 2060 1699 testimoniis

496 1746 751 1812 probant,
792 1741 1063 1797 Theodori
1112 1740 1333 1802 veteris,
1385 1738 1531 1791 illius
1573 1737 1785 1790 scilicet
1840 1736 1907 1791 de
1951 1751 2060 1805 quo

495 1848 645 1888 nunc
674 1832 993 1893 scribimus,
1020 1830 1223 1885 nullam
1261 1844 1382 1883 esse
1418 1829 1778 1887 mentionem;
1815 1834 1869 1881 et
1896 1827 2059 1879 alium

496 1924 870 1982 Theodorum,
901 1922 992 1990 qui
1019 1921 1074 1975 in
1106 1921 1210 1974 fine
1232 1917 1615 1988 diptychorum
1649 1918 1887 1987 scriptus
1917 1924 2057 1980 erat,

498 2031 564 2068 ex
611 2013 823 2070 Galatia
865 2011 1180 2074 oriundum,
1232 2017 1359 2062 ante
1404 2017 1515 2063 tres
1564 2023 1737 2062 annos
1786 2018 2060 2064 mortuum

497 2102 687 2159 fuisse.
724 2100 863 2170 Ergo
888 2099 954 2154 de
996 2100 1096 2152 hoe
1123 2096 1365 2151 secundo
1398 2110 1504 2150 non
1536 2104 1664 2149 sunt
1696 2096 1857 2149 verba
1886 2095 2061 2148 Theo-

496 2190 692 2244 doreti.
728 2190 828 2253 Qui
861 2189 1004 2242 enim
1053 2195 1133 2240 tot
1169 2194 1294 2239 ante
1337 2200 1509 2237 annos
1556 2184 1866 2243 defunctus,
1901 2184 2061 2253 hujus

496 2278 598 2333 sub
622 2274 933 2331 Iustiniano
963 2276 1194 2328 viventis
1230 2274 1545 2329 meminisse
1582 2274 1794 2342 potuit?
1831 2271 1893 2326 Et
1936 2290 2059 2329 cum

497 2386 670 2439 usque
704 2368 772 2424 ad
822 2369 985 2437 hujus
1032 2366 1356 2421 recentioris
1392 2382 1633 2434 tempora
1686 2367 1871 2420 nullus
1920 2367 2061 2421 alius

499 2464 681 2525 fuerit,
705 2469 851 2515 certa
880 2466 1008 2513 sunt
1036 2457 1365 2514 Theodoreti
1395 2459 1559 2513 verba
1584 2459 1650 2512 de
1679 2468 1860 2513 vetere
1893 2458 2063 2512 Theo-

496 2555 630 2608 doro
688 2552 1087 2621 hlopsucsteno.
1136 2548 1473 2619 Nieephorus
1514 2550 1679 2604 verba
1724 2549 2056 2604 Theodoreti

496 2653 550 2697 ct
601 2644 922 2697 sententiam
965 2641 1247 2702 exscribit,
1294 2657 1467 2709 neque
1502 2641 1569 2695 de
1609 2642 1716 2693 alio
1757 2657 2059 2697 sermonem

498 2735 678 2798 habet,
709 2751 873 2803 quam
899 2733 967 2788 de
997 2749 1105 2803 quo
1137 2733 1514 2788 Theodoretus
1551 2735 1666 2804 ipse
1706 2737 1917 2789 locutus
1946 2734 2059 2790 fue-

496 2835 600 2880 rat.
637 2824 894 2880 Facessat
939 2825 1106 2893 igitur
1135 2825 1278 2879 alius
1310 2824 1397 2877 hic
1438 2823 1761 2879 Theodorus
1793 2829 2061 2881 recentior

2157 381 2404 427 constant
2453 371 2668 440 triginta
2712 366 2986 435 capitibus.
3040 362 3175 416 Item
3232 360 3609 429 expositionem
3665 358 3719 412 iu

2158 464 2395 533 quinque
2433 463 2600 516 libros
2645 458 2871 529 Moysis,
2902 471 3061 525 quam
3094 452 3261 506 tribus
3317 449 3616 518 complexus
3644 457 3720 503 est

2158 557 2333 622 tomis,
2367 555 2557 608 mirum
2595 553 2649 605 in
2681 550 2896 603 modum
2937 547 3322 604 elucubratam,
3364 541 3429 595 ad
3468 553 3717 610 magnum

2156 649 2454 716 Alpltazum.
2486 644 2729 699 Psalmos
2775 656 2972 711 quoque
3016 634 3234 689 Doridis
3276 632 3509 701 exposuit
3556 632 3718 682 tribus

2159 737 2331 801 libris,
2376 736 2444 789 ad
2482 733 2781 788 Cerdonem
2812 740 2866 785 ct
2893 730 3112 783 fratrem
3157 725 3297 793 ejus.
3349 721 3406 777 In
3437 720 3716 776 duodecim

2156 828 2453 897 prophetas
2497 816 2704 878 duobus
2751 824 2903 875 tomis
2949 827 3326 873 commentatus
3369 824 3469 877 est,
3513 812 3580 867 ad
3604 828 3719 867 mar

2157 921 2371 994 Tyrium
2424 918 2516 985 (c).
2583 918 2638 970 ln
2692 914 2996 968 Samuelcm
3054 917 3432 964 commentatus
3485 916 3559 957 est
3622 918 3720 954 uno

2159 1018 2317 1070 tomo,
2349 1010 2414 1060 ad
2446 1007 2860 1061 Mamarianum.
2894 1002 2949 1055 In
2978 1001 3168 1057 Jobnm
3200 1015 3397 1068 quoque
3426 995 3720 1048 duabuslo-

2159 1100 2280 1161 mis,
2298 1099 2361 1151 ad
2378 1098 2637 1169 Cyrillum
2662 1095 3171 1150 AlexandrinumJn
3198 1091 3557 1145 Ecclesiasten
3574 1088 3721 1141 unico

2158 1190 2290 1244 libro
2312 1199 2691 1245 commentatus
2707 1198 2804 1253 est,
2825 1187 3129 1255 deprecante
3152 1184 3461 1253 Porphyrio.
3477 1181 3721 1249 Exposuit

2156 1286 2312 1337 etiam
2376 1280 2599 1342 Isaiam,
2643 1278 2979 1341 Ezechielem,
3015 1276 3297 1330 Jeremiam
3343 1285 3387 1327 ct
3437 1273 3719 1334 Danielem,

2157 1373 2390 1447 singulos
2422 1372 2641 1443 singulis
2670 1372 2820 1425 tomis
2852 1370 3213 1439 complectens,
3236 1367 3419 1438 quibus
3448 1367 3602 1435 ﬁnem
3629 1367 3723 1418 im-

2156 1467 2327 1532 posuit
2363 1466 2472 1519 suis
2512 1462 2991 1517 elucubrationibus
3017 1463 3067 1514 in
3100 1458 3267 1514 Vetus
3293 1458 3716 1511 Testamentum.

2162 1558 2473 1610 Matt/latum
2519 1573 2622 1609 uno
2665 1557 2905 1622 exposuit
2953 1566 3114 1616 tomo,
3162 1553 3226 1605 ad
3269 1550 3489 1613 Julium;
3527 1547 3723 1600 Lucam

2162 1667 2275 1704 vero
2313 1660 2361 1703 et
2390 1648 2647 1704 Joannem
2693 1647 2893 1701 duobus
2932 1647 3109 1705 tomis,
3143 1645 3205 1697 ad
3240 1642 3555 1705 Eusebium;
3588 1646 3721 1693 Acta

2162 1741 2513 1810 apostolorum
2545 1755 2646 1792 uno
2673 1740 2970 1804 complexus
3000 1747 3073 1790 est
3123 1747 3286 1796 tomo,
3332 1734 3396 1787 ad
3442 1732 3720 1796 Basilium;

2162 1831 2454 1901 Epistolam
2489 1830 2556 1883 ad
2587 1830 2852 1885 Romanos
2875 1829 3137 1897 exposuit,
3170 1829 3291 1879 item
3321 1823 3384 1877 ad
3410 1822 3719 1884 Eusebium;

2161 1925 2355 1979 Ambas
2399 1941 2517 1976 vero
2568 1922 2837 1991 Epistolas
2868 1922 2935 1974 ad
2980 1919 3277 1975 Corinthios
3325 1915 3527 1969 duobus
3569 1914 3721 1966 tomis

2159 2015 2396 2085 exposuit
2434 2030 2495 2067 ac
2540 2012 2875 2074 dilucidavit,
2933 2011 3239 2078 deprecante
3299 2006 3581 2060 Theodoro.
3618 2002 3725 2055 Eu-

2159 2109 2378 2162 stratius
2419 2107 2494 2175 (d)
2526 2106 2803 2174 postularit
2836 2104 3205 2172 expositionem
3230 2109 3455 2170 quatuor
3477 2099 3725 2164 epistola-

2162 2213 2277 2249 rum
2299 2212 2427 2264 quas
2462 2203 2963 2249 commemoraturus
3002 2208 3138 2253 sum,
3174 2204 3350 2257 nempe
3382 2185 3632 2256 Epistolis
3657 2185 3724 2237 ad

2162 2287 2404 2350 Galatas,
2449 2298 2495 2340 et
2545 2286 2611 2339 ad
2648 2285 2920 2354 Ephesios,
2950 2293 2998 2339 et
3031 2283 3097 2336 ad
3147 2282 3517 2349 Philippeuses,
3569 2288 3614 2332 et
3655 2276 3724 2328 ad

2161 2377 2519 2433 Colossenses.
2542 2378 2706 2431 Binas
2727 2387 2899 2430 autem
2921 2376 2990 2429 ad
3018 2375 3524 2435 Thessalonicenses,
3545 2370 3722 2439 depre-

2159 2478 2310 2524 cante
2339 2467 2538 2520 Jacobo
2578 2468 2836 2535 exposuit.
2902 2464 3029 2518 Item
3076 2464 3208 2516 duas
3259 2461 3327 2514 ad
3373 2460 3722 2519 Timotheum,

2161 2559 2485 2628 supplicante
2511 2558 2703 2622 Petro;
2734 2568 2780 2611 et
2803 2555 3107 2626 deprecante
3131 2554 3325 2623 Cyrino
3349 2561 3723 2606 commentatus

2160 2664 2235 2708 est
2261 2653 2313 2705 in
2345 2650 2611 2718 Epistolas
2645 2650 2711 2702 ad
2748 2648 2944 2711 Titum,
2972 2659 3019 2700 et
3065 2646 3440 2700 Philemonem.
3488 2643 3727 2696 Direxit-

2159 2760 2255 2814 que
2280 2743 2348 2794 ad
2373 2743 2611 2796 eumdem
2654 2740 3055 2794 commentarios
3103 2739 3155 2792 in
3184 2737 3476 2806 Epistulam
3514 2737 3579 2790 ad
3622 2734 3727 2789 lle-

2163 2836 2364 2901 brzeos;
2394 2834 2620 2903 adeoque
2646 2833 2867 2904 quinque
2910 2833 3062 2885 tomis
3103 2831 3350 2898 imposuit
3381 2831 3537 2897 ﬁnem
3578 2845 3723 2881 com-

496 2932 527 2971 a
552 2916 797 2970 Balforeo
819 2924 874 2970 ct
900 2915 1024 2971 aliis
1043 2916 1405 2986 excogitatas,
1434 2923 1488 2970 et
1523 2923 1803 2986 tant0pere
1829 2931 1859 2970 a
1885 2916 2054 2973 Theo-

2170 2928 2441 2981 mentan’is
2470 2927 2521 2979 in
2548 2925 2816 2990 Epistolas
2841 2925 3100 2993 Apostoli.
3128 2922 3447 2989 Conscripsit
3470 2931 3725 2989 prtrlerca

496 3012 688 3066 doreto
715 3010 987 3065 laudatus.

566 3101 739 3170 Hujus
769 3108 1025 3169 pneterea
1046 3099 1315 3155 Theodori
1340 3102 1484 3167 (nam
1505 3101 1608 3155 erit
1629 3116 1807 3170 opera:
1831 3102 2060 3171 pretium

498 3194 601 3247 hoc
628 3194 908 3256 adnotare,
942 3194 1054 3248 sive
1086 3193 1156 3247 ob
1209 3192 1585 3249 Nestorianam
1636 3193 1905 3265 hzcresim,
1949 3195 2064 3250 sive

496 3286 567 3340 ob
597 3286 756 3339 aliam
785 3283 1030 3353 causam)
1060 3285 1199 3353 apud
1226 3284 1392 3355 Syros
1423 3292 1568 3339 tanta
1610 3284 1711 3338 fuit
1745 3288 2060 3353 auctoritas,

495 3387 550 3434 et
578 3378 777 3439 cultus,
810 3385 867 3430 ut
908 3392 1067 3445 quatit
1104 3378 1334 3446 plurima
1385 3377 1529 3431 illius
1562 3377 1613 3430 in
1652 3379 1923 3447 propriam
1957 3380 2061 3432 lia-

497 3485 658 3540 guam
694 3469 1091 3524 transtulerint.
1135 3469 1392 3535 Qumnam
1425 3483 1553 3522 vero
1589 3468 1678 3522 illa
1726 3468 1946 3533 fuerint,
1992 3469 2063 3522 E-

496 3562 716 3616 bediesu
755 3561 1041 3631 episcopus
1090 3559 1246 3614 Solae
1290 3569 1344 3613 ct
1391 3558 1657 3613 Armeniae
1705 3559 1759 3612 in
1809 3558 2061 3630 Catalogo

497 3656 751 3709 librorum
779 3654 1275 3713 ecclesiasticarum,
1301 3667 1460 3722 quem
1507 3652 1598 3706 ille
1628 3652 1848 3721 scripsit
1881 3652 2061 3722 lingua

497 3746 739 3815 Syriaca,
772 3745 823 3797 in
858 3745 997 3798 hunc
1028 3743 1244 3797 modum
1278 3742 1567 3812 expressit.
1602 3740 1776 3796 Verba
1807 3742 1952 3797 illius
1982 3743 2056 3797 ita

496 3836 728 3890 reddidit
758 3836 1061 3903 linguarum
1103 3835 1442 3889 orientalium
1477 3835 1839 3904 peritissimus
1883 3836 2054 3889 Abra-

497 3929 689 3980 hatnus
753 3924 1120 3981 Ecchellensis
1169 3926 1285 3995 (a):
1320 3926 1621 3979 Theodorus
1678 3937 2056 3979 commentator

494 4016 784 4085 composuit
828 4016 1182 4086 quadraginta
1236 4026 1285 4069 et
1336 4033 1497 4070 unum
1548 4027 1765 4081 tomum,
1808 4021 1895 4088 qui
1935 4028 2057 4072 sunt

566 4122 644 4190 (α)
667 4119 895 4175 Recudit
917 4128 1101 4189 postea
1119 4120 1537 4191 emendatiorem
1563 4121 1705 4173 hunc
1726 4121 2049 4191 catalogum,

494 4188 745 4260 notisque
775 4188 1019 4259 plurimis
1065 4191 1350 4244 illustravit
1395 4188 1507 4260 Jos.
1540 4190 1672 4244 Sitit.
1723 4188 2053 4248 Assemanus

2162 3020 2352 3073 librum
2408 3017 2482 3072 lle
2542 3018 2917 3079 sacramentis,
2969 3025 3017 3069 ct
3050 3014 3121 3070 De
3175 3017 3275 3069 lide
3324 3014 3512 3071 alium,
3563 3029 3726 3064 unum

2161 3122 2358 3166 tomum
2391 3109 2466 3164 De
2510 3108 2835 3169 sacerdotio,
2884 3119 2933 3161 et
2978 3107 3108 3159 duos
3158 3105 3231 3159 De
3269 3104 3471 3175 Spiritu
3510 3116 3724 3164 sancto,

2160 3219 2323 3257 unum
2377 3202 2447 3255 De
2505 3200 2896 3261 incarnatione,
2950 3198 3081 3251 duos
3134 3206 3319 3251 contra
3378 3197 3724 3249 liunominm.

2161 3296 2296 3353 Item
2329 3297 2459 3349 duos
2490 3302 2677 3348 contra
2703 3300 3004 3349 asserentes
3038 3293 3089 3345 in
3118 3291 3233 3360 ipsa
3265 3300 3455 3343 natura
3485 3288 3723 3357 positum

2158 3405 2280 3444 csse
2324 3394 2644 3457 peccatum:
2679 3386 2809 3439 duos
2852 3384 2998 3453 (tres)
3034 3392 3221 3438 contra
3265 3382 3518 3453 magiam,
3559 3396 3722 3432 unum

2160 3479 2225 3532 ad
2266 3476 2586 3537 monachos,
2618 3492 2780 3530 unum
2813 3473 2879 3527 de
2918 3473 3154 3526 obscura
3205 3470 3494 3550 locutione,
3555 3486 3721 3521 unum

2162 3568 2235 3623 De
2264 3566 2593 3639 perfectione
2615 3580 2837 3636 Operum
2862 3563 2951 3633 (c),
2981 3564 3205 3632 quinque
3223 3561 3483 3615 adversus
3505 3572 3599 3611 eos
3627 3557 3721 3620 qui

2164 3661 2481 3733 Scripturas
2504 3660 2729 3730 figurate
2757 3660 3201 3728 interpretantur,
3241 3672 3399 3708 unum
3436 3669 3534 3724 pro
3566 3651 3727 3705 Basi-

2164 3754 2258 3817 lio,
2285 3762 2332 3805 et
2361 3767 2522 3803 unum
2552 3749 2625 3804 De
2644 3756 2953 3803 assumente
2974 3754 3331 3815 etassumpto.
3362 3743 3495 3798 Item
3529 3740 3729 3794 librum

2161 3861 2320 3898 unum
2344 3859 2490 3912 quem
2514 3842 2779 3909 inscripsit
2806 3840 3238 3909 Margaritarum,
3263 3848 3310 3889 et
3329 3838 3477 3889 illum
3498 3834 3585 3903 qui
3605 3833 3728 3901 ejus

2160 3933 2520 4001 complectitur
2567 3930 2837 3999 epistolas.
2873 3929 3091 3981 Demum
3133 3936 3412 3979 tractatum
3447 3924 3518 3978 De
3555 3925 3727 3991 legis-

2162 4022 2383 4081 latione,
2417 4035 2516 4088 quo
2550 4018 2703 4087 ﬁnem
2742 4017 2851 4070 suis
2880 4017 3123 4085 imposuit
3145 4013 3592 4068 lucubrationibus
3622 4011 3728 4081 (f).

2163 4121 2353 4176 Menda
2389 4119 2756 4174 Ecelicllensis
2794 4136 2898 4174 non
2942 4123 3159 4188 agnovit
3192 4118 3446 4180 Allatins,
3483 4117 3731 4188 lingua-

2161 4208 2280 4246 rum
2312 4191 2683 4252 orientalium,
2714 4203 2771 4242 ut
2797 4187 3027 4249 videtur,
3059 4189 3368 4258 imperitus;
3404 4187 3561 4255 cujus
3590 4189 3730 4238 hor-

496 4262 562 4339 ir_t_
586 4258 683 4317 sua
726 4258 1048 4339 Bibliotheca
1090 4261 1356 4339 orientali,
1394 4270 1431 4313 t.
1470 4258 1558 4327 Ill,
1602 4275 1633 4313 a
1675 4276 1783 4329 quo
1826 4262 2051 4316 meliora
2084 4284 2128 4339 ι)
2158 4262 2633 4339 tatucmteroquin
2662 4277 2720 4313 se
2750 4260 2894 4339 hunc
2920 4261 3222 4339 catalognm
3258 4258 3495 4313 edidisse
3532 4268 3734 4311 narrat

496 4334 697 4400 aliquot
730 4332 991 4385 sumenda
1016 4331 1273 4401 jndicavi.

568 4403 643 4471 (ὸ)
682 4400 737 4454 ld
765 4411 849 4455 est
880 4402 997 4471 (ceu
1022 4400 1259 4470 esplicat
1289 4400 1638 4468 Assemanus)
1666 4414 1897 4469 quorum
1935 4416 2053 4457 mo-

495 4472 575 4525 les
612 4480 759 4524 tanta
788 4479 896 4534 est,
929 4480 986 4524 ut
1013 4472 1218 4524 centies
1252 4478 1306 4525 et
1343 4472 1700 4540 quinquagies
1732 4473 1898 4526 libros
1929 4487 2052 4539 pro-

495 4547 774 4611 phetarum
790 4543 1039 4611 omnium
1065 4556 1125 4611 sit
1136 4550 1303 4606 perct.

566 4610 635 4682 (c)
678 4610 1043 4682 Ecchellensis
1078 4609 1279 4682 Turini,
1312 4611 1643 4666 Assemanus
1668 4627 1783 4663 mar
1810 4609 2045 4681 Tyrium.

495 4679 908 4752 Ego'suspicog
942 4680 1247 4752 legendmn,
1287 4697 1386 4750 pro
1429 4682 1654 4751 Syriaco
1703 4679 1867 4734 titulo
1911 4699 2045 4745 mar,

493 4748 833 4820 Martyrium.
869 4748 1079 4803 Etenim
1119 4748 1433 4819 Martyrum,
1472 4748 1563 4819 qui
1600 4752 1700 4804 fuit
1726 4752 1923 4805 deinde
1956 4767 2049 4820 pa—

497 4824 737 4876 triarclta
802 4822 1192 4890 Antiochenus,
1253 4837 1465 4875 cotevus
1529 4821 1629 4875 fuit
1691 4820 2047 4890 laudatorque

494 4891 891 4963 Chrysostomi,
926 4889 1154 4960 ideoque
1179 4891 1341 4944 etiam
1387 4890 1772 4963 Mopsuesteno
1806 4889 2041 4963 contem-

496 4960 783 5030 porarieus.
823 4961 1061 5015 Consule
1104 4969 1347 5014 nostram
1396 4960 1598 5014 Novam
1644 4963 1877 5013 biblioth.
1928 4960 2042 5017 PP.

496 5031 584 5112 Ι-Υ,
608 5034 697 5085 ubi
714 5040 951 5112 _est_pat's
970 5032 1281 5112 panegx'rici
1305 5033 1357 5084 in
1380 5032 1828 5112 Chrysostommn
1850 5034 1919 5084 al)
1944 5032 2046 5112 hoc,

494 5102 757 5170 Hartyrio
785 5101 933 5155 dicti.
974 5102 1116 5157 Sane
1152 5101 1307 5154 Turis
1341 5102 1639 5156 monachus
1676 5105 1872 5169 legitur
1902 5101 2045 5169 apud

493 5174 809 5243 praultctum
859 5172 1257 5227 Eccbeltensem
1296 5188 1346 5240 p.
1378 5171 1608 5243 Based
1651 5172 1853 5224 omittit
1900 5172 2044 5225 hunc

492 5239 845 5310 lssemagnus,
886 5244 974 5310 qui
1005 5257 1128 5296 eum
1154 5239 1393 5295 scribere
1416 5239 1691 5293 debuisset
1716 5243 1856 5293 inter
1882 5256 2040 5309 capp.

492 5312 562 5363 87
584 5319 637 5364 et
667 5308 752 5363 88.
785 5308 981 5365 Omisit
1012 5322 1213 5374 autem,
1248 5312 1372 5378 quia
1404 5327 1640 5364 errorem
1673 5326 1793 5365 esse
1826 5308 2044 5379 agnouit

496 5381 881 5438 Eccltellensis,
917 5383 985 5435 de
1026 5384 1184 5450 cujus
1226 5384 1349 5436 aliis
1384 5380 1595 5435 mendis
1638 5381 1893 5436 admonet
1942 5398 2043 5437 nos

493 5461 636 5505 tumo
670 5451 923 5519 praedicto
954 5467 1005 5519 p.
1046 5454 1066 5504 ί
1107 5462 1159 5506 et
1192 5453 1243 5507 4.

565 5521 641 5590 (d)
682 5520 929 5574 I'Istratea
974 5522 1203 5578 Allatius
1246 5538 1310 5576 ex
1349 5521 1683 5575 Ecehellensi
1731 5537 1780 5589 p.
1816 5521 1906 5586 29,
1947 5522 2037 5591 qui

493 5589 654 5643 etiam
690 5592 743 5644 in
778 5591 964 5660 indice
978 5592 1031 5643 id
1067 5592 1317 5645 mendum
1347 5594 1691 5660 repetiverant,
1717 5608 1824 5660 quo
1852 5589 2040 5646 errore

494 5678 558 5714 ex
588 5671 874 5716 marcenate
919 5658 1213 5728 Eustratio,
1245 5661 1372 5717 fecit
1412 5658 1711 5716 Estrateam
1738 5658 2034 5717 auctmem.

2159 4333 2526 4387 Ecchellensis
2562 4331 2615 4385 in
2651 4331 2803 4399 praef.
2844 4346 2895 4399 p.
2926 4330 3014 4385 27.

2227 4403 2292 4470 (ε)
2334 4401 2702 4455 Ecchcllensis
2741 4401 2816 4454 De
2853 4401 3167 4468 perfectione
3210 4400 3499 4470 regiminis.

2226 4474 2300 4541 (ί)
2343 4472 2413 4526 De
2454 4470 2816 4539 Mopsuesteni
2866 4473 3083 4539 scriptis
3127 4471 3317 4524 sedqu
3355 4485 3454 4523 nos
3499 4483 3731 4541 quoque.

2151 4538 2389 4596 diximus
2432 4542 2484 4593 in
2538 4538 2685 4609 prmi.
2733 4543 2861 4595 tomi
2913 4542 2929 4592 Ι
2976 4542 3173 4609 prieris
3217 4540 3470 4595 editionis
3520 4538 3727 4606 Scripr.

2151 4625 2273 4672 vet.,
2310 4628 2374 4666 ex
2411 4627 2521 4680 quo
2549 4613 2668 4664 loco
2701 4626 2807 4665 non
2842 4622 3137 4665 memorata
3171 4612 3431 4665 nonnulla
3456 4613 3727 4680 cognosci

2153 4678 2477 4752 possuntab
2502 4682 2720 4752 Allatio,
2753 4689 2805 4735 et
2835 4683 3101 4749 praecipue
3124 4700 3185 4735 ex
3212 4681 3370 4752 b'abr.
3408 4696 3531 4732 cum
3562 4678 3726 4734 llarl.

2150 4750 2213 4807 Β.
2241 4752 2302 4805 G.
2325 4761 2363 4805 t.
2387 4751 2451 4810 Χ,
2472 4767 2524 4820 p.
2544 4750 2648 4803 546
2673 4768 2819 4819 sqq.,
2851 4752 2902 4803 id
2927 4760 3008 4804 est
3042 4752 3278 4819 liturgia,
3302 4751 3544 4820 hymnus.
3569 4766 3729 4816 (μισε-

2151 4826 2340 4876 stiones
2375 4821 2597 4881 biblicar,
2634 4823 3036 4874 commentarius
3067 4823 3119 4873 in
3154 4820 3416 4875 Marcum.
3447 4821 3511 4873 de
3547 4821 3728 4871 mira-

2150 4895 2281 4946 culis
2331 4892 2551 4945 Christi.
2609 4891 2739 4945 ltem
2802 4906 2903 4944 nos
2959 4890 3150 4958 Scripl.
3206 4904 3301 4945 ret.
3365 4890 3474 4949 Vll,
3512 4906 3563 4959 p.
3627 4891 3725 4949 75,

2148 4962 2507 5032 fragmentum
2563 4961 2887 5032 protulimus
2936 4961 3209 5032 Θερδώρου
3260 4962 3385 5032 περὶ
3416 4962 3729 5032 Νέστορα-

2148 5030 2276 5092 viiii},
2318 5033 2407 5099 qui
2444 5041 2623 5083 tamen
2656 5031 2957 5085 liaithenus
3002 5030 3256 5093 fortasse,
3295 5030 3402 5084 non
3460 5030 3725 5098 Mopsi“:-

2148 5115 2356 5162 stenus,
2391 5100 2775 5170 intelligendus
2822 5113 2925 5156 est.
2980 5100 3115 5154 Tum
3170 5117 3298 5155 vero
3350 5103 3401 5153 in
3457 5111 3607 5154 tonio
3654 5100 3724 5156 \‘l

2147 5174 2342 5237 δοτῆρι.
2377 5184 2474 5227 vet.
2516 5180 2638 5238 post
2665 5175 3085 5226 commentarios
3114 5174 3166 5224 in
3202 5187 3275 5225 Ml
3312 5175 3535 5225 minores
3586 5188 3723 5239 pro-

2144 5244 2349 5309 phetas,
2378 5244 2482 5294 alia
2514 5240 2880 5311 Mupsuesteni
2907 5243 3124 5310 copiosa
3152 5242 3451 5310 fragmenta
3480 5249 3725 5293 attexui-

2149 5328 2290 5373 mus,
2332 5326 2452 5379 qua:
2493 5326 2677 5379 posma
2722 5312 2872 5379 plena
2926 5328 3083 5364 manu
3129 5313 3460 5365 cuumlaturi
3493 5327 3719 5366 suums.

2146 5381 2276 5435 Item
2332 5390 2460 5434 tum.
2497 5381 2533 5441 l,
2578 5383 2628 5433 in
2665 5385 2754 5433 cit.
2811 5381 2961 5450 prtcf.
3020 5382 3258 5437 diximus
3288 5397 3449 5450 (pium
3505 5381 3719 5435 frustra

2146 5452 2298 5505 ntulti
2329 5452 2567 5505 dixerint
2589 5452 2757 5521 (nuuc
2788 5461 2964 5506 tanien
3005 5454 3260 5505 Allatium
3288 5453 3524 5520 excipio)
3559 5451 3715 5521 Mup-

2146 5533 2457 5575 snestcnum
2490 5521 2781 5589 scripsisse
2811 5521 2997 5575 decem
3036 5523 3205 5575 millia
3243 5523 3525 5576 librorum.
3571 5522 3717 5586 QtllS

2147 5593 2288 5644 enim
2319 5592 2431 5659 jam
2465 5592 2661 5651 nescit,
2693 5592 2985 5662 mgriadem
3024 5592 3131 5645 dici
3165 5609 3194 5644 a
3227 5591 3427 5647 Graecis
3462 5607 3563 5661 pro
3595 5596 3717 5662 plac

2147 5662 2285 5713 rimo
2310 5674 2557 5725 numero,
2599 5668 2657 5714 ut
2691 5675 2720 5713 a
2758 5662 2965 5715 Latinis
2996 5674 3236 5716 sexcenta
3260 5666 3286 5716 γ
