3906 6208
166 178 3394 231 W

170 218 1319 248 Ψ

774 512 1577 643 THEODORI
1688 511 2782 639 MOPSUESTENI

1465 793 2096 858 COMMENTARIUS

501 1031 650 1144 IN
711 1024 1443 1144 DUODECIM
1526 1020 2369 1137 PBOPHETAS
2452 1017 3084 1135 MINORES

1130 1446 1405 1538 ANG.
1501 1445 1763 1535 MAII
1830 1442 2466 1535 PRIEFATIO

605 1687 840 1754 (γι-εὕει
859 1686 1063 1737 editioni
1087 1685 1270 1736 Graece
1295 1685 1409 1734 anni
1436 1681 1561 1732 1852
1584 1680 1634 1731 in
1659 1678 1967 1745 Scriptorum
1990 1688 2206 1733 veterum
2230 1696 2353 1732 nova
2378 1679 2687 1743 Collectione,
2717 1690 2833 1733 tom.
2857 1683 2965 1747 Vl.)

1778 1897 1847 1911 ὀ-

237 2056 276 2110 1.
312 2049 602 2107 Tbeodori
634 2047 985 2118 Mopsuestia:
1031 2059 1271 2115 episcopi
1301 2044 1720 2098 Commentarios
1761 2042 1829 2097 ad
1858 2043 2229 2113 prophetarum
2265 2041 2314 2094 X
2326 2040 2407 2105 11,
2438 2056 2576 2111 quos
2607 2041 2847 2096 minores
2870 2042 3127 2107 dicimus,
3168 2038 3415 2096 vaticinia

179 2157 291 2203 ante
312 2140 675 2213 septennium
696 2137 860 2191 edere
886 2132 1027 2204 ccepi
1048 2174 1062 2197 ,
1090 2134 1371 2204 impressis
1393 2134 1645 2189 videlicet
1664 2132 1842 2188 tribus
1864 2133 2231 2193 brevioribus.
2261 2147 2384 2185 cum
2421 2132 2657 2202 prologis
2690 2132 2919 2202 aliquot.
2950 2132 3103 2189 Nunc
3144 2134 3413 2206 integrum

183 2241 305 2295 tanti
338 2233 672 2305 interpretis
702 2246 841 2300 epus
864 2228 1131 2293 editurus,
1173 2229 1296 2285 illas
1326 2244 1546 2301 quoque
1578 2229 1810 2284 leviores
1842 2237 2027 2299 partes
2056 2228 2408 2283 associandas
2438 2229 2643 2296 putavi,
2693 2245 2762 2283 ne
2803 2227 3120 2287 Theodorus
3167 2232 3417 2288 videlicet

190 2348 279 2390 sua
307 2328 566 2385 membra
598 2322 897 2386 desideret,
930 2336 1050 2390 quae
1084 2322 1139 2376 in
1182 2323 1315 2376 tomi
1364 2321 1792 2392 angulojauidiu
1826 2319 2077 2375 distracti
2114 2319 2400 2381 collocata,
2431 2326 2636 2373 etcum
2666 2320 2806 2375 idem
2858 2330 3035 2378 tomus
3062 2323 3418 2379 recuderetur

186 2426 401 2486 omissa,
448 2417 710 2487 nuspiam
754 2412 1119 2483 quaerentibus
1160 2412 1320 2467 hodie
1358 2420 1642 2483 apparent.
1689 2409 1804 2466 Hoc
1850 2418 2109 2479 suscepto
2145 2411 2397 2475 consilio,
2446 2410 2532 2463 illa
2574 2409 2779 2479 pariter
2818 2415 3066 2480 prooemii
3113 2414 3215 2468 mei
3263 2426 3420 2484 repe-

188 2516 338 2571 tenda
374 2526 512 2583 pars
548 2509 673 2570 fuit,
706 2520 827 2575 quae
850 2503 920 2560 de
951 2507 1052 2562 hoc
1080 2506 1355 2562 Theodori
1383 2522 1547 2578 opere
1580 2507 1842 2577 loquitur,
1886 2506 2254 2575 praetermissa
2304 2515 2483 2560 tamen
2518 2505 2586 2560 de
2625 2507 2850 2577 reliquis
2879 2509 3121 2577 ejusdem
3158 2512 3419 2578 operibus

186 2613 576 2685 disputatione.
602 2604 924 2661 Theodorus
958 2605 1121 2675 igitur
1142 2604 1309 2659 nobili
1335 2620 1531 2675 genere
1556 2605 1860 2660 Antiochiae
1897 2613 2058 2659 natus
2085 2612 2189 2668 est,
2216 2603 2430 2660 Libanii
2457 2605 2511 2658 in
2542 2604 2881 2673 eloquentia,
2919 2604 3163 2661 Flaviani
3203 2623 3267 2661 ac
3293 2608 3420 2664 Dio-

189 2709 299 2763 dori
334 2714 392 2761 et
433 2701 675 2759 Carterii
700 2699 757 2753 in
796 2695 1064 2769 theologia
1091 2694 1414 2764 discipulus,
1457 2694 1849 2764 philosOphicis
1894 2708 2113 2765 quoque
2139 2694 2408 2749 doctrinis
2442 2694 2658 2749 abunde
2690 2697 3007 2762 instructus,
3038 2708 3092 2753 et
3125 2700 3196 2754 ob
3235 2701 3423 2756 multi-

190 2799 379 2867 plicem
437 2793 731 2850 scientiam
782 2788 1085 2859 polyhistor
1152 2786 1366 2848 dictus,
1420 2785 1982 2858 Joan.Chrysostomi
2030 2786 2442 2855 condiscipulus
2493 2800 2558 2840 ac
2609 2784 2933 2852 familiaris;
2988 2803 3095 2858 quo
3145 2789 3425 2846 hortatore

194 2893 514 2950 Theodorus
546 2884 747 2957 prioris
774 2898 807 2937 a
840 2896 900 2936 se
922 2876 1153 2931 luxuriae
1182 2874 1552 2930 blandimenta
1582 2876 1824 2945 depulit;
1863 2874 2189 2931 Theodoreti
2226 2876 2458 2946 (utinam
2490 2890 2599 2930 non
2626 2884 2682 2930 et
2711 2876 2943 2932 Nestorii
2978 2894 3043 2933 ac
3082 2878 3356 2936 Barsumze
3383 2883 3421 2950 Ξ)

193 2992 486 3062 magister;
508 2987 813 3044 haereseon,
842 2974 1108 3045 Origenis,
1135 2972 1269 3035 Arii,
1293 2972 1647 3044 Apollinaris,
1671 2972 1946 3038 Eunomii,
1972 2971 2204 3027 Persica:
2236 2972 2398 3026 etiam
2432 2972 2619 3042 magiae
2645 2981 2696 3026 et
2727 2970 2927 3026 Iuliani
2952 2971 3223 3043 Apostatae
3249 2990 3427 3045 oppu-

195 3091 417 3155 gnator;
444 3078 518 3131 ab
550 3072 921 3132 Orientalibus
951 3070 1229 3141 sapientiae
1261 3085 1430 3135 mare,
1460 3080 1514 3125 et
1541 3067 1947 3139 Scripturarum
1970 3069 2242 3138 interpres
2276 3068 2394 3122 κατ’
2417 3068 2613 3137 ἐξοχὴν
2640 3067 2839 3133 dictus,
2873 3071 3138 3126 universae
3170 3070 3430 3127 Ecclesia:

197 3175 378 3227 ειπερ,-
413 3166 690 3223 ίῃιει-(Ῐιιιῐι
719 3162 1039 3235 appellatus,
1071 3174 1127 3219 et
1147 3160 1321 3232 Magni
1350 3160 1584 3231 denique
1615 3169 1976 3231 cognomento
2019 3159 2253 3215 donatus
2280 3159 2380 3230 (a).
2404 3160 2580 3229 Atque
2611 3174 2714 3230 ego
2739 3160 2923 3214 statim
2955 3158 3220 3216 confiteor
3251 3160 3430 3217 Theo-

198 3265 303 3320 dori
342 3262 558 3328 scripta
591 3256 757 3309 variis
787 3253 1064 3308 erroribus
1105 3253 1275 3307 fuisse
1313 3268 1644 3323 conspersa;
1676 3252 1930 3323 justeque
1967 3267 2092 3307 eum
2132 3252 2187 3307 in
2234 3253 2526 3317 haereseos,
2569 3252 2616 3307 si
2658 3267 2765 3306 non
2807 3251 3141 3322 pertinacem
3190 3253 3427 3323 culpam,

199 3371 339 3420 certe
372 3359 676 3415 errantiam
710 3365 960 3409 vocatum
988 3393 1001 3418 ,
1047 3360 1157 3405 tum
1187 3352 1314 3421 quia
1356 3352 1411 3407 id
1458 3353 1575 3422 ipse
1606 3359 1798 3406 auctor
1832 3352 2104 3406 interdum
2136 3349 2430 3407 confessus
2470 3357 2555 3406 est
2572 3348 2667 3420 (b);
2709 3355 2825 3402 tum
2852 3347 2979 3418 quia
3009 3349 3259 3419 graviora
3306 3348 3429 3406 s'nnt

202 3470 355 3525 quam
396 3461 451 3505 ιιι
481 3449 685 3505 elevari
721 3449 934 3519 possint
972 3448 1277 3504 testimonia
1306 3447 1358 3502 in
1389 3463 1514 3503 eum
1540 3447 1684 3502 dicta
1724 3464 1752 3501 ει
1787 3447 1845 3503 S.
1873 3448 2077 3519 Cyrillo
2111 3448 2164 3502 in
2200 3447 2440 3515 Epistola
2474 3446 2542 3501 ad
2582 3443 2851 3507 Proclum,
2899 3460 2930 3498 a
2968 3443 3195 3502 Leontio
3233 3444 3434 3501 Contra

207 3544 351 3599 Neu.
386 3544 488 3596 lib.
520 3557 599 3605 ιιι,
631 3555 661 3593 a
690 3538 921 3593 Maximo
948 3538 1002 3592 in
1029 3538 1307 3607 opusculis
1334 3552 1387 3606 ρ.
1425 3537 1515 3602 91,
1553 3553 1583 3591 a
1609 3536 1921 3593 Justiniano
1947 3540 2001 3592 in
2036 3554 2192 3593 sacra
2226 3540 2454 3610 epistola
2498 3546 2551 3593 et
2584 3538 2637 3591 in
2683 3537 2773 3592 illa
2799 3536 3091 3607 prolixiora
3129 3552 3289 3607 quam
3323 3541 3433 3607 pri-

206 3654 319 3692 mus
344 3634 653 3689 Bandinius
682 3632 883 3699 edidit;
922 3648 953 3687 a
983 3632 1268 3689 Theodoro
1299 3633 1661 3689 Raithunensi
1698 3634 1753 3687 in
1784 3636 2051 3705 Opusculo
2093 3635 2167 3689 Dc
2198 3637 2427 3697 incarn..
2460 3649 2490 3689 a
2525 3634 2696 3688 Mario
2729 3630 3027 3686 Mercatore
3069 3631 3121 3685 in
3163 3635 3334 3700 Actis,
3366 3637 3434 3689 al.

208 3727 514 3782 Hamartolo
542 3724 597 3779 in
612 3722 883 3779 Chronico
924 3723 1147 3786 inedito,
1184 3740 1215 3778 a
1250 3722 1444 3778 Photio
1480 3724 1535 3777 in
1566 3722 1892 3777 Bibliotheca
1919 3735 1969 3778 et
1998 3724 2055 3777 in
2080 3724 2347 3793 epistolis,
2374 3731 2427 3778 et
2461 3738 2491 3776 a
2537 3727 2771 3792 generali
2796 3726 2984 3795 quinto
3031 3728 3263 3783 concilio
3306 3730 3435 3785 totis

209 3820 513 3874 actionibus
547 3825 742 3888 quarta
765 3828 820 3873 et
839 3818 1047 3887 quinta,
1088 3826 1143 3872 et
1169 3832 1377 3871 canone
1404 3816 1748 3881 duodecimo,
1786 3832 1998 3873 necnon
2035 3819 2087 3871 in
2122 3816 2439 3887 pontificum
2477 3816 2833 3871 maximorum
2861 3820 3040 3888 magni
3069 3819 3312 3889 Gregorii
3340 3822 3433 3892 (ε),

210 3919 261 3964 et
286 3909 594 3979 praesertim
630 3906 833 3975 Pelagii
859 3905 902 3959 ll
925 3904 1002 3975 (ά)
1041 3905 1323 3974 epistolis:
1352 3920 1452 3958 nec
1491 3902 1745 3976 Vigilium
1776 3915 2058 3976 praetereo,
2099 3906 2215 3974 qui,
2247 3904 2348 3959 etsi
2391 3904 2662 3974 principio
2702 3906 2963 3963 damnare
2993 3907 3435 3979 Mopsuestenum

216 4007 402 4070 noluit,
431 4018 503 4058 ne
538 4003 804 4072 plurimos
828 4002 1118 4071 episcopos
1160 4000 1289 4054 huic
1318 3998 1563 4055 faventes
1595 4001 1814 4071 gravius
1841 3999 2156 4064 oli‘enderet,
2197 3997 2394 4054 deinde
2438 4007 2639 4062 tamen,
2677 4000 2743 4055 ad
2766 4001 2971 4071 scripta
2998 4013 3147 4058 certe
3173 4003 3317 4074 quod
3353 4013 3438 4058 at-

216 4099 363 4162 tinet,
398 4098 681 4151 damnanti
706 4097 914 4167 synodo
952 4109 1210 4150 assensus
1239 4102 1345 4158 est,
1372 4102 1531 4163 atque
1568 4109 1784 4150 errores
1809 4094 2052 4166 singulos
2080 4094 2312 4149 mirabili
2338 4096 2637 4149 constituto
2678 4099 2943 4167 coarguit.
2978 4099 3132 4155 Mitto
3167 4100 3303 4155 alios
3338 4101 3439 4153 mi-

218 4192 357 4246 noris
386 4192 711 4261 plerumque
740 4190 975 4246 nominis
1012 4199 1396 4257 accusatores;
1426 4192 1585 4246 mitto
1611 4191 1907 4246 hodiernos
1940 4201 2363 4262 oppugnatores,
2394 4208 2532 4261 quos
2570 4193 2713 4248 inter
2737 4192 3010 4250 Norisium
3060 4198 3115 4251 in
3143 4196 3439 4266 Pelagiana

218 4291 466 4354 historia;
506 4290 763 4360 quamvis
787 4297 841 4345 et
870 4290 1029 4343 multi
1057 4289 1375 4345 defensores
1405 4298 1552 4353 sunt,
1586 4289 1888 4360 praesertim
1922 4290 2194 4344 liberioris
2243 4293 2525 4345 sententiae
2555 4290 2824 4346 homines.
2871 4288 2978 4344 Sed
3021 4288 3151 4343 mihi
3185 4285 3440 4358 equidem

222 4398 400 4451 parum
432 4385 611 4453 placet
634 4383 849 4438 illorum
882 4382 1211 4452 institutum,
1244 4388 1333 4456 qui
1361 4388 1635 4442 hominum
1668 4402 1696 4441 a
1718 4395 1900 4441 vetere
1922 4385 2164 4441 Ecclesia
2192 4386 2592 4452 damnatorum,
2623 4384 2913 4441 neotericis
2937 4382 3225 4439 conatibus
3248 4382 3440 4436 ortho-

220 4479 425 4534 doxiam
457 4480 512 4533 vi
543 4480 863 4537 obtrudnnt.
889 4481 1210 4554 Quanquam
1235 4492 1290 4538 et
1308 4484 1383 4554 pii
1412 4484 1683 4539 interdum
1712 4483 1947 4553 theologi
1978 4482 2031 4537 id
2077 4484 2365 4538 consilium
2409 4485 2581 4537 secuti
2628 4486 2775 4542 sunt,
2813 4478 2887 4532 ita
2922 4483 2981 4531 ut
3026 4491 3112 4531 ex.
3144 4490 3225 4547 gr.
3252 4473 3443 4545 Orige-

221 4592 334 4629 nem
380 4575 707 4640 Halloixius,
738 4578 990 4636 Stavolus
1020 4581 1199 4635 adhuc
1237 4582 1475 4637 ineditus
1513 4581 1902 4636 Cmsariensem
1933 4580 2224 4636 Eusebium
2270 4581 2507 4650 copiosis
2542 4578 2762 4650 scriptis
2796 4576 3153 4633 defenderint.
3188 4572 3336 4629 Sane
3372 4575 3443 4629 ad

222 4662 581 4735 Mopsuesteni
609 4668 831 4720 tutelam
864 4669 1132 4726 Occidens
1158 4686 1323 4741 prope
1354 4673 1643 4727 universus
1676 4687 1797 4726 cum
1822 4671 2005 4725 Africa
2034 4672 2161 4726 olim
2188 4672 2624 4741 conspiraverat:
2664 4685 2832 4741 quare
2851 4665 3443 4723 ettristissimumillud

220 4756 448 4808 schisma
475 4757 685 4809 exarsit
715 4756 1061 4826 Aquileiense
1088 4762 1468 4831 episcoporum
1501 4762 1784 4817 Theodoro
1823 4761 2304 4830 patrocinantium,
2336 4761 2483 4831 quod
2515 4760 2747 4815 Romani
2778 4760 3062 4831 pontifices
3102 4757 3193 4810 vix
3223 4756 3443 4812 tandem

219 4852 505 4921 aliquando
545 4860 669 4922 post
706 4867 809 4906 cu
838 4865 1010 4905 annos
1051 4852 1534 4918 exstinxeruntie).
1577 4850 1714 4906 Tum
1744 4858 1962 4905 exstant
1990 4848 2233 4905 Facundi
2264 4850 2676 4914 Hermianensis
2710 4852 2764 4906 in
2801 4850 2986 4904 Africa
3013 4847 3251 4918 episcopi
3288 4848 3447 4901 volu-

220 4943 359 4994 mina
385 4942 705 5005 duodecim,
740 4951 793 4997 et
817 4944 919 4995 alia
951 4939 1060 4994 duo
1090 4941 1334 5010 ejusdem
1362 4943 1565 5012 scripta
1592 4960 1605 5010 ;
1642 4951 1696 4996 et
1720 4950 1979 5011 praeterea
2006 4942 2287 5011 complura
2316 4951 2557 4997 veterum
2588 4943 2896 4997 testimonia
2928 4947 3057 4993 sunt
3089 4936 3448 4995 (Theodoreti
3491 4998 3496 5011 ί

219 5029 429 5102 Iliaeque
449 5034 632 5103 puta),
659 5048 781 5103 quae
803 5032 1089 5091 Theodoro
1113 5039 1323 5092 laudem
1366 5040 1671 5093 affundunt.
1712 5038 1817 5092 Sed
1851 5047 2000 5093 certe
2033 5038 2099 5093 ad
2128 5038 2350 5093 Latinos
2382 5039 2691 5093 laudatores
2728 5037 2870 5107 quod
2905 5036 3116 5096 attinet,
3146 5031 3451 5085 audiendus

219 5124 467 5195 Pelagius
512 5124 552 5179 ιι
582 5140 719 5195 papa
762 5127 819 5180 in
846 5126 1217 5183 disertissimis
1256 5131 1323 5182 ad
1371 5129 1544 5182 Etiam
1592 5128 1953 5197 patriarcham
2001 5128 2395 5183 schismaticum
2429 5137 2483 5184 et
2515 5128 2583 5180 ad
2617 5126 2795 5180 Istriae
2817 5126 3081 5192 episcopos
3121 5122 3311 5178 litteris
3329 5121 3376 5194 (ι’
3401 5118 3456 5186 ):

287 5304 368 5369 (α)
407 5300 625 5375 Sperat.
661 5318 729 5375 v,_
761 5301 830 5365 ὃς
864 5300 1079 5375 S‘ozom.
1111 5319 1229 5375 gn,
1278 5304 1346 5375 2;
1404 5303 1593 5371 Evagr.
1639 5322 1676 5368 ι,
1710 5305 1779 5370 2;
1880 5306 2048 5359 berat.
2079 5303 2315 5359 Breviar.
2349 5320 2466 5375 cap.
2492 5306 2543 5359 ι.

218 5368 456 5426 Facund.
488 5388 549 5437 ιι,
574 5372 649 5437 2;
689 5370 933 5425 Gennad.
972 5389 1081 5441 xu;
1115 5368 1438 5429 Theodoret.
1479 5368 1623 5429 Hist.
1656 5378 1759 5427 εδει

222 5457 268 5495 ν.
304 5444 375 5495 ιο
399 5463 415 5495 :
458 5442 652 5495 Leont.
699 5452 882 5495 contra
910 5441 1061 5495 Nest.
1093 5460 1175 5495 ιιι.
1217 5454 1270 5495 et
1306 5446 1383 5495 De
1417 5455 1538 5495 sect.
1575 5452 1679 5495 act.
1712 5446 1744 5495 4

1266 5368 1438 5429 (ἰονιθι.
1479 5368 1623 5429 Hist.
1656 5368 1781 5427 ecrl.
2194 5392 2232 5429 ι.
2261 5375 2352 5450 25.
2381 5368 2442 5456 μ’,
2472 5377 2561 5436 51.
2593 5390 2691 5434 vn,
2720 5373 2805 5427 54.

1263 5458 1270 5495 L
1306 5446 1383 5495 De
1417 5455 1538 5495 sect.
1575 5452 1679 5495 act.
1712 5446 1785 5495 4:
2022 5449 2035 5495 l
2132 5445 2222 5495 ard
2276 5444 2477 5495 ('oncil.
2511 5454 2640 5495 tom.
2682 5443 2768 5495 Ill.
2798 5460 2805 5495 ι

222 5457 268 5513 ξ.
304 5444 415 5509 t0;
458 5442 882 5513 Leont:_contra
910 5441 1061 5498 Nest.
1093 5460 1175 5509 ιιι,
1217 5454 1270 5500 et
1306 5446 1383 5498 De
1417 5455 1538 5498 sect.
1575 5452 1679 5501 act.
1712 5446 1785 5508 4;
1957 5441 2035 5513 (ά)
2078 5441 2222 5499 Hard
2276 5444 2477 5499 t'oucil.
2511 5454 2640 5497 tom.
2682 5443 2768 5507 Ill,
2798 5459 2849 5513 p.
2880 5443 3007 5498 430.

223 5510 444 5582 ﬁiceph.
484 5511 723 5584 xui,_30.
807 5580 821 5584 _
1019 5583 1027 5584 ί
1318 5582 1357 5584 η
1495 5583 1504 5584 7
1608 5581 1621 5584 Α
1962 5510 2030 5583 (e)
2072 5513 2311 5569 Monum.
2342 5516 2516 5584 Aquit.
2550 5510 2876 5584 indacbron.

286 5580 365 5651 (ὁ)
388 5582 556 5655 Apud
602 5580 954 5655 Faciundum
996 5583 1055 5655 κϐ,
1100 5600 1153 5637 ιι.
1201 5584 1265 5649 5;
1307 5582 1551 5655 ‘Hesych.
1578 5581 1789 5655 fragm.
1964 5580 2045 5655 (f)
2086 5584 2253 5640 llard.
2289 5580 2490 5641 Concil.
2515 5593 2646 5636 tom.
2678 5582 2762 5647 Ill,
2797 5600 2847 5655 p.
2880 5584 3001 5639 A30.

224 5649 347 5707 hist.
384 5649 669 5707 iu'concil.
701 5649 765 5714 Υ,
801 5651 885 5705 ed.
915 5654 1081 5708 (Solet.
1129 5663 1259 5706 tom.
1306 5653 1394 5719 IX,
1427 5649 1488 5723 'p.
1527 5652 1663 5719 248;
1706 5654 1795 5706 Li-

555 5744 831 5803 PATROL.
882 5743 977 5802 Gn
1047 5746 1264 5811 LXVI;

3146 5747 3179 5801 ι.

3890 1118 3891 1147 1

3890 1156 3891 1169 κ

3886 1236 3891 1261 1

3890 1496 3891 1545 1

3890 1564 3891 1577 κ

3882 962 3891 1053 1

3884 1056 3891 1111 1

3886 1236 3891 1305 1

3890 1322 3891 1351 ι

3890 1426 3891 1485 1

3890 1496 3891 1545 1

3890 1592 3891 1683 1

3888 1718 3891 1777 ι

3890 1894 3891 1981 1

3890 2152 3891 2223 1

3890 2274 3891 2335 1
