3898 6228
446 181 541 235 Ill‘l
1675 178 1834 235 ANG.
1878 179 2019 233 MAII
2061 179 2452 237 PREFATIO.
3579 191 3674 251 I08

444 298 623 353 Latini
648 296 876 351 homines
912 294 1208 350 Graecitatis
1240 296 1431 365 ignari,
1466 293 1590 347 dum
1620 296 1853 364 linguam
1894 297 2157 361 nesciunt,
2214 315 2443 353 errorem
2503 296 2650 350 tarde
2687 306 3061 367 cognoverunt;
3111 316 3331 368 quorum
3361 307 3678 367 constantia,

441 410 706 463 quousque
729 410 903 447 verum
939 400 1325 462 cognoscerent,
1356 407 1390 443 a
1418 390 1699 445 certamine
1730 407 1831 444 non
1868 392 2079 458 quievit.
2110 392 2288 448 Causa
2321 394 2400 447 rei
2447 400 2611 447 tanta:
2644 389 2762 453 fuit,
2794 389 2936 461 quod
2963 392 3199 463 episcopi
3232 395 3305 448 illi
3334 401 3602 465 prasconia
3630 412 3682 455 et

442 487 643 555 scripta
683 485 951 540 Theodori
975 485 1031 538 in
1071 484 1522 553 Cbalcedonensi,
1564 494 1623 539 ut
1670 484 1806 540 falso
1840 486 2126 555 putabant,
2170 488 2402 543 concilio
2442 498 2701 559 pronata,
2749 486 2805 540 in
2842 486 3447 559 Constantinopolitano
3487 494 3682 549 deinde

444 580 701 635 damnata
737 596 878 649 :13ng
906 578 1171 634 ferebant.

514 722 576 777 II.
603 722 1050 778 Commentarium
1089 726 1155 778 ad
1198 724 1316 779 XII
1355 728 1632 795 prophetas
1677 727 1927 790 minores,
1964 744 2123 796 quem
2152 743 2297 783 nunc
2326 729 2491 785 edere
2516 729 2821 800 aggredior,
2855 729 2907 783 iu
2939 729 3153 783 duobus
3181 726 3381 784 oh‘endi
3402 727 3679 784 Vaticana;

447 817 788 874 bibliotheca:
811 816 1110 880 codicibus,
1144 818 1314 872 altero
1341 819 1432 887 qui
1463 818 1564 873 fuit
1602 819 1728 873 olim
1761 819 2049 887 cujusdam
2086 819 2348 889 dignitate
2375 822 2890 891 πρωτοασηκρήτις,
2923 820 3118 874 deinde
3148 835 3275 875 vero
3319 818 3543 874 Joannis
3570 836 3687 874 car-

446 912 641 965 dinalis
689 909 984 966 Florentini
1037 910 1301 981 Salviati;
1345 922 1533 984 postea
1584 915 1638 968 in
1697 913 2067 969 Romanorum
2123 915 2572 971 Columncnsium
2620 916 3001 972 bibliothecam
3041 918 3301 980 transiit;
3345 917 3575 986 denique
3622 917 3687 969 ad

447 1010 664 1065 codices
690 1008 983 1063 Vaticanos
1023 1018 1150 1064 ante
1176 1009 1528 1074 decennium,
1566 1025 1651 1064 me
1681 1010 1966 1080 praefecto,
2002 1013 2258 1066 accessit.
2293 1012 2343 1067 Is
2372 1019 2456 1067 est
2489 1013 2658 1067 codex
2702 1012 3079 1066 membraneus
3115 1017 3477 1079 pervetustus,
3506 1010 3688 1065 saeculi

446 1107 667 1162 circiter
696 1103 989 1167 undecimi,
1009 1104 1394 1172 integerrimus
1425 1112 1477 1158 et
1505 1105 2012 1160 emendatissimus.
2035 1106 2185 1160 Alter
2213 1107 2383 1161 codex
2413 1106 2481 1161 ad
2511 1102 2821 1160 Vaticanam
2856 1103 3228 1159 collectionem
3254 1102 3364 1171 jam
3397 1103 3487 1157 diu
3520 1104 3689 1172 perti-

449 1214 606 1262 nens,
645 1198 973 1251 chartaceus
1006 1202 1062 1249 et
1101 1209 1314 1260 recens,
1346 1194 1852 1264 commentarioque
1874 1195 1940 1248 ad
1973 1194 2291 1249 Zachariam
2332 1209 2550 1257 carens,
2582 1194 2739 1261 cujus
2778 1193 2857 1247 rei
2891 1208 2999 1247 non
3030 1192 3244 1247 dubiam
3281 1207 3500 1247 causam
3530 1194 3689 1263 paulo

448 1297 571 1362 post
603 1287 866 1343 recitabo.
910 1284 1029 1340 Jam
1062 1285 1149 1338 hic
1196 1300 1388 1339 recens
1417 1283 1552 1339 adeo
1587 1286 1901 1340 vetustioris
1927 1286 2073 1339 illius
2108 1286 2391 1340 lectionem
2444 1284 2710 1354 sequitur,
2745 1291 2805 1337 ut
2848 1298 2911 1337 ex
2951 1282 3138 1339 eodem
3173 1283 3503 1354 exscriptum
3536 1283 3691 1338 valde

448 1387 699 1441 arbitrer.
741 1383 854 1454 Ego
884 1391 1031 1439 certe
1080 1380 1285 1434 nullam
1320 1380 1640 1435 recentioris
1676 1381 1943 1435 rationem
1978 1381 2162 1441 habui,
2212 1380 2306 1435 sed
2363 1386 2657 1448 priestante
2690 1380 2915 1446 antiquo
2941 1390 3154 1444 semper
3203 1390 3323 1429 sum
3359 1390 3512 1429 usus.
3545 1372 3689 1429 Satis

450 1480 636 1546 itaque
669 1475 798 1529 mihi
835 1472 903 1527 ad
936 1473 1236 1527 curandam
1270 1473 1562 1527 editionem
1594 1474 1648 1526 in
1672 1470 1958 1526 Pontificia
1987 1473 2316 1527 bibliotheca
2345 1472 2575 1528 subsidii
2608 1471 2746 1538 fuit;
2785 1470 2880 1526 sed
2907 1472 3033 1540 quia
3063 1478 3240 1523 tamen
3272 1484 3366 1539 par
3398 1470 3690 1524 thesaurus

449 1570 574 1623 alibi
610 1582 827 1638 quoque
865 1574 1062 1628 exstat,
1100 1580 1206 1617 non
1256 1565 1530 1634 gravabor
1564 1564 1817 1618 notitiam
1876 1574 2188 1619 exterorum
2236 1565 2511 1630 codicum,
2549 1580 2670 1634 quae
2704 1563 2837 1616 mihi
2873 1561 3149 1631 indaganti
3186 1564 3447 1626 occurrit,
3502 1565 3691 1633 paucis

450 1680 745 1737 exponere.
785 1663 843 1717 In
870 1662 1065 1732 primis
1119 1662 1349 1715 Caesaris
1396 1662 1724 1716 bibliotheca
1764 1661 2205 1718 Vindohonensis
2235 1661 2375 1717 duos
2409 1662 2572 1716 habet
2621 1659 2891 1715 Theodori
2919 1658 2976 1711 in
3007 1675 3083 1714 xu
3118 1658 3395 1728 prophetas
3445 1658 3689 1721 codices,

451 1775 685 1831 quorum
727 1758 957 1811 alterum
994 1754 1099 1809 sub
1130 1770 1359 1809 numero
1390 1755 1598 1810 CLXIII
1631 1756 1926 1824 descripsit
1957 1756 2282 1811 Lambecius
2331 1757 2445 1827 (a);
2485 1756 2551 1811 de
2581 1757 2751 1810 altero
2789 1755 2915 1809 huic
2938 1753 3096 1824 plane
3127 1751 3290 1806 simili
3325 1752 3534 1821 prolixe
3560 1750 3693 1804 For-

451 1855 587 1910 losia
621 1852 734 1922 (qui
757 1851 824 1906 de
865 1849 1102 1905 editione
1142 1862 1359 1916 quoque
1407 1848 1689 1918 cogitavit)
1734 1848 1979 1918 loquitur
2007 1847 2149 1917 apud
2182 1848 2485 1902 Kollarium
2518 1849 2572 1901 in
2609 1844 3001 1917 supplementis
3030 1860 3082 1913 p.
3121 1842 3242 1897 I67.
3295 1844 3469 1911 Atque
3499 1841 3553 1894 hi
3585 1841 3692 1896 duo

452 1948 908 2003 Vindobonenses
939 1942 1213 1998 chartacei
1247 1952 1394 2005 sunt,
1427 1958 1526 1997 nee
1556 1943 1768 2012 antiqui
1794 1961 1809 1997 :
1848 1945 1982 2012 quin
2010 1943 2145 1998 adeo
2180 1944 2453 1999 secundus
2483 1943 2695 1997 delatus
2732 1957 2799 1996 ex
2838 1938 2993 1994 Italia
3031 1935 3133 1989 fuit
3162 1934 3229 1988 ab
3260 1932 3521 2003 Apostolo
3549 1931 3693 1987 Zeno

457 2042 875 2096 Vindobonam:
908 2038 1042 2093 satis
1077 2045 1257 2091 autem
1290 2045 1516 2108 apparet
1554 2036 1926 2108 apograpbum
1965 2052 2089 2092 esse
2115 2039 2318 2092 veteris
2346 2037 2551 2091 codicis
2583 2035 2990 2095 Columnensis,
3034 2043 3181 2083 nunc
3211 2027 3495 2089 Vaticani;
3524 2042 3695 2095 quan-

452 2131 745 2202 doquidem
795 2130 900 2183 tria
948 2129 1041 2181 illa
1090 2129 1297 2183 scholia
1334 2145 1361 2181 a
1393 2129 1632 2182 Iiollario
1685 2129 1850 2191 edita,
1909 2128 2188 2198 quibusin
2225 2128 2504 2183 Zachariae
2542 2129 2816 2198 propheta:
2863 2128 3107 2197 margine
3142 2126 3427 2195 theologus
3472 2124 3694 2177 Graecus

464 2226 648 2280 nescio
682 2223 806 2293 quis
842 2226 1073 2289 castigat
1097 2222 1359 2289 quasdam
1387 2219 1657 2275 Theodori
1693 2221 1869 2273 nostri
1901 2221 2222 2285 sententias,
2250 2235 2334 2286 ea,
2368 2221 2613 2288 inquam,
2638 2219 2843 2274 scholia
2877 2219 2930 2272 in
2955 2219 3291 2289 marginibus
3314 2216 3695 2272 Columnensis

455 2324 662 2378 codicis
700 2329 942 2383 exstant,
979 2328 1144 2388 atque
1174 2319 1240 2373 ad
1271 2320 1508 2375 litteram
1541 2335 1663 2374 cum
1710 2319 1819 2375 illis
1861 2320 2024 2375 editis
2069 2329 2394 2388 congruunt.
2433 2317 2551 2372 Jam
2602 2319 2730 2388 quia
2778 2314 3202 2371 commentarius
3245 2308 3610 2378 Mopsuesteni
3644 2307 3698 2360 in

459 2412 779 2467 Zachariam
813 2407 1182 2464 criminationi
1228 2408 1389 2462 alicui
1424 2418 1611 2478 patere
1636 2409 1787 2462 visus
1817 2417 1920 2469 est,
1952 2408 2160 2462 idcirco
2186 2409 2335 2462 illum
2365 2406 2613 2463 Vaticani
2640 2406 2962 2462 recentioris
2983 2404 3187 2459 codicis
3218 2403 3450 2472 scriptor
3473 2408 3697 2468 praeter-

459 2512 645 2566 misit:
678 2508 823 2579 quod
863 2522 964 2577 ego
1009 2504 1296 2561 consilium
1332 2504 1556 2559 minime
1586 2504 1793 2573 probo;
1826 2519 2003 2574 neque
2032 2504 2173 2558 enim
2206 2504 2543 2573 periclitatur
2579 2503 2835 2558 Ecclesiae
2875 2508 3071 2563 status,
3120 2495 3296 2552 sicubi
3330 2494 3471 2547 forte
3511 2490 3698 2561 Mops-

457 2614 720 2661 uestenus
777 2601 1003 2657 audacia
1061 2600 1145 2654 vel
1200 2595 1438 2651 novitate
1503 2594 1897 2665 interpretandi
1956 2594 2118 2663 paulo
2167 2594 2389 2648 liberius
2438 2603 2685 2665 vagatur.
2736 2592 2971 2659 Quintus
3020 2587 3188 2644 codex
3246 2583 3482 2638 Venetus
3536 2593 3624 2638 est
3657 2595 3700 2671 ἐ

456 2698 863 2754 Montfaueonio
885 2676 959 2765 (Ir)
992 2695 1047 2747 in
1076 2693 1459 2747 Grimanorum
1489 2690 1820 2744 bibliotheca
1846 2690 2190 2744 observatos.
2225 2687 2421 2744 Sextus
2451 2704 2605 2759 aeque
2643 2687 2882 2743 Venetus
2927 2692 3034 2746 est,
3061 2695 3221 2750 quem
3256 2678 3394 2732 idem
3425 2673 3701 2730 Montfau-

458 2794 651 2848 conius
672 2791 742 2861 (c)
773 2790 914 2861 apud
946 2787 1218 2842 Meletium
1254 2784 1556 2856 Typaldum
1580 2784 1736 2839 vidit.
1762 2783 2039 2853 Septimus
2078 2784 2249 2838 codex
2295 2784 2436 2853 apud
2467 2783 2809 2839 Gerasimum
2852 2778 3110 2835 Blachum
3136 2775 3191 2829 in
3221 2771 3391 2828 Gallia
3416 2770 3537 2837 fuit,
3565 2776 3703 2825 teste

456 2880 784 2939 Combelisio
822 2878 921 2946 (ά).
952 2878 1129 2945 Atque
1156 2875 1301 2929 hunc
1328 2875 1570 2930 codicem
1613 2873 1850 2942 inspexit
1894 2873 2078 2935 etiam,
2110 2880 2169 2924 ut
2221 2880 2370 2941 puto,
2404 2871 2715 2940 Stephanus
2754 2871 2822 2924 ab
2847 2871 3112 2927 Altimura
3143 2867 3482 2940 (Lequinius)
3511 2865 3606 2937 qui
3648 2866 3705 2937 in

461 2976 723 3045 Panoplia
750 2990 804 3045 p.
830 2973 955 3036 455,
989 2972 1066 3024 ait
1101 2986 1162 3025 se
1207 2972 1403 3043 legisse
1450 2969 1821 3040 Mopsuesten‘i
1873 2966 2293 3021 Commentarios
2324 2967 2378 3019 in
2413 2982 2489 3019 xu
2535 2965 2831 3033 prophetas.
2865 2964 3054 3020 Octavi
3081 2965 3288 3021 codicis
3318 2964 3565 3019 notitiam
3593 2962 3707 3032 pri-

460 3084 604 3134 mus,
634 3075 694 3121 ut
719 3064 978 3129 arbitror,
1012 3061 1253 3132 prodidit
1282 3061 1620 3117 Possevinus
1645 3060 1738 3130 (e),
1762 3059 1854 3129 qui
1880 3065 2097 3113 exstare
2128 3056 2250 3110 e’um
2281 3056 2421 3109 dixit
2454 3056 2638 3111 Romae
2678 3057 2732 3110 in
2763 3057 3090 3111 bibliotheca
3116 3054 3483 3110 Vallicelliana
3503 3071 3519 3120 ;
3541 3068 3707 3123 quem

459 3177 557 3231 ego
578 3159 819 3214 codicem
855 3170 981 3210 cum
1028 3154 1397 3216 observarem,
1433 3152 1766 3223 deprehendi
1812 3168 1937 3207 esse
1988 3161 2150 3207 tenue
2201 3153 2669 3223 interpretationis
2716 3154 2771 3207 in
2824 3153 3014 3208 Oscam
3067 3153 3453 3223 fragmentum,
3488 3150 3709 3220 paginis

460 3249 747 3306 duodecim
785 3253 1069 3310 constans,
1103 3260 1279 3313 usque
1305 3250 1372 3298 ad
1412 3243 1641 3298 secundi
1672 3244 1869 3315 capitis
1899 3246 2234 3299 versiculum
2269 3246 2489 3297 tertium
2519 3245 2813 3299 decimum.
2849 3245 3023 3303 liuius
3054 3261 3216 3313 porro
3243 3246 3486 3316 przeclari
3518 3243 3711 3313 operis

461 3343 679 3397 codices
707 3340 799 3409 qui
832 3353 995 3392 manu
1035 3336 1241 3390 diutius
1271 3335 1633 3396 versaverint,
1665 3343 1776 3390 tres
1803 3336 1998 3389 saltem
2030 3336 2305 3404 comperio
2337 3335 2481 3390 viros
2507 3353 2521 3402 ;
2568 3351 2803 3405 quorum
2838 3339 3046 3407 primus
3074 3345 3158 3393 est
3189 3336 3514 3393 Franciscus
3562 3335 3711 3389 Tur-

460 3441 648 3492 rianus
671 3434 758 3503 (Ῑ),
792 3448 822 3486 a
859 3446 967 3501 quo
1005 3429 1189 3483 Romae
1215 3428 1443 3498 degente
1484 3427 1804 3484 Vaticanum
1853 3431 2032 3499 ipsum
2065 3431 2309 3485 codicem
2345 3430 2546 3485 lectum
2577 3433 2834 3502 augurari
2866 3434 3011 3489 licet.
3040 3432 3328 3487 Secundus
3367 3441 3452 3487 est
3480 3428 3713 3485 Samuel

464 3529 748 3591 Tenulius,
786 3527 878 3596 qui
918 3525 973 3578 in
1006 3524 1204 3578 litteris
1243 3526 1311 3578 ad
1345 3525 1468 3580 Nic.
1506 3524 1786 3580 Heinsium
1822 3529 1895 3596 (g)
1928 3528 2004 3580 ait
2044 3543 2101 3582 se
2135 3528 2188 3581 in
2231 3526 2384 3582 Latio
2426 3526 2788 3598 descripsisse
2823 3531 2925 3586 sibi
2969 3529 3240 3585 Theodori
3283 3529 3612 3583 Antioclteni
3656 3529 3714 3581 in

463 3622 655 3681 Oscam
692 3620 1035 3691 fragmenta;
1081 3634 1201 3689 quae
1236 3623 1437 3677 locutio
1470 3624 1591 3693 ejus
1636 3622 1767 3678 facit
1818 3631 1875 3677 ut
1925 3626 2232 3680 existimem
2285 3626 2429 3695 loqui
2484 3625 2772 3680 Teuulium
2818 3625 2885 3681 de
2921 3626 3108 3681 codice
3157 3624 3559 3688 Vallicelliano,
3616 3624 3715 3695 qui

461 3732 653 3788 reapse
682 3716 820 3770 nihil
853 3716 1033 3779 habet,
1067 3722 1125 3768 ut
1154 3715 1413 3780 diximus,
1446 3724 1645 3786 praeter
1672 3717 1834 3771 breve
1862 3717 1913 3769 in
1940 3714 2131 3771 Oscam
2162 3715 2545 3787 fragmentum.
2574 3715 2791 3772 Tertius
2819 3727 2903 3773 est
2936 3718 3227 3773 Anselmus
3253 3716 3583 3780 Bandurius,
3616 3717 3718 3788 qui

467 3812 519 3863 in
536 3816 836 3877 conspectu
863 3825 1092 3879 cperum
1120 3808 1410 3877 Nicephori
1441 3824 1604 3879 quem
1629 3807 1915 3863 Fabricius
1960 3808 2203 3879 vulgavit
2239 3806 2337 3877 (h),
2374 3808 2449 3861 ait
2483 3824 2533 3869 ι).
2566 3808 2692 3865 626,
2726 3824 2785 3863 se
2809 3809 2951 3863 inter
2988 3818 3182 3865 caetera
3225 3810 3492 3863 editurum
3528 3808 3721 3866 Theo-

461 3903 583 3956 dori
612 3899 1223 3971 auoqueMopsuesteni
1255 3904 1307 3954 in
1332 3904 1608 3968 prophetas
1658 3919 1730 3956 xu
1765 3904 2222 3956 commentarium.
2251 3900 2369 3955 Jam
2413 3903 2541 3971 quia
2570 3902 2875 3958 Bandurius
2911 3920 2969 3959 se
3005 3905 3058 3959 id
3093 3906 3356 3961 beneficio
3385 3906 3570 3962 Cosmi
3613 3907 3717 3973 III,

463 3993 619 4047 ducis
647 3991 896 4055 Etruriae,
929 3990 1088 4059 cujus
1121 3989 1237 4058 ipse
1279 3993 1665 4048 bibliothecam
1702 3994 1944 4063 regebat,
1984 3994 2255 4047 facturum
2286 3994 2581 4064 spepondit
2610 3995 2947 4065 (quanquam
2984 3996 3142 4052 fidem
3192 4013 3367 4067 neque
3396 3996 3722 4055 Bandurius

463 4090 749 4146 Florentia:
795 4104 972 4157 neque
1015 4085 1261 4141 Forlosia
1291 4084 1626 4141 Vindobonze
1659 4084 2309 4157 liberaverunt),putabat
2328 4087 2610 4142 Fabricius
2636 4087 2697 4158 (i)
2735 4090 2981 4144 codicem
3029 4093 3149 4161 ejus
3183 4094 3364 4162 operis
3417 4092 3472 4146 in
3504 4093 3722 4149 biblio-

464 4187 622 4242 theca
648 4184 886 4240 Medicea
914 4189 1149 4237 exstare.
1182 4180 1336 4235 Nunc
1362 4190 1544 4235 autem
1585 4182 1851 4249 ejusmodi
1888 4183 2133 4237 codicem
2164 4181 2438 4237 Bandurio
2466 4184 2707 4254 ignotum
2742 4186 3018 4247 videmus;
3052 4198 3117 4237 ex
3146 4199 3253 4252 quo
3283 4183 3532 4253 sequitur
3560 4191 3625 4238 ut
3659 4187 3726 4239 in

464 4282 706 4337 Medicea
757 4278 1088 4334 bibliotheca
1121 4292 1230 4331 non
1262 4272 1445 4327 fuerit.
1498 4270 1704 4326 Revera
1753 4272 2058 4329 Bandurius
2091 4274 2165 4327 nil
2198 4273 2344 4327 aliud
2380 4275 2454 4327 ait
2486 4274 2593 4329 nisi
2637 4290 2695 4330 se
2743 4276 2793 4330 id
2831 4292 2968 4345 Opus
3021 4290 3051 4329 e
3100 4273 3443 4328 bibliothecis
3471 4274 3721 4337 eruisse,

465 4390 602 4444 quas
629 4374 773 4428 inter
800 4372 959 4443 paulo
986 4381 1111 4426 ante
1144 4367 1458 4421 Vaticanum
1504 4373 2057 4419 commemoraverat:
2095 4372 2149 4419 et
2178 4365 2394 4433 quidem
2428 4365 2476 4419 si
2509 4364 2575 4420 de
2605 4381 2703 4420 sua
2736 4365 2973 4421 Medicea
3002 4368 3335 4435 loqueretur,
3370 4365 3726 4435 Mopsueste-

468 4480 598 4518 num
633 4463 773 4532 apud
802 4478 861 4518 se
895 4462 1093 4517 habere
1119 4462 1365 4516 dixisset.
1411 4457 1546 4510 Tum
1593 4470 1721 4510 vero
1767 4465 1820 4510 et
1870 4457 1961 4510 ille
1987 4457 2155 4511 codex
2205 4454 2594 4519 Salviatorum,
2628 4472 2774 4512 nunc
2817 4456 3134 4521 Vaticanus,
3184 4460 3271 4512 illa
3326 4458 3503 4512 adhuc
3549 4465 3728 4514 atate

467 4555 758 4609 Florentia:
811 4555 951 4625 apud
996 4562 1205 4609 veteres
1253 4551 1523 4611 dominos,
1557 4555 1616 4601 ut
1646 4547 1831 4610 credo,
1869 4546 2003 4615 fuit;
2036 4564 2141 4618 qua
2193 4549 2247 4603 in
2300 4548 2432 4602 urbe
2482 4547 2550 4602 ad
2587 4546 2847 4604 Bandurii
2889 4554 3137 4608 uetitiam
3196 4568 3499 4623 manusque
3545 4554 3728 4609 facile

468 4652 630 4705 venit.

539 4786 625 4840 III.
698 4786 809 4857 Age
890 4800 1054 4849 vero,
1112 4784 1177 4838 de
1249 4791 1471 4837 auctore
1551 4782 1733 4851 operis
1808 4783 2100 4850 quominus
2183 4784 2543 4853 dubitemus,
2620 4788 2775 4844 testis
2896 4790 3050 4846 adest
3137 4792 3189 4845 in
3271 4791 3526 4853 cunctis,
3625 4793 3732 4864 qui

470 4882 580 4936 noti
645 4888 802 4950 sunt,
869 4880 1256 4949 manuscriptis
1318 4877 1599 4933 codicibus
1658 4886 1917 4931 constans
1971 4878 2007 4930 ti

2206 4878 2480 4950 Θεοδώρου
2541 4882 2890 4954 Ἀιτιοχέσ›;,
2953 4885 3209 4939 Theodori
3261 4887 3468 4942 scilicet
3528 4890 3731 4958 patria

471 4979 794 5033 Antiocheni.
863 4976 968 5034 Sed
1001 4976 1126 5048 quia
1195 4992 1302 5031 non
1364 4994 1503 5033 unus
1564 4978 1664 5034 fuit
1708 4980 2009 5035 Antiochiae
2061 4990 2221 5036 natus
2274 4980 2624 5051 Theodorus,
2680 5001 2807 5041 ecce
2873 4988 3029 5042 nobis
3074 4986 3300 5041 Photius
3341 4989 3408 5058 (j)
3466 5000 3735 5059 quatuor

563 5182 615 5255 ᾳ)
658 5175 813 5255 Tom.
846 5176 1023 5255 IV,_p.
1054 5178 1179 5255 ὅξξ),
1216 5176 1457 5255 δώρῳ.
1719 5248 1806 5255 ___
2135 5180 2433 5255 Iurrianus
2490 5180 2557 5236 de
2618 5182 3012 5255 interpretandi
3069 5187 3265 5255 genere
3293 5223 3307 5247 ,
3358 5200 3467 5255 quo
3538 5189 3743 5245 utitur

563 5245 613 5330 ὁ)
652 5245 804 5330 ρξαιο.
838 5245 964 5330 Ital.
1001 5263 1052 5317 p.
1206 5246 1426 5330 tituli-ibt.
1459 5265 1583 5301 mss.
1622 5248 1831 5330 p:_hn78.
2135 5251 2587 5330 Mopsueslenus,
2638 5245 2799 5322 atque
2850 5254 2902 5307 id
2956 5245 3390 5330 nonvimmerito'
3437 5259 3740 5330 castigat;

562 5316 613 5397 et
844 5314 970 5369 Ital.
1001 5313 1055 5385 ᾗ».
1088 5317 1348 5397 ιθιιῑίιτιε
1372 5333 1530 5397 _mss.
1566 5313 1771 5387 p.178.
2134 5313 2375 5389 satisque
2422 5313 2760 5397 demonstrat
2790 5330 2973 5397 totum
3027 5339 3057 5378 a
3109 5340 3168 5380 se
3220 5325 3273 5378 in
3314 5341 3389 5379 xu
3421 5313 3742 5397 propheta;

562 5386 619 5456 ά)
661 5385 800 5457 Bibl.
830 5402 973 5443 conc.
1006 5397 1138 5441 tom.
1173 5389 1213 5453 I,
1238 5405 1289 5457 p.
1322 5387 1411 5441 44.
1567 5385 1579 5387 ’
1672 5456 1677 5457 ν
2133 5385 2563 5445 commentarium
2594 5392 2760 5447 fuisse
2789 5395 3007 5446 lectum.

560 5458 610 5531 e)
650 5456 847 5531 Appar.
887 5466 1016 5511 tom.
1062 5458 1144 5531 lI_l_,
1182 5458 1305 5531 eod.
1347 5457 1537 5512 Vallic.
1573 5474 1626 5527 p.
1658 5456 1747 5511 27.
1834 5528 1887 5531 υ
2204 5463 2278 5531 (g)
2319 5460 2577 5514 Burman.
2616 5462 2816 5531 Syllog.
2843 5469 2973 5526 tom,
3008 5464 3073 5523 II.
3102 5480 3153 5527 p.
3192 5464 3315 5520 801.

560 5463 610 5525 e)
650 5463 847 5523 Appar.
887 5466 1016 5511 tom.
1062 5463 1144 5521 Ill,
1183 5463 1305 5513 eod.
1348 5463 1537 5512 Vallic.
1573 5474 1626 5527 p.
1658 5463 1747 5511 27.
2204 5463 2278 5531 (g)
2319 5463 2577 5514 Burman.
2616 5463 2816 5531 Syllog.
2843 5469 2973 5526 tom,
3008 5464 3073 5523 II.
3102 5480 3153 5527 p.
3192 5464 3315 5520 801.

540 5463 606 5598 δ’)
649 5527 928 5609 Αρροηεὶ.
965 5542 1049 5595 ap.
1091 5526 1153 5581 Il.
1178 5528 1244 5595 εἰς
1279 5543 1375 5596 pro
1397 5542 1516 5596 epp.
1548 5541 1703 5609 pom.
1739 5544 1797 5594 ιι,
1828 5528 2023 5609 ξομιν,
2206 5532 2280 5609 (lt)
2310 5531 2459 5609 llibl.
2620 5534 2863 5609 ed.__npv.
2901 5541 3031 5588 tom.
3067 5533 3177 5600 VII,
3217 5552 3269 5606 p.
3301 5535 3425 5589 6H.

476 5595 559 5660 IIl,
598 5613 649 5650 ν.
691 5598 751 5651 2t
781 5615 829 5670 ς-
872 5595 948 5670 D_e
969 5610 1108 5653 auct.
1130 5595 1496 5670 summ.pon’t.A
1548 5595 1643 5670 lib.
1678 5614 1756 5662 Ill,
1787 5599 1874 5670 ed.
1909 5598 2029 5653 Flo-
2207 5595 2271 5668 (il
2310 5601 2462 5654 Tom.
2503 5600 2569 5670 Χ.
2600 5616 2662 5670 p.
2689 5602 2812 5655 558.

476 5617 558 5660 ιυ,
598 5617 649 5650 v.
691 5617 795 5662 2i;
872 5617 948 5650 ue
969 5617 1108 5653 oua.
1130 5617 1317 5653 summ.
1370 5617 1480 5654 om.
1548 5617 1641 5651 ιιι).
1678 5617 1756 5662 ιιι,
1787 5617 1874 5653 ea.
1911 5617 2029 5653 rto-
2207 5617 2267 5668 (i)
2311 5617 2462 5654 toni.
2505 5617 2569 5657 .\.
2600 5617 2650 5670 p.
2689 5617 2812 5655 οδδ.

476 5675 613 5722 rent.
668 5684 717 5737 p.
770 5667 858 5723 99.
902 5667 967 5721 Et
1012 5670 1183 5737 primo
1218 5617 1434 5738 quidem
1478 5667 1598 5725 loco
1634 5669 1740 5725 late
1786 5669 2030 5739 disputat
2211 5673 2275 5743 (j)
2304 5671 2473 5727 Codd.
2509 5669 2597 5736 IV,
2632 5669 2911 5739 XXXVIII,
2963 5671 3195 5741 LXXXI,
3250 5672 3562 5731 CLXXVII.
