3906 6208
271 177 373 232 MD
1500 180 1657 240 ANG.
1699 181 1843 237 MAI!
1881 180 2265 238 PREFATIO.
3397 183 3497 238 HO

271 309 580 353 recensens
656 313 819 369 opera
887 296 1156 354 Theodori
1225 296 1544 352 Antiocheni
1646 299 1864 353 nomine
1896 298 2196 370 insignita,
2288 294 2725 366 Mopsuestenum
2798 298 3003 357 diserte
3090 303 3495 376 Intelligendum

268 405 389 444 esse
466 392 665 460 docet;
733 394 908 463 primo
978 392 1194 464 quidem
1268 392 1386 447 loco
1459 392 1695 447 dicens:
1785 393 1810 440 '4

1957 396 1971 444 ὲ
2039 391 2411 462 Μοψουεστίας
2478 391 2711 458 γεγονὼς
2780 396 3070 460 ἐπίσκοπος
3123 394 3275 463 οὗτός
3329 402 3499 465 ἐστιν,

268 475 444 550 οἴει-αι’
478 484 721 539 secundo
749 496 929 540 autem
963 487 1081 540 loco
1119 478 1317 546 εΟὗτος
1339 483 1395 536 δέ
1421 484 1564 535 ἐστιν
1598 485 1625 535 ὁ
1660 483 1810 551 Modo

1958 484 2049 546 ξας·
2088 486 2247 537 tertio
2277 485 2396 538 loco
2424 495 2548 554 post
2584 496 2939 540 memoratum
2973 487 3039 542 de
3092 491 3268 559 magia
3301 488 3500 545 Persa-

272 588 389 625 rum
451 572 724 629 Theodori
760 577 1085 632 Antiocheni
1147 592 1303 645 opus,
1360 574 1544 631 subdit
1580 595 1592 628 :
1624 568 1795 639 0610.;

1960 574 2231 644 Θεόδωρος
2278 576 2306 627 ὁ
2352 574 2726 645 Μοψουεστίας
2772 574 2907 630 εἶναι
2963 578 3107 631 δοκεῖ
3162 580 3237 649 (et
3281 581 3499 649 quidem

269 666 418 720 δοκεῖ
445 669 498 721 in
530 686 591 723 re
625 679 774 724 certa
812 670 921 725 dici
961 672 1178 725 solitum
1206 671 1348 740 apud
1374 669 1592 726 Graecos
1620 672 1885 741 quosdam
1934 681 2206 731 auctores,
2253 670 2589 727 demonstrat
2626 669 3066 724 Montfauconius
3091 671 3244 739 praef.
3277 670 3343 723 ad
3386 671 3502 724 Eu-

270 759 374 810 seb.
394 776 586 813 comm.
613 762 669 814 in
698 760 788 816 Ps.
814 776 932 831 cap.
964 768 1051 831 x);
1074 771 1265 831 quarto
1294 762 1528 832 denique
1559 763 1707 817 loco:
1745 763 1812 814 ’Λα

1957 752 2078 832 ὄσθη
2109 760 2326 831 βιϐλίον,
2348 756 2462 832 οὗὴ
2490 761 2769 833 ἐπιγραφὴ
2800 759 3097 828 Θεοδώρου
3126 762 3499 830 Ἀντιοχέως·

268 855 300 905 ό
334 856 709 921 Μοᾲουεστίας
736 858 793 910 δέ
826 860 993 923 ἐστιν,
1018 858 1091 921 ὡς
1111 857 1215 910 ἀπό
1238 874 1395 910 τινων
1425 857 1718 910 ἐπιστολῶν
1748 859 1810 928 ὲμ

1966 876 2022 911 εν
2047 876 2059 889 ο
2085 857 2276 912 Lectus
2307 869 2382 912 est
2403 858 2532 912 liber
2562 859 2818 915 Theodori
2844 858 3153 913 Antiocheni
3173 877 3191 925 ,°
3216 860 3299 914 hic
3328 872 3506 915 autem

270 946 362 1000 ille
382 956 457 1001 est
481 945 821 1017 Mopsuestia:
841 950 1134 1018 episcopus,
1158 956 1217 1000 ut
1238 964 1309 1001 ex
1329 948 1640 1018 quibusdam
1670 949 1902 1017 epistolis
1925 949 2052 1001 mihi
2077 949 2319 1002 innotuit.
2353 948 2491 1019 Ergo
2520 952 2633 1004 duo
2669 950 2795 1004 hinc
2832 952 3131 1019 noscimus,
3165 968 3356 1022 nempe
3387 962 3504 1007 tum

274 1042 496 1095 codices
529 1058 748 1114 quoque
787 1051 998 1098 veteres
1038 1060 1261 1112 Operum
1298 1042 1684 1113 MopSuesteni,
1747 1048 1944 1099 nedum
1985 1060 2079 1099 eos
2114 1061 2252 1115 quos
2283 1061 2429 1099 nunc
2461 1046 2744 1111 habemus,
2779 1064 2891 1117 pra:
2916 1064 2974 1103 se
3005 1051 3199 1106 tulisse
3227 1051 3503 1107 Theodori

278 1137 597 1191 Δηιίυὼυιιὶ
636 1154 867 1205 nomen;
903 1145 1018 1191 tum
1066 1138 1278 1207 quoties
1322 1139 1376 1192 in
1411 1139 1493 1193 his
1523 1139 1575 1192 id
1607 1154 1802 1192 nomen
1834 1154 2001 1208 prope
2030 1154 2125 1208 per
2169 1141 2604 1194 antonomasiam
2650 1141 2912 1204 occurrit,
2940 1143 3348 1213 intelligendum
3380 1160 3504 1200 esse

280 1225 737 1294 Mepsuestenum.
764 1228 937 1283 Porro
974 1236 1149 1283 autem
1183 1230 1325 1299 quod
1358 1239 1548 1284 noster
1579 1228 1899 1284 Theodorus
1945 1231 1999 1282 in
2033 1245 2107 1283 xu
2150 1230 2429 1298 prop/tetas
2469 1231 2778 1300 scripserit,
2822 1231 3024 1287 diserte
3057 1234 3286 1289 atlirmat
3329 1236 3501 1307 Syrus

281 1322 567 1379 Ebediesus
591 1326 645 1378 in
673 1326 928 1396 catalogo
958 1344 972 1380 :
1003 1335 1361 1395 prteterquam
1402 1326 1544 1396 quod
1563 1326 1682 1394 ejus
1707 1326 1888 1395 operis
1916 1326 2107 1381 titulus
2138 1328 2193 1380 in
2235 1326 2466 1381 concilio
2503 1328 2668 1381 etiam
2710 1327 2903 1395 quinto
2920 1326 2994 1394 (a)
3023 1326 3311 1394 scribitur;
3339 1342 3501 1397 quem

276 1423 449 1467 tamen
480 1426 817 1483 postremum
848 1416 1027 1471 locum
1056 1416 1123 1470 ad
1148 1417 1410 1471 trutinam
1442 1416 1696 1486 deinceps
1725 1424 2019 1472 vocaturus
2045 1433 2186 1471 sum.
2216 1415 2482 1471 Praeterea
2522 1415 2665 1486 quod
2726 1429 2864 1486 Opus
2904 1415 3272 1486 Mopsuesteni
3298 1417 3351 1471 in
3380 1430 3501 1470 ma-

274 1508 429 1561 nibus
459 1508 784 1577 habeamus,
802 1510 928 1565 inde
957 1510 1117 1565 etiam
1148 1511 1542 1581 cognoscimus,
1563 1513 1689 1581 quia
1743 1513 1799 1566 in
1828 1512 2051 1566 exordio
2099 1512 2465 1565 commentarii
2495 1512 2563 1564 ad
2605 1516 2792 1565 Oscam
2820 1516 2874 1563 et
2898 1509 3023 1562 alibi
3059 1524 3165 1562 non
3208 1508 3377 1563 semel
3401 1509 3503 1564 de.-

271 1596 440 1649 clarat
478 1608 676 1652 auctor
704 1615 761 1654 se
778 1602 829 1652 in
854 1598 1098 1659 Psalmos
1129 1621 1343 1677 quoque
1359 1608 1643 1677 scripsisse
1665 1627 1681 1658 :
1723 1623 1884 1677 porro
1915 1623 1945 1661 a
1976 1607 2357 1679 Mopsuesteno
2386 1609 2713 1664 illustratum
2745 1607 2913 1665 fuisse
2948 1608 3292 1666 Psalterium,
3328 1605 3503 1661 notis-

272 1695 465 1747 simum
499 1705 609 1750 est.
642 1696 744 1751 Sed
778 1699 923 1753 enim
949 1702 1082 1757 nihil
1112 1720 1264 1775 teque
1295 1706 1633 1761 demonstrat
1669 1721 1961 1775 germanas
1995 1721 2118 1761 esse
2154 1705 2521 1774 Mopsuesteni
2565 1706 2663 1760 has
2692 1703 3077 1775 prophetarum
3101 1701 3373 1753 minorum
3406 1713 3503 1751 ex-

271 1786 635 1853 planationes,
657 1805 819 1858 quam
848 1792 1026 1861 ipsum
1056 1794 1323 1848 scribendi
1356 1809 1549 1865 genus,
1582 1796 1722 1864 quod
1759 1804 1996 1850 veterum
2052 1794 2122 1850 de
2156 1810 2221 1849 eo
2250 1796 2579 1850 testimoniis
2614 1796 2732 1851 sine
2768 1795 2875 1848 ulla
2912 1793 3252 1847 dubitatione
3279 1803 3504 1857 respon-

266 1883 376 1938 det.
410 1884 469 1937 ln
502 1885 698 1953 primis
727 1888 1003 1942 cernimus
1052 1888 1197 1943 hunc
1223 1899 1500 1945 auctorem
1552 1893 1706 1961 sequi
1744 1892 1977 1946 maxime
2003 1893 2239 1945 litteram
2272 1900 2326 1947 et
2381 1892 2690 1955 historiam,
2730 1902 2891 1960 atque
2938 1901 3155 1942 omnem
3188 1884 3502 1955 allegoriam

267 1976 683 2031 studiosissime
710 1975 897 2048 fugere
931 1997 945 2031 :
984 1995 1172 2036 rursus
1206 1983 1356 2037 nullo
1382 1984 1513 2038 vitio
1542 1999 1693 2052 aeque
1724 1983 1990 2045 laborare,
2024 1998 2185 2054 quam
2213 1983 2600 2051 permultarum
2625 1982 3004 2052 repetitionum
3033 1978 3088 2031 in
3116 1976 3303 2031 eadem
3331 1978 3506 2027 inter-

266 2068 392 2121 dum
445 2068 649 2139 pagina
703 2071 1032 2138 ingestarum
1062 2088 1075 2123 :
1106 2090 1226 2143 quae
1259 2089 1389 2129 sane
1425 2075 1719 2144 tautologia
1772 2074 2018 2130 delicatis
2076 2074 2301 2129 auribus
2334 2075 2506 2128 multo
2553 2082 2637 2128 est
2678 2074 3082 2130 molestissima.
3122 2070 3266 2126 Idem
3328 2068 3504 2138 longis

266 2164 509 2235 periodis
536 2166 857 2227 involvitur.
887 2168 991 2222 alte
1026 2164 1236 2233 incipit,
1260 2164 1351 2218 diu
1386 2166 1603 2233 pendet,
1635 2164 1716 2219 vel
1763 2163 1982 2219 insertis
2007 2165 2161 2217 nevis
2201 2163 2484 2218 sententiis
2523 2163 2682 2231 longe
2730 2163 2951 2225 recedit,
2991 2163 3063 2214 ita
3090 2168 3145 2214 ut
3194 2157 3388 2228 legenti
3421 2156 3504 2211 vel

270 2261 651 2330 interpretanti
672 2262 987 2316 salebrosus
1017 2259 1286 2314 interdum
1319 2259 1427 2314 liat.
1451 2262 1495 2312 Α
1522 2259 1903 2329 Mopsuesteno
1925 2259 2054 2312 dum
2081 2256 2395 2327 Scripturas
2421 2258 2650 2311 arbitrio
2674 2272 2774 2310 suo
2799 2256 3112 2324 explanaret
3145 2251 3504 2321 reprehensos

268 2361 426 2421 atque
454 2353 656 2407 irrisos
697 2368 839 2422 saape
864 2352 1033 2408 fuisse
1062 2353 1391 2423 antiquiores
1423 2354 1748 2424 interpretes
1781 2354 1859 2408 ait
1888 2353 2146 2409 Leontius
2179 2364 2365 2409 contra
2398 2352 2550 2407 Nest.
2585 2368 2665 2414 ιιι,
2710 2353 2797 2405 ll.
2823 2350 2955 2419 Ejus
3002 2365 3130 2405 vero
3160 2366 3306 2403 nunc
3336 2348 3506 2403 nitoris

268 2441 709 2512 perfrequeutem
741 2442 1258 2498 demonstrationem
1290 2444 1344 2497 in
1377 2444 1462 2500 his
1489 2447 1898 2500 commentariis
1938 2446 2206 2501 videmus.
2248 2444 2379 2500 Item
2417 2446 2711 2514 Scriptura:
2760 2443 3056 2513 permultas
3086 2442 3441 2497 auctoritates
3473 2455 3503 2490 a

270 2532 658 2603 tlopsuesteno
690 2533 843 2587 citari
871 2534 1060 2591 solitas
1092 2538 1168 2591 ait
1202 2536 1462 2607 Pbotius;
1491 2539 1635 2609 quod
1665 2540 1732 2594 ab
1760 2556 1825 2595 eo
1854 2542 2138 2597 verissime
2158 2541 2363 2595 dictum
2393 2539 2775 2594 commentarii
2802 2553 2948 2591 nunc
2971 2537 3188 2592 docent.
3215 2536 3320 2591 Sed
3355 2535 3503 2590 enim

265 2629 407 2699 quod
438 2629 518 2681 ait
550 2626 933 2683 Tillemontius
964 2628 1037 2701 (ὁ)
1069 2631 1507 2702 Mopsuestenum
1538 2634 1791 2688 universa
1822 2634 1996 2688 Biblia
2041 2634 2384 2702 complexum
2417 2632 2678 2685 memoria
2716 2630 2911 2693 fuisse,
2964 2628 3124 2698 cujus
3171 2628 3250 2682 rei
3306 2634 3500 2681 testem

267 2726 397 2780 citat
427 2724 726 2780 Leontium
768 2723 847 2777 De
876 2726 1029 2778 sectis
1061 2729 1168 2776 act.
1201 2731 1447 2788 tv;errat
1497 2721 1655 2790 plane
1684 2722 1764 2775 vir
1807 2722 2002 2776 doctus
2045 2737 2151 2775 non
2180 2720 2468 2775 intellectis
2501 2719 2710 2774 Leontii
2742 2720 2925 2776 verbis
2951 2718 3051 2789 τὴν
3089 2717 3254 2787 ἄλλην
3289 2717 3504 2787 Γραφὴν

270 2822 748 2894 ὑπεμνημάτισεν.
794 2821 937 2875 Sane
967 2836 1065 2892 pro
1088 2819 1251 2890 ἀλλην
1284 2818 1566 2890 legendum
1592 2833 1713 2872 esse
1745 2818 1812 2871 ὄλ·

1963 2834 2015 2873 es
2048 2818 2165 2888 ipsa
2192 2818 2409 2882 clamat,
2433 2823 2487 2871 et
2516 2832 2706 2872 revera
2742 2815 2953 2871 Leontii
2983 2815 3318 2881 interpretes
3333 2809 3505 2880 expli—

264 2926 387 2970 cant
414 2917 685 2968 universa.
723 2911 1110 2967 Verumtamen
1132 2910 1574 2982 ὑπεμνημάτισεν
1619 2926 1727 2965 non
1756 2911 2009 2963 memoria
2032 2909 2305 2973 retinebat,
2339 2909 2433 2964 sed
2485 2918 2863 2963 commentatus
2886 2916 2964 2961 est
3008 2905 3297 2977 signiﬁcat.
3326 2903 3507 2969 Quare

261 3006 576 3063 dicendum,
590 3006 661 3058 ad
674 3005 917 3057 universa
947 3002 1123 3057 Biblia
1152 3011 1531 3057 commentatus
1557 3011 1654 3057 est.
1684 3002 1794 3055 Imn
1824 3003 2114 3071 plerosque
2144 3017 2333 3057 omnes
2357 3003 2599 3057 auctoris
2623 3018 2782 3071 quem
2806 3000 3021 3054 edimus
3043 2997 3414 3054 characteres,
3442 2995 3500 3047 in

262 3100 561 3157 Theodoro
584 3098 815 3153 Photius
836 3094 1296 3166 deprehendebat.
1322 3093 1413 3148 Sic
1436 3094 1580 3148 enim
1605 3093 1726 3147 cod.
1756 3109 1804 3147 ιι

1960 3109 1964 3146 L
1991 3110 2004 3146 :
2028 3093 2247 3162 Φεύγων
2268 3094 2358 3147 τὸν
2384 3093 2605 3151 δυνατὸν
2628 3091 2777 3162 αὺτῷ
2798 3091 2996 3163 τρόπον
3024 3092 3121 3155 τὰς
3155 3086 3502 3158 ἀλληγορίας,

259 3198 354 3252 καὶ
392 3195 541 3250 κατὰ
572 3195 673 3265 τὴν
714 3193 948 3264 ἱστορίαν
995 3191 1093 3258 τὴν
1155 3191 1450 3262 ἑρμηνείαν
1498 3189 1849 3259 ποιούμενος·
1891 3189 2205 3257 ταυτολογεί
2234 3188 2290 3241 δὲ
2344 3188 2412 3241 τὰ
2449 3189 2801 3253 πλεῖστα,καὶ
2829 3188 3029 3257 ἄχαρίς
3072 3202 3186 3245 πως
3216 3184 3308 3236 καὶ
3335 3182 3509 3253 ἀηδὴς

258 3286 399 3343 εἶναι
421 3290 593 3341 δοκεῖ.
638 3284 775 3339 Tum
805 3285 926 3339 cod.
976 3300 1048 3351 tv,
1084 3286 1237 3338 Ἔστι
1266 3284 1323 3338 δὲ
1357 3284 1455 3355 μὲν
1486 3284 1683 3355 φράσιν
1713 3288 1777 3340 οὐ
1801 3284 1942 3339 πάνυ
1971 3285 2251 3356 λαμπρός’
2288 3287 2408 3348 ταῖς
2436 3286 2493 3339 δὲ
2518 3286 2776 3348 διανοίαις
2819 3286 2912 3337 καὶ
2938 3287 3048 3345 τοῖς
3086 3283 3505 3351 ἐπιχειρήμασιν

258 3383 379 3436 λίαν
412 3381 641 3444 πυκνὸς,
678 3380 772 3432 καὶ
796 3382 915 3442 ταῖς
936 3381 1227 3449 γραφικαῖς
1259 3379 1454 3449 ἄριστα
1483 3378 1724 3431 πλουτῶν
1754 3395 1800 3448 μέ

1962 3379 2095 3443 ιιαις.
2140 3379 2389 3446 (Photius
2422 3380 2611 3435 codice
2654 3381 2780 3435 item
2811 3385 2965 3433 serto
3016 3375 3351 3430 densitatem
3376 3388 3504 3427 sen-

258 3480 561 3535 tentiarum
592 3475 861 3530 Theodori
880 3474 1104 3540 innuit.)
1133 3470 1373 3542 Denique
1402 3471 1523 3525 cod.
1558 3485 1773 3524 cum:

1956 3473 2110 3540 racp'h;
2141 3470 2199 3525 δέ
2233 3474 2369 3535 ἐστι,
2392 3470 2484 3524 καί
2509 3488 2591 3523 τοι
2618 3471 2764 3537 λέξει
2796 3470 2854 3523 οὐ
2882 3466 3161 3536 ξενιζούσῃ
3191 3464 3498 3535 χρώμενος·

259 3576 399 3629 ἀλλὰ
427 3581 506 3651 τῷ
532 3572 886 3645 σχοινοτενέσι
919 3567 1149 3642 χρῆσθαι
1176 3570 1239 3622 ὲκ
1261 3567 1355 3621 τοῦ
1385 3567 1476 3619 ἐπὶ
1502 3566 1750 3619 πλεῖστον
1784 3566 2050 3637 περιόδοις
2079 3567 2173 3619 καὶ
2220 3567 2589 3639 παρεμϐολαῖς
2639 3563 3075 3634 ἀλλεπαλλήλοις,
3103 3561 3168 3613 δι’
3199 3554 3273 3613 ὧν
3303 3561 3394 3613 καὶ
3425 3562 3506 3623 εἰς

260 3672 533 3740 μήκιστον
562 3672 591 3722 ό
618 3664 739 3727 νοῦς
762 3665 1101 3718 ἀποτείνεται
1128 3662 1237 3717 τῶν
1271 3663 1665 3733 προκειμένων,
1694 3664 1813 3725 ταῖς
1858 3679 1919 3713 τε
1959 3660 2066 3715 τῶν
2116 3662 2391 3730 ὀνομάτων
2422 3661 2675 3731 πλαγίαις
2700 3659 2793 3712 καὶ
2835 3660 2954 3720 ταῖς
2988 3656 3297 3726 μετοχικαῖς
3327 3654 3505 3717 λέξεσι

257 3761 603 3825 πλεονάζειν,
632 3758 700 3811 τὰ
718 3758 858 3811 αὑτά
886 3773 949 3809 τε
974 3756 1229 3817 πολλάκις
1248 3755 1341 3808 καὶ
1362 3753 1481 3806 οὐδὲ
1511 3754 1608 3807 σὺν
1636 3753 1822 3823 κόσμῳ
1848 3755 2262 3815 ὲπανακυκλεῖν,
2285 3754 2377 3805 καὶ
2406 3753 2502 3815 τὰς
2523 3753 2884 3823 ὲπαναλήψεις
2900 3752 3059 3805 πλέον
3082 3750 3188 3803 τῶν
3203 3750 3505 3821 διηγήσεων

258 3862 425 3931 (ὅπερ
445 3852 716 3928 ἁμέθοδον
732 3848 1031 3918 παντελῶς)
1062 3852 1177 3913 ταῖς
1231 3849 1584 3921 περιστάσεσι
1624 3846 2025 3917 μμεστῶσθαι,
2079 3847 2174 3901 καὶ
2218 3849 2332 3909 τοῖς
2363 3846 2643 3909 τοιούτοις.
2676 3847 2776 3899 οὐκ
2808 3846 2985 3913 ὀλίγον
3010 3844 3171 3914 ζόφον
3197 3844 3304 3898 τῶν
3337 3845 3502 3898 αὑτοῦ

255 3954 611 4024 γραμμάτων
640 3945 1048 4010 κατασκεδὰζει.
1091 3941 1261 3996 Porro
1288 3941 1352 3995 ad
1405 3942 1585 4009 fugam
1622 3940 1795 4009 allego

1957 3954 2004 3992 m
2036 3937 2181 4007 quod
2237 3940 2450 4003 attinet,
2491 3939 2577 3993 cui
2611 3937 3026 4009 Mopsuestenus
3075 3939 3277 4009 ubique
3300 3939 3499 3999 studet,

256 4043 376 4104 ipse
412 4042 629 4097 scilicet
681 4040 783 4095 sibi
834 4047 919 4094 est
975 4039 1397 4097 consentaneus,
1444 4031 1533 4101 qui
1578 4045 1717 4101 opus
1758 4037 1953 4085 contra
1991 4030 2278 4101 Origenem
2319 4041 2481 4101 atque
2506 4032 2828 4101 allegoricos
2868 4032 3088 4103 scripsit
3122 4033 3217 4104 (c).
3252 4031 3505 4088 Profecto

255 4136 556 4205 Origenem
580 4133 699 4188 sine
728 4131 895 4186 limite
923 4127 1227 4199 allegoricis
1254 4124 1799 4196 interpretationibus
1838 4125 2158 4190 indulsisse,
2194 4141 2368 4197 eoque
2418 4127 2667 4182 instituto
2714 4143 2928 4183 sacram
2961 4129 3262 4185 doctrinam
3298 4136 3353 4182 et
3392 4128 3504 4185 his-

260 4225 464 4278 toriam
491 4236 713 4293 pessum
748 4236 889 4291 saepe
915 4220 1156 4289 dedisse,
1186 4231 1349 4292 atque
1375 4221 1663 4276 innumera
1692 4236 1941 4276 errorum
1973 4230 2224 4292 portenta
2268 4223 2560 4287 invexisse,
2592 4239 2753 4278 nemo
2788 4235 2873 4279 est
2914 4226 3004 4298 qui
3037 4232 3213 4294 neget.
3255 4224 3501 4278 Morbum

256 4314 409 4368 hunc
458 4312 886 4383 ingeniosissimi
933 4312 1183 4384 Origenis
1234 4313 1369 4367 satis
1423 4320 1786 4380 praesenserat
1824 4321 1978 4382 pater
2019 4314 2174 4382 ejus,
2219 4312 2425 4368 Christi
2462 4316 2699 4387 inclytus
2736 4328 2941 4387 martyr
2974 4316 3263 4380 Leonidas,
3285 4316 3405 4385 qui,
3442 4322 3502 4370 ut

256 4407 430 4460 tradit
472 4404 743 4459 Eusebius
785 4404 900 4474 (ά),
943 4403 1379 4459 admonefecerat
1415 4402 1585 4456 ﬁlium
1644 4420 1708 4457 ne
1763 4404 1903 4457 ultra
1966 4404 2187 4458 obvium
2241 4420 2461 4459 sensum
2512 4408 2567 4459 in
2624 4406 2824 4461 divinis
2860 4406 3157 4476 Scripturis
3206 4407 3502 4477 quidquam

254 4498 591 4568 requireret,
637 4495 710 4566 μὴ
756 4497 853 4566 τῆς
885 4496 1194 4568 προφανοῦς
1223 4495 1458 4559 διανοίας
1497 4497 1796 4567 περαιτέρω

1960 4501 2116 4564 ἴητεῖν
2154 4500 2453 4569 παραινῶν.
2514 4499 2577 4555 Et
2614 4503 2836 4572 quidem
2879 4518 2979 4573 ego
3021 4513 3212 4557 contia
3254 4502 3502 4572 Origenis

254 4588 587 4642 audaciores
609 4587 813 4656 aliquot
841 4586 1149 4657 allegorias,
1186 4586 1334 4642 locos
1366 4586 1661 4641 nonnullos
1697 4585 1917 4641 Patrum
1973 4589 2282 4658 incngnitos
2333 4592 2702 4661 producturus
2733 4594 2785 4648 in
2827 4594 3001 4649 lucem
3030 4595 3323 4665 aliquando
3357 4611 3500 4652 sum.

251 4677 621 4735 Casariensis
652 4675 912 4731 Eusebius
936 4676 1184 4745 Origenis
1210 4674 1586 4746 perstudiosus
1618 4675 1997 4747 apologeticou
2031 4681 2252 4750 scripsit
2285 4697 2384 4751 pro
2412 4684 3459 4758 allegoricishujusinterpretationibus
3484 4704 3501 4751 ;

251 4774 417 4842 cujus
445 4772 526 4825 rei
554 4770 814 4824 certiores
848 4786 947 4825 nos
997 4769 1126 4823 facit
1160 4769 1460 4825 Ebediesus
1490 4770 1543 4823 in
1588 4771 1838 4842 catalogo
1876 4771 1970 4843 (ε),
2022 4773 2115 4844 qui
2157 4774 2308 4829 addit
2360 4776 2577 4832 Eusebii
2610 4779 2663 4832 id
2717 4794 2857 4850 Opus
2906 4781 3203 4837 refutatum
3261 4781 3433 4838 fuisse
3470 4798 3505 4837 a

253 4863 572 4919 Theodoro.
604 4860 782 4927 Quare
806 4861 915 4931 jam
943 4877 1103 4916 nemo
1134 4862 1446 4927 mirabitur,
1467 4863 1602 4918 nihil
1629 4865 1860 4920 omnino
1887 4865 2181 4935 allegorico
2210 4882 2374 4922 sensu
2410 4869 2550 4938 apud
2584 4881 2830 4926 nostrum
2864 4883 3141 4927 auctorem
3169 4872 3303 4928 dici.
3326 4872 3500 4926 Cmte-
3544 4866 3549 4880 ’

251 4959 414 5027 roqui
457 4954 607 5026 quod
632 4956 824 5011 attinet
869 4955 934 5009 ad
975 4956 1266 5026 Augustini
1317 4958 1382 5026 (Γ)
1441 4974 1535 5015 seu
1574 4960 1756 5029 potius
1787 4959 1944 5016 Pauli
1986 4961 2211 5029 dictum,
2263 4965 2405 5033 quod
2455 4981 2618 5021 omne
2642 4965 2811 5022 Vetus
2860 4968 3268 5024 Testamentum
3330 4966 3503 5037 ﬁgura

254 5052 330 5104 sit
360 5048 521 5113 Novi,
554 5046 810 5118 quodque
835 5050 1018 5102 omnia
1045 5048 1113 5102 ad
1160 5049 1439 5106 Christum
1469 5062 1655 5121 postea
1682 5061 1975 5109 venturum
2012 5057 2181 5111 relata
2221 5057 2443 5125 fuerint,
2479 5058 2748 5115 Theodori
2770 5077 2988 5131 quoque
3016 5059 3189 5114 nostri
3237 5070 3504 5118 constans

253 5140 529 5193 sententia
552 5146 638 5193 est
668 5145 780 5192 tum
817 5138 871 5192 in
906 5140 1145 5210 prologis
1178 5148 1292 5195 tum
1329 5142 1491 5195 etiam
1523 5144 1672 5198 alibi.
1711 5144 1964 5201 Profecto
1999 5147 2350 5217 allegoricum
2395 5158 2449 5205 et
2477 5151 2831 5222 anagogicum
2867 5159 2920 5205 et
2950 5150 3180 5220 quodvis
3208 5152 3502 5223 mysticum

250 5229 653 5301 interpretandi
698 5245 869 5299 genus
921 5246 1081 5286 nemo
1122 5232 1244 5301 pius
1276 5247 1370 5301 per
1403 5248 1462 5287 se
1493 5244 1828 5299 contemnet,
1865 5237 2009 5306 quod
2064 5239 2201 5307 ipsis
2247 5240 2507 5309 apostolis
2568 5239 2932 5309 Patribusque
2985 5241 3305 5311 apostolicis
3356 5242 3498 5295 haud

251 5324 580 5377 inusitatum
612 5321 879 5377 videmus.
912 5321 1256 5395 Cmteroquin
1290 5332 1562 5394 quatenus
1596 5328 1998 5397 procedendum
2032 5329 2120 5396 sit,
2155 5329 2208 5383 id
2256 5330 2474 5386 demum
2509 5332 2804 5401 prudentes
2833 5330 3152 5399 decernent,
3189 5334 3281 5403 qui
3333 5346 3507 5400 neque

328 5475 407 5554 (ᾳ)
434 5475 568 5554 ﬁet.
606 5475 661 5542 4,
689 5494 741 5554 p.
762 5480 885 5532 ‘2“.
946 5548 1032 5554 ____
1173 5553 1209 5554 Π
2004 5486 2079 5554 (τι)
2106 5484 2247 5554 Hist.
2280 5486 2406 5541 εστι.
2450 5484 2535 5549 VI,
2564 5484 2615 5537 2.

328 5545 401 5620 (Ab)
423 5542 592 5620 gem.
608 5542 737 5603 ccc-1.
772 5558 905 5620 tom.
946 5548 1034 5602 ΧΠ
1072 5566 1125 5620 p.
1160 5553 1285 5606 451.

806 5564 905 5620 om,
946 5548 1034 5602 xu
1072 5566 1125 5620 p.
1160 5553 1285 5606 tsi.
2004 5542 2071 5620 (σε)
2092 5552 2223 5620 Cap.
2266 5556 2348 5609 ιι.

325 5616 396 5680 (ε)
430 5614 727 5695 Ebedigsus
758 5619 918 5674 catal.
949 5614 1088 5689 capf
1116 5625 1197 5688 l9,
1236 5622 1478 5677 Facund.
1512 5638 1592 5690 ιιι,
1627 5622 1693 5688 6;
1732 5621 1821 5677 Li-
2102 5614 2318 5682 De'ch.
2346 5628 2412 5678 ad
2448 5627 2550 5679 litt.
2587 5625 2626 5691 Ι,
2667 5626 2718 5679 1.

250 5686 425 5740 berat.
449 5700 567 5755 cap.
592 5686 682 5743 24.
1017 5686 1035 5689 “
1185 5686 1193 5688 ⁷
1580 5686 1589 5690 ⁷
1682 5686 1689 5688 “

1017 5686 1035 5689 _
1185 5686 1193 5688 ν
1580 5686 1589 5690 ν
1682 5686 1689 5688 -
2009 5686 2029 5693 —
2045 5686 2054 5695 1
