3898 6228
432 165 526 219 Hi
1648 165 1807 224 ANG.
1850 166 1997 223 MAI]
2032 166 2423 229 PREFATIO.
3466 170 3469 171 ⁷
3537 196 3641 253 “2

429 287 538 355 tota
562 277 896 334 credulitatis
929 276 1079 332 frena
1112 277 1392 342 laxabunt,
1437 294 1612 350 neque
1650 282 1989 337 committent
2025 290 2084 336 ut
2121 299 2231 338 non
2261 292 2369 339 tam
2417 287 2764 360 interpretari
2814 296 3098 355 videantur
3133 316 3294 372 quam
3335 307 3440 361 vim
3487 308 3637 363 Scri-

427 372 601 442 pturis
636 371 832 428 inferre
864 386 877 422 :
904 368 1057 438 quasi
1082 382 1190 422 non
1222 369 1293 424 sit
1326 370 1595 437 piaculum
1625 386 1834 425 sacram
1862 372 2167 427 doctrinam
2199 375 2515 447 depravare,
2551 389 2604 435 et
2624 383 2691 437 ad
2721 385 3050 446 voluntatem
3085 368 3238 448 suam
3273 400 3490 454 oracula
3526 409 3639 456 tra-

426 466 554 521 here
587 464 961 532 repugnantia.
990 460 1245 516 Nonnulli
1273 461 1490 517 interim
1520 470 1729 516 tantum
1765 464 1869 519 sibi
1899 480 2201 537 sumpsere,
2241 477 2300 523 ut
2336 471 2599 541 quidquid
2626 474 2729 545 ipsi
2760 480 3273 556 vellent,Scriptura
3300 492 3546 550 sentiret.
3572 494 3639 550 Et

427 567 603 613 tamen
638 571 866 626 magnus
897 555 1254 626 Hieronymus
1282 556 1360 625 (a)
1383 558 1821 612 commemoratis
1848 560 2208 615 vetustiorum
2239 564 2445 634 aliquot
2472 566 2526 618 in
2547 564 2861 625 Zachariam
2892 555 3195 644 prophetam
3230 588 3635 644 commentariis

425 653 689 725 mysticis,
739 653 921 707 statim
970 651 1154 705 subdit
1206 666 1265 705 se
1316 651 1558 705 historiae
1603 650 1914 707 Judmorum
1972 656 2332 727 tropologiam
2383 662 2671 717 miscuisse
2712 664 3169 740 ChriStianorum,
3230 685 3288 731 ut
3342 680 3638 738 mdilicarct

425 762 587 816 supra
623 753 829 815 petram
868 752 1051 799 etnon
1090 760 1252 814 super
1276 760 1517 811 arenam,
1552 761 1614 800 ac
1652 748 1848 803 stabile
1871 747 2075 818 jaceret
2093 750 2507 811 fundamentum
2536 758 2681 827 quod
2700 758 2901 820 Paulus
2927 767 3261 825 architectus
3297 778 3548 843 posuisse
3577 796 3636 835 sc

423 837 633 893 scribit.

488 930 577 984 1V.
612 929 902 999 Reliquum
930 935 1012 982 est
1046 936 1101 981 ut
1134 927 1472 982 suborientes
1502 928 1763 997 quasdam
1799 938 1989 985 contra
2033 934 2365 991 authentiam
2391 942 2590 1009 operis,
2616 960 2711 1001 seu
2755 946 2932 1017 potius
2959 947 3025 1003 de
3045 958 3265 1008 auctore
3296 956 3435 1025 ejus,
3470 958 3635 1014 dubi-

422 1025 654 1080 tationes
686 1024 948 1079 relellam.
980 1020 1038 1075 In
1063 1024 1267 1091 quintae
1290 1023 1483 1093 synodi
1522 1024 1737 1078 actione
1767 1035 1982 1095 quarta,
2009 1029 2305 1086 multarum
2342 1034 2602 1095 adversus
2650 1039 2991 1097 Theodorum
3020 1020 3463 1107 criminationum
3490 1055 3637 1111 vice-

420 1124 555 1176 sima
589 1122 734 1173 hunc
763 1120 923 1173 habet
947 1119 1162 1172 titu|um
1193 1135 1206 1172 :
1243 1117 1503 1171 Theodori
1524 1118 1879 1187 Hopsuesteni
1913 1138 1977 1175 ea:
2009 1126 2265 1194 principio
2292 1136 2654 1189 commentarii
2674 1134 2771 1206 (b),
2805 1137 2944 1207 quod
2969 1140 3022 1193 in
3051 1140 3325 1196 duodecim
3355 1149 3635 1215 prophetas

418 1217 648 1285 scripsit,
669 1209 927 1283 abnegans
947 1211 1243 1281 prophetiae
1273 1213 1336 1265 de
1372 1210 1582 1267 Christo
1608 1230 1718 1268 esse
1738 1215 2055 1283 prwdictas;
2088 1220 2178 1273 sed
2210 1238 2311 1275 non
2364 1226 2587 1283 volentes
2642 1230 2907 1301 (loquitur
2932 1232 3336 1310 Mopsuetenus)
3356 1209 3478 1295 ista
3505 1261 3634 1299 con-

417 1309 669 1368 siderare,
699 1322 839 1361 voces
868 1321 1040 1359 omnes
1065 1305 1269 1359 trahere
1304 1306 1372 1358 ad
1399 1306 1681 1361 Dominum
1706 1320 1904 1364 tentant
1932 1311 2220 1381 Christum,
2248 1325 2304 1369 ut
2323 1328 2372 1371 et
2396 1336 2511 1390 qua:
2532 1323 2595 1377 de
2619 1327 2810 1394 popqu
2832 1328 2979 1395 facta
3000 1340 3143 1396 sunt,
3181 1305 3346 1387 simili
3368 1341 3523 1392 modo
3549 1341 3635 1393 in-

417 1403 724 1472 telligerent,
776 1409 824 1452 et
868 1399 1033 1450 risum
1080 1406 1393 1465 praestarent
1441 1396 1681 1465 Judazis,
1741 1403 1949 1471 quando
1998 1420 2063 1459 ea:
2100 1408 2415 1476 scriptorum
2459 1417 2725 1484 sequentia
2762 1419 2895 1473 nihil
2943 1420 3011 1473 ad
3043 1421 3322 1478 Dominum
3363 1425 3636 1488 Christum

413 1493 722 1560 pertinentes
741 1486 1016 1542 ostendunt
1037 1502 1202 1543 voces.
1240 1486 1421 1557 Pergit
1450 1488 1645 1544 deinde
1673 1490 2041 1561 Mopsuesteni
2067 1507 2355 1552 accusator
2387 1516 2508 1571 cap.
2532 1506 2599 1559 21
2626 1515 2677 1561 ct
2707 1507 2777 1560 2‘2
2802 1508 3045 1579 proferre
3066 1515 3275 1585 aliquot
3300 1486 3632 1584 psalmorum

416 1586 584 1645 locos,
618 1598 647 1637 e
684 1580 883 1650 quibus
908 1578 1223 1632 vaticinium
1253 1578 1535 1632 exclusum
1568 1584 1921 1651 conqueritur
1950 1600 1981 1638 a
2018 1584 2426 1657 Mopsuesteno.
2449 1590 2701 1651 Jamvero
2742 1578 3120 1658 commentarii
3153 1578 3209 1658 in
3250 1578 3325 1661 xu
3350 1612 3632 1682 prophetas

412 1683 528 1739 sine
552 1679 716 1734 dubio
743 1676 958 1730 initium
986 1673 1539 1780 interpretatioosea:
1560 1685 1663 1741 est,
1701 1688 1943 1780 non‘tam
1979 1683 2107 1780 quia
2157 1683 2210 1738 id
2239 1686 2375 1740 ordo
2415 1687 2532 1757 ipse
2564 1689 2618 1745 in
2662 1693 2942 1752 codicibus
2980 1699 3158 1766 docet,
3203 1673 3364 1775 quam
3392 1673 3519 1780 quia
3546 1712 3631 1768 sic

411 1777 486 1828 ait
507 1772 696 1843 primis
720 1768 902 1824 verbis
931 1776 1143 1819 auctor.
1179 1764 1340 1833 Atqui
1374 1763 1429 1817 in
1451 1764 1576 1827 hoc,
1622 1767 1763 1835 quod
1790 1766 1925 1831 dixi,
1975 1770 2134 1824 initio
2184 1772 2391 1827 nullum
2420 1789 2722 1834 consonum
2757 1784 3027 1853 synodico
3052 1763 3480 1852 illitte-stnnoriio
3504 1816 3629 1855 ver-

411 1872 536 1925 bum
558 1877 659 1923 est.
686 1863 825 1931 Quid
859 1859 1023 1931 ergo?
1046 1859 1319 1917 idcircone
1370 1859 1436 1913 de
1463 1870 1687 1916 auctore
1715 1862 1967 1920 dubitare
1998 1866 2161 1921 licet?
2194 1869 2416 1925 minime
2455 1875 2717 1943 gentium.
2747 1879 2884 1933 Cum
2937 1883 3083 1937 enim
3129 1887 3347 1946 aliunde
3374 1897 3628 1965 explora-

410 1965 681 2021 “SSimum
726 1961 818 2024 sn’
864 1953 1240 2012 commentarii
1267 1954 1430 2024 huius
1482 1956 1922 2025 MODS‘leS‘em'm
1983 1976 2105 2018 esse
2159 1973 2460 2031 δαοῑοΐθηιν
2500 1971 2750 2040 SBQuitur
2798 1985 2858 2029 ut
2910 1977 2967 2031 in
3000 1982 3261 2051 Sinodico
3296 1953 3483 2046 codice
3529 2009 3631 2063 Pro

410 2052 799 2115 Commentario
821 2051 877 2103 in
911 2062 985 2102 xu
1010 2045 1310 2115 prophetas,
1338 2045 1756 2103 Commentarius
1780 2053 1835 2104 in
1856 2050 2104 2109 Psalmos
2134 2060 2480 2126 reponendus
2509 2063 2613 2129 sit;
2656 2065 2809 2136 isque
2840 2084 2995 2123 error
3033 2074 3118 2129 vel
3159 2074 3475 2151 Callonymo
3499 2045 3633 2142 cim-

405 2147 516 2203 cilii
548 2142 761 2199 notario
790 2155 884 2197 seu
906 2137 1195 2208 eclogario,
1225 2138 1316 2206 qui
1343 2138 1414 2192 ibi
1445 2141 1656 2204 recitat,
1689 2142 2047 2200 ascribendus
2069 2156 2189 2215 est;
2227 2149 2311 2203 vel
2339 2158 2487 2206 certe
2510 2165 2691 2222 postea
2726 2156 2781 2209 in
2809 2161 3101 2229 synodicos
3130 2137 3370 2234 codices:
3393 2188 3627 2241 quorum

407 2240 591 2295 nullus
619 2236 752 2292 satis
786 2232 1043 2301 antiquus
1059 2244 1345 2298 superesse
1374 2230 1613 2297 videtur,
1651 2234 1900 2305 irrepsit.
1939 2236 2142 2309 Synodi
2178 2242 2384 2310 quinta:
2414 2242 2636 2302 Graecus
2666 2250 2748 2303 vel
2784 2252 2975 2307 saltem
3026 2254 3252 2315 Latinus
3282 2230 3452 2320 codex
3495 2270 3629 2324 mihi

406 2333 590 2386 nullus
621 2330 686 2382 ad
711 2340 929 2380 manum
959 2330 1063 2386 est,
1098 2322 1152 2375 in
1177 2338 1285 2392 quo
1319 2323 1605 2379 lectionem
1639 2329 1891 2397 vestigem
1925 2347 1938 2383 :
1977 2335 2276 2401 praesertim
2308 2336 2434 2405 quia
2468 2340 2659 2408 synodi
2690 2341 2856 2412 hujus
2891 2355 3012 2399 acta
3039 2350 3295 2422 pleraque
3323 2322 3625 2425 pericula}:

410 2423 547 2492 Ergo
568 2418 806 2481 interim,
836 2416 1010 2471 donec
1039 2418 1334 2485 synodicus
1360 2419 1532 2474 codex
1572 2421 1769 2478 aliquis
1805 2426 2081 2493 meliorem
2135 2427 2368 2486 fortasse
2401 2432 2689 2489 lectionem
2736 2437 2945 2505 ollerat,
2971 2458 3069 2512 ego
3098 2416 3413 2514 quidem-ad
3454 2470 3633 2512 remo-

404 2517 633 2573 vendam
665 2515 805 2569 hanc
831 2511 1320 2569 contradictionem
1370 2519 1727 2585 sequentibus
1758 2530 1878 2573 utar
1921 2528 2275 2592 argumentis.
2319 2525 2532 2584 Titulus
2579 2530 2669 2586 ille
2708 2548 2771 2586 ex
2797 2511 3052 2603 principio
3087 2511 3451 2600 commentarii
3470 2549 3523 2601 in
3552 2566 3628 2605 xu

404 2613 683 2683 prophetas
726 2622 953 2679 prorsus
984 2604 1365 2696 videturAesse
1395 2607 1753 2696 obreptitius;
1812 2610 2075 2680 quidquid
2122 2615 2266 2668 enim
2318 2617 2389 2670 ibi
2428 2621 2680 2687 priecedit
2722 2634 2817 2677 aut
2864 2627 3132 2693 sequitur,
3172 2630 3224 2685 id
3268 2648 3299 2688 e
3352 2604 3628 2696 Theodori

407 2700 798 2759 Commentario
825 2700 879 2753 in
914 2696 1161 2751 Psalmos
1198 2692 1499 2749 desumitur
1546 2715 1558 2750 :
1598 2698 1851 2766 praecedit
1892 2701 2034 2753 enim
2082 2702 2313 2767 eiusdem
2345 2721 2409 2758 ea:
2440 2707 2865 2777 interpretatione
2912 2692 3080 2775 octavi
3115 2726 3338 2793 psalmi;
3381 2692 3635 2802 sequitur

405 2794 637 2865 ejusdem
694 2794 749 2845 in
776 2792 1038 2861 psalmum
1059 2790 1356 2843 vicesimum
1384 2794 1629 2859 primum.
1655 2792 1714 2845 Et
1741 2805 1927 2861 postea
1954 2796 2186 2866 ejusdem
2219 2799 2283 2853 de
2304 2803 2731 2871 interpretatione
2751 2823 2916 2866 cxvm
2948 2817 3158 2881 psalmi.
3185 2820 3287 2877 Sed
3305 2790 3630 2901 quodcapttt

348 2877 352 2880 ⁴
407 2900 511 2955 est,
548 2889 653 2944 loci
685 2886 809 2957 ipsi,
840 2886 935 2955 qui
985 2885 1088 2939 sub
1115 2884 1254 2940 falso
1288 2886 1445 2941 titulo
1490 2886 1868 2944 Commentarii
1908 2892 1963 2945 in
2012 2908 2087 2948 xu
2128 2900 2402 2964 prophetas
2450 2898 2712 2962 citantur,
2759 2905 2994 2961 universi
3025 2925 3054 2964 e
3087 2877 3628 2991 Psalmis‘petumilr,

410 2992 570 3052 atque
594 2977 900 3033 intermedii
930 2982 1059 3029 sunt
1088 2977 1229 3036 inter
1264 2991 1517 3038 octavum
1548 2992 1596 3037 et
1629 2985 1946 3039 vicesimum
1967 2991 2199 3056 primum
2221 2990 2507 3057 psalmum,
2540 2994 2633 3062 qui
2668 2994 2919 3052 laudatur
2948 3000 3001 3055 in
3047 2977 3410 3078 subsequente
3437 2977 3628 3089 titulo;

582 3088 589 3089 ί
628 3069 979 3089 ψηψηημψ
1037 3082 1059 3089 Α
1390 3088 1397 3089 ί
1492 3081 1504 3089 ,
1689 3082 1702 3089 ,
1848 3076 1859 3087 .

409 3088 601 3143 nempe
626 3069 979 3141 proferuntur
1032 3082 1062 3122 e
1097 3074 1322 3137 psalmis
1348 3088 1424 3127 xu
1456 3081 1511 3127 et
1536 3089 1625 3141 xv,
1655 3082 1709 3129 et
1749 3090 1811 3130 ex
1846 3076 1965 3145 ipso
1988 3093 2107 3143 XXI;
2136 3094 2241 3149 qua
2271 3096 2337 3135 ex
2372 3097 2431 3135 re
2479 3093 2704 3154 apparet
2749 3090 3067 3158 synodicum
3109 3069 3434 3171 edo-garium
3488 3069 3630 3166 nihil

407 3170 553 3226 aliud
581 3169 652 3223 ibi
694 3165 920 3221 recitare
952 3178 1115 3231 quam
1144 3160 1387 3215 locorum
1426 3163 1621 3217 seriem
1650 3178 1715 3217 ex
1758 3162 2147 3222 Commentario
2196 3168 2561 3239 Mepsuesteni
2614 3175 2669 3228 in
2706 3174 2953 3234 Psalmos
2982 3160 3272 3244 ordinatim
3333 3210 3630 3270 excerpta-

573 3257 630 3270 η
745 3254 795 3270 ο.
1017 3250 1500 3270 “sumamus”
1557 3251 1841 3270 εμυμ..-
1909 3254 1942 3270 ι.
2314 3261 2324 3270 .
2391 3261 2402 3270 .
2507 3263 2518 3270 -
2601 3265 2633 3270 -.
2794 3269 2804 3270 κ

406 3276 548 3315 rum.
573 3257 638 3311 Et
668 3254 885 3326 quidem
924 3253 979 3306 in
1017 3250 1249 3306 Psalmis
1274 3250 1507 3306 maxime
1557 3251 1977 3321 interpretandis
2020 3272 2208 3313 ansam
2248 3261 2722 3321 criminationibus
2757 3269 3027 3325 obtulerat
3075 3250 3627 3361 Mopsuesmnu‘srt'lhi

401 3352 626 3428 juvenili
658 3351 711 3403 in
742 3348 810 3403 iis
839 3345 1064 3400 audacia
1091 3342 1454 3398 exsultaverat
1481 3361 1496 3398 :
1526 3357 1647 3396 nam
1675 3343 1722 3396 si
1750 3351 1898 3400 certe
1921 3362 2045 3401 vera
2074 3358 2262 3403 narrat
2299 3350 2558 3408 Leontius
2586 3356 2681 3410 lib.
2717 3372 2798 3423 ιιι,
2831 3360 2921 3419 15,
2946 3376 3131 3420 contra
3166 3342 3346 3438 Ναί,
3378 3342 3624 3446 ρεηίιηῖο-ρ,

404 3461 593 3502 omnes
623 3441 690 3496 ad
716 3435 1102 3495 Zoroba'belem
1127 3442 1183 3488 et
1210 3432 1457 3487 Ezeciam
1498 3434 1776 3499 retulerat,
1815 3435 1989 3491 tribus
2026 3447 2234 3494 tantum
2270 3441 2489 3499 Christo
2517 3444 2747 3500 Domino
2791 3459 3105 3510 reservatis.
3145 3459 3279 3516 Tum
3326 3432 3633 3539 llesychiil;

406 3537 698 3594 historicus
736 3529 879 3602 apud
899 3526 1095 3583 concil.
1132 3523 1198 3585 γ,
1240 3531 1347 3577 aut.
1378 3539 1436 3585 v,
1463 3522 1530 3577 de
1565 3522 1946 3592 Mopsuesteno
1976 3528 2056 3581 sic
2086 3528 2327 3597 loquitur
2354 3551 2365 3585 :
2414 3530 2597 3586 Prima
2619 3534 2870 3591 elementa
2899 3558 3009 3601 suta
3036 3544 3291 3606 doctrina:
3309 3570 3373 3608 ea:
3393 3522 3630 3615 ,ιλιιρέξᾶ

405 3634 703 3701 ιςαηξιοίιιιὶο
736 3627 1010 3695 incipiens,
1052 3620 1283 3675 codicem
1326 3618 1379 3672 in
1414 3620 1748 3690 prophetiam
1781 3622 2115 3691 psalmorum
2148 3627 2476 3694 conscripsit,
2496 3645 2670 3684 omnes
2710 3631 2774 3686 de
2816 3633 3041 3689 Domino
3075 3642 3437 3704 pra'dictiones
3467 3648 3632 3705 abne-

405 3736 632 3798 gantem.
664 3720 847 3788 Neque
880 3725 1062 3769 tamen
1087 3718 1314 3767 externo
1352 3709 1664 3764 testimonio
1692 3726 1829 3781 opus
1852 3718 1954 3778 est,
1986 3728 2107 3766 cum
2142 3713 2317 3783 ipsum
2342 3725 2615 3772 auctorem
2647 3719 2941 3778 habeamus
2969 3728 3168 3797 scripta
3198 3746 3293 3787 sua
3317 3734 3368 3788 in
3389 3738 3628 3802 psalmos

404 3815 674 3886 praecipue
704 3809 785 3864 sic
804 3812 1151 3861 accusantem
1183 3802 1235 3855 in
1268 3801 1495 3870 epistola
1527 3804 1759 3871 quadam
1788 3803 1930 3871 apud
1964 3802 2275 3859 Facundqu
2313 3822 2395 3873 ιιι,
2438 3808 2470 3862 6
2503 3825 2519 3864 :
2559 3809 2639 3862 Ea
2660 3828 2776 3880 qua:
2796 3816 2993 3884 scripta
3021 3832 3140 3874 sunt
3176 3822 3229 3877 in
3264 3801 3499 3895 psalmos
3520 3832 3629 3886 mi-

403 3910 566 3969 raris,
590 3921 706 3976 quae
734 3903 892 3956 etiam
920 3901 1091 3967 prima
1114 3905 1423 3949 ceterorum
1446 3898 1677 3949 omnium
1703 3899 2010 3961 scripsimus
2037 3915 2055 3951 :
2074 3916 2175 3951 non
2198 3911 2370 3954 autem
2392 3913 2645 3971 quantam
2670 3919 2968 3971 oportuerat
2986 3910 3262 3969 habuimus
3286 3917 3427 3971 circa
3456 3921 3628 3977 istam

401 4016 509 4057 rem
529 3996 853 4066 diligentiam
883 4006 901 4043 :
923 3989 1068 4057 passi
1089 3994 1225 4044 enim
1259 4006 1438 4044 sumus
1463 4007 1779 4060 quwcunque
1818 3992 2141 4060 incipientes,
2167 4006 2222 4047 ut
2253 3997 2437 4061 evenit,
2465 4000 2517 4051 in
2548 4001 2811 4067 imperitia
2833 4005 3093 4059 scribendi
3114 4014 3386 4067 constituti
3405 4030 3425 4068 .'
3457 4018 3628 4089 siqui-

399 4103 518 4157 dem
558 4114 608 4153 et
660 4094 856 4149 multas
878 4088 1266 4142 immutationes
1291 4087 1354 4140 ab
1377 4087 1470 4140 illo
1516 4097 1742 4156 tempore
1769 4106 1885 4158 qua:
1924 4100 2103 4144 nostra
2129 4103 2250 4145 sunt
2284 4107 2638 4162 susceperunt,
2685 4115 2815 4166 quas
2841 4116 2941 4155 non
2968 4113 3046 4156 est
3073 4110 3345 4172 prmemis
3369 4087 3626 4182 ίεηψόήι

399 4207 650 4250 enarrare
680 4203 699 4241 :
729 4201 795 4241 ea:
820 4200 924 4255 qua
962 4195 1125 4234 causa
1150 4179 1315 4248 magis
1343 4178 1654 4247 negligenter
1685 4195 1716 4231 a
1738 4178 1884 4232 nobis
1918 4184 2208 4249 composita
2224 4193 2344 4237 sunt
2373 4186 2622 4251 plurima,
2668 4198 2717 4242 et
2742 4191 2965 4245 maxime
2988 4193 3084 4248 illa
3116 4212 3231 4265 quae
3274 4204 3445 4268 prima
3469 4178 3622 4263 ξιιηι,

400 4288 598 4343 lterum
632 4285 747 4353 ipse
772 4276 1062 4334 Facundus
1080 4289 1132 4341 ι,
1153 4276 1185 4329 5
1219 4294 1231 4329 :
1271 4274 1570 4329 Theodorus
1608 4280 1749 4329 ultro
1780 4280 2112 4346 semetipsum
2141 4281 2512 4349 reprehendens
2543 4284 2598 4337 in
2623 4288 2945 4354 expositione
2968 4290 3320 4362 Psalmorum,
3346 4302 3624 4370 confessus

399 4388 478 4434 est
507 4377 644 4450 quod
679 4374 991 4445 negligenter
1024 4384 1126 4424 ase
1145 4370 1431 4433 composita
1460 4368 1654 4433 fuerint
1692 4370 1943 4437 plurima,
1967 4380 2016 4424 et
2043 4374 2269 4427 maxime
2302 4375 2397 4429 illa
2444 4393 2559 4446 qua:
2596 4380 2767 4446 prima
2798 4391 2939 4436 sunt.
2985 4380 3127 4437 Sane
3155 4386 3287 4441 side
3320 4404 3426 4443 uno
3445 4368 3628 4460 δρετθ

402 4471 488 4524 hic
518 4468 757 4538 loquitur
793 4463 1100 4525 Facundus,
1129 4463 1315 4519 utioue
1339 4472 1579 4534 apparet,
1606 4464 1946 4521 'l'heodorum
1986 4483 2050 4522 ex
2086 4484 2182 4523 sua
2207 4468 2545 4526 Psalmorum
2570 4476 3013 4545 interpretatione
3042 4482 3311 4551 praecipue
3339 4487 3617 4554 vitupera-

402 4568 545 4619 visse
594 4563 917 4633 principium
972 4561 1151 4628 operis
1183 4560 1271 4628 (de
1298 4576 1407 4631 quo
1443 4561 1655 4616 scilicet
1702 4561 1973 4633 principio
2003 4565 2142 4633 apud
2200 4574 2404 4621 textum
2450 4570 2765 4639 synodicum
2810 4588 2989 4627 sermo
3016 4575 3141 4643 est).
3190 4576 3292 4629 Sed
3335 4584 3453 4631 esto
3482 4595 3627 4638 sane

399 4656 733 4725 ambiguum,
762 4660 944 4706 utrum
970 4650 1111 4720 apud
1139 4649 1452 4707 Facundum
1481 4652 1805 4706 vocabulum
1854 4655 2025 4723 prima
2049 4656 2318 4723 significet
2352 4661 2645 4727 primordia
2674 4665 2861 4728 operis,
2899 4680 2967 4719 an
3015 4667 3193 4735 potius
3223 4668 3481 4722 scribendi
3511 4668 3628 4721 ini-

400 4755 567 4817 tium,-
624 4748 845 4804 minime
872 4763 999 4801 vero
1032 4747 1193 4801 dubia
1223 4755 1305 4802 est
1332 4746 1543 4802 Leontii
1569 4750 1865 4806 auctoritas
1895 4760 2077 4805 contra
2109 4751 2261 4811 Nest.
2304 4756 2396 4810 lib.
2428 4773 2508 4821 Ill,
2538 4759 2625 4825 45,
2650 4761 2740 4815 ubi
2788 4762 2989 4831 scripta
3020 4759 3380 4830 Mopsuesteni
3402 4762 3622 4831 vitupe-

398 4861 548 4909 rans,
582 4845 634 4898 in
660 4844 744 4900 his
762 4850 1009 4898 recenset
1031 4844 1129 4910 τὴν
1152 4844 1289 4896 κατὰ
1310 4844 1418 4898 τῶν
1453 4845 1611 4916 ἱερῶν
1657 4844 1885 4917 ψαλμῶν
1907 4866 1937 4899 τ

2081 4850 2224 4903 ποιὸν
2255 4852 2622 4924 προθεωρίανε
2657 4857 2736 4910 sic
2760 4859 2903 4913 enim
2937 4856 3079 4912 edidi
3118 4872 3181 4910 ex
3214 4857 3400 4911 Grasco
3424 4858 3620 4916 codice

403 4937 681 5003 Vaticano,
723 4953 846 5010 quas
868 4938 1032 4991 verba
1064 4938 1117 4991 in
1153 4936 1408 4993 Turriani
1432 4938 1881 5009 Latinitate.quas
1899 4942 2011 4997 sola
2056 4945 2318 4999 hactenus
2344 4947 2488 5000 edita
2516 4948 2709 5013 fuerat,
2745 4952 2824 5006 sic
2855 4953 3076 5015 habent,
3125 4962 3175 5005 et
3200 4953 3614 5022 praemeditatio-

398 5048 513 5086 nem
539 5040 885 5085 excmcantem
908 5031 964 5084 in
981 5045 1159 5085 sacros
1196 5031 1456 5086 Psalmos.
1482 5033 1624 5089 Sane
1644 5033 1948 5091 Turrianus
1979 5037 2321 5107 interpretari
2352 5042 2614 5109 potuisset
2636 5044 2995 5114 pra’fationem
3027 5062 3045 5101 :
3081 5046 3204 5115 quis
3236 5047 3381 5102 enim
3409 5049 3615 5112 nescit,

399 5128 716 5189 argumenta
756 5136 852 5175 seu
891 5120 1232 5189 praefationes
1270 5119 1579 5177 Graecarum
1618 5125 1702 5179 vel
1754 5127 2058 5181 orationum
2106 5128 2189 5182 vel
2231 5130 2541 5197 huiusmodi
2591 5134 3027 5191 lucubrationum
3066 5137 3325 5206 appellari
3369 5137 3628 5209 προθεωο

399 5206 560 5277 ρίαςῖ
595 5205 760 5261 Valde
793 5209 957 5278 igitur
989 5225 1188 5264 censeo
1220 5210 1540 5280 synodicum
1569 5213 1899 5284 eelogarium
1924 5217 2231 5286 respexisse
2258 5219 2325 5271 ad
2353 5219 2723 5289 praefationem
2754 5205 3521 5292 CommentariiPsalmorum,
3563 5225 3632 5282 in

396 5312 501 5366 qua
531 5295 849 5352 Theodorus
877 5298 1127 5356 liberiore
1151 5301 1366 5372 ingenio
1383 5302 1604 5367 luserat,
1638 5312 1691 5358 et
1722 5305 1970 5374 quaedam
1993 5316 2180 5362 contra
2208 5311 2467 5379 mysticos
2492 5312 2816 5383 ﬁguratosve
2839 5332 3031 5371 sensus
3064 5319 3323 5373 audacius
3350 5317 3636 5373 etluderat

399 5395 547 5462 (puta
582 5393 671 5447 illa
717 5392 880 5447 verba
936 5396 1178 5465 synodici
1238 5396 1578 5468 testimonii),
1610 5415 1731 5469 qua:
1773 5399 1967 5456 deinde
1999 5401 2226 5472 ipsemet
2274 5409 2607 5471 retractavit,
2662 5419 2719 5463 ut
2749 5410 2824 5464 ait
2857 5408 3178 5481 Hesychius.
3214 5412 3453 5483 Denique
3496 5428 3578 5470 no

491 5582 543 5661 τι)
581 5581 786 5661 ξένοιιξᾳι
821 5576 896 5661 αμ,
927 5582 1201 5661 comm-“531
1234 5582 1397 5639 ΖαεΙι.
1505 5656 1515 5661 _
1671 5657 1684 5661 _
1836 5660 1841 5661 γ
2064 5607 2183 5647 esse
2212 5593 2464 5649 mendum
2512 5591 2715 5645 librarii
2754 5593 2847 5661 qui
2899 5609 3007 5647 non
3051 5595 3370 5650 intellexerit
3403 5595 3611 5650 littera:

491 5582 543 5645 α)
581 5581 786 5647 Prolog.
821 5580 889 5631 ad
927 5594 1115 5634 comm.
1142 5582 1197 5634 in
1234 5582 1397 5639 Zach.
2064 5607 2183 5647 esse
2212 5593 2464 5649 mendum
2512 5591 2715 5645 librarii
2754 5593 2847 5661 qui
2899 5609 3007 5647 non
3051 5595 3215 5647 intellt

466 5580 539 5717 ib)
580 5648 785 5708 Concil.
847 5648 935 5703 hic
980 5658 1034 5705 et
1079 5651 1205 5707 alibi
1242 5656 1558 5733 commenti;
1593 5657 1687 5712 scd
1743 5660 1883 5716 malo
1906 5660 1957 5715 id
2070 5665 2445 5732 compendium
2476 5678 2597 5717 cum
2629 5665 2967 5731 superposita
3005 5664 3215 5721 lineola.
