3906 6208
215 383 320 445 ηδ
1457 388 1618 446 ANG.
1658 386 1803 445 MAI!
1841 388 2226 448 PREFATIO.
3370 392 3390 444 l
3410 391 3469 446 M

210 518 549 576 magnopere
580 504 896 560 mirandum
936 514 1041 570 est,
1079 507 1127 562 si
1168 506 1304 561 forte
1345 521 1513 560 unum
1556 521 1654 577 pro
1682 506 1855 563 altero
1885 504 2259 576 Mopsuesteni
2311 519 2450 573 opus
2490 503 2773 558 recitatum
2818 501 2941 567 fuit,
2991 503 3037 558 si
3067 511 3213 558 certe
3258 514 3473 559 constat

211 615 331 655 non
360 600 413 654 id
468 600 651 654 solum
702 616 828 656 esse
873 603 1245 665 commissum,
1289 616 1475 655 verum
1534 611 1588 656 et
1609 602 1729 671 ejus
1762 602 1951 657 titulos
1986 601 2256 656 interdum
2288 599 2458 654 fuisse
2512 598 2667 653 valde
2701 614 3005 669 perversos.
3072 597 3265 655 Nonne
3323 599 3471 653 enim

215 690 483 746 Leontius
515 691 690 746 libros
726 692 998 747 Theodori
1031 694 1108 746 De
1125 694 1488 746 incarnatione
1512 701 1565 748 et
1596 691 2012 747 Commentarios
2036 693 2089 745 in
2110 689 2327 755 Jobum,
2370 700 2649 759 propterea
2682 688 2828 759 quod
2864 689 3075 744 insanis
3102 688 3390 744 sententiis
3417 694 3473 742 et

212 783 533 839 damniﬁcis
573 782 762 839 referti
797 792 973 847 erant,
1037 785 1316 855 inscripsit
1360 802 1456 841 seu
1517 782 1753 854 appellav

1930 784 1981 839 rd
2031 781 2558 850 ὲνανθρωπήσεως,
2610 782 2858 835 adversus
2920 782 3359 843 incarnationem,
3419 790 3472 837 et

214 875 375 929 κατὰ
392 873 511 929 τὸν»
540 876 680 938 Ἰῶὄ,
706 877 959 931 adversus
985 875 1223 934 Jobum?
1249 877 1499 933 Profecto
1533 878 1587 932 id
1623 878 1678 931 in
1706 877 1823 947 ipso
1848 876 2082 931 concilio
2122 875 2314 946 quinto
2348 889 2415 928 ex
2446 874 2573 927 odio
2613 874 2693 927 vel
2720 884 2863 928 certe
2910 874 3249 928 notariorum
3284 888 3473 928 errore

218 968 431 1023 fatum
458 968 772 1038 justissime
795 970 995 1026 asserit
1036 971 1088 1024 in
1141 971 1588 1026 adnotationibus
1635 970 1704 1024 ad
1748 970 1996 1025 notitiam
2045 968 2313 1023 Theodori
2354 969 2523 1022 nostri
2581 974 2657 1037 (α)
2696 968 3097 1031 Tillemontius,
3138 966 3298 1037 cujus
3350 968 3467 1022 ba’c

220 1066 395 1116 verba
433 1070 563 1116 sunt
595 1080 608 1115 :
644 1062 790 1115 Dans
821 1062 868 1115 le
904 1063 1191 1131 cinquiéme
1222 1064 1417 1117 concile
1439 1063 1538 1133 (ὁ),
1575 1070 1719 1117 entre
1748 1063 1821 1117 les
1843 1077 2089 1131 passages
2126 1062 2252 1115 cités
2284 1061 2346 1113 de
2377 1060 2418 1114 Τ
2422 1059 2641 1114 héodore
2663 1060 2726 1113 de
2756 1058 3053 1126 Mopsueste
3087 1074 3221 1127 pour
3240 1060 3476 1129 justiﬁer

221 1172 287 1207 sa
318 1152 753 1213 condamnation.
787 1173 851 1208 on
874 1171 937 1208 en
970 1164 1145 1207 trouve
1179 1170 1248 1207 un
1283 1155 1386 1209 cité
1408 1158 1470 1207 de
1491 1171 1586 1207 son
1616 1153 2004 1208 commentaire
2040 1167 2134 1206 sur
2155 1151 2293 1204 saint
2330 1150 2626 1214 Matlliieu;
2660 1160 2708 1203 et
2738 1151 2769 1201 ὰ
2804 1149 2858 1202 la
2888 1157 3013 1202 teste
3041 1147 3112 1201 du
3142 1149 3347 1203 suivant
3373 1148 3410 1202 il
3442 1166 3474 1219 y

222 1262 281 1306 ο,
309 1246 555 1314 ejusdem
589 1262 658 1300 ex
698 1247 839 1302 libro
880 1248 1023 1317 quod
1056 1246 1196 1303 Deus
1253 1255 1534 1317 peccatum
1577 1248 1761 1302 docuit
1807 1255 1860 1301 et
1888 1254 2118 1300 mortem
2168 1243 2490 1299 introduxit.
2559 1242 2823 1297 Theodore
2850 1250 2932 1295 n'a
2973 1243 3116 1310 point
3149 1243 3476 1296 assurément

223 1342 406 1392 donné
427 1356 484 1393 ce
507 1342 634 1395 titre
664 1343 695 1394 ὰ
722 1359 893 1396 aucun
931 1344 994 1396 de
1015 1360 1095 1397 ses
1130 1361 1377 1415 ouvrages
1406 1359 1423 1396 :
1456 1354 1504 1397 et
1530 1345 1569 1397 il
1591 1345 1706 1413 {aut
1736 1360 1833 1413 que
1855 1359 1910 1397 ce
1939 1344 2042 1397 soit
2085 1358 2183 1396 une
2214 1358 2394 1395 erreur
2422 1342 2576 1410 qu‘on
2606 1339 2820 1409 pretend
2846 1340 2973 1392 tirer
3010 1337 3072 1390 de
3104 1338 3382 1408 quelqu’nn
3414 1338 3478 1391 de

224 1447 305 1485 ses
340 1433 522 1495 liores,
551 1443 603 1486 et
627 1451 752 1488 sane
781 1434 936 1489 dante
966 1436 1038 1488 du
1065 1435 1464 1492 Commentaire
1498 1453 1592 1492 sur
1622 1438 1765 1493 saint
1797 1436 2081 1500 Matthieu,
2124 1437 2330 1488 nomine
2367 1434 2805 1488 immédiatement
2848 1443 3200 1503 auparavant,
3251 1434 3299 1487 si
3344 1448 3475 1486 natu

223 1523 389 1578 lisons
422 1540 491 1577 ex
524 1524 719 1579 eodem
752 1526 907 1581 libro.
943 1525 1174 1583 Prorsus
1203 1530 1275 1582 ita
1308 1529 1560 1598 superius
1589 1544 1690 1584 nos
1719 1529 1980 1591 diximus,
2013 1529 2190 1581 locum
2224 1528 2399 1590 illum,
2438 1528 2529 1596 qui
2574 1527 2774 1581 dicitur
2804 1545 2869 1583 ex
2900 1528 3290 1583 Commentario
3317 1527 3375 1579 in
3399 1539 3476 1579 stt

226 1622 541 1689 prophetas,
576 1620 921 1675 referendum
968 1639 1090 1678 esse
1117 1625 1182 1677 ad
1217 1626 1439 1678 citatum
1479 1624 1533 1678 in
1580 1625 2014 1695 praecedentibus
2069 1622 2315 1679 Psalterii
2354 1624 2575 1678 librum.
2635 1624 2779 1687 llaac,
2818 1625 3062 1694 inquam.
3106 1623 3470 1694 peremptoria

228 1718 633 1771 demonstratio
658 1727 740 1771 est
769 1721 1032 1774 adversus
1062 1736 1158 1776 eos
1185 1721 1275 1791 qui
1309 1722 1627 1791 synodicum
1656 1722 2032 1776 testimonium
2072 1722 2231 1776 nobis
2264 1721 2584 1789 objecerint.
2619 1752 2688 1761 -—
2727 1721 2816 1776 Sic
2857 1723 2985 1776 olim
3022 1738 3123 1791 ego
3158 1722 3477 1791 disputave-

228 1824 366 1869 ram,
393 1816 457 1861 ut
493 1810 805 1876 premium
853 1814 905 1863 in
954 1810 1202 1866 Psalmos
1249 1828 1345 1881 pro
1391 1814 1641 1882 protentio
1696 1815 1749 1865 in
1802 1827 1875 1865 χιι
1928 1813 2205 1881 prophetas
2256 1812 2601 1867 scribendum
2628 1827 2750 1867 esse
2802 1813 2855 1866 in
2911 1813 3119 1883 synodo
3169 1812 3477 1867 suaderem.

226 1898 384 1955 Nunc
418 1901 561 1956 illud
592 1901 647 1955 in
682 1911 914 1958 mentem
946 1906 1110 1970 venit,
1145 1905 1255 1960 fieri
1298 1921 1456 1975 posse
1485 1914 1543 1959 ut
1588 1906 1836 1975 generale
1881 1906 2099 1976 aliquod
2140 1906 2462 1977 prommium
2495 1906 2547 1958 in
2579 1907 2802 1960 minores
2843 1906 3122 1974 prophetas
3148 1905 3277 1961 olim
3307 1905 3480 1959 exsti-

227 1993 354 2046 terit
390 1992 675 2048 Theodori
706 1997 902 2059 nostri,
934 1997 1077 2067 quod
1109 1997 1159 2050 in
1194 1998 1472 2054 codicibus
1495 2013 1604 2053 non
1637 1998 1705 2053 sit
1726 2006 2127 2062 conservatum,
2167 2004 2385 2067 propter
2406 1998 2759 2052 reverentiam
2787 1997 3017 2051 fortasse
3032 2011 3160 2066 erga
3186 1995 3485 2050 concilium

229 2098 258 2135 a
288 2098 402 2153 quo
439 2083 543 2137 fuil
579 2085 716 2139 illud
750 2087 1134 2156 vituperatum.
1167 2089 1370 2144 Certea
1399 2089 1762 2150 Theodoreto,
1800 2088 1891 2159 qui
1928 2087 2275 2143 Theodorum
2305 2089 2357 2143 in
2386 2089 2703 2144 eorumdem
2736 2088 3121 2159 prophetarum
3159 2090 3488 2158 interpreta-

231 2176 376 2230 tione
405 2177 575 2232 valde
604 2186 873 2241 sectatur,
902 2184 1208 2250 generalem
1249 2184 1529 2252 prologum
1556 2182 1833 2253 praescribi
1856 2182 2101 2238 videmus
2137 2201 2149 2235 :
2186 2190 2301 2236 tum
2344 2183 2400 2237 in
2434 2190 2584 2238 textu
2620 2190 2814 2238 nostro
2861 2182 3129 2238 Theodori
3186 2185 3231 2238 si
3264 2198 3363 2252 pro
3402 2184 3484 2245 εἰς

235 2269 457 2339 ἔλεγχον
486 2270 625 2335 τῶν,
649 2279 758 2327 etc.
794 2275 1066 2328 scribatur
1087 2278 1167 2339 εἰς
1199 2276 1417 2347 ἔλεγχον
1438 2274 1530 2331 οὖν
1574 2277 1702 2339 τῶν,
1737 2286 1777 2331 el

1944 2291 2006 2330 ec
2047 2290 2155 2330 una
2212 2277 2503 2346 particula,
2538 2292 2659 2347 qua!
2692 2278 2926 2332 fortasse
2965 2286 3079 2331 tum
3106 2284 3191 2337 est
3217 2277 3486 2332 subducta

233 2376 356 2416 cum
392 2362 591 2430 priora
619 2376 1023 2428 resecarentur,
1049 2368 1182 2423 satis
1213 2368 1480 2425 indicaret
1503 2371 1751 2440 generale
1787 2385 1817 2423 a
1862 2370 2149 2425 Theodoro
2186 2371 2509 2440 prommium
2560 2369 2730 2425 fuisse
2782 2371 3153 2440 przepositum.
3180 2369 3271 2422 llla
3323 2371 3488 2425 etiam

237 2454 397 2509 verba
438 2472 494 2526 p.
528 2457 582 2521 i,
610 2473 665 2512 v.
701 2458 753 2513 5.
790 2460 912 2512 καθ’
949 2459 984 2513 ἃ
1015 2460 1246 2531 πρόσθεν
1305 2463 1475 2536 ἔφθην
1522 2465 1690 2518 εἰπὼν
1727 2466 1776 2534 (s

1944 2481 1973 2520 e
2015 2466 2434 2536 interpungatur
2480 2472 2606 2518 ante
2653 2465 2711 2516 ὲν
2744 2463 2999 2533 ψαλμοῖς,
3026 2477 3186 2517 secus
3204 2462 3249 2517 si
3276 2464 3486 2533 postea)

237 2547 376 2602 haud
405 2564 525 2603 rem
555 2550 608 2603 in
621 2549 839 2605 diverso
862 2568 1023 2622 opere
1042 2553 1264 2617 dictam,
1290 2556 1383 2610 sed
1402 2557 1455 2610 in
1474 2570 1737 2627 prasente
1763 2558 1967 2627 scripto
1986 2558 2247 2612 denotant
2273 2557 2443 2627 :quod
2462 2558 2506 2613 si
2530 2557 2603 2609 ita
2619 2562 2722 2621 est,
2738 2555 3006 2625 generalis
3027 2555 3283 2625 prologus
3301 2569 3491 2610 neces-

237 2644 383 2698 sario
401 2644 749 2715 intelligitur,
767 2646 859 2715 qui
876 2647 992 2701 sine
1015 2646 1304 2701 dubiotam
1329 2650 1566 2719 copiosis
1603 2651 1655 2703 in
1678 2666 1769 2704 xu.
1792 2651 2067 2718 prophetas
2085 2650 2474 2703 commentariis
2504 2648 2719 2703 videtur
2738 2645 2907 2702 fuisse
2921 2645 3490 2703 convenientissimus.

304 2736 370 2791 ν.
403 2738 567 2792 Nunc
600 2755 713 2809 quo
749 2741 983 2810 ingenio.
1027 2756 1136 2812 qua
1181 2744 1415 2808 ratione,
1460 2762 1569 2815 quo
1597 2743 1701 2800 fine
1743 2743 2067 2800 Theodorus
2101 2745 2199 2799 hos
2246 2744 2312 2798 ad
2363 2743 2660 2813 prophetas
2693 2741 3120 2797 commentarios
3164 2742 3494 2798 instruxisse

235 2836 506 2898 videatur,
541 2836 727 2891 sobria
768 2853 890 2891 cum
933 2838 1196 2896 brevitate
1243 2841 1534 2897 dicendum
1581 2849 1685 2897 est.
1718 2846 1895 2913 Atque
1944 2843 1998 2897 in
2043 2842 2235 2911 primis
2264 2841 2559 2895 fecundum
2605 2838 2879 2895 Theodori
2928 2838 3164 2907 felixque
3215 2837 3492 2908 ingenium

239 2928 426 2981 mirari
463 2929 619 2993 licet,
649 2930 743 2998 qui
777 2931 844 2985 de
878 2946 1019 3000 penu
1060 2943 1162 2984 suo
1208 2929 1468 3001 pleraque
1515 2930 1699 2985 omnia
1746 2932 1938 2994 sumit,
1989 2930 2260 2984 neminem
2301 2929 2571 2993 imitatur,
2620 2927 2826 2981 nedum
2874 2925 3094 2994 expllat.
3149 2922 3399 2994 Cumque
3439 2923 3495 2977 hi

236 3025 520 3094 prophetat:
544 3038 656 3092 prie
677 3023 933 3079 omnibus
948 3039 1233 3080 sacrorum
1258 3026 1557 3081 Bibliorum
1594 3028 1842 3097 partibus
1860 3028 1972 3083 sint
2004 3026 2408 3087 obscurissimi,
2442 3026 2515 3078 ita
2558 3031 2615 3077 ut
2645 3023 2763 3078 sine
2811 3022 3107 3091 interprete
3136 3035 3363 3092 prorsus
3390 3020 3495 3091 legi

238 3136 341 3175 non
372 3121 622 3190 possint,
651 3120 972 3176 Theodorus
1006 3128 1156 3176 tanta
1189 3137 1286 3180 eos
1308 3122 1589 3185 facilitate,
1611 3132 1720 3179 tam
1754 3125 1989 3179 naturali
2024 3137 2307 3193 pronoque
2348 3122 2587 3175 decursu
2631 3119 2905 3182 edisserit,
2935 3125 2997 3172 ut
3028 3118 3145 3187 ipse
3182 3133 3291 3171 non
3330 3118 3495 3173 verba

240 3216 442 3287 legere,
464 3216 568 3272 sed
593 3217 649 3270 in
681 3218 960 3288 propheta:
988 3220 1255 3287 cujusque
1287 3221 1847 3284 mentem,oculorum
1868 3222 2042 3276 aciem
2071 3216 2639 3274 intenderevideatur.
2674 3215 3039 3283 Quamobrem
3056 3229 3166 3268 non
3195 3214 3315 3268 sine
3330 3226 3498 3267 causa

242 3324 267 3361 a
297 3311 494 3364 multis
534 3325 721 3363 arcem
754 3311 1114 3380 interpretum
1148 3319 1331 3366 tenere
1363 3311 1542 3366 dictus
1564 3320 1668 3366 cst.
1699 3310 1885 3382 Neque
1916 3328 2045 3368 vero
2078 3312 2399 3366 Theodorus
2419 3310 2503 3365 vel
2532 3308 2859 3364 Hebraicum
2877 3314 3083 3362 textum
3106 3304 3193 3361 vel
3218 3303 3499 3375 Syriacam

241 3419 299 3458 ex
335 3403 572 3459 Hebraeo
601 3403 900 3457 derivatam
931 3402 1463 3473 interpretationem,
1489 3404 1574 3459 vel
1595 3403 1849 3476 Origenis
1886 3403 2155 3474 Hexapla,
2193 3405 2250 3458 in
2283 3417 2511 3458 censum
2545 3408 2703 3456 vocat
2739 3417 2755 3456 :
2789 3400 2899 3454 imo
2934 3396 3214 3470 Syriacam
3238 3396 3502 3466 interpre-

243 3496 503 3550 tationem
544 3495 937 3567 (Antiochenus
968 3499 1094 3554 licet
1134 3500 1316 3570 homo)
1342 3500 1570 3571 ejusque
1606 3516 1935 3571 anonymum
1961 3502 2313 3571 interpretem
2343 3516 2454 3557 non
2482 3500 2651 3555 semel
2683 3497 2900 3553 vellicat
2926 3510 3016 3565 pp.
3052 3492 3175 3559 185,
3209 3492 3333 3559 194,
3362 3489 3499 3559 202;

245 3586 447 3655 quippe
474 3583 671 3638 Graeco
690 3584 828 3638 LXX
846 3586 1203 3658 interpretum
1228 3598 1376 3645 textu
1401 3602 1710 3655 contentus,
1738 3593 1880 3647 hunc
1899 3608 2065 3648 unum
2088 3592 2371 3648 osculatur
2390 3607 2453 3646 ac
2477 3591 2744 3661 sequitur,
2769 3597 2992 3659 propter
3008 3599 3299 3651 summam,
3318 3592 3380 3638 ut
3400 3583 3498 3648 ait,

247 3682 529 3734 seniorum
553 3680 772 3735 illorum
793 3683 1041 3751 peritiam
1067 3690 1228 3753 atque
1246 3685 1592 3754 sapientiam,
1611 3695 1663 3742 et
1680 3696 1897 3758 propter
1920 3689 2292 3758 apostolorum
2308 3687 2712 3747 auctoritatem,
2738 3684 2829 3754 qui
2858 3684 2995 3735 hanc
3012 3680 3319 3735 versionem
3343 3678 3502 3733 (Ἀπία

250 3773 443 3828 stianis
468 3773 763 3844 neophytis
786 3774 1302 3830 commendaverunt
1324 3779 1437 3847 (pp.
1460 3778 1582 3843 185,
1606 3778 1890 3841 194,202).
1910 3779 2093 3850 Neque
2123 3780 2296 3849 ipsam
2323 3776 2671 3832 Hebraeorum
2693 3776 2929 3846 linguam
2950 3774 3270 3829 Theodorus
3285 3772 3498 3837 calluit,

251 3879 280 3916 a
307 3879 410 3934 qua
434 3865 653 3918 nullum
687 3874 969 3921 mutuatur
1000 3868 1181 3925 lumen
1204 3890 1217 3939 ;
1240 3881 1292 3927 et
1314 3884 1574 3942 praeterea
1603 3891 1655 3945 p.
1679 3876 1740 3930 9f
1778 3896 1789 3930 :
1816 3877 2002 3940 Aiunt,
2034 3877 2234 3946 inquit,
2262 3875 2477 3947 ρεμφάν
2511 3874 2822 3945 signiﬁcare
2848 3871 3203 3941 p/tosp/torum
3232 3872 3289 3924 in
3319 3869 3501 3939 lingua

252 3958 598 4012 Hebra'orum
630 3974 650 4012 :
680 3975 790 4028 quo
807 3959 973 4026 dicto,
993 3977 1101 4016 non
1140 3963 1366 4017 scientia
1386 3966 1735 4036 propria,sed
1764 3968 1938 4022 aliena
1975 3968 2318 4027 auctoritate.
2356 3968 2422 4021 de
2438 3966 2703 4021 vocabulo
2724 3963 2991 4018 Hebraico
3018 3963 3269 4032 judicare
3307 3977 3367 4018 se
3403 3962 3500 4017 de-

258 4061 552 4105 monstrat.
586 4050 806 4106 Rursus
841 4068 895 4123 p.
930 4053 1055 4111 l85.
1086 4069 1209 4108 cum
1239 4054 1554 4111 Graecorum
1584 4055 1944 4128 lnterpretum
1978 4056 2257 4113 discordia
2294 4058 2365 4113 sit
2397 4072 2426 4109 a
2465 4056 2602 4127 Syro
2637 4057 2691 4110 in
2748 4058 3002 4113 vocabuli
3043 4056 3292 4113 llebraici
3329 4056 3505 4125 expli-

257 4141 490 4207 ratione,
542 4142 661 4212 ipse
688 4144 907 4215 quidem
955 4144 1177 4203 Grmcos
1205 4151 1476 4216 sequitur,
1510 4167 1620 4207 non
1670 4153 1829 4223 quasi
1868 4152 2271 4223 grammaticali
2317 4153 2518 4208 ductus
2567 4152 2642 4217 vi,
2680 4149 2777 4208 sed
2816 4153 3146 4210 reverentia.
3182 4152 3363 4217 Quare
3393 4166 3502 4205 non

262 4240 402 4285 recte
431 4232 698 4288 collineat
725 4236 867 4305 apud
900 4234 1379 4294 Rosenmullernm
1417 4239 1486 4313 (c)
1516 4240 1825 4309 Ernestius,
1877 4244 1968 4314 qui
2016 4244 2331 4314 suspicatur
2362 4243 2483 4299 ideo
2508 4243 2882 4313 judaizantem
2917 4246 3097 4301 visum
3138 4244 3308 4300 fuisse
3345 4242 3506 4297 Chri-

263 4321 452 4375 stianis
483 4321 964 4394 Mopsuestenum,
1007 4330 1153 4400 quod
1200 4334 1498 4388 secundum
1546 4344 1725 4390 textus
1775 4334 2071 4393 Hebraicos
2119 4336 2621 4406 interpretationem
2665 4334 2904 4393 fecisset.
2950 4337 3138 4408 Neque
3181 4335 3503 4392 Theodorus

263 4414 438 4481 (secus
485 4433 554 4472 ac
592 4420 842 4477 hodierni
883 4424 1064 4480 critici
1104 4428 1412 4497 pompatice
1451 4430 1695 4500 quidem,
1746 4431 1844 4486 sed
1892 4446 2003 4486 non
2055 4431 2176 4488 sine
2208 4429 2536 4486 confusione
2584 4438 2747 4499 atque
2785 4428 3174 4499 impedimento
3206 4428 3503 4500 legentium

272 4511 491 4581 faciunt)
536 4514 896 4584 multiplicem
920 4519 1316 4586 eruditionem,
1354 4524 1722 4581 multorumve
1757 4536 2047 4581 auctorum
2084 4528 2310 4580 nomina
2345 4528 2624 4595 congerit;
2663 4525 2773 4579 imo
2803 4539 2928 4579 cum
2965 4524 3105 4581 forte
3129 4524 3505 4580 controversia

266 4597 464 4655 incidat
496 4602 565 4658 de
596 4605 827 4661 urbibus
863 4607 1092 4678 Bothro,
1124 4610 1377 4682 Tharsis,
1407 4622 1571 4687 atque
1600 4619 1888 4683 Ammone,
1921 4618 2349 4689 disputationem
2379 4620 2712 4688 quantocius
2742 4618 3024 4689 abrumpit
3046 4628 3254 4681 noster,
3288 4616 3506 4685 quomi-

264 4706 362 4748 nus
391 4708 421 4746 a
451 4710 559 4748 suo
590 4697 855 4767 propheta
893 4716 962 4756 ne
995 4703 1167 4759 latum
1208 4708 1431 4777 quidem
1469 4727 1706 4783 unguem
1744 4714 2020 4768 discedat.
2055 4711 2131 4767 Ex
2162 4722 2243 4767 tot
2274 4720 2456 4769 autem
2494 4722 2620 4769 ante
2643 4731 2702 4770 se
2732 4713 3032 4769 Bibliorum
3055 4712 3505 4783 explicatoribus,

263 4803 325 4843 ne
347 4806 522 4845 unum
556 4793 777 4862 quidem
809 4797 1136 4856 nominatim
1169 4806 1446 4873 appellat;
1477 4823 1781 4878 anonymos
1822 4826 2100 4880 nunquam
2141 4810 2255 4867 fere
2297 4811 2416 4866 sine
2456 4812 2861 4882 vituperatione
2892 4816 3305 4870 commemorat,
3337 4806 3501 4860 veluti

264 4905 346 4960 pp.
383 4893 472 4957 7i,
512 4893 634 4959 lii,
666 4895 792 4961 222,
830 4898 955 4955 254.
989 4898 1092 4965 Qui
1125 4917 1257 4956 vero
1292 4902 1404 4959 sint
1437 4906 1525 4959 isti
1566 4908 1858 4976 anonymi,
1884 4923 1948 4962 ex
1994 4907 2332 4980 Hieronymi.
2370 4910 2465 4979 qui
2499 4907 2599 4964 fuit
2630 4910 3011 4980 Mopsuesteno
3046 4917 3235 4962 nostro
3264 4916 3501 4965 coaavus,

266 4980 486 5054 Prologo
529 4985 597 5038 ad
631 4985 822 5041 Oscam
854 4988 1160 5059 intelligere
1202 4993 1440 5051 fortasse
1490 4996 1643 5062 licet,
1676 4998 1772 5067 qui
1815 4997 1892 5052 ait
1931 5007 2059 5054 ante
2099 5015 2159 5054 se
2202 4998 2591 5069 prophetarum
2641 5000 2911 5056 minorum
2953 5000 3125 5054 fuisse
3179 4997 3507 5065 interpretes

261 5074 568 5149 Origenem,
601 5082 998 5153 Apollinarem,
1030 5081 1293 5148 Pierium,
1337 5082 1638 5140 Eusebium
1669 5086 2091 5154 Caesariensem,
2123 5103 2187 5143 ac
2216 5089 2524 5160 Didymum.
2561 5090 2674 5147 Hos
2707 5091 2894 5162 igitur,
2929 5090 3014 5144 vel
3045 5104 3111 5143 ex
3147 5088 3234 5143 his
3265 5089 3503 5159 aliquos,

261 5188 289 5224 a
315 5174 602 5232 Theodoro
639 5181 967 5250 reprehendi
1012 5181 1292 5251 suspicor.
1329 5180 1464 5236 Nam
1500 5181 1567 5237 de
1612 5181 1742 5252 ipso
1782 5183 2117 5255 Hieronymo
2164 5185 2514 5256 cogitandum
2543 5187 2635 5241 vix
2679 5194 2830 5255 puto,
2860 5199 2970 5239 non
2996 5195 3106 5238 tam
3149 5183 3275 5254 quia
3306 5192 3506 5238 coaeta-

264 5286 410 5336 neus,
444 5282 501 5327 ut
541 5273 681 5338 dixi,
708 5284 848 5341 erat,
873 5292 1036 5346 quam
1071 5279 1199 5347 quia
1233 5278 1663 5333 commentarios
1697 5276 1923 5333 Latinos
1956 5296 1985 5333 a
2016 5277 2189 5335 Graeci
2215 5281 2487 5336 sermonis
2519 5280 2738 5335 homine
2766 5280 2938 5332 lectos
2965 5276 3053 5331 vix
3097 5284 3182 5332 est
3222 5277 3500 5331 credibile.

267 5364 590 5422 Immensum
620 5383 789 5438 prope
816 5385 979 5440 opus,
1008 5383 1156 5422 nunc
1186 5368 1558 5437 deperditum,
1594 5367 1663 5422 ad
1700 5368 2002 5439 prophetas
2037 5372 2282 5428 minores
2312 5372 2574 5442 Origenes
2601 5371 2895 5440 scripserat
2926 5388 2939 5423 :
2968 5385 3140 5440 quare
3174 5382 3506 5437 magnopere

266 5461 495 5517 arbitror
525 5464 575 5518 id
608 5465 883 5535 praecipue
927 5464 1336 5535 Mopsuesteno,
1370 5471 1596 5535 propter
1621 5464 1898 5521 diversam
1951 5466 2341 5536 interpretandi
2383 5468 2644 5532 indolem,
2682 5466 3049 5538 displicuisse.
3088 5466 3193 5522 Sed
3228 5480 3296 5519 ne
3339 5463 3506 5519 Pierii

267 5552 475 5619 quidem
507 5557 590 5611 vel
624 5556 961 5628 Apollinaris
989 5559 1073 5613 vel
1104 5556 1317 5629 Didymi
1348 5555 1557 5625 aliquid
1581 5553 3511 5635 Superest:deniqueetEusebiiDemonstrationisevangelicwliberxvut,

270 5640 317 5697 in
343 5661 449 5716 quo
477 5647 546 5704 de
576 5645 723 5704 Osea
758 5649 1005 5720 quaedam
1039 5651 1440 5721 disputaverat,
1470 5650 1648 5719 periit.

346 5818 404 5897 .9}
430 5813 743 5897 ἔφημεςεις
770 5814 1029 5897 ,ιοητκῖὲη
1057 5833 1108 5886 P-
1126 5817 1261 5897 £57.4-

1468 5888 1494 5897 Α
2001 5821 2070 5894 (ε)
2103 5819 2243 5875 Hist.
2271 5821 2491 5887 interpr.
2522 5823 2642 5889 part
2676 5832 2756 5882 ιιι,
2791 5831 2840 5887 p.
2877 5810 3000 5867 266.

331 5884 404 5958 (ὸ)
432 5887 532 5941 Ed.
566 5885 742 5941 Coleti
767 5894 902 5944 tom.
926 5885 1015 5955 IX,
1040 5884 1091 5943 ὑ.
1124 5886 1246 5941 221.
1280 5901 1396 5957 cap.
1429 5888 1513 5943 56.
