3906 6208
467 435 563 493 115
1674 428 1834 485 ANG.
1877 428 2009 482 MAN

2121 424 2442 481 ,ttEFA'no.
3555 406 3663 471 {t8

529 547 615 601 νιν.
655 544 808 600 Nunc
835 542 961 613 quia
1001 542 1068 596 de
1103 541 1176 595 iis
1207 541 1339 606 dixi,
1380 541 1470 611 qui
1504 541 1855 595 Theodorum
1885 541 1937 594 in
1969 540 2053 594 his
2085 539 2415 610 exponendis
2456 534 2728 607 prephetis
2773 538 3203 603 praecesserunt,
3240 531 3396 587 liceat
3423 530 3660 585 breviter

452 643 750 700 nonnullos
781 654 1016 710 quoque,
1048 637 1141 706 qui
1172 632 1510 689 Theodorum
1546 633 1818 686 subsecuti
1855 638 2001 693 sunt,
2033 644 2489 693 commemorare;
2529 628 2766 696 priscos,
2802 626 3039 694 inquam,
3074 639 3305 693 quorum
3352 623 3555 693 scripta
3587 623 3655 676 ad

449 756 554 796 nos
579 744 941 811 pervenerunt
978 754 990 789 :
1022 742 1146 787 sunt
1175 732 1319 784 enim
1352 730 1431 798 (ut
1463 729 1709 783 omittam
1739 727 1994 781 Iudaicos
2026 735 2079 780 et
2104 726 2419 780 brevissima
2456 722 2709 793 Hesycltii
2740 721 2936 790 capita)
2969 716 3138 770 Graeci
3169 723 3303 781 tres,
3337 713 3651 767 Theodore-

451 841 561 897 tus,
616 830 883 900 Cyrillus,
924 827 1394 896 Theophylactus;
1444 822 1621 876 Latinl
1666 822 1793 876 item
1840 834 1970 887 tres,
1998 820 2391 891 Hieronymus,
2434 819 2660 872 Rufinus
2702 825 2862 884 atque
2907 813 3182 884 Remigius
3223 830 3239 865 :
3286 824 3519 879 quorum
3559 825 3661 877 ego

449 918 879 974 commentarios
906 916 1178 977 Iectitans,
1209 914 1607 969 Thcodoretum
1633 910 1847 981 quidem
1876 910 2240 981 Mopsuesteni
2267 912 2526 965 asseclam
2562 924 2683 963 esse
2711 907 2956 962 videbam
2984 950 2999 976 ,
3041 910 3095 962 in
3141 906 3376 977 prologis
3418 904 3659 973 quando-

448 1027 556 1079 que
601 1010 766 1064 etiam
817 1007 1185 1077 plagiarium:
1245 1003 1338 1058 sed
1376 1012 1556 1056 tamen
1612 1016 1787 1070 neque
1837 1002 2087 1054 acumine
2133 1015 2304 1068 neque
2350 1000 2595 1054 ubertate
2629 1013 2752 1052 eum
2797 998 2899 1052 hoc
2933 997 3382 1068 comparandum.
3424 995 3660 1064 Cyrillus

446 1102 707 1170 grandem
737 1110 940 1155 tomum
974 1097 1490 1153 commentariorum
1524 1110 1749 1149 suorum
1781 1094 2047 1165 implevit,
2081 1095 2134 1148 in
2170 1095 2370 1163 quibus
2398 1095 2626 1162 plurima
2670 1092 2896 1145 moralia
2931 1090 3061 1144 dicit
3108 1104 3172 1142 ac
3201 1087 3447 1158 mystica.
3485 1084 3662 1139 Theo-

446 1199 733 1268 phylactus
767 1196 1000 1263 denique
1033 1194 1301 1263 sequioris
1341 1192 1439 1247 aavi
1466 1191 1629 1245 homo
1658 1205 1829 1261 pauca
1856 1198 1914 1244 ut
1944 1199 2077 1259 puto
2104 1189 2169 1243 de
2206 1204 2307 1243 suo
2333 1188 2553 1258 profert,
2591 1188 2682 1242 sed
2712 1203 2778 1240 ex
2806 1185 3151 1254 antiquorum
3184 1180 3665 1235 lucubrationibus

444 1291 732 1355 litterales,
759 1290 1014 1345 murales.
1048 1288 1310 1357 mysticas
1335 1285 1725 1355 expositiones.
1758 1299 1854 1352 pro
1881 1285 1965 1337 sui
2007 1284 2268 1351 temporis
2311 1298 2483 1348 more,
2513 1280 2761 1336 deﬂorat.
2790 1281 2847 1335 In
2896 1277 3104 1332 Latinis
3139 1274 3505 1344 Hieronymus
3547 1272 3662 1325 sino

442 1380 621 1449 gulari
661 1393 763 1433 sua
788 1377 1097 1448 praestantia
1131 1379 1367 1443 eminet;
1409 1391 1599 1430 omnes
1629 1375 1771 1427 enim
1816 1373 2037 1443 ingenii,
2082 1372 2406 1442 eloquentia:
2450 1371 2815 1439 doctrinaeque
2856 1370 3145 1423 thesauros
3172 1366 3238 1418 ad
3287 1378 3417 1418 suas
3446 1363 3505 1415 in
3560 1360 3665 1416 hos

441 1468 738 1539 prophetas
770 1465 1140 1535 expositiones
1178 1466 1432 1518 contulit.
1468 1464 1595 1518 Post
1626 1477 1784 1533 quem
1828 1461 2057 1515 Rufinus
2088 1461 2469 1531 prophetarum
2509 1461 2749 1529 quinque
2794 1474 3083 1528 aggressus
3128 1454 3658 1524 interpretationem.

444 1561 719 1629 copiosam
750 1560 930 1628 potius
971 1558 1335 1623 muralemque
1385 1552 1740 1623 paraphrasin
1791 1551 1937 1615 fecit,
1985 1561 2036 1605 et
2083 1551 2137 1604 in
2177 1551 2401 1621 prologo
2444 1552 2687 1620 iniquum
2736 1550 2802 1603 de
2839 1548 3167 1617 Hieronymo
3212 1546 3478 1615 judicium
3514 1543 3661 1607 tulit,

443 1651 603 1721 cujus
630 1652 929 1705 orationem
958 1650 1053 1702 vel
1079 1665 1173 1717 per
1199 1647 1483 1714 allegorias
1510 1643 1759 1714 Origenis
1789 1644 1869 1695 vel
1902 1659 1996 1712 per
2033 1642 2304 1697 fabulosas
2332 1642 2636 1697 Iudaeorum
2674 1642 2995 1695 traditiones
3024 1647 3188 1692 totam
3237 1636 3528 1691 deﬂuxisse
3560 1634 3661 1687 ait.

444 1745 667 1799 Tertius
697 1744 975 1811 Remigius
1003 1740 1475 1795 Antisiodorensis
1514 1747 1618 1803 est,
1655 1744 1745 1807 qui
1793 1740 1992 1792 szcculo
2028 1752 2171 1792 nono
2214 1737 2317 1792 sub
2340 1736 2533 1790 Carolo
2575 1737 2741 1789 Calvo
2788 1735 2987 1789 ﬂoruit.
3037 1732 3208 1801 Hujus
3243 1731 3667 1785 Commentarios

450 1834 517 1888 ad
544 1832 657 1887 XII
696 1830 978 1900 prophetas
1004 1834 1230 1881 minores
1263 1840 1405 1880 anno
1448 1825 1584 1879 1545
1629 1823 1864 1877 Joannes
1894 1822 2193 1877 Hentenius
2227 1822 2415 1889 edidit,
2443 1825 2531 1891 qui
2572 1822 2768 1876 deinde
2803 1824 2856 1876 in
2886 1820 3283 1893 Lugdunensem
3317 1820 3430 1874 PP.
3457 1821 3667 1875 Biblio-

451 1916 649 1983 thecam
681 1926 925 1980 translati
954 1923 1191 1978 fuerunt.
1220 1922 1663 1977 Commentarium
1697 1934 1824 1971 vero
1854 1920 1908 1970 in
1951 1922 2138 1971 Oscam
2170 1917 2481 1971 necessario
2516 1930 2574 1970 se
2613 1916 2863 1971 omisisse
2885 1916 3184 1974 Hentenius
3215 1920 3312 1979 ait.
3344 1918 3471 1987 quia
3515 1917 3663 1971 hunc

444 2021 663 2083 unicus,
692 2034 852 2089 quem
901 2023 1099 2071 nactus
1123 2024 1261 2079 erat,
1291 2011 1457 2067 codex
1508 2008 1873 2064 desiderabat.
1926 2005 2035 2078 Ego
2077 2022 2205 2061 vero
2250 2006 2531 2074 antiquum
2574 2005 2813 2059 abdicem
2852 2005 3174 2064 Vaticanum
3214 2008 3554 2079 perlustrans
3607 2010 3665 2063 in

446 2116 638 2173 Oscam
682 2130 898 2185 quoque
935 2111 1375 2167 commentarium
1427 2107 1657 2178 Remigii
1714 2107 1912 2175 reperi,
1952 2105 2202 2159 mutilum
2250 2112 2451 2168 tamen,
2496 2118 2690 2173 nempe
2727 2119 2900 2174 usque
2939 2105 3005 2160 ad
3051 2106 3351 2175 capitulum
3406 2106 3661 2174 quintum

441 2209 671 2263 necdum
704 2208 994 2276 expletum.
1038 2203 1222 2272 Neque
1266 2202 1312 2258 is
1340 2202 1586 2257 delectus
1618 2203 2057 2256 membranarum
2087 2208 2191 2264 est,
2226 2213 2371 2269 quas,
2391 2205 2449 2252 ut
2475 2199 2554 2263 tit,
2595 2199 2937 2253 exciderint:
2978 2201 3176 2255 etenim
3226 2200 3279 2255 in
3317 2215 3422 2270 qua
3463 2198 3664 2268 pagina

443 2303 614 2359 Oseas
646 2301 993 2373 imperfectus
1024 2298 1245 2363 desinit,
1277 2297 1474 2352 ibidem
1507 2297 1695 2366 incipit
1731 2295 1847 2350 Joél
1877 2315 1891 2351 :
1936 2295 2077 2350 unde
2106 2294 2485 2365 cognoscimus
2523 2292 2803 2362 antiquum
2836 2305 3216 2348 amanuensem
3264 2289 3482 2344 nonnisi
3517 2290 3663 2343 hanc

438 2393 739 2463 Remigiani
776 2391 1147 2447 Commentarii
1187 2392 1243 2443 in
1280 2389 1469 2446 Oscam
1504 2399 1710 2459 partem
1747 2405 1854 2459 prie
1885 2390 2138 2444 manibus
2176 2388 2451 2443 habuisse.
2481 2385 2598 2441 Jam
2630 2388 2733 2442 etsi
2769 2387 3068 2443 Hentenius
3088 2386 3299 2457 magnis
3334 2385 3593 2440 laudibus
3630 2400 3663 2438 a

438 2506 497 2544 se
526 2492 700 2544 editos
734 2490 1153 2543 commentarios
1179 2486 1349 2552 eﬂert,
1386 2502 1484 2557 ego
1513 2496 1691 2540 tamen
1722 2486 2024 2555 Remigium
2070 2486 2123 2539 in
2154 2485 2437 2539 calonibus
2470 2482 2650 2555 potius
2694 2486 2986 2555 ἑρμηνείας
3015 2501 3177 2557 quam
3229 2487 3293 2540 in
3319 2484 3665 2555 principibus

437 2595 750 2645 numerem;
783 2578 927 2649 quod
953 2580 1019 2633 de
1046 2579 1167 2632 aliis
1198 2578 1359 2632 etiam
1392 2577 1942 2632 comtnentationihus
1970 2576 2089 2645 ejus
2120 2575 2187 2630 ad
2238 2591 2391 2632 sacra
2424 2575 2594 2630 Biblia
2640 2591 2743 2645 qua
2775 2576 2936 2633 editis
2987 2594 3092 2647 qua
3119 2577 3340 2632 ineditis
3370 2592 3524 2645 atque
3568 2576 3664 2643 ju-

434 2674 578 2727 dico.
614 2671 770 2725 Certe
803 2670 931 2723 illud
961 2669 1215 2739 frequens
1255 2669 1697 2739 etymologiarum
1731 2669 1965 2721 studium
2000 2682 2188 2736 parum
2221 2667 2350 2722 utile
2391 2676 2475 2722 est
2509 2668 2591 2721 vel
2628 2668 2881 2723 solidum.
2930 2671 3177 2724 Attamen
3209 2669 3352 2723 aliud
3392 2668 3521 2722 mihi
3551 2666 3664 2721 Re—

435 2764 583 2832 migii
612 2778 748 2831 opus
786 2768 869 2817 est
898 2762 1258 2829 observatum,
1296 2762 1521 2832 profana
1555 2762 1857 2817 eruditione
1897 2762 2049 2815 valde
2080 2769 2344 2824 saturum,
2381 2764 2536 2829 cujus
2571 2762 2749 2817 hercle
2776 2762 3087 2826 editionem,
3126 2779 3246 2818 cum
3276 2763 3441 2817 otium
3474 2762 3662 2823 fuerit,

433 2869 542 2907 non
573 2852 856 2923 ncgligam.
892 2855 1109 2908 Interim
1149 2860 1259 2907 tam
1300 2854 1407 2906 rari
1442 2854 1644 2909 codicis
1675 2853 1882 2922 copiam
1923 2862 2135 2915 nactus,
2182 2854 2325 2906 nolui
2358 2854 2693 2908 committere
2736 2862 2791 2907 ut
2834 2854 2949 2909 haec
2987 2855 3187 2910 inedita
3221 2870 3346 2925 pars
3381 2851 3654 2909 Conamen.

436 2945 562 2996 tarii
593 2944 660 2997 ad
687 2945 873 2999 Oseam
901 2947 1102 3001 diutius
1126 2947 1181 3000 in
1217 2947 1452 3002 tenebris
1481 2947 1838 3001 delitesceret.
1872 2946 2055 3015 Itaque
2082 2949 2134 3001 in
2168 2956 2317 3016 parte
2346 2949 2447 3002 mei
2482 2949 2790 3013 voluminis,
2815 2950 2955 3004 unde
2978 2950 3137 3004 aliam
3164 2950 3411 3005 canonici
3441 2948 3667 3020 generis

441 3034 865 3093 htcubt‘ationetn
888 3040 1170 3107 ejeceram,
1198 3038 1298 3092 hoc
1323 3037 1547 3108 Remigii
1583 3040 2015 3108 supplementum
2050 3040 2243 3093 locavi.

505 3170 614 3225 νη.
649 3172 752 3227 Sed
788 3173 896 3241 jam
923 3176 1097 3231 oratio
1124 3185 1425 3231 revertatur
1451 3178 1515 3231 ad
1552 3174 1917 3240 Theodorum,
1959 3179 2116 3246 cujus
2155 3179 2201 3233 si
2244 3178 2505 3247 plurimas
2534 3179 2935 3248 expositionum
2969 3182 3159 3235 harum
3194 3181 3381 3237 laudes
3403 3181 3664 3245 detexere

433 3267 615 3329 velint,
642 3269 722 3321 vel
752 3268 993 3323 infinitus
1012 3271 1133 3335 sim,
1164 3272 1244 3324 vel
1274 3280 1421 3325 certe
1444 3283 1760 3341 perpetuum
1792 3274 2167 3328 commentarii
2190 3275 2306 3342 ejus
2326 3276 2774 3329 commentarium
2798 3277 3064 3331 adornare
3084 3278 3354 3333 deberem.
3383 3275 3440 3330 In
3464 3278 3662 3347 primis

435 3374 623 3417 auctor
646 3363 950 3416 universam
980 3365 1354 3419 vaticiniorum
1381 3369 1659 3421 materiam
1686 3374 1864 3422 mente
1887 3370 2222 3435 complexus,
2251 3370 2385 3424 mire
2417 3371 2557 3424 inter
2580 3387 2637 3425 se
2662 3373 2997 3435 commiscet,
3031 3373 3369 3443 invicemque
3395 3374 3659 3441 illustrat,

433 3463 488 3509 et
518 3472 640 3510 cum
672 3457 949 3526 prophetis
984 3460 1301 3528 majoribus,
1336 3464 1632 3529 pra-sertim
1665 3478 1793 3516 vero
1827 3479 1951 3516 cum
1996 3462 2227 3518 Psalmis
2274 3463 2545 3519 Davidicis
2576 3466 2776 3534 passim
2806 3469 3095 3521 connectit.
3128 3466 3479 3537 Prologorum
3526 3484 3662 3524 vero

432 3552 690 3620 dignitas,
718 3567 1043 3607 excursuum
1071 3556 1183 3609 sive
1205 3556 1680 3625 amplilicationum
1702 3558 1938 3619 ubertas.
1960 3558 2317 3626 qurcstionum
2344 3574 2591 3622 acumen,
2620 3561 2858 3615 locorum
2884 3561 3315 3617 diﬂicillimorum
3356 3574 3660 3631 spontanea

433 3664 497 3703 ac
521 3648 811 3703 ludibunda
843 3652 1232 3720 propemodum
1265 3653 1556 3721 explicatio
1586 3655 1824 3725 legentes
1850 3656 2152 3725 philologus
2179 3672 2528 3727 magnopere,
2552 3666 2609 3711 ut
2639 3673 2819 3727 spero,
2841 3657 3151 3711 oblectabit.
3186 3655 3426 3726 Exempli
3464 3671 3659 3715 causa,

436 3740 617 3795 Ληιοεί
651 3742 813 3795 verba
844 3757 962 3811 cap.
992 3760 1028 3806 ι,
1054 3745 1122 3799 5:
1161 3745 1327 3814 Super
1354 3748 1516 3801 tribus
1548 3750 1822 3803 sceleribus
1858 3749 2102 3803 Damasci
2131 3761 2178 3804 et
2208 3769 2362 3820 super
2395 3764 2621 3822 quatuor
2654 3770 2755 3807 non
2776 3763 3091 3817 convertam,
3129 3752 3439 3805 felicissime
3467 3760 3661 3806 noster

433 3836 595 3896 atque
626 3845 689 3882 ex
718 3832 1264 3888 indoleorientaliutn
1303 3837 1614 3893 idiontatum
1645 3839 1876 3907 explicat
1906 3841 1983 3892 sic
2019 3858 2030 3892 :
2060 3839 2199 3893 Dicit
2229 3858 2380 3909 super
2410 3845 2574 3895 tribus
2599 3852 2647 3895 et
2679 3854 2927 3911 quatuor,
2960 3859 3135 3909 nempe
3160 3859 3253 3911 pro
3284 3843 3480 3896 multis.
3510 3840 3660 3896 Nam

433 3924 556 3991 quia
585 3940 827 3977 numerus
869 3937 982 3992 post
1016 3942 1173 3981 unum
1204 3941 1252 3983 et
1299 3931 1401 3985 duo
1435 3932 1655 3999 pluralis
1701 3935 1913 3997 dicitur,
1957 3935 2104 3985 verbo
2150 3935 2313 3987 tribus
2354 3937 2542 3989 multos
2581 3935 2812 3999 denotat,
2855 3937 3004 3991 verbo
3049 3948 3219 3991 autem
3255 3949 3480 4007 quatuor
3511 3938 3660 3991 mul-

436 4018 708 4069 titudinem
735 4030 1032 4087 exaggerat.
1086 4022 1295 4077 Rursus
1325 4025 1389 4077 ad
1432 4026 1597 4078 verba
1640 4023 1871 4077 Michmze
1904 4042 2022 4087 cap.
2068 4042 2120 4086 v,
2152 4026 2224 4078 5:
2277 4023 2682 4078 Suscitabuntur
2724 4042 2876 4095 super
2913 4046 3027 4081 eum
3056 4040 3247 4098 septem
3297 4038 3552 4097 pastores,
3608 4041 3661 4083 et

434 4121 548 4163 octo
578 4128 783 4165 morsus
816 4113 1101 4181 hominum,
1141 4124 1261 4185 post
1291 4116 1502 4170 irrisum
1547 4116 1924 4168 nonnullorum
1960 4116 2307 4184 interpretum
2354 4118 2665 4180 vanitatem,
2705 4118 2777 4170 ait
2811 4121 3127 4188 simpliciter
3170 4132 3357 4190 septem
3388 4137 3537 4177 more
3572 4124 3660 4177 bi-

431 4204 575 4257 blico
606 4204 827 4276 intelligi
861 4207 926 4260 de
957 4209 1194 4277 perfecto
1219 4225 1311 4263 seu
1344 4224 1536 4278 magno
1566 4225 1812 4272 numero,
1854 4220 1967 4262 octo
2003 4217 2181 4261 autem
2224 4208 2289 4260 de
2320 4206 2439 4277 ejus
2469 4224 2715 4263 excessu.
2746 4208 2909 4277 quue
2939 4213 3205 4267 illuminat
3235 4212 3444 4267 Domini
3471 4214 3661 4269 verbis

432 4299 594 4353 Petro
622 4298 871 4361 dicentis,
907 4307 964 4351 ut
989 4316 1094 4353 non
1128 4299 1327 4367 septies
1370 4308 1586 4365 peccata
1626 4295 1921 4349 dimitteret
1951 4296 2044 4349 sed
2083 4296 2389 4364 septuagies
2420 4298 2654 4365 septies;
2691 4307 2743 4351 et
2789 4300 2895 4354 illis
2943 4302 3299 4366 Ecclesiaste,
3337 4302 3418 4355 Da
3448 4314 3658 4372 partem

429 4398 623 4456 septem
676 4408 869 4445 necnon
916 4402 965 4445 et
1012 4403 1157 4452 octo;
1201 4393 1266 4446 de
1306 4391 1505 4460 quibus
1543 4390 1771 4457 mystica
1803 4389 2047 4458 quaedam
2094 4398 2146 4445 et
2190 4392 2503 4459 persuhtilia
2551 4400 2948 4446 commentatur
2989 4394 3308 4448 Ambrosius
3342 4396 3479 4448 libro
3509 4411 3559 4458 v,
3602 4396 3659 4447 in

429 4484 631 4538 Lucam
673 4503 728 4540 n.
763 4489 870 4542 49:
920 4506 1077 4558 quem
1124 4490 1392 4543 Ambrosii
1440 4489 1618 4541 locum
1668 4488 1972 4541 Cimmeriis
2022 4488 2261 4541 tenebris
2306 4488 2539 4542 obsitum
2594 4488 2821 4542 Maurini
2863 4489 3100 4544 editores
3145 4505 3285 4560 a3ng
3337 4489 3659 4555 declarant;

431 4578 845 4647 Mopsuestenus
878 4592 1059 4637 autem
1105 4585 1358 4653 praedicta
1401 4583 1563 4636 verba
1594 4582 1914 4651 simpliciter
1954 4598 2184 4651 vereque
2233 4582 2505 4651 explicat:
2553 4582 2803 4651 Mani/ise
2842 4583 2910 4636 da
2950 4585 3230 4654 egentibus,
3271 4601 3429 4654 neque
3462 4585 3512 4636 in
3554 4584 3657 4637 hoc

433 4674 703 4728 abundare
733 4692 956 4730 recuses.
1000 4678 1064 4730 Et
1096 4679 1407 4732 universum
1440 4677 1655 4748 quidem
1703 4678 2108 4733 Testamentum
2142 4676 2305 4732 Vetus
2338 4682 2780 4751 prmporationcm
2824 4680 2959 4733 Novi
3002 4679 3185 4741 luisse,
3218 4686 3378 4747 atque
3410 4678 3592 4729 omnia
3623 4694 3656 4731 ει

434 4770 541 4823 Deo
571 4771 633 4823 ad
671 4779 956 4826 venturum
993 4773 1269 4826 Christum
1301 4773 1528 4834 directa,
1558 4772 1767 4827 sincere
1804 4782 2094 4841 sancteque
2129 4774 2313 4827 multis
2346 4775 2475 4829 locis
2501 4773 2816 4830 Theodorus
2848 4775 3125 4835 fatetur,v.
3160 4790 3240 4844 gr.
3276 4790 3329 4843 p.
3355 4774 3406 4836 1,
3439 4773 3525 4836 69,
3556 4772 3657 4836 72,

434 4868 487 4917 ll
512 4868 587 4918 i-l
608 4866 686 4924 l6.
718 4866 845 4928 1‘20,
873 4866 998 4927 208.
1025 4868 1290 4935 praecipue
1341 4882 1466 4921 vero
1501 4867 1553 4920 in
1597 4867 1811 4936 prologo
1832 4865 1900 4918 ad
1923 4865 2117 4919 Jonam
2140 4882 2158 4919 :
2187 4866 2344 4934 cujus
2369 4870 2642 4937 prophetae
2668 4868 2869 4937 grande
2895 4869 3023 4923 illud
3049 4844 3191 4922 intra
3217 4876 3392 4923 cetum
3416 4869 3656 4923 vivenlis

430 4960 773 5017 miraculum,
806 4959 947 5028 quod
971 4958 1190 5028 quidam
1216 4965 1462 5011 recentes
1486 4957 1665 5009 critici
1697 4957 1959 5010 scelerate
1981 4957 2227 5012 derident
2253 4960 2342 5027 (ne
2362 4958 2580 5013 Christo
2608 4959 2825 5028 quidem
2850 4960 3038 5015 Matth.
3073 4977 3167 5024 xn,
3197 4958 3286 5024 40,
3312 4960 3650 5029 credentes),

428 5051 673 5102 nonnulli
720 5051 1004 5119 allegorice
1053 5058 1261 5103 tantum
1315 5049 1637 5114 admittunt,
1697 5050 1778 5102 vel
1844 5051 2119 5119 prephettr
2176 5051 2444 5104 somnium
2514 5053 2861 5117 existimant,
2934 5054 3024 5107 alii
3088 5070 3154 5108 ex
3212 5052 3409 5107 fabulis
3468 5054 3655 5107 ethni-

428 5154 639 5201 corum.
700 5150 829 5209 puta
879 5142 945 5195 de
994 5138 1362 5199 Andromeda,
1417 5138 1500 5191 vel
1547 5138 1614 5190 de
1674 5135 1901 5191 Hercule
1955 5138 2046 5205 qui
2096 5136 2347 5207 Neptunii
2396 5142 2548 5195 canis
2592 5143 2896 5197 visceribus
2939 5146 3111 5198 evasit
3162 5145 3469 5209 incolumis,
3517 5160 3656 5200 con-

430 5231 754 5297 glutinatum
803 5231 1087 5300 dictitant;
1132 5232 1218 5301 pie
1273 5228 1613 5291 Theodorus,
1661 5235 1720 5280 ut
1768 5243 1885 5282 mos
1932 5237 2016 5282 est
2061 5228 2317 5285 Ecclesia!
2353 5231 2568 5285 Patrum
2603 5242 2657 5287 et
2698 5236 3111 5298 catholicorum,
3161 5252 3479 5305 summaque
3519 5252 3651 5293 cum

432 5320 735 5373 t'chrentia
794 5323 1136 5390 amplectitur
1186 5337 1287 5377 nec
1337 5320 1405 5375 de
1457 5334 1521 5373 eo
1573 5317 1927 5386 quaestionem
1975 5320 2138 5372 ullam
2186 5320 2299 5373 fieri
2346 5323 2568 5390 patitur.
2621 5320 2687 5376 Ut
2731 5332 2907 5377 autem
2959 5327 3159 5380 mentis
3205 5324 3498 5391 Theodori,
3539 5342 3651 5395 qua

410 5414 745 5483 'prophetias
807 5413 873 5468 de
925 5415 1142 5469 Christo
1186 5416 1369 5478 tradit,
1418 5415 1626 5469 iIIUstre
1682 5414 1955 5481 specimen
2006 5415 2151 5476 dem,
2204 5431 2311 5467 non
2364 5419 2625 5472 recusabo
2681 5419 2735 5471 in
2793 5418 3020 5488 gratiam
3078 5417 3290 5470 illorum
3339 5417 3654 5487 quiGrtece

432 5506 684 5559 nesciunt
716 5507 1179 5575 (quandoquidem
1220 5508 1467 5564 Latinam
1504 5507 2003 5575 interpretationem
2048 5508 2115 5560 ab
2146 5508 2248 5561 hoc
2275 5511 2550 5565 volumine
2580 5512 2806 5575 exclusi,
2840 5526 2999 5580 quam
3044 5512 3280 5566 liberiori
3315 5514 3426 5567 otio
3471 5512 3653 5567 absol-

426 5596 655 5649 vvndam
690 5599 1201 5670 pcrpoliendamque
1229 5606 1467 5664 reservo)
1496 5604 1827 5656 luculentum
1862 5610 2093 5657 tractum
2134 5603 2324 5659 Latine
2356 5621 2550 5673 ponere
2580 5607 2645 5659 ad
2678 5606 2768 5660 illa
2798 5604 2962 5660 Joelis
2991 5607 3153 5660 verba
3187 5622 3305 5676 cap.
3337 5623 3396 5672 tt,
3431 5605 3591 5660 28-5!
3632 5627 3645 5660 :

432 5690 723 5759 E/fundam
754 5695 816 5747 de
858 5694 1058 5763 Spiritu
1091 5712 1199 5748 meo
1231 5715 1384 5765 super
1414 5714 1613 5751 omnem
1656 5713 1885 5761 carnem,
1918 5707 1965 5748 et
1998 5697 2375 5765 prop/tetabunt
2408 5701 2508 5767 lilii
2542 5701 2694 5752 vestri
2722 5708 2772 5751 et
2811 5700 2937 5768 ﬁlia:
2970 5690 3172 5762 vestrm,
3207 5708 3257 5752 et
3306 5715 3448 5753 senes
3488 5709 3646 5750 vestri

431 5783 637 5835 somnia
677 5786 1027 5845 somniabunt,
1057 5797 1105 5837 et
1133 5789 1534 5855 juvenesvestri
1584 5791 1803 5843 visiones
1844 5790 2104 5842 videbunt.
2150 5789 2217 5843 Et
2262 5810 2416 5860 super
2447 5810 2618 5846 servos
2659 5809 2819 5855 meos,
2850 5804 2899 5848 et
2946 5808 3098 5860 super
3143 5790 3366 5845 ancillas
3405 5807 3544 5844 meas
3592 5792 3645 5842 in

433 5877 615 5931 diebus
643 5881 750 5933 illis
789 5881 1057 5948 c/fundmn
1083 5881 1144 5935 de
1178 5881 1378 5951 Spiritu
1409 5900 1553 5949 meo;
1588 5896 1633 5937 et
1669 5880 2108 5937 vaticinabantur.
2145 5882 2208 5936 Et
2242 5883 2376 5938 dabo
2403 5886 2654 5955 prodigia.
2674 5886 2726 5939 in
2759 5885 2884 5941 ctelo
2916 5895 2963 5940 et
2998 5901 3151 5956 super
3182 5894 3394 5950 terram,
3429 5880 3641 5948 sanguir
