3906 6208
233 335 333 389 H7
1505 334 1664 390 ANG.
1705 332 1847 388 MAll
1885 332 2273 389 PREFATIO.
3394 329 3494 383 “8

224 467 343 507 nem
374 460 422 503 et
453 450 621 522 ignem
656 462 707 505 et
738 442 985 521 vaporem
1006 453 1166 522 fumi;
1198 453 1278 506 sol
1307 459 1534 506 vertetur
1555 455 1610 505 in
1645 453 1900 517 tenebras,
1931 463 1980 507 et
2004 454 2132 508 luna
2152 455 2205 507 in
2230 451 2556 523 sanguinem.
2580 462 2700 505 ante
2729 465 2886 520 quam
2922 449 3093 502 veniat
3114 446 3224 502 dies
3265 446 3483 499 Domini

225 562 454 615 magnus
484 557 531 597 et
561 544 823 600 illustris.
859 545 957 612 lbi,
986 550 1228 617 inquam,
1263 557 1386 618 post
1412 548 1515 602 alia
1544 548 1690 603 dicta
1723 547 2043 605 Theodorus
2072 549 2311 619 disputat
2339 548 2417 603 sic
2445 567 2459 601 :
2499 546 2663 601 Verba
2678 547 2794 607 hinc
2824 549 3003 598 beatus
3041 543 3232 597 Petrus
3260 540 3483 594 luateos

226 639 500 708 alloquens
520 640 587 693 de
618 642 860 708 Spiritus
900 645 1071 697 sancti
1104 642 1325 697 adventu
1343 645 1612 711 usurpavit
1640 645 2141 707 convenientissima,
2173 641 2589 713 quandoquidem
2619 641 2795 709 prisca
2822 640 2906 693 lea:
2935 644 3235 705 futurorum
3260 637 3492 690 omnium

224 733 471 800 quadam
495 732 686 786 umbra
721 734 1023 803 fuit.—Et
1052 737 1148 789 illa
1178 735 1384 806 quidem
1418 746 1586 790 vetera
1617 752 1835 806 parvum
1863 736 1991 807 quid
2027 746 2177 790 erant
2201 748 2252 790 et
2284 745 2532 805 tanquam
2557 730 2964 792 adumbratum;
3000 730 3077 781 ita
3110 738 3169 781 ut
3207 728 3491 782 secundun.

227 828 545 896 hyperbolen
572 831 751 898 potius
793 848 953 901 quam
993 833 1275 887 secundum
1305 835 1381 888 rei
1408 836 1697 900 veritatem,
1732 834 1873 890 dicta
1895 837 2112 905 fuerint,
2147 836 2235 889 sed
2260 836 2373 904 ipsa
2396 834 2605 889 demum
2623 831 2883 884 dictorum
2901 827 3163 881 veracitas
3191 827 3245 879 in
3277 824 3491 879 Christo

229 921 464 977 Domino
489 925 728 992 eﬂectum
760 927 1037 995 manifeste
1066 929 1285 993 habuit;
1308 947 1409 1000 quo
1434 940 1660 1000 tempore
1692 949 1883 1003 magna
1906 934 2081 987 omnia
2106 942 2153 986 et
2185 934 2415 1001 terriﬁca
2440 945 2674 998 novaque
2702 935 2750 981 et
2779 927 2915 978 mira
2944 939 3053 995 prce
3079 922 3279 976 cunctis
3304 922 3492 991 prisca:

232 1014 368 1083 leqis
410 1016 671 1069 eventibus
715 1030 1070 1087 apparuerunt
1110 1036 1129 1073 .'
1168 1022 1247 1073 ita
1295 1030 1351 1073 ut
1403 1020 1556 1075 Vetus
1607 1021 1994 1076 Testamentum
2037 1024 2327 1093 wnigmatis
2362 1021 2475 1075 loco
2505 1019 2684 1088 fuerit,
2717 1033 2891 1070 rerum
2930 1024 3105 1068 autem
3136 1016 3229 1066 sub
3278 1011 3492 1069 Christo

234 1105 472 1161 Domino
512 1117 775 1178 gestarum
816 1108 1121 1180 magnitudo
1164 1109 1432 1163 veritatem
1479 1111 1685 1165 demum
1713 1113 1925 1167 stiterit.
1962 1112 2125 1182 Atque
2154 1114 2229 1166 ita
2269 1113 2449 1166 beatus
2481 1110 2653 1163 aiebat
2694 1107 2861 1161 David
2890 1106 2954 1159 de
2998 1106 3185 1173 populo
3212 1121 3229 1157 :
3260 1103 3378 1158 Non
3407 1111 3492 1160 est

234 1205 499 1259 derelicta
534 1206 714 1259 anima
744 1207 864 1275 ejus
893 1208 944 1261 in
973 1206 1204 1269 inferno,
1242 1222 1416 1277 neque
1450 1223 1577 1263 caro
1604 1209 1723 1279 ejus
1757 1211 1891 1265 vidit
1914 1210 2318 1281 corruptionem
2352 1212 2367 1240 ¹
2396 1226 2410 1262 :
2442 1207 2578 1278 quod
2609 1221 2734 1261 sane
2766 1203 2829 1255 de
2856 1217 2911 1254 re
2948 1210 3059 1253 tum
3091 1209 3237 1269 gesta
3269 1198 3494 1269 intelligi

235 1300 435 1364 nequit,
469 1299 560 1352 sed
585 1301 934 1368 metaphorice
957 1311 1108 1369 atque
1143 1302 1469 1371 hyperbolice
1497 1305 1691 1358 dicitur
1720 1315 1922 1369 ereptus
1959 1305 2179 1375 populus
2208 1305 2271 1359 de
2298 1304 2528 1374 periculo
2559 1311 2710 1372 atque
2735 1296 2977 1367 pernicie.
3008 1294 3100 1349 Rei
3137 1312 3294 1365 porro
3323 1298 3493 1365 ipsius

236 1392 571 1459 vaticiniique
596 1394 790 1446 veritas
820 1394 873 1446 in
901 1392 1109 1448 Christo
1139 1394 1365 1449 Domino
1394 1396 1573 1466 palam
1601 1397 1744 1465 facta
1765 1407 1861 1465 est,
1886 1414 2001 1451 cum
2033 1406 2245 1467 propter
2271 1396 2571 1466 resurgendi
2601 1396 2842 1449 virtutem
2862 1404 3021 1457 neque
3048 1389 3225 1440 anima
3254 1389 3366 1456 ejus
3400 1388 3493 1440 diu

236 1482 376 1549 apud
402 1483 606 1551 inferos
636 1501 853 1553 corpore
882 1486 1121 1555 sejuncta
1144 1489 1361 1553 mansit,
1386 1504 1546 1557 neque
1571 1504 1755 1557 corpus
1779 1490 2159 1556 corruptionem
2189 1487 2355 1541 ullam
2374 1502 2587 1555 passum
2618 1486 2740 1554 fuit,
2772 1491 2910 1557 quod
2936 1502 3039 1540 non
3068 1484 3238 1538 solum
3264 1484 3491 1552 ﬁguram

236 1581 507 1644 propriam
532 1580 774 1645 retinuit,
804 1584 858 1635 in
888 1599 990 1653 qua
1018 1592 1282 1637 mortuum
1313 1584 1507 1653 fuerat,
1532 1602 1707 1639 verum
1735 1586 1895 1639 etiam
1926 1585 1994 1639 ad
2025 1584 2373 1639 immortalem
2401 1583 2948 1653 incorruptibilemque
2977 1592 3223 1635 naturam
3252 1579 3486 1632 transiit.

237 1665 595 1732 Quamobrem
628 1671 808 1738 priora
838 1673 956 1737 illa,
985 1676 1205 1746 tenigma
1236 1677 1481 1745 fuerunt;
1512 1678 1623 1733 haec
1653 1680 1967 1748 posteriora,
1998 1680 2209 1733 veritas.
2238 1679 2432 1733 Beatus
2465 1678 2627 1749 igitur
2664 1678 2852 1732 Petrus
2886 1677 3051 1731 verbis
3094 1677 3204 1729 illis
3236 1686 3491 1743 tanquam

234 1759 356 1811 olim
388 1760 748 1827 metaphorice
780 1779 882 1816 non
903 1765 1015 1817 sine
1050 1782 1212 1820 causa
1233 1766 1410 1831 dictis,
1450 1785 1585 1821 nunc
1633 1780 1806 1822 autem
1837 1778 2069 1821 eventum
2106 1785 2281 1822 verum
2312 1770 2366 1821 in
2410 1779 2552 1838 gesta
2583 1783 2637 1821 re
2674 1770 2984 1831 consecutis,
3019 1784 3143 1821 usus
3167 1776 3274 1827 est;
3312 1767 3389 1819 ita
3434 1775 3491 1817 ut

234 1867 367 1905 nunc
409 1855 588 1922 magis
623 1855 968 1922 pra’sentibus
996 1868 1127 1912 esset
1171 1859 1500 1924 credendum,
1533 1878 1690 1931 quam
1734 1860 1796 1915 de
1843 1862 2031 1931 priscis
2075 1863 2184 1916 illis
2223 1862 2707 1931 obstupescendum.
2758 1862 2825 1915 Et
2869 1864 3030 1934 paulo
3068 1861 3207 1915 infra
3239 1879 3251 1914 :
3286 1859 3493 1915 Cuncta

233 1948 512 2001 rerissima
544 1949 600 2001 in
631 1948 842 2004 Christo
874 1952 1097 2006 Domino
1127 1964 1434 2017 evaserunt;
1465 1972 1585 2008 nam
1603 1966 1650 2008 et
1678 1956 1758 2009 sol
1780 1972 1890 2010 vere
1919 1956 2281 2009 obtenebratus
2309 1957 2431 2025 fuit,
2457 1965 2505 2010 et
2537 1956 2663 2009 luna
2691 1957 2918 2025 pariter;
2941 1971 3232 2026 magnaque
3252 1964 3300 2009 et
3324 1953 3493 2007 ntulta

232 2038 356 2090 cclo
390 2048 643 2110 terraque
670 2042 915 2113 prodigia
948 2046 1284 2112 acciderunt;
1328 2059 1375 2102 et
1417 2048 1616 2104 Christi
1660 2049 1875 2103 Domini
1914 2051 2165 2104 salutaris
2195 2051 2411 2120 sanguis
2454 2051 2596 2103 visus
2635 2058 2752 2111 est;
2790 2059 2838 2103 et
2869 2051 3003 2119 ignis
3043 2061 3324 2117 spectrum,
3354 2049 3491 2118 quod

232 2126 599 2186 descendentis
628 2132 861 2203 Spiritus
889 2137 989 2191 vim
1024 2140 1398 2210 signiﬁcabat;
1432 2144 1517 2196 cui
1540 2144 1804 2212 prazcessit
1835 2144 1967 2207 fumi
1998 2158 2180 2211 vapor,
2211 2144 2299 2213 qui
2335 2153 2607 2197 eventuras
2637 2141 3039 2211 cruciﬁxoribus
3069 2157 3245 2210 pinnas
3281 2150 3491 2209 porten-

233 2216 404 2272 debat.
434 2220 587 2275 Tunc
610 2225 773 2278 etiam
804 2225 1035 2295 Spiritus
1059 2232 1230 2284 sancti
1257 2233 1445 2301 gratia:
1471 2234 1643 2287 cuncti
1668 2235 1947 2303 participes
1980 2233 2110 2302 facti
2142 2243 2299 2300 sunt,
2334 2234 2613 2303 multisque
2651 2249 2712 2286 ac
2740 2234 2902 2286 variis
2929 2232 3335 2286 charismatibus
3363 2232 3492 2286 insi-

235 2315 403 2380 gniti:
435 2333 606 2386 quare
650 2320 748 2373 alii
768 2324 1167 2392 prophetabant,
1213 2327 1308 2380 alii
1338 2328 1567 2396 plurima
1608 2329 1825 2383 edebant
1863 2330 2142 2394 miracula,
2179 2330 2240 2383 ob
2284 2329 2619 2384 asserendam
2664 2342 2820 2399 gesta:
2864 2332 2938 2383 rei
2963 2331 3398 2401 magnitudinem,
3441 2340 3492 2384 et

238 2406 434 2462 Christi
460 2410 689 2467 Domini
713 2432 804 2469 seu
823 2417 981 2487 fidem
1002 2438 1090 2475 seu
1117 2422 1344 2492 gloriam
1363 2425 1851 2481 constabiliendam.
1878 2425 2029 2493 Quod
2066 2427 2188 2481 olim
2214 2427 2375 2497 igitur
2403 2427 2749 2495 metaphorice
2776 2428 3028 2496 propheta
3064 2427 3139 2480 vel
3164 2426 3490 2495 hyperbolice

234 2505 463 2574 dixerat,
502 2527 645 2563 nunc
673 2513 1007 2582 manifestam
1041 2517 1190 2571 habet
1218 2519 1635 2588 signiﬁcatarum
1669 2538 1841 2575 rerum
1876 2521 2178 2584 veritatem;
2218 2521 2324 2575 imo
2355 2520 2506 2574 verba
2543 2521 2682 2588 infra
2722 2539 2803 2576 res
2834 2522 2974 2590 ipsas
3007 2532 3150 2575 sunt.
3183 2520 3293 2574 Cur
3314 2522 3490 2591 itaque

236 2594 329 2646 hoc
366 2600 683 2654 vaticinium
712 2603 934 2676 itemque
956 2611 1176 2680 reliqua,
1209 2621 1457 2681 quotquot
1485 2612 1549 2666 de
1574 2613 1695 2667 aliis
1721 2613 1862 2666 dicta
1888 2630 1919 2666 a
1942 2612 2204 2681 prophetis
2252 2621 2394 2677 sunt,
2420 2612 2482 2665 de
2503 2611 2703 2667 Christi
2730 2612 2941 2666 Domini
2967 2613 3327 2667 incarnatione
3349 2611 3488 2664 beati

238 2689 463 2745 apostoli
492 2692 867 2761 intellexerint,
885 2699 1017 2753 hanc
1042 2703 1228 2756 merito
1249 2719 1406 2772 quam
1432 2704 1661 2759 diximus
1683 2722 1899 2758 causam
1919 2705 2123 2760 credere
2151 2704 2288 2758 licet.
2320 2702 2410 2758 Sic
2438 2705 2571 2758 enim
2601 2713 2648 2758 et
2681 2707 3015 2775 antiquarum
3045 2722 3218 2758 rerum
3264 2703 3489 2756 historia

238 2778 449 2833 minime
478 2783 611 2850 ﬁcta
644 2798 875 2856 apparet,
903 2802 952 2845 et
982 2792 1285 2860 magnitudo
1314 2796 1647 2867 pra’sentium
1677 2810 1741 2847 ea:
1766 2795 1982 2847 illarum
2012 2793 2405 2863 comparatione
2429 2794 2594 2862 magis
2620 2794 2957 2863 coarguitur;
2992 2802 3145 2863 atque
3170 2790 3302 2845 illud
3334 2790 3489 2843 undi-

236 2886 329 2938 que
367 2887 617 2943 apparet,
653 2896 733 2933 res
764 2883 1011 2937 nimirum
1041 2884 1221 2937 veteris
1246 2885 1371 2954 legis
1409 2885 1475 2937 ad
1509 2885 1646 2940 Novi
1678 2887 1999 2941 Testamenti
2028 2896 2236 2940 eventus
2263 2886 2491 2954 referri:
2529 2886 2658 2941 adeo
2691 2896 2863 2941 tamen
2890 2890 3071 2957 priora
3109 2884 3488 2958 posterioribus

236 2966 435 3031 cedere,
466 2982 729 3038 quantum
764 2993 976 3046 corpore
1004 2977 1241 3030 umbram
1270 2977 1579 3033 deteriorem
1612 2998 1722 3034 esse
1743 2996 1840 3049 par
1870 2990 1968 3041 est,
1998 2980 2097 3034 etsi
2122 2979 2190 3031 ad
2238 2978 2333 3032 hoc
2367 2978 2628 3049 quadrare
2660 2979 2881 3037 videtur.
2921 2982 3196 3037 Hactenus
3238 2980 3488 3035 Theodo-

399 3063 488 3116 συί
538 3065 925 3134 θειίρυιειηιθω
956 3072 1094 3128 dabo
1120 3072 1399 3139 Rufinum,
1436 3077 1527 3144 qui
1564 3077 1617 3129 in
1661 3075 2054 3161 Commentario
2093 3075 2161 3128 ad
2194 3074 2344 3130 Osca:
2374 3075 2529 3129 verba
2558 3090 2679 3143 cap.
2712 3092 2786 3144 xu,
2824 3081 2876 3144 l,
2913 3078 2996 3131 Ea:
3037 3076 3270 3149 JEgypto
3313 3074 3489 3129 vocavi

238 3150 442 3207 Filium
483 3174 682 3222 meum,
712 3161 791 3216 sic
816 3164 1041 3219 scribit:
1072 3166 1222 3232 Quod
1256 3169 1318 3223 de
1353 3171 1545 3239 populo
1585 3169 1780 3223 dictum
1826 3187 1936 3225 esse
1960 3150 2254 3241 prophetia:
2286 3178 2459 3223 textus
2502 3169 2749 3235 ostendit,
2790 3170 2886 3224 hoc
2915 3172 3073 3224 etiam
3103 3170 3171 3223 ad
3210 3183 3487 3239 personam

238 3243 454 3298 Domini
491 3252 665 3303 nostri
698 3250 828 3306 Iesu
857 3254 1053 3311 Christi
1078 3276 1229 3327 posse
1272 3262 1575 3330 transferri,
1608 3261 1901 3329 apostolica
1936 3263 2245 3316 monstravit
2294 3261 2617 3323 auctoritas;
2656 3276 2747 3329 per
2796 3278 2944 3329 quem
2990 3261 3227 3315 videlicet
3264 3277 3325 3315 ea
3370 3276 3488 3331 qua

235 3336 442 3394 Judceis
484 3343 617 3397 data
648 3356 798 3400 erant
822 3348 1013 3405 divina:
1065 3356 1275 3422 pietatis
1316 3357 1568 3427 insignia,
1619 3366 1668 3409 et
1705 3357 2027 3410 cumulatius
2065 3357 2214 3410 nobis
2251 3356 2615 3424 conferrentur
2651 3366 2698 3409 et
2725 3354 2949 3425 gratius.
2981 3351 3056 3406 Ne
3104 3351 3237 3406 illud
3266 3368 3487 3421 quoque

242 3447 351 3484 non
388 3432 686 3489 dicendum
725 3448 827 3503 est,
878 3444 1021 3510 quod
1062 3446 1448 3515 prophetarum
1486 3446 1621 3500 ordo
1658 3447 1801 3516 apud
1837 3446 2184 3502 Theodorum
2223 3447 2475 3503 diversus
2505 3463 2534 3501 a
2567 3445 2845 3500 communi
2892 3445 2945 3497 in
2977 3443 3184 3498 Graecis
3228 3444 3485 3497 editioni-

239 3526 340 3582 bus
374 3538 485 3592 est,
523 3530 602 3584 illi
642 3548 771 3587 vero
803 3535 1101 3593 conformis
1132 3556 1292 3610 quem
1334 3539 1526 3595 Latina
1566 3542 1781 3610 vulgata
1831 3541 2049 3595 retinet.
2085 3539 2157 3592 Ea
2194 3556 2357 3609 porro
2394 3540 2790 3595 versiculorum
2824 3535 3132 3598 distinctio,
3159 3548 3322 3605 quam
3356 3548 3487 3587 neo-

237 3624 395 3678 terici
429 3625 781 3694 invexerunt,
822 3647 1095 3703 quamque
1123 3634 1235 3704 jam
1284 3642 1499 3690 mutare
1544 3635 1613 3689 ob
1644 3636 2028 3705 pervulgatum
2080 3650 2240 3689 usum
2276 3650 2387 3689 non
2418 3634 2657 3705 expedit,
2712 3632 2950 3687 absurda
2994 3646 3136 3701 saepe
3181 3639 3235 3685 et
3284 3638 3479 3685 contra

235 3718 513 3773 orationis
549 3724 875 3777 sententiam
926 3727 1319 3796 cognoscitur:
1357 3727 1501 3797 quod
1535 3727 1729 3781 vitium
1772 3727 1825 3781 in
1860 3727 2160 3795 majoribus
2200 3742 2417 3796 quoque
2454 3727 2817 3795 capitulorum
2863 3723 3200 3779 sectionibus
3234 3723 3483 3794 quando-

237 3827 345 3879 que
371 3812 678 3868 admissum
711 3817 996 3889 videmus;
1026 3837 1145 3890 quae
1172 3822 1350 3876 omnia
1389 3822 1660 3877 Theodori
1709 3838 1910 3884 sermo,
1942 3822 2035 3891 qui
2071 3821 2305 3877 diversis
2339 3823 2510 3876 utitur
2540 3822 2745 3892 pansis,
2796 3819 3070 3874 emendat.
3105 3820 3285 3889 Atque
3337 3819 3477 3873 hanc

238 3904 485 3973 capitum
519 3905 844 3963 divisionem
880 3911 1187 3967 inconsulte
1218 3912 1510 3966 admodum
1544 3912 1742 3967 factam
1774 3914 1829 3967 in
1856 3913 2140 3968 Ciceronis
2167 3928 2385 3982 quoque
2413 3910 3203 3976 orationibus,demonstrasse
3241 3924 3326 3963 me
3356 3909 3485 3964 olim

238 4002 487 4065 memini.
515 4017 640 4057 cum
668 4004 1018 4061 Verrinarum
1059 4018 1241 4077 partes
1274 4024 1341 4063 ex
1378 4008 1763 4079 antiquissimo
1795 4007 2070 4063 Vaticanus
2101 4007 2448 4063 bibliothch
2494 4007 2848 4077 palimpsesto
2894 4007 3129 4061 ederem.
3161 4003 3266 4060 Sed
3305 4014 3486 4060 tamen

242 4096 568 4156 Theodorus
600 4119 707 4157 non
744 4104 948 4163 idcirco
977 4110 1135 4164 aliter
1166 4120 1480 4165 contextum
1517 4110 1776 4165 biblicum
1808 4109 2304 4165 discriminandum
2330 4110 2694 4171 demonstrat,
2727 4109 2872 4178 quod
2906 4108 3021 4176 ipse
3054 4108 3218 4160 ullam
3245 4107 3485 4174 capitum

248 4196 754 4266 versiculorumque
786 4200 1079 4255 sectionem
1124 4200 1324 4268 faciat;
1362 4208 1445 4257 est
1486 4204 1633 4257 enim
1674 4202 1727 4255 in
1764 4201 1954 4256 codice
1995 4202 2259 4257 continua
2296 4202 2568 4272 scriptura
2604 4200 2728 4269 (etsi
2764 4214 2863 4270 ego
2913 4200 2968 4252 in
3001 4198 3241 4253 editione
3284 4197 3489 4251 discri-

255 4292 505 4363 miuavi);
536 4294 632 4348 sed
663 4295 789 4365 quia
818 4295 947 4351 dum
976 4298 1134 4352 aliter
1164 4298 1443 4352 exorditur
1472 4299 1799 4363 orationem,
1842 4301 2083 4370 itemque
2114 4300 2272 4355 aliter
2312 4299 2540 4359 claudit,
2572 4313 2733 4368 quam
2775 4296 3041 4367 Vulgatus
3071 4302 3253 4350 textus
3282 4309 3393 4365 prae
3428 4311 3487 4350 se

252 4387 373 4449 fert,
408 4388 685 4444 diversam
720 4392 1142 4461 respirationum
1173 4393 1589 4462 sectionumque
1619 4393 1888 4448 rationem
1920 4408 1978 4448 se
2004 4393 2293 4464 agnovisse
2324 4391 2681 4446 demonstrat.

316 4479 443 4534 VIII.
492 4480 750 4551 Superest
800 4490 855 4537 ut
896 4482 1260 4549 Theodorum,
1288 4492 1555 4554 quatenus
1592 4500 1622 4537 a
1664 4494 1813 4539 recto
1853 4486 2074 4539 tramite
2120 4484 2332 4538 videtur
2363 4481 2670 4546 deﬂectere,
2712 4495 3115 4552 coarguamus;
3154 4480 3301 4534 haud
3333 4480 3483 4535 illius

250 4579 461 4648 quidem
491 4579 741 4634 diatriba:
774 4595 927 4634 more
963 4596 1083 4650 qua:
1130 4582 1273 4635 inter
1330 4581 1532 4651 scripta
1579 4581 1956 4652 Chrysostomi
2011 4582 2075 4635 ad
2120 4579 2462 4635 Theodorum
2502 4579 2710 4649 lapsum
2754 4579 2971 4650 legitur,
3017 4578 3110 4634 sed
3150 4579 3257 4634 leni
3308 4577 3488 4648 potius

253 4672 617 4728 admonitione
646 4674 935 4743 legentium
964 4685 1025 4728 ut
1047 4676 1403 4744 periculosam
1438 4676 1765 4747 quandoque
1804 4678 1979 4747 ipsius
2008 4675 2305 4747 ἑρμηνείαν
2340 4681 2589 4730 caveant.
2625 4675 2719 4729 Est
2743 4677 2887 4730 enim
2918 4675 3186 4743 peculiare
3213 4672 3486 4729 Theodori

248 4766 574 4831 institutum,
618 4775 676 4819 ut
710 4767 998 4836 prephetas
1044 4767 1306 4823 historice
1344 4768 1597 4838 explicet,
1634 4768 1688 4822 id
1733 4777 1815 4824 est
1866 4776 1925 4822 ut
1971 4770 2078 4822 vim
2116 4768 2319 4838 passim
2370 4766 2745 4820 vaticiniorum
2796 4766 2864 4821 de
2912 4765 3123 4822 Veteris
3152 4764 3483 4821 Testamenti

244 4864 403 4916 rebus
433 4860 860 4929 hominibusque
883 4861 1149 4931 intelligat
1178 4876 1240 4916 ac
1276 4862 1664 4930 interpretetur
1692 4881 1705 4915 :
1740 4872 1902 4932 atque
1923 4862 1979 4916 in
2011 4862 2099 4916 bis
2126 4861 2446 4915 nominatim
2478 4860 2783 4914 minoribus
2808 4860 3084 4929 prophetis
3116 4859 3485 4927 captivitatem

247 4970 455 5021 semper
480 4970 545 5008 ac
578 4953 971 5024 postliminium
1004 4952 1311 5008 Judseorum
1343 4970 1453 5025 pra:
1496 4954 1673 5010 oculis
1717 4955 1911 5020 habet;
1952 4955 2009 5009 in
2053 4954 2268 5009 duobus
2304 4959 2487 5008 autem
2532 4952 2843 5022 postremis,
2890 4951 3155 5005 Zacharia
3192 4950 3405 5005 scilicet
3435 4960 3487 5005 et

248 5045 531 5108 Malacbia,
564 5053 811 5115 tempora
838 5060 1055 5116 quoque
1091 5046 1522 5101 Muchabzeorum
1571 5047 1848 5118 agnoscit;
1885 5046 1952 5100 ad
1982 5046 2261 5100 Christum
2292 5052 2472 5098 autem
2508 5044 2739 5113 ejusque
2785 5042 3083 5096 Ecclesiam
3117 5043 3341 5097 nonnisi
3378 5043 3490 5099 fere

246 5152 461 5211 propter
485 5142 751 5195 veriorem
779 5141 1185 5211 plenioremque
1213 5140 1455 5206 ἔκϐασιν,
1498 5141 1554 5196 id
1585 5152 1668 5196 est
1710 5149 1968 5204 eventum,
2010 5138 2271 5193 vaticinia
2320 5135 2507 5200 refert,
2556 5145 2615 5189 ut
2662 5137 2718 5190 in
2760 5137 2981 5188 recitato
3010 5134 3259 5205 exemplo
3282 5150 3486 5207 cogno-

246 5236 437 5296 vimus,
476 5250 776 5304 rursusque
798 5235 865 5287 ad
898 5235 1172 5289 Michaeam
1215 5253 1269 5303 v,
1315 5235 1368 5300 2,
1408 5237 1498 5291 ubi
1541 5236 1607 5291 de
1654 5236 2112 5307 promissionibus
2148 5249 2177 5287 a
2215 5232 2323 5288 Deo
2350 5232 2536 5291 Davidi
2579 5231 2739 5286 factis
2789 5237 2975 5285 noster
3013 5229 3291 5301 disputat;
3328 5240 3381 5286 et
3422 5232 3487 5286 ad

246 5327 562 5383 Zachariam
597 5347 672 5391 ix,
705 5329 792 5395 10,
818 5330 911 5385 ubi
941 5330 1256 5385 vaticinium
1290 5334 1431 5387 inter
1457 5332 1847 5388 Zorobabelem
1886 5342 1939 5387 et
1962 5332 2240 5387 Christum
2275 5329 2441 5384 dividi
2470 5344 2635 5399 posse
2656 5335 2839 5396 negat.
2878 5326 3037 5397 Atqui
3070 5327 3185 5383 haec
3214 5328 3356 5381 ratio
3379 5343 3488 5382 non

246 5424 513 5479 ixi-merito
539 5425 746 5481 Graecis
784 5424 1101 5497 Latinisque
1127 5420 1383 5483 Patribus
1414 5429 1656 5499 ipsisque
1684 5430 1847 5484 etiam
1874 5426 2120 5484 conciliis
2144 5433 2402 5496 suspecta
2425 5431 2587 5493 atque
2630 5421 2931 5491 improbata
2970 5420 3071 5475 fuit
3111 5441 3123 5476 :
3180 5430 3307 5476 sunt
3340 5421 3485 5474 enim

246 5532 431 5587 reapse
464 5518 721 5573 vaticinia
751 5521 940 5581 multa,
982 5527 1102 5589 quae
1134 5518 1410 5575 Christum
1442 5520 1622 5586 unice,
1668 5522 1887 5576 nemine
1934 5518 2279 5589 interposito,
2322 5519 2608 5585 spectant;
2657 5528 2835 5584 neque
2878 5515 3147 5569 Theodori
3187 5516 3489 5571 auctoritas

245 5616 386 5660 tanta
424 5617 532 5671 est,
566 5624 741 5677 neque
764 5610 882 5679 ejus
912 5628 1139 5671 acumen
1167 5625 1275 5669 tam
1308 5617 1581 5684 singulare
1627 5617 1978 5681 credendum,
2017 5626 2075 5670 ut
2117 5614 2263 5683 quod
2299 5614 2390 5666 alii
2429 5610 2641 5672 Patres,
2687 5612 2825 5668 tales
2867 5613 3110 5682 tantique
3142 5611 3267 5673 viri,
3312 5612 3487 5667 subli-

250 5702 412 5755 miore
445 5703 537 5754 illo
566 5706 943 5762 tantummodo
978 5725 1141 5765 sensu
1176 5711 1489 5780 praedictum
1534 5722 1792 5783 putarunt
1837 5729 1900 5769 ac
1942 5714 2270 5774 docuerunt,
2314 5708 2445 5763 huic
2498 5705 2762 5762 arbitratu
2806 5720 2907 5759 suo
2938 5703 3003 5759 de
3048 5704 3212 5759 rebus
3251 5704 3487 5772 primum

316 5840 335 5876 ³
370 5840 514 5898 Psal.
542 5859 632 5898 sv.
670 5841 754 5896 10.
