3906 6208
452 339 550 397 tto
1669 330 1828 401 asc.
1874 344 2016 399 usu
2060 345 2449 405 PREFATIO.
3579 340 3682 397 ‘90

444 454 705 512 humanis
730 454 1000 527 explicare
1029 456 1207 520 liceat,
1248 455 1443 513 deinde
1475 457 1540 511 ad
1580 456 1795 513 divinas
1828 459 2125 517 transferre
2157 480 2170 514 :
2202 476 2323 530 qua:
2350 462 2488 516 ratio
2511 465 2845 529 quantopere
2878 454 3018 525 apud
3048 456 3241 527 vulgus
3268 456 3675 527 proplietiarum

434 544 585 597 vires
639 542 921 614 infringat,
975 545 1391 601 imbecilliorum
1441 546 1601 601 tidem
1656 548 1917 613 debilitet,
1968 550 2222 621 foresque
2258 554 2419 606 etiam
2481 551 2846 605 incredulitati
2907 551 3290 606 nonnullorum
3333 552 3555 621 pandat,
3602 552 3673 619 pii

435 654 635 697 omnes
670 642 930 696 sentiunt.
969 639 1111 695 Sane
1152 640 1255 694 hoc
1282 652 1453 707 genus
1496 638 1957 707 interpretationis
1995 642 2235 710 apprime
2281 640 2483 697 Iudaeis
2527 640 2846 710 capitalibus
2885 638 3089 695 Christi
3129 642 3674 709 Christianorumque

437 738 584 790 omni
615 743 857 806 tempore
894 735 1162 798 hostibus,
1193 730 1469 802 placuisse
1505 747 1603 801 par
1644 740 1765 787 est:
1803 734 1873 787 ob
1906 748 2133 803 eamque
2174 749 2395 788 causam
2451 734 2819 803 ἰουδαιόφρονα
2856 730 3196 785 Theodorum
3230 748 3258 783 a
3294 730 3524 802 Georgio
3559 731 3669 785 Ha-

441 824 671 878 tnartolo
700 824 753 878 in
784 824 1043 879 chronico
1066 822 1244 878 adhuc
1274 819 1477 874 inedito
1504 821 1708 873 dictum
1740 832 1905 890 puto;
1942 830 2055 877 tum
2084 824 2245 878 etiam
2275 826 2401 894 quia
2436 823 2844 894 synedricorum
2876 820 3298 875 commentarios
3326 821 3536 889 (nescio
3562 837 3671 891 quo

438 927 576 971 usus
609 915 921 984 interprete)
953 913 1163 970 videtur
1208 915 1452 971 studiose
1490 916 1841 980 lectitarisse,
1897 919 1979 972 vel
2031 921 2213 988 potius
2254 919 2469 975 Judaeos
2517 920 2805 988 magistros
2838 917 3053 972 audisse
3098 933 3113 969 :
3161 930 3285 970 nam
3333 927 3480 971 certe
3528 920 3667 986 apud

438 1000 837 1064 lienaudotium
869 1009 945 1080 (α)
976 1007 1372 1067 Bar-Salibaeus
1413 1010 1510 1066 abs
1553 1009 1755 1066 Judazis
1791 1014 2098 1069 institutum
2140 1015 2481 1071 Theodorum
2519 1025 2766 1069 nostrum
2796 1016 3045 1071 allirmat.
3079 1016 3276 1089 Utique
3305 1034 3443 1087 quas
3472 1019 3671 1080 [liere-

436 1112 632 1168 nymus
669 1101 800 1155 dicit
831 1116 952 1155 esse
987 1100 1334 1156 Hebraeorum
1377 1102 1697 1163 sententias,
1742 1118 1835 1156 eas
1865 1105 2004 1173 apud
2040 1106 2380 1161 Theodorum
2417 1108 2740 1176 quandoque
2768 1105 3014 1175 legimus.
3048 1108 3200 1174 Quod
3242 1118 3418 1163 tamen
3462 1109 3655 1163 obser-

436 1203 526 1249 vat
555 1196 605 1248 in
637 1211 737 1251 suo
766 1195 1150 1251 Commentario
1174 1198 1227 1250 in
1264 1194 1460 1253 Jonam
1495 1197 1874 1271 Hieronymus,
1907 1198 2187 1256 Hebraeum
2227 1202 2521 1272 Joscphum
2556 1202 2772 1256 Tharsis
2804 1198 3135 1255 intellexisse
3162 1198 3364 1252 Ciliciae
3391 1197 3661 1263 Tarsum;

436 1288 488 1341 id
517 1287 855 1344 Theodorum
903 1289 1277 1344 adversantem
1318 1287 1497 1342 habet.
1540 1289 1654 1343 Nec
1700 1304 1862 1358 porro
1888 1288 2128 1345 Judaime
2172 1301 2333 1345 secta:
2380 1305 2615 1344 amorem
2651 1288 2935 1342 Theodoro
2972 1287 3239 1355 imputare
3277 1287 3423 1350 licet,
3453 1284 3664 1339 etenim

433 1381 490 1437 in
522 1386 743 1455 prologo
771 1385 835 1438 ad
864 1382 1054 1441 Jonam
1080 1382 1389 1438 Judaaorum
1417 1382 1678 1438 adversus
1707 1384 1982 1440 Christum
2010 1386 2366 1452 pervicaciam
2400 1400 2586 1439 severe
2614 1384 2862 1452 castigat.
2886 1379 3024 1434 lllud
3053 1379 3213 1434 etiam
3238 1379 3397 1448 paulo
3435 1378 3662 1434 liberius

434 1474 576 1542 apud
608 1473 949 1531 Theodorum
992 1477 1101 1531 dici
1132 1477 1348 1532 videtur
1381 1495 1433 1546 p.
1481 1478 1569 1543 63,
1608 1479 1735 1542 ﬁli,
1762 1479 1890 1548 223,
1924 1479 2067 1550 quod
2111 1478 2325 1535 Veteris
2360 1479 2690 1535 Testamenti
2725 1476 3037 1531 hominibus
3081 1491 3258 1545 neque
3314 1472 3434 1528 Filii
3483 1491 3660 1544 neque

436 1562 672 1632 Spiritus
700 1566 874 1620 sancti
902 1582 1149 1637 persona:
1175 1582 1404 1637 prorsus
1437 1567 1774 1622 innotuerint
1808 1586 1827 1635 ;.
1847 1567 1989 1638 quod
2032 1578 2210 1622 tamen
2243 1567 2581 1637 privilegium
2610 1565 2885 1637 pr0phetis
2910 1575 3057 1623 certe
3089 1567 3366 1621 nonnullis
3394 1568 3536 1621 haud
3568 1567 3665 1622 de—

432 1656 622 1714 bemus
653 1658 884 1728 eripere.
930 1659 1109 1726 Quare
1147 1664 1539 1719 commentario
1571 1663 1639 1718 ad
1691 1663 2011 1719 Zachariam
2056 1665 2329 1719 substrata
2381 1663 2608 1734 legimus
2640 1661 2811 1716 Cra-ci
2852 1662 3085 1719 hominis
3134 1664 3363 1722 scholia.
3396 1663 3665 1718 adversus

430 1749 573 1805 lianc
606 1750 875 1808 Theodori
902 1755 1206 1821 audaciam,
1242 1773 1403 1819 quam
1448 1772 1550 1829 ego
1594 1774 1813 1829 quoque
1852 1760 2185 1829 aliquantum
2219 1759 2451 1813 inhibui.
2493 1759 2629 1812 illud
2656 1757 2888 1827 denique
2919 1761 3004 1810 vix
3033 1763 3117 1812 est
3149 1757 3487 1827 probandum
3516 1757 3663 1824 quod

430 1840 523 1896 Dei
554 1843 854 1901 locutiones
900 1847 965 1901 ad
1006 1849 1295 1918 propheta:
1339 1851 1682 1921 visionesque
1718 1861 1771 1906 et
1802 1854 1980 1906 varias
2021 1852 2381 1907 revelationes
2410 1852 2571 1906 unico
2599 1866 2740 1920 saepe
2779 1850 3001 1903 denotat
3039 1847 3319 1918 ἐνεργείας
3359 1846 3659 1908 vocabulo;

430 1952 738 2007 quanquam
765 1939 869 1994 hac
901 1943 1067 2012 super
1109 1957 1168 1998 re
1198 1945 1471 2012 sapienter
1495 1955 1758 2016 acuteque
1780 1946 2100 2002 Theodorus
2129 1947 2371 2015 disputat
2405 1947 2507 2002 sub
2545 1945 2759 1999 initium
2807 1942 3060 2005 Nabumi,
3089 1941 3178 1996 tibi
3209 1940 3400 2010 λῆμμα
3420 1940 3659 1995 vocabu-

429 2035 540 2089 lum
563 2033 818 2102 explicat,
848 2042 902 2089 et
923 2035 977 2090 in
1014 2046 1163 2092 recta
1192 2056 1418 2109 prorsus
1443 2043 1710 2097 sententia
1749 2042 2023 2098 consistit.
2057 2040 2241 2112 Neque
2268 2058 2398 2095 vero
2426 2042 2712 2112 quisquam
2748 2054 2913 2094 sanus
2946 2038 3073 2092 mihi
3118 2036 3483 2097 succensebit,
3513 2038 3661 2106 quod

431 2124 701 2182 Theodori
735 2127 958 2197 scripta,
996 2130 1098 2183 etsi
1134 2134 1306 2187 errori
1339 2134 1634 2203 aliquando
1668 2135 1937 2205 proxima,
1973 2136 2026 2189 in
2069 2135 2241 2188 lucem
2286 2133 2566 2197 einittam;
2603 2129 2736 2186 ηδενὶ
2766 2129 2909 2183 enim
2944 2145 3007 2183 ac
3037 2128 3168 2183 vitia
3207 2128 3387 2187 bonis.
3420 2138 3477 2181 ut
3503 2136 3659 2197 puto.

426 2218 677 2284 plurimis
708 2219 1058 2275 obruuntur:
1094 2232 1208 2277 tum
1238 2239 1339 2294 ego
1378 2225 1520 2280 hanc
1554 2227 1858 2296 apologiam
1906 2227 1959 2279 in
2002 2225 2318 2295 praefatione
2367 2225 2435 2278 ad
2479 2221 2754 2287 Photium,
2794 2220 3095 2290 prmsertim
3130 2234 3258 2275 vero
3288 2219 3353 2274 ad
3426 2220 3659 2274 Ariano«

425 2326 546 2365 rum
577 2311 880 2382 fragmenta
912 2319 975 2385 (t.
1009 2317 1099 2381 Ill,
1135 2326 1274 2388 part.
1308 2336 1368 2384 tt,
1410 2337 1462 2391 p.
1498 2321 1753 2392 186σ187)
1784 2331 1891 2375 tam
1925 2322 2122 2375 invicte
2151 2320 2407 2385 instruxi,
2445 2326 2505 2373 ut
2544 2318 2749 2382 nullum
2783 2314 2981 2369 addere
3004 2312 3229 2368 verbum
3256 2314 3368 2383 jatn
3393 2328 3533 2383 Opus
3562 2314 3657 2373 sit.

494 2400 587 2455 IX.
627 2404 1021 2463 Constitueram
1080 2411 1208 2465 olim
1256 2419 1451 2467 cuncta
1492 2413 1763 2469 Theodori
1827 2413 2129 2484 fragmenta
2182 2429 2248 2467 ex
2298 2409 2579 2466 Vaticanis
2634 2406 2933 2478 praesertim
2982 2403 3193 2460 catenis
3240 2401 3442 2457 Gracis
3493 2412 3659 2473 atque

424 2502 779 2560 Orientalium
811 2506 1115 2577 linguarum
1160 2506 1440 2563 codicibus
1484 2509 1821 2576 conjunctim
1869 2507 2127 2577 edere(b)
2167 2528 2179 2562 :
2216 2507 2359 2577 quod
2409 2506 2536 2577 quia
2582 2520 2729 2559 nunc
2768 2517 2865 2574 per
2913 2496 3294 2567 occupationes
3336 2508 3443 2548 non
3479 2494 3655 2557 licuit,

424 2598 724 2670 fragmenta
758 2602 945 2655 saltem
977 2603 1154 2671 ampla
1186 2614 1252 2654 ex
1281 2599 1401 2667 ejus
1425 2598 1721 2668 deperditis
1748 2598 1823 2652 De
1844 2601 2214 2654 incarnatione
2251 2598 2482 2662 Domini,
2514 2605 2565 2649 et
2585 2590 2785 2649 Contra
2818 2589 3204 2662 Apollinarem,
3237 2596 3289 2641 et
3322 2588 3376 2640 in
3410 2586 3655 2641 Psalmos

423 2688 601 2750 libris,
623 2704 741 2758 quae
770 2688 1027 2744 Leontius
1059 2689 1186 2743 olim
1215 2689 1580 2756 transcripsit,
1607 2687 1856 2741 Canisius
1898 2686 2085 2740 Latine
2116 2685 2488 2740 tantummodo
2532 2682 2721 2745 edidit,
2757 2697 2902 2736 nunc
2939 2694 3039 2749 ego
3084 2677 3269 2733 Grzece
3299 2693 3365 2732 ex
3391 2676 3657 2732 Vaticano

422 2787 735 2847 pervetusto
766 2782 953 2836 codice
996 2780 1317 2851 proferenda
1354 2782 1561 2843 curavi,
1599 2796 1722 2835 cum
1764 2779 1973 2835 Leontii
2016 2779 2083 2835 de
2122 2780 2206 2833 his
2243 2778 2473 2848 judicio,
2502 2778 2591 2845 qui
2623 2778 2875 2831 latentem
2906 2772 2960 2826 in
2991 2771 3075 2825 his
3108 2770 3354 2825 haeresim
3380 2778 3526 2825 recte
3562 2785 3650 2823 ar-

421 2868 557 2933 guit,
583 2878 636 2923 et
664 2869 717 2921 in
758 2870 1022 2938 procemio
1068 2870 1346 2938 complura
1386 2867 1655 2923 Theodori
1706 2884 1868 2939 opera
1900 2877 2203 2941 enumerat,
2239 2883 2359 2937 qua:
2397 2867 2745 2921 consectanei
2781 2874 2890 2919 tam
2932 2866 3174 2921 studiose
3207 2866 3572 2931 occultabant,
3595 2876 3656 2919 ut

420 2951 679 3009 Leontius
709 2957 825 3025 ipse
848 2957 1065 3011 nonnisi
1100 2972 1265 3027 opere
1297 2957 1371 3011 De
1401 2958 1765 3012 incarnatione
1805 2960 2011 3028 potitus
2042 2959 2133 3013 sit.
2168 2958 2274 3014 Sed
2305 2959 2444 3012 enim
2472 2974 2572 3013 nos
2607 2958 2775 3011 multo
2808 2958 2935 3012 olim
2972 2959 3126 3029 plura
3155 2956 3424 3012 Theodori
3447 2957 3650 3028 scripta

422 3045 479 3099 iit
514 3044 833 3115 praefatione
859 3046 924 3101 ad
958 3047 1190 3118 primum
1218 3046 1571 3104 Collectionis
1600 3057 1802 3103 nostrae
1834 3050 2086 3103 volumen
2112 3050 2546 3120 percensuimus.
2628 3096 2629 3099 η

491 3217 567 3287 (a)
609 3219 808 3291 Liturg.
844 3222 935 3277 0r.
970 3231 1009 3276 t.
1034 3222 1097 3285 ll,
1130 3237 1183 3291 p.
1212 3220 1337 3275 622.
2080 3225 2300 3285 Nicetae,
2334 3224 2423 3279 ubi
2457 3224 2523 3280 de
2546 3235 2733 3280 sancto
2766 3226 2969 3296 Spiritu
2999 3226 3051 3280 in
3096 3226 3278 3281 Jesum
3309 3228 3646 3351 baptizatum

491 3290 562 3351 (ὁ)
604 3290 804 3345 llorum
864 3293 1285 3351 fragmentorum
1332 3291 1628 3351 specimen.
1684 3300 1880 3351 printer
1921 3292 1972 3345 id
2083 3297 2497 3351 superveniente
2544 3311 2723 3351 sermo
2765 3298 2840 3351 ﬁt.
2885 3307 2989 3351 etc.
3040 3298 3255 3351 Legitur
3313 3300 3364 3351 in
3394 3313 3451 3351 ra
3503 3298 3646 3351 inter

491 3290 562 3371 (ὁ)
604 3290 817 3371 llorpnr
852 3290 1285 3371 fragmentorum
1332 3291 1628 3371 specimen,
1658 3300 1880 3371 .praiter
1921 3292 1972 3345 id
2082 3297 2497 3371 superveniente
2544 3311 2728 3371 sermo
2765 3290 2840 3371 ﬁt,
2885 3307 2989 3351 etc.
3040 3298 3255 3367 Legitur
3313 3290 3451 3352 infra
3503 3298 3649 3353 inter

420 3361 562 3433 quod
587 3361 727 3414 edidi
755 3361 818 3414 ad
852 3360 1027 3433 Pharii
1055 3361 1573 3433 Amphilo_chianam_
1588 3360 1817 3429 primam
1851 3378 1971 3429 cap.
2081 3360 2350 3419 Theodori
2382 3366 2681 3433 fragmenta
2718 3368 2769 3419 in
2794 3367 3079 3422 Joannem.

418 3430 525 3495 55,
567 3440 741 3487 exstat
799 3433 853 3488 iu
897 3428 1252 3486 Vaticana’in
1292 3429 1490 3484 Lucam
1533 3428 1734 3485 Catena
1778 3433 1974 3485 inedita

441 3644 552 3664 -υ

564 3651 924 3666 -————_

1105 3838 1369 3929 ANG.
1469 3836 1730 3925 MAII
1819 3833 2455 3925 PRJEFATIO
2525 3836 2647 3922 Al

1474 3836 1730 3925 MAII
1819 3833 2455 3925 ΡΒΙΕΡΑΤΙΟ
2525 3835 3016 3923 ALTERA.

1339 4049 1652 4117 (Bibliotheca
1670 4064 1790 4102 nova
1814 4052 2035 4112 Patrum,
2059 4058 2173 4101 tom.
2196 4053 2303 4112 Ἧι,
2330 4054 2491 4102 Romae
2512 4053 2672 4115 1854.)

1998 4256 2069 4271 Ἀ

489 4416 532 4470 l.
575 4414 650 4471 De
671 4430 950 4472 sacrorum
982 4418 1244 4473 librorum
1285 4419 1622 4475 obscuritate
1669 4421 1855 4491 (quam
1900 4422 1951 4476 in
1998 4426 2281 4495 pmphetis
2319 4424 2587 4494 praecipue
2616 4422 2908 4492 comperiri
2962 4437 3184 4479 necesse
3217 4426 3320 4496 est)
3346 4424 3647 4497 Pelychro-

426 4515 543 4568 nius
571 4513 898 4582 Apamensis
928 4517 1215 4586 episcopus
1237 4516 1398 4570 breve
1428 4516 1556 4569 olim
1588 4516 1886 4585 capitulum
1911 4519 2158 4589 scripsit,
2190 4519 2332 4589 quod
2362 4533 2462 4573 nos
2495 4522 2546 4572 in
2569 4517 2948 4587 antiquissimo
2969 4516 3157 4573 codice
3178 4512 3437 4573 Vaticano
3455 4522 3646 4577 obser-

418 4612 627 4671 vatum,
654 4612 707 4660 et
734 4621 763 4659 a
794 4606 989 4661 Photio
1020 4609 1183 4662 etiam
1210 4610 1353 4660 inter
1384 4606 1867 4676 Amphilocltianas
1898 4611 2230 4678 quaestiones
2273 4624 2409 4679 quas
2444 4610 2714 4665 edidimus
2755 4612 3002 4677 relatum,
3054 4618 3180 4667 ante
3231 4612 3329 4667 hos
3373 4629 3547 4671 annos
3588 4616 3645 4671 in

422 4696 763 4767 Scriptorum
792 4707 1031 4752 veterum
1065 4698 1239 4767 primo
1266 4698 1544 4753 volumine
1590 4700 2003 4756 collocavimus.
2042 4701 2213 4767 Quam
2257 4717 2401 4755 nunc
2444 4715 2556 4755 rem
2605 4714 3033 4756 commemorare
3062 4717 3170 4757 non
3202 4701 3301 4755 fuit
3336 4704 3547 4769 inutile,
3584 4718 3646 4763 ut

419 4793 596 4862 major
618 4792 747 4848 hinc
781 4793 902 4847 laus
936 4790 1004 4845 ad
1038 4788 1382 4861 Polychronii
1415 4791 1638 4848 fratrem
1660 4793 2008 4850 Theodorum
2035 4804 2282 4850 nostrum
2311 4795 2745 4865 Mopsuestenum
2778 4795 3068 4859 redundet,
3101 4796 3262 4866 cujus
3290 4808 3398 4851 tam
3423 4799 3643 4868 planam

418 4891 637 4955 tamque
659 4885 1007 4957 perspicuam
1044 4885 1433 4954 pr0phetarum
1478 4889 1750 4943 minorum
1793 4891 2298 4960 interpretationem
2345 4890 2643 4953 efferimus,
2690 4906 2922 4960 quorum
2960 4893 3278 4963 plerumque
3307 4894 3564 4961 elocutio,
3596 4897 3644 4952 si

418 4979 559 5032 nuda
594 4988 890 5048 spectetur,
929 4994 1067 5050 pene
1099 4993 1210 5049 prae
1256 4982 1471 5036 caeteris
1503 4992 1875 5038 sacrosancta:
1904 4986 2203 5056 Scriptura:
2231 4986 2548 5041 auctoribus
2578 4986 2927 5042 obscuritatis
2957 4985 3187 5055 caligine
3215 4988 3384 5056 premi
3406 4988 3642 5045 videtur.

415 5065 482 5119 Et
508 5069 869 5126 nihilominus
905 5072 1214 5127 luminosus
1242 5072 1379 5127 adeo
1411 5075 1496 5128 vir
1525 5074 1850 5132 Theodorus
1893 5079 2093 5134 librum
2125 5081 2242 5149 ipse
2274 5096 2492 5150 quoque
2536 5082 2603 5136 de
2643 5082 2874 5137 obscura
2910 5081 3184 5138 locutione
3226 5082 3549 5149 (Bibliorum
3585 5092 3646 5139 ut

416 5160 572 5231 puto)
602 5166 1031 5234 conscripserat.
1068 5168 1135 5223 ab
1166 5166 1438 5223 Ebediesu
1482 5170 1538 5224 in
1566 5172 1815 5241 catalogo
1845 5189 1945 5229 suo
1987 5184 2368 5236 memoratum,
2411 5192 2519 5246 quo
2554 5178 2762 5247 scripto
2799 5177 2950 5230 fratri
2983 5190 3084 5230 suo
3115 5174 3480 5245 Polychronio
3508 5187 3646 5247 sup-

415 5253 592 5321 i’ﬂias
646 5253 881 5311 fortasse
930 5262 1155 5319 ferebat.
1196 5263 1305 5320 Sed
1336 5280 1518 5321 nonne
1554 5282 1705 5333 vero,
1733 5270 1879 5324 dicet
1902 5270 2122 5339 aliquis,
2156 5271 2277 5325 alia:
2307 5272 2474 5326 etiam
2504 5280 2725 5327 exstant
2763 5271 2830 5325 ad
2863 5273 2962 5325 hos
3001 5271 3311 5326 salebrosos
3350 5270 3646 5340 prophetas

414 5355 866 5422 explanationes?
890 5357 1120 5419 Exstant
1158 5381 1308 5430 sane,
1347 5375 1407 5420 ut
1440 5367 1646 5435 publici
1684 5369 1809 5423 libri
1853 5371 2071 5431 docent,
2112 5378 2279 5440 utque
2330 5371 2466 5425 alias
2518 5370 2840 5424 nominatim
2886 5366 3179 5429 recensui;
3219 5364 3528 5432 mirumque
3559 5374 3642 5418 est

411 5446 558 5512 quod
595 5448 737 5501 intra
762 5449 1153 5523 quinquaginta
1179 5460 1400 5515 circiter
1429 5476 1625 5522 annos,
1653 5478 1848 5533 nempe
1869 5465 1938 5518 ab
1958 5472 2201 5519 extrema
2233 5467 2417 5519 saeculi
2453 5466 2631 5535 quarti
2665 5473 2842 5532 parte,
2872 5463 2936 5516 ad
2980 5461 3216 5515 medium
3248 5460 3359 5513 fere
3380 5459 3642 5513 saeculum

410 5536 664 5598 Quintum
712 5539 877 5608 (quod
934 5541 1120 5598 hercle
1162 5548 1378 5604 doctius
1428 5551 1682 5605 Ecclesiae
1724 5569 1895 5605 aevum
1946 5554 2069 5621 fuit)
2111 5552 2410 5607 floruerunt
2457 5554 2777 5607 nobilissimi
2820 5548 3198 5622 prophetarum
3244 5552 3433 5605 horum
3472 5551 3643 5605 inter-

415 5627 597 5681 l'retes
629 5627 919 5684 Theodoro
953 5641 1144 5686 nostro
1173 5642 1643 5709 contemporanei,
1679 5642 1732 5705 1,
1776 5642 1836 5696 S.
1866 5643 2260 5714 Hieronymus;
2302 5645 2357 5708 2,
2398 5643 2646 5709 ltulinus,
2685 5652 2746 5699 ut
2774 5646 2934 5715 vulgo
2971 5645 3024 5699 in
3062 5644 3343 5699 codicibus
3372 5643 3641 5713 librisque

415 5716 711 5783 scribitur;
745 5721 797 5781 3,
823 5720 881 5775 S.
904 5723 1139 5791 Cyrillus
1170 5726 1605 5796 Alexandrinus;
1640 5732 1693 5795 4,
1726 5730 2120 5787 Theodoretus.
2158 5732 2362 5787 Horum
2408 5734 2629 5801 inquam
2668 5734 2907 5787 omnium
2947 5734 3194 5789 videmus
3227 5734 3366 5805 typis
3399 5733 3639 5803 impres-

424 5820 511 5861 sos
545 5807 850 5870 luculentas
868 5817 1309 5879 commentarios,
1341 5836 1479 5887 quos
1501 5837 1623 5876 cum
1650 5822 2031 5889 illapsucsteuo
2062 5836 2253 5881 nostro
2296 5824 2566 5892 conferre,
2599 5826 2831 5895 perutile
2861 5825 3272 5897 jucundumque
3304 5826 3492 5881 lectori
3524 5825 3640 5886 fore
