3906 6208
213 359 298 419 liii
1441 368 1601 427 ANG.
1642 370 1755 427 MAI

1902 370 2208 429 AIEFATIO.
3345 378 3444 436 νει]

205 485 331 549 puto
359 496 374 532 :
399 477 607 549 quibus
633 493 739 550 ego
771 479 874 535 etsi
910 478 1041 534 nihil
1071 478 1358 536 detrahere
1389 485 1536 548 volo,
1570 486 1658 540 aio
1688 485 2051 541 nihilominus
2083 493 2330 542 nostrum
2370 485 2517 541 hunc
2551 484 2721 542 videri
2762 486 3032 543 scribendi
3072 498 3187 544 arte
3228 505 3335 545 non
3360 492 3448 545 in-

205 569 477 634 feriorem,
508 571 866 640 limpitudine
894 584 1069 629 autem
1100 583 1153 630 et
1179 579 1418 631 naturali
1440 579 1675 648 quadam
1698 579 1960 634 facilitate
1987 594 2153 648 prope
2193 580 2505 649 gratiorem.
2552 578 2785 634 Felicem
2814 597 3001 637 rursus
3035 592 3244 637 aetatem
3294 583 3445 637 illam

206 660 460 730 pra-dico,
489 677 614 729 qua:
660 675 855 730 praeter
886 667 983 720 hos
1017 668 1282 737 quinque,
1314 670 1438 722 tulit
1475 684 1528 724 et
1573 670 1711 724 alios
1759 685 1904 725 nunc
1949 671 2260 740 deperditus
2301 670 2616 725 eorumdem
2658 673 3042 742 prophetarum
3092 673 3442 739 interpretes:

204 752 414 805 scilicet
452 752 745 825 Didymum
775 767 912 815 teste
938 761 1266 834 Hieronymo
1302 766 1377 818 De
1408 766 1505 821 vir.
1540 766 1622 820 ill.
1654 782 1705 821 c.
1738 766 1873 833 109;
1904 766 2380 838 Chrysostomum,
2407 782 2567 836 quem
2602 782 2661 823 se
2701 769 2897 838 legisse
2929 769 3005 821 ait
3040 770 3092 822 in
3123 767 3443 837 praefatione

205 859 303 898 sua
334 844 592 911 Ruﬁnus,
625 855 940 925 pariterque
971 856 1308 927 Ephrazmius
1337 863 1715 918 Antiochenus
1761 864 1903 934 apud
1934 862 2187 918 Photium
2220 864 2367 933 (cod.
2400 864 2522 927 129,
2555 865 2640 920 ed.
2672 881 2725 934 p.
2753 862 2908 931 820);
2950 862 3242 916 Eudociam
3289 860 3443 913 deni-

206 952 659 1040 fitte‘at‘lgustam,
690 955 749 999 ut
776 948 914 1003 idem
945 952 998 1040 in
1033 953 1221 1010 codice
1259 956 1359 1011 184
1412 959 1583 1013 tradit
1608 959 1855 1015 Photins.
1887 959 2041 1026 Quod
2074 962 2118 1015 si
2151 975 2276 1015 vera
2305 970 2389 1015 est
2417 959 2742 1015 Parisiensis
2764 959 2971 1015 codicis
3006 959 3106 1014 ιη
3130 957 3437 1027 inscriptio,

207 1028 338 1131 “'1‘”
366 1030 632 1131 ίδίθοειξξ
668 1040 946 1131 Ρνειξόίοιίε
976 1039 1264 1111 Epiphanii
1314 1047 1368 1099 in
1416 1045 1723 1101 Nalzumum
1768 1052 2181 1104 commentatio.
2240 1049 2375 1104 Nam
2426 1051 2713 1120 cujusnam
2760 1054 2942 1108 saeculi
2978 1053 3140 1107 homo
3171 1053 3218 1106 is
3254 1051 3435 1116 fuerit,

208 1127 370 1187 cujus
417 1138 516 1177 nos
565 1127 693 1180 olim
748 1128 1050 1201 fragmenta
1085 1136 1193 1189 tria
1234 1140 1588 1196 recitavimus
1630 1141 1750 1207 (Scr

1897 1153 1992 1198 vet.
2031 1160 2122 1206 vn,
2178 1160 2231 1213 p.
2266 1146 2388 1215 68),
2436 1146 2538 1200 hoc
2569 1148 2728 1201 titulo
2759 1167 2772 1203 :
2802 1147 3058 1210 Ἐδίωνος
3084 1150 3146 1201 ὲκ
3177 1146 3276 1217 τῆς
3310 1146 3439 1217 περὶ

206 1218 504 1287 προφητῶν
532 1219 865 1294 ἐξηγήσεως,
897 1227 1113 1285 Ebiom's
1136 1246 1200 1285 ea:
1223 1239 1556 1291 enarratione
1590 1240 1643 1291 in
1665 1238 1964 1307 prophetas,
1997 1255 2104 1293 non
2144 1240 2304 1295 facile
2335 1240 2626 1295 deﬁnietur
2662 1259 2674 1297 :
2709 1239 2909 1294 etenim
2946 1240 3000 1292 in
3040 1237 3231 1291 codice
3266 1236 3437 1290 nobili

206 1310 490 1401 E’aticano,
524 1332 688 1385 quem
721 1320 915 1375 iterum
947 1324 1306 1393 inspeximus,
1336 1328 1600 1383 scribitur
1631 1344 1748 1399 pera

1896 1349 1918 1384 e
1946 1330 2221 1394 Ἐσίωνος.
2258 1332 2331 1385 ita
2371 1340 2429 1386 ut
2469 1332 2814 1401 cogitandum
2850 1330 3103 1383 videatur
3137 1329 3205 1382 de
3232 1326 3438 1382 Ebione

203 1394 430 1455 Joannis
454 1404 690 1471 apostoli
714 1415 1195 1478 contemporaneo.
1239 1415 1381 1470 Sane
1425 1394 1687 1480 Ebionaii,
1721 1394 1947 1473 auctore
1987 1420 2301 1474 authentico
2347 1394 2649 1491 Epiphanio
2688 1423 2823 1491 (hzer
2868 1418 3038 1482 XXX,
3076 1419 3187 1488 18),
3213 1425 3438 1473 caeteros

204 1490 496 1581 prophetas
532 1493 893 1562 detestantes,
924 1518 1091 1556 unum
1122 1503 1402 1559 Christum
1444 1510 1813 1576 agnoscebant
1855 1510 2198 1579 prophetam,
2242 1512 2309 1565 de
2343 1490 2463 1581 quo,
2486 1529 2593 1567 uno
2624 1490 2817 1581 reapse
2859 1511 2963 1565 tria
2999 1511 3092 1564 illa
3135 1510 3436 1579 fragmenta

205 1579 526 1646 loquuntur.
563 1584 631 1637 At
673 1602 801 1641 vero
837 1588 1087 1645 Labbeus
1130 1593 1431 1663 (conSpect.
1453 1609 1543 1663 op.
1576 1594 1825 1651 Damasc.
1868 1612 1924 1666 p.
1961 1596 2071 1666 50),
2108 1597 2316 1666 legebat
2354 1579 2408 1653 in
2441 1600 2629 1656 codice
2654 1579 2932 1659 Callicano
2978 1604 3265 1665 Εὑϐίωνος.
3304 1602 3436 1657 Utra

205 1669 360 1767 lectio
392 1676 470 1727 sit
504 1678 708 1741 verior,
738 1677 883 1736 Deus
907 1684 1043 1751 scit;
1076 1687 1172 1741 sed
1193 1696 1339 1743 certe
1366 1700 1419 1743 et
1440 1688 1653 1743 Euhion
1688 1692 1949 1760 antiquus
1984 1692 2144 1746 homo
2168 1692 2288 1756 fuit,
2314 1693 2752 1765 quandoquidem
2780 1698 3108 1753 Anastasius
3132 1696 3432 1767 presbyter.

204 1764 337 1831 apud
368 1782 539 1834 quem
574 1769 878 1840 fragmenta
907 1776 998 1830 illa
1031 1789 1243 1835 servata
1268 1790 1415 1845 sunt,
1454 1784 1520 1837 ad
1549 1786 1724 1853 prisca
1755 1787 1955 1839 saecula
1989 1787 2245 1855 pertinet,
2278 1764 2376 1841 nec
2415 1788 2527 1843 fere
2564 1790 2946 1857 Mopsuesteuo
2982 1764 3252 1846 recentior
3280 1764 3434 1858 judi-

201 1858 405 1957 candus
428 1870 541 1957 est.
571 1863 863 1957 Anastasio
886 1877 1067 1924 autem
1092 1880 1584 1942 contemporaneus
1610 1874 1713 1929 fuit
1744 1876 2073 1948 Hesychius,
2106 1878 2267 1948 cujus
2300 1880 2484 1934 multae
2515 1882 2746 1950 sparsim
2782 1883 2848 1936 ad
2884 1883 3175 1953 pr0phetas
3205 1879 3435 1933 adnota-

200 1950 368 2005 tiones
391 1951 449 2005 in
480 1950 769 2011 Vaticanis
793 1959 1079 2015 codicibus
1109 1961 1299 2017 latent.

263 2089 325 2143 il.
371 2092 771 2150 Verumtamen
808 2104 868 2151 ut
888 2096 955 2150 ad
986 2096 1426 2166 Mopsuestenum
1468 2112 1715 2155 nostrum
1763 2101 2069 2167 redeamus,
2109 2103 2345 2159 hominis
2374 2104 2590 2174 quidem
2622 2106 2936 2169 historiam,
2973 2115 3083 2160 tota
3111 2102 3436 2172 antiquitate

199 2190 246 2233 et
273 2188 582 2251 praesertim
616 2188 669 2240 in
699 2186 919 2243 Oriente
948 2187 1268 2257 famigerati,
1293 2192 1345 2244 in
1373 2192 1475 2244 alia
1499 2207 1598 2246 nos
1636 2191 1973 2261 Scriptorum
2001 2195 2318 2249 collectione
2348 2203 2385 2249 t.
2419 2194 2503 2259 Vl,
2538 2196 3000 2259 adumliravimus,
3048 2196 3223 2265 deque
3270 2183 3434 2248 libro—

202 2288 307 2327 rum
331 2278 457 2345 ejus
498 2280 871 2347 multitudine,
914 2285 1142 2350 meritis,
1181 2302 1244 2339 ac
1275 2289 1813 2358 reprehensionibus,
1847 2291 2002 2355 satis,
2034 2299 2093 2344 ut
2114 2299 2265 2361 pulo,
2298 2290 2556 2356 diximus,
2588 2299 2642 2346 et
2678 2293 2834 2348 nobis
2870 2308 3014 2347 nunc
3037 2292 3189 2361 plura
3219 2288 3434 2344 dicendi

202 2373 361 2426 otium
401 2374 663 2432 fecimus.
707 2379 844 2443 Quia
887 2387 1065 2434 tamen
1094 2382 1352 2451 pleraque
1394 2384 1611 2438 nonnisi
1639 2382 1823 2439 Graece
1865 2385 1921 2439 in
1954 2386 2127 2440 lucem
2170 2393 2327 2439 antea
2350 2386 2667 2451 extulimus,
2703 2386 2879 2439 visum
2906 2391 2988 2438 est
3026 2390 3178 2435 tanto
3211 2389 3436 2434 auctore

201 2462 397 2519 diutius
421 2466 680 2523 homines
715 2467 898 2525 Graece
939 2473 1158 2541 ignaros
1184 2489 1290 2527 non
1323 2472 1575 2527 fraudare
1608 2493 1620 2527 :
1667 2474 1848 2543 itaque
1889 2476 2124 2544 antiqua:
2169 2483 2369 2528 nostra:
2410 2474 2789 2543 promissionis
2822 2485 3088 2526 memores
3125 2475 3302 2521 totum
3326 2466 3433 2522 im-

202 2562 341 2632 pigre
376 2561 643 2617 Latinum
690 2563 939 2632 fecimus,
983 2577 1200 2639 tamque
1259 2571 1437 2639 spisso
1470 2584 1633 2639 opere
1671 2584 1921 2640 magnam
1969 2570 2132 2639 hujus
2164 2570 2459 2625 voluminis
2505 2577 2713 2639 partem
2749 2566 3112 2636 implevimus.
3143 2563 3209 2616 Et
3234 2572 3439 2632 scopus

200 2656 409 2723 quidem
437 2655 815 2727 Mopsuesteni
852 2658 1250 2732 est,Judaicam
1282 2661 1583 2730 praesertim
1619 2660 1902 2715 historiam
1947 2663 2259 2725 illustrare;
2306 2663 2379 2715 ita
2403 2669 2585 2716 tamen
2632 2670 2693 2715 ut
2742 2659 3121 2730 propheticum
3155 2657 3430 2727 spiritum,

200 2753 247 2798 et
271 2747 596 2802 relationem
631 2749 698 2802 ad
723 2747 994 2803 Christum
1021 2751 1308 2820 praecipuis
1344 2751 1397 2805 in
1424 2751 1562 2806 locis
1600 2759 1860 2822 agnoscat
1891 2766 1955 2805 ac
1985 2752 2241 2816 fateatur,
2268 2767 2577 2823 quanquam
2629 2767 2769 2822 saepe
2826 2752 2947 2805 κατ’
2982 2750 3228 2814 ἔκϐασιν,
3264 2746 3318 2803 id
3348 2755 3436 2803 est

199 2843 497 2897 secundum
527 2843 828 2914 pleniorem
868 2844 923 2898 in
954 2843 1173 2899 Christo
1201 2845 1634 2915 Christianisque
1670 2846 1835 2901 rebus
1874 2848 2256 2902 vaticiniorum
2290 2856 2540 2903 eventum
2577 2865 2590 2901 :
2620 2849 2761 2916 quod
2797 2863 2969 2918 genus
3013 2843 3430 2916 interpretandi,

197 2937 291 2989 etsi
320 2937 447 2991 aliis
471 2953 699 3007 quoque
730 2936 829 2991 SS.
874 2936 1171 2992 Bilvliorum
1208 2939 1599 3010 interpretibus
1644 2956 1751 2995 non
1800 2941 1955 3011 plane
2004 2943 2304 3004 insolitum,
2354 2942 2409 2996 in
2459 2941 2745 2996 Theodoro
2777 2950 2958 2994 tamen
2995 2944 3309 3007 suspectum
3334 2934 3438 2988 ali-

198 3030 413 3095 quando
442 3028 592 3097 fuit;
638 3036 691 3083 et
738 3030 791 3083 id
839 3045 970 3084 sane
1019 3031 1238 3085 nonnisi
1279 3032 1365 3101 pic
1402 3032 1728 3102 sinceraque
1768 3046 1892 3086 cum
1931 3031 2034 3085 lide
2075 3047 2102 3083 a
2138 3031 2450 3087 Christiano
2501 3033 2769 3102 scriptore
2801 3031 2914 3084 tieri
2948 3026 3129 3081 debet.
3160 3025 3331 3090 Quam
3364 3025 3434 3079 ob

199 3134 301 3172 rem
332 3129 535 3174 noster
567 3120 721 3173 visus
743 3126 827 3174 est
850 3120 1122 3189 aliquibus
1159 3121 1542 3193 ἱουδαιόφρων;
1573 3137 1885 3192 quanquam
1924 3123 2039 3191 ipse
2077 3121 2297 3176 Christo
2330 3138 2388 3177 se
2419 3122 2647 3177 ﬁrmiter
2673 3121 2915 3186 credere,
2946 3130 2999 3175 et
3027 3119 3147 3187 ejus
3175 3117 3434 3171 deitatem

198 3216 630 3285 morinomimque
664 3216 977 3286 mysterium
1019 3215 1268 3285 religiose
1312 3217 1580 3277 venerari,
1618 3216 1824 3285 liquido
1866 3216 2223 3281 demonstrat,
2264 3227 2390 3287 puta
2444 3234 2534 3287 pp.
2573 3217 2693 3283 159,
2739 3216 2862 3281 150,
2912 3215 3032 3270 191.
3079 3212 3269 3267 Utrum
3304 3226 3435 3266 vero

197 3318 245 3362 et
266 3308 541 3363 liebraice
568 3310 811 3372 sciverit,
840 3324 946 3363 non
979 3308 1112 3363 satis
1142 3316 1394 3374 constat;
1425 3309 1521 3363 sed
1550 3308 1787 3378 Syriacae
1824 3310 2014 3363 saltem
2047 3309 2266 3363 dialerti
2306 3325 2412 3362 non
2452 3308 2553 3363 fuit
2586 3312 2827 3379 ignarus,
2857 3313 3110 3383 quoniam
3140 3310 3335 3382 Syrum
3367 3324 3433 3362 ex

197 3398 462 3454 ilehraico
504 3400 852 3470 interpretem
905 3414 1009 3453 non
1048 3400 1213 3457 semel
1253 3400 1491 3468 exagitat
1532 3414 1594 3453 ac
1638 3397 1838 3452 refutat
1869 3415 1955 3468 pp.
1988 3398 2113 3463 2M,
2158 3398 2283 3464 252,
2316 3399 2441 3454 265.
2478 3399 2546 3452 At
2590 3400 2705 3469 ipse
2742 3412 2889 3456 certe
2924 3399 3063 3454 LXX
3098 3400 3424 3466 interpretes

199 3496 350 3550 unice
377 3495 656 3565 sequitur,
682 3494 1005 3557 admiratur,
1041 3509 1102 3548 ac
1141 3494 1324 3547 laudat
1358 3510 1412 3564 p.
1438 3491 1563 3547 252.
1601 3491 1869 3547 Prmterea
1899 3494 2107 3546 variam
2139 3503 2193 3547 et
2222 3494 2496 3547 curiosam
2525 3494 2885 3548 eruditionem
2928 3503 3119 3561 sponte
3144 3490 3433 3560 deditaque

197 3601 355 3656 opera
386 3587 567 3642 vitare
589 3601 651 3642 se
682 3587 817 3641 dicit
841 3604 896 3659 p.
930 3589 1052 3655 156,
1093 3590 1212 3653 159,
1239 3589 1364 3654 227,
1395 3599 1448 3643 et
1487 3589 1875 3660 prophetarum
1919 3589 2295 3644 tantummodo
2323 3590 2553 3643 vocibus
2577 3587 2930 3659 explanandis
2955 3586 3289 3642 incumbere.

262 3704 353 3760 ili.
396 3703 519 3760 Hoc
553 3720 653 3760 nos
682 3719 821 3774 opus
859 3705 912 3759 in
944 3704 1231 3771 Vaticano,
1259 3706 1390 3760 olim
1418 3705 1794 3770 Columnensi,
1826 3705 1977 3759 mira:
2010 3704 2336 3774 integritatis
2366 3712 2420 3758 et
2444 3703 2781 3773 antiquitatis
2803 3702 2990 3756 codice
3018 3700 3345 3765 invenimus,
3377 3711 3431 3754 et

197 3815 316 3855 cum
346 3802 461 3855 alio
495 3800 721 3869 insuper
752 3798 1036 3863 Vaticano,
1069 3814 1171 3853 nec
1209 3798 1436 3867 antiquo
1461 3804 1642 3852 tamen
1674 3812 1776 3852 nec
1803 3797 2034 3865 integro,
2067 3794 2342 3849 interdum
2379 3794 2730 3849 contulimus.
2780 3792 2967 3849 Testes
3006 3789 3222 3861 quidem
3251 3789 3431 3858 operis

197 3902 374 3956 erant,
402 3892 650 3963 synodus
678 3894 870 3960 quinta
899 3891 1235 3946 mcumenica
1266 3900 1374 3944 act.
1399 3889 1467 3956 4;
1502 3890 1699 3944 deinde
1730 3888 1996 3944 Ebediesu
2034 3888 2085 3941 in
2122 3888 2371 3957 catalogo
2398 3901 2519 3956 cap.
2545 3886 2641 3951 l9;
2677 3892 2943 3955 quotquot
2981 3882 3214 3953 denique
3244 3882 3428 3951 aperis

197 3985 417 4040 codices
449 3997 649 4036 nomen
700 3982 873 4037 nostri
913 3980 1183 4037 Theodori
1228 3980 1551 4049 inscriptum
1600 3980 1822 4035 habent.
1846 3979 1911 4032 Et
1939 3980 2156 4049 quidem
2198 3978 2466 4033 Ebediesu
2516 3977 2590 4030 ait
2634 3975 2978 4030 Theodorum
3008 3972 3295 4043 scripsisse
3330 3971 3433 4024 hoc

197 4093 333 4145 Opus
365 4075 433 4131 ad
466 4074 754 4145 quemdam
790 4091 907 4128 mar
931 4074 1133 4139 Turrim,
1171 4081 1231 4127 ut
1267 4072 1458 4127 scribit
1500 4072 1836 4127 Echellensis
1876 4071 2142 4125 Ebediesu
2188 4070 2395 4137 editor;
2435 4078 2489 4123 at
2517 4084 2644 4123 vero
2672 4069 3004 4124 Assemauus
3037 4067 3090 4120 in
3122 4067 3288 4120 altera
3317 4065 3434 4119 edi-

198 4176 345 4230 tione
384 4172 663 4230 scribebat
700 4189 818 4226 mar
860 4171 1097 4242 Tyrium,
1135 4186 1412 4238 nunquam
1458 4170 1745 4224 immemor
1772 4169 1856 4223 sui
1890 4169 2145 4239 Syriatici
2183 4184 2333 4232 mar;
2359 4182 2457 4238 ego
2495 4181 2623 4221 vero
2652 4163 2824 4218 ausim
2859 4168 3048 4215 contra
3072 4158 3433 4211 Assemanum

201 4266 498 4322 emendare
524 4263 865 4333 Hartyrittm’
891 4260 1269 4332 Chrysostomi
1304 4260 1548 4329 adeoque
1585 4259 1751 4313 etiam
1786 4256 2057 4313 Theodori
2097 4258 2383 4328 aqualem,
2425 4265 2480 4314 et
2503 4264 2690 4327 postea
2721 4250 3022 4307 Antiochiae
3043 4245 3430 4318 patriarcbam,

202 4375 317 4427 quae
341 4357 446 4412 fuit
489 4356 762 4410 Theodori
809 4352 1019 4423 patria;
1051 4352 1283 4420 ideoque
1325 4366 1557 4421 pronum
1594 4349 1805 4404 credito
1852 4356 1958 4409 est,
1992 4350 2220 4404 missum
2265 4348 2334 4402 ab
2375 4363 2440 4403 eo
2485 4362 2625 4417 opus
2656 4345 2722 4398 ad
2765 4344 2934 4398 civem
2961 4347 3021 4393 ut
3047 4338 3430 4394 verisimileest

202 4465 385 4513 suum,
416 4449 683 4503 illustrem
722 4444 856 4501 adeo
887 4444 1088 4507 virum,
1123 4443 1218 4512 qui
1255 4442 1626 4495 Antiochenas
1657 4438 1874 4493 demum
1924 4437 2124 4492 infulas
2171 4443 2498 4492 consecutus
2534 4442 2638 4490 est.
2666 4432 2819 4499 Quod
2859 4430 2906 4485 si
2945 4429 3068 4499 quis
3097 4432 3303 4496 quaerat
3331 4438 3431 4477 cur

203 4548 403 4615 passim
434 4543 760 4598 Theodorus
788 4541 842 4595 in
875 4539 1157 4595 codicibus
1181 4540 1533 4594 Antiocheam
1569 4537 1749 4608 potius
1781 4551 1940 4605 quam
1976 4533 2376 4603 Mopsuestenus
2409 4535 2653 4597 dicatur;
2685 4533 2824 4584 hanc
2854 4538 3077 4581 causam
3118 4538 3240 4576 esse
3264 4527 3431 4591 puto,

201 4611 344 4706 quod
372 4635 718 4707 Mopsuestia:
737 4630 976 4702 episcopi
1001 4630 1111 4684 duo
1145 4628 1365 4683 fuerunt
1395 4626 1689 4691 Theodori,
1721 4628 1871 4696 prior
1917 4626 2194 4694 antiquior
2235 4624 2325 4694 qui
2374 4623 2625 4678 secundae
2662 4620 3015 4674 Antiochense
3050 4615 3262 4707 synodo
3296 4611 3429 4667 sub-

203 4702 424 4796 scripsit
444 4702 757 4794 ;—posterior
788 4721 875 4774 hic
898 4718 1286 4774 celeberrimus
1313 4725 1518 4779 noster,
1544 4715 1638 4784 qui
1668 4714 2039 4769 distinctionis
2061 4715 2237 4783 gratia
2265 4714 2604 4768 vocitabatur
2625 4727 2687 4767 ex
2713 4710 2884 4779 patria
2910 4721 3007 4762 sua
3032 4702 3427 4758 Antiochenns.

205 4820 293 4873 Sic
318 4834 421 4888 ego
458 4818 512 4871 in
536 4814 821 4871 codicibus
841 4810 958 4867 ﬁeri
986 4809 1143 4863 video
1173 4808 1240 4863 de
1259 4806 1468 4862 Joanne
1494 4805 1777 4875 Xiphilino
1801 4806 2114 4875 patriarcha
2147 4803 2752 4872 Constantinopolitano
2789 4801 2907 4869 ejus
2949 4796 3183 4852 nominis
3211 4801 3432 4855 octavo,

204 4911 296 4977 qui
328 4907 539 4976 pariter
569 4899 941 4958 distinctionis
972 4898 1150 4967 gratia
1180 4896 1387 4951 dicitur
1417 4893 1881 4956 Chalcedonensis,
1914 4910 1943 4947 a
1970 4895 2146 4964 patria
2187 4894 2264 4946 vel
2308 4894 2541 4947 fortasse
2566 4908 2594 4945 a
2632 4895 2813 4962 priore
2847 4891 3184 4961 episcopatu,
3208 4893 3268 4938 ut
3296 4894 3428 4937 ροη-

202 5003 548 5071 jecturaliter
570 4998 780 5067 judico.
823 4994 982 5050 Certe
1030 4994 1170 5049 duos
1205 4993 1495 5047 Antbimos
1542 4992 1636 5061 qui
1671 4998 1831 5047 aetate
1880 5007 1997 5045 mea
2048 4991 2701 5060 Constantinopolitanam
2732 4990 3041 5045 cathedram
3085 4982 3431 5040 insederunt.

204 5095 346 5148 haud
381 5092 651 5148 numerali
681 5096 810 5143 nota
842 5086 987 5156 apud
1026 5085 1245 5140 Graecos
1274 5085 1541 5167 distingui
1589 5083 1777 5147 audio,
1818 5082 1909 5138 sed
1964 5082 2199 5151 priorem
2244 5079 2527 5148 Ephesium
2562 5081 2650 5134 ubi
2682 5080 2784 5133 fuit
2818 5086 2979 5131 antea
3017 5072 3285 5129 exarchus
3314 5072 3428 5142 epi-

206 5206 437 5259 scopus;
474 5189 704 5243 alterum
736 5182 1269 5243 Thessalonicensem,
1298 5193 1329 5231 a
1356 5182 1539 5248 priore
1566 5179 1693 5233 item
1728 5178 2064 5249 episcopatu,
2096 5176 2389 5231 nominari.

276 5300 361 5357 IV.
399 5299 765 5355 Promisimus
801 5296 931 5351 olim
957 5302 1168 5364 partem
1201 5292 1471 5347 Theodori
1500 5308 1607 5347 non
1642 5293 1910 5347 modicam
1948 5291 2329 5346 Commentarii
2360 5292 2413 5344 in
2443 5290 2707 5354 Psalmos,
2740 5305 2805 5341 ex
2836 5286 3115 5342 codicibus
3148 5285 3431 5340 Vaticanis

209 5394 550 5456 sumendam,
583 5391 811 5457 eﬂerre;
844 5404 1031 5444 verum
1056 5405 1118 5444 ea
1150 5404 1241 5445 res
1285 5390 1588 5446 breviorem
1632 5397 1820 5459 postea
1855 5389 2141 5455 ambitum,
2191 5389 2263 5441 ob
2306 5388 2428 5442 illas
2460 5400 2656 5441 causas
2701 5392 2861 5437 nacta
2904 5389 3006 5446 est,
3042 5396 3179 5449 quas
3206 5386 3331 5447 apto
3371 5379 3425 5431 in

211 5490 323 5542 loco
349 5489 612 5549 diximus,
650 5487 742 5541 ubi
773 5485 1037 5556 quidquid
1063 5485 1181 5554 ejus
1205 5486 1388 5554 operis
1412 5485 1631 5539 interim
1660 5486 1714 5539 in
1744 5500 1938 5539 manus
1970 5485 2135 5546 venit,
2178 5491 2300 5553 post
2331 5482 2619 5552 prophetas
2652 5475 3024 5547 exposuimus.
3057 5470 3345 5526 Feliciores
3373 5469 3429 5520 in

213 5578 479 5635 Theodori
506 5578 900 5634 commentario
930 5574 995 5628 ad
1016 5573 1278 5628 Joannem
1311 5572 1535 5637 fuimus,
1558 5572 1716 5643 cujus
1748 5574 2018 5644 ingentem
2050 5586 2240 5642 reapse
2268 5580 2499 5625 tractum
2529 5586 2650 5624 cum
2678 5566 2936 5638 peculiari
2963 5562 3127 5617 animi
3149 5560 3428 5628 voluptate

217 5672 266 5725 in
294 5676 467 5728 lucem
496 5670 890 5741 protraximus.
918 5664 1105 5735 Neque
1138 5672 1317 5718 tamen
1353 5679 1500 5718 nunc
1530 5671 1772 5734 repetere
1798 5664 2018 5734 placuit,
2046 5671 2229 5734 partes
2256 5664 2376 5716 illas
2411 5677 2518 5717 non
2549 5662 2792 5717 modicas
2816 5664 2869 5716 in
2893 5659 3181 5731 Epistolam
3215 5654 3283 5709 ad
3314 5654 3421 5741 Ro:

222 5776 412 5821 uanos,
456 5775 577 5832 qua:
627 5758 815 5810 Graece
852 5768 1047 5825 quarto
1092 5758 1362 5828 Spieilegii
1404 5757 1625 5813 Romani
1668 5760 1932 5814 volumini
1966 5759 2093 5814 olim
2134 5758 2511 5814 inseruimus:
2553 5773 2729 5828 neque
2769 5760 2893 5813 item
2929 5757 3233 5827 complures
3270 5735 3432 5820 illas',

224 5866 330 5923 qua:
359 5866 480 5907 cum
511 5850 709 5906 Latine
737 5855 945 5903 tantum
977 5856 1254 5904 exstarent
1290 5848 1373 5902 vel
1403 5848 1454 5901 in
1491 5850 1682 5921 synodi
1717 5853 1919 5923 quintae
1962 5854 2118 5919 actis,
2158 5849 2237 5904 vel
2267 5848 2407 5917 apud
2447 5849 2731 5905 Leontium
2762 5848 2814 5904 in
2845 5849 3178 5918 Basnagiana
3210 5844 3422 5903 Canisii
