3898 6228
466 414 571 473 125

1643 404 1988 462 THEODORI
2026 400 2500 460 MOI‘SUESTENI

3584 383 3692 465 ἐξ

467 531 724 595 editione,
749 545 849 585 nos
880 529 1038 600 primi
1070 526 1255 583 Crzeee
1281 526 1333 580 in
1364 533 1576 581 sextum
1615 522 1941 593 Scriptorum
1984 533 2209 576 veterum
2252 530 2454 575 tomum
2492 513 2841 585 contulimus.
2873 510 3283 605 Lectores-ergo
3318 507 3539 605 utantur
3566 499 3699 605 .f-eli-

468 622 598 675 citer
640 593 794 674 novis
826 593 910 675 his
943 618 1286 675 celeberrimi
1326 616 1427 672 SS.
1461 616 1759 670 Bibliorum
1793 613 2238 668 commentatoris
2267 610 2493 675 divitiis,
2525 622 2664 679 quas
2704 604 2996 676 pontiﬁciaa
3037 600 3377 657 bibliothecae
3406 593 3695 649 codicibus

466 718 717 778 acceptas
745 710 941 765 debent
976 730 989 763 :
1025 713 1495 783 meminerintque,
1534 726 1715 766 rerum
1750 709 1968 780 quidem
2003 707 2285 763 historiam
2310 721 2379 761 ne
2419 704 2472 758 in
2505 701 2783 774 prophetis
2812 698 3026 769 quidem
3061 710 3183 751 esse
3210 690 3600 792 peritnendatn,
3630 694 3695 740 ut

466 804 701 871 Cyrillus
734 803 849 872 ipse
882 811 935 858 et
967 803 1391 875 Cltrysostomus
1448 813 1500 860 et
1550 805 1844 876 Gregorius
1891 801 2021 866 PP.,
2074 802 2276 871 aliique
2326 799 2514 854 Patres
2560 803 2783 852 monent
2814 813 2829 850 :
2863 794 3140 848 Christum
3191 799 3369 845 tamen
3424 801 3695 857 pmctpue

466 899 695 967 ejusque
722 897 1041 962 Ecclesiam,
1070 904 1160 970 qui
1193 910 1277 956 est
1306 916 1477 956 sacra:
1514 898 1808 969 Scriptura;
1839 912 2059 967 scapus,
2095 907 2404 963 nostraeque
2434 892 2628 949 salutis
2662 888 2957 960 negotium,
2996 900 3103 956 prae
3132 884 3306 939 oculis
3338 882 3590 936 habeant.

540 989 631 1043 Est
662 998 841 1043 autem
878 990 1032 1056 ordo,
1066 1007 1227 1060 quem
1254 991 1424 1047 codex
1460 989 1579 1046 Vat.
1606 997 1773 1053 tenet,
1803 987 2319 1043 commentariorum
2354 983 2625 1039 Theodori
2662 980 2804 1050 apud
2837 994 2937 1034 nos
2968 978 3056 1032 hic
3086 997 3099 1032 :

744 1083 806 1133 In
844 1079 1032 1133 Oscam
1062 1098 1113 1150 p.
1148 1084 1196 1134 1.

746 1168 814 1221 In
852 1169 1049 1223 Joelem
1086 1187 1136 1240 p.
1171 1170 1259 1223 68.

749 1258 815 1312 In
843 1263 1091 1314 Animum
1120 1279 1171 1330 p.
1206 1261 1294 1314 9i.

747 1346 814 1399 In
849 1347 1074 1400 Abdiant
1107 1364 1163 1418 ι).
1199 1348 1318 1402 MD.

747 1436 813 1490 In
842 1436 1035 1491 lanam
1062 1454 1116 1507 p.
1150 1438 1272 1492 150.

745 1530 811 1583 1η
838 1529 1116 1584 Hic/imam
1148 1546 1201 1600 p.
1238 1531 1360 1583 170.

2411 1072 2478 1126 In
2510 1070 2814 1124 Nahumum
2840 1086 2894 1140 p.
2921 1068 3042 1122 210.

2407 1164 2473 1217 In
2505 1162 2842 1217 Habacucum
2869 1176 2922 1229 p.
2951 1160 3075 1215 251.

2407 1254 2475 1307 In
2508 1252 2830 1322 Sophoniam
2861 1268 2914 1322 ι).
2939 1251 3066 1305 249.

2413 1342 2479 1398 In
2506 1345 2755 1413 Aggaaunt
2780 1358 2835 1412 p.
2866 1341 2990 1396 269.

2414 1431 2481 1486 1η
2505 1431 2822 1486 Zachariam
2847 1446 2898 1500 p.
2932 1430 3060 1485 284.

2410 1524 2477 1579 1η
2501 1522 2823 1577 Malachiam
2856 1539 2906 1593 p.
2939 1521 3066 1576 265.

540 1577 1263 1692 Sequuntur-
1284 1577 1546 1672 ili’salmos
1585 1632 1643 1688 p.
1674 1616 1815 1681 390;
1855 1624 1910 1672 et
1939 1577 1998 1670 in
2018 1614 2243 1670 Joannis
2273 1577 2611 1683 Evanpeliuttt
2638 1628 2691 1683 p.
2726 1577 2983 1668 396-108.

468 1820 3683 1881 Μ

757 2014 1941 2191 ΘΕΟΔΩΡΟΥ
2084 2011 3382 2187 ΑΝΤΙΟΧΕΩΣ

606 2290 1435 2434 ΕΡΜΗΝΕΙΑ
1502 2299 1988 2426 -ΩΣΗΕ

2116 2296 2442 2430 ΓΟΥ
2543 2298 3524 2433 ΠΡΟΦΗΤΟΥ.

938 2746 1921 2903 THEODORI

2116 2753 2270 2905 ιΝ
2293 2745 3121 2904 TIOCHEN
3129 2750 3193 2897 Ι

623 3065 1742 3182 COMMENTARIUS
1832 3068 1967 3179 ΙΝ
2067 3068 2533 3181 OSEAM
2608 3069 3512 3183 PROPHETAM.

534 3492 578 3564 ι
619 3490 817 3547 Contra
846 3505 940 3546 eos
975 3490 1066 3559 qui
1106 3499 1309 3544 temere
1347 3490 1661 3561 prophetica
1697 3489 1859 3545 verba
1901 3497 2008 3543 tra-
2039 3493 2087 3550 Α

461 3585 656 3641 Clultda
682 3586 1003 3655 suscipiunt,
1035 3591 1195 3653 atque
1221 3593 1277 3635 ut
1306 3586 1447 3637 viam
1483 3582 1873 3653 posterioribus
1898 3598 2014 3635 mu-

459 3674 631 3738 niam,
668 3674 968 3744 aggrediar,
1005 3672 1115 3729 Deo
1148 3676 1414 3743 adjutore,
1448 3676 1514 3729 ad
1545 3690 1633 3727 res
1674 3674 2017 3744 prepheticas

459 3767 848 3835 explanandas,
878 3776 1036 3836 capto
1066 3767 1222 3820 initio
1250 3768 1315 3821 ab
1346 3768 1504 3829 ()sea,
1541 3768 1632 3837 qui
1666 3774 1720 3820 et
1763 3767 2015 3836 princeps

460 3856 602 3909 inter
649 3857 882 3925 reliquos
932 3857 1221 3926 prophetas
1268 3870 1425 3913 aetate
1470 3870 1571 3913 est.
1614 3856 1746 3910 Nam
1794 3873 1858 3913 ex
1908 3872 2015 3926 quo

460 3945 651 3999 beatus
683 3946 870 4008 David,
905 3950 1047 4003 sicut
1085 3965 1182 4017 ego
1226 3950 1276 4002 in
1314 3949 1685 4018 superioribus
1713 3948 1846 4010 dixi,
1881 3964 2017 4001 cun-

460 4047 578 4091 etas
606 4054 724 4107 quae
749 4039 945 4107 popqu
969 4050 1242 4093 eventura:
1273 4052 1429 4093 erant
1461 4055 1639 4094 rerum
1675 4039 2013 4108 publicarum

458 4129 844 4183 conversiones
881 4130 1168 4184 manifeste
1206 4130 1258 4181 in
1289 4131 1512 4199 psalmis
1541 4137 1914 4193 enarraverat,
1942 4129 2016 4185 si-

459 4220 683 4273 lentium
715 4221 1035 4274 intermedia
1063 4230 1307 4289 tempora
1328 4222 1634 4290 occupavit,
1654 4222 1781 4289 quia
1807 4221 2018 4275 scilicet

459 4310 594 4363 nihil
630 4311 698 4363 ab
735 4313 827 4365 illo
861 4311 1193 4365 vaticinante
1222 4311 1649 4378 praetermissum
1686 4309 1879 4365 fuerat.
1909 4309 2015 4365 Sed

457 4404 601 4456 enim
631 4405 813 4456 statim
850 4420 912 4456 ac
946 4415 1157 4473 tempus
1203 4403 1402 4468 adfuit,
1448 4417 1557 4473 quo
1591 4412 1877 4475 coeperunt
1920 4402 2015 4455 ad-

458 4508 614 4547 versa
638 4496 748 4557 pati
780 4494 964 4549 decem
988 4490 1425 4568 tribus,Assyriis
1478 4509 1572 4549 eas
1619 4494 2012 4563 prementibus,

457 4582 630 4637 donec
676 4584 920 4639 funditus
964 4587 1124 4641 avitis
1163 4602 1387 4642 eversas
1411 4586 1634 4639 sedibus
1660 4586 2015 4642 Sennacheri-

458 4691 580 4732 tnus
610 4679 661 4730 in
694 4686 949 4732 extranea
976 4680 1092 4732 ioca
1124 4679 1431 4744 transtulit;
1461 4694 1584 4732 cum
1610 4678 1744 4748 jam,
1770 4679 2011 4749 inquam,

458 4767 657 4823 factum
699 4778 842 4822 esset
880 4768 1092 4821 initium
1124 4771 1517 4834 calamitatum,
1550 4785 1685 4837 quas
1718 4773 1863 4839 genti
1899 4774 2014 4825 im—

2183 3486 2351 3558 (Cod.
2385 3487 2636 3544 Column.
2683 3486 2858 3553 XLV,
2913 3505 2965 3559 p.
3009 3489 3091 3559 1.)
3162 3490 3254 3553 Εἰς
3302 3488 3520 3559 ἔλεγχον
3570 3490 3684 3543 τῶν

2118 3579 2486 3644 ἀϐασανίστως
2536 3579 2842 3647 ἐπιϐάλλειν
2892 3582 3012 3644 ταῖς
3057 3584 3421 3653 προφητικῶς
3475 3583 3684 3652 ἐπιχει-

2120 3670 2352 3741 ρούντων
2406 3675 2643 3739 φωναῖς,
2708 3671 2799 3723 καὶ
2856 3670 2958 3741 μὴν
3005 3674 3096 3724 καὶ
3150 3674 3284 3743 πρὸς
3337 3674 3683 3744 κατασκευὴν

2114 3761 2221 3814 τῶν
2242 3761 2386 3832 ἑξῆς,
2415 3762 2706 3833 ἀρξώμεθα
2728 3762 2825 3833 τῆς
2847 3762 2957 3815 τῶν
2982 3764 3335 3833 προφητικῶν
3360 3767 3679 3835 σαφηνείας,

2115 3853 2249 3905 Θεοῦ
2270 3852 2518 3916 διδόντος,
2552 3852 2657 3906 ἀπὸ
2679 3852 2771 3906 τοῦ
2797 3854 2952 3925 Ὠσηὲ
2974 3855 3070 3924 τὴν
3097 3856 3267 3925 ἀρχὴν
3301 3856 3680 3926 ποιησάμενοι,

2114 3942 2172 3995 ὃν
2222 3944 2314 3996 καὶ
2343 3944 2551 4014 πρῶτον
2597 3940 2733 3998 εἶναι
2755 3944 2832 4015 τῷ
2864 3946 3039 4016 χρόνῳ
3069 3946 3376 4016 συμϐέϐηκε
3418 3947 3527 3999 τῶν
3572 3947 3681 3999 λοιο

2116 4034 2233 4087 πῶν
2293 4037 2585 4105 προφητῶν
2612 4052 2627 4066 ο
2680 4034 2774 4088 τοῦ
2821 4038 2929 4106 γὰρ
2983 4038 3251 4109 μακαρίου
3298 4036 3494 4099 Δαυῒδ,
3552 4038 3683 4091 καθ’

2114 4124 2150 4177 ἃ
2187 4124 2419 4193 πρόσθεν
2445 4124 2614 4196 ἔφθην
2657 4125 2825 4180 είπὼν
2851 4127 2950 4196 (1),
2987 4128 3046 4179 ἐν
3074 4127 3305 4198 ψαλμοῖς
3335 4130 3548 4192 ἁπάσας
3579 4131 3681 4193 τὰς

2115 4216 2243 4286 περὶ
2282 4216 2373 4269 τὸν
2399 4216 2525 4270 λαὸν
2565 4217 2828 4287 ἐσομένας
2869 4217 3164 4288 μεταϐολὰς
3190 4220 3431 4283 ἐπίοντος
3474 4221 3678 4292 προδή-

2114 4305 2255 4371 λως,
2319 4306 2443 4380 σιγὴ
2492 4307 2591 4379 μὲν
2623 4307 2714 4361 τὸν
2762 4310 2820 4362 ἐν
2852 4312 3003 4380 μέσῳ
3054 4311 3241 4380 χρόνον
3285 4313 3551 4381 κατεῖχεν,
3581 4312 3678 4365 ἀτε

2114 4397 2423 4466 ἀρκούντως
2477 4399 2692 4453 ἅπαντα
2722 4400 3108 4470 προειρηκότος
3133 4401 3339 4454 ἐκείνου
3362 4418 3375 4430 ’
3408 4402 3594 4473 ἐπειδὴ
3621 4403 3681 4456 δὲ

2114 4487 2397 4558 ἐπιστῆναι
2424 4489 2516 4541 τὸν
2550 4489 2737 4559 καιρὸν
2769 4489 2969 4555 συνέϐη
3003 4489 3123 4542 καθ’
3152 4490 3210 4541 ὃν
3237 4491 3465 4561 ἤρξαντο
3495 4492 3683 4556 κακῶς

2113 4578 2339 4647 πάσχειν
2363 4580 2419 4632 αἱ
2450 4579 2584 4632 δέκα
2618 4580 2803 4648 φυλαὶ,
2846 4581 2952 4633 τῶν
3000 4582 3297 4652 Ἀσσυρίων
3329 4583 3497 4645 αύτάς
3528 4584 3675 4636 πολιν

2112 4668 2413 4739 ορκούντων
2457 4671 2617 4742 ἄχρις
2659 4664 2720 4725 οὗ
2768 4672 3049 4735 παντελῶς
3103 4673 3270 4735 αὐτὰς
3312 4673 3421 4725 τῶν
3464 4674 3688 4727 οἰκείων

2111 4762 2288 4814 τόπων
2320 4764 2348 4815 ὀ
2396 4763 2764 4834 Σενναχηρεὶμ
2806 4763 3019 4831 ἀφελὼν
3057 4767 3135 4826 είς
3181 4764 3490 4836 ἀλλοτρίους
3545 4784 3683 4836 μετ-

455 4860 690 4929 pendere
722 4859 890 4912 multo
918 4871 1043 4912 ante
1088 4859 1255 4911 David
1292 4861 1655 4927 przedixerat;
1692 4859 1897 4915 Ezecia:
1925 4863 2012 4915 ni-

2116 4853 2279 4924 ῴκισε
2310 4854 2526 4918 τόπους.
2687 4830 2749 4909 τε
2779 4857 3061 4928 πόρρωθεν
3093 4858 3168 4927 τῷ
3206 4830 3459 4927 μακαρίῳ
3514 4830 3687 4911 Ᾰαυῒδ

454 4943 650 4996 mirum
676 4950 853 5005 atate,
884 4944 976 5012 qui
1006 4940 1158 4996 Iuda:
1194 4952 1246 4995 et
1276 4942 1576 5010 Benjatnini
1614 4944 1867 4999 tribubus
1911 4946 2013 4998 int-

451 5036 754 5103 peritabat;
785 5036 966 5090 divina
989 5035 1181 5106 gratia,
1203 5036 1361 5090 rebus
1380 5035 1489 5103 jam
1515 5034 1867 5101 instantibus,
1884 5052 2012 5106 pro-

453 5126 642 5193 phetas
686 5127 900 5195 publice
935 5128 1102 5191 misit,
1152 5127 1497 5197 primumque
1542 5129 1597 5181 in
1652 5128 1736 5181 his
1785 5127 2009 5193 Oscam,

451 5216 543 5284 qui
570 5217 833 5285 quidquid
869 5219 1129 5273 divinitus
1160 5218 1267 5272 illis
1298 5225 1615 5272 eventurum
1646 5229 1763 5276 erat
1794 5222 2013 5273 nuntia-

452 5317 533 5359 ret
556 5325 569 5361 :
589 5306 789 5375 quique
813 5308 866 5361 in
895 5311 1212 5366 memoriam
1241 5309 1407 5363 veluti
1432 5324 1693 5367 revocans
1720 5313 2011 5381 prazdictas

450 5399 579 5452 olim
616 5414 647 5452 a
679 5397 878 5453 Davide
908 5404 1278 5469 calamitates,
1314 5402 1504 5457 harum
1544 5419 1664 5457 mox
1703 5403 2009 5461 futurarum

450 5491 663 5561 culpam
695 5491 954 5545 lsraelitis
982 5494 1304 5562 imponeret,
1340 5510 1370 5549 a
1407 5494 1499 5549 Dei
1540 5495 1690 5549 cultu
1721 5511 1784 5551 ac
1830 5498 2012 5554 notio-

450 5597 519 5637 ne
573 5583 894 5654 jampridem
942 5588 1175 5649 aversis,
1216 5598 1378 5659 atque
1415 5589 1481 5642 ad
1519 5589 1661 5642 idola
1702 5589 1998 5649 daemones-

521 5718 633 5772 ²-⁸1
671 5739 740 5774 ιιι.
775 5721 995 5777 θειόθεν.

2116 4952 2486 5023 προειρημένα
2514 4952 2643 5023 περὶ⁵
2676 4952 2782 5006 τῶν
2811 4954 2888 5023 τῷ
2923 4954 3035 5023 λαῷ
3065 4953 3487 5024 συμϐησομένων
3516 4955 3684 5022 χαλε-

2117 5044 2253 5109 πῶν,
2283 5044 2378 5115 τὴν
2416 5045 2590 5115 ἀρχὴν
2613 5044 2860 5099 ἐντεῦθεν
2886 5046 3095 5115 ἐδέχετο
3115 5064 3128 5077 ·
3170 5048 3305 5117 ὅπερ
3333 5042 3425 5098 οὖν
3449 5048 3541 5099 ἐπὶ
3567 5048 3684 5099 τῶν

2115 5136 2255 5189 κατὰ
2280 5136 2370 5189 τὸν
2408 5137 2653 5201 Ἐζεκίαν
2686 5138 2898 5206 ἐγένετο
2918 5139 3143 5211 καιρῶν,
3171 5139 3271 5208 τῆς
3304 5138 3471 5191 Ἰούδα
3499 5138 3681 5209 φυλῆς

2111 5226 2460 5296 βασιλεύοντα
2495 5228 2590 5280 σὺν
2618 5231 2681 5298 τῇ
2712 5228 2986 5298 Βενιαμὶν,
3035 5228 3364 5299 προεϐάλετο
3391 5229 3499 5280 τῶν
3529 5244 3681 5297 πραο

2107 5319 2330 5387 γμὰτων
2374 5318 2603 5387 ἐγγύθεν
2625 5319 2787 5371 ὄντων
2827 5319 2992 5388 ἠθεία
3029 5322 3187 5390 χάρις
3208 5320 3333 5383 τοὺς
3363 5320 3677 5389 προφήτας,

2108 5410 2200 5463 καὶ
2229 5410 2333 5479 πρό
2357 5427 2419 5478 γε
2448 5410 2555 5462 τῶν
2581 5409 2781 5462 λοιπῶν
2809 5408 2901 5463 τὸν
2945 5411 3101 5477 Ὠσηὲ
3131 5409 3404 5481 μηνύοντα
3436 5410 3507 5462 τά
3544 5412 3684 5481 περὶ

2106 5502 2298 5565 αὐτοὺς
2328 5502 2508 5555 θεόθεν
2528 5504 2602 5542 ¹-³
2628 5502 2876 5571 ἐσόμενα,
2905 5506 2978 5571 (p.
3012 5505 3067 5571 2)
3098 5503 3352 5573 καθάπερ
3374 5501 3497 5555 τινὰ
3535 5503 3680 5555 ὑπόη

2106 5611 2298 5665 μνησιν
2338 5592 2656 5665 ποιούμενον
2686 5593 2796 5646 τῶν
2835 5594 2985 5665 παρὰ
3012 5595 3090 5665 τῷ
3116 5594 3279 5648 Δαυῖδ
3322 5594 3491 5647 πάλαι
3515 5609 3578 5647 τε
3607 5596 3683 5646 εί-

519 5831 595 5897 (l)
639 5830 899 5890 Videlicet
946 5837 1000 5890 in
1049 5836 1439 5893 commentario
1490 5851 1592 5892 suo
1628 5835 1695 5890 ad
1739 5835 2003 5904 Psalmos,
2042 5841 2199 5913 cujus
2252 5844 2497 5917 ingentes
2536 5847 2788 5920 reliquias
2845 5862 2944 5903 nos
2999 5847 3269 5902 volumine
3306 5845 3408 5903 hoc
3445 5840 3679 5901 exhibe-

457 5906 655 5976 bimus,
