3898 6228
190 442 285 499 1⁸25

1209 433 1750 492 COMMENTARIUS
1789 430 1851 486 ΙΝ
1890 426 2089 485 ΟΞΕᾸΞ
2121 422 2272 482 CAP.
2306 424 2367 481 l.‘

3304 416 3405 475 £20

189 556 431 628 ρημένων
458 552 557 606 καὶ
592 551 888 625 πρόπαλαι,
916 553 989 615 ὡς
1013 552 1076 606 ἂν
1101 553 1206 606 τῶν
1234 572 1291 607 τε
1332 553 1600 624 ἐσομένων
1639 571 1738 624 χα-

1866 562 1946 617 μιε
1978 559 2237 615 perquam
2261 542 2506 598 studiose
2534 539 2847 609 conversis;
2889 538 2940 608 2
2980 545 3141 608 atque
3168 543 3233 591 ut
3261 534 3402 590 idem

185 646 362 698 λεπῶν
400 646 525 707 τοὺς
571 644 914 714 Ἰσραηλίτας
953 646 1277 713 ἀποφήνειεν
1324 646 1561 707 αἰτίους,
1611 647 1746 698 ἁπο-

187 737 412 796 οταντας
432 735 532 804 μὲν
563 734 661 803 τῆς
682 735 808 797 περὶ
834 734 924 786 τὸν
949 734 1079 786 Θεὸν
1101 734 1395 806 θεραπείας
1420 753 1479 787 τε
1502 736 1592 788 καὶ
1609 734 1746 803 γνὼ-

188 840 338 887 σεως,
378 826 509 893 περὶ
540 824 598 875 δὲ
633 831 699 876 τα
730 824 922 877 εἴδωλα
946 825 1039 878 καὶ
1067 827 1191 889 τοὺς
1230 826 1487 895 δαίμονας
1533 826 1747 878 ἃπασαν

186 917 403 985 ἔχοντας
431 916 531 985 τὴν
560 915 794 984 σπουδήν
816 934 827 943 ⁸
871 914 1027 984 δῆλόν
1070 931 1129 967 τε
1156 917 1427 984 ποιήσειεν
1453 916 1534 968 ὅτι
1557 916 1655 968 οὑκ
1684 916 1748 967 ἔκ

186 1022 327 1066 τινος
360 1005 645 1075 συντυχίας
666 1005 909 1073 γίγνεται
942 1004 1113 1058 ταῦτα
1136 1021 1150 1036 ⁸
1187 1006 1467 1077 πόρρωθεν
1488 1007 1544 1059 δὲ
1565 1006 1748 1077 εῐρητό

188 1112 247 1146 τε
274 1098 365 1148 καὶ
394 1096 696 1167 προώριστο
735 1096 814 1164 τῷ
853 1096 971 1167 Θεῷ
1006 1097 1272 1166 γενέσθαι,
1304 1097 1403 1167 τὴν
1430 1098 1633 1151 τούτων
1658 1099 1750 1152 αὐ-

190 1184 302 1236 τῶν
330 1184 676 1254 ἐπισταμένῳ
699 1184 918 1249 κακίαν,
945 1186 1038 1239 καὶ
1072 1186 1139 1239 τὰ
1176 1186 1305 1257 περὶ
1352 1188 1545 1250 αὐτοὺς
1571 1188 1750 1242 ὅντινα

190 1275 389 1344 τρόπον
418 1276 687 1345 προσῆκεν
731 1276 1033 1345 οἰκονομεῖν
1064 1277 1225 1330 εἰδότι
1274 1279 1478 1346 σαφῶς,
1510 1281 1587 1341 είς
1618 1296 1749 1349 προ-

190 1368 541 1436 παρασκευήν
558 1369 759 1439 τῆςτοῦ
794 1369 1058 1421 Δεσπότου
1079 1369 1312 1438 Χριστοῦ
1334 1369 1549 1436 δείξεώς
1573 1388 1630 1423 τε
1656 1372 1749 1424 καὶ⁵

193 1458 492 1527 παρουσίας
515 1474 531 1488 ⁸
564 1456 706 1511 ὥστε
730 1457 841 1528 γὰρ
865 1457 1020 1528 δῆλον
1046 1457 1247 1511 ἅπασιν
1272 1460 1519 1527 γενέσθαι
1547 1462 1625 1513 ὅτι
1650 1463 1749 1533 τὴν

193 1549 315 1618 περὶ
344 1550 436 1601 τὸν
465 1549 596 1602 λαὸν
629 1550 951 1621 κηδεμονίαν
984 1549 1071 1602 διὰ
1106 1549 1195 1602 τὸν
1237 1551 1295 1616 ἐξ
1327 1552 1503 1603 αὐτῶν
1528 1554 1751 1622 προσδο-

191 1637 427 1706 κώμενον
451 1639 790 1709 φανήσεσθαι
827 1642 1078 1703 ποιεῖται,
1103 1638 1346 1692 ἐκδίδωσι
1370 1641 1467 1709 μὲν
1493 1641 1590 1705 τὰς
1621 1642 1750 1695 δέκα

192 1729 355 1794 φυλὰς
386 1732 453 1800 τῇ
496 1729 609 1781 τῶν
645 1731 941 1799 Ἀσσυρίων
978 1730 1318 1800 αἰχμαλωσίᾳ
1340 1748 1353 1762 ⁸
1404 1732 1657 1800 φυλάττει
1696 1735 1750 1787 δέ

192 1822 277 1873 ἐπὶ
300 1822 409 1874 τῶν
433 1822 620 1875 τόπων
646 1824 744 1892 τὴν
775 1823 943 1876 Ἰούδα
974 1824 1157 1894 μόνην,
1182 1824 1241 1888 eg
1268 1821 1448 1897 ἧσπερ
1476 1828 1706 1897 ἤμελλεν
1725 1832 1753 1883 6

1846 639 2022 708 palam
2057 637 2279 698 faceret,
2312 633 2457 687 haud
2487 647 2620 687 casu
2653 632 2836 701 aliquo
2875 630 2990 684 haec
3019 629 3161 682 mala
3190 627 3407 681 contiu-

1843 746 1987 801 gere,
2023 728 2117 784 sed
2147 728 2318 782 multo
2348 734 2473 781 ante
2507 727 2750 779 edicente
2791 737 2855 776 ac
2902 722 3227 777 decernente
3273 718 3404 778 Deo.

1845 824 1930 875 cui
1964 830 2018 875 et
2054 818 2425 874 lsraclitarum
2476 817 2798 885 improbitas
2844 814 3125 884 explorata
3166 819 3303 875 erat,
3351 816 3409 862 et

1845 914 2007 969 simul
2042 919 2321 981 comperta
2354 910 2518 981 ratio,
2546 924 2652 978 qua
2678 922 2801 963 cum
2829 906 2914 961 his
2951 903 3221 974 agendum
3262 908 3403 962 erat,

1846 1005 1917 1059 ob
1950 1004 2090 1057 viam
2118 980 2654 1071 parandam-Christi
2700 996 2915 1052 Domini
2958 992 3259 1051 ostensioni
3320 996 3411 1042 at-

1845 1111 1952 1166 que
1982 1092 2260 1148 adventui.
2295 1090 2439 1144 Deus
2476 1089 2671 1144 etenim
2706 1098 2765 1142 ut
2790 1102 2978 1142 omnes
3025 1086 3285 1140 certiores
3328 1087 3409 1134 la-

1845 1200 2013 1248 ceret,
2050 1203 2107 1242 se
2146 1186 2327 1256 populi
2359 1199 2544 1237 curam
2579 1197 2766 1252 gerere
2804 1188 3022 1250 propter
3059 1192 3183 1233 eum
3219 1175 3311 1246 qui
3339 1189 3407 1228 ex

1846 1282 2010 1351 hujus
2041 1294 2236 1349 genere
2259 1277 2503 1330 oriturus
2533 1272 2974 1342 exspectabatur,
3004 1270 3210 1324 idcirco
3238 1264 3421 1321 tradi--

1848 1372 1926 1426 dit
1953 1370 2134 1424 decem
2170 1368 2344 1423 tribus
2366 1365 2672 1435 Assyriacae
2700 1359 3023 1430 captivitati,
3058 1358 3275 1411 unicam
3313 1371 3409 1409 ve-

1848 1479 1910 1518 ro
1941 1462 2167 1516 retinuit
2219 1461 2274 1514 in
2305 1458 2423 1513 suis
2472 1456 2696 1511 sedibus
2747 1453 2900 1507 Judze
2933 1451 3159 1512 tribum,
3183 1448 3251 1503 de
3300 1463 3407 1518 qua

1850 1556 2110 1611 Dominus
2138 1553 2385 1608 exiturus
2413 1558 2530 1605 erat
2557 1547 2856 1603 secundum
2889 1558 3109 1597 carnem
3133 1541 3407 1595 Christus.

1851 1646 2022 1713 Quam
2066 1646 2193 1700 item
2246 1642 2511 1712 captivam
2559 1639 2813 1704 deinceps
2860 1635 3145 1689 abductam
3191 1639 3414 1701 propter

1851 1755 2011 1811 pares
2063 1735 2381 1806 iniquitates
2412 1747 2443 1786 a
2496 1727 3032 1784 Nabuchodonosoro
3079 1720 3413 1792 Babylonio-

1852 1847 1972 1885 rum
2009 1844 2154 1897 rege,
2197 1825 2376 1880 redire
2412 1821 2735 1876 mirabiliter
2765 1818 2965 1883 voluit;
3001 1815 3219 1886 quicum
3250 1812 3410 1867 etiam

189 1914 460 1983 Δεσπότης
481 1914 872 1981 ἀναφαίνεσθαι
900 1914 960 1966 τὸ
983 1914 1123 1967 κατὰ
1151 1896 1325 1985 σάρκα
1351 1896 1603 1987 Χριστός.
1627 1920 1754 1972 ’Ἢν-

1866 1922 1919 1976 le
1950 1896 2174 1988 reliquis
2210 1914 2461 1969 tribubus
2503 1914 2734 1981 exiguus
2774 1924 3033 1964 numerus
3081 1902 3421 1975 postliminio

192 2020 288 2073 περ
310 1999 407 2056 οὖν
429 2006 513 2067 είς
538 2004 915 2074 αἰχμαλωσίαν
932 2004 1153 2076 ὕστερον
1180 2008 1516 2061 ἀπελθοῦσαν
1549 2010 1637 2064 διὰ
1656 2011 1754 2074 τὰς

192 2095 360 2148 αὐτῶν
399 2095 630 2148 ἐκείνων
666 2097 1005 2166 παρανομίας
1038 2098 1140 2150 ὑπὸ
1175 2099 1639 2172 Ναϐουχοδονόσορ
1661 2103 1751 2155 τοῦ

192 2186 606 2254 βασιλεύσαντος
620 2186 725 2237 τῶν
740 2186 1105 2250 Βαϐυλωνίων,
1122 2189 1429 2243 ἐπανελθεῖν
1442 2191 1755 2262 παραδόξως

190 2278 483 2347 πεποίηκεν
498 2293 511 2306 ⁸
528 2277 927 2330 ἐπανελθόντων
949 2280 1045 2348 μὲν
1060 2281 1150 2333 καί
1170 2283 1232 2334 ἐκ
1247 2283 1352 2335 τῶν
1366 2282 1567 2337 λοιπῶν
1579 2286 1756 2354 φυλῶν

189 2368 341 2420 τινῶν
372 2368 758 2439 εὐαριθμήτων
805 2369 862 2433 ἐξ
893 2371 1146 2442 ἑκάστης,
1181 2374 1278 2443 τῆς
1317 2374 1485 2427 Ἰούδα
1505 2376 1560 2429 δὲ
1589 2377 1756 2447 μόνης

192 2457 589 2527 ἐπαναχθείσης
616 2458 743 2527 ὅλης
764 2474 778 2487 ⁸
812 2457 887 2521 ὼς
913 2458 978 2513 ἂν
1005 2460 1211 2527 γένοιτο
1237 2462 1394 2532 δῆλον
1418 2464 1500 2518 ὅτι
1529 2465 1759 2535 ἠδύνατο

197 2552 288 2617 μὲν
327 2549 612 2620 βουληθεὶς
639 2552 668 2602 6
706 2551 836 2614 Θεὸς
866 2552 957 2604 καὶ
999 2556 1121 2617 τοὺς
1148 2555 1367 2619 λοιποὺς
1394 2558 1635 2625 ἅπαντας
1655 2561 1756 2613 ἐπ-

195 2642 485 2710 αναγαγεῖν
516 2642 720 2711 ὁμοίως
756 2643 927 2715 ταύτῃ
954 2660 968 2674 ⁸
1024 2645 1097 2714 (p.
1136 2647 1188 2716 5)
1235 2648 1511 2719 ἀμελήσας
1559 2652 1615 2704 δὲ
1651 2654 1759 2706 τῶν

195 2731 414 2794 λοιπῶν,
452 2734 581 2804 περὶ
633 2733 834 2804 ταύτην
886 2735 1098 2790 ἃπασαν
1146 2738 1294 2791 ἔθετο
1338 2742 1435 2811 τὴν
1483 2745 1757 2814 φροντίδα,

197 2821 285 2887 ἀφ’
312 2817 495 2892 ἧσπερ
546 2823 779 2893 ἤμελλεν
812 2826 840 2875 ὀ
868 2825 1143 2896 Δεσπότης
1171 2829 1581 2886 ἁναδείκνυσθαι
1624 2837 1760 2907 Χρι-

198 2915 335 2976 στος,
354 2915 452 2966 ἐπὶ
474 2918 626 2984 κοινῇ
647 2918 713 2983 τῇ
740 2917 954 2971 πάντων
978 2918 1308 2989 φανούμενος
1324 2925 1592 2996 σωτηρίᾳ·
1624 2929 1764 2982 κατὰ

198 3008 249 3059 δέ
276 3008 467 3061 τοῦτον
495 3011 588 3061 τὸν
631 3010 788 3077 λόγον
832 3011 925 3063 καὶ
962 3013 1019 3064 αί
1051 3012 1159 3066 τῶν
1183 3015 1476 3087 προφητῶν
1507 3018 1763 3088 μηνύσεις

202 3096 491 3167 ἐτύγχανον
511 3100 828 3167 ἀναγκαῖαι,
854 3101 1109 3173 δηλοῦσαι
1131 3105 1213 3157 ὅτι
1240 3105 1405 3159 πάλαι
1431 3124 1488 3159 τε
1513 3108 1765 3179 δεδογμέ-

1854 2027 2107 2068 reversus
2137 2018 2255 2075 est;
2296 2005 2513 2061 interim
2549 2002 2677 2057 dum
2730 2016 2836 2055 una
2885 1997 3037 2053 Iudae
3073 1996 3249 2050 tribus
3290 2008 3413 2047 cum

1855 2120 1955 2161 suo
1974 2101 2175 2175 popqu
2206 2098 2353 2153 omni
2387 2099 2442 2150 in
2459 2095 2692 2165 patriam
2722 2108 2780 2147 se
2794 2091 2998 2159 recepit
3027 2107 3039 2143 :
3068 2102 3176 2158 quo
3209 2083 3418 2155 perspi-

1858 2209 2016 2249 cuum
2035 2194 2203 2257 fieret,
2230 2188 2425 2243 volenti
2443 2185 2553 2239 Deo
2569 2183 2827 2254 possibile
2840 2182 3011 2236 fuisse
3037 2179 3277 2247 reliquas
3296 2175 3425 2230 uni-

1856 2302 2043 2342 versas
2056 2284 2197 2338 haud
2216 2295 2375 2338 secus
2387 2292 2545 2348 quam
2560 2278 2718 2331 istam
2734 2287 3022 2328 revocare:
3044 2277 3432 2326 verumtamen

1856 2379 2113 2450 neglectis
2138 2373 2371 2437 caeteris,
2392 2370 2458 2425 ad
2475 2369 2615 2423 hanc
2645 2381 2809 2420 unam
2828 2379 2989 2419 curas
3003 2377 3131 2417 suas
3159 2358 3423 2415 contulis-

1859 2489 1937 2533 se.
1962 2488 2027 2527 ex
2058 2483 2164 2539 qua
2199 2466 2463 2521 Dominus
2492 2458 2806 2531 proditurus
2837 2463 2953 2511 erat
2990 2454 3263 2515 Christus,
3298 2465 3434 2506 cumw

1858 2566 2091 2634 denique
2119 2576 2214 2632 pro
2246 2558 2523 2614 communi
2550 2556 2727 2611 salute
2755 2547 3205 2618 conspiciendum
3238 2560 3296 2600 se
3324 2544 3423 2599 da-

1858 2667 1961 2713 ret.
2011 2655 2105 2710 His
2151 2655 2226 2708 ita
2260 2668 2319 2707 se
2358 2649 2717 2709 habentibus,
2773 2641 3162 2712 prophetarum
3207 2652 3441 2708 quoque-

1858 2748 2110 2803 vaticinia
2147 2742 2457 2799 necessaria
2488 2751 2666 2803 erant,
2702 2748 2937 2807 quorum
2972 2747 3075 2802 ope
3110 2737 3301 2785 notum
3333 2727 3437 2783 [iet

1861 2849 1965 2903 ret,
1997 2853 2187 2909 pinnas
2222 2836 2348 2890 olim
2384 2849 2413 2886 a
2451 2831 2558 2887 Deo
2585 2831 2834 2885 decretas
2864 2837 3027 2896 atque
3057 2838 3087 2877 a
3121 2824 3277 2878 beato
3319 2819 3426 2873 Da-

1861 2935 1982 2989 vide
2013 2931 2319 3003 praedictas,
2356 2940 2500 2981 nunc
2549 2923 2763 2977 demum
2798 2919 3063 2975 indictum
3097 2916 3186 2979 iri,
3226 2928 3431 2968 arcana

1865 3027 1955 3081 Dei
1997 3021 2332 3095 providentia
2368 3025 2597 3072 cunctas
2648 3012 2835 3084 populi
2889 3011 3037 3066 vices
3091 3007 3429 3062 moderante.

1864 3120 2039 3189 Atque
2064 3116 2135 3170 ob
2161 3114 2301 3167 hanc
2330 3109 2583 3164 videlicet
2611 3119 2832 3161 causam
2854 3102 3048 3158 beatus
3067 3112 3282 3169 quoque
3306 3110 3433 3167 pro—

201 3206 261 3288 να
396 3189 538 3289 Θεῷ,
576 3192 671 3244 καὶ
703 3192 790 3245 διὰ
822 3193 914 3246 τοῦ
960 3196 1228 3266 μακαρίου
1273 3197 1432 3251 Δαυῖδ
1481 3201 1759 3270 είρημένα,

1866 3187 2024 3280 pheta
2043 3207 2211 3263 Oseas
2240 3200 2528 3257 manifeste
2555 3196 2825 3269 significat
2854 3208 2975 3265 quae
2994 3190 3105 3247 Deo
3138 3187 3433 3243 mandante

200 3279 287 3332 νῦν
310 3280 584 3352 λαμϐάνει
618 3284 810 3353 πέρας,
841 3285 1166 3355 ἀποῤῥήτως
1189 3286 1401 3340 ἅπαντα
1425 3290 1764 3361 οἰκονομοῦν-

200 3386 285 3431 to;
309 3372 379 3423 τὰ
419 3374 549 3442 περὶ
572 3373 769 3437 αὐτοὺς
791 3373 884 3425 τοῦ
915 3374 1046 3427 Θεοῦ
1067 3392 1080 3404 ⁸
1118 3376 1255 3446 ὅπερ
1285 3371 1377 3428 οὖν
1406 3379 1498 3430 καὶ
1526 3382 1554 3432 6
1589 3386 1764 3452 μακά-

1867 3279 2127 3356 eventura
2172 3296 2371 3367 populo
2409 3297 2565 3348 erant
2612 3295 2835 3360 propter
2884 3284 3004 3355 ejus
3074 3279 3430 3351 impietatem.

1871 3391 1962 3446 Sic
1995 3400 2173 3445 autem
2210 3387 2403 3456 incipit
2441 3400 2454 3436 :

202 3479 307 3535 ριος
342 3462 502 3534 Ὠσηὲ
526 3464 695 3516 ποιῶν
721 3468 747 3517 ὁ
780 3467 1081 3536 προφήτης,
1100 3466 1169 3519 τὰ
1194 3466 1320 3537 περὶ
1344 3467 1434 3522 τὸν
1465 3469 1589 3526 λαὸν
1625 3476 1762 3550 ὑπὲρ
1790 3473 1863 3535 ὧν
1913 3482 2140 3552 ἠσέϐουν
2190 3478 2329 3532 κατὰ
2394 3475 2542 3529 θείαν
2581 3473 2815 3549 ἐσόμενα
2864 3467 3059 3543 βουλὴν
3106 3462 3299 3537 μηνύει
3337 3473 3444 3516 σα·

210 3558 320 3619 θὼς
340 3572 355 3586 ⁸
381 3557 613 3627 ἄρχεται
643 3555 700 3608 δὲ
728 3555 900 3618 οὕτως
924 3570 937 3583 ⁸

861 3649 1014 3703 ΚΕΦ.
1050 3649 1126 3702 A'.

268 3741 417 3811 Στίχ.
436 3747 506 3794 α’.
531 3771 601 3781 ——
623 3759 642 3791 ι
680 3739 849 3808 Λόγος
879 3739 1082 3810 Κυρίου
1113 3739 1171 3802 ὃς
1195 3741 1422 3813 ἐγενήθη
1458 3743 1591 3815 πρὸς
1621 3746 1777 3819 Ὠσηὲ

205 3837 289 3886 τὸν
332 3835 430 3887 τοῦ
488 3833 691 3904 Βεηρὶ,
747 3835 807 3885 ἐν
860 3832 1091 3905 ἡμέραις
1154 3832 1330 3896 Ὀξίου
1382 3836 1475 3887 καὶ
1543 3836 1779 3909 Ἰωάθαμ

207 3928 292 3979 καὶ
332 3923 513 3995 Ἀχαζ
573 3926 669 3977 καὶ
732 3923 972 3988 Ἐζεκίου
1028 3923 1289 3994 βασιλέων
1351 3925 1540 3987 Ἰούδα.
1584 3929 1675 3980 καὶ
1720 3930 1777 3982 ἐν

209 4020 438 4089 ἡμέραις
496 4016 776 4087 Ἱεροϐοὰμ
808 4016 923 4069 υἱοῦ
974 4017 1128 4079 Ἰωὰς
1169 4016 1430 4083 βασιλέως
1481 4019 1717 4091 Ἰσραήλ.
1748 4041 1765 4074 ι

212 4108 306 4174 Ὠς
325 4111 611 4179 ἐπιγραφή
636 4110 719 4171 τίς
737 4111 882 4161 ἐστιν
910 4107 1044 4180 αὕτη
1072 4109 1163 4163 τοῦ
1198 4110 1400 4180 βιϐλίου
1432 4113 1770 4184 περιεκτικὴ,

210 4202 436 4272 δηλοῦσα
462 4202 554 4255 τόν
576 4217 634 4254 τε
658 4202 937 4272 προφήτην
960 4196 1127 4272 οὗπερ
1147 4203 1259 4254 ἐστὶ
1279 4202 1344 4255 τὰ
1383 4203 1665 4274 εἰρημένα,
1683 4205 1776 4257 καὶ

210 4298 293 4347 τὸν
321 4296 516 4366 καιρὸν
539 4295 659 4348 καθ’
676 4295 733 4347 ὃν
754 4294 960 4364 εἰρήκει
984 4294 1153 4347 ταῦτα
1178 4312 1191 4323 ⁸
1213 4295 1366 4363 λόγον
1388 4296 1440 4349 δὲ
1458 4298 1657 4369 Κυρίου
1678 4299 1776 4369 τὴν

218 4389 492 4458 ἐνέργειαν
520 4385 828 4454 ἁπανταχοῦ
852 4385 997 4452 λέγει
1018 4384 1114 4455 τὴν
1146 4388 1227 4454 ἐφ’
1248 4386 1353 4456 ὅτῳ
1383 4389 1576 4457 δήποτε
1598 4406 1778 4457 γιγνοα

216 4480 374 4550 μένην
398 4496 414 4511 ⁸
456 4479 534 4543 ὡς
555 4478 636 4541 τὸ,
673 4499 690 4530 ι
726 4478 815 4549 Τῷ
839 4478 981 4549 λόγῳ
1008 4479 1210 4549 Κυρίου
1241 4482 1289 4532 οἱ
1315 4480 1531 4548 οὐρανοὶ
1561 4483 1778 4547 ἐστερε-

213 4573 452 4645 ὡθησαν,
496 4593 515 4624 ι
557 4575 644 4627 ἵνα
680 4574 805 4643 εἴπῃ
839 4574 919 4625 ὅτι
957 4577 1022 4644 τῇ
1060 4575 1306 4644 ἐνεργείᾳ
1354 4576 1683 4644 συνέστησαν
1712 4577 1775 4644 τῇ

2568 3643 2692 3701 lAP.
2729 3641 2770 3695 Ι.

2568 3679 2575 3697 .
2628 3646 2692 3701 Ρ,
2729 3646 2770 3695 Ι.

1944 3748 2107 3801 Vens.
2158 3745 2203 3796 l.
2246 3646 2835 3793 ——iVerbui€1ADomini
2870 3726 3014 3798 quod
3041 3726 3241 3779 factum
3264 3719 3437 3775 estad

1872 3842 2064 3897 Oseam
2096 3836 2261 3888 tilium
2296 3830 2469 3891 Bceri,
2501 3828 2554 3879 in
2590 3823 2780 3877 diebus
2810 3819 2953 3872 Ozias
2987 3823 3039 3869 et
3082 3809 3355 3897 Joathami
3387 3815 3441 3862 et

1871 3896 2069 3986 Achazi
2104 3935 2158 3982 et
2196 3922 2399 3978 Ezeciaa
2438 3932 2622 3987 regum
2659 3911 2832 3975 Judac,
2869 3916 2923 3963 et
2964 3908 3018 3959 in
3051 3904 3242 3958 diebus
3288 3896 3444 3953 Jero-

1879 4022 2057 4080 boami
2089 4018 2250 4072 Joaso
2288 4012 2398 4067 nati
2420 4010 2470 4080 3
2502 4007 2645 4076 regis
2677 4000 2913 4059 lsraelis.
2941 4018 2957 4047 |
2985 3996 3084 4050 Hic
3105 3993 3297 4047 titulus
3323 3989 3445 4059 qui—

1878 4078 2000 4169 dam
2024 4117 2127 4171 est,
2147 4105 2268 4161 libri
2297 4078 2670 4171 argumentum
2700 4093 2931 4151 habens,
2967 4086 3239 4152 simulque
3263 4078 3445 4135 decla-

1882 4220 2007 4260 rans
2023 4210 2078 4256 et
2093 4215 2121 4252 a
2138 4212 2245 4268 quo
2265 4170 2521 4264 propheta
2551 4198 2601 4241 et
2628 4200 2735 4254 quo
2756 4192 2859 4237 tem
2869 4193 2999 4250 pore
3028 4175 3279 4229 dicantur
3306 4170 3440 4224 haec.

1830 4326 1833 4329 -
1882 4294 2117 4349 Verbum
2155 4260 2610 4341 -aut—emiDomini
2661 4290 2758 4344 pro
2788 4274 2838 4326 vi
2877 4270 3061 4325 divina
3115 4266 3317 4333 ubique
3363 4260 3445 4314 di-

1882 4348 1953 4439 cit
1981 4380 2282 4447 Scriptura,
2307 4381 2646 4442 quacumque
2679 4365 2731 4416 in
2762 4377 2821 4415 re
2848 4376 2905 4415 se
2934 4361 3170 4413 exserat.
3196 4349 3353 4404 Velut
3384 4348 3449 4401 il-

1881 4475 2030 4529 ludzi
2052 4443 2230 4524 verbo
2250 4463 2457 4518 Domini
2484 4458 2605 4513 ςαξιί
2633 4455 2828 4509 firmati
2850 4459 2975 4506 sunt
2995 4449 3069 4513 ⁸,»
3093 4444 3248 4516 quasi
3276 4443 3445 4505 dicat,

1882 4568 1934 4620 vi
1951 4564 2131 4619 divina
2146 4574 2243 4613 eos
2263 4556 2427 4609 fuisse
2446 4554 2779 4618 compactos.
2799 4545 2964 4598 Porro
2983 4540 3086 4592 vim
3103 4538 3338 4592 divinam
3357 4533 3449 4587 hic

416 4665 571 4719 Θείαν
617 4665 673 4717 δὲ
704 4625 1303 4737 ἐνέργειανοικάνταῦθα
1347 4625 1502 4733 λέγει⁷

1885 4670 2097 4728 quoque
2113 4652 2261 4713 dicit,
2278 4664 2306 4699 a
2325 4661 2430 4716 qua
2473 4642 2781 4695 futurorum
2801 4634 3058 4691 revelatio
3076 4630 3353 4701 propheta:
3369 4625 3448 4690 ﬁt,

216 4759 549 4827 ἀποκάλυψις
569 4757 677 4809 τῶν
706 4758 976 4827 ἐσομένων
1009 4758 1216 4825 ἐγίνετο
1253 4760 1327 4825 τῷ
1359 4759 1608 4829 προφήτῃ
1629 4775 1643 4788 ⁸
1685 4760 1777 4827 ἀφ’

216 4847 388 4923 ἧσπερ
416 4849 567 4919 αὐτῷ
598 4850 689 4902 καὶ
709 4849 769 4901 τὸ
799 4848 977 4917 λέγειν
1002 4867 1061 4901 τε
1087 4851 1179 4902 καὶ
1210 4849 1433 4919 μηνύειν
1462 4848 1527 4901 τὰ
1551 4850 1781 4921 ἐσόμενα

216 4945 438 5015 δύναμις
477 4944 755 5012 ὑπῆρχεν
787 4943 869 5003 είς
903 4941 1129 5012 δήλωσιν
1161 4941 1216 4994 δὲ
1246 4942 1657 5013 ἀκριϐεστέραν,
1690 4942 1781 4994 καὶ

230 5035 386 5088 τὸτοῦ
430 5034 637 5105 [ἰατρὸς
669 5033 1020 5105 προστίθησιν
1039 5033 1209 5103 ὄνομα
1228 5051 1240 5063 ⁸
1272 5034 1579 5102 ἀναγκαίως
1615 5033 1671 5086 δὲ
1702 5033 1784 5085 λέ-

225 5145 307 5193 γει
342 5128 436 5179 καὶ
479 5127 570 5179 τὸν
616 5125 829 5196 καιρὸν,
861 5127 918 5177 ἐν
962 5117 1114 5195 ᾧπερ
1142 5125 1284 5177 κατὰ
1321 5125 1418 5195 τὴν
1444 5124 1784 5194 ἀποκάλυψιν

219 5221 312 5290 τὴν
342 5219 705 5289 ἐγγενομένην
734 5217 884 5287 αὑτῷ
919 5216 1121 5270 θειόθεν
1164 5219 1363 5288 ἐμήνυε
1410 5217 1478 5271 τὰ
1520 5217 1749 5285 ἐσόμενα
1770 5235 1781 5248 ·

223 5320 295 5378 (ρ.
330 5312 380 5379 ι)
418 5312 564 5379 λέγει
606 5311 661 5363 δὲ
698 5311 778 5363 ὅτι
810 5308 930 5363 καθ’
965 5310 1022 5362 ὃν
1053 5310 1242 5380 καιρὸν
1288 5308 1468 5373 Ὀζίας
1513 5327 1569 5360 τε
1610 5307 1788 5361 ἐϐασί-

222 5404 336 5456 λευε
368 5404 463 5457 καὶ
508 5402 745 5472 Ἰωὰθαμ
783 5402 877 5454 καὶ
919 5400 1095 5471 Ἀχαζ
1123 5402 1215 5454 καὶ
1256 5401 1502 5465 Ἐζεκίας
1526 5417 1540 5432 ⁸
1595 5400 1687 5469 ἀφ’
1714 5393 1787 5452 ὧν

228 5497 543 5565 σιωπήσειεν
566 5494 630 5547 ἄν
664 5511 746 5555 τις
778 5493 999 5557 εἰκότως
1020 5495 1101 5546 ὅτι
1124 5495 1219 5563 οὐχ
1252 5493 1354 5547 ὑπὸ
1386 5493 1513 5564 μίαν
1534 5492 1655 5546 τινὰ
1691 5493 1789 5563 ἀρ·-

230 5586 410 5657 μονίαν
439 5584 821 5656 συγγέγραφεν
850 5583 911 5635 τὸ
951 5584 1152 5654 βιϐλίον
1183 5586 1211 5636 ὁ
1249 5586 1552 5655 προφήτης,
1584 5582 1700 5637 ἀλλ’
1730 5582 1787 5634 ἐν

226 5675 495 5745 διαφόροις
524 5676 735 5743 καιροῖς
775 5672 875 5735 τὰς
924 5674 1050 5744 περὶ
1076 5672 1183 5726 τῶν
1217 5674 1488 5744 ἐσομένων
1516 5670 1788 5726 ἀποκαλύ-

227 5766 339 5838 ψεις
368 5766 674 5837 δεχόμενος.
706 5768 941 5819 ἐποιεῖτο
972 5767 1075 5821 τῶν
1104 5767 1372 5837 ἐσομένων
1394 5765 1491 5838 τὴν
1521 5768 1749 5838 μήνυσιν
1769 5781 1781 5793 ⁸

294 5924 313 5954 ⁸
341 5922 483 5978 Paul.
524 5938 689 5988 χχιιι,
716 5922 770 5976 6.

1875 4716 2198 4814 dicendique
2228 4736 2400 4794 virtus
2433 4733 2721 4790 exhibetur
2755 4738 2918 4797 atque
2946 4734 3071 4779 ante
3108 4716 3451 4792 signiﬁcandi

1876 4860 1993 4914 qua:
2019 4811 2240 4893 ven-tura
2271 4836 2442 4886 erant.
2478 4825 2596 4879 Jam
2638 4823 2706 4876 ob
2740 4820 2820 4874 sui
2855 4817 3147 4882 pleniorem
3182 4811 3451 4869 notitiam,

1877 4899 2055 4986 Il’atris
2076 4937 2290 4995 quoque
2313 4933 2509 4973 nomen
2538 4913 2760 4969 ascribit
2786 4929 2799 4963 :
2824 4919 2936 4962 tum
2966 4908 3127 4961 etiam
3147 4899 3457 4958 necessario

1880 4990 2358 5091 tempus-adnotat,
2389 5024 2497 5079 quo
2523 5002 2820 5061 secundum
2841 4998 3165 5070 impertitam
3187 4993 3288 5047 sibi
3319 4990 3457 5043 divi-

1880 5081 2027 5168 nitu-s
2050 5104 2431 5163 revelationem
2475 5113 2563 5153 res
2585 5105 2831 5166 posteras
2851 5088 3200 5162 pratcinebat.
3219 5081 3458 5138 Pracfinit

1882 5203 2045 5273 igitur
2067 5207 2280 5264 tempus
2300 5207 2406 5261 quo
2430 5193 2792 5258 regnaverunt
2810 5179 2968 5235 Ozias
2989 5187 3043 5232 et
3064 5174 3383 5229 Joatbamus
3405 5184 3459 5227 et

1882 5295 2137 5349 Achazus
2164 5297 2214 5342 et
2245 5284 2488 5339 Ezecias.
2525 5279 2677 5334 Unde
2707 5275 2887 5346 quivis
2921 5288 3248 5344 cognoscere
3277 5275 3461 5339 queat,

1885 5388 2028 5443 haud
2066 5398 2170 5439 una
2200 5377 2562 5435 continuatim
2596 5374 2737 5430 serie
2764 5371 3024 5439 scriptum
3056 5366 3225 5421 fuisse
3253 5364 3399 5418 hunc
3433 5377 3461 5416 a

1894 5480 2153 5554 prepheta
2172 5476 2390 5537 librum,
2414 5470 2508 5528 sed
2532 5476 2691 5539 prout
2717 5464 2880 5519 variis
2899 5462 3235 5532 temporibus
3253 5456 3463 5510 futuro-

1896 5590 2014 5629 rum
2038 5570 2287 5625 notioncs
2308 5562 2628 5632 excipiebat,
2653 5560 2730 5612 sic
2746 5558 3001 5613 vaticinia
3024 5553 3295 5615 edidisse;
3321 5547 3462 5600 facta

1895 5665 2039 5722 haud
2055 5661 2220 5717 semel
2237 5654 2549 5714 earumdem
2582 5666 2763 5706 rerum
2783 5649 3059 5704 mentione
3075 5658 3173 5714 pro
3184 5639 3383 5694 divinis
3403 5637 3469 5689 ad

1897 5778 1955 5818 se
1983 5754 2240 5819 oraculis,
2268 5763 2388 5822 quae
2422 5746 2475 5801 in
2505 5743 2702 5816 populo
2734 5742 3009 5814 vulgabat,
3033 5744 3091 5793 ut
3123 5735 3267 5789 hunc
3300 5728 3474 5786 futuri
