3898 6228
498 367 516 419 l
526 366 593 422 27
1667 364 2010 422 THEODORI

2116 365 2514 424 )PSUESTENI
3596 376 3701 431 128

490 484 828 542 admoneret.
851 482 1108 543 Similiter
1124 487 1341 544 beatum
1356 504 1571 561 quoque
1586 488 1839 547 Davidem
1862 493 2014 548 eode:

2116 540 2124 557 ,
2148 493 2687 567 ὑπομιμνησκόμενός
2734 510 2792 547 τε
2820 493 2947 566 περὶ
2975 492 3080 546 τῶν
3108 490 3285 546 αύτῶν
3333 488 3587 554 πολλάκις
3609 491 3705 546 διὰ

491 588 808 647 argumento
850 579 1157 648 complures
1193 581 1457 638 cecinisse
1496 583 1734 653 psalmos
1769 583 2014 640 videmus

2139 586 2236 656 τῆς
2262 584 2650 654 ἀποκαλύψεως
2675 585 2773 655 τῆς
2802 584 2971 646 θείας,
3002 583 3095 636 καὶ
3120 581 3183 653 δή
3215 581 3308 633 καὶ
3333 580 3504 647 λέγων
3529 579 3703 640 αὑτὰς

486 682 719 736 quorum
754 668 998 739 singulos
1044 686 1142 740 pro
1188 673 1393 728 caelesti
1438 677 1633 729 mentis
1678 676 2014 732 illustration

2139 675 2273 746 πρὸς
2303 676 2393 729 τὸν
2417 674 2562 738 λαὸν,
2602 675 2681 737 εἰς
2712 672 2940 743 δήλωσιν
2975 673 3083 726 τῶν
3113 672 3411 742 ἐσομένων·
3438 669 3603 739 ὅνπερ
3628 668 3699 737 δὴ

485 769 651 825 atque
697 760 927 829 spiritali
955 748 1322 819 admonitione
1370 765 1705 835 compositos
1768 768 1835 822 ad
1892 771 2014 841 vulg

2136 768 2335 837 τρόπον
2369 767 2463 821 καὶ¹
2494 768 2523 818 ὁ
2554 766 2817 837 μακάριος
2840 764 3095 828 Δαυίδείς
3122 764 3219 834 τὴν
3245 761 3411 830 αὐτὴν
3440 758 3699 813 ὑπόθεσιν

484 862 645 901 usum
694 852 1125 919 pronuntiabat:
1175 861 1230 908 et
1277 853 1396 924 ipse
1437 855 1687 911 videlicet
1723 858 2014 913 earumden

2136 860 2378 927 φαίνεται
2423 858 2704 920 πλείστους
2747 857 2990 926 ψαλμοὺς
3037 854 3297 927 εἰρηκὼς,
3346 846 3421 905 ὧν
3466 851 3696 904 ἕκαστον

482 954 663 994 rerum
698 944 1058 1000 revelationes
1088 962 1229 1015 saepe
1252 936 1538 1017 recipiens,
1557 956 1611 1002 et
1636 961 2014 1019 consequentei

2137 949 2274 1004 κατά
2302 950 2399 1021 τὴν
2424 948 2813 1017 ἐγγιγνομένην
2835 947 3167 1015 ἀποκάλυψίν
3187 963 3245 997 τε
3276 942 3424 1012 αύτῷ
3448 942 3542 995 καὶ
3571 940 3697 994 ὑπό-

478 1032 761 1101 evulgans,
780 1034 1205 1105 quotiescunque
1223 1036 1307 1092 bis
1326 1037 1563 1092 oraculis
1582 1037 1779 1107 dignus
1813 1039 2038 1094 habeba-

478 1128 587 1174 tur.
614 1118 732 1176 Jam
768 1125 860 1178 ubi
891 1126 1027 1179 dixit
1046 1125 1214 1180 Oseas
1240 1119 1458 1197 quinam
1482 1136 1663 1184 essent
1680 1127 1833 1186 Juda:
1860 1146 2030 1202 reges,

476 1226 587 1280 quo
615 1219 857 1283 tempore
879 1215 945 1269 ad
962 1217 1395 1286 prophetandum
1420 1219 1605 1274 divina
1631 1222 1806 1291 gratia
1835 1224 2034 1278 excita-

475 1312 563 1356 tus
603 1302 736 1367 fuit,
767 1306 844 1357 ait
874 1306 1034 1360 etiam
1064 1308 1216 1361 illum
1249 1310 1342 1379 qui
1373 1310 1582 1374 lsraeli,
1637 1313 1688 1367 id
1722 1322 1806 1368 est
1846 1314 2032 1369 decem

474 1393 743 1458 tribubus,
764 1402 891 1449 tunc
912 1396 1210 1466 imperabat
1227 1396 1634 1466 Jeroboamum,
1664 1401 1811 1460 Joasi
1839 1403 2029 1471 (ilium,

469 1492 718 1553 nepotem
761 1484 1195 1549 Joachasi.Jehu
1223 1490 1577 1561 abnepotem:
1622 1510 1779 1563 quem
1820 1505 2031 1565 postre-

466 1588 612 1627 mum
633 1574 699 1627 ad
720 1576 954 1631 Acbaabi
969 1580 1192 1650 ejusque
1213 1582 1407 1638 domus
1428 1599 1642 1654 poenam
1665 1584 1807 1641 Deus
1823 1589 2029 1642 excita-

466 1673 618 1719 verat
640 1681 736 1735 pcr
764 1670 1077 1737 prophetam
1097 1672 1380 1728 Elisaeum:
1406 1675 1688 1746 eidemque
1706 1681 2029 1747 promiserat

466 1754 580 1811 fore
609 1763 667 1810 ut
694 1760 891 1828 posteri
917 1760 1034 1830 ejus
1060 1778 1231 1833 usque
1261 1765 1326 1819 ad
1352 1774 1598 1836 quartam
1630 1770 2024 1837 generationem

2138 1056 2330 1111 μνησιν
2357 1042 2423 1110 τῇ
2463 1038 2554 1092 τοῦ
2604 1040 2909 1109 πνεύματος
2948 1036 3194 1107 ἐνεργείᾳ
3218 1031 3478 1087 συνετίθει
3507 1048 3567 1083 τε
3595 1032 3695 1084 καὶ

2133 1131 2269 1202 πρὸς
2299 1131 2394 1202 τὴν
2420 1131 2617 1201 ἑτέρων
2645 1129 2897 1199 έξεφὼνει
2925 1128 3140 1200 χρείανο
3168 1125 3327 1190 αὑτός
3348 1142 3408 1178 τε
3430 1121 3557 1194 περὶ
3581 1122 3695 1176 τῶν

2131 1222 2308 1276 αὐτῶν
2342 1221 2704 1291 ἀποκαλύψεις
2749 1220 3033 1291 δεχόμενος
3070 1216 3329 1279 πολλάκις
3369 1213 3465 1268 καὶ
3516 1210 3692 1278 λέγων

2130 1313 2452 1375 ἀκολούθως,
2469 1313 2654 1376 ὁσάκις
2667 1312 2724 1364 δὲ
2739 1312 2844 1365 τῶν
2861 1310 3036 1364 αὐτῶν
3046 1306 3434 1375 ἀποκαλύψεων
3450 1303 3686 1373 ἠξιοῦτοο

2129 1404 2365 1476 είρηκὼς
2394 1405 2451 1457 δὲ
2502 1406 2625 1468 τοὺς
2675 1404 2774 1473 τῆς
2830 1402 3086 1464 Ἰουδαίας
3130 1398 3410 1471 βασιλέας,
3453 1395 3690 1465 ὁπηνίκα

2129 1497 2265 1567 πρὸς
2316 1497 2377 1549 τὸ
2430 1496 2788 1566 προφητεύειν
2842 1494 3113 1565 διήγειρεν
3153 1492 3186 1562 ή
3234 1490 3353 1544 θεία
3396 1489 3554 1559 χάρις
3595 1487 3691 1540 τὸν

2141 1588 2317 1658 Ὠσηὲ,
2355 1587 2502 1655 λέγει
2531 1587 2624 1639 καὶ
2654 1587 2744 1638 τὸν
2794 1588 2851 1638 ὲν
2878 1584 2955 1655 τῷ
3000 1582 3235 1653 Ἰσραὴλ,
3269 1580 3411 1635 τοῦτ’
3444 1580 3558 1646 ἐστι
3594 1577 3689 1629 τὸν

2127 1679 2184 1733 έν
2209 1680 2339 1733 δέκα
2371 1680 2561 1747 φυλαῖς
2594 1677 2940 1747 βασιλεύοντα
2966 1676 3087 1729 τότε
3126 1673 3425 1744 Ἱεροϐοάμ,
3455 1672 3547 1724 τὸν
3587 1668 3689 1722 τοῦ

2138 1770 2286 1834 Ἰωὰς
2314 1772 2447 1834 υίὸν,
2483 1769 2700 1837 ἔγγονον
2727 1770 2783 1822 δὲ
2814 1768 2907 1821 τοῦ
2937 1765 3180 1837 Ἰωάχαζ,
3213 1765 3271 1827 ὃς
3298 1764 3412 1826 υἱὸς
3443 1760 3685 1830 ἐγεγόνει

464 1860 631 1914 regno
679 1850 1007 1915 potirentur:
1046 1851 1102 1922 ἀ,
1147 1868 1376 1922 quorum
1429 1855 1643 1924 quidem
1673 1859 1863 1913 tertius
1911 1867 2014 1913 eral

2127 1864 2219 1917 τοῦ
2264 1863 2423 1934 Ἰηοῦ,
2449 1862 2507 1927 ὃς
2547 1864 2639 1915 ἐπὶ
2667 1861 2904 1931 τιμωρίᾳ
2929 1859 3023 1913 τοῦ
3055 1876 3114 1912 τε
3155 1855 3360 1928 Ἀχαὰϐ
3387 1853 3480 1907 καὶ¹
3501 1853 3689 1921 πάσης

461 1931 838 2000 Jeroboamus,
858 1935 1002 1993 Joasi
1019 1938 1182 2004 filius,
1204 1940 1451 1999 Joachasi
1476 1960 1661 2015 nepos;
1677 1954 1901 2016 quartus
1928 1962 2027 2002 au-

465 2038 569 2080 tem
581 2027 679 2080 fuit
699 2027 1010 2094 Zacharias,
1025 2028 1330 2086 Jeroboami
1352 2034 1614 2105 lilius,qui
1634 2046 1753 2105 post
1770 2053 1863 2091 sex
1878 2039 2028 2107 regni

463 2132 679 2174 menses
702 2121 855 2186 obiit,
887 2122 941 2176 in
973 2138 1080 2192 quo
1108 2124 1312 2178 exitum
1346 2125 1533 2179 habuit
1567 2128 1804 2181 divinum
1834 2129 2026 2183 vatici-

462 2209 644 2276 nium;
684 2214 945 2268 translata
972 2216 1228 2285 deinceps
1250 2218 1393 2287 regia
1415 2219 1676 2289 dignitate
1705 2236 1733 2272 a
1766 2219 1902 2274 Jehu
1933 2236 2025 2291 ge-

460 2313 591 2354 nere
620 2302 685 2354 ad
711 2301 1022 2370 Sellemum,
1074 2308 1168 2375 qui
1216 2307 1359 2361 haud
1403 2308 1639 2374 ejusdem
1691 2313 2029 2381 c0gnationis

460 2401 596 2448 erat.
609 2391 744 2449 Cum
769 2396 951 2465 itaque
965 2398 1347 2466 capessivisset
1365 2398 1618 2455 lsrahelis
1636 2401 2028 2471 regnumJero-

460 2484 707 2550 beamus,
742 2496 794 2542 et
827 2486 984 2546 Ozias
1018 2488 1405 2563 Hierosolymis
1442 2492 1749 2563 imperaret,
1780 2495 2026 2551 cladibus

457 2590 741 2649 coeperunt
791 2582 929 2637 allici
978 2582 1165 2639 decem
1219 2584 1411 2649 tribus,
1442 2586 1614 2640 donec
1660 2602 1754 2641 eas
1798 2602 2022 2656 prorsus

458 2672 679 2726 servitio
727 2672 970 2731 addictas
1013 2677 1243 2745 migrare
1283 2676 1457 2746 coegit
1509 2692 1604 2731 rex
1653 2677 2017 2747 Assyriorum.

457 2760 638 2827 Quare
674 2767 959 2820 commodo
1005 2775 1242 2837 tempore
1277 2769 1624 2822 vaticinatum
1661 2769 1802 2823 venit
1829 2769 2019 2836 Oseas,

458 2857 844 2924 praesagiorum
874 2856 1013 2912 beati
1042 2858 1259 2915 Davidis
1286 2860 1600 2915 memoriam
1628 2861 1912 2925 rcfricans,
1935 2869 2020 2914 at-

455 2961 562 3013 que
577 2961 638 2999 ea
655 2946 764 3014 jam
787 2948 1030 3017 proxima
1048 2951 1323 3015 nuntians,
1345 2965 1462 3020 quae
1484 2950 1652 3005 multo
1673 2959 1796 3007 ante
1808 2950 1874 3007 de
1890 2952 2021 3021 ipsis

458 3036 711 3105 praedicta
744 3037 979 3093 fuerant.
1005 3039 1186 3111 Pergit
1215 3048 1391 3096 autem
1423 3040 1636 3096 dicere:

2127 1948 2289 2001 αὑτοῦ
2321 1949 2418 2019 τῆς
2446 1950 2625 2012 οἰκίας
2674 1948 2765 2002 διὰ
2796 1947 2890 1999 τοῦ
2917 1947 3192 2018 προφήτου
3226 1942 3522 1997 Ἐλισσαίου
3555 1957 3690 2012 προ-

2128 2038 2433 2108 ϐαλόμενος,
2467 2041 2496 2091 ὁ
2526 2038 2658 2100 Θεὸς
2692 2038 2958 2107 ὑπέσχετο
2985 2037 3109 2107 ἀχρι
3145 2034 3408 2104 τετάρτης
3432 2031 3686 2101 διαδοχῆς

2124 2132 2216 2184 ἐπὶ
2240 2132 2333 2200 τῆς
2356 2128 2625 2201 βασιλείας
2652 2129 2866 2182 ἔσεσθαι
2891 2129 3015 2193 τοὺς
3038 2126 3097 2192 ἐξ
3115 2125 3274 2181 αύτοῦ
3296 2126 3643 2195 γιγνομένους
3662 2137 3678 2152 ·

2128 2214 2196 2275 ὧν
2225 2222 2405 2292 τρίτος
2441 2222 2539 2292 μὲν
2581 2217 2647 2292 ἦν
2685 2223 2714 2274 6
2756 2220 3053 2291 Ἱεροϐοάμ,
3086 2219 3162 2289 (p.
3192 2218 3246 2283 5)
3297 2217 3411 2279 υίὸς,
3453 2215 3550 2285 μὲν
3582 2211 3680 2267 τοῦ

2140 2313 2308 2377 Ἰωὰς,
2339 2313 2554 2381 ἔγγονος
2576 2312 2631 2365 δὲ
2658 2311 2753 2366 τοῦ
2789 2310 3016 2383 Ἰωάχαζ
3039 2328 3052 2342 ·
3093 2311 3353 2381 τέταρτος
3383 2307 3441 2360 δὲ
3483 2305 3679 2374 γέγονε

2124 2406 2390 2478 Ζαχαρίας
2418 2408 2446 2460 6
2475 2405 2567 2459 τοῦ
2599 2404 2876 2476 Ἰεροϐοὰμ
2895 2404 3031 2469 υίὸς,
3058 2402 3117 2466 ὃς
3145 2403 3238 2455 ἐπὶ
3266 2400 3325 2467 ἒξ
3356 2396 3678 2470 βασιλεύσας

2121 2500 2233 2560 τοῖς
2273 2498 2405 2567 μησί⁵
2443 2496 2823 2566 τετελεύτηκεν
2846 2513 2861 2528 ο
2902 2495 3076 2565 πέρας
3108 2494 3203 2565 μὲν
3236 2494 3323 2546 ἐπ’
3367 2489 3531 2546 αὐτοῦ
3571 2488 3681 2556 τῆς

2121 2589 2447 2658 ἐπαγγελίας
2479 2588 2748 2659 λαϐούσης
2788 2588 2888 2657 τῆς
2912 2586 3081 2650 θείας,
3117 2582 3455 2656 μεταστάσης
3478 2581 3534 2634 δὲ
3559 2579 3676 2631 λοι-

2121 2680 2219 2733 πὸν
2253 2680 2359 2734 ἀπὸ
2382 2680 2474 2733 τοῦ
2497 2680 2683 2749 γένους
2711 2678 2805 2733 τοῦ
2836 2676 2972 2747 Ἰηοῦ
3004 2678 3104 2749 τῆς
3148 2674 3421 2747 βασιλείας
3466 2673 3558 2725 ἐπὶ
3582 2670 3676 2724 τὸν

2116 2772 2350 2843 Σελλὴμ,
2382 2772 2442 2825 ού
2470 2772 2570 2842 τῆς
2599 2771 2768 2840 αὐτῆς
2804 2771 3113 2841 ὑπάρχοντα
3147 2766 3463 2837 συγγενείας
3482 2780 3496 2795 ·
3530 2780 3676 2833 παρ-

2116 2864 2359 2933 εληλύθει
2408 2864 2505 2934 μὲν
2550 2860 2641 2917 οὖν
2671 2864 2749 2926 εἰς
2795 2862 2890 2932 τὴν
2943 2861 3034 2914 τοῦ
3077 2859 3284 2930 Ἰσραὴλ
3332 2854 3603 2928 βασιλείαν
3643 2855 3677 2906 ὁ

2128 2948 2426 3019 Ἱεροϐοάμ,
2446 2949 2619 3015 Ὀζίου
2651 2948 3022 3019 βασιλεύοντος
3047 2948 3147 3018 τῆς
3187 2945 3535 3017 Ἰερουσαλήμ
3554 2959 3567 2971 ·
3613 2941 3677 3008 ἐξ

2117 3044 2326 3097 ἐκείνου
2360 3044 2454 3098 τοῦ
2485 3046 2674 3115 χρόνου
2704 3044 2797 3097 τοῦ
2830 3044 3015 3107 κακῶς
3053 3043 3310 3114 πράττειν
3350 3039 3536 3095 ἔλαϐον
3571 3037 3677 3107 τὴν

458 3127 629 3198 ἀρχὴν
654 3129 703 3181 οί
741 3128 846 3181 τῶν
883 3130 1016 3184 δέκα
1059 3130 1259 3199 φυλῶν,
1288 3130 1445 3201 ἄχρις
1490 3125 1550 3185 οὗ
1595 3130 1870 3194 παντελῶς
1917 3131 2085 3196 αὐτὰς
2118 3134 2488 3205 αἰχμαλώτους
2529 3134 2707 3189 λαϐὼν
2744 3133 3039 3204 μετῴκισεν
3066 3134 3094 3185 ὁ
3116 3133 3221 3185 τῶν
3246 3129 3543 3200 Ἀσσυρίων
3578 3126 3679 3197 βα·-

458 3221 637 3286 σιλεύς
663 3238 677 3252 ο
707 3221 834 3277 ὥστ’
864 3222 930 3276 ἂν
957 3222 1178 3286 εἰκότως
1220 3224 1360 3278 κατὰ
1396 3223 1581 3277 τοῦτον
1622 3224 1712 3277 τὸν
1746 3224 1933 3296 καιρὸν
1979 3226 2071 3278 ἐπὶ
2122 3225 2219 3297 τήν
2262 3227 2591 3298 προφητείαν
2638 3226 2727 3279 τὸν
2772 3224 2929 3296 Ὠσηὲ
2971 3220 3423 3295 παρεληλυθέναι,
3461 3217 3569 3271 τῶν
3613 3233 3677 3270 τε

458 3316 811 3387 προρρήσεων
853 3316 1331 3386 ὑπομιμνήσκοντα
1376 3315 1468 3369 τοῦ
1516 3316 1785 3387 μακαρίου
1825 3315 2005 3381 Δαυῖδ,
2041 3317 2133 3369 καὶ
2165 3319 2561 3391 μνημονεύοντα
2621 3318 2846 3387 ἐγγύθεν
2903 3317 3134 3387 ἐσόμενα
3170 3314 3240 3368 τά
3276 3314 3340 3385 δὴ
3392 3311 3680 3383 πόρρωθεν

459 3411 721 3476 εἰρημένα
751 3408 876 3480 περὶ
895 3409 1071 3463 αὐτῶν
1096 3426 1109 3439 ·
1151 3411 1243 3463 καὶ
1270 3411 1407 3480 μετά
1429 3411 1600 3465 ταῦτα
1632 3412 1821 3482 φησιν’

528 3562 692 3618 Vens.
732 3564 786 3617 2.
821 3593 891 3603 —
932 3583 951 3617 ι
989 3562 1201 3618 initium
1229 3565 1375 3620 verbi
1404 3565 1617 3620 Domini
1641 3568 1706 3621 ad
1724 3566 1942 3623 Oscam.
1979 3589 1997 3621 ι

455 3653 630 3715 Patet,
667 3652 793 3707 hinc
834 3650 926 3707 Dei
980 3654 1213 3723 coepisse
1262 3653 1375 3707 ﬁeri
1428 3656 1492 3709 ad
1528 3656 1678 3711 illum
1724 3658 2010 3712 revelatio-

456 3761 590 3801 nes:
623 3745 714 3815 qui
746 3744 963 3798 mandat
983 3744 1031 3799 ei
1066 3753 1125 3799 ut
1154 3747 1437 3817 conjugem
1463 3748 1802 3803 meretricem
1826 3747 2008 3812 ducat,

456 3852 525 3891 ex
585 3852 756 3906 eaque
828 3838 1029 3893 liberos
1098 3849 1379 3908 procreet:
1439 3839 1598 3910 cujus
1655 3842 1734 3895 rei
1789 3857 2009 3897 causam

456 3943 672 3997 quoque
688 3928 856 3992 addit,
895 3948 913 3980 ι
951 3927 1108 3995 Quia,
1142 3930 1336 3999 inquit,
1358 3931 1631 3987 fornicans
1654 3934 2011 3991 fornicabitur

459 4028 601 4072 terra
642 4033 670 4071 a
695 4017 941 4072 Domino.
967 4036 986 4069 ι
1034 4018 1176 4074 Sane
1213 4019 1355 4075 Deus
1394 4022 1638 4090 quaedam
1674 4038 1704 4077 a
1735 4025 2009 4093 prophetis

458 4109 702 4164 facienda
733 4118 905 4171 curat,
935 4124 1056 4178 qua:
1084 4110 1267 4164 multis
1288 4119 1482 4179 praeter
1501 4113 1756 4168 decorum
1782 4130 1901 4170 esse
1928 4117 2008 4170 vi-

456 4200 695 4255 dentur:
738 4201 898 4255 veluti
933 4215 1055 4254 cum
1093 4201 1283 4255 Isaiam
1323 4217 1507 4257 coram
1542 4205 1792 4260 omnibus
1842 4207 2009 4275 jussit

457 4292 662 4346 nudum
703 4300 758 4347 et
804 4292 1174 4347 excalceatum
1224 4294 1492 4350 incedere.
1547 4294 1651 4349 Sed
1690 4296 1792 4350 hoc
1824 4309 1875 4352 et
1904 4297 2008 4350 alia

453 4384 719 4453 ejusmodi
754 4385 989 4440 evidenti
1046 4385 1277 4441 consilio
1311 4394 1531 4457 peracta
1571 4386 1811 4442 fuerunt.
1873 4388 2007 4442 Nam

454 4477 579 4546 quia
604 4478 847 4547 plerique
882 4476 1068 4532 audire
1098 4493 1379 4534 sermones
1412 4480 1710 4535 oscitanter
1737 4481 2004 4548 solemus;

452 4575 725 4637 gestorum
787 4580 916 4620 vero
948 4573 1111 4636 atque
1138 4567 1377 4622 visorum
1420 4569 1655 4623 novitate
1710 4580 2004 4635 terremur,

452 4658 749 4729 praesertim
797 4657 842 4712 si
886 4658 999 4712 haec
1048 4658 1251 4714 absona
1298 4673 1329 4710 a
1370 4658 1620 4714 facientis
1667 4675 1819 4717 more
1863 4662 2003 4729 sint;

451 4751 648 4805 merito
695 4748 836 4803 Deus
887 4757 1107 4819 propter
1166 4749 1514 4804 Hebraaorum
1575 4751 2005 4806 incredulitatem

2178 3566 2323 3635 Στίχ.
2359 3565 2421 3635 β’.
2442 3587 2536 3616 -ι
2576 3562 2739 3635 Ἀρχὴ
2762 3562 2917 3631 λόγου
2946 3563 3150 3632 Κυρίου
3175 3559 3307 3631 πρὸς
3324 3557 3498 3627 Ὠσηέ.
3526 3575 3542 3607 ι
3561 3557 3673 3626 Δῆσ-

2110 3660 2198 3712 λον
2225 3659 2305 3711 ὅτι
2333 3655 2577 3710 ἐντεῦθεν
2607 3656 2703 3725 τῆς
2725 3656 2861 3725 πρὸς
2874 3653 3035 3707 αὐτὸν
3057 3649 3445 3718 ἀποκαλύψεως
3469 3646 3676 3718 ἤρξατο

2108 3751 2136 3804 6
2156 3749 2285 3812 Θεός
2303 3763 2317 3778 °
2358 3748 2564 3802 κελεύει
2595 3764 2655 3799 τε
2684 3745 2831 3816 αύτῷ
2854 3746 3083 3814 γυναῖκα
3108 3741 3308 3812 πόρνην
3344 3736 3673 3807 ἀγαγέσθαι,

2110 3839 2202 3893 καὶ
2229 3840 2292 3911 δὴ
2330 3839 2423 3892 καὶ
2463 3836 2830 3890 τεκνώσασθαι
2880 3835 2937 3900 ἐξ
2980 3833 3145 3903 αὐτῆς
3172 3846 3185 3862 ο
3217 3830 3312 3885 καὶ
3349 3829 3449 3900 τὴν
3488 3828 3675 3882 αἰτίαν

2108 3930 2463 4005 προστίθησι’
2514 3948 2532 3981 ι
2568 3928 2710 3981 Διὸτι
2767 3924 3163 3997 ἐκπορνεύουσα
3220 3920 3578 3991 ὲκπορνεύσει
3633 3922 3669 3990 ή

2108 4020 2180 4089 γῆ
2227 4019 2334 4073 ἀπὸ
2377 4014 2594 4072 ὄπισθεν
2637 4015 2730 4069 τοῦ
2764 4014 2988 4086 Κυρίου.
3027 4033 3044 4065 ι
3104 4014 3177 4066 Τὸ
3225 4012 3321 4083 μὲν
3358 4006 3447 4063 οὖν
3485 4025 3668 4079 παρα-

2109 4109 2391 4174 σκευάζειν
2410 4106 2531 4162 τινὰ
2550 4107 2655 4160 τῶν
2676 4107 2773 4176 οὐχ
2794 4105 3062 4176 ἀρμοδίων
3083 4098 3219 4158 εἶναι
3238 4100 3530 4155 δοκούντων
3552 4101 3672 4162 τοῖς

2108 4202 2317 4265 πολλοῖς
2338 4202 2461 4264 τοὺς
2481 4201 2760 4271 προφήτας
2777 4198 2946 4250 ποιεῖν
2961 4195 3052 4249 τὸν
3069 4195 3218 4259 Θεὸν,
3236 4194 3310 4257 ὡς
3338 4193 3424 4245 τὸν
3440 4191 3672 4244 Ἡσαΐαν

2107 4294 2309 4364 γυμνὸν
2340 4293 2667 4363 ἀνυπόδητον
2695 4290 2975 4343 ἐκέλευσεν
3000 4290 3057 4342 ὲν
3091 4288 3238 4359 μέσῳ
3270 4284 3674 4356 παριέναιπάν-

2105 4402 2231 4447 των,
2265 4385 2342 4455 (p.
2370 4384 2422 4453 6)
2449 4385 2541 4436 καὶ
2566 4383 2735 4437 ὁπόσα
2776 4381 2838 4451 δὴ
2868 4381 3106 4444 τοιαῦτα,
3130 4377 3390 4449 πρόδηλον
3426 4377 3534 4446 ἔχει
3564 4375 3668 4446 τὴν

2106 4476 2301 4531 αἰτίαν.
2344 4476 2560 4547 Ἐπειδὴ
2610 4476 2716 4545 γὰρ
2757 4475 2805 4527 οἱ
2836 4473 3017 4527 πολλοὶ
3050 4472 3158 4525 τῶν
3189 4471 3285 4542 μὲν
3316 4470 3486 4539 λόγων
3519 4486 3668 4537 παρ-

2106 4567 2279 4639 έργως
2306 4566 2523 4620 ἀκούειν
2547 4564 2833 4633 εἰώθαμεν,
2861 4560 3296 4633 ὲκταραττόμεθα
3319 4560 3373 4612 δὲ
3406 4559 3540 4626 πρὸς
3563 4559 3669 4627 τὴν

2102 4659 2212 4713 τῶν
2243 4658 2539 4729 γινομένων
2567 4674 2624 4709 τε
2650 4656 2741 4708 καὶ
2777 4655 3063 4727 ὁρωμένων
3090 4652 3374 4722 καινότητα
3394 4667 3407 4681 ·
3434 4649 3528 4703 καὶ
3558 4649 3669 4718 μά-

2105 4747 2259 4802 λιστα
2281 4750 2356 4801 ὅτ’
2395 4747 2461 4800 ἂν
2511 4746 2700 4817 ἀπῳδά
2742 4744 2836 4799 τοῦ
2880 4746 3078 4816 τρόπου
3122 4742 3213 4796 τοῦ
3258 4742 3533 4804 ποιοῦντος
3560 4743 3669 4794 ὑπο

449 4840 542 4895 «lat
611 4854 754 4908 smpe
819 4852 1040 4908 operam
1105 4846 1164 4891 ut
1224 4840 1351 4893 talia
1413 4841 1690 4911 prephetae
1754 4841 1999 4909 faciant;

2116 4840 2266 4912 άρξῃ,
2295 4839 2520 4901 εἰκότως
2547 4839 2574 4891 6
2597 4837 2727 4901 Θεὸς
2756 4837 2844 4890 διά
2867 4837 2926 4890 τὸ
2948 4835 3056 4888 τῶν
3081 4834 3346 4888 Ἰουδαίων
3378 4833 3669 4899 δυσπειθὲς

448 4946 643 5000 nempe
663 4938 723 4984 ut
753 4930 1062 5000 perculsum
1086 4929 1323 4985 novitate
1353 4946 1577 4999 operum
1610 4931 1831 5001 vulgus,
1876 4947 2003 4986 cau—

448 5037 563 5075 sam
584 5037 763 5076 rerum
787 5021 961 5076 discat
988 5029 1152 5091 atque
1176 5020 1409 5075 cilicium
1433 5022 1710 5077 doceatur.
1738 5022 2008 5076 Mandavit

447 5126 576 5179 ergo
595 5112 867 5181 propheta:
884 5119 939 5167 ut
966 5112 1305 5168 meretricem
1328 5128 1545 5167 uxorem
1565 5113 1814 5169 duceret:
1843 5129 2003 5183 porro

448 5215 648 5254 novum
685 5213 802 5254 erat
837 5202 1090 5256 feminam
1132 5200 1397 5273 ejusmodi
1429 5218 1459 5255 a
1498 5204 1756 5273 propheta
1796 5206 2001 5259 assumi

448 5293 503 5345 in
540 5291 869 5345 matrimonii
900 5295 1237 5349 convictum:
1276 5293 1331 5348 id
1363 5293 1505 5362 quod
1563 5308 1683 5348 eum
1737 5293 1788 5364 5
1812 5310 1999 5364 reapse

451 5384 591 5438 Deus
623 5381 803 5436 facere
824 5382 1079 5452 iusserat.
1118 5385 1180 5440 Et
1222 5384 1493 5456 prophetae
1537 5384 1751 5454 quidem
1802 5386 1999 5441 licebat

449 5472 673 5544 legitimi
700 5471 938 5539 conjugii
962 5477 1275 5529 societatem
1303 5480 1490 5544 Optare
1511 5515 1523 5528 .
1554 5482 1922 5529 verumtamen
1952 5475 1999 5530 is

449 5572 689 5618 scortum
714 5562 877 5617 etiam
902 5562 1004 5616 sibi
1037 5564 1365 5633 copulatum,
1398 5563 1713 5634 pudicitiam
1733 5601 1750 5630 ,
1795 5571 1855 5616 ut
1904 5579 2001 5633 par

446 5661 592 5714 erat,
640 5652 880 5709 edocuit.
925 5652 1158 5708 Necesse
1190 5669 1352 5724 porro
1385 5664 1502 5710 erat
1542 5653 1729 5708 mirari
1776 5668 1993 5717 omnes,

446 5744 595 5815 quod
624 5744 705 5799 vir
736 5744 894 5801 ofﬁcii
922 5742 1079 5800 valde
1106 5744 1407 5808 studiosus,
1439 5746 1659 5801 omissis
1689 5760 1809 5816 qua:
1836 5745 1997 5816 pudi-

452 5833 596 5892 citizs
610 5834 767 5895 laude
800 5833 1081 5905 ﬂorebant,
1125 5837 1343 5909 nuptias
1376 5836 1676 5895 meretricis
1706 5836 1995 5908 appetivis-

2103 4930 2504 5001 παρασκευάζει
2534 4929 2789 4992 πολλάκις
2814 4929 2937 4992 τοὺς
2966 4928 3247 4999 προφήτας
3277 4925 3497 4978 τοιαῦτά
3537 4941 3666 4978 τινα

2101 5021 2543 5092 διαπράττεσθαι,
2583 5021 2649 5072 ἵν’
2675 5022 2738 5073 ὲκ
2768 5019 2866 5089 τῆς
2896 5018 3002 5072 τῶν
3028 5017 3322 5088 γινομένων
3347 5016 3667 5083 καινότητος

2101 5111 2542 5183 ἐπιστρεφόμενοί
2560 5130 2674 5176 πως
2700 5112 2749 5164 οἰ
2773 5111 2864 5164 τοῦ
2886 5111 3012 5164 λαοῦ
3041 5108 3350 5180 μανθάνωσι
3366 5125 3426 5161 τε
3442 5107 3539 5178 τὴν
3573 5110 3668 5160 αἰ-

2099 5203 2219 5258 τίαν
2252 5202 2345 5256 καὶ
2390 5203 2829 5257 παιδεύωνταιτὸ
2869 5202 3002 5255 δέον.
3041 5202 3319 5254 Ἑκέλευσε
3363 5200 3537 5253 τοίνυν
3583 5198 3671 5270 τῷ

2102 5296 2352 5365 προφήτῃ
2382 5294 2584 5364 πόρνην
2607 5293 2906 5362 ἀγαγέσθαι
2937 5296 3196 5362 γυναῖκα·
3229 5292 3411 5346 καινὸν
3438 5290 3544 5361 γὰρ
3592 5286 3668 5361 ἦν

2101 5385 2163 5437 τὸ
2192 5385 2279 5438 τὸν
2304 5388 2585 5457 προφήτην
2611 5385 2821 5439 ἑλέσθαι
2842 5388 3071 5453 γυναῖκα
3101 5384 3353 5454 τοιαύτην
3375 5384 3453 5446 εἰς
3477 5384 3669 5452 γάμου

2103 5476 2281 5530 λαϐεῖν
2304 5478 2603 5539 κοινωνίαν,
2631 5478 2766 5547 ὅπερ
2789 5471 2880 5530 οὗν
2912 5476 3059 5547 αὐτῷ
3086 5479 3304 5548 ποιῆσαι
3329 5473 3671 5545 προσέταξεν

2102 5568 2131 5617 ὁ
2157 5565 2287 5629 Θεός
2308 5581 2323 5595 ⁶
2372 5565 2557 5636 ἐπειδὴ
2598 5566 2744 5636 αύτῷ
2778 5583 2837 5619 τε
2868 5565 2943 5637 τῷ
2990 5570 3244 5640 προφήτῃ
3270 5569 3347 5629 εἰς
3376 5565 3671 5620 κοινωνίαν

2104 5656 2281 5727 γάμου
2302 5658 2529 5725 γυναῖκα
2553 5655 2737 5709 λαϐεῖν
2764 5657 2907 5709 κατά
2930 5657 3090 5727 νόμον
3116 5656 3239 5729 ἐξῆν
3267 5673 3280 5686 ⁸
3301 5657 3399 5726 τήν
3433 5671 3494 5707 τε
3521 5654 3653 5726 πόρ

2102 5763 2198 5815 νην
2233 5745 2518 5816 λαμϐάνων
2545 5749 2837 5817 σωφρονεῖν
2870 5746 3083 5800 ἔπειθεν
3126 5746 3202 5809 ὡς
3244 5746 3388 5807 εἰκός
3409 5742 3672 5814 ’ἀνάγκη

2102 5836 2208 5908 γὰρ
2233 5832 2302 5909 ἦν
2348 5837 2643 5905 ξενίζεσθαι
2673 5839 2770 5909 μὲν
2797 5839 3063 5905 ἅπαντας,
3099 5839 3180 5894 ὅτι
3210 5839 3347 5909 ἀνὴρ
3370 5836 3463 5897 τοῦ
3486 5850 3668 5904 προσ-
