3898 6228
173 210 263 266 ιιι)

1219 218 1762 279 COMMENTARIUS
1789 223 1858 279 IN
1897 222 2103 282 OSEE
2134 227 2286 283 CAP.
2328 228 2369 284 1.

3313 228 3418 283 150

166 337 393 403 ἠκοντος
435 333 636 404 πολλὴν
667 332 980 403 ἐπιμέλειαν
1017 334 1173 403 ἔχων,
1208 336 1521 389 καταλιπὼν
1549 337 1647 401 τὰς
1675 339 1733 391 ἐν

1839 347 1940 395 set.
1981 338 2233 399 Jamvero
2285 344 2364 398 rei
2412 342 2573 413 hujus
2619 345 2834 400 novitas
2886 346 3225 402 occasionem
3280 362 3407 418 pro-

168 423 464 492 σεμνότητι
502 439 621 485 πως
652 418 787 474 εἶναι
811 422 1089 486 δοκούσας,
1136 425 1219 487 είς
1245 424 1424 495 γάμου
1455 427 1738 481 κοινωνίαν

168 514 337 568 εἵλετο
371 515 583 585 πόρνην
612 514 796 567 λαϐεῖν
825 533 839 546 ·
871 517 903 585 ή
935 516 992 569 δὲ
1018 515 1110 569 τοῦ
1140 518 1462 588 γιγνομένου
1486 521 1740 591 καινότης

164 606 422 677 ἀφορμὴν
459 606 630 659 ἐδίδου
678 607 755 677 τῷ
795 608 1050 680 προφήτῃ
1089 607 1156 661 τά
1190 612 1532 680 προσήκοντα
1560 611 1739 680 λέγειν

167 698 302 769 πρὸς
326 698 528 762 αὐτούς
553 714 567 727 ο
596 699 730 768 πρὸς
750 698 812 751 τὸ
834 698 893 751 δὲ
919 699 1086 770 πολλῇ
1114 702 1182 771 τῇ
1201 700 1501 771 παραθέσει
1518 703 1740 772 μείζονα

164 790 450 859 φαίνεσθαι
488 790 555 843 τὸ
602 790 694 842 τὸν
716 789 847 842 Θεὸν
892 790 1161 862 αἱρεῖσθαι
1191 790 1364 855 οὕτως
1410 794 1739 864 ἀγνωμόνων

164 882 370 953 ἀνδρῶν
397 884 478 946 εἰς
495 881 815 952 ἐπιμέλειαν
843 881 1033 935 ἑαυτὸν
1060 882 1337 937 κατιέναι·
1361 883 1414 936 ετ
1435 900 1498 951 γε
1532 884 1625 938 καὶ
1648 885 1739 939 τὸν

163 974 236 1044 (p.
252 976 307 1043 Ἰ)
321 975 611 1044 προφήτην
626 972 933 1043 θαυμαστὸν
952 969 1021 1045 ἦν
1037 974 1435 1045 ἐπειλημμένου
1451 976 1545 1029 τοῦ
1566 993 1735 1047 προσ-

162 1068 393 1137 ήκοντος
422 1067 501 1129 είς
538 1066 738 1136 πόρνης
775 1065 989 1135 ὁμιλίαν
1033 1068 1253 1136 χωρεῖν.
1297 1066 1513 1138 Ἐπειδὴ
1535 1068 1736 1131 τοίνυν,

163 1160 355 1231 φησὶν,
395 1158 757 1228 ἐπιμελοῦμαι
799 1158 907 1212 τῶν
946 1158 1295 1229 Ἰσραηλιτῶν
1328 1160 1584 1231 πορνικὸν
1622 1161 1739 1232 τρό‹

164 1268 264 1304 πον
286 1251 523 1305 πάντοτε
552 1250 998 1319 ἐπιδεδειγμένων
1031 1249 1158 1320 περὶ
1186 1249 1308 1320 ἐμὲ,
1336 1250 1431 1303 καὶ
1463 1249 1584 1304 καθ’
1613 1250 1739 1304 ἐκά-

163 1359 295 1413 στην
316 1342 534 1414 ἡμέραν
564 1342 691 1413 ἄχρι
704 1341 801 1395 τοῦ
826 1339 986 1413 δεῦρο
1011 1340 1214 1412 ταύτην
1241 1341 1616 1395 ἐπιτεινόντων
1639 1341 1740 1412 τὴν

159 1437 409 1509 γνώμην,
447 1438 538 1491 καὶ
568 1437 721 1508 παρὰ
737 1436 944 1499 πάντας
976 1435 1295 1505 ἀνθρώπους
1320 1437 1514 1500 αὐτοὺς
1549 1438 1627 1501 είς
1661 1439 1739 1490 oi-

157 1530 417 1599 κειότητα
446 1529 671 1600 εἱλόμην
697 1528 797 1600 τὴν
815 1528 951 1598 ἐμήν
970 1543 984 1557 °
1037 1528 1156 1597 μετ’
1176 1528 1237 1580 οὐ
1272 1527 1406 1581 πολὺ
1436 1528 1493 1581 δέ
1521 1527 1737 1598 ἔλεγχον

158 1621 255 1691 τῆς
284 1622 414 1691 περὶ
444 1621 546 1690 ἐμὲ
575 1619 802 1690 γνώμης
816 1618 1040 1690 ἀκριϐὲς
1067 1618 1392 1689 παρέξονται
1417 1618 1516 1689 τὴν
1539 1621 1737 1687 ἐπαγο-

164 1714 327 1784 μένην
358 1713 548 1776 αὐτοῖς
583 1713 677 1765 ὑπ’
722 1710 858 1781 ἐμοῦ
897 1711 1168 1780 τιμωρίαν
1188 1727 1202 1740 ο
1233 1711 1323 1762 ὅτε
1363 1712 1430 1780 τῇ
1457 1709 1735 1779 αἰχμαλω-

162 1806 250 1875 σίᾳ
278 1804 701 1875 παραδιδόμενοι
724 1802 1001 1865 παντελῶς
1029 1801 1232 1871 ταύτης
1252 1800 1733 1872 ἀπαλλοτριοῦνται

160 1894 252 1964 τῆς
276 1894 415 1963 γῆς’
453 1894 513 1947 ἐν
543 1889 689 1967 ᾗπερ
715 1893 997 1956 οἰκοῦντας
1027 1892 1343 1962 ἐπιμελείας
1370 1908 1429 1943 τε
1462 1891 1560 1961 τῆς
1593 1891 1735 1960 ἐμῆς

158 1984 516 2056 ἀξιουμένους
575 1985 669 2038 ι-ξπλ⁴
711 1985 818 2037 τῶν
861 1984 1040 2053 νόμων
1074 1983 1258 2052 μένειν
1309 1983 1567 2037 ἐκέλευσα
1626 1983 1735 2035 τῶν

160 2076 336 2145 ἐμῶν’
398 2078 571 2147 ὅνπερ
604 2074 667 2145 δὴ
696 2076 898 2146 τρόπον
934 2076 1028 2128 καὶ
1067 2078 1186 2137 ταῖς
1215 2074 1459 2144 γυναιξὶν
1497 2073 1618 2136 ἔθος
1654 2073 1733 2137 είς

160 2169 443 2222 κοινωνίαν
482 2167 945 2239 λαμϐανομέναις,
987 2167 1078 2220 ἐπὶ
1122 2166 1229 2220 τῶν
1266 2166 1517 2237 γαμικῶν
1554 2165 1733 2236 μένειν

160 2262 337 2331 νόμων
359 2279 374 2295 ο
418 2263 507 2331 ἐφ’
537 2262 712 2315 ἅπασι
743 2260 803 2314 δὲ
846 2261 1071 2324 τούτοις,
1109 2261 1171 2313 οὐ
1217 2259 1316 2330 τὴν
1356 2261 1734 2329 προσήκουσαν

1840 431 2015 501 pheta:
2058 433 2363 502 pmbebat,
2410 449 2533 503 qua:
2579 449 2718 505 opus
2763 443 2881 489 erat
2921 435 3122 491 Judaeis
3153 436 3411 506 dicendi;

1839 532 2209 595 praetereaque
2231 527 2380 595 gravi
2403 527 2651 596 exemplo
2670 529 3031 586 monstrandi.
3052 529 3215 597 quale
3233 544 3380 598 quan
3398 556 3412 568 -

1838 621 1953 669 tum
1983 630 2128 671 esset
2159 617 2448 672 consilium
2474 617 2588 684 Dei,
2612 619 2705 688 qui
2730 628 2838 672 tam
2868 621 3201 688 ingratorum
3227 619 3410 673 homi-

1839 723 1968 761 num
1997 724 2184 763 curam
2216 708 2358 763 ultro
2388 710 2752 780 suscepisset:
2785 712 3053 780 siquidem
3087 721 3140 767 et
3173 712 3407 783 prophe-

1838 804 1949 849 tam
1992 798 2189 851 mirum
2221 807 2361 862 erat,
2388 800 2478 868 qui
2518 798 2658 871 frugi
2690 799 2851 853 vitam
2879 800 3129 869 elegerat,
3166 801 3231 855 ad
3259 815 3410 854 scor-

1838 888 1879 943 ti
1916 890 2138 959 nuptias
2172 905 2455 961 prornere.
2494 890 2755 949 Videlicet
2786 902 2840 948 et
2874 908 2993 962 ego.
3028 894 3203 962 inquit
3239 892 3403 959 Deus,

1839 981 2104 1038 lsraelitis
2134 982 2348 1047 studeo,
2386 986 2476 1054 qui
2507 985 2819 1039 meretricio
2847 1001 3071 1054 prorsus
3107 1000 3256 1040 more
3296 1000 3408 1039 me-

1838 1089 1961 1129 cum
1990 1086 2177 1145 agunt,
2205 1077 2544 1147 singulisque
2576 1077 2842 1133 hactenus
2872 1077 3066 1133 diebus
3087 1077 3227 1132 hanc
3257 1093 3408 1131 men-

1839 1174 1945 1222 tem
1974 1168 2240 1233 retinent;
2260 1184 2397 1239 quos
2418 1179 2598 1224 tamen
2622 1186 2722 1240 ego
2737 1186 2845 1239 pra:
2862 1170 3078 1226 caeteris
3097 1170 3407 1226 hominibus

1840 1257 1893 1310 in
1913 1271 2085 1310 meam
2112 1256 2537 1313 familiaritatem
2558 1274 2890 1329 receperam.
2910 1260 3014 1315 Sed
3034 1262 3177 1316 enim
3198 1261 3250 1315 hi
3279 1277 3409 1330 pau-

1841 1346 1893 1400 lo
1928 1355 2048 1415 post
2080 1346 2148 1402 de
2183 1349 2366 1402 animo
2398 1364 2525 1418 erga
2555 1365 2641 1404 me
2668 1366 2767 1406 suo
2797 1359 3166 1419 coarguentur
3193 1368 3223 1406 a
3247 1368 3406 1423 pinna

1838 1452 2000 1506 quam
2031 1439 2112 1492 eis
2146 1438 2442 1507 imponam,
2477 1455 2601 1493 cum
2634 1443 2817 1496 traditi
2864 1444 3189 1512 captivitati,
3225 1444 3409 1499 fundi-

1838 1535 1928 1582 tus
1947 1528 2046 1582 hac
2067 1529 2286 1598 regione
2301 1539 2629 1593 evertentur,
2651 1548 2811 1602 qnam
2837 1534 2940 1587 huc
2960 1551 3131 1603 usque
3146 1536 3407 1590 benellcio

1841 1634 1962 1673 meo
1984 1620 2304 1685 incolentes,
2324 1621 2460 1690 jussi
2485 1621 2694 1676 fuerant
2732 1626 2865 1677 meis
2890 1628 3173 1694 praeceptis
3191 1627 3406 1681 obtem-

1839 1725 2058 1780 perare:
2096 1712 2238 1765 haud
2268 1728 2425 1767 secus
2452 1730 2613 1782 quam
2636 1714 2868 1771 feminas
2894 1719 2945 1770 in
2978 1718 3288 1787 conjugium
3313 1735 3406 1773 as-

1840 1808 2106 1869 sumptas,
2133 1801 2467 1869 nuptialibus
2493 1802 2701 1871 legibus
2725 1804 2978 1859 insistere
3000 1822 3117 1860 mos
3132 1816 3234 1859 est.
3260 1806 3407 1861 Prae-

1840 1897 1922 1944 ter
1974 1891 2089 1945 haec
2120 1892 2324 1954 omnia,
2357 1893 2411 1945 hi
2445 1893 2585 1947 haud
2629 1894 2839 1964 justum
2889 1904 3163 1964 gestarum
3222 1911 3405 1950 rerum

1841 1997 2061 2038 sensum
2108 1982 2331 2047 habent,
2365 1999 2543 2053 neque
2587 2000 2711 2039 cum
2762 1986 2961 2040 animis
2989 1988 3105 2043 suis
3151 1997 3409 2058 reputant

1839 2074 1969 2144 quid
2018 2075 2102 2128 vel
2148 2074 2353 2129 faciant
2400 2076 2482 2129 vel
2527 2078 2721 2133 merito
2763 2080 2979 2148 passuri
3044 2081 3175 2135 sint.
3226 2082 3408 2149 Quare

1840 2179 1939 2234 age
1973 2173 2051 2230 tu,
2085 2165 2368 2234 pr0pheta,
2406 2165 2672 2222 facinoris
2714 2170 2955 2226 novitate
2999 2182 3309 2243 susceptam
3337 2174 3406 2229 ab

1844 2257 1929 2311 his
1961 2256 2357 2313 absurditatem
2389 2276 2642 2331 coargue.

158 2359 263 2411 τῶν
291 2358 596 2429 γινομένων
624 2356 874 2424 αἴσθησιν
917 2356 1150 2427 ἔχουσιν,
1202 2354 1316 2408 οὗθ’
1358 2348 1433 2407 ὧν
1493 2351 1757 2415 ποιοῦσιν,
1809 2350 1919 2405 οὗθ’
1973 2346 2049 2406 ὧν
2073 2353 2347 2409 πείσονται
2376 2356 2599 2419 δικαίως
2619 2373 2634 2388 ο
2680 2357 2812 2428 φέρε
2837 2358 2900 2428 δὴ
2930 2360 3015 2422 σὺ,
3047 2360 3315 2432 προφῆτα,
3339 2363 3403 2433 τῇ

161 2449 252 2503 τοῦ
306 2448 595 2519 γινομένου
643 2447 920 2517 καινότητι
960 2445 1180 2515 ἔλεγχον
1228 2445 1326 2515 τῆς
1372 2444 1500 2513 παρ’
1552 2442 1734 2495 αὐτῶν
1767 2442 2143 2513 πραττομένης
2176 2444 2397 2515 ποίησαι
2425 2445 2672 2508 ἀτοπίας.

229 2567 381 2636 Στίχ,
434 2570 580 2634 γ’-ε’,
626 2593 696 2605 --
740 2562 989 2616 Πείθεται
1025 2561 1088 2632 δὴ
1119 2562 1329 2623 τούτοις
1358 2561 1385 2611 ὁ
1424 2560 1731 2631 προφήτης,

161 2662 252 2715 καὶ
279 2662 477 2728 ἄγεται
501 2654 637 2727 πρὸς
663 2656 841 2725 γάμον
870 2655 1093 2726 πόρνην,
1125 2650 1192 2725 ἧς
1226 2654 1319 2706 καὶ
1346 2653 1404 2706 τὸ
1437 2652 1607 2720 ὄνομα
1641 2652 1735 2704 καὶ

160 2752 249 2805 τὸν
285 2750 499 2821 πατέρα
520 2748 668 2817 λέγει
689 2786 705 2810 ,
733 2746 809 2809 ὡς
844 2746 918 2817 μὴ
955 2745 1181 2815 πλάσμα
1205 2744 1357 2825 ψιλόν
1384 2761 1437 2795 τι
1463 2743 1644 2809 δοκοίη
1674 2743 1737 2795 τὸ

160 2844 473 2913 λεγόμενον,
518 2838 729 2911 ἱστορία
775 2837 833 2891 δὲ
862 2837 1064 2908 ἀληθὴς
1102 2836 1444 2908 πραγμάτων
1470 2852 1483 2865 ·
1522 2834 1732 2902 γίνεται

1907 2557 2069 2613 Vens.
2097 2559 2214 2613 5-5.
2240 2590 2304 2598 --
2322 2559 2522 2614 Morem
2547 2561 2704 2629 jusso
2741 2560 2877 2630 gerit
2911 2562 3192 2632 propheta,
3223 2573 3407 2620 scorto

1832 2650 2011 2715 nubit,
2044 2650 2202 2718 cujus
2223 2651 2383 2703 etiam
2408 2666 2602 2704 nomen
2628 2661 2943 2722 patremque
2964 2662 3146 2719 notat;
3168 2671 3234 2707 ne
3269 2656 3407 2710 forte

1834 2742 1979 2810 quod
1992 2743 2192 2795 dictum
2212 2750 2315 2805 est,
2331 2758 2526 2811 purum
2544 2744 2875 2811 ligmentum.
2896 2745 2991 2799 sed
3013 2753 3070 2799 ut
3088 2762 3215 2801 vera
3234 2747 3404 2802 histo-

1835 2835 1912 2887 ria
1927 2834 2210 2888 habeatur.
2226 2833 2481 2890 Nascitur
2499 2836 2548 2889 ei
2561 2850 2777 2905 quoque
2796 2836 2938 2890 (ilius
2952 2853 3014 2891 ex
3038 2836 3138 2892 hac
3155 2839 3404 2908 conjuge,

161 2936 217 2989 δὲ
242 2933 392 3004 αὑτῷ
422 2932 518 2985 καὶ
547 2931 662 2992 υἱὸς
697 2932 762 2983 ἐκ
799 2926 1021 2997 ταύτης,
1056 2927 1114 2979 ὃν
1154 2926 1439 2979 ἐκέλευσεν
1475 2924 1732 3021 ἐιεζραὴλ

1839 2941 1991 2994 quem
2050 2924 2343 2982 Jezraelem
2383 2928 2565 2980 vocari
2615 2928 2788 2995 jubet.
2832 2930 2909 2983 lta
2956 2945 3084 2985 vero
3122 2931 3406 2986 dicebatur

162 3025 524 3097 ὀνομασθῆναι
542 3039 556 3053 ⁸
589 3022 731 3076 οὓτω
752 3020 808 3073 δὲ
831 3020 894 3072 τὸ
922 3019 1116 3091 χωρίον
1148 3017 1363 3088 ἐλέγετο
1391 3020 1447 3071 ἐν
1469 3010 1513 3084 ᾧ
1538 3034 1596 3069 τε
1620 3017 1731 3069 Να-

162 3119 351 3173 ϐουθαὶ
383 3116 485 3186 τὴν
522 3115 839 3185 παράνομον
879 3113 1261 3182 ὑπομεμένηκε
1298 3111 1534 3180 σφαγήν·
1565 3112 1639 3179 (p.
1679 3108 1754 3189 8),

163 3215 253 3265 καὶ
283 3211 391 3283 μὴν
419 3211 517 3264 καὶ
550 3206 785 3273 Ἰεζάϐελ
805 3205 1145 3275 κατεσφάγη,
1174 3205 1326 3266 δίκας
1350 3203 1451 3273 τῆς
1476 3202 1561 3255 ἐπ’
1586 3202 1651 3253 αύ
1662 3201 1733 3273 τῷ

160 3305 376 3357 τίνουσα
430 3299 813 3372 παρανομίας’
866 3298 1035 3368 αὐτήν
1070 3314 1127 3349 τε
1175 3296 1265 3349 καὶ
1300 3295 1442 3348 ἆπαν
1476 3294 1537 3346 rb
1577 3293 1732 3362 γένος

160 3395 249 3449 τοῦ
327 3393 533 3463 ’Δχαὰϐ
597 3390 720 3443 ἀντὶ
781 3388 882 3459 τῆς
937 3387 1277 3458 παρανομίας
1318 3372 1535 3454 9ταύτης
1593 3384 1733 3438 κατὰ

159 3489 493 3559 πρόσταγμα
536 3484 675 3536 θεῖον
717 3481 1080 3542 ἀπολέσαντος
1124 3477 1218 3539 τοῦ
1269 3476 1426 3547 Ἰηοῦ.
1478 3496 1495 3527 ι
1524 3475 1733 3546 Μικρὸν

161 3578 286 3648 γάρ,
317 3575 512 3645 φησιν,
557 3572 649 3625 καὶ
694 3570 963 3638 ἐκδικήσω
986 3569 1045 3622 τὸ
1073 3563 1211 3637 αἷμα
1248 3566 1341 3619 τοῦ
1376 3564 1617 3637 ’ῐεζραὴλ
1642 3566 1734 3618 ἐπὶ

159 3670 243 3723 τὸν
288 3664 440 3721 οἶκον
494 3663 655 3733 Ἰηοῦ,
718 3662 812 3716 καὶ
869 3659 1206 3715 καταπαύσω
1250 3660 1525 3729 βασιλείαν
1579 3660 1731 3714 οἴκου

171 3760 401 3833 Ἶσραήλ’
445 3777 464 3810 ι
505 3756 619 3810 ἀνθ’
662 3748 736 3808 ὧν
783 3752 913 3823 γάρ,
966 3754 1148 3821 φησιν,
1200 3754 1277 3815 εἰς
1326 3753 1596 3823 βασιλείαν
1642 3752 1731 3804 ὑπ’

163 3854 285 3924 ἐμοῦ
334 3847 709 3923 προχειριθεις
741 3847 770 3899 ὁ
816 3844 986 3917 Ἰηοῦ,
1023 3845 1168 3899 ἆπαν
1198 3845 1292 3898 τοῦ
1335 3846 1481 3898 οἴκου
1526 3844 1731 3915 ’Δχαὰϐ

165 3943 436 3996 ἀπώλεσεν
466 3939 531 3991 τὸ
561 3937 737 4006 γένος,
782 3935 922 4006 ὑπέρ
972 3953 1030 3987 τε
1058 3934 1160 4004 τῆς
1202 3935 1454 3997 ἀσεϐείας
1498 3936 1588 3988 καὶ
1632 3934 1732 4004 τῆς

164 4033 505 4107 παρανομίας
532 4032 599 4101 ἦν
630 4028 771 4083 κατὰ
804 4027 897 4079 τοῦ
931 4026 1207 4079 Ναϐουθαὶ
1242 4026 1332 4077 ἐπὶ
1370 4024 1461 4077 τοῦ
1495 4027 1733 4095 προρρη-

164 4129 329 4192 θέντος
373 4123 683 4193 τετόλμηκε
728 4120 926 4172 τόπου·
967 4114 1083 4170 εἶτα
1122 4118 1182 4169 ού
1218 4115 1603 4188 σωφρονισθείς
1639 4114 1732 4167 ἐπὶ

162 4221 379 4282 τούτοις,
423 4217 535 4269 οὐδ’
570 4214 663 4281 ἀφ’
692 4206 765 4265 ὧν
802 4210 985 4280 ἴσχυσε
1027 4209 1148 4262 καθ’
1199 4209 1400 4279 ἐτέρων
1432 4225 1731 4279 παρανενο-

1841 3018 2059 3081 fundus,
2089 3019 2179 3072 ubi
2216 3018 2492 3074 Nabutlies
2517 3020 2699 3089 iniqua
2730 3036 2861 3074 nece
2888 3023 3077 3091 periit:
3113 3030 3164 3077 et
3186 3025 3403 3093 quidem

1837 3111 1999 3163 etiam
2035 3106 2261 3164 Jezabel
2283 3109 2482 3165 ibidem
2513 3127 2653 3166 caesa
2685 3112 2808 3174 fuit,
2846 3122 2903 3166 ut
2935 3116 3130 3181 patrati
3155 3117 3263 3168 illic
3286 3131 3407 3170 sce-

1837 3200 1967 3254 lctis
1989 3216 2180 3271 pmnas
2207 3202 2483 3271 penderet,
2510 3204 2637 3273 quia
2662 3203 2915 3258 videlicet
2945 3207 3115 3274 ipsam
3142 3222 3263 3260 cum
3288 3208 3408 3261 uni-

1836 3308 1991 3346 versa
2029 3293 2084 3364 6
2120 3292 2363 3347 Achaabi
2398 3294 2601 3349 familia
2638 3304 2855 3365 propter
2890 3297 3031 3350 illam
3073 3298 3403 3369 impietatem

1836 3384 2024 3438 divino
2065 3385 2319 3438 mandato
2355 3382 2491 3439 Jebu
2534 3386 2640 3439 leto
2678 3387 2845 3441 dedit.
2890 3407 2907 3439 ι
2960 3388 3148 3454 Brevi,
3192 3392 3403 3460 inquit,

1837 3486 2025 3542 pinnas
2072 3473 2355 3543 sanguinis
2389 3474 2530 3543 apud
2574 3472 2869 3529 Jezraelem
2922 3475 3025 3531 fusi
3067 3493 3344 3547 reposcam
3374 3494 3404 3532 a

1834 3562 1969 3618 Jebu
1994 3565 2187 3627 domo,
2230 3564 2502 3635 finemque
2531 3566 2803 3636 imponam
2858 3583 3027 3637 regno
3072 3568 3330 3625 lsraelis:
3379 3590 3398 3622 ι

1834 3657 1983 3726 quia,
2010 3658 2107 3718 ait.
2137 3656 2273 3711 Jehu
2319 3658 2385 3711 ad
2424 3660 2574 3728 regni
2606 3660 2866 3713 honorem
2900 3677 2928 3713 a
2963 3678 3048 3715 me
3083 3675 3403 3732 provectus,

1835 3757 2088 3801 cunctam
2131 3748 2350 3817 quidem
2386 3749 2628 3802 Achaabi
2662 3753 2884 3820 stirpem
2917 3750 3144 3816 delevit,
3186 3763 3405 3824 propter

1834 3839 2015 3892 scelus
2056 3846 2218 3908 atque
2267 3838 2629 3900 maleficium,
2681 3842 2824 3909 quod
2876 3844 3130 3912 praedicto
3178 3844 3231 3898 in
3285 3847 3405 3899 loco

1834 3937 2021 3983 contra
2040 3927 2341 3984 Nabuthem
2368 3930 2542 3983 fuerat
2564 3938 2866 4000 patratum:
2890 3944 3263 3990 verumtamen
3290 3939 3406 4006 ipse

1834 4037 1942 4074 nun
1971 4021 2105 4075 satis
2136 4021 2263 4075 hinc
2294 4022 2637 4091 emendatus,
2666 4039 2733 4079 ne
2760 4024 2828 4079 ab
2854 4026 2922 4081 iis
2941 4027 3155 4096 quidem
3184 4045 3242 4083 se
3273 4045 3406 4083 con-

1836 4114 1997 4166 tinuit
2017 4113 2362 4177 criminibus,
2393 4130 2513 4185 qua:
2545 4116 2596 4169 in
2622 4117 2836 4171 caeteris
2864 4118 2972 4173 reis
3002 4119 3400 4177 vindicaverat:

1834 4207 2126 4276 cunctique
2156 4207 2246 4275 qui
2273 4216 2461 4276 postea
2493 4206 2714 4261 fuerunt
2751 4208 2972 4264 lsraclis
3019 4226 3194 4281 reges,
3223 4227 3403 4267 mores

168 4314 407 4383 μηκότων
449 4306 753 4376 ἐφυλάξατο
794 4306 893 4373 τὴν
927 4300 1299 4374 παρανομίαν⁸
1333 4299 1570 4363 ἅπαντες
1596 4300 1652 4353 δὲ
1681 4300 1730 4353 οἱ

1839 4298 2079 4351 Achaabi
2115 4298 2311 4352 imitati
2362 4306 2511 4354 sunt.
2542 4299 2685 4369 Ergo
2714 4299 2883 4355 ociter
2915 4300 3230 4356 universum
3263 4301 3404 4356 Isra-

164 4406 347 4474 ἐφεξῆς
393 4401 492 4454 τοῦ
536 4398 752 4468 Ἰσραὴλ
799 4394 1218 4466 βασιλεύσαντες
1257 4392 1354 4463 τὴν
1388 4391 1480 4444 τοῦ
1528 4391 1731 4461 Ἀχαὰϐ

1839 4391 1932 4444 elis
1955 4404 2180 4459 regnum
2205 4391 2571 4460 exstinguam.
2596 4390 2727 4445 Nam
2762 4394 2873 4446 lieri
2910 4409 3015 4447 non
3047 4402 3260 4461 poterat
3288 4403 3343 4448 ut
3366 4395 3402 4449 ii

166 4500 497 4568 ἐμιμήσαντο
522 4491 773 4561 γνώμην·
816 4489 932 4558 μετ’
971 4487 1029 4541 οὐ
1064 4486 1197 4538 πολὺ
1226 4484 1290 4554 δὴ
1325 4485 1504 4537 πᾶσαν
1540 4483 1732 4535 παύσω

1839 4496 2013 4552 regem
2046 4481 2331 4545 haberent,
2369 4483 2461 4551 qui
2488 4483 2744 4552 deinceps
2779 4484 2830 4537 in
2882 4486 3195 4552 captivitate
3234 4488 3400 4541 vitam

164 4588 249 4641 τοῦ
293 4584 511 4657 Ἰσραὴλ
542 4583 642 4653 τήν
679 4578 953 4649 βασιλείαν
977 4595 989 4607 ·
1049 4577 1171 4630 ἐπεὶ
1210 4575 1284 4648 μὴ
1327 4576 1383 4628 δὲ
1436 4571 1545 4628 οἷόν
1575 4591 1633 4627 τε
1664 4569 1732 4645 ἦν

1839 4575 2205 4627 erantacturi.
2240 4591 2259 4624 ι
2296 4571 2586 4629 Conteram
2628 4590 2845 4644 quoque
2872 4592 3057 4631 arcum
3096 4579 3309 4633 lsraelis
3350 4583 3402 4635 in

166 4682 348 4732 οἰκεῖον
396 4678 546 4746 ἔχειν
606 4672 826 4742 βασιλέα
879 4670 1003 4733 τοὺς
1051 4669 1154 4721 ὑπὸ
1198 4667 1295 4738 τὴν
1355 4664 1732 4736 αἰχμαλωσίαν

1839 4666 1972 4719 valle
2010 4665 2296 4730 Jezraelis,
2320 4685 2338 4718 ι
2375 4681 2404 4718 a
2430 4675 2582 4735 parte
2616 4666 2926 4722 universam
2962 4669 3201 4738 ipsorum
3228 4672 3405 4739 regio-

164 4771 521 4842 τυγχάνοντας
548 4764 643 4818 τοῦ
672 4762 879 4816 λοιποῦ.
919 4782 936 4812 ι
974 4760 1253 4831 Συντρίψω
1280 4758 1335 4811 δὲ
1374 4759 1468 4811 καὶ
1494 4756 1554 4809 τὸ
1577 4754 1729 4820 τόξον

1839 4773 1963 4811 nem
1993 4758 2302 4827 appellans:
2338 4773 2532 4826 nempe
2562 4759 2656 4820 ait,
2692 4774 2749 4813 se
2771 4768 3002 4815 cunctas
3027 4762 3239 4817 illorum
3261 4763 3402 4817 vires

165 4865 246 4918 τοῦ
297 4862 519 4935 Ἰσραὴλ
562 4861 621 4912 ἐν
660 4860 727 4927 τῇ
772 4854 976 4909 κοιλάδι
1020 4853 1112 4905 τοῦ
1169 4850 1432 4922 Ἰεζραήλ·
1471 4867 1489 4898 ι
1528 4850 1593 4901 ἐκ
1631 4846 1727 4900 τοῦ

1839 4848 2022 4901 irritas
2044 4848 2381 4902 redditurum
2402 4848 2455 4899 in
2481 4847 2654 4916 patrio
2681 4847 2820 4912 solo,
2838 4850 3090 4907 hostibus
3110 4868 3203 4907 eos
3226 4854 3403 4922 subji-

169 4957 353 5027 μέρους
401 4956 585 5007 πᾶσαν
620 4951 798 5003 αὐτῶν
827 4947 1061 5009 καλέσας
1101 4944 1197 5008 τὴν
1224 4942 1407 5013 χώραν
1428 4958 1445 4974 ο
1479 4941 1565 4993 ἴνα
1598 4941 1725 5011 εἴπῃ

1839 4940 2090 5002 cientem,
2117 4955 2311 5009 nempe
2340 4940 2601 5010 Assyriis.

168 5050 444 5105 ὅτιΠᾶσαν
486 5047 666 5102 αὐτῶν
705 5047 803 5115 τὴν
843 5043 1070 5113 δύναμιν
1123 5040 1403 5111 ἄπρακτον
1451 5037 1754 5107 ἐργάσομαι
1803 5034 1862 5089 ἐν
1909 5037 2020 5100 τοῖς
2065 5036 2284 5100 οἰκείοις
2327 5036 2512 5100 τόποις
2562 5040 2903 5113 ὑποχειρίους
2955 5044 3067 5105 τοῖς
3123 5042 3401 5114 πολεμίοις

166 5144 547 5216 ἐργασάμενος,
579 5140 729 5206 λέγει
756 5138 813 5190 δέ
841 5139 952 5198 τοῖς
993 5133 1315 5203 Ἀσσυρίοις,

227 5257 374 5327 Στίχ.
420 5260 561 5319 ς’-ι’.
598 5284 670 5293 -
701 5246 833 5305 Εἶτα
865 5249 1014 5316 λέγει
1046 5247 1128 5299 ὃτι
1173 5246 1396 5313 γέγονεν
1435 5242 1588 5313 αὐτῷ
1638 5243 1733 5296 καὶ

166 5349 394 5420 θυγάτηρ
410 5350 475 5399 ἐκ
496 5346 597 5415 τῆς
620 5343 792 5409 αὐτῆς
816 5340 1090 5411 γυναικὸς,
1110 5341 1175 5411 ἢν
1206 5358 1225 5389 ι
1246 5338 1358 5391 Οὐκ
1375 5336 1685 5407 ὴλεημένην
1708 5354 1726 5386 ι

1901 5239 2066 5295 Vens.
2107 5240 2265 5296 6—10.
2295 5270 2366 5281 -—
2397 5238 2604 5296 Deinde
2636 5243 2713 5296 ait
2757 5245 3019 5313 propheta
3057 5252 3241 5300 natam
3296 5249 3400 5303 sibi

1828 5345 1894 5385 ex
1924 5330 2113 5384 eadem
2148 5331 2348 5386 femina
2383 5332 2573 5395 tiliam,
2598 5349 2761 5402 quam
2796 5352 2813 5385 ι
2853 5336 3059 5404 absque
3090 5336 3401 5393 misericor-

169 5432 241 5497 (Ρ.
255 5439 307 5508 9)
324 5436 591 5507 κληθῆναι
607 5432 840 5493 κελεύει,
859 5428 1160 5498 ὑπόμνημά
1181 5444 1233 5479 τι
1256 5426 1632 5496 παρεχομένην
1647 5423 1735 5477 διά

164 5532 254 5599 τῆς
274 5531 477 5594 οἰκείας
505 5525 877 5598 προσηγορίας
900 5520 995 5576 τοῦ
1025 5519 1248 5591 μηδενὸς
1276 5518 1423 5572 ἐλέου
1450 5516 1734 5581 τεύξεσθαι

167 5625 280 5684 τοὺς
320 5621 693 5694 Ἰσραηλίτας,
733 5619 826 5673 ἐπὶ
861 5615 1113 5670 παντελεῖ
1156 5614 1211 5667 δὲ
1249 5606 1721 5683 παραδοθήσεσθαι

176 5716 518 5789 αἰχμαλωσίᾳ,
552 5715 619 5768 οὐ
646 5716 715 5788 τῇ
750 5711 978 5782 δυνάμει
1008 5709 1116 5763 τῶν
1144 5706 1418 5778 πολεμίων
1438 5742 1452 5769 ,
1482 5701 1596 5756 ἀλλ’
1622 5701 1723 5755 a6-

1829 5417 1918 5472 dia
1949 5436 1966 5468 ι
2019 5419 2201 5471 vocari
2242 5418 2429 5488 jubet;
2458 5436 2579 5488 qua:
2609 5422 2743 5475 satis
2776 5420 3091 5478 admoneret
3120 5440 3214 5495 per
3241 5441 3395 5480 suam

1830 5506 2005 5577 ipsius
2028 5507 2445 5575 appellationem
2477 5507 2595 5563 fore
2636 5516 2694 5562 ut
2719 5510 2921 5564 nullam
2972 5512 3232 5569 Israelita:
3262 5530 3397 5568 con-

1830 5608 2189 5671 sequerentur
2230 5600 2693 5665 misericordiam,
2749 5603 2842 5658 sed
2878 5608 3117 5674 generali
3173 5608 3399 5671 servitio

1833 5695 2196 5760 irretirentur,
2223 5692 2367 5747 haud
2397 5693 2648 5763 equidem
2683 5695 2925 5752 hostium
2952 5700 3176 5764 viribus,
3203 5716 3396 5757 terum
