3898 6228
487 212 582 269 {Si

1664 208 2007 264 TllliODORl
2042 199 2532 263 MOPSUESTENI.

3611 188 3712 248 r52

490 332 667 403 ipsius
703 329 794 384 Dei
830 328 1115 384 manifeste
1154 327 1459 399 pugnantis.
1498 327 1612 384 Hoc
1649 329 1795 383 enim
1844 328 2051 393 signiﬁ-

2157 325 2244 379 τοῦ
2274 341 2337 392 γε
2360 323 2540 383 αὐτοῖς
2566 314 2926 386 πολεμοῦντος
2951 314 3043 368 τοῦ
3068 313 3202 368 Θεοῦ
3231 314 3529 386 προδήλως·
3558 316 3713 371 τοῦτο

489 431 619 477 eant
649 422 811 477 verba
849 438 868 471 ι
898 420 1195 475 adversatus
1226 419 1559 475 adversabor
1585 420 1713 474 illis.
1740 438 1758 471 ι
1797 421 1974 490 Atque
1994 427 2053 473 ut

492 512 688 581 magis,
714 511 911 581 inquit,
933 511 1324 575 demonstrem,
1355 511 1629 565 voluntate
1657 526 1774 565 mea
1798 509 1913 564 haec
1947 510 2053 564 illis

492 599 769 663 accidere,
821 599 1015 651 addam
1059 596 1211 653 Iudae
1260 601 1619 662 mentionem,
1665 600 1823 668 cujus
1863 608 2051 654 contra

495 692 815 752 miserebor,
846 704 970 743 cum
1003 689 1059 743 in
1092 690 1233 744 idem
1265 691 1557 746 discrimen
1587 692 1655 746 ab
1687 691 1927 761 Assyriis
1958 706 2054 744 vo-

497 784 732 846 cabitur,
763 784 855 852 qui
878 781 1131 837 lsraelem
1157 782 1362 837 faciunt
1383 786 1651 853 captivum
1676 804 1688 837 :
1719 785 2052 852 servaboque

500 875 650 927 illum
685 875 887 928 virtute
916 888 1055 937 mea,
1087 889 1196 928 non
1226 888 1356 929 areu
1378 876 1460 930 vel
1491 891 1621 929 ense
1652 884 1743 929 aut
1772 875 1928 939 bello,
1962 892 2055 930 ne-

498 981 607 1035 que
632 966 742 1021 ullo
773 981 997 1035 prorsus
1026 965 1304 1020 hominum
1341 967 1542 1020 auxilio
1577 965 1794 1029 fretum,
1821 970 1914 1021 sed
1939 982 2055 1021 mea

498 1059 672 1113 solius
703 1057 755 1112 vi
803 1065 954 1111 tanto
995 1058 1236 1126 periculo
1280 1066 1545 1128 ereptum.
1596 1056 1650 1111 ld
1682 1059 1827 1128 quod
1870 1074 2055 1114 revera

498 1150 745 1220 contigit,
767 1150 955 1219 angelo
974 1157 1136 1203 noctu
1159 1158 1375 1204 centum
1399 1150 1671 1218 octoginta
1708 1151 1873 1204 millia
1894 1149 2058 1221 Assy-

501 1241 707 1294 riorum
739 1240 1028 1294 acervatim
1057 1240 1370 1311 occidente;
1414 1242 1464 1310 7
1499 1243 1571 1295 ita
1603 1250 1661 1295 ut
1685 1242 1875 1311 reliqui
1906 1259 1964 1298 se
2003 1246 2055 1297 in

501 1330 681 1401 fugam
716 1330 1071 1399 eonjeeerint,
1113 1322 1311 1385 incolae
1342 1342 1520 1385 autem
1561 1332 2057 1406 Hierosolymorum

504 1422 726 1475 liberam
758 1420 984 1473 salutem
1009 1422 1290 1475 consecuti
1324 1422 1456 1476 sint.
1484 1421 1696 1477 Paritur
1727 1440 1945 1478 rursum
1975 1425 2057 1478 al-

501 1516 585 1561 ter
622 1508 794 1570 filius,
844 1523 1003 1577 quem
1052 1510 1319 1563 dictorum
1357 1525 1521 1563 causa
1565 1512 2056 1568 confirmandorum

497 1598 652 1667 jubet
680 1598 861 1651 vocari
901 1615 919 1647 ι
946 1613 1050 1650 non
1084 1600 1315 1667 populus
1348 1615 1531 1666 meus;
1556 1620 1573 1652 ι
1608 1616 1935 1673 causamque
1962 1619 2058 1657 no-

2152 414 2259 485 γὰρ
2280 412 2425 484 δηλοῖ
2444 409 2554 477 τὸ,ι
2587 406 3057 476 Ἀντιτασσόμενος
3085 404 3435 474 ἀντιτάξομαι
3464 405 3659 469 αὐτοῖς.
3689 424 3707 457 ι

2153 507 2246 569 Εἰς
2288 504 2507 576 μείζονα
2540 501 2597 555 δέ
2637 498 2910 563 ἀπόδειξιν
2948 497 3042 551 τοῦ
3092 497 3305 569 γνώμῃ,
3346 497 3543 567 φησὶν,
3606 500 3710 568 ἐμῇ

2152 594 2323 648 ταῦτα
2351 591 2590 662 γίνεσθαι
2618 590 2748 661 περὶ
2779 589 2996 653 αὐτοὺς,
3028 588 3334 658 παρέξομαι
3361 588 3429 640 τά
3456 586 3594 641 κατά
3624 587 3714 639 τὸν

2165 685 2397 748 Ἰούδαν,
2450 682 2544 745 οὒς
2577 680 2782 750 ἐλεήσω
2826 696 2887 731 τε
2940 678 3045 730 ὑπὸ
3097 676 3204 729 τῶν
3261 676 3558 747 Ἀσσυρίων
3605 676 3715 729 τῶν

2153 776 2393 837 ἐκείνους
2428 770 2990 843 αἰχμαλωτευσάντων
3023 768 3090 819 τά
3121 768 3280 836 ὃμοια
3315 764 3714 827 κινδυνεύοντας

2156 869 2377 923 παθεῖν’
2409 867 2503 920 καὶ
2544 861 2832 935 περισώσω
2860 863 2927 931 τῇ
2966 859 3190 928 δυνάμει
3214 860 3280 929 τῇ
3329 860 3457 929 ἐμῇ.
3489 858 3550 911 ού
3577 856 3714 927 τόξῳ

2156 962 2252 1015 καὶ
2278 961 2421 1029 ξίφει
2448 959 2541 1012 καὶ
2568 930 2810 1025 πολέμῳ,
2834 930 2947 1006 ἀλλ’
2973 951 3091 1005 οὐδέ
3114 967 3220 1003 τινι
3250 950 3561 1022 ἀνθρωπίνῃ
3590 967 3717 1019 συμο

2160 1055 2328 1126 μαχίᾳ
2370 1050 2759 1122 βοηθουμένους
2810 1044 3098 1110 καθάπαξ,
3136 1043 3269 1114 μόνῃ
3302 1043 3356 1095 δὲ
3382 1046 3450 1113 τῇ
3488 1044 3594 1114 ἐμῇ
3622 1043 3712 1095 δυ-

2156 1147 2312 1217 νάμει
2340 1145 2430 1197 τὸν
2463 1141 2710 1195 τοσοῦτον
2735 1139 2974 1192 κίνδυνον
3012 1136 3401 1206 διαφεύγοντας
3426 1152 3439 1166 ·
3475 1136 3610 1206 ὅπερ
3647 1134 3713 1205 δὴ

2156 1240 2249 1293 καὶ
2282 1237 2520 1306 γέγονεν,
2555 1232 2787 1301 ἀγγέλου
2821 1229 2910 1283 διὰ
2945 1228 3045 1298 τῆς
3072 1226 3265 1290 νυκτὸς
3299 1227 3491 1297 ἀθρόον
3524 1228 3715 1280 ἑκατὸν

2156 1331 2477 1400 ὀγδοήκοντα
2501 1325 2661 1378 πέντε
2690 1322 2931 1393 χιλιάδας
2954 1319 3061 1373 τῶν
3099 1320 3394 1389 Ἀσσυρίων
3418 1318 3711 1376 ἀνελόντος·

2156 1422 2229 1484 ὡς
2255 1419 2526 1491 τραπῆναι
2558 1415 2654 1486 μὲν
2683 1415 2816 1484 πρὸς
2842 1411 3016 1482 φυγὴν
3045 1411 3170 1474 τοὺς
3196 1410 3432 1472 λοιποὺς,
3463 1410 3717 1480 ἀναντίρ-

2162 1513 2320 1584 ρητον
2350 1508 2407 1561 δὲ
2432 1507 2557 1569 τοὺς
2589 1505 2679 1557 ἐπὶ
2718 1507 2782 1574 τῇ
2828 1499 3180 1572 Ἰερουσαλὴμ
3210 1500 3461 1564 δέξασθαι
3486 1501 3582 1569 τὴν
3609 1517 3715 1552 σω-

2162 1600 2372 1671 τηρίαν.
2400 1597 2653 1649 Τίκτεται
2680 1594 2736 1646 δὲ
2762 1593 2921 1645 πάλιν
2948 1592 3041 1645 καὶ
3067 1591 3250 1660 ἕτερος
3268 1589 3399 1652 υίὸς,
3432 1589 3489 1641 ὃν
3516 1591 3592 1651 είς
3618 1590 3715 1657 τὴν

503 1689 666 1743 minis
691 1686 890 1741 additu
913 1687 1121 1758 Quippe
1154 1706 1247 1744 vos
1296 1691 1435 1744 haud
1478 1691 1588 1759 jam
1636 1695 1863 1762 populus
1906 1710 2055 1750 incus

2158 1692 2262 1744 τῶν
2277 1688 2575 1762 εἰρημένων
2593 1686 2893 1757 βεϐαίωσιν,
2917 1704 2933 1735 ι
2947 1685 3006 1736 ού
3019 1682 3144 1736 λαὸν
3165 1701 3182 1732 ι
3200 1680 3410 1734 κελεύει
3428 1680 3712 1751 κληθῆναιο

501 1781 679 1843 eritis,
707 1794 882 1847 neque
908 1793 1005 1847 ego
1034 1790 1211 1831 vester
1234 1795 1329 1832 ero
1357 1779 1571 1848 (Deus):
1593 1791 1718 1832 nos
1733 1782 1877 1836 enim
1906 1797 1936 1836 a
1964 1798 2061 1836 cu-

504 1886 564 1922 ra
597 1884 712 1922 mea
745 1869 999 1938 deinceps
1028 1870 1187 1921 alieni
1226 1872 1413 1937 eritis,
1458 1886 1596 1941 quos
1644 1888 1743 1941 ego
1802 1882 2060 1944 tanquam

502 1968 791 2014 extraneos
852 1959 1287 2027 impendentibus
1355 1962 1563 2014 tradam
1616 1963 2057 2020 adversitatibus.

506 2046 708 2100 Deinde
741 2045 1002 2116 adjungit,
1045 2065 1063 2095 ι
1090 2062 1370 2100 numerum
1401 2046 1629 2102 ﬁliorum
1651 2049 1862 2105 lsraelis
1894 2050 2061 2104 fuisse

504 2140 668 2193 veluti
726 2139 1217 2193 immensurabilem
1265 2141 1432 2195 maris
1488 2156 1706 2196 arenam
1732 2152 1785 2197 et
1816 2143 2062 2199 innume-

505 2228 749 2283 rabilem.
773 2247 789 2279 ι
826 2227 998 2297 Majus
1019 2230 1217 2298 quippe
1238 2230 1555 2283 miraculum
1578 2238 1715 2297 erat,
1738 2241 1791 2286 et
1808 2232 2063 2288 manifes-

505 2328 617 2371 tum
645 2318 841 2371 divina:
870 2319 962 2372 ira:
990 2326 1364 2388 argumentum
1390 2320 1672 2385 exhibens,
1712 2324 1757 2375 si
1793 2323 1927 2376 tanti
1959 2339 2061 2377 nu-

505 2408 637 2462 meri
671 2408 926 2477 populum
971 2408 1026 2460 in
1071 2408 1441 2476 captivitatem
1487 2410 1772 2465 confertim
1818 2410 2063 2477 dederet,

505 2496 718 2551 nemine
773 2498 827 2551 in
862 2505 1009 2551 tanta
1056 2498 1401 2554 multitudine
1470 2498 1537 2553 ad
1586 2499 1857 2555 ferendam
1905 2516 2060 2573 Opem

502 2586 723 2643 idoneo.

2156 1783 2249 1835 καὶ
2276 1781 2374 1851 τὴν
2409 1780 2586 1832 αἰτίαν
2618 1778 2795 1846 λέγει·
2833 1795 2850 1828 ι
2880 1776 2999 1829 Ὅτι
3032 1775 3189 1844 ὑμεῖς
3220 1772 3281 1823 ού
3311 1772 3437 1835 λαός
3465 1790 3589 1842 μου,
3624 1771 3717 1824 καὶ

2156 1869 2265 1941 ἐγὼ
2288 1871 2389 1925 οὐκ
2418 1872 2532 1941 εἰμὶ
2569 1869 2740 1941 ὑμῶν·
2780 1887 2797 1919 ι
2823 1868 2978 1936 ὑμεῖς
3016 1882 3075 1917 τε
3106 1866 3215 1935 γὰρ
3252 1862 3719 1932 ἀπαλλοτροιωθή-

2158 1961 2314 2014 σεσθε
2344 1962 2442 2031 τῆς
2474 1960 2611 2031 ἐμῆς
2646 1956 2972 2029 κηδεμονίας
3012 1954 3218 2018 λοιπὸν,
3264 1953 3416 2022 κάγὼ
3453 1945 3507 2006 δὲ
3542 1953 3615 2015 ὡς
3650 1952 3718 2005 ἂν

2158 2053 2469 2124 ἀλλοτρίους
2512 2052 2667 2114 ὂντας
2705 2052 2816 2113 τοῖς
2847 2046 3212 2117 ἐπικειμένοις
3243 2045 3464 2099 ἐκδώσω
3497 2048 3715 2107 κακοῖς·

2158 2140 2274 2196 εἶτα
2317 2143 2532 2212 ἐπάγει’
2573 2162 2590 2193 ι
2619 2142 2741 2194 Ὅτι
2782 2140 2847 2210 ἢν
2884 2137 3111 2209 ἀριθμὸς
3158 2136 3265 2189 τῶν
3319 2135 3450 2187 υἱῶν
3507 2134 3724 2206 Ἰσραὴλ

2158 2235 2288 2287 ὡσεὶ
2327 2236 2509 2305 ἄμμος
2553 2234 2649 2299 τῆς
2685 2231 2980 2301 θαλάσσης,
3034 2231 3128 2282 καὶ
3172 2228 3272 2280 ούκ
3317 2225 3723 2297 ἐκμετρηθήσε-

2158 2343 2268 2390 ται,
2319 2326 2393 2395 (p.
2435 2324 2520 2395 10)
2601 2322 2726 2378 οὐδὲ
2757 2320 3271 2392 ἐξαριθμηθὴσεταιο
3325 2337 3343 2370 ι
3386 2319 3568 2388 μεῖζον
3610 2322 3720 2389 γὰρ

2159 2412 2227 2487 ἦν
2256 2416 2315 2469 τὸ
2352 2415 2535 2485 θαῦμα
2566 2421 2658 2466 καὶ
2695 2414 2840 2483 σαφῆ
2872 2412 2969 2483 τῆς
3000 2411 3149 2474 θείας
3180 2410 3347 2481 ὀργῆς
3374 2410 3465 2463 τὸν
3504 2410 3720 2478 ἔλεγχον

2170 2506 2561 2579 παρεχόμενον,
2593 2506 2640 2556 εί
2670 2503 2953 2565 τοσούτους
2975 2501 3132 2564 ὄντας
3161 2501 3353 2570 ἀθρόον
3381 2500 3725 2571 αἰχμαλωσίᾳ

2168 2593 2485 2664 παρεδίδου,
2533 2594 2696 2664 μηδὲν
2744 2592 3012 2658 ἐξαύτῶν
3056 2593 3322 2646 τοσούτων
3373 2592 3537 2645 ὄντων
3574 2591 3723 2660 ὡφε-

2165 2686 2369 2739 λεῖσθαι
2396 2685 2539 2748 οἴους
2566 2703 2624 2738 τε
2653 2685 2829 2748 ὄντας.

577 2764 813 2830 Deinde,
846 2766 925 2819 uti
966 2780 1085 2820 mos
1110 2772 1196 2820 est
1230 2765 1540 2835 prepbetis,
1569 2775 1622 2822 et
1650 2768 1867 2837 quidem
1898 2770 2055 2823 etiam

2233 2770 2343 2827 Εἶθ’
2387 2777 2521 2845 ὅπερ
2568 2775 2686 2839 ἔθος
2718 2779 2830 2840 τοῖς
2868 2776 3206 2848 προφήταις,
3254 2775 3345 2829 καὶ
3392 2776 3487 2846 μὲν
3519 2775 3613 2827 καὶ
3644 2774 3725 2844 τῷ

504 2854 667 2911 beato
717 2854 907 2909 Davidi
943 2890 961 2911 .
1014 2870 1138 2908 cum
1193 2854 1439 2911 molestis
1498 2854 1679 2909 dulcia
1734 2859 2058 2923 nuntiandi,

503 2945 1026 3015 eonversionemque
1068 2945 1135 2998 ad
1181 2946 1412 3009 laetiora.
1445 2957 1666 3017 propter
1707 2950 1866 3006 malis
1910 2953 2060 3006 labo-

507 3037 742 3090 rantium
772 3037 1045 3093 solamen;
1084 3054 1102 3087 ι
1133 3035 1195 3089 Ει
1220 3037 1349 3103 erit,
1440 3037 1640 3108 inquit,
1731 3040 1786 3094 in
1820 3042 1940 3095 loco
1973 3043 2060 3097 ubi

506 3129 713 3181 dictum
747 3127 853 3181 illis
897 3126 1105 3190 fuerat,
1139 3126 1243 3182 Vos
1269 3141 1378 3181 non
1410 3130 1643 3199 populus
1678 3147 1864 3195 meus,
1898 3132 2060 3187 iidem

505 3222 848 3275 vocabuntur
891 3220 986 3273 ﬁlii
1027 3219 1120 3273 Dei
1159 3220 1415 3275 viventis.
1475 3240 1493 3273 ι
1540 3223 1634 3277 Sic
1672 3226 1835 3278 etiam
1871 3225 2061 3280 beatus

507 3311 674 3365 David
711 3313 778 3366 de
810 3310 1119 3381 Assyriacis
1167 3312 1329 3367 rebus
1362 3314 1612 3377 locutus,
1655 3315 1722 3369 ad
1759 3323 2059 3369 extremum

503 3402 675 3457 addit:
714 3420 734 3453 ι
766 3402 900 3467 Quis
931 3403 1080 3457 dabit
1123 3419 1188 3458 ex
1235 3404 1366 3458 Sion
1397 3409 1663 3461 salutare
1693 3405 1893 3462 lsrael?
1924 3406 2058 3461 Cum

504 3493 766 3546 averterit
792 3491 1053 3547 Dominus
1078 3494 1448 3562 captivitatem
1472 3498 1653 3566 populi
1680 3498 1787 3565 sui,
1817 3500 2061 3553 exsulta-

503 3585 583 3639 bit
632 3583 839 3650 Jacob,
885 3592 940 3639 et
985 3586 1255 3639 laetabitur
1284 3586 1526 3642 lsrael':
1577 3606 1597 3640 ι
1637 3586 1843 3645 docens
1874 3588 2063 3645 adfore

503 3683 751 3745 tempus,
813 3692 924 3746 quo
970 3676 1336 3744 captivitatem
1376 3694 1566 3733 eorum
1607 3677 1748 3736 Deus
1789 3681 2058 3751 expediat.

504 3766 660 3821 Nune
699 3769 840 3822 idem
872 3768 1105 3832 dicitur,
1143 3768 1383 3823 futurum
1424 3771 1630 3826 scilicet
1662 3780 1722 3827 ut
1759 3774 1849 3828 ubi
1881 3772 2059 3829 Israe-

503 3856 613 3910 lita!
643 3859 823 3911 vocati
857 3857 1074 3913 fuerant
1098 3859 1243 3915 «Non
1274 3863 1523 3933 populus,
1547 3883 1565 3915 ι
1588 3863 1642 3918 id
1665 3872 1795 3920 esta
1824 3864 1915 3919 Dei
1939 3881 2062 3936 pro-

501 3946 740 4002 videntia
813 3949 1058 4018 abjeeti;
1121 3951 1320 4007 ibidem
1382 3956 1722 4024 appellentur
1793 3956 1887 4012 filii
1963 3957 2058 4013 Dei

2163 2867 2416 2940 μακαρίῳ
2438 2868 2599 2921 Δαυῖδ
2626 2868 2684 2921 τὺ
2713 2870 2769 2920 ὲν
2799 2869 2947 2940 μέσῳ
2968 2869 3075 2921 τῶν
3104 2868 3358 2938 λυπηρῶν
3386 2868 3478 2921 καὶ
3500 2867 3565 2919 τὰ
3591 2868 3727 2935 ἡδέα

2162 2959 2410 3030 μηνύειν,
2438 2960 2534 3030 τήν
2562 2977 2617 3013 τε
2649 2961 2740 3012 ἐπὶ
2764 2961 2825 3012 τὸ
2846 2963 3084 3031 κρεῖττον
3119 2961 3415 3033 μεταϐολὴν
3439 2960 3725 3031 ἐπἰψυχα-

2159 3053 2335 3125 γωγίᾳ
2375 3054 2482 3107 τῶν
2529 3056 2585 3106 ἐν
2620 3057 2730 3117 τοῖς
2762 3055 2965 3126 χείροσι
3003 3056 3316 3127 γινομένων,
3358 3075 3377 3106 r
3404 3056 3513 3108 Kal
3546 3054 3721 3118 ἔσται,

2160 3144 2344 3214 φησὶν,
2376 3144 2435 3199 ἐν
2462 3144 2538 3215 τῷ
2564 3145 2715 3215 τόπῳ
2743 3140 2803 3200 οὗ
2846 3146 3051 3219 ἐρρήθη
3101 3147 3299 3210 αὐτοῖς,
3342 3148 3415 3200 Οὐ
3456 3146 3580 3211 λαός
3620 3165 3726 3212 μου

2161 3234 2334 3304 ὑμεῖς,
2367 3235 2516 3288 αὐτοὶ
2549 3236 2910 3308 κληθήσονται
2956 3238 3061 3291 υἱοὶ
3102 3238 3234 3291 Θεοῦ
3265 3239 3479 3303 ζῶντος.
3513 3258 3531 3290 ι
3567 3238 3726 3293 Οὕτω

2159 3327 2251 3379 καὶ
2288 3326 2315 3377 ὁ
2346 3326 2611 3396 μακάριθς
2649 3328 2810 3381 Δαυῒδ
2841 3328 2907 3383 τά
2941 3330 3080 3382 κατὰ
3110 3330 3237 3391 τοὺς
3294 3330 3608 3393 Ἀσσυρίους
3647 3333 3726 3382 εί-

2160 3419 2295 3481 πὼν,
2325 3421 2572 3489 ἐπάγει·‹
2601 3422 2695 3484 Τίς
2731 3421 2890 3474 δώσει
2920 3424 2984 3475 ἐκ
3023 3421 3175 3477 ιΣιὼν
3216 3424 3277 3475 τὸ
3321 3424 3587 3494 σωτήριον
3625 3424 3723 3477 τοῦ

2174 3509 2424 3583 Ἰσραήλ;
2477 3513 2565 3565 Ἐν
2607 3512 2684 3583 τῷ
2729 3514 3049 3585 ἐπιστρέψαι
3120 3513 3322 3586 Κύριον
3366 3515 3464 3585 τὴν
3518 3516 3724 3586 αἰχμα-

2158 3598 2358 3655 λωσίαν
2393 3601 2484 3656 τοῦ
2517 3604 2646 3658 λαοῦ
2693 3605 2876 3668 αὑτοῦ,
2925 3604 3309 3674 ἀγαλλιάσεται
3362 3605 3574 3670 Ἰακὼϐ,
3626 3608 3723 3661 καὶ

2160 3693 2590 3765 εὐφρανθήσεται
2651 3695 2868 3766 Ἰσραήλ
2936 3714 2953 3746 ι
3005 3695 3215 3759 δεικνὺς
3263 3698 3345 3750 ὅτι
3399 3700 3549 3751 ἔσται
3602 3715 3726 3751 ica-t-

2161 3785 2271 3856 ρδς,
2299 3785 2532 3856 ὁπηνίκα
2568 3787 2664 3857 τὴν
2698 3785 3072 3856 αἰχμαλωσίαν
3105 3786 3254 3840 λύσει
3290 3788 3504 3851 πάντως
3535 3788 3724 3853 αὐτοῖς

2157 3879 2186 3930 ὁ
2211 3876 2371 3939 Θεός·
2410 3878 2470 3930 τὸ
2502 3879 2609 3949 γὰρ
2643 3877 2772 3930 αὐτὸ
2800 3877 2862 3948 δὴ
2892 3878 3169 3932 κάνταῦθά
3210 3896 3393 3949 φησιν,
3424 3881 3504 3932 ὅτι
3551 3882 3725 3934 Ἔνθα

2157 3965 2219 4035 δὴ
2250 3965 2555 4037 ἐκλήθησαν
2589 3970 2670 4020 Οὺ
2699 3967 2868 4033 λαὸς,
2902 3968 3045 4021 τοῦτ’
3072 3969 3185 4021 ἐστι
3214 3971 3594 4042 ἀπερρίφησαν
3623 3973 3725 4043 τῆς

501 4037 760 4102 viventis,
826 4039 879 4093 id
912 4039 1012 4095 'est
1071 4041 1189 4109 ejus
1250 4044 1546 4098 amicitiam
1601 4057 1942 4117 recuperent.
1992 4049 2055 4103 Et

503 4128 761 4151 ___-I-..-
802 4128 998 4151 J2-:.;-_
1038 4149 1047 4151 _
1087 4132 1133 4151 3..
1175 4133 1282 4151 ΙΑ--
1329 4134 1423 4151 9_.,
1873 4148 1881 4151 .

2160 4056 2414 4124 προνοίας
2466 4056 2565 4126 τῆς
2612 4056 2771 4126 ἐμῆς,
2812 4058 3041 4109 ἐνταῦθα
3092 4057 3154 4128 δὴ
3204 4037 3562 4131 κληθήσονται
3615 4037 3726 4114 υἱοὶ

503 4128 765 4200 praeclare
796 4128 998 4183 dieitUr
1030 4149 1048 4181 ι
1086 4132 1139 4183 in
1174 4133 1291 4187 loco
1328 4134 1432 4188 isto
1472 4155 1489 4188 ι
1529 4152 1595 4190 ex
1628 4153 1737 4207 quo
1768 4148 2054 4210 postquam

2160 4144 2293 4196 Θεοῦ
2322 4146 2549 4210 ζῶντος·
2582 4145 2667 4198 ἴνα
2701 4148 2848 4219 είπῃ,
2876 4146 3165 4212 Τεύξονται
3206 4150 3365 4203 πάλιν
3392 4152 3488 4220 τῆς
3514 4152 3726 4203 οἰκειώ-

500 4223 625 4278 illos
672 4220 814 4276 Deus
857 4223 1225 4287 transtulerat,
1271 4224 1325 4277 in
1387 4228 1637 4282 eumdem
1695 4246 1885 4286 rursus
1940 4239 2058 4285 erat

501 4309 847 4365 reducturus.
895 4308 1127 4379 Subjicit
1172 4315 1339 4384 igitur
1387 4316 1456 4370 ad
1500 4317 1760 4386 majorem
1806 4322 1889 4375 sui
1923 4322 2051 4375 dicti

503 4401 923 4456 declarationem
947 4442 963 4466 ,
1001 4403 1164 4458 Vens.
1204 4406 1264 4458 ll
1321 4436 1391 4445 —
1432 4426 1450 4458 ι
1490 4406 1551 4461 Ει
1577 4410 2055 4480 congregabuntur

498 4492 553 4545 in
590 4508 756 4544 unum
802 4493 899 4546 lilii
928 4492 1083 4548 Juda:
1122 4503 1285 4565 atque
1325 4496 1562 4563 lsraelis,
1611 4499 1917 4572 faciemque
1947 4504 2050 4559 sibi

498 4582 859 4652 principatum
905 4600 1107 4650 unum,
1161 4595 1214 4640 et
1276 4589 1570 4643 ascendent
1624 4591 1690 4645 de
1751 4595 1990 4662 regione.
2030 4614 2049 4646 ι

494 4672 703 4744 Nempe
731 4676 805 4727 ait
838 4674 973 4740 fore,
1012 4685 1068 4730 ut
1106 4678 1334 4748 depulso
1366 4696 1396 4734 a
1436 4679 1587 4736 Iuda:
1635 4685 1779 4738 tribu
1820 4685 2049 4757 Babylo-

492 4764 603 4820 nici
628 4766 833 4819 servitii
860 4765 1013 4836 jugo,
1043 4768 1102 4837 8
1136 4784 1243 4822 una
1291 4774 1534 4825 omnium
1578 4775 1798 4830 libertas
1828 4778 1918 4840 sit,
1970 4787 2050 4831 at-

490 4871 598 4927 que
638 4869 830 4910 omnes
862 4857 966 4910 sub
995 4872 1105 4911 uno
1145 4859 1255 4913 sint
1289 4861 1628 4932 principatu,
1672 4865 1812 4920 haud
1840 4867 1951 4935 jam
1990 4877 2051 4922 ut

494 4957 651 5003 antea
685 4948 986 5012 divisi,sed
1021 4949 1185 5005 unius
1216 4952 1427 5022 imperii
1459 4955 1651 5010 ditioni
1680 4959 1928 5024 obnoxii,
1960 4963 2045 5014 cui

493 5036 849 5104 praasitJuda:
875 5038 1091 5103 tribus;
1116 5051 1169 5094 et
1204 5044 1297 5110 qui
1344 5044 1411 5098 de
1455 5046 1557 5098 hoc
1587 5063 1782 5116 genere
1821 5059 1970 5115 sunt,
1994 5052 2047 5105 in

494 5130 642 5195 regia
670 5128 936 5200 dignitate
970 5132 1393 5191 constituantur.
1425 5136 1626 5194 Deinde
1656 5142 1825 5199 addit.
1865 5163 1882 5194 ι
1910 5144 2046 5210 Quia

492 5233 687 5288 magna
732 5222 849 5278 dies
885 5221 1166 5280 Jezraelis.
1211 5244 1229 5276 ι
1261 5227 1393 5281 Nam
1436 5245 1558 5284 cum
1591 5233 1727 5287 dixit
1759 5252 1948 5304 punias
1978 5240 2047 5293 ab

490 5308 572 5362 eis
602 5310 782 5364 datum
811 5312 901 5379 iri,
932 5314 1034 5369 hoc
1063 5315 1346 5384 intellexit,
1382 5320 1495 5375 fore
1518 5324 1773 5378 nimirum
1807 5338 1865 5380 ut
1897 5338 2048 5398 post-

489 5414 650 5470 quam
687 5416 907 5456 suorum
940 5407 1202 5463 scelerum
1242 5425 1407 5466 causa
1450 5414 1589 5469 male
1633 5418 1875 5472 mulctati
1922 5420 2040 5477 fuc-

497 5493 627 5558 riut,
680 5501 790 5546 tum
831 5492 1048 5552 demum
1090 5501 1348 5559 terribilis
1393 5504 1558 5559 veluti
1607 5514 1770 5577 atque
1810 5510 2040 5570 illustris

597 5646 618 5679 '
646 5645 912 5713 Psaimu,
950 5649 997 5705 7.

2158 4253 2293 4297 σεως
2332 4236 2431 4305 τῆς
2474 4236 2643 4307 ἐμῆς·
2681 4236 2861 4299 καλῶς
2891 4239 3071 4291 εἰπὼν.
3098 4242 3159 4293 τὸ
3198 4241 3265 4293 ἐν
3294 4240 3371 4306 τῷ
3412 4244 3590 4308 τόπῳ,
3626 4243 3724 4311 ἀφ’

2155 4321 2323 4399 οὗπερ
2358 4330 2549 4391 αὐτοὺς
2577 4328 2787 4396 ἀφελὼν
2814 4332 2889 4393 εἰς
2917 4331 3008 4385 τὸν
3042 4332 3202 4386 αὐτὸν
3228 4333 3518 4400 ἐπανάγειν
3547 4334 3721 4404 ήμελ-

2154 4422 2241 4472 λεν
2274 4418 2464 4471 πάλιν·
2511 4421 2704 4488 ἐπάγει
2734 4421 2861 4489 γοῦν
2901 4424 2981 4485 είς
3028 4422 3248 4493 μείζονα
3293 4423 3387 4476 τοῦ
3423 4425 3721 4493 λεγομένου

2155 4512 2480 4581 σαφήνειαν
2536 4510 2683 4580 Στίχ.
2749 4511 2817 4563 ια’
2889 4541 2959 4550 -
3003 4530 3020 4562 ι
3065 4514 3172 4565 Καὶ
3212 4514 3637 4584 συναχθήσονται
3670 4518 3721 4570 οἱ

2154 4603 2260 4654 υἱοὶ
2303 4602 2469 4656 Ἰούδα
2497 4604 2589 4655 καὶ
2616 4604 2664 4655 οἱ
2695 4604 2804 4655 υἱοὶ
2844 4602 3061 4674 Ἰσραὴλ
3089 4605 3182 4657 ἐπὶ
3218 4605 3279 4657 τὸ
3332 4606 3484 4667 αὐτὸ,
3518 4611 3591 4678 (ρ.
3629 4609 3721 4679 Η)

2154 4692 2247 4744 καὶ
2287 4692 2541 4762 θήσονται
2582 4694 2792 4755 ἑαυτοῖς
2841 4694 3013 4764 ἀρχὴν
3071 4695 3218 4764 μίαν,
3275 4697 3364 4748 καὶ
3415 4698 3721 4768 ἀναϐήσον-

2152 4798 2238 4834 ται
2272 4784 2333 4833 ἐκ
2369 4782 2467 4850 τῆς
2499 4784 2620 4850 γῆς.
2656 4799 2673 4830 i
2717 4781 2875 4849 Λέγει
2908 4782 2964 4833 δὲ
3005 4781 3086 4833 ὅτι
3128 4782 3263 4851 μετά
3288 4784 3383 4852 τὴν
3422 4785 3501 4846 εἰς
3540 4785 3722 4837 Βαϐυ-

2152 4872 2295 4925 λῶνα
2332 4873 2706 4941 αἰχμαλωσίαν
2734 4873 2842 4924 τῶν
2888 4873 2983 4942 τῆς
3036 4873 3207 4926 Ἰούδα
3251 4875 3440 4944 φυλῆς,
3490 4876 3587 4945 μία
3635 4894 3725 4940 τις

2152 4962 2401 5013 ἁπάντων
2422 4962 2709 5030 γενήσεται
2737 4962 3015 5033 ἐλευθερία
3033 4981 3046 4992 ·
3077 4965 3158 5017 ὃτι
3187 4964 3250 5035 δὴ
3274 4967 3376 5018 ὑπὸ
3408 4967 3536 5036 μίαν
3566 4966 3724 5020 ἔσον-

2149 5072 2236 5108 ται
2267 5055 2362 5123 τὴν
2391 5053 2563 5125 ἀρχὴν
2585 5095 2599 5117 ,
2631 5055 2812 5108 οὐκέτι
2842 5055 3190 5127 διῃρημένοι,
3222 5057 3470 5129 καθάπερ
3516 5060 3729 5130 πρότε-

2152 5165 2264 5217 ρον,
2296 5145 2399 5198 ὑπὸ
2432 5146 2558 5216 μίαν
2593 5147 2651 5199 δὲ
2675 5146 2825 5210 ὄντες
2851 5148 2948 5217 τὴν
2982 5149 3153 5218 ἀρχήν
3174 5163 3187 5177 ’
3227 5149 3334 5201 τῶν
3365 5151 3581 5202 πάντων
3620 5152 3725 5220 μὲν

2150 5237 2395 5309 ἡγεῖσθαι
2424 5236 2521 5306 τὴν
2566 5237 2733 5290 Ἰούδα
2768 5238 2959 5307 φυλὴν,
2988 5239 3044 5290 ἐν
3077 5239 3320 5309 βασιλείᾳ
3358 5241 3413 5293 δὲ
3443 5242 3539 5295 καὶ
3566 5243 3718 5314 ἀρχῇ

2151 5329 2476 5385 καθεστάναι
2503 5330 2627 5392 τοὺς
2670 5328 2727 5394 ἐξ
2754 5330 2969 5400 ἐκείνης
2996 5332 3356 5401 τυγχάνοντας
3390 5335 3487 5403 τῆς
3515 5335 3718 5403 φυλῆς·

2153 5420 2269 5477 εἶτα
2314 5422 2539 5491 ἐπάγει,
2572 5439 2591 5471 ‹
2630 5420 2751 5471 Ὅτι
2789 5418 2996 5488 μεγάλη
3030 5420 3211 5491 ἡμέρα
3247 5423 3339 5474 τοῦ
3380 5423 3647 5493 Ἰεζραήλ.
3698 5445 3715 5475 ι

2164 5515 2376 5585 Ἐπειδὴ
2415 5514 2521 5584 γὰρ
2552 5507 2701 5564 εἶπεν
2729 5511 2810 5563 ὅτι
2854 5509 2991 5583 ὑπὲρ
3032 5512 3221 5565 τούτου
3260 5513 3489 5568 δώσουσι
3534 5516 3717 5577 δίκας,
