3906 6208
217 193 321 251 155
1257 193 1802 252 COMMENTARIUS
1840 194 1907 249 IN
1938 193 2137 251 OSEE
2175 195 2327 251 CAP.
2358 193 2422 254 ll.
3358 197 3464 254 134

213 316 374 370 τοῦτο
412 313 667 386 βούλεται
696 317 891 381 είπεῖν,
925 317 1009 371 ὅτι
1041 316 1245 371 τούτων
1270 318 1336 389 δὴ
1374 318 1484 373 τῶν
1512 320 1652 391 ὑπὲρ
1697 320 1778 390 τῆς

1895 315 2091 373 evadat
2140 315 2259 371 dies
2316 314 2434 380 illa,
2463 328 2571 383 qua
2630 322 2831 383 praeter
2883 330 3099 381 omnem
3165 316 3457 374 humanam

213 408 457 478 πρόσθεν
486 409 672 463 αὐτῶν
702 410 961 473 ἀσεϐείας
986 410 1327 464 πεπονθότων
1347 411 1532 476 κακῶς
1550 452 1564 476 ,
1590 412 1778 481 φοϐερά

1896 422 2045 477 spem
2078 407 2313 462 reditum
2345 405 2400 460 in
2438 406 2670 476 patriam
2715 417 3148 478 consequentur.
3197 409 3457 476 Quanam

210 517 292 562 τις
320 501 479 555 ἔσται
516 504 613 555 καὶ
634 503 878 568 ἐπίδοξος
904 507 936 574 ἠ
961 505 1138 574 ἡμέρα
1165 504 1371 574 ἐκείνη,
1402 505 1523 559 καθ’
1552 507 1618 577 ἢν
1643 507 1794 578 παρὰ

211 591 399 644 πᾶσαν
444 592 793 663 ἀνθρωπίνην
826 595 1036 658 ἐλπίδα,
1080 594 1180 665 τῆς
1221 596 1480 649 ἐπανόδου
1511 596 1793 662 τεύξονται

213 681 312 736 ἐπὶ
339 683 411 737 τά
438 685 621 739 οίκεῖα
638 701 654 715 ·
683 687 776 738 καὶ
806 685 890 750 τίς
916 689 949 755 ἡ
980 687 1285 754 ἀπόδειξις;

872 778 1031 831 ΚΕΦ.
1070 778 1147 831 B'.

282 867 435 936 Στίχ.
472 876 544 931 α’,
572 868 637 939 β’.
680 900 746 910 —
782 889 800 920 ‹
838 867 1041 923 Εἴπατε
1070 869 1145 941 τῷ
1190 870 1403 942 ἀδελφῷ
1444 872 1614 943 ὑμῶν,
1651 874 1795 937 Δαός

218 978 322 1029 μου
349 978 364 992 ο
426 962 521 1014 καὶ
551 965 615 1031 τῆ
672 962 873 1031 ἀδελφῇ
925 962 1095 1032 ὑμῶν,
1160 964 1480 1035 Ἠλεημένη.
1520 985 1539 1017 ι
1588 968 1788 1020 Εἴπατε

214 1050 342 1102 ἀντὶ
370 1050 468 1102 τοῦ
513 1052 736 1121 Ἐρείτε,
770 1051 856 1103 ἴνα
887 1051 1014 1122 εἴπῃ
1043 1052 1124 1105 ὅτι
1158 1053 1582 1125 ἐναλλαγήσεται
1611 1058 1791 1121 αὐτοῖς

212 1142 287 1193 τὰ
310 1144 572 1213 ὀνόματα.
619 1143 877 1213 ’Δρμόσει
902 1145 1009 1215 γὰρ
1035 1146 1237 1209 αὐτοῖς,
1266 1147 1419 1217 φησὶ,
1444 1149 1505 1201 τὸ
1530 1150 1650 1204 Aab
1701 1151 1788 1205 λέ-

214 1235 414 1302 γεσθαι
450 1235 540 1287 καὶ
596 1235 922 1305 Ἠλεημένη,
964 1236 1039 1299 ὼς
1077 1236 1440 1311 ᾠκειωμένοις
1464 1256 1523 1294 τε
1564 1240 1658 1293 καὶ
1689 1242 1791 1311 τῆς

212 1327 628 1397 φιλανθρωπίας
663 1328 995 1382 ἀπολαύουσι
1034 1330 1154 1383 τότε
1196 1331 1296 1401 τῆς
1329 1334 1501 1404 ἐμῆς
1533 1329 1651 1388 εἶτα
1684 1335 1790 1389 ἀπὸ

212 1419 313 1488 τῆς
342 1420 714 1489 προκειμένης
742 1421 969 1485 είκόνος,
1000 1421 1094 1475 τοῦ
1115 1421 1275 1490 λόγου
1298 1424 1398 1495 τὴν
1421 1426 1675 1497 ἀφορμὴν
1697 1427 1791 1481 λα-

208 1510 314 1563 ϐὡι
345 1525 360 1540 ⁸
394 1531 413 1562 ι
448 1513 715 1582 Κρίθητε,
763 1516 915 1584 φησὶ,
960 1514 1097 1584 πρὸς
1131 1514 1229 1585 τὴν
1256 1516 1465 1588 μητέρα
1493 1518 1645 1587 ὑμῶν
1671 1519 1790 1591 κρί-

208 1600 357 1670 θητε’
398 1602 483 1653 ὅτι
529 1602 669 1671 αύτὴ
718 1602 779 1655 ού
824 1604 955 1675 γυνή
1008 1621 1131 1674 μου,
1176 1605 1331 1674 κάγὼ
1374 1605 1473 1658 οὐκ
1511 1606 1650 1677 ἀνὴρ
1687 1608 1785 1661 αύ-

206 1661 324 1764 τῖίς.
357 1712 375 1743 ι
412 1694 543 1746 Ἐπὶ
574 1661 675 1762 μὲν
700 1695 809 1765 γὰρ
836 1661 1320 1767 τῆςιπροκευιμένης
1344 1697 1569 1761 εἰκόνος,
1698 1699 1786 1768 12)
1820 1661 1860 1715 Β

208 1782 427 1849 citat-.101:
469 1784 556 1836 ὃτι
598 1784 814 1854 μητέρα
843 1785 942 1853 μὲν
975 1786 1074 1856 τὴν
1102 1787 1306 1857 πόρνην
1335 1787 1508 1850 καλεῖ,
1535 1787 1701 1842 τέκνα
1729 1788 1786 1841 δὲ

204 1874 270 1926 τά
312 1874 371 1940 ἐξ
416 1875 596 1944 αὐτῆς
628 1875 703 1938 ὡς
735 1876 883 1939 εἰκὸς
915 1877 1239 1947 γεννηθέντα
1261 1895 1277 1911 ·
1318 1880 1549 1932 ἐνταῦθα
1578 1881 1634 1932 δὲ
1680 1899 1785 1953 μη-

203 1965 334 2035 τέρα
374 1966 477 2035 μὲν
521 1966 671 2034 λέγει
714 1966 815 2036 τὴν
860 1969 1178 2039 συναγωγὴν
1223 1970 1333 2022 τῶν
1387 1971 1676 2037 Ἰουδαίων,
1718 1973 1784 2044 ἢν

202 2054 412 2109 ἄνωθεν
429 2057 636 2109 ὡσανεὶ
660 2058 1134 2127 μνηστευσάμενός
1154 2075 1211 2110 τε
1230 2059 1323 2112 καὶ
1350 2059 1585 2129 συνάψας
1607 2062 1783 2133 ἑαυτῷ

184 2152 267 2219 τῇ
296 2148 635 2219 κηδεμονίας
665 2149 939 2221 ὑπερϐολῇ
975 2151 1209 2222 ἐξήγαγέ
1247 2168 1303 2203 τε
1343 2153 1440 2222 τῆς
1482 2153 1778 2221 Αἰγύπτου,

205 2242 293 2293 καὶ
336 2240 661 2312 ἐλευθερίας
689 2241 930 2308 ἀξιώσας
968 2244 1047 2305 είς
1072 2243 1171 2313 τὴν
1198 2241 1401 2313 ἔρημον
1426 2245 1653 2314 ἢγαγεν,
1688 2246 1781 2298 ἐπὶ

204 2330 277 2401 τῷ
309 2332 413 2403 τὴν
453 2331 774 2386 θεοσέϐειαν
816 2332 1164 2387 ἐκπαιδεῦσαι
1211 2337 1291 2398 εἰς
1336 2336 1554 2405 μείζονα
1600 2337 1779 2406 σχέσιν

205 2427 431 2493 ἀγαγεῖν
461 2425 694 2478 ἑαυτοῦ·
731 2426 873 2479 καθά
911 2427 1003 2480 καὶ
1042 2427 1070 2478 ὁ
1106 2428 1371 2497 μακάριος
1433 2428 1592 2480 Δαυίδ
1625 2444 1775 2497 φησι·

210 2537 229 2569 ι
257 2516 551 2587 Μνήσθητι
578 2519 685 2587 τῆς
726 2517 1049 2587 συναγωγῆς
1093 2535 1186 2571 σου
1216 2514 1285 2590 ἦς
1319 2520 1532 2588 ἐκτήσω
1564 2519 1657 2572 ἀπ’
1680 2519 1779 2590 ἀρ-

203 2608 330 2677 κῆς,
373 2605 670 2675 ἐλυτρώσω
704 2606 897 2678 ῥάϐδον
952 2606 1313 2678 κληρονομίας
1371 2626 1486 2662 σου.
1530 2627 1549 2659 ι
1600 2610 1776 2663 Τέκνα

201 2699 255 2752 δὲ
305 2697 521 2766 ταύτης
559 2697 653 2750 τὸν
704 2698 846 2751 κατά
891 2699 1139 2770 διαδοχὴν
1178 2700 1236 2767 ἐξ
1288 2699 1455 2771 αὐτῆς
1505 2702 1775 2757 συστάντα

201 2787 329 2842 λαόν
348 2805 361 2816 °
405 2788 483 2853 ὡς
507 2788 622 2861 γὰρ
648 2790 698 2841 οί
734 2790 970 2862 πατέρες
995 2793 1042 2843 οί
1075 2792 1193 2843 τότε
1221 2792 1470 2859 λέγονται
1493 2792 1602 2847 τῶν
1640 2793 1777 2864 μετὰ

200 2881 405 2934 ταῦτα’
444 2900 465 2933 ι
508 2882 575 2934 Ol
622 2881 732 2952 γάρ
776 2882 1011 2953 πατέρες
1070 2883 1242 2952 ὑμῶν,
1289 2885 1441 2954 φησι,
1495 2885 1557 2938 τὸ
1603 2885 1777 2955 μάννα

200 2973 401 3043 ἔφαγον
434 2975 497 3027 ἐν
528 2976 597 3045 τῇ
630 2976 840 3045 ἐρήμῳ,
869 2976 963 3028 καὶ
992 2976 1279 3029 ἀπέθανον.
1313 2995 1331 3027 ι
1363 2976 1518 3031 ίὶῦτω
1541 2978 1636 3031 καὶ
1668 2979 1775 3049 μή·
1802 3009 1843 3066 C

198 3081 297 3136 τηρ
342 3067 380 3136 ἡ
431 3066 643 3135 ταύτης
687 3066 975 3138 συναγωγὴ
1026 3066 1243 3121 καλοῖτο
1282 3066 1347 3120 ἂν
1394 3068 1638 3132 δικαίως,
1681 3071 1773 3139 ἀφ’

197 3149 373 3226 ἧσπερ
406 3155 472 3208 τὺ
503 3156 645 3226 μετά
664 3156 834 3209 ταῦτα
861 3158 1111 3227 σύστημα
1137 3157 1327 3225 γέγονε
1347 3158 1456 3210 τῶν
1489 3160 1773 3213 Ἰουδαίων·

198 3247 471 3312 όιςιδίζων
492 3244 589 3302 οὖν
616 3250 814 3311 αὐτοὺς
836 3248 933 3319 τὴν
962 3248 1259 3320 μοχθηρίαν
1292 3249 1387 3303 τοῦ
1413 3250 1637 3321 τρόπου,
1679 3269 1778 3304 κα-

201 3339 295 3399 λῶς
324 3339 499 3408 φησὶν
534 3338 651 3404 ὅτι,
696 3338 937 3392 Ἀνωθεν
966 3340 1088 3392 ἐστέ
1120 3339 1414 3411 μοχθηροὶ,
1443 3341 1536 3393 καὶ
1567 3345 1633 3412 τῇ
1671 3360 1778 3412 μη-

197 3429 278 3497 τρὶ
330 3428 527 3497 σαφῶς
570 3427 807 3490 ἐοικότες
848 3431 912 3499 τῇ
952 3429 1150 3499 οἰκεία.
1186 3431 1247 3483 El
1277 3430 1410 3499 γοῦν
1448 3450 1531 3495 τις
1568 3431 1636 3485 τὰ
1666 3433 1777 3485 τῶν

197 3520 308 3572 τότε
346 3519 532 3590 κρίνοι
566 3520 660 3572 καὶ
700 3519 772 3573 τὰ
805 3519 919 3585 νῦν,
964 3521 1163 3593 πολλὴν
1202 3523 1379 3577 αὐτῶν
1419 3524 1639 3595 εὑρήσει
1682 3542 1779 3578 σα-

199 3611 304 3677 φῶς
328 3610 431 3682 τὴν
462 3610 788 3679 συγγένειαν
811 3628 824 3641 ο
856 3613 1079 3665 ἐκείνων
1108 3613 1207 3684 μὲν
1242 3615 1378 3684 μετά
1407 3615 1468 3669 τὸ
1505 3614 1774 3670 τοσούτων

197 3702 284 3755 καὶ
316 3703 663 3772 τηλικούτων
683 3706 867 3775 τυχεῖν
896 3704 1137 3772 ἀγαθῶν,
1164 3707 1551 3778 τολμησάντων
1577 3708 1777 3779 μόσχον

196 3810 248 3845 τε
297 3795 717 3848 κατασκευάσαι
763 3795 856 3849 καὶ
912 3797 1102 3862 εἰπεῖν,
1162 3817 1180 3849 ι
1222 3791 1380 3852 Οὗτοι
1416 3799 1465 3851 οἱ
1509 3798 1619 3853 θεοί
1658 3817 1773 3866 σου,

206 3884 456 3955 Ἰσραὴλ,
497 3886 547 3938 οἶ
582 3885 849 3957 ἐξήγαγόν
890 3904 946 3940 σε
983 3889 1045 3940 ἐκ
1078 3889 1180 3959 γῆς
1209 3890 1482 3958 Αἰγύπτου
1504 3907 1517 3920 '
1561 3911 1581 3943 ι
1623 3892 1774 3964 ὑμῶν

197 3976 246 4028 δὲ
282 3977 408 4029 καθ’
450 3977 747 4048 ὁμοιότητα
780 3979 1001 4034 ἐκείνων
1032 3980 1496 4037 καταλελοιπότων
1545 3983 1642 4055 μὲν
1676 3984 1774 4056 τὴν

198 4068 389 4134 γνῶσιν
432 4068 537 4139 τὴν
574 4069 735 4139 ἐμὴν,
772 4070 866 4123 τοῦ
909 4070 1173 4140 τοσαύτην
1206 4071 1359 4142 ὑμῶν
1403 4073 1638 4127 πάντοτε
1677 4092 1775 4128 πε-

198 4163 492 4233 τοιημένου
520 4162 871 4232 κηδεμονίαν,
912 4161 987 4232 (p.
1029 4163 1116 4233 15)
1151 4165 1242 4216 ἐπὶ
1266 4164 1323 4218 δέ
1357 4164 1452 4235 τὴν
1475 4165 1583 4219 τῶν
1616 4167 1771 4221 εἰδώ-

199 4247 295 4302 λων
327 4255 634 4326 θεραπείαν
662 4255 1014 4326 τραπέντωνο
1050 4256 1184 4310 ὥστ’
1218 4257 1282 4311 ἂν
1311 4258 1587 4328 ἁρμοδίως
1626 4260 1771 4329 ὑμᾶς

1898 514 2023 555 vero
2050 507 2137 554 est
2165 499 2287 570 ejus
2316 499 2396 554 rei
2425 498 2821 553 demonstratio
2845 499 2867 552 2

2539 772 2690 828 CAP.
2732 772 2796 826 ll.

1962 864 2129 920 Vsus.
2161 865 2215 926 l,
2241 863 2298 917 2.
2326 892 2399 903 —-
2430 882 2447 914 ι
2492 863 2663 919 Dicite
2716 864 2869 919 fratri
2926 874 3108 921 vestro
3129 907 3144 930 ,
3210 864 3452 935 Populus

1894 974 2084 1025 meus;
2111 966 2164 1013 et
2187 959 2361 1012 sorori
2394 968 2605 1021 vestne,
2640 958 3065 1012 Misericordiam
3085 970 3396 1015 consecuta.
3428 978 3450 1014 ι

1893 1049 2089 1114 Dicite,
2122 1064 2223 1120 pro
2256 1048 2458 1104 Dicetis
2490 1067 2503 1103 :
2536 1050 2750 1103 scilicet
2780 1050 2854 1102 ait
2889 1048 3006 1104 fore
3037 1057 3096 1103 ut
3126 1051 3234 1104 illis
3265 1050 3458 1103 immu-

1893 1148 2077 1194 tentur
2128 1141 2351 1195 nomina
2400 1160 2413 1194 :
2465 1140 2779 1194 nominibus
2826 1149 3004 1194 autem
3060 1141 3201 1195 facta
3249 1140 3457 1212 signiﬁ~

1891 1244 1978 1286 cat
2005 1233 2106 1302 (2).
2157 1233 2434 1302 Congruet
2469 1234 2613 1288 enim
2645 1234 2812 1303 ipsis,
2843 1234 2954 1298 ait,
2991 1238 3170 1287 vocari
3207 1234 3414 1304 Populo
3437 1276 3453 1300 ,

1891 1334 1946 1379 et
1977 1326 2331 1380 Clementiam
2355 1335 2694 1393 consecutae;
2729 1333 2986 1395 tanquam
3016 1326 3376 1380 familiaribus
3402 1336 3457 1381 et

1891 1416 2180 1470 clementia
2211 1431 2332 1470 mea
2362 1426 2494 1469 tunc
2520 1416 2849 1471 fruentibus.
2884 1415 3084 1470 Deinde
3113 1431 3141 1469 a
3176 1418 3456 1486 proposita

1890 1507 2125 1577 imagine
2165 1521 2353 1561 ansam
2394 1506 2609 1561 dicendi
2661 1508 2910 1576 capiens,
2946 1526 2964 1557 ι
3000 1507 3158 1563 Ferte
3239 1509 3452 1579 inquit,

1885 1596 2021 1652 ferte
2099 1599 2423 1652 sententiam
2444 1608 2633 1653 contra
2649 1608 2874 1673 matrem
2899 1609 3165 1665 vestram;
3192 1602 3317 1670 quia
3337 1603 3453 1672 ipsa

1888 1689 2033 1743 liaud
2066 1705 2205 1745 uxor
2233 1706 2375 1754 mea,
2406 1706 2504 1746 nec
2530 1706 2633 1761 ego
2664 1692 2745 1746 vir
2776 1692 2915 1763 ejus.
2953 1712 2973 1745 ›
3006 1691 3122 1747 Jam
3153 1695 3454 1749 secundum

1885 1782 2086 1835 dictam
2122 1782 2417 1852 imaginem
2462 1785 2814 1853 perspicuum
2859 1792 2964 1849 est,
3019 1794 3247 1841 matrem
3295 1787 3455 1842 abeo

1884 1875 2072 1928 vocari
2123 1876 2463 1930 meretricem
2513 1876 2694 1938 illam,
2743 1876 2884 1932 ﬁlios
2912 1884 3091 1933 autem
3138 1880 3258 1934 sine
3290 1878 3457 1934 dubio

1880 1982 1975 2021 eos
2010 1968 2102 2036 qui
2137 1968 2203 2021 de
2241 1966 2430 2022 eadem
2480 1968 2593 2021 nati
2632 1978 2805 2023 erant.
2847 1969 2951 2025 Sed
2993 1978 3178 2026 tamen
3220 1971 3307 2024 hic
3336 1987 3455 2026 ma-

1881 2065 2017 2113 trem
2059 2059 2191 2112 dicit
2223 2058 2533 2113 Iudaeorum
2570 2075 2936 2131 synagogam,
2966 2078 3130 2133 quam
3168 2065 3455 2133 superiore

1879 2159 2125 2219 tempore
2155 2157 2417 2220 tanquam
2450 2151 2556 2205 sibi
2592 2153 2922 2222 desponsam
2954 2163 3116 2224 atque
3136 2158 3450 2225 copulatam

1876 2242 2078 2296 eximia
2114 2242 2457 2311 providentia
2496 2242 2761 2298 eduxerat
2797 2261 2860 2299 ex
2891 2245 3151 2317 Egypto,
3186 2263 3249 2303 ac
3280 2249 3453 2303 liber-

1877 2340 1990 2388 tate
2032 2333 2287 2404 dignatus
2335 2334 2389 2387 in
2432 2336 2709 2390 desertum
2755 2353 2928 2407 usque
2966 2340 3349 2408 transtulerat;
3392 2351 3452 2396 ut

1878 2426 1949 2480 ibi
1978 2441 2097 2479 eam
2133 2426 2354 2480 doceret
2382 2427 2637 2497 pietatem
2680 2443 2808 2498 erga
2844 2444 2903 2484 se
2936 2431 3144 2499 majore
3178 2433 3332 2487 cultu
3382 2449 3447 2488 ac.

1877 2517 2061 2587 specie
2095 2531 2434 2586 expromere.
2469 2515 2644 2570 Sicuti
2689 2522 2850 2572 etiam
2894 2518 3087 2576 beatus
3136 2523 3210 2576 ait
3253 2521 3446 2587 David,

1884 2631 1903 2663 ι
1934 2610 2137 2666 Memor
2166 2618 2286 2665 esto
2321 2610 2766 2681 congregationis
2797 2618 2925 2674 tum,
2956 2628 3117 2681 quam
3148 2614 3448 2682 possedisti

1881 2702 1949 2756 ab
1981 2701 2161 2757 initio.
2196 2701 2492 2757 Redemisti
2518 2702 2729 2772 virgam
2785 2703 3115 2760 hareditatis
3169 2706 3383 2761 tuae”.
3421 2727 3442 2760 ι

1890 2791 2189 2864 εςηοεοεαξ
2226 2809 2354 2848 vero
2386 2794 2586 2849 liberos
2618 2796 2712 2857 ait,
2736 2804 3053 2865 generatum
3083 2812 3148 2851 ex
3178 2813 3240 2852 ea
3270 2813 3446 2868 popu-

1875 2884 2012 2940 lum.
2068 2885 2278 2957 Reapse
2329 2886 2477 2939 illius
2549 2887 2815 2955 temporis
2876 2885 3127 2942 homines
3190 2888 3448 2943 dicuntur

1878 2986 2132 3048 parentes
2188 2978 2554 3033 recentiorum
2598 2994 2612 3030 :
2663 2996 2683 3028 ι
2722 2976 2855 3032 Nam
2895 2988 3079 3048 patres
3133 2979 3189 3049 9
3248 2981 3446 3046 vestri,

1880 3068 2077 3136 inquit,
2110 3066 2587 3122 manducaverunt
2618 3080 2817 3120 manna
2852 3066 2906 3120 in
2944 3066 3184 3127 deserto.
3217 3075 3271 3121 et
3301 3083 3449 3122 mor-

1878 3159 1956 3212 tui
2004 3164 2154 3212 sunt.
2201 3177 2219 3211 ι
2268 3157 2360 3212 Sic
2398 3158 2564 3212 etiam
2604 3158 2797 3212 matris
2845 3156 3065 3211 nomine
3098 3159 3449 3227 congregatio

1879 3250 1994 3304 haec
2020 3250 2146 3319 jure
2185 3249 2568 3320 appellabitur,
2600 3264 2665 3303 ex
2699 3264 2805 3317 qua
2851 3256 3068 3318 postera
3107 3264 3240 3318 gens
3264 3246 3447 3304 Judae-

1876 3356 2033 3396 orum
2061 3348 2357 3411 propagata
2378 3348 2483 3396 est.
2512 3340 2862 3409 Exprobrans
2886 3340 3068 3410 itaque
3100 3340 3210 3395 illis
3233 3356 3445 3395 morum

1880 3434 2279 3503 improbitatem
2320 3444 2468 3489 recte
2508 3434 2606 3488 ait:
2648 3431 2853 3488 Fuistis
2890 3433 2958 3487 ab
2993 3433 3220 3502 antiquo
3260 3433 3445 3504 pravi,

1877 3532 2177 3594 vestraeque
2197 3525 2355 3579 matri
2384 3526 2631 3595 apprime
2653 3524 2884 3579 similes.
2906 3522 3024 3576 Jam
3046 3523 3093 3578 si
3114 3525 3236 3593 quis
3266 3534 3447 3580 vetera

1878 3631 2005 3671 cum
2040 3615 2400 3686 praesentibus
2439 3614 2720 3677 conferet,
2774 3614 2947 3666 multa
2999 3614 3124 3669 inde
3160 3614 3339 3669 eliciet
3381 3629 3446 3670 ac

1879 3707 2217 3777 perspicuam
2277 3707 2737 3761 similitudinem:
2786 3719 2980 3773 nempe
3035 3704 3179 3773 quod
3232 3705 3307 3758 illi
3366 3715 3447 3759 tot

1878 3797 2149 3866 tantisque
2196 3796 2470 3851 beneficiis
2508 3796 2718 3858 allecti,
2766 3795 2998 3850 conflato
3038 3796 3314 3851 audaciter
3365 3797 3447 3851 vi-

1881 3892 2012 3953 tulo,
2041 3890 2279 3943 dixerint
2310 3908 2323 3943 :
2358 3908 2376 3936 σ
2412 3888 2474 3942 lli
2525 3897 2653 3944 sunt
2680 3887 2751 3942 dii
2791 3889 2890 3955 tui,
2920 3889 3083 3943 Israel
3111 3929 3125 3951 ,
3168 3890 3258 3958 qui
3294 3897 3345 3945 te
3378 3905 3442 3946 ex

1878 3974 2110 4051 Egypto
2145 3980 2469 4035 eduxerunt.
2516 4000 2535 4033 ι
2571 3981 2679 4035 Vos
2717 3994 2865 4045 vero,
2913 3978 3053 4034 Deus
3080 3981 3275 4050 inquit,
3326 3981 3445 4035 illo-

1876 4089 1995 4126 rum
2026 4073 2286 4142 exemplis
2322 4074 2401 4127 usi
2426 4115 2439 4138 ,
2473 4074 2687 4142 abjecta
2719 4072 2915 4126 notitia
2947 4073 3084 4135 mei,
3112 4072 3204 4141 qui
3234 4080 3443 4128 tantam

1875 4164 2040 4218 vestri
2093 4165 2513 4219 sollicimtlincm
2580 4164 2744 4234 gessi,
2795 4164 2858 4217 ad
2918 4164 3182 4218 idolorum
3236 4165 3440 4219 cultum

1876 4255 2129 4308 conversi
2162 4255 2295 4308 estis
2330 4269 2342 4304 :
2377 4269 2484 4323 quo
2520 4253 2575 4305 fit
2602 4262 2660 4307 ut
2687 4262 2809 4322 apte
2831 4253 2982 4308 vobis
3005 4255 3443 4309 accommodetur

200 4346 628 4416 παρεικασθῆναι
664 4349 730 4415 τῇ
764 4347 937 4419 πόρνῃ
959 4364 971 4377 ο
999 4348 1121 4401 ἐπεὶ
1151 4350 1289 4418 μήτε
1321 4349 1349 4401 ὑ
1359 4352 1449 4418 μίν
1478 4349 1621 4402 οὔτω
1650 4350 1769 4403 δια-

1883 4345 2178 4399 meretricis
2209 4344 2406 4415 imago.
2432 4343 2682 4399 Jatnvero
2720 4360 2815 4398 vos
2850 4345 2950 4397 hac
2982 4344 3288 4398 animorum
3319 4361 3444 4416 pra-

199 4439 468 4507 κειμένοις
506 4437 777 4508 ἁρμόττον
802 4438 863 4491 τὸ
892 4441 1058 4510 ἐμοὺς
1099 4440 1178 4493 ἔτι
1206 4440 1524 4494 καλεῖσθαι·
1560 4440 1668 4510 ἐγώ
1708 4459 1767 4495 τε

198 4529 704 4600 ἀπηλλοτριωμένος
764 4530 919 4599 ὑμῶν
970 4531 1028 4598 ἐξ
1079 4531 1257 4586 αὐτῶν
1315 4531 1599 4602 δείκνυμαι
1659 4531 1768 4585 τῶν

200 4623 564 4690 πραγμάτων
590 4620 879 4692 τοιγαροῦν
899 4621 954 4674 τί
972 4640 985 4685 ;

261 4716 386 4785 Στίχ
413 4722 555 4783 γ’-ε⁹.
577 4744 647 4755 —
673 4735 692 4767 ι
735 4717 844 4769 Καὶ
880 4716 1058 4788 ἐξαρῶ
1085 4718 1183 4789 τὴν
1220 4716 1471 4787 πορνείαν
1516 4718 1685 4787 αὐτῆς
1715 4719 1778 4770 ἐκ

201 4806 485 4873 προσώπου
512 4823 637 4877 μου,
662 4808 755 4859 καὶ
784 4806 880 4877 τὴν
907 4808 1151 4877 μοιχείαν
1167 4808 1335 4879 αὐτῆς
1361 4809 1424 4860 ἐκ
1453 4806 1616 4877 μέσου
1637 4825 1773 4879 μασ-

200 4897 299 4949 τῶν
324 4899 527 4968 αὐτῆς·
554 4916 573 4948 ι
607 4900 820 4968 μακρὰν
846 4897 955 4970 γὰρ
979 4898 1171 4959 αὐτοὺς
1196 4900 1219 4951 ἐ
1228 4899 1430 4969 μαυτοῦ
1452 4900 1775 4971 καταστήσω

203 4988 283 5041 διὰ
303 4990 397 5059 τῆς
439 4989 835 5059 αἰχμαλωσίας,
866 4989 961 5043 καὶ¹
992 4990 1077 5043 διὰ
1111 4991 1209 5059 τῆς
1246 4991 1433 5062 πόρρω
1466 4992 1572 5042 τῶν
1597 4990 1774 5044 τόπων

204 5083 495 5153 ἀπαγωγῆς
515 5099 528 5112 ·
566 5082 641 5145 ὡς
671 5081 865 5151 μηκέτι
897 5081 1119 5153 θεωρεῖν
1148 5082 1314 5153 αὐτὴν
1362 5085 1491 5152 παρ’
1520 5083 1641 5151 ἐμοὶ
1676 5082 1773 5152 τὴν

205 5175 451 5241 πορνείαν
507 5172 830 5226 ἐκτελοῦσαν
876 5173 975 5243 τὴν
1032 5174 1267 5228 οἰκείαν
1323 5177 1461 5244 μήτε
1527 5175 1622 5243 μὲν
1676 5172 1774 5243 τὴν

209 5262 444 5331 μοιχείαν
471 5264 538 5333 ἣν
588 5262 725 5331 μετά
763 5263 961 5334 πολλῆς
999 5265 1287 5335 ἐργάζεται
1325 5269 1420 5337 τῆς
1456 5264 1769 5329 ἀκολασίας,

206 5354 411 5406 ἃπασαν
446 5354 644 5425 ἑαυτὴν
677 5354 937 5426 προθεῖσα
980 5359 1092 5420 τοῖς
1146 5358 1413 5421 εἰδώλοις·
1462 5357 1617 5410 τοῦτο
1667 5358 1773 5428 γὰρ

207 5439 374 5510 λέγει’
430 5446 488 5499 τὺ
527 5464 546 5497 ι
600 5449 665 5499 ἐκ
708 5446 871 5516 μέσου
913 5449 1129 5518 μαστῶν
1173 5451 1359 5521 αὐτῆς,
1397 5470 1413 5501 ι
1445 5450 1518 5513 ὡς
1557 5449 1620 5502 ἂν
1664 5448 1768 5501 τῶν

276 5559 342 5597 ἰ’
369 5557 511 5614 Psal.
564 5574 758 5615 uxul.
790 5559 844 5615 2.

1882 4439 2047 4491 vitate
2088 4436 2329 4490 imbutos
2362 4435 2501 4488 haud
2536 4451 2631 4503 par
2669 4447 2750 4489 est
2788 4435 2993 4492 diutius
3032 4452 3181 4491 meos
3211 4438 3389 4491 vocari
3424 4457 3438 4493 :

1875 4527 2189 4596 etquidem
2245 4541 2343 4596 ego
2399 4542 2428 4579 a
2494 4525 2645 4580 vobis
2691 4526 3035 4581 abalienatus
3096 4543 3238 4582 sum.
3300 4528 3442 4594 Quid

1873 4619 2041 4689 ergo?

1955 4712 2119 4767 Vsus.
2164 4711 2285 4764 5-5.
2332 4739 2382 4750 --
2420 4726 2439 4760 ι
2483 4708 2733 4762 Auferam
2775 4707 3191 4766 fornicationem
3242 4712 3361 4781 ejus
3408 4726 3439 4767 a

1875 4813 2171 4876 conspectu
2209 4818 2328 4856 meo
2356 4843 2368 4865 ,
2409 4808 2462 4854 et
2501 4801 2826 4855 adulterium
2868 4803 2987 4872 ejus
3018 4818 3047 4857 e
3091 4801 3268 4857 medio
3310 4804 3441 4859 ube-

1875 4915 1995 4953 rum
2053 4899 2193 4968 ejus.
2265 4915 2284 4949 ι
2342 4893 2560 4948 Scilicet
2634 4894 2821 4962 procul
2887 4910 2973 4949 me
3026 4903 3233 4964 gentem
3297 4895 3438 4951 hanc

1876 4992 2135 5060 abigam,
2206 4984 2506 5057 projeetatn
2578 4986 2632 5038 in
2702 4987 3065 5054 captivitatem
3140 4994 3303 5052 atque
3366 4989 3437 5043 ad

1876 5082 2172 5151 longinqua
2228 5081 2344 5132 loca
2394 5078 2712 5131 translatam
2750 5096 2761 5131 :
2804 5092 2871 5130 ne
2918 5076 3126 5131 diutius
3168 5078 3308 5146 apud
3353 5095 3437 5134 me

1876 5174 2084 5227 videam
2133 5170 2496 5225 scortationes
2532 5170 2652 5238 ejus
2682 5178 2732 5221 ct
2774 5168 3040 5220 adulteria
3080 5169 3439 5238 cupidissime

1874 5266 2133 5328 admissa,
2184 5264 2311 5317 durn
2368 5277 2426 5317 se
2470 5261 2627 5316 idolis
2673 5267 2838 5311 totam
2907 5259 3129 5313 addicit.
3189 5261 3243 5314 Id
3292 5263 3435 5316 enim

1874 5355 2144 5424 Significat
2205 5372 2221 5404 ι
2260 5370 2288 5407 e
2331 5349 2508 5407 medio
2548 5351 2774 5403 uberum
2826 5349 2967 5419 ejus,
3005 5370 3022 5402 ι
3074 5360 3330 5421 tanquam
3388 5351 3434 5405 si

1878 5456 2056 5503 Scorta
2092 5463 2183 5516 per
2215 5446 2433 5499 nimiam
2481 5442 2755 5497 lasciviam
2790 5458 2912 5495 cum
2957 5443 3287 5497 amatoribus
3319 5455 3436 5500 suis

274 5673 349 5746 (2)
388 5676 509 5732 Haec
552 5676 915 5735 nominibus...
961 5676 1245 5747 signiﬁco',
1290 5676 1346 5729 in
1389 5672 1576 5727 Graeco
1629 5671 1845 5728 desunt.
1892 5668 2046 5725 an'r.
