3898 6228
417 150 520 207 $35

1586 140 1934 200 THEODORI
1959 135 2439 196 ﬂOPSUESTENl

3542 132 3649 188 136

417 268 494 325 ita
517 271 820 323 versentur.
860 266 1034 337 Atque
1055 264 1141 321 bis
1175 274 1547 321 consentanea
1578 264 1931 335 prosequitur
1957 282 1971 318 :

2108 262 2289 336 πορνῶν
2322 261 2388 317 δι’
2429 257 2730 332 ὑπερϐολὴν
2775 254 3066 318 ἀκολασίας
3094 256 3220 320 τοὺς
3255 255 3486 326 μαστοὺς
3519 262 3647 322 τοὺς

423 384 444 420 ι
485 362 557 420 Ut
584 373 705 415 eam
731 358 977 414 vestibus
1002 357 1255 426 spoliem,
1290 356 1597 426 faciamque
1625 364 1685 411 ut
1714 356 1769 409 in
1791 355 1983 410 diebus

417 451 727 507 nativitatis
764 448 904 518 ejus.
950 466 968 499 1
1005 446 1164 504 Omni
1212 455 1431 511 ornatu,
1462 447 1676 515 inquit,
1713 445 1981 508 detracto,

415 556 575 611 quem
609 542 657 595 ei
690 548 913 610 propter
943 554 1122 593 meum
1145 539 1385 593 studium
1413 536 1900 598 circumdederam,
1928 535 1984 588 in

414 631 650 701 speciem
697 630 841 682 illam
880 628 1160 683 restituam
1189 668 1204 693 ,
1257 641 1365 696 qua
1404 627 1659 680 utebatur
1706 640 1828 677 cum
1874 624 1987 693 pri-

418 738 565 776 mum
636 722 691 775 in
747 719 984 791 Egypto
1039 720 1229 779 crevit,
1306 719 1361 772 in
1411 716 1680 788 angustiis
1727 715 1984 769 nimirum

419 824 580 882 atque
641 812 923 865 laboribus
992 818 1157 880 atque
1215 810 1413 862 acerbo
1474 808 1703 862 servitio
1759 806 1984 875 degens.

422 904 778 958 Nativitatem
807 903 951 957 enim
982 904 1100 971 ejus
1138 902 1374 971 appellat
1413 911 1622 968 tempus
1657 899 1810 963 illud,
1853 914 1991 970 quo-

419 995 568 1049 niam
622 993 861 1049 Judaica:
910 992 1147 1046 nationis
1191 1000 1322 1045 tunc
1373 992 1529 1044 initia
1575 988 1817 1045 fuerunt.
1856 1008 1876 1041 ι
1927 989 1991 1043 Et

422 1095 619 1158 pon‘am
670 1100 790 1140 eam
840 1084 998 1154 quasi
1045 1085 1415 1146 solitudinem,
1471 1090 1528 1137 et
1585 1090 1820 1136 statuam
1871 1097 1991 1137 eam

422 1179 579 1247 quasi
611 1177 714 1247 ιο
744 1187 945 1230 terram
978 1191 1118 1245 aqua
1145 1184 1443 1229 carentem.
1468 1193 1486 1225 1
1520 1172 1612 1228 Sic
1642 1174 1898 1228 nimirum
1926 1174 1993 1228 ab

423 1270 574 1324 omni
601 1285 659 1323 re
700 1270 841 1322 bona
883 1268 1223 1332 derelictam,
1268 1268 1431 1321 veluti
1470 1268 1745 1323 desertam
1793 1276 1993 1321 terram

2086 352 2242 417 ἰδίους
2302 354 2413 414 τοῖς
2449 351 2704 422 ἐρασταῖς
2762 346 3112 417 παρεχουσῶν
3134 360 3151 377 ⁸
3208 345 3301 400 καὶ
3347 346 3466 400 καθ’
3521 346 3653 417 ἑξῆς

2082 443 2151 497 τά
2198 442 2464 497 ἀκόλουθα
2523 442 2697 510 λέγων
2726 458 2741 473 ο
2807 459 2826 493 ι
2887 440 3075 503 Ὅπως
3115 438 3181 492 ἂν
3231 438 3439 492 ἐκδύσω
3482 440 3653 509 αὐτὴν

2085 533 2264 597 καθὼς
2307 535 2366 587 ἐν
2398 532 2633 605 ἡμέραις
2687 531 2787 600 τῆς
2832 532 3133 600 γεννήσεως
3173 530 3358 600 αὐτῆς.
3417 547 3436 580 1
3467 529 3655 583 Πάντα

2085 627 2177 682 τὸν
2217 622 2907 696 κόσμον,φησίν,ἀφελῶν,
2957 621 3016 675 ὃν
3071 622 3158 675 διὰ
3187 622 3285 693 τῆς
3327 622 3464 691 ἐμῆς
3512 620 3651 690 αὐτῇ

2104 714 2407 787 περιέθηκα
2496 712 2817 783 κηδεμονίας
2844 753 2860 779 ,
2930 713 2989 766 ἐν
3062 710 3252 781 ἐκείνῳ
3331 713 3654 778 καταστήσω

2087 805 2164 877 τῷ
2235 807 2512 877 σχήματι,
2564 805 2623 857 ἐν
2669 797 2819 877 ᾧπερ
2856 798 2925 875 ἦν
2974 802 3065 856 ἐπὶ
3106 803 3205 873 τῆς
3262 802 3536 871 Αἰγύπτου
3589 816 3654 854 το

2089 900 2302 971 πρῶτον
2354 899 2594 951 συστᾶσα
2618 936 2634 962 ,
2682 896 2771 950 ὅτε
2822 897 2882 950 ἐν
2925 895 3190 964 ἀνάγκαις
3236 890 3305 966 ἦν
3351 896 3443 948 καὶ
3473 894 3657 958 πόνοις

2089 993 2183 1045 καί⁵
2227 990 2438 1062 δουλείᾳ
2476 991 2675 1061 πικρᾷο
2724 989 2936 1059 γένεσιν
2971 989 3080 1060 γάρ
3124 988 3290 1059 αὐτῆς
3331 988 3421 1041 τὸν
3469 988 3658 1061 καιρὸν

2089 1085 2293 1137 ἐκεῖνον
2348 1082 2528 1136 καλεῖ·
2577 1081 2655 1153 (p.
2706 1081 2794 1151 14)
2840 1080 3024 1151 ἐπειδὴ
3070 1080 3167 1151 τῆς
3208 1078 3501 1149 Ἰουδαϊκῆς
3529 1098 3657 1133 συν-

2092 1175 2315 1245 αγωγῆς
2348 1173 2490 1246 ἀρχὴ
2538 1173 2638 1243 τῆς
2680 1172 2989 1234 συστάσεως
3027 1173 3057 1225 ό
3100 1171 3286 1243 καιρὸς
3328 1168 3396 1243 ἦν
3432 1173 3658 1232 ἐκεῖνος.

2099 1284 2117 1317 ι
2164 1267 2271 1318 Καὶ
2304 1264 2454 1336 θήσω
2482 1263 2648 1334 αὐτὴν
2683 1262 2758 1326 ὡς
2797 1262 3018 1333 ἔρημον,
3059 1263 3155 1316 καὶ
3197 1261 3342 1326 τάξω
3382 1262 3550 1333 αὐτὴν
3584 1261 3661 1324 ὡς

425 1372 587 1432 atque
638 1362 1003 1430 iuaquosam,
1073 1361 1361 1428 omnisque
1425 1358 1641 1414 fructus
1693 1366 1992 1428 expertem.

2108 1358 2198 1427 γῆν
2226 1356 2465 1427 ἄνυδρον.
2509 1374 2529 1407 1
2564 1354 2748 1417 Οὕτως
2793 1354 2991 1417 παντὸς
3036 1354 3400 1425 ἐστερημένην
3434 1352 3662 1422 ἀγαθοῦ,

430 1468 451 1501 ι
495 1450 706 1519 Sitique
735 1464 854 1502 eam
888 1449 1152 1519 perimam
1197 1467 1215 1502 1
1261 1450 1518 1504 omnibus
1539 1449 1785 1504 orbatam
1814 1449 1992 1513 bonis,

2108 1451 2282 1520 ὥσπερ
2317 1450 2350 1520 ἡ
2398 1448 2599 1519 ἔρημος
2639 1446 2733 1501 καὶ
2769 1445 2992 1515 ἄνυδρος
3044 1445 3115 1516 γῆ
3168 1444 3393 1516 καρπῶν
3437 1446 3665 1516 ἄμοιρός

423 1557 723 1612 eorumque
748 1543 949 1610 oppido
966 1542 1240 1611 cupidam,
1263 1542 1464 1595 nullius
1479 1552 1657 1596 tamen
1680 1542 1993 1611 potientem.

2108 1548 2211 1598 tm
2233 1540 2530 1604 παντελῶς.
2555 1558 2573 1591 ι
2597 1538 2707 1593 Καὶ
2732 1536 3012 1592 ἀποκτενῶ
3027 1537 3194 1609 αὐτὴν
3214 1538 3271 1591 ἐν
3295 1538 3454 1607 δίψει*
3484 1557 3500 1588 1
3528 1538 3665 1590 πάν-

430 1652 451 1685 ι
479 1631 792 1687 Liberorum
815 1632 933 1697 ejus
950 1648 1056 1685 non
1089 1631 1405 1695 miserebor,
1435 1631 1563 1701 quia
1587 1631 1828 1702 germina
1847 1645 1999 1685 scor-

2108 1653 2203 1691 ιων
2252 1602 2617 1706 ἐστερημένην
2663 1629 2773 1685 τῶν
2817 1628 3056 1698 ἀγαθῶν,
3097 1602 3190 1681 καὶ
3227 1602 3515 1700 ἐφιεμένην
3567 1629 3669 1699 μὲν

426 1726 689 1778 tationuni
705 1730 829 1779 sunt
851 1743 862 1776 :
881 1732 1116 1777 scortata
1132 1730 1218 1777 est
1238 1725 1381 1776 enim
1402 1730 1575 1777 mater
1593 1738 1805 1786 eorum,
1820 1722 2000 1791 turpi-

2108 1726 2275 1782 αὐτῶν
2312 1725 2386 1788 ὡς
2432 1723 2597 1785 είκδς,
2625 1720 2995 1791 τυγχάνουσαν
3039 1718 3095 1771 δὲ
3141 1718 3368 1780 οὐδενός.
3409 1738 3425 1769 ι
3459 1718 3565 1770 Καὶ
3598 1718 3670 1771 τὰ

430 1826 510 1870 ter
545 1818 654 1887 egit
685 1832 802 1885 quae
830 1817 1036 1885 peperit
1063 1830 1178 1869 eos.
1216 1834 1234 1867 1
1271 1814 1366 1869 His
1394 1830 1519 1869 vero
1546 1817 1815 1869 exercitos
1842 1815 2000 1869 malis

2108 1819 2263 1872 τέκνα
2320 1816 2485 1884 αὐτῆς
2535 1814 2595 1866 ού
2650 1811 2724 1883 μὴ
2777 1811 3011 1880 ἐλεήσω,
3066 1811 3146 1864 ὅτι
3201 1811 3363 1863 τέκνα
3414 1810 3671 1881 πορνείας

430 1909 573 1960 nulla
594 1923 890 1978 prosequar
908 1906 1278 1960 misericordia
1299 1922 1315 1972 ;
1334 1920 1493 1959 secus
1516 1920 1580 1959 ac
1602 1906 1730 1958 olim
1762 1906 1812 1958 in
1833 1903 2000 1975 Εεν-

2108 1908 2279 1961 ἐστίνο
2324 1907 2406 1960 ὅτι
2459 1902 2843 1975 ἐξεπόρνευσεν
2881 1903 2914 1971 ἡ
2950 1902 3131 1973 μήτηρ
3164 1899 3358 1965 αὐτῶν,
3401 1902 3673 1972 κατῄσχυ-

430 2007 621 2067 ptome
636 1997 778 2063 gessi
807 1998 1096 2064 :quoniam
1122 1995 1213 2048 isti
1244 2010 1423 2063 parem
1454 1996 1611 2048 matri
1635 2010 1747 2049 sua:
1771 2003 2000 2048 mentem

2108 2002 2250 2071 νενή
2288 1998 2520 2052 τεκοῦσα
2567 1995 2727 2049 αὐτά.
2765 2013 2784 2046 1
2824 1994 2913 2048 Ἐν
2952 1994 3008 2047 δέ
3042 1993 3312 2057 τοσούτοις
3352 1992 3675 2063 ἐξεταζομέ-

437 2092 749 2140 iudueruut.
789 2086 960 2139 Mater
990 2087 1133 2140 enim
1168 2086 1297 2138 dum
1334 2086 1608 2154 ejusmodi
1653 2086 1782 2139 olim
1816 2097 2000 2139 contra

2108 2112 2208 2147 νων
2246 2095 2431 2154 κακοῖς
2481 2089 2627 2143 ἔλεον
2663 2090 2724 2141 ού
2761 2088 3087 2157 ποιήσομαι⁸
3132 2087 3267 2156 ὅπερ
3304 2083 3395 2139 οὖν
3445 2088 3534 2139 ἐπὶ
3576 2088 3676 2153 τῆς

442 2196 525 2232 me
553 2179 789 2231 animum
816 2180 973 2249 gerit,
1020 2179 1316 2250 ignominia
1349 2178 1589 2247 perfudit
1615 2188 1806 2247 partus
1838 2195 2000 2243 suos,

2108 2185 2374 2254 Αἰγύπτου
2402 2183 2521 2237 τότε
2553 2182 2847 2249 πεποίηκα,
2876 2179 3059 2250 ἐπειδὴ
3090 2172 3233 2233 οὗτοί
3257 2197 3315 2231 τε
3348 2180 3580 2246 ἀνάλογα
3607 2182 3674 2249 τῇ

440 2274 530 2339 qui
563 2283 862 2325 maternam
904 2272 1163 2325 malitiam
1201 2273 1391 2324 imitati
1422 2280 1568 2325 sunt.
1601 2290 1618 2321 ι
1658 2271 1794 2337 Quia
1822 2273 1957 2326 dixit
1989 2289 2000 2325 :

2110 2277 2273 2348 μητρὶ
2302 2275 2669 2345 πεφρονήκασι
2693 2276 2759 2342 τῇ
2790 2271 2963 2342 οἰκείᾳ
2986 2288 2999 2303 ·
3030 2272 3177 2342 καὶὴ
3208 2273 3388 2341 μήτηρ
3414 2271 3468 2322 δὲ
3500 2270 3678 2323 αὐτῶν

438 2364 528 2418 Ibo
581 2377 702 2434 post
752 2374 1025 2419 amatores
1086 2380 1276 2428 meos,
1333 2365 1424 2433 qui
1466 2365 1596 2416 dant
1652 2366 1783 2417 mihi
1840 2380 2000 2433 panes

2108 2369 2308 2423 ἄνωθεν
2344 2368 2592 2436 τοιαύτην
2612 2363 2991 2435 ἐπιδειξαμένη
3022 2365 3148 2435 περί
3182 2366 3277 2435 ἐμὲ
3306 2367 3403 2433 τὴν
3430 2363 3677 2432 γνώμην,

436 2473 606 2519 meos,
662 2466 715 2509 et
768 2473 963 2525 aquam
1020 2471 1221 2519 meam,
1278 2464 1331 2509 et
1393 2456 1717 2509 vestimenta
1771 2471 1909 2518 mea,
1956 2463 2000 2508 el

2108 2460 2335 2531 αἰσχύνῃ
2362 2460 2453 2512 καὶ
2482 2458 2551 2511 τὰ
2573 2458 2833 2528 τεχθέντα
2865 2458 2920 2524 ἐξ
2953 2458 3119 2526 αὐτῆς
3147 2457 3552 2529 περιϐέϐληκεν,
3586 2459 3682 2511 ita

436 2548 605 2601 linum
641 2564 840 2610 incum,
884 2557 937 2601 ct
969 2549 1148 2600 oleum
1186 2562 1390 2609 meum,
1432 2556 1487 2601 et
1521 2548 1700 2600 omnia
1733 2563 1851 2615 quae
1880 2548 2000 2600 mihi

2112 2552 2464 2624 μιμησάμενα
2504 2552 2602 2622 τὴν
2648 2551 2902 2622 μητρῴαν
2944 2549 3160 2604 κακίαν.
3203 2570 3221 2601 ι
3259 2550 3378 2603 ’Ότι
3410 2546 3551 2611 εἶπε,
3583 2551 3686 2602 [Ιο-

438 2645 560 2696 usui
594 2649 741 2696 sunt.
768 2660 787 2692 1
817 2641 1006 2695 Cuncti
1036 2642 1181 2693 enim
1208 2641 1594 2693 dastnoniorum
1643 2638 1923 2693 famulatui
1952 2657 2000 2696 se

2111 2644 2371 2717 ρεύσομαι
2427 2642 2601 2696 ὀπίσω
2656 2642 2766 2695 τῶν
2810 2641 3056 2713 ἐραστῶν
3118 2659 3238 2711 μου,
3286 2640 3395 2694 τῶν
3437 2641 3686 2693 διδόντων

438 2732 790 2795 addixerunt,
833 2741 996 2800 atque
1036 2732 1122 2787 liis
1158 2738 1299 2786 bona
1353 2746 1453 2786 sua
1492 2742 1711 2801 accepta
1748 2730 2000 2798 referunt,

2114 2754 2201 2806 μοι
2247 2739 2374 2800 τοὺς
2415 2736 2611 2808 ἄρτους
2665 2751 2804 2805 μου,
2848 2734 2941 2787 καὶ
2992 2733 3054 2786 τὸ
3101 2734 3240 2804 ὕδωρ
3293 2751 3425 2804 μου,
3478 2733 3571 2786 καί
3615 2732 3687 2785 τὰ

440 2840 562 2894 quae
598 2841 719 2880 mea
750 2834 931 2879 tamen
962 2824 1241 2879 evidenter
1274 2823 1535 2878 beneﬁcia
1579 2833 1704 2877 sunt
1730 2862 1745 2887 ,
1794 2827 1883 2893 qui
1924 2840 2000 2879 res

2115 2829 2303 2899 ἱμάτιά
2352 2846 2475 2899 μου,
2522 2829 2616 2881 xal.
2663 2827 2733 2881 τὰ
2781 2827 2961 2881 ὀθόνιά
3029 2844 3162 2897 μου,
3204 2825 3265 2879 τὸ
3323 2825 3496 2879 ἔλαιόν
3545 2842 3686 2895 μου,

439 2931 631 2971 omnes
655 2917 857 2972 creari.
892 2916 1011 2971 Jam
1037 2930 1307 2972 amatores
1336 2931 1524 2971 eorum
1557 2917 1834 2972 daemonas
1859 2917 2000 2972 dicit.

2114 2921 2207 2974 καὶ
2260 2922 2435 2974 πάντα
2488 2921 2585 2973 ὅσα
2646 2937 2734 2991 μοι
2798 2917 3046 2985 καθήκει.
3096 2936 3115 2969 1
3168 2917 3519 2971 Ἑκδεδώκασι
3574 2915 3691 2988 γὰρ

440 3018 501 3063 ut
535 3013 845 3064 daemonum
868 3011 1105 3065 declaret
1132 3009 1413 3066 libidinem
1440 3010 1699 3080 perdendi
1730 3011 2012 3078 homines;

441 3111 604 3170 atque
652 3102 844 3156 horum
907 3103 1176 3157 furiosum
1232 3118 1359 3173 erga
1420 3105 1700 3158 diemonas
1746 3104 2010 3167 studium,

441 3208 582 3261 quos
637 3196 865 3247 deorum
917 3194 1090 3247 instar
1130 3202 1295 3263 atque
1332 3203 1393 3248 ut
1448 3194 1693 3248 omnium
1742 3194 2010 3248 bonorum

443 3293 696 3345 auctores
735 3285 1082 3354 impudenter
1113 3286 1385 3339 colebant.

2121 3015 2354 3075 ἅπαντες
2400 3014 2622 3076 ἑαυτοὺς
2670 3014 2737 3083 τῇ
2783 3012 2891 3065 τῶν
2928 3009 3216 3081 δαιμονίων
3249 3008 3527 3080 Θεραπεία,
3558 3016 3690 3079 παρ’

2119 3103 2295 3157 αὐτῶν
2318 3104 2458 3175 ἔχειν
2483 3104 2695 3157 ἅπαντα
2718 3104 2959 3166 εἰπόντες
2987 3102 3157 3155 ὁπόσα
3185 3118 3287 3172 περ
3316 3102 3495 3162 αὐτοῖς
3516 3098 3692 3171 πρόσ-

2117 3210 2263 3246 εστιν
2312 3193 2511 3262 ἀγαθὰ,
2564 3194 2599 3246 ἃ
2649 3192 2961 3265 προσδήλως
3004 3190 3183 3261 ἔχουσι
3225 3192 3351 3260 παρ’
3410 3188 3544 3260 ἐμοῦ
3593 3187 3694 3241 τοῦ

2117 3284 2337 3354 ποιητοῦ
2369 3284 2477 3336 τῶν
2518 3284 2797 3338 ἁπάντων·
2827 3282 3060 3353 ἐραστὰς
3105 3281 3158 3333 δὲ
3205 3281 3368 3350 αὐτῆς
3407 3281 3530 3341 τοὺς
3577 3279 3701 3332 δαί·-

448 3391 611 3444 μονας
640 3373 809 3437 εἶπεν,
846 3388 919 3446 ιβ.
962 3378 1045 3446 15)
1096 3377 1170 3440 ὼς
1210 3378 1271 3431 ἂν
1306 3379 1398 3431 καὶ
1442 3382 1540 3449 τὴν
1580 3378 1803 3431 ἐκείνων
1843 3377 2127 3448 ἐκφήνειεν
2191 3377 2441 3448 σπουδὴν,
2475 3378 2541 3449 ἢν
2592 3379 2718 3448 περὶ
2763 3376 2861 3445 τῆς
2901 3374 3171 3436 ἀπωλείας
3227 3373 3407 3442 ἔχουσι
3442 3372 3549 3425 τῶν
3600 3373 3699 3425 ἁν-

444 3465 703 3538 θρὼπων,
756 3468 848 3519 καὶ
897 3466 1099 3519 τούτων
1142 3467 1237 3537 τὴν
1300 3468 1531 3537 μανικὴν
1579 3468 1707 3539 περὶ
1761 3467 2001 3530 ἐκείνους
2047 3465 2303 3537 γνώμην·
2338 3470 2457 3523 καθ’
2486 3470 2551 3540 ἢν
2604 3469 2680 3531 ὡς
2737 3467 2890 3529 θεούς
2915 3484 2971 3519 τε
3014 3467 3107 3519 καὶ
3144 3467 3356 3519 πάντων
3391 3467 3574 3530 αὐτοῖς
3610 3471 3699 3522 αἰ-

443 3559 590 3621 τίους
617 3556 724 3610 τῶν
750 3556 968 3624 ἀγαθῶν
1001 3557 1282 3627 περιέπειν
1310 3558 1570 3629 ἐτόλμων.

514 3710 683 3767 Vsns.
719 3711 918 3766 6-8.—
962 3730 980 3762 ‹
1018 3710 1245 3781 Propter
1303 3711 1405 3765 hoc
1468 3726 1598 3765 ecce
1651 3724 1752 3780 ego
1810 3708 2013 3777 sepiam

449 3805 593 3858 viam
628 3804 748 3873 ejus
777 3805 944 3865 vallo,
972 3813 1024 3857 et
1064 3805 1344 3857 obstruam
1377 3803 1554 3855 exitus
1578 3802 1714 3870 ejus,
1752 3800 1823 3853 ita
1852 3808 1909 3852 ut
1933 3815 2018 3852 se-

450 3894 637 3948 mitam
692 3909 799 3946 nou
844 3894 1102 3947 inveniat.
1153 3913 1169 3944 1
1221 3893 2018 3959 Quamobreminevitabililius

451 3984 693 4038 irretiant
728 3998 822 4037 eos
860 3985 1038 4037 malis.
1069 3982 1247 4037 Veluti
1290 3986 1333 4039 si
1370 3986 1493 4053 quis
1538 3986 1679 4035 intro
1706 3983 2019 4044 CuthitlSttS,

2193 3709 2337 3780 Στίχ.
2365 3715 2514 3778 ς’-η⁹.
2540 3739 2607 3749 -
2638 3726 2655 3757 ι
2695 3707 2792 3761 Διὰ
2830 3707 2985 3760 τοῦτο
3028 3707 3136 3761 ἰδοὺ
3185 3709 3294 3777 ἐγὼ
3328 3710 3552 3779 φράσσω

2122 3803 2238 3856 ὁδὸν
2298 3803 2464 3870 αὐτῆς
2538 3801 2595 3851 ἐν
2650 3799 2905 3868 σκόλοψι,
2975 3800 3067 3852 καὶ
3136 3801 3535 3872 ἀνοικοδομήσω
3600 3805 3702 3869 τὰς

2122 3893 2272 3955 ὁδοὺς
2312 3893 2500 3960 αὐτῆς,
2551 3890 2645 3943 καὶ
2686 3888 2781 3959 τὴν
2821 3889 3003 3960 τρίϐον
3047 3890 3215 3961 αὐτῆς
3260 3893 3320 3944 οὐ
3366 3894 3438 3962 μὴ
3472 3893 3623 3966 εὕρῃ.
3674 3915 3697 3947 1

2124 3981 2421 4054 Τοιγαροῦν
2483 3979 2861 4044 ἀδιεξοδεύτοις
2920 3982 3113 4044 αὐτοὺς
3169 3983 3446 4052 περιϐαλῶ
3509 3988 3704 4048 κακοῖς

451 4074 555 4129 viis
604 4072 842 4142 undique
885 4073 1216 4137 obstructis,
1275 4075 1554 4141 multique
1602 4071 1736 4125 sude
1779 4072 2000 4124 circum

2121 4074 2311 4127 τούτου
2346 4090 2407 4141 γε
2447 4072 2652 4135 ἕνεκεν,
2680 4072 2743 4124 ἵν’
2781 4072 2967 4147 ὥσπερ
2997 4074 3052 4127 εί
3069 4092 3151 4138 τις
3184 4074 3330 4129 ἔνδον
3359 4076 3708 4147 ἀπειλημμέ-

454 4164 667 4217 vallatis
699 4172 753 4217 et
786 4165 1031 4231 asperis,
1075 4163 1471 4232 impossibilem
1497 4159 1719 4216 haberet
1778 4162 1981 4215 exitum

2124 4181 2211 4225 νος
2232 4164 2338 4216 τῶν
2374 4180 2433 4216 τε
2474 4161 2608 4215 ὁδῶν
2642 4162 3158 4233 ἁνῳκοδομημένων,
3194 4165 3285 4217 καὶ
3326 4165 3544 4234 σκόλοψι
3572 4167 3708 4220 πολε

453 4256 533 4310 sic
567 4253 833 4308 bellorum
873 4254 1112 4323 pondere
1144 4263 1197 4307 et
1223 4253 1542 4322 captivitate
1584 4261 1637 4305 et
1665 4252 1931 4320 angustiis
1959 4268 2000 4305 e:

2124 4252 2234 4316 λοῖς
2265 4253 2658 4324 διειλημμένων
2701 4254 2793 4305 καὶ
2835 4252 3112 4322 χαλεποῖς,
3147 4255 3405 4309 ἀδύνατον
3451 4258 3561 4328 ἔχοι
3603 4259 3709 4327 τὴν

453 4360 519 4400 ea
552 4346 1013 4415 consequentibus
1058 4346 1264 4399 nullum
1294 4345 1571 4398 invenient
1598 4343 1864 4396 malorum
1896 4342 1999 4396 emi

2126 4345 2299 4411 ἔξοδον
2322 4364 2334 4375 ·
2364 4346 2505 4399 οὕτω
2533 4349 2598 4417 τῇ
2627 4345 2888 4417 βαρύτητι
2917 4346 3023 4400 τῶν
3052 4347 3299 4417 πολέμων
3328 4352 3393 4420 τῇ
3428 4367 3486 4402 τε
3508 4352 3713 4420 αἰχμα-

454 4436 626 4505 gium.
657 4455 677 4488 ι
715 4435 784 4490 Et
816 4437 1116 4491 sectabitur
1138 4445 1409 4489 amatores
1442 4451 1604 4493 suos.
1644 4450 1817 4504 neque
1844 4441 2000 4488 tamen

2127 4435 2294 4505 λωσίᾳ
2325 4437 2415 4488 καί
2454 4439 2573 4498 ταῖς
2616 4434 2821 4487 ἐκεῖθεν
2877 4436 3301 4507 κατασχεθέντες
3328 4437 3714 4509 ἅνάγκαιςμη-

456 4526 826 4596 appreliendet
866 4540 993 4591 eos;
1046 4531 1249 4595 quaeret
1320 4540 1435 4587 eos,
1485 4541 1659 4593 neque
1696 4524 1950 4578 inveniet.

2125 4524 2312 4595 δεμίαν
2393 4524 2691 4595 εὑρίσκοιεν
2726 4524 2954 4591 διέξοδον
2983 4526 3091 4579 τῶν
3126 4527 3328 4579 κακῶν.
3371 4545 3390 4577 ι
3441 4523 3547 4578 Καὶ
3576 4524 3713 4578 διώ-

456 4619 611 4673 Tunc
670 4619 1005 4672 invocabunt
1073 4619 1424 4681 daemonum,
1496 4632 1633 4689 quos
1696 4617 1982 4670 coluerunt

2129 4614 2274 4678 ξεται
2316 4614 2438 4676 τοὺς
2480 4614 2712 4685 ἐραστὰς
2773 4616 2975 4686 αὐτῆς,
3037 4620 3131 4671 καὶ
3181 4620 3240 4671 ού
3294 4617 3369 4690 μὴ
3416 4617 3714 4691 παραλάϐῃ

456 4712 758 4778 auxilium;
785 4711 916 4780 quin
944 4722 1122 4764 tamen
1149 4713 1268 4779 opis
1298 4711 1592 4781 quidquam
1617 4710 2000 4763 nanciscantur

2127 4707 2353 4769 αὐτούς·
2403 4706 2495 4759 καὶ
2537 4705 2758 4776 ζητήσει
2808 4707 3023 4771 αὐτοὺς,
3062 4715 3156 4762 καὶ
3200 4711 3261 4762 οὐ
3315 4711 3389 4781 μὴ
3437 4708 3573 4782 εὕρῃ
3607 4712 3715 4766 αὑ-

461 4804 559 4873 ιι
607 4821 625 4854 ι
664 4801 924 4869 Dicetque
950 4820 962 4854 :
995 4800 1257 4854 Revertar
1280 4803 1343 4855 ad
1373 4802 1604 4870 priorem
1630 4801 1803 4853 virum
1825 4816 1999 4853 meum

2126 4798 2268 4861 τούς.
2299 4816 2318 4849 1
2347 4797 2478 4849 Τότε
2517 4796 2799 4850 καλέσουσι
2844 4800 2941 4861 μὲν
2989 4802 3067 4864 εἰς
3104 4799 3349 4871 βοήθειαν
3381 4800 3473 4866 οὓς
3510 4802 3717 4874 ἐθερά-

456 4895 679 4963 quicum
734 4893 943 4947 beatius
998 4908 1161 4961 quam
1212 4892 1464 4960 praesenti
1521 4900 1765 4961 tempore
1814 4890 1944 4943 vixi.

2128 4906 2289 4942 πευον
2313 4888 2599 4957 δαίμονας.
2640 4889 2931 4958 Περιέσται
2963 4891 3020 4944 δὲ
3059 4892 3238 4955 αὐτοῖς
3273 4892 3460 4963 κέρδος
3492 4895 3717 4948 ἐκεῖθεν

460 4986 709 5038 Error-em
745 4999 906 5038 suum
938 4991 1050 5036 tum
1092 4983 1330 5052 denique
1365 4989 1663 5051 agnoscent
1685 5022 1700 5041 .
1734 4995 2000 5049 secnmqu

2127 4978 2299 5032 οὐδέν.
2340 4996 2358 5028 ι
2395 4977 2501 5031 Καὶ
2540 4980 2671 5048 ἐρεῖ,
2706 4981 3046 5052 Πορεύσομαι
3093 4982 3188 5035 καὶ
3226 4983 3532 5054 ἐπιστρέψω
3571 4986 3720 5054 πρὸς

461 5076 652 5129 melius
682 5083 861 5129 actum
897 5075 1033 5138 fore,
1054 5074 1100 5131 si
1131 5075 1300 5129 cultui
1323 5090 1442 5127 meo
1466 5074 2000 5142 adlimsissent,mian

2126 5071 2217 5123 τὸν
2267 5070 2432 5140 ἄνδρα
2496 5088 2597 5140 μου
2654 5072 2743 5124 τὸν
2795 5072 3089 5144 πρότερον,
3138 5075 3218 5147 ὅτι
3266 5075 3445 5139 καλῶς
3476 5092 3586 5147 ⁹μοι
3644 5072 3723 5146 ἦν

460 5166 504 5219 si
549 5167 614 5218 ad
646 5167 951 5222 daemonum
986 5170 1406 5240 superstitiones
1437 5180 1609 5222 semet
1658 5167 2000 5221 demisissent

2128 5163 2246 5216 τότε
2275 5163 2307 5233 ἢ
2334 5162 2445 5216 νῦν.
2481 5182 2500 5214 1
2536 5162 2668 5216 Τότε
2709 5162 2771 5233 δὴ
2814 5165 2911 5235 τὴν
2945 5165 3152 5236 πλάνην
3193 5146 3583 5236 έπιγνώσονται
3612 5168 3725 5236 τὴν

467 5275 485 5307 ι
526 5254 736 5325 Quippe
786 5257 930 5312 haud
984 5270 1208 5314 noverat
1244 5260 1357 5330 ipsa
1407 5274 1466 5313 se
1506 5258 1837 5312 frumentum
1874 5271 1904 5308 a
1944 5271 1995 5308 m

2128 5253 2351 5320 οἰκείαν,
2382 5255 2475 5307 καὶ
2500 5254 2576 5318 ὡς
2607 5256 2824 5326 ἄμεινον
2853 5252 2920 5326 ἦν
2955 5258 3136 5320 αὐτοῖς
3176 5258 3273 5328 τῆς
3318 5259 3456 5329 ἐμῆς
3492 5258 3725 5328 ἀντέχε-

463 5356 751 5419 acceptum
781 5349 995 5415 tulisse,
1030 5353 1267 5421 vinoque
1293 5358 1347 5406 et
1375 5350 1495 5405 oleo
1517 5391 1531 5416 ,
1565 5356 1788 5419 argento
1815 5357 1868 5402 et
1894 5363 2000 5400 aur<

2131 5346 2249 5398 σθαι
2282 5345 2597 5418 θεραπείας,
2638 5348 2671 5418 ἢ
2718 5349 2843 5418 περί¹
2888 5348 2985 5418 τὴν
3031 5349 3140 5402 τῶν
3184 5349 3451 5419 δαιμόνων
3497 5350 3727 5418 ἀπάτην

464 5456 495 5493 a
527 5456 611 5494 me
640 5439 810 5494 fuisse
826 5442 1109 5508 repletam.
1128 5441 1345 5496 Interim
1362 5442 1480 5512 ipsa
1503 5449 1787 5512 argenteas
1809 5453 2000 5492 aureas

2130 5440 2406 5494 εἰλείσθαι.
2441 5460 2460 5492 ι
2494 5441 2600 5495 Καὶ
2629 5440 2765 5509 αύτὴ
2794 5439 2892 5493 ούκ
2928 5440 3066 5509 ἔγνω
3096 5444 3175 5495 ὅτι
3206 5442 3315 5510 ἐγὼ
3340 5442 3544 5495 δέδωκα
3574 5443 3725 5512 αὐτῇ

2127 5533 2217 5584 τὸν
2235 5534 2309 5603 (p.
2332 5533 2416 5602 l6)
2440 5535 2582 5584 σῖτον
2600 5534 2691 5585 καὶ
2707 5532 2795 5584 τὸν
2811 5527 2950 5583 οἶνον
2973 5533 3128 5584 καὶτῖ
3145 5528 3344 5595 ἔλαιον,
3356 5531 3731 5602 καὶ·ἀργύρεσν

2130 5626 2222 5678 καὶ
2268 5625 2487 5696 χρυσίον
2542 5622 2811 5692 ἐπλήθυνα
2853 5625 3008 5693 αὐτῇ.
3061 5623 3205 5693 Αὐτὴ
3261 5623 3315 5673 δὲ
3360 5624 3576 5693 ἀργυρᾶ
3625 5627 3725 5680 καὶ

463 5548 570 5603 que
619 5533 922 5588 oblationes
973 5532 1117 5587 Baali
1172 5534 1392 5589 dicavit.
1440 5553 1458 5586 1
1514 5533 1737 5588 Discent
1793 5531 2029 5603 denique

463 5637 659 5694 magna
683 5640 742 5680 se
765 5623 981 5680 inscitia
1011 5626 1369 5693 laboravisse,
1399 5627 1527 5683 dum
1565 5626 1725 5682 idolis
1759 5624 2027 5680 bonorum
