3898 6228
179 325 262 380 137

1203 319 1750 378 COMMENTARIUS
1785 319 1848 375 IN
1891 317 2088 375 OSEE
2113 317 2270 376 CAP.
2306 317 2378 372 11.

3286 317 3384 372 158

179 440 333 509 χρυσᾶ
361 438 578 507 ἐποίησε
607 442 677 509 τῇ
707 439 871 493 Βαάλ.
912 461 930 493 ι
963 441 1308 512 Μαθήσονταί
1335 461 1395 496 τε
1430 445 1504 508 ὡς
1533 443 1730 514 πολλὴν

1864 455 2052 494 uorum
2099 456 2318 496 causam
2366 441 2712 512 imputarent,
2771 451 2892 507 quae
2936 445 3116 490 tamen
3179 450 3212 491 ιι
3265 452 3386 504 me,

179 546 280 583 τινα
321 531 422 600 τὴν
461 530 686 597 ἄγνοιαν
732 531 970 598 ἐνόσουν,
1003 534 1230 598 ἐκείνοις
1262 535 1594 605 λογιζόμενοι
1625 533 1732 586 τῶν

180 619 466 689 προσόντων
492 618 718 687 ἀγαθῶν
744 623 928 685 αὐτοῖς
962 622 1058 692 τὴν
1093 624 1296 677 αἰτίαν·
1333 624 1474 695 άπερ
1511 619 1602 677 οὖν
1640 624 1735 676 αύ-

180 713 276 770 τοῖς
325 711 506 778 σαφῶς
563 714 695 783 παρ’
739 713 872 783 ἐμοῦ
923 715 1014 768 τοῦ
1064 716 1285 787 ποιητοῦ
1332 717 1439 771 τῶν
1485 717 1736 771 ἁπάντων

181 801 399 871 διαρκῶς
441 804 777 874 ἐχορηγεῖτο,
813 807 873 858 οῦ
920 808 1160 876 καρποὺς
1195 809 1520 878 παρέχοντος
1556 807 1732 876 μόνον,

181 893 301 946 ἀλλά
331 895 424 947 καὶ
459 895 720 966 ἀργύριον
749 897 843 949 κα)⁹
875 898 1112 968 χρυσίον,
1151 898 1214 950 ἐκ
1238 916 1293 950 τε
1335 898 1432 968 τῆς
1465 898 1604 950 κατὰ
1641 898 1738 968 τὴν

183 987 436 1052 Αἴγυπτον
471 988 670 1052 ἐξόδου,
706 988 801 1040 καὶ
849 989 954 1059 μὴν
983 991 1074 1042 καὶ
1111 991 1250 1044 κατά
1283 991 1489 1043 πολλῶν
1517 990 1738 1058 ⁸ύστερον

184 1076 432 1147 ἀφορμῶν
481 1079 708 1149 ἐτέρων·
740 1080 832 1148 ἀφ’
859 1073 934 1134 ὧν
959 1082 1058 1133 οὐκ
1099 1081 1305 1136 ὤκνουν
1343 1081 1533 1135 εἴδωλα
1576 1098 1740 1133 κατα-

183 1167 522 1232 σκευάζοντες
565 1171 794 1236 ἑαυτοῖς,
839 1175 1038 1244 σεμνήν
1072 1190 1193 1226 τινα
1230 1173 1317 1226 διὰ
1354 1171 1450 1241 τὴν
1480 1173 1577 1242 τῆς
1610 1171 1742 1242 ῦλης

185 1255 483 1321 πλεονεξίαν
512 1260 609 1329 τὴν
636 1261 932 1334 θεραπείαν
964 1263 1142 1317 αὐτῶν
1163 1262 1430 1334 ἡγεῖσθαι.

243 1411 388 1480 Στίχ.
441 1412 593 1481 θ’-ιβ’.
635 1444 706 1453 —
733 1434 752 1466 ι
787 1415 887 1469 Διά
942 1415 1096 1470 τοῦτο
1139 1418 1450 1487 ἐπιστρέψω
1513 1418 1606 1470 καὶ
1655 1433 1744 1469 κο-

184 1503 399 1575 μιοῦμαι
423 1504 512 1557 τὸν
549 1505 693 1558 σῖτόν
729 1524 831 1576 μου
866 1507 983 1560 καθ’
1008 1507 1154 1578 ὥραν
1183 1510 1365 1562 αὑτοῦ.
1400 1527 1419 1559 ι
1448 1507 1745 1578 Τοιγαροῦν

181 1596 368 1666 πολλὴν
405 1599 461 1648 ἐν
503 1598 686 1661 αὐτοῖς
719 1599 1018 1670 ἐργάσομαι
1052 1599 1151 1670 τὴν
1187 1600 1492 1669 ἀκαρπίαν·
1523 1601 1581 1652 ἐν
1607 1592 1652 1666 ᾧ
1681 1598 1746 1670 δὴ

185 1686 405 1756 μάλιστα
441 1687 621 1759 καιρῷ
663 1688 758 1760 τὴν
810 1673 1131 1761 προσδοκίαν
1182 1690 1358 1744 αὐτῶν
1388 1691 1488 1762 τῆς
1513 1689 1747 1744 ἀπολαύ-

1832 545 2016 584 rerum
2063 531 2307 584 omnium
2358 538 2602 594 auctore,
2649 529 2862 584 abunde
2895 528 3030 599 ipsis
3078 527 3393 598 suppedita-

1832 620 2062 687 bantur;
2085 637 2261 690 neque
2293 621 2437 676 cnim
2464 618 2649 692 fruges
2677 619 3056 674 tantumnodo
3085 619 3152 674 iis
3180 617 3390 684 suﬁ'eci,

1833 729 2021 766 verum
2069 713 2233 768 etiam
2274 719 2555 783 argentum
2602 719 2765 786 atque
2800 727 2993 766 aurum
3036 717 3150 764 tum
3191 725 3390 764 exeun-

1835 803 1980 857 tibus
2014 819 2077 858 ex
2111 803 2363 874 Egypto,
2405 815 2515 858 tum
2547 804 2670 860 aliis
2699 811 2884 874 postea
2920 802 3204 873 permultis
3233 816 3395 857 even-

1837 895 2002 949 tibus.
2035 893 2102 946 At
2130 910 2256 949 vero
2309 896 2411 966 ipsi
2459 895 2710 951 conflatis
2735 912 2798 951 ex
2824 897 2925 950 bac
2959 897 3184 950 materia
3207 895 3391 958 idolis.

1839 1001 1948 1039 non
2006 984 2329 1042 dubitarunt
2383 987 2509 1040 vani
2576 987 2758 1042 cultus
2808 985 3269 1054 observationem,
3320 987 3392 1042 ob

1837 1078 2036 1131 metalli
2077 1079 2462 1148 praestantiam,
2493 1079 2710 1150 plurimi
2740 1078 2938 1134 facere.

1919 1413 2078 1468 Vens.
2119 1412 2272 1467 9-12.
2303 1442 2369 1453 —
2411 1430 2432 1465 ι
2475 1411 2763 1482 Propterea
2807 1420 3073 1478 revertar,
3116 1419 3171 1467 et
3213 1414 3396 1469 tollam

1845 1502 2087 1557 triticum
2126 1518 2301 1556 meum
2343 1503 2399 1556 in
2427 1509 2670 1571 tempore
2699 1517 2818 1556 suo.
2853 1519 2870 1551 ι
2899 1500 3170 1557 Grandem
3191 1503 3401 1559 scilicet

1846 1595 1980 1665 ipsis
2023 1595 2224 1648 creabo
2279 1593 2662 1658 sterilitatem;
2722 1609 2846 1648 nam
2898 1609 3007 1664 quo
3055 1595 3398 1664 potissimum

1847 1696 2094 1754 tempore
2142 1685 2249 1739 frui
2299 1684 2462 1740 bonis
2513 1697 2757 1756 sperant,
2811 1694 2940 1740 tunc
2987 1683 3135 1740 omni
3183 1693 3405 1756 repente

187 1792 309 1840 σεως
330 1778 564 1848 ἔχουσιν,
597 1779 716 1832 τότε
739 1779 804 1851 δὴ
835 1781 1039 1844 πάντας
1066 1781 1245 1834 αὐτῶν
1267 1781 1460 1852 ἀθρόον
1484 1781 1746 1850 ἀφαιρού-

1858 1787 2030 1848 erepto
2053 1779 2133 1832 eis
2163 1775 2765 1839 fructu,consuetorum
2788 1777 3051 1832 varietate
3079 1779 3401 1833 damnorum

187 1885 332 1936 μενος
362 1871 491 1932 τοὺς
529 1871 791 1941 καρποὺς,
826 1875 893 1942 τῇ
935 1871 1175 1944 ποικιλίᾳ
1211 1873 1319 1926 τῶν
1351 1872 1615 1927 εἰωθότων
1652 1873 1747 1924 λυ-

187 1960 460 2028 μαίνεσθαι
501 1964 616 2024 τοῖς
665 1961 946 2026 τοιούτοις,
993 1963 1237 2034 ἐρυσίδῃ,
1283 1958 1392 2016 οἷον
1429 1965 1622 2031 εἰπεῖν,
1653 1964 1748 2019 καὶ

182 2051 396 2124 χαλάζῃ,
432 2051 528 2105 καί
571 2055 683 2115 τοίς
731 2053 1008 2119 τοιούτοις,
1049 2055 1218 2108 ὁπόσα
1249 2055 1438 2126 ἀθρόον
1470 2055 1750 2125 συμϐάντα

181 2143 431 2206 πολλάκις
477 2143 590 2196 τῶν
643 2145 983 2214 φαινομένων
1031 2147 1260 2218 καρπῶν
1307 2147 1539 2218 παντελῆ
1586 2146 1751 2200 ἀπώ-

181 2232 318 2287 λειαν
355 2234 676 2305 εἴργασται·
723 2234 865 2288 ὥστε
917 2236 975 2288 ὃν
1028 2236 1126 2289 οὐκ
1157 2236 1400 2306 ἔγνωσαν
1447 2238 1616 2291 αἴτιον
1654 2238 1751 2290 αύ-

180 2329 280 2390 τοῖς
315 2325 423 2378 τῶν
481 2325 724 2393 ἀγαθῶν,
756 2328 822 2396 τῇ
881 2327 1194 2398 ἐπαγομένη
1243 2327 1502 2399 τιμωρίᾳ,
1548 2329 1640 2380 καὶ
1683 2329 1748 2398 τῇ

182 2415 278 2468 τῶν
331 2415 595 2468 δοθέντων
645 2417 966 2487 ἀφαιρέσει,
1013 2417 1212 2486 γνῶναι
1291 2417 1494 2486 σαφῶς.
1555 2439 1574 2470 ‹
1645 2419 1752 2472 Καὶ

182 2507 477 2578 ἀφελοῦμαι
510 2508 581 2560 τά
610 2509 801 2578 ἱμάτιά
836 2527 959 2580 μου,
986 2509 1080 2562 καὶ
1103 2511 1170 2563 τά
1197 2509 1380 2564 όθόνιά
1405 2527 1527 2581 μου,
1555 2510 1630 2580 (p.
1664 2509 1751 2581 f7)

182 2597 264 2650 τοῦ
295 2599 372 2669 μὴ
411 2598 706 2652 καλύπτειν
733 2599 830 2670 τὴν
863 2599 1244 2672 ἀσχημοσύνην
1287 2601 1475 2672 αὐτῆς.
1521 2621 1538 2654 ι
1572 2602 1754 2654 Πάντα

180 2691 346 2744 ὁπόσα
373 2691 648 2762 διαφόρως
677 2693 858 2755 αὐτοῖς
883 2694 1010 2764 παρ’
1045 2692 1178 2764 ἐμοῦ
1225 2692 1603 2765 χορηγούμενα
1631 2693 1753 2745 ὲκό-

184 2795 304 2850 σμει
341 2797 399 2832 τε
439 2782 532 2833 καὶ
572 2781 1038 2852 εὐπρεπεστέρους
1088 2781 1295 2834 ἐδείκνυ
1327 2780 1436 2834 τῶν
1473 2783 1571 2851 τῆς
1619 2782 1754 2834 ἀπο-

179 2868 416 2934 λαύσεως
445 2871 646 2924 λοιπῶν
680 2871 1004 2942 ἀνθρώπων,
1039 2871 1210 2924 ταῦτα
1274 2871 1505 2940 ἀφελὼν,
1563 2873 1755 2942 ἀτιμο-

179 2962 363 3032 τέρους
413 2963 720 3032 ἐργάσομαι
779 2963 1016 3016 πάντων.
1051 2981 1071 3012 ι
1124 2963 1235 3015 Καὶ
1283 2962 1378 3015 νῦν
1429 2961 1757 3032 ἀποκαλύψω

183 3054 273 3122 τὴν
301 3052 649 3123 ἀκαθαρσίαν
678 3051 845 3122 αὐτῆς
873 3051 1100 3106 ἐνώπιον
1143 3053 1250 3105 τῶν
1282 3052 1525 3124 ἐραστῶν
1553 3053 1752 3122 αὐτῆς·

177 3147 264 3196 καὶ
310 3143 490 3207 οὐδεὶς
527 3145 591 3196 οὐ
650 3143 725 3214 μὴ
765 3143 1013 3214 ἐξέληται
1047 3143 1214 3214 αὐτὴν
1252 3144 1316 3196 ἐκ
1359 3142 1538 3214 χειρός
1567 3159 1688 3213 μου.
1733 3162 1753 3194 ι

180 3232 332 3286 Ὥστε
365 3233 458 3287 διὰ
485 3232 585 3302 τῆς
617 3232 886 3303 τιμωρίας
904 3233 999 3302 τῆς
1030 3231 1170 3302 ἐμῆς
1196 3230 1529 3300 σαφεστέραν
1557 3228 1758 3282 ἀπασιν

174 3327 349 3379 αὐτῶν
404 3324 664 3394 γενέσθαι
735 3322 832 3393 τὴν
884 3321 1226 3391 παρανομίαν
1287 3322 1354 3390 ἦν
1425 3318 1756 3390 εἰργάζοντο,

176 3414 489 3481 ἀφεστῶτες
541 3413 638 3483 μὲν
684 3411 842 3481 ἐμοῦ.
891 3413 957 3482 τῇ
1015 3409 1121 3462 τῶν
1162 3407 1431 3479 δαιμόνων
1475 3407 1534 3460 δὲ
1588 3422 1757 3476 προσ-

175 3505 460 3574 ανέχοντες
495 3503 778 3574 θεραπείᾳ·
803 3495 878 3555 ὧν
909 3503 992 3554 ἐπ’
1016 3501 1169 3571 ὂψεσι
1193 3498 1496 3571 βαρυτάτας
1526 3496 1761 3561 δέξονται

177 3598 304 3664 παρ’
335 3594 474 3664 ἐμοῦ
509 3593 607 3656 τὰς
652 3592 941 3663 τιμωρίας,
981 3591 1101 3646 οὐδὲ
1136 3593 1263 3661 μιᾶς
1302 3591 1392 3642 ὑπ’
1421 3586 1598 3642 αὐτῶν
1631 3587 1759 3660 βοη-

176 3682 323 3748 θεω
372 3681 657 3748 ἀξιοῦσθαι
706 3676 807 3734 οἶοί
863 3699 922 3734 τε
969 3681 1145 3744 ὄντες·
1197 3681 1320 3733 ἐπεὶ
1363 3679 1457 3734 καὶ
1499 3678 1760 3750 κρείττων

177 3775 358 3847 πάσης
391 3777 494 3847 τῆς
543 3775 890 3845 ἐπαγομένης
927 3774 1106 3837 αὐτοῖς
1135 3774 1264 3844 παρ’
1315 3771 1450 3842 ἐμοῦ
1495 3769 1760 3842 τιμωρίας

176 3879 210 3933 η
235 3865 492 3935 δύναμις.
531 3884 548 3916 ι
589 3865 700 3919 Καὶ
736 3863 1058 3935 ἀποστρέψω
1087 3863 1265 3928 πάσας
1304 3863 1401 3927 τὰς
1429 3862 1762 3933 εὐφροσύνας

175 3958 368 4026 αὐτῆς.
406 3957 504 4010 καὶ
535 3957 716 4020 πάσας
745 3956 843 4018 τὰς
873 3956 1064 4026 ἑορτὰς
1093 3955 1282 4023 αὐτῆς,
1322 3957 1413 4008 καὶ
1443 3955 1540 4018 τὰς
1563 3972 1762 4026 νουμη-

177 4048 296 4108 νίας
327 4048 526 4118 αὐτῆς,
561 4048 656 4100 καὶ
692 4046 763 4099 τά
799 4045 1049 4100 Σάϐϐατα
1094 4047 1283 4116 αὐτῆς,
1318 4047 1408 4099 καὶ
1457 4046 1634 4109 πάσας
1663 4044 1763 4108 τὰς

174 4139 541 4210 πανηγύρεις.
593 4157 612 4189 ι
657 4137 791 4190 Οὐδὲ
831 4136 958 4206 γοῦν
991 4136 1346 4208 πανηγύρεως
1385 4137 1478 4189 καὶ
1509 4136 1701 4207 ἑορτῆς
1727 4136 1763 4206 ἡ

177 4247 320 4294 τινος
352 4229 697 4300 εὐφροσύνης
726 4229 934 4294 ἕξουσιν
971 4227 1049 4281 ἔτι
1087 4229 1294 4300 καιρὸν,
1323 4227 1419 4281 ἆτε
1457 4231 1524 4299 τῇ
1561 4229 1760 4297 αἰχμα-

175 4319 352 4391 λωσία
390 4321 829 4392 παραδιδόμενοι,
853 4321 946 4374 καὶ
960 4323 1075 4384 ταῖς
1099 4321 1207 4373 τῶν
1239 4319 1570 4390 κατεχόντων
1594 4319 1764 4386 ἀνάγ-

1847 1870 2098 1933 obruam,
2138 1867 2392 1937 rubigine
2439 1867 2645 1938 (puta),
2694 1867 2960 1938 grandine
2995 1875 3049 1921 et
3088 1866 3404 1936 hujusmodi

1849 1962 1971 2016 aliis
1995 2001 2010 2022 ,
2048 1975 2170 2030 qua:
2213 1960 2394 2014 subito
2433 1961 2760 2032 ingruentia,
2816 1973 2957 2028 saepe
3000 1957 3254 2029 frugibus
3286 1959 3401 2028 jam

1849 2066 1970 2107 sese
1999 2049 2410 2106 ostendentibus
2433 2065 2746 2120 supremum
2776 2050 2999 2105 exitium
3027 2050 3290 2112 inferunt,
3321 2059 3400 2116 ut,

1851 2157 2014 2213 quem
2038 2143 2308 2198 bonorum
2335 2156 2560 2198 suorum
2592 2151 2871 2198 auctorem
2908 2157 3013 2196 non
3053 2153 3404 2214 agnoverant,

1852 2249 1919 2287 ex
1949 2233 2183 2303 impacta
2211 2233 2400 2289 saltem
2435 2249 2615 2305 poena,
2640 2241 2694 2289 et
2729 2235 2803 2289 rei
2831 2234 2969 2289 data:
2997 2234 3268 2290 ablatione
3295 2251 3411 2290 ma-

1853 2320 2048 2377 nifeste
2074 2329 2429 2390 cognoscant.
2459 2341 2478 2373 ι
2517 2321 2584 2376 Et
2625 2321 2867 2377 auferam
2912 2323 3238 2379 vestimenta
3266 2339 3408 2386 mea,

1852 2426 1906 2469 et
1937 2415 2254 2470 linteamina
2277 2426 2418 2478 mea,
2455 2427 2524 2470 ne
2550 2416 2796 2483 Operiant
2823 2413 3176 2484 ignominiam
3207 2415 3348 2484 ejus.
3385 2434 3405 2468 ι

1853 2504 2206 2574 ρυαιουηιιυο
2260 2520 2291 2557 a
2355 2519 2443 2558 me
2489 2502 2840 2558 multifariam
2898 2504 3092 2557 collata
3146 2505 3414 2559 ornabant

1853 2611 1981 2660 eos,
2015 2604 2070 2651 et
2099 2598 2357 2652 lautiores
2400 2597 2612 2651 caeteris
2652 2593 2927 2650 faciebant
2964 2596 3058 2666 qui
3087 2596 3200 2650 baac
3233 2599 3413 2667 possi-

1854 2687 1983 2742 dent
2020 2686 2354 2751 hominibus,
2394 2685 2510 2741 haec
2547 2686 2770 2756 inquam
2803 2683 3082 2749 auferens,
3126 2687 3418 2755 despectis-

1855 2780 2025 2833 simos
2096 2779 2341 2834 omnium
2415 2779 2706 2850 praestabo.
2771 2796 2790 2829 ι
2847 2778 2911 2832 Et
2964 2793 3110 2833 nunc
3165 2780 3416 2835 revelabo

1856 2870 2258 2925 immunditiam
2295 2871 2469 2941 ipsius
2507 2869 2565 2924 in
2603 2881 2900 2940 conspectu
2939 2881 3244 2927 amatorum
3276 2873 3415 2941 ejus,

1856 2968 1910 3016 et
1937 2977 2099 3016 nemo
2119 2971 2274 3017 eruet
2301 2977 2420 3016 eam
2449 2960 2515 3016 de
2541 2977 2704 3016 manu
2732 2975 2872 3016 mea.
2913 2980 2935 3014 ι
2969 2965 3146 3033 Atque
3181 2963 3254 3018 ita
3286 2949 3424 3018 ultio-

1858 3068 1978 3109 mea
2008 3053 2435 3108 manifestiorem
2469 3053 2570 3123 12
2599 3054 2814 3110 cunctis
2845 3054 3032 3110 reddet
3055 3056 3271 3125 culpam
3313 3073 3422 3126 qua

1859 3161 1919 3200 se
1958 3146 2340 3209 irretiverunt,
2388 3146 2516 3200 dum
2562 3161 2647 3201 me
2691 3146 2952 3202 derelicto
2998 3147 3062 3201 ad
3111 3147 3420 3201 dzemonum

1859 3238 2066 3292 cultum
2104 3252 2164 3292 se
2191 3237 2541 3293 contulerunt
2573 3255 2589 3293 :
2631 3237 2789 3308 cujus
2818 3254 3016 3304 causa,
3067 3238 3423 3310 gravissimas

1861 3331 2036 3400 palam
2081 3331 2228 3385 luent
2281 3343 2507 3400 plenas,
2557 3331 2706 3384 nulla
2747 3330 3054 3386 daemonum
3114 3346 3217 3401 ope
3260 3330 3423 3400 potiri

1861 3421 2132 3485 valentes;
2176 3423 2375 3477 etenim
2408 3421 2598 3476 inflicti
2631 3423 2740 3480 illis
2774 3438 2804 3478 a
2844 3438 2930 3476 me
2977 3423 3231 3493 supplicii
3267 3423 3427 3494 longe

1859 3513 2088 3568 validior
2109 3513 2192 3566 vis
2220 3521 2322 3568 est.
2354 3531 2372 3565 ι
2417 3513 2482 3568 Et
2511 3523 2752 3570 avertam
2786 3524 3011 3568 cunctas
3045 3514 3260 3570 laetitias
3283 3514 3424 3582 ejus,

1859 3613 1914 3659 et
1942 3605 2254 3659 neomenias
2295 3605 2478 3674 ipsius
2513 3620 2576 3660 ac
2607 3605 2867 3671 Sabbata,
2893 3620 3192 3676 omnesque
3224 3607 3428 3661 solem-

1859 3697 2079 3752 nitates.
2135 3714 2154 3748 ι
2203 3694 2390 3765 Neque
2434 3696 2794 3752 solemnitatis
2828 3697 2996 3767 igitur
3042 3712 3220 3766 neque
3263 3698 3428 3752 ullius

1859 3785 1988 3848 festi
2013 3825 2027 3848 ,
2053 3801 2232 3856 neque
2268 3787 2562 3858 cujuslibet
2591 3787 2774 3858 gaudii
2809 3797 3023 3857 tempus
3057 3788 3320 3859 deinceps
3346 3789 3430 3845 eis

1861 3879 1964 3933 erit
1980 3919 1994 3942 ,
2016 3878 2128 3947 jam
2156 3878 2407 3934 videlicet
2427 3878 2722 3948 captivitati
2742 3879 2978 3944 traditis,
2995 3888 3048 3936 et
3078 3880 3427 3938 dominorum

1862 3969 2116 4022 violentia
2149 3970 2295 4023 varie
2333 3970 2557 4040 pressis.
2595 3988 2614 4021 ι
2662 3967 2727 4022 Et
2761 3968 3037 4025 destruant
3064 3971 3276 4026 vineam
3311 3971 3433 4042 ejus

1863 4076 1928 4115 ac
1955 4060 2112 4122 ﬁcus.
2141 4061 2209 4117 de
2231 4062 2428 4132 quibus
2452 4063 2569 4132 ipsa
2593 4062 2806 4118 dixerat
2837 4084 2850 4118 :
2880 4062 2976 4118 lla:
3000 4070 3128 4118 sunt
3153 4064 3434 4120 mercedes

1864 4167 2015 4216 meae,
2047 4167 2184 4222 quas
2214 4153 2344 4206 mihi
2373 4161 2646 4208 amatores
2679 4153 2783 4208 mei
2810 4151 3094 4208 dederunt.
3135 4173 3154 4204 ι
3188 4153 3432 4209 Cunctos

1867 4242 2025 4310 plane
2055 4242 2267 4297 fructus
2296 4242 2376 4297 eis
2392 4241 2640 4312 eripiam,
2663 4256 2804 4312 quos
2823 4252 3076 4312 acceptos
3096 4241 3434 4298 daemonibus

1866 4333 2261 4410 referebant.c
2311 4333 2489 4403 Atque
2524 4347 2586 4388 ea
2637 4347 2836 4401 ponam
2875 4333 2931 4388 in
2977 4333 3370 4388 testimonium.
3407 4352 3429 4386 ι

167 4412 306 4476 ’καις
347 4413 660 4483 πιεζόμενοι
699 4413 972 4476 ποικίλως.
1025 4433 1044 4466 ι
1089 4413 1200 4466 Καὶ
1255 4411 1468 4480 ἀφανιῶ
1523 4409 1754 4483 ἄμπελοι

1867 4421 2072 4492 Nempe
2122 4423 2237 4478 [nec
2281 4424 2537 4493 spoliatio
2576 4423 2870 4478 maximum
2915 4425 3020 4478 erit
3063 4425 3436 4480 testimonium

174 4502 374 4570 αὐτῆς,
403 4502 496 4554 καὶ
524 4502 624 4564 τάς
659 4503 826 4564 συκᾶς
854 4501 1043 4572 αὐτῆς,
1077 4502 1237 4562 Ὅσα,
1267 4499 1406 4566 εἷπε,
1443 4500 1767 4571 μισθώματά

179 4609 290 4662 μου
331 4595 454 4645 ἐστὶ
486 4593 662 4647 ταῦτα
684 4591 720 4646 ἃ
757 4593 961 4648 ἔδωκάν
991 4611 1083 4665 μοι
1129 4595 1178 4646 cl
1226 4593 1450 4665 ἐρασταί
1483 4610 1603 4664 μου.
1634 4612 1652 4644 ι
1687 4593 1766 4662 (p.

181 4685 268 4749 18)
304 4685 527 4747 Πάντας
554 4685 618 4754 δη
671 4685 794 4749 τοὺς
838 4689 1078 4757 καρποὺς
1116 4685 1295 4740 αὐτῶν
1343 4684 1661 4754 ἀφελοῦμαι,
1693 4679 1769 4739 ὧν

177 4778 292 4836 tot;
338 4776 593 4847 δαίμοσιν
648 4775 948 4845 ἐλογίζοντο
988 4775 1087 4848 τὴν
1127 4777 1292 4830 δόσιν.
1325 4795 1342 4826 ι
1379 4775 1490 4830 Καὶ
1539 4775 1771 4847 θήσομαι

175 4865 327 4920 αύτά
377 4868 458 4930 εἰς
510 4864 828 4936 μαρτύριον.
867 4884 885 4916 ›
917 4865 1075 4917 Ὥστε
1125 4865 1223 4936 τὴν
1270 4863 1557 4934 ἀφαίρεσιν
1596 4861 1772 4914 αὐτῶν

181 4960 464 5034 μεγίστην
513 4954 655 5010 εἶναι
707 4957 1010 5028 μαρτυρίαν
1066 4957 1166 5026 τῆς
1207 4957 1548 5028 παρανομίας
1595 4953 1773 5008 αὐτῶν

175 5051 280 5120 τῆς
309 5049 570 5120 πρόσθεν,
597 5049 718 5102 καθ’
747 5049 816 5121 ἢν
836 5053 947 5113 τοῖς
971 5051 1217 5121 δαίμοσιν
1250 5050 1548 5118 ἐλογίζοντο
1570 5050 1774 5113 ἐκεῖνα,

171 5141 250 5198 ὧν
295 5143 398 5193 καὶ
431 5143 527 5212 τῆς
558 5141 754 5204 δόσεως
784 5143 877 5195 καὶ
910 5142 1008 5214 τῆς
1038 5143 1373 5214 ἀφαιρέσεως
1410 5142 1596 5214 κύριος
1628 5144 1776 5214 ἥμην

171 5237 314 5303 ἐγώ.
364 5253 383 5284 ι
421 5235 530 5287 Καὶ
560 5235 932 5304 καταφάγεται
970 5235 1111 5288 αὐτά
1153 5235 1219 5290 τά
1251 5235 1414 5307 θηρία
1458 5236 1550 5288 τοῦ
1581 5235 1772 5306 ἀγροῦ,

177 5325 280 5379 καὶ
315 5337 392 5378 τα
421 5326 640 5378 πετεινά
662 5326 754 5380 τοῦ
775 5327 1024 5394 ούρανοῦ,
1051 5328 1144 5381 καὶ
1165 5327 1232 5382 τὰ
1251 5327 1454 5398 ἐρπετά
1474 5327 1576 5397 τῆς
1602 5327 1721 5398 γῆς.
1749 5346 1769 5380 ι

1875 4515 2158 4584 praeterita:
2186 4515 2512 4586 iniquitatis.
2536 4530 2641 4584 qua
2666 4515 2808 4570 bona
2841 4515 2930 4570 illa
2953 4531 2983 4570 a
3003 4516 3345 4572 daemonibus
3377 4532 3440 4573 se

1877 4603 2078 4657 habere
2135 4603 2430 4666 dicebant,
2481 4620 2712 4673 quorum
2771 4613 2952 4660 tamen
3021 4604 3329 4660 dandorum
3384 4613 3441 4662 et

1878 4695 2294 4751 auferendorum
2335 4697 2540 4751 arbiter
2577 4711 2678 4767 ego
2717 4711 2890 4752 eram.
2921 4715 2940 4748 ι
2982 4697 3048 4751 Et
3080 4697 3352 4752 vorabunt
3375 4712 3438 4752 ea

1878 4786 2005 4840 fera:
2042 4787 2179 4858 agri,
2234 4797 2287 4842 et
2337 4788 2574 4843 volatilia
2619 4789 2775 4853 coeli,
2822 4798 2876 4844 et
2933 4791 3148 4860 reptilia
3193 4797 3370 4847 terra.
3413 4807 3433 4840 ι

1876 4877 2085 4933 Cuncta
2119 4880 2320 4949 passim
2355 4879 2618 4935 vastanda
2650 4879 2929 4951 objiciam,
2960 4881 3034 4934 ita
3062 4890 3120 4935 ut
3147 4881 3284 4934 nihil
3307 4879 3442 4934 utile

1879 4969 2289 5039 superfuturum
2319 4971 2386 5026 iis
2411 4973 2502 5027 sit.
2534 4970 2663 5042 Agri
2693 4970 2846 5037 feris,
2875 4972 2995 5027 cmli
3026 4971 3240 5032 avibus.
3282 4979 3442 5026 terra;

1882 5055 2226 5125 serpentibus
2277 5058 2595 5112 varietatem
2651 5057 2910 5112 denotare
2961 5056 3132 5110 voluit
3177 5055 3440 5117 hostium,

1881 5147 1972 5216 qui
2021 5147 2145 5202 illos
2176 5162 2394 5218 pessum
2445 5156 2605 5202 erant
2651 5146 2852 5202 daturi.
2895 5145 3030 5202 Nam
3061 5145 3190 5202 ferae
3225 5147 3444 5218 quidem

1883 5239 2087 5292 saevitia
2136 5239 2382 5296 nocendo
2436 5240 2724 5296 imminent
2761 5260 2776 5296 :
2816 5253 2942 5294 aves
2989 5239 3226 5311 iisquae
3256 5240 3448 5295 volunt

1888 5329 2052 5385 facile
2089 5331 2334 5386 involant
2368 5349 2380 5386 :
2414 5331 2751 5402 serpentium
2802 5329 3036 5402 denique
3057 5333 3446 5404 gravissimum
3497 5385 3505 5406 ,

177 5417 282 5482 εἰς
306 5417 494 5488 λύμην
519 5419 658 5472 αὐτὰ
699 5417 957 5491 προθήσω
999 5421 1181 5484 πᾶσιν,
1220 5419 1357 5474 ὥστε
1396 5420 1560 5491 μηδὲν
1595 5419 1654 5487 ἐζ,
1677 5436 1754 5474 ao

1883 5429 2268 5476 nocumentum
2301 5430 2406 5479 est.

180 5514 300 5567 τῶν
324 5509 632 5566 ἀπόνασθαι
675 5509 926 5571 τούτους·
979 5509 1140 5581 θηρία
1179 5509 1286 5580 γάρ
1318 5509 1524 5579 ἀγροῦ,
1557 5511 1651 5563 καὶ
1697 5511 1916 5564 πετεινά
1959 5509 2222 5581 οὐρανοῦ,
2261 5511 2355 5564 καὶ
2405 5510 2608 5583 ἑρπετά
2641 5510 2773 5578 γῆς,
2810 5511 2870 5566 τὸ
2905 5513 3240 5586 πολύτροπον
3277 5511 3450 5566 εἰπεῖν

180 5601 466 5675 ἐϐουλήθη
506 5603 615 5656 τῶν
666 5601 1016 5675 λυμαίνεσθαι
1081 5598 1376 5668 μελλόντων
1433 5600 1614 5661 αὐτοῖς
1658 5599 1959 5670 πολεμίων·
2019 5600 2202 5672 ἐπειδὴ
2272 5601 2333 5654 τὸ
2376 5601 2476 5672 μέν
2525 5601 2741 5672 θηρίον,
2785 5607 2850 5674 τῇ
2899 5605 3140 5676 ὠμότητι
3195 5603 3451 5675 βλάπτειν

181 5697 445 5766 Ξτοιμον·
476 5696 546 5750 τά
580 5696 797 5749 πετεινὰ
827 5697 904 5759 δέ,
933 5684 1018 5761 ’τῷ
1051 5692 1210 5744 πᾶσιν
1239 5689 1565 5760 ἐφίπτασθαι
1595 5683 1674 5750 οἷς
1713 5689 1778 5743 ἂν
1805 5691 1966 5764 ἐθέλῃ
2003 5691 2198 5763 ῥᾳδίως
2218 5706 2230 5721 ·
2265 5691 2332 5744 τὰ
2365 5692 2570 5764 ἐρπετά
2603 5693 2678 5757 δὲ,
2721 5698 2788 5767 τῇ
2817 5695 3079 5769 βαρύτητι
3117 5697 3216 5767 τῆς
3254 5696 3450 5768 λύμης.

261 5810 423 5882 Στίχ.
439 5817 528 5878 ιγ’,
555 5813 706 5870 ιδ⁹.-
723 5830 743 5861 ι
758 5811 874 5865 Καὶ
885 5813 1156 5884 ἐκδικήσω
1172 5814 1256 5867 ἐπ’
1280 5812 1447 5884 αὐτὴν
1468 5811 1562 5877 τὰς
1586 5810 1754 5884 ἡμέρα

1970 5812 2132 5870 Vnus.
2166 5814 2253 5881 t5,
2291 5813 2377 5869 Η.
2405 5844 2476 5856 -
2511 5831 2532 5867 ι
2567 5812 2632 5870 Et
2675 5815 2907 5872 ulciscar
2950 5831 3114 5886 super
3159 5830 3278 5870 eam
3329 5813 3448 5870 dies

439 5911 715 5972 Ριτιοι..
760 5908 880 5970 Gn.
926 5909 1142 5971 LXVI.

1970 5952 1980 5959 .
3119 5957 3121 5959 ,
3159 5911 3202 5974 5
