3898 6228
482 266 584 322 42:9
642 250 645 253 ’
1661 264 2008 322 τιιεουυιιι

2169 266 2546 324 PSUESTENI
2654 312 2657 317 .
3601 265 3708 325 ιιο

478 382 704 447 Baalim,
746 381 942 453 quibus
982 397 1175 452 nempe
1219 381 1304 438 his
1349 381 1507 437 idolis
1551 382 1864 439 immolabat
1920 403 1932 437 :
1981 396 2017 438 el

2171 386 2243 439 ῶν
2276 387 2506 457 Βαάλιμ,
2540 386 2598 438 ὲν
2628 378 2715 448 αἷς
2746 382 2973 437 ἐπέθυεν
3013 382 3217 448 αὐτοῖς,
3252 381 3347 435 καὶ
3375 382 3710 455 περιετίθετο

479 480 700 535 inaures
756 489 887 530 suas
947 475 1278 544 moniliaque
1352 490 1451 529 sua
1525 476 1968 545 circumponebat

2171 479 2203 531 ἀ
2252 479 2446 530 ἐνώτια
2486 477 2675 546 αὐτῆς,
2712 478 2804 529 καὶ
2836 473 2903 527 τά
2942 473 3215 544 καθόρμια
3244 473 3429 543 αὐτῆς,
3460 474 3556 527 καὶ
3586 475 3710 528 ἐπο-

477 582 717 637 suosque
770 580 1041 621 amatores
1095 566 1432 628 sectabatur.
1490 566 1594 621 mei
1652 566 1848 632 oblita,
1904 566 2009 621 dici

2173 570 2323 622 εύετο
2346 570 2519 622 ὀπίσω
2546 569 2651 620 τῶν
2674 564 2916 637 ἐραστῶν
2945 563 3132 634 αὐτῆς,
3159 562 3291 633 ἐμοῦ
3317 562 3374 615 δὲ
3397 563 3711 631 ἐπελάθετο,

478 659 759 713 Dominus.
792 676 810 708 ι
838 655 962 710 Haec
986 656 1241 710 nimirum
1271 656 1564 726 patientur,
1592 671 1780 725 punias
1810 656 2011 711 luendo

2171 659 2283 728 έγει
2310 660 2531 728 Κύριος.
2586 678 2603 709 ι
2650 656 2833 711 Ταῦτα
2873 656 2930 709 δὲ
2976 655 3247 708 πείσονται
3289 654 3440 718 δίκας
3480 655 3710 721 διδόντες

475 758 759 822 propterea
791 748 932 818 quod
965 747 1124 801 idolis
1156 746 1503 809 adlizeserint,
1536 747 1735 815 quibus
1768 746 2014 800 sacrifici:

2174 748 2273 820 πὲρ
2295 742 2369 802 ὧν
2390 751 2503 812 τοῖς
2534 745 2768 808 εἰδώλοις
2790 745 3094 816 προσεῖχον,
3123 738 3202 806 οἷς
3226 742 3287 814 δὴ
3317 741 3415 806 τὰς
3442 741 3630 807 θυσίας
3649 759 3709 797 τε

476 855 688 911 quoque
723 840 1055 900 obtulerunt,
1101 838 1571 892 et~solemnitates
1599 838 1816 891 illorum
1860 839 2010 891 cultu

2170 839 2427 910 τροσῆγον,
2461 839 2553 892 καὶ
2596 835 2928 907 πανηγύρεις
2968 836 3058 887 ἐπὶ
3102 837 3168 905 τῇ
3212 833 3414 887 τούτων
3447 834 3709 907 θρησκείᾳ

475 932 815 995 dedicat-unt,
880 930 1171 999 plurimum
1230 929 1699 997 eircumpouentes
1757 941 2006 983 ornatum

2167 932 2416 994 υνίστων,
2450 932 2649 1001 κόσμον
2677 948 2735 982 τε
2766 927 3163 999 περιτιθέμενοι
3204 925 3472 992 πλεῖστον,
3500 926 3579 995 (p.
3612 928 3706 997 19)

474 1033 757 1091 cmtusque
812 1022 1055 1076 celebres
1104 1020 1171 1074 ad
1224 1020 1526 1074 daemonum
1586 1022 2013 1090 superstitionen

2172 1024 2225 1077 αὶ
2247 1021 2577 1092 πανηγύρεις
2603 1020 2953 1082 συνιστῶντες
2978 1018 3071 1072 ἐπὶ
3095 1021 3159 1089 τῇ
3191 1018 3298 1071 τῶν
3326 1018 3591 1087 δαιμόνων
3617 1019 3708 1072 θε-

474 1120 859 1169 convocantes.
879 1111 1080 1163 nullam
1098 1125 1224 1163 vero
1243 1109 1345 1162 mei
1369 1110 1681 1163 memoriam
1709 1112 2007 1165 retinentes

2171 1116 2356 1185 απείᾳ,
2388 1115 2519 1185 ἐμοῦ
2546 1114 2601 1167 δὲ
2628 1116 2845 1184 μνήμην
2870 1111 3081 1182 ἔχοντες
3110 1111 3392 1181 οὐδεμίαν·
3425 1111 3572 1179 λέγει
3600 1112 3710 1187 γὰρ

474 1201 612 1255 Dicit
628 1209 804 1254 autem
821 1198 920 1268 13
937 1198 1160 1263 Baalim,
1175 1197 1293 1250 loco
1310 1196 1663 1265 idolorum,in
1684 1206 1836 1267 parte
1849 1200 2013 1252 omni:

2170 1209 2242 1269 si;
2276 1206 2372 1276 μὲν
2407 1204 2616 1275 Βααλὶμ
2643 1204 2785 1257 τοῦτ’
2816 1203 2929 1256 ἐστι
2973 1204 3083 1265 τοῖς
3122 1200 3378 1267 εἰδώλοις,
3416 1204 3478 1254 ὲκ
3509 1203 3709 1273 μέρους

473 1295 788 1364 completus
826 1310 840 1345 :
874 1300 986 1345 tum
1013 1301 1065 1344 et
1100 1299 1371 1344 amatores
1403 1305 1552 1344 more
1579 1291 1739 1345 solito
1768 1291 1898 1344 dicit
1935 1307 2012 1360 pl‘t

2172 1297 2197 1348 ἀ
2223 1296 2398 1349 πάντα
2428 1296 2627 1363 λέγων·
2661 1295 2895 1366 ἐραστὰς
2935 1293 2991 1347 δὲ
3020 1294 3257 1365 συνήθως
3286 1292 3540 1361 ὀνομάζει
3581 1295 3711 1358 τοὺς

472 1385 853 1450 dzemonibus;
890 1390 1103 1437 constat
1140 1382 1321 1445 enim,
1357 1382 1410 1435 in
1453 1382 1719 1436 idolorum
1766 1383 2011 1453 obsequii

2170 1383 2385 1454 ιίμονας
2405 1400 2418 1412 ·
2452 1382 2669 1453 εὔδηλον
2701 1382 2806 1454 γὰρ
2843 1384 2923 1437 ὅτι
2956 1384 3015 1435 ὲν
3043 1385 3109 1453 τῇ
3152 1382 3259 1436 τῶν
3284 1382 3513 1436 εἰδώλων
3548 1383 3709 1455 θερα-

470 1494 661 1548 reapse
682 1476 958 1531 daemones
990 1474 1168 1528 cultos
1206 1472 1399 1527 fuisse.
1437 1492 1455 1524 ι
1495 1472 1706 1528 Idcirco
1736 1489 1838 1544 ego
1866 1475 2009 1530 sedit

2167 1476 2261 1547 τείᾳ
2303 1476 2552 1547 δαίμονες
2596 1472 2731 1547 ἦσαν
2782 1478 2831 1529 oi
2880 1476 3301 1546 θεραπευόμενοι
3345 1478 3473 1547 παρ’
3503 1476 3706 1532 αὐτῶν.

469 1585 589 1623 cam
633 1569 801 1633 illam,
842 1574 897 1621 et
938 1566 1108 1619 instar
1143 1564 1344 1619 deserti
1388 1580 1607 1634 ponam.
1648 1584 1667 1617 ι
1715 1564 2008 1635 Captivitat

2195 1566 2291 1619 Διὰ
2328 1566 2484 1620 τοῦτο
2523 1566 2633 1635 ἐγὼ
2673 1566 2857 1621 πλανῶ
2895 1566 3086 1637 αὐτὴν,
3130 1569 3223 1619 καὶ
3259 1567 3403 1633 τάξω
3433 1568 3603 1639 αὐτὴν
3631 1567 3710 1632 ὡς

468 1677 587 1716 eam
612 1660 843 1721 tradam,
885 1658 1083 1726 inquit,
1128 1656 1200 1710 ita
1232 1662 1290 1710 ut
1322 1656 1481 1710 bonis
1512 1656 1769 1712 omnibus
1800 1659 2007 1727 spoliat:

2173 1676 2353 1730 ρημον.
2398 1681 2416 1711 ι
2450 1660 2801 1730 Αἰχμαλωσίᾳ
2834 1658 3161 1731 παραδώσω,
3195 1661 3375 1730 φησὶν,
3424 1660 3564 1714 ὥστε
3608 1661 3712 1714 αύ-

469 1762 695 1822 vagetur
719 1751 773 1804 in
809 1749 911 1803 viis
932 1788 947 1812 ,
972 1763 1109 1817 quas
1134 1755 1291 1801 antea
1329 1747 1641 1811 nesciebat,
1672 1764 1819 1803 nunc
1848 1758 2007 1802 auten

2171 1752 2227 1822 ὴν
2271 1752 2485 1805 πάντων
2531 1753 2733 1824 ἔρημον
2783 1749 2945 1806 οὖσαν
2992 1754 3102 1808 τῶν
3145 1753 3365 1822 ἀγαθῶν
3405 1754 3710 1809 πλανᾶσθαι

469 1843 786 1898 calamitose
835 1839 1125 1894 decurrere
1181 1838 1414 1908 cogitur.
1465 1836 1587 1892 Mox
1630 1847 1808 1894 tamen
1860 1855 2008 1909 pmna

2170 1841 2268 1894 ατὰ
2300 1841 2395 1905 τὰς
2422 1842 2593 1906 ὁδοὺς,
2626 1842 2692 1905 ἃς
2741 1843 3002 1914 πρότερον
3030 1844 3131 1897 οὐκ
3181 1843 3373 1908 εἰδυῖα,
3404 1843 3497 1896 νῦν
3523 1843 3709 1899 ἀνύειν

468 1936 689 1991 decreto
706 1930 1121 1987 conversionem
1148 1944 1365 1999 quoque
1386 1928 1441 1982 in
1472 1929 1667 1984 melius
1689 1931 2006 1985 commiscet

2169 1930 2236 1984 πὸ
2280 1930 2378 2000 τῆς
2422 1933 2706 2001 συμφορᾶς
2747 1931 3115 2001 ἠναγκάζετο·
3155 1927 3275 1985 εἶτα
3312 1932 3708 2003 καταμίγνυσιν

469 2029 563 2098 qui
601 2034 688 2081 est
719 2023 1109 2094 prophetarum
1145 2036 1285 2083 mos.
1327 2023 1406 2076 sic
1430 2022 1592 2076 etiam
1621 2022 1837 2077 beatum
1868 2021 2008 2075 Davi-

2172 2024 2194 2092 ᾗ
2228 2022 2498 2092 ἀποφάσει
2541 2022 2639 2093 τῆς
2671 2024 2936 2093 τιμωρίας
2973 2023 3069 2077 καί
3098 2023 3198 2095 τὴν
3237 2023 3329 2076 ἐπὶ
3366 2023 3428 2076 τδ
3458 2026 3711 2094 κρεῖττον

467 2121 589 2175 dem
638 2114 985 2177 imitantium,
1011 2114 1103 2183 qui
1149 2129 1289 2182 saepe
1329 2114 1383 2166 in
1416 2113 1648 2171 Psalmis
1693 2115 2006 2169 calamitate:

2176 2112 2456 2185 εταόολὴν,
2486 2112 2668 2177 καθὼς
2713 2113 2831 2177 ἔθος
2878 2116 2988 2178 τοῖς
3030 2115 3335 2185 προφήταις
3383 2116 3578 2177 ποιεῖν,
3615 2133 3708 2185 μι-

468 2211 671 2281 pariter
706 2207 956 2271 dicebat,
987 2214 1041 2260 et
1077 2207 1403 2260 solutionem
1443 2206 1820 2276 pollicebatur.
1852 2206 2007 2262 Velut

2168 2205 2419 2275 ,ουμένοις
2448 2208 2539 2259 καὶ
2570 2206 2710 2259 κατά
2739 2206 2996 2263 τούτοτὸν
3016 2207 3282 2277 μακάριον
3315 2206 3508 2262 Δαυῒδν
3556 2207 3617 2272 ὃς
3646 2210 3707 2263 ὲν

467 2316 591 2356 cum
653 2300 707 2353 in
754 2298 1033 2352 tricesimo
1094 2299 1303 2367 psalmo
1359 2298 1483 2353 ait:
1517 2314 1534 2349 ι
1596 2297 1850 2354 Miserere
1902 2299 2004 2353 mei

2168 2296 2377 2366 Γαλμοίς
2407 2296 2541 2367 όμοῦ
2574 2313 2633 2348 τε
2668 2296 2921 2360 πολλάκις
2952 2295 3050 2360 τὰς
3087 2297 3370 2367 συμφορὰς
3400 2296 3574 2366 ἔλεγε,
3610 2300 3707 2351 καὶ

467 2390 725 2453 Domine,
753 2388 1007 2459 quoniam
1040 2388 1294 2444 tribulor.
1335 2388 1560 2444 Turbati
1598 2400 1729 2446 sunt
1762 2391 1816 2445 in
1850 2390 2006 2444 furon

2169 2389 2226 2457 ὴν
2266 2385 2417 2439 λύσιν
2466 2388 2804 2457 ὑπισχνεῖτο·
2841 2387 2917 2451 ώς
2957 2389 3083 2441 ὅταν
3126 2388 3218 2441 ἐπὶ
3257 2387 3350 2441 τοῦ
3380 2388 3708 2459 τριακοστοῦ

464 2484 609 2539 oeuli
655 2482 794 2544 mei,
835 2488 890 2536 et
926 2482 1105 2534 anima
1159 2496 1277 2535 mea
1321 2497 1386 2535 ac
1433 2490 1619 2537 venter
1669 2497 1842 2537 meus.
1891 2481 2003 2548 Qui:

2164 2478 2264 2550 ἐγῃ
2285 2477 2529 2549 ψαλμοῦ·
2566 2497 2585 2528 ι
2632 2478 2882 2549 Ἐλέησόν
2930 2496 3020 2549 με,
3074 2479 3263 2550 Κύριε,
3294 2481 3375 2534 ὅτι
3415 2479 3703 2551 θλίϐομαι·

465 2572 665 2629 defecit
694 2573 750 2626 in
777 2572 965 2626 dolore
992 2572 1096 2625 vita
1127 2587 1266 2634 mea,
1308 2581 1362 2626 et
1414 2572 1542 2626 anni
1575 2574 1680 2627 mei
1722 2576 1777 2628 in
1811 2576 2004 2645 gemiti

2168 2569 2505 2639 ταράχθησαν
2538 2571 2594 2622 ὲν
2624 2569 2775 2640 θυμῷ
2820 2571 2868 2623 οἱ
2909 2569 3172 2641 ὀφθαλμοί
3218 2574 3394 2643 μου,ή
3423 2572 3567 2643 ψυχή
3602 2590 3707 2642 μου

462 2663 568 2719 bus
620 2662 687 2718 ¹⁹.
719 2680 738 2714 ι
780 2660 915 2715 Tum
967 2671 1025 2716 et
1067 2662 1265 2716 deinde
1311 2660 1417 2716 alia
1456 2661 1544 2717 bis
1599 2663 1821 2718 similia.
1859 2664 2001 2718 Pault

2162 2663 2223 2714 αὶ
2251 2664 2284 2731 ή
2317 2664 2528 2733 γαστήρ
2561 2679 2662 2732 μου
2682 2676 2695 2689 ·
2727 2662 2808 2715 ὅτι
2835 2660 3078 2726 ἐξέλιπεν
3108 2665 3165 2717 ἐν
3190 2664 3402 2737 όδύνῃή
3436 2664 3545 2736 ζωή
3578 2683 3701 2735 μου,

466 2763 589 2820 post
642 2761 854 2814 tamen,
904 2750 1090 2806 dicere
1141 2767 1406 2821 pergens,
1459 2751 1585 2804 ait:
1638 2770 1657 2802 ι
1701 2750 2005 2807 Benedictu:

2165 2751 2223 2804 al.
2258 2752 2326 2804 τὰ
2355 2752 2447 2821 ἔτη
2490 2770 2589 2822 μου
2619 2755 2676 2805 ἐν
2706 2756 3045 2824 στεναγμοῖς.
3077 2772 3097 2805 ι
3131 2754 3242 2807 Καὶ
3293 2755 3413 2809 καθ’
3464 2755 3591 2825 ἑξῆς
3635 2757 3704 2809 τὰ

464 2843 751 2906 Dominus,
791 2842 884 2912 qui
934 2841 1243 2897 mirificavit
1288 2841 1723 2897 misericordiam
1762 2860 1918 2898 suam
1971 2847 2003 2899 ii

2165 2862 2289 2913 μοια
2313 2848 2549 2908 τούτοις·
2588 2841 2709 2899 εἶτα
2751 2844 3054 2917 προϐαίνων
3080 2845 3172 2900 τοῦ
3216 2846 3371 2915 λόγου
3396 2846 3535 2899 κατά
3565 2846 3704 2917 βρα-

463 2933 683 2993 civitate
734 2932 964 2986 munita.
1003 2951 1022 2984 ι
1061 2931 1125 2986 Ει
1181 2949 1305 2987 mox
1358 2933 1484 2988 item
1535 2934 1640 2989 alia
1688 2935 1998 3006 bujusmodi

2169 2934 2229 2988 έα
2254 2933 2415 3004 φησίν
2435 2950 2447 2962 ·
2469 2954 2486 2984 ι
2517 2934 2817 3004 Εὐλογητὸς
2844 2934 3066 3006 Κύριος,
3109 2936 3186 2991 ὅτι
3217 2936 3604 3005 ὲθαυμάστωσε
3639 2937 3708 2989 τὸ

462 3023 631 3079 Multa
686 3022 771 3078 bis
824 3023 975 3093 paria
1023 3023 1077 3076 in
1123 3022 1352 3079 Psalmis
1403 3027 1710 3094 comperire
1750 3037 1855 3092 est,
1904 3045 2001 3099 qua

2166 3028 2273 3089 λεος
2305 3026 2468 3079 αὐτοῦ
2495 3028 2552 3079 ἐν
2587 3026 2738 3078 πόλει
2762 3028 3039 3098 περιοχῆς·
3073 3046 3093 3080 ι
3127 3028 3218 3081 καὶ
3246 3028 3365 3081 καθ’
3397 3027 3519 3096 ἑξῆς
3541 3027 3600 3081 δὲ
3634 3029 3705 3080 τὰ

458 3114 739 3187 propheta:
772 3081 1082 3167 necessario
1128 3114 1308 3167 studio
1354 3081 1658 3181 faciebant,
1702 3133 1813 3173 non
1846 3081 1990 3175 mddi

2170 3134 2286 3170 ιιοια
2326 3117 2566 3179 τούτοις·
2612 3117 2779 3170 πολλά
2823 3116 2880 3170 δὲ
2924 3118 3145 3172 τοιαῦτα
3190 3119 3281 3172 ἐπὶ
3322 3120 3429 3172 τῶν
3456 3118 3709 3190 Ψαλμῶν

456 3220 581 3260 eam
624 3203 969 3258 audientibus
1014 3215 1261 3259 creantes
1308 3204 1594 3261 utilitatem
1638 3222 1654 3262 :
1695 3223 1930 3282 namque
1968 3229 1995 3266 ιι

2165 3208 2271 3280 ὅροι
2307 3224 2388 3270 τις
2414 3209 2477 3262 ἄν
2497 3226 2509 3238 ·
2542 3207 2684 3278 ἆπερ
2716 3203 2810 3261 οὖν
2840 3210 3151 3277 ἀναγκαίως
3188 3209 3467 3280 ἐζήλωσαν
3489 3211 3538 3262 οἱ
3567 3228 3704 3282 προ-

459 3296 787 3352 calamitatis
812 3293 1165 3364 praedictione
1184 3296 1521 3364 territarent,
1550 3298 1820 3357 bonorum
1844 3311 1998 3358 auten

2168 3303 2309 3373 ἧται,
2338 3304 2416 3372 (p.
2448 3302 2540 3373 20)
2570 3302 2767 3374 πολλὴν
2796 3307 2906 3367 τοῖς
2935 3304 3188 3358 ἀκούουσι
3216 3306 3573 3377 παρεχόμενοι
3600 3305 3707 3375 τὴν

458 3386 875 3441 denuntiatione
907 3387 960 3440 in
991 3401 1143 3457 spem
1172 3388 1466 3457 erigerent.

2167 3394 2339 3465 ρείαν·
2375 3394 2449 3458 ὡς
2482 3394 2548 3449 ἂν
2574 3395 2663 3449 διά
2695 3397 2792 3467 μὲν
2825 3397 2933 3452 τῶν
2973 3399 3071 3470 τῆς
3120 3401 3401 3470 συμφορᾶς
3440 3400 3706 3471 ῥημάτιον

2126 3486 2364 3553 φοϐοῖεν·
2396 3487 2483 3541 διὰ
2508 3488 2564 3541 δὲ
2588 3487 2688 3558 τῆς
2715 3488 2824 3542 τῶν
2851 3490 3072 3558 ἀγαθῶν
3104 3491 3452 3560 ἐπαγγελίας,
3482 3489 3705 3542 εὐέλπι-

2122 3579 2217 3643 δας
2249 3582 2469 3634 ποιοῖεν.

526 3645 697 3704 Vsns.
852 3680 913 3688 -υ
934 3650 1074 3716 Quid
1107 3665 1234 3721 ergo
1274 3650 1381 3706 ait?
1418 3671 1435 3701 ι
1470 3650 1535 3707 Ει
1578 3653 1770 3725 loquar
1816 3654 1881 3708 ad
1931 3669 2027 3709 cor

2193 3671 2343 3743 Στίχ.
2376 3679 2456 3726 ιε’.
2490 3705 2559 3716 -
2595 3674 2660 3726 Τί
2715 3670 2808 3728 οὗν
2839 3691 3004 3745 φησι;
3033 3693 3051 3726 ι
3076 3673 3185 3728 Καὶ
3214 3673 3427 3745 λαλήσω
3468 3675 3561 3727 ἐπὶ
3597 3675 3705 3745 τὴν

450 3740 600 3808 ejus.
635 3760 653 3791 ι
702 3739 948 3805 Solabor,
977 3742 1168 3812 inquit,
1207 3743 1352 3796 illam
1383 3760 1503 3814 quae
1542 3744 1989 3801 inconsolabilibu

2165 3739 2350 3835 αρδίαν
2386 3765 2578 3836 αὐτῆς.
2620 3785 2639 3817 ι
2666 3739 3042 3837 Παραιιαλέσω
3063 3804 3077 3828 ,
3135 3739 3524 3837 (malm-airqu
3555 3739 3704 3836 μεττά

460 3829 807 3882 conflictatur
841 3831 1018 3885 malis.
1066 3849 1083 3881 ι
1124 3830 1189 3885 lit
1220 3832 1362 3887 dabo
1389 3835 1438 3889 ei
1479 3838 1860 3905 possessiones
1896 3853 1994 3892 sua

2164 3829 2298 3921 σύτο,
2319 3829 2771 3927 ἀπαραμυθήτως
2791 3857 3125 3912 παλαίουσαν
3148 3829 3269 3919 ’τοῖς
3300 3829 3505 3921 κακοῖς.
3541 3829 3569 3910 ι.
3585 3860 3703 3913 Καὶ

459 3918 681 3974 ibidem.
719 3938 739 3971 ι
800 3918 1101 3974 Restituam
1155 3923 1302 3978 illam
1350 3926 1406 3979 in
1456 3928 1698 3995 priorum
1754 3931 1998 3983 bonorun

2162 3918 2451 4018 ώσω-αὑτῇ·
2478 3918 2548 4001 τά
2572 3918 2828 4019 κτήματα
2870 3948 3037 4019 αὐτῆς
3066 3946 3292 4002 ἐκεῖθεν.
3336 3967 3355 4001 ι
3391 3951 3701 4004 Ἀποκατα-

461 4023 644 4075 usum,
679 4011 987 4080 captivitate
1022 4013 1279 4070 liberans.
1331 4034 1350 4067 ι
1402 4015 1469 4070 Et
1505 4019 1699 4073 vallem
1745 4020 1925 4075 Acbor
1956 4037 2000 4075 ai

2134 4038 2304 4109 στήσω
2328 4002 2488 4092 πάλιν
2509 4002 2792 4110 αύτὴιῖὲπὶ
2811 4040 2910 4111 τὴν
3068 4040 3347 4112 προτέρων
3372 4002 3673 4097 ἀπόλαυσιν

458 4100 804 4171 aperiendam
842 4101 1251 4171 intelligentiam
1277 4105 1470 4176 ipsius.
1512 4128 1532 4159 ι
1574 4106 1647 4163 lta
1677 4117 1736 4162 ut
1762 4126 1992 4180 quaecun

2235 4130 2605 4200 αἰχμαλωσίας
2626 4083 2926 4196 έκσπάσάς.
2956 4153 2973 4183 ι
3001 4083 3478 4205 Καὶγτὴννκοιλάδα
3494 4083 3702 4212 Ἀχὼρζ

456 4209 563 4262 que
592 4192 687 4247 illo
724 4194 779 4248 in
828 4195 952 4249 loco
988 4198 1232 4266 perpessi
1283 4200 1521 4264 fuerunt,
1567 4218 1629 4257 ea
1656 4204 1913 4275 deinceps
1954 4224 1995 4260 at

2166 4179 2218 4199 ὀυ
2241 4179 2602 4200 ’τνΛι-’ννηννν-*τν
2628 4179 2926 4196 vnn-"ww-
2959 4179 2972 4183 -
3001 4179 3107 4187 ----
3148 4179 3228 4205 -ϊ
3263 4179 3478 4189 ’ππ-νυν-
3508 4179 3701 4212 "Auro

2166 4220 2378 4284 ,ανοίξαι
2410 4220 2626 4274 σύνεσιν
2666 4224 2851 4292 αὐτῆς.
2886 4242 2905 4275 ι
2969 4224 3127 4278 ’Ὥστε
3173 4226 3343 4280 ὁπόσα
3387 4228 3505 4280 κατ’
3550 4230 3705 4283 ἐκεί-

453 4284 851 4339 restitutionem
897 4286 949 4339 in
1002 4287 1277 4342 meliorem
1313 4299 1515 4344 statum
1549 4302 1603 4346 et
1637 4296 1880 4363 priorum
1913 4302 1992 4351 cla

2163 4328 2217 4362 ον
2243 4312 2543 4365 πεπόνθασι
2590 4313 2680 4365 τὸν
2715 4313 2899 4377 τόπον,
2940 4315 3259 4369 συντελέσαι
3287 4317 3470 4371 λοιπὸν
3510 4319 3702 4377 αὐτοῖς

454 4374 603 4428 dinm
650 4376 1080 4432 sublevationem
1125 4389 1424 4435 vertantur.
1476 4380 1722 4439 Sentient
1751 4387 1918 4450 enim,
1963 4403 1993 4441 u

2164 4347 2216 4362 uv
2249 4347 2543 4365 ιυςηννυυιυιν
2600 4347 2678 4365 νυν
2723 4347 2899 4377 δυηυν,
2940 4347 3259 4369 υυνιιςηιυιιδ
3288 4347 3469 4371 Λυιδιυν
3510 4347 3701 4384 αυῑυις

2164 4403 2203 4465 ἱς
2238 4402 2515 4472 βελτίωσιν
2538 4405 2632 4456 καὶ
2649 4404 2934 4476 διόρθωσιν
2965 4406 3072 4460 τῶν
3104 4407 3509 4479 προειληφότων
3538 4427 3703 4465 πται-

452 4477 552 4532 par
585 4475 687 4526 est,
710 4482 773 4519 ex
805 4466 908 4520 bac
951 4469 1003 4521 in
1049 4468 1242 4523 melius
1267 4474 1642 4540 conversione,
1675 4477 1816 4545 quod
1848 4486 1902 4531 et
1931 4478 1985 4532 ill

2168 4466 2374 4561 μάτων·
2411 4466 2763 4564 αἰσθήσονται
2815 4499 2943 4569 γὰρ,
2971 4499 3046 4562 ὡς
3094 4466 3259 4564 εἰλὺς,
3288 4466 3356 4553 ex.
3389 4501 3487 4571 τῆς
3517 4503 3611 4555 ἐπὶ
3634 4503 3707 4558 τὸ

453 4553 629 4609 tristia
684 4572 790 4610 non
842 4558 1052 4612 incuria
1099 4575 1218 4615 mea
1255 4563 1461 4631 experti
1510 4564 1732 4629 fuerint,
1755 4569 1848 4623 sed
1890 4571 1992 4641 qui;

2163 4553 2172 4561 .
2560 4553 2571 4564 .
3026 4553 3043 4562 -
3220 4553 3259 4564 -ι
3431 4553 3700 4571 νι-η-εν

2163 4586 2364 4653 ρεῖττον
2387 4587 2708 4657 μεταϐολῆς,
2746 4588 2825 4641 ὅτι
2851 4590 3071 4644 καὶτῶν
3110 4591 3368 4663 λυπηρῶν
3405 4592 3505 4647 οὐκ
3541 4595 3702 4648 ἐπει-

451 4646 695 4702 eadendo
724 4651 967 4718 oportuit
994 4650 1115 4706 illos
1135 4663 1482 4722 peccatorum
1513 4657 1617 4729 14
1646 4674 1871 4715 suorum
1896 4678 1990 4717 seu

2165 4646 2362 4745 ἀθησαν
2387 4646 2462 4729 ’δι’
2504 4646 2765 4749 ἀμέλειαν
2804 4679 2960 4752 ἐμὴν,
3003 4681 3116 4734 ἀλλ’
3139 4646 3325 4755 ἐπειδὴ
3359 4646 3704 4751 πταίσαντας

451 4756 571 4792 sum
602 4741 901 4811 percipere.
927 4740 1060 4795 Nam
1093 4762 1111 4794 ι
1140 4744 1330 4800 vallem
1358 4749 1559 4812 Acltor,
1598 4770 1615 4800 ι
1642 4751 1815 4806 locum
1839 4754 1990 4808 dicer

2161 4740 2368 4836 ἴσθησιν
2390 4740 2557 4839 ἐχρῆν
2573 4770 2679 4823 τῶν
2694 4740 3107 4843 ἁμαρτημάτων
3123 4740 3434 4829 λαϐεῖν’τῶν
3450 4740 3700 4832 οἰκείωνζ

449 4833 685 4897 videtnr,
714 4834 766 4886 in
807 4849 916 4905 quo
954 4839 1254 4904 praesertim
1280 4841 1659 4909 gravissimam
1693 4860 1988 4914 acceperan

2167 4870 2180 4908 ι
2203 4833 2309 4928 γὰρ
2339 4878 2357 4909 ι
2384 4833 2599 4915 κοιλάδα
2633 4833 2831 4934 Ἀχῶρ,
2867 4883 2884 4914 ι
2904 4833 3075 4919 ’τόπον
3106 4866 3247 4921 ἔοικε
3275 4867 3452 4937 λέγειν
3474 4870 3531 4921 ὲν
3629 4869 3706 4944 δὴ

450 4924 575 4978 belli
609 4926 856 4980 cladem:
904 4943 970 4981 ex
1010 4944 1116 4996 qua
1161 4940 1454 4987 consecuta
1510 4933 1683 4989 fuerat
1727 4937 1985 5005 captivita

2161 4922 2357 5005 άλιστα
2374 4952 2471 5023 τὴν
2492 4922 2802 5027 βαρυτάτην
2820 4922 3067 5023 ἐδέξαντο
3085 4958 3180 5012 τοῦ
3202 4922 3439 5032 πολέμου
3458 4922 3700 5033 τροπήνί

447 5032 570 5068 cum
598 5018 819 5087 propria
879 5020 1145 5074 malorum
1195 5027 1435 5093 sequela.
1478 5026 1656 5096 Atque
1687 5045 1752 5083 ex
1785 5029 1887 5084 hac
1913 5030 1986 5085 lor

2170 5058 2193 5103 ς
2218 5018 2578 5115 ἀκολουθῆσαι
2602 5050 2701 5119 τήν
2726 5018 2783 5101 τὲ
2812 5018 3190 5120 αἰχμαλωσίαν
3210 5092 3225 5117 ,
3270 5018 3362 5107 καλ¹
3388 5054 3454 5107 τά
3481 5018 3709 5109 ἐκεῖθεν

447 5116 627 5175 parte,
659 5117 825 5162 totam
857 5110 1069 5164 videtur
1108 5111 1350 5181 ipsorum
1381 5115 1674 5186 designare
1700 5120 1974 5189 regionem

2169 5134 2266 5186 ικά
2315 5110 2536 5191 λοιπόν·
2568 5110 2668 5204 ὡς.
2697 5110 2975 5208 είκὸς,ηέκ
3008 5110 3223 5217 μέρους
3246 5147 3386 5200 κατὰ
3412 5147 3471 5200 τὸ
3503 5148 3708 5214 εἰωθὸς

450 5200 505 5250 in
535 5214 642 5267 qua
674 5210 964 5270 postquam
996 5204 1283 5260 innumera
1323 5207 1392 5261 ab
1424 5207 1674 5266 hostibus
1718 5215 1863 5268 mala
1895 5231 1989 5286 per

450 5286 595 5313 ..ιη-..ζ
649 5287 857 5313 Γ..,........
933 5295 965 5313 2,
1045 5311 1089 5313 _,
1142 5297 1175 5313 ,ο
1220 5298 1253 5313 ο.
1297 5307 1309 5313 -
1479 5302 1489 5313 .
1568 5305 1576 5313 .
1759 5309 1769 5313 -
1822 5309 1852 5313 -,
1910 5309 1920 5313 -

2169 5226 2299 5279 ἔσαν
2327 5229 2504 5283 αὐτῶν
2521 5200 2697 5285 καλῶν
2726 5200 2927 5304 τὴν-ξι).
2958 5200 3049 5299 2f)
3078 5200 3292 5309 χώραν·
3333 5234 3439 5313 ἐνῇ
3463 5200 3708 5294 πλεῖστᾶ

446 5286 598 5359 pessi
648 5287 881 5355 fuerant,
933 5295 987 5348 in
1034 5297 1401 5367 captivitatem
1458 5302 1691 5374 denique
1722 5309 1792 5363 ab
1821 5309 1985 5365 iisdeu

449 5380 663 5406 ιιι-Α..Αιζ
693 5380 907 5406 I‘...._.._n
984 5404 992 5406 Α
1027 5385 1086 5406 υ.
1129 5389 1151 5406 ιν
1262 5392 1313 5406 οι·
1356 5392 1369 5406 ι
1395 5393 1427 5406 ο-
1561 5396 1633 5406 η..
1714 5399 1724 5406 .
1922 5404 1952 5406 _-

2170 5336 2219 5372 na
2236 5320 2384 5391 παρά
2399 5322 2503 5375 τῶν
2518 5323 2644 5377 πολε
2652 5286 2791 5394 μίωύ
2807 5286 3285 5401 ὑπομεμενΙήκότες
3303 5286 3466 5396 κακά,
3481 5332 3573 5384 ἐπὶ
3594 5333 3709 5406 τὴν

445 5380 664 5491 abducti
692 5380 930 5438 fuerunt.
976 5404 993 5437 ι
1027 5385 1090 5441 Et
1127 5389 1505 5447 humiliabitur
1559 5396 1670 5452 illic
1704 5399 1867 5468 juxta
1901 5404 1984 5458 die

2169 5380 2490 5479 ἱχμαλωσίαν
2506 5380 2827 5485 ἀπήχθησαν
2851 5380 2955 5470 ὑπὸ

448 5471 689 5527 infantiae
735 5490 869 5540 suae,
902 5485 955 5530 et
980 5476 1133 5546 juxta
1179 5482 1295 5539 dies
1349 5488 1689 5547 ascensionis
1735 5493 1908 5563 ipsius
1952 5497 1984 5550 d

448 5571 585 5585 η---
635 5564 831 5585 ,μμ-,ε
937 5568 978 5585 η
1097 5572 1108 5583 .
1395 5580 1441 5585 ,-
1656 5584 1659 5585 ν

2164 5499 2507 5571 εινωθήσεται
2525 5471 2654 5556 ἐκέῖ
2664 5471 2803 5557 κάτά
2820 5506 2917 5569 τὰς
2934 5507 2966 5576 ή
2973 5507 3039 5575 μέ
3046 5525 3145 5579 ρας
3161 5471 3481 5581 νηπιότητος
3497 5512 3563 5565 αύ
3572 5513 3703 5585 τῆς,

445 5571 589 5617 terra
614 5564 854 5638 Egypli.
888 5586 908 5620 ι
936 5568 1199 5635 Quoniam
1226 5580 1492 5650 superbire
1518 5584 1739 5641 nomine
1761 5587 1984 5659 indigita

2160 5591 2213 5643 ai.
2224 5564 2362 5648 κατά
2387 5593 2485 5657 τὰς
2512 5595 2729 5665 ἡμέρας
2761 5564 3075 5663 ἀναϐάσεως
3099 5564 3269 5671 avari};
3304 5564 3699 5676 ιἐκιγῆςΔῐγᾙΣ

517 5728 566 5764 ⁸⁸
591 5728 738 5787 Psal.
764 5747 892 5800 xxx,
925 5734 1009 5788 10.
