3898 6228
202 315 285 374 NI
1244 319 1787 377 COMMENTARIUS
1826 318 1893 374 IN
1933 319 2134 375 OSEA-I
2174 321 2322 376 CAP.
2365 319 2428 376 ll.

3329 326 3437 381 ΗΞ

198 449 377 486 πτου.»
410 431 624 500 Ἐπειδὴ
650 432 758 502 γαρ
790 433 1164 505 ὑπερηφανίαν
1191 435 1339 505 λέγει
1370 436 1431 489 τὸ
1458 435 1755 507 ἀποστῆναί

1865 435 2194 504 apostasiam
2246 436 2659 506 neglectumque
2713 435 2829 498 Dei,
2874 435 3304 494 humiliationem
3350 443 3435 497 vit

197 541 252 577 τε
272 522 372 576 καὶ
388 522 657 592 ἀμελῆσαι
684 521 779 575 τοῦ
801 522 985 587 Θείου,
1014 526 1338 579 ταπείνωσιν
1350 528 1496 594 λέγει
1523 528 1621 599 τὴν
1654 527 1768 580 ἐπί-

198 637 392 690 γνωσιν
418 620 508 672 τοῦ
531 620 904 690 προσήκοντος
922 639 937 651 ·
973 623 1142 675 καὶτὸ
1171 623 1247 685 ὡς
1275 622 1542 692 δεσπότην
1574 637 1634 673 τε
1674 620 1767 672 καὶ

198 714 383 784 κριτὴν
393 713 483 765 καὶ
500 714 703 784 Κύριον
714 713 822 766 τῶν
838 716 1088 767 ἁπάντων
1103 714 1381 784 φοϐεῖσθαι
1394 714 1634 777 δικαίως⁸
1654 731 1767 766 τοι-

197 802 360 855 ούτων
373 798 487 865 οὖν,
504 803 691 873 φησιν,
707 804 765 855 ἐν
788 803 865 874 τῷ
887 805 1061 875 καιρῷ
1081 804 1326 870 τεύξεται
1341 805 1439 874 τῆς
1462 806 1763 875 συμφορᾶς,

199 893 307 945 καθ’
329 894 624 963 ὁμοιότητα
646 894 757 947 τῶν
788 894 930 948 κατὰ
952 894 1046 963 τὴν
1070 895 1341 963 Αἴγυπτον
1367 896 1687 963 γεγονότων,
1715 895 1764 948 οἳ

196 988 259 1056 τῇ
281 984 387 1037 τῶν
413 985 648 1037 πλίνθων
669 986 903 1057 ἐργασία
919 988 1348 1058 συντριϐόμενοι,
1366 988 1683 1057 ἐπέγνωσάν
1703 1005 1762 1041 τε

197 1071 315 1124 ὅθεν
342 1074 576 1143 προσῆκε
596 1075 695 1144 τὴν
725 1074 930 1127 τούτων
970 1075 1223 1146 εὑρέσθαι
1258 1076 1411 1129 λύσιν
1432 1093 1446 1107 ’
1480 1078 1574 1130 καὶ
1599 1078 1761 1147 ἐϐόη-

201 1184 298 1219 σαν
338 1168 567 1231 ἆπαντες
617 1169 755 1238 πρὸς
812 1170 977 1222 θεόν·
1024 1169 1163 1222 ὥστε
1208 1171 1368 1224 αὐτὸν
1406 1172 1764 1225 ἐπινεύσαντα

196 1262 311 1321 ταῖς
356 1261 462 1311 τῶν
503 1258 747 1328 βοώντων
786 1262 1031 1330 αἱτήσεσι
1063 1262 1203 1332 μετὰ
1242 1264 1477 1334 μεγάλου
1508 1264 1600 1317 τοῦ
1630 1264 1761 1317 θαύ-

198 1364 362 1415 ματος
402 1352 698 1417 παρασχεῖν
727 1350 911 1412 αὐτοῖς
942 1350 1039 1420 τὴν
1066 1352 1273 1406 οἰκείαν
1305 1353 1574 1423 βοήθειαν.
1622 1354 1759 1408 Καθ’

194 1439 478 1511 ὁμοιότητα
499 1441 586 1511 δὴ,
623 1444 809 1511 φησὶν,
835 1444 1056 1497 ἐκείνων
1083 1445 1236 1498 ἔσται
1266 1448 1442 1499 καὶτὰ
1470 1448 1566 1500 νῦν
1584 1464 1597 1477 ’
1618 1448 1761 1501 οὕτω

194 1532 673 1601 σωςρονιζομένων
694 1550 753 1585 τε
782 1535 885 1587 ὑπὸ
925 1535 1022 1605 τῆς
1058 1539 1361 1608 συμφορᾶς,
1385 1540 1480 1592 καὶ
1504 1541 1755 1608 ἐπιγινωο

195 1621 421 1672 σχόντων
452 1622 548 1674 τὸν
579 1622 759 1674 αἴτιον
787 1624 894 1676 τῶν
929 1625 1177 1693 ἀγαθῶν·
1218 1628 1313 1680 καὶ
1342 1630 1633 1683 αἰτούντων
1656 1631 1757 1699 μὲν

193 1710 284 1782 τὴν
310 1712 561 1783 βοήθειαν
609 1716 840 1778 ἐκεῖθεν,
879 1718 1017 1788 μετὰ
1049 1719 1247 1788 πολλῆς
1275 1720 1332 1773 δὲ
1370 1721 1471 1792 τῆς
1510 1723 1759 1787 εὐκολίας

193 1804 558 1873 τυηανὸντων
598 1807 790 1876 αὐτῆς.
1300 1822 1317 1831 ‘

254 1895 397 1965 Στίχ.
433 1904 607 1961 ις’-κ’.
645 1927 714 1937 --
750 1919 771 1949 ι
813 1901 923 1953 Καὶ
952 1900 1102 1955 ἔσται
1149 1905 1210 1957 ἐν
1251 1908 1316 1977 τῇ
1347 1906 1530 1979 ἡμέρα
1553 1909 1757 1983 ἐκείνῃ,

190 1983 323 2052 λέγει
357 1987 587 2057 Κύριος,
616 1989 836 2042 καλεσει
865 2009 931 2062 με
960 1991 989 2043 ὁ
1020 1995 1160 2067 ἁνήρ
1187 2013 1311 2066 μου,
1338 2000 1431 2052 καὶ
1448 2000 1510 2052 ού
1543 2001 1760 2054 καλεσει

191 2094 251 2146 με
273 2080 351 2131 ἔτι
388 2080 606 2150 Βααλίμ
629 2098 642 2110 ·
684 2082 778 2135 καὶ
804 2083 985 2154 ἐξαρῶ
1011 2086 1081 2139 τὰ
1129 2088 1367 2159 ὀνόματα
1406 2091 1514 2144 τῶν
1549 2092 1761 2161 Βααλὶμ

187 2173 245 2223 ἐκ
305 2172 402 2225 τοῦ
455 2174 724 2243 στόματος
780 2176 986 2246 αύτῆς’
1046 2179 1143 2231 καὶ
1188 2182 1249 2233 ού
1313 2181 1388 2251 μὴ
1451 2184 1760 2254 μνησθῶσιν

188 2264 255 2331 (p.
298 2264 395 2323 2'2)
449 2265 637 2316 οὐκέτι
691 2263 801 2316 τῶν
849 2266 1128 2337 ὀνομάτων
1172 2271 1372 2328 αὐτῶν.
1426 2291 1445 2324 ι
1495 2275 1627 2327 Τότε
1670 2278 1756 2348 δὴ,

188 2359 360 2425 φησιν,
415 2356 815 2425 ἐπιγνώσονται
872 2361 1146 2432 κηδεμόνα
1185 2366 1405 2430 οἰκεῖον,
1468 2368 1563 2421 καὶ
1619 2369 1757 2421 πάν-

186 2463 285 2499 των
312 2451 660 2516 ἀποστάντες
686 2455 796 2508 τῶν
819 2455 1044 2519 λοιπῶν,
1071 2459 1137 2527 τῇ
1153 2456 1414 2530 θεραπείᾳ
1437 2460 1758 2529 προσέξουσι

184 2543 243 2611 τῇ
274 2542 403 2612 ἐμῇ,
450 2546 635 2615 πάσης
670 2546 773 2616 τῆς
810 2548 918 2599 τῶν
948 2546 1182 2601 εἰδώλων
1211 2550 1571 2620 ἀφιστάμενοι
1596 2552 1758 2623 θερα-

186 2634 331 2695 mia;
356 2650 371 2663 ο
405 2633 485 2696 ὡς
534 2636 805 2706 μηδεμίαν
868 2639 1090 2708 μνήμην
1127 2639 1325 2702 αὐτοὺς
1363 2639 1509 2710 ἔχειν
1537 2641 1758 2695 ἐκείνων

183 2725 281 2789 ἔτι,
305 2727 440 2796 μηδὲ
461 2744 592 2781 τινα
620 2727 778 2797 λόγον
801 2730 982 2783 αὐτῶν
1014 2731 1283 2783 ποιεῖσθαι
1312 2731 1406 2784 τοῦ
1438 2732 1625 2785 λοιποῦ
1654 2751 1667 2764 ·
1699 2733 1760 2787 τὸ

184 2819 258 2884 δὲ,
286 2840 304 2870 ι
340 2823 417 2874 Οὐ
444 2823 671 2875 καλέσει
712 2840 780 2893 με
824 2824 903 2876 ἐτι
931 2824 1163 2894 Βααλὶμ,
1203 2842 1221 2874 ι
1254 2824 1439 2895 ἐπειδὴ
1468 2824 1597 2889 Θεὸς
1635 2822 1702 2897 ἦν
1730 2827 1759 2878 ὁ

180 2913 343 2967 ταῦτα
376 2914 582 2982 λέγων.
613 2914 838 2978 Οὐκέτι,
862 2916 1015 2982 φησὶ,
1046 2915 1146 2986 τὴν
1177 2916 1476 2986 ὀνομασίαν
1500 2917 1599 2987 τὴν
1620 2918 1759 2989 ἐμὴν

182 3005 497 3076 ἐπιθήσουσι
527 3009 645 3069 τοῖς
680 3006 892 3075 Βααλίμ
912 3023 927 3037 ο
959 3006 1054 3059 ἆτε
1086 3008 1189 3076 τῆς
1221 3007 1320 3077 μὲν
1352 3008 1567 3079 ἀπάτης
1585 3026 1758 3078 κεχω-

1871 523 2057 578 cissim
2090 522 2222 578 dicit
2268 523 2429 577 ofﬁcii
2461 525 2667 595 proprii
2698 524 3085 596 cognitionem,
3116 526 3435 600 justumque

1873 613 1986 679 Dei,
2017 623 2077 669 ut
2110 615 2395 685 principis,
2433 615 2747 685 judicisque
2792 632 2855 671 ac
2880 616 3115 683 Domini,
3154 621 3431 680 timorem.

1871 705 2026 763 Hunc
2049 724 2203 779 ergo,
2248 710 2345 773 ait,
2380 710 2704 765 calamitatis
2750 718 2990 781 tempore
3024 711 3261 767 fructum
3298 729 3435 768 nan-

1869 800 2128 865 ciscetur,
2185 810 2347 871 prout
2387 803 2513 856 olim
2571 803 2624 857 in
2676 802 2911 873 A‘Zgypto
2964 805 3245 867 usuvenit,
3306 821 3434 861 cum

1868 906 2031 961 opere
2076 891 2321 947 latericio
2362 893 2608 948 faciendo
2646 894 2838 956 attriti.
2882 905 3218 965 agnoverunt
3260 898 3435 952 unde—

1867 998 1993 1036 nam
2042 985 2304 1039 malorum
2344 986 2663 1040 solutionem
2710 994 2889 1055 petere
2930 988 3222 1056 deberent;
3291 1005 3432 1044 cun-

1867 1077 2048 1143 ctique
2100 1072 2172 1128 ad
2226 1074 2392 1129 Deum
2449 1077 2857 1144 clamaverunt;
2920 1093 3025 1148 quo
3079 1078 3239 1142 facto,
3288 1078 3433 1134 Deus

1868 1180 2114 1219 annuens
2164 1166 2512 1219 clamantium
2580 1167 2852 1236 precibus,
2904 1184 3012 1223 non
3061 1170 3178 1224 sine
3240 1170 3432 1239 grandi

1868 1253 2130 1308 miraculo
2151 1271 2308 1310 suum
2333 1256 2411 1310 eis
2436 1256 2693 1310 auxilium
2717 1260 3094 1329 suppeditavit.
3114 1260 3429 1327 Prwsentia,

1870 1345 2064 1414 inquit,
2097 1347 2211 1415 pari
2241 1361 2305 1400 ac
2340 1347 2427 1399 illa
2466 1356 2647 1402 vetera
2683 1350 2991 1404 conditione
3020 1352 3182 1405 fient:
3224 1351 3313 1406 his
3346 1352 3431 1404 vi-

1866 1436 2062 1492 delicet
2090 1439 2401 1493 calamitate
2440 1440 2762 1503 emendatis,
2793 1450 2845 1495 et
2864 1458 2986 1497 eum
3017 1444 3109 1514 qui
3134 1457 3301 1498 causa
3333 1443 3432 1497 bo-

1866 1543 2060 1581 norum
2104 1536 2188 1584 est
2230 1531 2648 1600 agnoscentibus
2673 1573 2687 1592 .
2728 1533 3073 1603 indidemque
3124 1549 3280 1604 opem
3334 1549 3431 1603 po-

1867 1620 2167 1685 scentibus,
2192 1637 2469 1692 pronaque
2499 1623 2912 1693 impetrantibus
2941 1624 3216 1679 facilitate.

1932 1899 2099 1954 Vens.
2132 1899 2404 1955 16-20.-—
2427 1921 2445 1953 ι
2475 1900 2698 1972 Eritque
2719 1901 2807 1957 die
2837 1902 2948 1966 illa,
2979 1901 3112 1957 dicit
3145 1903 3430 1971 Dominus,

1861 1991 2078 2044 vocabit
2119 2006 2204 2045 me
2249 1992 2333 2045 vir
2375 2007 2566 2054 meus,
2615 2001 2667 2047 et
2709 2007 2817 2046 non
2845 1992 3061 2047 vocabit
3108 2009 3195 2048 me
3225 1993 3433 2049 diutius

1861 2081 2088 2136 Baalim.
2139 2081 2505 2153 Auferamque
2553 2084 2769 2138 nomina
2798 2082 3001 2138 Baalim
3043 2100 3112 2141 ex
3150 2101 3245 2141 ore
3287 2085 3431 2156 ejus.

1862 2190 1962 2229 nec
2017 2174 2449 2230 recordabuntur
2516 2175 2750 2232 ulterius
2813 2177 3096 2231 nominum
3155 2192 3366 2233 eorum.
3404 2197 3425 2231 ι

1862 2265 2014 2320 Tunc
2076 2266 2395 2337 proprium.
2453 2266 2662 2336 inquit,
2721 2273 3027 2322 curatorem
3095 2276 3430 2339 agnoscent,

1860 2357 2180 2428 cunctisque
2210 2358 2333 2413 aliis
2360 2357 2601 2420 omissis,
2626 2357 2697 2412 ad
2717 2359 2921 2413 cultum
2950 2374 3126 2415 meum
3148 2361 3428 2426 accedent.

1860 2448 1929 2501 ab
1958 2449 2104 2502 omni
2144 2449 2409 2504 idolorum
2435 2449 2697 2520 obsequio
2747 2452 3092 2519 recedentes;
3131 2455 3187 2507 in
3220 2462 3430 2510 tantum

1861 2547 1921 2593 ut
1965 2539 2169 2594 nullam
2209 2540 2426 2595 illorum
2477 2541 2798 2595 memoriam
2825 2542 3115 2606 retineant,
3146 2544 3230 2598 vel
3263 2544 3431 2599 mini-‘-

1862 2647 2006 2686 mam
2039 2633 2295 2703 posthinc
2320 2647 2506 2688 curam
2531 2641 2741 2703 gerant.
2763 2632 2919 2700 Quod
2953 2649 3082 2691 vero
3111 2637 3206 2699 ait,
3249 2654 3269 2687 ι
3310 2635 3431 2691 Non

1860 2721 2134 2776 vocabunt
2166 2737 2251 2777 me
2271 2722 2504 2792 amplius
2531 2721 2757 2788 Baalim,
2793 2740 2813 2774 ι
2844 2724 3100 2794 quoniam
3137 2724 3279 2781 Deus
3309 2735 3430 2781 erat

1858 2813 1949 2882 qui
1985 2813 2087 2883 15
2136 2814 2209 2868 ita
2259 2814 2519 2884 loquitur,
2576 2813 2731 2869 Haud
2782 2814 2946 2881 ultra,
2994 2816 3192 2887 inquit,
3228 2833 3431 2874 nomen

1861 2921 2040 2961 meum
2084 2906 2289 2960 Baalim
2331 2906 2646 2976 imponent;
2678 2906 3116 2978 quandoquidem
3146 2911 3214 2965 ab
3252 2910 3431 2967 idolo-

1863 3012 1980 3051 rum
1998 3013 2188 3054 errore
2220 2998 2476 3068 regressi,
2505 2998 2572 3053 ad
2614 3013 2700 3053 me
2726 2999 2780 3053 in
2810 3007 3089 3069 posterum
3119 3002 3433 3059 didicerunt

182 3099 420 3167 ρισμένοι
461 3098 564 3166 τῆς
613 3097 856 3156 ἐκείνων,
896 3098 1033 3169 πρὸς
1061 3098 1160 3168 ἐμὲ
1202 3098 1259 3151 δὲ
1292 3099 1425 3169 ὀρᾷν
1457 3101 1755 3168 ἐγνωκότες

1861 3095 2131 3164 respicere
2155 3110 2344 3149 verum
2378 3093 2567 3150 Deum.
2600 3113 2619 3145 ι
2647 3094 2970 3164 Curaboque
2995 3097 3078 3152 eis
3117 3096 3296 3153 fmdus
3338 3099 3430 3153 die

178 3188 262 3238 τού
290 3186 488 3240 λοιποῦ
508 3188 604 3239 τὸν
642 3186 812 3249 ὅντως
854 3187 1007 3240 Θεόν.
1037 3205 1055 3237 ι
1085 3188 1195 3239 Καὶ
1222 3188 1548 3260 διαθήσομαι
1577 3192 1758 3255 αὐτοῖς

176 3282 440 3353 διαθήκην
478 3284 539 3335 ἐν
598 3283 664 3351 τῇ
728 3280 913 3353 ἡμέρα
962 3281 1144 3353 ἐκείνῃ
1198 3283 1334 3352 μετὰ
1387 3283 1496 3335 τῶν
1554 3282 1758 3355 θηρίων

176 3374 263 3425 τοῦ
311 3375 518 3445 ἀγροῦ,
574 3375 665 3428 καὶ
706 3374 843 3443 μετά
875 3373 983 3427 τῶν
1028 3375 1290 3427 πετεινῶν
1341 3375 1435 3428 τοῦ
1480 3377 1713 3447 ούρανοῦ
1738 3417 1753 3440 ,

176 3467 261 3518 καὶ
312 3467 463 3533 μετὰ
514 3465 625 3516 τῶν
655 3465 899 3534 ἑρπετῶν
930 3465 1031 3534 τῆς
1069 3466 1195 3535 γῆς.
1233 3484 1251 3517 ι
1285 3466 1424 3529 Τοὺς
1468 3468 1754 3538 πρότερον,

176 3558 351 3625 φησὶν,
382 3558 580 3618 αὐτοῖς
608 3555 1076 3620 ἐπιϐουλεύοντας,
1105 3556 1203 3608 καὶ
1231 3555 1506 3627 πολεμίως
1535 3558 1757 3627 ἔχοντας

172 3649 302 3722 πρὸς
336 3651 571 3711 αὐτοὺς,
602 3649 1002 3717 παρασκευάσω
1038 3647 1136 3718 τὴν
1164 3648 1301 3717 πρὸς
1321 3649 1519 3713 αὐτοὺς
1539 3650 1754 3705 ἑλέσθαι

173 3739 366 3806 φιλίαν.
395 3760 415 3790 ι
450 3740 565 3791 Καὶ
609 3738 762 3802 τόξον
809 3740 903 3791 καὶ
945 3737 1217 3807 ῥομφαίαν
1251 3738 1346 3791 καὶ
1372 3738 1605 3802 πόλεμον
1632 3759 1756 3794 συν-

168 3830 341 3900 τρίψω
380 3830 500 3883 ἀπὸ
532 3829 634 3899 τῆς
670 3829 796 3898 γῆς’
827 3848 846 3880 ι
884 3830 1061 3899 πάσης
1101 3829 1298 3892 αὐτοὺς
1346 3829 1578 3900 πολέμου
1638 3833 1756 3886 πεί-

171 3944 266 3994 ρας
314 3926 487 3988 ἐκτὸς
531 3925 878 3993 καταστήσω.
926 3943 943 3974 ι
984 3923 1092 3976 Καὶ
1130 3923 1371 3976 κατοικῶ
1426 3926 1621 3988 αὐτοὺς
1666 3925 1754 3979 ἐπ’

168 4018 370 4071 ἐλπίδιο
442 4037 463 4069 ι
514 4015 923 4085 παρασκευάσω
976 4014 1032 4066 δὲ
1073 4014 1138 4067 ἐκ
1165 4014 1274 4067 τῶν
1313 4017 1755 4086 προσγινομένων

168 4112 346 4173 αὐτοῖς
400 4108 651 4176 ἀγαθῶν,
702 4107 798 4159 καὶ
846 4106 973 4175 περὶ
1022 4104 1130 4156 τῶν
1159 4107 1299 4174 μετὰ
1328 4106 1498 4160 ταῦτα
1525 4109 1756 4179 χρηστά-

332 4201 608 4264 ἐλπίζειν.
652 4217 672 4251 ‹
718 4199 825 4252 Καὶ
863 4196 1266 4267 μνηστεύσομαί
1311 4215 1370 4250 σε
1416 4201 1635 4270 ἐμαυτῴ
1674 4202 1754 4264 είς

166 4298 251 4347 τὸν
299 4297 518 4348 αἰῶνα·
556 4294 651 4345 καὶ
694 4290 1100 4362 μνηστεύσομαι
1153 4290 1374 4361 ἐμαυτῷ
1428 4293 1486 4343 ἐν
1552 4292 1755 4346 δικαιο-

168 4387 296 4458 σύνῃ
341 4388 447 4439 καὶ
507 4388 564 4438 ἐν
622 4385 853 4453 κρίμασι
895 4385 989 4437 καὶ
1034 4386 1092 4436 ἐν
1145 4384 1280 4454 ἐλέῳ
1314 4386 1407 4438 καὶ
1443 4387 1501 4438 ἐν
1549 4389 1753 4457 οἰκτιρ-

167 4484 302 4548 μοξ.
347 4500 366 4530 ι
416 4480 513 4530 Ἐν
555 4480 623 4547 τῇ
670 4477 960 4545 οἰκειότητι
1019 4492 1077 4528 σε
1135 4476 1294 4529 πάλιν
1346 4477 1634 4543 κατατάξω
1679 4480 1745 4548 τῇ
1784 4460 1825 4514 θ

163 4572 265 4640 ἐμῇ
289 4589 303 4600 ο
334 4569 572 4640 παρέξω
597 4569 654 4621 δέ
678 4585 781 4631 σοι,
812 4569 966 4638 φησὶ,
1001 4569 1078 4637 (p.
1102 4567 1192 4638 23)
1220 4569 1316 4639 τὴν
1351 4568 1621 4622 οίκείωσιν
1649 4569 1747 4641 τὴν

160 4665 319 4733 ἐμὴν,
340 4661 744 4733 ὲτιμελόμενός
764 4678 822 4713 τε
853 4661 945 4713 τοῦ
976 4660 1209 4722 δικαίου,
1238 4662 1333 4713 καὶ
1362 4660 1605 4725 κολάζων
1626 4662 1752 4725 τοὺς

158 4754 505 4822 ἠδικηκότας
552 4770 613 4805 σε
667 4752 810 4805 κατὰ
864 4752 952 4804 τὸν
999 4754 1096 4823 τῆς
1123 4753 1503 4824 αἰχμαλωσίας
1540 4753 1750 4824 καιρὸν,

158 4848 363 4915 κρίνων
398 4863 464 4898 τε
499 4846 669 4897 ἆπασι
695 4844 829 4913 μετά
853 4843 948 4897 τοῦ
965 4844 1172 4898 δικαίου
1194 4862 1207 4875 ο
1238 4844 1331 4898 καὶ
1367 4845 1472 4917 μὴν
1499 4846 1593 4899 καὶ
1617 4844 1752 4915 ἐλέῳ

156 4940 223 4991 τὰ
254 4939 410 4991 κατὰ
438 4938 503 4990 σὲ
532 4936 770 4991 διοικῶν.
806 4957 823 4987 ι
860 4937 970 4989 Καὶ
1001 4937 1402 5007 μνηστεύσομαί
1436 4953 1495 4989 σε
1528 4937 1751 5007 ἐμαυτῷ

1861 3187 1950 3240 illa
1978 3201 2101 3239 cum
2134 3185 2266 3241 feris
2292 3188 2429 3257 agri,
2476 3194 2529 3241 et
2557 3201 2681 3241 cum
2706 3186 2832 3241 caeli
2855 3188 3192 3252 volucribus,
3218 3197 3272 3244 et
3303 3206 3429 3245 cum

1860 3286 2018 3331 terra:
2061 3277 2365 3345 reptilibus.
2402 3296 2422 3329 ι
2458 3277 2572 3340 Illa,
2619 3276 2815 3347 inquit,
2848 3279 3130 3349 quaeipsis
3157 3288 3316 3335 antea
3346 3281 3433 3335 in-

1859 3368 2220 3434 sidiabantur,
2259 3376 2313 3423 et
2342 3369 2525 3423 hostili
2563 3369 2746 3423 animo
2794 3377 2972 3434 erant,
3012 3370 3153 3426 dabo
3183 3387 3426 3442 operam,

1860 3466 1918 3512 ut
1945 3459 2149 3515 eisdem
2183 3459 2423 3513 amicitia
2463 3460 2784 3531 jungantur.
2831 3479 2851 3512 ι
2885 3462 3193 3533 Arcumque
3220 3471 3273 3519 et
3314 3466 3428 3533 gla-

1857 3552 2005 3605 dium
2044 3565 2108 3605 ac
2151 3551 2348 3604 bellum
2387 3558 2500 3605 tota
2543 3552 2763 3623 regione
2809 3561 3112 3609 conteram.
3150 3574 3168 3606 ι
3223 3554 3431 3627 Nempe

1859 3641 1980 3696 illos
2007 3642 2154 3696 omni
2207 3640 2333 3696 belli
2376 3642 2621 3696 molestia
2664 3643 2968 3714 expediam.
3018 3663 3038 3695 ι
3073 3643 3140 3698 Et
3182 3645 3431 3702 habitare

1856 3751 1951 3792 eos
1999 3735 2192 3790 faciam
2242 3750 2367 3788 cum
2422 3750 2538 3803 spe.
2576 3755 2596 3788 ι
2653 3734 2802 3790 Dabo
2840 3751 3082 3807 operam,
3116 3745 3174 3792 ut
3201 3754 3267 3794 ex
3311 3739 3426 3807 jam

1858 3830 2159 3900 impetratis
2183 3829 2364 3893 bonis,
2393 3829 2614 3884 meliora
2655 3830 2817 3883 etiam
2853 3844 2912 3883 se
2945 3837 3128 3899 postea
3159 3844 3429 3885 consecu-

1856 3931 2010 3978 turos
2041 3930 2281 3991 sperent.
2321 3939 2339 3971 ι
2374 3920 2440 3974 Et
2480 3919 2750 3990 sponsabo
2782 3927 2833 3974 te
2866 3920 2999 3974 mihi
3044 3920 3099 3974 in
3143 3921 3430 3991 sempiter-

1856 4031 1983 4069 num
2013 4032 2025 4067 :
2054 4023 2108 4068 et
2140 4014 2415 4083 sponsabo
2444 4012 2575 4065 mihi
2607 4012 2659 4065 in
2706 4011 2941 4080 iustitia.
2994 4012 3049 4066 in
3093 4011 3340 4079 iudiciis,
3372 4022 3429 4069 et

1856 4107 1911 4161 in
1938 4105 2329 4169 misericordia,
2356 4114 2410 4159 et
2437 4105 2491 4158 in
2514 4103 2975 4159 miserationibus.
3008 4123 3030 4159 ι
3060 4103 3157 4168 Te,
3182 4106 3427 4176 inquam,

1855 4200 1909 4254 in
1943 4198 2234 4253 amicitiam
2259 4213 2431 4252 meam
2452 4212 2735 4267 reponam,
2762 4198 2970 4268 tibique
3001 4198 3427 4255 familiaritatem

1854 4308 2029 4348 meam
2072 4292 2356 4346 restituam
2384 4308 2398 4354 ;
2428 4306 2584 4361 aequo
2618 4291 2742 4361 jure
2772 4306 2957 4361 agens,
2983 4300 3038 4346 et
3063 4306 3161 4348 eos
3188 4293 3281 4363 qui
3326 4293 3427 4349 tibi

1854 4384 2185 4456 captivitatis
2235 4394 2476 4452 tempore
2510 4384 2696 4453 injurii
2756 4383 2975 4438 fuerunt
3025 4366 3279 4452 puniens,
3330 4385 3426 4455 ju-

1854 4485 2107 4547 stumque
2166 4475 2228 4531 de
2280 4476 2535 4531 omnibus
2583 4475 2848 4547 judicium
2910 4476 3110 4543 ferens,
3162 4493 3251 4534 res
3301 4487 3425 4534 tuas

1854 4571 2088 4641 denique
2129 4569 2361 4640 benigne
2406 4584 2619 4639 regens.
2652 4588 2670 4619 ι
2709 4568 2777 4622 Et
2806 4570 3081 4638 sponsabo
3105 4577 3159 4626 te
3193 4571 3324 4626 mihi
3366 4574 3424 4628 in

1857 4664 1976 4726 fide.
2017 4672 2070 4718 et
2100 4677 2400 4733 cognosces
2420 4661 2725 4715 Dominum.
2757 4681 2777 4713 ›
2804 4661 2931 4728 Vos,
2958 4662 3201 4733 inquam,
3234 4664 3288 4719 in
3325 4681 3424 4720 ne-

1854 4755 2218 4810 cessariorum
2268 4768 2498 4808 numero
2525 4754 2779 4824 posthinc
2808 4755 3036 4820 habebo,
3073 4756 3167 4826 qui
3209 4764 3263 4811 et
3288 4757 3423 4811 mihi

1852 4845 2163 4901 credidistis
2216 4852 2378 4915 prout
2412 4844 2521 4900 Deo
2550 4860 2647 4915 par
2675 4855 2779 4911 est,
2800 4860 2995 4917 meque
3024 4854 3272 4901 vestrum
3312 4845 3422 4899 Do-

1853 4939 2061 4992 minum
2091 4938 2409 5007 agnovistis.

157 5035 213 5086 ἐν
234 5035 451 5096 πίστει,
499 5030 594 5083 καὶ
630 5028 903 5101 ἑπιγνώσῃ
936 5031 1026 5082 τὸν
1068 5029 1289 5102 Κύριον.
1325 5049 1343 5080 ι
1377 5030 1609 5101 Δέξομαι
1648 5029 1749 5101 τὴν
1795 5030 2068 5084 οίκείωσιν
2111 5030 2264 5099 ὑμῶν
2313 5030 2495 5084 λοιπὸν
2542 5030 2980 5085 πεπιστευκότων
3013 5012 3074 5081 τέ
3113 5045 3205 5099 μοι
3239 5027 3423 5090 καθὼς

160 5130 412 5198 πως-ἧκε
447 5124 590 5195 Θεῷ,
619 5124 713 5177 καὶ
737 5125 1009 5195 Δεσπότην
1037 5123 1505 5192 ἐπιγινωσκὸντων
1525 5124 1744 5178 οἰκεῖον.

221 5221 383 5289 Στίχ.
433 5216 545 5271 κα’.
580 5245 651 5256 —-
683 5234 702 5266 ι
738 5216 846 5267 Καὶ
890 5215 1041 5269 ἐσται
1082 5218 1139 5268 ἐν
1194 5218 1259 5287 τῇ
1319 5216 1503 5288 ἡμέρα
1541 5215 1746 5289 ἐκείνῃ,

153 5312 301 5379 λέγει
319 5311 559 5382 Κύριος,
588 5306 956 5377 ἐπακούσομαι
983 5306 1061 5376 τῷ
1095 5307 1325 5378 οὐρανῷ,
1354 5308 1449 5361 καὶ
1472 5308 1501 5359 ὁ
1519 5308 1748 5378 οὐρανὸς

153 5402 535 5456 ἐπακούσεται
557 5402 623 5470 τῇ
656 5403 748 5470 γῇ.
786 5399 879 5452 καὶ
921 5400 954 5468 ἡ
986 5398 1059 5469 γῆ
1104 5399 1467 5453 ἐπακούσεται
1502 5398 1580 5470 τῷ
1613 5401 1744 5469 σίτῳ

154 5497 247 5547 καὶ
270 5495 355 5565 τῷ
387 5494 523 5563 οἴνῳ
543 5494 637 5543 καὶ
661 5491 738 5560 τῷ
763 5490 929 5561 ἐλαίῳ
961 5508 973 5521 ’
995 5491 1087 5544 καὶ
1110 5485 1247 5543 αὐτὰ
1276 5492 1640 5546 ἐπακούσεται
1664 5491 1741 5563 τῷ

164 5591 399 5664 Ἰσραήλ
423 5607 439 5619 ·
480 5593 575 5641 καὶ
599 5587 785 5659 σπερῶ
813 5589 981 5657 αὐτὴν
1005 5586 1227 5657 ἐμαυτῷ
1264 5589 1355 5640 ἐπὶ
1387 5589 1486 5659 τῆς
1506 5589 1629 5657 γῆς,
1652 5587 1746 5641 καὶ

156 5683 368 5751 ἐλεησω
397 5680 501 5749 τὴν
523 5680 624 5731 ούκ
642 5678 985 5748 ὴλεημένην’
1020 5678 1114 5731 καὶ
1137 5678 1246 5746 ἐρῶ
1279 5677 1354 5748 τῷ
1381 5680 1442 5731 ού
1472 5680 1587 5749 λαῷ
1620 5696 1744 5750 μου,

157 5775 296 5839 Λαός
324 5789 445 5845 μου
488 5768 537 5824 εἴ
576 5770 639 5823 σύ
659 5787 673 5799 ο
696 5772 792 5824 καὶ
820 5770 982 5832 αὐτὸς
1006 5772 1141 5840 ἐρεῖ,
1182 5771 1384 5840 Κύριος
1413 5774 1441 5825 ὁ
1472 5772 1605 5834 Θεός
1643 5789 1746 5842 μου

158 5862 206 5919 ιῖ
245 5883 341 5920 συ.
380 5884 401 5916 ι
434 5863 565 5916 Τότε
602 5863 666 5933 δὴ
695 5861 896 5934 πολλὴν
934 5863 1083 5930 ἐξετε
1120 5862 1214 5916 καὶ
1253 5862 1360 5916 τῶν
1389 5864 1618 5935 καρπῶν
1648 5864 1747 5937 τὴν

1923 5214 2090 5269 Vens.
2122 5215 2212 5269 2!.
2247 5246 2314 5253 —
2342 5233 2362 5266 ι
2386 5215 2609 5285 Eritque
2652 5214 2740 5269 die
2790 5213 2904 5277 illa,
2953 5211 3085 5267 dicit
3129 5212 3420 5282 Dominus,

1851 5307 2139 5364 exaudiam
2192 5308 2416 5373 οωιιιῐη,
2443 5316 2497 5363 et
2553 5308 2751 5362 coalum
2796 5305 3050 5361 exaudiet
3090 5314 3318 5374 terram,
3366 5318 3424 5364 et

1849 5410 1994 5455 terra
2046 5400 2297 5455 exaudiet
2352 5399 2596 5454 triticum
2641 5405 2696 5452 et
2758 5398 2942 5452 vinum
2984 5408 3040 5455 et
3089 5401 3310 5462 oleum.
3363 5408 3423 5456 et

1847 5491 1963 5546 haec
2004 5492 2295 5546 exaudient
2333 5490 2603 5547 lsraelem.
2650 5489 2947 5561 Seramque
2992 5506 3113 5547 eam
3167 5490 3301 5545 mihi
3361 5491 3419 5548 in

1845 5592 2012 5645 terra,
2042 5591 2096 5637 et
2124 5582 2424 5639 miserebor
2459 5582 2577 5650 ejus
2605 5581 2764 5649 cujus
2796 5597 2905 5636 non
2943 5597 3093 5637 eram
3128 5582 3414 5657 misertus.

1843 5675 2137 5745 Dicamque
2170 5675 2368 5745 popqu
2403 5690 2510 5728 non
2547 5688 2701 5737 meo,
2751 5673 2990 5744 Populus
3024 5689 3176 5729 meus
3204 5688 3265 5730 es
3297 5683 3358 5729 tu
3397 5692 3412 5728 :

1844 5775 1897 5823 et
1919 5770 2035 5839 ipse
2054 5766 2215 5830 dicet,
2231 5765 2493 5820 Dominus
2508 5764 2650 5821 Deus
2676 5781 2831 5821 meus
2857 5783 2917 5823 es
2936 5775 3017 5823 tu.
3059 5764 3245 5823 r'l'uuc
3264 5773 3417 5822 certe
3440 5772 3443 5775 '

1845 5863 2070 5918 multam
2107 5860 2377 5917 habebitis
2406 5859 2622 5933 frugum
2663 5860 2964 5918 ubertatem
3001 5879 3015 5916 :
3050 5859 3251 5917 ctenim
3281 5872 3413 5928 aer,
