  <div class='ocr_page' id='page_1' title='image "/cluster/home/n/w/nwhite01/storage/ocr_20150623/66/hvd.32044020884102/081.png"; bbox 0 0 3906 6208; ppageno 0'>
   <div class='ocr_carea' id='block_1_1' title="bbox 443 209 550 268">
    <p class='ocr_par' dir='ltr' id='par_1_1' title="bbox 443 209 550 268">
     <span class='ocr_line' id='line_1_1' title="bbox 443 209 550 268; baseline 0.009 -2"><span class='ocrx_word' id='word_1_1' title='bbox 443 209 550 268; x_wconf 71' lang='lat'><strong>“3</strong></span> 
     </span>
    </p>
   </div>
   <div class='ocr_carea' id='block_1_2' title="bbox 1654 207 2534 270">
    <p class='ocr_par' dir='ltr' id='par_1_2' title="bbox 1654 207 2534 270">
     <span class='ocr_line' id='line_1_2' title="bbox 1654 207 2534 270; baseline 0.007 -8"><span class='ocrx_word' id='word_1_2' title='bbox 1654 207 2004 265; x_wconf 78' lang='lat' dir='ltr'><strong>THEODORI</strong></span> <span class='ocrx_word' id='word_1_3' title='bbox 2040 209 2534 270; x_wconf 74' lang='lat' dir='ltr'><strong>MOPSUESTENI</strong></span> 
     </span>
    </p>
   </div>
   <div class='ocr_carea' id='block_1_3' title="bbox 3597 218 3702 274">
    <p class='ocr_par' dir='ltr' id='par_1_3' title="bbox 3597 218 3702 274">
     <span class='ocr_line' id='line_1_3' title="bbox 3597 218 3702 274; baseline 0.019 -2"><span class='ocrx_word' id='word_1_4' title='bbox 3597 218 3702 274; x_wconf 60' lang='lat' dir='ltr'><strong>i-i-I</strong></span> 
     </span>
    </p>
   </div>
   <div class='ocr_carea' id='block_1_4' title="bbox 439 323 2004 408">
    <p class='ocr_par' dir='ltr' id='par_1_4' title="bbox 439 323 2004 396">
     <span class='ocr_line' id='line_1_4' title="bbox 439 323 2004 396; baseline -0.003 -12"><span class='ocrx_word' id='word_1_5' title='bbox 439 346 528 387; x_wconf 86' lang='lat' dir='ltr'><strong>me</strong></span> <span class='ocrx_word' id='word_1_6' title='bbox 569 328 796 389; x_wconf 88' lang='lat' dir='ltr'><strong>volente,</strong></span> <span class='ocrx_word' id='word_1_7' title='bbox 846 325 1070 378; x_wconf 82' lang='lat' dir='ltr'><strong>imbrem</strong></span> <span class='ocrx_word' id='word_1_8' title='bbox 1119 323 1296 378; x_wconf 80' lang='lat' dir='ltr'><strong>telluri</strong></span> <span class='ocrx_word' id='word_1_9' title='bbox 1339 323 1620 390; x_wconf 88' lang='lat' dir='ltr'><strong>demittet;</strong></span> <span class='ocrx_word' id='word_1_10' title='bbox 1672 326 1874 396; x_wconf 86' lang='lat' dir='ltr'><strong>quippe</strong></span> <span class='ocrx_word' id='word_1_11' title='bbox 1901 341 2004 380; x_wconf 70' lang='lat' dir='ltr'><strong>cm-</strong></span> 
     </span>
    </p>
   </div>
   <div class='ocr_carea' id='block_1_5' title="bbox 2110 323 3699 408">
    <p class='ocr_par' dir='ltr' id='par_1_5' title="bbox 2122 329 3699 408">
     <span class='ocr_line' id='line_1_5' title="bbox 2122 329 3699 408; baseline 0.006 -26"><span class='ocrx_word' id='word_1_12' title='bbox 2122 329 2381 399; x_wconf 74' lang='grc' dir='ltr'>ἀφθονίαν</span> <span class='ocrx_word' id='word_1_13' title='bbox 2407 347 2420 362; x_wconf 77' lang='grc' dir='ltr'><strong>ο</strong></span> <span class='ocrx_word' id='word_1_14' title='bbox 2453 333 2481 383; x_wconf 81' lang='grc' dir='ltr'>ὁ</span> <span class='ocrx_word' id='word_1_15' title='bbox 2511 332 2608 400; x_wconf 84' lang='grc' dir='ltr'>μὲν</span> <span class='ocrx_word' id='word_1_16' title='bbox 2628 331 2732 402; x_wconf 72' lang='grc' dir='ltr'><strong>γὰρ</strong></span> <span class='ocrx_word' id='word_1_17' title='bbox 2756 332 2861 403; x_wconf 74' lang='grc' dir='ltr'><strong>ἀὴρ</strong></span> <span class='ocrx_word' id='word_1_18' title='bbox 2882 333 3018 385; x_wconf 84' lang='grc' dir='ltr'><strong>κατά</strong></span> <span class='ocrx_word' id='word_1_19' title='bbox 3043 333 3267 404; x_wconf 81' lang='grc' dir='ltr'>γνώμην</span> <span class='ocrx_word' id='word_1_20' title='bbox 3303 335 3436 406; x_wconf 77' lang='grc' dir='ltr'>ἐμὴν</span> <span class='ocrx_word' id='word_1_21' title='bbox 3469 337 3699 408; x_wconf 76' lang='grc' dir='ltr'><strong>παρέξει</strong></span> 
     </span>
    </p>
   </div>
   <div class='ocr_carea' id='block_1_6' title="bbox 441 415 2018 488">
    <p class='ocr_par' dir='ltr' id='par_1_6' title="bbox 441 415 2018 488">
     <span class='ocr_line' id='line_1_6' title="bbox 441 415 2018 488; baseline -0.003 -13"><span class='ocrx_word' id='word_1_22' title='bbox 441 422 554 475; x_wconf 78' lang='lat' dir='ltr'><strong>ium</strong></span> <span class='ocrx_word' id='word_1_23' title='bbox 586 432 682 488; x_wconf 92' lang='lat' dir='ltr'><strong>pro</strong></span> <span class='ocrx_word' id='word_1_24' title='bbox 712 431 836 471; x_wconf 88' lang='lat' dir='ltr'><strong>aere</strong></span> <span class='ocrx_word' id='word_1_25' title='bbox 862 415 1025 478; x_wconf 90' lang='lat' dir='ltr'><strong>dicit,</strong></span> <span class='ocrx_word' id='word_1_26' title='bbox 1055 415 1222 468; x_wconf 88' lang='lat' dir='ltr'><strong>veluti</strong></span> <span class='ocrx_word' id='word_1_27' title='bbox 1253 429 1376 469; x_wconf 89' lang='lat' dir='ltr'><strong>cum</strong></span> <span class='ocrx_word' id='word_1_28' title='bbox 1414 415 1538 468; x_wconf 65' lang='lat' dir='ltr'><strong>coeli</strong></span> <span class='ocrx_word' id='word_1_29' title='bbox 1576 416 1830 471; x_wconf 86' lang='lat' dir='ltr'><strong>volucres</strong></span> <span class='ocrx_word' id='word_1_30' title='bbox 1853 417 2018 479; x_wconf 86' lang='lat' dir='ltr'><strong>dicit,</strong></span> 
     </span>
    </p>
   </div>
   <div class='ocr_carea' id='block_1_7' title="bbox 2125 421 3699 496">
    <p class='ocr_par' dir='ltr' id='par_1_7' title="bbox 2125 421 3699 496">
     <span class='ocr_line' id='line_1_7' title="bbox 2125 421 3699 496; baseline 0.007 -24"><span class='ocrx_word' id='word_1_31' title='bbox 2125 424 2190 489; x_wconf 80' lang='grc' dir='ltr'><strong>τῇ</strong></span> <span class='ocrx_word' id='word_1_32' title='bbox 2214 423 2282 491; x_wconf 85' lang='grc' dir='ltr'>γῇ</span> <span class='ocrx_word' id='word_1_33' title='bbox 2307 421 2398 474; x_wconf 82' lang='grc' dir='ltr'><strong>τὸν</strong></span> <span class='ocrx_word' id='word_1_34' title='bbox 2413 423 2567 474; x_wconf 80' lang='grc' dir='ltr'>ὑετὸν</span> <span class='ocrx_word' id='word_1_35' title='bbox 2591 439 2602 450; x_wconf 91' lang='grc'><strong>·</strong></span> <span class='ocrx_word' id='word_1_36' title='bbox 2625 423 2849 490; x_wconf 72' lang='grc' dir='ltr'>οὐρανὸν</span> <span class='ocrx_word' id='word_1_37' title='bbox 2873 423 2982 494; x_wconf 70' lang='grc' dir='ltr'><strong>γὰρ</strong></span> <span class='ocrx_word' id='word_1_38' title='bbox 2999 424 3087 477; x_wconf 69' lang='grc' dir='ltr'>τὸν</span> <span class='ocrx_word' id='word_1_39' title='bbox 3101 426 3237 496; x_wconf 78' lang='grc' dir='ltr'>ἀέρα</span> <span class='ocrx_word' id='word_1_40' title='bbox 3275 427 3432 480; x_wconf 88' lang='grc' dir='ltr'>καλεῖ</span> <span class='ocrx_word' id='word_1_41' title='bbox 3456 444 3470 458; x_wconf 79' lang='lat'><strong><em>°</em></strong></span> <span class='ocrx_word' id='word_1_42' title='bbox 3495 428 3571 492; x_wconf 83' lang='grc' dir='ltr'>ὡς</span> <span class='ocrx_word' id='word_1_43' title='bbox 3603 431 3699 483; x_wconf 74' lang='grc' dir='ltr'><strong>καὶ</strong></span> 
     </span>
    </p>
   </div>
   <div class='ocr_carea' id='block_1_8' title="bbox 443 505 2004 590">
    <p class='ocr_par' dir='ltr' id='par_1_8' title="bbox 443 505 2004 580">
     <span class='ocr_line' id='line_1_8' title="bbox 443 505 2004 580; baseline -0.004 -16"><span class='ocrx_word' id='word_1_44' title='bbox 443 515 636 580; x_wconf 87' lang='lat' dir='ltr'><strong>nempe</strong></span> <span class='ocrx_word' id='word_1_45' title='bbox 679 508 798 561; x_wconf 86' lang='lat' dir='ltr'><strong>illas</strong></span> <span class='ocrx_word' id='word_1_46' title='bbox 828 522 948 576; x_wconf 70' lang='lat' dir='ltr'><strong>quae</strong></span> <span class='ocrx_word' id='word_1_47' title='bbox 992 520 1173 560; x_wconf 85' lang='lat' dir='ltr'><strong>aerem</strong></span> <span class='ocrx_word' id='word_1_48' title='bbox 1209 505 1442 559; x_wconf 86' lang='lat' dir='ltr'><strong>ﬁndunt.</strong></span> <span class='ocrx_word' id='word_1_49' title='bbox 1489 505 1660 562; x_wconf 82' lang='lat' dir='ltr'><strong>Terra</strong></span> <span class='ocrx_word' id='word_1_50' title='bbox 1703 514 1884 562; x_wconf 89' lang='lat' dir='ltr'><strong>autem</strong></span> <span class='ocrx_word' id='word_1_51' title='bbox 1916 508 2004 560; x_wconf 62' lang='lat' dir='ltr'><strong>rit:</strong></span> 
     </span>
    </p>
   </div>
   <div class='ocr_carea' id='block_1_9' title="bbox 2110 505 3696 590">
    <p class='ocr_par' dir='ltr' id='par_1_9' title="bbox 2123 513 3696 590">
     <span class='ocr_line' id='line_1_9' title="bbox 2123 513 3696 590; baseline 0.006 -24"><span class='ocrx_word' id='word_1_52' title='bbox 2123 513 2192 566; x_wconf 71' lang='grc' dir='ltr'>τὰ</span> <span class='ocrx_word' id='word_1_53' title='bbox 2233 514 2452 567; x_wconf 85' lang='grc' dir='ltr'>πετεινά</span> <span class='ocrx_word' id='word_1_54' title='bbox 2485 515 2577 567; x_wconf 85' lang='grc' dir='ltr'><strong>τοῦ</strong></span> <span class='ocrx_word' id='word_1_55' title='bbox 2613 514 2843 586; x_wconf 83' lang='grc' dir='ltr'>ούρανοῦ</span> <span class='ocrx_word' id='word_1_56' title='bbox 2869 516 2996 568; x_wconf 79' lang='grc' dir='ltr'>ὅταν</span> <span class='ocrx_word' id='word_1_57' title='bbox 3025 515 3176 586; x_wconf 73' lang='grc' dir='ltr'>λέγῃ,</span> <span class='ocrx_word' id='word_1_58' title='bbox 3217 519 3301 572; x_wconf 82' lang='grc' dir='ltr'><strong>ἵνα</strong></span> <span class='ocrx_word' id='word_1_59' title='bbox 3339 518 3466 590; x_wconf 73' lang='grc' dir='ltr'>εἴπῃ</span> <span class='ocrx_word' id='word_1_60' title='bbox 3495 522 3562 574; x_wconf 84' lang='grc' dir='ltr'><strong>τά</strong></span> <span class='ocrx_word' id='word_1_61' title='bbox 3605 521 3696 574; x_wconf 79' lang='grc' dir='ltr'><strong>τὲ-</strong></span> 
     </span>
    </p>
   </div>
   <div class='ocr_carea' id='block_1_10' title="bbox 442 597 2018 670">
    <p class='ocr_par' dir='ltr' id='par_1_10' title="bbox 442 597 2018 670">
     <span class='ocr_line' id='line_1_10' title="bbox 442 597 2018 670; baseline -0.001 -16"><span class='ocrx_word' id='word_1_62' title='bbox 442 600 664 670; x_wconf 86' lang='lat' dir='ltr'><strong>irrigata</strong></span> <span class='ocrx_word' id='word_1_63' title='bbox 711 597 919 652; x_wconf 79' lang='lat' dir='ltr'><strong>fructus</strong></span> <span class='ocrx_word' id='word_1_64' title='bbox 953 613 1084 651; x_wconf 88' lang='lat' dir='ltr'><strong>suos</strong></span> <span class='ocrx_word' id='word_1_65' title='bbox 1132 597 1475 652; x_wconf 78' lang='lat' dir='ltr'><strong>abundanter</strong></span> <span class='ocrx_word' id='word_1_66' title='bbox 1504 598 1768 664; x_wconf 73' lang='lat' dir='ltr'><strong>przehebit</strong></span> <span class='ocrx_word' id='word_1_67' title='bbox 1817 613 1833 650; x_wconf 90' lang='lat'><strong>:</strong></span> <span class='ocrx_word' id='word_1_68' title='bbox 1877 615 2018 668; x_wconf 86' lang='lat' dir='ltr'><strong>quo—</strong></span> 
     </span>
    </p>
   </div>
   <div class='ocr_carea' id='block_1_11' title="bbox 440 687 2013 754">
    <p class='ocr_par' dir='ltr' id='par_1_11' title="bbox 440 687 2013 754">
     <span class='ocr_line' id='line_1_11' title="bbox 440 687 2013 754; baseline -0.002 -8"><span class='ocrx_word' id='word_1_69' title='bbox 440 708 563 746; x_wconf 91' lang='lat' dir='ltr'><strong>rum</strong></span> <span class='ocrx_word' id='word_1_70' title='bbox 593 691 741 745; x_wconf 91' lang='lat' dir='ltr'><strong>lauto</strong></span> <span class='ocrx_word' id='word_1_71' title='bbox 764 689 931 744; x_wconf 90' lang='lat' dir='ltr'><strong>Israel</strong></span> <span class='ocrx_word' id='word_1_72' title='bbox 957 705 1055 742; x_wconf 88' lang='lat' dir='ltr'><strong>usu</strong></span> <span class='ocrx_word' id='word_1_73' title='bbox 1085 687 1297 742; x_wconf 81' lang='lat' dir='ltr'><strong>fruetur</strong></span> <span class='ocrx_word' id='word_1_74' title='bbox 1321 730 1335 754; x_wconf 93' lang='lat'><strong>,</strong></span> <span class='ocrx_word' id='word_1_75' title='bbox 1362 688 1414 742; x_wconf 89' lang='lat' dir='ltr'><strong>id</strong></span> <span class='ocrx_word' id='word_1_76' title='bbox 1441 698 1526 743; x_wconf 91' lang='lat' dir='ltr'><strong>est</strong></span> <span class='ocrx_word' id='word_1_77' title='bbox 1544 702 1700 744; x_wconf 63' lang='lat' dir='ltr'><strong>terra:</strong></span> <span class='ocrx_word' id='word_1_78' title='bbox 1723 689 2013 744; x_wconf 90' lang='lat' dir='ltr'><strong>bonorum.</strong></span> 
     </span>
    </p>
   </div>
   <div class='ocr_carea' id='block_1_12' title="bbox 437 780 2017 853">
    <p class='ocr_par' dir='ltr' id='par_1_12' title="bbox 437 780 2017 853">
     <span class='ocr_line' id='line_1_12' title="bbox 437 780 2017 853; baseline -0.001 -15"><span class='ocrx_word' id='word_1_79' title='bbox 437 783 770 853; x_wconf 77' lang='lat' dir='ltr'><strong>Faciamque</strong></span> <span class='ocrx_word' id='word_1_80' title='bbox 804 791 862 836; x_wconf 89' lang='lat' dir='ltr'><strong>ut</strong></span> <span class='ocrx_word' id='word_1_81' title='bbox 897 781 1001 851; x_wconf 73' lang='grc' dir='ltr'><strong>ιϐ</strong></span> <span class='ocrx_word' id='word_1_82' title='bbox 1039 780 1311 850; x_wconf 85' lang='lat' dir='ltr'><strong>propriam</strong></span> <span class='ocrx_word' id='word_1_83' title='bbox 1343 782 1617 850; x_wconf 83' lang='lat' dir='ltr'><strong>regionem</strong></span> <span class='ocrx_word' id='word_1_84' title='bbox 1654 781 1834 836; x_wconf 85' lang='lat' dir='ltr'><strong>denuo</strong></span> <span class='ocrx_word' id='word_1_85' title='bbox 1865 781 2017 836; x_wconf 85' lang='lat' dir='ltr'><strong>inco-</strong></span> 
     </span>
    </p>
   </div>
   <div class='ocr_carea' id='block_1_13' title="bbox 439 871 2013 943">
    <p class='ocr_par' dir='ltr' id='par_1_13' title="bbox 439 871 2013 943">
     <span class='ocr_line' id='line_1_13' title="bbox 439 871 2013 943; baseline -0.003 -15"><span class='ocrx_word' id='word_1_86' title='bbox 439 875 576 938; x_wconf 84' lang='lat' dir='ltr'><strong>lant,</strong></span> <span class='ocrx_word' id='word_1_87' title='bbox 634 889 740 943; x_wconf 91' lang='lat' dir='ltr'><strong>qua</strong></span> <span class='ocrx_word' id='word_1_88' title='bbox 801 881 961 926; x_wconf 85' lang='lat' dir='ltr'><strong>antea</strong></span> <span class='ocrx_word' id='word_1_89' title='bbox 1013 872 1208 942; x_wconf 85' lang='lat' dir='ltr'><strong>privati</strong></span> <span class='ocrx_word' id='word_1_90' title='bbox 1262 871 1514 937; x_wconf 74' lang='lat' dir='ltr'><strong>fuerant;</strong></span> <span class='ocrx_word' id='word_1_91' title='bbox 1567 883 1731 940; x_wconf 89' lang='lat' dir='ltr'><strong>atque</strong></span> <span class='ocrx_word' id='word_1_92' title='bbox 1793 872 1868 924; x_wconf 90' lang='lat' dir='ltr'><strong>ita</strong></span> <span class='ocrx_word' id='word_1_93' title='bbox 1935 871 2013 927; x_wconf 89' lang='lat' dir='ltr'><strong>ibi</strong></span> 
     </span>
    </p>
   </div>
   <div class='ocr_carea' id='block_1_14' title="bbox 443 961 2014 1031">
    <p class='ocr_par' dir='ltr' id='par_1_14' title="bbox 443 961 2014 1031">
     <span class='ocr_line' id='line_1_14' title="bbox 443 961 2014 1031; baseline -0.003 -15"><span class='ocrx_word' id='word_1_94' title='bbox 443 965 704 1031; x_wconf 76' lang='lat' dir='ltr'><strong>degentes</strong></span> <span class='ocrx_word' id='word_1_95' title='bbox 733 963 935 1018; x_wconf 91' lang='lat' dir='ltr'><strong>cultum</strong></span> <span class='ocrx_word' id='word_1_96' title='bbox 966 964 1096 1016; x_wconf 86' lang='lat' dir='ltr'><strong>mihi</strong></span> <span class='ocrx_word' id='word_1_97' title='bbox 1135 963 1484 1017; x_wconf 80' lang='lat' dir='ltr'><strong>exhibebunt.</strong></span> <span class='ocrx_word' id='word_1_98' title='bbox 1522 962 1578 1015; x_wconf 90' lang='lat' dir='ltr'><strong>ld</strong></span> <span class='ocrx_word' id='word_1_99' title='bbox 1613 963 1758 1015; x_wconf 90' lang='lat' dir='ltr'><strong>enim</strong></span> <span class='ocrx_word' id='word_1_100' title='bbox 1805 961 2014 1031; x_wconf 82' lang='lat' dir='ltr'><strong>signiﬁ-</strong></span> 
     </span>
    </p>
   </div>
   <div class='ocr_carea' id='block_1_15' title="bbox 443 1052 2014 1119">
    <p class='ocr_par' dir='ltr' id='par_1_15' title="bbox 443 1052 2014 1119">
     <span class='ocr_line' id='line_1_15' title="bbox 443 1052 2014 1119; baseline -0.004 -9"><span class='ocrx_word' id='word_1_101' title='bbox 443 1067 572 1110; x_wconf 90' lang='lat' dir='ltr'><strong>cant</strong></span> <span class='ocrx_word' id='word_1_102' title='bbox 601 1057 690 1110; x_wconf 91' lang='lat' dir='ltr'><strong>illa</strong></span> <span class='ocrx_word' id='word_1_103' title='bbox 719 1058 905 1119; x_wconf 88' lang='lat' dir='ltr'><strong>verba,</strong></span> <span class='ocrx_word' id='word_1_104' title='bbox 935 1076 952 1106; x_wconf 83' lang='grc' dir='ltr'><strong>ι</strong></span> <span class='ocrx_word' id='word_1_105' title='bbox 979 1053 1164 1109; x_wconf 86' lang='lat' dir='ltr'><strong>Seram</strong></span> <span class='ocrx_word' id='word_1_106' title='bbox 1197 1069 1314 1109; x_wconf 90' lang='lat' dir='ltr'><strong>eam</strong></span> <span class='ocrx_word' id='word_1_107' title='bbox 1344 1052 1474 1106; x_wconf 92' lang='lat' dir='ltr'><strong>mihi</strong></span> <span class='ocrx_word' id='word_1_108' title='bbox 1503 1053 1555 1105; x_wconf 89' lang='lat' dir='ltr'><strong>in</strong></span> <span class='ocrx_word' id='word_1_109' title='bbox 1589 1063 1728 1107; x_wconf 89' lang='lat' dir='ltr'><strong>terra</strong></span> <span class='ocrx_word' id='word_1_110' title='bbox 1756 1070 1770 1106; x_wconf 87' lang='lat'><strong>:</strong></span> <span class='ocrx_word' id='word_1_111' title='bbox 1802 1073 1819 1104; x_wconf 77' lang='grc' dir='ltr'><strong>ι</strong></span> <span class='ocrx_word' id='word_1_112' title='bbox 1844 1065 2014 1106; x_wconf 85' lang='lat' dir='ltr'><strong>mela-</strong></span> 
     </span>
    </p>
   </div>
   <div class='ocr_carea' id='block_1_16' title="bbox 441 1143 2013 1214">
    <p class='ocr_par' dir='ltr' id='par_1_16' title="bbox 441 1143 2013 1214">
     <span class='ocr_line' id='line_1_16' title="bbox 441 1143 2013 1214; baseline -0.001 -14"><span class='ocrx_word' id='word_1_113' title='bbox 441 1147 613 1214; x_wconf 86' lang='lat' dir='ltr'><strong>phora</strong></span> <span class='ocrx_word' id='word_1_114' title='bbox 670 1161 699 1199; x_wconf 90' lang='lat' dir='ltr'><strong>a</strong></span> <span class='ocrx_word' id='word_1_115' title='bbox 737 1145 1165 1202; x_wconf 64' lang='lat' dir='ltr'><strong>seminator-ibus</strong></span> <span class='ocrx_word' id='word_1_116' title='bbox 1213 1152 1428 1214; x_wconf 89' lang='lat' dir='ltr'><strong>sumpta</strong></span> <span class='ocrx_word' id='word_1_117' title='bbox 1469 1143 1652 1196; x_wconf 87' lang='lat' dir='ltr'><strong>dicere</strong></span> <span class='ocrx_word' id='word_1_118' title='bbox 1701 1145 1909 1206; x_wconf 89' lang='lat' dir='ltr'><strong>volens,</strong></span> <span class='ocrx_word' id='word_1_119' title='bbox 1955 1162 2013 1198; x_wconf 87' lang='lat' dir='ltr'><strong>se</strong></span> 
     </span>
    </p>
   </div>
   <div class='ocr_carea' id='block_1_17' title="bbox 441 1234 2011 1307">
    <p class='ocr_par' dir='ltr' id='par_1_17' title="bbox 441 1234 2011 1307">
     <span class='ocr_line' id='line_1_17' title="bbox 441 1234 2011 1307; baseline -0.001 -16"><span class='ocrx_word' id='word_1_120' title='bbox 441 1239 562 1292; x_wconf 90' lang='lat' dir='ltr'><strong>illos</strong></span> <span class='ocrx_word' id='word_1_121' title='bbox 597 1246 706 1291; x_wconf 90' lang='lat' dir='ltr'><strong>tota</strong></span> <span class='ocrx_word' id='word_1_122' title='bbox 738 1252 928 1291; x_wconf 82' lang='lat' dir='ltr'><strong>rursus</strong></span> <span class='ocrx_word' id='word_1_123' title='bbox 960 1237 1177 1307; x_wconf 81' lang='lat' dir='ltr'><strong>regione</strong></span> <span class='ocrx_word' id='word_1_124' title='bbox 1211 1234 1386 1304; x_wconf 90' lang='lat' dir='ltr'><strong>patria</strong></span> <span class='ocrx_word' id='word_1_125' title='bbox 1423 1249 1770 1303; x_wconf 84' lang='lat' dir='ltr'><strong>sparsurum,</strong></span> <span class='ocrx_word' id='word_1_126' title='bbox 1817 1234 1871 1288; x_wconf 92' lang='lat' dir='ltr'><strong>in</strong></span> <span class='ocrx_word' id='word_1_127' title='bbox 1904 1251 2011 1304; x_wconf 90' lang='lat' dir='ltr'><strong>qua</strong></span> 
     </span>
    </p>
   </div>
   <div class='ocr_carea' id='block_1_18' title="bbox 443 1325 2010 1395">
    <p class='ocr_par' dir='ltr' id='par_1_18' title="bbox 443 1325 2010 1395">
     <span class='ocr_line' id='line_1_18' title="bbox 443 1325 2010 1395; baseline -0.002 -13"><span class='ocrx_word' id='word_1_128' title='bbox 443 1343 636 1383; x_wconf 84' lang='lat' dir='ltr'><strong>secure</strong></span> <span class='ocrx_word' id='word_1_129' title='bbox 685 1327 1046 1392; x_wconf 88' lang='lat' dir='ltr'><strong>habitabunt,</strong></span> <span class='ocrx_word' id='word_1_130' title='bbox 1109 1325 1418 1395; x_wconf 91' lang='lat' dir='ltr'><strong>debitisque</strong></span> <span class='ocrx_word' id='word_1_131' title='bbox 1482 1341 1610 1395; x_wconf 79' lang='lat' dir='ltr'><strong>erga</strong></span> <span class='ocrx_word' id='word_1_132' title='bbox 1669 1342 1755 1381; x_wconf 87' lang='lat' dir='ltr'><strong>me</strong></span> <span class='ocrx_word' id='word_1_133' title='bbox 1813 1325 2010 1380; x_wconf 79' lang='lat' dir='ltr'><strong>ofﬁciis</strong></span> 
     </span>
    </p>
   </div>
   <div class='ocr_carea' id='block_1_19' title="bbox 443 1407 2010 1489">
    <p class='ocr_par' dir='ltr' id='par_1_19' title="bbox 443 1407 2010 1489">
     <span class='ocr_line' id='line_1_19' title="bbox 443 1407 2010 1489; baseline -0.001 -16"><span class='ocrx_word' id='word_1_134' title='bbox 443 1421 758 1489; x_wconf 83' lang='lat' dir='ltr'><strong>fungentur.</strong></span> <span class='ocrx_word' id='word_1_135' title='bbox 826 1419 957 1484; x_wconf 63' lang='lat' dir='ltr'><strong>Quae</strong></span> <span class='ocrx_word' id='word_1_136' title='bbox 1005 1407 1223 1488; x_wconf 89' lang='lat' dir='ltr'><strong>quidem</strong></span> <span class='ocrx_word' id='word_1_137' title='bbox 1265 1419 1342 1472; x_wconf 88' lang='lat' dir='ltr'><strong>ita</strong></span> <span class='ocrx_word' id='word_1_138' title='bbox 1391 1418 1680 1482; x_wconf 75' lang='lat' dir='ltr'><strong>evenient,</strong></span> <span class='ocrx_word' id='word_1_139' title='bbox 1739 1419 1866 1487; x_wconf 87' lang='lat' dir='ltr'><strong>quia</strong></span> <span class='ocrx_word' id='word_1_140' title='bbox 1922 1433 2010 1472; x_wconf 88' lang='lat' dir='ltr'><strong>res</strong></span> 
     </span>
    </p>
   </div>
   <div class='ocr_carea' id='block_1_20' title="bbox 439 1509 2010 1577">
    <p class='ocr_par' dir='ltr' id='par_1_20' title="bbox 439 1509 2010 1577">
     <span class='ocr_line' id='line_1_20' title="bbox 439 1509 2010 1577; baseline -0.001 -13"><span class='ocrx_word' id='word_1_141' title='bbox 439 1519 656 1577; x_wconf 65' lang='lat' dir='ltr'><strong>vestrae,</strong></span> <span class='ocrx_word' id='word_1_142' title='bbox 707 1527 792 1566; x_wconf 89' lang='lat' dir='ltr'><strong>me</strong></span> <span class='ocrx_word' id='word_1_143' title='bbox 819 1520 1065 1572; x_wconf 87' lang='lat' dir='ltr'><strong>curante,</strong></span> <span class='ocrx_word' id='word_1_144' title='bbox 1105 1510 1331 1564; x_wconf 86' lang='lat' dir='ltr'><strong>meliore</strong></span> <span class='ocrx_word' id='word_1_145' title='bbox 1383 1509 1695 1564; x_wconf 90' lang='lat' dir='ltr'><strong>conditione</strong></span> <span class='ocrx_word' id='word_1_146' title='bbox 1741 1524 1862 1564; x_wconf 88' lang='lat' dir='ltr'><strong>csse</strong></span> <span class='ocrx_word' id='word_1_147' title='bbox 1898 1524 2010 1564; x_wconf 75' lang='lat' dir='ltr'><strong>cm-</strong></span> 
     </span>
    </p>
   </div>
   <div class='ocr_carea' id='block_1_21' title="bbox 442 1602 2011 1673">
    <p class='ocr_par' dir='ltr' id='par_1_21' title="bbox 442 1602 2011 1673">
     <span class='ocr_line' id='line_1_21' title="bbox 442 1602 2011 1673; baseline -0.001 -17"><span class='ocrx_word' id='word_1_148' title='bbox 442 1613 666 1673; x_wconf 87' lang='lat' dir='ltr'><strong>perunt;</strong></span> <span class='ocrx_word' id='word_1_149' title='bbox 717 1606 850 1658; x_wconf 81' lang='lat' dir='ltr'><strong>adeo</strong></span> <span class='ocrx_word' id='word_1_150' title='bbox 881 1610 939 1656; x_wconf 91' lang='lat' dir='ltr'><strong>ut</strong></span> <span class='ocrx_word' id='word_1_151' title='bbox 972 1603 1251 1657; x_wconf 89' lang='lat' dir='ltr'><strong>misertum</strong></span> <span class='ocrx_word' id='word_1_152' title='bbox 1293 1602 1365 1656; x_wconf 89' lang='lat' dir='ltr'><strong>sit</strong></span> <span class='ocrx_word' id='word_1_153' title='bbox 1397 1603 1541 1658; x_wconf 91' lang='lat' dir='ltr'><strong>illius</strong></span> <span class='ocrx_word' id='word_1_154' title='bbox 1579 1617 1701 1672; x_wconf 58' lang='lat' dir='ltr'><strong>qua:</strong></span> <span class='ocrx_word' id='word_1_155' title='bbox 1731 1611 1883 1657; x_wconf 81' lang='lat' dir='ltr'><strong>extra</strong></span> <span class='ocrx_word' id='word_1_156' title='bbox 1908 1603 2011 1656; x_wconf 89' lang='lat' dir='ltr'><strong>mi-</strong></span> 
     </span>
    </p>
   </div>
   <div class='ocr_carea' id='block_1_22' title="bbox 2123 603 3692 685">
    <p class='ocr_par' dir='ltr' id='par_1_22' title="bbox 2123 603 3692 685">
     <span class='ocr_line' id='line_1_22' title="bbox 2123 603 3692 685; baseline 0.008 -32"><span class='ocrx_word' id='word_1_157' title='bbox 2123 619 2326 672; x_wconf 88' lang='grc' dir='ltr'>μνοντα</span> <span class='ocrx_word' id='word_1_158' title='bbox 2352 603 2441 657; x_wconf 76' lang='grc' dir='ltr'><strong>τὸν</strong></span> <span class='ocrx_word' id='word_1_159' title='bbox 2471 603 2625 674; x_wconf 86' lang='grc' dir='ltr'>ἀέρα·</span> <span class='ocrx_word' id='word_1_160' title='bbox 2641 607 2674 674; x_wconf 81' lang='grc' dir='ltr'>ἡ</span> <span class='ocrx_word' id='word_1_161' title='bbox 2698 605 2754 656; x_wconf 83' lang='grc' dir='ltr'><strong>δὲ</strong></span> <span class='ocrx_word' id='word_1_162' title='bbox 2770 605 2841 674; x_wconf 84' lang='grc' dir='ltr'>γῆ</span> <span class='ocrx_word' id='word_1_163' title='bbox 2865 607 2937 668; x_wconf 85' lang='grc' dir='ltr'>ὡς</span> <span class='ocrx_word' id='word_1_164' title='bbox 2955 606 3098 668; x_wconf 82' lang='grc' dir='ltr'>εἰκὸς</span> <span class='ocrx_word' id='word_1_165' title='bbox 3119 607 3384 678; x_wconf 81' lang='grc' dir='ltr'>ἀρδομένη</span> <span class='ocrx_word' id='word_1_166' title='bbox 3407 611 3530 674; x_wconf 76' lang='grc' dir='ltr'>τοὺς</span> <span class='ocrx_word' id='word_1_167' title='bbox 3560 628 3692 685; x_wconf 87' lang='grc' dir='ltr'>καρ-</span> 
     </span>
    </p>
   </div>
   <div class='ocr_carea' id='block_1_23' title="bbox 2120 695 3693 769">
    <p class='ocr_par' dir='ltr' id='par_1_23' title="bbox 2120 695 3693 769">
     <span class='ocr_line' id='line_1_23' title="bbox 2120 695 3693 769; baseline 0.007 -22"><span class='ocrx_word' id='word_1_168' title='bbox 2120 695 2257 758; x_wconf 81' lang='grc' dir='ltr'>ποὺς</span> <span class='ocrx_word' id='word_1_169' title='bbox 2270 695 2514 765; x_wconf 78' lang='grc' dir='ltr'>ἀφθόνως</span> <span class='ocrx_word' id='word_1_170' title='bbox 2540 697 2834 769; x_wconf 76' lang='grc' dir='ltr'><strong>παρέξεται</strong></span> <span class='ocrx_word' id='word_1_171' title='bbox 2864 699 2989 762; x_wconf 73' lang='grc' dir='ltr'>τοὺς</span> <span class='ocrx_word' id='word_1_172' title='bbox 3022 700 3254 764; x_wconf 81' lang='grc' dir='ltr'><strong>οἰκείους</strong></span> <span class='ocrx_word' id='word_1_173' title='bbox 3274 719 3286 731; x_wconf 67' lang='grc' dir='ltr'><strong>υ</strong></span> <span class='ocrx_word' id='word_1_174' title='bbox 3317 702 3382 754; x_wconf 83' lang='grc' dir='ltr'><strong>ἐκ</strong></span> <span class='ocrx_word' id='word_1_175' title='bbox 3413 701 3468 756; x_wconf 85' lang='grc' dir='ltr'>δὲ</span> <span class='ocrx_word' id='word_1_176' title='bbox 3489 705 3693 758; x_wconf 88' lang='grc' dir='ltr'>τούτων</span> 
     </span>
    </p>
   </div>
   <div class='ocr_carea' id='block_1_24' title="bbox 2118 786 3692 866">
    <p class='ocr_par' dir='ltr' id='par_1_24' title="bbox 2118 786 3692 866">
     <span class='ocr_line' id='line_1_24' title="bbox 2118 786 3692 866; baseline 0.007 -28"><span class='ocrx_word' id='word_1_177' title='bbox 2118 786 2347 854; x_wconf 74' lang='grc' dir='ltr'>ἄφθονον</span> <span class='ocrx_word' id='word_1_178' title='bbox 2367 788 2394 840; x_wconf 85' lang='grc' dir='ltr'>ὁ</span> <span class='ocrx_word' id='word_1_179' title='bbox 2422 787 2635 859; x_wconf 81' lang='grc' dir='ltr'>Ἰσραὴλ</span> <span class='ocrx_word' id='word_1_180' title='bbox 2657 789 2753 858; x_wconf 82' lang='grc' dir='ltr'>τὴν</span> <span class='ocrx_word' id='word_1_181' title='bbox 2776 789 3070 844; x_wconf 72' lang='grc' dir='ltr'>ἀπόλαυσιν</span> <span class='ocrx_word' id='word_1_182' title='bbox 3085 792 3342 862; x_wconf 84' lang='grc' dir='ltr'><strong>κτήσεται</strong></span> <span class='ocrx_word' id='word_1_183' title='bbox 3362 793 3471 846; x_wconf 86' lang='grc' dir='ltr'><strong>τῶν</strong></span> <span class='ocrx_word' id='word_1_184' title='bbox 3504 797 3568 848; x_wconf 80' lang='grc' dir='ltr'>ὲκ</span> <span class='ocrx_word' id='word_1_185' title='bbox 3595 795 3692 866; x_wconf 77' lang='grc' dir='ltr'>τῆς</span> 
     </span>
    </p>
   </div>
   <div class='ocr_carea' id='block_1_25' title="bbox 2115 875 3685 952">
    <p class='ocr_par' dir='ltr' id='par_1_25' title="bbox 2115 875 3685 952">
     <span class='ocr_line' id='line_1_25' title="bbox 2115 875 3685 952; baseline 0.004 -24"><span class='ocrx_word' id='word_1_186' title='bbox 2115 877 2219 946; x_wconf 79' lang='grc' dir='ltr'><strong>γῆς</strong></span> <span class='ocrx_word' id='word_1_187' title='bbox 2239 875 2475 944; x_wconf 78' lang='grc' dir='ltr'><strong>ἀγαθῶν·</strong></span> <span class='ocrx_word' id='word_1_188' title='bbox 2495 877 2899 940; x_wconf 77' lang='grc' dir='ltr'>παρασκευάσω</span> <span class='ocrx_word' id='word_1_189' title='bbox 2915 895 2970 930; x_wconf 90' lang='grc' dir='ltr'><strong>τε</strong></span> <span class='ocrx_word' id='word_1_190' title='bbox 2989 879 3148 932; x_wconf 86' lang='grc' dir='ltr'>πάλιν</span> <span class='ocrx_word' id='word_1_191' title='bbox 3169 880 3366 943; x_wconf 75' lang='grc' dir='ltr'>αὐτοὺς</span> <span class='ocrx_word' id='word_1_192' title='bbox 3383 882 3481 950; x_wconf 77' lang='grc' dir='ltr'>τὴν</span> <span class='ocrx_word' id='word_1_193' title='bbox 3503 882 3606 952; x_wconf 81' lang='grc' dir='ltr'>γῆν</span> <span class='ocrx_word' id='word_1_194' title='bbox 3621 884 3685 936; x_wconf 72' lang='grc' dir='ltr'>οἰι</span> 
     </span>
    </p>
   </div>
   <div class='ocr_carea' id='block_1_26' title="bbox 2121 964 3692 1042">
    <p class='ocr_par' dir='ltr' id='par_1_26' title="bbox 2121 964 3692 1042">
     <span class='ocr_line' id='line_1_26' title="bbox 2121 964 3692 1042; baseline 0.004 -24"><span class='ocrx_word' id='word_1_195' title='bbox 2121 970 2240 1019; x_wconf 87' lang='grc' dir='ltr'>κεῖν</span> <span class='ocrx_word' id='word_1_196' title='bbox 2259 967 2355 1037; x_wconf 78' lang='grc' dir='ltr'><strong>τὴν</strong></span> <span class='ocrx_word' id='word_1_197' title='bbox 2381 967 2538 1027; x_wconf 85' lang='grc' dir='ltr'>ἰδίαν,</span> <span class='ocrx_word' id='word_1_198' title='bbox 2567 964 2749 1040; x_wconf 75' lang='grc' dir='ltr'>ἧσπερ</span> <span class='ocrx_word' id='word_1_199' title='bbox 2778 965 2870 1023; x_wconf 83' lang='grc' dir='ltr'><strong>οῦν</strong></span> <span class='ocrx_word' id='word_1_200' title='bbox 2896 970 3248 1041; x_wconf 72' lang='grc' dir='ltr'>ἀφῃρέθησαν</span> <span class='ocrx_word' id='word_1_201' title='bbox 3262 971 3512 1042; x_wconf 85' lang='grc' dir='ltr'>πρόσθεν,</span> <span class='ocrx_word' id='word_1_202' title='bbox 3530 973 3606 1036; x_wconf 85' lang='grc' dir='ltr'><strong>ὡς</strong></span> <span class='ocrx_word' id='word_1_203' title='bbox 3627 972 3692 1027; x_wconf 78' lang='grc' dir='ltr'><strong>ἂν</strong></span> 
     </span>
    </p>
   </div>
   <div class='ocr_carea' id='block_1_27' title="bbox 2116 1057 3692 1134">
    <p class='ocr_par' dir='ltr' id='par_1_27' title="bbox 2116 1057 3692 1134">
     <span class='ocr_line' id='line_1_27' title="bbox 2116 1057 3692 1134; baseline 0.004 -23"><span class='ocrx_word' id='word_1_204' title='bbox 2116 1057 2193 1128; x_wconf 84' lang='lat' dir='ltr'><strong>(p.</strong></span> <span class='ocrx_word' id='word_1_205' title='bbox 2231 1058 2320 1129; x_wconf 62' lang='lat'><strong>2-4)</strong></span> <span class='ocrx_word' id='word_1_206' title='bbox 2356 1058 2540 1112; x_wconf 80' lang='grc' dir='ltr'>αὐτόθι</span> <span class='ocrx_word' id='word_1_207' title='bbox 2571 1059 2846 1128; x_wconf 82' lang='grc' dir='ltr'><strong>διάγοντες</strong></span> <span class='ocrx_word' id='word_1_208' title='bbox 2872 1061 2970 1131; x_wconf 76' lang='grc' dir='ltr'><strong>τῆς</strong></span> <span class='ocrx_word' id='word_1_209' title='bbox 2991 1062 3128 1131; x_wconf 77' lang='grc' dir='ltr'>ἐμῆς</span> <span class='ocrx_word' id='word_1_210' title='bbox 3178 1063 3517 1133; x_wconf 79' lang='grc' dir='ltr'>ἐπιμελοῖντο</span> <span class='ocrx_word' id='word_1_211' title='bbox 3539 1063 3692 1134; x_wconf 86' lang='grc' dir='ltr'>θερα-</span> 
     </span>
    </p>
   </div>
   <div class='ocr_carea' id='block_1_28' title="bbox 2115 1150 3691 1225">
    <p class='ocr_par' dir='ltr' id='par_1_28' title="bbox 2115 1150 3691 1225">
     <span class='ocr_line' id='line_1_28' title="bbox 2115 1150 3691 1225; baseline 0.005 -25"><span class='ocrx_word' id='word_1_212' title='bbox 2115 1150 2292 1212; x_wconf 89' lang='grc' dir='ltr'>πείας·</span> <span class='ocrx_word' id='word_1_213' title='bbox 2312 1150 2468 1203; x_wconf 86' lang='grc' dir='ltr'>τοῦτο</span> <span class='ocrx_word' id='word_1_214' title='bbox 2493 1151 2600 1223; x_wconf 78' lang='grc' dir='ltr'>γὰρ</span> <span class='ocrx_word' id='word_1_215' title='bbox 2628 1151 2774 1219; x_wconf 83' lang='grc' dir='ltr'>λέγει</span> <span class='ocrx_word' id='word_1_216' title='bbox 2798 1151 2880 1218; x_wconf 84' lang='grc' dir='ltr'>τὸ,</span> <span class='ocrx_word' id='word_1_217' title='bbox 2901 1171 2918 1202; x_wconf 81' lang='grc' dir='ltr'><strong>ι</strong></span> <span class='ocrx_word' id='word_1_218' title='bbox 2939 1152 3132 1223; x_wconf 87' lang='grc' dir='ltr'>Σπερῶ</span> <span class='ocrx_word' id='word_1_219' title='bbox 3158 1153 3323 1222; x_wconf 72' lang='grc' dir='ltr'>αὐτὴν</span> <span class='ocrx_word' id='word_1_220' title='bbox 3355 1155 3577 1225; x_wconf 82' lang='grc' dir='ltr'>ἐμαυτῷ</span> <span class='ocrx_word' id='word_1_221' title='bbox 3600 1157 3691 1208; x_wconf 75' lang='grc' dir='ltr'>ἐπὶ</span> 
     </span>
    </p>
   </div>
   <div class='ocr_carea' id='block_1_29' title="bbox 2111 1239 3689 1315">
    <p class='ocr_par' dir='ltr' id='par_1_29' title="bbox 2111 1239 3689 1315">
     <span class='ocr_line' id='line_1_29' title="bbox 2111 1239 3689 1315; baseline 0.004 -25"><span class='ocrx_word' id='word_1_222' title='bbox 2111 1239 2212 1310; x_wconf 81' lang='grc' dir='ltr'>τῆς</span> <span class='ocrx_word' id='word_1_223' title='bbox 2248 1243 2384 1309; x_wconf 80' lang='grc' dir='ltr'>γῆς’</span> <span class='ocrx_word' id='word_1_224' title='bbox 2425 1261 2445 1293; x_wconf 71' lang='grc' dir='ltr'><strong>ι</strong></span> <span class='ocrx_word' id='word_1_225' title='bbox 2472 1243 2535 1294; x_wconf 80' lang='grc' dir='ltr'>ἐκ</span> <span class='ocrx_word' id='word_1_226' title='bbox 2563 1245 2874 1314; x_wconf 80' lang='grc' dir='ltr'>μεταφορᾶς</span> <span class='ocrx_word' id='word_1_227' title='bbox 2905 1243 3011 1294; x_wconf 82' lang='grc' dir='ltr'><strong>τῶν</strong></span> <span class='ocrx_word' id='word_1_228' title='bbox 3048 1243 3373 1313; x_wconf 76' lang='grc' dir='ltr'>σπειρόντων</span> <span class='ocrx_word' id='word_1_229' title='bbox 3409 1244 3689 1315; x_wconf 72' lang='grc' dir='ltr'>βουληθεὶς</span> 
     </span>
    </p>
   </div>
   <div class='ocr_carea' id='block_1_30' title="bbox 2115 1332 3690 1407">
    <p class='ocr_par' dir='ltr' id='par_1_30' title="bbox 2115 1332 3690 1407">
     <span class='ocr_line' id='line_1_30' title="bbox 2115 1332 3690 1407; baseline 0.004 -25"><span class='ocrx_word' id='word_1_230' title='bbox 2115 1333 2308 1394; x_wconf 84' lang='grc' dir='ltr'>εἰπεῖν,</span> <span class='ocrx_word' id='word_1_231' title='bbox 2336 1332 2417 1385; x_wconf 81' lang='grc' dir='ltr'>ὅτι</span> <span class='ocrx_word' id='word_1_232' title='bbox 2447 1333 2601 1386; x_wconf 83' lang='grc' dir='ltr'>Κατὰ</span> <span class='ocrx_word' id='word_1_233' title='bbox 2623 1333 2800 1404; x_wconf 88' lang='grc' dir='ltr'>πάσης</span> <span class='ocrx_word' id='word_1_234' title='bbox 2821 1332 3017 1396; x_wconf 82' lang='grc' dir='ltr'>αὐτοὺς</span> <span class='ocrx_word' id='word_1_235' title='bbox 3043 1333 3244 1386; x_wconf 80' lang='grc' dir='ltr'>ἐκτενῶ</span> <span class='ocrx_word' id='word_1_236' title='bbox 3275 1335 3432 1386; x_wconf 81' lang='grc' dir='ltr'>πάλιν</span> <span class='ocrx_word' id='word_1_237' title='bbox 3459 1335 3559 1404; x_wconf 79' lang='grc' dir='ltr'>τῆς</span> <span class='ocrx_word' id='word_1_238' title='bbox 3587 1337 3690 1407; x_wconf 81' lang='grc' dir='ltr'>γῆς</span> 
     </span>
    </p>
   </div>
   <div class='ocr_carea' id='block_1_31' title="bbox 2113 1421 3689 1496">
    <p class='ocr_par' dir='ltr' id='par_1_31' title="bbox 2113 1421 3689 1496">
     <span class='ocr_line' id='line_1_31' title="bbox 2113 1421 3689 1496; baseline 0.003 -24"><span class='ocrx_word' id='word_1_239' title='bbox 2113 1421 2212 1490; x_wconf 84' lang='grc' dir='ltr'><strong>τῆς</strong></span> <span class='ocrx_word' id='word_1_240' title='bbox 2228 1422 2455 1486; x_wconf 78' lang='grc' dir='ltr'>οἰκείας,</span> <span class='ocrx_word' id='word_1_241' title='bbox 2485 1422 2622 1492; x_wconf 81' lang='grc' dir='ltr'>μετὰ</span> <span class='ocrx_word' id='word_1_242' title='bbox 2647 1423 2944 1492; x_wconf 71' lang='grc' dir='ltr'>ἀσφαλείας</span> <span class='ocrx_word' id='word_1_243' title='bbox 2965 1440 3022 1476; x_wconf 85' lang='grc' dir='ltr'><strong>τε</strong></span> <span class='ocrx_word' id='word_1_244' title='bbox 3049 1423 3330 1488; x_wconf 76' lang='grc' dir='ltr'>οἰκοῦντας</span> <span class='ocrx_word' id='word_1_245' title='bbox 3346 1426 3402 1476; x_wconf 84' lang='grc' dir='ltr'>ὲν</span> <span class='ocrx_word' id='word_1_246' title='bbox 3416 1427 3574 1496; x_wconf 79' lang='grc' dir='ltr'>αὐτῇ,</span> <span class='ocrx_word' id='word_1_247' title='bbox 3595 1425 3689 1478; x_wconf 83' lang='grc' dir='ltr'>καὶ</span> 
     </span>
    </p>
   </div>
   <div class='ocr_carea' id='block_1_32' title="bbox 2111 1507 3687 1583">
    <p class='ocr_par' dir='ltr' id='par_1_32' title="bbox 2111 1507 3687 1583">
     <span class='ocr_line' id='line_1_32' title="bbox 2111 1507 3687 1583; baseline 0.006 -24"><span class='ocrx_word' id='word_1_248' title='bbox 2111 1507 2222 1560; x_wconf 86' lang='grc' dir='ltr'>τῶν</span> <span class='ocrx_word' id='word_1_249' title='bbox 2260 1510 2384 1578; x_wconf 72' lang='grc' dir='ltr'>ἐμοὶ</span> <span class='ocrx_word' id='word_1_250' title='bbox 2432 1511 2813 1581; x_wconf 75' lang='grc' dir='ltr'>προσηκόντων</span> <span class='ocrx_word' id='word_1_251' title='bbox 2851 1513 3240 1583; x_wconf 78' lang='grc' dir='ltr'>ἀντεχομένους</span> <span class='ocrx_word' id='word_1_252' title='bbox 3264 1515 3482 1568; x_wconf 83' lang='grc' dir='ltr'>λοιπόν·</span> <span class='ocrx_word' id='word_1_253' title='bbox 3529 1516 3687 1568; x_wconf 75' lang='grc' dir='ltr'>ἔσται</span> 
     </span>
    </p>
   </div>
   <div class='ocr_carea' id='block_1_33' title="bbox 2112 1600 3688 1681">
    <p class='ocr_par' dir='ltr' id='par_1_33' title="bbox 2112 1600 3688 1681">
     <span class='ocr_line' id='line_1_33' title="bbox 2112 1600 3688 1681; baseline 0.005 -27"><span class='ocrx_word' id='word_1_254' title='bbox 2112 1601 2168 1654; x_wconf 83' lang='grc' dir='ltr'>δὲ</span> <span class='ocrx_word' id='word_1_255' title='bbox 2198 1600 2392 1660; x_wconf 86' lang='grc' dir='ltr'>ταῦτα.</span> <span class='ocrx_word' id='word_1_256' title='bbox 2438 1603 2624 1674; x_wconf 77' lang='grc' dir='ltr'>ἐπειδὴ</span> <span class='ocrx_word' id='word_1_257' title='bbox 2677 1604 2980 1677; x_wconf 77' lang='grc' dir='ltr'>μεταϐολὴν</span> <span class='ocrx_word' id='word_1_258' title='bbox 3014 1607 3112 1676; x_wconf 83' lang='grc' dir='ltr'><strong>τὴν</strong></span> <span class='ocrx_word' id='word_1_259' title='bbox 3151 1607 3324 1681; x_wconf 31' lang='grc' dir='ltr'>ἐπὶ-τὸ</span> <span class='ocrx_word' id='word_1_260' title='bbox 3348 1611 3592 1679; x_wconf 87' lang='grc' dir='ltr'>κρεῖττον</span> <span class='ocrx_word' id='word_1_261' title='bbox 3616 1609 3688 1664; x_wconf 67' lang='grc' dir='ltr'>τὰ</span> 
     </span>
    </p>
   </div>
   <div class='ocr_carea' id='block_1_34' title="bbox 440 1669 2004 1769">
    <p class='ocr_par' dir='ltr' id='par_1_34' title="bbox 440 1669 2004 1762">
     <span class='ocr_line' id='line_1_34' title="bbox 440 1669 2004 1762; baseline -0.003 -11"><span class='ocrx_word' id='word_1_262' title='bbox 440 1669 794 1752; x_wconf 78' lang='lat' dir='ltr'><strong>sericordiam</strong></span> <span class='ocrx_word' id='word_1_263' title='bbox 854 1693 1066 1758; x_wconf 86' lang='lat' dir='ltr'><strong>fuerat;</strong></span> <span class='ocrx_word' id='word_1_264' title='bbox 1131 1691 1414 1762; x_wconf 79' lang='lat' dir='ltr'><strong>factusque</strong></span> <span class='ocrx_word' id='word_1_265' title='bbox 1481 1692 1554 1746; x_wconf 88' lang='lat' dir='ltr'><strong>sit</strong></span> <span class='ocrx_word' id='word_1_266' title='bbox 1597 1669 1856 1762; x_wconf 81' lang='lat' dir='ltr'><strong>pepulus,</strong></span> <span class='ocrx_word' id='word_1_267' title='bbox 1916 1691 2004 1762; x_wconf 89' lang='lat' dir='ltr'><strong>qui</strong></span> 
     </span>
    </p>
   </div>
   <div class='ocr_carea' id='block_1_35' title="bbox 2110 1669 3688 1769">
    <p class='ocr_par' dir='ltr' id='par_1_35' title="bbox 2116 1693 3688 1769">
     <span class='ocr_line' id='line_1_35' title="bbox 2116 1693 3688 1769; baseline 0.004 -23"><span class='ocrx_word' id='word_1_268' title='bbox 2116 1693 2237 1746; x_wconf 84' lang='grc' dir='ltr'>καθ’</span> <span class='ocrx_word' id='word_1_269' title='bbox 2268 1695 2412 1764; x_wconf 74' lang='grc' dir='ltr'>ὑμᾶς</span> <span class='ocrx_word' id='word_1_270' title='bbox 2439 1695 2526 1748; x_wconf 81' lang='grc' dir='ltr'>διὰ</span> <span class='ocrx_word' id='word_1_271' title='bbox 2555 1697 2653 1766; x_wconf 79' lang='grc' dir='ltr'>τῆς</span> <span class='ocrx_word' id='word_1_272' title='bbox 2683 1697 3005 1768; x_wconf 82' lang='grc' dir='ltr'>κηδεμονίας</span> <span class='ocrx_word' id='word_1_273' title='bbox 3037 1698 3248 1768; x_wconf 79' lang='grc' dir='ltr'>δέχεται</span> <span class='ocrx_word' id='word_1_274' title='bbox 3275 1699 3374 1768; x_wconf 75' lang='grc' dir='ltr'>τῆς</span> <span class='ocrx_word' id='word_1_275' title='bbox 3404 1699 3542 1769; x_wconf 78' lang='grc' dir='ltr'>ἐμῆς</span> <span class='ocrx_word' id='word_1_276' title='bbox 3569 1716 3582 1728; x_wconf 88' lang='grc'>·</span> <span class='ocrx_word' id='word_1_277' title='bbox 3609 1701 3688 1765; x_wconf 78' lang='grc' dir='ltr'>ὡς</span> 
     </span>
    </p>
   </div>
   <div class='ocr_carea' id='block_1_36' title="bbox 440 1784 2012 1854">
    <p class='ocr_par' dir='ltr' id='par_1_36' title="bbox 440 1784 2012 1854">
     <span class='ocr_line' id='line_1_36' title="bbox 440 1784 2012 1854; baseline 0.001 -13"><span class='ocrx_word' id='word_1_278' title='bbox 440 1796 599 1843; x_wconf 86' lang='lat' dir='ltr'><strong>antea</strong></span> <span class='ocrx_word' id='word_1_279' title='bbox 621 1802 726 1840; x_wconf 92' lang='lat' dir='ltr'><strong>non</strong></span> <span class='ocrx_word' id='word_1_280' title='bbox 756 1797 874 1840; x_wconf 88' lang='lat' dir='ltr'><strong>erat</strong></span> <span class='ocrx_word' id='word_1_281' title='bbox 899 1784 1152 1854; x_wconf 86' lang='lat' dir='ltr'><strong>populus.</strong></span> <span class='ocrx_word' id='word_1_282' title='bbox 1203 1789 1376 1854; x_wconf 83' lang='lat' dir='ltr'><strong>Atque</strong></span> <span class='ocrx_word' id='word_1_283' title='bbox 1404 1785 1478 1838; x_wconf 88' lang='lat' dir='ltr'><strong>ita</strong></span> <span class='ocrx_word' id='word_1_284' title='bbox 1513 1785 1639 1854; x_wconf 83' lang='lat' dir='ltr'><strong>jure</strong></span> <span class='ocrx_word' id='word_1_285' title='bbox 1688 1786 1895 1854; x_wconf 87' lang='lat' dir='ltr'><strong>optimo</strong></span> <span class='ocrx_word' id='word_1_286' title='bbox 1923 1787 2012 1844; x_wconf 90' lang='lat' dir='ltr'><strong>his</strong></span> 
     </span>
    </p>
   </div>
   <div class='ocr_carea' id='block_1_37' title="bbox 440 1875 2009 1949">
    <p class='ocr_par' dir='ltr' id='par_1_37' title="bbox 440 1875 2009 1949">
     <span class='ocr_line' id='line_1_37' title="bbox 440 1875 2009 1949; baseline 0.003 -19"><span class='ocrx_word' id='word_1_287' title='bbox 440 1880 552 1945; x_wconf 76' lang='lat' dir='ltr'><strong>(iet,</strong></span> <span class='ocrx_word' id='word_1_288' title='bbox 602 1878 728 1949; x_wconf 80' lang='lat' dir='ltr'><strong>quia</strong></span> <span class='ocrx_word' id='word_1_289' title='bbox 775 1883 828 1932; x_wconf 92' lang='lat' dir='ltr'><strong>et</strong></span> <span class='ocrx_word' id='word_1_290' title='bbox 875 1875 978 1948; x_wconf 87' lang='lat' dir='ltr'><strong>ipsi</strong></span> <span class='ocrx_word' id='word_1_291' title='bbox 1035 1884 1216 1932; x_wconf 83' lang='lat' dir='ltr'><strong>vetere</strong></span> <span class='ocrx_word' id='word_1_292' title='bbox 1263 1891 1450 1930; x_wconf 90' lang='lat' dir='ltr'><strong>errore</strong></span> <span class='ocrx_word' id='word_1_293' title='bbox 1507 1875 1720 1940; x_wconf 89' lang='lat' dir='ltr'><strong>relicto,</strong></span> <span class='ocrx_word' id='word_1_294' title='bbox 1764 1877 2009 1934; x_wconf 86' lang='lat' dir='ltr'><strong>debitum</strong></span> 
     </span>
    </p>
   </div>
   <div class='ocr_carea' id='block_1_38' title="bbox 439 1967 2011 2040">
    <p class='ocr_par' dir='ltr' id='par_1_38' title="bbox 439 1967 2011 2040">
     <span class='ocr_line' id='line_1_38' title="bbox 439 1967 2011 2040; baseline -0.001 -14"><span class='ocrx_word' id='word_1_295' title='bbox 439 1986 600 2026; x_wconf 85' lang='lat' dir='ltr'><strong>suum</strong></span> <span class='ocrx_word' id='word_1_296' title='bbox 638 1977 954 2040; x_wconf 82' lang='lat' dir='ltr'><strong>agnoscent,</strong></span> <span class='ocrx_word' id='word_1_297' title='bbox 989 1967 1243 2036; x_wconf 85' lang='lat' dir='ltr'><strong>claraque</strong></span> <span class='ocrx_word' id='word_1_298' title='bbox 1271 1983 1404 2022; x_wconf 89' lang='lat' dir='ltr'><strong>voce</strong></span> <span class='ocrx_word' id='word_1_299' title='bbox 1430 1968 1646 2032; x_wconf 90' lang='lat' dir='ltr'><strong>dicent,</strong></span> <span class='ocrx_word' id='word_1_300' title='bbox 1681 1969 1855 2023; x_wconf 86' lang='lat' dir='ltr'><strong>solum</strong></span> <span class='ocrx_word' id='word_1_301' title='bbox 1888 1985 2011 2026; x_wconf 86' lang='lat' dir='ltr'><strong>esse</strong></span> 
     </span>
    </p>
   </div>
   <div class='ocr_carea' id='block_1_39' title="bbox 439 2058 2007 2133">
    <p class='ocr_par' dir='ltr' id='par_1_39' title="bbox 439 2058 2007 2133">
     <span class='ocr_line' id='line_1_39' title="bbox 439 2058 2007 2133; baseline -0.002 -16"><span class='ocrx_word' id='word_1_302' title='bbox 439 2063 795 2133; x_wconf 85' lang='lat' dir='ltr'><strong>ipsorummet</strong></span> <span class='ocrx_word' id='word_1_303' title='bbox 847 2075 970 2115; x_wconf 84' lang='lat' dir='ltr'><strong>vere</strong></span> <span class='ocrx_word' id='word_1_304' title='bbox 1025 2059 1312 2112; x_wconf 88' lang='lat' dir='ltr'><strong>Dominum</strong></span> <span class='ocrx_word' id='word_1_305' title='bbox 1370 2074 1432 2112; x_wconf 90' lang='lat' dir='ltr'><strong>ac</strong></span> <span class='ocrx_word' id='word_1_306' title='bbox 1495 2058 1688 2124; x_wconf 87' lang='lat' dir='ltr'><strong>Deum,</strong></span> <span class='ocrx_word' id='word_1_307' title='bbox 1733 2075 1856 2114; x_wconf 88' lang='lat' dir='ltr'><strong>eum</strong></span> <span class='ocrx_word' id='word_1_308' title='bbox 1915 2061 2007 2130; x_wconf 89' lang='lat' dir='ltr'><strong>qui</strong></span> 
     </span>
    </p>
   </div>
   <div class='ocr_carea' id='block_1_40' title="bbox 439 2151 2008 2222">
    <p class='ocr_par' dir='ltr' id='par_1_40' title="bbox 439 2151 2008 2222">
     <span class='ocr_line' id='line_1_40' title="bbox 439 2151 2008 2222; baseline -0.002 -13"><span class='ocrx_word' id='word_1_309' title='bbox 439 2153 681 2209; x_wconf 85' lang='lat' dir='ltr'><strong>omnium</strong></span> <span class='ocrx_word' id='word_1_310' title='bbox 715 2160 928 2206; x_wconf 88' lang='lat' dir='ltr'><strong>creator</strong></span> <span class='ocrx_word' id='word_1_311' title='bbox 953 2158 1060 2215; x_wconf 88' lang='lat' dir='ltr'><strong>est,</strong></span> <span class='ocrx_word' id='word_1_312' title='bbox 1097 2151 1497 2222; x_wconf 86' lang='lat' dir='ltr'><strong>specialemquc</strong></span> <span class='ocrx_word' id='word_1_313' title='bbox 1527 2153 1607 2206; x_wconf 91' lang='lat' dir='ltr'><strong>cis</strong></span> <span class='ocrx_word' id='word_1_314' title='bbox 1636 2168 1824 2207; x_wconf 87' lang='lat' dir='ltr'><strong>curam</strong></span> <span class='ocrx_word' id='word_1_315' title='bbox 1854 2169 2008 2208; x_wconf 90' lang='lat' dir='ltr'><strong>suam</strong></span> 
     </span>
    </p>
   </div>
   <div class='ocr_carea' id='block_1_41' title="bbox 439 2244 904 2302">
    <p class='ocr_par' dir='ltr' id='par_1_41' title="bbox 439 2244 904 2302">
     <span class='ocr_line' id='line_1_41' title="bbox 439 2244 904 2302; baseline -0.011 -1"><span class='ocrx_word' id='word_1_316' title='bbox 439 2245 662 2302; x_wconf 71' lang='lat' dir='ltr'><strong>coalitus</strong></span> <span class='ocrx_word' id='word_1_317' title='bbox 693 2244 904 2299; x_wconf 91' lang='lat' dir='ltr'><strong>tribuit.</strong></span> 
     </span>
    </p>
   </div>
   <div class='ocr_carea' id='block_1_42' title="bbox 1087 2568 1366 2625">
    <p class='ocr_par' dir='ltr' id='par_1_42' title="bbox 1087 2568 1366 2625">
     <span class='ocr_line' id='line_1_42' title="bbox 1087 2568 1366 2625; baseline -0.011 0"><span class='ocrx_word' id='word_1_318' title='bbox 1087 2569 1240 2625; x_wconf 74' lang='lat' dir='ltr'><strong>CAP.</strong></span> <span class='ocrx_word' id='word_1_319' title='bbox 1281 2568 1366 2624; x_wconf 86' lang='lat' dir='ltr'><strong>Ill.</strong></span> 
     </span>
    </p>
   </div>
   <div class='ocr_carea' id='block_1_43' title="bbox 510 2680 2007 2753">
    <p class='ocr_par' dir='ltr' id='par_1_43' title="bbox 510 2680 2007 2753">
     <span class='ocr_line' id='line_1_43' title="bbox 510 2680 2007 2753; baseline -0.005 -10"><span class='ocrx_word' id='word_1_320' title='bbox 510 2688 678 2744; x_wconf 75' lang='lat' dir='ltr'><strong>Vens.</strong></span> <span class='ocrx_word' id='word_1_321' title='bbox 718 2687 768 2740; x_wconf 81' lang='lat' dir='ltr'><strong>i.</strong></span> <span class='ocrx_word' id='word_1_322' title='bbox 807 2715 876 2726; x_wconf 94' lang='lat'><strong>—</strong></span> <span class='ocrx_word' id='word_1_323' title='bbox 906 2703 926 2735; x_wconf 75' lang='grc' dir='ltr'><strong>ι</strong></span> <span class='ocrx_word' id='word_1_324' title='bbox 965 2683 1218 2753; x_wconf 76' lang='lat' dir='ltr'><strong>Dixitque</strong></span> <span class='ocrx_word' id='word_1_325' title='bbox 1261 2681 1393 2734; x_wconf 87' lang='lat' dir='ltr'><strong>mihi</strong></span> <span class='ocrx_word' id='word_1_326' title='bbox 1449 2680 1709 2744; x_wconf 81' lang='lat' dir='ltr'><strong>Dominus</strong></span> <span class='ocrx_word' id='word_1_327' title='bbox 1761 2700 1775 2734; x_wconf 90' lang='lat'><strong>:</strong></span> <span class='ocrx_word' id='word_1_328' title='bbox 1813 2681 2007 2736; x_wconf 81' lang='lat' dir='ltr'><strong>Adhuc</strong></span> 
     </span>
    </p>
   </div>
   <div class='ocr_carea' id='block_1_44' title="bbox 441 2771 2012 2846">
    <p class='ocr_par' dir='ltr' id='par_1_44' title="bbox 441 2771 2012 2846">
     <span class='ocr_line' id='line_1_44' title="bbox 441 2771 2012 2846; baseline -0.006 -12"><span class='ocrx_word' id='word_1_329' title='bbox 441 2779 595 2846; x_wconf 78' lang='lat' dir='ltr'><strong>vade,</strong></span> <span class='ocrx_word' id='word_1_330' title='bbox 631 2785 684 2833; x_wconf 88' lang='lat' dir='ltr'><strong>et</strong></span> <span class='ocrx_word' id='word_1_331' title='bbox 719 2777 880 2845; x_wconf 77' lang='lat' dir='ltr'><strong>dilige</strong></span> <span class='ocrx_word' id='word_1_332' title='bbox 927 2775 1206 2828; x_wconf 88' lang='lat' dir='ltr'><strong>mulierem</strong></span> <span class='ocrx_word' id='word_1_333' title='bbox 1240 2771 1555 2842; x_wconf 76' lang='lat' dir='ltr'><strong>diligentem</strong></span> <span class='ocrx_word' id='word_1_334' title='bbox 1594 2771 1747 2841; x_wconf 75' lang='lat' dir='ltr'><strong>mala</strong></span> <span class='ocrx_word' id='word_1_335' title='bbox 1781 2779 1834 2834; x_wconf 83' lang='lat' dir='ltr'><strong>et</strong></span> <span class='ocrx_word' id='word_1_336' title='bbox 1863 2773 2012 2828; x_wconf 83' lang='lat' dir='ltr'><strong>adul-</strong></span> 
     </span>
    </p>
   </div>
   <div class='ocr_carea' id='block_1_45' title="bbox 439 2862 2007 2934">
    <p class='ocr_par' dir='ltr' id='par_1_45' title="bbox 439 2862 2007 2934">
     <span class='ocr_line' id='line_1_45' title="bbox 439 2862 2007 2934; baseline -0.004 -8"><span class='ocrx_word' id='word_1_337' title='bbox 439 2881 614 2926; x_wconf 89' lang='lat' dir='ltr'><strong>teram</strong></span> <span class='ocrx_word' id='word_1_338' title='bbox 680 2888 694 2923; x_wconf 93' lang='lat'>:</span> <span class='ocrx_word' id='word_1_339' title='bbox 759 2865 900 2920; x_wconf 86' lang='lat' dir='ltr'><strong>haud</strong></span> <span class='ocrx_word' id='word_1_340' title='bbox 956 2880 1116 2922; x_wconf 81' lang='lat' dir='ltr'><strong>secus</strong></span> <span class='ocrx_word' id='word_1_341' title='bbox 1164 2878 1330 2934; x_wconf 87' lang='lat' dir='ltr'><strong>quam</strong></span> <span class='ocrx_word' id='word_1_342' title='bbox 1394 2863 1535 2920; x_wconf 85' lang='lat' dir='ltr'><strong>Deus</strong></span> <span class='ocrx_word' id='word_1_343' title='bbox 1596 2862 1738 2917; x_wconf 80' lang='lat' dir='ltr'><strong>ﬁlios</strong></span> <span class='ocrx_word' id='word_1_344' title='bbox 1792 2863 2007 2919; x_wconf 78' lang='lat' dir='ltr'><strong>lsi-aclis</strong></span> 
     </span>
    </p>
   </div>
   <div class='ocr_carea' id='block_1_46' title="bbox 440 2955 2006 3033">
    <p class='ocr_par' dir='ltr' id='par_1_46' title="bbox 440 2955 2006 3033">
     <span class='ocr_line' id='line_1_46' title="bbox 440 2955 2006 3033; baseline -0.005 -15"><span class='ocrx_word' id='word_1_345' title='bbox 440 2964 634 3033; x_wconf 79' lang='lat' dir='ltr'><strong>diligit,</strong></span> <span class='ocrx_word' id='word_1_346' title='bbox 680 2961 808 3015; x_wconf 91' lang='lat' dir='ltr'><strong>dum</strong></span> <span class='ocrx_word' id='word_1_347' title='bbox 855 2959 956 3028; x_wconf 90' lang='lat' dir='ltr'><strong>ipsi</strong></span> <span class='ocrx_word' id='word_1_348' title='bbox 999 2956 1064 3010; x_wconf 89' lang='lat' dir='ltr'><strong>ad</strong></span> <span class='ocrx_word' id='word_1_349' title='bbox 1104 2956 1236 3011; x_wconf 89' lang='lat' dir='ltr'><strong>deos</strong></span> <span class='ocrx_word' id='word_1_350' title='bbox 1271 2955 1481 3010; x_wconf 85' lang='lat' dir='ltr'><strong>alienos</strong></span> <span class='ocrx_word' id='word_1_351' title='bbox 1518 2956 1840 3025; x_wconf 79' lang='lat' dir='ltr'><strong>respiciunt,</strong></span> <span class='ocrx_word' id='word_1_352' title='bbox 1886 2955 2006 3010; x_wconf 88' lang='lat' dir='ltr'><strong>dili-</strong></span> 
     </span>
    </p>
   </div>
   <div class='ocr_carea' id='block_1_47' title="bbox 442 3044 2007 3124">
    <p class='ocr_par' dir='ltr' id='par_1_47' title="bbox 442 3044 2007 3124">
     <span class='ocr_line' id='line_1_47' title="bbox 442 3044 2007 3124; baseline -0.005 -16"><span class='ocrx_word' id='word_1_353' title='bbox 442 3063 685 3124; x_wconf 79' lang='lat' dir='ltr'><strong>guntque</strong></span> <span class='ocrx_word' id='word_1_354' title='bbox 709 3049 968 3120; x_wconf 87' lang='lat' dir='ltr'><strong>cupedias</strong></span> <span class='ocrx_word' id='word_1_355' title='bbox 988 3059 1041 3103; x_wconf 91' lang='lat' dir='ltr'><strong>et</strong></span> <span class='ocrx_word' id='word_1_356' title='bbox 1065 3048 1311 3101; x_wconf 82' lang='lat' dir='ltr'><strong>vinacea.</strong></span> <span class='ocrx_word' id='word_1_357' title='bbox 1347 3066 1364 3098; x_wconf 80' lang='grc' dir='ltr'><strong>ι</strong></span> <span class='ocrx_word' id='word_1_358' title='bbox 1401 3044 1537 3100; x_wconf 82' lang='lat' dir='ltr'><strong>liinc</strong></span> <span class='ocrx_word' id='word_1_359' title='bbox 1571 3063 1790 3116; x_wconf 88' lang='lat' dir='ltr'><strong>quoque</strong></span> <span class='ocrx_word' id='word_1_360' title='bbox 1819 3047 2007 3116; x_wconf 65' lang='lat' dir='ltr'><strong>exploo</strong></span> 
     </span>
    </p>
   </div>
   <div class='ocr_carea' id='block_1_48' title="bbox 440 3138 2009 3213">
    <p class='ocr_par' dir='ltr' id='par_1_48' title="bbox 440 3138 2009 3213">
     <span class='ocr_line' id='line_1_48' title="bbox 440 3138 2009 3213; baseline -0.006 -12"><span class='ocrx_word' id='word_1_361' title='bbox 440 3155 619 3201; x_wconf 89' lang='lat' dir='ltr'><strong>ratum</strong></span> <span class='ocrx_word' id='word_1_362' title='bbox 668 3143 747 3211; x_wconf 81' lang='lat' dir='ltr'><strong>lit,</strong></span> <span class='ocrx_word' id='word_1_363' title='bbox 779 3141 927 3213; x_wconf 90' lang='lat' dir='ltr'><strong>quod</strong></span> <span class='ocrx_word' id='word_1_364' title='bbox 978 3141 1253 3195; x_wconf 87' lang='lat' dir='ltr'><strong>multoties</strong></span> <span class='ocrx_word' id='word_1_365' title='bbox 1298 3138 1568 3204; x_wconf 81' lang='lat' dir='ltr'><strong>diximus,</strong></span> <span class='ocrx_word' id='word_1_366' title='bbox 1604 3154 1712 3193; x_wconf 91' lang='lat' dir='ltr'><strong>non</strong></span> <span class='ocrx_word' id='word_1_367' title='bbox 1755 3140 1823 3193; x_wconf 90' lang='lat' dir='ltr'><strong>ad</strong></span> <span class='ocrx_word' id='word_1_368' title='bbox 1869 3139 2009 3195; x_wconf 87' lang='lat' dir='ltr'><strong>scri-</strong></span> 
     </span>
    </p>
   </div>
   <div class='ocr_carea' id='block_1_49' title="bbox 441 3231 2005 3310">
    <p class='ocr_par' dir='ltr' id='par_1_49' title="bbox 441 3231 2005 3310">
     <span class='ocr_line' id='line_1_49' title="bbox 441 3231 2005 3310; baseline -0.008 -14"><span class='ocrx_word' id='word_1_369' title='bbox 441 3239 643 3310; x_wconf 83' lang='lat' dir='ltr'><strong>ptionis</strong></span> <span class='ocrx_word' id='word_1_370' title='bbox 677 3238 929 3301; x_wconf 79' lang='lat' dir='ltr'><strong>formam,</strong></span> <span class='ocrx_word' id='word_1_371' title='bbox 955 3249 1173 3304; x_wconf 87' lang='lat' dir='ltr'><strong>unoque</strong></span> <span class='ocrx_word' id='word_1_372' title='bbox 1207 3240 1417 3294; x_wconf 87' lang='lat' dir='ltr'><strong>tenore,</strong></span> <span class='ocrx_word' id='word_1_373' title='bbox 1448 3231 1833 3302; x_wconf 84' lang='lat' dir='ltr'><strong>prophetarum</strong></span> <span class='ocrx_word' id='word_1_374' title='bbox 1877 3246 2005 3286; x_wconf 91' lang='lat' dir='ltr'><strong>ora-</strong></span> 
     </span>
    </p>
   </div>
   <div class='ocr_carea' id='block_1_50' title="bbox 441 3323 2006 3396">
    <p class='ocr_par' dir='ltr' id='par_1_50' title="bbox 441 3323 2006 3396">
     <span class='ocr_line' id='line_1_50' title="bbox 441 3323 2006 3396; baseline -0.006 -11"><span class='ocrx_word' id='word_1_375' title='bbox 441 3331 562 3385; x_wconf 89' lang='lat' dir='ltr'><strong>cula</strong></span> <span class='ocrx_word' id='word_1_376' title='bbox 583 3329 750 3384; x_wconf 81' lang='lat' dir='ltr'><strong>fuisse</strong></span> <span class='ocrx_word' id='word_1_377' title='bbox 769 3326 1080 3396; x_wconf 88' lang='lat' dir='ltr'><strong>conscripta</strong></span> <span class='ocrx_word' id='word_1_378' title='bbox 1098 3365 1110 3389; x_wconf 88' lang='lat'><strong>,</strong></span> <span class='ocrx_word' id='word_1_379' title='bbox 1135 3323 1230 3380; x_wconf 86' lang='lat' dir='ltr'><strong>sed</strong></span> <span class='ocrx_word' id='word_1_380' title='bbox 1259 3339 1325 3378; x_wconf 80' lang='lat' dir='ltr'><strong>ex</strong></span> <span class='ocrx_word' id='word_1_381' title='bbox 1353 3323 1640 3377; x_wconf 90' lang='lat' dir='ltr'><strong>intervallo</strong></span> <span class='ocrx_word' id='word_1_382' title='bbox 1655 3323 1885 3386; x_wconf 87' lang='lat' dir='ltr'><strong>dictata,</strong></span> <span class='ocrx_word' id='word_1_383' title='bbox 1919 3338 2006 3378; x_wconf 89' lang='lat' dir='ltr'><strong>se-</strong></span> 
     </span>
    </p>
   </div>
   <div class='ocr_carea' id='block_1_51' title="bbox 441 3414 2002 3488">
    <p class='ocr_par' dir='ltr' id='par_1_51' title="bbox 441 3414 2002 3488">
     <span class='ocr_line' id='line_1_51' title="bbox 441 3414 2002 3488; baseline -0.007 -10"><span class='ocrx_word' id='word_1_384' title='bbox 441 3421 678 3478; x_wconf 86' lang='lat' dir='ltr'><strong>cundum</strong></span> <span class='ocrx_word' id='word_1_385' title='bbox 697 3427 1041 3488; x_wconf 88' lang='lat' dir='ltr'><strong>acceptarum</strong></span> <span class='ocrx_word' id='word_1_386' title='bbox 1064 3426 1307 3485; x_wconf 80' lang='lat' dir='ltr'><strong>tempora</strong></span> <span class='ocrx_word' id='word_1_387' title='bbox 1323 3414 1714 3471; x_wconf 86' lang='lat' dir='ltr'><strong>revelationum</strong></span> <span class='ocrx_word' id='word_1_388' title='bbox 1737 3431 1750 3468; x_wconf 92' lang='lat'><strong>:</strong></span> <span class='ocrx_word' id='word_1_389' title='bbox 1771 3429 2002 3485; x_wconf 90' lang='lat' dir='ltr'><strong>quarum</strong></span> 
     </span>
    </p>
   </div>
   <div class='ocr_carea' id='block_1_52' title="bbox 441 3504 2000 3578">
    <p class='ocr_par' dir='ltr' id='par_1_52' title="bbox 441 3504 2000 3578">
     <span class='ocr_line' id='line_1_52' title="bbox 441 3504 2000 3578; baseline -0.004 -14"><span class='ocrx_word' id='word_1_390' title='bbox 441 3511 702 3568; x_wconf 87' lang='lat' dir='ltr'><strong>instinctu</strong></span> <span class='ocrx_word' id='word_1_391' title='bbox 747 3509 815 3562; x_wconf 87' lang='lat' dir='ltr'><strong>ad</strong></span> <span class='ocrx_word' id='word_1_392' title='bbox 843 3508 1100 3578; x_wconf 88' lang='lat' dir='ltr'><strong>populum</strong></span> <span class='ocrx_word' id='word_1_393' title='bbox 1149 3504 1470 3560; x_wconf 85' lang='lat' dir='ltr'><strong>necessario</strong></span> <span class='ocrx_word' id='word_1_394' title='bbox 1501 3505 1664 3560; x_wconf 87' lang='lat' dir='ltr'><strong>verba</strong></span> <span class='ocrx_word' id='word_1_395' title='bbox 1706 3505 2000 3567; x_wconf 81' lang='lat' dir='ltr'><strong>faciebant,</strong></span> 
     </span>
    </p>
   </div>
   <div class='ocr_carea' id='block_1_53' title="bbox 439 3597 2000 3662">
    <p class='ocr_par' dir='ltr' id='par_1_53' title="bbox 439 3597 2000 3662">
     <span class='ocr_line' id='line_1_53' title="bbox 439 3597 2000 3662; baseline -0.006 -3"><span class='ocrx_word' id='word_1_396' title='bbox 439 3603 638 3659; x_wconf 82' lang='lat' dir='ltr'><strong>divinis</strong></span> <span class='ocrx_word' id='word_1_397' title='bbox 693 3599 1181 3662; x_wconf 82' lang='lat' dir='ltr'><strong>illuminatienibus</strong></span> <span class='ocrx_word' id='word_1_398' title='bbox 1243 3597 1616 3652; x_wconf 82' lang='lat' dir='ltr'><strong>consectanei.</strong></span> <span class='ocrx_word' id='word_1_399' title='bbox 1684 3599 1815 3651; x_wconf 77' lang='lat' dir='ltr'><strong>Nam</strong></span> <span class='ocrx_word' id='word_1_400' title='bbox 1876 3612 2000 3650; x_wconf 90' lang='lat' dir='ltr'><strong>cum</strong></span> 
     </span>
    </p>
   </div>
   <div class='ocr_carea' id='block_1_54' title="bbox 440 3689 2004 3765">
    <p class='ocr_par' dir='ltr' id='par_1_54' title="bbox 440 3689 2004 3765">
     <span class='ocr_line' id='line_1_54' title="bbox 440 3689 2004 3765; baseline -0.003 -15"><span class='ocrx_word' id='word_1_401' title='bbox 440 3695 693 3765; x_wconf 78' lang='lat' dir='ltr'><strong>superius</strong></span> <span class='ocrx_word' id='word_1_402' title='bbox 717 3699 1030 3754; x_wconf 83' lang='lat' dir='ltr'><strong>enarrasset</strong></span> <span class='ocrx_word' id='word_1_403' title='bbox 1063 3690 1298 3743; x_wconf 89' lang='lat' dir='ltr'><strong>oblatam</strong></span> <span class='ocrx_word' id='word_1_404' title='bbox 1327 3689 1431 3748; x_wconf 89' lang='lat' dir='ltr'><strong>sibi</strong></span> <span class='ocrx_word' id='word_1_405' title='bbox 1473 3690 1688 3743; x_wconf 88' lang='lat' dir='ltr'><strong>illarum</strong></span> <span class='ocrx_word' id='word_1_406' title='bbox 1721 3705 1905 3744; x_wconf 88' lang='lat' dir='ltr'><strong>rerum</strong></span> <span class='ocrx_word' id='word_1_407' title='bbox 1933 3691 2004 3746; x_wconf 91' lang='lat' dir='ltr'><strong>ob</strong></span> 
     </span>
    </p>
   </div>
   <div class='ocr_carea' id='block_1_55' title="bbox 443 3782 2004 3858">
    <p class='ocr_par' dir='ltr' id='par_1_55' title="bbox 443 3782 2004 3858">
     <span class='ocr_line' id='line_1_55' title="bbox 443 3782 2004 3858; baseline -0.001 -17"><span class='ocrx_word' id='word_1_408' title='bbox 443 3788 624 3858; x_wconf 84' lang='lat' dir='ltr'><strong>populi</strong></span> <span class='ocrx_word' id='word_1_409' title='bbox 695 3785 1144 3855; x_wconf 85' lang='lat' dir='ltr'><strong>vituperationem</strong></span> <span class='ocrx_word' id='word_1_410' title='bbox 1215 3782 1541 3852; x_wconf 80' lang='lat' dir='ltr'><strong>imaginem,</strong></span> <span class='ocrx_word' id='word_1_411' title='bbox 1603 3783 1799 3838; x_wconf 87' lang='lat' dir='ltr'><strong>merito</strong></span> <span class='ocrx_word' id='word_1_412' title='bbox 1858 3799 2004 3840; x_wconf 90' lang='lat' dir='ltr'><strong>nunc</strong></span> 
     </span>
    </p>
   </div>
   <div class='ocr_carea' id='block_1_56' title="bbox 442 3872 2004 3945">
    <p class='ocr_par' dir='ltr' id='par_1_56' title="bbox 442 3872 2004 3945">
     <span class='ocr_line' id='line_1_56' title="bbox 442 3872 2004 3945; baseline 0.001 -15"><span class='ocrx_word' id='word_1_413' title='bbox 442 3877 824 3932; x_wconf 85' lang='lat' dir='ltr'><strong>revelationem</strong></span> <span class='ocrx_word' id='word_1_414' title='bbox 857 3874 1080 3928; x_wconf 86' lang='lat' dir='ltr'><strong>alteram</strong></span> <span class='ocrx_word' id='word_1_415' title='bbox 1115 3872 1319 3942; x_wconf 87' lang='lat' dir='ltr'><strong>pariter</strong></span> <span class='ocrx_word' id='word_1_416' title='bbox 1346 3873 1592 3943; x_wconf 77' lang='lat' dir='ltr'><strong>exponit,</strong></span> <span class='ocrx_word' id='word_1_417' title='bbox 1625 3889 1789 3943; x_wconf 90' lang='lat' dir='ltr'><strong>quam</strong></span> <span class='ocrx_word' id='word_1_418' title='bbox 1816 3883 2004 3945; x_wconf 91' lang='lat' dir='ltr'><strong>utpote</strong></span> 
     </span>
    </p>
   </div>
   <div class='ocr_carea' id='block_1_57' title="bbox 443 3961 2002 4031">
    <p class='ocr_par' dir='ltr' id='par_1_57' title="bbox 443 3961 2002 4031">
     <span class='ocr_line' id='line_1_57' title="bbox 443 3961 2002 4031; baseline 0.001 -13"><span class='ocrx_word' id='word_1_419' title='bbox 443 3982 473 4018; x_wconf 88' lang='lat' dir='ltr'><strong>a</strong></span> <span class='ocrx_word' id='word_1_420' title='bbox 492 3963 598 4018; x_wconf 84' lang='lat' dir='ltr'><strong>Deo</strong></span> <span class='ocrx_word' id='word_1_421' title='bbox 627 3963 728 4018; x_wconf 85' lang='lat' dir='ltr'><strong>sibi</strong></span> <span class='ocrx_word' id='word_1_422' title='bbox 759 3963 1080 4026; x_wconf 87' lang='lat' dir='ltr'><strong>immissam,</strong></span> <span class='ocrx_word' id='word_1_423' title='bbox 1101 3961 1290 4031; x_wconf 88' lang='lat' dir='ltr'><strong>nequit</strong></span> <span class='ocrx_word' id='word_1_424' title='bbox 1313 3964 1556 4018; x_wconf 88' lang='lat' dir='ltr'><strong>reticere.</strong></span> <span class='ocrx_word' id='word_1_425' title='bbox 1587 3963 1792 4020; x_wconf 79' lang='lat' dir='ltr'><strong>Etenim</strong></span> <span class='ocrx_word' id='word_1_426' title='bbox 1815 3964 2002 4029; x_wconf 83' lang='lat' dir='ltr'><strong>verba,</strong></span> 
     </span>
    </p>
   </div>
   <div class='ocr_carea' id='block_1_58' title="bbox 445 4048 2002 4121">
    <p class='ocr_par' dir='ltr' id='par_1_58' title="bbox 445 4048 2002 4121">
     <span class='ocr_line' id='line_1_58' title="bbox 445 4048 2002 4121; baseline 0.005 -17"><span class='ocrx_word' id='word_1_427' title='bbox 445 4073 466 4104; x_wconf 71' lang='grc' dir='ltr'><strong>ι</strong></span> <span class='ocrx_word' id='word_1_428' title='bbox 501 4053 642 4108; x_wconf 75' lang='lat' dir='ltr'><strong>Dixit</strong></span> <span class='ocrx_word' id='word_1_429' title='bbox 673 4051 805 4108; x_wconf 87' lang='lat' dir='ltr'><strong>mihi</strong></span> <span class='ocrx_word' id='word_1_430' title='bbox 828 4048 1110 4109; x_wconf 84' lang='lat' dir='ltr'><strong>Dominus.</strong></span> <span class='ocrx_word' id='word_1_431' title='bbox 1151 4069 1170 4104; x_wconf 68' lang='grc' dir='ltr'><strong>ι</strong></span> <span class='ocrx_word' id='word_1_432' title='bbox 1219 4051 1321 4104; x_wconf 91' lang='lat' dir='ltr'><strong>hoc</strong></span> <span class='ocrx_word' id='word_1_433' title='bbox 1361 4051 1686 4121; x_wconf 72' lang='lat' dir='ltr'><strong>significant,</strong></span> <span class='ocrx_word' id='word_1_434' title='bbox 1743 4054 2002 4112; x_wconf 89' lang='lat' dir='ltr'><strong>nimirum</strong></span> 
     </span>
    </p>
   </div>
   <div class='ocr_carea' id='block_1_59' title="bbox 443 4142 1999 4211">
    <p class='ocr_par' dir='ltr' id='par_1_59' title="bbox 443 4142 1999 4211">
     <span class='ocr_line' id='line_1_59' title="bbox 443 4142 1999 4211; baseline 0.003 -15"><span class='ocrx_word' id='word_1_435' title='bbox 443 4143 534 4196; x_wconf 83' lang='lat' dir='ltr'><strong>Dei</strong></span> <span class='ocrx_word' id='word_1_436' title='bbox 583 4142 856 4211; x_wconf 82' lang='lat' dir='ltr'><strong>loquentis</strong></span> <span class='ocrx_word' id='word_1_437' title='bbox 894 4156 1080 4196; x_wconf 90' lang='lat' dir='ltr'><strong>vocem</strong></span> <span class='ocrx_word' id='word_1_438' title='bbox 1113 4143 1280 4198; x_wconf 88' lang='lat' dir='ltr'><strong>veluti</strong></span> <span class='ocrx_word' id='word_1_439' title='bbox 1303 4159 1447 4206; x_wconf 80' lang='lat' dir='ltr'><strong>esse,</strong></span> <span class='ocrx_word' id='word_1_440' title='bbox 1491 4143 1689 4202; x_wconf 80' lang='lat' dir='ltr'><strong>factam</strong></span> <span class='ocrx_word' id='word_1_441' title='bbox 1723 4145 1869 4202; x_wconf 86' lang='lat' dir='ltr'><strong>illam</strong></span> <span class='ocrx_word' id='word_1_442' title='bbox 1897 4146 1999 4204; x_wconf 83' lang='lat' dir='ltr'><strong>sibi</strong></span> 
     </span>
    </p>
   </div>
   <div class='ocr_carea' id='block_1_60' title="bbox 445 4232 2000 4309">
    <p class='ocr_par' dir='ltr' id='par_1_60' title="bbox 445 4232 2000 4309">
     <span class='ocr_line' id='line_1_60' title="bbox 445 4232 2000 4309; baseline 0.006 -24"><span class='ocrx_word' id='word_1_443' title='bbox 445 4235 545 4304; x_wconf 77' lang='lat'><strong>17</strong></span> <span class='ocrx_word' id='word_1_444' title='bbox 599 4233 860 4294; x_wconf 86' lang='lat' dir='ltr'><strong>diviuilus</strong></span> <span class='ocrx_word' id='word_1_445' title='bbox 916 4232 1317 4294; x_wconf 84' lang='lat' dir='ltr'><strong>revelationem.</strong></span> <span class='ocrx_word' id='word_1_446' title='bbox 1369 4234 1644 4297; x_wconf 80' lang='lat' dir='ltr'><strong>Mandavit</strong></span> <span class='ocrx_word' id='word_1_447' title='bbox 1689 4252 1817 4309; x_wconf 89' lang='lat' dir='ltr'><strong>ergo</strong></span> <span class='ocrx_word' id='word_1_448' title='bbox 1868 4240 2000 4295; x_wconf 87' lang='lat' dir='ltr'><strong>mihi</strong></span> 
     </span>
    </p>
   </div>
   <div class='ocr_carea' id='block_1_61' title="bbox 441 4320 1998 4398">
    <p class='ocr_par' dir='ltr' id='par_1_61' title="bbox 441 4320 1998 4398">
     <span class='ocr_line' id='line_1_61' title="bbox 441 4320 1998 4398; baseline -0.001 -15"><span class='ocrx_word' id='word_1_449' title='bbox 441 4320 723 4384; x_wconf 83' lang='lat' dir='ltr'><strong>mulierem</strong></span> <span class='ocrx_word' id='word_1_450' title='bbox 762 4329 962 4384; x_wconf 85' lang='lat' dir='ltr'><strong>habere</strong></span> <span class='ocrx_word' id='word_1_451' title='bbox 995 4328 1333 4394; x_wconf 84' lang='lat' dir='ltr'><strong>adulteram,</strong></span> <span class='ocrx_word' id='word_1_452' title='bbox 1365 4336 1420 4384; x_wconf 89' lang='lat' dir='ltr'><strong>et</strong></span> <span class='ocrx_word' id='word_1_453' title='bbox 1461 4328 1705 4398; x_wconf 85' lang='lat' dir='ltr'><strong>cujusvis</strong></span> <span class='ocrx_word' id='word_1_454' title='bbox 1736 4328 1998 4382; x_wconf 90' lang='lat' dir='ltr'><strong>malorum</strong></span> 
     </span>
    </p>
   </div>
   <div class='ocr_carea' id='block_1_62' title="bbox 441 4418 2000 4490">
    <p class='ocr_par' dir='ltr' id='par_1_62' title="bbox 441 4418 2000 4490">
     <span class='ocr_line' id='line_1_62' title="bbox 441 4418 2000 4490; baseline 0.001 -18"><span class='ocrx_word' id='word_1_455' title='bbox 441 4419 655 4490; x_wconf 77' lang='lat' dir='ltr'><strong>generis</strong></span> <span class='ocrx_word' id='word_1_456' title='bbox 699 4419 1058 4486; x_wconf 84' lang='lat' dir='ltr'><strong>operatricem</strong></span> <span class='ocrx_word' id='word_1_457' title='bbox 1095 4435 1108 4472; x_wconf 87' lang='lat'><strong>:</strong></span> <span class='ocrx_word' id='word_1_458' title='bbox 1144 4426 1204 4472; x_wconf 87' lang='lat' dir='ltr'><strong>ut</strong></span> <span class='ocrx_word' id='word_1_459' title='bbox 1243 4418 1358 4473; x_wconf 64' lang='lat' dir='ltr'><strong>haec</strong></span> <span class='ocrx_word' id='word_1_460' title='bbox 1389 4419 1553 4474; x_wconf 89' lang='lat' dir='ltr'><strong>etiam</strong></span> <span class='ocrx_word' id='word_1_461' title='bbox 1597 4420 2000 4489; x_wconf 60' lang='lat' dir='ltr'><strong>reprasentatio</strong></span> 
     </span>
    </p>
   </div>
   <div class='ocr_carea' id='block_1_63' title="bbox 438 4510 2000 4584">
    <p class='ocr_par' dir='ltr' id='par_1_63' title="bbox 438 4510 2000 4584">
     <span class='ocr_line' id='line_1_63' title="bbox 438 4510 2000 4584; baseline 0.004 -20"><span class='ocrx_word' id='word_1_462' title='bbox 438 4510 687 4584; x_wconf 69' lang='lat' dir='ltr'><strong>quaedam</strong></span> <span class='ocrx_word' id='word_1_463' title='bbox 727 4511 798 4565; x_wconf 88' lang='lat' dir='ltr'><strong>sit</strong></span> <span class='ocrx_word' id='word_1_464' title='bbox 827 4510 1053 4572; x_wconf 89' lang='lat' dir='ltr'><strong>mentis,</strong></span> <span class='ocrx_word' id='word_1_465' title='bbox 1089 4523 1255 4580; x_wconf 88' lang='lat' dir='ltr'><strong>quam</strong></span> <span class='ocrx_word' id='word_1_466' title='bbox 1297 4526 1398 4582; x_wconf 81' lang='lat' dir='ltr'><strong>ego</strong></span> <span class='ocrx_word' id='word_1_467' title='bbox 1431 4526 1560 4580; x_wconf 81' lang='lat' dir='ltr'><strong>erga</strong></span> <span class='ocrx_word' id='word_1_468' title='bbox 1602 4511 1821 4573; x_wconf 87' lang='lat' dir='ltr'><strong>Israelis</strong></span> <span class='ocrx_word' id='word_1_469' title='bbox 1861 4511 2000 4570; x_wconf 84' lang='lat' dir='ltr'><strong>ﬁlios</strong></span> 
     </span>
    </p>
   </div>
   <div class='ocr_carea' id='block_1_64' title="bbox 440 4599 2003 4672">
    <p class='ocr_par' dir='ltr' id='par_1_64' title="bbox 440 4599 2003 4672">
     <span class='ocr_line' id='line_1_64' title="bbox 440 4599 2003 4672; baseline 0.001 -16"><span class='ocrx_word' id='word_1_470' title='bbox 440 4601 675 4656; x_wconf 86' lang='lat' dir='ltr'><strong>retinere</strong></span> <span class='ocrx_word' id='word_1_471' title='bbox 703 4599 922 4662; x_wconf 88' lang='lat' dir='ltr'><strong>studui,</strong></span> <span class='ocrx_word' id='word_1_472' title='bbox 957 4615 1274 4669; x_wconf 87' lang='lat' dir='ltr'><strong>quanquam</strong></span> <span class='ocrx_word' id='word_1_473' title='bbox 1297 4601 1442 4654; x_wconf 89' lang='lat' dir='ltr'><strong>omni</strong></span> <span class='ocrx_word' id='word_1_474' title='bbox 1477 4602 1810 4672; x_wconf 84' lang='lat' dir='ltr'><strong>improbitati</strong></span> <span class='ocrx_word' id='word_1_475' title='bbox 1846 4602 2003 4657; x_wconf 88' lang='lat' dir='ltr'><strong>dedi-</strong></span> 
     </span>
    </p>
   </div>
   <div class='ocr_carea' id='block_1_65' title="bbox 439 4691 1999 4762">
    <p class='ocr_par' dir='ltr' id='par_1_65' title="bbox 439 4691 1999 4762">
     <span class='ocr_line' id='line_1_65' title="bbox 439 4691 1999 4762; baseline 0.003 -16"><span class='ocrx_word' id='word_1_476' title='bbox 439 4704 544 4757; x_wconf 82' lang='lat' dir='ltr'><strong>tos,</strong></span> <span class='ocrx_word' id='word_1_477' title='bbox 565 4707 828 4760; x_wconf 83' lang='lat' dir='ltr'><strong>suumque</strong></span> <span class='ocrx_word' id='word_1_478' title='bbox 847 4700 1030 4761; x_wconf 86' lang='lat' dir='ltr'><strong>aperte</strong></span> <span class='ocrx_word' id='word_1_479' title='bbox 1046 4691 1371 4746; x_wconf 87' lang='lat' dir='ltr'><strong>adulterium</strong></span> <span class='ocrx_word' id='word_1_480' title='bbox 1393 4701 1755 4759; x_wconf 87' lang='lat' dir='ltr'><strong>ostentantes;</strong></span> <span class='ocrx_word' id='word_1_481' title='bbox 1777 4694 1870 4762; x_wconf 88' lang='lat' dir='ltr'><strong>qui</strong></span> <span class='ocrx_word' id='word_1_482' title='bbox 1890 4695 1999 4750; x_wconf 90' lang='lat' dir='ltr'><strong>diis</strong></span> 
     </span>
    </p>
   </div>
   <div class='ocr_carea' id='block_1_66' title="bbox 437 4782 2001 4854">
    <p class='ocr_par' dir='ltr' id='par_1_66' title="bbox 437 4782 2001 4854">
     <span class='ocr_line' id='line_1_66' title="bbox 437 4782 2001 4854; baseline 0.001 -17"><span class='ocrx_word' id='word_1_483' title='bbox 437 4782 579 4838; x_wconf 74' lang='lat' dir='ltr'><strong>falso</strong></span> <span class='ocrx_word' id='word_1_484' title='bbox 607 4782 748 4852; x_wconf 89' lang='lat' dir='ltr'><strong>apud</strong></span> <span class='ocrx_word' id='word_1_485' title='bbox 790 4782 1038 4837; x_wconf 86' lang='lat' dir='ltr'><strong>ethnicos</strong></span> <span class='ocrx_word' id='word_1_486' title='bbox 1067 4783 1330 4851; x_wconf 80' lang='lat' dir='ltr'><strong>reputatis</strong></span> <span class='ocrx_word' id='word_1_487' title='bbox 1356 4782 1622 4849; x_wconf 85' lang='lat' dir='ltr'><strong>student;</strong></span> <span class='ocrx_word' id='word_1_488' title='bbox 1673 4799 2001 4854; x_wconf 78' lang='lat' dir='ltr'><strong>magnOpere</strong></span> 
     </span>
    </p>
   </div>
   <div class='ocr_carea' id='block_1_67' title="bbox 439 4874 2000 4944">
    <p class='ocr_par' dir='ltr' id='par_1_67' title="bbox 439 4874 2000 4944">
     <span class='ocr_line' id='line_1_67' title="bbox 439 4874 2000 4944; baseline -0.001 -13"><span class='ocrx_word' id='word_1_489' title='bbox 439 4884 744 4944; x_wconf 72' lang='lat' dir='ltr'><strong>satagentes</strong></span> <span class='ocrx_word' id='word_1_490' title='bbox 795 4876 1117 4930; x_wconf 89' lang='lat' dir='ltr'><strong>constitutas</strong></span> <span class='ocrx_word' id='word_1_491' title='bbox 1153 4875 1265 4927; x_wconf 90' lang='lat' dir='ltr'><strong>illic</strong></span> <span class='ocrx_word' id='word_1_492' title='bbox 1306 4874 1596 4944; x_wconf 83' lang='lat' dir='ltr'><strong>religiones</strong></span> <span class='ocrx_word' id='word_1_493' title='bbox 1630 4876 1854 4944; x_wconf 77' lang='lat' dir='ltr'><strong>exsequi</strong></span> <span class='ocrx_word' id='word_1_494' title='bbox 1894 4895 1906 4929; x_wconf 92' lang='lat'>:</span> <span class='ocrx_word' id='word_1_495' title='bbox 1946 4876 2000 4930; x_wconf 90' lang='lat' dir='ltr'><strong>id</strong></span> 
     </span>
    </p>
   </div>
   <div class='ocr_carea' id='block_1_68' title="bbox 435 4964 1991 5037">
    <p class='ocr_par' dir='ltr' id='par_1_68' title="bbox 435 4964 1991 5037">
     <span class='ocr_line' id='line_1_68' title="bbox 435 4964 1991 5037; baseline -0.003 -15"><span class='ocrx_word' id='word_1_496' title='bbox 435 4969 582 5023; x_wconf 88' lang='lat' dir='ltr'><strong>enim</strong></span> <span class='ocrx_word' id='word_1_497' title='bbox 614 4966 921 5037; x_wconf 79' lang='lat' dir='ltr'><strong>signiﬁcant</strong></span> <span class='ocrx_word' id='word_1_498' title='bbox 949 4967 1112 5022; x_wconf 86' lang='lat' dir='ltr'><strong>verba</strong></span> <span class='ocrx_word' id='word_1_499' title='bbox 1152 4985 1170 5016; x_wconf 88' lang='grc'>‹</span> <span class='ocrx_word' id='word_1_500' title='bbox 1205 4964 1450 5034; x_wconf 84' lang='lat' dir='ltr'><strong>cupediae</strong></span> <span class='ocrx_word' id='word_1_501' title='bbox 1482 4981 1607 5020; x_wconf 90' lang='lat' dir='ltr'><strong>cum</strong></span> <span class='ocrx_word' id='word_1_502' title='bbox 1653 4967 1932 5033; x_wconf 85' lang='lat' dir='ltr'><strong>vinaceis;</strong></span> <span class='ocrx_word' id='word_1_503' title='bbox 1974 4986 1991 5017; x_wconf 74' lang='grc' dir='ltr'><strong>ι</strong></span> 
     </span>
    </p>
   </div>
   <div class='ocr_carea' id='block_1_69' title="bbox 435 5057 1998 5130">
    <p class='ocr_par' dir='ltr' id='par_1_69' title="bbox 435 5057 1998 5130">
     <span class='ocr_line' id='line_1_69' title="bbox 435 5057 1998 5130; baseline 0 -17"><span class='ocrx_word' id='word_1_504' title='bbox 435 5061 592 5130; x_wconf 87' lang='lat' dir='ltr'><strong>quasi</strong></span> <span class='ocrx_word' id='word_1_505' title='bbox 651 5061 800 5114; x_wconf 88' lang='lat' dir='ltr'><strong>dicat</strong></span> <span class='ocrx_word' id='word_1_506' title='bbox 850 5075 1017 5130; x_wconf 90' lang='lat' dir='ltr'><strong>panes</strong></span> <span class='ocrx_word' id='word_1_507' title='bbox 1075 5058 1223 5112; x_wconf 87' lang='lat' dir='ltr'><strong>varie</strong></span> <span class='ocrx_word' id='word_1_508' title='bbox 1282 5057 1592 5123; x_wconf 86' lang='lat' dir='ltr'><strong>laboratos,</strong></span> <span class='ocrx_word' id='word_1_509' title='bbox 1642 5072 1766 5112; x_wconf 90' lang='lat' dir='ltr'><strong>cum</strong></span> <span class='ocrx_word' id='word_1_510' title='bbox 1821 5059 1998 5128; x_wconf 87' lang='lat' dir='ltr'><strong>passis</strong></span> 
     </span>
    </p>
   </div>
   <div class='ocr_carea' id='block_1_70' title="bbox 435 5147 1999 5218">
    <p class='ocr_par' dir='ltr' id='par_1_70' title="bbox 435 5147 1999 5218">
     <span class='ocr_line' id='line_1_70' title="bbox 435 5147 1999 5218; baseline 0.001 -16"><span class='ocrx_word' id='word_1_511' title='bbox 435 5148 692 5203; x_wconf 87' lang='lat' dir='ltr'><strong>nimirum</strong></span> <span class='ocrx_word' id='word_1_512' title='bbox 737 5149 877 5214; x_wconf 87' lang='lat' dir='ltr'><strong>uvis,</strong></span> <span class='ocrx_word' id='word_1_513' title='bbox 926 5148 1176 5203; x_wconf 89' lang='lat' dir='ltr'><strong>admistis</strong></span> <span class='ocrx_word' id='word_1_514' title='bbox 1222 5147 1486 5212; x_wconf 85' lang='lat' dir='ltr'><strong>bellariis,</strong></span> <span class='ocrx_word' id='word_1_515' title='bbox 1530 5164 1670 5218; x_wconf 88' lang='lat' dir='ltr'><strong>quos</strong></span> <span class='ocrx_word' id='word_1_516' title='bbox 1717 5163 1868 5204; x_wconf 88' lang='lat' dir='ltr'><strong>more</strong></span> <span class='ocrx_word' id='word_1_517' title='bbox 1898 5164 1999 5204; x_wconf 90' lang='lat' dir='ltr'><strong>suo</strong></span> 
     </span>
    </p>
   </div>
   <div class='ocr_carea' id='block_1_71' title="bbox 437 5239 1998 5316">
    <p class='ocr_par' dir='ltr' id='par_1_71' title="bbox 437 5239 1998 5316">
     <span class='ocr_line' id='line_1_71' title="bbox 437 5239 1998 5316; baseline 0.002 -23"><span class='ocrx_word' id='word_1_518' title='bbox 437 5239 672 5311; x_wconf 84' lang='lat' dir='ltr'><strong>quodam</strong></span> <span class='ocrx_word' id='word_1_519' title='bbox 725 5240 887 5295; x_wconf 87' lang='lat' dir='ltr'><strong>idolis</strong></span> <span class='ocrx_word' id='word_1_520' title='bbox 929 5240 1224 5298; x_wconf 79' lang='lat' dir='ltr'><strong>oti&#39;erebant</strong></span> <span class='ocrx_word' id='word_1_521' title='bbox 1253 5258 1281 5316; x_wconf 20' lang='grc' dir='ltr'>τε</span> <span class='ocrx_word' id='word_1_522' title='bbox 1321 5255 1448 5298; x_wconf 83' lang='lat' dir='ltr'><strong>nam</strong></span> <span class='ocrx_word' id='word_1_523' title='bbox 1495 5259 1515 5292; x_wconf 78' lang='grc' dir='ltr'><strong>ι</strong></span> <span class='ocrx_word' id='word_1_524' title='bbox 1565 5242 1828 5311; x_wconf 88' lang='lat' dir='ltr'><strong>cupedias</strong></span> <span class='ocrx_word' id='word_1_525' title='bbox 1869 5257 1998 5297; x_wconf 91' lang='lat' dir='ltr'><strong>cum</strong></span> 
     </span>
    </p>
   </div>
   <div class='ocr_carea' id='block_1_72' title="bbox 433 5331 1992 5404">
    <p class='ocr_par' dir='ltr' id='par_1_72' title="bbox 433 5331 1992 5404">
     <span class='ocr_line' id='line_1_72' title="bbox 433 5331 1992 5404; baseline 0 -16"><span class='ocrx_word' id='word_1_526' title='bbox 433 5331 677 5392; x_wconf 84' lang='lat' dir='ltr'><strong>vinaceis</strong></span> <span class='ocrx_word' id='word_1_527' title='bbox 703 5341 970 5401; x_wconf 86' lang='lat' dir='ltr'><strong>appetere,</strong></span> <span class='ocrx_word' id='word_1_528' title='bbox 1006 5351 1026 5383; x_wconf 80' lang='grc' dir='ltr'><strong>ι</strong></span> <span class='ocrx_word' id='word_1_529' title='bbox 1051 5333 1254 5387; x_wconf 89' lang='lat' dir='ltr'><strong>dictum</strong></span> <span class='ocrx_word' id='word_1_530' title='bbox 1283 5342 1367 5388; x_wconf 88' lang='lat' dir='ltr'><strong>est</strong></span> <span class='ocrx_word' id='word_1_531' title='bbox 1391 5348 1488 5402; x_wconf 84' lang='lat' dir='ltr'><strong>pro</strong></span> <span class='ocrx_word' id='word_1_532' title='bbox 1516 5335 1790 5404; x_wconf 84' lang='lat' dir='ltr'><strong>voluptate</strong></span> <span class='ocrx_word' id='word_1_533' title='bbox 1828 5350 1992 5404; x_wconf 85' lang='lat' dir='ltr'><strong>quam</strong></span> 
     </span>
    </p>
   </div>
   <div class='ocr_carea' id='block_1_73' title="bbox 435 5423 1994 5494">
    <p class='ocr_par' dir='ltr' id='par_1_73' title="bbox 435 5423 1994 5494">
     <span class='ocr_line' id='line_1_73' title="bbox 435 5423 1994 5494; baseline 0.001 -14"><span class='ocrx_word' id='word_1_534' title='bbox 435 5424 771 5490; x_wconf 82' lang='lat' dir='ltr'><strong>honoraudis</strong></span> <span class='ocrx_word' id='word_1_535' title='bbox 806 5423 968 5482; x_wconf 88' lang='lat' dir='ltr'><strong>idolis</strong></span> <span class='ocrx_word' id='word_1_536' title='bbox 1009 5427 1251 5494; x_wconf 89' lang='lat' dir='ltr'><strong>capiunt.</strong></span> <span class='ocrx_word' id='word_1_537' title='bbox 1298 5423 1468 5480; x_wconf 89' lang='lat' dir='ltr'><strong>Porro</strong></span> <span class='ocrx_word' id='word_1_538' title='bbox 1509 5426 1802 5494; x_wconf 88' lang='lat' dir='ltr'><strong>superiora</strong></span> <span class='ocrx_word' id='word_1_539' title='bbox 1845 5428 1994 5488; x_wconf 89' lang='lat' dir='ltr'><strong>dicta</strong></span> 
     </span>
    </p>
   </div>
   <div class='ocr_carea' id='block_1_74' title="bbox 435 5515 1995 5588">
    <p class='ocr_par' dir='ltr' id='par_1_74' title="bbox 435 5515 1995 5588">
     <span class='ocr_line' id='line_1_74' title="bbox 435 5515 1995 5588; baseline 0.001 -16"><span class='ocrx_word' id='word_1_540' title='bbox 435 5518 585 5574; x_wconf 77' lang='lat' dir='ltr'><strong>tuere</strong></span> <span class='ocrx_word' id='word_1_541' title='bbox 605 5516 911 5587; x_wconf 58' lang='lat' dir='ltr'><strong>praesertim</strong></span> <span class='ocrx_word' id='word_1_542' title='bbox 925 5517 993 5572; x_wconf 88' lang='lat' dir='ltr'><strong>ad</strong></span> <span class='ocrx_word' id='word_1_543' title='bbox 1014 5516 1201 5572; x_wconf 86' lang='lat' dir='ltr'><strong>decem</strong></span> <span class='ocrx_word' id='word_1_544' title='bbox 1216 5515 1995 5588; x_wconf 85' lang='lat' dir='ltr'><strong>tribuumreprehensionem,</strong></span> 
     </span>
    </p>
   </div>
   <div class='ocr_carea' id='block_1_75' title="bbox 436 5609 1992 5684">
    <p class='ocr_par' dir='ltr' id='par_1_75' title="bbox 436 5609 1992 5684">
     <span class='ocr_line' id='line_1_75' title="bbox 436 5609 1992 5684; baseline 0.002 -19"><span class='ocrx_word' id='word_1_545' title='bbox 436 5626 661 5684; x_wconf 68' lang='lat' dir='ltr'><strong>quarum</strong></span> <span class='ocrx_word' id='word_1_546' title='bbox 686 5609 916 5680; x_wconf 84' lang='lat' dir='ltr'><strong>pupulus</strong></span> <span class='ocrx_word' id='word_1_547' title='bbox 940 5609 1200 5663; x_wconf 89' lang='lat' dir='ltr'><strong>derelicto</strong></span> <span class='ocrx_word' id='word_1_548' title='bbox 1232 5610 1362 5673; x_wconf 87' lang='lat' dir='ltr'><strong>Deo,</strong></span> <span class='ocrx_word' id='word_1_549' title='bbox 1393 5626 1452 5666; x_wconf 83' lang='lat' dir='ltr'><strong>se</strong></span> <span class='ocrx_word' id='word_1_550' title='bbox 1473 5610 1635 5672; x_wconf 84' lang='lat' dir='ltr'><strong>idolis</strong></span> <span class='ocrx_word' id='word_1_551' title='bbox 1659 5611 1946 5678; x_wconf 78' lang='lat' dir='ltr'><strong>addixerat</strong></span> <span class='ocrx_word' id='word_1_552' title='bbox 1979 5631 1992 5668; x_wconf 91' lang='lat'>:</span> 
     </span>
    </p>
   </div>
   <div class='ocr_carea' id='block_1_76' title="bbox 436 5699 1980 5772">
    <p class='ocr_par' dir='ltr' id='par_1_76' title="bbox 436 5699 1980 5772">
     <span class='ocr_line' id='line_1_76' title="bbox 436 5699 1980 5772; baseline 0.003 -20"><span class='ocrx_word' id='word_1_553' title='bbox 436 5711 547 5766; x_wconf 58' lang='lat' dir='ltr'><strong>nec.</strong></span> <span class='ocrx_word' id='word_1_554' title='bbox 591 5707 776 5756; x_wconf 82' lang='lat' dir='ltr'><strong>autem</strong></span> <span class='ocrx_word' id='word_1_555' title='bbox 832 5699 901 5754; x_wconf 87' lang='lat' dir='ltr'><strong>ad</strong></span> <span class='ocrx_word' id='word_1_556' title='bbox 952 5699 1434 5771; x_wconf 80' lang='lat' dir='ltr'><strong>reprehensionem</strong></span> <span class='ocrx_word' id='word_1_557' title='bbox 1495 5702 1704 5772; x_wconf 81' lang='lat' dir='ltr'><strong>pariter</strong></span> <span class='ocrx_word' id='word_1_558' title='bbox 1761 5704 1980 5758; x_wconf 83' lang='lat' dir='ltr'><strong>illorum</strong></span> 
     </span>
    </p>
   </div>
   <div class='ocr_carea' id='block_1_77' title="bbox 2115 1785 3686 1861">
    <p class='ocr_par' dir='ltr' id='par_1_77' title="bbox 2115 1785 3686 1861">
     <span class='ocr_line' id='line_1_77' title="bbox 2115 1785 3686 1861; baseline 0.004 -22"><span class='ocrx_word' id='word_1_559' title='bbox 2115 1785 2380 1840; x_wconf 76' lang='grc' dir='ltr'>ἐλεεῖσθαι</span> <span class='ocrx_word' id='word_1_560' title='bbox 2410 1787 2507 1856; x_wconf 80' lang='grc' dir='ltr'><strong>μὲν</strong></span> <span class='ocrx_word' id='word_1_561' title='bbox 2539 1787 2636 1858; x_wconf 83' lang='grc' dir='ltr'><strong>τὴν</strong></span> <span class='ocrx_word' id='word_1_562' title='bbox 2679 1790 2778 1841; x_wconf 74' lang='grc' dir='ltr'>οὐκ</span> <span class='ocrx_word' id='word_1_563' title='bbox 2827 1789 3132 1861; x_wconf 74' lang='grc' dir='ltr'>ἠλεημὲνην</span> <span class='ocrx_word' id='word_1_564' title='bbox 3151 1807 3164 1820; x_wconf 88' lang='grc'><strong>·</strong></span> <span class='ocrx_word' id='word_1_565' title='bbox 3195 1789 3321 1844; x_wconf 79' lang='grc' dir='ltr'>λαὸν</span> <span class='ocrx_word' id='word_1_566' title='bbox 3344 1791 3398 1844; x_wconf 84' lang='grc' dir='ltr'>δὲ</span> <span class='ocrx_word' id='word_1_567' title='bbox 3435 1788 3572 1844; x_wconf 83' lang='grc' dir='ltr'>εἶναι</span> <span class='ocrx_word' id='word_1_568' title='bbox 3593 1792 3686 1844; x_wconf 80' lang='grc' dir='ltr'>τὸν</span> 
     </span>
    </p>
   </div>
   <div class='ocr_carea' id='block_1_78' title="bbox 2111 1877 3686 1954">
    <p class='ocr_par' dir='ltr' id='par_1_78' title="bbox 2111 1877 3686 1954">
     <span class='ocr_line' id='line_1_78' title="bbox 2111 1877 3686 1954; baseline 0.003 -23"><span class='ocrx_word' id='word_1_569' title='bbox 2111 1879 2172 1932; x_wconf 76' lang='grc' dir='ltr'>οὗ</span> <span class='ocrx_word' id='word_1_570' title='bbox 2225 1878 2488 1950; x_wconf 87' lang='grc' dir='ltr'>πρότερον</span> <span class='ocrx_word' id='word_1_571' title='bbox 2537 1879 2662 1932; x_wconf 82' lang='grc' dir='ltr'>λαόν</span> <span class='ocrx_word' id='word_1_572' title='bbox 2688 1897 2703 1910; x_wconf 89' lang='grc'><strong>·</strong></span> <span class='ocrx_word' id='word_1_573' title='bbox 2732 1881 2868 1952; x_wconf 86' lang='grc' dir='ltr'>ὅπερ</span> <span class='ocrx_word' id='word_1_574' title='bbox 2896 1877 2987 1934; x_wconf 79' lang='grc' dir='ltr'>οὖν</span> <span class='ocrx_word' id='word_1_575' title='bbox 3031 1882 3253 1944; x_wconf 77' lang='grc' dir='ltr'>εἰκότως</span> <span class='ocrx_word' id='word_1_576' title='bbox 3297 1883 3474 1945; x_wconf 79' lang='grc' dir='ltr'>αὐτοῖς</span> <span class='ocrx_word' id='word_1_577' title='bbox 3516 1901 3686 1954; x_wconf 90' lang='grc' dir='ltr'>προσ-</span> 
     </span>
    </p>
   </div>
   <div class='ocr_carea' id='block_1_79' title="bbox 2112 1971 3687 2045">
    <p class='ocr_par' dir='ltr' id='par_1_79' title="bbox 2112 1971 3687 2045">
     <span class='ocr_line' id='line_1_79' title="bbox 2112 1971 3687 2045; baseline 0.004 -22"><span class='ocrx_word' id='word_1_578' title='bbox 2112 1971 2283 2034; x_wconf 87' lang='grc' dir='ltr'>έσται,</span> <span class='ocrx_word' id='word_1_579' title='bbox 2310 1971 2493 2043; x_wconf 79' lang='grc' dir='ltr'>ἐπειδὴ</span> <span class='ocrx_word' id='word_1_580' title='bbox 2525 1973 2765 2026; x_wconf 83' lang='grc' dir='ltr'>κάκεῖνοι</span> <span class='ocrx_word' id='word_1_581' title='bbox 2792 1974 2888 2044; x_wconf 75' lang='grc' dir='ltr'>τῆς</span> <span class='ocrx_word' id='word_1_582' title='bbox 2913 1973 3175 2045; x_wconf 82' lang='grc' dir='ltr'>πρότερον</span> <span class='ocrx_word' id='word_1_583' title='bbox 3193 1975 3520 2038; x_wconf 82' lang='grc' dir='ltr'>ἀποστάντες</span> <span class='ocrx_word' id='word_1_584' title='bbox 3550 1975 3687 2029; x_wconf 86' lang='grc' dir='ltr'>πλά-</span> 
     </span>
    </p>
   </div>
   <div class='ocr_carea' id='block_1_80' title="bbox 2111 2065 3685 2139">
    <p class='ocr_par' dir='ltr' id='par_1_80' title="bbox 2111 2065 3685 2139">
     <span class='ocr_line' id='line_1_80' title="bbox 2111 2065 3685 2139; baseline 0.003 -23"><span class='ocrx_word' id='word_1_585' title='bbox 2111 2081 2208 2134; x_wconf 88' lang='grc' dir='ltr'><strong>νης</strong></span> <span class='ocrx_word' id='word_1_586' title='bbox 2271 2065 2659 2132; x_wconf 82' lang='grc' dir='ltr'>ὲπιγνώσονταί</span> <span class='ocrx_word' id='word_1_587' title='bbox 2711 2083 2770 2118; x_wconf 89' lang='grc' dir='ltr'><strong>τε</strong></span> <span class='ocrx_word' id='word_1_588' title='bbox 2833 2067 2894 2119; x_wconf 77' lang='grc' dir='ltr'>τὸ</span> <span class='ocrx_word' id='word_1_589' title='bbox 2925 2066 3060 2130; x_wconf 77' lang='grc' dir='ltr'>δέον,</span> <span class='ocrx_word' id='word_1_590' title='bbox 3100 2069 3192 2119; x_wconf 78' lang='grc' dir='ltr'><strong>καὶ</strong></span> <span class='ocrx_word' id='word_1_591' title='bbox 3240 2067 3379 2136; x_wconf 89' lang='grc' dir='ltr'><strong>μετά</strong></span> <span class='ocrx_word' id='word_1_592' title='bbox 3421 2067 3685 2139; x_wconf 72' lang='grc' dir='ltr'>λαμπρᾶς</span> 
     </span>
    </p>
   </div>
   <div class='ocr_carea' id='block_1_81' title="bbox 2113 2153 3684 2227">
    <p class='ocr_par' dir='ltr' id='par_1_81' title="bbox 2113 2153 3684 2227">
     <span class='ocr_line' id='line_1_81' title="bbox 2113 2153 3684 2227; baseline 0.001 -21"><span class='ocrx_word' id='word_1_593' title='bbox 2113 2153 2296 2223; x_wconf 78' lang='grc' dir='ltr'>ἐροῦσι</span> <span class='ocrx_word' id='word_1_594' title='bbox 2342 2153 2437 2224; x_wconf 81' lang='grc' dir='ltr'>τῆς</span> <span class='ocrx_word' id='word_1_595' title='bbox 2488 2155 2688 2225; x_wconf 77' lang='grc' dir='ltr'>φωνῆς,</span> <span class='ocrx_word' id='word_1_596' title='bbox 2719 2157 2800 2208; x_wconf 83' lang='grc' dir='ltr'>ὅτι</span> <span class='ocrx_word' id='word_1_597' title='bbox 2839 2156 3000 2218; x_wconf 73' lang='grc' dir='ltr'>αὐτὸς</span> <span class='ocrx_word' id='word_1_598' title='bbox 3030 2156 3092 2225; x_wconf 84' lang='grc' dir='ltr'>δὴ</span> <span class='ocrx_word' id='word_1_599' title='bbox 3130 2159 3288 2227; x_wconf 90' lang='grc' dir='ltr'>μόνος</span> <span class='ocrx_word' id='word_1_600' title='bbox 3321 2158 3468 2210; x_wconf 75' lang='grc' dir='ltr'>ἐστὶν</span> <span class='ocrx_word' id='word_1_601' title='bbox 3503 2157 3684 2209; x_wconf 80' lang='grc' dir='ltr'>αὐτῶν</span> 
     </span>
    </p>
   </div>
   <div class='ocr_carea' id='block_1_82' title="bbox 2111 2243 3684 2319">
    <p class='ocr_par' dir='ltr' id='par_1_82' title="bbox 2111 2243 3684 2319">
     <span class='ocr_line' id='line_1_82' title="bbox 2111 2243 3684 2319; baseline 0.003 -23"><span class='ocrx_word' id='word_1_602' title='bbox 2111 2243 2278 2306; x_wconf 83' lang='grc' dir='ltr'>ὅντως</span> <span class='ocrx_word' id='word_1_603' title='bbox 2308 2243 2508 2316; x_wconf 82' lang='grc' dir='ltr'>Κύριός</span> <span class='ocrx_word' id='word_1_604' title='bbox 2539 2261 2597 2296; x_wconf 89' lang='grc' dir='ltr'><strong>τε</strong></span> <span class='ocrx_word' id='word_1_605' title='bbox 2626 2245 2719 2298; x_wconf 78' lang='grc' dir='ltr'><strong>καὶ</strong></span> <span class='ocrx_word' id='word_1_606' title='bbox 2748 2246 2898 2310; x_wconf 72' lang='grc' dir='ltr'>Θεὸς,</span> <span class='ocrx_word' id='word_1_607' title='bbox 2933 2248 2960 2299; x_wconf 91' lang='grc' dir='ltr'>ὁ</span> <span class='ocrx_word' id='word_1_608' title='bbox 2992 2248 3098 2299; x_wconf 80' lang='grc' dir='ltr'>τῶν</span> <span class='ocrx_word' id='word_1_609' title='bbox 3125 2248 3373 2301; x_wconf 84' lang='grc' dir='ltr'>ἁπάντων</span> <span class='ocrx_word' id='word_1_610' title='bbox 3407 2249 3504 2319; x_wconf 85' lang='grc' dir='ltr'><strong>μὲν</strong></span> <span class='ocrx_word' id='word_1_611' title='bbox 3532 2266 3684 2317; x_wconf 87' lang='grc' dir='ltr'>ποιη-</span> 
     </span>
    </p>
   </div>
   <div class='ocr_carea' id='block_1_83' title="bbox 2115 2335 3682 2412">
    <p class='ocr_par' dir='ltr' id='par_1_83' title="bbox 2115 2335 3682 2412">
     <span class='ocr_line' id='line_1_83' title="bbox 2115 2335 3682 2412; baseline 0.005 -26"><span class='ocrx_word' id='word_1_612' title='bbox 2115 2335 2209 2405; x_wconf 77' lang='grc' dir='ltr'><strong>τὴς</strong></span> <span class='ocrx_word' id='word_1_613' title='bbox 2245 2336 2337 2389; x_wconf 74' lang='grc' dir='ltr'>καὶ</span> <span class='ocrx_word' id='word_1_614' title='bbox 2364 2337 2647 2407; x_wconf 83' lang='grc' dir='ltr'>δεσπότης,</span> <span class='ocrx_word' id='word_1_615' title='bbox 2679 2337 2812 2390; x_wconf 84' lang='grc' dir='ltr'>ἰδίαν</span> <span class='ocrx_word' id='word_1_616' title='bbox 2832 2339 2887 2392; x_wconf 80' lang='grc' dir='ltr'><strong>δὲ</strong></span> <span class='ocrx_word' id='word_1_617' title='bbox 2916 2341 3096 2403; x_wconf 84' lang='grc' dir='ltr'>αὐτοῖς</span> <span class='ocrx_word' id='word_1_618' title='bbox 3121 2341 3324 2394; x_wconf 79' lang='grc' dir='ltr'>ἄνωθεν</span> <span class='ocrx_word' id='word_1_619' title='bbox 3345 2341 3441 2412; x_wconf 82' lang='grc' dir='ltr'>τὴν</span> <span class='ocrx_word' id='word_1_620' title='bbox 3473 2342 3682 2394; x_wconf 82' lang='grc' dir='ltr'>οἰκείαν</span> 
     </span>
    </p>
   </div>
   <div class='ocr_carea' id='block_1_84' title="bbox 2114 2428 2670 2499">
    <p class='ocr_par' dir='ltr' id='par_1_84' title="bbox 2114 2428 2670 2499">
     <span class='ocr_line' id='line_1_84' title="bbox 2114 2428 2670 2499; baseline 0.005 -19"><span class='ocrx_word' id='word_1_621' title='bbox 2114 2428 2304 2498; x_wconf 83' lang='grc' dir='ltr'>νείμας</span> <span class='ocrx_word' id='word_1_622' title='bbox 2331 2429 2670 2499; x_wconf 85' lang='grc' dir='ltr'>κηδεμονίαν.</span> 
     </span>
    </p>
   </div>
   <div class='ocr_carea' id='block_1_85' title="bbox 2767 2565 3021 2622">
    <p class='ocr_par' dir='ltr' id='par_1_85' title="bbox 2767 2565 3021 2622">
     <span class='ocr_line' id='line_1_85' title="bbox 2767 2565 3021 2622; baseline 0.012 -3"><span class='ocrx_word' id='word_1_623' title='bbox 2767 2565 2919 2622; x_wconf 80' lang='grc' dir='ltr'><strong>ΚΕΦ.</strong></span> <span class='ocrx_word' id='word_1_624' title='bbox 2950 2566 3021 2622; x_wconf 86' lang='grc' dir='ltr'><strong>Γ’.</strong></span> 
     </span>
    </p>
   </div>
   <div class='ocr_carea' id='block_1_86' title="bbox 2184 2676 3681 2753">
    <p class='ocr_par' dir='ltr' id='par_1_86' title="bbox 2184 2676 3681 2753">
     <span class='ocr_line' id='line_1_86' title="bbox 2184 2676 3681 2753; baseline 0.003 -22"><span class='ocrx_word' id='word_1_625' title='bbox 2184 2681 2330 2748; x_wconf 84' lang='grc' dir='ltr'>Στιχ.</span> <span class='ocrx_word' id='word_1_626' title='bbox 2387 2686 2457 2738; x_wconf 80' lang='grc' dir='ltr'><strong>α’.</strong></span> <span class='ocrx_word' id='word_1_627' title='bbox 2505 2708 2575 2718; x_wconf 93' lang='lat'><strong>—-</strong></span> <span class='ocrx_word' id='word_1_628' title='bbox 2609 2697 2626 2730; x_wconf 80' lang='grc' dir='ltr'><strong>ι</strong></span> <span class='ocrx_word' id='word_1_629' title='bbox 2665 2680 2776 2734; x_wconf 77' lang='grc' dir='ltr'><strong>Καὶ</strong></span> <span class='ocrx_word' id='word_1_630' title='bbox 2826 2676 2947 2734; x_wconf 82' lang='grc' dir='ltr'>εἷπε</span> <span class='ocrx_word' id='word_1_631' title='bbox 3004 2681 3206 2752; x_wconf 82' lang='grc' dir='ltr'>Κύριος</span> <span class='ocrx_word' id='word_1_632' title='bbox 3254 2683 3389 2752; x_wconf 85' lang='grc' dir='ltr'>πρός</span> <span class='ocrx_word' id='word_1_633' title='bbox 3432 2701 3523 2753; x_wconf 82' lang='grc' dir='ltr'><strong>με,</strong></span> <span class='ocrx_word' id='word_1_634' title='bbox 3557 2682 3681 2738; x_wconf 84' lang='grc' dir='ltr'><strong>Ἔτι</strong></span> 
     </span>
    </p>
   </div>
   <div class='ocr_carea' id='block_1_87' title="bbox 2115 2771 3684 2847">
    <p class='ocr_par' dir='ltr' id='par_1_87' title="bbox 2115 2771 3684 2847">
     <span class='ocr_line' id='line_1_87' title="bbox 2115 2771 3684 2847; baseline 0.003 -23"><span class='ocrx_word' id='word_1_635' title='bbox 2115 2771 2406 2843; x_wconf 80' lang='grc' dir='ltr'>πορεύθητι</span> <span class='ocrx_word' id='word_1_636' title='bbox 2429 2772 2520 2828; x_wconf 74' lang='grc' dir='ltr'>καὶ</span> <span class='ocrx_word' id='word_1_637' title='bbox 2541 2773 2822 2844; x_wconf 86' lang='grc' dir='ltr'>ἀγάπησον</span> <span class='ocrx_word' id='word_1_638' title='bbox 2857 2777 3089 2844; x_wconf 87' lang='grc' dir='ltr'>γυναῖκα</span> <span class='ocrx_word' id='word_1_639' title='bbox 3134 2775 3434 2843; x_wconf 82' lang='grc' dir='ltr'>ἀγαπῶσαν</span> <span class='ocrx_word' id='word_1_640' title='bbox 3467 2775 3684 2847; x_wconf 79' lang='grc' dir='ltr'>πονηρά</span> 
     </span>
    </p>
   </div>
   <div class='ocr_carea' id='block_1_88' title="bbox 2116 2862 3681 2938">
    <p class='ocr_par' dir='ltr' id='par_1_88' title="bbox 2116 2862 3681 2938">
     <span class='ocr_line' id='line_1_88' title="bbox 2116 2862 3681 2938; baseline 0.003 -22"><span class='ocrx_word' id='word_1_641' title='bbox 2116 2864 2208 2916; x_wconf 75' lang='grc' dir='ltr'>καὶ</span> <span class='ocrx_word' id='word_1_642' title='bbox 2245 2864 2510 2934; x_wconf 84' lang='grc' dir='ltr'>μοιχαλίν·</span> <span class='ocrx_word' id='word_1_643' title='bbox 2536 2862 2718 2928; x_wconf 83' lang='grc' dir='ltr'>καθὼς</span> <span class='ocrx_word' id='word_1_644' title='bbox 2748 2867 2939 2936; x_wconf 86' lang='grc' dir='ltr'>ἀγαπᾷ</span> <span class='ocrx_word' id='word_1_645' title='bbox 2957 2867 2985 2919; x_wconf 81' lang='grc' dir='ltr'>ὁ</span> <span class='ocrx_word' id='word_1_646' title='bbox 3004 2865 3134 2930; x_wconf 76' lang='grc' dir='ltr'>Θεὸς</span> <span class='ocrx_word' id='word_1_647' title='bbox 3157 2868 3305 2930; x_wconf 67' lang='grc' dir='ltr'>υἱοὺς</span> <span class='ocrx_word' id='word_1_648' title='bbox 3320 2867 3555 2938; x_wconf 81' lang='grc' dir='ltr'>Ἰσραὴλ,</span> <span class='ocrx_word' id='word_1_649' title='bbox 3582 2868 3681 2922; x_wconf 79' lang='grc' dir='ltr'>καὶ</span> 
     </span>
    </p>
   </div>
   <div class='ocr_carea' id='block_1_89' title="bbox 2115 2956 3682 3032">
    <p class='ocr_par' dir='ltr' id='par_1_89' title="bbox 2115 2956 3682 3032">
     <span class='ocr_line' id='line_1_89' title="bbox 2115 2956 3682 3032; baseline 0.004 -25"><span class='ocrx_word' id='word_1_650' title='bbox 2115 2957 2269 3010; x_wconf 73' lang='grc' dir='ltr'>αὐτοὶ</span> <span class='ocrx_word' id='word_1_651' title='bbox 2289 2956 2682 3011; x_wconf 74' lang='grc' dir='ltr'>ἀποὸλέπουσιυ</span> <span class='ocrx_word' id='word_1_652' title='bbox 2707 2959 2797 3013; x_wconf 75' lang='grc' dir='ltr'><strong>ἐπὶ</strong></span> <span class='ocrx_word' id='word_1_653' title='bbox 2811 2959 2967 3022; x_wconf 78' lang='grc' dir='ltr'>θεοὺς</span> <span class='ocrx_word' id='word_1_654' title='bbox 2986 2959 3318 3032; x_wconf 82' lang='grc' dir='ltr'>ἀλλοτρίους,</span> <span class='ocrx_word' id='word_1_655' title='bbox 3344 2961 3437 3015; x_wconf 75' lang='grc' dir='ltr'><strong>καὶ</strong></span> <span class='ocrx_word' id='word_1_656' title='bbox 3465 2961 3682 3028; x_wconf 81' lang='grc' dir='ltr'>φιλοῦσι</span> 
     </span>
    </p>
   </div>
   <div class='ocr_carea' id='block_1_90' title="bbox 2115 3048 3681 3122">
    <p class='ocr_par' dir='ltr' id='par_1_90' title="bbox 2115 3048 3681 3122">
     <span class='ocr_line' id='line_1_90' title="bbox 2115 3048 3681 3122; baseline 0.003 -22"><span class='ocrx_word' id='word_1_657' title='bbox 2115 3048 2374 3118; x_wconf 82' lang='grc' dir='ltr'>πέμματα</span> <span class='ocrx_word' id='word_1_658' title='bbox 2401 3048 2536 3119; x_wconf 83' lang='grc' dir='ltr'>μετὰ</span> <span class='ocrx_word' id='word_1_659' title='bbox 2563 3049 2851 3118; x_wconf 81' lang='grc' dir='ltr'>σταφίδων.</span> <span class='ocrx_word' id='word_1_660' title='bbox 2887 3068 2904 3102; x_wconf 75' lang='grc' dir='ltr'><strong>ι</strong></span> <span class='ocrx_word' id='word_1_661' title='bbox 2933 3049 3166 3122; x_wconf 76' lang='grc' dir='ltr'>Εὔδηλον</span> <span class='ocrx_word' id='word_1_662' title='bbox 3193 3051 3493 3114; x_wconf 85' lang='grc' dir='ltr'>δπολλάκις</span> <span class='ocrx_word' id='word_1_663' title='bbox 3526 3053 3681 3122; x_wconf 78' lang='grc' dir='ltr'>εἰρή-</span> 
     </span>
    </p>
   </div>
   <div class='ocr_carea' id='block_1_91' title="bbox 2111 3139 3681 3213">
    <p class='ocr_par' dir='ltr' id='par_1_91' title="bbox 2111 3139 3681 3213">
     <span class='ocr_line' id='line_1_91' title="bbox 2111 3139 3681 3213; baseline 0.001 -19"><span class='ocrx_word' id='word_1_664' title='bbox 2111 3157 2287 3210; x_wconf 80' lang='grc' dir='ltr'>καμεν</span> <span class='ocrx_word' id='word_1_665' title='bbox 2345 3139 2656 3203; x_wconf 83' lang='grc' dir='ltr'>κάντεῦθεν,</span> <span class='ocrx_word' id='word_1_666' title='bbox 2708 3142 2790 3194; x_wconf 80' lang='grc' dir='ltr'>ὅτι</span> <span class='ocrx_word' id='word_1_667' title='bbox 2826 3141 2899 3212; x_wconf 79' lang='grc' dir='ltr'>μὴ</span> <span class='ocrx_word' id='word_1_668' title='bbox 2933 3141 2990 3196; x_wconf 79' lang='grc' dir='ltr'>ἐν</span> <span class='ocrx_word' id='word_1_669' title='bbox 3029 3143 3351 3213; x_wconf 64' lang='grc' dir='ltr'>συγγραφῆς</span> <span class='ocrx_word' id='word_1_670' title='bbox 3377 3141 3500 3196; x_wconf 86' lang='grc' dir='ltr'>εῖδει</span> <span class='ocrx_word' id='word_1_671' title='bbox 3533 3142 3681 3196; x_wconf 84' lang='grc' dir='ltr'><strong>κατά</strong></span> 
     </span>
    </p>
   </div>
   <div class='ocr_carea' id='block_1_92' title="bbox 2112 3231 3676 3304">
    <p class='ocr_par' dir='ltr' id='par_1_92' title="bbox 2112 3231 3676 3304">
     <span class='ocr_line' id='line_1_92' title="bbox 2112 3231 3676 3304; baseline 0.001 -19"><span class='ocrx_word' id='word_1_672' title='bbox 2112 3233 2240 3302; x_wconf 87' lang='grc' dir='ltr'>μίαν</span> <span class='ocrx_word' id='word_1_673' title='bbox 2288 3231 2550 3304; x_wconf 81' lang='grc' dir='ltr'>ἁρμονίαν</span> <span class='ocrx_word' id='word_1_674' title='bbox 2583 3233 3022 3304; x_wconf 76' lang='grc' dir='ltr'>’συγγέγραπται</span> <span class='ocrx_word' id='word_1_675' title='bbox 3074 3233 3146 3287; x_wconf 83' lang='grc' dir='ltr'><strong>τά</strong></span> <span class='ocrx_word' id='word_1_676' title='bbox 3182 3233 3291 3286; x_wconf 83' lang='grc' dir='ltr'>τῶν</span> <span class='ocrx_word' id='word_1_677' title='bbox 3344 3233 3637 3304; x_wconf 65' lang='grc' dir='ltr'>προφητῶν</span> <span class='ocrx_word' id='word_1_678' title='bbox 3659 3251 3676 3266; x_wconf 88' lang='grc'><strong>·</strong></span> 
     </span>
    </p>
   </div>
   <div class='ocr_carea' id='block_1_93' title="bbox 2107 3324 3678 3396">
    <p class='ocr_par' dir='ltr' id='par_1_93' title="bbox 2107 3324 3678 3396">
     <span class='ocr_line' id='line_1_93' title="bbox 2107 3324 3678 3396; baseline 0.003 -20"><span class='ocrx_word' id='word_1_679' title='bbox 2107 3324 2448 3394; x_wconf 80' lang='grc' dir='ltr'>διῃρημένως</span> <span class='ocrx_word' id='word_1_680' title='bbox 2481 3324 2536 3379; x_wconf 79' lang='grc' dir='ltr'>δὲ</span> <span class='ocrx_word' id='word_1_681' title='bbox 2567 3325 2642 3394; x_wconf 88' lang='lat' dir='ltr'><strong>(p.</strong></span> <span class='ocrx_word' id='word_1_682' title='bbox 2675 3325 2766 3396; x_wconf 76' lang='grc'><strong>25)</strong></span> <span class='ocrx_word' id='word_1_683' title='bbox 2792 3325 3006 3396; x_wconf 80' lang='grc' dir='ltr'>εἴρηται</span> <span class='ocrx_word' id='word_1_684' title='bbox 3027 3325 3168 3380; x_wconf 76' lang='grc' dir='ltr'>κατὰ</span> <span class='ocrx_word' id='word_1_685' title='bbox 3191 3325 3280 3380; x_wconf 80' lang='grc' dir='ltr'><strong>τὸν</strong></span> <span class='ocrx_word' id='word_1_686' title='bbox 3305 3325 3414 3386; x_wconf 79' lang='grc' dir='ltr'>τῶν</span> <span class='ocrx_word' id='word_1_687' title='bbox 3466 3327 3678 3381; x_wconf 77' lang='grc' dir='ltr'>ἀποκα·</span> 
     </span>
    </p>
   </div>
   <div class='ocr_carea' id='block_1_94' title="bbox 2107 3409 3677 3490">
    <p class='ocr_par' dir='ltr' id='par_1_94' title="bbox 2107 3409 3677 3490">
     <span class='ocr_line' id='line_1_94' title="bbox 2107 3409 3677 3490; baseline 0.004 -23"><span class='ocrx_word' id='word_1_688' title='bbox 2107 3415 2316 3484; x_wconf 74' lang='grc' dir='ltr'>λύψεων</span> <span class='ocrx_word' id='word_1_689' title='bbox 2345 3409 2419 3472; x_wconf 86' lang='grc' dir='ltr'>ὧν</span> <span class='ocrx_word' id='word_1_690' title='bbox 2458 3416 2705 3482; x_wconf 65' lang='grc' dir='ltr'>ἐδέξαντο</span> <span class='ocrx_word' id='word_1_691' title='bbox 2723 3418 2914 3488; x_wconf 83' lang='grc' dir='ltr'>καιρόν</span> <span class='ocrx_word' id='word_1_692' title='bbox 2937 3435 2952 3449; x_wconf 93' lang='grc'><strong>·</strong></span> <span class='ocrx_word' id='word_1_693' title='bbox 2979 3418 3061 3487; x_wconf 70' lang='grc' dir='ltr'><strong>ἐφ’</strong></span> <span class='ocrx_word' id='word_1_694' title='bbox 3089 3412 3176 3481; x_wconf 70' lang='grc' dir='ltr'>αἷς</span> <span class='ocrx_word' id='word_1_695' title='bbox 3203 3419 3294 3471; x_wconf 78' lang='grc' dir='ltr'><strong>καὶ</strong></span> <span class='ocrx_word' id='word_1_696' title='bbox 3324 3418 3393 3471; x_wconf 89' lang='grc' dir='ltr'><strong>τά</strong></span> <span class='ocrx_word' id='word_1_697' title='bbox 3416 3420 3552 3490; x_wconf 84' lang='grc' dir='ltr'>πρὸς</span> <span class='ocrx_word' id='word_1_698' title='bbox 3581 3420 3677 3473; x_wconf 77' lang='grc' dir='ltr'><strong>τὸν</strong></span> 
     </span>
    </p>
   </div>
   <div class='ocr_carea' id='block_1_95' title="bbox 2106 3507 3678 3579">
    <p class='ocr_par' dir='ltr' id='par_1_95' title="bbox 2106 3507 3678 3579">
     <span class='ocr_line' id='line_1_95' title="bbox 2106 3507 3678 3579; baseline 0.003 -20"><span class='ocrx_word' id='word_1_699' title='bbox 2106 3507 2233 3560; x_wconf 85' lang='grc' dir='ltr'>λαὸν</span> <span class='ocrx_word' id='word_1_700' title='bbox 2295 3507 2603 3575; x_wconf 84' lang='grc' dir='ltr'>ἀναγκαίως</span> <span class='ocrx_word' id='word_1_701' title='bbox 2646 3510 2981 3579; x_wconf 79' lang='grc' dir='ltr'>προσήγοντο</span> <span class='ocrx_word' id='word_1_702' title='bbox 3034 3508 3224 3576; x_wconf 73' lang='grc' dir='ltr'>λέγειν.</span> <span class='ocrx_word' id='word_1_703' title='bbox 3253 3511 3366 3572; x_wconf 85' lang='grc' dir='ltr'>ταῖς</span> <span class='ocrx_word' id='word_1_704' title='bbox 3400 3509 3678 3564; x_wconf 86' lang='grc' dir='ltr'>ἀποκαλύ-</span> 
     </span>
    </p>
   </div>
   <div class='ocr_carea' id='block_1_96' title="bbox 2105 3599 3676 3672">
    <p class='ocr_par' dir='ltr' id='par_1_96' title="bbox 2105 3599 3676 3672">
     <span class='ocr_line' id='line_1_96' title="bbox 2105 3599 3676 3672; baseline 0.003 -20"><span class='ocrx_word' id='word_1_705' title='bbox 2105 3599 2262 3669; x_wconf 76' lang='grc' dir='ltr'>ψεσιν</span> <span class='ocrx_word' id='word_1_706' title='bbox 2289 3599 2540 3668; x_wconf 80' lang='grc' dir='ltr'>ἑπόμενοι</span> <span class='ocrx_word' id='word_1_707' title='bbox 2570 3601 2690 3664; x_wconf 82' lang='grc' dir='ltr'>ταῖς</span> <span class='ocrx_word' id='word_1_708' title='bbox 2739 3599 2910 3663; x_wconf 84' lang='grc' dir='ltr'>θείαις</span> <span class='ocrx_word' id='word_1_709' title='bbox 2933 3617 2947 3630; x_wconf 89' lang='grc'><strong>·</strong></span> <span class='ocrx_word' id='word_1_710' title='bbox 2979 3599 3217 3672; x_wconf 84' lang='grc' dir='ltr'>εἰρηκὼς</span> <span class='ocrx_word' id='word_1_711' title='bbox 3247 3601 3354 3672; x_wconf 79' lang='grc' dir='ltr'>γὰρ</span> <span class='ocrx_word' id='word_1_712' title='bbox 3381 3600 3480 3671; x_wconf 77' lang='grc' dir='ltr'><strong>τὴν</strong></span> <span class='ocrx_word' id='word_1_713' title='bbox 3509 3601 3676 3672; x_wconf 72' lang='grc' dir='ltr'>λῆψιν</span> 
     </span>
    </p>
   </div>
   <div class='ocr_carea' id='block_1_97' title="bbox 2104 3691 3672 3764">
    <p class='ocr_par' dir='ltr' id='par_1_97' title="bbox 2104 3691 3672 3764">
     <span class='ocr_line' id='line_1_97' title="bbox 2104 3691 3672 3764; baseline 0.003 -18"><span class='ocrx_word' id='word_1_714' title='bbox 2104 3693 2202 3762; x_wconf 81' lang='grc' dir='ltr'><strong>τῆς</strong></span> <span class='ocrx_word' id='word_1_715' title='bbox 2232 3693 2348 3746; x_wconf 77' lang='grc' dir='ltr'>κατ’</span> <span class='ocrx_word' id='word_1_716' title='bbox 2364 3695 2546 3746; x_wconf 77' lang='grc' dir='ltr'>ἐκεῖνα</span> <span class='ocrx_word' id='word_1_717' title='bbox 2564 3691 2770 3755; x_wconf 83' lang='grc' dir='ltr'>εἰκόνος</span> <span class='ocrx_word' id='word_1_718' title='bbox 2795 3692 2880 3744; x_wconf 73' lang='grc' dir='ltr'><strong>ἐπ’</strong></span> <span class='ocrx_word' id='word_1_719' title='bbox 2906 3691 3124 3762; x_wconf 77' lang='grc' dir='ltr'>ἔλεγχον</span> <span class='ocrx_word' id='word_1_720' title='bbox 3145 3692 3241 3746; x_wconf 88' lang='grc' dir='ltr'><strong>τοῦ</strong></span> <span class='ocrx_word' id='word_1_721' title='bbox 3268 3692 3394 3746; x_wconf 88' lang='grc' dir='ltr'>λαοῦ</span> <span class='ocrx_word' id='word_1_722' title='bbox 3419 3694 3672 3764; x_wconf 79' lang='grc' dir='ltr'>ῥηθέντα,</span> 
     </span>
    </p>
   </div>
   <div class='ocr_carea' id='block_1_98' title="bbox 2104 3782 3672 3856">
    <p class='ocr_par' dir='ltr' id='par_1_98' title="bbox 2104 3782 3672 3856">
     <span class='ocr_line' id='line_1_98' title="bbox 2104 3782 3672 3856; baseline 0.001 -18"><span class='ocrx_word' id='word_1_723' title='bbox 2104 3784 2325 3848; x_wconf 82' lang='grc' dir='ltr'>δικαίως</span> <span class='ocrx_word' id='word_1_724' title='bbox 2352 3785 2543 3856; x_wconf 79' lang='grc' dir='ltr'>ἑτέραν</span> <span class='ocrx_word' id='word_1_725' title='bbox 2574 3783 2912 3852; x_wconf 75' lang='grc' dir='ltr'>ἀποκάλυψιν</span> <span class='ocrx_word' id='word_1_726' title='bbox 2937 3782 3168 3838; x_wconf 77' lang='grc' dir='ltr'>ἐνταῦθα</span> <span class='ocrx_word' id='word_1_727' title='bbox 3187 3783 3451 3852; x_wconf 81' lang='grc' dir='ltr'>διηγεῖται</span> <span class='ocrx_word' id='word_1_728' title='bbox 3487 3786 3672 3851; x_wconf 88' lang='grc' dir='ltr'>πάλιν,</span> 
     </span>
    </p>
   </div>
   <div class='ocr_carea' id='block_1_99' title="bbox 2103 3871 3674 3948">
    <p class='ocr_par' dir='ltr' id='par_1_99' title="bbox 2103 3871 3674 3948">
     <span class='ocr_line' id='line_1_99' title="bbox 2103 3871 3674 3948; baseline 0 -18"><span class='ocrx_word' id='word_1_729' title='bbox 2103 3877 2172 3947; x_wconf 81' lang='grc' dir='ltr'><strong>ἧν</strong></span> <span class='ocrx_word' id='word_1_730' title='bbox 2189 3875 2334 3946; x_wconf 89' lang='grc' dir='ltr'><strong>παρά</strong></span> <span class='ocrx_word' id='word_1_731' title='bbox 2351 3875 2485 3928; x_wconf 83' lang='grc' dir='ltr'>Θεοῦ</span> <span class='ocrx_word' id='word_1_732' title='bbox 2504 3873 2793 3944; x_wconf 84' lang='grc' dir='ltr'>δεξάμενος</span> <span class='ocrx_word' id='word_1_733' title='bbox 2813 3871 3083 3928; x_wconf 72' lang='grc' dir='ltr'>ἐκτίθεται</span> <span class='ocrx_word' id='word_1_734' title='bbox 3100 3875 3410 3942; x_wconf 87' lang='grc' dir='ltr'>ἀναγκαίως</span> <span class='ocrx_word' id='word_1_735' title='bbox 3425 3893 3438 3904; x_wconf 69' lang='grc' dir='ltr'><strong>ο</strong></span> <span class='ocrx_word' id='word_1_736' title='bbox 3467 3877 3526 3929; x_wconf 87' lang='grc' dir='ltr'>τὸ</span> <span class='ocrx_word' id='word_1_737' title='bbox 3539 3877 3674 3948; x_wconf 80' lang='grc' dir='ltr'>γὰρ,</span> 
     </span>
    </p>
   </div>
   <div class='ocr_carea' id='block_1_100' title="bbox 2109 3965 3674 4040">
    <p class='ocr_par' dir='ltr' id='par_1_100' title="bbox 2109 3965 3674 4040">
     <span class='ocr_line' id='line_1_100' title="bbox 2109 3965 3674 4040; baseline 0.001 -20"><span class='ocrx_word' id='word_1_738' title='bbox 2109 3987 2128 4020; x_wconf 79' lang='grc' dir='ltr'><strong>ι</strong></span> <span class='ocrx_word' id='word_1_739' title='bbox 2167 3965 2300 4022; x_wconf 66' lang='lat' dir='ltr'><strong>Eine</strong></span> <span class='ocrx_word' id='word_1_740' title='bbox 2325 3967 2528 4040; x_wconf 83' lang='grc' dir='ltr'>Κύριος</span> <span class='ocrx_word' id='word_1_741' title='bbox 2553 3968 2688 4037; x_wconf 84' lang='grc' dir='ltr'>πρὸς</span> <span class='ocrx_word' id='word_1_742' title='bbox 2718 3967 2806 4037; x_wconf 77' lang='grc' dir='ltr'>μὲ,</span> <span class='ocrx_word' id='word_1_743' title='bbox 2841 3986 2860 4017; x_wconf 73' lang='grc' dir='ltr'><strong>ι</strong></span> <span class='ocrx_word' id='word_1_744' title='bbox 2883 3965 3042 4020; x_wconf 84' lang='grc' dir='ltr'>τοῦτο</span> <span class='ocrx_word' id='word_1_745' title='bbox 3061 3966 3229 4037; x_wconf 86' lang='grc' dir='ltr'>δηλοῖ,</span> <span class='ocrx_word' id='word_1_746' title='bbox 3263 3966 3397 4026; x_wconf 83' lang='grc' dir='ltr'>Θεοῦ</span> <span class='ocrx_word' id='word_1_747' title='bbox 3425 3968 3674 4036; x_wconf 83' lang='grc' dir='ltr'>λέγοντος</span> 
     </span>
    </p>
   </div>
   <div class='ocr_carea' id='block_1_101' title="bbox 2103 4057 3676 4132">
    <p class='ocr_par' dir='ltr' id='par_1_101' title="bbox 2103 4057 3676 4132">
     <span class='ocr_line' id='line_1_101' title="bbox 2103 4057 3676 4132; baseline 0 -18"><span class='ocrx_word' id='word_1_748' title='bbox 2103 4057 2242 4116; x_wconf 76' lang='grc' dir='ltr'>εἶναι</span> <span class='ocrx_word' id='word_1_749' title='bbox 2313 4063 2495 4132; x_wconf 82' lang='grc' dir='ltr'>φωνὴν</span> <span class='ocrx_word' id='word_1_750' title='bbox 2545 4061 2642 4132; x_wconf 80' lang='grc' dir='ltr'><strong>τὴν</strong></span> <span class='ocrx_word' id='word_1_751' title='bbox 2707 4059 3077 4130; x_wconf 81' lang='grc' dir='ltr'>γεγενημένην</span> <span class='ocrx_word' id='word_1_752' title='bbox 3135 4060 3472 4130; x_wconf 69' lang='grc' dir='ltr'>ἀποκάλυψιν</span> <span class='ocrx_word' id='word_1_753' title='bbox 3522 4061 3676 4132; x_wconf 83' lang='grc' dir='ltr'><strong>αὐτῷ</strong></span> 
     </span>
    </p>
   </div>
   <div class='ocr_carea' id='block_1_102' title="bbox 2103 4146 3676 4222">
    <p class='ocr_par' dir='ltr' id='par_1_102' title="bbox 2103 4146 3676 4222">
     <span class='ocr_line' id='line_1_102' title="bbox 2103 4146 3676 4222; baseline -0.001 -16"><span class='ocrx_word' id='word_1_754' title='bbox 2103 4151 2307 4206; x_wconf 85' lang='grc' dir='ltr'>θειόθεν</span> <span class='ocrx_word' id='word_1_755' title='bbox 2337 4169 2350 4182; x_wconf 91' lang='grc'><strong>·</strong></span> <span class='ocrx_word' id='word_1_756' title='bbox 2407 4148 2571 4205; x_wconf 82' lang='grc' dir='ltr'>Εῐπεν</span> <span class='ocrx_word' id='word_1_757' title='bbox 2608 4146 2700 4204; x_wconf 80' lang='grc' dir='ltr'>οὖν</span> <span class='ocrx_word' id='word_1_758' title='bbox 2752 4165 2863 4219; x_wconf 89' lang='grc' dir='ltr'>μοι,</span> <span class='ocrx_word' id='word_1_759' title='bbox 2914 4149 3068 4218; x_wconf 76' lang='grc' dir='ltr'>φησὶ,</span> <span class='ocrx_word' id='word_1_760' title='bbox 3107 4149 3234 4219; x_wconf 81' lang='grc' dir='ltr'>περὶ</span> <span class='ocrx_word' id='word_1_761' title='bbox 3258 4153 3489 4217; x_wconf 86' lang='grc' dir='ltr'>γυναῖκα</span> <span class='ocrx_word' id='word_1_762' title='bbox 3527 4151 3676 4222; x_wconf 79' lang='grc' dir='ltr'>ἔχειν</span> 
     </span>
    </p>
   </div>
   <div class='ocr_carea' id='block_1_103' title="bbox 2107 4239 3676 4314">
    <p class='ocr_par' dir='ltr' id='par_1_103' title="bbox 2107 4239 3676 4314">
     <span class='ocr_line' id='line_1_103' title="bbox 2107 4239 3676 4314; baseline 0 -19"><span class='ocrx_word' id='word_1_763' title='bbox 2107 4241 2391 4314; x_wconf 84' lang='grc' dir='ltr'>μοιχαλίδα</span> <span class='ocrx_word' id='word_1_764' title='bbox 2439 4242 2533 4295; x_wconf 78' lang='grc' dir='ltr'>καὶ</span> <span class='ocrx_word' id='word_1_765' title='bbox 2567 4240 2841 4298; x_wconf 81' lang='grc' dir='ltr'>παντοίων</span> <span class='ocrx_word' id='word_1_766' title='bbox 2879 4239 3101 4312; x_wconf 80' lang='grc' dir='ltr'>ἐργάτιν</span> <span class='ocrx_word' id='word_1_767' title='bbox 3125 4239 3347 4293; x_wconf 61' lang='grc' dir='ltr'>κακῶν</span> <span class='ocrx_word' id='word_1_768' title='bbox 3376 4241 3450 4304; x_wconf 87' lang='grc' dir='ltr'>ὡς</span> <span class='ocrx_word' id='word_1_769' title='bbox 3485 4241 3548 4295; x_wconf 78' lang='grc' dir='ltr'>ἂν</span> <span class='ocrx_word' id='word_1_770' title='bbox 3581 4243 3676 4311; x_wconf 88' lang='grc' dir='ltr'>μί-</span> 
     </span>
    </p>
   </div>
   <div class='ocr_carea' id='block_1_104' title="bbox 2108 4331 3676 4407">
    <p class='ocr_par' dir='ltr' id='par_1_104' title="bbox 2108 4331 3676 4407">
     <span class='ocr_line' id='line_1_104' title="bbox 2108 4331 3676 4407; baseline -0.003 -17"><span class='ocrx_word' id='word_1_771' title='bbox 2108 4353 2270 4407; x_wconf 86' lang='grc' dir='ltr'>μησις</span> <span class='ocrx_word' id='word_1_772' title='bbox 2304 4335 2386 4407; x_wconf 83' lang='grc' dir='ltr'><strong>εῐη</strong></span> <span class='ocrx_word' id='word_1_773' title='bbox 2413 4335 2506 4388; x_wconf 73' lang='grc' dir='ltr'><strong>καὶ</strong></span> <span class='ocrx_word' id='word_1_774' title='bbox 2536 4333 2696 4386; x_wconf 89' lang='grc' dir='ltr'>τοῦτο</span> <span class='ocrx_word' id='word_1_775' title='bbox 2727 4333 2826 4404; x_wconf 87' lang='grc' dir='ltr'><strong>τῆς</strong></span> <span class='ocrx_word' id='word_1_776' title='bbox 2839 4331 3081 4403; x_wconf 82' lang='grc' dir='ltr'>γνώμης,</span> <span class='ocrx_word' id='word_1_777' title='bbox 3121 4332 3190 4404; x_wconf 77' lang='grc' dir='ltr'>ἢν</span> <span class='ocrx_word' id='word_1_778' title='bbox 3213 4338 3342 4404; x_wconf 82' lang='grc' dir='ltr'>περὶ</span> <span class='ocrx_word' id='word_1_779' title='bbox 3366 4335 3492 4397; x_wconf 78' lang='grc' dir='ltr'>τοὺς</span> <span class='ocrx_word' id='word_1_780' title='bbox 3521 4335 3676 4400; x_wconf 77' lang='grc' dir='ltr'>υἱοὺς</span> 
     </span>
    </p>
   </div>
   <div class='ocr_carea' id='block_1_105' title="bbox 2117 4425 3678 4500">
    <p class='ocr_par' dir='ltr' id='par_1_105' title="bbox 2117 4425 3678 4500">
     <span class='ocr_line' id='line_1_105' title="bbox 2117 4425 3678 4500; baseline -0.002 -17"><span class='ocrx_word' id='word_1_781' title='bbox 2117 4427 2329 4500; x_wconf 83' lang='grc' dir='ltr'>Ἰσραὴλ</span> <span class='ocrx_word' id='word_1_782' title='bbox 2398 4428 2702 4492; x_wconf 77' lang='grc' dir='ltr'>ἀποσώζειν</span> <span class='ocrx_word' id='word_1_783' title='bbox 2791 4425 3130 4492; x_wconf 76' lang='grc' dir='ltr'>ἐσπούδακα,</span> <span class='ocrx_word' id='word_1_784' title='bbox 3179 4425 3327 4497; x_wconf 78' lang='grc' dir='ltr'>πάσῃ</span> <span class='ocrx_word' id='word_1_785' title='bbox 3403 4427 3678 4500; x_wconf 63' lang='grc' dir='ltr'>μοχθηρίᾳ</span> 
     </span>
    </p>
   </div>
   <div class='ocr_carea' id='block_1_106' title="bbox 2107 4515 3676 4588">
    <p class='ocr_par' dir='ltr' id='par_1_106' title="bbox 2107 4515 3676 4588">
     <span class='ocr_line' id='line_1_106' title="bbox 2107 4515 3676 4588; baseline -0.001 -16"><span class='ocrx_word' id='word_1_786' title='bbox 2107 4521 2398 4584; x_wconf 80' lang='grc' dir='ltr'>συζῶντας,</span> <span class='ocrx_word' id='word_1_787' title='bbox 2447 4518 2542 4572; x_wconf 73' lang='grc' dir='ltr'><strong>καὶ</strong></span> <span class='ocrx_word' id='word_1_788' title='bbox 2590 4517 2733 4588; x_wconf 77' lang='grc' dir='ltr'>σαφῆ</span> <span class='ocrx_word' id='word_1_789' title='bbox 2793 4515 2891 4586; x_wconf 81' lang='grc' dir='ltr'>τὴν</span> <span class='ocrx_word' id='word_1_790' title='bbox 2947 4517 3154 4571; x_wconf 84' lang='grc' dir='ltr'>ἑαυτῶν</span> <span class='ocrx_word' id='word_1_791' title='bbox 3196 4517 3676 4588; x_wconf 77' lang='grc' dir='ltr'>ἐπιδεικνυμένους</span> 
     </span>
    </p>
   </div>
   <div class='ocr_carea' id='block_1_107' title="bbox 2107 4607 3676 4681">
    <p class='ocr_par' dir='ltr' id='par_1_107' title="bbox 2107 4607 3676 4681">
     <span class='ocr_line' id='line_1_107' title="bbox 2107 4607 3676 4681; baseline 0.001 -19"><span class='ocrx_word' id='word_1_792' title='bbox 2107 4610 2346 4681; x_wconf 85' lang='grc' dir='ltr'>μοιχείαν</span> <span class='ocrx_word' id='word_1_793' title='bbox 2372 4625 2387 4640; x_wconf 71' lang='grc'><strong><em>⁸</em></strong></span> <span class='ocrx_word' id='word_1_794' title='bbox 2441 4609 2490 4662; x_wconf 84' lang='grc' dir='ltr'>οἳ</span> <span class='ocrx_word' id='word_1_795' title='bbox 2549 4607 2680 4679; x_wconf 75' lang='grc' dir='ltr'>περὶ</span> <span class='ocrx_word' id='word_1_796' title='bbox 2749 4608 3036 4679; x_wconf 69' lang='grc' dir='ltr'>διαφόρους</span> <span class='ocrx_word' id='word_1_797' title='bbox 3099 4609 3466 4664; x_wconf 74' lang='grc' dir='ltr'>ἐσπουδάκασι</span> <span class='ocrx_word' id='word_1_798' title='bbox 3515 4609 3676 4672; x_wconf 77' lang='grc' dir='ltr'>Θεοὺς</span> 
     </span>
    </p>
   </div>
   <div class='ocr_carea' id='block_1_108' title="bbox 2102 4699 3674 4772">
    <p class='ocr_par' dir='ltr' id='par_1_108' title="bbox 2102 4699 3674 4772">
     <span class='ocr_line' id='line_1_108' title="bbox 2102 4699 3674 4772; baseline 0.001 -18"><span class='ocrx_word' id='word_1_799' title='bbox 2102 4703 2226 4764; x_wconf 83' lang='grc' dir='ltr'>τοὺς</span> <span class='ocrx_word' id='word_1_800' title='bbox 2274 4699 2425 4771; x_wconf 86' lang='grc' dir='ltr'><strong>παρά</strong></span> <span class='ocrx_word' id='word_1_801' title='bbox 2479 4702 2588 4761; x_wconf 83' lang='grc' dir='ltr'>τοῖς</span> <span class='ocrx_word' id='word_1_802' title='bbox 2642 4699 2818 4753; x_wconf 75' lang='grc' dir='ltr'>ἔθνεσι</span> <span class='ocrx_word' id='word_1_803' title='bbox 2858 4699 3206 4770; x_wconf 84' lang='grc' dir='ltr'>νομισθέντας</span> <span class='ocrx_word' id='word_1_804' title='bbox 3260 4700 3490 4770; x_wconf 73' lang='grc' dir='ltr'>ψευδῶς,</span> <span class='ocrx_word' id='word_1_805' title='bbox 3541 4703 3674 4772; x_wconf 78' lang='grc' dir='ltr'>περὶ</span> 
     </span>
    </p>
   </div>
   <div class='ocr_carea' id='block_1_109' title="bbox 2104 4790 3675 4862">
    <p class='ocr_par' dir='ltr' id='par_1_109' title="bbox 2104 4790 3675 4862">
     <span class='ocr_line' id='line_1_109' title="bbox 2104 4790 3675 4862; baseline -0.002 -15"><span class='ocrx_word' id='word_1_806' title='bbox 2104 4792 2298 4847; x_wconf 87' lang='grc' dir='ltr'>πολλοῦ</span> <span class='ocrx_word' id='word_1_807' title='bbox 2325 4790 2632 4861; x_wconf 83' lang='grc' dir='ltr'>ποιούμενοι</span> <span class='ocrx_word' id='word_1_808' title='bbox 2671 4791 2732 4845; x_wconf 74' lang='grc' dir='ltr'><strong>τό</strong></span> <span class='ocrx_word' id='word_1_809' title='bbox 2762 4792 2862 4862; x_wconf 84' lang='grc' dir='ltr'>τὴν</span> <span class='ocrx_word' id='word_1_810' title='bbox 2899 4791 3028 4862; x_wconf 86' lang='grc' dir='ltr'>παρ’</span> <span class='ocrx_word' id='word_1_811' title='bbox 3058 4791 3239 4854; x_wconf 87' lang='grc' dir='ltr'>αὐτοῖς</span> <span class='ocrx_word' id='word_1_812' title='bbox 3273 4791 3675 4862; x_wconf 82' lang='grc' dir='ltr'>νενομισμένην</span> 
     </span>
    </p>
   </div>
   <div class='ocr_carea' id='block_1_110' title="bbox 2104 4882 3676 4954">
    <p class='ocr_par' dir='ltr' id='par_1_110' title="bbox 2104 4882 3676 4954">
     <span class='ocr_line' id='line_1_110' title="bbox 2104 4882 3676 4954; baseline 0 -18"><span class='ocrx_word' id='word_1_813' title='bbox 2104 4883 2398 4952; x_wconf 86' lang='grc' dir='ltr'>θεραπείαν</span> <span class='ocrx_word' id='word_1_814' title='bbox 2431 4883 2744 4952; x_wconf 58' lang='grc' dir='ltr'>προσάγειν</span> <span class='ocrx_word' id='word_1_815' title='bbox 2783 4882 2939 4936; x_wconf 87' lang='grc' dir='ltr'>τοῦτο</span> <span class='ocrx_word' id='word_1_816' title='bbox 2966 4883 3074 4954; x_wconf 83' lang='grc' dir='ltr'><strong>γάρ</strong></span> <span class='ocrx_word' id='word_1_817' title='bbox 3092 4883 3239 4952; x_wconf 83' lang='grc' dir='ltr'>λέγει</span> <span class='ocrx_word' id='word_1_818' title='bbox 3268 4883 3328 4936; x_wconf 80' lang='grc' dir='ltr'><strong>τὸ</strong></span> <span class='ocrx_word' id='word_1_819' title='bbox 3351 4904 3368 4934; x_wconf 88' lang='grc'><strong>(</strong></span> <span class='ocrx_word' id='word_1_820' title='bbox 3400 4883 3676 4954; x_wconf 84' lang='grc' dir='ltr'>πέμματα</span> 
     </span>
    </p>
   </div>
   <div class='ocr_carea' id='block_1_111' title="bbox 2107 4973 3673 5045">
    <p class='ocr_par' dir='ltr' id='par_1_111' title="bbox 2107 4973 3673 5045">
     <span class='ocr_line' id='line_1_111' title="bbox 2107 4973 3673 5045; baseline 0.001 -18"><span class='ocrx_word' id='word_1_821' title='bbox 2107 4975 2243 5045; x_wconf 88' lang='grc' dir='ltr'><strong>μετά</strong></span> <span class='ocrx_word' id='word_1_822' title='bbox 2290 4973 2596 5041; x_wconf 74' lang='grc' dir='ltr'>σταφίδωνο</span> <span class='ocrx_word' id='word_1_823' title='bbox 2641 4991 2660 5026; x_wconf 77' lang='grc' dir='ltr'><strong>ι</strong></span> <span class='ocrx_word' id='word_1_824' title='bbox 2699 4974 2784 5027; x_wconf 82' lang='grc' dir='ltr'><strong>ίνα</strong></span> <span class='ocrx_word' id='word_1_825' title='bbox 2841 4974 2968 5045; x_wconf 82' lang='grc' dir='ltr'>εἴπῃ</span> <span class='ocrx_word' id='word_1_826' title='bbox 3037 4974 3233 5044; x_wconf 77' lang='grc' dir='ltr'>ἄρτους</span> <span class='ocrx_word' id='word_1_827' title='bbox 3270 4975 3364 5039; x_wconf 86' lang='grc' dir='ltr'><strong>οὒς</strong></span> <span class='ocrx_word' id='word_1_828' title='bbox 3408 4976 3673 5042; x_wconf 86' lang='grc' dir='ltr'>ποικίλως</span> 
     </span>
    </p>
   </div>
   <div class='ocr_carea' id='block_1_112' title="bbox 2103 5063 3676 5136">
    <p class='ocr_par' dir='ltr' id='par_1_112' title="bbox 2103 5063 3676 5136">
     <span class='ocr_line' id='line_1_112' title="bbox 2103 5063 3676 5136; baseline 0 -18"><span class='ocrx_word' id='word_1_829' title='bbox 2103 5063 2598 5132; x_wconf 72' lang='grc' dir='ltr'>κατασκευάζοντες</span> <span class='ocrx_word' id='word_1_830' title='bbox 2629 5063 2847 5134; x_wconf 80' lang='grc' dir='ltr'>σταφίσι</span> <span class='ocrx_word' id='word_1_831' title='bbox 2870 5081 2929 5116; x_wconf 84' lang='grc' dir='ltr'><strong>τε</strong></span> <span class='ocrx_word' id='word_1_832' title='bbox 2975 5064 3203 5128; x_wconf 74' lang='grc' dir='ltr'>καὶτοῖς</span> <span class='ocrx_word' id='word_1_833' title='bbox 3225 5065 3545 5136; x_wconf 84' lang='grc' dir='ltr'>τραγήμασι</span> <span class='ocrx_word' id='word_1_834' title='bbox 3579 5082 3676 5134; x_wconf 84' lang='grc' dir='ltr'>μι-</span> 
     </span>
    </p>
   </div>
   <div class='ocr_carea' id='block_1_113' title="bbox 2101 5155 3672 5227">
    <p class='ocr_par' dir='ltr' id='par_1_113' title="bbox 2101 5155 3672 5227">
     <span class='ocr_line' id='line_1_113' title="bbox 2101 5155 3672 5227; baseline 0.001 -20"><span class='ocrx_word' id='word_1_835' title='bbox 2101 5155 2344 5224; x_wconf 89' lang='grc' dir='ltr'>γνύντες,</span> <span class='ocrx_word' id='word_1_836' title='bbox 2410 5155 2552 5208; x_wconf 81' lang='grc' dir='ltr'>κατά</span> <span class='ocrx_word' id='word_1_837' title='bbox 2599 5173 2650 5209; x_wconf 87' lang='grc' dir='ltr'><strong>τι</strong></span> <span class='ocrx_word' id='word_1_838' title='bbox 2703 5156 2812 5208; x_wconf 83' lang='grc' dir='ltr'>τῶν</span> <span class='ocrx_word' id='word_1_839' title='bbox 2865 5157 2992 5227; x_wconf 76' lang='grc' dir='ltr'>περὶ</span> <span class='ocrx_word' id='word_1_840' title='bbox 3053 5155 3223 5212; x_wconf 83' lang='grc' dir='ltr'>ταῦτα</span> <span class='ocrx_word' id='word_1_841' title='bbox 3254 5157 3484 5227; x_wconf 80' lang='grc' dir='ltr'>ἑχόντων</span> <span class='ocrx_word' id='word_1_842' title='bbox 3523 5156 3672 5223; x_wconf 73' lang='grc' dir='ltr'>ἔθος,</span> 
     </span>
    </p>
   </div>
   <div class='ocr_carea' id='block_1_114' title="bbox 2103 5247 3677 5320">
    <p class='ocr_par' dir='ltr' id='par_1_114' title="bbox 2103 5247 3677 5320">
     <span class='ocr_line' id='line_1_114' title="bbox 2103 5247 3677 5320; baseline 0.004 -20"><span class='ocrx_word' id='word_1_843' title='bbox 2103 5247 2435 5320; x_wconf 81' lang='grc' dir='ltr'>προσέφερον</span> <span class='ocrx_word' id='word_1_844' title='bbox 2459 5249 2572 5312; x_wconf 88' lang='grc' dir='ltr'>τοῖς</span> <span class='ocrx_word' id='word_1_845' title='bbox 2605 5247 2857 5310; x_wconf 83' lang='grc' dir='ltr'>εἰδώλοις·</span> <span class='ocrx_word' id='word_1_846' title='bbox 2891 5248 2952 5300; x_wconf 79' lang='grc' dir='ltr'><strong>τὸ</strong></span> <span class='ocrx_word' id='word_1_847' title='bbox 2980 5249 3088 5318; x_wconf 84' lang='grc' dir='ltr'><strong>γὰρ</strong></span> <span class='ocrx_word' id='word_1_848' title='bbox 3118 5267 3136 5300; x_wconf 78' lang='grc' dir='ltr'><strong>ι</strong></span> <span class='ocrx_word' id='word_1_849' title='bbox 3169 5249 3380 5314; x_wconf 84' lang='grc' dir='ltr'>φιλοῦσι</span> <span class='ocrx_word' id='word_1_850' title='bbox 3405 5251 3677 5320; x_wconf 76' lang='grc' dir='ltr'>πέμματα</span> 
     </span>
    </p>
   </div>
   <div class='ocr_carea' id='block_1_115' title="bbox 2105 5337 3672 5411">
    <p class='ocr_par' dir='ltr' id='par_1_115' title="bbox 2105 5337 3672 5411">
     <span class='ocr_line' id='line_1_115' title="bbox 2105 5337 3672 5411; baseline 0.003 -21"><span class='ocrx_word' id='word_1_851' title='bbox 2105 5337 2242 5410; x_wconf 88' lang='grc' dir='ltr'><strong>μετά</strong></span> <span class='ocrx_word' id='word_1_852' title='bbox 2283 5337 2575 5408; x_wconf 80' lang='grc' dir='ltr'>σταφίδων,</span> <span class='ocrx_word' id='word_1_853' title='bbox 2612 5357 2630 5389; x_wconf 72' lang='grc' dir='ltr'><strong>ι</strong></span> <span class='ocrx_word' id='word_1_854' title='bbox 2672 5339 2790 5392; x_wconf 79' lang='grc' dir='ltr'>ἀντὶ</span> <span class='ocrx_word' id='word_1_855' title='bbox 2830 5337 2945 5401; x_wconf 87' lang='grc' dir='ltr'>τοῦ,</span> <span class='ocrx_word' id='word_1_856' title='bbox 2988 5339 3053 5390; x_wconf 91' lang='grc' dir='ltr'>δι’</span> <span class='ocrx_word' id='word_1_857' title='bbox 3081 5339 3271 5411; x_wconf 76' lang='grc' dir='ltr'>ἡδονῆς</span> <span class='ocrx_word' id='word_1_858' title='bbox 3309 5342 3458 5394; x_wconf 85' lang='grc' dir='ltr'>ὲστιν</span> <span class='ocrx_word' id='word_1_859' title='bbox 3483 5343 3672 5405; x_wconf 77' lang='grc' dir='ltr'>αὐτοῖς</span> 
     </span>
    </p>
   </div>
   <div class='ocr_carea' id='block_1_116' title="bbox 2099 5429 3674 5503">
    <p class='ocr_par' dir='ltr' id='par_1_116' title="bbox 2099 5429 3674 5503">
     <span class='ocr_line' id='line_1_116' title="bbox 2099 5429 3674 5503; baseline 0.002 -19"><span class='ocrx_word' id='word_1_860' title='bbox 2099 5430 2272 5486; x_wconf 88' lang='grc' dir='ltr'>ταῦτα</span> <span class='ocrx_word' id='word_1_861' title='bbox 2293 5434 2465 5486; x_wconf 88' lang='grc' dir='ltr'>ποιεῖν</span> <span class='ocrx_word' id='word_1_862' title='bbox 2489 5432 2730 5502; x_wconf 78' lang='grc' dir='ltr'>ὲπὶτιμῇ</span> <span class='ocrx_word' id='word_1_863' title='bbox 2757 5429 2864 5483; x_wconf 84' lang='grc' dir='ltr'>τῶν</span> <span class='ocrx_word' id='word_1_864' title='bbox 2897 5429 3149 5486; x_wconf 84' lang='grc' dir='ltr'>εἰδώλων.</span> <span class='ocrx_word' id='word_1_865' title='bbox 3195 5433 3272 5502; x_wconf 91' lang='lat' dir='ltr'><strong>(p.</strong></span> <span class='ocrx_word' id='word_1_866' title='bbox 3297 5433 3396 5503; x_wconf 72' lang='grc'><strong>26).</strong></span> <span class='ocrx_word' id='word_1_867' title='bbox 3423 5433 3583 5488; x_wconf 83' lang='grc' dir='ltr'>Ἐστι</span> <span class='ocrx_word' id='word_1_868' title='bbox 3607 5433 3674 5487; x_wconf 76' lang='grc' dir='ltr'>δὲ</span> 
     </span>
    </p>
   </div>
   <div class='ocr_carea' id='block_1_117' title="bbox 2099 5520 3673 5594">
    <p class='ocr_par' dir='ltr' id='par_1_117' title="bbox 2099 5520 3673 5594">
     <span class='ocr_line' id='line_1_117' title="bbox 2099 5520 3673 5594; baseline 0.002 -19"><span class='ocrx_word' id='word_1_869' title='bbox 2099 5521 2248 5592; x_wconf 80' lang='grc' dir='ltr'>αὐτῷ</span> <span class='ocrx_word' id='word_1_870' title='bbox 2269 5521 2336 5575; x_wconf 83' lang='grc' dir='ltr'>τὰ</span> <span class='ocrx_word' id='word_1_871' title='bbox 2363 5520 2461 5592; x_wconf 79' lang='grc' dir='ltr'><strong>μὲν</strong></span> <span class='ocrx_word' id='word_1_872' title='bbox 2488 5521 2727 5592; x_wconf 86' lang='grc' dir='ltr'>πρότερα</span> <span class='ocrx_word' id='word_1_873' title='bbox 2760 5520 3021 5592; x_wconf 86' lang='grc' dir='ltr'>εἰρημένα</span> <span class='ocrx_word' id='word_1_874' title='bbox 3047 5521 3182 5594; x_wconf 71' lang='grc' dir='ltr'>πρὸς</span> <span class='ocrx_word' id='word_1_875' title='bbox 3217 5522 3435 5594; x_wconf 81' lang='grc' dir='ltr'>ἔλεγχον</span> <span class='ocrx_word' id='word_1_876' title='bbox 3467 5521 3673 5593; x_wconf 78' lang='grc' dir='ltr'>μᾶλλον</span> 
     </span>
    </p>
   </div>
   <div class='ocr_carea' id='block_1_118' title="bbox 2099 5613 3672 5682">
    <p class='ocr_par' dir='ltr' id='par_1_118' title="bbox 2099 5613 3672 5682">
     <span class='ocr_line' id='line_1_118' title="bbox 2099 5613 3672 5682; baseline 0 -16"><span class='ocrx_word' id='word_1_877' title='bbox 2099 5613 2206 5667; x_wconf 84' lang='grc' dir='ltr'><strong>τῶν</strong></span> <span class='ocrx_word' id='word_1_878' title='bbox 2224 5613 2364 5667; x_wconf 73' lang='grc' dir='ltr'>’δέκα</span> <span class='ocrx_word' id='word_1_879' title='bbox 2392 5613 2590 5682; x_wconf 82' lang='grc' dir='ltr'>φυλῶν·</span> <span class='ocrx_word' id='word_1_880' title='bbox 2609 5613 2659 5666; x_wconf 86' lang='grc' dir='ltr'>οἳ</span> <span class='ocrx_word' id='word_1_881' title='bbox 2686 5613 3131 5677; x_wconf 79' lang='grc' dir='ltr'>καταλελοιπότες</span> <span class='ocrx_word' id='word_1_882' title='bbox 3160 5614 3250 5667; x_wconf 74' lang='grc' dir='ltr'>τὸν</span> <span class='ocrx_word' id='word_1_883' title='bbox 3282 5615 3414 5668; x_wconf 69' lang='grc' dir='ltr'>θεὸν</span> <span class='ocrx_word' id='word_1_884' title='bbox 3443 5617 3553 5678; x_wconf 84' lang='grc' dir='ltr'>τοῖς</span> <span class='ocrx_word' id='word_1_885' title='bbox 3585 5616 3672 5667; x_wconf 78' lang='grc' dir='ltr'>εἰ-</span> 
     </span>
    </p>
   </div>
   <div class='ocr_carea' id='block_1_119' title="bbox 2099 5702 3668 5777">
    <p class='ocr_par' dir='ltr' id='par_1_119' title="bbox 2099 5702 3668 5777">
     <span class='ocr_line' id='line_1_119' title="bbox 2099 5702 3668 5777; baseline -0.002 -18"><span class='ocrx_word' id='word_1_886' title='bbox 2099 5705 2285 5769; x_wconf 81' lang='grc' dir='ltr'>δώλοις</span> <span class='ocrx_word' id='word_1_887' title='bbox 2319 5707 2601 5776; x_wconf 84' lang='grc' dir='ltr'>προσεῖχον</span> <span class='ocrx_word' id='word_1_888' title='bbox 2621 5721 2634 5734; x_wconf 85' lang='grc'><strong>·</strong></span> <span class='ocrx_word' id='word_1_889' title='bbox 2669 5704 2828 5758; x_wconf 80' lang='grc' dir='ltr'>ταυτὶ</span> <span class='ocrx_word' id='word_1_890' title='bbox 2843 5704 2897 5756; x_wconf 80' lang='grc' dir='ltr'>δὲ</span> <span class='ocrx_word' id='word_1_891' title='bbox 2927 5703 3062 5777; x_wconf 64' lang='grc' dir='ltr'>πρὸς</span> <span class='ocrx_word' id='word_1_892' title='bbox 3093 5703 3308 5777; x_wconf 71' lang='grc' dir='ltr'>ἔλεγχον</span> <span class='ocrx_word' id='word_1_893' title='bbox 3324 5704 3432 5762; x_wconf 85' lang='grc' dir='ltr'><strong>τῶν</strong></span> <span class='ocrx_word' id='word_1_894' title='bbox 3463 5705 3530 5776; x_wconf 73' lang='grc' dir='ltr'>τῇ</span> <span class='ocrx_word' id='word_1_895' title='bbox 3564 5702 3668 5774; x_wconf 76' lang='grc' dir='ltr'><strong>βα-</strong></span> 
     </span>
    </p>
   </div>
  </div>
