3906 6208
200 397 306 455 H5

1262 381 1808 444 COMMENTARIUS
1843 379 1910 433 ΙΝ
1946 378 2147 436 ΟΒΕᾸΖ
2188 379 2345 435 CAP.
2375 378 2465 433 111.

3364 377 3380 429 Ι
3402 372 3463 429 56

406 518 788 587 προσηκόντων
815 516 915 584 τῆς
947 511 1206 575 Ἰουδαίας
1236 529 1247 541 ·
1281 510 1331 564 οἰ
1358 510 1448 562 τὸν
1481 509 1606 561 ναὸν
1638 506 1765 575 ἔχον

1896 500 2195 571 pertinent,
2226 497 2317 568 qui
2354 498 2409 552 in
2443 494 2644 551 Iuda-at
2687 508 2854 564 regno
2882 492 3134 546 vivebant
3171 509 3184 545 :
3225 507 3463 562 namque

191 630 286 676 τες
340 610 473 683 παρ’
527 610 761 671 ἐαυτοίς,
812 608 906 661 καί
941 607 1004 675 δὴ
1050 606 1140 658 καί
1181 620 1299 657 τινα
1342 601 1573 670 σπουδὴν
1609 600 1697 653 διά
1721 616 1780 650 τε

191 701 563 770 πανηγύρεων
588 699 684 751 καὶ
703 696 907 749 θυσιῶν
929 692 1327 763 ἐνδεικνύμενοι
1342 690 1471 760 περὶ
1492 688 1582 742 τὸν
1614 687 1781 749 ὅντως

186 793 347 855 Θεὸν,
380 789 780 862 μοιχευομένης
828 787 982 857 δίκην
1018 785 1115 856 τὴν
1148 783 1276 852 περὶ
1302 783 1371 835 τὰ
1401 779 1595 834 εἴδωλα
1624 780 1781 850 θερα-

190 886 352 937 πείαν
412 882 682 951 συνῆπτον
754 884 821 952 τῇ
893 879 1117 945 ἐνδείξει
1178 878 1278 948 τῆς
1328 875 1458 947 περὶ
1520 874 1582 928 τὸ
1628 874 1782 927 Θείον

190 977 458 1047 σπουδῆς.

263 1249 762 1322 Στιχ.β⁸οε’.-Εἷτα
786 1252 933 1318 λέγει
988 1271 1003 1303 ι
1025 1252 1131 1304 Καὶ
1151 1249 1536 1321 ἐμισθωσάμην
1558 1252 1780 1317 ἐμαυτῷ

188 1348 359 1399 πέντε
377 1349 469 1399 καὶ
481 1346 612 1399 δέκα
627 1347 768 1416 ἁργυ
777 1346 913 1415 ρίου,
955 1345 1046 1399 καὶ
1059 1345 1233 1414 γομορ
1247 1343 1470 1414 κριθῶν,
1504 1344 1595 1396 καὶ
1622 1341 1776 1395 νεδὲλ

186 1435 391 1492 οῐνουοι
440 1442 507 1509 τῇ
550 1438 905 1509 ἁκριὸολογίᾳ
930 1436 1271 1507 χρησάμενος
1313 1437 1393 1498 εἰς
1422 1435 1653 1504 δήλωσιν
1681 1434 1774 1487 τοῦ

195 1528 475 1596 γεγονότος
491 1528 682 1589 ὅντωςο
702 1524 1059 1594 ἀναγκαῖονδὲ
1078 1523 1169 1577 καὶ
1184 1521 1276 1576 τοῦ
1300 1542 1317 1574 ι
1338 1521 1729 1593 ἐμισθωσάμην
1750 1540 1768 1572 ι

187 1621 249 1674 τὸ
270 1620 603 1689 ὑπόδειγμα,
634 1620 756 1671 ἐπεὶ
770 1619 864 1671 καὶ
882 1620 910 1670 ὁ
933 1616 1064 1679 Θεὸς
1080 1617 1171 1670 ἐπὶ
1192 1615 1450 1687 μεγάλαις
1466 1615 1696 1685 δωρεαῖς
1710 1631 1770 1666 τε

187 1713 286 1763 καὶ
314 1709 527 1779 μισθοῖς
550 1709 679 1770 τοὺς
715 1705 996 1774 Ἰουδαίους
1024 1704 1200 1774 ἐαυτῷ
1231 1704 1484 1773 συνῆψεν.
1524 1705 1662 1757 «Καὶ
1692 1699 1773 1757 εἰ·

186 1818 292 1853 πον
340 1800 477 1870 πρὸς
518 1798 712 1867 αὐτὴν,
748 1796 985 1869 Ἡμέρας
1032 1796 1229 1861 πολλὰς
1265 1796 1462 1869 καθίσῃ
1503 1796 1590 1849 ἐπ’
1626 1797 1769 1866 ἐμοὶ,

1891 603 1944 648 et
1977 593 2055 655 bi,
2088 607 2402 663 quanquam
2436 589 2695 660 templum
2735 586 2880 657 apud
2922 602 2979 641 se
3012 586 3299 648 baberent,
3332 594 3463 637 nec—

1894 704 2003 741 non
2038 688 2276 756 aliquam
2302 683 2709 740 observantiam
2748 680 3156 736 solemnitatum
3186 693 3250 732 ac
3288 678 3471 733 sacri-

1892 777 2139 832 liciorum
2198 792 2309 847 pra!
2370 792 2431 831 se
2479 776 2696 829 ferrent
2750 774 2805 828 in
2840 771 2955 827 veri
3019 769 3113 825 Dei
3169 770 3457 832 honorem,

1891 869 2253 923 nihilominus
2306 868 2484 922 instar
2532 866 2837 928 adulterae,
2882 863 3157 918 idolorum
3213 860 3461 923 cultum,

1891 978 2015 1017 cum
2062 961 2538 1017 demonstratione
2582 958 2756 1015 studii
2810 972 2940 1028 erga
3002 956 3185 1011 Deum“
3241 955 3441 1023 copula

1887 1051 2036 1107 bant.

1962 1251 2129 1306 Vens.
2169 1252 2287 1306 2-5.
2323 1282 2391 1294 —
2427 1267 2446 1301 ι
2484 1249 2549 1303 Et
2600 1250 2855 1305 mercede
2903 1249 3142 1303 cenduxi
3172 1262 3290 1303 eam
3323 1246 3456 1300 mibi

1890 1344 2210 1415 quindecim
2256 1344 2554 1411 argenteis,
2600 1350 2653 1395 et
2688 1357 2824 1396 coro
2859 1341 3047 1395 hordei
3100 1355 3165 1393 ac
3197 1354 3458 1394 mensura

1884 1436 2020 1489 vini.
2066 1453 2084 1486 ι
2129 1433 2334 1487 Minuta
2388 1434 2488 1487 hac
2538 1434 2816 1488 locutione
2859 1436 3034 1486 utitur
3080 1432 3147 1486 ad
3191 1447 3335 1486 verae
3379 1431 3457 1485 rei

1883 1535 2048 1594 gestae
2066 1524 2618 1578 demonstrationem.
2645 1523 2776 1576 Item
2811 1539 2950 1592 opus
2986 1522 3087 1576 fuit
3109 1541 3128 1573 ι
3151 1519 3449 1577 mercedis»

1880 1616 2152 1685 exemplo,
2196 1616 2324 1685 quia
2368 1613 2513 1669 Deus
2561 1629 2783 1683 quoque
2827 1615 3041 1683 magnis
3079 1613 3239 1668 donis
3291 1621 3456 1682 atque

1881 1708 2226 1763 mercedibus
2269 1706 2488 1761 Iudaeos
2525 1706 2631 1762 sibi
2670 1705 2986 1760 addixerat.
3027 1724 3045 1756 ι
3081 1704 3314 1775 Dixique
3353 1705 3401 1760 ei
3434 1723 3450 1759 :

1883 1798 2008 1854 Dies
2047 1800 2250 1853 multos
2297 1798 2643 1868 exspectabis
2700 1812 2822 1860 me,
2875 1806 2927 1851 et
2978 1812 3078 1866 ego
3107 1805 3195 1863 te;
3250 1808 3304 1852 et
3341 1812 3452 1853 non

187 1893 283 1946 καὶ
304 1867 420 1961 ἐγώ
448 1893 545 1945 ἐπὶ
575 1892 679 1953 σοὶ,
711 1867 897 1943 tutati
928 1888 1002 1960 μὴ
1030 1888 1353 1963 πορνεύσῃς,
1379 1867 1499 1942 ούδὲ
1533 1889 1609 1958 μὴ
1638 1888 1765 1959 γένῃ

1874 1890 2256 1953 fornicaberis,
2297 1902 2474 1960 neque
2518 1892 2638 1943 viro
2671 1890 2806 1945 eris.
2867 1909 2886 1941 ι
2933 1888 3100 1955 Quasi
3142 1891 3281 1945 Deus
3315 1906 3453 1960 quo-

184 1985 358 2056 ἀνδρί.
392 2004 413 2036 ι
474 1984 564 2047 Ὧς
599 1984 666 2037 ἂν
709 1983 804 2036 καὶ
847 1982 939 2035 τοῦ
990 1980 1124 2035 Θεοῦ
1161 1982 1262 2035 οὐκ
1299 1983 1384 2035 ἐπ’
1412 1982 1610 2051 ὀλίγον,
1657 1982 1769 2035 ἀλλ’

184 2078 273 2130 ἐπὶ
534 2075 614 2146 τῷ
645 2077 822 2147 χρόνῳ
846 2074 1131 2147 προσέχειν
1158 2091 1219 2128 τε
1250 2075 1397 2145 αὐτῷ
1426 2075 1774 2146 βουληθέντος

184 2173 306 2235 τοὺς
351 2171 682 2233 Ἰουδαίους,
728 2172 822 2224 καὶ
851 2172 953 2241 τὴν
980 2169 1304 2240 κηδεμονίαν
1334 2170 1517 2233 αὐτοῖς
1544 2170 1774 2240 ὑποσχο-

189 2264 344 2333 μένου
382 2262 487 2333 τὴν
516 2262 726 2315 οἰκείαν
748 2278 762 2292 ·
802 2261 946 2315 οὕτω
980 2279 1043 2315 τε
1073 2262 1270 2326 αὐτοὺς
1313 2261 1663 2332 βουληθέντος
1696 2261 1771 2333 μὴ

190 2352 426 2425 agema:
447 2351 651 2406 εἴδωλα
683 2351 880 2415 νεύειν,
915 2352 1005 2404 ἐπὶ
1033 2353 1091 2405 δὲ
1119 2352 1219 2421 τῆς
1249 2351 1376 2421 περί
1400 2351 1562 2405 αὑτὸν
1593 2350 1772 2420 μένειν

186 2446 417 2508 εὐνοίας.
443 2440 578 2497 Εἶτα
597 2444 770 2511 λέγει’
803 2463 822 2494 ι
846 2444 988 2496 Διότι
1010 2444 1223 2515 ἡμέρας
1242 2443 1443 2507 πολλὰς
1461 2442 1771 2496 καθίσονται

186 2539 233 2589 οί
260 2538 365 2591 υἱοὶ
404 2537 629 2608 Ἰσραὴλ
670 2539 772 2589 οὐκ
798 2536 948 2599 ὄντος
987 2536 1269 2606 βασιλέως,
1311 2536 1431 2589 οὐδὲ
1478 2534 1629 2598 ὄντος
1669 2535 1769 2605 ἄρ-

186 2645 365 2699 χοντος
399 2630 477 2699 (p.
507 2629 628 2693 27),
658 2628 780 2682 οὐδὲ
809 2628 974 2699 οὔσης
1007 2628 1219 2692 θυσίας,
1252 2630 1373 2683 ούδέ
1402 2629 1554 2693 ὄντος
1583 2629 1771 2683 θυσια-

186 2722 429 2791 στηρίου,
460 2721 587 2774 οὐδὲ
622 2722 912 2791 ἱερατείας,
939 2722 1060 2775 οὐδὲ
1089 2722 1284 2793 δήλων.
1314 2741 1334 2773 ι
1388 2723 1474 2787 ⁸ος
1496 2722 1604 2793 γὰρ
1629 2723 1770 2777 ἐκεί-

185 2830 277 2885 νης
304 2816 410 2867 οὐκ
432 2815 529 2867 ἐπὶ
559 2816 670 2868 τῶν
701 2816 984 2888 συνθηκῶν
1012 2816 1274 2887 μεινάσης
1300 2816 1407 2871 τῶν
1440 2818 1671 2882 οἰκείων,
1699 2821 1767 2890 τῇ

182 2906 235 2960 ἃ
264 2911 504 2980 πορνικῇ
539 2908 737 2980 γνώμῃ
765 2911 902 2980 πρὸς
929 2910 1145 2981 ἐτέρους
1172 2910 1457 2980 νευσάσης,
1484 2910 1654 2975 οὕτως
1682 2914 1768 2965 ἐν·

184 2998 346 3052 ταῦθα
371 2998 555 3067 λέγει,
589 2998 977 3071 ὄτιΠαρόμοια
1006 3001 1071 3075 δὴ
1099 3002 1189 3056 καὶ
1218 3001 1327 3055 τῶν
1354 3002 1615 3056 Ἰουδαίων
1640 3004 1770 3073 περὶ

183 3087 275 3156 ἐμὲ
300 3089 717 3158 πεποιηκότων,
750 3092 1019 3162 τιμωρίαν
1046 3094 1232 3157 αὐτοῖς
1260 3093 1522 3163 ἀνάλογον
1557 3094 1763 3162 ἐπάξω,

1874 2001 1981 2055 que
2012 1999 2119 2037 non
2163 1984 2474 2053 paulisper,
2516 1983 2608 2039 sed
2660 1983 2921 2037 diuturno
2953 1991 3197 2053 tempore
3234 1983 3451 2039 Judreos

1872 2077 2004 2129 velit
2038 2075 2143 2130 sibi
2180 2076 2501 2137 adhmrerc,
2547 2074 2752 2144 quibus
2793 2073 3039 2128 vicissim
3072 2090 3259 2127 curam
3294 2091 3450 2129 suam

1873 2171 2145 2242 promittit
2187 2187 2201 2223 :
2244 2171 2321 2223 ita
2360 2168 2635 2223 mandans
2664 2168 2963 2239 quominus
2999 2167 3065 2221 ad
3104 2168 3243 2221 idola
3283 2169 3453 2223 decli-

1870 2271 2022 2330 nent,
2055 2261 2149 2318 sed
2185 2276 2316 2332 erga
2343 2277 2402 2317 se
2438 2261 2874 2316 benevolentiam
2921 2260 3216 2313 retineant.
3255 2259 3449 2316 Postea

1870 2356 2006 2411 dicit
2058 2373 2072 2410 :
2115 2371 2137 2407 ‹
2185 2353 2325 2421 Quia
2372 2354 2491 2410 dies
2535 2354 2738 2409 multos
2774 2352 3047 2408 sedebunt
3091 2352 3185 2407 ﬁlii
3232 2352 3450 2408 lsraclis

1870 2450 1989 2505 sine
2019 2463 2169 2519 rege,
2206 2456 2260 2502 et
2291 2447 2412 2503 sine
2450 2447 2729 2517 principe.
2768 2455 2823 2501 et
2860 2447 2979 2502 sine
3015 2446 3121 2515 18
3152 2446 3444 2509 sacriﬁcio,

1870 2552 1925 2599 et
1949 2542 2072 2598 sine
2116 2540 2301 2605 altari,
2334 2555 2399 2595 ac
2442 2541 2564 2595 sine
2614 2538 3178 2595 manifestationibus.
3222 2560 3237 2591 ι
3285 2538 3449 2594 Nam-

1870 2650 1999 2705 que,
2031 2641 2093 2688 ut
2120 2634 2167 2689 si
2204 2633 2297 2688 illa
2328 2632 2530 2688 mulier
2560 2634 2616 2685 in
2659 2631 2866 2687 findere
2901 2646 3003 2686 suo
3044 2647 3152 2685 non
3192 2646 3447 2702 perinan-

1871 2730 2070 2789 sisset,
2107 2724 2201 2781 sed
2236 2724 2555 2779 meretricio
2588 2723 2773 2777 animo
2808 2723 2874 2777 ad
2907 2723 3044 2778 alios
3079 2724 3443 2779 declinasset:

1870 2820 1944 2873 ita
1968 2819 2057 2872 hic
2086 2818 2237 2882 dicit,
2276 2816 2333 2871 Si
2366 2816 2519 2886 paria
2549 2816 2721 2871 Judaei
2756 2814 2889 2870 mihi
2924 2815 3193 2881 fecerint,
3224 2831 3445 2887 pinnam

1866 2910 1939 2965 iis
1990 2908 2213 2979 dignam
2281 2907 2604 2977 imponam,
2670 2907 2838 2977 longo
2904 2906 3127 2975 quidem
3200 2915 3448 2976 tempore

1870 3000 2176 3071 captivitati
2228 2998 2452 3054 tradens
2481 3038 2497 3063 ,
2546 3006 2601 3053 et
2647 2999 2894 3052 omnium
2955 2998 3146 3068 patria:
3204 2998 3445 3068 regionis

1871 3109 2054 3148 rerum
2093 3092 2304 3148 faciens
2336 3102 2559 3164 egentes
2599 3111 2612 3146 :
2658 3107 2784 3162 rege
2826 3093 3041 3146 scilicet
3078 3092 3163 3145 vel
3194 3092 3446 3160 principe

183 3182 257 3249 ἐφ’
281 3182 458 3253 ἱκανῷ
489 3183 593 3252 μὲν
612 3183 693 3253 τῷ
713 3185 886 3254 χρόνῳ
908 3185 1181 3256 παραδοὺς
1199 3187 1567 3258 αἰχμαλωσίᾳ,
1589 3205 1765 3258 παρα-

1871 3187 2095 3256 proprio
2148 3187 2401 3255 expulso,
2449 3185 2693 3255 ipsisque
2741 3185 2899 3239 alteri
2946 3186 3057 3254 regi
3112 3184 3442 3254 suppositis,

184 3276 452 3338 σκευάσας
478 3274 541 3327 δὲ
570 3276 788 3329 πάντων
806 3276 913 3329 τῶν
939 3277 1080 3330 κατά
1104 3278 1206 3347 τὴν
1230 3277 1413 3349 χώραν
1438 3278 1535 3347 τὴν
1562 3281 1766 3333 οἰκείαν

182 3366 417 3437 ἐρήμους
448 3362 600 3420 εἶναι
648 3369 957 3432 παντελῶς·
1004 3371 1078 3433 ῶς
1129 3370 1387 3439 βασιλέως
1425 3372 1522 3442 μὲν
1566 3373 1766 3425 οἰκείου

181 3458 333 3522 ἐκτὸς
370 3456 518 3511 εἶναι
554 3460 651 3512 καὶ
674 3459 951 3532 ἄρχοντος,
995 3461 1089 3514 ἅτε
1125 3462 1215 3530 ὑφ’
1238 3463 1410 3533 ἐτέρῳ
1438 3462 1646 3533 βασιλεί
1674 3482 1753 3517 τε.

178 3549 521 3617 ταγμὲνους,
566 3543 722 3621 ᾧπερ
758 3551 1138 3622 αἰχμαλώτους
1173 3553 1465 3621 γεγονότας
1496 3554 1766 3609 δουλεύειν

180 3639 384 3710 ἀνάγκη
410 3658 426 3670 ·
480 3643 836 3714 ἀφαιρεῖσθαι
878 3643 935 3697 δὲ
964 3644 1141 3697 αὐτῶν
1186 3644 1404 3708 καὶτὰς
1437 3646 1625 3710 θυσίας
1671 3649 1765 3701 καὶ

177 3731 274 3797 τὴν
308 3733 405 3785 τοῦ
448 3733 843 3806 θυσιαστηρίου
872 3737 1084 3808 χρείαν,
1116 3737 1210 3789 καὶ
1236 3739 1415 3792 πᾶσαν
1442 3737 1540 3810 τὴν
1566 3741 1768 3809 ἱερατισ-

179 3825 277 3896 κήν
304 3825 690 3897 λειτουργίαν·
721 3828 807 3881 διὰ
831 3828 893 3881 τὸ
924 3829 1211 3897 γεγονότας
1237 3831 1610 3901 αἰχμαλώτους
1630 3835 1765 3905 πόρ-

181 3919 737 3989 ρωκαθεστάναιτῶν
752 3920 930 3973 τόπων
956 3922 1014 3974 ἐν
1037 3918 1119 3986 οἷς
1142 3924 1438 3993 ἰερατεύειν
1467 3924 1587 3995 Θεῷ
1614 3941 1761 3979 νενο-

180 4012 445 4080 μισμένον
496 4010 786 4080 ὑπῆρχεν,
827 4012 1075 4084 ἀμοιρεῖν
1120 4014 1177 4067 δέ
1228 4015 1322 4069 καὶ
1368 4017 1469 4086 τῆς
1517 4017 1610 4070 ἐπὶ
1648 4019 1763 4081 τοῖς

175 4102 579 4173 ἀπορουμένοις
621 4102 709 4155 διὰ
742 4103 848 4156 τῶν
893 4105 1185 4176 προφητῶν
1217 4105 1501 4178 δηλώσεως
1531 4126 1545 4140 ·
1592 4105 1761 4179 οὗπερ

176 4188 270 4245 οὖν
290 4194 566 4265 πρότερον
601 4194 893 4264 ἐτύγχανον
924 4197 1201 4259 ποικίλως.
1245 4217 1264 4249 ι
1293 4199 1402 4252 Καὶ
1430 4200 1566 4270 μετὰ
1588 4200 1761 4254 ταῦτα

175 4283 603 4355 ἐπιστρέψωσιν
636 4287 681 4337 οἰ
706 4288 812 4339 υίοὶ
856 4287 1093 4359 Ἰσραὴλ,
1115 4288 1209 4340 καὶ
1238 4286 1528 4360 ζητήσουσι
1557 4291 1762 4362 Κύριον

175 4374 267 4428 τὸν
307 4375 447 4428 Θεὸν
486 4376 703 4441 αὐτῶν,
752 4378 847 4432 καί
889 4378 1055 4432 Δαδὶδ
1098 4380 1190 4432 τὸν
1228 4380 1448 4449 βασιλέα
1501 4382 1697 4437 αὐτῶν.
1732 4402 1753 4435 ι

174 4467 515 4537 ἰἠνικαῦτα,
548 4471 741 4539 φησὶν,
787 4472 1095 4542 αἰσθόμενοι
1138 4473 1249 4527 τῶν
1297 4473 1512 4526 οἰκείων
1549 4474 1753 4539 κακῶν,

1868 3279 1957 3333 cui
1985 3279 2235 3348 captivos
2274 3278 2448 3333 factos
2474 3278 2681 3333 servire
2709 3292 2939 3333 necesse
2971 3278 3078 3332 erit
3117 3296 3129 3330 :
3166 3278 3444 3346 simulque

1866 3370 2073 3426 auferri
2114 3370 2513 3427 sacriﬁciorum
2576 3371 2771 3434 ritum,
2811 3379 2861 3423 et
2897 3369 3091 3423 altaris
3145 3382 3342 3431 usum,
3391 3377 3446 3422 et

1867 3464 2207 3521 sacerdotale
2236 3479 2398 3520 omne
2424 3464 2819 3524 ministerium,
2852 3464 2980 3533 quia
3013 3460 3215 3532 captivi
3248 3460 3443 3530 procul

1864 3560 1936 3615 iis
1970 3560 2108 3615 locis
2138 3559 2544 3623 consisterent,
2578 3557 2671 3612 ubi
2715 3556 2825 3612 Deo
2857 3570 3014 3611 sacra
3062 3550 3245 3609 facere
3272 3555 3444 3624 legiti-

1865 3662 2019 3703 mum
2062 3656 2215 3712 erat,
2264 3657 2319 3703 et
2346 3648 2641 3703 dubiorum
2690 3661 2912 3717 quoque
2963 3645 3274 3707 solutione,
3316 3661 3443 3712 qua:

1864 3741 2257 3811 prophetarum
2308 3756 2404 3796 ore
2448 3742 2648 3807 ﬁebat,
2693 3747 2972 3803 carerent,
3016 3752 3234 3808 quaque
3278 3747 3441 3793 antea

1863 3832 2218 3887 multifariam
2256 3832 2597 3887 fruebantur.
2642 3849 2661 3884 ι
2698 3830 2763 3885 Et
2790 3839 2914 3903 post
2941 3831 3056 3886 haec
3095 3836 3442 3886 revertentur

1865 3923 1960 3977 ﬁlii
1985 3921 2227 3988 lsraelis,
2250 3929 2304 3978 et
2343 3930 2593 3994 quaerent
2633 3921 2923 3977 Dominum
2968 3921 3136 3976 Deum
3168 3938 3351 3985 suum,
3384 3929 3440 3975 et

1863 4011 2120 4067 Davidein
2169 4029 2347 4084 regem
2400 4028 2583 4069 suum.
2617 4032 2635 4065 ι
2688 4011 2864 4079 Tunc,
2913 4013 3109 4083 inquit,
3168 4015 3437 4068 malorum

1862 4118 2085 4158 suorum
2126 4119 2294 4158 sensu
2336 4103 2503 4166 tacti,
2544 4104 2877 4159 sententiam
2918 4105 3357 4169 commutabunt,
3382 4109 3438 4158 et

1863 4192 1955 4248 Dei
1987 4194 2273 4249 scientiam
2298 4195 2614 4265 cultumque
2644 4195 2891 4251 studiose
2914 4196 3212 4251 asciseent.
3242 4195 3346 4249 bed
3381 4202 3436 4249 et

1860 4301 2043 4353 regem
2094 4287 2298 4342 habere
2346 4288 2616 4358 optabunt
2668 4304 2733 4341 ex
2782 4286 3004 4342 Davidis
3052 4288 3430 4342 successione.

1860 4378 1987 4434 Haec
2032 4381 2177 4433 enim
2224 4396 2322 4434 ceu
2373 4390 2496 4448 post
2538 4379 2774 4435 reditum
2814 4388 3077 4434 eventura
3116 4380 3270 4444 dicit,
3307 4395 3432 4431 cum

1860 4473 1964 4527 sub
2015 4487 2125 4526 uno
2180 4487 2307 4543 rege
2355 4470 2687 4527 Zorobabele
2719 4471 3049 4526 exstiterunt
3096 4485 3307 4535 omnes,
3365 4485 3433 4524 ex

179 4558 614 4627 μεταϐαλοῦνται
641 4560 738 4632 τὴν
762 4562 1016 4633 γνώμην,
1048 4564 1147 4635 τὴν
1180 4564 1274 4617 τοῦ
1313 4564 1448 4619 Θεοῦ
1481 4566 1753 4635 μετιόντες

1871 4561 2063 4617 Davide
2110 4564 2338 4634 stirpem
2389 4563 2659 4628 ducente;
2692 4563 2943 4632 deposita
2990 4562 3102 4633 jam
3159 4561 3431 4618 sententia

174 4648 377 4714 γνῶσίν
408 4668 469 4703 τε
502 4652 597 4703 καὶ
640 4651 930 4723 θεραπείαν
962 4654 1197 4725 σπουδῇο
1242 4656 1334 4709 καὶ
1374 4654 1435 4726 δὴ
1470 4658 1563 4709 καὶ
1598 4656 1750 4727 βασι-

176 4738 273 4791 λέα
304 4740 625 4811 στέρξουσιν
648 4742 788 4812 ἔχειν
819 4746 908 4797 τὸν
933 4746 999 4799 ἐκ
1024 4745 1126 4816 τῆς
1154 4745 1248 4799 τοῦ
1280 4747 1446 4801 Δαυῒδ
1468 4748 1715 4820 διαδοχῆς
1733 4767 1747 4780 ·

174 4832 253 4899 (p.
278 4830 371 4898 28)
409 4832 585 4886 ταῦτα
612 4834 720 4905 γὰρ
740 4834 814 4899 ὡς
838 4837 973 4906 μετὰ
996 4838 1092 4907 τὴν
1119 4838 1374 4892 ἐπάνοδον
1403 4840 1633 4909 ἐσόμενα
1663 4842 1752 4894 λέ-

176 4938 259 4989 γει
284 4963 300 4987 ,
345 4924 439 4977 ὅτε
490 4927 581 4994 ὑφ’
610 4927 691 4980 ἐνὶ
738 4927 942 4997 βασιλεί
984 4929 1060 5000 τῷ
1106 4930 1408 5002 Ζοροϐάϐελ
1458 4931 1750 5003 ἐτύγχανον

172 5014 415 5079 inme;
442 5020 510 5071 ἐκ
534 5018 628 5071 τοῦ
655 5020 816 5073 Δαυῒδ
843 5021 1217 5092 καταγομένῳ,
1251 5024 1433 5077 οὐκέτι
1462 5024 1751 5095 ζηλοῦντες

170 5105 271 5177 τὴν
303 5106 534 5178 γνώμην
559 5111 795 5181 ἐκείνην,
844 5112 965 5164 καθ’
1012 5112 1080 5183 ἢν
1121 5111 1423 5168 ἀποστᾶσαι
1469 5116 1569 5186 τῆς
1600 5116 1752 5187 βασι-

173 5197 325 5262 λείας
364 5201 477 5254 τῶν
527 5201 784 5274 διαδόχων
824 5205 919 5257 τοῦ
957 5207 1223 5278 μακαρίου
1262 5206 1423 5260 Δαυῗδ
1446 5250 1460 5273 ,
1511 5210 1567 5261 αἰ
1619 5210 1752 5264 δέκα

174 5290 342 5355 φυλαὶ
371 5290 627 5360 βασιλέας
669 5296 875 5349 εἴλοντο
902 5298 1138 5370 ἐτέρους.
1201 5318 1222 5351 ι
1245 5301 1353 5353 Καὶ
1397 5302 1754 5372 ἐκστήσονται

174 5380 267 5432 ἐπὶ
294 5384 408 5445 τοῖς
436 5384 661 5452 ἀγαθοῖς
701 5388 866 5441 αὐτοῦ
910 5390 997 5442 ἐπ’
1028 5390 1270 5461 ἐσχάτων
1311 5392 1417 5445 τῶν
1451 5394 1689 5465 ἡμερῶν.
1724 5416 1741 5447 ι

1856 4656 1970 4719 illa,
2000 4671 2108 4726 qua
2136 4656 2266 4709 olim
2310 4670 2339 4708 a
2372 4655 2518 4710 beati
2551 4654 2773 4710 Davidis
2804 4655 2971 4725 regiis
3012 4654 3430 4710 successoribus

1857 4747 2173 4803 deﬁcientes
2232 4747 2421 4802 decem
2474 4747 2679 4810 tribus,
2738 4747 2877 4802 alios
2931 4747 3035 4802 sibi
3092 4746 3425 4817 delegerant.

1864 4858 1882 4890 ι
1924 4838 1990 4893 Et
2044 4839 2344 4909 stupebunt
2401 4853 2565 4908 super
2620 4839 2780 4893 bonis
2826 4838 2948 4907 ejus
3003 4837 3059 4890 in
3112 4836 3429 4891 novissimis

1856 4933 2069 4988 diebus.
2130 4952 2148 4984 ι
2198 4929 2475 4987 Exstasim
2528 4930 2819 5001 quamdam
2883 4931 3158 4999 patientur
3237 4942 3428 4980 omnes

1857 5037 2068 5077 summa
2103 5037 2287 5078 rerum
2329 5020 2723 5086 admiratione,
2763 5026 3084 5089 reputantes
3123 5017 3306 5086 qualia
3348 5015 3425 5070 illi

1858 5123 2173 5187 quantaque
2211 5114 2352 5169 bona
2394 5128 2424 5166 a
2464 5111 2557 5167 Dei
2596 5112 2934 5182 providentia
2973 5108 3255 5163 consecuti
3291 5108 3422 5164 sint.

1860 5209 1960 5264 His
1999 5208 2065 5262 ad
2106 5208 2411 5262 incolarum
2449 5204 2650 5260 Judreze
2700 5201 3178 5273 reprehensionem
3219 5200 3383 5256 dictis
3407 5240 3423 5266 ,

1856 5313 2201 5355 communem
2240 5297 2435 5353 deinde
2470 5298 2534 5351 ad
2566 5311 2758 5349 omnes
2796 5293 3097 5349 orationem
3130 5294 3422 5358 convertit,

1856 5389 2020 5446 modo
2068 5390 2188 5455 hos,
2231 5390 2392 5444 modo
2441 5389 2585 5451 illos,
2638 5388 2799 5441 modo
2845 5390 3075 5438 cunctos
3122 5384 3284 5439 simul
3326 5383 3421 5437 ob-

178 5471 270 5535 Εἰς
306 5473 648 5531 ἔκστασιννδὲ
682 5483 1110 5550 καταστήσονται
1143 5482 1342 5547 πάντες
1374 5487 1439 5555 τῇ
1473 5486 1743 5558 ὑπερϐολῇ
1848 5486 2098 5555 jurgans.

175 5561 265 5615 τοῦ
318 5564 624 5637 θαύματος,
665 5570 1098 5642 ἀναλογιζόμενοι
1133 5575 1344 5628 ὁπόσων
1386 5576 1567 5640 αὐτοῖς
1598 5577 1823 5644 ἀγαθῶν
1851 5574 1940 5629 διὰ
1969 5574 2069 5644 τῆς
2105 5574 2361 5643 προνοίας
2390 5573 2488 5643 τῆς
2514 5570 2684 5633 θείας,
2718 5570 2991 5638 ἐνεγένετο
3020 5572 3200 5639 τυχεῖν
3220 5581 3233 5596 ’
3271 5567 3330 5618 ἐν
3361 5564 3420 5618 δὲ

176 5655 386 5721 τούτοις
434 5660 531 5714 καὶ
563 5662 635 5714 τὰ
665 5663 801 5732 πρὸς
840 5664 1057 5736 ἔλεγχον
1101 5668 1209 5721 τῶν
1243 5669 1383 5721 κατὰ
1427 5667 1525 5738 τὴν
1566 5669 1823 5726 Ἰουδαίαν
1852 5667 2041 5730 εἰπὼν,
2072 5666 2247 5718 κοινὸν
2288 5665 2471 5718 λοιπὸν
2514 5662 2648 5732 πρὸς
2682 5662 2923 5727 ἅπαντας
2954 5665 3181 5717 ποιεῖται
3210 5657 3303 5713 τὸν
3334 5657 3420 5712 λόο

178 5762 293 5815 γῆν,
324 5752 452 5806 ποτὲ
499 5754 599 5822 μὲν
644 5754 885 5824 τούτους,
932 5758 1057 5811 ποτὲ
1101 5758 1156 5812 δέ
1202 5760 1458 5824 ἐκείνους,
1491 5762 1618 5816 ποτέ
1641 5761 1694 5814 δὲ
1723 5762 1962 5825 ἅπαντας
1995 5758 2231 5827 ἐλέγχων
2261 5761 2437 5828 κοινῇ.
