3906 6208
460 301 563 359 M7

1103 425 1257 484 CAP.
1297 426 1387 486 IV.

536 547 701 607 Vens.
734 552 847 609 1-5.
882 584 953 595 ——
985 557 1090 627 l9
1121 556 1328 615 Idcirco
1351 563 1429 615 ait
1460 577 1474 615 :
1521 581 1539 614 ι
1584 564 1782 618 Audite
1813 566 2036 620 verbum

464 643 704 709 Domini,
738 662 771 698 o
807 645 1019 703 lsraelis
1054 649 1170 715 ﬁlii,
1205 653 1329 720 quia
1356 653 1622 722 judicium
1655 654 1887 710 Domino
1916 672 2038 709 cum

468 732 874 793 habitatoribus
900 746 1060 794 terrae
1090 760 1102 794 :
1144 758 1254 796 non
1288 753 1373 800 est
1402 746 1547 800 enim
1580 748 1802 811 veritas,
1841 755 1895 802 et
1933 765 2039 802 non

465 835 552 882 cst
584 830 982 897 misericordia,
1010 851 1188 907 neque
1216 839 1445 893 scientia
1476 838 1570 895 Dei
1602 841 1653 895 in
1686 849 1851 896 terra.
1877 844 2042 897 Male-

468 920 698 987 dictum,
722 934 778 979 et
805 928 1178 994 mendacium,
1210 938 1264 984 et
1308 931 1690 995 homicidium,
1724 941 1779 988 et
1812 935 2040 1001 furtum,

468 1020 525 1063 et
556 1012 882 1069 adulterium
911 1016 1315 1074 iuundaverunt
1353 1029 1575 1087 terram,
1605 1033 1659 1077 et
1678 1024 1901 1094 sanguis
1926 1040 2048 1079 san-

472 1101 623 1163 guini
658 1105 981 1160 commistus
1031 1117 1134 1161 est.
1174 1128 1193 1160 ›
1254 1110 1386 1177 Age,
1430 1109 1544 1180 jam
1597 1113 1801 1178 audite,
1846 1114 2041 1185 inquit,

468 1192 678 1261 judicio
712 1196 993 1251 vobiscum
1017 1198 1410 1270 disceptantem
1446 1201 1636 1271 Deum,
1672 1214 1836 1275 atque
1869 1217 2046 1263 osten-

474 1282 692 1339 dentem
716 1287 863 1355 quali
894 1298 1209 1360 quantaque
1247 1294 1455 1347 malitia
1497 1297 1895 1366 providentiam
1925 1301 2045 1368 ejus

473 1380 811 1434 remunerati
849 1381 991 1438 sitis.
1046 1382 1218 1439 Nemo
1268 1388 1468 1458 quippe
1511 1398 1753 1445 vestrum
1803 1393 2047 1450 veritatis

475 1483 665 1523 curam
689 1472 845 1541 gerit,
883 1490 1062 1546 neque
1102 1477 1268 1530 ullam
1314 1479 1599 1535 charitatis
1634 1498 1759 1551 erga
1799 1483 2047 1539 homines

475 1558 741 1616 rationem
769 1564 933 1621 habet
964 1585 977 1620 :
1012 1568 1283 1638 siquidem
1321 1587 1387 1626 nc
1423 1572 1490 1627 de
1522 1572 1615 1627 Dei
1637 1575 1855 1643 quidem
1880 1577 2050 1632 scien-

477 1651 550 1705 tia
580 1655 800 1709 solliciti
830 1659 999 1725 estis;
1036 1660 1132 1715 sed
1162 1662 1315 1718 fraus
1348 1674 1402 1735 et
1434 1668 1793 1720 exsecrabilia
1827 1683 2049 1737 prorsus

477 1756 664 1812 opera,
697 1745 1071 1815 homicidium,
1115 1752 1317 1807 furtum
1357 1763 1519 1825 atque
1556 1758 1882 1812 adulterium
1920 1775 2044 1829 pas-

479 1833 583 1884 sim
616 1833 672 1886 in
702 1842 846 1889 terra
882 1849 1242 1910 exercentur;
1291 1846 1607 1915 mutuisque
1649 1848 1891 1905 eardibus
1925 1857 2050 1903 tan-

481 1931 667 1991 topere
719 1924 1037 1998 indulgetis,
1081 1940 1141 1984 ut
1188 1947 1404 2003 semper
1439 1950 1563 1988 cum
1620 1938 2053 2007 praecedentibus

478 2030 645 2069 cruor
677 2017 1018 2088 subsequens
1045 2022 1361 2078 misceatur.
1397 2044 1417 2076 ι
1454 2024 1683 2097 Propter
1719 2029 1821 2083 hoc
1851 2030 2054 2099 lugebit

480 2117 651 2170 terra,
670 2115 724 2163 et
739 2110 1017 2167 minuetur
1033 2130 1156 2169 cum
1184 2118 1441 2174 omnibus
1463 2119 1554 2189 qui
1578 2120 1824 2189 habitant
1852 2137 1995 2175 eam.
2028 2140 2046 2173 ι

480 2197 541 2252 ln
576 2199 726 2254 luctu
772 2210 919 2257 terra
960 2206 1142 2262 omnis
1175 2210 1506 2277 versabitur,
1542 2222 1764 2282 propter
1798 2213 2055 2285 ingruen-

481 2288 616 2344 tium
651 2292 919 2348 malorum
968 2299 1437 2368 magnitudinem:
1485 2302 1612 2357 dum
1648 2304 1680 2356 ii
1714 2311 1825 2358 tam
1858 2305 2055 2358 innua-

479 2381 625 2437 niter
652 2386 719 2438 ab
761 2385 1014 2444 hostibus
1061 2390 1433 2458 trucidantur,
1463 2405 1523 2448 ut
1557 2397 1773 2452 nonnisi
1823 2397 2055 2468 exiguus

481 2474 785 2531 incolarum
816 2495 1077 2538 numerus
1108 2485 1383 2554 supersit:
1408 2486 1460 2541 id
1491 2488 1635 2542 enim
1666 2488 1848 2543 valent
1866 2490 2052 2553 verba,

486 2586 506 2617 ι
538 2564 807 2624 Minuelur
835 2582 977 2627 terra
1011 2590 1136 2629 cum
1170 2576 1543 2636 habitantibus
1571 2596 1711 2635 eam.
1745 2599 1763 2631 ι
1783 2612 1853 2621 -
1877 2602 1895 2633 ι
1918 2582 2053 2638 Cum

482 2661 613 2717 feris
636 2664 773 2732 agri,
797 2680 923 2718 cum
941 2668 1224 2737 reptilibus
1243 2680 1421 2733 terra},
1443 2683 1499 2726 et
1516 2688 1638 2728 cmn
1665 2674 1788 2728 casti
1817 2675 2056 2729 volucri-

481 2753 606 2809 bus.
647 2775 667 2806 ι
703 2755 931 2826 Trapice
961 2776 1111 2816 more
1157 2778 1258 2818 suo
1301 2765 1456 2830 dicit,
1496 2766 1613 2820 fore
1644 2777 1701 2820 ut
1749 2784 1871 2822 cum
1902 2769 2057 2837 plebe

482 2845 757 2917 principes
805 2864 1024 2920 quoque
1080 2853 1328 2924 ejusdem
1387 2867 1636 2925 pereant,
1673 2860 1767 2928 qui
1816 2858 2055 2915 ferarum

485 2940 660 2989 instar
707 2939 1100 3001 inﬁrmioribus
1152 2947 1474 3005 nocebant:
1522 2958 1577 3005 et
1618 2966 1717 3007 ceu
1754 2967 1882 3009 aves
1913 2969 2057 3023 qua:-

486 3027 611 3081 dam
644 3028 966 3101 diripiendis
1003 3038 1337 3107 pauperibus
1372 3040 1556 3095 subito
1591 3041 1943 3111 involabant;
1973 3044 2055 3099 vel

1655 312 2001 372 TIIEODORI
2043 318 2522 381 MOPSUESTENI

3606 330 3706 393 "8

2766 445 2925 503 ΚΕΦ.
2967 449 3041 501 A'.

2214 578 2359 647 Στίχ.
2386 586 2516 633 α’-ε¹.
2540 611 2606 620 ——
2630 580 2721 634 Διό
2743 599 2923 653 φησιν·
2952 603 2970 635 ι
2995 582 3286 637 Ἀκούσατε
3306 581 3460 651 λόγον
3481 580 3705 653 Κυρίου,

2142 672 2248 724 υἱοὶ
2292 672 2506 744 Ἰσραὴλ
2532 713 2547 736 ,
2594 675 2673 726 ὅτι
2702 675 2880 744 κρίσις
2912 674 2991 746 τῷ
3033 674 3222 746 Κυρίῳ
3260 673 3395 745 πρὸς
3423 673 3548 734 τοὺς
3576 689 3707 725 κατ-

2141 763 2422 826 οικοῦντας
2462 765 2561 835 τὴν
2609 765 2750 834 γῆν·
2796 765 2928 818 διότι
2976 767 3075 818 οὐκ
3109 766 3255 818 ἐστιν
3299 763 3550 834 ἀλήθεια,
3593 762 3708 816 οὐδὲ

2143 854 2306 919 ἕλεος,
2341 856 2461 908 οὐδέ
2509 854 2800 923 ἐπίγνωσις
2831 855 2964 909 Θεοῦ
3001 858 3096 909 ἐπὶ
3132 857 3230 926 τῆς
3262 855 3367 925 γῆς
3390 872 3403 885 ·
3461 854 3572 925 ἀρὰ
3620 856 3710 906 καὶ

2142 940 2355 1005 ψεῦδος,
2378 940 2470 995 καὶ
2495 942 2673 1010 φόνος,
2694 944 2787 996 καὶ
2812 943 3007 1015 κλοπὴ,
3025 945 3119 997 καὶ
3144 944 3355 1015 μοιχεία
3382 944 3604 1013 κέχυται
3626 943 3713 995 ἐπὶ

2145 1030 2243 1100 τῆς
2270 1032 2391 1101 γῆς,
2431 1032 2525 1085 καὶ
2554 1033 2762 1103 αἵματα
2801 1035 2885 1102 ἐφ’
2919 1036 3113 1103 αἵμασι
3148 1036 3455 1106 μίσγουσιν.
3487 1054 3506 1087 ι
3557 1032 3716 1087 Ἀλλά

2145 1124 2254 1193 γάρ
2302 1122 2394 1174 ἐπὶ
2441 1123 2671 1187 τούτοις,
2717 1125 2917 1195 φησιν,
2962 1124 3230 1178 ἀκούσατε
3260 1125 3578 1196 κρινομένου
3624 1121 3715 1176 τοῦ

2146 1213 2279 1266 Θεοῦ
2314 1214 2450 1285 πρὸς
2479 1214 2622 1284 ὑμᾶς
2649 1215 2744 1268 καὶ
2783 1214 3086 1277 δεικνύντος
3115 1215 3248 1277 οἵοις
3275 1231 3335 1266 τε
3381 1213 3476 1268 καὶ
3514 1213 3718 1283 ἡλίκοις

2147 1304 2312 1358 αὐτοῦ
2352 1305 2452 1377 τὴν
2484 1305 2808 1376 κηδεμονίαν
2839 1305 3143 1376 ἠμείψασθε
3176 1307 3365 1368 κακοῖς
3384 1320 3398 1333 ο
3446 1304 3720 1375 φροντίζει

2152 1399 2251 1468 μὲν
2277 1398 2389 1470 γὰρ
2407 1398 2662 1469 ἀληθείας
2687 1399 2861 1463 οὐδεὶς
2887 1402 2943 1452 ἐν
2971 1400 3122 1470 ὑμῖν,
3146 1398 3258 1452 ἀλλ’
3281 1399 3400 1452 οὐδὲ
3427 1398 3721 1468 φιλανθρω-

2149 1492 2278 1555 πίας
2304 1492 2433 1561 ὐμῖν
2459 1491 2644 1559 λόγος’
2697 1494 2773 1561 (p.
2806 1492 2898 1558 29)
2939 1493 3060 1546 ἐπεὶ
3091 1492 3223 1563 μηδὲ
3254 1492 3352 1560 τῆς
3409 1489 3558 1553 θείας
3584 1488 3725 1557 γνώ-

2152 1601 2289 1647 σεως
2321 1583 2472 1653 ἔχετε
2502 1582 2755 1654 φροντίδα
2775 1598 2789 1613 °
2835 1583 3015 1652 ἀπάτη
3043 1581 3100 1635 δὲ
3143 1581 3236 1634 καὶ
3274 1580 3342 1633 τά
3376 1580 3557 1650 πάσης
3599 1580 3727 1644 ἀξια

2152 1674 2416 1744 κατάρας,
2447 1673 2605 1741 φόνος
2631 1689 2691 1724 τε
2722 1673 2815 1726 καὶ
2844 1672 3017 1740 κλοπὴ
3047 1671 3141 1723 καὶ
3172 1668 3385 1739 μοιχεία
3414 1666 3503 1721 διὰ
3536 1667 3721 1735 πάσης

2152 1765 2317 1836 χύδην
2341 1764 2667 1818 ἐπιτελεῖται
2694 1765 2793 1833 τῆς
2817 1766 2919 1833 γῆς
2953 1780 2967 1794 ο
3015 1760 3283 1829 τοσαύτην
3311 1759 3462 1829 ὑμῶν
3493 1758 3731 1826 ἑχόντων

2152 1857 2281 1929 περὶ
2326 1857 2385 1910 τὸ
2436 1856 2680 1926 φονεύειν
2723 1856 2983 1926 ἀλλήλους
3026 1854 3125 1924 τὴν
3171 1851 3425 1921 σπουδὴν,
3469 1850 3610 1903 ῶστε
3643 1848 3728 1902 ἀεὶ

2151 1955 2261 2015 τοῖς
2292 1949 2641 2022 προειληφόσι
2668 1948 2777 2002 τῶν
2808 1947 2929 2001 καθ’
2962 1945 3088 2016 ἑξῆς
3117 1944 3370 2016 μιγνῦναι
3396 1943 3465 1997 τὰ
3495 1943 3724 2012 αἵματα.

2158 2058 2176 2089 ι
2201 2038 2299 2091 Διά
2325 2038 2482 2091 τοῦτο
2509 2037 2768 2108 πενθήσει
2794 2038 2827 2107 ἡ
2853 2036 2927 2105 γῆ
2949 2076 2963 2099 ,
3008 2035 3105 2089 καὶ
3137 2033 3599 2105 σμικρυνθήσεται
3632 2031 3728 2084 σῦν

2153 2132 2288 2183 πᾶσι
2330 2131 2445 2192 τοῖς
2494 2126 2836 2183 κατοικοῦσιν
2883 2128 3073 2197 αὑτήν.
3122 2146 3140 2178 ι
3206 2127 3294 2179 Ἐν
3343 2124 3527 2179 πένθει
3575 2126 3729 2178 πᾶσα

2153 2223 2226 2292 γῆ
2248 2222 2535 2292 γενήσεται
2555 2220 2642 2275 διὰ
2670 2220 2728 2273 τὸ
2754 2220 2978 2289 μέγεθος
2999 2219 3111 2273 τῶν
3134 2218 3524 2289 ἐπιγινομένων
3545 2218 3730 2279 αὐτοῖς

2154 2312 2339 2366 κακῶν
2364 2329 2379 2344 ο
2443 2312 2583 2365 οὕτω
2635 2310 2742 2364 τῶν
2787 2310 3057 2382 πολεμίων
3106 2310 3474 2382 ἀναιρούντων
3527 2308 3727 2374 αὐτοὺς

2153 2403 2418 2473 ἀφειδῶς,
2469 2402 2609 2456 ὥστε
2661 2404 2741 2465 εἰς
2791 2401 3085 2455 ἐλάττωσιν
3135 2401 3453 2472 περιστῆναι
3501 2400 3612 2453 τῶν
3656 2400 3728 2452 οἱ·

2156 2497 2390 2549 κούντων
2421 2494 2511 2548 τὸν
2536 2492 2785 2563 ἀριθμόνο
2810 2491 2965 2546 τοῦτο
2993 2491 3101 2562 γὰρ
3128 2491 3277 2560 λέγει
3301 2490 3383 2555 τὸ,
3410 2509 3427 2541 ι
3458 2490 3732 2560 Σμικρυν-

2156 2588 2377 2659 θήσεται
2434 2588 2469 2658 ἡ
2522 2586 2592 2656 ’γῆ
2645 2586 2741 2638 σὺν
2793 2586 2905 2647 τοῖς
2952 2582 3297 2637 κατοικοῦσιν
3343 2581 3529 2652 αὑτήν.
3592 2599 3615 2632 ι
3665 2609 3734 2621 —

2162 2698 2180 2730 ι
2207 2680 2311 2733 Σὺν
2335 2680 2447 2741 τοῖς
2472 2676 2679 2747 θηρίοις
2704 2674 2799 2729 τοῦ
2832 2674 3024 2746 ἀγροῦ,
3054 2674 3149 2729 καὶ
3193 2675 3305 2736 rei;
3348 2673 3604 2744 ἑρπετοῖς
3634 2670 3734 2741 τῆς

2154 2774 2278 2842 γῆς,
2301 2771 2393 2824 καὶ
2416 2770 2510 2822 σὺν
2540 2772 2654 2831 τοῖς
2677 2769 2938 2830 πετεινοῖς
2970 2766 3062 2820 τοῦ
3102 2764 3352 2837 ούρανοῦ.
3388 2783 3408 2817 ι
3440 2763 3731 2836 Τροπικῶς

2155 2864 2302 2932 λέγει
2330 2864 2472 2917 κατά
2516 2861 2578 2915 τὸ
2611 2860 2818 2926 εἰωθὸς,
2871 2860 2952 2913 ὅτι
2996 2857 3419 2914 συναπολοῦνται
3450 2857 3545 2911 καὶ
3577 2858 3632 2911 οἱ
3679 2858 3737 2909 ἐν

2156 2957 2336 3018 αὐτοῖς
2368 2955 2581 3007 δυνατοὶ
2607 2956 2715 3015 τοῖς
2745 2953 2967 3018 λοιποῖς,
2992 2953 3041 3005 οἱ
3068 2951 3270 3023 θηρίων
3307 2967 3369 3004 τε
3397 2950 3553 3020 δίκην
3597 2951 3739 3019 ἐπη-

2162 3047 2440 3120 ρεάζοντες
2468 3049 2580 3109 τοῖς
2611 3044 3046 3116 ἀσθενεστέροιςο
3068 3044 3162 3098 καὶ
3187 3042 3376 3113 ῶσπερ
3402 3040 3524 3094 τινὰ
3556 3040 3742 3111 πτηνά

486 3117 725 3190 denique
767 3126 1103 3194 serpentium
1154 3130 1261 3183 ritu
1309 3131 1589 3200 proximos
1651 3150 1895 3205 quosque
1935 3137 2056 3189 vul-

2163 3117 2374 3211 ἀθρόον,
2402 3141 2523 3201 ταῖς
2559 3138 2668 3190 τῶν
2701 3138 2947 3207 πενήτων
2978 3138 3256 3207 ἁρπαγαῖς
3301 3134 3548 3197 ἐπιόντες
3571 3149 3589 3162 ο
3641 3132 3739 3186 καὶ

488 3227 680 3268 nerare
709 3215 1024 3272 studebant.
1052 3239 1070 3270 ι
1102 3219 1267 3279 Maris
1291 3240 1509 3294 quoque
1534 3227 1713 3296 pisces
1735 3228 2009 3283 deﬁcient.
2037 3249 2057 3282 ι

488 3306 703 3369 Cuncti,
753 3316 812 3361 ut
863 3325 975 3364 uno
1026 3314 1194 3369 verbo
1230 3315 1431 3382 dicam,
1469 3321 1583 3387 qui,
1626 3326 1885 3390 tanquam
1914 3336 2065 3377 mare

490 3395 691 3464 pisces,
733 3400 814 3454 sic
849 3410 1049 3458 terram
1084 3407 1387 3477 replebant,
1429 3408 1676 3467 funditus
1700 3413 2061 3482 disperibunt.

490 3484 588 3542 llis
613 3487 763 3544 addit
803 3510 816 3546 :
868 3510 887 3543 ι
940 3491 1009 3548 Ut
1057 3512 1220 3552 nemo
1259 3501 1343 3553 vel
1379 3500 1673 3569 judicetur,
1700 3504 1783 3558 vel
1810 3512 2068 3575 arguatur

490 3578 802 3649 quisquam.
817 3584 1152 3654 tonanta,
1169 3589 1364 3659 inquit,
1381 3592 1624 3647 omnium
1640 3609 1823 3649 rerum
1842 3596 2066 3651 vastitas

489 3671 617 3736 erit,
637 3680 696 3727 ut
712 3690 890 3746 neque
921 3677 1359 3751 deincepsjudex
1387 3687 1647 3755 supersit,
1682 3688 1903 3758 necqui
1933 3689 2068 3744 alio-

492 3779 615 3818 rum
639 3767 870 3823 crimina
896 3774 1136 3845 corrigat
1161 3794 1174 3830 :
1204 3778 1417 3833 cunctis
1434 3795 1540 3834 una
1561 3781 1898 3850 captivitatis
1917 3784 2066 3837 cala-

496 3855 682 3909 mitate
697 3874 850 3928 mque
869 3862 1103 3919 obrutis.
1128 3884 1147 3915 ι
1166 3864 1407 3935 Populus
1424 3878 1603 3923 autem
1627 3886 1781 3926 meus
1803 3880 2059 3943 tanquam

497 3946 775 4015 sacerdos,
826 3950 915 4004 cui
957 3955 1358 4010 contradicitur
1388 3976 1401 4011 :
1442 3978 1460 4009 ι
1496 3958 1760 4029 dignitate
1797 3964 1944 4017 omni
1974 3964 2069 4018 de—

496 4036 714 4103 eiduus,
757 4043 1018 4114 nulloque
1050 4047 1165 4114 jam
1222 4049 1444 4104 habitus
1491 4063 1744 4121 respectu
1806 4056 2005 4126 dignus
2051 4074 2063 4110 :

497 4129 666 4183 veluti
701 4132 749 4187 si
786 4134 910 4203 quis
940 4138 1201 4194 sacerdos
1223 4140 1277 4194 in
1302 4148 1728 4201 controversiam
1758 4148 1984 4216 incidat,
2016 4163 2069 4206 et

496 4220 823 4291 deponatur,
859 4237 1022 4297 atque
1073 4230 1216 4300 apud
1255 4248 1447 4289 omnes
1496 4236 1905 4295 dehonestotur.
1947 4262 1965 4293 ι
2004 4242 2071 4296 Et

496 4312 749 4369 inlirmus
795 4318 898 4371 erit
945 4318 1204 4376 interdiu.
1242 4339 1259 4371 ι
1307 4322 1623 4381 Diutissime
1667 4328 1723 4383 in
1758 4327 2071 4385 inﬁrmitate

497 4405 811 4460 versabitur
854 4408 1285 4468 incumbentium
1332 4418 1616 4472 malorum.
1656 4437 1675 4470 ι
1718 4419 1784 4474 Et
1822 4421 2069 4478 intirmus

2169 3232 2265 3301 οὐχ
2296 3226 2457 3302 ἦττον
2497 3228 2739 3300 ἑρπετῶν
2768 3227 3023 3298 βλάπτειν
3055 3226 3449 3289 ἐσπουδακότες
3480 3224 3614 3288 τοὺς
3646 3226 3749 3278 πέ-

2167 3323 2278 3386 λας.
2311 3326 2387 3391 (p.
2411 3320 2502 3392 '50)
2537 3339 2555 3371 ι
2580 3320 2691 3373 Καὶ
2718 3317 2897 3389 ἰχθύες
2919 3319 3019 3389 τῆς
3045 3318 3319 3388 θαλάσσης
3341 3316 3738 3387 ἐκλείψουσινΑ

2167 3417 2470 3478 Ἅπαντες,
2522 3412 2798 3483 συντόμως
2836 3413 3027 3478 εἰπεῖν,
3061 3414 3112 3465 οἱ
3146 3411 3267 3466 καθ’
3296 3412 3589 3482 ὁμοιότητα
3631 3410 3744 3464 τῶν

2165 3508 2262 3578 τῆς
2293 3507 2558 3575 θαλάττης
2593 3505 2790 3576 ἰχθύων
2827 3504 3160 3576 πληροῦντες
3186 3504 3285 3574 τὴν
3319 3504 3422 3574 γῆν
3439 3504 3614 3575 ἄρδην
3638 3506 3748 3558 ἀπ-

2167 3598 2431 3652 ολοῦνται.
2462 3596 2684 3658 Τούτοις
2708 3597 2919 3665 ἐπάγει·
2958 3596 3177 3659 ι”Οπως
3213 3594 3399 3665 μηδεὶς
3429 3595 3565 3664 μήτε
3592 3595 3749 3648 δικά-

2168 3688 2347 3760 ζηται,
2380 3689 2515 3759 μήτε
2545 3687 2831 3757 ἐλέγχηται
2862 3686 3067 3757 μηδείς.
3100 3705 3119 3737 ι
3163 3683 3409 3755 Τοσαύτη
3443 3685 3520 3748 δὲ,
3552 3684 3757 3757 φησιν,

2169 3776 2384 3829 ἅπαντα
2417 3776 2619 3848 ἐρημία
2652 3775 2890 3842 καθέξει,
2940 3775 3015 3838 ὡς
3054 3776 3190 3846 μήτε
3222 3774 3314 3828 τὸν
3340 3775 3634 3840 δικάζοντα
3670 3772 3753 3828 εἷ-

2168 3886 2257 3922 ναι
2288 3867 2491 3935 λοιπὸν,
2531 3868 2666 3938 μήτε
2706 3867 2797 3920 τὸν
2823 3868 2892 3920 τὰ
2926 3866 3133 3937 ἐτέρων
3164 3864 3541 3937 διορθούμενον
3590 3867 3756 3919 πταί-

2171 3978 2379 4032 σματα·
2414 3962 2514 4032 μιᾷ
2534 3963 2601 4032 τῇ
2631 3960 2727 4031 τῆς
2755 3958 3129 4031 αἰχμαλωσίας
3163 3959 3416 4030 συμφορᾷ
3448 3959 3756 4031 κατεχομέ-

2169 4071 2272 4107 νων
2288 4054 2538 4107 άπάντων
2552 4053 2769 4123 ὁμοίως.
2797 4072 2815 4102 ι
2838 4054 2893 4105 '0
2910 4052 2967 4105 δέ
2981 4051 3108 4115 λαός
3124 4069 3222 4122 μου
3245 4052 3320 4115 ὡς
3335 4052 3583 4119 ἀντιλεγό
3590 4070 3761 4122 μενος

2173 4144 2365 4215 ἱερεύς·
2380 4164 2399 4195 ι
2421 4145 2599 4214 πάσης
2612 4143 2900 4197 ἀποπεσὼν
2912 4143 3009 4213 τῆς
3028 4142 3259 4212 πρόσθεν
3272 4143 3447 4207 ἀξίας,
3466 4142 3757 4196 καὶούδενὶ

2170 4236 2311 4305 λόγῳ
2325 4234 2643 4304 φαινόμενος
2655 4234 2820 4299 ἄξιος
2837 4234 3023 4304 ὥσπερ
3037 4233 3102 4288 ἂν
3122 4235 3267 4297 εἴτις
3287 4234 3461 4304 ἱερεὺς
3476 4235 3555 4296 εἰς
3570 4234 3758 4306 ἀντίρ-

2174 4334 2242 4402 ρη
2249 4348 2329 4383 σιν
2344 4328 2545 4391 πεσὼν,
2568 4329 2809 4383 ἀθετοῖτό
2824 4347 2884 4382 τε
2902 4331 2995 4383 καὶ
3014 4330 3334 4400 ἀτιμάζοιτο
3344 4329 3492 4401 παρά
3506 4328 3756 4386 πάντων.

2177 4443 2195 4474 ‹
2220 4423 2326 4475 Καὶ
2351 4423 2633 4492 ἀσθενήσει
2657 4422 2887 4492 ἡμέρας.
2921 4439 2942 4474 ι
2987 4422 3109 4475 Ἐπὶ
3142 4422 3389 4475 πλεῖστον
3414 4425 3470 4475 ἐν
3495 4422 3761 4495 ἀσθενείᾳ⁸

498 4496 604 4550 erit
643 4498 902 4567 propheta
941 4510 1119 4556 tecum
1162 4514 1350 4561 noctu.
1388 4528 1407 4560 ι
1460 4508 1526 4563 Et
1574 4510 1668 4580 qui
1718 4512 1871 4568 falsis
1909 4523 2058 4570 antea

2175 4516 2278 4570 ὑπὸ
2305 4517 2413 4568 τῶν
2437 4515 2797 4585 ἐπικειμένων
2829 4515 3117 4583 γενήσεται
3144 4515 3348 4570 κακῶν.
3392 4535 3411 4568 ι
3448 4516 3557 4568 Καὶ
3590 4516 3759 4569 ἀσθε-

499 4588 945 4659 praedictionibus
999 4595 1068 4648 ad
1132 4612 1229 4653 vos
1283 4599 1639 4670 decipiendos
1690 4604 2070 4674 abutebantur,

502 4679 744 4751 plerique
790 4698 980 4739 omnes
1027 4686 1479 4761 inlirmabuntur;
1535 4696 1604 4751 ab
1661 4698 1928 4756 obruente
1978 4717 2074 4759 eos

501 4773 832 4841 calamitate,
890 4781 1176 4837 nocturnis
1253 4785 1417 4839 veluti
1494 4789 1735 4845 tenebris
1798 4796 2070 4865 occupati,

502 4863 711 4921 fraudis
736 4883 849 4923 suae
888 4868 1080 4926 inutile
1114 4873 1227 4943 jam
1258 4879 1513 4933 molimen
1534 4892 1841 4938 cernentes.
1871 4903 1890 4936 ι
1920 4863 2074 4941 Nocti

503 4958 801 5013 assimilavi
854 4970 1080 5018 matrem
1135 4973 1305 5020 tuam.
1360 4988 1378 5019 ι
1422 4971 1570 5026 Adeo
1608 4974 1723 5028 haec
1754 4977 1807 5029 in
1854 4975 2071 5032 inscitia

505 5056 668 5119 atque
698 5067 883 5109 errore
912 5070 1126 5127 semper
1159 5063 1437 5114 versatur!

576 5349 745 5409 Vsus.
773 5354 888 5413 6-8.
911 5390 982 5401 —
1020 5379 1039 5410 ι
1072 5360 1237 5418 Visus
1262 5372 1346 5420 est
1369 5366 1603 5433 populus
1637 5379 1788 5420 meus
1816 5376 2071 5435 tanquam

505 5459 616 5499 non
653 5445 860 5502 habens
890 5449 1195 5506 scientiam.
1232 5474 1251 5506 ι
1279 5452 1391 5509 Vos
1428 5470 1644 5524 quoque
1677 5455 1920 5524 ejusdem
1950 5457 2073 5510 imi-

503 5543 710 5593 tatores
758 5538 907 5607 facti,
960 5543 1163 5598 nullam
1212 5546 1455 5601 scientiae
1499 5562 1632 5602 mea:
1671 5549 1932 5603 rationem
1972 5548 2073 5601 ha-

506 5627 731 5686 buistis.
762 5650 783 5683 ι
824 5632 963 5699 Quia
998 5645 1053 5690 et
1086 5643 1143 5689 tu
1172 5640 1419 5708 repulisti
1463 5643 1769 5703 scientiam,
1808 5641 2072 5711 repellam

505 5728 563 5773 te
595 5736 695 5788 ego
736 5740 975 5794 quoque,
1011 5730 1305 5796 quominus
1346 5733 1657 5788 sacerdotio
1699 5735 1829 5788 mihi
1878 5733 2073 5804 funga-

504 5811 607 5869 nil.
647 5832 664 5865 ι
696 5813 870 5873 Sicuti
892 5833 990 5876 vos
1019 5820 1307 5879 scientiam
1328 5839 1502 5881 meam
1541 5832 1723 5883 mente
1754 5836 1932 5884 vestra
1962 5828 2074 5899 eje-

2171 4610 2323 4680 νήσει
2346 4608 2629 4678 προφήτης
2660 4606 2797 4677 μετὰ
2827 4606 2920 4659 σοῦ
2948 4608 3159 4669 νυκτός.
3186 4626 3202 4658 ι
3220 4609 3330 4662 Καὶ
3357 4609 3406 4662 οἱ
3432 4610 3553 4670 ταῖς
3579 4612 3763 4681 προρ-

2176 4704 2366 4775 ρήσεσι
2393 4701 2450 4754 δέ
2476 4703 2586 4764 τοῖς
2618 4700 2834 4769 ψευδέσι
2878 4700 3015 4771 πρὸς
3056 4701 3271 4772 ἀπάτην
3298 4701 3451 4772 ὑμῶν
3482 4702 3763 4774 πρότερον

2173 4794 2541 4865 κεχρημένοι,
2593 4794 2650 4846 ἐν
2682 4792 2936 4865 ἀσθενείᾳ
2988 4796 3224 4849 πλεῖστοι
3262 4796 3357 4849 καὶ
3402 4795 3555 4849 αὐτοὶ
3588 4799 3762 4868 γενή-

2172 4904 2355 4941 σονται
2371 4904 2383 4917 ·
2417 4886 2521 4939 ὑπὸ
2540 4886 2639 4956 τῆς
2660 4886 2997 4959 κατεχούσης
3017 4888 3211 4950 αὐτοὺς
3234 4889 3538 4960 συμφορᾶς,
3560 4888 3765 4960 ὥσπερ

2176 4978 2473 5050 νυκτερινῷ
2499 4996 2605 5032 τινι
2634 4979 3081 5050 περιϐαλλόμενοι
3110 4981 3306 5051 σκότῳ,
3344 4981 3438 5034 καὶ
3479 4981 3582 5051 τῆς
3611 4983 3765 5037 ἀπάο

2173 5090 2274 5143 της
2321 5070 2593 5141 ἄχρηστον
2658 5072 2867 5134 ἑαυτοῖς
2929 5071 3031 5143 τὴν
3092 5073 3433 5144 ἐπιτήδευσιν
3491 5073 3763 5145 ὁρῶντες.

2182 5186 2201 5217 ι
2225 5164 2399 5218 Νυκτὶ
2423 5162 2681 5235 ὠμοίωσα
2708 5163 2807 5233 τὴν
2837 5164 3044 5235 μητέρα
3073 5181 3221 5220 σου.»
3254 5163 3441 5227 υῦτως
3469 5166 3527 5217 ἐν
3559 5165 3768 5237 ἀγνοίᾳ

2176 5259 2270 5312 καὶ
2299 5257 2477 5328 πλάνῃ
2507 5255 2861 5310 καθεστῶσαν
2887 5256 2994 5309 ἀεί.

2246 5368 2393 5439 Στίχ.
2422 5376 2571 5442 (ς’-η’.
2599 5401 2670 5409 -
2701 5388 2720 5421 ι
2743 5368 3008 5439 Ὡμοιώθη
3039 5371 3067 5422 ό
3097 5369 3225 5433 λαός
3257 5388 3357 5439 μου
3386 5371 3461 5434 ώς
3488 5369 3594 5424 οὐκ
3613 5371 3767 5443 ἔχων

2174 5461 2488 5530 ἐπίγνωσιν.
2516 5482 2533 5511 ι
2586 5459 2958 5531 Ἐμιμήσασθε
2987 5460 3050 5531 δὴ
3084 5460 3287 5533 ταύτην
3323 5462 3415 5515 καὶ
3450 5462 3635 5532 ὑμεῖς,
3669 5464 3770 5516 οὐ·

2173 5553 2299 5607 δένα
2330 5554 2429 5624 τῆς
2462 5552 2805 5621 ἐπιγνώσεως
2832 5551 2928 5622 τῆς
2956 5552 3098 5623 ἐμῆς
3127 5552 3341 5623 ἔχοντες
3372 5553 3548 5619 λόγον,
3594 5554 3770 5609 ("Ott

2173 5651 2268 5703 καὶ
2291 5649 2354 5701 σὺ
2385 5650 2678 5718 ἐπίγνωσιν
2702 5647 2925 5710 ἀπώσω,
2955 5646 3245 5719 ἀπώσομαί
3282 5648 3356 5719 (p.
3387 5648 3473 5717 51)
3508 5664 3566 5700 σε
3595 5650 3769 5718 κάγὼ

2173 5738 2267 5792 τοῦ
2308 5739 2382 5809 μὴ
2416 5738 2710 5811 ἱερατεύειν
2742 5755 2852 5807 μοι·
2881 5757 2899 5788 ι
2953 5737 3141 5809 ὥσπερ
3174 5739 3231 5793 δὲ
3261 5739 3416 5810 ὑμεῖς
3443 5737 3771 5811 ἀποόεϐλή-

2180 5846 2312 5885 κατε
2353 5829 2453 5899 τὴν
2491 5829 2690 5901 γνῶσιν
2726 5829 2932 5887 ἑαυτῶν
2977 5830 3077 5903 τὴν
3107 5829 3264 5904 ἐμὴν,
3294 5830 3435 5886 οὕτω
3466 5828 3631 5901 κάγὼ
3663 5835 3773 5905 τῆς
