3906 6208
216 344 322 400 H9

1257 355 1800 414 COMMENTARIUS
1836 357 1903 412 IN
1941 356 2140 415 ΟΞΕᾹΞ
2182 358 2335 416 CAP.
2375 360 2464 418 IV.

3339 359 3439 415 ιῖιο

217 461 350 534 περὶ
398 463 498 534 ἐμὲ
528 463 826 533 θεραπείας
863 466 1002 538 ὑμᾶς
1031 469 1263 539 ἐκϐαλῶ,
1309 474 1523 545 μακρὰν
1565 474 1653 528 διὰ
1682 475 1778 546 τῆς

1885 475 2056 539 cistis,
2105 476 2184 532 sic
2229 493 2329 546 ego
2356 492 2573 547 quoque
2608 491 2704 532 vos
2738 489 2767 529 a
2803 475 2954 530 cultu
2998 489 3118 530 meo
3153 474 3442 545 expellam,

215 553 590 623 αἰχμαλωσίας
623 560 856 628 ποιήσας
884 559 993 612 τῶν
1020 561 1217 626 τόπων,
1266 566 1323 617 ἐν
1371 562 1453 629 οἷς
1492 565 1787 635 ἱερατεύειν

216 644 367 714 ὑμᾶς
392 646 661 717 προσῆκον
681 644 751 718 ἦν
780 650 922 719 ἐμοί.
954 650 1122 706 Τοῦτο
1147 652 1293 720 λέγει
1322 654 1440 726 τδ,‹
1476 658 1786 730 Ἀπώσομαί

217 753 281 790 σε
308 736 402 789 τοῦ
438 736 510 807 μὴ
542 739 839 809 ἱερατεύειν
871 759 982 811 μοι.
1009 762 1027 794 ι
1060 744 1275 816 Ἐπειδὴ
1295 746 1403 817 γὰρ
1418 748 1594 803 κοινὸν
1618 750 1787 804 ἁπάν-

214 842 325 880 των
352 827 545 897 κέρδος
570 831 601 898 ἡ
628 832 889 898 ἱερατεία,
922 834 1098 899 καθὼς
1125 838 1154 888 6
1182 839 1446 908 μακάριος
1474 840 1621 910 λέγει
1649 844 1787 896 Παῦε

216 910 327 977 λαμ
362 912 447 965 διὰ
470 915 627 967 τοῦτο
657 918 859 986 ὀφείλει
887 920 1073 995 ὥσπερ
1098 925 1237 997 ὑπὲρ
1261 928 1472 994 ἑαυτοῦ,
1499 930 1669 995 οὕτως
1695 935 1785 986 καὶ

217 1004 330 1056 τῶν
375 1004 467 1057 τοῦ
525 1005 654 1059 λαοῦ
704 1011 1033 1082 προσφέρειν
1091 1016 1449 1087 ἀγνοημάτων
1486 1040 1500 1054 ο
1564 1023 1786 1088 εἰκότως

220 1092 469 1158 ἅπαντας
497 1096 893 1153 ἀποϐάλλεσθαι
921 1104 1018 1173 τῆς
1052 1106 1349 1177 ἱερωσύνης
1376 1110 1541 1179 λέγει,
1572 1131 1783 1168 πεπαυ-

220 1185 397 1256 μένης
439 1188 681 1259 ἐκείνης’
731 1192 918 1263 ἐπειδὴ
957 1194 1143 1269 ὥσπερ
1184 1204 1439 1273 γινομένη
1470 1205 1646 1259 κοινὸν
1673 1203 1785 1277 εἶχε

217 1277 280 1371 τὸ
311 1278 519 1371 κέρδος,
548 1280 687 1333 οὕτω
712 1284 807 1336 καὶ
848 1288 1126 1359 παυομένη
1158 1290 1343 1363 κοινὴν
1389 1296 1643 1350 ἀποτελεῖ
1687 1300 1785 1371 τὴν

216 1365 447 1461 ζημίαν.
492 1388 511 1421 ι
532 1372 638 1424 Καὶ
664 1374 928 1429 ἐπελάθου
959 1378 1121 1449 νόμου
1150 1382 1284 1435 Θεοῦ
1311 1401 1423 1438 σου⁶
1461 1365 1784 1461 ἐπιλήσομαι

453 1476 547 1552 σου
576 1462 752 1531 κάγώ.
799 1484 818 1517 ι
883 1470 1425 1543 Παραλογισαμένους
1470 1477 1540 1531 τὰ
1581 1454 1786 1552 νόμιμα

209 1545 283 1642 τα
310 1547 441 1642 ἐ-μὰ,
469 1550 527 1642 ἐν
555 1552 730 1607 οὐδενὶ⁵
758 1560 1048 1630 ποιήσομαι
1084 1561 1243 1634 λόγῳ.
1281 1583 1300 1615 ι
1318 1567 1473 1622 Κατὰ
1499 1568 1558 1622 τὸ
1585 1545 1786 1642 πλῆθος

210 1635 415 1727 αὐτῶν,
447 1638 622 1705 οὕτως
649 1644 894 1716 ἦμαρτόν
927 1666 1034 1718 μοι.
1067 1669 1086 1702 ι
1139 1654 1250 1706 Καὶ
1282 1656 1388 1727 γὰρ
1420 1658 1603 1713 πολλοί
1643 1635 1785 1727 τινες

333 1729 698 1823 ἀναρέθμητοι
741 1735 829 1789 διὰ
873 1737 973 1807 τῆς
1015 1741 1340 1812 κηδεμονίας
1362 1726 1651 1815 γεγονότες
1686 1754 1784 1823 τῆς

209 1818 386 1889 ἐμῆς,
433 1820 555 1875 δέον
593 1825 974 1894 ἐπιγινώσκειν
1017 1832 1109 1885 τὸν
1151 1836 1353 1908 ταύτης
1397 1841 1578 1905 αὐτοῖς
1619 1818 1783 1899 αἴτιον

207 1911 473 2011 γεγονότα
636 1915 844 2011 δωρεᾶς
865 1937 879 1951 ·
927 1925 974 1975 οἱ
1010 1924 1065 1977 δὲ
1092 1926 1349 1996 ἀνάλογον
1380 1933 1459 2003 τῷ
1486 1935 1678 2007 πλήθει
1708 1939 1784 2011 τῷ

205 1998 393 2069 οἰκείῳ
553 2004 634 2096 εἰς
663 2007 762 2075 ἐμὲ
794 2012 1134 2081 παρανομίαν
1166 1998 1506 2083 ἐπεδείξαντο
1524 2062 1539 2085 ,
1580 1998 1784 2096 πολλήν

205 2104 325 2186 τινα
468 2093 779 2186 ἀμέτρητον
805 2100 971 2171 αὐτὴν
992 2103 1369 2176 ἐργασάμενοι.
1400 2111 1463 2163 Τί
1485 2108 1607 2179 οὗν;
1646 2092 1783 2186 ιΤῆν

204 2177 371 2275 δόξαν⁸
388 2181 577 2275 αὑτων
602 2187 686 2248 εἰς
713 2188 937 2258 ἀτιμίαν
962 2191 1248 2264 θήσομαι.»
1292 2198 1423 2252 Ἀπὸ
1450 2201 1557 2255 τῶν
1590 2177 1782 2275 προτέο

346 2272 578 2367 ἀγαθῷν
604 2277 687 2339 εἰς
713 2279 970 2349 χειρόνων
998 2287 1189 2355 πεῖραν
1215 2288 1408 2354 αὐτοὺς
1436 2272 1779 2367 καταστήσω.

210 2379 229 2461 ι
265 2363 583 2461 unt—apti};
612 2368 743 2461 tam?
774 2387 873 2439 μου
905 2374 1184 2443 φάγονται.
1212 2398 1231 2431 ι
1281 2386 1358 2451 (p.
1390 2383 1480 2454 32)
1514 2385 1629 2439 Ἵνα
1656 2363 1784 2461 εἴπῃ

203 2453 321 2550 τ’ξτι,Δ
353 2456 603 2550 Tanti-ta.
628 2459 685 2513 δὲ
723 2464 752 2515 6
782 2463 908 2527 λαὸς
935 2468 964 2519 6
998 2468 1128 2538 ἐμὸς
1166 2453 1505 2545 ἡμαρτηκὼς
1549 2480 1629 2542 εἰς
1660 2453 1779 2550 ἐμὲ,

205 2545 472 2615 ἀνάλογον
507 2543 585 2603 ὧν
618 2553 883 2625 πεποίηκε
906 2556 1130 2628 λήψεται
1151 2562 1244 2617 τὸν
1271 2543 1501 2637 καρπόν·
1528 2543 1782 2626 τοιούτων

204 2637 528 2734 ἀτεολαύσας
561 2644 808 2714 καρπῶν,
828 2642 915 2701 οἷά
939 2666 1042 2722 περ
1058 2651 1297 2726 ἔσπειρε·
1320 2657 1381 2710 τὸ
1406 2658 1512 2730 γὰρ
1533 2680 1551 2712 ι
1587 2660 1784 2734 Ἀμαρ-

204 2728 324 2793 τὶας
361 2730 510 2796 λαοῦ¹
546 2752 648 2803 μου
686 2737 966 2806 φάγονται,
998 2761 1017 2793 ι
1053 2745 1173 2798 ἀντὶ
1199 2747 1316 2811 τοῦ,
1350 2728 1615 2806 Τοιούτων
1645 2728 1783 2808 ἀπὸ-

210 2817 501 2877 λαύσιουσιν
529 2828 583 2879 οἱ
616 2828 712 2882 τοῦ
738 2830 866 2885 λαοῦ
895 2851 995 2904 μου
1026 2832 1115 2891 οἷά
1141 2856 1246 2911 περ
1275 2842 1539 2913 ἥμαρτον.

276 2993 428 3085 Στίχ.
470 2997 644 3052 θ’-ια’.
684 3031 756 3043 —
786 3022 807 3056 ι
840 3006 948 3059 Καὶ
993 3009 1050 3061 ἐν
1084 3013 1216 3085 ,ταῖς
1263 3013 1555 3085 ἁμαρτίαις
1603 3020 1783 3074 αὐτῶν

208 3080 468 3153 λήψονται
499 3089 653 3144 ἄλλοι
670 3092 849 3164 ψυχὰς
874 3084 1087 3153 αὐτῶν.⁴
1111 3118 1130 3151 ι
1172 3080 1340 3175 ’Υπὲρ
1364 3080 1471 3178 γὰρ
1500 3080 1575 3162 ὧν

206 3190 365 3229 τανον
390 3179 476 3241 εὶς
524 3180 646 3250 ἐμὲ,
679 3183 748 3235 δι’
778 3186 979 3259 ἐτέρων
1011 3189 1238 3246 δώσουσι
1262 3194 1416 3266 δίκην
1438 3198 1546 3253 τῶν
1572 3179 1780 3257 ἐπιέναι

212 3266 517 3356 μελλόντων
557 3273 746 3338 αὐτοῖς
794 3278 1085 3351 πολεμίων.
1123 3303 1142 3335 ι
1194 3286 1303 3339 Καὶ
1340 3286 1486 3341 ἔσται
1533 3291 1711 3356 καθὼς
1754 3296 1784 3348 6

207 3354 566 3425 λαὴ,οὖτως
614 3367 707 3418 καὶ
742 3369 772 3421 6
806 3368 1000 3441 ἱερεύς.
1044 3393 1063 3425 ι
1117 3376 1206 3429 Ἐν
1251 3377 1487 3452 τοσαύτῃ
1530 3354 1784 3453 συγχύσει

206 3463 263 3499 τε
289 3452 382 3541 καὶ
418 3458 683 3526 συμφορᾷ
711 3457 801 3512 δια
832 3461 928 3531 τῆς
949 3465 1323 3534 αἰχμαλωσίας
1348 3452 1681 3541 γενήσονται,
1709 3477 1785 3539 ὡς

212 3540 344 3639 μηδὲ
391 3544 533 3639 μίαν
564 3540 706 3639 εἶναι
759 3551 1128 3621 ἱερατεύοντός
1170 3575 1231 3612 τε
1272 3562 1366 3614 καὶ
1407 3540 1502 3616 τοῦ
1544 3565 1646 3619 ὑπὸ
1673 3564 1786 3638 ’τὴν

213 3632 519 3728 ἱερωσύνην
559 3635 853 3708 διαφοράν·
884 3641 979 3697 ἅτε
1022 3646 1245 3715 μηδενὸς
1280 3652 1378 3721 μὲν
1411 3653 1519 3707 τῶν
1552 3655 1608 3708 ἐν
1641 3632 1786 3728 ἱερα-

208 3724 326 3792 est;
362 3724 489 3796 θείᾳ
550 3732 941 3801 προσηκόντων
966 3741 1246 3809 γινομένου
1289 3745 1431 3808 τότε,
1468 3724 1703 3802 πάντων-
1727 3749 1784 3803 δὲ

422 3817 823 3909 ἀἰχμαλωσίας
848 3831 1101 3899 συμφορᾷ
1136 3835 1531 3905 περικειμένων
1563 3839 1783 3909 ὁμοίως.

216 3920 236 3993 ι
277 3904 389 3956 Καὶ
415 3905 699 3978 ἐκδικήσω
721 3913 806 3965 ἐπ’
831 3915 1025 3980 αὐτοὺς
1055 3918 1153 3984 τὰς
1188 3921 1337 3988 ὁδοὺς
1362 3904 1567 3993 αὐτῶν,
1592 3904 1685 3983 καὶ
1716 3930 1786 3985 τὰ

208 3992 490 4095 διαδούλια
527 4000 724 4095 ἀὐτῶν
762 4005 1124 4095 ανταποδιὶισω
1159 4015 1359 4082 αὐτοῖς.
1396 4038 1415 4070 ι
1464 4019 1784 4095 Τιμωρήσο-

214 4099 312 4150 μαι
332 4084 443 4156 γὰρ
477 4088 677 4153 αὐτοὺς
699 4093 935 4164 ἀνάλογα
964 4093 1043 4163 οἷς
1068 4119 1127 4155 τε
1156 4104 1496 4164 ἐϐουλεύοντο
1520 4084 1785 4171 ἐπιτελεῖν

348 4181 680 4281 προῄρηντα
727 4205 745 4237 ι
778 4188 1185 4281 Καιφάγονται
1222 4200 1316 4253 καὶ
1360 4204 1420 4257 ού
1460 4206 1535 4277 μὴ
1576 4208 1786 4281 ἐμπλη-

214 4265 429 4368 σθῶσιν.
470 4289 491 4319 ι
535 4274 842 4330 ’Δπαυστον
863 4278 1040 4344 ἕξουσι
1080 4284 1189 4339 τῶν
1220 4291 1403 4343 κακῶν
1568 4265 1779 4368 πεῖραν,

214 4357 294 4409 ἀεὶ
320 4361 437 4423 τοῖς
458 4361 718 4457 *πρώτοις
759 4370 1196 4443 προστιθεμένων
1243 4357 1571 4451 έτέρων·ἐκ
1624 4357 1786 4457 pm;

1888 567 2077 635 procul
2127 582 2226 623 vos
2260 576 2479 637 propter
2522 568 2886 638 captivitatem
2921 566 2989 622 ab
3038 568 3104 622 iis
3143 566 3278 621 locis
3312 566 3439 621 sub-

1886 672 2131 716 movens,
2168 657 2218 709 in
2252 656 2453 725 quibus
2487 673 2595 710 retu
2648 658 2779 711 mihi
2824 671 3035 711 sacram
3078 670 3106 709 a
3138 655 3291 710 vobis
3324 655 3440 707 ﬁeri

1886 750 2240 802 cortstitutum
2272 752 2464 803 fuerat.
2500 748 2611 803 Hoc
2639 748 2943 819 signiﬁcant
2970 748 3155 814 verba,
3193 766 3209 798 ι
3250 745 3441 815 Repel-

1887 839 1991 891 lam
2029 848 2079 892 te
2118 842 2408 908 quominus
2443 840 2746 894 sacerdotio
2788 839 3032 907 fungaris
3064 838 3215 892 mihi.
3250 856 3268 889 ι
3305 836 3442 889 Nam

1887 931 2011 999 quia
2036 945 2323 984 commune
2356 932 2564 984 lucrum
2593 938 2676 985 est
2710 930 3094 992 sacerdotium,
3122 937 3278 998 prout
3314 928 3441 981 bea-

1886 1029 1973 1075 tus
2008 1020 2210 1075 Paulus
2251 1024 2349 1084 ait,
2387 1038 2447 1077 ac
2498 1037 2781 1092 propterea
2823 1021 2981 1077 debet
3023 1020 3277 1075 sacerdos
3326 1028 3439 1073 tum

1888 1129 1984 1184 pro
2008 1124 2218 1177 se,tum
2251 1114 2414 1169 etiam
2447 1130 2543 1183 pro
2576 1116 2758 1184 populi
2790 1114 3112 1185 ignorantiis
3150 1112 3343 1167 oﬁerre
3364 1112 3403 1143 “
3424 1130 3441 1165 ι

1886 1208 2079 1260 merito
2145 1216 2375 1262 cunctos
2425 1210 2491 1261 dc
2548 1207 2854 1262 sacerdotio
2905 1207 3101 1277 expelli
3163 1204 3316 1266 dicit,
3368 1204 3444 1258 si-

1884 1302 2101 1369 quando
2168 1302 2269 1356 hoc
2325 1302 2576 1357 desinit:
2626 1318 2748 1355 nam
2802 1301 2960 1357 sicuti
3021 1300 3148 1353 dum
3205 1300 3445 1361 exsistit,

1884 1404 2227 1445 communem
2261 1392 2458 1461 praebet
2503 1390 2817 1453 utilitatem,
2859 1390 2937 1445 sic
2983 1390 3260 1450 desinens,
3292 1404 3445 1443 com-

1885 1496 2045 1536 mune
2067 1483 2449 1536 detrimentum
2495 1482 2655 1553 parit.
2697 1501 2714 1533 ι
2764 1480 2830 1535 Ει
2871 1481 3032 1534 oblita
3074 1497 3133 1535 es
3181 1480 3312 1550 legis
3346 1478 3442 1533 Dei

1884 1571 2001 1638 tui;
2036 1572 2333 1628 obliviscar
2377 1573 2611 1627 ﬁliorum
2654 1581 2869 1627 tuorum
2911 1581 2964 1627 et
3011 1587 3131 1640 ego.
3164 1590 3189 1637 ,ι
3220 1569 3325 1625 Eos
3349 1570 3441 1638 qui

1885 1665 2121 1733 legitima
2183 1680 2304 1719 mea
2374 1665 2857 1736 transgredientnr,
2924 1664 3076 1718 nihili
3139 1663 3438 1718 mstimabo.

1891 1774 1909 1805 ι
1951 1755 2258 1810 Secundum
2292 1757 2697 1811 multitudinem
2741 1757 2843 1825 21
2893 1772 3100 1822 eorum,
3136 1756 3215 1810 sic
3255 1770 3443 1825 pecca-

1886 1857 2078 1899 verunt
2105 1846 2258 1899 mihi.
2303 1865 2320 1897 ι
2360 1846 2494 1901 Cum
2526 1848 2702 1913 multi,
2744 1848 2851 1899 into
2898 1847 3340 1910 innumerabiles,
3371 1846 3442 1899 ob

1885 1936 2281 2006 providentiam
2339 1954 2511 1993 meam
2550 1937 2676 1992 facti
2714 1947 2915 2000 essent,
2951 1954 3160 2008 aequum
3198 1938 3441 2007 profecto

1886 2035 2023 2092 erat,
2058 2037 2115 2080 ut
2145 2028 2306 2097 hujus
2342 2030 2583 2085 muneris
2626 2038 2901 2084 auctorem
2942 2037 3360 2100 cognoscerent;
3388 2037 3442 2082 at

1883 2118 1961 2172 illi
1988 2126 2200 2183 contra,
2228 2136 2410 2189 parem
2437 2136 2663 2176 numero
2688 2136 2785 2176 suo
2810 2120 3151 2191 iniquitatem
3174 2122 3442 2176 adversus

1883 2229 1969 2269 me
2015 2226 2489 2285 exprompserunt.
2540 2217 2763 2269 multum
2811 2216 3017 2271 scilicet
3061 2224 3117 2271 et
3176 2213 3439 2269 inﬁnitam

1882 2314 2181 2376 patrantcs.
2224 2306 2363 2371 Quid
2406 2309 2576 2378 ergo?
2613 2327 2629 2360 ι
2669 2307 2907 2362 Gloriam
2952 2323 3138 2363 eorum
3189 2308 3244 2363 in
3288 2310 3439 2378 igne.

1882 2395 2104 2449 miniam
2134 2397 2496 2450 commutabo.
2544 2416 2562 2448 ι
2606 2398 2644 2449 A
2678 2398 2951 2467 prioribus
2981 2400 3138 2454 bonis
3176 2399 3439 2469 dejectos,

1881 2486 2067 2557 pejora
2118 2486 2314 2541 faciam
2356 2490 2611 2558 experiri.
2650 2508 2667 2539 ι
2700 2490 2926 2545 Peccata
2970 2492 3150 2561 pepuli
3204 2492 3306 2546 mei
3341 2508 3437 2547 co-

1881 2578 2115 2632 medent.
2137 2597 2155 2630 ι
2179 2576 2528 2644 Quasidicat,
2547 2580 2693 2633 Talia
2716 2580 2944 2650 pepulus
2960 2595 3112 2635 meus
3131 2597 3253 2635 cum
3278 2581 3331 2634 in
3354 2596 3439 2636 me

1881 2670 2200 2738 peccaverit,
2214 2684 2509 2740 congruum
2527 2669 2686 2727 factis
2698 2672 2810 2727 suis
2827 2670 3062 2727 fructum
3074 2672 3352 2743 percipiet;
3368 2681 3443 2726 tae-

1880 2759 1960 2814 les
1973 2775 2165 2831 nempe
2186 2761 2400 2818 fructus
2414 2762 2655 2833 capiens,
2672 2764 2831 2834 quale
2852 2779 3033 2819 semen
3050 2764 3343 2835 je_cit.l\':nn
3365 2766 3443 2819 ιον

1881 2853 2048 2918 cutio,
2067 2874 2084 2906 ι
2103 2853 2332 2909 Peccata
2351 2856 2532 2926 populi
2550 2857 2653 2912 mei
2677 2855 2977 2923 comedent,
2991 2875 3009 2907 ι
3033 2856 3251 2927 perinde
3264 2867 3347 2912 est
3362 2865 3442 2910 at.-

1880 2958 2008 3011 qne,
2025 2943 2248 3000 Talibus
2261 2945 2539 3015 perfuetur
2555 2947 2782 3015 populus
2797 2963 2971 3009 meus,
2983 2948 3158 3017 qualia
3174 2947 3453 3018 peccavit-

1957 3035 2120 3091 Vsns.
2162 3036 2315 3091 9-H.
2353 3067 2422 3078 -—
2451 3055 2469 3088 ι
2508 3036 2573 3090 Et
2603 3038 2657 3091 in
2698 3037 3075 3107 iniquitatibus
3118 3054 3306 3092 eorum
3352 3053 3442 3091 ac-

1600 3112 1780 3212 ἡμέρ·
1809 3153 1853 3212 c
1884 3127 2088 3197 cipient
2129 3126 2223 3179 alii
2257 3125 2471 3181 animas
2501 3125 2762 3194 ipsorum.
2799 3144 2817 3177 ι
2853 3124 3097 3195 Namque
3118 3128 3187 3180 ob
3229 3140 3290 3180 ea
3322 3139 3442 3194 qua:

1886 3219 1942 3272 in
1978 3233 2062 3272 me
2103 3224 2423 3286 peccarunt,
2465 3217 2724 3271 ultionem
2772 3217 2841 3271 ab
2871 3218 2992 3272 aliis
3039 3219 3318 3289 patientur
3344 3217 3442 3273 ho~

1885 3309 2084 3373 stibus,
2110 3309 2204 3379 qui
2239 3314 2590 3377 consurgent.
2622 3327 2640 3359 ι
2678 3307 2743 3361 Et
2772 3308 2876 3364 erit
2907 3308 3048 3363 sicut
3079 3309 3330 3378 populus,
3362 3307 3442 3362 sic

1884 3399 2161 3457 sacerdos.
2194 3418 2214 3452 ›
2245 3400 2299 3453 In
2325 3398 2704 3454 confusionem
2730 3407 2934 3454 tantam
2968 3400 3442 3470 calamitatemque

1883 3491 2174 3546 devenient
2202 3500 2425 3560 propter
2454 3490 2848 3560 captivitatem,
2880 3498 2938 3544 ut
2967 3491 3113 3543 nulla
3145 3490 3214 3544 sit
3254 3505 3442 3544 sacer-

1886 3583 2032 3638 dotis
2076 3583 2144 3637 ab
2181 3596 2246 3636 eo
2277 3582 2371 3651 qui
2417 3583 2522 3637 sub
2568 3582 2876 3638 sacerdotio
2918 3589 3002 3636 est
3039 3581 3438 3652 discrepantia;

1885 3679 2155 3741 quatenus
2219 3670 2355 3723 nihil
2404 3676 2535 3723 tunc
2588 3670 2653 3724 ad
2702 3668 3034 3724 sacerdotale
3079 3669 3443 3724 ministerium

1886 3761 2167 3831 pertinens
2198 3761 2307 3822 ﬁet,
2341 3760 2557 3815 cunctis
2587 3760 2864 3816 servitutis
2904 3760 3202 3813 infortunio
3233 3759 3444 3815 indiﬁe-

1885 3860 2070 3906 renter
2112 3851 2401 3921 correptis.
2438 3869 2456 3901 ι
2490 3850 2555 3905 Et
2590 3850 2827 3907 ulciscar
2860 3866 3023 3921 super
3059 3865 3155 3905 eos
3195 3850 3311 3907 vias
3343 3866 3442 3907 eo-

1884 3959 2029 4006 rum,
2076 3951 2129 3996 et
2173 3944 2528 4013 cogitationes
2573 3959 2764 3998 eorum
2815 3944 3037 3998 reddam
3086 3943 3239 4014 ipsis.
3272 3962 3289 3996 ι
3333 3944 3439 3999 Pu—

1885 4037 2033 4090 niam
2064 4050 2160 4090 eos
2193 4050 2435 4105 congrua
2491 4035 2596 4099 bis,
2648 4052 2768 4106 quae
2812 4038 3119 4107 cogitarunt
3154 4037 3330 4092 facere
3376 4051 3441 4091 ac

1884 4127 2192 4191 voluerunt,
2225 4126 2486 4181 vindicta.
2526 4146 2544 4178 ι
2576 4126 2640 4181 Et
2675 4128 2979 4187 comedent.
3026 4137 3082 4183 et
3127 4144 3234 4183 non
3266 4129 3442 4197 reple-

1884 4219 2108 4273 buntur.
2148 4239 2167 4271 ι
2198 4219 2579 4274 lndesinentcr
2612 4220 2754 4273 mala
2784 4220 3154 4289 experientur,
3184 4220 3306 4274 aliis
3334 4220 3439 4274 alia

1885 4311 2304 4382 excipientibus.
2342 4310 2527 4365 Utitur
2556 4320 2737 4367 autem
2772 4312 3086 4380 metaphora
3116 4326 3301 4366 eortnn
3345 4312 3437 4381 qni

1887 4403 2226 4457 eomestione
2252 4417 2358 4455 non
2388 4402 2592 4467 satiati,
2629 4417 2825 4458 rursus
2863 4402 3186 4461 comedunt;
3218 4412 3271 4455 ut
3296 4402 3441 4457 dicat

215 4456 382 4562 ςορῗς
410 4455 557 4562 αὐτὸ.
588 4458 755 4562 εἰπὼν
801 4461 907 4514 τῶν
948 4465 1113 4518 ἐπειδ’
1163 4467 1229 4521 ἂν
1276 4476 1537 4541 φαγόντες
1570 4455 1644 4549 μη
1691 4498 1781 4533 κο-

1888 4490 2009 4547 fore
2048 4492 2118 4545 ut
2167 4492 2221 4545 bi
2268 4493 2429 4545 etiam
2479 4493 2620 4546 mala
2672 4491 3055 4559 experiantur;
3105 4501 3159 4546 et
3204 4495 3445 4562 peractis

216 4543 503 4612 ρεσθῶσιν,
540 4547 822 4603 ἐσθιόντων
870 4553 1057 4607 πάλιντ
1083 4557 1167 4611 ἵνα
1202 4561 1328 4634 εἴπῃ
1376 4565 1457 4617 ὅτι
1499 4543 1594 4621 καὶ
1632 4543 1782 4624 ὀὗτοι

215 4636 271 4687 ἐν
300 4638 469 4708 πείρα
499 4641 813 4711 γενήσονται
840 4644 949 4699 τῶν
985 4649 1169 4702 κακῶν
1188 4668 1203 4681 ·
1236 4658 1330 4706 καὶ
1356 4655 1462 4709 τῶν
1504 4662 1780 4734 προτέρων

214 4730 534 4823 γεγονότων,
593 4734 668 4803 (p.
703 4735 793 4803 55)
840 4737 1000 4791 πάλιν
1028 4739 1183 4794 ἔσται
1222 4743 1446 4816 δεύτερα
1470 4764 1483 4777 ·
1514 4730 1684 4823 πέρας
1723 4758 1780 4810 δὲ

214 4818 315 4872 τῶν
347 4823 686 4893 γιγνομένων
720 4828 819 4881 οὐκ
837 4828 986 4883 ἔσται
1010 4848 1024 4863 ’
1048 4832 1109 4885 τὸ
1136 4835 1243 4906 γὰρ
1267 4856 1285 4888 ι
1317 4818 1595 4907 φάγονταιί
1614 4865 1632 4895 »
1660 4848 1782 4901 κάν-

213 4910 384 5007 ταῦθα
398 4909 641 4980 εἷπενώς
654 4918 713 4971 ἐν
732 4922 841 4983 τοῖς
854 4922 1146 4993 ἀνωτέροις
1165 4946 1183 4978 ι
1206 4927 1503 5001 ’Δμαρτίας
1526 4933 1652 4988 λαοῦ
1678 4956 1779 5007 μου

218 5003 499 5071 φάγονται.
538 5025 559 5057 ι
598 5008 718 5062 ἀντὶ
760 5011 877 5075 τοῦ,
927 5016 1371 5088 Πειραθήσονται.
1418 5042 1437 5075 ι
1500 5003 1782 5098 Ἐπὸρνευ-

220 5110 315 5145 σαν
344 5098 436 5149 καὶ
453 5097 516 5149 οὐ
548 5098 623 5168 μὴ
644 5102 1091 5161 κατευθυνθῶσιν.
1128 5127 1146 5159 ι
1181 5109 1395 5183 Ἐπειδὴ
1416 5115 1521 5187 γὰρ
1540 5097 1781 5192 ἀπέστη-

221 5187 315 5239 σάν
364 5205 463 5257 μου
489 5192 786 5258 παντελῶς,
814 5195 963 5251 οὐδὲν
995 5201 1175 5265 αὐτοῖς
1211 5204 1291 5265 εἰς
1320 5204 1439 5258 δέον
1467 5187 1778 5279 ἐκϐήσεται.

226 5297 243 5326 ι
270 5280 412 5375 atri-:1.
454 5280 546 5375 ’ἣν
588 5284 792 5375 ξύριον
836 5288 1208 5357 ἐγκατέλιπον,
1254 5294 1347 5348 τοῦ
1386 5298 1610 5366 φυλάξαι
1652 5320 1781 5375 πορ-

221 5369 397 5423 νείανο
437 5373 530 5425 καὶ
571 5370 711 5427 οἶνον
734 5378 831 5431 καὶ⁵
874 5380 1122 5453 μέθυσμα
1166 5384 1381 5452 ἐδέξατο
1417 5390 1609 5461 καρδία
1652 5369 1781 5449 λαοῦ

226 5479 343 5527 μου.
378 5482 397 5513 ι
443 5465 839 5539 Ἀμελήσαντες
866 5472 975 5542 γὰρ
1016 5475 1105 5528 τοῦ
1132 5476 1287 5531 Θείου
1315 5481 1612 5549 παντελῶς,
1654 5486 1782 5539 πολ-

224 5552 653 5624 λὴννὲπιμέλειαν
694 5562 796 5629 τῆς
824 5566 949 5633 περὶ
971 5566 1037 5619 τὰ
1064 5567 1253 5623 εἴδωλα
1298 5573 1578 5627 ἐποιοῦντο
1622 5593 1783 5631 σπου-

1888 4583 2185 4653 prioribus.
2238 4583 2353 4637 fore
2400 4591 2458 4635 ut
2507 4584 2808 4652 posteriora
2861 4585 3243 4653 super-veniant
3276 4583 3440 4638 :nul-

1886 4676 2107 4743 tumque
2137 4674 2296 4726 tinem
2334 4672 2646 4740 impositum
2676 4672 2761 4726 iri.
2793 4671 2924 4726 Nam
2955 4673 3175 4728 verbum
3212 4692 3227 4724 ι
3260 4690 3441 4728 come-

1889 4762 2018 4817 dent
2050 4781 2069 4813 ι
2105 4761 2195 4815 hic
2226 4761 2353 4815 item
2385 4776 2451 4815 co
2480 4775 2643 4815 sensu
2668 4760 2801 4816 dicit
2829 4778 2937 4831 quo
2963 4763 3015 4816 in
3042 4763 3437 4832 superioribus,

1883 4871 1902 4904 ι
1944 4865 2165 4923 peccata
2216 4851 2401 4921 populi
2453 4851 2557 4906 mei
2593 4853 2901 4918 comedent,
2936 4874 2954 4906 ι
3004 4854 3059 4907 id
3102 4861 3205 4915 est,
3259 4852 3438 4921 Expe-

1880 4948 2109 5001 rientur.
2160 4964 2178 4995 ί
2212 4943 2494 4998 Fornicati
2536 4956 2685 5009 sunt,
2722 4956 2771 5000 et
2811 4963 2917 4999 non
2950 4954 3096 4999 recte
3138 4945 3216 4998 eis
3246 4945 3372 5001 erit.
3411 4962 3429 4995 ι

1881 5034 2013 5089 Nam
2048 5033 2176 5103 quia
2218 5049 2247 5086 ιι
2283 5049 2369 5087 me
2391 5035 2615 5088 omnino
2647 5042 3010 5096 recesserunt,
3041 5032 3176 5085 nihil
3208 5034 3274 5087 iis
3301 5031 3437 5087 bene

1882 5126 2117 5182 eveniet.
2176 5143 2196 5175 ι
2237 5123 2504 5190 Quoniam
2550 5126 2838 5181 Dominum
2866 5127 2970 5193 22
3008 5125 3435 5194 dereliquerunt,

1883 5229 1942 5275 ut
1987 5219 2311 5275 fornicando
2347 5219 2693 5274 inbaarerent.
2740 5217 3204 5280 Fornicationem,
3247 5218 3434 5271 vinum

1878 5319 1933 5364 et.
1983 5310 2303 5363 ebrietatem
2353 5324 2449 5361 cor
2491 5310 2675 5379 populi
2732 5308 2835 5361 mei
2894 5308 3124 5376 excepit.
3164 5327 3183 5360 ι
3230 5308 3438 5376 Quippe

1882 5399 1991 5454 Deo
2019 5415 2243 5469 prorsus
2276 5403 2548 5470 neglecto,
2581 5400 2801 5451 multam
2839 5398 2986 5451 circa
3019 5398 3287 5452 idolorum
3317 5398 3438 5450 ditio

1881 5492 2118 5563 gentiam
2150 5499 2606 5561 exprompserunt
2637 5507 2649 5543 :
2688 5490 2822 5545 adeo
2847 5501 2904 5544 ut
2934 5492 3090 5547 malis
3121 5491 3333 5554 ebriati,
3372 5505 3436 5544 ne

1883 5595 2102 5635 sensum
2128 5580 2347 5651 quidem
2380 5582 2684 5650 iniquitatis
2715 5595 2827 5636 sua:
2857 5582 3111 5637 habeant.

225 5640 349 5715 δῆςο
388 5647 527 5704 ὥστε
582 5654 878 5721 μεθύοντας
928 5663 1122 5726 αὐτοὺς
1162 5667 1271 5730 τοῖς
1320 5670 1537 5735 κακοῖς,
1602 5670 1734 5740 μηδὲ
1778 5672 2023 5745 αἴσθησιν
2070 5640 2169 5743 τῆς
2190 5640 2531 5746 παρανομίας
2558 5671 2741 5727 λοιπὸν
2770 5674 2911 5747 ἔχειν
2937 5676 3034 5748 τῆς
3070 5675 3220 5739 ἰδίας.

297 5809 335 5841 ⁸⁸
370 5813 529 5867 Hebr.
569 5832 660 5872 vn.
693 5820 777 5873 12.
