3898 6228
442 239 540 298 151

1637 252 1983 309 TllEODORl
2036 256 2511 318 MOPSUESTENI

3564 269 3669 325 152

508 353 674 410 Vns.
707 356 895 413 12-“.
930 386 999 398 --
1034 378 1052 410 ι
1084 361 1141 414 In
1173 361 1435 432 auspiciis
1473 364 1903 437 interrogabant,
1945 386 1975 423 e

2174 376 2317 446 Στίχ.
2372 375 2549 446 ιβὀιδ.
2586 406 2654 417 -—-
2687 397 2705 429 ι
2754 379 2842 433 Ἐν
2896 379 3180 449 συμϐόλοις
3228 378 3547 451 ἐπηρώτων,
3572 383 3669 437 καὶ

435 445 492 500 in
548 446 719 518 virgis
770 448 886 505 suis
946 452 1342 507 annuntiabant
1397 455 1520 509 ei.i
1580 456 1745 521 More,
1801 460 1995 530 inquit,

434 537 779 594 ethnicorum
824 542 1075 611 agebant,
1118 546 1210 615 qui
1255 546 1529 603 daemones
1564 550 1995 622 interrogabant,

434 633 549 687 sive
575 633 769 688 horum
812 637 1147 704 sacerdotes,
1181 657 1247 695 ex
1276 644 1535 712 auspiciis
1568 643 1781 701 discere
1809 648 1995 702 volen-

432 729 517 777 tes
545 741 666 794 qua:
694 726 828 795 ipsis
856 742 995 797 opus
1026 741 1180 785 erant
1215 751 1226 785 :
1256 748 1485 803 quorum
1518 745 1635 789 erat
1658 742 1997 793 consuetudo

434 821 493 867 ut
528 816 697 887 virgis
720 818 1047 888 quibusdam
1075 831 1311 889 utentes,
1337 823 1709 881 fraudulenter
1738 830 1801 880 acl
1829 830 1998 884 inter-

432 912 619 973 rogata
655 909 1063 976 responderent.
1099 929 1117 963 ι
1151 911 1389 983 Spiritus
1423 914 1805 973 fornicationis
1832 919 1994 975 dece-

434 994 513 1063 pit
538 1010 654 1060 eos,
684 1008 737 1052 et
767 998 1019 1055 fornicati
1051 1013 1177 1058 sunt
1220 1020 1247 1057 a
1281 1005 1390 1061 Deo
1424 1022 1540 1061 suo.
1570 1027 1589 1060 ι
1624 1008 1993 1065 Fornicariam

431 1083 696 1142 habentes
721 1097 978 1155 mentem,
1014 1094 1082 1148 ad
1111 1110 1351 1152 errorem
1380 1112 1409 1151 a
1433 1097 1544 1153 Deo
1569 1116 1796 1170 prorsus
1817 1105 1992 1158 aversi

431 1178 859 1240 declinaverunt.
897 1204 915 1236 ι
952 1187 1127 1257 Super
1152 1191 1384 1246 vertices
1412 1194 1675 1247 montium
1709 1196 1992 1251 sacrifica-

425 1269 576 1334 bant,
614 1280 667 1325 et
699 1289 865 1343 super
892 1275 1060 1331 colles
1089 1279 1458 1336 accendebant
1492 1283 1789 1354 thymiama
1822 1288 1991 1341 :sub-

425 1366 516 1415 tus
564 1377 825 1430 quercum
864 1376 917 1419 et
954 1368 1213 1437 p0pulum
1246 1378 1299 1424 et
1344 1372 1660 1428 umbrosam
1713 1376 1986 1440 arborem,

424 1449 552 1519 quia
588 1452 789 1507 bonum
830 1466 943 1510 erat
976 1459 1375 1513 umbraculum.
1415 1480 1434 1513 ι
1470 1461 1673 1520 Deinde
1720 1465 1786 1520 ad
1833 1481 1989 1520 mon-

421 1549 509 1598 tes
539 1545 813 1615 collesque
844 1550 1157 1614 currebant,
1194 1537 1380 1622 ibique
1408 1552 1746 1611 daemonibus
1777 1556 1987 1611 sacriﬁ-

423 1633 507 1687 cia
561 1635 863 1702 faciebant,
926 1654 1261 1710 magnasque
1313 1650 1367 1696 et
1419 1645 1708 1701 umbrosas
1765 1648 1986 1703 arbores

2105 466 2160 517 ἐν
2213 466 2422 537 ῥάϐδοις
2470 468 2632 521 αὐτοῦ
2666 468 3001 540 ἀπήγγελλον
3054 470 3218 541 αὐτῷ.
3260 489 3279 522 ι
3327 472 3394 523 *Α
3421 473 3561 527 κατά
3604 472 3667 526 τὸ

2115 556 2419 627 Ἑλληνικὸν
2439 559 2558 622 ἐθος
2590 561 2828 626 ἐποίουν,
2860 561 3027 626 λέγει,
3052 563 3131 615 ὅτι
3151 564 3199 615 οἱ
3235 564 3333 632 μὲν
3371 564 3667 634 ἐπηρώτων

2100 651 2224 712 τούς
2250 650 2524 719 δαίμονας,
2567 652 2676 705 εἴτε
2708 654 2832 715 τούς
2874 652 3074 706 τούτων
3117 655 3315 725 ἱερέας,
3349 654 3435 707 διὰ
3467 654 3666 724 συμδό⁴

2100 743 2205 798 λων
2238 745 2525 816 μανθάνειν
2553 745 2881 817 βουλόμενοι,
2908 747 2958 799 τί
2981 747 3089 799 τῶν
3119 749 3298 810 αὐτοῖς
3337 747 3661 816 ἀναγκαίων’

2099 837 2147 890 οἳ
2198 837 2337 890 κατὰ
2383 837 2442 889 τὸ
2491 837 2679 900 εἰωθὸς
2740 837 2919 901 αὐτοῖς
2962 839 3174 908 ράὸδοις
3224 840 3335 891 τισὶ
3386 840 3662 909 κεχρημέ-

2099 942 2177 979 νοι
2246 925 2381 995 μετά
2426 927 2641 997 ἀπάτης
2681 928 2790 979 τῶν
2857 928 3173 999 ἐρωτήσεων
3230 930 3328 998 τὴν
3377 930 3664 1000 ἀπόκρισιν

2098 1017 2394 1071 ἐποιοῦντο.
2432 1036 2451 1069 ι
2486 1018 2762 1089 Πνεύματι
2810 1020 3063 1090 πορνείας
3126 1020 3521 1092 ἐπλανήθησαν,
3567 1026 3662 1078 καὶ

2097 1107 2488 1181 ἐξεπόρνευσαν
2508 1109 2729 1163 ἀπὸτοῦ
2758 1109 2893 1162 Θεοῦ
2912 1110 3110 1163 αὐτῶν.
3149 1129 3168 1162 ›
3200 1112 3435 1183 ΙῙορνικῇ
3461 1115 3663 1185 χρησά-

2099 1219 2247 1272 μενοι
2299 1201 2510 1276 γνώμῃ,
2570 1203 2705 1275 πρὸς
2750 1203 2955 1274 πλάνην
3005 1199 3140 1257 εἶδον
3195 1206 3524 1270 ἀποστάντες
3564 1208 3662 1261 τοῦ

2094 1294 2227 1348 Θεοῦ
2260 1294 2554 1358 παντελῶς.
2597 1316 2615 1348 ι
2662 1298 2782 1351 Ἐπὶ
2804 1297 2902 1361 τὰς
2934 1298 3177 1367 κορυφὰς
3210 1298 3316 1351 τῶν
3346 1298 3514 1369 ὀρέων
3538 1300 3663 1353 ἐθυ-

2096 1385 2297 1450 σίαζον.
2330 1385 2405 1457 (p.
2449 1386 2537 1459 54)
2577 1388 2666 1441 καὶ
2704 1387 2796 1440 ἐπὶ
2823 1388 2946 1450 τοὺς
2988 1387 3207 1458 βουνοὺς
3235 1388 3384 1442 ἔθυον
3406 1390 3663 1443 ὑποκάτω

2091 1477 2249 1548 δρυὸς
2273 1478 2366 1531 καὶ
2391 1478 2588 1549 λεύκης
2614 1480 2704 1533 καὶ
2724 1480 2938 1551 δένδρου
2970 1480 3368 1545 συσκιάζοντος,
3390 1482 3469 1534 ὅτι
3497 1482 3663 1536 καλὸν

2094 1570 2288 1639 σκέπη.
2315 1590 2333 1622 ι
2358 1565 2488 1624 Εἶτα
2511 1572 2601 1623 ἐπὶ
2630 1572 2698 1625 τὰ
2725 1571 2825 1642 δρη
2854 1589 2914 1624 τε
2940 1572 3175 1634 καὶτοὺς
3206 1572 3422 1641 βουνοὺς
3449 1573 3666 1643 ἀνέτρε-

2092 1682 2204 1733 χον,
2247 1664 2431 1717 αὐτόθι
2470 1664 2657 1727 θυσίας
2702 1664 3072 1729 ἐπιτελοῦντες
3124 1669 3235 1730 τοῖς
3280 1667 3534 1736 δαίμοσιο
3567 1667 3661 1718 καὶ

421 1725 752 1795 tleligebant,
787 1728 875 1782 ubi
908 1744 1042 1785 suas
1069 1732 1456 1799 perversitates
1486 1745 1843 1806 peragerent;
1885 1754 1980 1791 ma

2094 1725 2321 1826 δένδρων
2350 1756 2415 1811 τὰ
2463 1725 2671 1828 μεγάλα
2702 1775 2759 1810 τε
2802 1759 2895 1811 καὶ
2923 1725 3117 1813 σύσκια
3163 1725 3523 1831 ἐκλεγόμενοι,
3558 1762 3661 1813 αὐ-

421 1831 587 1885 gnum
614 1818 744 1888 quid
774 1826 828 1873 et
861 1828 1110 1875 sanctum
1139 1832 1399 1892 putantes
1427 1840 1549 1880 esse
1583 1827 1839 1881 arborum
1877 1843 1992 1881 am-

419 1908 744 1976 plitudinem
778 1926 841 1966 ac
882 1913 1231 1979 densitatem,
1278 1923 1330 1971 et
1377 1932 1491 1973 sua:
1534 1918 1797 1989 impietati
1840 1936 1993 1975 com-

420 1999 643 2053 modum
696 2003 1095 2061 existimantes.
1160 2025 1179 2058 ι
1210 2006 1337 2062 ldeo
1400 2008 1817 2064 fornicabuntur
1868 2012 1990 2066 tilia:

418 2097 633 2154 vestraa,
679 2099 732 2146 et
771 2109 987 2163 sponsae
1029 2104 1220 2152 vestra:
1258 2098 1520 2154 adultera:
1551 2108 1730 2155 erunt.
1777 2100 1842 2155 Et
1878 2119 1988 2157 non

417 2185 651 2242 visitabo
673 2204 837 2251 super
864 2191 1002 2246 filias
1033 2200 1248 2249 vestras
1288 2210 1413 2249 cum
1450 2193 1656 2251 fuerint
1682 2196 1985 2262 fornicatw,

415 2285 472 2334 et
499 2294 664 2349 super
690 2296 923 2350 sponsas
954 2294 1165 2340 vestras
1190 2300 1314 2339 cum
1350 2285 1780 2342 adulteraverint
1813 2308 1827 2344 :
1853 2304 1986 2359 quo-

415 2368 563 2423 niam
589 2378 645 2425 et
683 2370 787 2441 ipsi
820 2387 944 2426 cum
984 2374 1367 2430 meretricibus
1399 2378 1888 2444 conversabantur,
1934 2388 1988 2435 et

412 2476 539 2517 cum
592 2462 821 2519 initiatis
864 2464 1241 2522 immolabant.
1290 2467 1356 2521 Et
1402 2471 1638 2538 pepulus
1673 2471 1985 2541 intelligens

414 2555 729 2610 adhaerebat
762 2556 1056 2611 meretrici.
1095 2575 1115 2608 ι
1148 2556 1356 2628 Dignas
1384 2560 1602 2616 delictis
1635 2562 1837 2615 vestris
1867 2576 1986 2630 pce-

412 2662 513 2702 nas
537 2647 761 2713 dabitis,
788 2664 913 2703 cum
938 2650 1095 2705 vobis
1121 2651 1274 2720 potiti
1304 2653 1511 2715 hostes,
1542 2654 1761 2708 tiliabus
1787 2655 1983 2709 vestris

411 2752 477 2792 ac
505 2740 765 2793 uxoribus
794 2750 986 2810 stupra
1030 2739 1292 2806 inferent,
1321 2757 1554 2812 quorum
1587 2758 1687 2813 ego
1712 2744 1981 2799 factorum

410 2831 618 2885 trullam
680 2847 861 2903 geram
917 2833 1379 2903 sollicitudinem;
1432 2835 1563 2906 quia
1625 2838 1820 2892 merito
1866 2837 1981 2891 haec

409 2924 713 2993 patiemini,
749 2926 840 2994 qui
877 2926 982 2996 23
1016 2927 1316 2982 fornicario
1366 2944 1554 2983 errore
1591 2945 1690 2984 vos
1738 2931 1981 2984 irrctivi-

411 3013 534 3077 stis,
586 3012 937 3083 conjurantes
982 3017 1169 3082 simul,
1204 3024 1263 3071 ut
1306 3034 1391 3074 me
1423 3018 1687 3074 derelicto
1730 3020 1796 3074 ad
1835 3021 1979 3075 idola

411 3104 718 3171 accedatis;
754 3107 808 3160 in
830 3115 1061 3174 tantum,
1099 3116 1159 3163 ut
1184 3111 1336 3165 multi
1368 3126 1434 3166 cx
1461 3112 1617 3168 vobis
1647 3114 1980 3170 constitutas

410 3213 628 3269 quoque
656 3199 798 3270 apud
840 3202 1094 3258 ethnicos
1135 3203 1470 3259 initiationes
1508 3208 1879 3276 susceperint,
1926 3215 1981 3261 et

410 3290 680 3346 sacriﬁcia
720 3292 808 3348 his
844 3303 1106 3351 consueta
1141 3302 1402 3366 tanquam
1444 3312 1543 3366 pro
1573 3297 1765 3366 grandi
1798 3298 1980 3367 aliquo

407 3380 551 3436 bono
577 3392 860 3453 peragant.
892 3387 1076 3457 Atque
1103 3394 1163 3440 ut
1198 3387 1509 3441 summatim
1547 3388 1817 3454 dicamus,
1856 3390 1981 3442 uni-

407 3487 603 3530 versus
681 3477 939 3546 papulas,
977 3478 1070 3547 qui
1128 3478 1365 3532 maxime
1416 3479 1659 3531 omnium
1720 3480 1982 3535 cordatus

407 3581 532 3621 esse
568 3566 851 3632 debuerat,
886 3577 939 3624 et
991 3568 1160 3625 Deum
1200 3586 1298 3627 ceu
1351 3571 1628 3641 proprium
1675 3581 1977 3626 creatorem

408 3670 723 3725 agnoscere,
770 3657 990 3711 illorum
1033 3659 1348 3713 societatem
1397 3658 1658 3728 praetulit,
1705 3659 1796 3727 qu‘i
1837 3659 1979 3713 hanc

406 3746 709 3816 improbam
747 3749 1305 3820 intemperantemque
1341 3749 1757 3805 fornicationem
1797 3760 1980 3821 patra-

404 3838 558 3903 baut,
601 3854 632 3893 a
680 3839 791 3896 Deo
842 3843 1041 3908 aversi,
1080 3849 1135 3897 et
1184 3842 1526 3898 daemonibus
1573 3843 1781 3897 cultum
1825 3843 1978 3898 exhi-

405 3930 619 3986 Dentes.

474 4218 642 4277 Vens.
679 4221 858 4278 15-19.
881 4254 949 4262 --
978 4243 996 4274 ι
1036 4222 1117 4278 Tu
1152 4239 1303 4291 vero,
1326 4225 1511 4290 Israel,
1534 4241 1603 4282 ne
1627 4226 1865 4297 ignores,
1898 4234 1974 4293 et,

402 4309 542 4365 Juda
576 4329 644 4366 ne
680 4314 918 4384 pergatis
956 4314 1009 4368 in
1042 4314 1285 4387 Galgala,
1321 4333 1496 4387 neque
1529 4317 1585 4371 in
1628 4317 1850 4372 domum
1890 4318 1974 4372 0n

403 4403 731 4467 ascendatis,
762 4413 814 4458 et
853 4421 921 4459 ne
943 4406 1145 4473 juretis
1176 4410 1444 4463 viventem
1484 4406 1791 4465 Dominum.
1828 4428 1848 4463 ι
1895 4408 1973 4466 Ne

401 4493 508 4558 sic,
559 4494 802 4563 inquam,
873 4512 1062 4552 omnes
1114 4499 1355 4568 pessimo
1415 4498 1676 4556 laboretis
1741 4502 1973 4559 inscitia:

400 4583 612 4651 morbo,
645 4593 703 4638 ut
732 4586 786 4640 in
830 4585 1050 4657 Galgala
1093 4590 1162 4643 ad
1195 4591 1532 4647 adorandum
1560 4594 1796 4651 veniatis
1840 4612 1974 4652 con-

400 4676 650 4730 stitutum
690 4677 803 4731 illic
845 4678 1085 4747 idolum;
1124 4689 1178 4735 et
1226 4683 1498 4739 siinuletis
1535 4684 1807 4742 honorare
1848 4695 1973 4742 tan-

400 4784 566 4838 quam
598 4776 859 4825 :eternum
883 4772 1034 4826 illum
1070 4775 1163 4844 qui
1192 4790 1353 4830 verus
1389 4775 1531 4831 Deus
1564 4794 1672 4832 non
1702 4788 1805 4834 est.
1833 4780 1970 4834 Cum

400 4861 547 4916 scire
574 4872 843 4933 oporteat,
890 4865 1231 4934 impossibile
1269 4883 1391 4922 esse
1429 4867 1545 4923 hac
1578 4870 1742 4924 simul
1788 4870 1971 4926 consi-

399 4961 585 5009 stere:
619 4955 789 5009 multa
840 4956 984 5010 enim
1034 4967 1117 5011 est
1156 4956 1464 5014 diﬁerentia
1512 4962 1703 5015 :eterni
1758 4960 1853 5017 Dei
1897 4963 1968 5017 ab

400 5044 568 5107 idolo,
606 5048 747 5117 quod
793 5048 909 5103 heri
951 5063 1146 5104 manus
1184 5050 1467 5106 hominum
1510 5050 1922 5108 fabricaverunt
1954 5073 1967 5108 :

399 5138 787 5211 conﬁtentique
830 5150 1095 5197 aeternum
1138 5143 1303 5197 Deum
1350 5159 1578 5213 prorsus
1631 5161 1753 5202 esse
1794 5146 1969 5201 absti-

397 5229 634 5282 nendum
665 5230 732 5283 ab
760 5231 827 5285 iis
871 5232 964 5302 qui
997 5232 1121 5286 ficte
1153 5231 1291 5287 hanc
1322 5243 1518 5302 gerunt
1545 5234 1825 5290 obtrusam
1872 5250 1970 5307 ap-

395 5321 739 5392 pellationem
770 5342 783 5377 :
815 5325 1123 5391 cujusmodi
1169 5332 1251 5380 est
1294 5325 1376 5380 0n
1408 5324 1636 5391 idolum,
1677 5327 1837 5397 cujus
1889 5330 1967 5384 fa-

398 5426 527 5468 num
561 5413 745 5478 aditis,
774 5414 918 5468 haud
952 5416 1366 5473 convenientem
1404 5417 1455 5472 ei
1479 5418 1684 5472 cultum
1719 5418 1969 5475 deferenc

398 5515 498 5561 tes.
524 5524 543 5557 ι
568 5505 836 5572 Quoniam
858 5506 999 5561 sicut
1024 5522 1190 5563 vacca
1234 5508 1371 5564 asilo
1394 5524 1677 5578 percussa,
1712 5511 1969 5566 insanivit

393 5597 581 5654 lsrael.
610 5619 628 5652 ι
669 5598 859 5654 Vaccre
890 5601 1063 5655 instar
1090 5603 1359 5658 naturalis
1389 5602 1668 5672 cupidinis
1709 5612 1857 5658 motu
1900 5603 1970 5658 ad

467 5712 546 5788 (ὅ)
577 5711 712 5788 de.
749 5712 1127 5788 0061fortgsse
1159 5731 1257 5788 pro
1289 5716 1411 5785 μού.
1441 5714 1704 5788 Vulgatus
1727 5715 1845 5771 Lat.
1877 5716 1958 5769 le-

394 5787 557 5854 gebat
582 5784 665 5851 οὐ,
698 5801 823 5839 non.
848 5784 953 5841 Sed
988 5782 1330 5842 Theodorum
1364 5782 1611 5843 no.~tr1ﬁn
1647 5788 1840 5857 legisse
1865 5803 1949 5856 ap-

2091 1852 2204 1904 τόθι
2233 1853 2329 1922 τὴν
2370 1853 2584 1923 ἀπάτην
2615 1853 2885 1924 ἐπλήρουν
2916 1854 3014 1925 τὴν
3059 1856 3281 1920 οἰκείαν,
3317 1854 3457 1925 μέγα
3483 1871 3534 1905 τι
3565 1854 3661 1907 καὶ

2092 1944 2283 2014 σεμνὸν
2306 1942 2611 2013 νομίζοντες
2633 1938 2771 1997 εἶναι
2795 1944 2856 1997 τὸ
2891 1945 3117 2015 μέγεθος
3149 1947 3245 2016 τῆς
3282 1945 3390 1999 ἀπὸ
3415 1945 3520 1999 τῶν
3545 1944 3659 1998 δέν-

2088 2035 2228 2105 δρων
2268 2035 2453 2098 σκιᾶς·
2479 2034 2617 2087 ὥστε
2653 2036 2748 2089 καὶ
2778 2037 2912 2106 πρὸς
2944 2036 3040 2107 τὴν
3070 2037 3320 2090 ἀσέϐειαν
3344 2036 3663 2107 ἐπιτηδείως

2087 2127 2231 2197 ἔχειν
2278 2127 2417 2181 αὐτὰ
2468 2128 2727 2197 νομίζειν.
2765 2147 2783 2180 ι
2832 2129 2932 2183 Διά
2978 2130 3135 2183 τοῦτο
3179 2128 3563 2201 πορνεύσουσιν
3601 2128 3661 2182 αεη

2087 2219 2381 2292 θυγατέρες
2416 2220 2586 2290 ὐμῶν,
2618 2222 2712 2275 καὶ
2750 2222 2805 2274 αἱ
2844 2222 3048 2292 νύμφαι
3082 2222 3231 2293 ὑμῶν
3279 2223 3655 2293 μοιχεύσουσια

2084 2314 2177 2366 καὶ
2217 2312 2276 2364 οὐ
2314 2311 2385 2381 μὴ
2430 2312 2808 2383 ὲπισκέψωμαι
2860 2315 2950 2366 ἐπὶ
2990 2314 3089 2377 τὰς
3127 2315 3341 2384 νύμφας
3392 2315 3544 2385 ὑμῶν
3580 2316 3656 2366 ὅτ’

2085 2397 2151 2451 ἂν
2200 2399 2556 2470 πορνεύσωσι,
2608 2398 2703 2453 καὶ
2743 2401 2834 2453 ἐπὶ
2894 2402 2992 2465 τὰς
3021 2402 3238 2472 νύμφας
3286 2403 3438 2474 ὑμῶν
3486 2405 3564 2458 ὅτ’
3592 2404 3658 2458 ἂν

2087 2487 2442 2558 μοιχεύσωσιν
2465 2506 2479 2519 ·
2519 2490 2599 2542 δτι
2640 2490 2735 2543 κα)⁵
2766 2491 2918 2545 αὐτοὶ
2951 2492 3089 2561 μετά
3126 2494 3233 2546 τῶν
3278 2494 3488 2565 πορνῶν
3532 2512 3659 2547 συν-

2083 2581 2358 2652 εφέροντο,
2392 2583 2485 2635 καί
2516 2581 2657 2651 μετὰ
2694 2582 2802 2643 τῶν
2832 2585 3225 2655 τετελεσμένων
3270 2587 3455 2641 ἔθυον⁸
3502 2589 3597 2641 καὶ
3627 2591 3663 2643 ὁ

2081 2671 2205 2735 λαὸς
2227 2675 2254 2726 ὁ
2286 2673 2359 2743 (3)
2390 2672 2585 2727 συνιὼν
2610 2675 2963 2729 συνεπλέκετο
2987 2678 3124 2745 μετὰ
3168 2678 3390 2748 πόρνης.
3438 2697 3457 2728 ι
3505 2678 3659 2731 Ἀναο

2081 2764 2269 2833 λόγους
2307 2765 2370 2837 δὴ
2407 2768 2520 2829 τοῖς
2564 2766 2993 2839 πλημμελήμασι
3039 2769 3150 2829 τοῖς
3199 2768 3415 2831 οἰκείοις
3456 2766 3659 2821 δώσετε

2080 2854 2178 2917 τὰς
2214 2855 2367 2917 δίκας
2386 2871 2401 2885 ο
2432 2856 2600 2909 ἐπειδ’
2641 2856 2707 2909 ἂν
2742 2857 3108 2929 κατασχόντες
3132 2858 3285 2927 ὐμῶν
3311 2860 3358 2910 οί
3386 2858 3654 2928 πολέμιοι,

2080 2948 2158 3010 εἰς
2184 2946 2282 3010 τὰς
2326 2949 2706 3019 προσηκούσας
2740 2950 2865 3019 ὑμῖν
2906 2949 3207 3020 θυγατέρας
3235 2967 3294 3002 τε
3329 2949 3659 3021 ἐξυϐρίζωσι

2082 3039 2176 3091 καὶ
2211 3038 2429 3109 νύμφας
2450 3054 2463 3071 ·
2498 3033 2573 3095 ὦν
2605 3040 2901 3110 γινομένων
2924 3041 3111 3095 οὐδένα
3134 3042 3427 3113 ποιήσομαι
3460 3042 3615 3110 λόγον
3637 3058 3657 3071 ο

2084 3129 2311 3201 ἐπείπερ
2349 3129 2569 3194 δικαίως
2608 3132 2922 3200 ὑπομενεῖτε
2970 3130 3162 3193 ταῦτα,
3196 3132 3564 3203 συμφυρέντες
3592 3148 3659 3184 τε

2080 3224 2146 3290 τῇ
2178 3225 2407 3292 πορνικῇ
2434 3221 2630 3295 πλάνῃ,
2662 3222 2763 3276 καὶ⁵
2801 3224 3083 3277 κοινωνίαν
3116 3225 3470 3295 ποιησάμενοι
3518 3226 3657 3294 πρὸς

2080 3309 2342 3382 ἀλλήλους
2385 3313 2478 3364 ἐπὶ
2513 3313 2591 3382 τῷ
2623 3313 2941 3373 καταλιπεῖν
2981 3314 3080 3383 μὲν
3119 3313 3240 3383 ἐμὲ,
3282 3314 3565 3386 προσέχειν
3596 3315 3656 3369 δὲ

2079 3404 2193 3464 τοῖς
2236 3401 2472 3465 εἰδώλοις
2495 3420 2509 3434 ο
2564 3403 2637 3472 (p.
2682 3404 2771 3471 55)
2816 3404 2955 3457 ὥστε
2996 3392 3264 3459 τελεῖσθαι
3299 3406 3397 3476 μὲν
3431 3406 3658 3470 πολλοὺς

2081 3492 2138 3557 ἐξ
2169 3493 2322 3563 ὐμῶν
2352 3494 2450 3564 τὴν
2483 3495 2636 3565 παρά
2669 3498 2781 3559 τοῖς
2808 3496 3033 3567 Ἕλλησι
3085 3500 3476 3570 νενομισμένην
3511 3500 3655 3569 μύηο

2083 3602 2193 3637 σιν·
2236 3586 2422 3649 θυσίας
2462 3587 2505 3639 δ’
2537 3588 2622 3640 ἐπ’
2649 3588 2877 3651 ἐκείνοις
2912 3589 2987 3651 ὡς
3012 3590 3151 3659 ὑπὲρ
3195 3590 3461 3660 μεγίστων
3492 3591 3659 3645 τινῶν

2081 3678 2343 3731 ἐπιτελεῖν
2370 3678 2587 3745 ἀγαθῶν
2608 3695 2622 3709 ⁸
2652 3678 2798 3742 am;
2821 3697 2901 3743 τε,
2940 3684 3217 3753 συντόμως
3246 3684 3439 3759 εἰπεῖν,
3474 3683 3505 3734 ὁ
3527 3684 3658 3746 λαὸς

2078 3771 2107 3823 ὁ
2137 3770 2368 3840 μάλιστα
2407 3769 2621 3825 πάντων
2653 3770 2891 3825 συνιέναι
2916 3771 2976 3824 τὸ
3002 3772 3120 3824 δέον
3153 3772 3379 3839 ὀφείλων
3398 3774 3492 3825 καὶ
3523 3772 3662 3826 Θεὸν

2080 3857 2456 3926 ἐπιγινώσκειν
2484 3858 2574 3913 τὸν
2605 3860 2796 3913 ἑαυτοῦ
2824 3860 3067 3932 ποιητὴν,
3096 3863 3195 3932 τὴν
3229 3863 3365 3932 μετά
3401 3863 3660 3915 τοιούτων

2079 3951 2251 4003 εἵλετο
2291 3952 2570 4004 κοινωνίαν
2601 3952 2650 4005 οἳ
2695 3952 2795 4022 τὴν
2834 3953 3114 4023 μοχθηρὰν
3158 3953 3360 4025 ταύτην
3400 3954 3493 4006 καὶ
3527 3954 3652 4006 ἀκό-

2078 4042 2270 4097 λαστον
2292 4042 2568 4108 ἐξετέλουν
2591 4044 2863 4114 πορνείαν,
2882 4045 3017 4097 Θεοῦ
3047 4046 3142 4115 μὲν
3167 4045 3518 4108 ἀποστάντες,
3546 4046 3657 4100 δαί-

2081 4151 2205 4203 μοσι
2233 4133 2290 4186 δέ
2319 4134 2742 4205 προσανέχοντες
2775 4134 3088 4205 θεραπείαν.

2147 4224 2293 4294 Στίχ.
2334 4223 2511 4277 ιεόιθτ.
2541 4253 2611 4263 --
2644 4243 2663 4275 ι
2712 4225 2886 4288 Σύνδέ,
2921 4224 3154 4295 Ἰσραὴλ,
3189 4225 3261 4295 μὴ
3300 4225 3500 4293 ἀγνόει,
3557 4225 3658 4279 καὶ

2090 4314 2257 4367 Ἰούδα
2292 4315 2366 4385 μὴ
2397 4314 2780 4383 είσπορεύεσθε
2810 4317 2889 4378 είς
2911 4315 3181 4383 Γάλγαλα,
3208 4316 3298 4369 καὶ
3333 4317 3404 4385 μὴ
3434 4314 3660 4368 ἀναϐαί-

2004 4445 2051 4500 D
2077 4424 2196 4461 νετε
2232 4409 2311 4470 εἰς
2344 4407 2435 4459 τὸν
2478 4402 2623 4460 οἷκον
2662 4408 2774 4470 Ὧν,
2812 4407 2906 4459 καὶ
2942 4407 3027 4475 μὴ»
3056 4407 3281 4477 ὀμνύετε
3326 4407 3501 4469 ζῶντα
3536 4406 3656 4463 Κύ-

2081 4516 2214 4571 ριον.
2252 4519 2271 4551 ι
2311 4499 2470 4554 Ἀλλά
2510 4499 2621 4570 γὰρ
2655 4500 2730 4569 μὴ
2764 4497 2905 4552 οὕτω
2937 4501 3136 4562 πάντες
3179 4500 3418 4569 χαλεπὴν
3448 4502 3657 4553 νοσεῖτε

2022 4588 2025 4589 ⁷
2073 4592 2172 4661 τὴν
2194 4591 2434 4660 ἄγνοιαν,
2463 4589 2604 4644 ὥστε
2629 4590 2834 4643 ἀνιέναι
2865 4590 2961 4660 μὲν
2989 4591 3068 4653 εἰς
3097 4589 3342 4657 Γάλγαλα
3372 4590 3465 4642 ἐπὶ
3491 4589 3658 4660 θεραο

2075 4684 2204 4755 πεία
2232 4682 2326 4735 τοῦ
2357 4681 2542 4736 αὐτόθι
2572 4682 2857 4754 ἱδρυμένου
2887 4680 3127 4743 εἰδώλου,
3154 4678 3561 4747 προσποιεῖσθαι
3593 4679 3655 4731 δὲ

2072 4776 2238 4846 τιμᾷν
2270 4774 2361 4827 τὸν
2392 4774 2558 4827 ἀΐδιον
2592 4774 2683 4827 καλ⁸
2714 4773 2881 4837 δντως
2921 4773 3049 4827 δντα
3077 4773 3209 4825 Θεὸν
3228 4789 3240 4802 ·
3275 4772 3391 4824 δέον
3426 4770 3651 4828 εἰδέναι,

2076 4870 2150 4934 ὠς
2185 4867 2419 4921 συνιέναι
2446 4867 2619 4920 ταῦτα
2646 4866 2914 4938 ἀλλήλοις,
2949 4867 3057 4919 τῶν
3077 4866 3375 4920 ἀδυνάτων·
3405 4863 3571 4934 πολλὴ
3593 4864 3652 4916 δὲ

2074 4959 2307 5030 διαφορά
2344 4958 2518 5013 ἀϊδίου
2551 4975 2609 5011 τε
2644 4957 2777 5011 Θεοῦ
2799 4958 2893 5012 καὶ
2924 4956 3139 5011 εἰδώλου
3163 4958 3257 5010 τοῦ
3284 4956 3409 5026 χθὲς
3438 4955 3526 5007 ὑπ’
3551 4956 3653 5007 ἀν-

2077 5048 2361 5121 θρωπείων
2407 5047 2938 5111 κατασκευασθέντος
2972 5046 3166 5119 χειρῶν
3186 5064 3199 5078 ·
3236 5048 3330 5099 καὶ
3373 5045 3447 5108 ὡς
3480 5043 3558 5112 τῷ
3587 5060 3655 5111 γε

2074 5142 2165 5195 τὸν
2190 5141 2357 5195 ἀΐδιον
2385 5139 2731 5212 ὁμολογοῦντι
2762 5140 2892 5193 Θεὸν
2918 5139 3213 5208 ἀφεστῆναι
3250 5138 3524 5210 προσῆκον
3560 5137 3650 5206 εἴη

2076 5233 2293 5288 πάντων
2314 5233 2711 5305 πεπλασμένως
2729 5232 2826 5303 τὴν
2846 5232 3136 5302 ὀνομασίαν
3156 5230 3498 5300 ἐπαγομένην
3520 5228 3654 5280 ταύ-

2074 5343 2209 5397 την⁹
2237 5320 2348 5380 οἷόν
2396 5327 2503 5398 πέρ
2551 5327 2667 5380 ἐστι
2707 5324 2768 5378 τὸ
2802 5323 2896 5376 Ὧν
2943 5323 3190 5376 εἴδωλον·
3219 5316 3388 5392 οὗπερ
3436 5322 3513 5383 εἰς
3555 5320 3671 5374 τὸν

2073 5414 2221 5474 οἷκον
2246 5420 2431 5484 εἴσιτε.
2460 5419 2557 5492 τὴν
2584 5420 2682 5489 οὐχ
2705 5416 2967 5488 ἀρμοδίαν
2998 5414 3145 5484 αὐτῷ
3167 5413 3530 5484 προσάγοντες
3560 5410 3654 5464 θε-

2075 5510 2325 5582 ραπείαν.
2361 5530 2382 5563 ι
2415 5511 2536 5566 Ὅτι
2560 5510 2636 5573 ὡς
2656 5509 2886 5581 δάμαλις
2909 5506 3296 5578 παροιστρῶσα
3325 5502 3652 5575 παροίστρη·

2077 5619 2167 5655 σεν
2209 5600 2443 5675 Ἰσραήλ.
2483 5620 2503 5653 ι
2540 5600 2703 5670 Δίκην
2733 5598 2841 5669 γὰρ
2877 5598 3157 5669 δαμάλεως
3188 5596 3399 5664 κινήσει
3421 5592 3517 5653 τῆς
3546 5607 3652 5659 cpu-

2068 5723 2220 5841 pqggt
2253 5718 2302 5782 ὁ,
2338 5722 2499 5787 prout
2527 5712 2691 5769 habet
2711 5712 2873 5768 etiam
2914 5708 3080 5767 codex
3110 5707 3486 5763 nobilissimus
3519 5698 3645 5761 Vat.
