3906 6208
213 280 327 338 183

1273 280 1818 338 COMMENTARIUS
1854 280 1922 337 ΙΝ
1960 283 2158 341 OSE£
2181 286 2335 343 CAP.
2377 285 2439 341 Υ.

3352 285 3453 343 IN

216 398 383 468 σικῆς
433 394 720 467 ἐπιθυμίας
770 396 909 468 πρὸς
945 396 1168 469 ἀταξίαν
1221 397 1506 468 νευσάσης.
1550 378 1625 466 ξι).
1670 395 1783 465 56)

1891 396 2336 455 incontinentiam
2382 386 2677 461 tendentis.
2720 414 2749 452 a
2778 398 3001 454 servitio
3041 413 3163 455 meo
3194 397 3458 457 discessi—

214 490 493 559 ἀπέστητε
524 486 620 558 μὲν
655 487 754 555 τῆς
798 488 1041 552 δουλείας
1079 489 1178 559 τῆς
1211 491 1365 560 ἐμῆς,
1415 490 1692 558 ἀκολάστῳ
1728 486 1784 540 δὲ

214 581 419 655 γνώμῃ
453 581 586 651 iam;
629 579 727 650 τὴν
752 581 859 635 τῶν
901 581 1131 635 εἰδώλων
1174 582 1424 636 ἐνεύσατε
1469 581 1779 652 θεραπείαν.

220 691 241 723 ι
287 672 406 724 Νῦν
444 673 662 741 νεμήσει
698 671 894 735 αὐτοὺς
941 672 1142 743 Κύριος
1186 673 1260 736 ώς
1304 674 1472 744 ἀμνὸν
1514 675 1571 726 ἐν
1622 673 1783 742 εὐρυ-

212 762 399 834 χώρῳ.
448 782 466 813 ι
517 764 896 834 Διασκορπίσω
933 765 1109 817 τοίνυν
1155 766 1349 828 αὐτοὺς
1399 766 1522 837 τῇδε
1565 766 1784 818 κάκεῖσε

217 852 498 922 πριάγων
537 855 602 922 τῇ
630 852 740 906 τῶν
773 853 1042 923 πολεμίων
1074 855 1263 925 ἐφόδῳ,
1293 855 1365 918 ὡς
1412 855 1577 926 μηδὲν
1612 853 1783 925 ἀμνοῦ

214 939 555 994 διαλλάττειν
612 941 670 994 ἐν
711 942 937 1013 μεγίστῃ
985 942 1135 1015 χώρᾳ
1181 943 1546 1015 διατρέχοντος
1595 961 1655 996 τε
1692 944 1786 996 καὶ

222 1033 575 1102 πλανωμένου
606 1034 700 1086 καὶ
738 1034 836 1105 τὴν
881 1034 1081 1087 οἰκείαν
1111 1034 1488 1106 ἐπιζητοῦντος
1534 1035 1741 1106 μητέρα
1767 1050 1782 1065 ’

219 1122 287 1174 τδ
313 1123 423 1192 γὰρ
452 1123 757 1193 σκορπίσειν
786 1123 951 1192 λέγει,
980 1124 1086 1177 ἀπὸ
1115 1126 1219 1178 τῶν
1247 1124 1601 1196 διανεμόντων
1627 1126 1701 1195 (4)
1733 1143 1786 1179 τι

219 1209 461 1281 ἀφεῒδῶς
505 1214 591 1267 καὶ
649 1215 1157 1286 διασκορπιζῶτων.
1205 1235 1223 1268 ι
1272 1217 1511 1288 Μέτοχος
1556 1217 1787 1270 εἰδώλων

231 1306 490 1375 Ἐφρατμ.
534 1326 551 1356 ι
582 1307 695 1378 Τὴν
737 1307 872 1377 πρὸς
903 1308 972 1360 τὰ
1011 1306 1200 1361 είδωλα
1235 1309 1437 1362 εἴλοντο
1466 1309 1747 1362 κοινωνίαν
1768 1326 1783 1340 ο

228 1393 473 1465 Ἐφραῖμ
500 1397 608 1466 γὰρ
644 1396 911 1468 πολλαχοῦ
940 1414 999 1450 τε
1028 1398 1250 1469 ἑτέρωθι
1282 1399 1559 1453 κάνταῦθα
1589 1401 1653 1452 ἐκ
1688 1399 1785 1470 μὲ-

214 1503 346 1557 ρους
379 1486 472 1540 τὸν
516 1488 729 1558 Ἰσραὴλ
756 1488 1025 1559 ὀνομάζει,
1061 1490 1123 1542 ἐκ
1151 1492 1247 1560 τῆς
1292 1490 1660 1562 δυνατωτέρας
1689 1509 1787 1559 φυ-

211 1579 309 1649 λῆς
336 1581 396 1632 ἐν
437 1583 558 1643 ταῖς
583 1580 718 1633 δέκα
742 1581 837 1651 τὴν
865 1582 1146 1651 ὀνομοσίαν
1172 1581 1366 1644 τιθείς⁹
1400 1582 1474 1645 ὡς
1493 1582 1572 1647 τὸ,
1615 1601 1632 1634 ι
1667 1583 1785 1635 Υἱοὶ

1891 491 2014 554 stis,
2052 491 2369 563 lascivaque
2403 500 2582 546 mente
2609 491 2675 545 ad
2708 490 2979 547 idolorum
3011 491 3214 545 cultum
3239 489 3454 545 deflexi.

1892 581 2012 635 stis.
2046 598 2064 631 ι
2100 579 2251 635 Nunc
2292 590 2479 651 pascet
2524 596 2619 636 eos
2665 579 2930 635 Dominus
2959 579 3114 649 quasi
3158 594 3356 649 agnum
3399 578 3452 631 in

1887 671 2194 726 latitudine.
2226 692 2244 723 ι
2296 670 2597 742 Dispertiar
2650 672 2832 741 itaque
2879 670 3022 733 illos.
3075 670 3177 724 hac
3227 677 3282 725 et
3329 669 3454 724 illac

1884 763 2264 834 circumagens
2317 764 2370 817 in
2414 763 2651 817 hostium
2693 763 3029 822 incursione,
3077 761 3212 817 adeo
3280 769 3339 815 ut
3384 762 3454 815 ab

1888 868 2026 924 agno
2062 870 2171 908 non
2211 855 2463 910 dill‘erant
2498 856 2590 926 qui
2622 856 2675 910 in
2709 858 2948 926 spatiosa
2984 854 3204 925 regione
3231 854 3454 908 oberrat

1887 956 2114 1000 matrem
2151 963 2304 1002 suam
2333 947 2638 1016 requirens.
2674 946 2809 1000 Nam
2856 954 3067 1017 pascet,
3110 961 3207 1013 pro
3241 947 3454 1014 disper-

1887 1036 2074 1097 tietur,
2119 1037 2224 1099 ait,
2288 1044 2445 1104 capta
2505 1036 2819 1104 metaphora
2871 1037 2937 1089 ab
2986 1037 3051 1089 iis
3095 1035 3188 1105 qui
3238 1035 3454 1102 profuse

1887 1123 2285 1193 dispertiuntur
2306 1124 2507 1193 aliquid
2549 1135 2711 1195 atque
2742 1124 3084 1194 dispergunt.
3122 1142 3139 1173 ι
3175 1122 3457 1191 Particeps

1886 1212 1993 1284 24
2023 1214 2287 1268 idolorum
2321 1213 2602 1284 prraim.
2642 1235 2659 1266 ι
2697 1214 2921 1269 Scilicet
2948 1232 3069 1268 cum
3113 1215 3272 1269 idolis
3302 1230 3456 1268 com-

1888 1305 2203 1359 municavit.
2236 1305 2299 1383 Et
2324 1322 2465 1376 sa‘pe
2502 1306 2630 1359 alibi
2656 1316 2709 1360 et
2732 1323 2876 1360 nunc
2903 1308 3065 1360 etiam
3102 1307 3453 1375 Ephraimum

1891 1412 1990 1466 pro
2024 1396 2223 1451 lsraele
2251 1397 2402 1459 dicit,
2439 1412 2502 1451 ex
2539 1397 2844 1465 potentiore
2873 1398 3015 1451 inter
3050 1396 3234 1450 decem
3272 1399 3451 1454 tribus

1890 1503 2088 1542 nomen
2124 1503 2430 1551 assumens,
2464 1488 2606 1544 sicut
2637 1488 2808 1543 illud:
2848 1507 2865 1538 ι
2910 1487 3031 1543 Filii
3062 1488 3338 1559 Epliraimi
3379 1490 3459 1542 in-

1889 1578 2170 1633 tendentes
2202 1594 2262 1631 ac
2287 1578 2593 1647 jaculantes
2619 1580 2855 1635 arcubus
2885 1580 2949 1634 ".
2981 1597 3099 1630 1—-
3131 1597 3148 1629 ι
3189 1577 3456 1632 Scandala

226 1669 464 1740 'E;pa‘ip.
527 1670 852 1734 ἐντείνοντες
911 1672 1005 1725 καὶ
1064 1670 1343 1741 βάλλοντες
1397 1672 1590 1741 τόξοις.
1646 1691 1664 1724 ι
1714 1703 1785 1713 ———

1891 1670 1989 1725 sibi
2030 1679 2346 1740 posuerunt.
2381 1690 2398 1721 ι
2436 1670 2556 1739 Ipse
2605 1672 2706 1725 sibi
2744 1671 3154 1726 conversionem
3196 1670 3261 1723 ad
3308 1671 3457 1724 dete-

217 1778 238 1811 ι
266 1761 511 1831 Ἔθηκαν
530 1762 741 1824 ἑαυτοῖς
763 1761 1051 1815 σκάνδαλα.
1078 1780 1096 1813 ι
1116 1762 1283 1825 Αὐτὸς
1304 1764 1591 1835 ἐπενόησεν
1613 1764 1786 1834 ἐαυτῷ

1891 1759 2028 1813 riora
2058 1759 2401 1828 excogitavit.
2432 1759 2815 1826 Quamobrem,
2845 1759 2929 1812 vel
2952 1759 3260 1828 quomodo?
3290 1778 3306 1808 ι
3330 1757 3462 1812 Pro-

205 1852 307 1915 τάς
333 1855 428 1905 ἐπὶ
466 1853 529 1906 τὸ
557 1857 735 1925 χεῖρον
783 1854 1053 1923 ἐκτροπάς
1072 1870 1087 1885 ο
1123 1854 1238 1918 πῶς
1283 1855 1376 1907 καὶ
1402 1855 1522 1908 τίνα
1548 1855 1744 1925 τρόπον
1768 1873 1784 1922 ;

212 1965 231 1996 ι
276 1944 535 2018 ᾘρὲτισε
566 1946 923 2011 Χαναναίους,
960 1965 979 1998 ι
1007 1946 1104 2017 τὴν
1135 1946 1356 2001 ἐκείνων
1386 1946 1633 2019 ζηλώσας
1663 1948 1789 2002 άσέ-

204 2035 378 2088 ϐειαν.
420 2054 439 2085 ι
475 2035 840 2106 Πορνεύοντες
865 2036 1271 2107 ἐξεπόρνευσαν.
1304 2056 1322 2088 ι
1362 2036 1635 2093 Ἐντεῦθεν
1662 2055 1788 2090 πανο

202 2128 373 2190 τελῶς
407 2128 638 2180 ἔνευσαν
673 2129 808 2199 πρὸς
841 2128 902 2181 τὸ
931 2131 1129 2200 χεῖρον.
1160 2146 1179 2179 ι
1223 2129 1541 2199 Ἠγάπησαν
1568 2130 1787 2199 ἀτιμίαν

203 2220 265 2271 ἐκ
288 2218 661 2289 φρυάγματος
705 2219 892 2289 αὐτῆς.
933 2239 950 2270 ι
986 2219 1155 2290 Πολλῇ
1197 2222 1261 2290 τῇ
1302 2219 1525 2291 ἀπονοίᾳ
1564 2222 1640 2290 (p.
1696 2222 1785 2289 57)

203 2311 568 2381 χρησάμενοι.
598 2311 694 2363 καὶ
721 2313 789 2381 τῇ
817 2310 1081 2381 ὑπεροψίᾳ
1123 2313 1189 2381 τῇ
1219 2311 1339 2364 κατ’
1373 2310 1527 2382 ἐμοῦ,
1553 2312 1651 2381 τὴν
1678 2311 1788 2363 τῶν

204 2401 438 2453 εἰδώλων
462 2402 674 2454 εἴλοντο
713 2401 1086 2472 θεραπείαν,ἢ
1117 2403 1292 2470 πάσης
1339 2402 1517 2464 αὐτοῖς
1566 2403 1788 2472 ἀτιμίας

206 2491 464 2560 πρόξενος
512 2492 689 2545 ﬁatut.
728 2510 746 2543 ι
786 2494 1069 2564 Συστροφὴ
1119 2492 1423 2563 πνεύματος
1465 2493 1659 2555 αὐτοὺς
1696 2511 1789 2546 συ-

208 2586 309 2652 pst
336 2586 397 2636 ἐν
430 2585 559 2646 ταῖς
598 2583 853 2654 πτέρυξιν
888 2584 1074 2653 αὐτῆς.
1108 2601 1125 2634 ι
1170 2583 1257 2647 Ὠς
1285 2583 1392 2655 γὰρ
1415 2584 1705 2655 ίπτάμενον
1728 2586 1788 2639 τὺ

203 2673 390 2741 ὄρνεον
423 2678 553 2737 ταῖς
592 2673 817 2745 πτέρυξι
844 2676 965 2736 ταῖς
1003 2674 1229 2737 οἰκείαις
1255 2674 1315 2727 τὸ
1344 2677 1524 2746 ἀέριον
1569 2670 1787 2733 ἐλαῦνον

205 2766 441 2837 πνεῦμα,
468 2769 764 2838 μετάρσιον
795 2766 1005 2835 αἴρεται
1026 2769 1089 2836 τῇ
1112 2767 1326 2837 πτήσει,
1356 2767 1527 2831 οὕτως
1559 2769 1663 2822 ὑπὸ
1688 2770 1788 2839 τῆς

203 2857 371 2930 ὁρτῆς
416 2852 569 2911 οὗτοι
632 2857 926 2928 ληφθέντες
971 2858 1067 2928 τῆς
1100 2858 1258 2929 ἐμῆς,
1286 2858 1482 2912 ὡσανεὶ
1529 2861 1787 2933 μετέωροι

204 2949 511 3016 γεγονβίτες,
537 2949 677 3019 μετὰ
702 2948 905 3018 πολλῆς
932 2947 1446 3019 ἀπαχθήσονταιτῆς
1474 2950 1681 3022 ὕϐρεως
1704 2954 1783 3015 είς

1884 1850 2097 1905 vocavit
2136 1851 2495 1914 Cliananmos,
2526 1869 2545 1902 ι
2594 1851 2811 1905 illorum
2859 1849 3191 1919 impietatem
3235 1849 3459 1905 aemula-

1884 1948 1994 1996 tus.
2052 1959 2070 1991 ι
2098 1939 2455 1995 Fornicantes
2503 1939 2752 1994 fornicati
2788 1947 2941 1994 sunt.
2972 1958 2990 1989 ι
3036 1937 3171 1992 Exin
3196 1938 3262 1992 ‘in
3300 1937 3456 2006 pejus

1884 2032 2109 2087 omnino
2156 2040 2406 2086 ruerunt.
2452 2050 2471 2082 ι
2508 2031 2827 2085 Dilexerunt
2870 2029 3226 2100 ignominiam
3270 2028 3338 2085 ob
3372 2028 3456 2079 fa-

1885 2134 2027 2179 stum
2056 2124 2194 2193 ejus.
2232 2143 2251 2175 ›
2290 2121 2457 2176 Multa
2486 2129 2702 2176 utentes
2738 2121 2949 2175 insania
2980 2130 3034 2175 et
3071 2120 3338 2173 adversus
3370 2133 3457 2171 me

1885 2213 2162 2285 superbia,
2208 2212 2479 2267 idolorum
2518 2211 2836 2282 religionem
2871 2209 3103 2279 amplexi
3146 2215 3294 2271 sunt,
3340 2224 3460 2277 quae

1883 2304 2248 2360 omnimodam
2309 2303 2444 2373 ipsis
2495 2302 2845 2372 ignominiam
2890 2308 3159 2370 asperget.
3221 2317 3239 2351 ι
3275 2298 3459 2353 Turbo

1885 2395 2111 2465 spiritus
2156 2393 2313 2463 quasi
2362 2393 2558 2449 sibilus
2610 2392 2832 2447 extollet
2881 2406 2976 2445 eos
3022 2391 3075 2444 in
3117 2391 3219 2445 alis
3263 2390 3399 2444 suis.
3434 2407 3455 2441 ι

1888 2486 2041 2542 Sicut
2070 2486 2307 2547 volucer,
2344 2500 2564 2539 aereum
2596 2483 2848 2553 spiritum
2877 2483 2978 2537 alis
3003 2482 3119 2535 suis
3151 2481 3458 2549 impellens,

1885 2580 1939 2632 in
1966 2578 2195 2633 sublime
2223 2576 2454 2631 volando
2478 2576 2649 2630 fertur
2682 2594 2695 2629 :
2747 2576 2827 2629 sic
2860 2574 2951 2628 isti
2982 2575 3048 2627 ab
3083 2573 3162 2627 ira
3192 2587 3309 2627 mea
3342 2587 3463 2625 cor-

1887 2671 2048 2743 repti,
2080 2678 2135 2725 et
2172 2670 2327 2739 quasi
2357 2684 2451 2738 per
2487 2684 2665 2724 aerem
2708 2667 2934 2736 raptati,
2983 2664 3152 2718 multa
3191 2677 3313 2717 cum
3347 2663 3463 2714 vio-

1885 2767 2049 2823 lentia
2082 2766 2136 2821 in
2167 2764 2541 2834 captivitatem
2580 2760 2938 2830 abripientur.
2976 2776 2992 2807 ι
3025 2756 3091 2809 Ει
3117 2755 3319 2825 probro
3350 2753 3463 2807 alli-

1886 2861 2099 2915 cientur
2144 2874 2210 2914 ex
2258 2856 2523 2910 altaribus
2563 2854 2701 2908 suis.
2738 2871 2757 2903 ι
2790 2851 2946 2904 Tunc
2997 2849 3214 2903 demum
3263 2846 3462 2900 intelli—

1886 2960 2035 3023 gent,
2080 2951 2245 3007 stulto
2308 2964 2367 3003 se
2417 2963 2480 3001 ac
2530 2946 2694 3001 noxio
2747 2944 2895 2998 circa
2955 2942 3223 2996 idolorum
3272 2937 3464 2991 altaria

207 3041 605 3108 αἰχμαλωσίαν.
652 3059 670 3091 ι
704 3042 815 3094 Καὶ
860 3039 1409 3111 καταισχυνθήσονται
1458 3043 1521 3096 ἐκ
1557 3043 1664 3097 τῶν
1691 3043 1785 3097 θυ-

1891 3044 2071 3099 studio
2094 3040 2405 3097 defunctos.

209 3134 543 3203 σιαστιςρίων
589 3132 790 3185 αὐτῶν.
830 3151 849 3184 ι
894 3133 1053 3188 Ὥστε
1112 3137 1308 3201 αὐτοὺς
1356 3136 1474 3191 τότε
1532 3138 1780 3209 αῖσθησιν
1816 3137 1999 3192 λαϐεῖν
2028 3139 2110 3192 ὅτι
2162 3136 2422 3209 ματαίαν]
2448 3134 2542 3189 καὶ
2576 3130 2842 3201 ἐπιϐλαϐῆ
2893 3128 2990 3200 τὴν
3028 3125 3252 3198 περὶτὰ
3281 3122 3465 3177 θυσια-

210 3233 401 3299 στήρια
426 3228 546 3281 τῶν
572 3227 802 3282 εἰδώλων
827 3226 969 3299 εἶχον
1008 3232 1260 3301 σπουδήν.

866 3320 1021 3387 seu».
1064 3324 1139 3378 E'.
1227 3384 1231 3391 ,

277 3416 420 3484 Στίχ.
471 3420 618 3468 α’-ε⁹.
658 3443 728 3453 —
757 3432 778 3465 ι
826 3413 1117 3467 ’Δκούσατε
1162 3415 1422 3481 ταῦτα,οί
1466 3418 1650 3488 ἱερεῖς,
1700 3416 1792 3471 καὶ

210 3506 529 3577 προσέχετε,
556 3499 704 3568 οἶκος
741 3503 977 3573 Ἰσραὴλ,
1002 3504 1095 3557 καὶ
1117 3501 1261 3566 οἶκος
1285 3504 1380 3557 τοῦ
1405 3504 1686 3574 βασιλέως,
1710 3505 1797 3556 ἐνι

211 3597 489 3660 ωτξζεσθε.
522 3616 541 3647 ι
563 3596 732 3665 Δῆλον
754 3597 835 3648 ὅτι
864 3595 1023 3647 πάλιν
1056 3595 1285 3649 ἐνταῦθα
1312 3596 1370 3661 ἐξ
1400 3596 1792 3666 ἀποκαλύψεως

212 3690 399 3758 ἐτέρας
428 3688 612 3758 ἀρχὴν
633 3686 732 3755 τῆς
762 3685 1044 3757 παρούσης
1064 3686 1346 3752 διαλέξεως
1375 3691 1627 3753 ποιεῖται,
1658 3689 1789 3760 πρός

213 3797 270 3832 τε
296 3782 416 3842 τοὺς
466 3778 655 3847 ἱερέας
688 3776 781 3829 καὶ
814 3776 905 3830 τὸν
957 3776 1189 3848 Ἰσραὴλ,
1224 3778 1317 3831 καὶ
1354 3780 1478 3842 τοὺς
1506 3779 1602 3850 τῆς
1638 3779 1785 3849 βασιε

213 3872 359 3943 mi;
384 3871 570 3934 οἰκίας
600 3870 845 3931 ἅπαντας
876 3867 1069 3937 λέγων.
1101 3890 1119 3921 ι
1156 3871 1297 3923 Διότι
1334 3871 1466 3941 πρὸς
1490 3872 1633 3942 ὑμᾶς
1672 3875 1788 3926 ἐστι

214 3965 273 4017 τὸ
293 3967 488 4035 κρῖμα,
532 3981 553 4015 ι
598 3962 771 4031 Ὑμᾶς
799 3960 907 4030 γὰρ
928 3960 1158 4030 ἐλήλυθα
1178 3962 1280 4014 ὑπὸ
1304 3961 1401 4030 τὴν
1426 3961 1604 4032 κρίσιν
1630 3979 1787 4033 ποιη-

2542 3308 2699 3365 CAP.
2740 3306 2807 3361 V.

1955 3416 2127 3469 Vsus.
2159 3408 2273 3464 1-5.
2298 3437 2367 3448 --
2397 3424 2415 3457 ι
2450 3401 2650 3458 Audite
2668 3402 2793 3462 hoc,
2826 3396 3161 3459 sacerdotes,
3200 3401 3253 3445 et
3283 3398 3463 3444 atten-

1889 3504 2022 3570 dite,
2071 3502 2267 3555 domus
2307 3496 2496 3559 Israel,
2534 3502 2586 3549 et
2630 3493 2827 3548 domus
2870 3486 3039 3556 regis,
3076 3482 3402 3537 auscultate.
3439 3496 3457 3527 ι

1891 3595 2236 3649 Manilestum
2276 3595 2381 3651 est,
2416 3586 2542 3639 hinc
2573 3597 2790 3653 quoque
2820 3592 3033 3639 rursus,
3064 3589 3129 3627 ex
3176 3572 3279 3625 alia
3312 3583 3466 3623 reve-

1892 3688 2094 3742 latione
2125 3683 2337 3738 initium
2379 3675 2661 3746 sequentis
2695 3669 2951 3725 dictionis
2984 3667 3178 3727 facere,
3212 3661 3465 3716 sacerdo-

1892 3787 1974 3833 tes
2018 3774 2204 3837 simul,
2257 3783 2312 3827 et
2347 3768 2624 3829 lsraelem,
2674 3770 2730 3818 et
2764 3760 2924 3831 regiae.
2970 3755 3192 3810 familia:
3233 3761 3463 3806 cunctos

1889 3869 2197 3938 alloquens.
2245 3881 2263 3914 ι
2293 3860 2430 3927 Quia
2476 3856 2632 3911 vobis
2696 3850 2966 3924 judicium
3020 3854 3124 3903 est.
3160 3864 3179 3897 ι
3232 3843 3313 3897 Ad
3365 3856 3464 3896 vos

1886 3962 2031 4016 enim
2056 3956 2179 4012 veni
2218 3962 2279 4010 ut
2305 3950 2574 4023 judicium
2626 3960 2806 4000 meum
2835 3954 3143 4003 exerceam,
3181 3945 3236 3992 et
3273 3949 3463 4005 pcenas

464 4053 568 4124 τὴν
608 4026 770 4122 ἐμὴν,
804 4026 899 4103 καῖ
946 4026 1100 4114 δίκας
1137 4053 1276 4122 ὑπὲρ
1304 4026 1379 4105 ὧν
1421 4026 1788 4125 τετολμήκατε

1891 4052 1955 4107 de
1982 4048 2211 4104 ausibus
2255 4044 2458 4101 vestris
2498 4041 2611 4094 lata
2660 4034 2933 4093 sententia
2985 4045 3221 4088 sumam.
3269 4048 3287 4079 ι
3324 4026 3464 4093 Quia

218 4148 516 4218 λημμενος
567 4145 697 4215 παρ’
745 4142 917 4214 ὑμῶν.
953 4160 972 4193 ι
1015 4143 1134 4198 Ὀτι
1177 4145 1339 4213 παγίς
1383 4144 1673 4217 ἐγενήθητε
1719 4148 1785 4218 τῇ

220 4241 433 4308 σκοπιᾷ,
455 4237 553 4290 καὶ
570 4236 647 4298 ὼς
672 4236 881 4288 δίκτυον
906 4236 1258 4305 ἐκτεταμένον
1277 4237 1367 4288 ἐπὶ
1388 4236 1452 4289 τὸ
1475 4236 1787 4307 Ἰταϐύριον,

1892 4145 2123 4213 laqueus
2170 4138 2301 4193 facti
2341 4135 2476 4191 estis
2530 4133 2583 4187 in
2630 4128 2875 4200 specula,
2927 4134 2981 4181 et
3032 4122 3188 4194 quasi
3241 4125 3357 4175 rete
3406 4117 3460 4170 in

1894 4234 2129 4306 habyrio
2174 4240 2484 4292 extensum,
2531 4222 2674 4295 quod
2723 4227 3012 4275 venatores
3072 4213 3266 4285 praedae
3296 4224 3462 4306 causa

220 4330 248 4382 ὃ
272 4332 318 4382 οἱ
338 4303 669 4399 ἀγρεύοντες
700 4327 795 4397 τὴν
829 4327 999 4397 θήραν
1031 4303 1361 4397 κατέπηξαν.
1395 4348 1413 4378 ι
1451 4328 1528 4397 (p.
1556 4303 1788 4397 38)'Ata.-

1900 4303 2154 4383 fixerunt.
2188 4343 2219 4379 ι,
2257 4320 2475 4383 Varias,
2523 4315 2723 4386 inquit,
2770 4309 3051 4382 prophetis
3107 4306 3281 4361 moliti
3327 4303 3462 4358 estis

221 4420 432 4491 φόρους,
462 4420 650 4487 φησὶν,
691 4417 991 4480 ὑποϐουλὰς
1024 4418 1160 4471 κατά
1196 4416 1302 4469 τῶν
1340 4420 1628 4488 προφητῶν
1669 4421 1784 4474 ἐτε-

222 4510 483 4583 κτήνασθε
516 4510 623 4561 τῶν
651 4506 821 4577 ἐμῶν,
845 4507 997 4578 δίκην
1025 4506 1132 4559 τῶν
1157 4507 1224 4560 τὰ
1251 4508 1437 4561 δίκτυα
1475 4508 1785 4563 ἁπλούντων

223 4603 309 4656 ἐπὶ
335 4602 515 4671 θήραν
547 4599 654 4652 τῶν
684 4600 1083 4670 ἀγρευομένων,
1116 4598 1387 4669 διαφόροις
1412 4600 1604 4664 αὐτοὺς
1636 4618 1791 4673 περι-

224 4694 433 4749 ϐάλλειν
456 4691 847 4753 ἐσπουδακότες
872 4693 1059 4754 κακοῖς
1079 4707 1091 4718 ·
1123 4692 1350 4747 σκοπιάν
1375 4692 1501 4763 γάρ,
1530 4694 1636 4746 τῶν
1658 4711 1793 4763 προ-

224 4789 405 4859 ςητῶν
433 4786 529 4839 τὸν
564 4786 817 4853 σύλλογον
843 4785 1017 4853 λέγει’
1046 4784 1121 4849 ὡς
1148 4785 1298 4855 παρὰ
1325 4785 1402 4857 τῷ
1441 4785 1686 4858 Ἐζεκιὴλ
1710 4789 1790 4852 τὸ,

232 4894 251 4926 ι
279 4880 487 4933 Σκοπὸν
534 4878 741 4933 δέδωκά
786 4895 844 4931 σε
878 4876 955 4948 τῷ
998 4877 1134 4947 οῖκῳ
1172 4878 1402 4949 Ἰσραήλ.
1439 4898 1457 4929 ι
1489 4910 1560 4919 —
1588 4898 1607 4931 ι
1654 4880 1794 4948 Ἐγὼ

226 4965 279 5019 δὲ
312 4968 603 5039 παιδευτὴς
642 4966 791 5037 ὑμῶν
813 4968 946 5037 εἰμι.
989 4985 1009 5018 ι
1052 4966 1189 5021 Ἀλλ’
1220 4967 1402 5037 ἐπειδὴ
1422 4968 1794 5041 δυσχεραίνον-

227 5076 315 5121 τες
344 5061 426 5126 ἐᾷ’
449 5056 534 5120 07.;
564 5060 794 5127 ἐμήνυον
812 5057 938 5127 ύμῖν
969 5059 1163 5110 ἐκεῖνοι
1205 5056 1272 5109 τά
1292 5058 1541 5125 ἐσόμενα,
1571 5059 1794 5112 τοιαῦτα

229 5149 346 5202 κατ’
374 5149 553 5201 αὐτῶν
583 5147 947 5217 ἑμηχανᾶσθε,
984 5146 1144 5208 αὐτὸς
1172 5145 1353 5209 ἐπάξω
1380 5146 1476 5217 τὴν
1508 5148 1795 5218 τιμωρίαν,

230 5241 496 5293 παιδεύων
540 5240 680 5307 ὑμᾶς
722 5240 804 5307 ἐφ’
830 5233 908 5301 οἷς
937 5240 1311 5309 ἡμαρτήκατε,
1346 5238 1411 5308 ἦν
1445 5238 1537 5291 καὶ
1578 5241 1798 5303 ἄκοντες

232 5330 547 5394 ὑποδέξεσθε
576 5330 811 5390 πάντως.
846 5348 864 5381 ι
916 5327 1055 5396 Ἐγὼ
1085 5327 1255 5396 ἔγνων
1284 5328 1375 5381 τὸν
1420 5329 1677 5402 Ἐφραῒμ,
1705 5335 1799 5386 καὶ

248 5424 455 5495 Ἰσραὴλ
486 5426 583 5477 οὐκ
616 5422 956 5481 ἀπεστινάτθ
986 5419 1142 5491 ἐμοῦ.
1182 5438 1201 5471 ι
1232 5420 1341 5481 Καὶ
1362 5420 1467 5491 γὰρ
1501 5420 1797 5492 ἐπίσταμαι

236 5515 299 5566 τὰ
325 5517 577 5586 γινόμενα
608 5514 737 5584 παρ’
784 5510 962 5565 αὐτῶν
997 5511 1258 5582 ἀκριϐῶς,
1304 5512 1399 5565 ἅτε
1444 5513 1671 5571 πάντοτε
1700 5517 1797 5568 σέ)-

306 5654 347 5684 "
370 5650 513 5708 Psal.
548 5666 750 5712 tum,
781 5649 836 5703 9.
915 5646 962 5679 "
989 5646 1182 5703 Ezech.
1215 5664 1295 5713 ιιι,
1333 5648 1416 5702 l7.

1890 4419 2140 4482 insidias,
2158 4424 2211 4471 et
2238 4420 2557 4470 venatorum
2597 4421 2746 4461 more
2777 4404 2867 4475 qui
2900 4410 3011 4456 rete
3037 4398 3102 4453 ad
3145 4396 3459 4466 capiendam

1892 4512 1998 4583 25
2043 4509 2281 4580 praadam
2346 4500 2668 4563 extendunt,
2722 4496 2957 4551 diversis
3008 4494 3133 4546 illos
3182 4489 3463 4583 implicare

1894 4581 2054 4659 malis
2088 4598 2398 4657 studuistis.
2434 4595 2567 4649 Nam
2600 4591 2874 4662 speculam
2910 4585 3145 4655 appellat
3174 4581 3464 4652 propheta-

1896 4714 2016 4751 rum
2051 4702 2251 4751 coetum
2280 4711 2295 4759 ;
2324 4688 2493 4745 veluti
2536 4686 2681 4758 apud
2721 4682 3059 4738 Ezechielem
3096 4696 3109 4732 :
3150 4696 3168 4728 ι
3205 4674 3465 4745 Specula-

1893 4796 2068 4843 torem
2099 4786 2221 4841 dedi
2242 4792 2297 4838 te
2316 4780 2502 4835 domui
2522 4777 2747 4834 lsraclis
2767 4776 2833 4827 ¹³.
2869 4793 2887 4825 ι
2909 4802 2979 4813 -
3000 4791 3017 4822 ι
3048 4768 3158 4839 Ego
3182 4782 3311 4820 vero
3337 4781 3462 4818 cru-

1894 4877 2039 4931 ditur
2071 4882 2250 4930 vester
2280 4885 2426 4927 sum.
2461 4887 2479 4920 ι
2517 4866 2622 4922 Sed
2654 4866 2782 4936 quia
2812 4878 2930 4927 vos,
2966 4859 3193 4914 moleste
3222 4854 3462 4908 ferentes

1908 4983 2028 5038 qua:
2075 4965 2154 5021 illi
2186 4964 2339 5019 vobis
2383 4968 2642 5017 eventura
2676 4957 2974 5017 cauebant,
3028 4951 3154 5003 talia
3200 4947 3463 5038 adversus

1896 5035 1990 5111 eos
2026 5052 2321 5109 machinati
2362 5051 2516 5116 estis,
2547 5048 2798 5120 equidem
2836 5041 3074 5115 peccatis
3119 5035 3316 5091 vestris
3348 5049 3462 5105 pte-

1893 5164 2020 5203 nam
2066 5147 2368 5216 imponam,
2425 5158 2589 5214 quam
2643 5139 2797 5194 inviti
2847 5136 2970 5189 licet
3006 5131 3124 5185 sine
3163 5127 3329 5181 dubio
3368 5141 3463 5197 pa-

1894 5238 2126 5295 tiemini.
2177 5258 2195 5290 ι
2235 5236 2348 5307 Ego
2391 5236 2518 5290 novi
2571 5231 2940 5304 Ephraimum,
2991 5233 3045 5279 et
3084 5222 3250 5278 Israel
3293 5235 3324 5273 a
3377 5234 3463 5273 me

1893 5350 2004 5387 non
2038 5332 2214 5386 abest.
2245 5350 2264 5382 ι
2303 5329 2477 5399 Opera
2506 5327 2649 5382 enim
2676 5323 2886 5377 illorum
2918 5317 3082 5388 probe
3111 5316 3246 5376 scio,
3275 5319 3462 5381 utpote

1894 5425 1988 5495 qui
2025 5438 2301 5492 nunquam
2337 5422 2445 5475 illis
2477 5433 2581 5472 non
2624 5415 2839 5470 adsum.
2875 5430 2893 5459 σ
2929 5409 3069 5477 Quia
3115 5421 3259 5462 nunc
3290 5403 3461 5457 forni-

1904 5494 2061 5575 catus
2108 5524 2192 5571 est
2238 5513 2587 5585 Ephraimus,
2632 5504 3035 5562 contaminatus
3079 5508 3162 5555 est
3213 5494 3399 5553 Israel.
3436 5513 3455 5546 ι

308 5789 378 5857 (ὁ)
413 5790 595 5846 Graece
625 5791 772 5862 νέμω
807 5786 1042 5845 refertur
1074 5788 1139 5844 ad
1165 5789 1420 5858 διανέμω.
1456 5789 1558 5845 Sed
1592 5787 1783 5847 Latine

1891 5808 1919 5847 ιι
1960 5792 2030 5847 ita
2056 5804 2114 5846 se
2148 5785 2368 5844 haberet
2398 5794 2571 5856 pascet
2598 5782 2662 5839 ad
2692 5781 3042 5853 dispertiunt.
