3966 6222
469 320 573 382 158

1693 333 2039 392 THEODORI
2066 333 2541 392 MOPSUESTENI

3589 332 3687 391 ιω

470 436 596 493 Vidi
645 437 768 496 illos
806 455 1033 511 prorsus
1085 458 1115 498 a
1156 458 1247 499 me
1299 446 1617 511 recessisse,
1666 458 1722 505 et
1760 448 2025 504 idolorum

2131 453 2238 513 τοῖς
2296 451 2502 523 παρών.
2562 470 2581 504 ι
2641 452 2786 505 Διότι
2837 449 2931 505 νῦν
2977 448 3363 521 ἐξεπόρνευσεν
3420 448 3685 521 Ἑφραῒμ,

470 531 740 601 religione
778 550 837 589 se
864 536 1147 605 polluisse.
1181 555 1201 589 ι
1232 537 1348 593 Non
1378 540 1645 597 dederunt
1674 543 2032 613 c0gitationes

468 633 601 674 snas
648 630 706 676 ut
742 632 1084 680 revertantur
1113 627 1179 682 ad
1211 644 1317 696 me,
1358 633 1486 701 quia
1529 633 1753 702 spiritus
1798 634 2031 688 fornica-

469 713 643 769 tionis
675 715 811 784 ipsis
840 717 1004 781 inest,
1035 726 1090 773 et
1119 718 1406 775 Dominum
1443 739 1550 777 non
1581 731 1976 795 cognoverunt.
2007 744 2027 776 ι

471 801 657 875 Neque
699 807 1149 877 resipiscentibus
1175 829 1328 867 mens
1363 813 1463 867 l‘uit
1487 814 1553 868 ad
1590 831 1673 870 me
1701 814 2028 882 revertendi,

469 898 603 965 quia
660 898 716 952 in
750 900 945 954 vitium
997 909 1111 956 toto
1164 904 1381 959 homine
1426 906 1789 971 incurrerunt,
1824 906 2030 960 nullum

472 989 578 1043 mei
624 999 931 1059 respectum
975 992 1174 1049 habere
1215 997 1481 1051 volentes.
1520 1016 1538 1048 ι
1568 995 1634 1049 Et
1664 995 2035 1051 humiliabitur

472 1081 787 1150 arrogantia
824 1081 1039 1139 lsraelis
1072 1082 1126 1138 in
1165 1085 1355 1141 faciem
1384 1088 1521 1156 ejus.
1561 1106 1580 1139 ι
1612 1087 1772 1158 Atqui
1802 1089 2033 1144 vesania:

467 1171 637 1241 hujus
684 1182 850 1244 atque
905 1176 1262 1246 arrogantiae,
1306 1193 1410 1247 qua
1447 1177 1705 1234 adversus
1748 1194 1832 1234 me
1882 1180 2034 1234 insa-

467 1264 690 1318 nierunt
725 1266 997 1334 apostasia
1038 1282 1135 1321 sua
1190 1283 1219 1320 a
1269 1282 1371 1331 me,
1417 1278 1468 1322 et
1497 1284 1719 1323 accessu
1752 1268 1820 1323 ad
1863 1270 2029 1336 idola,

469 1352 666 1423 dignas
705 1354 853 1409 luent
882 1370 1097 1424 poenas,
1129 1372 1252 1411 cum
1285 1373 1440 1412 suam
1467 1357 1874 1428 depressionem
1908 1374 2033 1430 spe-

470 1445 717 1509 ctabunt,
770 1445 823 1498 in
856 1462 1019 1515 quam
1071 1462 1158 1502 me
1208 1449 1506 1503 ulciscente
1548 1448 1856 1504 devenient.
1896 1469 1915 1501 ι
1964 1448 2030 1504 Ει

466 1536 635 1591 lsrael
667 1545 830 1607 atque
858 1537 1184 1603 prraimus
1228 1538 1645 1594 inﬁrmabuntnr
1682 1541 1734 1595 in
1777 1541 2034 1612 iniquita-

468 1627 615 1682 tibus
656 1628 790 1683 suis.
828 1626 1005 1707 Judas.
1030 1630 1230 1699 pariter
1268 1645 1391 1685 cum
1423 1631 1555 1701 ipsis
1590 1632 1973 1690 inlirmabitur.
2004 1654 2024 1688 ι

467 1717 665 1771 Cuncti
695 1710 1056 1774 communiter
1075 1730 1385 1790 peccantes,
1424 1723 1785 1779 communiter
1814 1739 2029 1794 quoque

2134 538 2361 610 ἐμιάνθη
2399 540 2627 612 Ἰσραήλ.
2677 559 2695 592 ι
2729 537 2858 594 Οἶδα
2908 540 3084 594 τοίνυν
3115 539 3308 604 αὐτοὺς
3348 540 3525 593 τέλεον
3558 542 3675 594 ἀπο

2136 631 2363 694 στάντας
2385 632 2539 701 ἐμοῦ⁹
2568 633 2660 686 καὶ
2690 633 2746 686 ἐν
2775 636 2839 704 τῇ
2864 633 2970 686 τῶν
2993 632 3221 686 εἰδώλων
3246 632 3567 703 μιανθέντας.
3599 633 3681 686 λαο

2134 720 2310 793 τρείᾳ.
2334 740 2352 772 ι
2378 724 2490 775 Οὐκ
2514 722 2718 776 ἔδωκαν
2742 724 2809 777 τά
2838 724 3110 801 διαϐούλια
3132 724 3307 777 αὐτῶν
3330 724 3421 776 τοῦ
3440 724 3684 795 ἐπιστρέο

2130 809 2227 879 ψαι
2267 809 2402 878 πρὸς
2431 811 2663 865 τὸνθεόν
2694 811 2891 877 αὐτῶν,
2915 813 2995 865 ὅτι
3022 812 3235 883 πνεῦμα
3270 812 3521 884 πορνείας
3544 815 3686 865 ἐστὶν

2132 901 2189 953 ἐν
2222 902 2402 966 αὐτοῖς
2420 918 2431 930 ·
2460 902 2549 956 τὸν
2572 903 2627 956 δέ
2656 903 2856 974 Κύριον
2880 903 2976 957 οῦκ
2997 904 3327 971 ἐπέγνωσαν.
3366 922 3385 955 ι
3428 904 3687 975 Ούδέμγάρ

2135 992 2589 1064 μεταϐαλλόμενοι
2620 992 2844 1064 γνώμην
2882 993 3036 1065 ἔσχον
3074 994 3167 1047 τοῦ
3194 995 3378 1049 νεῦσαι
3406 995 3539 1066 πρὸς
3567 996 3682 1065 ἐμὲ,

2131 1083 2314 1155 ὕπειδὴ
2354 1083 2628 1149 παντελῶς
2668 1086 2802 1157 πρὸς
2833 1086 2894 1139 τὸ
2946 1088 3125 1157 χεῖρον
3162 1084 3469 1153 ἐξώκειλαν,
3503 1086 3685 1141 οὐδένα

2132 1175 2285 1243 λόγον
2314 1175 2582 1238 ἐθέλοντες
2615 1176 2747 1246 ἐμοῦ
2781 1178 3068 1233 ποιεῖσθαι.
3102 1198 3119 1229 ι
3166 1178 3276 1231 Kai.
3294 1178 3685 1246 ταπεινωθήσε-

2130 1270 2271 1338 ταιὴ
2302 1266 2455 1337 ῦϐρις
2478 1266 2570 1320 τοῦ
2605 1268 2819 1338 Ἰσραὴλ
2841 1270 2920 1332 εἰς
2945 1268 3227 1341 πρόσωπον
3252 1268 3433 1322 αὑτοῦ.
3465 1288 3483 1320 ι
3529 1269 3687 1324 Ἀλλά

2130 1355 2236 1425 γὰρ
2251 1356 2449 1429 ταύτης
2470 1358 2525 1410 δὲ
2544 1357 2640 1429 τῆς
2667 1359 2946 1428 παροινίας
2968 1362 3058 1413 καὶ
3080 1361 3179 1431 τῆς
3206 1360 3412 1431 ὕϐρεως
3433 1361 3498 1430 ήν
3520 1361 3686 1432 ἐπαρρ

2129 1448 2302 1502 οίνουν
2343 1449 2673 1514 ἀποστάντες
2726 1451 2858 1521 ἐμοῦ
2882 1491 2898 1515 ,
2959 1453 3049 1505 καὶ
3103 1454 3525 1522 προσανέχοντες
3573 1455 3684 1517 τοῖς

2130 1539 2383 1606 εἰδώλοις,
2419 1541 2573 1609 ἀξίαν
2610 1542 2833 1597 δώσουσι
2869 1543 3044 1615 δίκην,
3072 1544 3224 1597 αὐτοὶ
3258 1543 3442 1597 θεαταὶ
3483 1545 3578 1615 τῆς
3604 1544 3685 1597 οἰσ-

2129 1632 2280 1696 κείας
2305 1632 2572 1705 γινόμενοι
2617 1634 3011 1699 ταπεινώσεως,
3047 1638 3125 1699 εἰς
3157 1638 3220 1706 ἥν
3249 1636 3334 1689 διὰ
3375 1638 3473 1707 τῆς
3517 1655 3687 1707 τιμω-

2134 1724 2254 1795 ρίας
2297 1727 2719 1797 καταστήσονται
2757 1726 2858 1796 τῆς
2912 1727 3068 1797 ἐμῆς.
3106 1747 3123 1779 ι
3167 1727 3274 1781 Καὶ
3330 1728 3542 1799 Ἰσραὴλ
3591 1728 3687 1781 καὶ

466 1825 685 1877 pinnam
718 1811 1017 1880 perferent,
1046 1823 1331 1884 propterea
1371 1815 1516 1885 quod
1558 1817 1820 1873 adversus
1851 1819 2030 1873 scien-

2141 1816 2378 1887 Ἐφραὶμ
2404 1817 2784 1889 ἀσθενήσουσιν
2808 1820 2865 1871 ἐν
2880 1822 2997 1882 ταῖς
3017 1819 3247 1883 ἀδικίαις
3263 1820 3457 1874 αὐτῶν
3479 1822 3551 1889 (p.
3568 1820 3636 1875 39
3665 1822 3693 1889 ).

464 1904 600 1954 tiam
652 1916 830 1956 meam
871 1901 1056 1971 injurii
1093 1902 1331 1959 fuerunt.
1365 1904 1455 1959 Sic
1490 1904 1650 1959 etiam
1711 1905 1905 1961 beatus
1950 1904 2027 1958 ait

465 1991 671 2049 Paulus
701 2012 715 2049 :
753 2013 771 2046 ι
801 1994 1023 2065 Eorum,
1057 1997 1149 2068 qui
1196 1999 1479 2054 veritatem
1528 2000 1582 2053 in
1626 1998 1895 2068 injustitia
1932 1998 2027 2053 de-

466 2088 737 2153 tinent“;
775 2108 793 2139 ι
835 2105 1026 2158 nempe
1074 2105 1285 2155 eorum,
1315 2091 1406 2161 qui
1450 2090 1664 2146 veritati
1704 2090 1911 2147 faciunt
1944 2090 2027 2145 in-

460 2171 665 2243 juriam
698 2194 795 2232 sua
830 2179 894 2232 ad
928 2180 1117 2233 vitium
1154 2180 1517 2251 perversione.

537 2442 700 2499 Vens.
724 2448 1086 2513 6-9.—«Cum
1102 2454 1291 2510 ovibus
1304 2453 1415 2511 suis
1428 2470 1491 2512 ac
1504 2458 1683 2519 vitulis
1710 2464 1931 2524 ρθτεεηι
1959 2453 2026 2509 ad

465 2535 813 2603 quaarendnm
836 2535 1211 2606 Dominum,et
1230 2557 1339 2596 non
1358 2542 1632 2598 invenient
1650 2559 1773 2600 eum
1793 2562 1809 2613 ;
1826 2545 2024 2600 etenim

465 2626 536 2681 ab
563 2627 697 2697 ipsis
726 2628 1050 2695 declinavit,
1081 2642 1366 2704 postquam
1408 2635 1694 2691 Dominum
1726 2637 2027 2707 derelique-

464 2726 615 2772 runt.
638 2736 656 2771 ι
679 2716 903 2776 Etiamsi
929 2721 1135 2779 hostias
1155 2725 1499 2794 adduxerint,
1515 2728 1601 2782 his
1627 2736 1877 2798 putantes
1903 2745 2029 2800 pro-

464 2811 657 2880 pitium
675 2813 777 2868 sibi
798 2813 1007 2871 Numen
1036 2817 1281 2882 reddere,
1301 2819 1436 2874 nihil
1465 2821 1587 2877 inde
1601 2822 1710 2893 26
1724 2823 2027 2891 proﬁcient,

464 2900 578 2957 Deo
603 2920 827 2973 prorsus
855 2916 1176 2976 aversante;
1212 2911 1644 2981 quandoquidem
1673 2930 1740 2968 eo
1769 2913 2027 2980 dimisso,

464 2993 625 3049 idolis
659 3003 803 3053 totos
828 3013 887 3053 se
906 2997 1250 3056 dediderunt.
1286 3021 1303 3054 ι
1335 3002 1471 3069 Quia
1502 3004 1642 3060 ﬁlios
1674 3006 1882 3062 alienos
1919 3008 2024 3063 sibi

2127 1906 2219 1960 καί⁵
2262 1907 2543 1979 ἀσθενήσει
2594 1911 2684 1962 καὶ
2728 1910 2924 1974 Ἰούδας
2965 1912 3081 1982 μετ’
3109 1912 3304 1965 αὐτῶν.
3348 1931 3367 1964 ι
3416 1912 3695 1975 Ἅπαντες,

2127 2002 2277 2071 κοινῇ
2310 2000 2767 2072 πλημμελοῦντες,
2806 2007 2955 2074 κοινῇ
2990 2004 3081 2057 καὶ
3118 2003 3214 2074 τὴν
3244 2004 3514 2074 τιμωρίαν
3552 2004 3695 2056 ὑπο-

2130 2090 2396 2160 μενοῦσιν,
2440 2092 2578 2165 ὑπὲρ
2618 2087 2692 2148 ὧν
2733 2094 2830 2167 τὴν
2865 2096 3064 2165 γνῶσιν
3114 2096 3329 2166 ἠδίκουν
3381 2095 3479 2166 τήν
3525 2096 3681 2166 ἐμήν.

2128 2181 2282 2236 Οῦτω
2326 2184 2419 2237 καὶ
2448 2186 2477 2238 6
2513 2184 2780 2256 μακάριος
2820 2186 2965 2254 λέγει
3006 2186 3210 2250 Παῦλος
3250 2186 3331 2252 τὸ,
3377 2205 3395 2238 ι
3435 2186 3553 2238 Τῶν
3585 2185 3688 2255 τὴν

2132 2270 2388 2341 ἀλήθειαν
2410 2273 2468 2326 ἐν
2493 2273 2673 2345 ἀδικίᾳ
2704 2274 3055 2345 κατεχόντων·
3096 2294 3114 2328 ι
3148 2275 3234 2329 ἴνα
3265 2276 3411 2348 εἴπῃ,
3442 2273 3560 2328 Τῶν
3587 2272 3685 2345 τὴν

2130 2361 2385 2433 ἀλήθειαν
2418 2365 2484 2435 τῇ
2512 2364 2647 2434 πρὸς
2671 2367 2733 2419 τὸ
2760 2369 2937 2438 χεῖρον
2974 2366 3295 2421 ἀδικούντων
3325 2368 3585 2438 ἐκτροπῇ.

2199 2456 2346 2527 Στίχ.
2404 2457 2551 2522 ς’-θ’.
2609 2488 2678 2498 -
2727 2478 2746 2510 ι
2805 2459 2959 2514 Μετά
3007 2460 3290 2532 προϐάτων
3331 2462 3425 2514 καὶ
3472 2460 3686 2530 μόσχων

2130 2545 2481 2617 πορεύσονται
2536 2547 2628 2602 τοῦ
2686 2549 2979 2620 ἐκζητῆσαι
3036 2551 3127 2603 τὸν
3186 2548 3422 2621 Κύριον,
3473 2547 3567 2600 κα)⁵
3621 2546 3682 2599 οὐ

2132 2637 2207 2709 μὴ
2240 2637 2472 2709 εὕρωσιν
2508 2640 2703 2696 αὐτόν’
2740 2642 3024 2698 ἐκκέκλικε
3069 2643 3177 2715 γάρ
3219 2644 3314 2697 ἀπ’
3359 2641 3557 2706 αὐτῶν,
3603 2642 3684 2694 ὃτι

2123 2726 2216 2780 τὸν
2277 2728 2480 2800 Κύριον
2524 2731 2896 2800 ἐγκατέλιπον.
2952 2750 2972 2785 ι
3019 2735 3138 2788 Κᾶν
3186 2733 3375 2797 Θυσίας
3416 2733 3473 2786 δὲ
3519 2749 3689 2805 προσ-

2124 2816 2322 2886 άγωσι,
2343 2817 2551 2883 τούτοις
2582 2819 2919 2887 ἐξιλεοῦσθαι
2948 2823 3258 2893 νομίζοντες
3289 2823 3351 2877 τὸ
3387 2823 3564 2887 Θεῖον,
3590 2823 3689 2877 06-

2123 2907 2211 2961 δὲν
2257 2908 2505 2962 ἐντεῦθεν
2547 2910 2728 2975 ἕξουσι
2762 2912 2945 2977 πλέον,
2989 2914 3433 2985 ἐκτετραμμένου
3470 2914 3691 2978 πάντως

2122 2998 2319 3062 αὐτοὺς
2348 2999 2441 3053 τοῦ
2470 3000 2603 3055 Θεοῦ
2629 3017 2643 3032 ·
2672 3003 2812 3076 ὑπὲρ
2835 2996 2910 3059 ὧν
2933 3005 3160 3073 ἀφέντες
3181 3005 3364 3071 αὑτὸν,
3404 3003 3689 3068 παντελῶς

464 3096 789 3153 genuerunt.
816 3106 836 3140 ι
873 3086 1009 3143 Nam
1030 3099 1084 3145 et
1110 3106 1233 3147 cum
1267 3093 1519 3162 gentibus
1551 3104 1745 3164 praeter
1774 3098 2023 3167 praescri-

2131 3088 2233 3151 τοῖς
2248 3086 2481 3153 εἰδώλοις
2508 3075 2811 3161 προσεῖχον.
2835 3110 2854 3144 ι
2884 3091 3002 3148 Ὅτι
3018 3094 3179 3148 τέκνα
3199 3095 3449 3167 ἀλλότρια
3465 3094 3687 3167 ἐγέννη-

467 3182 620 3244 ptum
648 3178 894 3250 conjugia
916 3180 1227 3246 miscentes,
1258 3199 1325 3238 ex
1368 3184 1794 3257 alienigenarum
1833 3191 2026 3260 copula

468 3267 669 3323 liberos
704 3283 1080 3342 susceperunt.
1121 3273 1259 3345 Ergo
1295 3275 1423 3331 hinc
1460 3278 1624 3332 etiam
1659 3281 2025 3337 omnimodam

467 3357 683 3411 illorum
741 3375 863 3413 cum
914 3362 1233 3431 alienigenis
1278 3366 1711 3425 commistionem
1764 3371 2024 3437 ostendit,

467 3450 594 3519 quia
628 3467 691 3505 ex
736 3451 822 3508 his
852 3453 1016 3508 etiam
1048 3455 1201 3510 liberi
1248 3456 1383 3526 ipsis
1411 3458 1523 3511 nati
1562 3459 1692 3513 sint.
1728 3458 1842 3515 Hoc
1878 3461 2025 3516 enim

465 3539 576 3594 illis
625 3540 955 3611 improperat
1005 3543 1166 3599 etiam
1215 3546 1407 3601 beatus
1446 3546 1615 3601 David
1648 3548 1878 3605 dicens:
1916 3570 1935 3603 ι
1963 3550 2029 3605 Ει

464 3629 735 3685 commisti
754 3639 882 3685 sunt
904 3631 1047 3686 inter
1063 3640 1250 3702 gentes
1264 3633 1326 3687 η.
1340 3651 1460 3685 ι-ι
1474 3632 1626 3688 Nunc
1642 3633 1917 3690 devorabit
1934 3651 2028 3692 eos

467 3723 685 3794 rubigo,
734 3741 946 3780 necnon
975 3725 1318 3783 haereditates
1361 3728 1625 3798 ipsorum.
1654 3750 1671 3782 ι
1706 3728 1847 3784 Dicit
1876 3731 2031 3785 nimi-

465 3827 587 3868 rum
613 3831 671 3870 se
697 3824 955 3886 tanquam
985 3819 1219 3888 rubigini
1248 3821 1574 3876 traditurum
1600 3836 1695 3877 eos
1721 3821 1888 3878 exitio
1905 3839 2029 3879 cum

466 3906 794 3976 patrimonio
814 3910 1087 3963 universo.
1118 3909 1396 3982 «Clangite
1412 3914 1642 3968 buccina
1661 3930 1823 3985 super
1840 3917 2027 3982 colles,

467 4004 657 4051 sonate
707 4013 869 4066 super
923 4000 1157 4066 excelsa,
1218 4003 1505 4071 praedicate
1542 4005 1596 4058 in
1649 4005 1809 4061 domo
1865 4004 1967 4060 On.
2004 4024 2023 4057 ι

470 4088 720 4153 Cunctis,
754 4090 950 4160 inquit,
982 4091 1137 4156 locis,
1171 4093 1262 4147 ubi
1298 4094 1628 4163 impietatem
1677 4105 1911 4151 vestram
1936 4112 2030 4167 pa-

468 4181 677 4245 trastis,
724 4184 944 4237 omissis
973 4185 1252 4240 consuetis
1290 4184 1511 4251 ritibus,
1568 4185 1797 4241 clamate
1824 4190 2026 4256 potius,

466 4287 576 4342 quo
600 4273 753 4329 vobis
783 4282 1042 4329 eventura
1071 4276 1208 4329 mala
1227 4276 1857 4347 portendatis.Qua‘.nam
1885 4280 2031 4333 haec?

474 4384 490 4414 ι
511 4363 802 4436 Obstupuit
829 4366 1134 4436 Benjamin,
1168 4366 1424 4437 Ephraim
1454 4367 1509 4422 in
1536 4367 1868 4425 desolatione
1906 4370 2027 4434 fuit,

466 4457 523 4511 in
554 4457 745 4512 diebus
774 4458 1156 4530 correptionis.
1183 4480 1202 4512 ι
1242 4459 1541 4530 Benjamini
1564 4463 1803 4525 nomine,
1832 4462 2032 4518 Judzeaa

466 4563 694 4618 regnum
720 4549 881 4617 dicit;
912 4550 1206 4620 Ephraimo
1234 4560 1438 4616 autem,
1475 4551 1665 4607 decem
1697 4554 1920 4608 denotat
1943 4557 2036 4609 tri-

468 4638 593 4694 bus.
629 4637 813 4710 Neque
841 4657 970 4696 vero
1000 4642 1076 4695 ait
1106 4643 1255 4697 illum
1280 4643 1647 4713 obstupuisse,
1676 4644 1821 4700 hunc
1852 4654 2032 4701 autem

466 4730 803 4798 desolatum;
840 4732 933 4787 sed
962 4733 1032 4788 de
1082 4743 1313 4803 utroque
1352 4735 1716 4790 communiter
1741 4745 2033 4808 utrumque

467 4823 621 4887 dicit,
658 4840 853 4895 nempe
905 4824 1051 4895 quod
1095 4826 1481 4896 obstupescent
1532 4836 1586 4882 et
1614 4827 2024 4887 desolabuntur.

472 4933 493 4967 ι
511 4913 572 4971 In
601 4915 792 4971 diebus
811 4915 1191 4986 correptionis,
1216 4937 1231 4969 ι
1250 4917 1302 4970 id
1329 4926 1413 4972 est
1440 4918 1495 4971 in
1517 4918 1754 4973 hostium
1774 4921 2022 4987 incursu,

466 5024 608 5078 quos
662 5007 779 5079 ipse
832 5007 1084 5072 adducet,
1135 5017 1195 5062 ut
1246 5009 1429 5078 populi
1483 5009 1568 5065 sui
1614 5012 2027 5081 perversitatem

466 5100 646 5168 palam
699 5100 949 5171 castiget.
990 5097 1390 5169 Obstupescent
1436 5118 1586 5173 ergo,
1624 5104 1719 5169 ait,
1767 5104 2028 5159 mirantes

470 5189 705 5245 subitam
741 5206 920 5245 rerum
960 5205 1183 5246 suarum
1229 5193 1636 5263 catastrOphen,
1685 5195 1739 5247 in
1770 5209 1877 5265 qua
1907 5194 2032 5251 fun-

470 5281 618 5337 ditus
656 5281 1038 5346 destruentur,
1088 5299 1174 5339 me
1219 5284 1407 5339 hostes
1464 5286 1545 5339 eis
1579 5286 1923 5349 immittente,
1980 5296 2036 5343 et

471 5377 748 5441 peractam
790 5371 859 5424 ab
895 5372 1029 5441 ipsis
1072 5372 1562 5443 transgressionem
1597 5375 1875 5443 puniente.
1914 5373 2034 5429 Jam

472 5475 587 5517 rem
612 5476 957 5517 communem
986 5462 1197 5520 dimresi
1225 5465 1355 5529 dici,
1388 5465 1590 5536 passim
1622 5465 1924 5535 comperire
1953 5475 2037 5521 est

473 5551 638 5605 etiam
665 5550 808 5622 apud
840 5552 1057 5607 beatum
1076 5552 1333 5609 Davidem
1358 5593 1373 5618 ,
1410 5555 1555 5609 velut
1577 5569 1700 5608 cum
1738 5555 1846 5609 ait:
1894 5574 1911 5606 ι
1939 5555 2033 5610 Die

477 5643 729 5709 clamavi,
761 5652 816 5699 et
845 5650 1006 5700 nocte
1032 5659 1218 5699 coram
1260 5647 1396 5713 te“;
1419 5665 1437 5698 ι
1472 5662 1580 5701 non
1608 5645 1682 5699 ait
1710 5661 1770 5701 se
1796 5647 2032 5702 interdiu

2127 3197 2223 3233 σαν
2247 3180 2479 3244 ἑαυτοῖς.
2514 3200 2533 3233 ι
2566 3181 2674 3236 Καὶ
2689 3182 2797 3254 γάρ
2824 3185 2917 3238 καὶ
2946 3188 3057 3250 τοῖς
3088 3185 3263 3240 ἔθνεσι
3301 3187 3451 3259 παρά
3474 3187 3534 3241 τὸ
3562 3187 3687 3241 δια-

2123 3269 2449 3339 τεταγμένον
2493 3272 2855 3341 ἐπιμιγέντες,
2881 3272 2939 3339 ἐξ
2965 3274 3273 3344 ἀλλοφύλων
3317 3276 3687 3331 ἐτεκνώσαντο

2125 3359 2403 3431 ἐπιμιξίας
2425 3376 2440 3391 ο
2486 3361 2644 3415 τοῦτο
2682 3362 2791 3433 γὰρ
2820 3364 3001 3429 αὐτοῖς
3041 3366 3136 3418 καὶ
3162 3367 3190 3419 6
3231 3366 3495 3439 μακάριος
3526 3366 3688 3421 Δαυῒδ

2125 3450 2345 3519 ἐγκαλεῖ
2388 3452 2561 3522 λέγων
2583 3469 2597 3483 ⁶
2632 3473 2651 3506 ι
2685 3456 2795 3508 Καὶ
2824 3457 3162 3527 ἐπεμίγησαν
3199 3459 3257 3511 ἐν
3286 3461 3395 3523 τοῖς
3426 3458 3621 3513 ἔθνεσι.
3662 3478 3683 3511 ι

2126 3543 2419 3599 Κάνταῦθα
2450 3545 2625 3601 τοίνυν
2648 3548 2747 3618 τὴν
2781 3549 3015 3620 παντελῆ
3051 3550 3186 3620 πρὸς
3218 3552 3344 3614 τοὺς
3371 3549 3686 3620 ἀλλοτρίους

2127 3634 2404 3705 ἐπιμιξίαν
2423 3634 2592 3707 δηλοῖ,
2626 3638 2687 3691 τὸ
2717 3638 2881 3693 τέκνα
2904 3641 3087 3705 αὐτοῖς
3117 3641 3174 3707 ἐξ
3206 3641 3383 3694 αὐτῶν
3411 3641 3687 3708 γενέσθαι.

2133 3743 2151 3776 ι
2184 3724 2293 3778 Νῦν
2319 3727 2689 3797 καταφάγεται
2725 3729 2921 3793 αὐτοὺς
2945 3732 2979 3801 ἠ
3010 3731 3236 3803 ἐρυσίϐη
3277 3731 3369 3783 καὶ
3408 3732 3533 3794 τοὺς
3558 3731 3692 3803 κλήο

2132 3834 2256 3887 ρους
2295 3818 2493 3874 αὐτῶν.
2520 3838 2538 3869 ι
2566 3820 2681 3872 ’Ὶνα
2714 3820 2841 3893 εἴπῃ
2873 3822 2953 3874 ὅτι
2987 3821 3151 3893 Δίκην
3192 3839 3251 3874 τε
3297 3822 3553 3894 ἐρυσίϐης
3592 3823 3692 3875 αύ-

2129 3908 2253 3973 τούς
2280 3927 2339 3962 τε
2379 3912 2471 3963 καὶ
2496 3910 2564 3964 τά
2597 3912 2864 3982 προσόντα
2913 3914 3094 3977 αὐτοῖς
3134 3914 3348 3968 ἅπαντα
3384 3914 3695 3986 παραδώσω

2131 4000 2325 4071 φθορᾷ.
2377 4021 2397 4052 ι
2454 4001 2755 4055 Σαλπίσατε
2803 4002 3065 4072 σάλπιγγι
3121 4004 3213 4057 ἐπὶ
3261 4005 3387 4069 τοὺς
3435 4005 3688 4076 βουνούςο

2130 4094 2369 4162 ἠχήσστε
2428 4093 2519 4145 ἐπὶ
2564 4092 2670 4146 τῶν
2722 4092 2963 4164 ὑψηλῶν,
3013 4094 3283 4166 κηρύξατε
3333 4096 3393 4148 ἐν
3438 4094 3514 4166 τῷ
3555 4096 3707 4169 οἴκῳ-

2133 4186 2249 4237 Ὢν.
2290 4203 2308 4235 ι
2359 4185 2446 4236 Ἐν
2489 4184 2660 4237 amo;
2690 4185 2769 4249 δὲ,
2815 4186 2967 4255 φησὶ,
2997 4189 3109 4247 τοῖς
3149 4186 3331 4247 τόποις
3371 4187 3426 4238 ἐν
3472 4180 3553 4249 οἷς
3590 4186 3693 4259 τὴν

2129 4275 2380 4329 ἀσέϐειαν
2434 4275 2751 4347 είργάξεσθε
2808 4277 2905 4348 τὴν
2950 4278 3173 4341 οἰκείαν,
3210 4278 3282 4347 (p.
3316 4277 3407 4349 40)
3456 4278 3699 4346 ἀφέντες

2131 4367 2228 4431 τάς
2274 4367 2525 4439 συνήθεις
2566 4368 2820 4432 σπουδὰς,
2884 4370 3112 4441 βοήσατε
3158 4370 3385 4440 μᾶλλον,
3444 4370 3510 4422 τά
3563 4371 3693 4443 περὶ

2134 4460 2277 4529 ὑμᾶς
2315 4459 2450 4531 ὑπὲρ
2494 4459 2695 4513 τούτων
2733 4460 2964 4530 ἐσόμενα
3014 4460 3307 4532 μηνύοντες
3344 4462 3505 4515 κακά.
3557 4463 3706 4515 Ποῖα

2127 4550 2331 4617 ταῦτα;
2389 4568 2407 4601 ι
2472 4549 2692 4620 Ἐξέστη
2766 4551 3041 4621 Βενιαμὶν,
3120 4551 3354 4623 Ἐφραίμ
3411 4553 3489 4616 είς
3550 4555 3694 4622 ἀφα-

2127 4639 2316 4707 νισμὸν
2356 4638 2570 4707 ἐγένετο
2595 4640 2654 4691 ἐν
2689 4639 2922 4710 ἡμέραις
2954 4639 3196 4712 ἐλέγχου.
3232 4659 3250 4691 ι
3297 4641 3427 4693 Ἀπὸ
3458 4640 3556 4711 μὲν
3580 4642 3694 4713 γὰρ

2126 4729 2218 4783 τοῦ
2254 4729 2508 4800 Βενιαμὶν
2554 4728 2649 4800 τὴν
2678 4729 2775 4799 τῆς
2814 4728 3069 4795 Ἰουδαίας
3113 4730 3255 4798 λέγει
3285 4729 3560 4800 βασιλείαν
3582 4749 3596 4760 ·
3627 4733 3694 4784 ἐκ

2132 4822 2187 4874 δέ
2212 4821 2306 4874 τοῦ
2349 4820 2585 4892 Ἐφραίμ
2606 4820 2705 4884 τὰς
2738 4820 2867 4874 δέκα
2895 4820 3087 4892 μηνύει
3115 4821 3288 4890 φυλάς
3306 4839 3320 4852 ο
3353 4822 3411 4875 ού
3441 4822 3597 4875 τοῦτο
3636 4824 3695 4877 δέ

2132 4912 2298 4980 λέγει.
2330 4913 2409 4965 ὅτι
2433 4912 2460 4962 6
2487 4912 2581 4981 μὲν
2607 4911 2820 4982 ἐξέστη,
2846 4912 2873 4963 6
2896 4911 2952 4964 δὲ
2977 4913 3057 4974 εἰς
3101 4912 3401 4984 ἀφανισμὸν
3438 4913 3658 4981 ἐγένετο
3675 4931 3691 4947 ο
3716 4904 3721 4911 ’

2132 5003 2246 5057 ἀλλ’
2282 5004 2368 5057 ἵνα
2400 5005 2550 5073 κοινῇ
2584 5003 2668 5054 ἐπ’
2719 5002 3042 5075 ἀμφοτέρων
3085 5004 3211 5074 εἴπῃ
3250 5002 3311 5057 τὸ
3358 5004 3699 5075 συναμφότε-

2136 5113 2249 5168 ρον,
2284 5099 2365 5151 ὅτι
2413 5096 2762 5166 ἐκστήσονται
2814 5096 2908 5148 καὶ
2961 5096 3039 5159 εἰς
3090 5095 3396 5166 ἀφανισμὸν
3441 5095 3691 5150 ἔσονταιο

2130 5187 2225 5242 καὶ
2262 5206 2281 5238 ι
2316 5189 2373 5240 ἐν
2399 5187 2632 5258 ἡμέραις
2656 5186 2749 5241 τοῦ
2777 5187 2996 5256 ἐλέηου
3037 5206 3055 5238 ι
3084 5186 3230 5255 λέγει
3260 5187 3316 5240 δέ
3340 5189 3399 5241 ἐν
3419 5190 3485 5259 τῇ
3518 5188 3699 5259 ἐφόδῳ

2130 5280 2238 5333 τῶν
2283 5280 2575 5349 πολεμίων,
2624 5279 2691 5349 ἢν
2746 5279 2957 5344 ἐπάξει,
2981 5277 3079 5342 τὰς
3120 5280 3463 5350 παρανομίας
3514 5279 3697 5332 αὐτῶν

2131 5371 2366 5441 ἐλέγχων
2415 5371 2717 5442 προδήλως.
2783 5371 3170 5440 ’Βκστήσονται
3206 5367 3320 5436 οῦν,
3369 5372 3553 5441 φησὶν,
3599 5372 3697 5424 ἐκ·

2136 5463 2487 5533 πληττόμενοι
2522 5462 2621 5532 τῆς
2654 5461 2782 5533 περὶ
2806 5461 3003 5523 αὐτοὺς
3044 5460 3343 5531 μεταϐολῆς
3370 5461 3432 5515 τὸ
3476 5462 3695 5532 ἀθρόον,

2138 5554 2229 5623 ὑφ’
2260 5548 2326 5626 ἧς
2352 5555 2806 5625 ἀφανισθήσονται
2835 5552 3111 5617 παντελῶς
3132 5570 3147 5585 ο
3172 5553 3306 5624 ἐμοῦ
3340 5552 3467 5616 τούς
3492 5570 3570 5625 τε,⁴
3591 5568 3695 5607 πο-

2137 5645 2354 5719 λεμίους
2404 5647 2583 5709 αὐτοῖς
2629 5644 2944 5713 ἐπάγοντος,
2990 5645 3085 5698 καὶ
3129 5643 3226 5716 τὴν
3274 5641 3697 5714 ἐπιτελουμένην

550 5799 593 5833 ⁸⁸
620 5799 776 5857 Rom.
812 5818 849 5870 ι,
882 5802 962 5858 l8.
1045 5802 1085 5836 "
1107 5800 1250 5858 Psal.
1283 5818 1368 5875 εν,
1403 5802 1472 5861 55
1568 5806 1611 5838 ²⁶
1643 5804 1785 5862 Psal.
1812 5803 2127 5870 nummi.
