3966 6222
269 338 375 395 ιω
1321 349 1865 411 COMMENTARIUS
1897 355 1963 412 lN
2000 356 2202 415 05m
2241 357 2387 414 CAP.
2423 356 2487 411 v.
2668 312 2675 317 ’
3388 355 3496 418 £53

269 458 401 527 παρ’
425 457 605 521 αὐτοῖς
635 457 948 528 ἐλέγχοντος
981 463 1347 534 παρανομίαν·
1381 467 1440 520 τὸ
1464 467 1519 519 δὲ
1547 468 1610 519 τὸ
1649 468 1826 521 κοινὸν

1930 474 2185 540 clamare,
2217 486 2270 530 et
2300 482 2463 529 noctu
2488 488 2676 529 coram
2710 473 2820 529 Deo
2846 473 3025 544 loqui;
3061 473 3153 528 sed
3184 473 3259 528 ait
3285 474 3488 544 potius,

267 547 415 602 κατά
441 549 695 616 διαίρεσιν
718 550 916 618 λέγειν,
940 551 1088 623 εὖροι
1114 555 1180 607 ἄν
1204 572 1289 618 τις
1321 559 1540 627 συνεχὲς
1565 560 1657 611 καὶ
1686 559 1834 630 παρὰ

267 638 349 707 τῷ
380 639 630 710 μακαρίῳ
662 640 826 692 Δαυῖδ
848 657 862 669 ⁸
895 641 970 703 ὡς
998 644 1124 696 ὅταν
1151 644 1286 717 λέγῃ
1308 662 1323 677 ’
1362 668 1380 698 ι
1433 647 1671 717 Ἡμέρας
1708 649 1834 702 ἐκέ-

270 728 470 797 κραξα,
488 730 579 782 καὶ
606 732 667 782 ὲν
692 732 846 784 νυκτὶ
876 734 1114 787 ἐναντίον
1140 751 1233 787 σου
1257 752 1271 766 ’
1301 755 1320 788 ›
1342 737 1439 789 οὐκ
1456 739 1512 790 ὲν
1538 737 1719 808 ἡμέρᾳ
1737 739 1834 808 μὲν

271 818 400 889 βοᾷν
435 819 626 887 λέγων,
683 822 741 875 έν
787 824 943 876 νυκτὶ
983 824 1039 877 δὲ
1090 827 1331 879 ἐναντίον
1369 828 1699 896 φθέγγεσθαι
1737 830 1833 883 τοῦ

268 908 405 962 Θεοῦ
427 926 442 940 ⁸
476 911 589 963 ἀλλ’
625 913 710 964 ἵνα
738 913 894 985 εἴπῃ,
920 916 1001 968 ὅτι
1056 917 1295 988 Ἡμέρας
1338 918 1433 971 καὶ
1478 918 1668 983 νυκτὸς
1708 921 1831 974 ἐκέ-

269 998 451 1068 κραξα
476 1001 713 1055 ἐναντίον
741 1021 834 1056 σου
858 1022 873 1036 ο
907 1005 1049 1058 κατά
1097 1006 1355 1079 διαίρεσιν
1404 1009 1579 1063 τοίνυν
1624 1005 1744 1064 εἷπε
1770 1011 1831 1063 τὸ

272 1090 487 1143 κοινόν·
515 1091 653 1145 οὕτω
684 1094 960 1148 κάνταῦθα
980 1095 1127 1163 λέγει
1148 1097 1265 1159 τὸ,ι
1305 1096 1521 1167 Ἐξέστη
1553 1098 1826 1169 Βενιαμὶν,

287 1179 530 1251 Ἐφραῖμ
551 1185 625 1246 είς
651 1185 960 1256 ἀφανισμὸν
988 1188 1224 1256 ἐγένετο*
1263 1208 1283 1241 ι
1312 1191 1398 1243 ἵνα
1430 1192 1557 1263 εῐπῃ
1579 1195 1661 1246 ὅτι
1688 1196 1829 1248 κατά

267 1271 455 1324 κοινοῦ
479 1273 764 1345 ἐξέστησαν
806 1294 867 1330 τε
924 1279 1016 1331 καὶ
1053 1281 1131 1343 είς
1171 1282 1476 1353 ἀφανισμὸν
1519 1284 1824 1352 γεγόνασιν.

271 1378 293 1412 ι
344 1362 436 1414 Ἐν
472 1366 587 1427 ταῖς
627 1365 820 1433 φυλαῖς
871 1368 1084 1440 Ἰσραὴλ
1126 1370 1304 1438 ἔδειξα
1352 1374 1537 1427 πιστά.
1574 1394 1594 1425 a
1631 1375 1705 1444 (p.
1733 1375 1824 1442 41)

263 1453 453 1507 Ταῦτα
480 1456 536 1509 δὲ
561 1458 782 1526 ὲπὰιγων
828 1461 1028 1525 αὐτοῖς,
1076 1462 1279 1531 ἐλέγξω
1301 1464 1408 1518 τῶν
1448 1465 1686 1519 ἀπειλῶν
1715 1466 1824 1519 τῶν

1936 561 2176 617 Interdiu
2212 574 2483 632 noctuque
2501 563 2730 618 clamavi
2756 577 2937 617 coram
2961 571 3033 617 te.
3071 561 3210 633 Ergo
3240 578 3332 632 per
3357 563 3493 633 ﬁgu-

1934 666 2051 704 ram
2077 652 2368 708 diaereseos
2397 667 2508 707 rem
2531 667 2879 707 communem
2900 652 3057 706 dixit.
3089 652 3180 706 Sic
3203 651 3366 706 etiam
3391 652 3496 707 hoc

1933 742 2053 796 loco
2078 744 2183 797 ait:
2231 762 2249 794 ι
2272 742 2562 813 Obstupuit
2604 743 2912 813 Benjamin,
2962 742 3216 812 Ephraim
3254 742 3307 796 in
3338 741 3496 797 deso-

1935 833 2134 889 latione
2186 834 2314 901 iuit;
2360 854 2378 885 ι
2420 843 2479 888 ut
2510 835 2784 889 communi
2818 834 2924 903 27
2952 834 3212 888 ambobus
3258 834 3494 887 dictione

1933 925 2099 988 dicat,
2117 926 2525 995 Obstupuerunt
2556 934 2609 980 et
2636 925 2863 981 desolati
2902 935 3047 980 sunt.
3105 943 3122 975 ι
3152 924 3209 979 In
3238 926 3491 979 tribubus

1933 1015 2150 1072 lsraelis
2183 1018 2396 1072 ostendi
2428 1018 2624 1073 lidelia.
2648 1037 2666 1070 ι
2708 1017 2831 1072 Haec
2864 1018 3122 1071 nimirum
3154 1017 3261 1071 illis
3296 1016 3492 1084 impin-

1933 1121 2087 1177 gens,
2142 1107 2408 1161 minarum
2455 1123 2698 1163 mearum
2746 1108 3025 1162 veritatem
3077 1107 3492 1175 ﬁrmitatemque

1932 1198 2317 1266 comprobabo,
2354 1199 2554 1268 quibus
2592 1214 2624 1252 a
2654 1199 3041 1267 prophetarum
3071 1198 3351 1251 intentatis
3396 1195 3490 1253 isti

1930 1303 2041 1341 non
2105 1288 2500 1343 crediderunt:
2574 1288 2810 1343 sentient
2881 1298 3058 1342 autem
3120 1286 3490 1357 experimento

1926 1379 2102 1434 edocti
2156 1380 2337 1434 ﬁdelia
2382 1379 2568 1435 omnia
2613 1395 2677 1434 ac
2720 1379 2936 1435 veracia
2984 1379 3154 1434 fuisse
3187 1393 3306 1448 qua:
3341 1377 3489 1432 dicta

1921 1468 2159 1523 fuerant.

263 1545 417 1614 ἐμῶν
441 1546 502 1599 τὺ
525 1547 723 1636 ἀληθὲς
748 1552 843 1604 καὶ
871 1552 1105 1621 βέϐαιον,
1147 1552 1237 1619 αἷς
1272 1557 1361 1611 διά
1396 1558 1505 1613 τῶν
1555 1561 1846 1632 προφητῶν
1873 1564 2185 1633 γινομέναις
2231 1565 2526 1636 ἠπίστουνο
2557 1564 2902 1635 αἰσθήσονται
2963 1563 3020 1617 δὲ
3049 1564 3113 1617 ὲκ
3154 1562 3255 1631 τῆς
3295 1562 3491 1632 πείρας

262 1638 347 1691 δτι
378 1637 560 1692 πάντα
584 1635 653 1709 ἦν
682 1642 846 1695 πιστά
871 1660 929 1695 τε
953 1646 1046 1698 καὶ
1072 1646 1273 1718 ἀψευδῆ
1299 1648 1367 1701 τὰ
1394 1649 1676 1721 λεγόμενα.

336 1733 484 1801 Στίχ.
521 1732 679 1803 ι’-ιβ¹.
709 1764 781 1776 -
814 1756 833 1788 ι
880 1738 1152 1806 Ἐγένοντο
1178 1742 1229 1792 οἱ
1257 1741 1514 1812 ἄρχοντες
1552 1743 1718 1797 Ἰούδα
1745 1744 1820 1807 ὡς

1993 1742 2158 1799 Vens.
2187 1744 2370 1800 10-12.
2386 1772 2456 1783 —-
2486 1762 2505 1795 ι
2526 1740 2674 1797 Facti
2701 1749 2828 1797 sunt
2855 1743 3132 1813 principes
3154 1741 3308 1796 Juda:
3329 1739 3490 1812 quasi

264 1825 646 1894 μετατιθέντες
691 1828 831 1899 ὅρια.
869 1848 888 1881 ι
923 1831 1131 1902 Ὠσπερ
1163 1831 1271 1904 γὰρ
1309 1835 1358 1886 oi
1384 1833 1453 1887 τά
1498 1836 1700 1905 σημεῖα
1728 1835 1827 1905 τῆς

258 1917 370 1971 τῶν
394 1918 593 1990 χωρῶν
620 1920 933 1993 διαιρέσεως
961 1924 1316 1996 ἀφαιροῦντες
1344 1926 1690 1997 λυμαίνονται
1715 1930 1828 1991 τοῖς

255 2010 362 2075 τῆς
389 2012 710 2077 δεσποτείας
740 2014 989 2080 δικαίοις,
1018 2018 1188 2081 οὓτως
1217 2019 1393 2089 ὑμεῖς,
1430 2019 1585 2089 φησὶ,
1628 2019 1828 2091 πολλῆς

256 2103 429 2173 οὔσης
456 2102 771 2175 διαιρέσεως
794 2107 1010 2176 μεταξὺ
1047 2108 1179 2179 ἐμοῦ
1215 2126 1275 2161 τε
1307 2110 1397 2162 καί
1425 2110 1532 2163 τῶν
1574 2110 1824 2176 εἰδώλων,

256 2192 337 2262 τῷ
368 2195 672 2264 προσήκειν
714 2196 810 2265 μὲν
835 2198 959 2267 ἐμοὶ
982 2197 1079 2267 τὴν
1124 2198 1259 2253 Θεοῦ
1289 2200 1454 2271 τιμήν
1485 2218 1544 2253 τε
1578 2203 1673 2255 καὶ
1711 2203 1827 2255 ὀνο-

260 2287 487 2353 μασίαν,
524 2285 826 2350 ἐκείνοις-δὲ
850 2288 959 2340 οὐδ’
983 2288 1136 2353 ὅλως,
1157 2290 1374 2362 ἀρῤαγῆ
1402 2290 1583 2345 δίκαια
1614 2293 1827 2357 πολλοῖς

255 2391 320 2430 τε
358 2375 459 2430 καὶ
486 2376 751 2441 ποικίλοις
776 2377 1075 2451 διῃρημένα
1109 2382 1350 2453 τρόποις,
1379 2382 1442 2435 τό
1484 2398 1550 2451 γε
1581 2383 1667 2454 ἐφ’
1695 2384 1823 2454 ὑμῖν

256 2465 562 2532 διελύσατε,
582 2467 681 2539 τήν
700 2469 822 2539 ἐμοὶ
842 2468 1149 2541 προσοῦσαν
1168 2470 1462 2542 ὀνομασίαν
1476 2490 1533 2526 τε
1547 2475 1643 2528 καὶ
1663 2474 1828 2547 τιμὴν

256 2559 630 2631 περιάψαντες
655 2559 900 2624 ἐκείνοις.
933 2580 952 2613 ι
1004 2560 1119 2615 Ἐπ’
1144 2564 1340 2627 αὐτοὺς
1369 2565 1546 2636 ἐκχεῶ
1571 2565 1647 2631 ὼς
1676 2566 1821 2636 ὓδωρ

254 2650 319 2703 τὺ
344 2650 579 2721 ὅρμημα
610 2668 734 2721 μου.
771 2669 792 2702 a
822 2650 1033 2723 Φοϐερᾷ
1069 2654 1123 2720 γ’
1159 2648 1252 2706 οῦν
1292 2670 1399 2707 τινι
1442 2655 1716 2725 χρήσομαι
1757 2657 1824 2726 τῇ

258 2744 381 2795 κατ’
422 2741 604 2794 αὐτῶν
640 2744 785 2814 ὁρμῇ
810 2741 1218 2815 τετολμηκότων
1254 2743 1499 2809 τοιαῦτα,
1526 2744 1681 2816 δίκην
1710 2742 1829 2798 ὓδα-

257 2850 351 2896 τος
404 2832 709 2896 ἐπικλύσας
760 2834 955 2897 αὐτοὺς
1005 2833 1084 2905 τῷ
1128 2834 1320 2905 πλήθει
1367 2834 1476 2889 τῶν
1531 2835 1823 2906 πολεμίων.

260 2942 281 2976 ι
339 2924 855 2978 Κατεδυνάστευσεν
911 2925 1150 2996 Ἐφραῖμ
1195 2926 1287 2978 τὸν
1333 2924 1602 2979 ἀντίδικον
1638 2924 1825 2989 αὐτοῦ,

254 3014 612 3085 κατεπάτησε
638 3013 702 3067 τὸ
726 3017 919 3087 κρῖμα.
953 3034 973 3067 ι
1018 3015 1220 3069 Ούδένα
1246 3015 1402 3083 λόγον
1433 3012 1576 3088 εἶχον
1617 3015 1711 3070 τοῦ
1749 3017 1824 3070 δι·

1926 1833 2190 1887 terminos
2232 1831 2683 1887 transferentes.»
2734 1830 3200 1896 Quemadmodum
3244 1831 3343 1892 illi,
3392 1831 3488 1900 qui

1926 1922 2254 1979 divisionum
2289 1923 2342 1976 in
2378 1922 2588 1991 campis
2615 1922 2767 1992 signa
2794 1921 3071 1985 auferunt,
3120 1921 3344 1975 dominii
3374 1921 3487 1991 juri

1925 2022 2122 2068 nocent
2156 2031 2168 2067 :
2201 2013 2282 2069 sic
2320 2028 2437 2079 vos,
2467 2012 2665 2083 inquit,
2701 2029 2824 2068 cum
2872 2020 3021 2067 tanta
3049 2019 3195 2067 esset
3232 2012 3372 2066 inter
3402 2027 3491 2067 me

1926 2114 2089 2175 atque
2146 2105 2290 2160 idola
2344 2104 2713 2176 intercapedo,
2766 2112 3037 2175 quatenus
3081 2103 3213 2157 mihi
3262 2102 3491 2159 debetur

1926 2194 2099 2249 honor
2147 2202 2202 2249 et
2245 2210 2443 2251 nomen
2476 2196 2740 2260 divinum,
2801 2196 2908 2251 illis
2935 2209 3064 2249 vero
3107 2210 3489 2265 nequaquam;

1926 2284 2080 2340 ﬁrma
2133 2286 2282 2354 jura,
2323 2288 2618 2357 multisque
2666 2302 2729 2340 ac
2781 2287 2951 2342 variis
2981 2285 3237 2341 distincta
3289 2284 3490 2353 modis,

1923 2393 2022 2432 vos
2040 2377 2259 2448 quidem
2280 2393 2379 2447 pro
2394 2378 2536 2432 virili
2557 2385 2711 2449 parte
2727 2376 3076 2441 dissolvistis.
3096 2392 3291 2431 nomen
3311 2394 3488 2432 meum

1926 2466 2298 2538 honoremque
2340 2468 2501 2523 idolis
2531 2468 2893 2523 attribuendo.
2942 2486 2959 2520 ι
2982 2469 3155 2542 Super
3192 2486 3286 2527 eos
3314 2469 3491 2523 eﬁ‘uno

1924 2556 2051 2612 dam
2109 2559 2265 2628 quasi
2327 2573 2524 2629 aquam
2588 2559 2847 2630 impetum
2924 2577 3167 2619 meum.»
3233 2562 3488 2618 Terribili

1926 2648 2161 2719 quodam
2211 2649 2412 2719 impetu
2439 2649 2586 2705 ferar
2632 2649 2687 2703 in
2714 2664 2831 2714 eos,
2873 2649 2966 2718 qui
3012 2651 3135 2705 talia
3180 2661 3309 2706 sunt
3342 2652 3487 2716 ausi,

1926 2754 2079 2810 aquae
2132 2740 2307 2796 instar
2352 2754 2449 2795 eos
2499 2738 2773 2795 inundans
2824 2741 3173 2797 multitudine
3223 2742 3486 2798 hostium.

1931 2831 2254 2902 «Oppressit
2302 2830 2631 2901 Ephraimus
2679 2832 3052 2888 adversarium
3107 2850 3288 2898 suum,
3355 2850 3490 2889 con-

1926 2922 2160 2977 culcavit
2206 2921 2495 2992 judicium.
2520 2941 2539 2974 a
2585 2919 2797 2976 Nullam
2842 2923 3066 2993 iustitia:
3096 2924 3361 2979 rationem
3393 2922 3490 2978 ha-

1927 3013 2197 3068 buerunt:
2249 3013 2629 3085 unusquisque
2667 3029 2766 3083 pro
2810 3014 3017 3070 viribus
3063 3015 3170 3069 vim
3225 3015 3487 3085 injustam

253 3107 445 3159 καίουο
475 3078 712 3170 ἕκαστος
821 3078 1004 3171 καθὼς
1048 3107 1228 3178 ἴσχυεν
1267 3078 1441 3176 ἠδίκει
1480 3078 1572 3161 τὸν
1616 3107 1820 3179 ἕτερον,

1930 3106 2080 3159 alteri
2111 3105 2314 3169 intulit,
2343 3078 2435 3176 jus
2458 3078 2845 3161 conculcantcs
2873 3121 2937 3162 ac
2969 3122 3067 3177 pro
3094 3106 3266 3165 nihilo
3281 3078 3488 3163 haben-

255 3197 639 3267 πεπατηκότες
660 3197 723 3250 τὸ
746 3197 968 3263 δίκαιον,
996 3199 1091 3251 καὶ
1122 3200 1325 3270 μηδένα
1352 3201 1542 3253 τούτου
1567 3199 1824 3269 ποιούμε-

252 3308 330 3343 νοι
362 3290 564 3358 λόγον’
605 3290 682 3353 ὼς
736 3290 831 3344 καὶ
871 3292 899 3344 ὁ
941 3290 1143 3361 Κύριος
1185 3293 1245 3346 ὲν
1293 3295 1404 3355 τοῖς
1440 3291 1821 3360 Εύαγγελίοιςο

258 3402 277 3432 ι
311 3381 658 3434 Κατελίπετε
695 3380 795 3452 την
845 3382 1065 3452 ἀγάπην
1109 3384 1204 3436 καὶ
1237 3382 1334 3453 τήν
1378 3385 1558 3453 κρίσιν
1592 3383 1687 3435 καὶ
1734 3382 1825 3435 τδν

252 3471 397 3524 ἔλεον
426 3471 529 3542 (5).
566 3488 590 3522 ι
629 3471 707 3540 (p.
731 3468 822 3539 42)
846 3470 960 3523 Ἰνα
983 3471 1133 3545 είπῃ,
1169 3472 1250 3525 ὅτι
1275 3471 1446 3541 Λόγον
1468 3471 1655 3525 οὐδένα
1676 3470 1825 3541 ἔχετε

250 3560 348 3629 τῆς
377 3561 611 3629 ἀγάπης
640 3558 853 3613 καὶ-τοῦ
883 3559 1092 3615 δικαίου
1130 3563 1221 3615 καὶ
1247 3561 1346 3631 τῆς
1384 3562 1788 3633 φιλανθρωπίας
1806 3579 1823 3596 ο

252 3654 346 3707 καὶ
372 3653 652 3706 ἀντίδικον
678 3652 758 3715 δὲ,
797 3653 887 3707 τὸν
916 3654 1265 3726 ἀδικούμενον
1283 3656 1312 3707 ό
1340 3654 1541 3726 Κύριος
1578 3654 1825 3725 φαίνεται

252 3746 432 3799 καλῶν
449 3762 466 3776 ·
486 3745 567 3808 ὡς
603 3744 721 3812 τὸ,‹
744 3744 880 3798 Ἰσθι
908 3746 1105 3800 εὐνοῶν
1130 3747 1207 3817 τῷ
1231 3747 1483 3816 ἀντιδίκῳ
1500 3764 1593 3800 σου
1608 3747 1773 3818 ταχύ’
1801 3766 1820 3799 ι

249 3841 356 3903 τοῖς
377 3837 634 3892 ἀδικοῦσι
654 3837 930 3908 παραινῶν
955 3838 1105 3909 πάσῃ
1130 3837 1354 3909 δυνάμει
1382 3840 1509 3902 τοὺς
1536 3837 1828 3908 ἀδικουμέ-

249 3945 370 3989 νως
403 3927 504 3979 ὑπ’
536 3924 720 3978 αὐτῶν
761 3924 1099 3994 θεραπεύειν.
1147 3946 1164 3977 ι
1207 3928 1328 3980 Ὅτι
1358 3927 1561 3998 ήρξατο
1602 3925 1829 3997 πορεύε-

252 4017 378 4071 σθαι
405 4016 593 4069 ὀπίσω
634 4015 743 4068 τῶν
788 4016 1048 4086 ματαίων.
1089 4035 1108 4069 a
1142 4017 1326 4071 Ταῦτα
1345 4018 1402 4070 δὲ
1447 4018 1829 4089 διεπράττοντο

250 4108 401 4171 ἐξότε
426 4107 564 4178 περὶ
600 4106 699 4178 τὴν
736 4107 843 4160 τῶν
864 4106 1094 4161 εἰδώλων
1127 4109 1477 4179 προσανέχειν
1503 4108 1705 4161 εἴλοντο
1738 4107 1828 4160 θε-

252 4199 513 4269 ραπείαν,
558 4198 657 4252 ἅτε
687 4198 890 4268 μηδένα
918 4199 1027 4253 τῶν
1082 4200 1259 4269 νόμων
1286 4200 1392 4253 τῶν
1434 4201 1583 4271 ἐμῶν
1612 4201 1707 4254 καὶ
1733 4199 1826 4253 τοῦ

250 4294 628 4362 προσήκοντος
655 4290 735 4341 ἔτι
756 4289 1065 4360 ποιούμενοι
1094 4291 1271 4360 λόγον.
1314 4310 1332 4343 ι
1368 4293 1474 4345 Καὶ
1499 4291 1609 4360 ἐγὼ
1634 4292 1708 4354 ὡς
1732 4308 1829 4344 τα-

1922 3204 2025 3252 tes.
2079 3195 2231 3250 Sicut
2270 3195 2530 3251 Dominus
2572 3196 2628 3251 in
2658 3195 2961 3268 Evangeliis
2994 3213 3007 3247 :
3061 3216 3080 3250 ι
3106 3197 3486 3269 Dereliquistis

1923 3287 2243 3342 charitatem
2268 3295 2323 3342 et
2342 3286 2605 3358 judicium
2627 3303 2691 3342 ac
2707 3288 3136 3343 misericordiam
3155 3291 3220 3357 1";
3244 3308 3263 3342 ›
3299 3305 3398 3361 pro
3423 3305 3490 3345 eo

1924 3395 1989 3434 ac
2028 3377 2174 3433 dicat
2213 3398 2227 3433 :
2262 3378 2408 3433 Nihil
2458 3377 2614 3449 pensi
2672 3378 2882 3435 habetis
2916 3379 3273 3447 cliaritatem,
3326 3380 3490 3449 justi-

1926 3472 2076 3535 tiam,
2114 3486 2178 3526 ac
2205 3471 2614 3541 benignitatem.
2648 3468 2781 3525 Nam
2805 3481 2858 3525 et
2885 3471 3254 3526 adversarium
3274 3471 3491 3527 videtur

1925 3566 2105 3620 dicere
2132 3564 2391 3620 Dominus
2423 3579 2521 3634 pro
2544 3579 2609 3619 eo
2632 3564 2720 3635 qni
2748 3564 2910 3619 lassus
2933 3564 3034 3617 fuit
3060 3582 3075 3631 ;
3107 3565 3285 3619 velut:
3320 3583 3338 3616 ι
3362 3563 3492 3620 Esto

1924 3656 2222 3712 benevolus
2257 3656 2570 3711 adversario
2600 3664 2692 3709 tuo
2720 3655 2969 3710 celeriter
2984 3655 3091 3721 ης»
3132 3664 3313 3709 monet
3341 3655 3492 3709 scili-

1926 3756 2013 3804 cet
2045 3746 2344 3803 oll'ensores
2394 3755 2452 3800 ut
2499 3746 2723 3799 omnino
2769 3755 3035 3799 conentur
3086 3744 3184 3800 abs
3232 3761 3293 3800 se
3330 3746 3490 3801 laesos

1927 3838 2163 3908 placare.
2206 3855 2225 3887 ι
2249 3836 2386 3902 Quia
2413 3836 2580 3905 ctepit
2612 3835 2765 3889 abire
2803 3846 2926 3904 post
2949 3851 3108 3890 vana.
3132 3854 3150 3887 ι
3187 3835 3265 3888 lta
3292 3835 3492 3906 quippe

1928 3942 1988 3981 se
2014 3926 2292 3995 gerebant,
2333 3939 2400 3979 ex
2440 3938 2551 3995 quo
2599 3923 2864 3978 idolorum
2900 3925 3273 3995 superstitioni
3307 3940 3365 3981 se
3393 3924 3492 3979 ad-

1928 4020 2205 4081 dixerunt,
2236 4018 2440 4073 omissa
2474 4018 2648 4086 legum
2694 4032 2933 4071 mearum
2961 4018 3327 4083 observantia,
3369 4034 3489 4073 om-

1928 4114 2095 4183 nique
2124 4113 2319 4167 oﬁicio.
2358 4130 2376 4162 ι
2407 4110 2470 4165 Et
2498 4125 2599 4178 ego
2625 4109 2778 4180 quasi
2810 4111 3156 4165 conturbatio
3175 4110 3487 4181 Ephraimo,
3558 4174 3565 4179 1

1928 4216 1981 4261 et
2009 4207 2119 4277 28
2142 4205 2297 4276 quasi
2328 4203 2583 4259 stimulus
2607 4200 2779 4261 Iudae.
2801 4221 2820 4254 ι
2858 4201 2912 4256 ln
2930 4202 3121 4273 grandi
3143 4218 3238 4258 eos
3255 4203 3490 4257 hostium

1930 4312 2097 4353 causa
2155 4295 2560 4367 perturbatione
2616 4294 2966 4357 constituam,
3027 4294 3154 4348 belli
3214 4293 3493 4349 doloribus

253 4385 391 4457 ραχὴ
417 4384 502 4453 τῷ
540 4383 800 4454 Ἐφραίμ,
832 4384 925 4437 καὶ
954 4384 1028 4446 ὡς
1057 4383 1279 4454 κέντρον
1309 4385 1386 4454 τῷ
1413 4388 1545 4455 οἴκῳ
1581 4384 1770 4437 Ἰούδα.
1803 4401 1821 4433 ι

1931 4388 2086 4459 quasi
2120 4385 2269 4457 gravi
2310 4384 2532 4440 stimulo
2582 4383 2705 4437 illos
2732 4398 3125 4451 compungens.
3153 4380 3325 4435 Porro
3357 4382 3495 4438 satis

262 4474 353 4527 Ἐν
394 4472 576 4541 πολλῇ
617 4475 830 4544 ταραχῇ
859 4473 947 4525 διὰ
972 4474 1079 4526 τῶν
1114 4473 1384 4542 πολεμίων
1416 4475 1613 4536 αὐτοὺς
1657 4489 1825 4525 κατα-

248 4561 462 4633 στήσω,
492 4561 688 4632 ὥσπερ
713 4563 819 4614 τινὶ
840 4562 997 4632 βαρεί
1024 4562 1233 4634 κέντρῳ
1254 4565 1368 4627 ταῖς
1390 4561 1596 4617 ἐκεῖθεν
1614 4560 1826 4625 ὀδύναις

247 4652 513 4725 πλήττων
556 4653 786 4717 αύτούς⁸
834 4655 1056 4725 εῦδηλον
1094 4656 1202 4727 γὰρ
1249 4657 1330 4709 ὅτι
1374 4656 1493 4724 οὐχὶ
1518 4655 1580 4708 τὸ
1614 4655 1711 4725 μὲν
1749 4651 1828 4723 τῷ

261 4747 529 4816 Ἐφραίμ,
582 4746 649 4799 τὸ
692 4747 746 4800 δὲ
794 4746 872 4817 τῷ
923 4747 1095 4819 Ἰούδᾳ
1135 4748 1315 4817 λέγει’
1364 4747 1507 4801 κατά
1552 4745 1730 4801 κοινοῦ
1772 4746 1830 4800 δὲ

246 4838 597 4909 ἀμφοτέροις
628 4839 729 4907 τήν
755 4855 813 4890 τε
844 4840 1086 4910 ταραχὴν
1116 4840 1351 4892 ἐποίσειν
1385 4840 1479 4892 καὶ
1517 4838 1577 4891 τὸ
1609 4838 1836 4907 κέντρον

248 4930 410 4999 φησι,
456 4929 646 4992 καθὼς
676 4931 767 4983 καὶ
805 4932 863 4985 ὲν
895 4934 1005 4994 τοῖς
1030 4932 1323 5004 ἀνωτέροις
1357 4931 1658 5001 ἐδείξαμεν.

320 5021 477 5091 Στίχ.
528 5029 713 5090 ιγ’-ιε’.
746 5055 815 5065 -
850 5043 870 5075 ι
912 5025 1020 5076 Καὶ
1066 5024 1204 5077 εἶδεν
1255 5024 1495 5094 Ἐφραίμ
1539 5024 1636 5095 τήν
1676 5026 1830 5080 νόσον

248 5110 445 5175 αὐτοῦ,
472 5113 570 5163 καὶ
611 5112 809 5176 Ἰούδας
836 5114 933 5184 τὴν
965 5115 1158 5185 ὀδύνην
1197 5114 1360 5167 αὑτοῦ
1382 5133 1394 5144 ·
1432 5114 1527 5168 καὶ
1558 5116 1829 5187 ἐπορεύθη

262 5199 515 5270 Ἑτρραῖμ
561 5202 695 5272 πρὸς
748 5204 1084 5275 Ἀσσυρίους,
1118 5206 1211 5257 καὶ
1245 5203 1532 5257 ἀπέστειλε
1572 5204 1830 5275 πρέσϐεις

249 5291 397 5361 πρὸς
426 5290 653 5361 βασιλέα
704 5292 940 5363 Ἰαρείμο
989 5295 1083 5346 καὶ
1126 5295 1285 5357 αὐτὸς
1317 5295 1417 5347 οὐκ
1456 5293 1694 5365 ἠδυνήθη
1736 5294 1830 5365 ρύο

253 5383 463 5436 σασθαι
511 5386 675 5452 ὑμᾶς.
725 5404 743 5436 a
789 5386 922 5438 Τότε
971 5386 1035 5458 δὴ
1066 5386 1174 5439 τῶν
1218 5387 1432 5440 οἰκείων
1483 5386 1829 5458 αἰσθήσονται

319 5540 367 5571 "
406 5540 541 5596 Luc.
567 5557 643 5604 xl,
670 5543 761 5598 ὀπί.
825 5545 867 5575 ⁸⁸
896 5543 1082 5599 Matth.
1118 5562 1170 5612 v,
1193 5546 1282 5600 25.

253 5758 265 5766 ,
328 5689 414 5754 (5i
456 5691 837 5766 Animadverte
866 5695 1181 5766 praeclaram
1225 5695 1508 5751 lectionem
1534 5697 1701 5766 ἔλεον,
1741 5710 1829 5750 cu-

247 5761 348 5827 jus
383 5761 612 5828 vestigia
657 5764 782 5815 alibi
836 5761 941 5816 non
989 5765 1352 5826 inveniebam,
1379 5782 1447 5819 ne
1476 5770 1529 5819 in
1566 5764 1829 5819 Vaticano

262 5828 498 5900 quidem
530 5834 807 5903 prwnobiii
841 5834 1001 5901 {9.09,
1033 5851 1130 5890 nec
1164 5837 1216 5889 in
1242 5835 1488 5907 Vulgato.
1509 5836 1830 5891 Prmclaram

1922 4488 2161 4545 constat,
2220 4475 2366 4547 quod
2418 4474 2563 4529 haud
2608 4475 2836 4527 alterum
2883 4472 2950 4527 de
2997 4471 3291 4543 Ephraimo
3324 4472 3491 4537 dicat,

1923 4575 2151 4627 alterum
2181 4568 2248 4623 de
2275 4566 2433 4631 Juda,
2471 4564 2564 4621 sed
2590 4579 2931 4619 communem
2955 4563 3227 4620 ambobus
3255 4563 3497 4617 minatur

1924 4661 2396 4720 conturbationem
2425 4673 2490 4712 ac
2512 4658 2814 4723 stimulum,
2870 4663 2928 4709 ut
2967 4654 3080 4726 jaru
3112 4655 3168 4711 in
3205 4652 3496 4725 superiori-

1926 4754 2032 4810 bus
2067 4747 2585 4807 demonstravimus.

2010 5025 2167 5079 \'ans.
2208 5024 2396 5080 1545.
2427 5052 2493 5063 -
2529 5044 2548 5074 ι
2576 5022 2641 5078 Ει
2664 5023 2799 5078 vidit
2823 5022 3149 5092 Ephraimus
3179 5022 3494 5090 languorem
3536 5062 3545 5069 .

1932 5133 2111 5179 suum.
2143 5125 2195 5171 ct
2227 5115 2396 5170 ludas
2424 5115 2669 5171 dolorem
2699 5129 2879 5169 suum.
2910 5113 2974 5166 Et
3005 5112 3139 5167 abiit
3171 5111 3495 5182 Ephraimus

1930 5208 1995 5261 ad
2026 5207 2304 5277 Assyrios,
2349 5208 2604 5276 misitque
2656 5205 2860 5274 legatos
2887 5202 2954 5256 ad
2982 5217 3161 5271 regem
3211 5200 3405 5266 Jarim,
3446 5211 3494 5255 et

1936 5298 2052 5367 ipse
2082 5314 2187 5353 non
2231 5299 2401 5368 potuit
2429 5314 2623 5353 sanare
2666 5312 2778 5351 vos.
2807 5314 2825 5347 ι
2866 5293 3021 5348 Tunc
3049 5293 3327 5347 enimvero
3358 5294 3496 5347 mala

1936 5405 2033 5443 sua
2058 5391 2415 5458 persentient:
2449 5390 2563 5444 haec
2583 5389 2727 5445 enim
2751 5387 2984 5457 appellat
3004 5386 3316 5456 languorem
3337 5390 3494 5454 atque

1935 5693 2066 5757 dixi,
2104 5693 2211 5745 imo
2250 5693 2540 5762 pretiosam
2577 5687 2859 5741 lci-tionem
2886 5728 2926 5762 ,_
2954 5687 3077 5762 quia
3136 5683 3493 5738 misericordia

1936 5758 2313 5887 arguixientmu
2344 5762 2662 5831 fructusque
2698 5769 2780 5815 est
2818 5758 3079 5823 caritatis,
3101 5772 3222 5827 qua:
3257 5765 3330 5811 ibi
3358 5770 3490 5826 pra-

1938 5853 1997 5888 ce
2038 5842 2100 5888 ιι.

1938 5849 2100 5890 ceutt.
