3966 6222
436 289 540 341 $99

1666 290 2007 348 THEODORI
2047 292 2523 351 MOPSUESTENI

3559 294 3661 351 mo

433 401 712 454 dolorem:
749 413 873 452 cum
905 397 1155 453 videlicet
1189 399 1438 468 captivus
1464 400 1764 457 abducetur
1794 402 1862 457 ad
1889 405 1998 458 As-

2106 404 2315 457 κακῶν·
2369 403 2523 456 τοῦτο
2564 401 2672 473 γὰρ
2721 402 2866 470 λέγει
2900 402 3052 456 νόσον
3084 403 3175 455 καὶ
3213 402 3426 475 ὀδύνηψ
3476 406 3553 459 ὅτ’
3590 411 3659 465 ἂν

438 491 613 561 syrios
648 488 1004 559 Epliraimus:
1039 490 1130 559 qui
1163 490 1229 545 ad
1272 489 1648 561 Egyptiorum
1674 493 1890 562 quidem
1925 508 2005 546 re-

438 597 555 649 gem
585 581 787 650 legatos
822 580 1067 644 miserat,
1112 580 1203 636 sed
1237 582 1439 636 nullam
1490 582 1616 638 inde
1641 599 1798 654 opem
1834 586 1999 654 impe-

440 680 701 727 traverat.
739 690 756 721 ι
787 671 850 724 Et
896 686 1005 725 non
1051 672 1264 727 desinet
1307 681 1484 729 vester
1511 675 1700 742 dolor;
1749 677 2003 745 quoniam

438 782 540 834 ego
572 765 726 835 quasi
758 765 1016 834 panthera
1060 764 1371 835 prraimo,
1407 774 1461 822 et
1492 768 1652 837 quasi
1706 769 1791 823 leo
1820 769 2005 823 domui

437 857 618 912 ludas:
650 871 750 926 ego
774 856 980 925 rapiam
1003 864 1059 911 et
1079 858 1274 911 vadam
1299 865 1352 912 et
1382 858 1586 923 tollam,
1606 874 1705 914 nec
1730 860 1821 929 qui
1852 870 2008 914 eruat

439 948 563 1002 erit.
592 967 610 998 ι
671 946 731 1002 In
772 947 1049 1002 continuis
1099 950 1515 1018 perseverabitis
1560 950 1753 1017 malis;
1805 953 2006 1007 etenim

441 1045 696 1107 tanquam
726 1038 989 1107 panthera
1019 1038 1214 1107 leoque
1244 1039 1397 1094 vobis
1423 1055 1538 1102 ero,
1571 1042 1739 1094 multa
1768 1058 1862 1096 vos
1882 1058 2006 1097 cum

440 1130 715 1184 celeritate
745 1130 959 1197 rapiens
984 1137 1038 1184 et
1060 1130 1335 1185 abducens
1366 1147 1461 1200 per
1483 1132 1719 1187 hostium
1751 1134 2009 1189 incursio-

442 1234 592 1284 nem;
642 1221 774 1288 quin
802 1234 897 1273 vos
926 1220 1123 1288 aliquis
1154 1221 1606 1277 incumbentibus
1645 1226 1803 1280 malis
1835 1227 2008 1295 possit

442 1309 777 1364 subtrahere.
808 1327 826 1360 ε
856 1308 945 1363 Ibo
965 1320 1021 1363 et
1048 1320 1291 1365 revertar
1315 1311 1381 1364 ad
1411 1314 1586 1366 locum
1619 1329 1818 1376 meum,
1838 1317 2007 1372 donec

440 1400 773 1469 dispereunt.
804 1419 823 1451 ι
865 1400 1300 1456 Consentaneum
1345 1405 1634 1472 proposita:
1666 1406 2007 1461 similitudini

440 1490 545 1545 hoc
572 1506 788 1561 quoque
825 1492 988 1547 dicit:
1041 1494 1480 1563 quandoquidem
1526 1494 1764 1551 ferarum
1814 1498 1999 1568 hujus-

442 1582 583 1635 modi
629 1583 716 1636 hic
764 1597 881 1637 mos
924 1590 1030 1647 est,
1077 1595 1134 1637 ut
1176 1598 1300 1637 cum
1334 1585 1622 1639 velocitate
1668 1586 1903 1655 rapiant,
1956 1595 2010 1643 et

2107 491 2387 562 ἀπάγηται
2446 491 2542 561 μὲν
2600 491 2938 560 αίχμάλωτος
2991 492 3072 553 εἰς
3118 492 3243 554 τοὺς
3307 491 3664 563 Ἀσσυρίουςό

2118 580 2379 650 Ἐφραῒμ,
2424 580 2767 633 ἀποστέλλων
2794 581 2849 633 δέ
2888 580 3142 652 πρέσϐεις
3171 581 3262 634 ἐπὶ
3305 582 3395 636 τὸν
3423 584 3533 635 τῶν
3570 586 3666 635 Αε-

2105 674 2349 743 γυπτίων
2388 672 2631 743 βασιλέα,
2665 672 2737 742 (p.
2765 673 2856 739 45)
2902 671 3037 741 μηδὲ
3084 670 3210 741 μίαν
3256 672 3459 725 ἐκεῖθεν
3505 676 3661 745 κομίμ-

2106 768 2265 837 ζηται
2314 766 2585 837 βοήθειαν.
2627 782 2646 815 ι
2700 764 2811 818 Καὶ
2860 764 2918 816 ού
2972 764 3044 834 μὴ
3088 764 3353 836 διαπαύσῃ
3405 765 3462 832 ἐξ
3508 767 3660 837 ὑμῶν

2105 857 2264 927 όδύνη
2286 873 2299 886 ·
2326 856 2458 909 διότι
2484 854 2592 923 ἐγὼ
2626 856 2739 925 εἰμι
2771 853 2845 917 ὡς
2874 853 3086 923 πάνθηρ
3130 853 3206 923 τῷ
3261 854 3526 926 Ἐφραῒμ,
3568 859 3663 911 καὶ

2107 948 2182 1010 ὡς
2210 945 2345 1000 λέων
2375 949 2432 999 ἐν
2474 944 2550 1015 τῷ
2598 943 2731 1013 οἴκῳ
2774 942 2972 995 Ἰούδαο
3007 942 3100 994 καὶ
3127 941 3237 1009 ἐγὼ
3278 944 3539 1015 ἀρπῶμαι
3569 947 3666 998 καὶ

2107 1035 2444 1108 πορεύσομαι
2483 1035 2575 1087 καὶ
2603 1034 2860 1104 λήψομαι,
2894 1032 2986 1085 καὶ
3029 1034 3128 1086 οὑκ
3158 1032 3307 1086 ἔσται
3349 1034 3378 1085 ό
3421 1034 3666 1104 ἐξαιρού-

2111 1145 2290 1197 μενος.
2332 1146 2353 1179 ι
2403 1126 2491 1180 Ἐν
2531 1126 2825 1188 ἀπαύστοις
2865 1127 3074 1195 μενεῖτε
3113 1127 3321 1188 κακοῖς,
3356 1127 3539 1196 ἐπειδὴ
3588 1128 3666 1191 ὡς

2107 1220 2174 1274 ἂν
2267 1219 2480 1289 πάνθηρ
2513 1236 2572 1272 τε
2600 1218 2691 1271 καὶ
2721 1218 2859 1270 λέων
2882 1218 3009 1286 ὑμῖν
3045 1217 3257 1285 ἔσομαι,
3296 1217 3432 1288 μετά
3468 1218 3669 1287 πολλῆς

2108 1311 2250 1381 ὑμᾶς
2281 1310 2382 1381 τῆς
2409 1310 2663 1379 ὀξύτητος
2687 1310 2946 1379 ἁρπάζων
2963 1324 3023 1361 τε
3059 1311 3152 1361 καὶ
3184 1310 3407 1376 ἀπάγων
3449 1310 3537 1363 διὰ
3563 1312 3666 1379 τῆς

2106 1402 2214 1456 τῶν
2255 1402 2532 1472 πολεμίων
2568 1400 2782 1469 ἐφόδου·
2845 1399 3053 1462 οὐδενὸς
3110 1400 3467 1453 ἀπαλλάττειν
3519 1402 3664 1471 ὑμᾶς

2105 1494 2214 1547 τῶν
2241 1493 2600 1562 ἐπικειμένων
2627 1491 2810 1545 κακῶν
2840 1492 2951 1544 οἴου
2984 1508 3043 1543 τε
3070 1490 3237 1553 ὄντος.
3269 1510 3288 1541 ι
3327 1492 3666 1563 Πορεύσομαι

2106 1587 2201 1639 καὶ
2234 1583 2543 1656 ἐπιστρέψω
2593 1584 2670 1646 εἰς
2720 1583 2807 1636 τὸν
2845 1583 3007 1636 τόπον
3056 1598 3176 1653 μου,
3226 1582 3331 1645 ἕως
3361 1578 3423 1636 οὗ
3470 1585 3666 1652 ἀφανιο-

441 1677 585 1746 quod
619 1676 922 1731 occurrerit
948 1676 1231 1743 auferant;
1262 1692 1386 1731 mox
1416 1677 1481 1732 ad
1510 1678 1825 1747 speluncam
1855 1695 2005 1735 suam

2108 1672 2295 1725 σθῶσι.
2334 1691 2354 1724 ο
2403 1670 2729 1733 ’Δκολούθως
2776 1674 2845 1741 τῇ
2893 1671 3061 1723 εἰκόνι
3105 1674 3170 1741 τῇ
3208 1673 3538 1744 προκειμένῃ
3571 1672 3669 1725 καὶ

442 1770 655 1833 abeant,
694 1768 876 1837 ibique
902 1768 1161 1824 devorent
1185 1768 1423 1836 praedam
1459 1778 1620 1838 atque
1661 1780 2006 1824 consumant.

440 1859 581 1930 Ergo
631 1860 698 1914 ad
744 1859 1064 1929 pantheram
1094 1867 1149 1914 et
1192 1860 1401 1914 leonem
1439 1861 1551 1914 haec
1580 1876 1798 1930 quoque
1840 1864 2010 1916 verba

443 1951 659 2015 retulit,
709 1966 806 2020 pro
833 1966 898 2005 eo
932 1960 987 2004 ut
1015 1950 1251 2005 diceret:
1301 1950 1595 2021 Postquam
1630 1967 1729 2007 vos
1768 1952 2007 2007 hostium

448 2058 613 2097 manu
653 2041 925 2112 prazdatus
956 2041 1129 2107 fuero,
1177 2050 1232 2097 et
1263 2042 1504 2111 captivos
1545 2042 1743 2108 fecero,
1797 2058 2007 2098 mecum

441 2132 559 2203 ipse
610 2133 884 2196 habitabo,
941 2148 1117 2203 neque
1161 2133 1229 2187 ad
1278 2142 1480 2204 gestam
1528 2150 1641 2189 rem
1686 2136 2001 2205 respiciam,

441 2225 701 2293 nulloque
728 2225 890 2280 modo
915 2226 1069 2281 vobis
1091 2226 1416 2296 Opitulabor,
1452 2226 1625 2282 donec
1666 2228 1735 2283 ab
1778 2243 2005 2299 Oppres—

442 2313 660 2369 soribus
677 2315 875 2370 vestris
896 2330 1209 2384 supremum
1231 2315 1452 2369 exitium
1475 2317 1774 2385 patiamini.
1813 2337 1832 2369 ι
1857 2317 2006 2372 Tunc

440 2404 656 2458 demum
683 2412 1084 2470 convertentur,
1122 2413 1175 2459 et
1207 2404 1403 2459 faciem
1448 2421 1622 2462 meam
1654 2408 1956 2477 requirent.
1982 2427 2007 2460 ι

442 2497 595 2553 Tunc
618 2513 748 2554 sane
774 2506 828 2554 et
850 2498 927 2553 illi
951 2498 1337 2568 resipiscentes
1359 2513 1515 2568 opem
1563 2514 1736 2555 meam
1760 2500 2010 2571 implora-

442 2584 599 2640 bunL

2107 1763 2262 1818 τοῦτο
2292 1764 2600 1833 ἐπήγαγεν·
2633 1761 2818 1832 ἐπειδὴ
2855 1760 2962 1814 τῶν
3006 1761 3255 1814 τοιούτων
3295 1761 3495 1834 θηρίων
3526 1764 3657 1817 ῐδιόν

2104 1856 2218 1908 ἐστι
2253 1853 2389 1924 μετά
2427 1853 2682 1925 ὀξύτητος
2721 1853 2821 1923 μὲν
2850 1854 3110 1924 ἁρπάζειν
3159 1872 3218 1907 τε
3264 1856 3357 1908 καὶ
3395 1856 3653 1926 ἀφαιρεῖν

2103 1946 2164 1999 τὸ
2211 1944 2563 2018 προσπίπτον,
2599 1945 2817 1997 ἀπιέναι
2844 1943 2901 1996 δὲ
2930 1944 3022 1995 ἐπὶ
3051 1943 3148 2014 τὴν
3182 1945 3417 2016 μάνδραν
3457 1947 3557 2017 τὴν
3582 1950 3667 2000 οἱσ

2104 2038 2278 2101 κείαν,
2309 2032 2425 2090 εἶτα
2454 2036 2638 2090 αὐτόθι
2669 2036 2969 2089 κατεσθίειν
3006 2054 3065 2088 τε
3110 2038 3203 2090 καὶ
3240 2039 3655 2093 καταναλίσκειν

2103 2127 2165 2180 τὸ
2190 2126 2421 2199 ληφθέν⁸
2445 2126 2578 2191 πρὸς
2618 2121 2709 2178 οὖν
2733 2127 2793 2179 τὸ
2822 2129 2897 2190 ὡς
2937 2126 3149 2197 πάνθηρ
3206 2128 3298 2181 καὶ
3345 2128 3513 2193 λέων,
3552 2131 3659 2183 ἀπ-

2101 2218 2267 2271 έδωκε
2317 2218 2408 2270 καὶ
2434 2217 2589 2270 τοῦτο
2611 2234 2623 2247 ·
2660 2218 2777 2269 ἀντὶ
2808 2218 2921 2283 τοῦ,
2964 2218 3240 2290 Ἀρπάσας
3270 2219 3411 2289 ὑμᾶς
3429 2220 3516 2273 διὰ
3545 2221 3658 2273 τῶν

2103 2311 2393 2380 πολεμίων,
2422 2309 2514 2364 καὶ
2542 2309 2914 2379 αἰχμαλώτους
2945 2312 3306 2381 καταστήσας,
3339 2313 3457 2365 κατ’
3487 2314 3657 2382 ἐμαυ-

2102 2408 2195 2461 τὸν
2220 2406 2431 2476 ἔσομαι,
2472 2406 2571 2459 οὐκ
2615 2405 3066 2477 ἐπιστρεφόμενος
3116 2407 3251 2477 πρὸς
3278 2406 3349 2460 τὰ
3372 2408 3665 2476 γινόμενα,

2105 2498 2227 2553 ούδέ
2258 2514 2381 2551 τινα
2427 2497 2606 2566 νέμων
2655 2498 2782 2566 ὑμῖν
2825 2496 3087 2566 βοήθειαν,
3129 2496 3254 2568 ἄχρι
3301 2497 3365 2550 ἂν
3410 2500 3511 2551 ὑπὸ
3553 2499 3664 2551 τῶν

2106 2590 2449 2660 κατεχόντων
2461 2586 2695 2655 παντελῆ
2720 2588 2817 2657 τὴν
2842 2586 3111 2640 ἀπώλειαν
3133 2587 3476 2658 ὑπομείνητε.
3507 2608 3525 2639 ‹
3554 2590 3671 2642 Καὶ

440 2678 823 2748 ἐπιστρέφουσι
869 2680 964 2733 καὶ
1008 2680 1298 2751 ζητήσουσι
1345 2680 1407 2733 τδ
1455 2679 1742 2752 πρόσωπόν
1790 2700 1909 2753 μου.
1974 2702 1993 2735 ι
2053 2682 2185 2735 Τότε
2248 2679 2356 2751 γὰρ
2410 2680 2475 2750 δὴ
2521 2680 2762 2732 κάκεῖνοι
2814 2678 3237 2749 μεταϐαλόμενοι
3276 2681 3374 2749 τῆς
3417 2680 3667 2751 βοηθείας

438 2770 717 2841 δεήσονται
754 2774 852 2842 τῆς
885 2773 1045 2844 ἐμῆς.

1089 2861 1239 2915 CAP.
1270 2860 1359 2914 Vl.

510 2952 617 3022 29
649 2950 815 3005 Vsus.
834 2953 940 3005 ίι-ῗ).
969 2981 1038 2991 --
1071 2972 1089 3002 ι
1113 2953 1544 3009 lntribulatione
1570 2968 1668 3008 sua
1694 2969 1850 3007 niane
1876 2953 2003 3025 vigi-

440 3040 630 3095 labunt
660 3040 726 3093 ad
761 3055 845 3094 me
883 3040 1126 3095 dicentes
1162 3056 1175 3091 :
1224 3038 1581 3094 Revertantur
1611 3040 1678 3094 ad
1714 3041 1998 3095 Dominum
2028 3085 2069 3140 Ο

443 3128 611 3184 Deum
638 3137 919 3195 nostrum;
951 3130 1079 3199 quia
1106 3130 1222 3199 ipse
1241 3130 1532 3199 percussit,
1552 3138 1607 3185 et
1628 3131 1841 3185 sanabit
1869 3147 1992 3197 nos;

440 3221 770 3283 vulneravit,
807 3228 869 3274 et
890 3219 1194 3274 medebitur
1229 3222 1426 3276 nobis:
1460 3236 1625 3276 sanos
1656 3237 1758 3277 nos
1787 3232 2003 3292 praesta-

440 3312 519 3366 bit
546 3311 931 3380 postbidunm,
965 3313 1121 3366 tertia
1147 3312 1234 3367 die
1253 3328 1620 3383 resurgemus,
1646 3315 2003 3384 vivemusque

439 3418 623 3457 coram
654 3403 769 3467 illo,
808 3413 862 3458 et
883 3404 1139 3459 sciemus.
1163 3424 1183 3455 ι
1216 3403 1447 3474 Propter
1470 3404 1845 3461 incumbentes
1868 3408 2001 3476 ipsis

440 3494 819 3549 tribulationes
851 3496 1016 3549 multa
1058 3509 1184 3548 cum
1216 3496 1509 3549 celeritate
1531 3496 1595 3549 ad
1631 3513 1715 3551 me
1744 3506 1999 3565 current;

440 3599 766 3655 magnopere
783 3585 1147 3648 confidentes,
1170 3584 1284 3641 fore
1310 3595 1368 3640 ut
1390 3587 1480 3656 qui
1504 3603 1600 3642 eos
1615 3590 1999 3657 percusserim,

439 3677 643 3745 pariter
678 3679 901 3731 omnino
950 3693 1170 3741 sanem,
1215 3686 1269 3732 et
1312 3680 1547 3748 acceptis
1589 3681 2001 3735 convenientem

440 3768 759 3823 vulneribus
803 3768 1123 3824 medicinam
1179 3768 1398 3833 faciam,
1452 3771 1562 3824 cito
1615 3770 1901 3826 admodum
1947 3780 2005 3825 et

439 3858 686 3926 expedite
740 3874 827 3912 res
873 3874 1060 3913 eorum
1114 3861 1467 3929 prosperitati
1522 3861 1833 3916 reStitucns.
1887 3860 2001 3915 Hoc

440 3947 583 4001 enim
620 3948 879 4003 denotant
917 3952 1117 4004 verba:
1151 3971 1169 4002 ‹
1204 3951 1428 4007 Sanabit
1458 3968 1558 4008 nos
1596 3962 1717 4022 post
1755 3954 1999 4019 biduum,

439 4043 493 4091 et
532 4037 689 4090 tertia
723 4038 812 4093 die
833 4055 1195 4110 resurgemus.
1233 4060 1252 4092 ι
1289 4041 1421 4094 Tam
1450 4043 1621 4107 brevi,
1660 4044 1855 4112 inquit,
1901 4059 2001 4099 nos

441 4128 677 4191 sanabit,
724 4138 783 4183 ut
827 4130 894 4185 ad
927 4147 1200 4186 summum
1236 4133 1398 4188 biduo
1437 4135 1515 4187 vel
1557 4135 1737 4188 triduo
1768 4135 1820 4188 in
1854 4135 2000 4188 anti-

2738 2858 2894 2910 ΚΕΦ.
2949 2859 3038 2923 ς’.

2176 2951 2323 3021 Στίχ;
2368 2953 2515 3018 αἠγ’,
2572 2968 2589 2999 ι
2656 2948 2743 3000 Ἑν
2793 2946 2968 3015 emes.
3019 2946 3200 2999 αὐτῶν
3251 2946 3667 3018 προσορθριοῦσι

2106 3044 2239 3112 πρός
2290 3059 2354 3111 με
2386 3040 2662 3108 λέγοντες·
2705 3037 3064 3109 Πορευθῶμεν
3112 3038 3205 3090 καὶ
3247 3039 3667 3110 ἐπιστρέψωμεν

2103 3136 2236 3206 πρὸς
2253 3134 2346 3186 τὴν
2376 3132 2581 3201 Κύριον
2602 3130 2692 3183 τὸν
2720 3130 2850 3183 Θεὸν
2889 3130 3065 3200 ἡμῶν,
3098 3130 3179 3182 ὅτι
3208 3130 3366 3194 αὑτὸς
3399 3132 3665 3184 πέπαικεν

2102 3224 2193 3278 καὶ
2233 3223 2442 3275 ἰάσεται
2469 3221 2633 3289 ἡμᾶς,
2674 3219 2901 3283 πατάξει
2940 3218 3032 3271 καὶ
3086 3220 3413 3289 μοτὼσεται·
3452 3220 3529 3289 (p.
3565 3222 3662 3292 44)

2103 3315 2313 3384 ὑγιάσει
2340 3315 2487 3385 ἡμᾶς
2517 3312 2650 3383 μετά
2668 3312 2760 3365 δύο
2781 3313 3013 3383 ἡμέρας,
3039 3313 3096 3365 ἐν
3122 3316 3184 3383 τῇ
3214 3314 3395 3384 ἡμέρᾳ
3413 3316 3477 3383 τῇ
3503 3313 3667 3386 τρίτῃ

2101 3405 2541 3477 ἀναστησόμεθα,
2584 3406 2677 3458 καὶ
2720 3404 2996 3476 ζησόμεθα
3052 3405 3290 3459 ἐναντίον
3338 3405 3531 3472 αὑτοῦ,
3567 3409 3669 3459 καὶ

2101 3495 2437 3568 γνωσόμεθα,
2468 3516 2486 3547 ι
2520 3495 2655 3549 Ὑπὸ
2674 3495 2782 3566 γὰρ
2811 3495 2917 3548 τῶν
2950 3496 3308 3565 ἐπικειμένων
3342 3497 3526 3558 αὐτοῖς
3550 3495 3666 3548 θλί-

2100 3592 2251 3661 ψεων¹
2270 3591 2409 3662 μετά
2436 3590 2634 3661 πολλῆς
2664 3591 2990 3662 ὁρμήσουσιν
3017 3591 3105 3643 ἐπ’
3130 3591 3229 3660 ἐμὲ
3254 3590 3352 3658 τῆς
3375 3588 3628 3659 ὀξύτητος
3645 3607 3665 3620 ο

2103 3682 2317 3753 σφόδρα
2338 3700 2401 3751 γε
2433 3680 2762 3754 θαρροῦντες
2808 3681 2889 3733 ὅτι
2937 3680 3180 3746 πατάξας
3212 3681 3406 3743 αὐτοὺς
3440 3679 3532 3732 καὶ
3576 3681 3663 3731 ἰά-

2105 3790 2268 3843 σομαι
2299 3774 2536 3834 πάντως,
2574 3770 2867 3839 θεραπείαν
2910 3786 2969 3822 τε
3006 3770 3189 3834 ἐπάξω
3228 3771 3343 3832 τοῖς
3389 3768 3666 3836 συμϐεϐηο

2101 3865 2254 3917 κόσιν
2283 3865 2463 3924 αὐτοῖς
2493 3859 2823 3931 κατάλληλον
2848 3859 3142 3931 τραύμασι,
3178 3860 3313 3930 μετὰ
3346 3857 3542 3928 πολλῆς
3563 3860 3667 3927 τῆς

2100 3954 2357 4025 ὀξύτητος
2374 3954 2469 4007 καὶ
2487 3954 2587 4023 τῆς
2605 3953 2903 4022 εὐμαρείας
2930 3953 3008 4014 εἰς
3036 3950 3317 4021 διόρθωσιν
3349 3950 3495 4019 ἄγων
3523 3967 3664 4002 παν-

2099 4046 2228 4116 τελῆ
2257 4046 2324 4099 τὰ
2353 4047 2472 4099 κατ’
2501 4044 2693 4107 αὐτούς
2714 4060 2729 4075 ο
2759 4043 2917 4097 τοῦτο
2952 4043 3059 4114 γάρ
3082 4043 3329 4110 λέγειτὸ,
3358 4062 3377 4095 ι
3419 4043 3667 4111 ’Υγιάσει

2098 4138 2248 4207 ἡμᾶς
2316 4134 2455 4206 μετὰ
2508 4135 2598 4189 δύο
2648 4134 2894 4206 ἡμέρας,
2948 4136 3005 4186 ἐν
3057 4137 3121 4206 τῇ
3169 4136 3352 4207 ἡμέρᾳ
3398 4138 3463 4205 τῇ
3502 4135 3667 4206 τρίτῃ
3780 4202 3788 4215 ι

438 4235 599 4290 quam
632 4236 728 4276 nos
753 4231 980 4292 reponat
996 4224 1374 4279 valetudinem.
1398 4225 1567 4280 Dictio
1588 4242 1716 4281 vero
1747 4246 1764 4277 ι
1786 4226 1852 4280 Ει
1868 4228 2003 4282 scie-

440 4325 561 4366 mus
583 4332 600 4363 ι
635 4314 855 4382 ponitur
884 4331 1002 4383 pro,
1032 4314 1249 4371 Meliore
1280 4318 1588 4373 conditione
1616 4320 1841 4374 erimus.
1874 4318 2001 4374 Vel-

438 4404 519 4458 uti
548 4406 674 4461 illud
700 4422 713 4457 :
747 4426 764 4458 ι
798 4406 963 4464 Notas
986 4410 1112 4463 mihi
1141 4409 1316 4465 fecisti
1346 4411 1463 4466 vias
1490 4413 1719 4476 vitm‘m
1757 4412 1808 4467 id
1826 4412 1992 4477 est,ln

2106 4425 2299 4473 κιαι-ονῒ
2353 4410 2435 4471 εἰς
2475 4407 2571 4477 τὴν
2593 4406 2824 4460 παλαιὰν
2858 4410 3002 4478 ἡμᾶς
3022 4409 3474 4477 ἀποκαταστῆναι
3497 4407 3664 4460 πάλιν

438 4497 547 4550 vita
572 4513 657 4551 me
676 4501 1026 4556 constituisti.
1054 4522 1071 4553 ‹
1094 4504 1507 4574 Persequamur,
1529 4514 1587 4558 ut
1607 4519 1999 4574 cognoscamus

2106 4498 2398 4569 εὐπραγίαν
2417 4514 2430 4527 ο
2458 4496 2516 4549 τὸ
2544 4497 2620 4562 δὲ,
2654 4515 2674 4548 ‹
2710 4498 2817 4549 Καὶ
2840 4498 3172 4568 γνωσόμεθα,
3204 4517 3221 4549 ι
3252 4497 3370 4550 ἀντὶ
3391 4496 3480 4549 τοῦ
3500 4537 3515 4559 ,
3568 4498 3662 4549 Ἑν

440 4585 746 4643 Dominum.
769 4609 787 4641 ι
829 4591 1082 4648 Studiose
1112 4594 1395 4648 scientiam
1429 4596 1553 4664 ejus
1587 4597 1997 4666 conquiramus.

2106 4589 2385 4644 ἅπολαύσει
2403 4589 2510 4642 τῶν
2533 4587 2855 4659 κρειττόνων
2885 4589 3120 4659 ἐσόμεθα
3138 4605 3152 4620 ο
3185 4590 3261 4652 ὡς
3298 4589 3377 4652 τὸ,
3404 4608 3424 4639 ι
3462 4587 3664 4656 Ἑγνώ-

444 4678 651 4745 «Quasi
719 4691 965 4749 paratum
1031 4686 1327 4740 diluculum
1394 4688 1733 4743 inveniemus
1803 4704 1993 4743 eum.»

2106 4684 2251 4753 ρισάς
2302 4699 2389 4751 μοι
2444 4680 2596 4743 ὀδοὺς
2633 4680 2796 4749 ζωῆς,
2837 4700 2857 4732 ι
2883 4681 3001 4734 ἀντὶ
3044 4680 3159 4739 τοῦ,
3207 4680 3295 4734 Ἐν
3347 4679 3426 4749 τῷ
3455 4678 3552 4749 ζῇν
3588 4697 3663 4748 με

437 4771 779 4840 Adjutorium
847 4774 971 4844 ejus
1027 4778 1408 4832 nanciscemur
1467 4782 1626 4850 quasi
1678 4779 1997 4843 diluculum,

2106 4774 2452 4842 κατέστησας.
2506 4791 2524 4822 ι
2579 4771 2846 4842 Διώξομεν
2877 4772 2969 4826 τού
3006 4771 3206 4840 γνῶναι
3239 4772 3327 4824 τὸν
3370 4770 3592 4842 Κύριον.
3631 4790 3657 4822 ›

438 4863 598 4932 quasi
624 4863 875 4919 nimirum
904 4882 935 4920 e
960 4868 1198 4923 tenebris
1220 4885 1307 4925 res
1332 4879 1528 4925 nostra:
1551 4871 1603 4924 in
1623 4871 1794 4926 lucem
1822 4878 1998 4924 trans—

2106 4866 2254 4922 Μετά
2308 4863 2539 4933 σπουδῆς
2582 4864 2744 4918 αὐτοῦ
2787 4865 2886 4935 τῆς
2915 4864 3164 4933 γνώσεως
3193 4862 3664 4935 ἐπιμελησόμεθα.

439 4950 702 5007 ferantur.
757 4953 1099 5025 «Venietque
1148 4958 1209 5012 ad
1256 4973 1356 5012 nos
1404 4961 1560 5029 quasi
1604 4960 1777 5014 imber
1817 4960 1994 5014 telluri

2107 4978 2125 5009 ι
2198 4959 2285 5021 Ὠς
2328 4956 2520 5028 ὄρθρον
2575 4957 2786 5028 ἕτοιμον
2849 4957 3148 5027 εὑρήσομεν
3189 4956 3368 5008 αὑτόν.
3418 4975 3435 5006 ι
3466 4953 3669 5018 Τευξό-

436 5047 736 5101 matutinus
764 5058 858 5101 aut
887 5050 1178 5105 serotinus.
1204 5069 1222 5101 ι
1283 5049 1513 5106 Uberem
1556 5052 1809 5121 prazbebit
1835 5052 1998 5105 bono-

2106 5048 2242 5119 μεθα
2265 5047 2378 5118 γὰρ
2419 5046 2585 5101 αὑτοῦ
2620 5050 2719 5119 τῆς
2754 5047 3001 5118 βοηθείας
3042 5047 3197 5117 δίκην
3228 5046 3445 5119 ὄρθρου,
3488 5046 3562 5109 ὣς
3590 5044 3669 5098 ἂν

437 5147 558 5186 rum
580 5135 943 5204 largitionem,
972 5140 1137 5195 veluti
1160 5140 1228 5195 de
1246 5150 1390 5195 terra
1415 5140 1627 5196 fructus
1652 5141 1992 5211 proveniunt.

2106 5141 2164 5191 ἐκ
2198 5140 2420 5201 σκότους
2444 5141 2524 5203 είς
2557 5138 2671 5207 φῶς
2702 5137 3067 5210 μεταϐαλόντα
3096 5137 3166 5189 τά
3194 5136 3452 5207 ἡμέτερα.
3487 5154 3505 5185 ι
3546 5135 3667 5187 Καὶ

436 5238 561 5293 quae
591 5228 737 5279 omni
773 5238 1012 5298 tempore
1046 5232 1297 5286 idoneum
1324 5232 1551 5287 imbrem
1580 5232 1894 5287 obtinuerit.

2106 5231 2212 5301 ἡξει
2259 5232 2391 5301 ἡμῖν
2445 5231 2519 5294 ὡς
2567 5230 2716 5293 ὑετὸς
2758 5228 3003 5300 πρώῖμος
3053 5230 3118 5298 τῇ
3168 5228 3258 5297 γῇ,
3315 5245 3333 5277 ι
3393 5225 3667 5293 Ἀφθονον

436 5314 788 5387 παρέξειτῶν
808 5320 1026 5387 ἀγαθῶν
1052 5323 1147 5395 τὴν
1184 5323 1461 5395 χορηγίαν,
1497 5323 1653 5395 δίκην
1691 5324 1798 5377 τῶν
1837 5326 1901 5377 ἐκ
1939 5322 2043 5394 γῆς
2088 5322 2481 5393 ἀναδιδομένων
2523 5322 2782 5394 καρπῶν“,
2830 5321 2905 5372 ὅτ’
2955 5320 3020 5373 ἂν
3068 5318 3207 5372 κατά
3253 5318 3428 5371 πάντα
3469 5316 3671 5385 καιρὸν

435 5407 736 5478 ἐπιτηδείου
770 5411 1008 5483 τυγχάνῃ
1038 5415 1131 5467 τοῦ
1170 5416 1342 5469 ὑετοῦ.
1398 5476 1399 5481 η

512 5494 677 5554 Vsus.
726 5500 845 5555 4-7.
875 5531 945 5540 —-
978 5501 1159 5566 «Quid
1215 5503 1408 5558 faciam
1480 5504 1601 5571 tibi,
1668 5499 1998 5573 Ephraime?

2173 5497 2321 5565 Στιχ.
2350 5492 2489 5556 δ’-ζ’.
2508 5521 2578 5531 -—
2601 5493 2677 5561 (p.
2708 5489 2795 5558 65)
2816 5507 2834 5539 ι
2860 5488 2925 5541 Τί
2955 5505 3037 5541 σοι
3063 5488 3291 5558 ποιήσω,
3309 5485 3574 5557 Ἐφραῖμς
3605 5484 3666 5539 τί

438 5588 570 5659 quid
608 5590 800 5646 faciam
834 5592 950 5658 tibi,
989 5593 1167 5650 Iuda?
1214 5596 1579 5655 Misericordia
1616 5608 1792 5654 vestra
1840 5596 1997 5667 quasi

2106 5607 2186 5644 σοι
2234 5587 2469 5659 ποιήσω,
2509 5581 2706 5647 Ἰούδα;
2752 5582 2811 5634 τὸ
2854 5581 2909 5633 δὲ
2962 5579 3108 5642 ἔλεος
3154 5578 3304 5650 ὑμῶν
3340 5577 3415 5643 ὡς
3458 5577 3664 5651 νεφέλη

2101 4226 2547 4297 ἀναστησόμεθα·
2592 4246 2623 4277 »ι
2648 4225 2820 4290 οὕτως
2856 4224 2963 4297 γὰρ
2993 4228 3158 4296 ἡμᾶς,
3185 4230 3333 4295 φησὶ,
3388 4228 3671 4297 συντόμως

2105 4319 2332 4378 ἰάσεται.
2391 4319 2529 4373 ὥστε
2570 4321 2628 4372 ἐν
2672 4318 2764 4371 δύο
2814 4318 2905 4370 καὶ
2952 4318 3128 4388 τρισὶν
3170 4318 3402 4389 ἡμέραις
3443 4318 3504 4371 τὸ
3554 4321 3664 4390 μή-

517 5747 560 5780 ¹⁹
600 5746 743 5804 Psal.
779 5766 866 5815 xv,
895 5751 981 5805 ll.
