3906 6208
219 271 318 324 ιω

1211 268 1757 325 COMMENTARIUS
1788 268 1854 323 ΙΝ
1894 266 2099 324 USEE
2136 265 2291 323 CAP.
2324 266 2412 323 Vl.

3357 269 3461 323 162

215 382 466 454 πρωῖνη,
497 381 592 435 και
627 381 702 445 ὼς
725 381 917 452 δρόσος
942 382 1161 456 ὀρθρινὴ
1190 385 1546 455 πορευομένηο
1576 404 1594 436 ι
1630 386 1788 456 ‘Am

1899 386 2072 442 nubes
2118 386 2403 448 matutina,
2430 390 2485 438 et
2516 382 2672 453 quasi
2711 398 2802 438 ros
2832 398 2988 438 mane
3015 382 3407 454 pertransiens.
3433 403 3453 437 ι

216 490 303 537 τις
348 474 509 544 ἑτέρα
546 474 640 526 καὶ
680 473 821 544 αῦτη
855 474 1167 541 διαλέξεως,
1208 477 1275 547 ἣν
1314 477 1449 547 πρὸς
1482 476 1571 529 τὸν
1599 476 1726 529 λαὸν
1768 478 1797 529 ό

214 565 509 637 προφήτης
544 566 868 636 ἐποιήσατο,
918 567 975 632 ἐξ
1008 564 1073 639 ἧς
1121 568 1337 633 ἐδέξατο
1380 568 1793 638 ἀποκαλύψεως,

212 660 321 728 τὴν
350 659 600 729 ἀφορμὴν
630 658 725 711 τοῦ
755 659 912 728 λόγου
942 659 1141 715 λαϐὼν.
1174 661 1237 712 Τί
1265 660 1320 713 δέ
1352 661 1626 732 προσῆκεν
1646 661 1792 730 ὑμῖν,

215 752 374 819 φησὶ,
406 752 536 821 παρ’
563 751 698 821 ἐμοῦ
740 751 1017 819 γενέσθαι,
1054 751 1195 805 οὕτω
1234 756 1571 823 παρανομεῖν
1601 755 1796 806 ἐσπου-

209 841 467 905 δακόσινς
526 841 669 909 Ἐγὼ
722 843 821 910 μὲν
876 844 982 913 γὰρ
1026 844 1192 897 ἐλεεῖν
1239 844 1382 914 ὑμᾶς
1421 843 1586 898 Θέλω·
1627 844 1699 896 τὰ
1738 844 1795 898 δὲ

211 932 566 1003 πραττόμενα
594 935 728 1003 παρ’
761 934 915 1003 ὑμῶν
947 936 1044 987 οὐκ
1087 936 1153 1005 ἐᾷ
1181 935 1425 1003 γίνεσθαι
1468 935 1647 1000 τοῦτο,
1697 936 1796 1006 τὴν

209 1026 486 1095 τιμωρίαν
525 1025 838 1091 ἀναγκαίως
871 1025 1096 1079 ἕλκοντα
1120 1027 1205 1097 ἐφ’
1233 1029 1406 1099 ὑμᾶς·
1444 1028 1544 1082 κᾶν
1572 1031 1617 1081 εἰ
1639 1028 1696 1081 δέ
1720 1026 1792 1097 (6)

214 1111 392 1164 ἐλεεῖν
442 1113 579 1181 ὑμᾶς
609 1112 998 1185 ἐϐουλευόμην,
1035 1117 1242 1188 ἀνάγκη
1272 1117 1473 1186 ταύτην
1509 1118 1671 1188 ἀτελῆ
1706 1119 1798 1187 μέ-

214 1221 331 1255 νειν
384 1205 468 1273 ἐφ’
522 1206 646 1274 ὑμῖν
689 1205 788 1274 τήν
839 1207 1098 1277 γνώμην,
1153 1209 1246 1277 ἀφ’
1284 1203 1357 1261 ὧν
1400 1208 1794 1280 διαπράττεσθε

212 1297 399 1366 ἀφανῇ
439 1296 766 1366 γιγνομένην
804 1298 1056 1361 πάντως⁴
1088 1299 1162 1363 ὡς
1203 1299 1269 1354 ἂν
1303 1302 1350 1352 εί
1397 1300 1594 1369 νεφέλη
1637 1317 1720 1363 τις
1759 1299 1789 1369 ἣ

208 1386 405 1456 δρόσος
434 1386 601 1438 ἕωθεν
632 1386 768 1456 πρὸς
801 1387 980 1455 ὀλίγον
1014 1389 1269 1457 φανέντα,
1311 1393 1652 1461 παραχρῆμα
1680 1388 1795 1442 δια-

204 1477 420 1546 λυθείη.
457 1496 476 1526 ‹
511 1478 610 1529 Διά
640 1476 801 1530 τοῦτο
825 1479 1124 1551 ἀπεθέρισα
1155 1481 1278 1543 τοὺς
1313 1482 1596 1552 προφήτας
1618 1480 1792 1550 ὑμῶν,

201 1569 513 1622 ἀπέκτεινα
558 1571 756 1631 αὐτοὺς
793 1571 851 1624 ὲν
891 1573 1094 1641 ῥήματι
1134 1571 1398 1641 στόματός
1432 1589 1556 1641 μου.
1591 1590 1610 1623 ι
1659 1571 1796 1623 Καί-

202 1678 287 1713 τοι
326 1679 412 1728 γε.
463 1664 655 1731 φησιν.
704 1660 814 1729 ἐγὼ
848 1663 943 1715 καὶ
986 1666 1097 1726 τοῖς
1147 1665 1451 1734 προφήταις
1482 1665 1594 1726 τοῖς
1622 1664 1791 1733 ἐμοῖς,

1900 472 2012 527 lloc
2031 488 2250 543 quoque
2276 474 2506 525 alterum
2545 473 2895 527 allocutionis
2921 474 3131 527 initium
3158 482 3267 535 est,
3294 488 3458 543 quam

1898 564 1962 615 ad
1998 565 2254 632 pupulum
2288 561 2413 616 fecit
2446 562 2728 631 propheta,
2766 577 2830 615 ex
2878 571 3097 630 accepta
3130 560 3459 615 revelatione

1897 652 2241 706 occasionem
2267 650 2480 705 dicendi
2514 664 2755 705 sumens.
2792 648 2933 716 Quid
2959 650 3221 719 Oportuit,
3260 647 3458 717 inquit,

1899 759 1926 795 a
1971 760 2054 798 me
2095 744 2245 800 vobis
2284 744 2421 808 ﬁeri,
2469 744 2561 814 qui
2596 751 2706 795 tam
2746 742 2989 796 studiose
3016 741 3125 811 3o
3152 739 3460 810 pet-castis!

1898 834 2158 907 Equidem
2180 837 2347 891 vestri
2374 837 2615 892 misereri
2644 837 2855 901 vellem,
2894 836 2986 890 sed
3017 836 3255 889 facinora
3278 841 3458 888 vestra

1897 944 2004 982 non
2061 930 2265 994 sinunt,
2307 946 2427 1000 quae
2456 930 2821 986 necessariam
2867 944 3079 999 pinnam
3111 928 3263 984 vobis
3300 936 3466 981 attra-

1898 1020 2060 1075 hunt:
2097 1022 2310 1076 etiamsi
2344 1024 2487 1078 enim
2527 1022 2948 1078 misericorditer
2985 1023 3264 1077 vobiscum
3298 1034 3460 1091 agere

1895 1114 2149 1183 cogitem,
2218 1128 2406 1168 carere
2463 1115 2601 1169 hanc
2651 1114 2846 1169 eﬂ‘ectu
2892 1114 3220 1168 voluntatem
3284 1125 3461 1166 meam

1895 1214 2129 1274 Oportet,
2163 1206 2287 1273 quia
2319 1205 2460 1260 facta
2491 1214 2667 1259 vestra
2699 1204 3059 1259 frustraneam
3092 1218 3316 1273 prorsus
3342 1203 3459 1256 elli-

1895 1299 2068 1351 ciunt.
2102 1295 2282 1352 Veluti
2314 1298 2359 1353 si
2383 1312 2502 1367 qua:
2530 1297 2727 1352 nebula
2758 1304 2852 1350 aut
2889 1311 2982 1351 ros
3010 1311 3167 1349 mane
3195 1294 3340 1349 brevi
3373 1308 3463 1365 ap-

1897 1397 2105 1458 pareat,
2148 1390 2329 1443 statim
2363 1389 2695 1444 dissolvitur.
2735 1407 2753 1439 ‹
2779 1387 3069 1459 Propterea
3101 1387 3308 1442 succidi
3339 1400 3462 1456 pro-

1898 1481 2085 1549 phetas
2137 1490 2370 1544 vestros,
2438 1488 2492 1535 et
2536 1480 2710 1534 occidi
2762 1495 2856 1535 eos
2903 1479 3067 1535 verbo
3121 1479 3236 1533 oris
3286 1477 3454 1533 mei.»

1895 1571 2149 1627 Profecto
2190 1588 2311 1643 ego,
2364 1571 2563 1641 inquit,
2603 1572 2766 1626 etiam
2814 1571 3094 1643 prophetis
3125 1570 3286 1632 meis,
3318 1582 3458 1638 quos

1898 1665 2151 1719 utilitatis
2180 1673 2376 1719 vestra:
2406 1679 2571 1718 causa
2602 1664 2907 1729 mittebam,
2946 1664 3095 1719 necis
3124 1662 3462 1717 ministrator

201 1753 303 1818 οὓς
350 1730 493 1825 ὑπὲρ
537 1756 638 1823 τῆς
664 1754 936 1824 ὑμετέρας
964 1730 1291 1809 ἀπέστελλον
1316 1730 1524 1827 γρείας,
1560 1730 1788 1809 θανάτου

1901 1756 2009 1810 fui:
2059 1756 2327 1827 siquidem
2366 1770 2467 1826 ego
2516 1754 2640 1809 illos
2695 1755 2989 1810 admonere
3034 1768 3134 1809 vos
3170 1757 3238 1808 de
3285 1752 3461 1808 ollicio

204 1846 466 1916 πρόξενος
502 1846 800 1916 ἐγιγνόμην
820 1862 834 1876 ο
866 1846 1051 1916 ἐπειδὴ
1093 1845 1204 1914 ἐγὼ
1244 1848 1340 1916 μὲν
1362 1846 1559 1910 αὐτοὺς
1592 1848 1793 1917 ὑπομι-

204 1940 476 2010 μνήσκειν
513 1940 661 2008 ὑμᾶς
703 1939 830 2010 περὶ
875 1939 982 1991 τῶν
1006 1939 1233 1994 δεόντων
1274 1940 1522 1993 ἐκέλευον
1546 1956 1561 1972 ο
1594 1941 1792 1993 ἐκεῖνοι

196 2031 253 2085 δὲ
296 2032 624 2102 πειθόμενοι
674 2031 775 2101 μὲν
803 2028 942 2102 ἦσαν
986 2032 1122 2100 πρὸς
1155 2032 1297 2103 ὑμᾶς
1322 2050 1335 2063 ·
1376 2033 1529 2086 αὐτοὶ
1565 2032 1623 2087 δέ
1666 2032 1789 2087 οὔτε

199 2121 306 2173 τῶν
332 2121 659 2192 λεγομένων
703 2119 826 2174 οὔτε
856 2120 948 2175 τοῦ
1004 2122 1310 2191 πέμποντος
1337 2123 1469 2195 ἐμοῦ
1501 2124 1622 2177 τινὰ
1650 2123 1792 2195 ἔχον-

198 2229 288 2275 τες
308 2212 471 2275 αἰδῶ,
517 2213 789 2275 ποικίλοις
817 2213 1013 2277 αὐτοὺς
1038 2213 1390 2284 περιεϐάλετέ
1418 2214 1668 2280 θανάτοις
1692 2234 1705 2247 '
1734 2215 1794 2269 τὸ

197 2299 309 2365 σῦν,
330 2324 348 2353 ι
385 2304 777 2374 Ἀπεθέρισα,ι
796 2305 890 2357 καὶ
923 2322 941 2356 ι
975 2303 1293 2358 Ἀπέκτεινα
1316 2306 1513 2369 αὐτοὺς
1528 2307 1605 2377 (ρ.
1626 2308 1714 2378 46)
1734 2309 1792 2361 ἐν

202 2397 411 2466 ῥήματι
445 2396 723 2466 στόματός
774 2413 897 2465 μου,
935 2413 954 2447 ›
997 2397 1115 2449 ἀντὶ
1142 2396 1257 2460 τοῦ,
1289 2398 1469 2461 Almo;
1508 2401 1689 2464 αὐτοῖς
1724 2400 1790 2453 δι’

200 2483 271 2542 ὧν
319 2491 633 2544 ἐπέταττον
678 2492 851 2543 ποιεῖν
875 2490 1133 2561 ἐγινόμην
1162 2490 1355 2544 τούτου
1377 2509 1389 2522 ·
1420 2494 1479 2547 ού
1508 2492 1615 2565 γὰρ
1638 2492 1796 2547 τοῦτο

198 2581 369 2650 λέγει,
389 2584 477 2635 ὃτι
499 2582 670 2644 αὐτὸς
686 2581 771 2635 διὰ
793 2582 891 2652 τῆς
910 2582 1112 2645 οἰκείας
1135 2585 1319 2654 φωνῆς
1338 2583 1561 2637 τοιαῦτα
1578 2584 1795 2639 διετίθει

200 2676 322 2738 τοὺς
355 2676 677 2746 προφήτας,
724 2673 838 2726 ἀλλ’
868 2674 956 2726 ἴνα
1000 2676 1124 2746 εἴπῃ
1158 2676 1262 2740 ὅτι,
1291 2675 1369 2727 Δι’
1391 2668 1464 2728 ὧν
1503 2675 1793 2730 ἐπέταττον

202 2768 384 2830 αὐτοῖς
434 2767 582 2836 πρὸς
632 2767 777 2834 ὑμᾶς
824 2766 1244 2838 παραγίνεσθαι,
1284 2766 1479 2838 μικροῦ
1524 2784 1589 2836 γε
1636 2766 1794 2822 τοῦτο

1896 1861 2079 1906 vestro
2109 1849 2469 1915 mandabam;
2516 1856 2571 1903 et
2615 1848 2694 1901 illi
2726 1846 2943 1917 quidem
2970 1863 3070 1902 vos
3106 1846 3465 1901 adhortaban-

1896 1952 2016 2006 Iur;
2072 1942 2167 1997 sed
2210 1957 2306 1996 vos
2353 1949 2568 2005 contra,
2619 1942 2824 1996 nullam
2868 1941 2982 1996 sive
3019 1938 3313 1993 dicentium
3349 1938 3463 1994 sive

1897 2032 2003 2087 mei
2062 2032 2330 2088 mittentis
2383 2032 2743 2087 reverentiam
2796 2031 3080 2095 habentes,
3141 2030 3312 2086 variis
3367 2044 3464 2086 eos

1897 2123 2165 2179 mortibus
2194 2123 2472 2179 aﬂ‘ecistis.
2502 2122 2689 2193 Itaque
2710 2123 2972 2179 vocabula
3008 2142 3026 2174 ι
3055 2121 3307 2187 Succidi,
3333 2141 3352 2174 ι
3385 2130 3463 2185 et,

1902 2235 1920 2268 ι
1941 2215 2128 2270 Occidi
2151 2231 2244 2271 eos
2271 2216 2438 2271 verbo
2470 2215 2583 2270 oris
2612 2216 2747 2276 mei,
2771 2235 2790 2267 ι
2833 2223 3112 2284 ponuntur
3144 2230 3262 2285 pro,
3286 2212 3465 2269 Causa

1896 2326 1996 2383 ego
2029 2312 2113 2366 his
2142 2310 2219 2364 fui
2255 2310 2333 2365 rei
2368 2308 2679 2379 hujusmodi
2710 2316 2931 2379 propter
2979 2309 3294 2379 impositum
3328 2307 3464 2378 ipsis

1897 2404 2234 2458 mandatum.
2265 2402 2384 2456 Non
2416 2416 2547 2472 ergo
2571 2402 2667 2464 ait,
2708 2416 2767 2456 se
2788 2415 2918 2455 voce
2946 2401 3268 2469 propriasic
3299 2400 3466 2453 inter-

1898 2492 2096 2550 fecisse
2128 2492 2446 2561 prophetas,
2493 2490 2590 2546 sed
2624 2490 2773 2560 quia,
2822 2489 3051 2559 Propter
3074 2489 3461 2544 demandatum

1896 2584 1964 2640 iis
1990 2584 2133 2655 apud
2158 2599 2257 2639 vos
2286 2582 2550 2647 ofﬁcium,
2583 2582 2700 2653 ipse
2726 2580 3115 2651 propemodum
3147 2596 3309 2636 neces
3340 2581 3463 2637 illas

1895 2687 2190 2736 exsecutus
2215 2692 2357 2733 sum.
2392 2675 2551 2731 Velut
2577 2676 2739 2731 etiam
2769 2674 2908 2744 apud
2933 2674 3149 2729 beatum
3172 2673 3459 2728 Davidem:

1904 2794 1922 2825 ι
1945 2770 2237 2828 Declinasti
2264 2768 2490 2826 semitas
2515 2776 2731 2823 nostras
2755 2782 2787 2821 a
2810 2768 2893 2821 via
2919 2774 3012 2821 tua
3028 2768 3105 2818 ὀι
3129 2785 3148 2817 ι
3184 2780 3291 2820 non
3315 2762 3462 2836 quod

202 2858 365 2921 αὐτὸς
406 2857 789 2929 εἰργαζόμην·
839 2853 950 2913 οἷόν
988 2858 1104 2911 ἐστι
1147 2859 1239 2911 καὶ
1289 2858 1441 2932 παρά
1493 2858 1573 2930 τῷ
1617 2876 1788 2929 μακα-

1898 2866 2014 2935 ipse
2035 2864 2257 2920 semitas
2284 2861 2638 2916 declinaverit
2662 2902 2677 2926 ,
2702 2858 2798 2915 sed
2830 2858 2957 2928 quia
2982 2856 3227 2927 permisit
3262 2856 3316 2910 in
3350 2864 3465 2910 tan-

206 2950 304 3018 ρεῳ
336 2950 509 3003 Δαυῖδ
546 2950 643 3015 τδ,
698 2970 715 3002 ι
759 2951 1064 3014 Ἐξέκλινας
1110 2952 1209 3014 τὰς
1242 2951 1461 3022 τρίϐους
1504 2950 1659 3022 ἡμῶν
1689 2951 1788 3003 ἀπὸ

1897 2965 2012 3010 tum
2051 2956 2175 3010 illos
2203 2953 2461 3009 devenire
2485 2952 2774 3015 malorum,
2824 2950 2948 3005 ideo
2987 2948 3091 3005 sibi
3129 2948 3207 3003 rei
3236 2963 3463 3003 causam

202 3044 297 3111 τῆς
325 3041 452 3094 ὁδοῦ
502 3058 636 3094 σου·
687 3061 705 3092 ι
746 3043 843 3113 οὑχ
887 3043 972 3095 ὃτι
1015 3043 1176 3106 αὐτὸς
1216 3041 1504 3108 ἐξέκλινεν,
1543 3041 1679 3095 ἀλλά
1716 3041 1788 3113 τῷ

1897 3044 2301 3118 quodammodo
2348 3044 2613 3099 attribuit.
2656 3042 2759 3095 «Et
2800 3040 3064 3111 judicium
3093 3055 3272 3096 meum
3303 3038 3463 3109 quasi

206 3137 567 3206 συηωρήσαι
622 3135 759 3205 πρὸς
803 3135 1070 3189 τοσούτων
1122 3138 1316 3206 πεῖραν
1369 3136 1565 3199 αὐτοὺς
1615 3135 1789 3190 ἐλθεῖν

207 3226 412 3290 κακῶν,
465 3226 622 3296 αὖτῷ
669 3225 1153 3296 προσλογιζόμενος
1195 3227 1289 3307 τοῦ
1330 3229 1648 3298 γιγνομένου
1692 3229 1790 3302 τήν

208 3318 402 3370 αἰτίαν.
445 3338 465 3369 ι
514 3317 627 3370 Καὶ
656 3318 717 3371 τὸ
763 3317 936 3388 κρῑμά
969 3336 1070 3388 μου
1095 3318 1169 3382 ὡς
1208 3319 1323 3386 φῶς
1361 3318 1718 3383 ἐξελεύσεται.
1763 3340 1784 3372 ι

401 3410 465 3463 οὐ
516 3408 628 3479 γάρ
676 3410 1027 3479 ἀνεκδίκητον
1072 3410 1274 3481 ταύτην
1309 3412 1463 3481 ὑμῶν
1503 3413 1649 3465 ἐάσω
1690 3413 1788 3485 τὴν

208 3500 561 3571 παρανομίαν
581 3517 595 3529 ·
632 3499 872 3571 λήψομαι
900 3501 955 3553 δέ
988 3502 1143 3567 δίκας
1175 3505 1303 3571 παρ’
1335 3503 1490 3574 ὑμῶν
1510 3521 1523 3534 ⁸
1558 3504 1696 3558 ὥστε
1729 3504 1790 3570 ἐξ

202 3586 280 3645 ὧν
321 3594 628 3663 ὑπομένειν
677 3592 894 3662 μέλλετε
949 3594 1154 3658 κακῶν,
1224 3595 1399 3663 φωτὸς
1448 3597 1788 3669 ἐνδηλότερον

210 3686 375 3740 ἅπασι
419 3685 703 3752 γενέσθαι,
750 3686 831 3739 ὅτι
856 3690 921 3756 τῇ
956 3690 1033 3749 εἰς
1072 3688 1198 3750 τοὺς
1237 3694 1517 3758 προφήτας
1563 3707 1787 3761 γεγενη-

210 3779 347 3851 μένη
393 3780 532 3850 παρ’
565 3779 722 3848 ὑμῶν
769 3780 1080 3850 παρανομία
1112 3780 1331 3850 κρίνων,
1358 3782 1469 3843 τοῖς
1514 3781 1787 3845 τοσούτοις

208 3872 347 3940 ὑμεῖς
377 3871 759 3943 περιϐέϐληκα
793 3874 981 3934 κακοῖς
1000 3889 1012 3902 ·
1041 3873 1135 3924 καὶ
1164 3871 1377 3935 δεικνὺς
1408 3872 1488 3924 ὄτι
1526 3874 1624 3926 οὐκ
1665 3874 1788 3927 ἀλό-

208 3980 317 4030 γως
347 3964 483 4017 αὐτὸ
513 3964 927 4032 διαπράττεται,
952 3981 970 4013 ι
1004 3964 1146 4015 Διότι
1173 3963 1317 4016 ἔλεον
1350 3963 1542 4035 θέλωῆ
1577 3964 1783 4028 θυσίαν,

208 4058 300 4110 καὶ
328 4059 632 4124 ἐπίγνωσιν
656 4054 790 4108 θεοῦ
819 4056 852 4125 ἢ
883 4055 1259 4127 όλοκαύτωμα.
1304 4075 1323 4109 ι
1375 4057 1515 4125 Ἐγὼ
1545 4057 1643 4127 μὲν
1676 4059 1785 4129 γὰρ

208 4148 282 4212 ὡς
305 4151 399 4202 καὶ
427 4149 638 4202 θυσιῶν
675 4148 765 4200 καὶ
807 4148 1273 4218 ὁλοκαυτωμάτων
1310 4148 1586 4219 προτιθεὶς
1624 4149 1683 4202 τὺ
1705 4151 1788 4203 εὐ·

208 4242 355 4305 τελές
380 4242 514 4311 ὑμῖν
540 4240 785 4312 ποιῆσαι,
815 4241 906 4293 καὶ
934 4240 1067 4313 πρὸς
1090 4241 1384 4309 ἐπίγνωσιν
1418 4243 1647 4311 ἀγαγεῖν
1687 4242 1783 4313 τὴν

208 4334 365 4404 ἐμὴν,
414 4335 666 4404 ἔπεμπον
708 4334 833 4396 τοὺς
877 4333 1190 4403 προφήταςο
1242 4331 1427 4402 ἐπειδὴ
1467 4332 1522 4384 δὲ
1561 4332 1783 4388 τοιαῦτα

1898 3140 1989 3194 lux
2024 3138 2353 3209 egredietur.
2380 3156 2400 3187 ι
2449 3135 2609 3206 Atqui
2655 3150 2764 3189 non
2815 3135 3090 3203 impunem
3146 3133 3464 3203 praevarica-

1897 3232 2100 3288 tionem
2132 3231 2273 3286 hane
2316 3237 2553 3285 vestram
2589 3244 2714 3285 esse
2742 3228 2954 3293 sinam;
3010 3240 3136 3279 nam
3184 3240 3374 3295 ptenas
3430 3239 3463 3277 a

1895 3322 2052 3378 vobis
2083 3336 2405 3392 reposcam;
2445 3322 2519 3375 ita
2552 3327 2612 3374 ut
2642 3334 2707 3374 ex
2733 3319 2799 3373 iis
2833 3332 2953 3388 quae
2974 3316 3247 3387 patiemini
3277 3314 3459 3378 malis,

1895 3416 2018 3471 luce
2040 3415 2239 3470 clarius
2273 3414 2489 3469 cunctis
2517 3413 2630 3477 ﬁat,
2663 3426 2751 3466 me
2782 3420 3023 3465 vestrum
3052 3409 3315 3464 adversus
3342 3422 3464 3478 pro-

1895 3509 2088 3579 phetas
2144 3508 2353 3561 crimen
2402 3507 2775 3566 ulciscentem,
2828 3503 2992 3556 tantis
3040 3517 3137 3556 vos
3164 3501 3323 3556 malis
3361 3502 3464 3554 im-

1894 3599 2172 3669 plicuisse.
2216 3596 2519 3665 Caeteroqui
2553 3602 2611 3647 ut
2631 3591 2886 3647 ostendat
2914 3606 2973 3646 se
3000 3605 3106 3644 non
3135 3590 3342 3660 absque
3371 3604 3461 3641 ra-

1895 3691 2042 3745 tione
2076 3689 2130 3744 id
2171 3702 2350 3758 agere,
2392 3705 2409 3737 ι
2453 3684 2590 3751 Quia
2624 3682 3075 3744 misericordiam,
3107 3680 3302 3749 inquit,
3340 3680 3464 3734 volo

1893 3790 1950 3838 et
1987 3796 2095 3836 non
2120 3777 2473 3840 sacriﬁcium,
2499 3784 2553 3830 et
2580 3774 2867 3829 scientiam
2898 3771 2991 3827 Dei
3025 3772 3148 3842 plus
3175 3787 3339 3841 quam
3371 3771 3463 3825 ho-

1895 3876 2159 3930 locausta.
2186 3891 2205 3923 ι
2242 3869 2451 3924 Etenim
2482 3882 2583 3936 ego
2613 3883 2712 3921 ceu
2751 3866 2799 3920 si
2828 3864 3020 3919 vellem
3063 3864 3460 3918 sacrillciorum

1893 3978 2109 4036 quoque
2150 3970 2205 4017 et
2247 3961 2688 4014 holocaustorum
2719 3955 2980 4010 vilitatem
3006 3954 3109 4025 31
3151 3954 3305 4010 vobis
3340 3970 3463 4010 sua.

1893 4058 2041 4121 dere,
2073 4063 2239 4125 atque
2259 4053 2324 4107 ad
2353 4051 2456 4105 mei
2486 4049 2818 4120 agnitionem
2851 4046 3144 4113 adducere,
3171 4046 3460 4117 prophetas

1893 4144 2194 4199 mittebam.
2236 4140 2391 4195 Nunc
2440 4141 2571 4209 quia
2610 4139 2691 4192 sic
2729 4138 2850 4192 illos
2893 4147 3215 4202 tractantes,
3259 4137 3459 4191 malam

1892 4235 2025 4291 mihi
2071 4232 2480 4287 retributionem
2528 4228 2824 4295 obtulistis,
2860 4229 3063 4297 justam
3108 4232 3458 4296 peccatorum

1891 4327 2186 4383 vindictam
2238 4323 2540 4395 perferetis.
2595 4319 2729 4374 Nam
2778 4318 3168 4374 misericordia
3216 4314 3456 4371 ollicium

210 4402 399 4489 αὐτοὺς
430 4402 770 4488 διατιθέντες
818 4402 1007 4487 κακοῖς
1049 4422 1341 4494 ἡμείϐεσθε
1377 4423 1445 4477 τά
1478 4425 1608 4495 παρ’
1651 4423 1785 4494 ἐμοῦ

1897 4433 2110 4489 quoque
2131 4427 2236 4478 est,
2290 4423 2511 4483 propter
2539 4424 2636 4465 eos
2659 4409 2752 4477 qui
2786 4407 2924 4461 male
2951 4413 3081 4460 sunt
3120 4402 3291 4474 passi,
3326 4417 3460 4472 sup-

209 4519 503 4587 γινόμενα.
558 4516 759 4570 δώσετε
819 4515 929 4569 τῶν
984 4514 1469 4586 παρανομημάτων
1510 4515 1666 4587 δίκην
1714 4516 1791 4569 δι-

212 4610 366 4662 καίαν
382 4628 395 4638 ο
430 4616 512 4679 (p.
536 4609 628 4675 ﬂ)
655 4609 804 4661 ἐλέου
829 4608 936 4679 γὰρ
956 4608 1017 4661 τὸ
1042 4608 1140 4660 καὶ
1172 4607 1311 4678 ὑπὲρ
1330 4606 1439 4659 τῶν
1469 4609 1784 4677 πασχόντων

210 4699 391 4764 κακῶς
421 4699 665 4769 τιμωρία
689 4697 1033 4768 περιϐάλλειν
1054 4698 1177 4759 τοὺς
1199 4695 1539 4759 ἀδικοῦντας.
1572 4716 1589 4748 ι
1622 4697 1785 4751 Αὐτοὶ

209 4792 261 4843 δέ
296 4794 435 4846 εἰσιν
490 4793 567 4854 ὡς
612 4792 893 4861 ἄνθρωπος
945 4790 1299 4861 παραϐαίνων
1345 4788 1632 4861 διαθήκην,
1669 4792 1786 4843 ἐκεῖ

210 4884 621 4956 κατεφρόνησαν
668 4901 789 4954 μου.
833 4902 850 4933 ι
896 4881 1248 4953 Μεμενήκατε
1292 4882 1398 4952 γάρ
1441 4882 1534 4934 ἐπὶ
1562 4883 1657 4953 τῆς
1686 4882 1781 4952 βά-

214 4993 343 5040 σω
384 4979 461 5047 (7)
486 4978 597 5053 ¹τῆς
636 4978 860 5041 οἰκείας,
905 4976 1015 5030 τῶν
1056 4976 1154 5047 μὲν
1188 4974 1392 5030 ἄνωθεν
1440 4975 1569 5045 {.va
1601 4991 1782 5028 συντε-

1888 4510 2109 4580 plicium
2150 4505 2433 4575 iniuriosis
2459 4503 2774 4557 decernere.
2813 4515 2831 4548 ι
2859 4498 2961 4566 Ipsi
2991 4504 3171 4551 autem
3196 4503 3456 4564 tanquam

1888 4604 2053 4657 homo
2097 4607 2315 4670 pactum
2362 4594 2789 4665 transgrediens,
2842 4590 2953 4644 illic
2996 4604 3082 4643 me
3114 4596 3457 4658 contempse-

1887 4701 2035 4750 runt.
2063 4711 2081 4742 ι
2119 4689 2232 4745 Vos
2266 4696 2444 4742 autem
2486 4687 2541 4740 in
2590 4683 3031 4753 transgressione
3057 4691 3238 4735 vestra
3270 4694 3453 4749 perse-

1888 4783 2143 4843 verastis,
2193 4780 2438 4850 neglecto
2468 4776 2612 4847 quod
2662 4789 2874 4830 mecum
2905 4772 3189 4843 pepigistis
3229 4770 3457 4838 antiquo

1886 4877 2114 4937 ﬁndere,
2142 4886 2335 4941 meque
2357 4882 2582 4939 prorsus
2602 4866 2878 4935 despecto,
2913 4864 3049 4918 adeo
3086 4870 3145 4915 ut
3167 4861 3457 4930 prophetas

1886 4984 2104 5041 quoque
2132 4966 2187 5021 id
2213 4964 2365 5019 vobis
2394 4968 2884 5017 commemorantes
2919 4955 3325 5011 interl‘eceritis.

212 5070 408 5124 θέντων
644 5069 745 5141 ἐμὲ
783 5069 937 5138 λόγον
978 5067 1169 5123 οὐδένα
1209 5066 1553 5138 ποιούμενοι,
1611 5063 2160 5138 καταπεφρονηκότες
2221 5059 2277 5112 δέ
2330 5074 2430 5127 μου
2481 5052 2788 5116 παντελῶς’
2839 5051 2977 5104 ὥστε
3019 5049 3112 5101 καὶ
3159 5048 3286 5111 τοὺς
3324 5047 3455 5101 ὕπο-

211 5165 609 5234 μιμνήσκοντας
658 5163 802 5233 ὑμᾶς
848 5160 977 5233 περὶ
1034 5161 1223 5214 τούτου
1298 5160 1405 5215 τῶν
1474 5160 1769 5229 προφητῶν
1803 5158 2032 5213 ἀνελεῖν.

277 5287 420 5355 Στίχ.
460 5292 631 5354 ἠ’-ια’.
671 5315 741 5325 -
774 5302 793 5334 ι
829 5282 1080 5351 Γάλγαλα
1108 5282 1260 5345 πόλις
1293 5279 1635 5352 ἐργαζομένη
1676 5279 1780 5350 μά-

211 5393 353 5431 tau.
399 5397 417 5430 ι
473 5378 631 5431 Αίτία
666 5377 724 5431 δὲ
766 5375 971 5429 τούτων
1010 5376 1138 5445 ὑμῖν
1171 5375 1205 5445 ἡ
1238 5371 1487 5441 Γάλγαλα
1512 5412 1527 5436 ,
1568 5373 1695 5443 παρ’

311 5516 361 5546 ¹⁹
386 5515 528 5569 Psal.
550 5533 709 5578 xu".
740 5514 829 5569 10.

282 5659 353 5727 (6)
410 5656 544 5711 Cod.
584 5656 742 5721 οὐδέ,
790 5652 937 5726 quod
982 5652 1159 5727 visum
1217 5657 1301 5705 est
1362 5647 1768 5727 corrigendum,

212 5718 531 5797 quamquam
573 5718 897 5797 plerumque
930 5722 1101 5797 code;
1144 5730 1227 5775 est
1269 5718 1767 5781 emendatissimus,

214 5794 466 5869 ﬁrmaque
493 5807 543 5853 et
567 5794 772 5869 optima
804 5794 968 5850 manu
995 5794 1248 5862 scriptus.

1955 5274 2125 5329 Vens.
2178 5270 2333 5325 8—H.
2374 5298 2444 5308 ——
2496 5285 2513 5316 ι
2539 5264 2760 5336 Galgala
2798 5260 2991 5315 civitas
3029 5271 3151 5328 qua:
3198 5266 3455 5327 operatur

1886 5383 2087 5424 vana.»
2146 5363 2321 5418 Causa
2371 5361 2564 5413 horum
2618 5356 2774 5409 vobis
2815 5350 3060 5421 Galgala,
3109 5348 3250 5420 apud
3290 5362 3452 5417 quam

1950 5645 2029 5713 (7)
2056 5645 2136 5697 Ita
2161 5643 2283 5697 cod.
2310 5644 2540 5714 βάσεως,
2561 5653 2657 5694 seu
2678 5635 2965 5702 mendose,
2987 5638 3049 5688 ut
3071 5629 3330 5693 aroitror,
3352 5638 3456 5697 pro

1879 5715 2260 5787 παραϐάσεως.
