3906 6208
441 256 544 311 165

436 460 526 514 Sic
553 459 696 513 enim
724 470 778 513 et
821 459 874 512 in
914 459 1291 528 superioribus
1323 460 1483 524 dixit,
1533 480 1551 512 ι
1577 460 1653 517 Ne
1681 463 1920 518 abieritis
1948 465 2003 517 in

435 545 657 615 Galgala
706 546 1017 614 civitatem;
1074 563 1248 619 neque
1301 564 1439 603 vana
1491 552 1863 621 operemini,»
1907 556 2002 614 ait,

439 647 497 691 ut
525 654 643 707 qua:
676 638 728 692 in
756 654 818 692 ea
845 646 1151 709 patrantur,
1185 640 1473 709 significet.
1516 659 1534 691 ι
1556 640 1687 707 Quae
1716 644 2007 698 conturbat

437 744 695 799 aquam.»
739 727 818 783 Illi
870 730 961 799 qui
1017 730 1415 799 limpitndinem
1469 742 1521 786 et
1567 734 1855 802 puritatem
1904 735 2007 803 piae

440 819 737 889 religionis,
768 820 821 873 in
854 820 959 874 mei
1004 822 1280 890 agnitione
1309 834 1681 891 apparentem,
1736 825 2004 880 idolorum

438 909 762 965 admistione
779 911 1083 980 inquinant.
1116 930 1135 963 ι
1159 911 1220 966 Et
1235 912 1493 968 fortitudo
1510 926 1622 977 tua,
1638 915 1737 970 viri
1763 918 1999 987 piratae.»

438 1000 569 1065 Quae
611 1002 717 1055 vim
758 1016 911 1055 suam
946 1002 1201 1057 videlicet
1246 1003 1299 1057 in
1343 1005 1643 1059 errantium
1697 1006 1895 1061 damno
1922 1008 2007 1064 de-

439 1100 740 1152 monstrat;
779 1091 1235 1162 quemadmodum
1264 1110 1382 1150 mos
1416 1105 1500 1149 est
1530 1098 1741 1166 piratis,
1774 1099 2005 1154 aliorum

440 1182 653 1238 damnis
718 1184 1051 1248 incumbere,
1101 1200 1340 1256 suasque
1383 1188 1527 1243 vires
1583 1188 1639 1243 in
1688 1199 2007 1247 caeterorum

441 1273 681 1344 pernicie
734 1274 1041 1329 ostendere.
1109 1275 1403 1331 «Celarunt
1464 1278 1777 1335 sacerdotes
1837 1281 2004 1346 viam,

441 1362 717 1416 occisione
758 1360 957 1416 Sicima
988 1372 1354 1433 peremerunt,
1389 1367 1516 1435 quia
1549 1366 1888 1436 iniquitatem
1922 1387 2010 1440 pa-

448 1460 727 1506 travcrant
751 1453 817 1507 ²¹.
851 1471 870 1504 ι
909 1454 1171 1523 Exemplo
1195 1456 1312 1508 vult
1340 1457 1555 1511 illorum
1595 1459 1888 1528 nequitiam
1922 1478 2010 1515 ex-

442 1543 712 1613 planare:
754 1545 911 1611 Quia,
965 1556 1149 1616 patres
1196 1550 1386 1613 vestri,
1440 1550 1613 1620 inquit
1644 1552 1796 1619 (dicit
1828 1563 2010 1609 autem

443 1633 629 1690 Jacobi
666 1637 805 1692 filios
831 1637 1013 1692 Levim
1045 1632 1109 1693 ac
1138 1640 1495 1706 Simeonem),
1525 1650 1810 1712 postquam
1837 1644 2010 1699 fornio

1595 254 1945 312 TIIEODORI
1986 253 2472 311 MOPSUESTE‘NI

436 367 659 424 noxium
710 381 1020 436 vanumque
1070 365 1337 421 idolorum
1384 368 1629 423 studium
1659 371 2000 440 expromitis.
2034 381 2076 433 Α

3558 253 3649 308 164

2105 373 2203 442 τὴν
2236 368 2501 439 ἐπιϐλαϐῆ
2535 368 2627 420 καὶ
2674 365 2898 438 μάταιον
2930 363 3058 436 περὶ
3100 364 3169 417 τὰ
3201 363 3394 418 εἴδωλα
3426 366 3651 440 σπουδὴν

2104 460 2472 516 ἐπιδείκνυσθε
2495 475 2506 486 ·
2527 457 2668 512 οῦτω
2684 457 2792 526 γὰρ
2812 456 2906 511 xa‘t
2924 455 3178 526 ἀνωτέρω
3193 455 3361 524 λέγει,
3381 475 3400 507 ι
3428 458 3517 528 Μὴ
3548 460 3652 511 εἰσ-

2104 552 2397 625 πορεύεσθε
2439 552 2517 613 εἰς
2555 548 2804 617 Γάλγαλα
2844 548 2944 615 τὴν
2979 547 3166 600 πόλιν·
3208 548 3299 599 καὶ
3329 546 3651 617 ἐργάζεσθε,

2104 647 2272 714 λέγει,
2324 643 2555 716 μάταια,
2608 661 2625 693 ι
2660 641 2727 694 τὰ
2752 643 2809 693 ἐν
2841 640 2975 709 αὐτῇ
3015 639 3305 709 γιγνόμενα
3370 640 3655 711 σημαίνων.

2110 755 2129 787 ι
2163 735 2519 805 Ταράσσουσα
2545 733 2703 804 ὓδωρ.
2747 751 2765 784 ι
2802 734 2863 785 υἰ
2888 733 2947 785 τὸ
2972 730 3159 795 διειδὲς
3185 731 3279 784 καὶ
3298 730 3532 801 καθαρὸν
3562 731 3653 801 τῆς

2104 827 2382 890 εὐσεϐείας
2420 829 2476 879 ἐν
2515 828 2583 896 τῇ
2632 823 2827 893 γνώσει
2872 823 3275 891 διαφαινόμενον
3320 825 3386 893 τῇ
3419 823 3562 893 ἐμῇ,
3592 825 3653 893 τῇ

2104 917 2212 972 τῶν
2240 916 2468 969 εἰδώλων
2500 914 2870 977 ἐπιθολοῦντες
2903 913 3171 984 ἐπιμιξίᾳ.
3219 930 3238 963 ι
3290 914 3401 965 Καὶ
3445 914 3479 982 ἡ
3514 912 3653 981 ἰσχύς

2107 1024 2201 1061 σου
2240 1007 2315 1069 ὡς
2356 1005 2546 1077 ἀνδρὸς
2576 1003 2857 1076 πειρατοῦ.
2913 1023 2930 1056 ι
2981 1004 3047 1056 "ll
3089 1006 3269 1057 πᾶσαν
3296 1004 3394 1075 τὴν
3441 1004 3657 1073 δύναμιν

2105 1097 2203 1167 τὴν
2247 1096 2449 1151 οἰκείαν
2504 1097 2560 1148 ἐν
2610 1097 2683 1166 τῇ
2715 1095 2822 1147 τῶν
2877 1094 3251 1163 ἀπατωμένων
3301 1094 3658 1147 ἐπιδείκνυται

2108 1188 2304 1261 βλάϐῃ·
2341 1188 2399 1240 ὃν
2445 1187 2507 1258 δὴ
2549 1187 2745 1257 τρόπον
2783 1186 2876 1238 καί
2907 1188 3018 1247 τοῖς
3061 1188 3347 1256 πειραταῖς
3385 1185 3504 1248 ἔθος
3550 1185 3659 1237 ἐστὶ

2107 1296 2175 1331 πε
2184 1278 2235 1351 ρί
2249 1278 2347 1349 τὴν
2373 1276 2571 1347 ἐτέρων
2597 1273 2977 1328 ἐσπουδακέναι
2999 1274 3216 1345 βλάϐην,
3241 1276 3334 1327 καὶ
3350 1273 3448 1344 τὴν
3463 1276 3659 1327 οἰκείαν

2107 1371 2334 1440 δύναμιν
2388 1368 2474 1421 διὰ
2525 1367 2624 1436 τῆς
2678 1366 2880 1436 ἐτέρων
2925 1364 3322 1418 διαδείκνυσθαι
3372 1364 3657 1428 ἀπωλείας.

2114 1481 2133 1513 ι
2174 1460 2453 1532 Ἔκρυψαν
2484 1461 2647 1530 ἱερεῖς
2672 1457 2787 1510 ὁδόν
2806 1474 2820 1486 ·
2848 1456 3139 1525 ἐφόνευσαν
3170 1456 3370 1526 Σίκιμα
3393 1473 3409 1487 ο
3437 1458 3521 1509 ὅτι
3548 1457 3662 1509 ἀνο-

2113 1552 2240 1624 μίαν
2268 1551 2551 1621 ὲποίησαν.
2588 1568 2605 1602 ι
2651 1550 2745 1601 Ἐκ
2774 1546 3125 1618 παραθέσεως
3153 1545 3397 1616 βούλεται
3422 1546 3523 1617 τὴν
3545 1544 3662 1600 τού-

2110 1660 2214 1697 των
2238 1642 2493 1706 ἐπιδεῖξαι
2518 1640 2733 1695 κακίαν·
2755 1641 2876 1694 Ὀτι
2905 1641 2953 1692 οί
2987 1638 3083 1710 μὲν
3116 1639 3369 1710 πατέρες,
3399 1638 3585 1709 φησὶν,
3616 1638 3662 1693 ei

444 1728 651 1782 cariam
689 1728 943 1797 injuriam
972 1731 1149 1785 sorori
1181 1747 1293 1786 suae
1322 1733 1525 1786 illatam
1550 1733 1821 1798 viderunt,
1855 1743 2007 1791 tanta

2113 1733 2360 1804 ὑμέτεροι
2399 1731 2578 1799 (λέγει
2619 1732 2675 1785 δὲ
2705 1732 2831 1794 τοὺς
2870 1730 3017 1785 υἰοὺε
3074 1728 3290 1792 Ἰακὼϐ,
3316 1730 3445 1782 Agat
3482 1746 3540 1782 τε
3577 1732 3664 1782 καὶ

443 1820 517 1873 rei
563 1820 934 1891 indignatione
961 1830 1305 1887 exarserunt,
1337 1831 1397 1878 ut
1425 1825 1643 1895 oblique
1677 1826 1895 1898 quidem
1943 1843 2007 1883 ac

443 1915 667 1970 subdole
706 1914 981 1969 Sicimitas
1021 1915 1133 1970 sint
1162 1915 1404 1981 allocuti,
1438 1913 1730 1972 amicitiam
1756 1920 2010 1975 simulan-

445 2013 558 2061 tes:
594 2006 643 2059 id
672 2005 815 2059 enim
842 2005 1072 2059 innunnt
1107 2007 1304 2061 verba:
1344 2005 1538 2063 «Viam
1568 2009 1834 2076 celarunt,
1860 2030 1878 2064 ι
1913 2012 2009 2068 sed

444 2096 639 2151 idoneo
658 2103 875 2165 captato
896 2104 1158 2167 tempore,
1179 2106 1409 2155 cunctos
1428 2115 1537 2155 uno
1568 2100 1768 2171 impetu
1792 2112 2012 2174 propter

440 2186 572 2246 Illud
597 2186 855 2258 flagitium
887 2188 1297 2245 interemerunt.
1347 2211 1366 2243 ι
1388 2192 1444 2247 In
1470 2192 1633 2248 domo
1658 2194 1875 2251 lsraelis
1902 2197 2007 2252 vidi

444 2279 757 2345 horribilia;
796 2278 902 2349 32
947 2280 1020 2334 ibi
1076 2278 1491 2338 fornicationem
1546 2283 1841 2355 Epltraimi.
1875 2306 1895 2339 ι
1945 2287 2012 2341 Ει

443 2383 533 2423 res
560 2368 776 2437 quidem
803 2370 1020 2423 illorum
1052 2368 1125 2424 ita
1157 2385 1215 2425 se
1252 2370 1459 2427 habuit.
1491 2372 1647 2429 Nunc
1675 2391 1797 2431 vero
1819 2378 1873 2431 in
1897 2378 2012 2432 uni-

442 2472 603 2511 verso
627 2455 825 2511 lsraele
855 2457 1011 2526 plena
1038 2456 1286 2515 horroris
1315 2461 1501 2530 aspexi
1528 2479 1543 2528 ;
1592 2462 2009 2520 fornicationem

444 2548 823 2613 universalem,
856 2564 964 2603 non
987 2551 1259 2619 corporis,
1284 2550 1381 2607 sed
1415 2561 1688 2623 corruptae
1715 2555 1909 2611 animae
1931 2566 2013 2610 at—

442 2653 548 2708 que
570 2654 599 2690 a
627 2637 734 2692 Deo
764 2639 1094 2708 apostaticze.
1137 2659 1156 2691 ι
1176 2641 1590 2697 Contaminatus
1618 2651 1702 2698 est
1739 2646 1929 2708 Israel,
1958 2653 2013 2701 et

446 2726 613 2782 Jndas
640 2728 822 2783 omisit
848 2742 1079 2782 messem
1120 2744 1295 2786 suam.
1318 2749 1336 2783 ο
1374 2730 1572 2785 Cuncti
1596 2732 1662 2787 ad
1693 2736 2014 2803 praevarica-

443 2820 648 2875 tionem
690 2819 1028 2888 spectabant,
1067 2819 1333 2875 idolorum
1366 2823 1517 2877 cultu
1551 2824 1783 2894 polluti;
1827 2828 2011 2883 cuncti

450 2910 722 2964 infirmum
750 2924 814 2963 ac
846 2909 1188 2981 proﬂigatum
1220 2913 1414 2968 salutis
1444 2930 1557 2970 sum
1589 2919 1864 2987 negotium
1892 2934 2014 2976 esse

2110 1821 2378 1893 Σιμεὼν),
2407 1821 2494 1874 ἵνα
2544 1820 2620 1891 (8)
2675 1820 2937 1892 πορνικὴν
2986 1820 3245 1890 ἐπήρειαν
3302 1819 3664 1888 ὑπομείνασαν

2112 1914 2291 1967 ἴδωσιν
2315 1912 2492 1965 αὐτῶν
2522 1913 2621 1982 τὴν
2662 1911 2915 1982 ἀδελφὴν,
2956 1910 2974 1981 (
3000 1925 3054 1979 p.
3085 1911 3188 1982 48)
3213 1909 3478 1981 τοσαύτην
3518 1910 3664 1980 ἔσχον

2110 2003 2208 2074 τὴν
2246 2002 2611 2073 ἀγανάκτησιν
2657 2002 2749 2054 ἐπὶ
2785 2002 2863 2072 τῷ
2893 2002 3171 2071 γεγονότι,
3218 2001 3359 2054 ὥστε
3399 2000 3666 2072 λαθραίως

2114 2096 2210 2165 μὲν
2236 2094 2326 2147 καὶ
2359 2093 2493 2165 μετά
2517 2093 2665 2146 δόλου
2680 2092 3019 2163 διαλεχθῆναι
3046 2094 3156 2154 τοῖς
3178 2091 3484 2162 Σικιμίταις
3506 2105 3668 2160 προσο

2111 2185 2417 2255 ποιούμενοι
2459 2183 2671 2255 φιλίαψ
2716 2184 2872 2237 τοῦτο
2904 2183 3010 2255 γὰρ
3046 2183 3191 2251 λέγει
3221 2182 3300 2246 τὸ,
3330 2199 3349 2232 ι
3388 2178 3666 2251 Ἐκρυψαν

2110 2279 2247 2333 ὁδόν·
2274 2296 2293 2329 ι
2319 2276 2508 2349 καιροῦ
2524 2277 2580 2331 δὲ
2595 2276 2897 2347 λαϐόμενοι,
2915 2276 3117 2336 πάντας
3142 2274 3261 2326 κατ’
3282 2272 3443 2327 αὑτὸν
3463 2273 3667 2324 ἀνεῖλον

2112 2368 2252 2439 ὑπὲρ
2268 2366 2357 2421 τοῦ
2383 2366 2680 2436 γεγονότος,
2718 2384 2737 2416 ι
2776 2366 2863 2418 Ἐν
2896 2365 2973 2435 τῷ
3005 2364 3137 2435 οἴκῳ
3166 2362 3255 2416 τοῦ
3288 2362 3499 2434 Ἰσραὴλ
3536 2360 3666 2416 εἰδον

2112 2458 2378 2530 φρικώδη,
2406 2460 2521 2511 ἐκεῖ
2552 2457 2805 2529 πορνείαν
2839 2455 2933 2509 τοῦ
2979 2456 3235 2527 Ἐφραίμ.
3278 2475 3297 2509 ι
3335 2456 3444 2507 Καὶ
3475 2455 3545 2507 τὰ
3574 2455 3669 2523 μὲν

2113 2552 2352 2618 ἐκείνων,
2380 2551 2533 2622 φησι,
2559 2550 2807 2604 τοιαῦτα·
2836 2547 2929 2602 νῦν
2952 2548 3008 2602 δὲ
3041 2550 3098 2600 ἐν
3123 2548 3321 2601 ἀπαντι
3346 2544 3425 2616 τῷ
3457 2545 3669 2617 Ἰσραὴλ

2114 2644 2313 2716 φρίκης
2335 2641 2468 2697 εἰδον
2496 2643 2685 2714 μεστὰ,
2706 2641 2961 2712 πορνείαν
2985 2640 3239 2694 ἀπάντων
3260 2639 3359 2692 οὐκ
3384 2642 3440 2691 ἐν
3462 2637 3671 2708 σώματι

2115 2737 2404 2801 συστᾶσαν,
2453 2735 2566 2788 ἀλλ’
2606 2736 2662 2787 ἐν
2691 2734 2953 2804 διαφθορᾷ
3001 2733 3178 2803 ψυχῆς
3220 2731 3315 2785 καὶ
3375 2731 3669 2785 ἀποστάσει

2112 2826 2271 2880 Θεοῦ.
2309 2846 2327 2878 ι
2375 2824 2636 2896 Ἐμιάνθη
2685 2824 2918 2897 Ἰσραὴλ,
2953 2827 3047 2878 καὶ
3089 2823 3285 2887 Ἰούδας
3315 2821 3493 2892 ἀφῆκε
3522 2821 3669 2891 θερι-

2115 2919 2249 2989 σμὸν
2277 2917 2461 2973 αὐτοῦ.
2501 2935 2521 2969 ι
2550 2916 2754 2978 Πάντες
2774 2915 2908 2985 πρὸς
2931 2914 3057 2985 μίαν
3081 2909 3217 2966 εἶδον
3234 2912 3578 2984 παρανομίαν
3605 2914 3670 2981 τῇ

449 3001 834 3055 ostendebant.
863 2999 997 3056 Nam
1037 3003 1203 3057 veluti
1246 3005 1289 3058 si
1325 3004 1450 3073 quis
1488 3006 1727 3075 agricola
1778 3011 2012 3079 peractis

2113 3013 2219 3066 τῶν
2247 3010 2475 3066 εἰδώλων
2505 3010 2816 3082 μιανθέντες
2842 3008 3106 3080 θρησκείᾳ
3125 3024 3139 3039 ·
3164 3007 3256 3061 καὶ
3281 3006 3479 3070 πάντες
3507 3005 3671 3073 ἀτελὴ

453 3093 926 3157 seminationibus,
968 3101 1022 3148 et
1056 3093 1167 3162 jam
1199 3094 1444 3164 frugibus
1478 3114 1708 3154 messem
1735 3101 2014 3170 postulan-

457 3182 622 3245 tibus.
651 3199 774 3237 mox
800 3183 1029 3255 ignaviae
1053 3199 1111 3239 se
1133 3184 1373 3249 dederet,
1396 3188 1837 3256 agricolationem
1860 3206 2014 3246 suam

449 3275 858 3344 pessumdaret,
909 3276 1242 3346 praeteritum
1275 3292 1491 3333 onmem
1535 3279 1773 3336 laborem
1821 3284 2016 3340 inertia

450 3379 548 3420 sua
584 3363 785 3418 futilem
813 3365 1097 3420 redderet:
1136 3366 1217 3420 sic
1237 3382 1354 3431 vos,
1398 3368 1597 3440 inquit,
1628 3380 1709 3426 tot
1739 3376 2017 3446 tantisque

451 3456 606 3509 bonis
628 3454 802 3525 potiti,
842 3456 1051 3525 egressi
1083 3454 1319 3528 Egypto
1338 3496 1353 3522 ,
1381 3474 1604 3516 emenso
1632 3462 1868 3529 deserto,
1900 3467 2018 3537 lege

450 3555 689 3617 accepta,
715 3548 1038 3617 promissam
1064 3558 1264 3604 terram
1288 3550 1490 3622 adepti,
1508 3560 1563 3608 et
1587 3554 1642 3608 in
1662 3558 2018 3617 conveniente

451 3640 696 3710 religioni
720 3641 838 3695 loco
861 3642 1181 3708 constituti;
1212 3658 1335 3699 cum
1358 3644 1469 3713 jam
1496 3644 1702 3703 fructus
1734 3652 2019 3718 oportebat

452 3735 520 3789 ad
554 3736 719 3790 Deum
751 3735 911 3801 ferre,
940 3742 1075 3790 tunc
1109 3738 1291 3791 omnia
1324 3738 1495 3792 vestri
1537 3740 1709 3809 gratia
1746 3749 1889 3805 acta,
1923 3758 2019 3812 per

452 3824 712 3878 malitiam
742 3834 979 3880 vestram
1015 3842 1175 3881 cassa
1215 3827 1504 3883 effecistis:
1541 3831 1743 3886 omissa
1771 3833 2019 3888 videlicet

454 3922 577 3983 post
627 3924 705 3969 tot
754 3917 991 3985 taliaque
1042 3918 1305 3973 beneficia
1364 3919 1637 3975 fructuum
1694 3924 2017 3992 redditione,

455 4007 704 4075 factaque
732 4006 796 4058 ad
821 4008 1008 4060 vitium
1044 4010 1339 4064 universali
1370 4017 1534 4080 atque
1554 4014 1867 4067 omnimoda
1895 4032 2019 4085 per-

453 4098 722 4151 versione.
762 4096 920 4150 Paria
962 4097 1047 4153 bis
1096 4100 1237 4168 apud
1290 4099 1522 4154 Isaiam:
1569 4101 1925 4172 «Exspectavi
1961 4115 2020 4160 ut

454 4189 655 4244 faceret
677 4204 857 4254 uvam,
885 4188 1010 4244 fecit
1034 4199 1211 4245 autem
1234 4190 1817 4261 spinas“.i—rlncipe
1838 4194 2020 4266 fruges

453 4280 726 4349 colligere.
775 4294 898 4334 cum
943 4295 1042 4350 ego
1085 4290 1408 4336 convertero
1437 4282 1803 4350 captivitatem
1835 4288 2018 4355 populi

2114 3104 2208 3159 καὶ
2240 3102 2638 3175 διεφθαρμένην
2670 3100 2766 3172 τὴν
2802 3099 3008 3154 ἐαυτῶν
3045 3096 3329 3164 ἀπέδειξαν
3367 3097 3638 3168 σωτηρίαν
3662 3112 3675 3125 ·

2114 3197 2189 3260 ὼς
2213 3196 2321 3267 γὰρ
2345 3195 2398 3247 εί
2414 3213 2497 3257 τις
2525 3193 2766 3263 γεωργὸς
2795 3191 3183 3245 τελειωθέντων
3208 3190 3559 3261 σπερμάτων,
3584 3190 3673 3242 καὶ

2114 3280 2206 3334 τοῦ
2236 3281 2447 3352 καρποῦ
2474 3279 2565 3333 τὸν
2602 3278 2859 3349 θερισμὸν
2881 3277 3255 3340 ἀπαιτοῦντος,
3282 3276 3381 3347 ἤδη
3410 3274 3547 3346 πρὸς
3582 3277 3674 3345 ρᾳ-

2116 3373 2315 3444 θυμίαν
2352 3371 2493 3435 ἰδὼν,
2519 3370 2835 3424 ἀπολέσειεν
2869 3369 2967 3440 μὲν
2998 3369 3066 3423 τά
3092 3368 3493 3451 γεωργηθέντια,
3521 3368 3676 3419 κενὸν

2115 3460 2171 3513 δὲ
2200 3462 2371 3515 πάντα
2395 3460 2484 3514 τὸν
2513 3458 2875 3530 προειληφότα
2898 3459 3056 3512 πόνον
3083 3458 3169 3511 διά
3193 3458 3293 3528 τῆς
3313 3458 3515 3520 οἰκείας
3546 3459 3677 3513 ἀπο-

2117 3553 2333 3623 φήνειεν
2359 3552 2626 3622 ῥᾳθυμίας
2650 3567 2662 3580 ·
2696 3551 2864 3613 οῦτως
2893 3551 3067 3620 ὑμεῖς,
3093 3551 3225 3620 φησί
3243 3591 3258 3614 ,
3287 3549 3554 3602 τοσούτων
3583 3549 3676 3600 καὶ

2116 3643 2447 3711 τηλικούτων
2514 3643 2943 3705 ἀπολελαυκότες
3001 3641 3245 3710 ἀγαθῶν,
3301 3640 3679 3710 ἐξεληλυθότες

2116 3737 2387 3806 Αἰγύπτου
2411 3777 2425 3795 .
2460 3736 2740 3799 διαϐάντες
2781 3736 2880 3806 τὴν
2908 3734 3132 3805 ἔρημον,
3167 3734 3327 3804 νόμον
3373 3733 3675 3802 δεξάμενοι,

2116 3832 2213 3898 τὴν
2268 3830 2372 3899 γῆν
2424 3827 2781 3897 ἀπειληφότες
2832 3826 2930 3895 τὴν
2978 3824 3414 3895 ἐπηγγελμένην,
3464 3825 3557 3876 τὸν
3611 3827 3676 3894 τῇ

2119 3919 2382 3989 θρησκεία
2408 3918 2682 3988 πρέποντα
2704 3916 3033 3986 κτησάμενοι
3058 3915 3221 3965 τόπον
3244 3931 3258 3944 ·
3281 3914 3367 3965 ὅτε
3393 3914 3525 3974 τοὺς
3543 3930 3680 3984 καρ-

2119 4010 2251 4073 ποὺς
2296 4010 2459 4081 ἐχρῆν
2508 4008 2690 4061 λοιπὸν
2730 4009 2805 4077 (ρ.
2844 4007 2933 4079 49)
2964 4005 3042 4076 τῷ
3095 4005 3213 4075 Θεῷ
3268 4005 3678 4077 προσκομίζειν,

2120 4099 2236 4152 τότε
2269 4101 2445 4152 πάντα
2476 4098 2546 4151 τὰ
2573 4098 2711 4165 ὑπὲρ
2745 4098 2896 4169 ὑμῶν
2927 4098 3186 4168 γεγονότα
3214 4096 3440 4168 περιττά
3464 4096 3553 4149 διὰ
3581 4098 3681 4165 τῆς

2120 4191 2326 4243 ἑαυτῶν
2373 4189 2688 4254 ἀπεδείξατε
2735 4189 2964 4251 κακίας·
3003 4189 3229 4256 ἀφέντες
3264 4188 3359 4257 μὲν
3390 4188 3451 4239 τὸ
3493 4188 3683 4241 ἀποδι-

2119 4281 2263 4334 δόναι
2280 4279 2356 4350 τῷ
2379 4279 2495 4350 Θεῴ
2513 4282 2636 4342 τοὺς
2661 4279 2799 4349 ὑπὲρ
2821 4278 2926 4331 τῶν
2946 4278 3212 4331 τοσούτων
3235 4279 3326 4330 καὶ
3349 4276 3682 4348 τηλικούτων

453 4376 579 4435 mei.
598 4382 653 4428 et
674 4374 925 4429 lsraelem
949 4389 1234 4428 sanavero.
1258 4393 1275 4427 ι
1313 4373 1677 4441 Quamobrem
1700 4377 1853 4432 vobis
1875 4393 2012 4434 novo

2118 4373 2439 4444 εὐεργεσιῶν
2460 4373 2720 4443 καρποὺς,
2752 4371 2879 4441 ’τιερί⁸
2898 4371 2954 4423 δὲ
2975 4371 3070 4441 τὴν
3095 4370 3189 4423 τοῦ
3218 4371 3458 4442 χείρονος
3490 4372 3685 4442 ἐκτρο-

454 4465 607 4519 initio
636 4480 774 4534 opus
794 4473 900 4528 est,
918 4466 1062 4535 quod
1092 4480 1194 4536 ego
1222 4482 1317 4537 per
1340 4482 1606 4521 summam
1629 4468 2018 4539 benignitatem

455 4556 608 4610 vobis
639 4557 953 4618 concedam,
1004 4558 1135 4610 dum
1164 4567 1357 4627 praeter
1382 4574 1530 4628 spem
1564 4574 1780 4614 omnem
1827 4560 2019 4615 huma-

456 4663 580 4702 nam
611 4647 677 4702 de
705 4649 1017 4717 captivitate
1045 4663 1141 4702 vos
1186 4649 1463 4703 reducam.
1500 4648 1633 4703 Nam
1673 4659 1819 4705 certe
1846 4652 1890 4707 si
1918 4669 2014 4707 vo-

457 4739 663 4795 lueritis
698 4739 765 4794 ad
802 4739 1079 4794 meliorem
1116 4741 1279 4794 vitam
1325 4740 1625 4797 intendere.
1676 4757 1817 4796 novo
1860 4744 2015 4799 vobis

455 4832 611 4888 initio
630 4847 766 4901 opus
791 4839 873 4887 est
898 4848 913 4898 ;
947 4842 1005 4885 ut
1027 4832 1071 4885 si
1094 4831 1326 4901 denique
1353 4841 1698 4902 acceptorum
1729 4849 2011 4888 munerum

456 4925 826 4995 magnitudine
857 4922 1154 4993 pudcfacti,
1200 4924 1253 4976 in
1285 4925 1504 4979 virtutis
1544 4923 1726 4979 studio
1754 4925 2011 4995 deinceps

457 5017 766 5080 versemini,
815 5017 865 5070 id
893 5016 1048 5071 vobis
1094 5015 1343 5069 factitare
1395 5016 1574 5070 liceat.
1624 5016 1757 5069 Nam
1788 5017 2013 5071 verbum

461 5126 480 5158 ι
504 5108 680 5176 Incipe
702 5127 719 5158 ι
758 5107 891 5162 dicit
923 5123 1044 5178 pro.
1074 5105 1318 5175 Incipere
1347 5106 1577 5175 poteris,
1614 5121 1736 5160 cum
1778 5106 2016 5160 volueris

456 5199 521 5252 ad
552 5198 787 5252 ofﬁcium
818 5209 1083 5268 spectare.
1117 5203 1269 5251 Nunc
1298 5212 1426 5251 vero
1449 5199 1622 5267 quid?

2115 4465 2224 4534 πὴν
2252 4463 2639 4533 ἀσχοληθέντες
2672 4463 2781 4515 ὅλοι
2826 4462 2891 4515 δι’
2928 4463 3098 4515 ὄλωνο
3135 4460 3319 4531 ὅμοιόν
3351 4463 3465 4514 ἐστι
3501 4462 3683 4529 τούτῳ

2116 4556 2302 4609 καὶτὸ
2355 4555 2505 4625 παρά
2571 4555 2643 4625 τῷ
2688 4555 2915 4625 Ἦσαῖᾳ’
2957 4574 2975 4605 ι
3045 4556 3275 4624 Ἔμεινα
3328 4553 3418 4608 ἵνα
3479 4556 3685 4626 ποιήσῃ

2116 4648 2405 4716 σταφυλὴν,
2436 4647 2655 4717 ἐποίησε
2678 4646 2735 4699 δὲ
2761 4645 3017 4708 ἀκάνθας.
3045 4664 3063 4695 ι
3100 4675 3169 4685 —
3201 4663 3221 4696 ι
3252 4646 3450 4715 Ἀρχου
3475 4647 3685 4716 τρυγᾷν

2115 4737 2323 4807 σεαυτῷ
2362 4739 2419 4789 ἐν
2460 4736 2536 4807 τῷ
2570 4736 2916 4807 ἐπιστρέφειν
2945 4754 3009 4806 με
3041 4736 3140 4808 τὴν
3170 4736 3541 4807 αἰχμαλωσίαν
3584 4738 3685 4791 τοῦ

2117 4830 2244 4882 λαοῦ
2281 4847 2409 4900 μου,
2430 4832 2486 4882 ἐν
2513 4830 2592 4900 τῷ
2623 4830 2803 4883 ἰᾶσθαί
2828 4847 2895 4901 με
2924 4830 3015 4883 τὸν
3054 4830 3288 4900 Ἰσραήλ.
3330 4848 3348 4879 ι
3378 4830 3540 4881 ’Ὥστε
3575 4830 3686 4883 δεῖν

2120 4923 2247 4991 ὑμῖν
2276 4922 2434 4976 πάλιν
2463 4922 2655 4994 ἐτέρας
2683 4923 2874 4993 ἀρχῆς,
2906 4923 2973 4993 ἢν
2996 4922 3062 4975 δι’
3099 4920 3537 4992 ὑπερϐάλλουσαν
3566 4921 3689 4991 φιλ·

2119 5013 2430 5084 ανθρωπίαν
2466 5014 2575 5082 ἐγὼ
2609 5014 2850 5085 παρέξω,
2886 5016 2950 5067 ἐκ
2981 5015 3081 5085 τῆς
3109 5014 3480 5086 αἰχμαλωσίας
3538 5014 3686 5084 ὑμᾶς

2124 5108 2274 5179 παρὰ
2305 5108 2484 5160 πᾶσαν
2516 5106 2861 5177 ἀνθρωπίνην
2908 5106 3195 5173 ἐπανάγων
3224 5104 3411 5158 ἐλπίδα
3434 5121 3447 5135 ·
3472 5103 3596 5156 τότε
3622 5103 3688 5174 δὴ

2121 5199 2309 5252 λοιπὸν
2348 5200 2484 5271 πρὸς
2516 5199 2576 5252 τὸ
2614 5201 2860 5268 κρεῖττον
2890 5199 3020 5268 ὁρᾷν
3060 5197 3321 5261 ἐθέλοιτε,
3354 5194 3527 5267 ἀρχῆς
3556 5194 3690 5264 ὑμῖν

456 5293 646 5365 ἐτέρας
676 5292 887 5362 δεήσει’
922 5294 1008 5346 ἵνα
1045 5292 1145 5347 κᾶν
1168 5291 1300 5362 γοῦν
1331 5292 1437 5344 τῶν
1480 5292 1598 5343 τότε
1633 5292 1847 5363 δωρεῶν
1897 5294 2275 5364 αἰσχυνθέντες
2323 5295 2384 5347 τὸ
2442 5293 2687 5365 μέγεθος,
2722 5294 2848 5363 περὶ
2901 5292 2999 5363 τὴν
3048 5291 3141 5345 τοῦ
3200 5291 3504 5362 κρείττονος
3556 5289 3688 5341 ἐαυ-

453 5389 579 5451 τοὺς
617 5386 927 5457 ἐπιμέλειαν
965 5387 1198 5458 τρέψητε
1254 5386 1345 5439 τοῦ
1380 5385 1598 5449 λοιποῦ,
1646 5386 1764 5440 τότε
1801 5387 1897 5449 μὲν
1929 5388 2194 5458 δήτοῦτο,
2226 5392 2409 5461 φησὶν,
2462 5392 2630 5442 ποιεῖν
2661 5391 2785 5458 ὑμῖν
2816 5388 3053 5451 ἐξέσται·
3087 5385 3147 5437 τὸ
3192 5384 3298 5452 γὰρ
3331 5400 3350 5433 ι
3403 5382 3631 5452 Ἀρχου,
3665 5397 3685 5430 ι

455 5477 600 5545 λέγει
630 5478 749 5530 ἀντὶ
783 5476 899 5541 τοῦ,
932 5475 1229 5545 ’Ᾱρξασθαι
1270 5478 1473 5549 δυνήσῃ
1496 5518 1509 5540 ,
1544 5476 1821 5546 βουληθείς
1852 5478 1987 5549 πρὸς
2011 5481 2070 5532 τὸ
2102 5480 2216 5533 δέον
2250 5482 2389 5534 ἰδεῖν.
2435 5480 2547 5533 Νῦν
2580 5480 2635 5532 δὲ
2671 5480 2721 5531 τί
2739 5496 2753 5542 ;

524 5605 570 5636 "
607 5601 741 5663 Gen.
773 5619 958 5669 xxxrv,
989 5603 1059 5657 27
1088 5620 1209 5676 sqq.
1320 5606 1365 5638 ”
1404 5604 1506 5660 Isa.
1544 5621 1598 5665 v,
1632 5604 1686 5658 4.

530 5714 609 5786 (8)
644 5713 867 5770 Videtur
901 5714 951 5768 dt
972 5729 1091 5770 esse
1139 5717 1211 5785 μή
1242 5753 1255 5776 ,
1287 5715 1369 5769 vel
1401 5712 1748 5771 scribendum
1782 5730 1911 5771 esse
1934 5712 2076 5767 ὅτ’ἃν
2109 5710 2262 5767 εἶδον.
