3906 6208
236 272 346 329 165

872 389 1028 444 ΚΕΦ.
1059 391 1131 446 Ζ’.

313 523 469 592 Στιχ.
508 520 645 576 αὐδ.
677 551 752 566 --
789 542 810 576 ι
867 525 975 579 Καὶ
1004 527 1510 602 ἀποκαλυφθήσεται
1558 531 1592 602 ἡ
1628 530 1809 586 ἀδικία

259 611 534 684 Ἕφραῖμ,
569 612 667 667 καὶ
701 614 738 685 ἡ
775 616 945 669 κακία
986 618 1332 690 Σαμαρείας,
1376 622 1458 674 ὃτι
1490 623 1809 693 εἰργάσαντο

242 706 436 776 ψευδῆ.
468 724 486 756 ι
502 705 776 776 Πρόδηλος
798 706 1000 761 ἅπασιν
1025 711 1058 781 ἠ
1082 711 1390 783 παρανομία
1406 714 1470 783 ἢν
1491 714 1807 783 είργάζεσθε

242 799 516 863 ἅπαντες,
547 799 645 852 καὶ
672 800 758 852 ὅτι
804 800 1135 865 ἀποστάντες
1172 820 1271 873 μου
1293 844 1308 869 ,
1343 803 1480 874 πρὸς
1522 804 1581 856 τὸ
1616 804 1807 874 ψεῦδος

242 894 476 963 ἑωρᾶτε,
500 894 579 963 (p.
610 894 701 960 50)
738 892 828 945 διά
866 892 966 963 τῆς
994 894 1264 965 τιμωρίας
1289 895 1357 965 ἢν
1383 895 1698 966 ὑπομενεῖτε
1735 896 1808 948 δι-

242 984 419 1046 καίως
456 984 590 1053 ὑπὲρ
618 977 695 1036 ὧν
732 985 1088 1054 παρενομεῖτε
1116 983 1339 1038 τοιαῦτα
1357 1003 1371 1017 ·
1400 985 1540 1051 πῶς,
1575 986 1669 1040 καὶ
1688 986 1806 1039 τίνα

244 1076 342 1127 τὸν
358 1076 559 1146 τρόπον
581 1092 595 1137 ;
620 1093 638 1124 ι
672 1075 783 1128 Καὶ
817 1074 1051 1144 κλέπτης
1078 1074 1212 1146 πρὸς
1238 1076 1398 1129 αὐτὸν
1426 1076 1804 1144 εἰσελεύσεται,

243 1164 574 1219 ἑκδιδύσκων
600 1164 802 1235 λῃστὴς
832 1165 889 1215 ὲν
908 1167 972 1234 τῇ
1001 1164 1101 1235 ὁδῷ
1128 1165 1315 1227 αὑτοῦ,
1344 1167 1490 1229 ὅπως
1513 1168 1806 1237 συνᾴδωσιν

242 1256 467 1326 ᾄδοντες
499 1256 553 1305 ὲν
587 1257 654 1323 τῇ
708 1253 908 1323 καρδίᾳ
947 1254 1144 1306 αὐτῶν.
1197 1272 1215 1305 ι
1272 1254 1359 1317 Ὠς
1387 1254 1495 1324 γὰρ
1534 1255 1599 1308 ἂν
1636 1256 1688 1308 εἴ
1722 1274 1807 1320 τις

242 1346 546 1416 κλέπτηςῆ
576 1343 776 1416 λῃστὴς
820 1345 879 1396 ὲν
909 1343 1012 1414 6δῴ
1057 1362 1187 1397 ποτε
1218 1345 1521 1416 περιτυχὼν
1539 1345 1809 1399 ὲκδύσειεν

236 1439 369 1499 τοὺς
402 1437 820 1506 προστυχόντας,
845 1436 938 1489 καὶ
968 1438 1046 1499 είς
1069 1437 1244 1489 οἰκίαν
1259 1437 1509 1490 εἰσελθὼν
1529 1436 1596 1490 τά
1621 1438 1806 1490 ἐνόντα

235 1527 430 1581 λάϐοι·
481 1525 646 1587 οὕτω,
693 1527 874 1596 φησὶν,
923 1526 1239 1590 ἐπελθόντες
1291 1530 1420 1599 ὑμῖν
1465 1530 1514 1582 οί
1562 1530 1805 1599 πολέμιοι

238 1619 457 1672 ἃπαντα
483 1619 556 1671 τά
586 1635 647 1670 τε
674 1618 793 1671 κατ’
838 1619 1014 1670 οἰκίαν
1046 1619 1115 1673 τά
1136 1635 1196 1671 τε
1226 1618 1329 1685 ἔξω
1365 1621 1635 1689 προσόντα
1677 1623 1805 1691 ὑμῖν

240 1708 522 1779 αἱροῦσιν,
562 1709 634 1761 τὰ
676 1707 774 1777 μὲν
809 1708 1198 1779 ἀφαιροῦντες,
1237 1711 1305 1763 τά
1350 1710 1407 1762 δὲ
1457 1711 1805 1779 ἀφανίζοντες

240 1799 555 1860 παντελῶς·
604 1799 744 1851 ῶστε
786 1799 1030 1862 ἅπαντας
1080 1801 1224 1871 ὑμᾶς
1252 1802 1358 1855 ὑπὸ
1384 1804 1483 1875 τῆς
1525 1810 1804 1878 συμφορᾶς

234 1889 675 1959 κατεχομένους,
706 1889 925 1959 ᾅσματα
972 1889 1170 1960 θρήνου
1212 1892 1382 1961 μεστά
1423 1893 1562 1947 κατά
1611 1894 1804 1948 ταυτὸν

232 1979 404 2049 ᾅδειν,
436 1979 810 2047 ὀδυνωμένους
832 1995 890 2030 τε
920 1980 1058 2033 κατά
1084 1980 1309 2051 καρδίαν
1332 1982 1425 2035 ἐπὶ
1452 1986 1562 2047 τοῖς
1584 1984 1803 2055 γινομέ-

232 2089 381 2134 νοις,
417 2072 515 2122 καὶ
553 2071 982 2140 ὀλοφυρομένους
1033 2071 1099 2124 δι’
1135 2072 1501 2144 όλοφυρτικῶν
1545 2076 1804 2146 ῥημάτων

231 2165 324 2216 ἐπὶ
359 2162 442 2234 τῷ
496 2162 713 2232 μεγέθει
763 2162 872 2214 τῶν
910 2163 1198 2233 συμφορῶν
1241 2166 1351 2219 τῶν
1393 2166 1803 2237 συμϐαινουσῶν

230 2254 383 2323 ῠμῖν.
425 2272 444 2302 ι
481 2252 600 2305 Νῦν
631 2251 939 2305 ὲκὺκλωσεν
969 2253 1164 2316 αὐτοὺς
1188 2254 1255 2307 τά
1281 2254 1560 2309 διαϐούλια
1602 2258 1800 2323 αὐτῶν,

230 2344 498 2396 ἀπέναντι
535 2341 630 2394 τοῦ
664 2341 955 2413 προσώπου
1004 2359 1100 2411 μου
1136 2344 1399 2411 ἐγένοντο.
1448 2365 1467 2393 ι
1526 2346 1802 2401 Ἁπάντων

228 2432 295 2503 δὴ
328 2431 443 2484 τῶν
474 2432 616 2501 μετά
643 2431 844 2502 πολλῆς
867 2433 1044 2486 αὐτῶν
1067 2433 1555 2504 ὲπιτετελεσμὲνων
1573 2437 1672 2507 τῆς
1701 2455 1801 2491 κα-

233 2526 354 2587 κίας
410 2525 640 2593 μνήμην
693 2524 893 2587 λαϐὼν,
946 2526 1220 2597 περιϐαλῶ
1281 2527 1558 2598 μεγίστοις
1607 2529 1800 2594 αὐτοὺς

232 2614 418 2676 κακοῖς
434 2629 448 2642 °
477 2613 747 2680 ἀνάλογον
770 2607 850 2675 οἷς
875 2612 1243 2684 βουλευόμενοι
1269 2616 1406 2684 μετά
1428 2616 1632 2686 πολλῆς
1657 2620 1802 2673 ἀναι-

233 2703 375 2764 δείας
408 2704 500 2756 ἐπ’
532 2702 689 2771 ὕψεσι
729 2702 1106 2773 διεπράττοντο
1137 2707 1254 2768 ταῖς
1286 2708 1463 2774 ἐμαῖς.
1494 2723 1514 2757 ι
1560 2706 1648 2759 Ἑν
1679 2710 1801 2771 ταῖς

236 2794 452 2857 κακίαις
465 2791 583 2862 ηὖφ
591 2809 754 2862 ραναν
773 2792 1026 2862 βασιλεῖς,
1050 2795 1145 2847 καί⁵
1165 2795 1222 2847 ὲν
1239 2798 1349 2859 τοῖς
1362 2796 1608 2865 ψεύδεσιν
1623 2798 1801 2851 αὐτῶν

236 2885 524 2956 ἄρχοντας.
562 2904 582 2934 ι
610 2894 688 2953 (p.
716 2884 807 2951 5|)
834 2886 994 2937 Ὥστε
1028 2886 1225 2957 πολλὴν
1260 2890 1372 2951 τοῖς
1397 2890 1656 2953 ἐναντίοις
1691 2893 1799 2944 εἴτε

236 2974 548 3045 βασιλεῦσιν
567 2975 679 3026 εἴτε
706 2976 961 3045 ἄρχουσιν
976 2975 1165 3047 ἡδονὴν
1193 2975 1526 3045 ἐγγενέσθαι,
1554 2976 1603 3030 οἳ
1630 2995 1799 3031 κατα-

1260 276 1805 339 COMMENTARIUS
1839 278 2142 341 lN_OSEA§
2178 280 2332 337 CAP.
2359 282 2471 338 VII.

1832 403 1882 458 Α

2492 393 2717 452 CAPUT
2757 394 2865 451 VII.

1969 523 2460 596 33νειιε.1-4.-ι
2473 527 2537 584 Et
2550 530 2873 585 revelabitur
2889 527 3145 599 iniquitas
3161 529 3459 600 Epitraimi,

1902 624 1956 671 et
1994 616 2250 673 Samaria:
2272 619 2494 683 malitia.
2517 621 2642 690 quia
2666 621 2869 690 cperati
2891 629 3021 675 sunt
3045 621 3404 676 mendacium.
3436 640 3456 674 ›

1903 709 2076 772 Quam
2113 709 2413 778 operamini
2450 725 2640 765 omnes
2674 711 2968 781 nequitiam
2993 750 3009 775 ,
3039 711 3166 765 dum
3195 726 3225 765 a
3255 728 3339 767 me
3376 713 3463 766 di-

1901 800 2075 868 gressi
2109 800 2177 853 ad
2208 800 2551 855 mendacium
2581 804 2838 871 spectatis
2860 844 2873 868 ,
2910 817 2973 856 ea
3005 800 3289 858 manifesta
3323 820 3461 858 cun-

1902 891 2006 945 ctis
2054 891 2144 945 ﬂet
2194 906 2224 945 a
2282 907 2476 961 pmna,
2510 908 2672 963 quam
2724 895 2920 949 merito
2972 895 3043 950 ob
3093 894 3206 949 haec
3260 894 3462 966 ﬂagitia

1903 981 2082 1036 luetis.
2111 982 2280 1047 Quam
2318 985 2387 1038 ob
2426 1000 2571 1048 rem,
2612 992 2706 1039 aut
2744 987 3050 1055 quomodo?
3076 1006 3094 1038 ι
3123 986 3189 1041 Et
3239 986 3327 1041 fur
3374 989 3460 1043 in—

1904 1071 2175 1139 gredietur
2214 1072 2280 1125 ad
2315 1089 2459 1139 eum,
2492 1075 2630 1128 latro
2660 1077 2899 1144 spoliatis
2932 1077 2985 1130 in
3025 1078 3129 1143 via,
3176 1088 3235 1132 ut
3273 1079 3462 1133 conci-

1904 1168 2035 1214 nant
2087 1171 2341 1218 canentes
2389 1165 2442 1217 in
2496 1165 2659 1220 corde
2705 1180 2823 1221 suo.
2858 1186 2877 1218 ι
2902 1166 3036 1221 Nam
3064 1168 3230 1223 veluti
3261 1169 3307 1224 si
3336 1171 3463 1239 quis

1902 1243 1993 1298 fur
2028 1253 2120 1299 aut
2160 1248 2294 1301 latro
2334 1248 2387 1303 in
2425 1250 2510 1302 via
2550 1252 2838 1321 aliquando
2884 1269 3179 1311 occurrens
3222 1257 3462 1313 viatores

1902 1338 2117 1407 Spoliet,
2155 1347 2208 1394 et
2241 1340 2383 1396 :edes
2422 1342 2720 1411 ingressus,
2762 1360 2872 1400 rem
2913 1346 3262 1402 domesticam
3310 1349 3463 1404 aufe-

1904 1435 1987 1481 rat
2014 1446 2029 1483 :
2065 1432 2143 1485 sic
2163 1469 2178 1494 ,
2210 1432 2417 1501 inquit,
2450 1438 2892 1504 supervenientes
2918 1439 3070 1493 vobis
3100 1439 3314 1504 hostes,
3343 1456 3463 1494 om-

1902 1519 1993 1573 nia
2040 1536 2161 1591 quae
2209 1524 2323 1578 sive
2355 1523 2500 1578 domi
2539 1527 2653 1581 sive
2686 1537 2838 1583 extra
2874 1531 3161 1600 possidetis
3211 1533 3457 1602 capient.

1903 1611 2099 1679 partim
2130 1626 2467 1683 asportantes
2488 1657 2502 1681 ,
2538 1620 2730 1687 partim
2765 1620 3008 1677 funditus
3031 1631 3412 1680 consumentes
3439 1642 3459 1693 ;

1906 1700 1978 1755 ita
2030 1711 2088 1757 ut
2135 1721 2228 1760 vos
2281 1721 2469 1763 omnes
2520 1710 2825 1767 calamitate
2889 1715 3099 1783 pressi,
3162 1715 3459 1772 cantilenas

1903 1790 2137 1848 lamento
2178 1796 2365 1865 plenas
2409 1799 2571 1854 simul
2617 1802 2951 1869 concinatis,
3000 1820 3123 1859 cum
3170 1808 3459 1876 gemitibus

1903 1884 2084 1939 cordis
2115 1886 2185 1941 ob
2217 1887 2526 1957 huiusmodi
2554 1900 2804 1946 eventum
2824 1933 2839 1957 ,
2867 1903 2922 1947 et
2948 1909 3072 1949 cum
3102 1897 3252 1951 vocis
3279 1899 3455 1952 ulula-

1900 1974 2082 2037 tibus,
2124 1985 2346 2045 propter
2382 1978 2805 2036 infortumorum
2843 1984 3162 2052 gravitatem
3202 2003 3321 2057 quae
3359 2005 3457 2045 vos

1901 2066 2327 2135 corripuerunm
2338 2067 2493 2123 Nunc
2507 2067 2974 2127 circumdederunt
2987 2086 3081 2131 eos
3103 2077 3458 2147 cogitationes

1901 2167 2051 2219 suae;
2083 2167 2265 2209 coram
2302 2154 2439 2210 facie
2475 2171 2593 2210 mea
2626 2159 2783 2214 factae
2816 2171 2962 2216 sunt.
2993 2181 3011 2214 ι
3040 2163 3156 2217 Jam
3190 2182 3316 2220 vero
3342 2183 3460 2221 om-

1901 2244 2049 2297 nium
2088 2246 2156 2299 ab
2203 2246 2337 2316 ipsis
2376 2254 2711 2317 patratorum
2750 2252 3008 2307 malitiam
3047 2254 3101 2309 in
3142 2258 3457 2311 memoriam

1900 2346 2161 2387 revocans
2180 2376 2196 2397 ,
2221 2335 2476 2403 gravibus
2499 2352 2594 2393 eos
2615 2340 2773 2395 malis
2800 2341 3038 2396 irretiam
3067 2360 3082 2410 ;
3116 2345 3306 2398 merito
3333 2347 3458 2415 qui-

1900 2421 2019 2476 dem
2053 2436 2270 2493 propter
2299 2428 2521 2483 multam
2554 2445 2661 2499 qua
2695 2447 2803 2501 prae
2838 2435 3012 2489 oculis
3048 2438 3180 2490 meis
3220 2438 3290 2489 ita
3330 2453 3457 2507 ege-

1900 2522 2028 2567 runt
2065 2514 2473 2585 impudentiam.
2508 2539 2527 2571 ι
2557 2520 2933 2592 lniquitatibus
2985 2526 3100 2580 suis
3152 2527 3457 2583 laetiﬁcave-

1899 2612 2027 2657 runt
2078 2621 2270 2676 reges,
2323 2609 2618 2667 mendaciis
2666 2614 2780 2668 suis
2835 2616 3121 2686 principes.
3164 2635 3181 2668 ι
3220 2617 3458 2689 Contigit

1898 2696 2061 2760 enim,
2086 2705 2144 2751 ut
2174 2698 2299 2753 hinc
2328 2702 2550 2754 multam
2582 2710 2694 2756 tum
2726 2719 2879 2774 reges
2912 2717 3024 2760 tum
3061 2708 3333 2778 principes
3360 2723 3457 2764 ca-

1899 2796 2086 2857 perent
2109 2790 2467 2861 voluptatem;
2489 2795 2581 2863 qui
2618 2795 2820 2850 ideirco
2847 2812 2941 2852 eos
2971 2800 3327 2869 superabunt,
3364 2816 3458 2855 ca-

1898 2882 2181 2954 ptivosque
2230 2885 2529 2953 abducent,
2584 2900 2803 2961 prepter
2852 2900 3073 2960 peccata
3126 2893 3457 2950 adamussim

1899 2989 2019 3042 qua:
2046 2976 2479 3043 commiserunt;
2515 2987 2569 3032 et
2614 2984 2740 3048 quia
2784 2982 3011 3036 scientia
3067 2982 3168 3037 mei
3220 2986 3457 3049 omissa,

235 3065 566 3137 κρατήσουσι
580 3081 643 3116 τε
665 3065 842 3116 αὐτῶν
862 3066 956 3117 καὶ
969 3063 1341 3135 αἰχμαλώτους
1354 3065 1633 3137 λήψονται,
1659 3068 1798 3138 ὑπὲρ

1902 3062 2095 3118 falsum
2138 3074 2191 3119 et
2225 3066 2625 3125 fraudulentum
2660 3071 2963 3127 daemonum
3012 3075 3213 3129 cultum
3250 3077 3461 3132 ascive-

236 3152 305 3211 ὧν
330 3174 388 3210 τε
415 3155 809 3226 διεπράττοντο
826 3154 1008 3208 κακῶν
1030 3173 1043 3185 ο
1065 3157 1156 3209 καὶ
1176 3156 1257 3209 ὃτι
1278 3156 1341 3227 δὴ
1364 3158 1461 3227 τὴν
1489 3157 1626 3228 ἐμὴν
1648 3158 1802 3227 ἀφὲν.

237 3267 320 3313 τες
337 3250 563 3317 γνῶσιν,
575 3247 676 3318 τὴν
688 3248 855 3318 ψευδῆ
876 3250 965 3301 καὶ
980 3248 1259 3318 ἀπατηλήν
1273 3248 1380 3301 τῶν
1392 3249 1658 3319 δαιμόνων
1673 3268 1800 3321 μετ-

235 3340 397 3411 ῄεσαν
431 3339 758 3411 θρησκείαν.
787 3358 803 3389 ι
844 3338 1050 3401 Πάντες
1090 3338 1426 3409 μοιχεύοντες
1453 3339 1529 3403 ώς
1555 3339 1801 3405 κλίϐανος

238 3435 527 3504 καιόμενος
556 3434 642 3494 είς
674 3430 856 3498 πέψιν.
902 3450 920 3481 ι
957 3429 1265 3500 Συμφώνως
1302 3430 1409 3502 γὰρ
1435 3431 1668 3495 ἅπαντες
1700 3432 1801 3502 τῆς

237 3526 484 3593 γνώσεως
507 3522 844 3582 ἀποστάντες
881 3522 978 3589 τῆς
1003 3522 1141 3592 ἐμῆς
1159 3523 1407 3593 μοιχικήν
1433 3538 1554 3577 τινα
1577 3523 1799 3594 γνώμην

240 3614 581 3678 ἀνεδέξαντο,
634 3613 766 3682 πρὸς
809 3613 907 3681 τὴν
956 3611 1064 3664 τῶν
1106 3611 1372 3683 δαιμόνων
1416 3613 1799 3678 ἁποκλίναντες

241 3708 531 3778 θεραπείαν
552 3723 568 3738 ο
600 3706 693 3759 καὶ⁸
713 3705 866 3775 δίκην
894 3704 1144 3757 κλιϐάνου
1179 3704 1313 3773 πρὸς
1338 3704 1499 3774 πέψιν
1525 3706 1798 3760 ἐκκεκαυ-

243 3800 395 3869 μένου
415 3838 432 3861 ,
465 3796 609 3868 μετά
645 3794 854 3867 θερμῆς
893 3812 1034 3859 τινος
1068 3795 1167 3864 τῆς
1203 3795 1508 3866 προθυμίας
1538 3796 1674 3867 πρὸς
1698 3798 1797 3867 τὴν

241 3890 532 3944 ἀκολασίαν
567 3888 821 3959 ῥέποντες
855 3886 1088 3958 ἐκείνην.
1146 3905 1165 3937 ι
1220 3885 1571 3940 Κατακαύσει
1602 3888 1798 3953 αὐτοὺς

241 3983 340 4034 ἀπὺ
378 3984 483 4052 τῆς
532 3981 747 4049 φλογός.
803 3997 822 4030 ι
880 3979 1037 4031 Ἀλλά
1069 3977 1177 4050 γὰρ
1202 3978 1260 4045 ἐξ
1290 3979 1459 4048 αὐτῆς
1500 3979 1557 4032 δὲ
1599 3980 1799 4050 ταύτης

242 4070 780 4139 καταναλωθήσονται
821 4068 921 4137 τῆς
962 4068 1203 4138 γνώμης.
1251 4087 1272 4118 ι
1346 4069 1476 4121 ’Δπὸ
1515 4071 1797 4139 φυράσεως

244 4164 456 4227 στέατος
503 4163 609 4224 ἓως
647 4160 740 4212 τοῦ
787 4158 1099 4231 ζυμωθῆναι
1146 4158 1275 4212 αὐτὸ
1318 4158 1459 4221 ὅλον,
1495 4161 1549 4212 ai
1597 4161 1797 4231 ἡμέραι

242 4255 341 4305 τῶν
373 4251 642 4322 βασιλέων
671 4250 846 4318 ὑμῶν.
900 4270 919 4301 ι
970 4251 1056 4313 Ὠς
1094 4248 1201 4320 γὰρ
1234 4250 1281 4301 εί
1324 4250 1483 4312 στέας
1510 4249 1711 4319 ληφθέν
1739 4268 1796 4303 τε

240 4344 327 4395 καὶ
373 4340 647 4411 ἐμϐληθὲν
682 4339 894 4410 ἀλεύρῳ
930 4339 1092 4408 ζυμοῖ
1131 4356 1189 4390 τε
1234 4339 1326 4391 καὶ
1378 4338 1690 4390 ὲναποτελεῖ
1736 4339 1796 4392 τὸ

1902 3165 2047 3210 runt.
2080 3175 2098 3208 ι
2127 3157 2327 3214 Omnes
2352 3159 2716 3218 adulterantes
2735 3202 2750 3227 ,
2775 3165 2931 3232 quasi
2958 3164 3204 3220 clibanus
3233 3182 3459 3221 succen-

1897 3263 1995 3311 sus
2031 3248 2096 3302 ad
2131 3252 2489 3319 coquendum.
2522 3272 2539 3303 ι
2568 3251 2919 3307 Coneorditer
2953 3270 3141 3310 omnes
3173 3271 3201 3309 a
3232 3257 3460 3312 scicntia

1899 3340 2003 3395 mei
2035 3341 2347 3396 recedentes
2367 3383 2380 3406 ,
2408 3344 2762 3399 adulterinam
2792 3346 2955 3399 veluti
2984 3348 3305 3401 sententiam
3338 3364 3458 3404 sus-

1898 3440 2160 3500 ceperunt
2197 3431 2263 3484 ad
2310 3432 2611 3488 daemonum
2647 3437 2850 3489 cultum
2888 3434 3194 3491 declinandi
3224 3457 3239 3505 ;
3290 3440 3458 3493 cliba-

1897 3522 2063 3591 nique
2096 3522 2268 3576 instar
2305 3522 2371 3577 ad
2409 3527 2751 3594 coquendum
2789 3526 2897 3598 34
2933 3530 3211 3592 succensi,
3255 3530 3459 3585 fervido

1897 3615 2130 3683 quodam
2174 3616 2339 3669 animi
2379 3617 2579 3687 impetu
2617 3619 2682 3672 ad
2726 3618 2858 3672 illud
2898 3618 3156 3688 ﬂagitium
3208 3621 3460 3675 decurre-

1898 3713 2043 3760 runt.
2073 3722 2091 3754 ι
2124 3702 2324 3759 Exuret
2356 3721 2451 3759 eos
2487 3707 2538 3758 in
2573 3706 2807 3759 ﬂamma.
2848 3725 2864 3756 ι
2897 3706 3001 3759 Sed
3031 3708 3172 3760 enim
3210 3706 3309 3761 hoc
3342 3709 3460 3778 ipso

1897 3794 2127 3849 consilio
2160 3810 2259 3849 suo
2290 3804 2699 3851 consumentur.
2730 3815 2748 3847 ι
2779 3795 3065 3851 Fcrmento
3098 3797 3298 3851 arvina
3319 3839 3332 3861 ,
3360 3799 3459 3851 do-

1898 3904 1997 3943 nec
2030 3889 2383 3943 fermentetur
2432 3897 2601 3941 totum
2625 3927 2640 3952 ,
2688 3888 2805 3943 dies
2846 3903 3030 3957 regum
3078 3896 3400 3943 vestrorum.
3435 3909 3454 3941 ι

1902 3978 2075 4034 Veluti
2106 3979 2150 4034 si
2186 3979 2309 4048 quis
2344 3986 2610 4046 sumptam
2647 3978 2886 4030 arvinam
2929 3978 2981 4029 in
3017 3975 3244 4030 farinam
3282 3977 3456 4046 conji-

1899 4070 2007 4123 ciat
2030 4107 2045 4128 ,
2083 4076 2193 4121 tota
2227 4069 2341 4121 haec
2374 4066 2749 4128 fenuentalur,
2787 4073 2841 4118 et
2884 4064 3189 4119 universam
3227 4081 3456 4119 massam

1897 4160 2104 4228 perﬁcit
2148 4160 2263 4213 :ita
2311 4175 2376 4213 ex
2416 4172 2525 4228 quo
2570 4156 2905 4227 illegitinmm
2957 4156 3059 4211 hoc
3098 4158 3458 4212 constituistis

1896 4265 2158 4319 regnum,
2216 4258 2373 4319 capto
2428 4250 2579 4302 initio
2632 4248 2727 4302 abs
2775 4246 3133 4311 Jeroboamo,
3188 4248 3239 4300 in
3296 4264 3457 4302 unam

1895 4339 2249 4409 eamdemque
2277 4339 2596 4395 sententiam
2627 4338 2810 4392 cuncti
2842 4338 3045 4406 pariter
3069 4339 3452 4408 conSpirastis.

240 4433 477 4502 σὸμπαν,
521 4431 693 4493 οὕτως
737 4430 881 4496 ἐξότε
911 4446 1015 4500 περ
1054 4430 1151 4499 τὴν
1201 4429 1513 4500 παράνομον
1558 4430 1758 4499 ταύτην
1812 4430 2214 4501 κατεστησασθε
2257 4429 2564 4499 βασιλείαν,
2626 4428 2734 4481 ἀπὸ
2783 4426 2876 4480 τοῦ
2936 4425 3214 4499 Ἰεροϐοάμ
3264 4427 3455 4482 λαϐόνο

234 4543 319 4587 τες
347 4526 445 4595 την
475 4524 672 4594 ἀρχὴν,
701 4521 834 4590 πρὸς
857 4520 951 4591 τὴν
988 4520 1155 4591 αὐτὴν
1199 4520 1421 4590 γνώμην
1445 4520 1544 4590 τῆς
1570 4520 1765 4584 κακίας
1794 4522 2029 4582 ἅπαντες
2055 4519 2306 4572 ὲνεύσατε
2328 4518 2546 4589 ὁμοίως.

302 4662 447 4731 Στίχ.
483 4659 622 4712 ε’-θ’.
653 4687 722 4699 ——
751 4676 768 4707 ι
812 4655 1077 4725 Ἤρξαντο
1109 4656 1364 4724 ἄρχοντες
1392 4654 1691 4726 θυμοῦσθαι
1736 4653 1794 4720 ἐξ
1833 4619 1875 4672 D

234 4755 394 4806 οἴνου.
442 4772 461 4802 ι
498 4751 565 4803 Οἵ
593 4767 651 4801 τε
676 4748 782 4818 γάρ
815 4748 1069 4818 ἄρχοντες
1103 4746 1282 4798 αὐτῶν
1333 4745 1523 4816 μέθαις
1544 4747 1637 4799 καὶ
1662 4748 1800 4799 οίνο-

238 4845 489 4912 σλυγξαις
536 4842 843 4911 προσεῖχον,
889 4837 1109 4909 ἀκράτῳ
1153 4837 1293 4889 κατα
1353 4836 1568 4890 πάντων
1620 4836 1693 4901 ὡς
1732 4840 1797 4891 ἐκ

237 4937 484 5003 τοιαύτης
533 4931 816 5001 παροινίας
848 4928 924 4999 τῷ
966 4928 1121 4999 θυμῷ
1152 4929 1499 4999 κεχρημένοι.
1536 4930 1631 5000 (p.
1679 4931 1793 5003 52)

246 5045 263 5077 ι
306 5025 605 5087 Ἑξὲτειναν
637 5021 732 5091 τὴν
761 5022 916 5090 χεῖρα
944 5018 1121 5071 αὐτῶν
1151 5020 1289 5088 μετὰ
1325 5018 1544 5087 λοιμῶν.
1599 5038 1616 5069 ι
1651 5021 1793 5091 Πρὸς

243 5111 549 5179 πλεονεξίαν
580 5111 785 5180 ἑώρων,
812 5108 1089 5161 κοινωνίαν
1118 5108 1356 5177 ἑλόμενοι
1390 5108 1523 5181 πρὸς
1554 5108 1796 5172 ἅπαντας

242 5208 361 5265 τοὺς
388 5201 810 5271 διεφθαρμένους
838 5199 929 5250 τὸν
951 5198 1168 5268 τρόπον.
1201 5218 1219 5250 ι
1252 5200 1393 5251 Διότι
1416 5199 1795 5268 ἁνεκαύθησαν

242 5294 313 5355 ώς
338 5295 585 5354 κλίϐανος
620 5294 675 5344 αἱ
715 5290 928 5361 καρδίαι
958 5290 1155 5353 αὐτῶν,
1184 5292 1241 5342 ἐν
1290 5291 1367 5361 τῷ
1394 5292 1737 5362 καταρράσσε
1749 5310 1795 5344 ιν

246 5385 433 5446 αὐτοὺς
493 5384 619 5451 ὅλην
662 5382 762 5453 τὴν
811 5383 1001 5433 νύκτα.
1044 5400 1064 5432 ι
1114 5380 1447 5446 Ἐξεκαίοντο
1494 5384 1603 5451 γάρ
1640 5381 1793 5451 δίκην

246 5472 491 5525 κλιϐάνου
522 5471 619 5541 τὴν
649 5471 885 5523 διάνοιαν
910 5471 971 5522 ὲκ
1004 5469 1103 5539 τῆς
1132 5468 1301 5539 μέθης
1330 5465 1395 5539 ἧς
1424 5470 1490 5523 δι’
1522 5470 1646 5539 ὅλης
1672 5471 1795 5522 ἐπε-

246 5565 455 5635 τήδευον
473 5563 571 5633 τῆς
593 5562 803 5625 νυκτός.
843 5580 863 5613 ι
899 5562 1105 5615 ’Ὕπνου
1146 5560 1385 5631 Ἐφραίμ
1409 5561 1739 5633 ἐνεπλήσθη.
1772 5581 1789 5614 ι

256 5656 337 5716 Ὠς
365 5658 425 5709 ἐκ
455 5656 621 5726 μέθης
652 5655 828 5708 τοίνυν
860 5653 1110 5723 τοιαύτης
1134 5651 1288 5723 δίκην
1318 5653 1423 5705 τῶν
1450 5651 1601 5721 ὕπνῳ
1640 5652 1797 5723 βαρεί

248 5748 650 5816 κατεχομένων,
703 5746 895 5800 οὐδένα
943 5744 1035 5798 τοῦ
1100 5745 1464 5815 προσήκοντος
1516 5742 1795 5797 ἐποιοῦντο

1971 4652 2137 4707 Vens.
2191 4651 2312 4707 5-9.
2354 4682 2425 4693 --
2470 4671 2488 4703 ι
2518 4652 2812 4724 Creperunt
2865 4654 3139 4724 principes
3196 4653 3375 4712 furere
3426 4672 3456 4710 ιι

1898 4743 2043 4797 vino.
2079 4762 2097 4794 ι
2131 4741 2412 4814 Principes
2458 4758 2646 4797 eorum
2697 4745 2933 4814 crapula:
2980 4753 3035 4800 et
3078 4746 3327 4800 ebrietati
3378 4747 3458 4801 in-

1897 4838 2187 4907 dulgebant
2208 4879 2222 4901 ,
2259 4838 2335 4892 ira
2369 4839 2652 4893 immodica
2686 4840 2947 4897 adversus
2976 4856 3163 4895 omnes
3201 4848 3455 4909 tanquam

1895 4930 2158 5000 crapulati
2189 4939 2418 4984 utentes.
2450 4948 2468 4980 ι
2499 4929 2865 4986 Extenderunt
2893 4947 3110 4985 manum
3144 4945 3298 4985 suam
3332 4944 3458 4985 cum

1894 5021 2291 5091 pestilentibus.
2320 5041 2337 5073 ι
2366 5021 2555 5075 Avara:
2602 5023 2883 5091 cupiditati
2931 5029 3164 5076 mentem
3212 5019 3459 5075 intende-

1903 5123 2029 5167 runt
2053 5154 2068 5177 ,
2104 5114 2235 5167 inita
2266 5128 2387 5167 cum
2424 5113 2670 5181 pessimis
2698 5112 2951 5166 omnibus
2980 5111 3259 5166 societate.
3287 5130 3306 5164 ι
3336 5112 3457 5167 Ideo

1901 5214 2221 5259 exarserunt
2278 5213 2337 5258 ut
2385 5204 2629 5259 clibanus
2682 5204 2842 5257 corda
2895 5216 3119 5265 eorum,
3170 5202 3297 5256 dum
3347 5211 3456 5258 tota

1902 5302 2059 5349 nocte
2095 5294 2387 5364 agitantur.
2421 5311 2439 5344 ι
2469 5293 2699 5349 Mentem
2738 5307 2887 5347 more
2918 5291 3117 5346 clibani
3156 5292 3458 5347 inﬂamma-

1901 5391 2009 5437 tam
2054 5384 2312 5453 gerebant
2358 5399 2388 5437 a
2436 5384 2654 5452 crapula
2678 5423 2693 5447 ,
2722 5382 2810 5435 cui
2840 5388 2950 5436 tota
2982 5389 3141 5436 nocte
3174 5390 3456 5438 vacarunt.

1903 5491 1922 5523 ι
1955 5473 2157 5528 Somno
2191 5476 2428 5542 repletus
2460 5484 2545 5529 est
2585 5474 2932 5544 prraimus.
2963 5493 2981 5526 ι
3010 5475 3155 5544 Ergo
3199 5481 3457 5542 tanquam

1896 5580 1961 5619 ex
1991 5567 2211 5634 crapula
2248 5566 2557 5636 hujusmodi
2593 5580 2783 5621 somno
2828 5566 2977 5638 gravi
3018 5566 3249 5635 correpti
3272 5603 3288 5629 ,
3335 5566 3460 5620 nul-

1896 5657 2003 5711 lius
2048 5657 2259 5712 honesti
2306 5658 2466 5713 oﬂicii
2498 5672 2683 5713 curam
2716 5660 2992 5729 gerebant.
3021 5676 3040 5710 ι
3070 5656 3224 5711 Mane
3257 5656 3459 5711 factum

1897 5757 2012 5816 est,
2046 5759 2098 5806 ct
2128 5764 2394 5807 succensa
2423 5758 2504 5807 est
2534 5753 2689 5820 quasi
2718 5753 2862 5821 ignis
2891 5753 2982 5807 lux
3008 5764 3023 5805 :
3055 5748 3301 5805 calefacti
3334 5761 3461 5807 sunt
