3906 6208
262 322 265 325 γ
350 237 451 293 £67

1505 238 1856 295 THEODORI
1904 241 2380 299 MOPSUESTEM

3471 244 3577 300 168

345 359 534 400 omnes
589 346 747 414 quasi
803 346 1054 401 clibanus
1109 346 1493 404 ardens.iDie
1546 350 1907 414 succedente,

2026 355 2189 421 ιόγον,
2230 374 2249 404 ι
2308 353 2459 425 Πρωῖ
2508 353 2769 424 ἐγενήθη,
2822 353 2914 406 καὶ
2961 352 3228 423 ἀνεκαύθη
3276 353 3351 417 ὡς
3401 356 3577 425 πυρὴ

348 452 540 491 rursus
588 437 643 490 in
686 436 872 492 eodem
922 454 1087 507 opere
1127 448 1321 504 erant,
1348 441 1507 510 quasi
1553 442 1674 513 igne
1708 444 1918 497 inﬂam-

346 529 475 580 mati
499 567 514 591 ,
550 534 602 580 et
632 528 789 596 quasi
821 528 1067 584 clibanus
1097 530 1375 596 calcfacti,
1410 540 1574 601 atque
1620 532 1688 586 ad
1736 533 1915 603 turpia

350 620 491 672 facta
531 620 759 674 inritati.
789 639 807 671 ι
839 620 901 675 Ει
934 622 1076 691 ignis
1106 622 1383 677 devoravit
1410 624 1627 692 jndices
1658 639 1868 679 eorum.
1897 644 1915 676 υ

349 712 593 766 Meritatn
633 727 762 781 ergo
794 728 1007 782 pmnam
1042 714 1314 769 sustinent
1339 754 1355 777 ,
1388 714 1516 768 (lum
1566 715 1675 783 igni
1724 716 1919 779 veluti,

349 804 663 873 quicunque
695 803 834 872 apud
873 819 968 858 eos
1002 807 1334 873 regnabant,
1366 804 1548 859 hostili
1583 814 1709 860 sunt
1738 807 1921 860 traditi

350 896 503 950 cazdi.
533 914 550 945 ι
575 894 767 949 Cuncti
818 910 972 964 reges
1016 910 1204 949 eorum
1250 896 1583 952 ceciderunt.
1614 915 1632 948 ι
1664 896 1837 950 Exitio
1871 906 1925 951 et

351 988 481 1040 εωάί
511 1000 699 1039 omnes
730 984 1032 1039 tradentur.
1062 983 1213 1039 Cur?
1238 1004 1255 1035 ι
1281 985 1452 1040 Nemo
1477 995 1597 1040 erat
1625 987 1769 1040 inter
1793 1001 1887 1043 eos
1907 1027 1921 1050 ,

351 1078 442 1146 qui
489 1077 766 1130 invocaret
816 1092 922 1133 me.
953 1096 972 1128 ι
1001 1077 1139 1143 Quia
1189 1092 1295 1130 una
1346 1087 1524 1133 mente
1568 1086 1757 1143 erant,
1802 1078 1925 1131 nul-

353 1168 571 1235 lumque
615 1181 839 1234 prorsus
887 1167 1086 1220 habere
1135 1168 1241 1220 mei
1291 1176 1596 1236 respectum
1649 1167 1920 1222 volebant.

358 1275 375 1306 ι
406 1255 729 1325 Epliraimus
775 1254 1095 1309 commistns
1141 1262 1224 1309 est
1278 1255 1513 1324 populis.
1546 1274 1564 1305 ι
1596 1253 1710 1308 Hoc
1756 1254 1920 1309 etiam

353 1347 542 1400 beatus
586 1347 917 1414 improperat
960 1345 1160 1407 David,
1195 1345 1423 1400 dicens:
1454 1362 1471 1395 ι
1498 1343 1783 1400 Commisti
1816 1344 1921 1414 35

354 1446 480 1491 sunt
509 1437 647 1489 inter
674 1445 859 1506 gentes
884 1435 951 1487 ³³.
987 1455 1003 1487 ι
1030 1436 1383 1491 Interdietum
1408 1437 1606 1505 quippe
1633 1451 1727 1505 per
1752 1436 1921 1506 legem

354 1530 434 1585 eis
478 1529 702 1584 omnino
733 1539 884 1594 erat,
915 1530 1208 1599 quominus
1242 1529 1564 1599 alienigenis
1600 1530 1924 1584 commisce-

356 1629 579 1688 rentur;
608 1621 834 1690 ideoque
860 1622 911 1673 id
936 1621 1130 1675 merito
1162 1621 1249 1675 hic
1278 1622 1440 1675 etiam
1473 1620 1580 1676 illis
1608 1621 1918 1689 exprobrat.

362 1731 381 1763 ι
410 1711 733 1782 Ephraitnus
781 1712 958 1765 factus
1008 1719 1091 1765 est
1140 1711 1540 1767 subcinerieius
1590 1713 1779 1781 panis,
1828 1716 1918 1782 qui

356 1817 463 1855 non
500 1810 828 1856 reversatnr.
859 1820 877 1851 ι
904 1799 1050 1853 Adeo
1087 1800 1441 1855 inconversus
1476 1802 1530 1855 in
1573 1802 1760 1856 eadem
1800 1818 1926 1872 per-

364 1894 566 1946 mansit
603 1894 839 1959 malitia,
877 1892 1017 1946 sicut
1050 1892 1139 1946 ille
1184 1908 1403 1946 manere
1450 1894 1587 1948 solet
1631 1893 1926 1949 immobilis

357 1984 415 2036 in
449 1999 775 2053 quocunque
824 1984 1047 2052 ponitur
1093 1984 1232 2039 loco.
1285 2001 1304 2035 ι
1352 1983 1718 2040 Comederunt
1765 1986 1927 2042 alieni

357 2074 526 2127 robur
569 2074 709 2141 ejus.
739 2093 758 2126 ι
789 2072 1034 2129 Sustinet
1082 2090 1210 2143 ergo
1257 2073 1497 2128 debitam
1547 2075 1922 2145 punitionem:

360 2166 591 2219 sceleste
617 2165 761 2218 enim
795 2165 1113 2234 alienigenis
1144 2165 1492 2229 commistus,
1526 2164 1595 2220 ab
1637 2165 1769 2234 ipsis
1803 2164 1926 2220 l'un-

356 2257 505 2312 ditus
547 2257 1013 2311 exterminabitur.
1046 2274 1065 2306 ι
1097 2256 1219 2325 Ipse
1260 2262 1441 2309 autem
1481 2256 1754 2323 nescivit;
1799 2258 1923 2311 cani

355 2347 706 2401 cmoruerunt
737 2346 821 2411 ei,
865 2355 919 2400 et
948 2347 1064 2416 ipse
1109 2344 1400 2415 ignoravit.
1432 2363 1451 2396 ι
1483 2345 1621 2410 Quia
1665 2346 1721 2400 in
1766 2345 1925 2400 onicii

361 2437 445 2491 sui
476 2437 777 2507 ignorantia
811 2437 1214 2506 perseveravit,
1244 2451 1312 2490 ne
1359 2452 1387 2489 a
1439 2436 1774 2507 longaevitate
1800 2438 1926 2506 qui--

361 2529 482 2584 dem
535 2529 601 2582 ad
650 2530 844 2583 bonam
889 2527 1098 2600 frugem
1147 2527 1392 2581 converti
1440 2542 1667 2597 passus,
1718 2528 1922 2583 idcirco

362 2620 473 2673 haec
504 2620 848 2689 perpetietur.

2022 446 2252 514 φέγγοςο
2295 446 2493 508 πάντες
2518 444 2926 516 ὲθερμάνθησαν
2966 444 3041 507 ὼς
3072 444 3323 507 κλίϐανος
3357 446 3577 515 καιόμε.

2020 555 2125 601 νος.
2174 556 2193 589 ι
2262 536 2504 608 Ἡμέρας
2556 537 2614 591 δὲ
2662 535 3175 606 ἐπιλαμϐανούσης,
3230 535 3338 589 τῶν
3396 536 3579 590 αὐτῶν

2019 629 2249 698 ἥπτοντο
2298 627 2487 692 πάλιν,
2533 627 2890 696 ἀναπτόμενοι
2931 644 2990 679 τε
3029 626 3182 697 δίκην
3231 626 3430 698 πυρὸς,
3481 629 3579 681 καὶ

2020 719 2208 791 ὥσπερ
2232 737 2315 782 τις
2343 719 2591 782 κλίϐανος
2612 719 3111 791 διαθερμαινόμενοί
3143 736 3222 783 τε,
3256 720 3350 771 καὶ
3375 719 3579 786 διεγει-

2024 810 2238 880 ρόμενοι
2269 810 2403 881 πρὸς
2434 810 2530 881 τὴν
2559 810 2666 863 τῶν
2699 811 2915 863 ἀτόπων
2943 811 3224 882 ἐργασίαν.
3258 829 3277 861 ι
3318 808 3423 862 Καὶ
3462 809 3581 880 πῦρ

2023 902 2295 970 κατέφαγε
2341 904 2466 965 τοὺς
2496 902 2689 972 κριτὰς
2720 902 2915 954 αὐτῶν.
2961 920 2980 952 ›
3026 900 3370 970 Κατάλ).ηλον
3396 900 3580 952 τοίνυν

2023 992 2349 1062 ὑπομένουσι
2378 994 2475 1063 τὴν
2517 994 2805 1064 τιμωρίαν,
2832 993 2985 1063 δίκην
3018 993 3187 1063 πυρὸς
3219 994 3433 1044 πάντων
3466 992 3581 1043 τῶν

2022 1082 2211 1153 ἄρχειν
2262 1086 2318 1136 ἐν
2358 1086 2540 1148 αὐτοῖς
2587 1084 2998 1154 ὑπειλημμένων
3039 1087 3102 1154 τῇ
3150 1083 3257 1135 τῶν
3303 1083 3582 1152 πολεμίων

2023 1173 2460 1245 παραδιδομένων
2500 1178 2704 1246 σφαγῇ.
2750 1194 2768 1226 ι
2810 1175 3013 1237 Πάντες
3048 1176 3095 1227 οἱ
3129 1173 3363 1243 βασιλεῖς
3394 1172 3581 1226 αὐτῶν

2023 1265 2234 1319 ἔπεσον.
2305 1284 2324 1317 ι
2398 1266 2665 1336 Ἀπωλείᾳ
2726 1268 2819 1319 καὶ
2873 1268 3051 1337 σιραγῇ
3113 1265 3581 1335 παραδοθήσονται

2022 1358 2239 1420 πάντες.
2269 1357 2423 1419 Τίνος
2450 1357 2661 1420 ένεκεν;
2709 1376 2726 1407 ι
2763 1358 2876 1410 υὺκ
2914 1353 2981 1427 ἦν
3020 1359 3076 1410 ἐν
3114 1358 3295 1419 αὐτοῖς
3326 1357 3355 1408 ό
3390 1358 3587 1409 ἐπικα-

2021 1448 2276 1519 λούμενος
2296 1450 2429 1519 πρός
2458 1466 2543 1518 με.
2575 1468 2593 1499 ι
2640 1449 2852 1519 Ἐπειδὴ
2874 1451 2965 1501 καὶ
2999 1448 3285 1518 σύμφωνον
3315 1444 3456 1517 εἶχον
3477 1446 3582 1517 τὴν

2021 1537 2261 1611 γνώμην,
2297 1540 2485 1593 οὐδένα
2518 1539 2673 1607 λόγον
2716 1539 2849 1610 ἐμοῦ
2882 1542 3149 1593 ποιεῖσθαι
3178 1538 3431 1605 καθάπαξ
3465 1540 3584 1593 ἐθέ-

2022 1628 2223 1693 λοντες.
2281 1648 2299 1681 ι
2359 1629 2596 1701 Ἐφραῖμ
2640 1631 2697 1682 ἐν
2737 1631 2850 1693 τοῖς
2895 1629 3043 1693 λαοῖς
3087 1630 3246 1692 αὐτὸς
3286 1629 3584 1700 συνανεμί-

2019 1736 2200 1787 γνυτο.
2240 1737 2259 1771 ι
2285 1718 2453 1772 Τοῦτο
2475 1720 2569 1773 καὶ
2587 1721 2616 1771 ὁ
2652 1719 2914 1790 μακάριος
2938 1719 3134 1780 αὐτοὺς
3160 1721 3393 1773 αἰτιᾶται
3414 1718 3583 1771 Δαυῒδ

2019 1809 2221 1876 λέγων’
2256 1810 2329 1877 (p.
2364 1809 2454 1875 55)
2490 1827 2508 1859 ι
2550 1810 2659 1862 Καὶ
2699 1809 3037 1880 ὲπεμίγησαν
3075 1811 3133 1861 ἐν
3169 1812 3280 1871 τοῖς
3314 1809 3510 1863 ἔθνεσι.
3550 1825 3574 1860 ι

2020 1900 2129 1952 Καὶ
2152 1901 2258 1971 γὰρ
2286 1896 2352 1971 ἦν
2384 1898 2728 1970 ἀπειρημένη
2761 1899 3036 1961 παντελῶς
3066 1900 3248 1962 αὐτοῖς
3272 1901 3335 1952 ἐκ
3364 1899 3458 1952 τοῦ
3486 1900 3582 1952 νό-

2023 2006 2121 2059 μου
2166 1990 2199 2059 ή
2230 1990 2364 2059 πρὸς
2394 1990 2519 2052 τοὺς
2552 1988 2860 2059 ἀλλοτρίους
2894 1988 3140 2059 ἐπιμιξία
3169 2005 3182 2019 ’
3224 1988 3446 2053 εἰκότως
3482 1986 3585 2044 οὖν

2020 2083 2200 2144 αὐτοῖς
2224 2080 2468 2144 ὀνειδίζει
2507 2080 2780 2135 κάνταῦθα
2808 2081 2983 2134 τοῦτο.
3022 2098 3042 2131 ι
3091 2081 3327 2152 Ἑφραῒμ
3365 2081 3585 2149 ἐγένετο

2024 2172 2323 2243 ἐγκρυφίας
2353 2173 2414 2225 ού
2452 2173 2976 2244 μεταστρεφόμενος.
3012 2190 3031 2224 ι
3067 2170 3250 2235 Οὕτως
3271 2173 3587 2244 ἀμετάϐλη-

2022 2281 2115 2327 τος
2158 2263 2247 2315 τὸν
2280 2264 2478 2333 τρόπον
2509 2262 2613 2315 ἐπὶ’
2643 2263 2741 2332 τῆς
2777 2263 2945 2332 αὐτῆς
2980 2263 3295 2332 μεμενηκὼς
3348 2262 3543 2325 κακίας
3565 2302 3584 2325 ,

2023 2354 2210 2424 ὥσπερ
2243 2355 2416 2407 ἐκεῖνο
2443 2353 2621 2423 μένειν
2646 2351 2832 2405 εἴωθεν
2868 2352 3262 2422 ἀμετακίνητον
3299 2354 3382 2421 ἐφ’
3408 2346 3585 2423 οὗπερ

2026 2444 2283 2497 τέτακται
2322 2443 2506 2496 τόπου.
2557 2462 2575 2494 ι
2634 2442 2952 2511 Κατέφαγον
2987 2443 3250 2513 ἀλλότριοι
3287 2444 3382 2514 τὴν
3423 2445 3588 2513 ἰσχὺν

2027 2534 2213 2587 αὑτοῦ.
2248 2552 2267 2585 ι
2309 2533 2598 2603 ’Υπομένει
2644 2533 2822 2585 τοίνυν
2860 2533 3115 2601 ἀνάλογον
3155 2535 3252 2602 τὴν
3277 2534 3546 2603 τιμωρίαν
3569 2550 3584 2564 ·

2031 2620 2358 2689 παρανόμως
2382 2619 2489 2690 γάρ
2510 2622 2620 2682 τοῖς
2643 2619 2937 2690 ἀλλοτρίοις
2963 2621 3255 2691 ἐπιμιγεὶς,
3285 2622 3374 2673 ὑπ’
3402 2622 3588 2674 αὐτῶν

356 2715 580 2766 ἐκείνων
642 2713 1065 2782 ἀφανισθήσεται
1127 2711 1420 2773 παντελῶς.
1473 2729 1491 2761 ι
1549 2710 1717 2773 Αὐτὸς
1758 2710 1814 2763 δὲ
1864 2711 1961 2764 οὐκ
2012 2711 2182 2779 ἔγνω·
2227 2712 2320 2765 καὶ
2369 2712 2528 2765 πολιὰ
2577 2711 2866 2782 ἐξήνθησεν
2916 2712 3098 2781 αὐτῷ,
3141 2714 3234 2765 καλ⁵
3270 2712 3427 2775 αὐτὸς
3482 2712 3590 2765 οὐκ

356 2803 513 2871 ἔγνω.
551 2822 568 2853 ι
616 2801 830 2871 Ἐπειδὴ
863 2802 969 2871 γὰρ
1012 2802 1405 2871 διαμεμένηκεν
1456 2802 1548 2854 ἐπὶ
1599 2802 1693 2872 τῆς
1738 2801 1844 2855 τῶν
1885 2804 2266 2873 προσηκόντων
2310 2804 2562 2873 ἀγνοίας,
2598 2804 2715 2856 οὐδὲ
2774 2802 2851 2874 τῷ
2899 2804 3095 2877 μακρῷ
3126 2806 3301 2877 χρόνω
3343 2806 3476 2876 πρὸς
3521 2806 3591 2859 τὸ

355 2900 472 2951 δέον
500 2899 750 2969 ἐλόμενος
789 2899 936 2961 ἰδεῖν,
966 2897 1052 2950 διὰ
1076 2898 1230 2950 τοῦτο
1258 2898 1501 2950 πείσεται
1523 2896 1766 2951 τοιαῦτα.

434 2991 604 3045 Vens.
639 2992 823 3045 £042.
855 3020 925 3028 —
957 3009 975 3042 ι
1007 2989 1070 3043 Et
1102 2989 1475 3043 bumiliabitur
1513 2989 1822 3058 arrogantia
1854 2988 1925 3045 ls-

2097 2991 2246 3060 Στίχ.
2278 2989 2429 3059 ι’-ιβ’.
2458 3019 2527 3030 -
2558 3007 2577 3041 ι
2614 2988 2725 3041 Καὶ
2750 2988 3214 3058 ταπεινωθήσεται
3245 2989 3278 3059 ή
3308 2988 3463 3059 ὕϐρις
3487 2988 3587 3043 τοῦ

357 3083 520 3135 raelis
556 3082 611 3133 in
657 3080 794 3135 facie
836 3080 955 3148 ejus
976 3120 990 3144 ,
1026 3093 1123 3132 nec
1152 3078 1350 3132 reversi
1383 3086 1512 3133 sunt
1542 3078 1609 3132 ad
1640 3078 1926 3132 Dominum

360 3171 527 3226 Deum
561 3187 716 3225 sumn
744 3209 757 3229 .
789 3179 842 3224 et
884 3186 991 3223 non
1026 3169 1362 3238 quaesierunt
1403 3184 1525 3223 eum
1573 3169 1627 3222 in
1674 3169 1929 3223 omnibus

359 3264 467 3319 his.
498 3283 516 3315 ι
546 3263 812 3328 Quoniam
847 3263 1027 3331 itaque
1056 3277 1180 3330 erga
1214 3259 1379 3315 Deum
1407 3260 1783 3315 contumeliosi
1816 3260 1931 3316 lue-

358 3364 527 3423 runt,
566 3356 692 3409 dum
735 3357 814 3409 sic
849 3352 1190 3421 impudenter
1233 3367 1296 3406 ac
1344 3352 1692 3421 pertinaciter
1730 3352 1931 3405 daemo-

359 3461 492 3499 num
525 3443 895 3513 superstitioni
940 3441 1320 3504 adhaeserunt,
1368 3442 1693 3510 illorumque
1737 3455 1931 3510 seque-

362 3537 469 3590 lam
523 3550 651 3588 vero
699 3534 809 3588 Deo
856 3532 1252 3597 antetulerunt,
1299 3531 1558 3586 videbunt
1600 3532 1929 3586 humiliatio-

360 3643 484 3682 nem
514 3642 691 3692 suam,
712 3641 873 3695 quam
907 3626 1097 3679 merito
1132 3624 1424 3685 sustinent,
1457 3631 1739 3692 postquam
1772 3637 1841 3677 ne
1874 3622 1933 3676 in

361 3721 708 3789 catastrOplie
738 3718 953 3789 quidem
994 3718 1059 3771 ad
1101 3716 1269 3773 Deum
1312 3716 1572 3769 inclinare
1611 3714 1919 3770 voluerunt.

368 3830 388 3863 ι
420 3810 652 3878 Eratque
675 3810 995 3878 Ephraimus
1022 3808 1177 3877 quasi
1204 3806 1454 3861 columba
1487 3805 1750 3876 insipiens
1771 3847 1784 3866 .
1818 3820 1927 3860 non

362 3902 568 3957 habens
597 3916 691 3954 eor
719 3919 730 3953 :
765 3899 1054 3968 Aﬂgyptum
1086 3897 1442 3961 invocabant,
1477 3904 1532 3951 et
1566 3895 1632 3949 ad
1667 3895 1925 3966 Assyrios

363 3993 632 4048 abierunt.
667 4008 684 4041 ι
723 3990 912 4053 Qualis
950 3997 1035 4042 est
1070 3988 1359 4052 columba,
1400 4000 1521 4056 qua:
1558 4000 1627 4039 ne
1662 3985 1728 4040 de
1767 3986 1928 4055 pullis

364 4081 584 4152 quidem
647 4082 760 4135 suis
816 4078 1048 4132 sollicita
1099 4085 1229 4144 est;
1291 4077 1489 4146 quibus
1541 4075 1645 4129 sibi
1694 4076 1926 4141 ablatis,

2040 3081 2252 3153 Ἰσραὴλ
2296 3082 2376 3142 εἰς
2411 3080 2699 3151 πρόσωπον
2734 3077 2899 3131 αὑτοῦ
2920 3118 2933 3142 ,
2968 3078 3061 3130 καὶ
3105 3078 3205 3130 οὐκ
3248 3078 3589 3148 ἐπέστρεψαν

2027 3174 2161 3245 πρὸς
2195 3173 2397 3244 Κύριον
2429 3172 2519 3225 τὸν
2554 3170 2686 3224 Θεὸν
2728 3169 2905 3224 αὐτῶν
2926 3209 2941 3233 ,
2988 3170 3083 3223 καὶ
3116 3171 3215 3221 οὐκ
3258 3169 3590 3240 ἐξεζήτησαν

2026 3265 2190 3319 αὑτὸν
2219 3267 2276 3317 ἐν
2306 3266 2441 3317 πᾶσι
2468 3263 2695 3325 τούτοις.
2736 3281 2755 3314 ι
2795 3262 2966 3332 ’Υπὲρ
2993 3255 3067 3314 ὧν
3090 3261 3267 3313 τοίνυν
3297 3259 3587 3331 ἐξύϐρισαν

2027 3360 2107 3422 είς
2126 3358 2185 3410 τὸ
2208 3356 2381 3419 Θείον,
2407 3354 2579 3418 οὕτως
2602 3353 2832 3416 ἀναιδῶς
2856 3353 2950 3406 καὶ
2969 3350 3316 3422 ἀμεταθέτως
3336 3352 3463 3423 περὶ
3483 3352 3589 3422 τὴν

2026 3448 2133 3501 τῶν
2168 3445 2434 3516 δαιμόνων
2469 3445 2760 3514 ἐσχηκότες
2811 3441 3103 3513 θεραπείαν
3128 3482 3141 3503 ,
3187 3443 3280 3494 καὶ
3321 3440 3417 3511 τὴν
3456 3441 3591 3511 περὶ

2027 3537 2267 3600 ἐκείνους
2301 3534 2534 3606 σπουδὴν
2584 3535 3014 3606 προτιμήσαντες
3040 3533 3137 3603 τῆς
3168 3533 3297 3603 περὶ¹
3331 3532 3390 3585 τὸ
3416 3531 3592 3597 ὅντως

2028 3628 2201 3691 Θεῖον,
2227 3627 2445 3696 ὄψονται
2479 3626 2578 3695 τὴν
2608 3624 2933 3677 ταπείνωσιν
2964 3622 3062 3694 τὴν
3098 3624 3325 3684 οἰκείαν,
3357 3622 3421 3692 ἢν
3454 3624 3593 3674 ὑπο-

2031 3721 2249 3789 μένουσι
2280 3718 2523 3781 δικαίως,
2571 3717 2647 3786 (ρ.
2684 3716 2772 3784 54)
2803 3716 2923 3769 οὐδὲ
2962 3717 3027 3769 ἐκ
3067 3714 3364 3785 μεταϐολῆς
3394 3715 3590 3768 νεῦσαι

2027 3806 2163 3878 πρὸς
2208 3807 2298 3858 τὸν
2335 3804 2466 3857 Θεὸν
2498 3801 2863 3872 βουληθέντες.
2902 3820 2921 3853 ι
2973 3800 3079 3854 Καὶ
3115 3796 3182 3871 ἦν
3242 3799 3479 3870 Ἐφραῖμ
3510 3800 3593 3863 ὡς

2028 3893 2323 3967 περιστερά
2379 3892 2539 3955 ἄνους
2591 3891 2691 3944 οὐκ
2746 3891 2942 3961 ἔχουσα
3001 3889 3257 3961 καρδίαν·
3311 3888 3590 3956 Αἴγυπτον

2028 3984 2423 4048 ἐπεκαλοῦντο,
2468 3983 2560 4037 καὶ
2603 3984 2683 4045 εἰς
2739 3983 3052 4052 ’Δσσυρίους
3107 3980 3500 4052 ἐπορεύθησαν.
3564 4000 3585 4031 ι

2029 4077 2237 4146 Οίαπέρ
2268 4076 2416 4127 ἐστιν
2450 4076 2483 4144 ἡ
2515 4073 2813 4144 περιστερά
2845 4072 2979 4142 μηδὲ
3021 4071 3129 4123 τῶν
3158 4071 3369 4123 οίκείων
3395 4086 3595 4139 γεννη-

365 4171 557 4226 iisdem
617 4170 751 4224 locis
811 4168 1093 4223 nidiﬁcare
1131 4183 1325 4223 rursus
1389 4168 1558 4233 solet,
1619 4167 1925 4223 futurorum

2031 4169 2216 4240 μάτων
2250 4167 2545 4236 ποιουμένη
2580 4165 2769 4232 λόγον’
2817 4158 2891 4217 ὧν
2924 4162 3320 4232 ἀφαιρουμένη,
3348 4162 3439 4213 ἐπὶ
3477 4164 3595 4215 τῶν

367 4262 688 4332 improvida,
710 4262 837 4331 quia
870 4276 1023 4329 eaque
1061 4260 1196 4326 eripi
1228 4267 1516 4329 poterunt:
1550 4259 1631 4314 sic
1662 4267 1714 4313 et
1748 4260 1838 4315 isti
1870 4276 1925 4316 se

2028 4261 2206 4315 αὐτῶν
2254 4260 2433 4313 τόπων
2469 4257 2764 4310 νεοττεύειν
2818 4254 3005 4308 εἴωθεν
3052 4254 3247 4319 πάλιν,
3285 4253 3402 4307 οὐδὲ
3457 4254 3595 4323 μίαν

366 4353 703 4415 habuerunt,
754 4352 967 4406 nullum
1022 4365 1240 4406 sensum
1287 4351 1438 4406 exitii
1484 4351 1569 4405 sui
1615 4352 1925 4419 capientes,

2029 4351 2225 4422 ἔχουσα
2249 4347 2590 4420 προμήθειαν
2611 4348 2709 4415 τῆς
2730 4344 3068 4415 ἀφαιρέσεως
3089 4341 3195 4394 τῶν
3214 4339 3592 4410 γεννωμένων·

365 4445 459 4499 sed
512 4451 890 4513 exspectantes
941 4441 1305 4513 Egyptorum
1356 4442 1597 4505 auxilia,
1644 4454 1764 4511 quae
1818 4457 1924 4496 non

365 4534 768 4599 impetrarunt;
812 4532 942 4586 dum
990 4534 1191 4587 interea
1240 4533 1435 4604 grandi
1481 4548 1603 4587 cum
1660 4541 1927 4603 potestate

363 4625 568 4696 Assyrii
594 4638 689 4679 eos
720 4624 1059 4679 abducebant
1088 4624 1336 4693 captivos
1365 4626 1416 4678 in
1445 4626 1718 4694 regionem
1747 4641 1923 4681 suam.

369 4716 484 4771 «Et
509 4730 630 4770 cum
678 4714 904 4785 profecti
958 4714 1195 4778 fuerint,
1251 4715 1553 4784 expandam
1607 4732 1772 4785 super
1831 4732 1926 4771 eos

364 4817 477 4863 rete
521 4820 697 4859 meum
729 4822 741 4859 :
792 4805 947 4873 quasi
983 4805 1232 4858 volucres
1264 4805 1389 4857 caeli
1442 4804 1724 4858 detraham
1755 4819 1872 4859 eos.
1908 4823 1927 4856 ι

363 4897 577 4965 Fugere
601 4898 666 4950 ab
698 4897 913 4951 illorum
935 4935 950 4960 ,
984 4896 1202 4965 inquam
1229 4934 1243 4957 ,
1277 4894 1538 4950 servitute
1569 4909 1795 4964 prorsus
1825 4910 1934 4949 non

362 4988 471 5058 36
497 4988 711 5052 licebit;
745 4988 869 5057 quia
898 5001 997 5057 ego
1017 5026 1032 5050 ,
1060 4986 1161 5039 reti
1191 4986 1352 5039 veluti
1378 5027 1393 5049 ,
1424 4985 1641 5040 decreto
1669 4996 1788 5039 meo
1813 4986 1934 5040 illos

364 5079 787 5145 comprehensos
810 5119 825 5141 ,
861 5078 913 5132 in
948 5077 1316 5147 captivitatem
1352 5075 1509 5146 quasi
1546 5074 1770 5129 totidem
1806 5088 1935 5130 aves

365 5168 653 5222 abducam.
687 5189 704 5219 ι
737 5154 1027 5239 castigabo
1085 5182 1178 5224 eos
1227 5168 1346 5237 ipso
1397 5182 1509 5223 suae
1564 5164 1933 5219 tribulationis

367 5259 577 5313 auditu.
608 5277 626 5309 ι
656 5258 830 5312 Tanta
861 5261 969 5315 illis
997 5258 1226 5313 inferam
1260 5261 1399 5313 mala
1422 5297 1436 5321 ,
1466 5267 1524 5311 ut
1555 5259 1635 5312 vel
1665 5259 1781 5326 ipsa
1817 5268 1933 5328 per-

366 5352 596 5407 molesta
624 5360 1015 5407 eventurorum
1048 5352 1314 5408 malorum
1350 5351 1555 5406 auditio
1586 5349 1819 5406 suﬂiciat
1864 5347 1931 5403 ad

366 5447 789 5516 correptionem.

432 5710 484 5744 ”
524 5706 667 5764 Psal.
704 5724 790 5775 ev,
826 5708 909 5764 55.

2030 4444 2172 4498 οὕτω
2197 4442 2258 4512 δὴ
2289 4441 2382 4495 καὶ
2410 4434 2553 4494 οὗτοι
2575 4437 2882 4507 γεγόνασιν,
2914 4433 3163 4503 αἴσθησιν
3190 4433 3289 4504 τῆς
3314 4431 3597 4495 ἀπωλείας

2030 4537 2089 4589 ού
2132 4534 2497 4604 λαμϐάνοντες
2535 4530 2634 4599 τῆς
2681 4526 2915 4590 οἰκείας,
2950 4523 3066 4577 ἀλλ’
3100 4522 3454 4593 ἀναμένοντες
3489 4521 3598 4591 μὲν

2030 4628 2128 4699 τὴν
2157 4629 2220 4679 ἐκ
2238 4625 2345 4677 τῶν
2362 4622 2670 4691 Αἰγυπτίων
2704 4617 2972 4689 βοήθειαν,
2995 4616 3352 4685 τυγχάνοντες
3377 4613 3433 4666 δέ
3461 4614 3597 4666 οὐθ-

2032 4720 2176 4783 ενός·
2206 4717 2301 4771 ἆτε
2332 4714 2469 4786 μετὰ
2499 4711 2739 4784 μεγάλης
2764 4710 2862 4777 τῆς
2898 4708 3211 4769 δυναστείας
3250 4706 3357 4759 τῶν
3400 4706 3602 4758 Ἀσσυ-

2032 4810 2162 4882 ρίων
2191 4805 2569 4879 αἰχμαλώτους
2598 4802 2794 4865 αὐτοὺς
2826 4802 3147 4868 ἀπαγόντων
3176 4799 3266 4851 ἐπὶ
3292 4798 3360 4851 τὰ
3391 4800 3597 4852 οἰκεῖα.

2036 4922 2053 4952 ι
2112 4899 2306 4961 Καθὼς
2352 4897 2418 4951 ἂν
2466 4893 2824 4965 πορεύωνται,
2871 4890 3114 4945 ἐπιϐαλῶ
3165 4891 3251 4942 ἐπ’
3285 4889 3475 4950 αὐτοὺς
3529 4888 3602 4941 τὸ

2029 4990 2240 5045 δίκτυόν
2287 5003 2424 5060 μου·
2465 4983 2648 5047 καθὼς
2684 4982 2753 5036 τὰ
2785 4981 3002 5035 πετεινά
3051 4979 3141 5033 τοῦ
3196 4977 3422 5049 ούρανοῦ
3480 4976 3604 5041 ἄξω

2032 5083 2246 5146 αὐτούς.
2284 5100 2302 5131 ι
2336 5080 2623 5146 Διαφυγείν
2649 5072 3125 5144 αὐτοὺς,φησ“ι,τὴν
3148 5070 3369 5123 ἐκείνων
3391 5070 3601 5139 αἰχμα-

2031 5173 2246 5231 λωσίαν,
2273 5170 2379 5223 τῶν
2412 5168 2715 5221 ἀδυνάτων·
2746 5162 2929 5232 ἐπειδὴ
2958 5160 3143 5231 ῶσπερ
3166 5159 3272 5211 τινὶ
3303 5158 3500 5227 δικτύῳ
3522 5161 3598 5229 τῇ

2030 5264 2301 5332 ἀποφάσει
2325 5257 2634 5331 περιϐαλὼν
2663 5255 2859 5315 αὐτοὺς
2877 5295 2890 5315 ,
2917 5252 3071 5321 δίκην
3100 5248 3358 5302 πετεινῶν
3386 5249 3464 5311 είς
3493 5246 3603 5318 τὴν

2030 5352 2401 5425 αἰχμαλωσίαν
2439 5348 2653 5415 ἀπάξω.
2688 5366 2705 5397 ι
2743 5342 3021 5397 Παιδεύσω
3045 5341 3237 5402 αὐτοὺς
3270 5340 3326 5391 ἐν
3357 5342 3423 5409 τῇ
3453 5338 3601 5410 ἀκοῇ

2028 5448 2126 5516 τῆς
2155 5442 2383 5512 θλίψεως
2406 5439 2604 5496 αὐτῶν.
2632 5459 2650 5491 ι
2682 5432 2916 5488 Τοιαῦτα
2939 5432 2993 5484 δὲ
3018 5430 3199 5492 αὐτοῖς
3219 5427 3403 5493 ἐπάξω
3426 5429 3603 5494 κακὰ,

2038 5538 2175 5590 ῶστε
2207 5536 2300 5589 καὶ
2331 5536 2429 5604 τὴν
2464 5531 2629 5599 ἀκοὴν
2661 5527 2767 5579 τῶν
2806 5521 3240 5591 ἐπελευσομένων
3278 5519 3458 5581 αὐτοῖς
3490 5535 3595 5571 κα-

2036 5631 2147 5685 κῶν
2178 5630 2481 5703 βαρυτάτην
2509 5620 2691 5687 οὖσαντ
2726 5620 2911 5690 ἀρκεῖν
2936 5618 3012 5679 είς
3047 5611 3293 5666 παιδείαν
3318 5611 3521 5673 αὐτοῖς.
