3906 6208
4 5816 17 5937 ξ’

164 307 268 364 ιιει
1128 294 1668 357 COMMENTARIUS
1693 297 1734 353 ll

1834 297 1997 355 lSEIE
2026 298 2176 361 CAP.
2219 299 2348 356 νιιι.
3282 301 3382 358 I70

230 422 396 489 Sail,
424 423 623 484 ιγ’-ις’.
674 447 745 458 --
798 416 906 469 Καὶ
933 414 986 468 τί
1020 414 1081 467 τὸ
1131 415 1334 468 τούτων
1364 413 1539 466 αίτιον
1568 412 1726 466 πάλιν

1901 414 2066 469 Vsus.
2108 414 2297 469 15-16.
2334 445 2400 454 -—
2433 413 2611 484 Atque
2647 414 2841 468 horum
2880 429 3102 470 causam
3143 432 3265 471 mox
3305 419 3386 472 di-

159 512 335 581 λέγων
351 527 365 541 ·
402 527 420 561 ι
453 508 583 562 Οὐαὶ
606 508 795 570 αὐτοῖς
824 507 907 560 ὃτι
929 504 1282 576 ἀπεπήδησαν
1304 505 1399 557 ἀπ’
1428 502 1563 574 ἐμοῦ
1581 520 1597 534 ·
1619 502 1725 556 δεί-

1826 520 1957 560 cens
1976 543 1992 567 ,
2021 522 2041 555 ι
2073 502 2165 559 Vae
2190 505 2273 559 eis
2293 542 2308 569 ,
2342 505 2553 577 inquit,
2575 505 2834 574 quoniam
2857 505 3170 561 resilierunt
3200 523 3230 561 a
3262 511 3380 563 me!

159 603 303 659 λαιοί
330 602 463 653 εἰσιν
487 602 562 668 (p.
605 597 699 661 55)
733 598 816 649 ὃτι
844 596 1121 666 ἠσέϐησαν
1161 596 1240 657 είς
1284 593 1420 663 ἐμέν
1453 592 1594 663 ὑπὲρ
1616 593 1726 663 γὰρ

1834 592 2074 649 Infelices
2114 604 2278 660 sunt,
2307 596 2435 666 quia
2478 597 2644 667 impie
2691 604 2919 665 egerunt
2954 598 3008 651 in
3040 613 3165 653 me:
3202 600 3388 669 utique

157 694 261 765 τῆς
295 694 376 754 είς
415 689 516 760 ἐμὲ
562 686 908 758 παρανομίας
959 670 1237 739 πείσονται
1284 682 1482 736 ταῦτα·
1523 683 1633 752 ἐγὼ
1667 683 1726 736 δὲ

156 782 557 854 ὲλυτρωσαμην
608 780 835 842 αὐτοὺς,
867 778 961 831 καὶ
1000 776 1155 830 αὐτοὶ
1190 775 1562 845 κατελάλησαν
1606 776 1724 829 κατ’

157 876 291 947 ἐμοῦ
320 874 515 944 ψευδῆ.
571 891 592 923 ι
630 872 743 924 Kal
776 870 886 940 γὰρ
921 869 1127 924 ἀνωθεν
1155 866 1266 937 ἐγὼ
1297 869 1396 939 μὲν
1432 868 1629 931 αὐτοὺς
1666 862 1725 921 εὖ

157 968 407 1030 ἐποίουν,
452 964 612 1019 αὐτοὶ
650 963 708 1017 δὲ
750 961 850 1034 τὴν
893 959 1283 1031 ἀγνωμοσύνην
1329 959 1458 1030 περὶ
1499 958 1598 1029 ἐμὲ
1632 960 1728 1011 ἐπ·-

156 1061 462 1114 εδείκνυντο
481 1058 578 1127 τὴν
606 1054 834 1108 οίκείαν·
856 1051 1138 1122 ἀπήλλαξα
1165 1052 1262 1122 μὲν
1281 1052 1391 1122 γὰρ
1412 1051 1605 1115 αὐτοὺς
1628 1050 1726 1121 τῆς

160 1154 270 1207 ὑπὸ
297 1150 624 1219 Αἰγυπτίους
644 1145 907 1210 δουλείας,
931 1147 1126 1198 ἐκεῖνοι
1155 1144 1212 1197 δὲ
1234 1144 1343 1196 πᾶν
1361 1144 1389 1197 ὅ
1409 1160 1462 1196 τι
1491 1142 1729 1212 βλάσφη-

162 1263 266 1316 μον
294 1243 624 1313 ἐφθέγγοντο
642 1240 724 1303 εἰς
751 1238 883 1309 ἐμέο
914 1236 1046 1290 ποτὲ
1077 1235 1174 1306 μὲν
1199 1235 1398 1306 μόσχον
1428 1234 1729 1307 ἐργαζόμε-

156 1355 240 1391 νοι
278 1337 375 1389 καὶ
400 1334 646 1402 λέγοντες
669 1348 684 1361 ο
723 1348 742 1381 ι
796 1320 956 1381 Οὗτοι
996 1329 1046 1380 οἱ
1092 1325 1202 1379 θεοί
1242 1342 1358 1386 σου,
1405 1324 1640 1396 Ἰσραὴλ,
1679 1323 1729 1377 οἳ

154 1426 431 1499 ἐξήγαγόν
462 1443 521 1479 σε
552 1426 620 1478 ὲκ
648 1423 745 1494 τῆς
778 1420 1053 1487 Αἰγύπτου
1074 1436 1088 1451 ·
1135 1438 1153 1471 ι
1191 1421 1321 1472 ποτε
1350 1418 1407 1471 δὲ
1440 1418 1561 1470 ἐπεὶ
1590 1416 1729 1469 ἐπά-

152 1522 281 1586 ταξε
328 1520 561 1589 πέτραν,
610 1517 706 1569 καὶ
756 1514 1033 1585 ἐρρύησαν
1077 1511 1262 1573 ὕδατα,
1306 1510 1401 1563 καὶ
1443 1507 1730 1580 χείμαρροι

155 1609 644 1678 κατεκλύσθησαν,
694 1624 713 1658 ι
773 1604 865 1675 Μὴ
908 1604 1070 1675 ἄρτον
1112 1602 1397 1672 δονήσεται
1438 1599 1655 1662 δοῦναι,
1696 1599 1730 1670 ἦ

154 1705 442 1775 ἑτοιμάσαι
494 1698 777 1772 τράπεζαν
825 1696 905 1766 τῷ
963 1694 1076 1766 λαῷ
1123 1693 1321 1761 αὐτοῦς
1371 1720 1441 1733 —-
1469 1692 1580 1747 Kal.
1630 1693 1730 1745 οὐκ

1826 695 2046 756 propter
2101 701 2230 742 suas
2286 702 2413 758 erga
2467 703 2555 743 me
2604 686 2873 753 oﬂensas,
2925 688 3039 743 haec
3090 690 3384 760 patientur.

1824 777 2089 847 Equidem
2126 794 2221 833 eos
2259 780 2595 834 redemeram
2617 821 2632 846 ,
2670 790 2724 835 at
2758 781 2864 850 ipsi
2898 781 3063 836 locuti
3095 790 3221 837 sunt
3253 798 3389 838 con-

1827 878 1912 923 tra
1943 885 2029 925 me
2062 872 2365 925 mendacia.
2398 890 2418 923 ι
2452 871 2588 926 Olim
2620 887 2719 942 ego
2748 874 2829 928 eis
2861 873 2999 930 bene
3035 873 3298 936 feceram.
3332 885 3390 931 at

1827 959 1931 1029 ipsi
1968 959 2167 1029 ingrati
2204 961 2467 1017 adversus
2500 977 2585 1018 me
2623 963 2972 1018 exstiterunt.
3017 962 3259 1019 Subduxi
3294 981 3389 1022 eos

1828 1051 2050 1108 servitio
2087 1050 2463 1123 Egyptiorum
2494 1095 2508 1120 ,
2548 1062 2603 1107 at
2642 1054 2746 1124 ipsi
2784 1056 2991 1111 nullum
3044 1057 3390 1129 blasphemiae

1828 1159 2000 1213 genus
2036 1145 2301 1201 adversus
2337 1161 2422 1200 me
2469 1160 2575 1201 non
2615 1146 2905 1213 dixerunt,
2944 1163 3089 1203 nunc
3128 1150 3391 1207 fabricato

1826 1238 1999 1292 vitulo
2062 1238 2454 1308 dicentesque:
2486 1257 2504 1289 ι
2539 1237 2602 1291 Ili
2665 1240 2743 1294 dii
2810 1241 2921 1305 tui,
2980 1239 3167 1306 Israel,
3207 1244 3299 1312 qui
3339 1253 3391 1298 te

1829 1328 2068 1400 Egypto
2101 1329 2406 1384 eduxerunt
2442 1329 2528 1383 ἰε
2579 1349 2598 1381 ι
2631 1346 2775 1385 nunc
2811 1340 3097 1402 postquam
3140 1332 3391 1405 (Moyses)

1829 1428 2037 1491 petram
2077 1428 2469 1490 percusserat,
2507 1429 2559 1476 et
2596 1436 2751 1488 aqua:
2785 1423 3106 1477 eiiluxerant
3135 1465 3149 1490 ,
3188 1435 3242 1479 et
3279 1432 3393 1478 tor-

1830 1510 2064 1565 rentium
2104 1510 2280 1564 instar
2317 1511 2749 1579 inundaverant,
2785 1513 2963 1568 adhuc
3017 1523 3194 1570 tamen
3243 1515 3393 1570 dice-

1830 1599 2000 1654 bant:
2030 1617 2049 1651 ι
2079 1598 2218 1653 Num
2260 1599 2520 1655 Dominus
2560 1602 2690 1657 dare
2730 1617 2922 1671 panem
2963 1603 3198 1672 poterit,
3240 1620 3391 1659 men-

1831 1705 2060 1762 samque
2088 1706 2357 1761 apparare
2390 1693 2590 1763 populo
2622 1709 2723 1748 suo
2748 1694 2796 1726 "
2820 1695 2843 1747 ?
2866 1725 2936 1734 —
2963 1693 3149 1765 Neque
3187 1695 3255 1751 ad
3306 1712 3394 1752 me

156 1798 386 1867 ἐϐόησαν
409 1794 553 1866 πρός
586 1810 657 1863 με
686 1793 740 1845 al
768 1788 988 1860 καρδίαι
1013 1787 1211 1841 αὐτῶν.
1236 1806 1257 1839 ι
1289 1786 1495 1841 Νεῦσαι
1513 1787 1569 1840 δὲ
1596 1787 1732 1858 πρός

1834 1780 2207 1835 clamaverunt
2256 1782 2421 1835 corda
2468 1796 2676 1837 eorum.
2711 1784 2832 1838 oAd
2865 1799 2950 1839 me
2998 1800 3125 1840 vero
3180 1786 3395 1843 sincera

158 1908 222 1960 με
268 1888 568 1957 εἰλικρινεῖ
617 1885 684 1953 τῇ
731 1879 972 1951 διανοίᾳ,
1008 1880 1103 1933 καὶ
1132 1879 1418 1948 ἀναμεῖναι
1463 1877 1563 1948 τὴν
1596 1877 1729 1945 παρ’

154 1981 282 2052 ἐμοῦ
315 1978 561 2050 δωρεάν,
590 1978 673 2037 είς
703 1972 828 2027 νοῦν
854 1972 956 2024 οὐκ
984 1970 1253 2025 ἐϐάλοντο.
1291 1987 1310 2023 ι
1353 1969 1512 2023 Ἀλλά
1534 1969 1733 2023 ὠλόλυ-

156 2076 236 2139 ζον
269 2074 331 2125 ὲν
364 2072 492 2133 ταῖς
534 2067 745 2129 κοίταις
776 2062 954 2118 αὐτῶν
974 2080 989 2095 ο
1030 2063 1123 2115 ἐπὶ
1161 2063 1293 2132 σίτῳ
1328 2062 1421 2115 καὶ
1444 2062 1571 2130 οἴνῳ
1603 2079 1734 2116 κατ-

156 2162 466 2230 ετέμνοντο.
497 2175 519 2207 ι
552 2153 875 2208 Τοὺναντίον
905 2152 1000 2223 μὲν
1020 2147 1110 2204 οῦν
1141 2153 1235 2205 καὶ
1266 2154 1345 2216 είς
1376 2153 1476 2223 τὴν
1502 2151 1605 2221 γῆν
1633 2149 1733 2221 τῆς

159 2250 493 2318 ἐπαγγελίας
537 2242 975 2315 εἰσεληλυθότες,
1014 2243 1106 2295 καὶ
1148 2243 1250 2313 τῆς
1291 2245 1423 2313 παρ’
1471 2241 1606 2312 ἐμοῦ
1651 2241 1734 2294 δο-

158 2342 332 2412 Θείσης
365 2341 563 2401 αὐτοῖς
600 2336 962 2398 ἀναπαύσεως
993 2335 1351 2405 τετυχηκότες
1382 2334 1592 2403 (κοίτην
1627 2332 1735 2403 γὰρ

162 2434 331 2487 αὐτῶν
372 2431 547 2485 τοῦτο
580 2428 785 2498 καλεῖ),
820 2427 1021 2498 μηδένα
1052 2426 1206 2495 λόγον
1241 2425 1375 2496 ἐμοῦ
1401 2424 1734 2495 ποιούμενοι,

163 2527 283 2596 περὶ
309 2527 408 2596 τὴν
435 2523 553 2577 τῶν
576 2521 847 2591 δαιμόνων
877 2518 1198 2589 ἠσχολοῦντο
1222 2517 1540 2589 Θεραπείαν,
1563 2516 1740 2571 ὀλολύ-

163 2619 336 2683 ζοντες
363 2634 425 2670 τε
468 2616 573 2669 καὶ
603 2611 1064 2683 κατατεμνόμενοι
1094 2610 1236 2664 κατὰ
1263 2610 1324 2662 τὸ
1352 2611 1483 2681 παρ’
1512 2608 1738 2672 ἐκείνοις

162 2711 463 2779 stanti-Iov
485 2725 501 2737 ·
537 2707 687 2776 άπερ
715 2700 807 2757 οῦν
838 2702 1107 2774 ἐπλήρουν
1126 2742 1141 2766 ,
1186 2702 1369 2764 αὐτοῖς
1402 2700 1737 2771 λογιζόμενοι

166 2799 271 2851 τῶν
300 2796 611 2868 δεδομένων
642 2795 825 2857 αὐτοῖς
857 2791 1073 2860 ἀγαθῶν
1107 2792 1236 2861 παρ’
1270 2788 1405 2860 ἐμοῦ
1441 2790 1539 2860 τὴν
1570 2806 1735 2861 χορη-

163 2892 303 2959 γίαν.
356 2910 376 2941 ι
429 2884 869 2955 Ἐπαιδεύθησαν
898 2885 956 2936 ἐν
988 2883 1132 2953 ἐμοί.
1172 2901 1191 2933 ι
1230 2882 1306 2951 (p.
1340 2881 1430 2950 56)
1472 2882 1641 2952 ’Υπὲρ
1673 2880 1737 2950 δὴ

162 2984 359 3035 τούτων
394 2973 475 3034 ὧν
510 2982 595 3043 είς
638 2977 739 3049 ἐμὲ
782 2975 1131 3047 παρηνόμουν
1171 2973 1409 3038 δέξονται
1440 2976 1570 3045 παρ’
1602 2972 1738 3043 ἐμοῦ

162 3077 257 3143 τὴν
286 3075 683 3143 προσήκουσαν
714 3069 959 3121 παιδείαν
988 3066 1253 3137 αὐτάρκη.
1286 3065 1536 3119 Διδάσκει
1563 3064 1619 3117 δὲ
1643 3065 1739 3116 αὐ-

165 3170 284 3230 τοὺς
320 3167 399 3229 ὡς
432 3163 789 3234 παρηνόμουν
821 3158 1041 3212 τοιαῦτα
1072 3157 1370 3220 ποιοῦντες.
1422 3174 1442 3207 ι
1497 3156 1606 3209 Kal.
1629 3153 1739 3222 ἐγὼ

164 3260 467 3329 κατίσχυσα
504 3256 638 3319 τοὺς
685 3252 973 3324 βραχίονας
1001 3249 1180 3304 αὐτῶν
1199 3289 1214 3315 ,
1246 3248 1340 3303 καὶ
1373 3249 1453 3310 είς
1489 3246 1588 3317 ἐμὲ
1620 3246 1738 3299 ἐλο-

163 3351 385 3411 visane
420 3347 667 3418 πονηρά.
706 3366 725 3395 ι
760 3342 868 3397 Καὶ
899 3343 981 3395 ὅτι
1005 3341 1035 3392 ό
1082 3340 1179 3410 μὲν
1205 3339 1303 3411 τὴν
1339 3338 1490 3408 ἰσχὺν
1524 3337 1740 3391 ἃπασαν

165 3445 345 3506 αὖτοξ
392 3441 656 3512 παρέχων
693 3434 834 3490 κατὰ
873 3435 979 3488 τῶν
1010 3432 1281 3503 πολεμίων
1325 3430 1473 3501 ήμην
1508 3426 1621 3497 ἐγώ
1643 3444 1657 3461 ο
1687 3428 1736 3480 oi

160 3536 217 3589 δέ
254 3538 360 3589 πᾶν
392 3536 424 3587 ὅ
459 3552 517 3586 τι
560 3532 763 3585 ἄτοπον
806 3527 901 3582 καὶ
933 3526 1188 3589 ἀσεϐείας
1236 3524 1430 3594 μεστὸν
1472 3518 1737 3592 μετῄεσαν

164 3626 493 3687 ἀσεΐιοῦντες
529 3624 611 3687 είς
643 3620 764 3691 ἐμέ.
819 3636 839 3671 ι
890 3615 1339 3685 Ἐπεστράφησαν
1371 3612 1451 3674 είς
1494 3609 1669 3663 οὐθέν.
1711 3626 1732 3659 ι

164 3714 663 3785 Μεταόαλομένους
696 3711 805 3781 γὰρ
834 3708 1030 3770 αὐτοὺς
1058 3706 1145 3760 διὰ
1176 3705 1275 3774 τῆς
1306 3702 1474 3774 ὀργῆς
1507 3700 1598 3754 καὶ
1639 3700 1740 3771 τῆς

163 3809 438 3880 τιμωρίας
470 3805 576 3875 τῆς
609 3803 751 3874 ἐμῆς
785 3802 963 3868 ἔδειξα
986 3800 1144 3862 ὄντας
1185 3797 1247 3850 τὸ
1280 3794 1467 3867 μηθέν.
1513 3810 1533 3845 ι
1584 3792 1741 3861 Ἐγέ-

160 3918 314 3954 νοντο
343 3902 429 3962 εἰς
456 3897 617 3963 τόξον
645 3894 706 3947 οὐ
738 3892 1052 3963 τεταμένον.
1090 3908 1108 3940 ι
1143 3888 1306 3941 Ὥστε
1347 3884 1512 3956 μηδὲν
1545 3882 1742 3945 αὐτοὺς

158 3993 509 4047 διαλλάττειν
538 3988 693 4054 τόξου
712 3986 813 4040 οὐκ
862 3980 1225 4053 ἐντεταμένην
1264 3979 1477 4050 ἔχοντος
1498 3978 1597 4049 τὴν
1622 3992 1743 4030 νευ-

162 4088 298 4155 pay,
328 4085 474 4153 ὅπερ
513 4078 790 4147 ἀνωφελές
814 4078 932 4130 ἐστι
962 4073 1040 4145 τῷ
1071 4070 1415 4143 πολεμοῦντι,
1460 4068 1651 4140 μέχρις
1678 4066 1744 4120 ἂν

160 4174 258 4226 ἐπὶ
287 4173 485 4225 τούτου
512 4167 608 4221 τοῦ
641 4167 917 4237 σχήματος
1035 4161 1207 4226 οὕτως
1234 4160 1447 4213 ἔσονται
1475 4158 1743 4228 ἄπρακτοι

159 4269 312 4320 κατὰ
340 4266 459 4318 τῶν
486 4260 761 4332 πολεμίων
787 4258 881 4312 καὶ
910 4256 1173 4318 ἀσθενεῖς·
1192 4253 1350 4308 τοῦτο
1372 4247 1465 4305 οὖν
1488 4251 1634 4318 λέγει
1660 4249 1741 4311 τὸ,

1831 1880 2015 1927 mente
2041 1872 2343 1935 declinare,
2371 1881 2426 1928 et
2446 1874 2761 1928 donativum
2784 1885 3130 1946 exspectare,
3162 1894 3270 1933 non
3301 1894 3394 1934 co-

1831 1965 2093 2033 gitarunt.
2130 1983 2149 2015 t
2179 1963 2285 2021 Sed
2315 1966 2596 2020 ululabant
2636 1969 2689 2021 in
2729 1968 3003 2025 cubilibus
3037 1972 3195 2028 suis:
3231 1984 3396 2043 super

1833 2055 2017 2109 tritico
2040 2066 2090 2111 et
2116 2056 2242 2112 vino
2272 2058 2617 2113 secabantur.
2648 2078 2666 2111 ι
2691 2059 2891 2116 Contra
2919 2078 3050 2118 vero
3068 2105 3084 2131 ,
3111 2079 3179 2119 ne
3208 2074 3394 2134 postea

1832 2147 2050 2216 quidem
2097 2163 2262 2218 quam
2312 2150 2366 2205 in
2412 2152 2737 2221 promissam
2785 2163 2983 2209 terram
3026 2156 3394 2220 devenerant,

1833 2235 1959 2290 data
1998 2250 2029 2289 a
2073 2251 2159 2291 me
2200 2236 2337 2308 ipsis
2382 2240 2576 2309 requie
2616 2241 2815 2310 potiti,
2852 2242 2995 2297 hanc
3030 2244 3175 2298 enim
3216 2244 3398 2299 cubile

1834 2341 2020 2381 eorum
2061 2336 2371 2396 nuncupat,
2408 2329 2541 2383 nihil
2575 2332 2643 2385 de
2675 2345 2760 2386 me
2788 2332 3006 2388 solliciti
3029 2372 3045 2397 ,
3089 2333 3395 2388 daemonum

1836 2421 2208 2493 superstitioni
2237 2422 2541 2487 vacabant,
2580 2423 2853 2481 ululantes
2887 2435 3165 2497 semelque
3200 2442 3395 2489 secan-

1833 2521 1952 2579 tes,
2000 2528 2099 2583 pro
2145 2530 2298 2571 more
2340 2515 2453 2572 illic
2482 2528 2748 2574 consueto
2777 2538 2790 2573 :
2825 2534 2945 2589 quae
2973 2519 3102 2574 dum
3139 2530 3396 2590 agerent,

1837 2616 2060 2675 accepta
2091 2605 2337 2662 ferebant
2366 2608 2705 2665 dazmonibus
2733 2610 2873 2665 bona
2904 2611 2994 2666 illa
3016 2626 3136 2680 qua:
3162 2627 3262 2683 ego
3290 2612 3398 2665 Iar-

1836 2696 1980 2766 gitus
2009 2696 2240 2753 fueram.
2275 2718 2294 2750 ι
2320 2698 2533 2754 Eruditi
2565 2699 2786 2756 fuerunt
2818 2716 2848 2754 a
2880 2717 2983 2756 me.
3010 2700 3128 2757 30b
3162 2701 3274 2756 haec
3303 2717 3400 2755 au-

1837 2796 1943 2841 tem
1972 2804 2091 2857 (111$
2116 2799 2306 2845 contra
2347 2806 2432 2845 me
2471 2802 2865 2861 peccaverunt,
2911 2808 3207 2863 congruam
3252 2794 3401 2849 sum-

1838 2878 2178 2949 cientemque
2201 2896 2287 2935 me
2311 2888 2535 2937 auctore
2559 2880 2967 2953 castigationem
2996 2887 3401 2942 nanciscentur.

1837 2967 2012 3025 Porro
2039 2971 2118 3026 eis
2145 2971 2519 3038 demonstrat,
2555 2974 2701 3044 quod
2732 2975 2805 3028 ita
2835 2990 2893 3031 se
2923 2985 3177 3047 gerentes
3210 2994 3403 3048 pecca-

1788 3130 1805 3148 Ἰ
1838 3062 2034 3116 verint.
2062 3080 2083 3115 ι
2113 3064 2228 3135 Ego
2258 3066 2642 3121 roboraveram
2674 3067 2899 3123 brachia
2927 3084 3116 3124 eorum
3136 3110 3152 3133 ,
3197 3079 3255 3124 at
3298 3071 3401 3141 ipsi

1842 3151 1898 3206 iu
1925 3168 2011 3208 me
2031 3157 2408 3224 cogitaverunt
2436 3157 2718 3212 malitiam.
2748 3178 2766 3210 ι
2790 3157 2903 3229 Ego
2926 3159 3205 3215 enimvero
3233 3161 3406 3216 robur

1843 3256 2003 3297 omne
2031 3242 2100 3298 iis
2152 3244 2413 3302 adversus
2441 3246 2628 3303 hostes
2659 3248 2984 3315 indideram,
3022 3256 3076 3304 at
3112 3252 3214 3321 ipsi
3251 3260 3406 3323 turpe

1841 3335 2118 3404 quodlibet
2144 3337 2251 3408 37
2280 3346 2335 3393 et
2359 3340 2635 3409 impietate
2664 3349 2884 3398 scatens
2908 3357 3033 3397 cum
3056 3342 3262 3399 oll‘ensa
3288 3360 3404 3400 mea

1842 3435 2212 3496 patraverunt.
2246 3446 2265 3480 ι
2293 3429 2554 3486 Conversi
2590 3439 2719 3486 sunt
2751 3433 2805 3486 in
2839 3432 3089 3490 nihilum.
3118 3454 3137 3486 ι
3167 3436 3407 3491 Conver-

1843 3535 1932 3575 sos
1962 3521 2083 3576 illos
2103 3560 2118 3581 ,
2150 3522 2221 3576 ob
2248 3522 2384 3576 iram
2416 3538 2588 3580 meam
2620 3538 2944 3597 poenamque
2988 3542 3018 3580 a
3064 3542 3149 3583 me
3182 3528 3405 3599 imposi-

1846 3621 1953 3666 tam
1976 3653 1991 3676 ,
2036 3613 2169 3667 nihil
2212 3628 2333 3669 esse
2366 3616 2602 3670 ostendi.
2633 3636 2651 3667 ι
2676 3616 2831 3671 Facti
2870 3626 3000 3673 sunt
3038 3620 3195 3689 quasi
3240 3635 3407 3677 arcus

1846 3704 2069 3760 minime
2116 3705 2378 3760 intentus.
2409 3724 2429 3757 ι
2457 3707 2534 3761 Ita
2584 3716 2643 3761 ut
2688 3708 2825 3762 nihil
2870 3708 3124 3764 dill'erant
3164 3710 3233 3765 ab
3275 3726 3405 3766 arcu

1844 3794 2110 3850 intentum
2158 3810 2383 3850 nervum
2423 3811 2530 3851 non
2566 3797 2836 3866 habente;
2886 3801 2979 3869 qui
3034 3816 3166 3857 sane
3200 3802 3409 3858 inutilis

1847 3883 2093 3939 bellatori
2119 3893 2238 3950 est,
2265 3886 2506 3953 quandiu
2531 3888 2633 3944 hac
2655 3889 2963 3946 conditione
2989 3903 3093 3947 est.
3127 3893 3219 3948 Sic
3248 3904 3411 3949 erunt

1846 3974 2048 4030 inertes
2078 3975 2340 4033 adversus
2368 3977 2555 4035 hostes
2581 3987 2744 4050 atque
2770 3980 3043 4038 imbecilli.
3082 3982 3196 4040 Hoc
3225 3984 3410 4056 itaque

1846 4068 2156 4137 signiﬁcant
2177 4070 2340 4125 verba
2363 4110 2378 4135 ,
2409 4090 2427 4123 ι
2452 4070 2664 4128 Eruditi
2694 4084 2821 4129 sunt
2847 4088 2877 4128 a
2906 4090 3030 4143 me;
3060 4095 3078 4129 ι
3098 4092 3290 4147 nempe
3313 4094 3409 4135 eos

1845 4172 1954 4212 non
1981 4160 2302 4216 conﬁtentes
2332 4162 2597 4217 bonorum
2630 4176 2660 4217 a
2691 4179 2776 4219 me
2803 4175 3078 4236 acceptam
3108 4169 3412 4237 possessio.

1847 4264 2004 4313 nem,
2047 4251 2158 4305 imo
2202 4253 2256 4307 in
2300 4252 2454 4323 pejus
2502 4271 2833 4321 conversos,
2880 4257 3123 4313 debitum
3174 4259 3407 4314 oIiicium

166 4379 187 4409 ι
211 4354 654 4423 ’Ξῖ-’.αιδεύθησαν
698 4352 753 4403 ἐν
786 4349 929 4419 ἐμοὶ,
954 4365 972 4397 ι
994 4347 1081 4400 ἴνα
1117 4346 1265 4416 εἴπῃ,
1295 4346 1376 4397 ὅτι
1410 4343 1523 4411 Οὐχ
1555 4338 1734 4411 ὁμολο-

1848 4340 2011 4397 docui
2037 4385 2055 4411 ,
2084 4344 2428 4415 perspicuam
2461 4347 2767 4418 iniquitatis
2796 4364 2909 4404 suae
2941 4350 3146 4405 faciens
3182 4351 3289 4407 illis
3318 4352 3411 4406 dc-

156 4452 408 4519 γοῦντας
438 4441 516 4500 ὧν
553 4443 742 4497 ἔλαῦον
770 4442 900 4512 παρ’
934 4438 1066 4509 ἐμοῦ
1097 4437 1193 4509 τὴν
1217 4436 1515 4490 ἀπόλαυσιν
1557 4434 1623 4502 τῇ
1655 4430 1734 4530 ἐτη

1852 4436 2319 4491 monstrationem.
2356 4455 2375 4488 ι
2403 4436 2613 4492 Cadent
2666 4439 2938 4509 principes
2984 4454 3173 4494 eorum
3228 4440 3413 4510 gladio

157 4546 222 4595 τε)
250 4546 445 4613 χεῖρον
469 4535 767 4610 μεταϐολῇ,
788 4534 849 4586 τὸ
878 4532 995 4586 δέον
1023 4530 1220 4592 αὐτοὺς
1251 4526 1564 4589 ἐπαίδευσα,
1599 4522 1734 4591 σαφεῖ

1850 4532 2072 4593 propter
2101 4525 2425 4595 imperitiam
2455 4528 2652 4599 lingua:
2681 4544 2811 4584 suae.
2840 4548 2860 4581 ι
2888 4528 2953 4583 Hi
2996 4545 3126 4600 ergo
3162 4531 3409 4585 inﬁrma-

156 4636 263 4704 τῆς
302 4630 660 4705 παρανομίας
691 4625 869 4681 αὐτῶν
892 4622 1261 4696 παρεχόμενος
1284 4619 1467 4681 αὐτοῖς
1494 4615 1593 4687 τὴν
1615 4614 1734 4668 ἀπό-

1847 4616 2050 4670 buntur
2079 4637 2091 4671 :
2143 4619 2327 4676 hostes
2369 4631 2549 4676 autem
2579 4630 2689 4676 tam
2720 4624 2913 4678 validis
2953 4634 3112 4679 erunt
3165 4626 3409 4691 viribus,

156 4726 357 4790 ἔδειξεν.
402 4740 425 4774 ι
472 4718 774 4774 Πεσοῦνται
802 4716 852 4768 οἱ
888 4715 1143 4784 ἄρχοντες
1184 4708 1361 4763 αὐτῶν
1389 4710 1448 4760 ἐν
1482 4706 1725 4778 ῥομφαίᾳ

1848 4718 1907 4761 ιιι
1939 4708 2104 4763 etiam
2149 4709 2361 4764 illorum
2404 4711 2677 4784 principes
2717 4730 2841 4769 eum
2894 4716 3119 4787 reliquis
3162 4717 3274 4771 sint
3326 4717 3411 4770 in-

154 4817 226 4871 δι’
272 4813 643 4872 ἀπαιδευσίαν
700 4807 953 4877 γλώσσης
1000 4802 1197 4858 αὐτῶν.
1252 4820 1270 4852 ι
1309 4794 1466 4853 Οὗτοι
1516 4797 1615 4867 μὲν
1656 4791 1734 4849 οῦι

1848 4798 2168 4865 terfecturi;
2224 4815 2509 4875 propterea
2561 4807 2707 4876 quod
2762 4807 2958 4863 inscite
3012 4809 3275 4863 adversus
3324 4824 3411 4864 me

156 4910 606 4980 ἁσϐενήσουσινο
636 4902 689 4955 οἱ
714 4899 961 4969 πολέμιοι
996 4896 1053 4949 δὲ
1090 4891 1354 4962 τοσαύτην
1396 4889 1576 4955 ἕξουσι
1629 4892 1734 4941 κατ

1846 4890 2011 4944 verba
2043 4890 2374 4947 eiiutiebant.

156 5002 358 5058 αὐτῶν
389 4999 485 5071 τὴν
525 4996 700 5065 ἰσχὺν,
735 4992 830 5062 (p.
863 4989 953 5058 57)
984 4986 1124 5040 ὥστε
1170 4985 1263 5037 καὶ
1293 4984 1418 5045 τοὺς
1454 4981 1716 5053 ἄρχοντας
1751 4981 1929 5036 αὐτῶν
1964 4983 2060 5036 σὺν
2103 4986 2216 5047 τοῖς
2255 4985 2460 5047 λοιποῖς
2497 4987 2725 5049 ἀνελεῖν,
2779 4990 2916 5059 ὑπὲρ
2956 4984 3029 5041 ὢν
3075 4990 3412 5054 ἀπαιδεύτως

154 5095 511 5167 ἐφθέγγοντο
543 5087 667 5142 κατ’
697 5081 853 5155 ἐμοῦ.

828 5187 983 5241 ΚΕΦ.
1028 5185 1111 5239 H’.

2467 5178 2619 5233 CAP.
2661 5178 2797 5234 VIII.

229 5288 404 5357 Στίχ,
432 5285 585 5354 ειν-τ.
626 5311 697 5322 --
739 5299 761 5332 ι
797 5271 965 5342 Οὗτος
987 5277 1016 5330 ό
1044 5272 1345 5345 φαυλισμὸς
1384 5272 1563 5325 αὑτῶν
1591 5271 1648 5324 ἐν
1678 5270 1734 5340 ﬂ

1920 5264 2085 5323 Vens.
2123 5266 2235 5322 1-5.
2267 5298 2336 5307 -
2388 5286 2406 5319 ι
2447 5267 2571 5323 Ilaec
2611 5281 2696 5325 est
2744 5268 3099 5324 subsannatio
3136 5284 3322 5326 eorum
3359 5273 3414 5328 in

156 5382 457 5451 Αἰγύπτου
490 5377 587 5432 ἐπὶ
634 5375 879 5445 φάρυγγι
928 5368 1135 5423 αὐτῶν-
1169 5365 1244 5429 ὡς
1287 5364 1361 5433 γῆ
1408 5363 1628 5427 ἀὸατος,
1675 5361 1734 5424 ὡς

1850 5368 1993 5415 terra
2024 5358 2243 5431 Egypti
2277 5360 2333 5414 in
2366 5368 2585 5430 gutture
2611 5375 2822 5423 eorum,
2860 5368 2918 5414 ut
2956 5369 3102 5415 terra
3148 5362 3313 5425 invia,
3357 5372 3417 5416 ut

160 5450 440 5538 σάλπιγξ,
463 5470 540 5532 ὡς
562 5466 718 5530 ἀετὸς
743 5466 830 5519 ἐπ’
850 5459 997 5517 οἷκον
1018 5460 1248 5531 Κυρίου.
1279 5478 1298 5509 ι
1331 5456 1515 5509 Ταῦτα
1540 5454 1604 5525 δὴ
1632 5454 1734 5506 πεί

1851 5454 2001 5515 tuba,
2039 5460 2097 5505 ut
2129 5453 2307 5522 aquila
2345 5466 2508 5523 super
2542 5450 2761 5507 domum
2793 5451 3030 5508 Domini.
3075 5473 3093 5505 ι
3128 5452 3252 5509 11ωο
3283 5468 3418 5508 sane
3484 5515 3487 5519 γ

162 5582 369 5620 πυτατ
402 5560 774 5632 μιμησάμενοι
820 5555 930 5610 τῶν
982 5553 1234 5625 πατέρων
1272 5550 1450 5605 αὐτῶν
1482 5549 1581 5618 τὴν
1619 5544 1730 5616 γνῶ

1855 5545 2151 5615 patientur,
2194 5545 2321 5599 dum
2355 5555 2638 5615 parentum
2681 5560 2905 5600 suorum
2955 5546 3239 5601 imitantur
3285 5560 3415 5601 sen-

162 5676 275 5729 ειεην
296 5697 319 5721 ,
354 5654 412 5709 οἱ
443 5652 589 5708 κατὰ
612 5652 710 5721 τὴν
740 5648 1010 5718 Αἴγυπτον
1037 5642 1383 5713 ἐξεφαύλιζον
1410 5640 1507 5705 τὰς
1540 5640 1618 5704 είς
1648 5639 1734 5693 αύ-

1859 5637 2104 5705 tentiam,
2139 5637 2232 5707 qui
2290 5637 2344 5692 in
2370 5637 2605 5713 Egypto
2652 5641 2886 5695 teruncii
2932 5639 3275 5695 aestimabant
3322 5653 3420 5693 ac.

227 5818 279 5850 ³⁵
302 5808 490 5866 Exod.
534 5820 708 5871 xxx",
739 5805 793 5859 4.
870 5803 915 5833 ’⁵
944 5800 1088 5857 Psal.
1129 5813 1333 5862 Lxxvu,
1365 5796 1430 5851 I9
1470 5818 1473 5821 η

466 5901 742 5961 Panos.
778 5898 894 5959 Gn.
928 5896 1148 5958 LXVI.
3158 5878 3198 5937 6
