3906 6208
516 273 610 328 Nl

511 397 667 460 cepta
708 405 737 440 a
795 387 901 441 Deo
944 385 1203 443 beneﬁcia
1252 399 1267 438 :

510 490 693 543 erunt,
745 478 1044 535 desertioni
1094 478 1421 532 omnimodae
1470 478 1678 542 traditi,
1714 478 1767 531 in
1790 494 1907 547 qua
1954 494 2087 532 con—

512 570 995 643 stitucnturgdum
1053 571 1182 624 tuba
1242 570 1436 624 bellica
1482 570 1725 626 clamose
1773 584 1939 638 super
1989 584 2085 625 eos

509 665 734 734 clangit,
766 674 819 718 et
859 661 1232 717 imminentem
1266 662 1505 718 hostium
1529 662 1809 717 incursum
1850 661 2085 727 nuntiat,

508 757 600 826 qui
630 754 848 826 quidem
882 771 1048 825 quam
1100 752 1368 809 citissime
1411 754 1663 818 aderunt,
1699 768 1849 808 more
1892 753 2085 822 aquila:

510 849 703 917 przedae
735 862 848 902 sua:
892 847 1073 902 subito
1107 846 1422 901 involantis.
1470 845 1561 901 Sic
1596 846 1785 916 utique
1812 851 1867 899 et
1901 845 2086 901 hostes

510 941 816 1004 advenient,
849 939 941 1010 qui
973 939 1234 1009 populum
1283 938 1584 1003 destruent,
1631 945 1686 992 et
1721 936 1817 992 Dei
1863 936 2081 990 domum

510 1032 945 1087 inflammabunt.
989 1031 1103 1085 Hoc
1147 1040 1328 1085 autem
1370 1031 1598 1096 addidit,
1650 1030 1721 1085 ob
1758 1030 1858 1084 ira:
1894 1038 2082 1084 osten-

511 1124 744 1179 dendam
800 1122 1255 1193 magnitudinem,
1307 1123 1451 1193 quod
1503 1138 1697 1192 nempe
1746 1136 1815 1177 ne
1856 1120 2086 1190 prepriae

511 1216 726 1286 quidem
760 1214 944 1268 domui
976 1221 1183 1284 parcet,
1216 1212 1311 1266 sed
1341 1211 1556 1267 excidio
1598 1227 1718 1267 eam
1766 1219 1960 1281 praeter
1999 1226 2085 1264 re-

510 1309 662 1379 liqua
708 1307 960 1361 hostibus
1012 1305 1209 1359 tradet.
1259 1304 1371 1374 38
1404 1304 1605 1359 Deinde
1628 1319 1727 1358 cur
1762 1304 1878 1357 haac
1922 1318 2085 1357 even—

512 1410 631 1453 tura
666 1398 777 1452 sint
809 1397 1097 1452 declarans
1130 1414 1144 1451 :
1183 1413 1203 1447 ι
1238 1396 1379 1460 Quia
1426 1396 1757 1464 transgressi
1808 1403 1956 1457 sunt,
2008 1394 2087 1447 in-

509 1492 647 1560 quit,
686 1489 863 1544 [ωάυε
898 1504 1100 1551 meum,
1139 1493 1191 1541 et
1220 1497 1412 1540 contra
1446 1486 1615 1556 legem
1654 1500 1825 1539 meam
1855 1486 2084 1540 sceleste

509 1586 758 1649 egerunt.
790 1597 808 1630 ι
840 1576 1050 1631 Etenim
1092 1575 1390 1630 absurdum
1426 1575 1751 1641 existimavi,
1795 1583 2079 1646 postquam

511 1671 565 1724 hi
612 1681 830 1739 pactum
878 1685 1057 1723 meum
1089 1668 1445 1729 violaverant,
1492 1675 1547 1720 et
1597 1667 1747 1721 omni
1803 1668 2079 1734 impietate

510 1764 773 1818 adversus
804 1764 974 1832 legem
1012 1776 1188 1817 meam
1233 1759 1570 1829 prmvaricati
1606 1758 1840 1821 fuerant,
1878 1757 2079 1827 templo

512 1872 757 1928 parcere,
790 1854 936 1925 quod
976 1854 1063 1909 isti
1092 1869 1285 1924 gressu
1326 1867 1427 1906 suo
1471 1851 1886 1921 inquinaverant
1920 1862 2079 1919 atque

512 1952 837 2021 polluerant.
876 1966 895 1999 ι
932 1948 1013 2002 Ad
1046 1962 1132 2001 me
1151 1945 1465 2000 clamabunt
1492 1962 1505 1998 :
1532 1942 1696 2005 Deus,
1724 1942 2080 2012 cognovimus

511 2051 582 2096 te.
617 2062 635 2092 ι
675 2038 831 2092 Tunc
861 2037 1026 2092 rebus
1056 2035 1211 2105 ipsis,
1242 2042 1296 2089 et
1337 2032 1589 2102 imposita
1621 2047 1650 2085 a
1686 2046 1771 2087 me
1806 2031 1889 2084 his
1919 2044 2076 2100 pinna

512 2127 773 2189 convicti,
802 2125 1095 2196 potentiam
1132 2137 1306 2177 meam
1342 2122 1658 2175 fatebuntur
1682 2121 1859 2175 inviti.
1892 2141 1909 2172 ι
1940 2120 2076 2186 Quia

513 2219 675 2275 Israel
730 2224 1013 2272 aversatus
1077 2222 1160 2269 est
1232 2213 1396 2275 bona,
1454 2213 1734 2267 inimicum
1805 2212 2078 2281 persecuti

512 2316 659 2361 sunt.
704 2327 722 2358 ι
766 2304 955 2360 Merito
1000 2304 1115 2358 hme
1171 2303 1465 2373 patientur,
1513 2303 1606 2373 qui
1644 2302 1875 2357 conlatis
1920 2318 1950 2355 a
1995 2318 2079 2356 me

511 2400 792 2455 beneficiis
827 2398 1024 2469 ingrati
1079 2397 1320 2452 fuerunt.
1356 2396 1518 2466 Atqui
1566 2411 1633 2450 eo
1679 2403 1939 2465 tempore,
1970 2409 2078 2463 quo

510 2510 608 2564 ego
664 2492 769 2546 illis
818 2506 974 2562 opem
1017 2489 1142 2558 tuli,
1175 2489 1333 2545 facile
1377 2487 1668 2544 admodum
1721 2488 1904 2543 hostes
1947 2501 2077 2541 suos

509 2593 859 2656 superarunt.

578 2866 745 2921 Vens.
781 2864 900 2919 4-6.
932 2891 1005 2907 —
1036 2881 1056 2915 ι
1082 2878 1087 2882 ’
1112 2862 1476 2932 Sibimetipsis
1526 2869 1913 2931 regnaverunt,
1966 2877 2074 2915 non

1689 269 2042 327 THEODORI
2090 270 2567 327 M-UPSUES'I'ENI

1320 400 1445 440 nam
1501 386 1635 441 locis
1688 387 1850 442 inviis
1878 387 2078 443 similes

2188 388 2309 449 τοὺς
2346 386 2715 456 γεγενημένας
2766 386 2915 456 παρὰ
2966 386 3060 439 τοῦ
3113 386 3246 439 Θεοῦ
3290 388 3529 459 δωρεάς·
3560 392 3726 466 ἀϐάτῳ

3638 274 3727 326 ιη

2186 479 2295 549 γὰρ
2325 478 2534 531 ἔσονται
2576 478 2969 546 παραπλήσιοι,
3000 481 3066 547 τῇ
3113 480 3316 550 ἐρημίᾳ
3360 482 3727 551 παραδοθέντες

2187 569 2473 629 παντελεῖ,
2522 572 2603 630 εἰς
2656 569 2733 647 ἢν*
2784 570 3251 639 καταστήσονται,
3306 572 3402 641 τῆς
3453 573 3727 645 πολεμικῆς

2188 660 2488 727 σάλπιγγος
2519 661 2605 711 ἐπ’
2635 636 2829 723 αύλξοὺς
2867 636 3103 732 ήχούσης
3156 661 3295 730 μέγα
3315 703 3328 725 ,
3359 636 3467 715 -καὶ
3502 636 3595 733 τὴν

2187 752 2458 822 πολεμίων
2504 752 2689 821 ἔφοδον
2735 753 3029 822 μέλλουσαν
3075 753 3475 825 γνωριζούσης,
3524 756 3557 826 ἢ
3607 759 3726 825 μετὰ

2182 845 2382 915 πολλῆς
2433 845 2615 907 αὐτοῖς
2684 843 3039 897 ἐπελεύσεται
3106 846 3202 915 τῆς
3258 845 3532 916 ὀξύτητος,
3588 849 3723 918 δίκην

2183 936 2340 990 ἀετοῦ
2386 936 2581 1007 ἀθρόον
2629 936 2985 1007 ἐφισταμένου
3036 940 3146 999 τοῖς
3194 938 3562 1008 θηρωμένοις·
3601 940 3725 993 οὕτω

2182 1030 2293 1100 γὰρ
2328 1030 2392 1098 δὴ
2437 1029 2530 1082 καὶ
2572 1030 2620 1081 oi
2678 1027 2923 1098 πολέμιοι
2973 1028 3371 1092 ἐπελεύσονται,
3422 1031 3635 1094 τούτους
3673 1051 3721 1085 τε

2183 1118 2555 1189 ἀφανίζοντες,
2583 1118 2791 1173 καὶτὸν
2826 1115 2969 1172 οἷκον
3011 1121 3412 1190 πυρπολοῦντες
3441 1121 3531 1173 τὸν
3568 1123 3720 1175 θεῖονο

2182 1210 2339 1263 τοῦτο
2383 1210 2437 1263 δὲ
2475 1210 2858 1280 προστέθεικεν
2907 1212 2986 1273 εἰς
3036 1209 3305 1275 ἀπόδειξιν
3343 1211 3435 1263 τοῦ
3484 1212 3725 1281 μεγέθους

2183 1301 2283 1371 τῆς
2322 1300 2510 1372 ὀργῆς,
2556 1302 2636 1355 ὅτι
2670 1301 2803 1372 μηδέ
2828 1301 2921 1354 τοῦ
2947 1301 3097 1355 οἴκου
3133 1302 3371 1370 φείδεται
3404 1303 3496 1356 τοῦ
3520 1306 3721 1366 οἰκείου,

2182 1391 2420 1455 ἐκδιδοὺς
2455 1391 2616 1444 αὐτὸν
2648 1393 2727 1455 εἰς
2755 1392 3059 1463 ἀφανισμὸν
3089 1393 3226 1462 μετὰ
3262 1394 3369 1447 τῶν
3400 1394 3598 1448 λοιπῶν
3628 1401 3723 1460 τοῖς

2183 1484 2481 1553 πολεμίοις·
2507 1479 2623 1537 εἶτα
2645 1484 2739 1537 καὶ
2761 1484 2875 1537 ἀνθ’
2900 1486 3022 1538 ὅτου
3046 1486 3215 1540 ταῦτα
3239 1488 3524 1559 γενήσεται
3546 1489 3724 1557 δηλῶν

2132 1622 2145 1635 ,
2188 1596 2207 1623 ε
2274 1576 2411 1628 Ἀνθ’
2441 1569 2516 1631 ὧν
2550 1577 2867 1648 παρέϐησαν
2890 1579 2989 1647 τὴν
3022 1579 3283 1650 διαθήκην
3319 1598 3442 1649 μου,
3485 1581 3723 1634 καὶκατὰ

2179 1668 2274 1720 τοῦ
2318 1668 2481 1737 νόμου
2521 1668 2819 1740 ἠσέϐησαν.
2867 1689 2886 1721 ι
2937 1670 3087 1723 Ἐπεὶ
3134 1671 3227 1724 καὶ
3271 1672 3469 1725 ἄτοπον
3495 1672 3724 1743 ἡγούμην

2180 1758 2384 1817 τούτων
2434 1759 2796 1829 παραϐάντων
2846 1760 2943 1831 τὴν
2990 1759 3250 1831 διαθήκην
3298 1763 3395 1833 τὴν
3441 1764 3606 1835 ἐμὴν,
3645 1766 3724 1817 καὶ

2176 1851 2453 1914 παντελῶς
2487 1853 2567 1915 είς
2606 1852 2698 1904 τὸν
2727 1853 2889 1923 νόμον
2928 1854 3273 1924 ἠσεϐηκότων
3319 1856 3409 1907 τὸν
3451 1857 3604 1925 ἐμὸν,
3643 1856 3723 1909 τοῦ

2175 1943 2321 1995 οἴκου
2348 1942 2619 2012 φείδεσθαι
2643 1943 2702 1995 ὃν
2741 1943 3012 2013 ἑρῤύπουν
3038 1962 3097 1997 τε
3136 1948 3228 1999 καὶ
3254 1947 3512 2017 ὲμόλυνον
3538 1952 3600 2018 τῇ
3624 1951 3725 2001 ἐπι-

2176 2034 2330 2087 ϐάσει
2360 2038 2424 2105 τῇ
2452 2036 2645 2104 οἰκείᾳ.
2692 2053 2711 2085 ι
2756 2036 2897 2107 Πρὸς
2925 2038 3023 2107 ἐμὲ
3066 2042 3454 2109 κεκράξονται·
3499 2043 3558 2095 '0
3587 2044 3723 2105 Θεὸς.

2176 2126 2495 2219 ἐγνώκαμέν
2531 2144 2610 2180 σε.
2716 2128 2792 2197 (p.
2828 2128 2918 2193 58)
2962 2130 3095 2183 Τότε
3130 2132 3250 2219 Orco.
3261 2134 3367 2187 τῶν
3404 2135 3727 2205 πραγμάτων

2175 2218 2268 2270 καὶ
2296 2217 2395 2288 τῆς
2426 2218 2770 2289 ἐπαγομένης
2803 2219 2987 2283 αὐτοῖς
3030 2217 3334 2293 τιμωρίας,
3383 2224 3607 2290 ἄκοντες
3641 2227 3727 2295 τὴν

2173 2309 2399 2380 δύναμιν
2428 2310 2817 2380 ὁμολογήσουσι
2843 2312 2939 2382 τὴν
2977 2314 3135 2383 ἐμήν.
3176 2334 3196 2365 ‹
3228 2315 3347 2368 Ὅτι
3387 2318 3603 2389 Ἰσραὴλ
3634 2320 3727 2371 άπ-

2175 2402 2472 2473 εστρέψατο
2491 2403 2687 2471 ἀγαθὰ,
2710 2404 2899 2475 ἐχθρὸν
2921 2406 3268 2473 κατεδίωξαν.
3284 2428 3301 2459 ι
3318 2410 3603 2464 Πείσονται
3619 2410 3728 2481 μέν-

2174 2511 2255 2548 τοι
2291 2493 2515 2547 τοιαῦτα
2567 2494 2790 2559 δικαίως
2835 2499 2883 2550 οἱ
2922 2498 3051 2569 περὶ
3086 2499 3185 2568 τὴν
3214 2500 3358 2553 δόσιν
3389 2502 3493 2554 τῶν
3528 2502 3727 2571 ἀγαθῶν

2182 2585 2289 2638 τῶν
2323 2586 2453 2656 παρ’
2475 2587 2608 2655 ἐμοῦ
2634 2588 2916 2655 γεγονότες
2937 2577 3270 2660 ἀγνώμονεςο
3296 2593 3470 2646 καίτοι
3500 2612 3564 2663 γε
3585 2595 3727 2647 ὁπότε

2183 2678 2443 2748 παρεῖχον
2466 2678 2648 2740 αὐτοῖς
2675 2678 2772 2749 τὴν
2793 2681 2932 2750 ἐμὴν
2964 2681 3212 2751 βοήθειαν
3258 2686 3394 2753 μετὰ
3426 2686 3624 2757 πολλῆς
3643 2687 3730 2755 τῆς

2186 2768 2483 2839 εὐμαρείας
2508 2767 2829 2839 κρατοῦντες
2848 2770 2955 2825 τῶν
2980 2771 3186 2843 ἐχθρῶν
3201 2775 3308 2826 τῶν
3332 2776 3569 2831 οἰκείων.

2256 2859 2400 2929 Στίχ.
2436 2859 2585 2923 δ’-ς’,
2613 2890 2682 2899 —
2721 2879 2740 2910 ‹
2787 2862 3028 2926 Ἐαυτοῖς
3063 2863 3436 2929 ἐϐασίλευσαν,
3471 2869 3569 2921 καὶ
3593 2868 3649 2921 ού
3672 2868 3730 2920 δι’

509 2973 604 3028 per
638 2972 722 3010 me
763 2956 1188 3024 imperaverunt,
1232 2963 1286 3007 et
1326 2954 1460 3007 mihi
1506 2952 1730 3006 minime
1758 2951 2074 3006 notiﬁcave-

2182 2952 2317 3022 ἐμοῦ
2340 2949 2531 3023 ἦρξαν,
2574 2953 2668 3005 καὶ
2703 2952 2802 3006 οὐκ
2839 2954 3137 3024 ἐγνώρισάν
3183 2972 3293 3024 μοι.
3339 2975 3357 3006 ι
3392 2956 3551 3010 Οὕτω
3585 2958 3637 3009 δέ
3671 2974 3729 3027 με

506 3061 655 3104 runt.
696 3066 713 3098 ι
758 3046 1063 3115 Tantopere
1103 3046 1468 3107 insanierunt,
1502 3052 1560 3097 ut
1594 3044 1780 3098 datum
1818 3059 1847 3097 a
1875 3060 1962 3099 me
1990 3059 2077 3099 re-

509 3156 629 3210 gem
658 3145 1098 3198 exauctorantes,
1138 3137 1239 3206 ipsi
1289 3136 1565 3205 proprium
1607 3135 1710 3190 sibi
1746 3150 1926 3205 regem
1954 3150 2079 3188 con-

504 3233 803 3293 stituerint,
834 3230 965 3283 nihil
989 3229 1100 3298 jam
1129 3228 1197 3283 de
1221 3230 1346 3297 jure
1384 3243 1506 3283 meo
1553 3228 1770 3282 solliciti
1806 3246 1819 3281 :
1852 3225 1906 3281 id
1931 3226 2076 3281 enim

516 3326 732 3380 denotat
765 3322 931 3377 dictio
966 3340 979 3375 :
1009 3342 1026 3373 ι
1050 3320 1403 3390 Nequaquam
1427 3321 1865 3375 notilicaverunt.
1890 3348 1957 3358 -—
1984 3317 2080 3370 Ar-

500 3425 728 3491 gentum
755 3431 938 3481 suum,
966 3421 1022 3469 et
1049 3429 1241 3468 aurum
1276 3428 1433 3469 suum
1474 3412 1723 3469 fecerunt
1762 3410 1868 3466 sibi
1908 3409 2075 3476 idola,

509 3518 566 3564 ut
597 3510 926 3578 dispereunt.
971 3526 990 3559 ι
1021 3503 1087 3559 Et
1121 3506 1431 3561 institutum
1462 3520 1494 3558 a
1516 3500 1609 3558 me
1644 3519 1888 3575 regnum,
1924 3515 1975 3557 et
2002 3501 2078 3556 le-

508 3600 753 3671 gitimam
804 3598 1118 3667 religionem
1173 3596 1548 3661 aboleverunt,
1594 3603 1654 3649 ut
1702 3610 1928 3665 regnum
1974 3592 2077 3648 sibi

502 3692 789 3762 proprium
838 3690 1259 3745 constituerent.
1323 3687 1467 3743 Dicit
1534 3703 1661 3743 vero
1713 3687 1844 3743 illud
1892 3684 2075 3741 decem

500 3784 775 3849 tribuum,
809 3782 968 3853 cujus
997 3782 1212 3837 initium
1244 3780 1628 3845 Jerohoamus,
1660 3781 1755 3852 qui
1796 3787 1851 3836 et
1885 3779 2078 3848 juven-

511 3892 608 3930 cas
643 3876 852 3946 primus
886 3876 1022 3947 ipsis
1070 3876 1355 3932 fabricavit
1408 3896 1421 3931 :
1468 3877 1662 3943 haeque
1710 3883 2075 3933 consentanea

508 3967 666 4037 regni
698 3967 822 4020 novi
852 3966 1175 4019 absurditati
1210 3966 1354 4021 idola
1385 3966 1554 4020 multa
1584 3980 1648 4018 ac
1677 3965 1823 4018 varia
1847 3979 1913 4019 ex
1943 3980 2077 4020 auro

501 4066 843 4125 argentoque
871 4054 975 4109 sibi
1003 4054 1389 4119 eflormaruut;
1440 4068 1472 4107 a
1518 4053 1720 4123 quibus
1756 4053 1901 4107 aliud
1940 4054 2077 4108 nihil

496 4161 673 4218 quam
719 4146 1101 4202 exterminium
1151 4160 1309 4200 suum
1360 4153 1784 4215 consequentur.
1832 4144 1897 4197 Et
1943 4160 2078 4215 quo-

500 4242 660 4296 niam
708 4240 817 4295 illis
867 4239 1021 4310 regni
1071 4238 1197 4292 novi
1256 4238 1657 4293 institutionem
1709 4237 2075 4305 exprobravit,

2180 3040 2457 3104 παντελῶς
2483 3041 2933 3110 παρελογίσαντο,
2970 3044 3044 3107 ὼς
3073 3044 3174 3097 ’καὶ
3200 3046 3292 3097 τὸν
3326 3048 3455 3116 παρ’
3493 3047 3628 3117 ἐμοῦ
3656 3046 3731 3098 δο-

2179 3133 2338 3187 θέντα
2389 3133 2608 3203 βασιλέα
2670 3134 3191 3206 παραγραψάμενοι,
3257 3137 3410 3190 αύτοὶ
3469 3137 3731 3207 βασιλείαν

2178 3228 2576 3298 κατεστήσαντο
2602 3227 2756 3290 ἰδίαν,
2780 3228 2967 3280 οὐδένα
2990 3228 3097 3281 τῶν
3119 3246 3183 3280 πε
3194 3230 3243 3300 ρὶ
3266 3230 3365 3299 ὲμέ
3390 3232 3731 3301 ποιησάμενοι

2177 3319 2351 3386 λόγον·
2387 3318 2541 3370 τοῦτο
2567 3319 2673 3390 γὰρ
2706 3319 2852 3386 λέγει
2884 3319 2961 3380 τὸ,
2985 3337 3003 3370 ι
3037 3320 3149 3374 Οὐκ
3180 3322 3566 3391 ἐγνωρίσαντο.
3588 3349 3650 3363 -ι-
3669 3322 3734 3373 Τὸ

2178 3410 2441 3481 ἀργύριον
2467 3409 2645 3460 αὐτῶν
2674 3410 2765 3461 καὶ
2794 3409 2854 3460 τὸ
2879 3410 3096 3479 χρυσίον
3130 3412 3307 3464 αὐτᾶν
3334 3412 3596 3483 ἐποίησαν
3621 3415 3734 3466 ἐαυ·

2177 3501 2288 3561 τοῖς
2322 3498 2513 3551 εἴδωλα
2535 3540 2548 3562 ,
2587 3499 2733 3561 ὅπως
2770 3497 3241 3569 ὲξολοθρευθῶσιν.
3291 3520 3309 3552 ι
3362 3503 3471 3555 Καὶ
3512 3502 3611 3573 τὴν
3646 3503 3734 3572 μὲν

2180 3592 2309 3661 παρ’
2346 3590 2478 3658 ἐμοῦ
2524 3591 2820 3660 βασιλείαν,
2855 3595 2954 3662 τήν
2992 3608 3051 3643 τε
3097 3594 3225 3664 περὶ
3258 3594 3349 3646 τὸν
3393 3594 3561 3664 νόμον
3605 3612 3733 3665 παρ-

2179 3681 2485 3753 εγράψαντο
2514 3681 2825 3754 θεραπείαν,
2857 3681 3131 3753 βασιλείαν
3156 3685 3213 3738 δέ
3245 3686 3378 3738 ἰδίαν
3409 3688 3737 3757 καταστησά-

2181 3790 2332 3845 μενοι
2373 3774 2551 3845 (λέγει
2578 3774 2636 3828 δέ
2677 3774 2775 3845 τὴν
2804 3775 2895 3827 ἐπὶ
2920 3774 3028 3827 τῶν
3068 3774 3198 3829 δέκα
3227 3777 3408 3846 φυλῶν
3437 3783 3735 3847 γεγονυῖαν,

2178 3867 2489 3939 ἀρξαμένην
2523 3867 2631 3922 ἀπὸ
2657 3868 2751 3921 τοῦ
2804 3868 3103 3943 Ἱεροϐοάμ,
3138 3871 3197 3934 ὃς
3231 3874 3324 3925 καὶ
3363 3872 3461 3935 τὰς
3485 3873 3739 3944 δαμάλεις

2180 3959 2392 4030 πρῶτος
2416 3960 2599 4021 αὐτοῖς
2632 3959 3073 4029 κατεσκεύασεν),
3098 3963 3362 4017 ἀκόλουθα
3393 3967 3459 4035 τῇ
3490 3967 3623 4037 περὶ
3649 3964 3739 4036 τὴν

2177 4050 2405 4121 ἐκλογήν
2420 4050 2520 4119 τῆς
2543 4050 2817 4121 βασιλείας
2839 4052 3039 4123 ἀτοπία
3059 4054 3533 4125 διαπραττόμενοι,
3558 4061 3632 4127 (p.
3655 4058 3738 4119 59)

2178 4141 2372 4194 εἴδωλα
2403 4140 2569 4196 πολλά
2592 4159 2651 4194 τε
2681 4144 2775 4196 καὶ
2805 4144 3020 4197 ποικίλα
3052 4145 3119 4198 τὰ
3161 4146 3259 4217 μὲν
3291 4149 3354 4200 ὲκ
3383 4147 3586 4218 χρυσοῦ
3618 4167 3739 4203 κατ-

2179 4233 2499 4299 εσκεύασαν,
2528 4234 2597 4286 τὰ
2643 4233 2699 4287 δέ
2729 4235 2787 4301 ἐξ
2825 4235 3084 4307 ἀργύρου·
3136 4238 3228 4306 ἀφ’
3269 4232 3342 4290 ὧν
3380 4240 3534 4293 οὐδὲν
3563 4242 3742 4313 ἕτερον

499 4331 654 4385 unde
684 4330 1037 4399 juvencarum
1067 4327 1282 4382 facinus
1302 4334 1487 4381 ortum
1511 4335 1652 4391 erat,
1678 4334 2078 4395 consequenter

2181 4322 2292 4376 ἀλλ’
2335 4323 2369 4394 ἢ
2400 4324 2489 4377 τὸν
2528 4325 2833 4396 ἀφανισμὸν
2874 4327 3191 4398 κερδανοῦσι
3237 4330 3329 4384 τὸν
3366 4332 3566 4385 οἰκεῖον
3589 4351 3604 4363 ·
3655 4335 3741 4385 καὶ

513 4422 702 4477 addit:
736 4440 752 4471 ι
800 4421 991 4490 Abjice
1032 4420 1283 4484 vitulum,
1310 4418 1588 4485 Samaria;
1636 4419 1945 4474 concitatus
1994 4426 2079 4474 est

502 4513 666 4568 'furor
690 4528 846 4568 meus
895 4512 1158 4567 adversus
1202 4526 1320 4567 eos.
1359 4530 1379 4563 ι
1422 4508 1634 4566 Recede
1662 4518 1694 4565 a
1720 4510 2077 4581 juvencarum

513 4604 678 4673 impio
716 4603 902 4668 cultu;
935 4616 1112 4673 neque
1151 4603 1295 4657 enim
1330 4600 1684 4656 mediocriter
1722 4607 1936 4672 patrato
1969 4615 2081 4655 sce-

512 4695 611 4751 leri
641 4694 750 4766 39
776 4694 1000 4749 irascor.
1032 4712 1052 4747 ι
1092 4694 1389 4763 Quousque
1420 4694 1633 4748 tandem
1655 4692 1936 4748 emundari
1967 4708 2077 4747 non

472 4800 475 4803 ‘
511 4795 766 4860 poterunt
793 4784 1101 4840 inlsraele?
1120 4786 1323 4840 Idolum
1356 4786 1460 4840 hoc
1485 4784 1681 4840 artifex
1711 4784 1861 4849 fecit,
1892 4792 1946 4840 et
1967 4801 2077 4839 non

510 4890 593 4935 est
626 4880 785 4935 Deus.
812 4898 829 4929 ι
863 4877 1098 4943 Siccine,
1123 4893 1190 4931 ne
1214 4878 1473 4944 temporis
1497 4876 1715 4947 quidem
1741 4876 2075 4931 diuturnitas

512 4979 565 5023 te
604 4969 790 5023 docuit
839 4968 1071 5022 cilicium
1121 4967 1316 5019 tuum?
1376 4982 1549 5035 neque
1587 4977 1744 5021 tantae
1787 4968 2075 5036 impietatis

513 5058 780 5109 maculam
827 5054 1049 5109 cluisti?
1095 5054 1190 5108 sed
1230 5054 1370 5107 idola
1416 5070 1675 5109 manuum
1721 5058 2075 5110 humanarum

510 5159 648 5211 opus
706 5144 1013 5210 admiraris,
1057 5160 1177 5212 quze
1228 5159 1361 5197 sane
1404 5146 1748 5214 quandonam
1799 5146 1872 5201 dii
1929 5148 2076 5202 credi

514 5242 783 5303 poterunt,
817 5249 940 5287 cum
975 5234 1137 5289 talem
1176 5234 1411 5289 habeant
1442 5237 1778 5291 cxsistentize
1812 5254 1924 5293 suae
1946 5254 2076 5292 cau-

513 5322 668 5378 sam?
714 5340 732 5372 ‹
780 5321 1068 5391 Propterea
1117 5323 1280 5377 fallax
1312 5334 1395 5378 est
1441 5326 1648 5380 vitulus
1698 5333 1847 5392 tuus,
1894 5343 1927 5381 ο
1977 5325 2077 5380 Sa-

512 5410 702 5464 maria.
745 5428 763 5461 )
802 5408 1052 5464 Nondum
1098 5411 1280 5481 itaque
1323 5414 1548 5482 potuisti
1600 5429 1948 5485 cognoscere,
1984 5418 2076 5485 ju-

503 5515 800 5555 vencarum
846 5500 1106 5553 fabricam
1147 5502 1245 5556 tibi
1286 5517 1513 5558 causam
1558 5503 1843 5559 aberrandi
1891 5521 1922 5559 a
1968 5505 2078 5562 Deo

511 5591 812 5657 exstitisse,
855 5605 1019 5663 quam
1073 5592 1144 5647 ob
1175 5609 1288 5650 rem
1337 5594 1487 5665 justo
1512 5610 1605 5650 eas
1652 5596 1779 5651 odio
1821 5601 2076 5670 prosequi

502 5682 751 5738 debeas?

2183 4415 2367 4486 ἐπειδὴ
2402 4416 2500 4488 τὴν
2539 4417 2638 4488 τῆς
2670 4401 2955 4487 ’βασιλείας
2987 4422 3169 4484 αὐτοῖς
3209 4422 3448 4475 ὠνείδισε
3492 4442 3741 4494 καινουρ-

2182 4503 2326 4573 γίαν,
2362 4506 2482 4557 ὅθεν
2501 4506 2564 4576 δὴ
2601 4508 2744 4561 κατὰ
2764 4507 2874 4561 τῶν
2902 4509 3185 4580 δαμάλεων
3212 4513 3480 4585 ἐτολμήθη
3502 4516 3739 4587 πρῶτον,

2181 4594 2485 4659 ἀκολούθως
2526 4596 2742 4665 ἐπάγει·
2796 4616 2820 4649 ι
2879 4598 3206 4671 Ἀπόρριψον
3254 4602 3343 4656 τὸν
3391 4604 3592 4675 μόσχον
3633 4623 3740 4666 σου,

2182 4686 2495 4757 Σαμάρεια⁹
2549 4687 2871 4760 παρωξύνθη
2918 4692 2946 4743 ὁ
2988 4690 3156 4761 θυμός
3198 4710 3297 4763 μου
3335 4695 3419 4745 ἐπ’
3461 4696 3675 4758 αύτούς.
3723 4718 3739 4744 ι

2195 4779 2483 4848 Ἀπόστηθι
2510 4780 2573 4850 δὴ
2601 4782 2699 4850 τῆς
2731 4782 2857 4852 περὶ
2888 4784 2987 4845 τὰς
3012 4778 3278 4854 δαμάλεις
3313 4786 3566 4851 ἀσεϐείας
3585 4803 3600 4816 ⁸
3631 4789 3745 4841 οὐδὲ

2181 4871 2287 4943 γὰρ
2319 4872 2394 4935 ὡς
2422 4872 2608 4941 ἔτυχεν
2645 4872 2922 4944 ὤργισμαι
2958 4878 3048 4929 ἐπὶ
3089 4880 3153 4948 τῇ
3182 4879 3290 4931 τῶν
3315 4881 3620 4948 γεγονότων
3648 4899 3744 4933 πα-

2185 4961 2432 5031 ρανομίᾳ.
2470 4981 2487 5011 ι
2528 4962 2671 5025 Ἕως
2696 4963 2840 5026 τίνος
2871 4966 2931 5018 ού
2971 4966 3045 5036 μὴ
3072 4967 3329 5021 δύνωνται
3355 4971 3743 5042 καθαρισθῆνας

2180 5055 2236 5107 ἐν
2279 5054 2354 5124 τῷ
2408 5054 2656 5127 ’ῐσραήλς
2704 5058 2813 5109 Καὶ
2866 5059 3000 5111 αὐτὸ
3044 5061 3248 5113 τέκτων
3281 5063 3522 5134 ἐποίησε,
3560 5066 3654 5116 καὶ
3687 5065 3744 5115 οὐ

2178 5146 2309 5208 Θεός
2357 5147 2521 5201 ἐστιν.
2576 5168 2594 5198 ι
2642 5148 2780 5200 Ἀλλ’
2829 5151 2945 5204 οὺδέ
2990 5152 3018 5202 ὁ
3066 5153 3272 5223 μακρὸς
3311 5155 3498 5224 χρόνος
3531 5155 3747 5220 ἐξεπαί-

2179 5237 2336 5290 δευσέ
2370 5255 2429 5290 σε
2476 5240 2538 5291 τὸ
2583 5239 2732 5305 δέον;
2777 5241 2897 5294 οὐδὲ
2938 5243 3138 5297 ἀπέθου
3174 5248 3270 5316 τῆς
3304 5248 3573 5317 τοσαύτης
3620 5248 3745 5301 ἀσε-

2180 5331 2330 5393 ϐείας
2351 5331 2442 5384 τὸν
2480 5332 2686 5401 ρύπον;
2723 5333 2955 5405 κέχηνας
2981 5335 3038 5387 δὲ
3068 5338 3195 5407 περὶ
3228 5338 3419 5390 εἴδωλα
3448 5338 3505 5402 ἐξ
3534 5339 3747 5409 ἀνθρω-

2181 5424 2350 5477 πίνων
2369 5425 2626 5495 γινόμενα
2651 5426 2868 5496 χειρῶν,
2895 5427 2930 5481 ἆ
2956 5426 3083 5480 πότε
3107 5428 3171 5481 ἂν
3198 5432 3421 5495 εἰκότως
3442 5434 3749 5502 νομισθεῖεν

2181 5515 2332 5579 θεοὶ,
2378 5516 2631 5585 τοιαύτην
2670 5515 2860 5585 ἔχοντα
2907 5522 3007 5590 τῆς
3054 5521 3337 5592 ὑπάρξεως
3392 5524 3491 5596 τὴν
3532 5526 3746 5583 αίτίαν;

2186 5623 2205 5655 ι
2246 5605 2389 5658 Διότι
2423 5605 2639 5659 πλανῶν
2668 5601 2736 5676 ἦν
2770 5609 2798 5659 ό
2838 5609 3034 5679 μόσχος
3072 5628 3186 5677 σου,
3237 5614 3535 5686 Σαμάρεια,
3576 5634 3595 5665 ι
3644 5616 3751 5667 Καὶ

2183 5699 2243 5751 οὺ
2266 5698 2553 5768 δεδύνησαι
2588 5699 2815 5753 συνιδεῖν
2838 5703 2918 5756 ὅτι
2945 5705 2977 5774 ή
3003 5704 3110 5758 τῶν
3132 5705 3412 5778 δαμάλεων
3439 5707 3752 5777 κατασκευὴ

504 5772 718 5845 πλάνης
765 5791 845 5829 σοι
876 5774 976 5847 τῆς
1012 5776 1120 5832 ἀπὸ
1155 5777 1290 5833 Θεοῦ
1338 5779 1559 5873 γέγονεν
1597 5780 1766 5851 αἰτία,
1803 5781 1942 5843 ὥστε
1985 5785 2079 5841 καὶ
2107 5786 2193 5843 διὰ
2231 5789 2387 5846 τοῦτο
2414 5791 2607 5863 χρῆναι
2639 5797 2814 5863 μισεῖν
2843 5772 2979 5853 αὐτά
3005 5772 3256 5869 Sinite};
