3906 6208
182 275 290 331 173

1162 264 1705 323 COMMENTARIUS
1736 264 1810 319 ἸΝ
1848 263 2047 319 ΟΞΕΑΞ
2089 261 2238 316 CAP.
2281 260 2416 315 Vlll.

3292 262 3392 315 ιη

255 393 399 462 Στίχ.
432 391 563 456 ζ’-ιθ,
599 420 669 430 ——
710 409 730 441 ι
770 391 895 443 Ὅτι
920 388 1265 460 ἀνεμόφθορά
1291 390 1405 440 ὲστι
1428 428 1443 449 ,
1478 388 1624 455 καὶὴ
1654 403 1751 439 κα·-

1920 382 2084 437 Vsns.
2117 382 2267 436 7-10.
2292 412 2360 420 —-
2384 399 2403 432 ι
2442 381 2580 448 Quia
2604 382 2847 451 corrupit
2885 381 3138 452 (semina)
3178 390 3396 447 ventus,

180 481 461 553 ταστροφὴ
498 480 676 535 αὐτῶν
725 480 1003 546 ἐκδέξεται
1048 480 1206 533 αὐτά·
1239 479 1456 549 δράγμα
1495 479 1595 530 οὐκ
1630 476 1749 547 ἔχον

186 575 344 644 ἰσχὺν
390 574 479 627 τοῦ
504 574 732 644 ποιῆσαι
759 575 1004 646 ἄλευρον*
1034 575 1127 627 ἐὰν
1152 574 1209 627 δὲ
1231 575 1324 626 καὶ
1353 574 1573 643 ποιήσῃ,
1603 571 1751 625 ἀλλό-

183 681 329 734 τριοι
360 664 763 734 καταφάγονται
810 664 961 719 αὑτό.
1015 683 1034 716 ι
1082 663 1392 718 Διαλλάττει
1441 663 1548 733 7&9
1599 662 1750 715 οὐδὲν

182 756 297 807 τῶν
333 757 690 827 γεννημάτων
736 755 978 821 ἐκείνων,
1013 758 1089 826 (p.
1119 755 1209 825 60)
1251 754 1286 808 ἃ
1320 754 1425 807 ὑπὸ
1475 753 1750 816 καύσωνος

186 847 387 918 ἀνέμου
409 847 749 919 ξηρανθέντα
768 865 826 901 τε
844 848 935 901 καὶ
956 840 1333 918 διαφθαρέντα,
1357 847 1597 917 ἄχρηστα
1620 863 1752 899 πανι-

188 934 357 997 τελῶς
403 936 519 986 ἐστι
554 934 693 998 πρὸς
741 934 1029 1004 διατροφὴν
1058 933 1379 1006 ἀνθρώποις·
1436 932 1608 1002 φθορά
1654 933 1751 1002 μὲν

191 1027 303 1097 7&9
328 1025 465 1079 αὐτὰ
494 1026 796 1095 διαδέχεται
829 1025 922 1078 καί
948 1024 1205 1077 ἀπώλεια·
1246 1024 1362 1076 ἐστι
1398 1024 1454 1076 δὲ
1481 1023 1751 1091 ἀνωφελὲς

187 1115 519 1186 ἀνθρώποις,
540 1114 768 1186 ἄλευρον
787 1117 865 1177 εἰς
882 1114 1170 1186 διατροφὴν
1192 1115 1490 1185 ἐπιτήδειον
1518 1115 1577 1167 οὑ
1599 1114 1752 1166 δυνά-

193 1225 361 1277 μενον
386 1210 572 1261 ποιεῖν·
613 1207 664 1259 εί
716 1206 761 1259 δ’
800 1205 908 1276 ἄρα
950 1223 1000 1258 τι
1042 1206 1135 1257 κα)⁵
1170 1206 1406 1273 γένοιτο,
1441 1205 1515 1267 ὡς
1554 1205 1751 1273 φαῦλον

186 1296 275 1359 είς
308 1296 511 1366 βρῶσιν
552 1294 905 1367 προστίθεται
956 1293 1180 1361 ἀλόγωνο
1225 1294 1315 1345 τὸν
1351 1294 1509 1345 αὑτὸν
1551 1293 1659 1365 7&9
1689 1293 1753 1364 δὴ

186 1387 393 1457 τρόπον
411 1388 507 1439 καὶ
535 1388 569 1457 ἡ
596 1387 723 1455 περὶ
746 1384 1017 1440 τάείδωλα
1043 1384 1303 1455 Θεραπεία
1332 1384 1628 1455 ὲπιϐλαϐὴς
1654 1385 1753 1454 μέν

184 1480 305 1531 ἐστι
334 1479 429 1530 καὶ
462 1478 651 1549 ὄνησιν
681 1478 993 1549 παρέχουσα
1019 1477 1138 1531 οὐδὲ
1164 1476 1311 1547 μίαν’
1339 1475 1477 1529 ὥστε
1503 1477 1556 1529 εί
1581 1495 1631 1528 τι
1662 1477 1754 1530 καὶ

187 1568 468 1639 περίεστιν
503 1568 633 1638 ὑμῖν
680 1568 961 1637 ἑτέρωθεν,
1011 1568 1119 1620 τῶν
1162 1567 1430 1637 πολεμίων
1475 1567 1625 1620 ἐσται
1662 1567 1756 1620 καὶ

186 1659 347 1712 τοῦτο
380 1658 575 1728 κέρδος
601 1658 689 1711 διὰ
726 1659 821 1729 τὴν
846 1658 1064 1710 ἐνοῦσαν
1092 1657 1217 1727 ὑμῖν
1246 1656 1515 1709 ἀσέὸειαν.
1552 1674 1570 1707 ι
1606 1658 1754 1710 Κατ·
1789 1685 1828 1739 Β

194 1750 363 1821 επόθη
396 1751 637 1822 Ἰσραήλ·
661 1749 755 1803 νῦν
779 1750 991 1817 ἐγένετο
1026 1751 1085 1801 ὲν
1108 1752 1219 1812 τοῖς
1246 1748 1448 1802 ἔθνεσιν
1471 1748 1545 1812 ὼς
1568 1747 1756 1811 σκεῦος

185 1842 483 1913 ἄχρηστον·
513 1842 593 1894 ὅτι
615 1840 768 1894 αὐτοὶ
791 1840 1058 1910 ἀνέϐησαν
1091 1841 1171 1902 εἰς
1205 1839 1532 1910 Ἀσσυρίους.
1563 1858 1581 1889 ι
1616 1840 1756 1893 Παν-

186 1932 313 2001 τελῆ
347 1930 461 2002 7&9
500 1930 808 2001 ἀφανισμὸν
843 1930 980 2001 ὑπὲρ
1018 1929 1221 1984 τούτων
1264 1931 1578 2000 ὑπομενεῖτε
1600 1971 1614 1993 ,
1663 1930 1756 2001 λη-

186 2022 413 2089 φθέντες
460 2020 571 2074 ὑπὸ
617 2019 929 2092 Ἀσσυρίων·
961 2019 1147 2090 ὥσπερ
1175 2038 1226 2073 τι
1261 2019 1450 2082 σκεῦος
1482 2020 1758 2084 παντελῶς

187 2112 461 2181 ἄχρηστον
494 2110 557 2161 ὲν
582 2111 696 2174 τοῖς
725 2106 1019 2178 ἀλλοτρίοις
1042 2106 1246 2171 ἔσεσθε,
1271 2104 1481 2168 οὐδενὸς
1509 2102 1756 2176 ἀξιούμε-

187 2218 263 2253 νοι
288 2200 478 2269 λόγου.
516 2218 538 2251 ι
574 2197 824 2252 ’Δνέθαλε
849 2196 968 2250 καθ’
992 2193 1177 2250 ἑαυτὸν
1207 2195 1346 2267 ἐμοί.
1385 2213 1404 2245 ι
1453 2194 1756 2249 Ἐπέδωκαν

188 2295 263 2355 εἰς
287 2292 500 2363 πλῆθος
527 2290 616 2344 διά
638 2292 735 2359 τῆς
756 2290 893 2360 ὲμῆς
912 2287 1251 2359 κηδεμονίας,
1276 2286 1368 2339 καὶ
1388 2285 1575 2338 οὐδένα
1590 2286 1759 2337 ποιεῖ-

194 2384 311 2437 σθαί
346 2400 451 2454 μου
496 2382 658 2450 λόγον
699 2380 993 2442 ἐθέλοντες,
1041 2376 1310 2431 τοσούτων
1361 2374 1578 2445 ἀγαθῶν
1609 2374 1757 2437 ὖντος

188 2477 367 2538 αὐτοῖς
402 2473 611 2537 αἰτίου,
646 2471 899 2541 αὐθαδείᾳ
928 2470 1103 2524 πάντα
1127 2468 1505 2539 διεπράττοντο
1534 2464 1673 2519 κατά
1698 2464 1759 2517 τὸ

187 2566 369 2619 δοκοῦν
418 2568 685 2629 ἑαυτοίςο
739 2562 895 2618 τοῦτο
937 2563 1043 2635 γάρ
1080 2563 1193 2615 ἐστι
1240 2561 1322 2626 τὸ,
1368 2558 1496 2613 καθ’
1522 2556 1755 2611 ἑαυτόν.

190 2675 219 2708 4
260 2654 509 2727 Ἔφραϊμ.
536 2655 689 2724 δῶρα
716 2653 1018 2724 ἠγάπησεν.
1057 2671 1077 2704 ι
1125 2652 1236 2705 Καὶ
1264 2650 1385 2704 οὐδὲ
1407 2652 1522 2712 τοῖς
1551 2647 1755 2719 παροῦ-

194 2762 278 2799 σιν
303 2746 643 2817 ἀρκούμενοι
668 2745 804 2815 πρὸς
836 2742 1143 2807 πλεονεξίαν
1170 2742 1374 2813 ἑώρων.
1422 2760 1441 2793 ‹
1480 2740 1579 2793 Διά
1606 2738 1760 2792 τοῦτο

194 2838 636 2907 παραδοθήσεται
670 2837 732 2889 ὲν
758 2836 868 2898 τοῖς
899 2834 1125 2888 ἔθνεσιν.
1164 2852 1184 2885 ι
1235 2832 1471 2896 Εἰκότως
1507 2834 1616 2903 ἄρα
1656 2831 1760 2885 ὑπὸ

188 2932 299 2993 τοῖς
322 2928 547 3000 ἐχθροῖς
568 2927 851 2996 γεγονότες
878 2925 1222 2996 αἰσθήσονται
1246 2918 1320 2978 ὧν
1343 2942 1403 2977 τε
1424 2925 1653 2994 ἠσέϐουν
1680 2926 1758 2989 εἰς

1847 477 2077 546 excipiet
2127 490 2189 528 ea
2253 475 2550 530 subversio.
2599 474 2826 530 Culmus
2871 475 3062 530 farina:
3106 473 3400 532 efﬁcienda

1848 570 1955 621 vim
2000 581 2106 620 non
2157 565 2357 618 habens
2398 583 2410 617 :
2444 578 2605 633 quam
2643 564 2687 619 si
2726 564 2865 618 forte
2898 562 3106 630 fewrit,
3132 563 3400 621 vorabunt

1848 673 1968 713 eam
1997 656 2175 710 alieni.
2224 676 2243 707 ι
2284 653 2434 708 Haud
2471 655 2653 709 differt
2690 653 3037 725 (idololatria)
3071 671 3101 709 a
3147 656 3397 727 germini-

1850 746 1951 801 bus
1977 744 2102 809 illis,
2136 760 2256 813 qure
2287 752 2522 798 trstuoso
2556 752 2715 798 vento
2736 746 3006 799 exsiccata
3038 754 3092 801 et
3118 756 3398 817 corrupta,

1850 835 2157 889 nutriendis
2190 834 2501 889 hominibus
2522 849 2748 903 prorsus
2774 844 2905 889 sunt
2940 836 3121 906 inepta
3149 856 3162 890 :
3197 839 3399 892 etenim

1850 922 2131 992 corruptio
2163 929 2216 974 et
2257 922 2478 975 exitium
2509 931 2693 976 manet
2727 922 2879 976 haec:
2917 934 3043 978 sunt
3076 924 3276 995 quippe
3321 925 3400 981 in-

1851 1013 2024 1075 utilia,
2058 1012 2183 1081 quia
2217 1011 2444 1065 farinam
2495 1012 2689 1067 alendo
2732 1022 2910 1083 aptam
2954 1029 3019 1068 ex
3068 1030 3126 1069 se
3154 1030 3402 1085 promere

1851 1114 2160 1170 nequeunt;
2202 1117 2325 1155 nam
2366 1102 2412 1156 si
2447 1101 2586 1156 forte
2621 1103 2748 1157 hinc
2795 1104 2999 1175 aliquid
3032 1105 3311 1173 elliciatur,
3346 1108 3402 1162 id

1847 1192 2105 1262 jumentis
2143 1192 2323 1260 pabuli
2356 1206 2519 1247 causa
2558 1194 2864 1263 projicitur.
2898 1193 3017 1249 Pari
3054 1212 3286 1267 namque
3314 1214 3405 1253 ra—

1854 1285 2019 1349 tione,
2052 1285 2320 1339 idolorum
2352 1284 2585 1339 servitus
2620 1286 2781 1339 noxia
2809 1294 2912 1349 est,
2940 1294 2994 1341 et
3026 1288 3229 1341 nullam
3256 1299 3405 1344 certe

1855 1372 2139 1426 utilitatem
2184 1372 2507 1441 suppeditat.
2545 1371 2698 1437 Quod
2746 1374 2792 1427 si
2830 1373 2961 1442 quid
3010 1375 3224 1430 aliunde
3254 1376 3404 1431 vobis

1854 1462 2112 1530 supersit,
2145 1461 2195 1514 id
2232 1476 2447 1529 quoque
2495 1462 2647 1516 lucro
2697 1463 2945 1517 hostibus
2980 1464 3155 1527 cedet,
3186 1473 3407 1536 prepter

1856 1552 2146 1606 haerentem
2174 1553 2327 1606 vobis
2360 1552 2710 1623 impietatem.
2744 1572 2761 1602 ι
2792 1553 3085 1610 Devoratus
3101 1564 3184 1611 est
3207 1558 3404 1622 Israel;

1850 1638 2003 1698 nunc
2051 1643 2226 1697 factus
2265 1653 2348 1698 est
2396 1645 2449 1697 in
2487 1644 2800 1698 nationibus
2850 1647 3004 1714 quasi
3048 1662 3143 1701 vas
3187 1648 3404 1715 inutile;

1856 1734 1986 1802 quia
2038 1733 2141 1804 ipsi
2204 1734 2565 1789 ascenderunt
2600 1734 2663 1788 ad
2697 1736 2968 1807 Assyrios.
3021 1756 3039 1788 ι
3082 1735 3407 1807 Supremum

1855 1825 2054 1895 quippe
2098 1825 2480 1879 exterminium
2527 1824 2666 1880 hanc
2713 1826 2782 1880 ob
2829 1843 3048 1883 causam
3106 1829 3407 1899 patiemini,

1856 1915 2125 1984 mancipia
2155 1916 2397 1986 Assyriis
2441 1912 2569 1969 facti
2603 1934 2616 1969 :
2655 1917 2799 1972 vasis
2836 1918 3009 1974 instar
3039 1917 3107 1972 ad
3127 1919 3308 1973 omnia
3329 1921 3411 1973 in-

1857 2010 2006 2064 utilis
2033 2009 2175 2064 inter
2192 2008 2522 2078 alienigenas
2542 2010 2910 2077 versabimini,
2934 2019 2988 2066 et
3004 2010 3158 2066 ﬂocci
3185 2011 3407 2069 ﬁemini.

1859 2119 1879 2151 ‹
1919 2099 2254 2155 Germinavit
2290 2101 2435 2171 apud
2484 2101 2726 2171 seipsum
2758 2102 2911 2157 mihi.
2958 2121 2978 2155 ι
3014 2104 3146 2157 Cum
3189 2104 3243 2159 in
3280 2106 3413 2159 mulo

1857 2191 2140 2246 titudinem
2179 2190 2517 2261 providentia
2550 2206 2667 2245 mea
2697 2193 3084 2254 excrevissent,
3124 2209 3296 2264 neque
3325 2195 3411 2248 id-

1856 2283 2006 2336 circo
2035 2298 2119 2337 me
2158 2283 2310 2351 pensi
2359 2283 2559 2338 habere
2587 2283 2807 2347 vellent,
2832 2283 2924 2353 qui
2971 2293 3243 2340 tantorum
3276 2285 3411 2355 ipsis

1857 2372 2121 2427 bonorum
2164 2386 2325 2426 causa
2380 2372 2585 2437 exstiti,
2630 2382 2825 2427 cuncta
2870 2374 3127 2429 audacter
3181 2377 3413 2445 agebant

1857 2464 2009 2518 libito
2033 2478 2133 2519 suo
2162 2482 2176 2517 :
2212 2463 2264 2517 id
2291 2465 2433 2519 enim
2463 2464 2682 2519 denotat
2701 2464 2889 2530 dictio,
2927 2485 2945 2517 ι
2970 2467 3112 2536 apud
3148 2468 3407 2537 seipsum.

1855 2583 1926 2593 —
1956 2552 2277 2623 Ephraimus
2305 2568 2530 2607 munera
2549 2554 2760 2609 dilexit.
2785 2573 2806 2608 ι
2838 2555 2915 2611 Ne
2949 2556 3033 2612 bis
3048 2557 3263 2627 quidem
3292 2575 3411 2628 qua:

1858 2647 1961 2703 sibi
2017 2647 2242 2703 aderant
2304 2649 2568 2711 contenti,
2613 2648 2736 2717 plus
2806 2648 3006 2704 habere
3066 2652 3407 2721 satagebant.

1861 2755 1882 2791 ι
1910 2739 2119 2794 Idcirco
2152 2738 2394 2795 tradetur
2419 2740 2749 2796 nationibus.
2790 2758 2808 2792 ι
2828 2738 2940 2813 ω
2970 2740 3139 2813 Digne
3167 2743 3413 2814 profecto

1859 2833 1961 2889 sub
1981 2832 2112 2904 jugo
2143 2834 2378 2888 hostium
2410 2834 2569 2904 positi
2598 2844 2895 2903 agnoscent
2937 2851 3059 2905 quae
3100 2837 3154 2891 in
3193 2853 3281 2893 me
3310 2838 3416 2893 im-

1860 2925 1946 2994 pie
1967 2925 2195 2994 egerint,
2226 2934 2280 2980 et
2309 2940 2429 2994 quae
2474 2925 2657 2995 imque
2692 2928 3045 2995 patraverint.
3083 2946 3102 2978 ι
3142 2927 3298 2984 Nunc
3325 2946 3417 2987 ex-

192 3022 309 3090 ὲμὲ.
348 3016 427 3075 ὧν
472 3038 539 3073 τε
572 3019 814 3089 ἠδίκουν.
854 3022 945 3088 (p.
980 3016 1067 3087 61)
1113 3036 1131 3068 ι
1164 3015 1282 3069 Νῦν
1321 3015 1624 3085 εἰσδέξομαι
1659 3016 1759 3068 atii-

1861 3016 2057 3085 cipiam
2098 3031 2215 3071 eos.
2261 3036 2279 3067 ι
2324 3016 2663 3085 Exspectabo
2710 3019 2920 3073 scilicet
2962 3035 3059 3076 eos
3097 3021 3153 3075 in
3199 3023 3418 3093 regione

188 3112 330 3176 τούς.
363 3132 385 3165 ι
433 3111 725 3183 ’Δναμενῶ
750 3109 859 3180 γὰρ
902 3110 1094 3171 αὐτοὺς
1126 3110 1183 3161 ὲν
1209 3110 1274 3178 τῇ
1313 3107 1421 3160 τῶν
1466 3106 1761 3177 Ἀσσυρίων

190 3203 359 3275 χώρᾳ·
387 3206 471 3267 εἰς
494 3204 715 3273 ἐκείνην
734 3202 824 3255 διὰ
840 3202 938 3272 τῆς
963 3199 1333 3270 αἰχμαλωσίας
1350 3200 1522 3253 ἕλκων
1545 3199 1759 3262 αὐτοὺς,

188 3295 327 3349 ὥστε
362 3297 478 3348 τῶν
506 3294 875 3365 ἀσεϐημάτων
906 3294 1014 3349 τῶν
1044 3294 1256 3348 οἰκείων
1288 3291 1536 3363 αῐσθησιν
1579 3292 1762 3344 λαϐεῖν

190 3389 330 3440 τότε
362 3388 486 3450 πῶς
512 3388 609 3440 καὶ
632 3388 752 3439 τίνα
771 3386 863 3438 τὸν
882 3387 1081 3456 τρόπον
1106 3404 1120 3451 ;
1156 3406 1174 3438 ι
1206 3386 1317 3439 Καὶ
1343 3385 1639 3438 κοπάσουσι
1671 3401 1760 3454 μι-

188 3482 321 3551 κρὸν
356 3479 456 3533 τοῦ
496 3481 675 3550 χρίειν
711 3479 935 3549 βασιλέα
961 3481 1054 3533 καὶ
1082 3479 1361 3550 ἄρχοντας.
1403 3495 1424 3528 ι
1460 3476 1760 3529 Παύσονται

188 3576 297 3643 γὰρ
326 3572 427 3625 τοῦ
470 3573 576 3634 τὰς
606 3570 953 3643 παρανόμους
997 3571 1198 3632 ταύτας
1232 3566 1503 3638 βασιλείας
1533 3584 1591 3619 τε
1625 3565 1759 3619 καθ-

1858 3107 2229 3176 Assyriorum,
2252 3108 2303 3161 in
2326 3123 2486 3176 quam
2511 3110 2754 3177 captivos
2775 3114 3168 3180 pertrahendos
3191 3118 3416 3185 curabo,

1860 3208 1917 3253 ut
1946 3208 2058 3254 tum
2087 3199 2301 3253 demum
2327 3200 2662 3269 impietatum
2685 3217 2908 3257 suarum
2935 3220 3154 3260 sensum
3179 3210 3413 3279 capiant.

1864 3290 1971 3345 Sed
2008 3288 2379 3360 quamobrem.
2434 3299 2488 3345 et
2537 3292 2849 3361 quomodo?
2910 3315 2928 3347 ι
2984 3296 3049 3350 Ει
3103 3298 3416 3370 aliquandiu

1858 3382 2155 3437 cessabunt
2185 3383 2253 3437 ab
2290 3382 2538 3452 ungenda
2564 3399 2743 3454 regem
2778 3400 2842 3440 ac
2876 3389 3170 3459 principes.
3214 3413 3232 3444 ι
3262 3392 3417 3449 Desi-

1866 3483 1995 3529 nent
2042 3474 2155 3528 haec
2196 3475 2360 3543 impia
2398 3490 2562 3543 regna
2596 3476 3041 3551 principatusque
3063 3485 3414 3550 constituere,

1865 3565 2179 3635 captivitate
2208 3566 2429 3626 eruditi,
2446 3576 2501 3620 et
2528 3568 2783 3636 nequitiae
2803 3586 2914 3626 suae
2939 3588 3103 3629 sensu
3134 3585 3414 3645 concepto.

186 3669 407 3720 ιστάναι
442 3666 542 3718 καὶ
566 3664 855 3736 ἀρχὰς,τῇ
882 3664 1222 3735 αἰχμαλωσίᾳ
1261 3661 1632 3733 παιδευόμενοί
1670 3678 1765 3726 τε,
1824 3660 1916 3713 καὶ
1960 3660 2059 3731 τῆς
2106 3660 2446 3731 παρανομίας
2488 3660 2738 3733 αἴσθησιν
2786 3662 3151 3733 λαμϐάνοντες
3191 3668 3291 3739 τῆς
3342 3671 3419 3723 οἰ-

184 3762 365 3824 κείας.

263 3919 419 3989 Στίχ.
463 3917 746 3972 ια’-ιδ’.-
777 3938 797 3970 ι
834 3919 954 3973 Ὅτι
979 3917 1275 3990 ἐπλήθυνεν
1315 3916 1550 3989 Ἐφραῖμ
1574 3915 1757 3970 θυσια-

188 4014 404 4083 στήρια
425 4052 443 4079 ,
485 4011 571 4075 εἰς
604 4011 876 4083 ἁμαρτίας
902 4012 1146 4080 ἐγένοντο
1175 4008 1340 4079 αὐτῷ.
1376 4027 1393 4060 ι
1425 4009 1532 4062 Καὶ
1554 4006 1661 4079 γὰρ
1686 4009 1762 4060 εἰ-

184 4103 371 4167 κάτως
399 4102 759 4171 ὑπομένουσιν
788 4103 978 4170 ταῦτα,
1004 4103 1141 4175 ὑπὲρ
1169 4096 1244 4157 ὧν
1280 4101 1376 4173 τὴν
1411 4100 1581 4170 ἀσεϐῆ
1608 4100 1760 4170 βασι-

184 4191 345 4246 λείαν
397 4194 801 4263 κατεστήσαντο
841 4193 1076 4265 ἐκείνηνσ
1121 4192 1307 4264 ἐπειδὴ
1353 4193 1555 4263 ταύτην
1605 4185 1761 4262 εὗρον

183 4284 313 4339 ὁδὸν
349 4283 451 4337 τοῦ
493 4285 746 4355 πολυειδῆ
775 4286 884 4338 τῶν
911 4286 1139 4340 εἰδώλων
1176 4284 1428 4356 εὑρέσθαι
1464 4286 1561 4354 τὴν
1604 4283 1764 4354 θερα-

184 4377 381 4437 πείαν.
430 4374 606 4430 πολλά
636 4394 693 4429 τε
724 4378 932 4442 ἑαυτοῖς
958 4380 1164 4449 ἐγεῖραι
1211 4376 1305 4430 καὶ
1332 4376 1546 4429 ποικίλα
1578 4373 1765 4427 θυσια-

182 4468 419 4538 adma,
456 4469 519 4519 ὲν
544 4463 625 4530 οἷς
664 4467 731 4539 δὴ
766 4469 998 4539 μάλιστα
1032 4468 1515 4540 πλημμελήσαντες
1544 4467 1764 4530 δικαίως

178 4556 429 4610 δώσουσι
472 4556 651 4620 δίκας.
695 4578 714 4609 ι
761 4558 1108 4630 Καταγράψω
1139 4557 1289 4628 αὐτῷ
1320 4557 1541 4629 πλῆθος,
1576 4558 1667 4610 καὶ
1696 4556 1764 4610 τὰ

178 4648 408 4719 νόμιμα
442 4648 634 4702 αὐτοῦ.
673 4668 692 4701 ι
725 4649 894 4704 Τοῦτο
920 4649 1028 4721 γὰρ
1052 4650 1116 4720 δὴ
1145 4649 1253 4703 τῶν
1282 4649 1675 4719 θυσιαστηρίων
1704 4648 1766 4701 τὸ

179 4741 402 4811 πλῆθος
433 4741 531 4793 καὶ
560 4738 671 4794 τῶν
698 4741 876 4811 νόμων
908 4742 1016 4794 τῶν
1044 4741 1244 4796 καινῶν
1270 4734 1345 4794 ὧν
1376 4740 1602 4811 εὕραντο
1640 4740 1766 4810 περὶ

174 4834 294 4901 τήν
345 4831 456 4885 τῶν
502 4830 733 4884 εἰδώλων
774 4831 1087 4903 θρησκείαν,
1130 4830 1316 4902 ὥσπερ
1343 4830 1616 4900 ἔγγραφόν
1644 4846 1766 4882 τινα

177 4923 539 4993 κατηγορίαν
569 4922 913 4994 ἀποθήσομαι
936 4923 1054 4976 κατ’
1074 4922 1252 4975 αὐτῶν
1279 4922 1512 4983 δικαίαν,
1542 4922 1634 4973 ἐπὶ
1658 4922 1766 4982 τοῖς

177 5015 474 5077 τοσούτοις
491 5016 919 5086 παρανομήμασι
933 5015 1031 5085 τὴν
1054 5014 1321 5081 ἀπόφασιν
1344 5014 1462 5066 κατ’
1490 5012 1666 5065 αὐτῶν
1682 5012 1768 5078 ἐξ·

178 5110 373 5176 ἁγων.
404 5126 421 5157 ι
448 5108 546 5170 Et;
566 5106 819 5173 ἀλλότρια
838 5105 1084 5177 ἐλογίσθη
1108 5106 1462 5176 θυσιαστήρια
1480 5104 1547 5157 τὰ
1557 5105 1769 5173 ἠγαπη-

178 5200 363 5269 μὲνα.
403 5216 421 5247 ι
469 5197 579 5251 Καὶ
621 5198 729 5268 7&9
758 5198 822 5267 δὴ
849 5198 941 5251 καὶ⁵
974 5198 1043 5250 τὰ
1083 5196 1439 5267 θυσιαστήρια
1486 5195 1523 5249 ἃ.
1568 5194 1767 5266 πολλὴν

174 5292 297 5359 τὴν
332 5289 557 5358 ἀγάπην
606 5289 975 5343 ἐπεδείκνυντο
1002 5290 1094 5342 καὶ
1144 5289 1245 5361 τὴν
1284 5287 1536 5359 σπουδὴν,
1566 5288 1642 5359 (p.
1674 5288 1767 5358 62)

172 5380 305 5432 ὑπὸ
336 5379 434 5448 τὴν
479 5377 594 5431 τῶν
638 5379 909 5450 πολεμίων
937 5380 1228 5447 γενήσεται
1254 5378 1519 5441 ἐξουσίαν.
1572 5398 1590 5429 ι
1628 5378 1769 5430 Διότι

172 5472 291 5524 ἰὰν
329 5469 535 5523 θύσωσι
555 5470 743 5525 θυσίαν
767 5472 861 5523 καὶ
876 5471 1089 5540 φάγωσι
1110 5471 1268 5541 κρέα,
1290 5470 1491 5540 Κύριος
1518 5470 1577 5521 οὐ
1600 5485 1769 5540 προσ-

167 5564 412 5628 δέξεται
457 5560 616 5615 αὐτά.
670 5580 688 5611 ι
751 5561 815 5614 Εἰ
858 5561 963 5633 7&9
996 5561 1061 5633 δὴ
1100 5562 1196 5616 καὶ
1238 5560 1507 5631 πειρῷντο
1562 5559 1771 5624 θυσίαις

172 5650 578 5719 ἐξιλάσκεσθαι
606 5652 668 5705 τδ
697 5652 871 5717 Θείον,
909 5652 1299 5723 ἀπογευόμενοι
1326 5650 1435 5703 τῶν
1455 5650 1512 5703 ὲν
1537 5652 1656 5712 ταῖς
1679 5649 1770 5703 θυ-

172 5747 349 5803 τως
365 5742 559 5803 κρεῶν.
577 5742 719 5797 κατὰ
740 5742 801 5795 τὸ
817 5742 1024 5807 εἰωθὸς,
1049 5744 1167 5796 οὐδὲ
1188 5744 1389 5797 τούτων
1406 5742 1553 5797 ἔσται
1576 5761 1657 5808 τις
1672 5742 1761 5796 λό-

1938 3912 2102 3968 Veas.
2136 3914 2313 3968 ιιςιι.
2348 3943 2416 3952 -
2450 3933 2469 3967 ι
2513 3915 2650 3982 Quia
2687 3917 3063 3989 multiplicavit
3096 3916 3419 3990 prraimus

1866 4005 2074 4071 altaria,
2116 4005 2257 4060 facta
2305 4015 2435 4061 sunt
2475 4009 2522 4063 ei
2574 4010 2629 4063 in
2678 4022 2980 4080 peccatum.
3020 4033 3039 4066 ι
3066 4014 3255 4071 Merito
3304 4017 3420 4074 haec

1866 4100 2163 4168 patiuntur,
2194 4108 2481 4169 postquam
2525 4101 2750 4173 impium
2782 4105 2913 4161 illud
2954 4123 3180 4179 regnum
3215 4112 3421 4167 consti-

1864 4198 2102 4256 tuerunt,
2120 4199 2282 4262 atque
2313 4191 2453 4248 hanc
2477 4193 2618 4247 viam
2640 4195 3012 4267 excogitarunt
3032 4200 3415 4259 multiformem

1866 4281 1967 4338 sibi
2022 4281 2401 4338 adinveniendi
2470 4284 2732 4340 idolorum
2793 4290 3100 4359 culturam;
3153 4308 3254 4348 nec
3312 4310 3420 4349 non

1865 4376 2031 4429 multa
2056 4376 2360 4432 adiﬁcandi
2390 4378 2491 4433 sibi
2523 4378 2846 4450 diversaque
2882 4384 3093 4448 altaria,
3127 4386 3269 4455 apud
3299 4404 3422 4458 quae

1865 4466 2207 4536 potissimum
2248 4468 2627 4537 delinquentes
2658 4470 2837 4538 justas
2864 4487 3053 4539 poenas
3091 4477 3421 4543 persolvent.

1869 4576 1887 4608 ι
1935 4556 2178 4613 Scribam
2227 4558 2277 4613 ei
2341 4559 2768 4625 multitudinem,
2820 4569 2875 4615 et
2917 4562 3157 4632 legitima
3205 4566 3345 4637 ejus.
3399 4588 3417 4622 ι

1864 4647 2014 4703 Hanc
2050 4648 2193 4703 enim
2218 4649 2472 4703 altarium
2506 4651 2904 4707 multitudinem
2940 4654 3229 4726 legumque
3266 4674 3427 4713 nova.

1863 4756 2003 4804 rum,
2051 4756 2189 4810 quas
2244 4741 2569 4798 invenerunt
2618 4743 2763 4799 circa
2810 4744 3081 4803 idolorum
3130 4752 3423 4811 culturam,

1860 4831 2019 4900 justae
2072 4833 2335 4890 adversus
2386 4849 2481 4890 eos
2538 4837 2906 4893 accusationis
2962 4840 3160 4901 instar.
3214 4842 3423 4909 scripto

1865 4924 2331 4992 comprehensam,
2366 4923 2615 4979 habebo:
2653 4927 2851 4996 quibus
2876 4928 3052 4983 verbis
3090 4930 3418 4982 sententiam

1866 5012 1933 5065 ob
1953 5024 2097 5067 tanta
2129 5016 2358 5068 crimina
2394 5016 2461 5071 de
2492 5017 2599 5072 illis
2632 5017 2755 5074 fert.
2782 5039 2802 5070 ι
2834 5018 2989 5074 Velut
3011 5020 3183 5072 aliena
3212 5034 3428 5089 compu-

1866 5110 1979 5157 tata
2004 5116 2130 5158 sunt
2171 5107 2365 5161 altaria
2398 5108 2616 5163 dilecta.
2662 5129 2681 5161 ι
2714 5109 2956 5179 Namque
2979 5121 3033 5164 et
3065 5111 3280 5175 altaria,
3307 5127 3428 5182 quae

1868 5198 2036 5250 multo
2064 5198 2226 5267 digna
2269 5215 2456 5255 amore
2490 5202 2780 5271 studioque
2821 5202 3160 5265 videbantur,
3193 5205 3296 5259 sub
3330 5206 3428 5260 hoc

1869 5290 2029 5343 stium
2061 5292 2278 5346 venient
2321 5300 2662 5361 potestatem.
2695 5311 2714 5343 ι
2752 5291 2888 5358 Quia
2936 5294 2980 5348 si
3026 5295 3428 5351 immolaverint

1871 5379 2119 5444 hostiam,
2153 5393 2205 5435 et
2228 5382 2567 5437 comederint
2598 5397 2811 5445 carnes,
2846 5380 3108 5439 Dominus
3128 5400 3237 5439 non
3257 5387 3428 5440 susci-

1870 5471 1978 5539 piet
2004 5487 2116 5525 eas.
2151 5491 2168 5523 ι
2206 5471 2342 5535 Nam
2378 5476 2482 5530 etsi
2531 5473 2672 5529 forte
2709 5475 2901 5530 hostiis
2928 5485 3193 5531 conentur
3212 5477 3431 5546 placare

1873 5562 2057 5627 Deum,
2095 5566 2320 5631 gustatis
2350 5565 2743 5622 sacriﬁciorum
2792 5566 2898 5621 ritu
2947 5567 3107 5622 solito
3144 5567 3429 5636 carnibus,

1877 5654 2005 5708 nulli
2038 5654 2141 5709 hoc
2184 5654 2290 5711 Deo
2324 5672 2469 5711 curae
2517 5656 2640 5720 erit,
2683 5672 2856 5727 neque
2887 5659 3051 5712 ullam
3080 5666 3435 5728 peccatorum

1871 5743 2263 5813 gratiﬁcabitur
2306 5745 2705 5801 remissionem.
2764 5766 2782 5798 ‹
2846 5744 3001 5801 Nunc
3055 5745 3438 5805 recordabitur
