3976 6226
506 315 608 370 175

1622 284 1966 345 THEODORI
2027 275 2505 337 MOPSUESTENI

3616 273 3719 325 176

503 426 812 498 iniquitates
842 434 1050 482 eorum,
1102 424 1155 470 et
1202 412 1494 469 nlciscetur
1534 410 1754 477 peccata
1788 413 1995 456 eorum.
2033 414 2053 447 δ
2088 444 2094 458 ι

2190 410 2253 458 ὀς
2270 392 2347 463 τῷ
2366 391 2505 464 Θεῷ,
2534 392 2653 446 οὐδέ
2674 409 2795 443 τινα
2823 389 2962 459 ὑπὲρ
2983 385 3185 439 τούτων
3204 385 3385 447 αὐτοῖς
3411 383 3520 438 τῶν
3545 401 3722 455 παρα-

2362 487 2372 498 ι
2675 487 2697 498 υ
2808 482 2866 498 \l
2953 496 2957 498 .
3075 478 3164 498 ﬁt”,
3224 495 3314 498 ,μνη
3342 477 3419 498 ,ΔΛ
3442 494 3579 498 --_._-
3621 478 3719 498 ,.,_

507 522 714 578 Memor
746 528 936 571 eorum
964 525 1087 582 qua:
1119 507 1285 577 impie
1312 508 1558 574 egerunt,
1593 513 1700 552 non
1728 491 2063 565 propitiabor

500 613 635 677 illis,
665 609 760 666 sed
789 607 983 677 dignas
1017 602 1254 673 peccatis
1278 598 1520 667 ipsorum
1550 603 1740 662 poenas
1766 590 2062 655 imponam.

511 723 532 755 ι
567 674 672 773 ipsi
698 699 763 754 ad
781 674 1073 768 Egyptum
1093 707 1153 747 se
1172 692 1577 748 converterunt,
1601 680 1705 752 41
1724 686 1778 734 et
1798 674 1939 745 apud
1962 677 2065 728 As-

508 770 684 865 syrios
700 790 904 862 polluta
925 782 1235 841 comedunt.
1266 797 1285 831 ›
1314 776 1460 832 inter
1475 775 1573 828 has
1588 783 1857 826 atrumnas
1886 770 2068 834 petent

510 855 729 954 quidem
761 880 828 934 ab
846 877 1077 948 Egypto
1099 869 1382 930 auxilium,
1413 872 1467 919 at
1482 863 1688 919 nullum
1708 857 1833 913 inde
1859 855 2070 910 emolu-

511 982 755 1029 mentum
802 944 1052 1039 capie'nt;
1089 963 1185 1018 sed
1228 958 1425 1029 captivi
1455 955 1512 1009 in
1558 950 1834 1022 Assyriam
1869 944 2066 1007 abacti,

513 1062 791 1121 servitutis
820 1058 1171 1130 experientur
1205 1050 1365 1105 mala.
1399 1065 1417 1098 ι
1450 1046 1513 1099 Et
1551 1043 1753 1098 oblitus
1786 1045 1869 1094 est
1906 1034 2071 1090 Israel

508 1157 736 1211 factoris
768 1127 964 1216 sui,_et
990 1143 1279 1202 aedificavit
1309 1139 1554 1195 delubra.
1598 1133 1664 1187 Et
1690 1130 1858 1185 Judas
1887 1127 2071 1182 multi-

509 1248 731 1320 plicavit
773 1243 936 1299 nrbes
968 1237 1203 1294 munitas
1239 1252 1253 1288 :
1288 1241 1342 1287 et
1384 1229 1596 1285 mittam
1641 1224 1817 1293 ignem
1859 1221 1913 1275 in
1940 1216 2074 1272 civi-

503 1313 654 1394 iatcs
700 1337 843 1405 ejus,
889 1342 941 1388 et
994 1325 1277 1385 devorabit
1336 1318 1689 1375 fundamenta
1747 1313 1984 1368 illarum.
2046 1325 2067 1360 ι

508 1403 760 1485 Creatori
788 1440 889 1483 suo
926 1422 1135 1478 nullum
1165 1415 1378 1471 deferre
1409 1408 1730 1479 obsequium
1763 1403 2072 1466 voluerunt,

510 1522 614 1579 sed
647 1519 869 1575 delubra
924 1512 1330 1571 aedificaverunt
1362 1504 1432 1559 ob
1477 1500 1745 1556 idolorum
1781 1496 2071 1549 culturam.

517 1614 641 1669 Mox
667 1613 830 1667 urbes
852 1611 1077 1678 insuper
1104 1600 1377 1659 moenibus
1406 1590 1747 1650 communire
1771 1584 2074 1650 tentabant,

2163 487 2489 557 νομημάτων
2514 487 2784 557 χαριεῖται
2808 482 2979 534 λύσιν.
3022 499 3041 531 ι
3074 478 3187 532 Νῦν
3221 477 3584 550 μνησθήσεται
3614 478 3723 533 τῶν

2164 577 2385 630 ἀδικιῶν
2410 577 2605 639 αὐτῶν,
2638 575 2730 629 καὶ
2760 573 3032 643 ἐκδικήσει
3053 569 3149 634 τὰς
3175 570 3441 640 ἁμαρτίας
3465 569 3665 623 αὐτῶν.
3698 588 3716 621 ι

2164 664 2522 735 Μεμνημένος
2548 666 2654 735 γάρ
2684 656 2758 717 ὧν
2802 661 3052 732 ἠσέϐουν,
3102 660 3259 723 ἵλεως
3291 659 3387 729 μὲν
3420 660 3601 722 αὐτοῖς
3626 659 3725 712 οὐκ

2167 755 2376 825 ἔσομαι,
2427 755 2723 823 ἀναλόγους
2763 753 2820 806 δὲ
2861 754 2970 806 τῶν
3019 751 3498 822 παρανομημάτων
3545 751 3727 817 αὐτοῖς

2168 847 2350 912 ἐπάξω
2375 847 2474 910 τὰς
2496 845 2783 917 τιμωρίας.
2830 863 2849 896 ι
2883 844 3043 896 Αὐτοὶ
3072 843 3417 915 ἀπέστρεψαν
3443 845 3521 906 είς
3556 843 3729 911 Αἴγυς

2168 956 2319 1004 πτον,
2345 939 2439 991 καὶ
2465 939 2545 1001 είς
2583 936 2899 1007 Ἀσσυρίους
2928 934 3211 1005 ἀκάθαρτα
3242 933 3529 1003 φάγονται.
3566 953 3584 986 ι
3643 936 3729 987 Ἐν

2167 1031 2226 1085 δὲ
2257 1030 2464 1095 τούτοις
2506 1033 2621 1093 τοῖς
2647 1030 2837 1093 δεινοῖς
2881 1029 3161 1099 αἱτήσουσι
3208 1027 3306 1097 μέν
3354 1024 3414 1091 ἐξ
3453 1027 3728 1095 Αἰγύπτου

2173 1121 2442 1192 βοήθειαν,
2492 1120 2755 1189 ὠφέλειαν
2800 1118 2858 1171 δὲ
2901 1116 3146 1170 ἐντεῦθεν
3196 1114 3575 1185 καρπώσονται
3610 1114 3731 1167 οὐδὲ

2175 1213 2323 1285 μίαν,
2373 1210 2704 1283 αἰχμάλωτοι
2757 1226 2817 1262 τε
2864 1206 3197 1277 ἀπαγόμενοι
3240 1207 3321 1268 είς
3379 1206 3732 1277 Ἀσσυρίους,

2173 1305 2267 1359 καὶ
2290 1304 2387 1374 τῆς
2412 1304 2487 1366 ὡς
2512 1304 2568 1356 ἐν
2596 1299 2939 1371 αἰχμαλωσίᾳ
2960 1293 3290 1368 πειρώμενοι
3319 1297 3536 1361 κακίας.
3578 1316 3598 1349 ‹
3631 1295 3736 1349 Kai.

2174 1394 2463 1448 ἐπελάθετο
2504 1391 2716 1462 Ἰσραὴλ
2751 1388 2845 1444 τοῦ
2898 1390 3219 1459 ποιήσαντος
3258 1388 3440 1449 αὑτὸν,
3475 1385 3569 1440 καὶ
3598 1386 3737 1456 ᾠκο-

2172 1485 2373 1556 δόμησε
2401 1482 2619 1553 τεμένη·
2652 1482 2749 1536 καὶ
2796 1478 2995 1542 Ἰούδας
3018 1477 3289 1549 ἐπλήθυνε
3335 1477 3523 1540 πόλεις
3562 1494 3740 1530 τετει-

2174 1572 2454 1644 χισμένας·
2484 1570 2576 1623 καὶ
2606 1567 2943 1636 ἐξαποστελῶ
2974 1565 3083 1638 πῦρ
3108 1568 3187 1629 είς
3208 1565 3306 1627 τὰς
3340 1563 3522 1628 πόλεις
3545 1562 3734 1629 αὐτοῦ,

515 1703 674 1775 quasi
701 1698 921 1770 aliquod
963 1653 1125 1751 nrtalis
1177 1685 1474 1745 remedium
1524 1683 1599 1736 ita
1639 1675 1934 1734 inventuri.
1967 1672 2074 1727 Sed

2190 1664 2273 1718 καὶ
2302 1663 2673 1731 καταφάγεται
2698 1660 2765 1713 τά
2797 1657 3018 1729 θεμέλια
3051 1655 3249 1710 αὐτῶν.
3280 1672 3298 1706 ι
3328 1653 3436 1708 Τοῦ
3495 1655 3595 1725 μὲν
3636 1654 3740 1725 γάρ

2190 1754 2536 1775 -Α---..--ι---
2568 1752 2758 1775 .__I__-.‘.-
2803 1749 2957 1775 ηιμ-..
2992 1746 3134 1775 2......
3167 1747 3264 1775 ιη’...
3314 1744 3595 1775 ιειηζῖιηι-λ
3652 1761 3740 1775 ρε-

508 1767 693 1867 neque
717 1767 828 1847 haec
858 1790 939 1845 eis
963 1784 1262 1859 proderunt
1306 1776 1472 1832 hilum
1500 1792 1514 1828 :
1543 1780 1745 1827 tantam
1772 1767 1918 1823 enim
1946 1773 2078 1818 tam-

518 1902 625 1958 que
645 1857 976 1945 terribilem,
992 1876 1230 1932 hostium
1257 1884 1442 1930 manu,
1464 1865 1569 1919 illis
1587 1875 1800 1934 poenam
1820 1857 2077 1927 infligam,

522 1993 644 2049 qua:
680 1976 821 2047 ignis
859 1973 1033 2026 instar
1058 1976 1285 2023 cunctos
1313 1970 1661 2018 consumens,
1694 1968 1724 2007 a
1760 1950 2081 2006 fundamen-

521 2036 591 2122 tis
618 2036 1006 2136 propemodum
1041 2056 1204 2110 nrbes
1236 2052 1479 2120 ipsorum
1509 2051 1736 2099 cunctas
1769 2036 1990 2093 delebit.

2106 1737 2148 1793 Β
2180 1754 2536 1824 πεποιηκότος
2563 1752 2758 1814 αὐτοὺς
2803 1749 2958 1818 λόγον
2990 1746 3134 1817 ἔχειν
3166 1747 3265 1799 οὐκ
3314 1744 3620 1807 ἐϐούλοντο,
3652 1761 3743 1796 τε·

2186 1848 2319 1920 μένη
2350 1847 2406 1900 δὲ
2453 1846 2547 1899 ἐπὶ
2573 1847 2638 1916 τῇ
2682 1843 2790 1897 τῶν
2834 1840 3064 1895 εἰδώλων
3094 1839 3403 1910 ᾠκοδόμουν
3455 1836 3743 1909 θεραπείαο

2184 1934 2426 1993 εἶταλέπὶ
2452 1936 2658 1999 τούτοις
2704 1936 2804 1998 τὰς
2836 1934 3018 1996 πόλεις
3044 1933 3279 2002 τείχεσιν
3307 1927 3554 2000 ὀχειροῦν
3597 1930 3747 1981 ἐπει-

2190 2031 2359 2103 ρῶντο
2378 2072 2392 2093 ,
2437 2029 2512 2093 ὡς
2543 2029 2609 2082 ἂν
2639 2028 2812 2096 τούτῳ
2857 2024 2976 2078 τινὰ
3015 2022 3169 2077 λύσιν
3205 2022 3525 2093 εὑρήσοντες
3551 2020 3629 2089 (ρ.
3658 2018 3748 2083 63)

522 2110 591 2122 ..υ
620 2110 669 2136 ,η
686 2110 1005 2134 Ἴων-πη-
1259 2110 1275 2120 .

518 2163 628 2218 τῶν
656 2158 862 2216 κακῶν.
888 2155 1067 2227 ὀνήσει
1092 2150 1146 2206 δὲ
1171 2146 1365 2209 αὐτοὺς
1379 2141 1497 2195 οὐδὲ
1518 2137 1688 2192 ταῦτα
1710 2131 1880 2187 οὐδέν⁹
1906 2126 2091 2199 ἐπειδὴ
2112 2126 2362 2194 τοιαύτην
2376 2125 2469 2179 καὶ
2488 2123 2629 2177 οὕτω
2654 2119 2889 2192 φοϐερὰν
2909 2118 3090 2178 αὐτοῖς
3106 2114 3202 2185 τὴν
3231 2113 3318 2166 διὰ
3343 2111 3450 2164 τῶν
3476 2110 3749 2180 πολεμίων

1937 2226 1948 2231 -
2214 2222 2227 2231 .
2453 2222 2465 2231 .
2635 2222 2647 2231 .
2752 2219 2765 2231 α
2854 2218 2879 2231 η
2898 2215 2910 2231 ι
2924 2214 2949 2231 Λ
3059 2230 3063 2231 ,
3118 2210 3288 2231 g.__!__..
3304 2225 3324 2231 Α
3377 2205 3552 2231 -.Ἀ-1⁸.-.
3609 2206 3715 2231 ιι.--

519 2253 706 2320 ἐπάξω
728 2205 1018 2321 τιμωρίαν,
1060 2242 1201 2297 ὥστε
1234 2205 1402 2313 πυρός
1434 2237 1588 2305 δίκην
1641 2233 1890 2292 ἅπαντας
1933 2222 2348 2295 ἐπινεμομένην,
2401 2222 2557 2293 μόνον
2597 2222 2695 2275 οὐκ
2748 2219 2813 2279 ἐκ
2853 2214 3065 2287 βάθρων
3112 2210 3324 2272 ἁπάσας
3373 2205 3552 2262 αὐτῶν
3605 2206 3749 2274 ἀφα-

520 2344 664 2401 νίσαι
695 2341 793 2405 τὰς
826 2338 1027 2401 πόλεις.

1171 2515 1320 2573 CAP.
1352 2512 1444 2567 ιχ.

587 2687 761 2743 Vens.
788 2682 908 2738 1-4.
948 2708 1020 2722 --
1060 2694 1080 2727 ι
1106 2673 1226 2728 Noli
1259 2668 1449 2733 laetari,
1477 2664 1663 2730 lsrael,
1690 2661 1797 2716 noli
1819 2658 2089 2716 exsultare

522 2782 671 2836 sicut
708 2774 914 2846 populi,
939 2768 1069 2840 quia
1087 2764 1390 2820 fornicatus
1406 2774 1465 2814 es
1487 2772 1518 2811 a
1549 2754 1783 2810 Domino
1802 2750 1912 2804 Deo
1937 2759 2049 2802 tuo.
2066 2766 2084 2799 ο

528 2873 881 2940 Nequaquam
917 2863 1076 2917 decet
1113 2871 1232 2919 vos,
1254 2868 1408 2923 aeque
1438 2866 1503 2905 ac
1530 2848 1771 2917 reliquos
1821 2842 2090 2904 homines,

525 2936 701 3016 latori
738 2936 819 3010 iac
863 2952 1105 3024 gestire:
1135 2945 1334 3001 etenim
1377 2941 1455 2997 illi
1513 2938 1714 2993 nullam
1759 2936 2086 3001 acceperunt

531 3049 832 3105 doctrinam
872 3023 992 3113 quas
1025 3038 1092 3093 ad
1130 3049 1313 3092 veram
1360 3034 1510 3102 ipsos
1536 3028 1852 3098 religionem
1886 3023 2089 3078 ducere

528 3147 719 3211 posset
745 3155 759 3191 :
785 3108 903 3189 vos
927 3137 1107 3185 autem
1142 3132 1266 3196 post
1295 3119 1640 3190 disciplinam
1671 3115 1920 3174 multam,
1966 3108 2089 3165 Dei-

535 3201 641 3301 que
669 3226 940 3288 notitiam,
979 3226 1161 3275 mente
1190 3217 1322 3270 laeva
1354 3228 1386 3267 a
1428 3208 1660 3266 scientia
1693 3204 1848 3260 vobis
1890 3201 2086 3256 tradita
2115 3229 2158 3286 ο

534 3290 870 3377 recedentes,
918 3311 987 3365 ad
1031 3308 1300 3363 idolorum
1342 3301 1549 3357 cultum
1598 3293 1917 3352 deﬂexistis.
1954 3310 1973 3343 ι
1998 3290 2091 3345 Di-

542 3410 720 3468 lexisti
751 3420 975 3461 munera
1000 3415 1166 3472 super
1210 3409 1426 3451 omnem
1474 3404 1655 3447 aream
1700 3385 1891 3441 tritici.
1917 3402 1936 3437 ι
1977 3380 2095 3436 Uti—

540 3516 649 3572 que
690 3497 857 3554 etiam
898 3468 1168 3565 primitias
1217 3486 1434 3557 frugum
1472 3481 1717 3538 omnium
1758 3468 2095 3531 daemonibus

542 3566 813 3652 obtulisti,
836 3585 1037 3657 quibus
1072 3583 1324 3637 datorum
1347 3575 1448 3631 tibi
1471 3574 1738 3630 bonorum
1752 3581 1974 3623 causam
1996 3566 2097 3618 im-

544 3684 795 3753 putabas.
832 3656 947 3729 {Et
987 3686 1115 3727 area
1156 3684 1221 3723 ac
1274 3663 1517 3723 torcular
1571 3674 1683 3715 non
1738 3656 1888 3712 novit
1920 3669 2035 3710 eos.
2070 3670 2091 3704 ι

546 3750 792 3826 bleritam
824 3764 1070 3822 referetis
1122 3776 1360 3833 poenam,
1405 3756 1679 3812 fructuum
1717 3750 2095 3823 privationem.

552 3883 570 3915 ι
599 3862 717 3916 Νοιι
753 3859 1135 3913 habitaverunt
1162 3854 1217 3908 in
1248 3860 1393 3906 terra
1427 3845 1659 3901 Domini.
1692 3862 1710 3896 ι
1746 3842 1822 3898 Ne
1860 3842 1915 3895 in
1953 3849 2099 3894 terra

547 3953 769 4026 quidem
800 3949 953 4005 vobis
982 3961 1248 4003 concessa
1286 3941 1594 3999 manebitis.
1626 3937 1871 4005 Namque
1905 3934 2098 3988 «habi-

549 4048 799 4100 taverunt
825 4060 844 4093 ι
864 4039 999 4095 dicit
1029 4051 1128 4108 pro
1148 4054 1167 4087 ι
1195 4033 1534 4097 habitabunt,
1562 4051 1580 4083 ι
1606 4037 1867 4084 consueta
1892 4035 2100 4094 tempo-

551 4132 932 4202 rumenallage
956 4137 1136 4191 utens,
1171 4128 1313 4182 sicut
1336 4124 1475 4195 apud
1502 4124 1716 4177 beatum
1747 4118 1853 4190 42
1885 4130 2100 4188 quoque

553 4227 805 4283 Davidem
839 4223 891 4279 id
919 4235 1058 4289 saepe
1103 4218 1395 4273 usuvenire
1443 4230 1542 4268 nos
1583 4210 2098 4266 demonstravimus.

556 4342 579 4373 ι
602 4316 877 4373 Habitavit
908 4310 1229 4382 Ephraimus
1253 4309 1307 4362 in
1337 4306 1585 4377 Egypto,
1603 4312 1657 4357 ct
1683 4300 1825 4371 apud
1848 4299 2101 4369 Assyrios

553 4410 758 4481 polluta
782 4403 1091 4462 comedunt.
1114 4420 1134 4454 ι
1170 4398 1463 4469 Postquam
1510 4394 1727 4451 exsules
1761 4392 1817 4446 in
1868 4389 2103 4460 Egypto

554 4498 792 4560 fueritis,
841 4495 990 4551 illinc
1012 4506 1203 4547 omnes
1227 4490 1293 4544 ad
1342 4487 1686 4559 Assyriacam
1741 4483 2103 4553 captivitatem

548 4580 980 4643 transferemini.
1037 4597 1055 4630 ι
1106 4576 1228 4632 Non
1272 4577 1574 4632 libaverunt
1620 4573 1849 4628 Domino
1894 4571 2098 4633 vinum,
2132 4564 2175 4619 D

556 4689 656 4731 nec
681 4673 729 4728 ei
755 4672 1093 4743 placuerunt.
1119 4688 1137 4721 ι
1176 4668 1242 4722 Et
1272 4667 1617 4723 ferendarum
1655 4665 1843 4734 utique
1864 4662 1932 4718 ad
1963 4661 2106 4716 idola

555 4763 892 4821 oblationum
935 4759 1175 4815 studium
1231 4766 1441 4813 tantum
1472 4772 1535 4812 ac
1583 4756 1958 4811 liberalitatem
1996 4768 2107 4823 pne

554 4873 616 4913 se
644 4855 920 4927 gerebant.
955 4860 1011 4907 ut
1030 4867 1094 4906 ex
1124 4852 1270 4905 omni
1294 4866 1418 4905 area
1443 4848 1716 4919 primitias
1744 4847 1851 4901 illis
1875 4845 2102 4899 darent:

555 4955 929 5003 verumtamen
966 4944 1228 4998 bonorum
1258 4942 1501 4996 omnium
1533 4940 1711 4995 datori
1738 4939 1867 5004 Deo,
1896 4952 1967 4991 ne
1994 4935 2106 4991 vini

555 5038 775 5107 quidem
821 5035 1079 5091 libamina
1137 5031 1328 5087 offerre
1360 5046 1597 5101 unquam
1645 5032 1954 5092 voluerunt,
2009 5042 2111 5082 nec

560 5127 857 5196 quidquam
886 5141 1044 5196 agere
1084 5122 1228 5194 quod
1257 5122 1362 5177 Deo
1395 5121 1698 5191 jucundum
1739 5134 1863 5175 esse
1903 5120 2111 5188 potuis-

560 5223 664 5277 set.
703 5230 799 5284 pro
830 5214 1012 5270 dantis
1043 5223 1190 5269 certe
1220 5214 1521 5282 proposito.
1550 5209 1686 5263 Nam
1710 5211 1853 5263 sicut
1885 5210 1961 5263 ait
1983 5208 2113 5263 bea-

561 5316 651 5361 tus
673 5303 838 5359 David
865 5322 879 5357 :
922 5323 941 5355 ι
966 5302 1272 5359 Jucmnduni
1302 5304 1375 5358 sit
1402 5302 1450 5357 ei
1469 5302 1743 5371 eloquium
1779 5314 1955 5354 meum
1976 5299 2021 5331 “
2048 5316 2062 5363 ;
2086 5316 2106 5349 ι
2164 5340 2171 5349 .

564 5396 617 5450 id
643 5406 728 5451 est
752 5395 909 5450 dulce
943 5403 1001 5449 et
1026 5393 1356 5465 acccptabile
1392 5392 1668 5456 videatur;
1716 5390 1792 5443 ita
1833 5390 1936 5444 hoc
1969 5389 2109 5449 loco,

567 5508 588 5540 ι
609 5489 722 5543 Non
746 5488 1067 5557 placuerunt
1096 5487 1146 5541 ei
1169 5506 1218 5550 ,ι
1258 5487 1460 5541 dicitur
1487 5498 1605 5554 pro,
1636 5481 1784 5536 Nihil
1815 5484 1861 5536 ei
1899 5488 2113 5552 gratum

563 5577 745 5637 facere
773 5590 1011 5646 unquam
1053 5576 1359 5630 voluerunt.
1410 5573 1613 5630 Deinde
1650 5580 1709 5627 ut
1755 5571 2110 5637 demonstret,

642 5764 685 5796 “
710 5761 851 5819 Psal.
885 5776 997 5831 cm,
1019 5763 1105 5819 5i.

2828 2486 2985 2541 ΚΕΦ.
3029 2482 3107 2536 Θί.

2252 2642 2398 2713 Στίχ.
2427 2637 2567 2693 α’-δ’.
2606 2664 2677 2677 -
2714 2652 2732 2685 ι
2769 2632 2869 2701 Μὴ-
2898 2632 3076 2700 χαῖρε,
3112 2622 3360 2694 Ἰσραὴλ,
3392 2618 3486 2674 καὶ
3535 2616 3615 2688 μὴ
3664 2618 3753 2671 εὑ-

2184 2708 2410 2803 φραίνου
2433 2724 2613 2789 καθὼς
2648 2724 2698 2776 οἱ
2742 2721 2881 2786 λαοὶ,
2926 2719 3009 2772 ὅτι
3037 2713 3371 2785 ἐπόρνευσας
3407 2709 3516 2764 ἀπὸ
3543 2708 3751 2778 Κυρίου

2186 2801 2279 2876 τοῦ
2303 2819 2438 2874 Θεοῦ
2468 2835 2584 2872 σου.
2614 2835 2633 2867 ι
2668 2814 2741 2868 Ού
2766 2813 2946 2867 τοίνυν
2977 2804 3369 2880 παραπλησίως
3401 2805 3512 2865 τοῖς
3545 2801 3755 2863 λοιποῖς

2187 2911 2491 2984 ἀνθρώποις
2521 2908 2786 2980 ἁρμόττον
2819 2905 2946 2975 ὑμῖν
2978 2897 3358 2970 εὐφραίνεσθαι
3387 2893 3483 2948 καὶ⁵
3516 2893 3750 2965 χαίρειν·

2190 2982 2374 3075 ἐπειδὴ
2404 3004 2454 3055 οι
2487 3000 2585 3072 μὲν
2621 2997 2744 3052 οὐδὲ
2776 2995 2905 3067 μίαν
2941 2991 3189 3055 ἐδέξαντο
3217 2985 3568 3042 διδασκαλίαν
3617 2982 3755 3055 πρὸς

2191 3095 2464 3151 εὐσέϐειαν
2496 3093 2691 3154 αὐτοὺς
2712 3089 2863 3158 ἄγειν
2886 3086 3001 3139 οἵαν
3024 3100 3081 3137 τε
3115 3076 3298 3135 οὖσαν·
3337 3079 3494 3149 ὑμεῖς
3523 3075 3581 3128 δὲ
3616 3075 3752 3146 μετὰ

2192 3189 2391 3257 πολλὴν
2412 3181 2689 3239 παίδευσίν
2708 3198 2767 3234 τε
2800 3179 2893 3233 καὶ
2926 3175 3215 3243 ἐπίγνωσιν
3241 3169 3333 3224 τοῦ
3363 3166 3521 3231 Θεοῦ,
3550 3165 3758 3237 μοχθηο

2195 3278 2286 3351 ρία
2318 3255 2543 3346 γνώμης
2572 3271 2671 3341 τῆς
2713 3263 3138 3339 προσγεγονυίας
3181 3260 3312 3330 ὑμῖν
3339 3255 3592 3326 γνώσεως
3621 3256 3757 3309 ἀπο·

2195 3346 2442 3432 στάντες,
2480 3366 2573 3420 ἐπὶ
2599 3364 2697 3434 τὴν
2723 3360 2832 3414 τῶν
2856 3356 3087 3411 εἰδώλων
3122 3352 3392 3424 ὲτράπητε
3440 3346 3756 3418 θεραπείαν.

2200 3480 2219 3514 ι
2251 3459 2567 3529 Ἠγάπησας
2583 3432 2791 3523 δόματα
2818 3449 2910 3502 ἐπὶ
2925 3448 3102 3502 πᾶσαν
3122 3443 3298 3498 ἀλωνα
3321 3439 3488 3492 σίτου.
3517 3456 3537 3488 ι
3562 3433 3682 3487 Καὶ
3700 3432 3761 3505 δὴ

2195 3556 2288 3610 καὶ
2326 3551 2576 3623 ἀπαρχὰς
2620 3547 2681 3613 ἐξ
2720 3542 2970 3599 ἀπάντων
3019 3535 3295 3609 προσῆγες
3333 3533 3444 3594 τοῖς
3484 3529 3758 3599 δαίμοσιν,

2195 3648 2372 3709 αὐτοῖς
2398 3618 2739 3712 λογιζόμενος
2780 3633 2889 3687 τῶν
2925 3629 3185 3683 δοθέντων
3207 3624 3313 3695 τὴν
3347 3622 3545 3674 αἰτίαν.
3598 3638 3620 3671 ι
3654 3618 3763 3671 Καὶ

2197 3741 2339 3795 ἆλων
2382 3735 2480 3792 καὶ
2508 3733 2664 3805 ληνὸς
2692 3730 2791 3783 οὐκ
2821 3726 2959 3795 ἔγνω
3002 3720 3218 3783 αὐτούς.
3254 3736 3272 3769 ι
3318 3715 3527 3768 Δώσετε
3570 3712 3763 3773 τοίνυν

2196 3832 2349 3902 δίκην
2374 3804 2686 3892 ἀξίαν,γτῶν
2726 3817 2953 3889 καρπῶν
2981 3814 3079 3885 τὴν
3101 3809 3404 3880 ἀφαίρεσιν.
3461 3826 3477 3856 ι
3516 3804 3592 3857 Οὐ
3627 3822 3765 3857 κατ-

2198 3895 2415 3995 ῴκησαν
2440 3921 2499 3971 ἐν
2522 3917 2588 3987 τῇ
2610 3916 2679 3985 γῇ
2702 3910 2795 3965 τοῦ
2808 3907 3033 3980 Κυρίου.
3070 3923 3089 3956 ι
3123 3903 3255 3957 Οὐδὲ
3282 3900 3390 3971 γὰρ
3419 3897 3510 3950 ἐπὶ
3528 3895 3635 3966 τῆς
3663 3895 3761 3965 γῆς

2197 3987 2556 4085 τῆς-δοθείσης
2577 4007 2704 4076 ὑμῖν
2725 4003 2953 4074 μενεῖτε·
2977 3998 3040 4051 τὸ
3062 3995 3190 4066 γὰρ,
3222 4012 3240 4046 ι
3269 3992 3330 4045 ού
3354 3987 3709 4057 κατῴκησαν,
3742 4005 3761 4037 ι

2199 4078 2318 4160 ἀντὶ
2348 4099 2463 4166 τοῦ,
2487 4099 2549 4153 οὐ
2581 4094 2963 4163 κατοικήσουσι
2986 4129 3001 4154 ,
3035 4091 3100 4159 τῇ
3133 4084 3397 4152 ἐναλλαγῇ
3435 4080 3527 4133 τοῦ
3561 4078 3766 4150 χρόνον

2202 4195 2441 4268 συνήθως
2474 4190 2847 4263 χρησάμενος,
2895 4182 3035 4237 καθὰ
3076 4181 3170 4233 καὶ
3202 4176 3352 4248 παρᾶ
3379 4173 3454 4244 τῷ
3503 4171 3769 4243 μακαρίῳ

2200 4287 2360 4344 Δαυῒδ
2385 4288 2442 4339 ἐν
2469 4283 2680 4345 πολλοῖς
2706 4281 2835 4350 ἡμῖν
2860 4275 3125 4329 δέδεικται
3151 4268 3327 4323 τοῦτο.
3362 4286 3381 4318 ι
3418 4263 3769 4332 Κατῴκησεν

2214 4375 2448 4449 Ἐφραῒμ
2471 4372 2769 4441 Αἴγυπτον,
2802 4366 2893 4420 καὶ
2920 4367 2976 4417 ἐν
3010 4360 3312 4429 Ἀσσυρίοις
3337 4354 3625 4424 ἀκάθαρτα
3662 4352 3768 4420 φά-

2200 4446 2407 4540 γονται.
2446 4485 2465 4517 ι
2512 4467 2587 4534 (ρ.
2629 4461 2719 4533 64)
2751 4456 2988 4526 Φυγάδες
3022 4453 3077 4506 δὲ
3107 4451 3203 4505 ἐπὶ
3233 4449 3330 4520 τὴν
3354 4446 3633 4514 Αιγυπτον
3660 4459 3769 4510 γε-

2201 4532 2415 4627 γονότες
2436 4590 2451 4617 ,
2484 4532 2691 4604 ἐκεῖθεν
2723 4546 2941 4605 ἄκοντες
2972 4542 3041 4610 τῇ
3072 4538 3181 4591 τῶν
3238 4532 3532 4604 Ἀσσυρίων
3557 4532 3771 4600 αἰχμαο

2201 4621 2371 4715 λωαίᾳ
2386 4634 2818 4713 παραδοθήσεσθε
2841 4633 3058 4693 πάντες.
3078 4644 3101 4681 ι
3127 4628 3241 4681 Οὐκ
3264 4625 3517 4677 ἔσπεισαν
3539 4621 3627 4691 τῷ
3654 4622 3770 4673 Κυ-

2207 4742 2304 4810 ρίῳ
2343 4712 2502 4799 οἶνονς
2547 4731 2645 4784 καὶ
2678 4729 2776 4797 οὐχ
2810 4726 3009 4795 ἧδυναν
3052 4718 3219 4789 αὐτῷ,
3265 4736 3284 4768 ι
3324 4715 3434 4768 Καὶ
3479 4712 3614 4785 περὶ
3670 4712 3774 4783 μὲν

2203 4805 2302 4892 τὰς
2332 4828 2438 4881 τῶν
2474 4822 2703 4877 εἰδώλων
2736 4814 3048 4891 προσφορὰς
3076 4810 3341 4879 τοσαύτην
3385 4805 3774 4860 ἐπεδείκνυντο

2204 4921 2302 4993 τὴν
2343 4915 2572 4985 σπουδὴν
2601 4912 2695 4968 καὶ
2731 4911 2828 4981 τὴν
2877 4905 3201 4978 φιλοτιμίαν,
3237 4900 3380 4954 ὥστε
3427 4896 3539 4951 ἀπὸ
3581 4896 3772 4965 πάσης

2208 4990 2409 5075 ἅλωνος
2438 5010 2617 5070 αὐτοῖς
2646 5002 2898 5077 ἀπαρχὰς
2923 5000 3138 5055 διδόναι’
3166 4995 3247 5066 τῷ
3278 4995 3335 5048 δὲ
3365 4990 3482 5061 Θεῷ
3518 4990 3603 5060 τῷ»
3628 4991 3779 5042 πάνιδ

2208 5122 2313 5161 των
2348 5102 2527 5162 αὐτοῖς
2573 5096 2730 5167 αἰτίῳ
2758 5094 2864 5148 τῶν
2909 5088 3143 5159 ἀγαθῶν,
3185 5085 3305 5139 οὐδὲ
3354 5079 3582 5143 σπονδὰς
3622 5080 3779 5132 οἴνου

2209 5194 2501 5266 προσάγειν
2524 5188 2726 5242 εἴλοντο
2758 5185 2993 5244 πώποτε,
3024 5178 3145 5232 οὐδέ
3185 5194 3238 5228 τι
3276 5176 3499 5242 ποιῆσαι
3525 5170 3639 5222 τῶν
3670 5172 3779 5225 ὅσα

2207 5286 2351 5356 ἧδειν
2384 5279 2643 5350 ἠδύναντο
2674 5274 2764 5328 τὸν
2792 5272 2923 5325 Θεὸν
2945 5269 3033 5322 διὰ
3056 5266 3154 5337 τὴν
3174 5264 3282 5317 τῶν
3310 5260 3603 5315 ποιούντων
3631 5257 3774 5327 πρός

2209 5349 2373 5428 θεσιν·
2398 5349 2473 5435 ὧς
2507 5369 2616 5439 γὰρ
2644 5368 2672 5418 ὁ
2700 5364 2965 5435 μακάριος
3003 5359 3150 5427 λέγει
3188 5355 3346 5409 Δαυϊδ
3369 5394 3383 5415 ,
3420 5373 3438 5404 ι
3486 5349 3773 5418 Ἦδυνθείη

2210 5465 2358 5535 αὐτῷ
2389 5467 2423 5533 ἡ
2462 5459 2682 5527 διαλογή
2720 5472 2841 5526 μου,
2876 5472 2895 5503 ›
2933 5451 3053 5504 ἀντὶ
3100 5449 3216 5513 τοῦ,
3259 5446 3440 5499 ἠδεία
3477 5441 3626 5511 αὐτῷ
3677 5440 3778 5493 καὶ

2211 5531 2485 5631 προσηνὴς
2517 5549 2728 5621 φανείηο
2765 5544 2941 5607 οὕτως
2969 5539 3203 5601 ἐνταῦθα
3230 5539 3395 5607 λέγει’
3433 5554 3450 5587 ι
3492 5534 3605 5603 Οὐχ
3638 5531 3777 5605 ne»-
