3966 6222
207 331 304 384 m

1190 330 1737 393 COMMmARIUS
1775 336 1840 393 ΙΝ
1879 336 2081 395 ΟΞΕιΕ
2128 338 2281 395 CAP.
2322 339 2413 396 IX.

3342 340 3444 396 178

202 461 297 499 ναν
322 442 493 516 αύτῷ,
524 463 549 497 δ
577 445 701 500 ἀντὶ
726 447 844 512 τού,
868 448 1039 504 ῡύδὲν
1068 450 1175 504 τῶν
1202 451 1351 523 αὐτῷ
1373 458 1781 525 κεχαρισμένων

1897 472 1943 511 ιε
1977 456 2192 511 illorum
2226 465 2466 511 mentem
2497 456 2803 525 increpare,
2824 469 2932 510 non
2960 460 3140 510 autem
3168 453 3339 511 Deum
3364 469 3440 509 re-

204 535 409 588 εἰλοντο
433 536 921 609 ταόποτεποιῆσαι.
959 542 1092 595 Εἶτα
1131 543 1347 608 δεικνὺς
1384 546 1467 599 ὅτι
1504 547 1777 611 ὀνειδίζων

203 629 386 691 αὐτοῖς
416 630 514 700 τὴν
538 629 767 703 γνώμην
796 632 966 700 λέγει,
990 634 1057 687 ού
1092 635 1202 705 μὴν
1226 636 1325 690 τοῦ
1372 638 1531 691 Θείου
1562 639 1778 704 τούτοις

203 721 564 791 τερπομένω·

274 828 299 862 ι
332 814 399 865 Δί
422 814 609 867 θυσίαι
637 815 820 870 αὐτῶν
846 817 922 882 ὡς
954 820 1124 891 ἄρτος
1144 821 1379 888 πένθους
1406 824 1608 890 αὐτοῖς·
1639 826 1778 880 πάν·

204 921 293 968 τες
326 906 379 958 οἱ
426 906 699 973 ἐσθίοντες
736 908 898 964 αὐτὸν
928 912 1333 984 μιανθησονται.
1364 932 1389 995 ν
1426 917 1696 971 Τοσοῦτον
1722 918 1781 972 δὲ

204 997 485 1069 ἀφέστηκε
528 1000 625 1053 τοῦ
656 1001 868 1056 δεῖσθαι
896 1003 1117 1071 θυσιῶν,
1234 1008 1461 1074 ταύταις
1502 1009 1781 1081 ὁρίζεσθαι

207 1090 310 1160 την
334 1090 541 1144 οἰκείαν
564 1092 750 1164 τιμὴν,
784 1093 927 1148 ὥστε
947 1096 1048 1150 κάν
1074 1099 1123 1152 εἰ
1142 1101 1541 1170 προσαγάγοιεν
1571 1102 1777 1167 θυσίας,

213 1182 278 1234 ού
302 1180 517 1246 δέξεται
557 1184 760 1249 ταύτας
795 1186 957 1251 Θεός·
1000 1188 1340 1263 autem?
1382 1191 1524 1246 ἄνεί
1558 1210 1643 1258 τις
1670 1197 1783 1258 τοῖς

212 1272 477 1327 πενθοῦσι
511 1277 845 1346 προσαγάγοι
870 1283 1097 1352 τροφὴν,
1118 1281 1362 1357 χαλεπὴν
1390 1283 1649 1356 ἡγοῦνται
1673 1286 1784 1341 τῶν

208 1364 519 1419 δοκούντων
543 1367 749 1422 ἇπασιν
787 1369 958 1441 ἡδέων
994 1372 1093 1444 τὴν
1131 1372 1281 1444 ὖψιν,
1314 1378 1381 1448 τῇ
1414 1376 1509 1430 τοῦ
1558 1376 1785 1443 πένθους

208 1456 407 1527 μνήμῃ
438 1459 773 1529 νυττόμενοι,
802 1462 886 1530 {1).
916 1460 1009 1534 65')
1052 1466 1144 1517 καὶ
1180 1465 1300 1519 ούδὲ
1322 1465 1647 1537 ’προσίεσθαι
1684 1469 1784 1539 την

206 1549 581 1620 προκειμένην
590 1551 905 1621 ἀνεχόμενοι
916 1555 1138 1627 τροφήν·
1156 1556 1250 1610 καὶ
1265 1558 1371 1621 πᾶς
1387 1555 1445 1612 δὲ
1459 1561 1607 1624 ὅστις
1618 1554 1710 1615 οὖν
1724 1561 1785 1615 ἒν

206 1637 395 1691 πένθει
412 1640 859 1711 μεταλαμϐάνειν
885 1646 1320 1718 ἀναγκαζόμενος
1346 1654 1570 1723 τροφῆς,
1600 1651 1786 1723 ὥσπερ

1874 550 1983 606 bus
2007 549 2320 620 hujusmodi
2350 548 2631 610 delectari,
2660 548 2734 604 ait
2762 562 2774 597 :

1954 842 1975 877 ι
2030 818 2314 879 Sacriﬁcia
2358 824 2555 879 eorum
2616 824 2783 894 quasi
2851 820 3009 892 panis
3066 821 3249 875 luctus
3312 819 3450 888 ipsis

1876 922 2041 970 erunt
2060 932 2075 981 ;
2103 913 2399 983 omnesqui
2420 910 2708 967 comedent
2724 924 2848 967 eum
2862 909 3408 966 contaminabunttrr.
3424 926 3443 960 ι

1880 1002 2119 1059 Tantum
2160 1004 2339 1065 abest,
2363 1010 2425 1058 ut
2454 998 2599 1059 Dens
2627 1000 2914 1057 sacriﬁciis
2944 999 3199 1070 indigeat,
3234 1001 3319 1056 vel
3360 999 3447 1055 his

1878 1094 2231 1149 centineatur
2266 1094 2441 1148 honor
2460 1093 2683 1163 eius,*ut
2708 1092 2923 1148 etiamsi
2950 1093 3143 1162 aliquis
3165 1092 3215 1146 ei
3238 1090 3448 1148 hostias

1882 1186 2094 1253 oﬂ‘erat,
2123 1201 2231 1241 non
2262 1186 2333 1242 sit
2348 1186 2453 1242 has
2470 1195 2796 1257 recepturus
2829 1185 2991 1241 Deus.
3020 1183 3130 1241 Sed
3176 1184 3443 1255 quemad-

1888 1279 2112 1335 modum
2167 1279 2215 1333 si
2262 1278 2389 1350 quis
2438 1278 2749 1350 ingentibus
2809 1278 3065 1332 alimenta
3120 1275 3332 1339 aﬂ‘erat,
3390 1274 3463 1331 hi:

1884 1370 2242 1425 nihilominus
2287 1370 2503 1427 tristem
2536 1369 2853 1425 existimant
2885 1368 3081 1423 horum
3140 1376 3445 1437 aspectum.

1883 1461 1977 1532 qui
1998 1459 2252 1517 omnibus
2274 1460 2551 1531 iucundus
2582 1470 2684 1525 est,
2712 1460 2838 1531 quia
2870 1461 3049 1515 luctus
3076 1460 3162 1515 sui
3190 1460 3448 1513 memoria

1884 1561 2343 1623 compunguntur,
2375 1569 2551 1624 neque
2585 1554 2849 1624 attingere
2890 1552 3106 1608 oblatos
3148 1551 3303 1608 cibos
3354 1569 3451 1608 vo-

1885 1644 2033 1711 lunt;
2073 1658 2372 1717 rursusque
2401 1645 2857 1716 quemadmodum
2904 1644 3155 1715 quisquis
3191 1645 3246 1699 in
3292 1647 3456 1701 luctu.

206 1729 334 1781 τινὰ
384 1732 628 1801 μιασμὸς
675 1733 708 1804 ἢ
760 1734 935 1806 λύμην
968 1737 1275 1809 ῆγούμενος
1317 1738 1415 1812 τὴν
1445 1744 1671 1815 τροφὴν,
1716 1745 1781 1798 ὀύ

1897 1752 2135 1799 versans,
2181 1736 2229 1792 si
2279 1737 2462 1793 cibum
2528 1752 2723 1807 capere
2766 1736 2907 1793 forte
2958 1738 3230 1809 adigatur,
3288 1738 3453 1793 habet

208 1823 494 1892 προσίεται
519 1825 743 1896 ταύτην
765 1828 910 1881 οὕτω
942 1830 1041 1894 τάς
1073 1808 1493 1905 προσαγομένας
1512 1808 1660 1908 αύτῷ
1674 1836 1779 1891 {iu-

1900 1838 2025 1885 tunc
2060 1828 2260 1899 piaculi
2288 1844 2350 1883 ac
2380 1830 2690 1885 detrimenti
2729 1830 2870 1893 loco,
2918 1845 3097 1900 neque
3141 1831 3223 1885 ori
3253 1831 3449 1886 admo-

207 1915 351 1979 σίας,
384 1917 438 1968 εἰ
473 1916 542 1988 δή
574 1934 628 1971 τι
657 1918 865 1975 τοιοῦτο
912 1926 1085 1978 ποιεῖν
1120 1925 1380 1990 ἐθέλοιεν,
1413 1928 1514 2001 ὁρᾷ
1558 1931 1779 1995 6026;-

206 2010 379 2079 ἡδέως
421 2012 524 2080 μὲν
554 2012 725 2076 αὑτὰς
764 2016 911 2087 παρὰ
944 2017 1052 2069 τῶν
1083 2018 1442 2091 εὐγνωμόνως
1478 2024 1782 2095 προσαγόν-

205 2117 312 2153 των
354 2098 676 2171 δεχόμενος,
720 2104 962 2176 χαλεπὴν
1004 2098 1064 2161 δὲ
1121 2113 1222 2180 τῆς
1263 2115 1636 2186 προσκομιδῖγς
1674 2116 1784 2171 τῶν

208 2191 426 2259 φαύλων
448 2194 554 2246 καὶ
592 2195 691 2265 τὴν
721 2196 844 2264 ὄψιν
888 2194 1025 2253 εἶναι
1053 2200 1308 2271 νομίζων,
1450 2208 1636 2279 μνήμῃ
1685 2208 1785 2279 τῆς

211 2284 492 2349 ἀσεϐείας,
608 2288 903 2356 συζῶντες,
937 2290 993 2344 ὲν
1038 2295 1295 2368 εἰρωνεία
1342 2298 1449 2351 τινὶ
1489 2301 1787 2371 προσάγειν

208 2375 424 2429 δοκοῦσι
453 2378 555 2449 τήν
580 2378 794 2436 θυσίαν.
829 2401 848 2433 ι
884 2384 1027 2437 Διότι
1050 2387 1097 2439 οἱ
1121 2386 1275 2458 ἄρτοι
1304 2384 1506 2457 αὐτῶν,
1538 2394 1662 2455 ταῖς
1690 2392 1789 2462 ψυ-

211 2471 333 2536 χαῖς
358 2466 564 2536 αὐτῶν,
586 2473 687 2526 ούκ
710 2473 1100 2532 εἰσελεύσονται
1121 2480 1202 2543 εἰς
1224 2480 1317 2534 τδν
1337 2476 1482 2535 οἶκον
1512 2484 1734 2554 Κυρίου.
1762 2504 1782 2538 ι

212 2562 370 2614 Πᾶσα
404 2563 589 2617 τοίνυν
616 2568 954 2639 προσκομιδη
980 2570 1047 2640 ἢν
1073 2566 1139 2624 ἂν
1162 2572 1445 2638 ποιῶνται,
1478 2575 1560 2640 εἰς
1592 2578 1789 2643 αὐτοὺς

211 2652 723 2724 ἀποστραφήσεται,
766 2658 927 2731 δεκτὴ
968 2661 1086 2733 Θεῷ
1128 2665 1249 2717 κατ’
1296 2664 1485 2721 οὐδένα
1530 2668 1787 2743 γινομένη

212 2743 456 2810 τρόπαι’
480 2746 632 2800 τούτο
658 2748 769 2819 γὰρ
800 2748 947 2819 λέγει
975 2752 1057 2818 τὸ,
1094 2770 1113 2805 ι
1155 2752 1266 2808 Ούκ
1294 2755 1686 2813 εἰσελεύσονται
1712 2760 1790 2825 εἰς

214 2833 310 2884 τὸν
331 2830 480 2888 οἷκον
508 2839 740 2910 Κυρίου,
770 2858 787 2891 ι
822 2843 942 2896 ἀντὶ
961 2838 1077 2907 τού,
1118 2845 1234 2899 Uine
1261 2845 1412 2901 ἔσται
1449 2840 1611 2903 δεκτά
1649 2850 1787 2922 Θεῷ,

212 2925 334 2978 οὐδὲ
382 2929 627 2997 παρόντα
670 2932 813 2986 αὐτὰ
842 2933 921 3003 τῷ
957 2934 1147 3007 Κυρίῳ
1185 2936 1475 3007 λογιεῖται,
1512 2942 1791 3014 πόρρωθεν

211 3017 680 3089 ἁωμπόμενος
700 3023 775 3086 ὡς
800 3023 860 3091 ἐξ
886 3025 1115 3091 ἀσεϐοῦς
1140 3030 1523 3101 προσαγόμενα
1545 3032 1789 3105 γνώμης.

224 3108 316 3172 Ὣς
344 3110 459 3183 γὰρ
476 3115 506 3165 6
523 3114 656 3178 Θεὸς
682 3114 815 3187 πρὸς
829 3118 920 3172 τον
942 3120 1080 3174 Κάῖν
1102 3122 1287 3186 κακῶς
1316 3128 1791 3198 προσκεκομικότα
1818 3169 1859 3198 υ

215 3200 385 3269 λέγει’
422 3224 447 3255 ι
480 3202 627 3277 Πρὸς
669 3208 728 3260 σὲ
769 3212 802 3281 ἡ
833 3211 1149 3284 ἀποστροφὴ
1175 3214 1360 3281 αὐτοῦ,
1387 3218 1483 3271 καὶ
1519 3218 1583 3272 σὺ
1609 3218 1792 3291 ἄρξεις

215 3292 406 3357 αὑτοῦ,
442 3312 462 3343 ι
512 3296 634 3349 ἀντὶ
665 3298 793 3362 τοῦ,
826 3300 917 3355 Σοὶ
959 3305 1337 3376 ἀπέστραπται
1377 3307 1445 3361 τὰ
1491 3320 1792 3381 προσκομι-

218 3382 446 3447 σθέντα,
488 3389 585 3439 καί
611 3388 772 3454 αὐτὸς
818 3393 998 3447 αὐτῶν
1022 3386 1113 3448 ἔσο
1151 3398 1358 3469 κύριος’
1394 3397 1504 3467 ἐγὼ
1541 3399 1794 3471 δέδεγμαι

217 3472 478 3539 καθάπαξ
494 3477 672 3530 οὐδέν·
694 3478 866 3545 οὔτως
893 3476 1125 3537 ἐνταῦθα
1152 3483 1320 3554 λέγει·
1356 3504 1374 3537 ι
1417 3488 1479 3541 Οί
1515 3486 1668 3558 ἄρτοι
1700 3487 1797 3540 αύ-

217 3565 328 3618 τῶν
352 3570 479 3631 ταῖς
504 3570 706 3640 ψυχαῖς
732 3573 931 3641 αὐτῶν,
968 3594 987 3627 ι
1026 3576 1146 3630 ἀντὶ
1176 3577 1294 3643 τοῦ,
1322 3579 1403 3632 Τὰ
1429 3578 1795 3651 προσκομιζό-

220 3682 360 3735 μενα
391 3665 527 3730 παρ’
558 3663 761 3729 αὐτῶν,
791 3665 973 3730 αὐτοῖς
1001 3667 1176 3734 ἔσται,
1202 3668 1301 3722 οὐκ
1325 3670 1451 3724 ὄντα
1474 3669 1592 3742 Θεῷ
1616 3670 1794 3723 δεκτά·

218 3757 421 3826 ἄρτους
448 3757 508 3810 δὲ
540 3755 795 3827 ὠνόμασε
823 3756 924 3821 τὰς
963 3759 1299 3829 προσφορὰς,
1333 3762 1397 3813 ὲκ
1436 3760 1633 3833 μέρους
1654 3761 1801 3815 ἀπάέ

222 3866 320 3915 σας
343 3850 521 3919 λέγων
546 3848 650 3913 τὰς
677 3851 1011 3921 προσφορὰς,
1041 3854 1118 3922 (p.
1155 3853 1241 3923 66)
1270 3838 1459 3926 ἐπειδῆ
1488 3856 1581 3909 καὶ
1607 3856 1803 3928 ἄρτους

221 3942 559 4015 προσφέρειν
581 3941 862 3996 εἰώθεσανο
884 3942 959 4005 ὼς
981 3943 1073 3996 καὶ
1095 3944 1350 4017 ἀνωτέρω
1375 3962 1557 4017 φησιν’
1592 3954 1611 3999 ι
1645 3930 1804 4017 διιγά-

222 4044 406 4099 ’.τησαν
431 4028 704 4099 πέμματα
734 4030 870 4100 μετά
899 4032 1186 4101 σταφίδων.
1215 4051 1235 4085 ι

295 4118 449 4189 Στίχ.
492 4118 639 4184 ε’-ζ’.
663 4150 736 4161 --
770 4137 789 4172 ι
824 4120 891 4174 Τί
940 4124 1192 4195 ποιήσετε
1236 4124 1294 4178 ἑν
1323 4124 1508 4198 ἡμέρᾳ
1551 4129 1765 4200 πανηγύ

227 4231 391 4282 ρεως,
438 4215 536 4267 καὶ
564 4214 626 4267 ὲν
669 4215 850 4288 ἡμέρᾳ
876 4216 1068 4289 ἑορτῆς
1095 4219 1189 4273 τού
1223 4219 1464 4294 Κυρίου;
1505 4241 1524 4274 ι
1558 4222 1799 4279 Τοιούτοι

226 4307 283 4358 δὲ
326 4307 459 4377 περὶ
492 4305 629 4359 Θεδν
674 4310 987 4376 γεγονότες,
1040 4312 1160 4366 τίνα
1205 4313 1491 4386 ἀποφυγὴν
1541 4316 1802 4389 εὑρήσετε

227 4399 342 4451 τῶν
384 4398 571 4454 κακῶν
622 4401 762 4454 κατὰ
793 4402 893 4473 τὴν
925 4403 1137 4476 ἡμέραν
1169 4406 1416 4478 ἐκείνην,
1452 4408 1512 4462 ὲν
1559 4402 1702 4484 ᾗπερ
1736 4409 1805 4465 ἂν

1882 1935 2009 1976 vere
2054 1922 2303 1992 patitur:
2355 1922 2428 1977 ita
2478 1918 2624 1978 Deus
2682 1918 2862 1976 oblata
2914 1924 3017 1979 sibi
3076 1923 3345 1980 sacriﬁcia
3383 1920 3457 1995 (si

1882 2017 2006 2087 quis
2030 2017 2110 2071 ita
2145 2024 2307 2086 agere
2345 2015 2603 2087 voluerit)
2646 2025 2861 2087 spectat
2912 2030 3045 2072 sane
3105 2017 3342 2073 libenter
3396 2022 3453 2071 et

1883 2107 2076 2177 recipit
2100 2122 2225 2178 qua:
2256 2120 2286 2161 a
2314 2106 2592 2163 benevolis
2614 2109 2849 2177 dantur;
2878 2106 2979 2164 ‘sed
3015 2110 3300 2165 molestum
3346 2108 3452 2163 sibi

1881 2199 2089 2270 iudicat
2119 2198 2435 2263 oblationis.
2489 2213 2611 2271 quae
2652 2214 2682 2255 a
2722 2201 2885 2256 malis
2924 2199 3082 2265 liunt,
3135 2207 3450 2271 aspectum;

1886 2299 2049 2363 atque
2082 2292 2153 2347 ob
2199 2291 2516 2363 impietatis,
2565 2293 2620 2347 in
2651 2306 2759 2363 qua
2792 2293 2870 2348 illi
2895 2302 3208 2356 versantur,
3248 2306 3452 2347 memo-

1888 2385 2047 2447 riam.
2084 2382 2290 2441 ironice
2331 2384 2407 2440 illi
2452 2378 2858 2455 quodammodo
2899 2385 3154 2441 videntur
3211 2386 3449 2441 hostiam

1886 2475 2101 2532 diferre.
2123 2490 2142 2527 ι
2161 2475 2299 2543 Quia
2318 2490 2488 2547 panes
2507 2488 2718 2540 eorum,
2743 2474 3029 2531 animabus
3047 2477 3289 2546 ipsorum
3310 2493 3325 2531 :
3344 2491 3467 2531 non

1890 2566 2173 2623 intrabunt
2208 2570 2264 2623 in
2301 2570 2525 2623 domum
2562 2566 2803 2622 Domini.
2840 2587 2858 2619 ι
2893 2566 2999 2640 43
3027 2564 3291 2634 Quaelibet
3323 2582 3457 2638 ergo

1890 2662 2097 2716 oblatio
2126 2676 2290 2732 quam
2318 2658 2570 2727 fecerint,
2617 2658 2683 2715 ad
2737 2661 2888 2731 ipsos
2938 2667 3284 2725 revertetur;
3324 2674 3453 2713 nam

1892 2752 2004 2809 Deo
2042 2763 2192 2810 certe
2240 2752 2554 2808 nullatenus
2601 2750 2956 2823 acceptabilis
3007 2751 3110 2806 erit
3144 2769 3155 2805 :
3190 2752 3271 2806 Sic
3308 2750 3471 2804 enim-

1893 2848 2071 2902 valent
2104 2845 2287 2911 verba,
2321 2863 2340 2897 ι
2362 2832 2481 2900 Non
2516 2844 2800 2899 intrabunt
2832 2844 2885 2899 in
2917 2843 3137 2899 domum
3155 2838 3366 2897 Domini
3390 2858 3408 2909 ;
3433 2860 3451 2890 ι

1891 2939 1945 2994 id
1976 2949 2079 3003 est,
2111 2938 2219 2993 Deo
2258 2949 2477 3008 accepta
2512 2953 2620 2992 non
2653 2944 2835 3000 erunt,
2868 2951 3044 3008 neque
3078 2933 3180 2989 sibi
3218 2948 3455 3003 praesen-

1892 3033 1967 3086 tia
2010 3030 2306 3102 reputabit,
2346 3028 2442 3085 sed
2490 3029 2654 3098 longe
2714 3026 2961 3098 repellet,
3008 3040 3106 3079 ceu
3147 3032 3271 3078 cum
3313 3022 3463 3077 malo

1894 3121 2093 3176 mentis
2128 3120 2317 3175 habitu
2347 3118 2556 3175 oblata.
2596 3116 2731 3172 Nam
2758 3117 3088 3175 sicutCaino
3129 3115 3273 3172 Deus
3296 3132 3459 3188 prave

1893 3211 2138 3267 oiferenti
2160 3212 2298 3267 dixit
2332 3230 2346 3265 :
2382 3232 2400 3263 ι
2430 3208 2508 3265 Ad
2542 3221 2596 3266 te
2624 3210 2917 3266 conversio
2946 3209 3087 3279 eius,
3113 3216 3165 3263 et
3185 3216 3242 3261 tu
3278 3208 3461 3262 domi-

1893 3303 2117 3359 naberis
2152 3302 2382 3369 illius",
2414 3320 2433 3353 ι
2459 3301 2514 3356 id
2547 3306 2653 3365 est,
2683 3300 2765 3353 Ad
2792 3306 2847 3354 te
2876 3300 3226 3353 revertuntur
3253 3292 3459 3361 oblata,

1895 3404 1952 3448 tu
1997 3393 2189 3448 horum
2237 3402 2356 3449 esto
2393 3390 2681 3457 dominus;
2732 3402 2832 3462 ego
2881 3388 3025 3444 enim
3067 3388 3202 3442 nihil
3234 3396 3475 3457 prorSus

1896 3484 2092 3539 admisi
2122 3503 2135 3538 :
2164 3484 2236 3538 ita
2284 3484 2386 3538 hoc
2432 3485 2597 3538 etiam
2654 3481 2775 3537 loco
2817 3480 2893 3536 ait
2931 3499 2945 3534 :
2984 3499 3001 3532 ι
3027 3478 3203 3533 Panes
3248 3488 3460 3543 eorum,

1897 3579 2183 3633 animabus
2216 3577 2497 3647 ipsorum;
2536 3592 2556 3627 ι
2596 3573 2650 3629 id
2680 3583 2787 3638 est,
2841 3573 2972 3639 Quae
2998 3568 3100 3641 ipsi
3155 3570 3463 3630 attulerint,

1898 3678 2067 3726 sunto
2097 3669 2231 3735 illis,
2257 3669 2386 3739 quia
2415 3666 2528 3723 Deo
2554 3682 2666 3722 non
2694 3672 2825 3722 sunt
2855 3657 3463 3734 acceptabilia.Panum

1898 3772 2080 3820 autem
2136 3764 2363 3818 nomine
2409 3758 2752 3830 nuncupavit
2795 3758 3124 3819 oblationes,
3187 3771 3253 3809 ex
3310 3756 3485 3824 parte?

1898 3864 2127 3910 cunctas
2173 3853 2450 3924 appellans
2481 3850 2823 3915 oblationes;
2865 3858 2991 3903 nam
3031 3852 3085 3902 et
3126 3858 3323 3916 reapse
3365 3857 3464 3915 pa-

1899 3956 1999 4004 nes
2036 3947 2216 4003 oil‘erri
2236 3953 2557 4002 consuetum
2571 3950 2728 4010 erat;
2767 3941 2910 3997 sicut
2931 3948 2986 3995 et
3007 3938 3061 3994 in
3086 3934 3465 4009 superioribus

1905 4039 2043 4095 dixit
2075 4058 2089 4094 :
2125 4059 2143 4091 ι
2166 4036 2475 4094 Offerebam
2514 4036 2797 4108 placentas
2845 4046 2969 4089 cum
3004 4030 3265 4087 vinaceis.
3298 4049 3317 4083 ›

1969 4126 2136 4186 Vens.
2161 4127 2532 4195 5-7.-—¢Quid
2562 4126 2781 4183 facietis
2806 4125 2861 4182 in
2890 4124 2982 4181 die
3008 4122 3261 4184 solemni,
3296 4120 3349 4174 in
3380 4116 3471 4176 die

1900 4217 2217 4274 festivitatis
2250 4216 2554 4271 Domini?»
2599 4214 2765 4271 Tales
2807 4228 2932 4269 cum
2974 4228 3104 4283 erga
3143 4209 3313 4264 Deum
3361 4206 3473 4263 lue-

1901 4310 2043 4375 ritis,
2092 4308 2368 4381 quodnam
2405 4304 2665 4380 eil‘ugium
2716 4305 3008 4362 invenietis
3058 4303 3330 4359 malorum
3382 4299 3473 4355 die

1900 4402 2014 4467 illa,
2050 4417 2157 4473 qua
2183 4401 2477 4457 solemnem
2506 4399 2673 4456 veluti
2702 4406 3025 4453 conventum
3066 4408 3128 4451 ac
3150 4395 3348 4452 festum
3378 4408 3472 4447 ce-

230 4495 265 4561 ἠ
316 4492 627 4564 πανηγυρίς
653 4510 714 4566 τε
764 4496 856 4548 καὶ
883 4497 1043 4567 ἑορτή
1082 4513 1168 4560 τις
1212 4498 1536 4553 ἐπιτελεῖται
1568 4501 1645 4573 τῷ
1686 4502 1795 4574 Θεῷ

1904 4498 2140 4555 iebrabit
2159 4495 2420 4551 Dominus
2449 4494 2520 4551 ob
2543 4501 2783 4550 vestrum
2807 4498 3091 4563 peractum
3117 4488 3474 4561 supplicium,

230 4587 325 4639 ἐπὶ
350 4588 419 4657 τῇ
445 4585 726 4657 ἀναιρέσει
758 4590 824 4659 τῇ
850 4588 1120 4660 ὑμετέρα,
1152 4586 1227 4653 ὡς
1270 4589 1336 4644 ἂν
1391 4591 1601 4663 ἐχθρῶν
1643 4594 1809 4648 αὐτοῦ

235 4678 333 4732 καὶ
398 4679 675 4748 πολεμίων
734 4680 1264 4751 κατασφαττομένων
1320 4682 1575 4750 δικαίως;
1634 4702 1653 4736 ι
1711 4686 1812 4741 Διὰ

234 4768 399 4823 τοζτο
440 4770 551 4823 ἰδοὺ
597 4770 956 4841 πορεύσονται
991 4774 1056 4825 ὲκ
1084 4772 1462 4846 ταλαιπωρίας
1492 4774 1769 4843 Αἰγύπτου
1791 4818 1806 4842 ,

237 4865 336 4917 καὶ
372 4864 653 4931 ἐκδέξεται
705 4865 904 4928 αὐτοὺς
954 4864 1209 4936 Μέμφις,
1264 4866 1360 4921 καὶ
1410 4867 1568 4938 θάψει
1613 4868 1809 4933 αὐτοὺς

236 4957 511 5026 Μαχμάς⁴
542 4956 604 5009 τὸ
650 4955 914 5027 ἀργύριον
951 4957 1128 5011 αὐτῶν
1161 4955 1380 5030 ὄλεθρος
1410 4960 1809 5033 κληρονομήσει

237 5047 377 5101 αὐτὸ
398 5087 413 5110 ,
444 5046 674 5102 ἀκανθαι
702 5048 761 5100 ὲν
785 5050 899 5111 τοῖς
937 5045 1286 5119 σκηνώμασιν
1311 5050 1509 5106 αὐτῶν.
1553 5071 1572 5105 ι
1620 5053 1809 5124 Ὑμεῖς

244 5143 347 5211 μὲν
373 5140 479 5211 γὰρ
509 5138 648 5210 μετὰ
672 5140 870 5213 πολλὴν
896 5141 1267 5213 ταλαιπωρίαν
1292 5142 1358 5214 ἣν
1387 5144 1705 5215 ὑπομενεῖτε
1733 5148 1812 5211 εἰς

239 5233 341 5303 τὴν
365 5233 633 5301 Αἴγυπτον
668 5232 744 5296 ὡς
769 5232 861 5286 ἑ.πί
888 5248 1012 5287 τινα
1054 5232 1486 5305 καταφεύγοντες
1538 5237 1813 5310 σωτηρίαν

244 5324 697 5397 ἐκσπασθησεσθε
738 5325 845 5380 ὑπὸ
871 5326 978 5379 τῶν
1034 5328 1337 5399 Ἀσσυρίων
1389 5328 1469 5393 είς
1525 5330 1626 5402 τὴν
1678 5330 1814 5403 παρ’

246 5417 476 5481 ἐκείνοις
520 5417 859 5489 ἀπαγόμενοι
903 5419 1319 5490 αἰχμαλωσίαν
1374 5418 1711 5476 διελεύσεσθε
1758 5421 1815 5474 δὲ

246 5510 344 5572 τὰς
376 5509 476 5580 τῆς
513 5510 788 5579 Αἰγύπτου
829 5510 1047 5576 πόλεις,
1086 5511 1342 5565 ποικίλων
1384 5511 1529 5582 ὑμᾶς
1577 5512 1813 5583 διαδεχο-

254 5600 432 5667 μένων
476 5601 766 5654 κινδύνων·
819 5601 977 5656 τούτο
1027 5603 1136 5673 γὰρ
1185 5602 1355 5673 λέγει,
1393 5622 1412 5656 ι
1449 5603 1673 5674 Μέμφις
1720 5607 1814 5657 καὶ

252 5688 511 5759 Ηαχμάς,
552 5709 571 5741 ι
613 5691 703 5745 ἵνα
733 5690 885 5763 εἴπῃ,
920 5694 1000 5747 ὅτι
1033 5693 1377 5749 Διελεύσεσθε
1418 5695 1516 5764 τῆς
1546 5691 1814 5759 Αἰγύπτου

723 5872 754 5889 αν

358 5873 403 5906 ³⁷
432 5870 561 5927 Gen.
604 5889 685 5940 tv,
723 5872 777 5924 τ.

1907 4591 2000 4663 qui
2032 4598 2287 4659 tanquam
2313 4588 2432 4660 ejus
2467 4586 2762 4643 adversarii
2801 4592 2854 4640 et
2877 4584 3066 4638 hostes
3096 4582 3222 4653 jure
3249 4581 3474 4637 merito-

1907 4700 2013 4756 que
2054 4683 2319 4754 perempti
2376 4680 2599 4737 fuistis?
2636 4698 2655 4732 ι
2681 4678 3025 4749 Quapropter
3072 4692 3202 4733 ecce
3243 4676 3476 4731 abibunt

1910 4774 1981 4831 de
2023 4773 2242 4830 miseria
2287 4770 2532 4843 Egypti,
2571 4776 2626 4826 et
2654 4769 2891 4840 excipiet
2945 4782 3040 4823 eos
3080 4765 3372 4835 Memphis,
3415 4774 3470 4819 et

1907 4867 2130 4938 sepeliet
2154 4880 2250 4922 eos
2277 4862 2574 4919 Machmas.
2626 4862 2922 4931 Argentum
2956 4872 3144 4914 eorum
3175 4854 3476 4927 possidebit

1907 4959 2182 5028 interitus,
2228 4957 2398 5029 spinae
2428 4956 2483 5013 in
2529 4954 2896 5011 tabernaculis
2928 4953 3191 5022 ipsorum.
3225 4967 3243 4999 ι
3282 4945 3474 4999 Ειιίιιι-

1907 5068 2040 5109 vero
2067 5056 2165 5108 ves
2192 5057 2314 5122 post
2340 5048 2612 5105 miseriam
2651 5062 2814 5118 quam
2840 5041 3153 5116 pertulistis
3188 5040 3243 5094 in
3280 5045 3472 5092 vestro

1908 5140 1977 5199 ad
2016 5136 2333 5215 IEg‘yptum,
2378 5138 2535 5209 quasi
2578 5137 2648 5193 ad
2699 5135 2893 5194 salutis
2947 5134 3150 5197 locum,
3198 5127 3474 5201 perfugio,

1909 5232 2301 5290 abstrahemini
2326 5230 2478 5285 illinc
2504 5230 2572 5285 ab
2594 5227 2837 5300 Assyriis
2862 5224 2930 5280 ad
2953 5220 3298 5280 serviendam
3331 5216 3477 5292 apud

1910 5328 2063 5398 ipsos
2109 5323 2449 5383 servitutem.
2521 5315 2936 5376 Pertransibitis
3006 5314 3227 5387 Egypti
3286 5315 3476 5375 urbes.

1912 5420 2064 5477 varia
2098 5426 2472 5490 permutantes
2489 5413 2766 5485 pericula:
2795 5409 3041 5465 nominat
3060 5418 3239 5464 autem
3265 5426 3283 5459 ι
3308 5404 3475 5461 Mem-

1912 5513 2036 5584 phis
2075 5518 2131 5566 et
2166 5508 2471 5570 Machmas,
2515 5524 2534 5556 ι
2572 5512 2632 5557 ιιι
2666 5502 2814 5557 dicat
2859 5500 3190 5557 transituros
3243 5512 3341 5553 eos
3380 5512 3479 5567 per

1911 5601 2130 5674 Egypti
2180 5599 2366 5662 urbes,
2410 5595 2645 5651 afﬂictos
2697 5604 2753 5649 et
2794 5593 3038 5665 perditos
3075 5589 3143 5645 ab
3207 5587 3473 5660 Assyriis.

1912 5697 2178 5755 Peribunt
2207 5702 2389 5750 autem
2416 5689 2580 5748 simul
2606 5699 2786 5748 vestra
2820 5688 3043 5755 omnia;
3084 5692 3345 5765 raptaque
3384 5697 3478 5736 vc-
