3966 6222
522 319 622 378 H9

1701 327 2045 386 TIIEODORI
2071 322 2550 390 MOPSUESTENI

3628 323 3732 381 180

517 444 663 492 stras
692 436 855 496 urbes
901 446 1066 511 atque
1108 439 1357 512 regiones
1396 440 1681 511 occupabit
1707 443 1964 506 solitudo,
2018 453 2064 498 ul

2184 447 2281 510 τὰς
2313 446 2523 512 πόλεις,
2580 442 2980 513 συντριϐόμενοί
3023 456 3083 493 τε
3108 439 3200 493 καὶ
3226 436 3580 508 ἀπολλύμενοι
3624 437 3731 492 ύπδ

516 529 627 584 illic
659 532 872 588 nemine
909 532 1185 589 habitante
1211 533 1380 603 spina:
1407 544 1773 588 succrescant.
1800 532 1910 607 44
1937 555 1957 587 ι
1982 532 2083 591 Ve-

514 621 674 675 niunt
741 623 858 678 dies
950 625 1203 689 ultionis,
1279 624 1505 679 veniunt
1587 622 1703 679 dies
1774 626 2081 680 retributio-

518 711 625 765 nis.
662 729 682 763 ι
732 710 856 768 Hec
907 722 1088 770 autem
1158 725 1287 770 tunc
1347 713 1608 785 perieres,
1678 716 2076 786 propinquante

510 800 623 868 jam
659 811 926 873 tempore,
956 820 1065 876 quo
1090 815 1240 861 tuam
1270 813 1483 875 oportet
1506 805 1833 877 impietatem
1864 807 2074 873 ulcisci,

515 903 568 944 et
593 892 780 962 iniqua
815 909 981 964 opera
1016 906 1106 950 tua
1135 897 1492 951 remunerari.
1536 915 1554 947 ι
1590 898 1657 951 Et
1682 896 1891 953 sedebit
1910 898 2076 955 Israel

514 988 774 1052 tanquam
808 987 1072 1056 propheta
1107 987 1411 1052 insaniens,
1462 994 1723 1058 tanquam
1761 989 1926 1044 homo
1964 991 2077 1060 spi-

515 1069 625 1123 ritu
682 1072 932 1140 agitatus.
973 1095 992 1127 ι
1034 1074 1093 1128 In
1128 1082 1341 1130 tantum
1389 1076 1654 1131 malorum
1689 1075 1966 1143 devenies,
2014 1086 2075 1133 ut

512 1160 653 1215 nihil
675 1162 895 1220 ditl'eras
925 1179 955 1218 a
984 1164 1124 1221 falsa
1170 1167 1435 1236 propheta
1473 1167 1527 1221 in
1556 1181 1775 1238 gravem
1811 1169 2071 1224 exstasim

512 1252 641 1306 mali
673 1254 897 1323 spiritus
918 1258 1229 1327 operatione
1253 1258 1523 1328 conjecto,
1549 1272 1613 1313 ac
1640 1274 1708 1313 ne
1732 1258 1823 1313 illa
1851 1260 2070 1330 quidem

512 1345 782 1402 sentiente
802 1364 922 1418 qua:
942 1359 1068 1405 ante
1097 1350 1259 1421 pedes
1289 1357 1438 1405 sunt.
1464 1348 1614 1406 Adeo
1636 1350 1881 1420 dejectus
1896 1363 2071 1410 mente

510 1438 651 1502 eris,
680 1449 902 1509 propter
936 1442 1200 1497 malorum
1255 1442 1609 1511 gravitatem!
1652 1440 1803 1498 Curi
1837 1462 1855 1495 ι
1885 1443 2070 1499 Multi-

509 1529 698 1585 tudine
740 1532 1089 1599 iniquitatum
1136 1541 1353 1587 tuarum
1400 1532 1756 1602 multiplicata
1798 1533 1900 1589 fuit
1932 1536 2072 1590 insa-

509 1619 671 1674 nia.»
706 1620 844 1686 Quia
894 1637 1087 1691 nempe
1136 1621 1305 1676 multa
1355 1635 1478 1674 cum
1523 1622 1810 1691 iniquitate
1859 1625 2066 1692 vixisti,

510 1719 669 1780 teque
699 1713 922 1768 omnino
953 1713 1219 1768 idolorum
1243 1712 1469 1768 insaniae
1493 1713 1764 1769 addixisti.

2180 537 2286 589 τῶν
2329 535 2623 606 ’Δσσυρίων
2643 550 2657 564 ·
2707 534 2988 588 ἀπολεῖται
3016 532 3072 585 δὲ
3102 530 3196 584 καὶ
3218 531 3287 582 τά
3314 528 3580 599 προσόντα
3602 529 3729 599 ὑμῖν

2182 628 2396 683 ᾶπαντα
2414 645 2430 659 ο
2453 627 2551 689 τάς
2581 643 2641 678 τε
2673 626 2855 688 πόλεις
2874 625 2903 676 ὑ
2911 622 3025 694 μῶν
3050 619 3262 682 καὶτὰς
3285 618 3467 690 χώρας
3494 618 3729 688 τοσαύτη

2178 717 2543 788 καταλήψεται
2574 716 2797 787 ἐρημία,
2833 716 2918 786 (p.
2952 713 3050 784 67)
3084 712 3222 765 ὥστε
3261 709 3503 773 ἀκάνθας
3543 708 3729 762 αὐτόθι

2180 806 2408 875 φύεσθαι
2458 805 2684 877 μηδενὸς
2727 804 3021 865 οἰκοῦντος.
3063 821 3081 854 ι
3124 802 3382 854 Ἥκουσιν
3425 800 3481 853 αί
3527 800 3728 869 ἡμέραι

2177 898 2275 967 τῆς
2305 895 2634 967 ἐκδικήσεώς
2677 912 2803 958 σου,
2853 895 3077 965 ἥκουσιν
3121 893 3175 945 αἱ
3216 891 3419 963 ήμέραι
3467 889 3566 959 τῆς
3597 892 3727 943 ἀντ-

2176 984 2481 1049 αποδόσεώς
2512 984 2629 1039 σου.
2670 1006 2689 1037 ι
2736 985 3053 1055 Ὑπομενεῖς
3096 982 3153 1035 δὲ
3200 981 3370 1036 ταῦτα
3410 981 3532 1034 τότε
3576 980 3729 1049 ἐγγί-

2175 1075 2359 1141 ζοντος
2389 1076 2483 1130 τοῦ
2512 1076 2704 1147 καιροῦ
2747 1076 2866 1130 καθ’
2892 1074 2951 1128 ὃν
2977 1073 3329 1145 ἐκδικηθῆναι
3362 1090 3456 1125 σου
3488 1072 3593 1142 χρὴ
3627 1070 3731 1141 τήν

2174 1164 2461 1234 ἀσέϐειαν,
2508 1167 2604 1220 καὶ
2649 1166 2974 1238 ἀποδοθῆναί
3022 1182 3105 1219 σοι
3158 1164 3433 1234 πρέποντα
3478 1158 3553 1216 ὧν
3605 1161 3726 1214 δια-

2172 1260 2541 1331 πραττόμενος
2602 1258 2840 1328 ήσέϐεις.
2908 1276 2927 1308 ι
2989 1256 3100 1310 Καὶ
3162 1255 3442 1309 καθίσεται
3513 1252 3726 1325 Ἰσραὴλ

2171 1349 2359 1422 ὥσπερ
2399 1352 2427 1404 ό
2462 1352 2743 1423 προφήτης
2794 1352 2823 1402 ὁ
2869 1345 3319 1420 παρεξεστηκὼς,
3361 1346 3642 1418 ἄνθρωπος
3695 1352 3731 1403 ὁ

2170 1440 2635 1511 πνευματοφόρος.
2682 1458 2702 1492 ι
2775 1439 2860 1493 Ἐν
2913 1436 3186 1499 τοσούτοις
3241 1436 3307 1508 δή
3359 1439 3564 1510 γενήσῃ
3609 1440 3726 1501 τοῖς

2170 1534 2379 1597 κακοῖς,
2411 1531 2551 1586 ὥστε
2599 1530 2762 1602 μηδὲν
2789 1529 3101 1585 ἀπεοικέναι
3128 1527 3567 1599 ψευδοπροφήτου
3586 1569 3602 1592 ,
3637 1530 3722 1592 είς

2170 1621 2425 1676 ἔκστασιν
2471 1621 2673 1693 πολλὴν
2718 1624 2784 1675 ἐκ
2829 1621 2929 1693 τῆς
2978 1618 3073 1673 τοῦ
3124 1619 3362 1691 πονηροῦ
3413 1620 3727 1691 πνεύματος

2169 1715 2444 1785 ἐνεργείας
2510 1713 2875 1778 καταστάντος
2893 1752 2910 1778 ,
2963 1714 3058 1766 καὶ
3110 1713 3232 1767 ούδέ
3282 1711 3390 1765 τῶν
3439 1711 3731 1783 παρόντων

508 1799 759 1869 αἴσθησιν
814 1800 1049 1871 ἔχοντος·
1087 1801 1259 1867 οὕτως
1312 1803 1417 1870 ἔξω
1462 1805 1570 1859 τῶν
1600 1806 1796 1860 σαυτοῦ
1829 1802 2041 1879 φρενῶν
2081 1809 2145 1862 ἐκ
2195 1807 2287 1861 τοῦ
2320 1806 2579 1878 μεγέθους
2628 1809 2832 1879 γενήσῃ
2876 1806 2985 1861 τῶν
3036 1805 3220 1862 κακῶν
3239 1822 3254 1837 ·
3307 1805 3449 1870 τίνος
3504 1806 3724 1872 ἕνεκεν,

515 1913 535 1947 ι
588 1893 719 1947 Ἀπὸ
765 1895 858 1948 τοῦ
912 1896 1145 1967 πλήθους
1189 1897 1295 1951 τῶν
1340 1898 1562 1953 ἀδικιῶν
1616 1918 1708 1953 σου
1761 1901 2068 1973 ἐπληθύνθη
2122 1902 2305 1973 μανία.
2344 1920 2364 1955 ι
2415 1901 2631 1973 Ἐπειδὴ
2678 1900 2844 1972 πολλῇ
2896 1901 2995 1972 μὲν
3031 1900 3217 1973 ἀδικίᾳ
3246 1900 3501 1971 συνέζης,
3551 1899 3725 1973 πολλῇ

507 1986 564 2040 δὲ
598 1989 663 2057 τῇ
691 1988 817 2059 περὶ
847 1988 913 2041 τά
939 1988 1130 2046 εἴδωλα
1163 1993 1330 2065 μανίᾳ
1354 1995 1547 2049 σαυτὸν
1574 1995 1888 2062 ἐκδεδώκεις
1912 1997 2208 2062 παντελῶς.

579 2074 746 2132 Vens.
775 2076 933 2131 8-10.
964 2109 1035 2119 —
1064 2097 1083 2131 ι
1113 2081 1322 2152 Scopus
1369 2082 1697 2154 Ephraimus
1741 2100 1864 2141 cum
1904 2086 2015 2143 Deo
2044 2105 2058 2141 :

2231 2086 2378 2157 Στίχ.
2436 2089 2570 2158 ηὀιν.
2610 2116 2681 2128 -
2731 2103 2751 2138 ι
2789 2084 2997 2149 Σκοπὸς
3056 2083 3291 2156 Ἐφραῒμ
3358 2082 3497 2155 μετά
3540 2083 3723 2139 Θεοῦ’

3771 229 3809 252 Γ

507 2167 771 2237 propheta
808 2168 1036 2238 laqueus
1073 2180 1352 2230 tortuosus
1369 2190 1533 2246 super
1548 2190 1738 2234 omnes
1758 2178 1872 2234 vias
1888 2178 2025 2248 ejus.
2040 2198 2060 2232 ι

2166 2180 2447 2250 προφήτης
2501 2178 2670 2245 παγὶς
2717 2175 2905 2230 σκολιά
2945 2176 3041 2230 ἐπὶ
3088 2178 3266 2239 πάσας
3292 2174 3393 2239 τάς
3421 2174 3575 2238 ὁδοὺς
3614 2174 3720 2230 αι’-
3790 2184 3801 2193 “

507 2256 795 2326 Oporteret
826 2275 958 2317 sane
1000 2272 1050 2317 te
1076 2278 1197 2321 esse
1233 2266 1442 2322 caeteris
1480 2268 1757 2339 exemplar
1804 2279 1857 2331 et
1906 2271 2065 2341 quasi

507 2364 738 2420 scopum
774 2350 1011 2416 honesti,
1050 2353 1265 2427 Deoque
1303 2357 1528 2427 juvante
1554 2358 1752 2416 docere
1783 2361 1921 2417 alios
1952 2361 2064 2415 vir-

507 2449 700 2506 tutem,
732 2457 893 2512 quam
930 2454 985 2498 tu
1018 2445 1136 2516 ipse
1175 2463 1206 2501 a
1244 2448 1354 2504 Deo
1384 2450 1690 2517 didiceras;
1740 2452 1835 2509 sed
1875 2464 2065 2509 contra

505 2529 685 2586 factus
713 2546 774 2586 es
812 2532 878 2586 ad
916 2533 1109 2588 vitium
1145 2536 1265 2603 via;
1297 2537 1371 2591 ita
1394 2547 1452 2592 ut
1475 2540 1610 2594 nihil
1644 2556 1675 2593 a
1705 2541 1846 2596 tristi
1872 2542 2064 2613 laqueo

504 2620 724 2677 diﬂ'eras
746 2623 1156 2681 incurrentibus
1186 2629 1511 2698 periculoso.
1547 2629 1639 2685 Sic
1668 2633 1920 2688 omnibus
1957 2634 2061 2687 im-

501 2714 724 2786 pietatis
760 2716 944 2787 regula
975 2718 1212 2773 exsistis.
1240 2738 1258 2770 ι
1286 2718 1559 2776 Insaniam
1585 2722 1641 2775 in
1672 2722 1834 2779 domo
1868 2724 1957 2778 Dei
1977 2724 2062 2778 sui

504 2806 711 2862 deﬁxit.
736 2825 754 2858 ι
787 2806 1101 2862 ldololatria
1148 2810 1455 2866 universam
1498 2820 1702 2867 terram
1741 2816 2063 2883 promissio-

503 2899 592 2953 nis
615 2898 850 2968 implesti
880 2918 893 2952 :
926 2915 1050 2953 nam
1084 2899 1180 2955 Dei
1215 2902 1435 2957 domum
1459 2912 1660 2959 terram
1684 2907 2063 2974 promissionis

503 2990 764 3060 appellat,
815 2999 1050 3060 utpotea
1087 2990 1197 3047 Deo
1231 2993 1551 3050 habitatam.
1589 3015 1608 3048 ι
1644 2995 1901 3066 Corrupti
1933 3003 2061 3051 sunt

502 3080 723 3136 sicutin
748 3081 940 3138 diebus
966 3083 1140 3139 collis.
1173 3104 1191 3137 ι
1230 3083 1423 3142 Cuncti
1468 3102 1497 3142 a
1523 3088 1726 3145 virtute
1768 3088 1833 3143 ad
1868 3089 2058 3143 vitium

502 3173 749 3227 conversi
779 3173 934 3238 estis,
984 3176 1183 3231 mentis
1212 3178 1617 3248 corruptionem
1668 3180 1879 3249 experti
1914 3181 2059 3235 haud

502 3266 828 3323 dissimilem
855 3268 963 3323 illis
994 3269 1089 3338 qui
1120 3270 1175 3323 in
1212 3268 1427 3327 deserto
1471 3272 1767 3342 irreligiosi
1812 3272 2056 3338 fuerunt,

502 3359 706 3429 quique
739 3358 910 3413 vitulo
948 3359 1180 3415 conﬂato
1210 3362 1464 3417 dicebant
1500 3382 1513 3416 :
1547 3383 1565 3415 ι
1591 3361 1657 3416 lli
1700 3372 1829 3417 sunt
1855 3364 1928 3418 dii
1955 3365 2055 3430 tui,

2163 2267 2278 2323 τοῦ.
2317 2288 2336 2320 ι
2382 2268 2575 2339 Ἐχρῆν
2612 2267 2712 2337 μὲν
2742 2266 2850 2337 γάρ
2899 2282 2959 2318 σε
2990 2266 3189 2321 σκοπὸν
3236 2261 3373 2320 εἶναι
3421 2266 3514 2319 τοῦ
3549 2265 3723 2319 καλοῦ

2164 2358 2401 2431 ἑτέροις,
2446 2358 2539 2412 καὶ
2584 2358 2720 2429 μετὰ
2762 2355 2896 2410 Θεοῦ
2940 2356 3213 2411 διδάσκειν
3255 2356 3381 2420 τοὺς
3411 2356 3629 2419 λοιποὺς
3652 2356 3727 2411 τὸ

2160 2450 2298 2515 δέον,
2333 2450 2428 2504 ἀτε
2469 2452 2598 2521 παρ’
2635 2447 2799 2502 αὐτοῦ
2852 2448 3205 2519 μεμαθηκότα
3247 2447 3432 2502 τοῦτο’
3485 2447 3721 2517 γέγονας

2160 2541 2218 2595 δὲ
2250 2542 2311 2595 τὸ
2336 2542 2573 2596 ἐναντίον
2601 2541 2717 2604 ὁδὸς
2744 2540 2943 2595 ἅπασιν
2967 2539 3062 2593 τοῦ
3092 2540 3348 2610 χείρονος·
3374 2538 3515 2592 ὥστε
3549 2537 3723 2608 μηδὲν

2162 2630 2472 2683 ἀπεοικέναι
2505 2629 2749 2699 χαλεπῆς
2774 2628 2993 2697 παγίδος
3018 2628 3245 2698 κινδύνῳ
3288 2625 3721 2698 περιϐαλλούσης

2160 2723 2282 2786 τοὺς
2334 2722 2720 2793 ἐμπίπτοντας
2772 2720 2941 2785 οὕτως
2985 2721 3156 2774 ἅπασι
3188 2720 3349 2791 νόμος
3394 2719 3574 2787 ἐγίνου
3611 2718 3719 2789 τῆς

2160 2814 2429 2877 ἀσεϐείας.
2461 2814 2478 2882 (
2499 2830 2551 2883 p.
2583 2813 2673 2881 68)
2714 2833 2733 2864 ι
2760 2813 2971 2867 Μανίαν
2987 2815 3044 2866 ἐν
3072 2813 3203 2883 οίκῳ
3227 2811 3359 2865 Θεοῦ
3390 2809 3552 2864 αὑτοῦ
3580 2826 3722 2863 κατ-

2160 2904 2375 2976 έπηξεν.
2420 2924 2438 2956 ι
2472 2904 2926 2975 Εξδωλολατρείας
2973 2904 3079 2975 γὰρ
3120 2905 3301 2957 πᾶσαν
3335 2903 3432 2973 τὴν
3472 2902 3573 2971 γῆν
3610 2900 3720 2969 τῆς

2160 2996 2489 3066 ἐπαγγελίας
2518 2996 2842 3068 ἐπλήρωσας
2859 3012 2874 3027 ο
2900 2990 3046 3049 οἷκον
3072 2995 3179 3066 γάρ
3208 2993 3339 3047 Θεοῦ
3363 2992 3459 3060 τὴν
3484 2992 3583 3060 γῆν
3609 2990 3721 3060 τῆς

2159 3088 2491 3159 ἐπαγγελίας
2509 3088 2683 3152 καλεῖ,
2709 3087 2783 3150 ὡς
2802 3086 3123 3157 οἰκουμένην
3150 3084 3253 3138 ὑπὸ
3279 3083 3435 3137 Θεοῦ.
3466 3100 3485 3133 ι
3525 3080 3723 3150 Ἐφθά-

2161 3199 2334 3254 ρησαν
2380 3180 2521 3233 κατὰ
2552 3181 2651 3242 τὰς
2697 3178 2909 3250 ἡμέρας
2954 3174 3163 3248 βουνοῦ.
3205 3194 3223 3227 ι
3268 3174 3377 3227 Καὶ
3416 3173 3718 3245 μετέστητε

2159 3274 2359 3335 πάντες
2396 3274 2461 3325 ἐκ
2502 3270 2595 3323 τοῦ
2623 3270 2927 3341 κρείττονος
2965 3270 3058 3322 ἐπὶ
3097 3268 3157 3320 τὸ
3188 3270 3387 3340 χεῖρον,
3416 3262 3721 3334 διαφθορὰν

2160 3362 2377 3418 ἐννοιῶν
2403 3360 2898 3431 ὑπομεμενηκότες,
2922 3358 3072 3412 οὐδὲν
3097 3359 3412 3412 ἀπεοικυῖαν
3442 3355 3548 3408 τῶν
3574 3353 3718 3408 ποτὲ

502 3449 747 3513 olsrael,
794 3451 886 3521 qui
940 3460 995 3506 te
1049 3452 1353 3509 eduxerunt
1402 3454 1469 3509 de
1508 3464 1652 3510 terra
1691 3454 1998 3527 Egypti".
2032 3477 2050 3509 ο

2164 3454 2300 3508 κατὰ
2334 3453 2433 3523 τὴν
2463 3452 2665 3522 ἔρημον
2699 3450 3109 3521 ἀσεϐησάντων,
3140 3449 3189 3501 οἳ
3226 3448 3421 3518 μόσχον
3450 3447 3720 3515 ποιήσαν-

499 3541 636 3598 Nam
691 3535 1089 3600 «dies'colliSi
1125 3554 1341 3615 tempus
1394 3546 1529 3602 illud
1583 3548 1838 3618 appellat.
1890 3549 2059 3620 igitur

2164 3562 2247 3609 τες
2270 3544 2451 3612 ελεγον
2469 3560 2483 3573 '
2515 3563 2532 3596 ι
2561 3537 2714 3597 Οὗτοι
2740 3542 2791 3595 οἱ
2843 3537 2952 3592 θεοί
3001 3556 3093 3594 σου
3116 3583 3130 3607 ,
3176 3540 3407 3611 Ἰσραὴλ,
3436 3538 3485 3591 οἳ
3513 3538 3721 3609 casm-

501 3635 646 3690 haud
695 3636 877 3695 secius
921 3637 1030 3693 illis
1068 3639 1308 3709 corrupti
1336 3639 1491 3701 estis.
1514 3638 1569 3693 id
1594 3648 1696 3706 est,
1724 3654 1907 3710 parem
1946 3640 2056 3695 illis

2164 3637 2253 3706 γόν
2282 3653 2341 3690 σε
2362 3638 2425 3690 ἐκ
2446 3635 2549 3705 γῆς
2578 3632 2879 3702 Αἰγύπτουο
2908 3651 2927 3684 ι
2961 3651 2979 3682 ι
3005 3630 3217 3703 ἡμέρας
3230 3628 3337 3700 γάρ
3351 3624 3447 3682 τοῦ
3468 3627 3651 3698 βουνοῦ
3690 3647 3712 3680 ι

500 3728 753 3784 morbum
813 3729 1193 3785 contraxistis.
1250 3730 1692 3787 «Recordabitur
1738 3732 2059 3802 iniquitates

500 3834 713 3884 eorum,
765 3821 1063 3877 ulciscetur
1109 3831 1332 3892 peccata
1367 3839 1576 3879 eorum.
1608 3823 2054 3894 rConsequenter

500 3912 707 3981 itaque,
745 3923 999 3967 revocata
1030 3914 1379 3982 iniquitatum
1420 3924 1726 3969 vestrarum
1770 3914 2055 3977 memoria,

500 4008 680 4058 sumet
720 4002 787 4056 de
819 4004 972 4057 vobis
1005 4019 1216 4074 poenas,
1261 4005 1498 4074 peccatis
1528 4008 1723 4060 vestris
1762 4019 2051 4076 congruas.

505 4111 527 4144 ι
550 4092 715 4159 Quasi
747 4109 903 4147 uvam
941 4095 995 4148 in
1033 4094 1247 4152 deserto
1280 4096 1461 4150 inveni
1488 4097 1765 4158 lsraelem,
1808 4103 1862 4149 et
1891 4094 2052 4165 quasi

500 4184 661 4240 ﬁcum
693 4184 747 4239 in
772 4185 877 4258 [.5
922 4186 1153 4241 ﬁculnea
1194 4201 1487 4257 praecocem
1511 4197 1691 4257 patres
1728 4195 1941 4242 vestros
1972 4185 2053 4240 vi-

497 4276 575 4331 di.
600 4296 618 4327 ι
637 4275 894 4346 Equidem
913 4285 1123 4333 tantum
1144 4277 1455 4347 exprompsi
1480 4293 1607 4348 erga
1633 4284 1815 4347 patres
1841 4284 2054 4331 vestros

500 4364 777 4429 allectum,
828 4376 1090 4436 quantum
1147 4367 1380 4438 quisque
1404 4370 1705 4437 experitur,
1736 4366 1781 4420 si
1815 4364 1952 4420 forte
1996 4366 2052 4419 in

497 4456 714 4512 deserto
754 4474 912 4511 uvam
973 4458 1150 4513 videat
1195 4465 1390 4528 prmter
1428 4473 1644 4513 omnem
1686 4472 1835 4527 spem
1878 4457 2053 4512 oculis

2155 3729 2246 3783 τὸν
2296 3727 2482 3799 καιρὸν
2516 3728 2720 3779 ἐκεῖνον
2759 3721 2930 3775 καλεῖ.
2986 3718 3312 3782 Ἀκολούθως
3345 3714 3436 3772 οὖν
3480 3718 3720 3783 ἐκείνοις

2154 3819 2499 3890 διεφθάρητε,
2534 3816 2654 3869 ἀντὶ
2696 3813 2809 3878 τοῦ,
2840 3813 2949 3884 Τὴν
2996 3811 3161 3882 αὐτὴν
3192 3812 3417 3875 ἐκείνοις
3453 3809 3717 3875 ἐδέξασθε

2153 3912 2325 3965 νόσον.
2364 3929 2382 3961 ι
2417 3907 2798 3979 Μνησθήσεται
2817 3904 2923 3958 τῶν
2946 3904 3167 3958 ἀδικιῶν
3195 3904 3392 3966 αὐτῶν,
3429 3904 3716 3974 ἐκδικήσει

2151 4002 2423 4072 ἁμαρτίας
2455 3998 2653 4052 αὐτῶν.
2702 4016 2722 4049 ι
2776 3995 3105 4058 ’Δκολούθως
3130 3994 3307 4048 τοίνυν
3347 3994 3566 4064 μνήμην
3598 3993 3715 4047 τῶν

2152 4091 2411 4147 ἀσεϐειῶν
2440 4089 2593 4160 ὑμῶν
2644 4088 3038 4159 ποιησάμενος,
3094 4086 3324 4157 λήψεται
3366 4086 3522 4148 δίκας
3574 4088 3715 4157 παρ’

2152 4184 2305 4254 ὑμῶν
2347 4179 2647 4250 ἀναλόγους
2681 4175 2762 4243 οἷς
2807 4179 3163 4251 ἡμαρτήκατε
3211 4179 3291 4242 είς
3330 4177 3510 4230 αὐτόν.
3549 4194 3568 4226 ι
3621 4176 3717 4240 Ὡς

2152 4273 2425 4344 σταφυλὴν
2471 4275 2529 4325 ἐν
2567 4272 2759 4342 ἐρήμῳ
2796 4266 2951 4341 εὗρον
2988 4270 3077 4323 τὸν
3120 4267 3357 4339 Ἰσραὴλ,
3388 4267 3481 4321 καὶ
3504 4265 3579 4329 ὼς
3608 4266 3715 4319 σῦ-

2151 4385 2246 4420 κον
2262 4366 2337 4438 (9)
2356 4367 2413 4420 ἐν
2430 4367 2567 4435 συκῇ
2584 4362 2832 4434 πρώῖμον
2858 4357 2994 4415 εἶδον
3022 4361 3261 4432 πατέρας
3288 4359 3484 4414 αὐτῶν.
3508 4377 3527 4410 ›
3560 4357 3715 4427 Ἐγὼ

2154 4460 2252 4529 μὲν
2294 4453 2385 4511 οῦν
2431 4456 2697 4525 τοσαύτην
2746 4451 3103 4521 ἐπεδειξάμην
3136 4451 3264 4521 περὶ
3297 4451 3422 4513 τοὺς
3460 4450 3715 4519 πατέρας

498 4548 760 4610 oblatam,
795 4551 878 4603 vel
913 4550 1068 4604 ﬁcum
1100 4551 1154 4605 in
1186 4551 1379 4605 arbore
1409 4559 1532 4603 ante
1558 4558 1877 4605 consuetum
1915 4558 2051 4605 tem-

2164 4550 2329 4605 ιύτῶν
2348 4549 2606 4611 διάθεσιν,
2650 4546 2766 4619 μεθ’
2794 4548 2923 4615 ὅσης
2959 4544 3022 4597 ἂν
3054 4544 3087 4614 ἢ
3123 4546 3178 4596 ἐν
3210 4543 3398 4613 ἐρήμῳ
3431 4539 3717 4611 σταφυλὴν

496 4654 600 4709 pus
624 4648 948 4694 exstantem.
981 4660 999 4692 ι
1027 4641 1134 4709 lpsi
1183 4650 1362 4696 autem
1401 4641 1738 4697 intraverunt
1792 4643 1858 4698 ad
1898 4642 2052 4698 Beel-

2164 4644 2248 4697 ἷδοι
2280 4659 2364 4704 τις
2398 4639 2546 4712 παρὰ
2566 4640 2749 4692 πᾶσαν
2783 4635 2955 4707 εὑρὼν
2981 4634 3188 4698 ἐλπίδα,
3218 4634 3250 4703 ἢ
3285 4632 3444 4685 σῦκον
3478 4632 3569 4684 ἐπὶ
3609 4630 3713 4684 τοῦ

496 4731 724 4801 phegor,
753 4738 807 4785 et
836 4732 1125 4785 abalienati
1164 4744 1292 4788 sunt
1318 4734 1372 4787 in
1403 4734 1804 4800 confusionem,
1836 4741 1890 4789 et
1919 4732 2047 4788 facti

2164 4735 2362 4807 Βένδρου
2397 4733 2501 4804 πρὸ
2526 4730 2620 4785 τοῦ
2658 4729 2904 4791 εἰωθότος
2946 4727 3108 4798 φανὲν
3139 4723 3352 4795 καιροῦ.
3406 4743 3424 4776 ι
3456 4723 3620 4775 Αὐτοὶ
3650 4723 3716 4776 δὲ

497 4831 627 4878 sunt
673 4821 1087 4877 abominabiles.
1130 4842 1147 4873 ι
1180 4822 1282 4889 Qui
1311 4824 1378 4879 ad
1444 4823 1777 4879 adorandum
1840 4825 2045 4879 idolum

2164 4787 2393 4899 εἰσῆλθον
2420 4787 2556 4900 πρὸς
2583 4787 2919 4895 Βεελφεγὼρ,
2953 4787 3045 4877 καὶ
3078 4787 3590 4890 ἀπηλλοτριώθησαν
3625 4819 3715 4881 είς

494 4913 931 4974 declinaverunt,
976 4927 1007 4965 a
1039 4928 1128 4967 mc
1157 4924 1329 4970 semet
1366 4915 1768 4981 abalienarunt,
1812 4917 1963 4971 nulla
1990 4934 2050 4973 re

2164 4922 2432 4993 ιίσχύνην,
2482 4920 2575 4974 καὶ
2622 4918 2863 4987 ἐγένοντο
2910 4915 2984 4980 ὡς
3032 4917 3079 4968 οί
3125 4912 3520 4983 ἐϐδελυγμένοι.
3559 4927 3578 4960 ι
3642 4912 3716 4964 Οἱ

494 5004 602 5057 alia
627 5018 788 5073 quam
819 5001 1139 5057 confusione
1175 5004 1366 5074 dignos
1403 5022 1462 5061 se
1499 5009 1866 5073 ostendentes,
1912 5024 2050 5078 quo-

2164 5012 2281 5083 πρὸς
2308 5011 2404 5081 τὴν
2425 5010 2517 5063 τοῦ
2539 5008 2757 5063 εἰδώλου
2796 5004 3159 5077 προσκύνησιν
3190 5000 3508 5071 νεύσαντες(
3525 5016 3577 5069 p.
3611 4998 3715 5070 69)

493 5091 640 5143 niam
672 5105 701 5143 a
727 5089 835 5144 Deo
857 5098 1133 5144 tantorum
1160 5092 1267 5146 illis
1292 5093 1560 5150 bonorum
1591 5106 1815 5153 auctore
1830 5097 1898 5152 ad
1924 5097 2045 5153 ido-

2164 5106 2241 5176 τὴν
2280 5103 2627 5173 ἀλλοτρίωσιν
2658 5103 2858 5156 εἵλοντο
2889 5099 2983 5170 τὴν
3011 5098 3103 5151 ἀπ’
3135 5095 3289 5167 ἐμοῦ,
3321 5094 3476 5149 ούθέν
3518 5093 3719 5164 ἕτερον

492 5181 606 5234 lum
662 5181 1093 5251 transfugerunt,
1133 5200 1164 5237 a
1201 5200 1311 5255 quo
1353 5188 1490 5241 nihil
1532 5190 1659 5244 boni
1698 5202 2041 5262 acceperant.

2164 5198 2184 5268 ἢ
2230 5197 2488 5267 αἰσχύνης
2534 5195 2757 5257 ἑαυτοὺς
2804 5194 2980 5262 πάσης
3019 5189 3323 5251 δεικνύντες
3357 5186 3573 5252 ἀξίους,
3625 5186 3720 5240 ὃτι

492 5271 673 5337 Quare
703 5282 756 5325 et
785 5274 1170 5333 abominabiles
1198 5276 1345 5343 facti,
1394 5281 1497 5336 sub
1538 5281 1773 5338 hostium
1816 5300 2041 5341 suorum

2164 5289 2256 5343 ὶπὸ
2298 5288 2429 5342 Θεοῦ
2458 5288 2551 5340 τοῦ
2584 5286 2849 5340 τοσούτων
2878 5284 3059 5346 αὐτοῖς
3090 5281 3311 5350 ἀγαθῶν
3340 5278 3510 5332 αίτίου
3540 5292 3720 5344 γεγοο

488 5366 678 5433 jugum
719 5364 873 5418 missi
920 5376 1065 5419 sunt.
1114 5368 1400 5439 Postquam
1447 5374 1561 5428 haec
1602 5374 1668 5429 de
1717 5376 1824 5431 illis
1883 5377 2040 5444 dixit,

2164 5380 2316 5443 νότος,
2347 5380 2440 5432 ἐπὶ
2471 5376 2684 5431 εἴδωλον
2719 5376 3082 5445 μετέστησαν,
3113 5366 3174 5426 οὗ
3216 5371 3378 5443 μηδὲν
3410 5369 3724 5438 εἰλήφεσαν

493 5452 642 5507 addit
674 5474 685 5508 :
2148 5470 2369 5539 ἀγαθόν·
2409 5469 2530 5522 ὅθεν
2573 5468 2629 5519 δὲ
2658 5466 2750 5519 καὶ
2790 5463 3063 5533 βδελυκτοὶ
3095 5463 3411 5532 γεγόνασιν,
3444 5456 3548 5513 ὑπὸ
3589 5460 3729 5524 τοῖς

491 5548 703 5619 ἐχθροῖς
730 5552 1074 5616 πεπτωκότες
1112 5560 1222 5620 τοῖς
1249 5559 1485 5622 οἰκείοις.
1523 5560 1701 5612 Ταῦτα
1744 5577 1867 5613 πεοι
1900 5563 2119 5621 ἐκείνων
2144 5567 2333 5631 εἰπὼν,
2368 5565 2591 5632 ἐπάγει·

566 5682 612 5713 ³⁸
650 5682 819 5739 Exod.
853 5702 1024 5750 xxxn,
1054 5690 1104 5743 4.

565 5792 639 5866 (9)
675 5796 806 5851 Cod.
847 5799 1061 5854 σκοπόν.
