3966 6222
220 334 318 391 181

1247 330 1787 388 COMMENTARIUS
1825 331 1890 387 IN
1931 332 2129 389 OSErE
2170 332 2319 387 CAP.
2362 332 2444 387 IX.

3365 333 3470 389 182

198 436 205 463 ί
286 448 433 517 Στίχ.
455 448 626 501 toi-18'.
648 478 716 486 —
737 466 757 499 1
802 447 1040 519 Ἰιφραῒμ
1059 446 1135 510 ὡς
1170 446 1352 517 ὄρνεον
1373 447 1726 517 ὲξεπετάσοη·
1754 466 1769 496 ⁸

1952 443 2117 498 Vens.
2166 446 2355 500 11-11.
2396 476 2464 483 —
2503 464 2522 495 1
2559 442 2887 515 Ephraimus
2933 445 3091 516 quasi
3137 445 3254 501 avis
3284 448 3464 499 avola-

214 543 544 612 Βσυλόμενος
562 543 735 594 ἐκεῖνο
757 543 953 611 στῆσαι
992 538 1076 604 τὸ,
1103 557 1122 590 1
1166 539 1508 609 Ἐφθάρησαν
1531 538 1671 591 κατὰ
1685 539 1783 599 τὰς

213 635 433 705 ἡμέρας
466 634 553 687 τοῦ
588 634 802 703 βουνοῦ.
841 653 859 684 1
896 631 1226 696 ’Ᾱκολούθως
1248 634 1357 702 γὰρ
1378 632 1655 703 δὴ,φησὶν,
1687 631 1783 683 καί⁸

210 722 359 778 οὗτοι
388 730 494 788 τοῖς
520 726 760 795 πατράσι
785 726 896 787 τοῖς
922 723 1127 777 ἐαυτῶν
1166 723 1302 792 μετά
1327 722 1597 791 τοσαύτην
1623 720 1783 790 κηδε-

213 818 402 885 μονίαν
424 812 492 888 ἧς
523 817 710 885 ἔτυχον
735 817 864 885 παρ’
887 815 1043 884 ἐμοῦ,
1069 815 1254 885 ὀρνέου
1280 814 1434 884 δίκην
1460 812 1781 882 ἀπέπτησαν

209 908 308 975 τῆς
359 906 601 976 γνώμης.
637 926 654 956 1
696 907 760 957 Ai
788 906 937 971 δόξαι
963 905 1143 958 αὐτῶν
1178 906 1240 956 ἐκ
1265 903 1503 956 τοκετῶν
1536 903 1629 956 καὶ
1657 902 1779 955 ὠδί-

207 1016 318 1049 νων
375 999 470 1050 καὶ
519 995 849 1066 συλλήψεων.
910 1014 928 1047 1
967 991 1098 1047 Εἶτα
1153 994 1375 1047 τοιαῦτα
1426 991 1778 1055 ἀσεϐοῦντες,

211 1091 584 1159 μακαριστοὺς
622 1091 848 1154 ἑαυτοὺς
876 1088 1183 1163 νομίζουσιν
1223 1084 1359 1141 εἶναι
1388 1088 1482 1140 ἐπὶ
1514 1091 1580 1158 τῇ
1610 1088 1777 1139 πολυ-

206 1180 421 1250 πληθία
440 1198 455 1211 ο
481 1180 631 1234 τοῦτο
652 1180 758 1253 γὰρ
785 1181 931 1249 λέγει
953 1182 1032 1246 τὸ,
1063 1200 1080 1232 1
1104 1181 1167 1233 ἐκ
1194 1181 1429 1233 τοκετῶν
1454 1180 1549 1232 καὶ
1575 1179 1781 1232 ὠδίνων

207 1273 304 1324 καὶ
324 1272 634 1341 συλλήψεων
650 1289 663 1301 ·
705 1291 722 1321 1
749 1272 935 1342 ἐπειδὴ
963 1272 1025 1323 ἐκ
1048 1269 1353 1340 συλλήψεως
1371 1269 1465 1322 καὶ
1481 1268 1667 1332 ὠδῖνος
1686 1270 1779 1321 καὶ

203 1362 433 1414 τοκετοῦ
455 1364 667 1433 πρόεισι
687 1363 749 1415 τὸ
769 1364 1102 1433 τικτόμενον.
1139 1381 1156 1413 1
1186 1362 1327 1414 Διότι
1348 1361 1440 1415 καὶ
1461 1359 1557 1414 ἐὰν
1591 1361 1781 1432 ἐκθρέ-

201 1454 346 1523 ψωσι
362 1454 430 1507 τὰ
447 1455 615 1507 τέκνα
631 1453 837 1515 αὐτῶν,
856 1453 1321 1525 ἀτεκνωθήσονται
1333 1453 1390 1520 ἐξ
1407 1452 1504 1506 ἀνθ
1513 1451 1729 1523 ρώπων.
1754 1470 1772 1502 1

201 1547 275 1598 0'3
327 1546 773 1617 συλλογιζόμενοι
814 1547 894 1600 ὅτι
933 1546 1035 1599 κᾶν
1063 1548 1143 1609 είς
1177 1546 1352 1618 ἄκραν
1390 1546 1668 1615 ἀφίκοιντο
1709 1545 1779 1598 τὰ

200 1639 493 1709 τικτόμενα
538 1639 842 1702 τελείωσιν,
890 1638 1041 1691 οὐδὲν
1085 1639 1266 1701 αὐτοῖς
1293 1640 1357 1691 ἐκ
1393 1637 1582 1691 τούτου
1619 1636 1778 1706 γενή-

201 1748 354 1784 σεται
383 1730 543 1784 πλέον
564 1748 580 1762 ·
618 1729 1072 1802 περιαχθήσονται
1105 1729 1215 1801 γὰρ
1242 1733 1362 1793 ταῖς
1410 1729 1504 1782 τοῦ
1538 1728 1775 1798 πολέμου

200 1823 437 1889 σφαγαξ
466 1821 548 1884 εἰς
572 1820 848 1875 ἀτεκνίαν.
886 1837 905 1870 1
943 1820 1086 1872 Διότι
1117 1821 1209 1872 καὶ
1235 1820 1357 1873 οὐαὶ
1391 1820 1574 1883 αὐτοῖς
1595 1858 1609 1881 ,
1641 1820 1774 1872 διότι

195 1914 383 1984 ἀφῆκα
411 1912 632 1976 αὐτούς.
675 1932 694 1963 1
750 1911 915 1983 Ἐμοῦ
944 1913 1052 1983 γὰρ
1094 1915 1192 1983 τῆς
1220 1910 1540 1982 κηδεμονίας
1577 1911 1773 1974 αὐτοὺς

198 2006 532 2075 χωρίσαντος
581 2004 680 2075 τῆς
728 2004 903 2074 ἐμῆς,
958 2004 1176 2074 ὄλεθρος
1224 2004 1419 2068 αὐτοὺς
1475 2004 1623 2075 μένει
1678 2004 1774 2057 καὶ

193 2094 460 2149 ἀπώλεια.
520 2115 539 2146 1
579 2094 727 2165 Σάρξ
766 2112 864 2165 μου
918 2094 978 2160 ἐξ
1023 2094 1220 2147 αὐτῶν.
1260 2114 1278 2145 1
1313 2098 1404 2166 (p.
1446 2094 1550 2164 70)
1581 2095 1783 2148 Καίτοι.

194 2206 256 2256 γε
282 2188 522 2259 τοσαύτη
560 2188 651 2258 μοί
676 2206 760 2250 τις
787 2182 855 2259 ἦν
888 2190 923 2257 ἡ
952 2187 1133 2257 σχέσις
1164 2188 1292 2258 περὶ
1318 2188 1516 2251 αὐτοὺς
1547 2187 1608 2239 τὸ
1640 2187 1774 2257 πρό-

192 2298 349 2352 τερον
370 2320 387 2342 ,
422 2280 568 2333 ὥστε
601 2279 844 2350 νομίζειν
889 2280 948 2346 ἐξ
981 2280 1157 2333 αὐτῶν
1185 2274 1323 2332 εἶναί
1360 2297 1427 2349 με
1450 2297 1463 2311 ·
1517 2278 1772 2348 τοιαύτην

191 2391 250 2427 τε
281 2375 410 2445 περὶ
459 2372 662 2439 αὐτοὺς
700 2375 847 2444 ἔχειν
878 2378 974 2446 τὴν
1011 2374 1256 2446 γνώμην,
1300 2377 1417 2428 οἵαν
1455 2376 1599 2437 εἰκὸς
1625 2374 1770 2445 ἐχειν

190 2464 319 2526 τοὺς
372 2463 439 2518 ἐκ
488 2482 653 2519 τινων
707 2466 1072 2537 ὑπειληφότας
1121 2462 1278 2521 εἶναι.
1338 2486 1357 2519 1
1420 2465 1656 2538 Ἐφραίμ
1710 2466 1769 2519 ὂν

190 2555 394 2624 τρόπον
420 2553 562 2611 εἶδον
587 2558 668 2621 εἰς
691 2557 862 2629 θήραν
890 2559 1135 2630 παρέστη
1156 2559 1225 2612 τὰ
1256 2558 1422 2613 τέκνα
1451 2558 1615 2612 αὐτοῦ
1637 2575 1653 2590 ’
1675 2561 1770 2613 καὶ

201 2647 447 2718 Ἐφραῒμ
500 2647 595 2702 τοῦ
652 2649 938 2718 ἐξαγαγεῖν
970 2652 1047 2715 είς
1085 2651 1446 2722 ἀποκέντησιν
1489 2650 1558 2703 τὰ
1601 2650 1769 2705 τέκνα

188 2732 383 2785 αὑτοῦ.
417 2752 436 2784 1
487 2734 647 2787 Ἀλλά
691 2736 946 2805 τοιαύτην
1001 2735 1212 2805 ἔχοντός
1262 2753 1363 2806 μου
1396 2736 1525 2805 περὶ⁵
1570 2737 1767 2799 αὐτοὺς

186 2822 462 2894 πρότερον
505 2824 606 2894 τὴν
647 2824 861 2895 σχέσιν,
909 2826 1096 2897 ἐπειδὴ
1125 2827 1259 2898 πρὸς
1292 2827 1353 2880 τὸ
1390 2830 1571 2898 χεῖρον
1602 2828 1764 2897 ἐτρά-

184 2929 371 2982 πησαν
438 2914 754 2981 παντελῶς,
814 2917 1072 2970 τάναντία
1140 2918 1323 2980 αὐτοῖς
1362 2918 1470 2970 τῶν
1530 2917 1764 2988 πρόσθεν

1887 537 1977 590 vit.
2016 554 2037 586 1
2066 535 2191 590 Vult
2221 520 2477 589 nimirum
2501 535 2973 594 ostendereillud:
3007 557 3024 589 1
3056 538 3309 607 Correpti
3332 548 3463 592 sunt

1885 627 2027 679 sicut
2060 628 2113 679 in
2147 627 2338 681 diebus
2380 625 2556 681 collis.
2602 625 2740 681 1lsti
2782 629 2927 682 enim
2977 644 3129 697 aeque
3175 643 3239 682 ac
3280 638 3462 695 patres

1882 734 2072 772 eorum
2106 729 2228 787 post
2260 727 2468 772 tantam
2495 734 2667 772 meam
2699 721 3118 789 providentiam,
3144 721 3260 773 avis
3287 720 3462 773 instar

1884 825 1913 861 a
1943 814 2213 865 sententia
2244 810 2461 880 propria
2503 810 2811 864 avolarunt.
2851 830 2868 862 1
2910 811 3107 864 Gloria:
3153 812 3398 880 ipsorum
3431 826 3460 862 a

1883 902 2170 970 partubus,
2231 902 2301 955 ab
2351 901 2547 961 uteris,
2594 909 2648 955 et
2697 916 2727 954 a
2773 903 3147 972 conceptibus.
3186 922 3204 952 1
3260 900 3463 956 Deinde

1882 1010 2005 1047 cum
2059 1002 2212 1047 tanta
2264 994 2635 1063 peccaverint,
2682 994 2871 1049 beatos
2921 1012 2979 1050 se
3025 996 3345 1050 existimant
3392 995 3461 1048 ob

1882 1086 2063 1155 populi
2098 1085 2500 1139 multitudinem
2528 1104 2542 1139 ι
2577 1084 2631 1139 id
2656 1088 2802 1142 enim
2828 1088 3121 1143 denotatur
3146 1104 3242 1158 per
3267 1088 3458 1149 verba;

1888 1197 1904 1227 1
1930 1174 2214 1243 partubus,
2238 1176 2429 1241 uteris,
2455 1179 2844 1249 conceptibns;
2876 1197 2893 1229 1
2916 1178 3359 1249 quandoquidem
3393 1191 3460 1230 ex

1881 1275 2165 1335 conceptu,
2207 1266 2344 1319 uteri
2384 1270 2711 1334 gestatione,
2757 1276 3027 1336 partuque
3068 1282 3157 1322 res
3194 1275 3321 1321 nata
3363 1283 3458 1321 ex.

1881 1358 2041 1411 sistit.
2085 1375 2103 1407 1
2141 1356 2453 1425 Propterea,
2486 1358 2858 1426 quamtumvis
2890 1358 3030 1410 ﬁlios
3065 1373 3195 1413 suos
3217 1361 3457 1413 enutrie-

1880 1449 2011 1513 rint,
2067 1449 2271 1518 absque
2319 1448 2510 1503 liberis
2559 1448 2692 1502 ﬁent
2740 1449 2885 1504 inter
2938 1449 3208 1503 homines.
3272 1469 3289 1500 1
3339 1449 3455 1504 Non

1879 1538 2261 1604 considerant,
2313 1541 2458 1611 quod
2519 1539 2735 1596 etiamsi
2798 1540 2864 1594 ad
2916 1539 3211 1611 perfectum
3253 1551 3454 1596 statum

1878 1632 1988 1685 nati
2024 1632 2118 1685 ﬁlii
2154 1632 2522 1701 pervenerint,
2574 1632 2711 1686 nihil
2756 1632 2883 1687 inde
2924 1634 3321 1688 lucrabunlur:
3375 1643 3456 1688 et-

1876 1721 2022 1774 enim
2054 1721 2179 1775 belli
2217 1721 2457 1776 caedibus
2490 1721 2557 1775 ad
2582 1722 2872 1778 orbitatem
2908 1725 3240 1794 redigentur.
3285 1745 3303 1777 1
3344 1723 3451 1780 Sed

1806 1807 1852 1866 Β
1879 1822 1934 1867 et
1961 1829 2041 1868 va:
2072 1814 2175 1880 eis,
2206 1816 2465 1884 quoniam
2496 1826 2592 1870 eos
2621 1815 2913 1886 dereliqui!
2951 1836 2969 1868 1
3009 1816 3092 1872 Me
3121 1818 3243 1873 illos
3267 1819 3455 1888 patro-

1874 1907 2019 1960 cinio
2076 1922 2199 1963 meo
2251 1908 2545 1978 spoliante,
2592 1909 2820 1963 exitium
2866 1910 3015 1980 ipsos
3058 1920 3242 1964 manet
3291 1918 3454 1979 atque

1872 2002 2132 2072 perditio.
2168 2022 2186 2054 1
2224 2001 2367 2057 Caro
2417 2017 2534 2057 mea
2562 2018 2629 2058 ex
2681 2003 2782 2058 eis.
2823 2022 2843 2055 1
2887 2004 3140 2057 Attamen
3184 2019 3283 2073 ego
3324 1988 3450 2056 olim

1870 2103 2023 2151 tanto
2055 2111 2152 2151 eos
2182 2095 2375 2151 aliectu
2410 2096 2727 2167 diligebam,
2752 2104 2811 2151 ut
2838 2113 2925 2153 me
2947 2098 3102 2169 quasi
3127 2099 3453 2166 consangui-

1870 2204 2032 2244 neum
2058 2189 2302 2260 ipsorum
2334 2192 2707 2246 existimarem
2740 2211 2753 2245 :
2782 2191 2986 2262 talique
3007 2207 3135 2262 erga
3157 2208 3251 2247 eos
3267 2198 3455 2247 animo

1878 2299 2079 2350 essem,
2107 2284 2299 2354 quales
2326 2299 2422 2340 eos
2451 2300 2574 2341 esse
2600 2294 2815 2355 oportet
2843 2285 2935 2355 qui
2967 2287 3035 2340 ab
3072 2286 3257 2355 aliquo
3292 2293 3451 2340 natu-

1870 2389 1986 2427 rain
2036 2391 2190 2430 suam
2212 2384 2558 2447 acceperunt.
2584 2396 2602 2427 1
2629 2374 2972 2441 Ephraimus,
2991 2377 3448 2446 quemadmodum

1875 2463 2009 2526 vidi,
2032 2464 2142 2536 46
2167 2465 2220 2518 in
2244 2465 2478 2535 praedam
2512 2464 2709 2519 obtulit
2743 2465 2885 2521 ﬁlios
2917 2481 3067 2521 suos.
3101 2465 3447 2535 Epliraimus,

1871 2556 2119 2625 inquam,
2155 2558 2342 2613 eduxit
2372 2557 2438 2611 ad
2468 2557 2903 2614 interfectionem
2925 2559 3064 2613 ﬁlios
3088 2574 3239 2615 suos.
3264 2579 3282 2610 1
3304 2558 3452 2611 Nihi-

1870 2648 2130 2712 lominus,
2185 2650 2403 2705 etiamsi
2436 2659 2544 2703 tam
2585 2651 2724 2706 bene
2752 2666 2878 2719 erga
2908 2666 3003 2706 eos
3034 2650 3260 2705 affectus
3286 2659 3445 2704 antea

1871 2738 2099 2805 fuerim;
2127 2742 2251 2811 quia
2281 2756 2408 2795 mox
2444 2742 2510 2796 ad
2543 2742 2841 2812 nequitiam
2874 2743 3243 2797 omnimodam
3278 2742 3445 2797 decli-

1868 2840 2160 2900 naverunt,
2191 2832 2466 2888 contraria
2486 2832 2764 2901 prioribus
2784 2836 3134 2905 experientur
3151 2876 3165 2899 ,
3193 2851 3258 2889 ac
3283 2835 3447 2890 veluti

1868 2922 2049 2994 pmda
2089 2923 2324 2979 hostium
2361 2924 2614 2980 manibus
2636 2924 2941 2988 tradentur,
2976 2941 3006 2979 a
3032 2926 3233 2997 quibus
3256 2944 3448 2984 omnes

186 3004 571 3074 συμϐήσεται,
608 3007 702 3061 καὶ
745 3006 933 3079 ὥσπερ
985 3009 1126 3080 θήρα
1176 3012 1295 3073 ταῖς
1332 3009 1438 3062 τῶν
1488 3010 1764 3078 πολεμίων

1873 3014 2179 3070 vulneribus
2213 3013 2455 3071 confossi
2508 3015 2823 3071 interibunt.
2862 3036 2881 3069 1
2926 3016 3002 3070 Da
3053 3018 3152 3082 eis,
3189 3016 3434 3074 Domine.

184 3097 340 3166 χερσὶ
373 3098 846 3169 παραδοθήσονται
869 3118 883 3132 ο
914 3100 1003 3169 ὑφ’
1030 3095 1104 3155 ὧν
1133 3102 1480 3173 κεντούμενοί
1511 3120 1571 3156 τε
1604 3103 1763 3156 ἀναι-

183 3186 517 3257 ρεθήσονται
547 3190 642 3242 καὶ
666 3191 1087 3263 τιτρωσκόμενοι
1118 3192 1333 3257 πάντες.
1371 3213 1389 3246 1
1434 3194 1531 3257 Δὺς
1562 3194 1764 3257 αὐτοῖς,

1869 3105 2007 3173 Quid
2042 3107 2123 3162 eis
2154 3108 2339 3163 dabis?
2357 3107 2431 3162 Da
2458 3109 2538 3163 eis
2568 3110 2782 3165 vulvam
2813 3110 2932 3164 sine
2958 3110 3170 3172 liberis,
3191 3119 3245 3165 et
3267 3111 3436 3166 ubera

1869 3200 2093 3253 arentia.
2129 3218 2146 3251 1
2170 3198 2379 3255 Justam
2410 3200 2931 3271 convenientemque
2953 3201 3227 3272 perferent
3250 3203 3446 3273 hujus-

179 3279 356 3350 Κύριε
375 3299 389 3310 ο
411 3282 464 3333 τί
482 3281 678 3346 δώσεις
699 3285 919 3349 αὑτοῖς;
946 3286 1034 3349 δὸς
1058 3287 1241 3349 αὐτοῖς
1262 3288 1473 3358 μήτραν
1502 3286 1765 3340 ἀτεκνοῦ-

1873 3289 2013 3344 modi
2044 3304 2278 3360 poenam,
2300 3305 2493 3361 nempe
2513 3299 2575 3345 ut
2604 3292 2888 3348 sterilitate
2914 3293 3229 3360 multentur,
3254 3311 3355 3349 nec
3378 3296 3450 3349 li-

180 3386 281 3424 σαν
306 3373 408 3425 καί
436 3377 681 3443 μαστοὺς
724 3376 941 3448 ξηροὺς.
984 3397 1002 3429 1
1040 3380 1264 3433 Δικαίαν
1329 3380 1387 3433 δέ
1433 3380 1524 3433 καὶ
1555 3380 1760 3451 ἁρμότ-

1873 3384 2022 3436 heros
2053 3383 2294 3437 enutrirc
2330 3390 2562 3452 queant;
2612 3382 2808 3451 donec,
2842 3386 2980 3441 tales
3014 3401 3138 3441 cum
3190 3388 3321 3451 sint,
3353 3402 3448 3458 ge-

175 3481 384 3517 τουσαν
409 3466 613 3537 ταύτην
647 3468 978 3539 ὑπομένουσι
1009 3472 1278 3542 τιμωρίαν
1299 3512 1314 3535 ,
1344 3471 1405 3524 τὸ
1435 3472 1664 3543 ἀτεκνίᾳ
1699 3489 1759 3524 τε

1873 3476 2034 3530 nerali
2072 3476 2298 3531 interitu
2333 3484 2575 3546 pereant.

173 3558 387 3623 αὐτοὺς
415 3563 829 3635 περιῶηθῆναι,
853 3572 947 3626 καὶ
995 3567 1063 3621 τὰ
1086 3568 1378 3639 τικτόμενα
1427 3568 1709 3641 ἐκτρέφειν
1759 3568 1834 3640 μὴ
1864 3570 2119 3625 δύνασθαι
2139 3587 2153 3601 ⁸
2194 3571 2269 3635 ὡς
2307 3571 2373 3625 ἂν
2400 3572 2677 3637 τοιούτους
2707 3571 2864 3635 ὄντας
2891 3571 3161 3643 παντελὴς
3203 3570 3445 3627 ἀπώλεια

173 3647 355 3705 ὶάϐοι.

244 3745 404 3816 Στῐχ.
438 3745 622 3810 ιε’-ιζ’.
652 3777 719 3786 —
749 3744 863 3802 Εἶθ’
892 3750 968 3813 ὡς
994 3750 1059 3805 ἂν
1087 3751 1156 3804 τὰ
1188 3753 1339 3821 παρὰ
1368 3751 1463 3804 τοῦ
1496 3750 1631 3805 Θεοῦ
1661 3750 1762 3803 αὑ-

170 3840 286 3900 τοῖς
320 3840 754 3910 ἐπαχθησόμενα
778 3842 1000 3907 δικαίως
1026 3843 1214 3907 εἰπὼν,
1245 3844 1441 3913 ἐπάγει
1475 3845 1657 3898 λοιπὸν
1691 3845 1762 3899 τὰ

173 3928 324 3997 ἑξῆς·
362 3947 383 3980 1
434 3932 617 3989 Πᾶσαι
658 3934 713 3983 αί
762 3933 950 3987 κακίαι
990 3935 1168 3988 αὐτῶν
1213 3938 1271 3989 ἐν
1315 3936 1638 4005 Γαλγάλοις’
1680 3936 1763 3989 ὅτι

1936 3746 2104 3803 Vens.
2145 3747 2327 3803 15-17.
2362 3752 2433 3787 ‘-—
2464 3746 2597 3803 Dein
2628 3756 2914 3817 postquam
2950 3746 3101 3814 juste
3141 3762 3171 3801 a
3214 3745 3320 3803 Deo
3357 3749 3444 3803 in-

1864 3840 2095 3907 lligenda
2164 3839 2301 3910 ipsis
2373 3837 2517 3894 mala
2574 3840 2786 3905 edixit,
2854 3838 3139 3906 subiungit
3211 3840 3443 3911 reliqua.

1871 3952 1889 3984 1
1928 3932 2132 3988 Omnes
2165 3930 2421 4003 nequitiae
2456 3948 2646 3987 eorum
2673 3933 2727 3985 in
2757 3929 3019 4001 Galgalis,
3053 3930 3179 3999 quia
3217 3932 3289 3987 ibi
3317 3948 3445 3987 (ξιον

174 4018 295 4070 ἐκεῖ
334 4019 543 4083 αὐτοὺς
578 4021 815 4091 ἐμίσησα
846 4023 933 4076 διὰ
975 4024 1073 4088 τάς
1104 4024 1302 4089 κακίας
1333 4024 1444 4078 τῶν
1476 4023 1763 4095 ἐπιτηδευ-

175 4112 395 4179 μάτων.
446 4130 464 4161 1
532 4112 729 4166 Δῠτόθι
785 4117 893 4168 πᾶν
949 4111 1089 4179 εἶδος
1144 4116 1398 4181 ἀσεϐείας
1457 4116 1760 4189 μετῄεσαν,

172 4201 319 4272 ὑπὲρ
369 4195 451 4256 ὧν
492 4202 553 4255 δὲ
606 4204 700 4257 καὶ
744 4206 966 4276 ἐμίσουν
1016 4207 1244 4261 τοιαῦτα
1302 4208 1642 4280 πράττοντας
1680 4208 1762 4262 δι-

1866 4041 1958 4080 sos
1992 4026 2157 4079 habui
2203 4040 2299 4079 eos
2352 4033 2575 4097 propter
2614 4024 2878 4078 malitiam
2914 4023 3383 4082 adinventionum.
3420 4045 3439 4078 1

1868 4116 1948 4171 lbi
1976 4131 2138 4171 omne
2169 4132 2343 4187 genus
2374 4115 2674 4187 impietatis
2701 4115 2891 4171 sectati
2919 4124 3069 4180 sunt,
3096 4115 3328 4186 ideoque
3348 4131 3444 4172 eos

1865 4210 1941 4264 ita
1997 4223 2057 4265 se
2094 4216 2343 4278 gerentes
2389 4209 2586 4264 merito
2633 4206 2746 4263 odi.
2795 4224 2814 4259 1
2864 4204 2941 4262 De
2978 4206 3147 4260 domo
3184 4222 3301 4260 mea
3342 4206 3443 4275 ejis

172 4294 374 4355 καὲως.
414 4312 435 4344 1
485 4293 581 4346 Ἐκ
623 4294 717 4347 τοῦ
766 4295 914 4350 οἴκου
949 4314 1046 4367 μου
1096 4298 1311 4352 ἐκϐαλῶ
1339 4299 1555 4362 αὐτούς.
1597 4318 1615 4351 1
1650 4300 1769 4370 Τῆς

1873 4301 2005 4353 ciam
2057 4314 2172 4354 eos.
2242 4318 2261 4349 1
2320 4298 2396 4353 De
2444 4307 2617 4365 terra,
2653 4297 2868 4368 inquit,
2918 4297 3298 4367 promissionis
3348 4312 3443 4353 eos

172 4384 301 4454 τῆς,
340 4385 504 4454 φησὶ.
556 4387 654 4455 τῆς
693 4388 1023 4456 ἐπαγγελίας
1065 4389 1277 4453 αὐτοὺς
1324 4389 1574 4443 ἐκϐαλῶο
1617 4386 1765 4443 οἶκον

1878 4393 2180 4463 expellam;
2216 4392 2438 4446 domum
2490 4406 2647 4446 suam
2693 4390 2972 4461 appellans
3006 4391 3314 4445 universam
3355 4407 3442 4446 τοι

172 4478 378 4530 ἑαυτοῦ
412 4476 596 4530 καλῶν
639 4478 745 4548 γῆν
786 4482 965 4534 πᾶσαν
988 4521 1002 4545 ,
1043 4481 1118 4545 ὡς
1147 4483 1205 4534 ἐν
1238 4483 1375 4553 αὐτῇ
1409 4482 1616 4551 διάγειν
1650 4482 1769 4535 ἐλό-

1873 4484 2106 4555 gionem,
2138 4484 2263 4555 quia
2296 4483 2368 4537 ibi
2404 4482 2650 4536 habitare
2685 4480 3015 4536 decreverat.
3052 4500 3070 4531 1
3108 4479 3260 4535 Haud
3298 4482 3441 4535 ultra

176 4584 364 4634 μενος.
407 4572 486 4636 (p.
532 4568 633 4637 7|)
692 4588 711 4621 1
746 4568 942 4635 Οὐκέτι
980 4570 1054 4642 μὴ
1106 4572 1327 4643 προσθῶ
1362 4573 1454 4625 τοῦ
1484 4573 1768 4643 ἀγαπῆσαι

1873 4576 2065 4631 addam
2098 4584 2158 4631 ut
2190 4576 2411 4648 diligam
2436 4590 2572 4631 eos:
2606 4576 2787 4629 cuncti
2820 4573 3095 4644 principes
3124 4574 3440 4629 inobedien-

169 4660 423 4723 αὐτούς·
474 4662 674 4724 πάντες
709 4664 758 4714 οἱ
802 4662 1059 4734 ἄρχοντες
1108 4664 1289 4717 αὐτῶν
1329 4664 1698 4729 ἀπειθοῦντες.
1740 4683 1761 4717 1

170 4752 337 4806 Μένω
364 4748 425 4805 δὲ
457 4752 675 4821 βέϐαιον
702 4754 838 4825 ἔχων
874 4756 1001 4826 περὶ
1028 4758 1221 4820 αὐτοὺς
1262 4757 1322 4809 τὸ
1350 4759 1504 4828 μῖσος
1524 4798 1539 4821 ,
1577 4758 1766 4831 ἐπειδὴ

170 4848 384 4909 πάντες
438 4848 541 4916 μὲν
592 4848 904 4901 νενεύκασιν
934 4850 1014 4912 εἰς
1060 4850 1375 4903 ἀπείθειαν·
1428 4850 1685 4921 ἡγοῦνται
1708 4851 1766 4905 δὲ

173 4939 431 5005 μάλιστα
458 4938 567 4991 τῶν
596 4938 779 4991 κακῶν
824 4941 873 4992 οἱ
920 4940 1108 5011 ἄρχειν
1140 4942 1198 4995 ἐν
1238 4942 1420 5005 αὐτοῖς
1459 4942 1761 5008 δοκοῦντες.

177 5047 195 5077 1
246 5027 552 5080 Ἐπόνεσεν
599 5029 872 5101 Ἐφραῒμ,
907 5031 1007 5095 τάς
1050 5032 1203 5103 ῥίζας
1246 5032 1411 5085 αὑτοῦ
1457 5034 1763 5106 ἐξηράνθη’

169 5121 400 5189 καρπὸν
437 5121 614 5174 οὐκέτι
661 5124 721 5175 οὑ
771 5122 845 5195 μὴ
871 5124 1091 5195 ἐνέγκῃ.
1130 5144 1149 5175 1
1196 5126 1290 5178 Ἐκ
1320 5129 1631 5198 μεταφορᾶς
1657 5128 1766 5182 τῶν

166 5213 421 5284 δένδρων
453 5209 603 5267 εἶπεν
632 5216 713 5268 ὅτι
738 5217 907 5287 ἄρδην
937 5217 1281 5280 ἀπολοῦνται,
1317 5219 1438 5272 καθ’
1470 5220 1763 5291 ὁμοιότητα

168 5305 412 5359 ἐκείνων
455 5305 490 5358 ἃ
521 5307 619 5376 τῆς
660 5309 813 5378 ῥίζης
852 5310 1243 5382 διαφθαρείσης
1272 5310 1589 5383 ξηραίνεται
1626 5330 1763 5367 παν-

169 5397 376 5460 τελῶς,
406 5399 617 5467 καρπὸν
638 5401 818 5452 οὐκέτι
841 5401 1028 5471 φέρειν
1057 5398 1147 5456 οἷά
1166 5421 1225 5456 τε
1255 5404 1402 5457 ὄντα.
1435 5424 1453 5455 1
1494 5405 1638 5458 Διότι
1664 5404 1760 5457 ἐὰν

170 5490 271 5541 καὶ
330 5490 716 5557 τεκνώσωσιν,
762 5493 1046 5547 ἀποκτενῶ
1104 5495 1174 5549 τά
1227 5495 1626 5568 ἐπιθυμήματα
1663 5496 1762 5568 τῆς

171 5582 396 5644 κοιλίας
420 5582 618 5637 αὐτῶν.
650 5602 667 5634 ›
715 5585 951 5655 Ἀφανιῶ
978 5588 1085 5659 γὰρ
1125 5588 1190 5658 δὴ
1218 5590 1312 5642 καί¹
1336 5591 1462 5652 τοὺς
1491 5589 1549 5657 ἐξ
1585 5590 1763 5644 αὐτῶν

172 5675 458 5737 ἃπαντας,
483 5675 667 5746 φησίν.
698 5699 714 5729 1
759 5679 1063 5733 Ἀπώσεται
1083 5681 1278 5743 αὐτοὺς
1306 5681 1335 5733 ὁ
1362 5680 1491 5746 Θεὸς
1512 5722 1526 5747 ,
1553 5684 1635 5736 ὅτι
1665 5683 1763 5736 οὐκ

170 5768 521 5837 εἰσήκουσαν
573 5768 759 5833 αὑτοῦ,
813 5773 908 5824 καὶ
964 5771 1176 5825 ἔσονται
1228 5772 1496 5845 πλανῆται
1546 5776 1604 5828 ἐν
1652 5778 1762 5839 τοῖς

175 5858 424 5914 ἔθνεσιν.
462 5878 481 5911 1
524 5860 856 5934 ’Λλλοτρίους
873 5864 979 5937 γὰρ
1001 5865 1205 5929 πάντας
1226 5866 1421 5931 αὐτοὺς
1443 5868 1540 5938 τῆς
1559 5866 1761 5931 οἰκείας

1864 4679 1968 4726 tes.
2006 4688 2025 4720 1
2064 4668 2207 4722 Iram
2242 4668 2506 4723 adversus
2549 4682 2643 4723 eos
2679 4668 2946 4730 retinebo,
2981 4668 3321 4738 quia-cuncti
3373 4669 3438 4722 ad

1865 4760 2288 4818 inobedientiam
2317 4760 2659 4815 deﬁexerunt
2686 4777 2707 4813 τ
2732 4758 2901 4814 duces
2926 4775 3054 4815 vero
3086 4759 3150 4813 ad
3177 4761 3437 4813 malitiam

1864 4864 2015 4921 sunt,
2073 4854 2165 4924 qui
2220 4854 2589 4923 principatum
2645 4853 2788 4907 inter
2816 4867 2910 4907 eos
2947 4859 3131 4907 tenere
3163 4852 3434 4905 videntur.

1867 4966 1886 4999 1
1921 4945 2103 5001 Doluit
2124 4943 2711 5015 Ephraimus,vradices
2750 4943 2869 5012 ejirs
2903 4942 3195 4997 exsiccatae
3228 4948 3377 4995 sunt.
3413 4960 3434 4993 1

1872 5038 2099 5110 Sumpta
2146 5024 2215 5092 ab
2260 5036 2547 5092 arboribus
2591 5036 2947 5106 metaphora,
3000 5033 3136 5087 dicit
3187 5032 3437 5090 funditus

1867 5129 1994 5185 illos
2024 5129 2321 5200 perituros,
2352 5126 2810 5196 quemadmodum
2838 5126 2941 5179 illa:
2960 5132 3218 5195 corrupta
3254 5124 3436 5181 radice

1869 5236 2097 5291 prorsus
2144 5224 2493 5281 exarescunt,
2525 5233 2703 5289 neque
2740 5216 2968 5271 ulterius
3010 5214 3249 5270 fruetum
3293 5215 3436 5272 ferre

1862 5312 2063 5365 valent.
2092 5330 2111 5362 1
2142 5308 2296 5377 Quod
2314 5316 2367 5364 et
2393 5311 2440 5364 si
2470 5309 2773 5380 genuerint,
2801 5306 3124 5362 interﬁciam
3154 5307 3433 5364 desidera-

1868 5408 1997 5461 bilia
2026 5407 2166 5461 uteri
2195 5422 2405 5463 eorum.
2442 5427 2461 5459 1
2511 5407 2778 5472 Cunctos,
2820 5407 3017 5477 inquit,
3052 5423 3119 5463 ex
3159 5406 3241 5462 eis
3273 5414 3433 5462 natos

1866 5499 2114 5571 perdam.
2148 5518 2167 5549 1
2202 5499 2436 5570 Abjiciet
2479 5515 2575 5555 eos
2613 5498 2778 5562 Deus,
2822 5501 2949 5568 quia
2998 5516 3109 5553 non
3144 5498 3433 5552 audierunt

1862 5608 2023 5657 eum,
2044 5600 2098 5647 et
2124 5600 2285 5647 erunt
2320 5592 2442 5663 vagi
2469 5592 2525 5646 in
2556 5591 2897 5647 nationibus.
2932 5611 2951 5644 1
2998 5593 3220 5645 Alienos
3270 5588 3435 5645 faciet

1861 5702 2054 5743 omnes
2096 5701 2127 5740 a
2163 5701 2294 5740 cura
2326 5700 2447 5750 sua,
2501 5686 2595 5756 qui
2648 5686 2946 5741 noluerunt
3001 5686 3051 5739 ei
3099 5682 3432 5744 auscultare,

1860 5787 1915 5831 et
1966 5777 2034 5831 ad
2096 5776 2468 5848 paenitentiam
2520 5779 2811 5848 respicere.
2877 5774 3247 5843 Quamobrem
3291 5777 3432 5830 bello

1870 5869 2035 5939 capti,
2071 5869 2214 5940 apud
2260 5876 2551 5928 extraneos
2582 5870 2784 5942 captivi
2832 5876 3012 5935 erunt,
3059 5876 3113 5924 et
3154 5869 3258 5924 hac
3306 5868 3430 5923 illac
