3966 6222
529 308 631 365 I85

1693 318 2043 380 THEODORI
2072 324 2549 385 MOPSUES‘I’ENI

3632 330 3736 395 te;

527 427 822 500 circumagi
868 435 922 485 et
961 444 1146 486 errare
1198 440 1417 502 propter
1451 436 1746 489 extremam
1790 445 2073 508 egestatem

2188 443 2479 513 ἐργάσεται
2523 444 2877 517 κηδεμονίας,
2920 444 2981 499 οὗ
3018 443 3373 518 βουληθέντας
3408 442 3637 499 ἀκοῦσαί
3673 461 3735 497 τε

516 527 800 587 augentur.

2187 533 2349 587 αὑτοῦ
2408 534 2502 588 καὶ
2555 534 2689 606 πρὸς
2741 536 3098 607 μεταμέλειαν
3160 536 3287 590 ἰδεῖν
3305 552 3321 567 ο
3380 534 3519 605 ὑπὲρ
3558 528 3634 589 ὧν
3671 532 3737 604 δὴ

521 606 837 679 ληφθέντες,
868 610 1199 681 αἰχμάλωτοι
1226 612 1377 683 παρά
1405 615 1517 676 τοῖς
1549 614 1846 687 ἀλλοτρίοις
1873 618 2117 687 ἔσονται,
2159 623 2283 694 τῇδε
2330 627 2551 680 κάκεῖσε
2593 606 2972 696 περιάγειντε
3017 628 3110 682 καὶ
3144 626 3445 682 πλανᾶσθαι
3490 626 3592 681 ὑπὸ
3637 627 3736 697 τῆς

518 703 659 772 ἄγαν
690 704 899 769 ἐνδείας
926 705 1344 776 ἠναγκασμένοι.

1180 835 1335 892 CAP.
1372 837 1439 893 X.

593 946 757 1001 Vsus.
807 948 922 1001 1-2.
951 976 1020 987 --
1049 947 1155 1020 47
1192 966 1212 999 ι
1249 946 1387 1004 Vitis
1430 948 1686 1008 frondosa
1726 952 1911 1009 Israel.
1954 974 1975 1007 ι
2006 954 2088 1011 Ob

2839 843 2994 899 ΚΕΦ.
3036 847 3090 899 l'.

2252 957 2397 1028 Στίχ.
2431 957 2681 1028 α’-β⁹.--ι
2714 958 2776 1010 Ἀ
2788 957 2987 1027 μπελος
3008 955 3423 1027 εὐκληματοῦσα
3451 958 3682 1029 Ἰσραήλ.
3709 977 3730 1013 ι

520 1039 703 1109 populi
747 1039 830 1094 sui
871 1040 1271 1096 multitudinem
1311 1041 1454 1098 haud
1480 1050 1565 1100 est
1601 1044 1882 1103 dissimilis
1921 1045 2073 1103 lsrae‘

2183 1048 2508 1119 Διήλλαττεν
2564 1047 2716 1102 οὐδὲν
2776 1048 2805 1100 6
2872 1048 3086 1121 Ἰσραὴλ
3130 1049 3208 1117 τῷ
3257 1049 3452 1120 πλήθει
3496 1050 3737 1122 κλήμασι

517 1131 614 1183 viti
639 1130 953 1200 palmitibus
982 1130 1231 1200 plurimis
1260 1133 1619 1205 maximisque
1639 1139 1896 1193 comanti.
1917 1157 1934 1190 ι
1956 1137 2087 1193 Fru-

519 1233 640 1277 ctus
666 1221 785 1291 ejus
809 1222 1114 1277 abundans.
1154 1242 1173 1274 ›
1199 1222 1484 1280 Multitudo
1506 1239 1694 1281 eorum
1721 1228 2082 1299 quotidie’au-

518 1325 695 1382 getur,
718 1315 901 1369 multis
920 1314 1043 1369 inde
1058 1317 1414 1375 nascentibus
1438 1319 1511 1375 ob
1526 1319 1727 1374 lautam
1745 1319 2075 1376 felicitatem.

525 1424 544 1456 ‹
578 1402 741 1460 Juxta
767 1405 1064 1461 ubertatem
1096 1404 1368 1462 fructuum
1395 1424 1619 1464 suorum
1648 1410 2078 1481 multiplicarth

518 1496 730 1550 altaria.
767 1515 786 1548 ι
817 1494 885 1551 Hi
908 1504 1085 1552 tamen
1111 1500 1519 1554 exuberantiam
1548 1501 1754 1571 populi,
1787 1517 1951 1572 quam
1984 1501 2078 1558 Dei

516 1585 898 1641 benedictione
928 1595 1085 1641 erant
1121 1587 1326 1658 adepti,
1367 1591 1697 1645 remunerati
1730 1599 1858 1645 sunt
1884 1592 2075 1662 grandi

517 1680 812 1750 impietatis
845 1679 1176 1735 incremento
1214 1699 1229 1735 :
1279 1696 1466 1752 parem
1504 1683 1646 1739 enim
1688 1700 1915 1741 numero
1955 1700 2075 1754 suo,

517 1772 573 1825 in
617 1771 881 1825 idolorum
935 1771 1196 1827 honorem
1243 1771 1497 1827 altarium
1530 1774 1742 1847 capiam
1788 1783 2074 1831 exstruxe-

2186 1139 2455 1203 πλείστοις
2497 1157 2557 1193 τε
2585 1140 2681 1192 καὶ
2720 1140 2995 1209 μεγίστοις
3021 1140 3276 1212 κομὼσης
3304 1140 3568 1211 ἀμπέλου.
3604 1160 3625 1194 ι
3674 1142 3736 1197 '0

2187 1231 2399 1305 καρπὸς
2430 1230 2670 1300 εὐθηνῶν
2698 1231 2884 1301 αὐτῆς.
2926 1250 2945 1284 ι
2977 1232 3087 1285 Καὶ
3117 1232 3425 1285 ἐπεδίδοσαν
3456 1232 3578 1286 καθ’
3609 1234 3738 1288 m-

2184 1340 2315 1395 στην
2342 1322 2553 1394 ἡμέραν
2584 1325 2663 1386 είς
2702 1323 2921 1394 πλῆθος,
2953 1323 3029 1395 (p.
3078 1324 3165 1393 72)
3198 1323 3404 1378 πολλῶν
3431 1324 3597 1378 ὄντων
3626 1325 3738 1379 τῶν

2180 1411 2243 1477 ἐξ
2272 1413 2452 1466 αὐτῶν
2487 1413 2818 1483 τικτομένων
2858 1414 2947 1468 διὰ
2980 1415 3077 1486 τὴν
3111 1414 3413 1485 προσοῦσαν
3443 1416 3623 1480 αὐτοῖς
3648 1417 3734 1470 εὖ·

2180 1503 2440 1576 πραγίαν.
2469 1522 2489 1555 ‹
2517 1504 2674 1559 Κατά
2694 1504 2756 1557 τὸ
2784 1504 2982 1576 πλῆθος
3001 1506 3106 1560 τῶν
3121 1506 3346 1578 καρπῶν
3361 1507 3543 1571 αὐτοῦ,
3570 1508 3733 1579 ὲπλήι

2180 1594 2335 1648 θυνεν
2366 1593 2741 1666 θυσιαστήρια.
2775 1614 2793 1647 ι
2822 1596 2883 1649 Οἱ
2902 1595 2957 1648 δὲ
2983 1596 3078 1667 τὴν
3096 1596 3484 1667 πολυπληθίαν,
3514 1598 3570 1650 ὲν
3591 1591 3736 1670 ᾗπερ

2178 1682 2265 1736 διὰ
2308 1683 2405 1753 τῆς
2450 1683 2698 1751 εὐλογίας
2728 1683 3051 1737 καθίσταντο
3097 1682 3192 1737 τοῦ
3241 1683 3396 1751 Θεοῦ,
3447 1684 3740 1755 ἠμείϐοντο

2178 1773 2432 1837 ἀσεϐείας
2463 1775 2707 1829 ἐπιτάσει
2733 1773 2899 1846 πολλῇ
2917 1791 2932 1806 ο
2962 1773 3219 1843 ἀνάλογον
3245 1775 3352 1848 γὰρ
3377 1775 3470 1829 τοῦ
3501 1776 3737 1848 ἀριθμοῦ

515 1872 664 1915 runt.
696 1880 715 1911 r
757 1860 901 1927 Quot
928 1870 1085 1917 erant
1108 1869 1268 1918 terrae
1294 1879 1406 1919 suae
1433 1863 1599 1927 bona,
1632 1864 1852 1922 totidem
1887 1868 2073 1923 statuit

2175 1862 2269 1917 τοῦ
2319 1864 2541 1929 οἰκείου,
2576 1865 2669 1918 ἐπὶ
2711 1866 2843 1936 τιμῇ
2885 1865 2994 1919 τῶν
3025 1864 3255 1920 εἰδώλων
3288 1866 3519 1921 ἀνίστων
3553 1868 3737 1922 θυσιαρ-

516 1954 827 2009 simulacra.
866 1973 883 2005 ι
930 1951 1113 2009 Multis
1148 1961 1306 2010 terra:
1347 1956 1505 2012 bonis
1548 1955 1811 2024 fruentes,
1846 1974 1945 2029 pro
1991 1958 2073 2014 his

2177 1953 2391 2025 στήρια.
2428 1972 2447 2007 ι
2479 1953 2635 2007 Κατά
2660 1954 2729 2008 τά
2756 1952 2933 2023 ἀγαθά
2962 1954 3062 2024 τῆς
3088 1955 3189 2026 γῆς
3209 1956 3392 2023 αὐτοῦ,
3423 1957 3736 2031 ᾠκοδόμησε

517 2044 805 2099 simulacra
832 2042 1164 2099 honorandis
1188 2043 1348 2100 idolis
1374 2054 1687 2102 erexerunt.
1722 2066 1741 2100 ι
1775 2047 1954 2103 Corda
1977 2063 2073 2103 sua

2177 2044 2395 2115 στήλας.
2435 2062 2455 2097 ι
2496 2044 2607 2098 Καὶ
2647 2043 2855 2097 πολλῶν
2888 2043 3253 2108 ἀπολαύοντες
3280 2045 3387 2100 τῶν
3419 2047 3483 2101 ὲκ
3512 2047 3611 2116 τῆς
3632 2048 3739 2119 γῆς

517 2135 838 2189 diviserunt.
883 2153 902 2186 ι
934 2131 1218 2205 Tantaque
1268 2135 1484 2190 illorum
1518 2152 1645 2208 erga
1687 2137 1829 2193 idola
1871 2139 2080 2195 exstitit

517 2224 819 2279 devotionis
852 2223 1086 2287 insania.
1113 2231 1173 2279 ut
1194 2239 1347 2281 mens
1371 2225 1615 2297 ipsorum
1639 2227 1786 2283 circa
1811 2228 2076 2284 idolorum

517 2317 759 2373 studium
792 2316 944 2371 varia
974 2314 1161 2382 fuerit,
1193 2317 1317 2373 aliis
1343 2318 1482 2383 haec,
1525 2319 1647 2375 aliis
1680 2320 1771 2375 illa
1799 2322 1938 2375 idola
1984 2334 2079 2376 co-

517 2406 780 2462 lentibus.
817 2424 835 2456 ι
876 2404 1031 2462 Nunc
1058 2406 1379 2463 interibunt.
1417 2426 1435 2461 ι
1472 2406 1683 2463 Iustam
1715 2410 1988 2481 perferent
2008 2411 2078 2467 ob

517 2499 632 2552 haec
665 2497 1017 2566 punitionem.
1056 2516 1074 2548 ι
1120 2496 1239 2567 ipse
1288 2496 1541 2554 suti‘odiet
1586 2500 1777 2552 altaria
1806 2514 2014 2554 eorum.
2053 2518 2071 2550 ι

516 2586 731 2645 Etenim
758 2592 1035 2659 neglectus
1078 2589 1144 2643 ab
1183 2588 1262 2644 eis
1310 2588 1453 2646 Deus
1481 2592 1662 2645 omnia
1702 2591 1815 2646 haec
1855 2590 2079 2647 subver-

518 2683 677 2737 tenda
696 2681 925 2745 curabit,
954 2694 1073 2750 qua:
1096 2679 1257 2749 impie
1274 2680 1340 2734 ad
1372 2682 1639 2737 idolorum
1668 2684 1871 2738 cultum
1894 2698 2078 2738 erexe-

514 2783 657 2826 rant.
702 2790 721 2823 ι
763 2770 900 2825 Male
949 2771 1159 2825 eveniet
1205 2770 1380 2828 titulis
1432 2788 1643 2829 eorum.
1677 2793 1697 2826 ι
1742 2773 1806 2829 Hi
1860 2789 2075 2847 quoque

518 2872 776 2919 corruent
805 2862 859 2916 in
890 2861 1339 2921 destructionem.

2174 2134 2413 2205 ἀγαθῶν,
2454 2135 2652 2207 στήλας
2679 2134 2794 2189 ἀντ’
2834 2133 3056 2188 ἐκείνων
3093 2136 3186 2188 ἐπὶ
3219 2135 3485 2208 θεραπείᾳ
3516 2137 3627 2190 τῶν
3656 2139 3736 2191 εί-

2175 2228 2356 2282 δὼλων
2385 2228 2637 2283 ἀνίστων.
2672 2245 2693 2279 ι
2752 2226 3051 2299 Ἐμέρισαν
3083 2227 3307 2300 καρδίας
3334 2228 3532 2284 αὐτῶν.
3573 2247 3593 2281 ι
3623 2228 3739 2283 Καὶ

2175 2319 2408 2390 τοσαύτη
2431 2336 2513 2382 τις
2544 2314 2611 2391 ἦν
2637 2319 2814 2374 αὐτῶν
2838 2321 2871 2393 ή
2896 2320 3023 2392 περὶ
3046 2320 3115 2375 τά
3147 2319 3338 2374 εἴδωλα
3370 2319 3557 2392 μανία,
3593 2319 3736 2374 ὥστε

2177 2409 2497 2483 διαιρεῖσθαι
2526 2412 2625 2483 τὴν
2650 2411 2886 2466 διάνοιαν
2911 2412 3094 2475 αὐτοῖς
3124 2412 3182 2464 ὲν
3205 2412 3271 2481 τῇ
3295 2411 3423 2483 περὶ
3444 2410 3513 2464 τὰ
3542 2410 3737 2465 εἴδωλα

2178 2502 2403 2574 σπουδῇ,
2434 2500 2540 2555 τῶν
2574 2501 2671 2574 μὲν
2710 2501 2903 2568 ταῦτα,
2940 2501 3049 2555 τῶν
3090 2501 3146 2554 δὲ
3192 2503 3373 2555 ἐκεῖνα
3415 2499 3738 2571 θεραπεύειν

2175 2591 2601 2646 ἐσπουδακότων.
2626 2610 2645 2643 ι
2677 2592 2793 2646 Νῦν
2818 2590 3292 2662 ἀφανισθήσονται.
3318 2608 3339 2643 ι
3376 2589 3737 2660 Ὑπομενοῦσι

2175 2681 2231 2735 δὲ
2258 2681 2468 2736 δικαίαν
2493 2684 2630 2754 ὑπὲρ
2674 2684 2877 2738 τούτων
2904 2683 3000 2755 τὴν
3035 2682 3329 2737 ἀπώλειαν.
3376 2700 3397 2734 ι
3434 2682 3606 2745 Αὐτὸς
3631 2698 3736 2735 κα-

2177 2773 2441 2844 τασκάψει
2473 2773 2542 2829 τά
2571 2773 2928 2847 θυσιαστήρια
2960 2774 3157 2829 αὐτῶν.
3196 2792 3216 2826 ι
3250 2773 3311 2828 '0
3348 2772 3458 2844 γὰρ
3499 2771 3735 2843 ἀμελού-

2184 2881 2344 2935 μενος
2364 2868 2491 2939 παρ’
2513 2866 2691 2921 αὐτῶν
2720 2867 2875 2931 Θεὸς,
2906 2866 3068 2930 αὐτὸς
3095 2865 3404 2937 ἀνατροπὴν
3440 2864 3734 2936 ἐργάσεται

517 2961 733 3018 πάντων
770 2965 1000 3030 τούτων,
1037 2965 1074 3021 ἃ
1103 2966 1240 3038 μετά
1283 2961 1532 3026 ἀσεϐείας
1569 2960 1661 3013 ἐπὶ
1692 2962 1757 3030 τῇ
1802 2958 1907 3012 τῶν
1944 2955 2173 3011 εἰδώλων
2222 2957 2448 3012 ἀνίστων
2500 2958 2783 3030 θεραπείᾳ.
2834 2977 2852 3010 ι
2884 2957 3396 3031 Ταλαιπωρήσουσιν
3436 2958 3493 3011 αἱ
3539 2956 3734 3028 στῆλαι

517 3056 715 3111 αὐτῶν.
758 3078 778 3110 ι
820 3060 1198 3133 Ἀσθενήσουσι
1229 3060 1287 3114 δὲ
1316 3060 1564 3112 κάκεῖναι
1596 3055 2021 3127 καθαιρεθεῖσαι.

588 3171 753 3227 Vens.
789 3174 906 3230 5-5.
928 3206 1000 3217 —
1025 3194 1044 3229 ι
1089 3175 1379 3245 Propterea
1416 3188 1561 3228 nunc
1586 3172 1768 3227 dicent
1793 3191 1807 3225 :
1845 3170 1963 3227 Non
1988 3182 2070 3228 est

2241 3168 2386 3238 Στὶχ.
2426 3172 2564 3235 γ’-ε’.
2592 3195 2662 3204 —
2696 3184 2715 3217 ‹
2741 3163 2883 3217 Διότι
2916 3162 3010 3215 νῦν
3039 3160 3271 3234 ἐροῦσιν⁸
3298 3160 3409 3215 Οὐκ
3434 3160 3549 3214 ἔστι
3579 3160 3737 3231 βασι-

515 3279 609 3320 rex
645 3266 824 3331 nobis,
862 3267 987 3337 quia
1029 3283 1138 3323 non
1184 3266 1467 3322 timuimus
1508 3264 1697 3321 Deum.
1743 3264 1857 3320 Rex
1892 3273 2072 3319 autem

517 3357 649 3428 quid
681 3358 844 3414 faciet
876 3360 1072 3415 nobis?
1099 3359 1352 3430 Loquens
1381 3357 1546 3412 verba
1569 3356 1726 3426 quasi
1757 3366 2071 3426 praetextus,

519 3446 698 3504 fmdus
748 3449 1018 3520 disponet.
1081 3469 1100 3503 ι
1155 3449 1311 3504 Nunc
1361 3449 1504 3505 enim
1555 3445 2072 3502 inconsiderantiam

517 3553 675 3594 suam
705 3548 1022 3610 agnoscent,
1055 3556 1164 3611 qua
1192 3556 1370 3612 regem
1406 3539 1509 3596 sibi
1532 3538 1848 3608 delegerunt
1880 3544 2075 3606 praeter

516 3627 611 3684 Dei
647 3624 980 3686 voluntatem
1019 3652 1032 3686 :
1066 3641 1120 3687 et
1168 3630 1312 3702 quod
1357 3631 1562 3686 omisso
1594 3629 1792 3684 timore
1832 3626 1947 3692 Dei,
1981 3642 2075 3681 va-

516 3735 647 3775 num
693 3720 960 3790 quoddam
994 3731 1049 3780 et
1080 3723 1419 3795 illegitimum
1464 3736 1691 3793 regnum
1734 3720 1834 3775 sibi
1866 3718 2075 3776 consti-

516 3820 775 3876 tueruut,
814 3814 1079 3872 adversus
1108 3815 1329 3871 Davidis
1368 3815 1771 3872 successionem
1802 3815 1958 3883 juxta
1980 3812 2073 3869 Dei

515 3906 846 3973 promissum
894 3916 1206 3975 regnantem
1250 3926 1264 3962 :
1314 3906 1544 3977 ideoque
1586 3913 1641 3961 et
1690 3906 1793 3961 hoc
1832 3905 2073 3976 ipsorum

516 4010 740 4066 regnum
771 3997 1004 4053 deletum
1041 4008 1148 4062 est,
1181 4014 1480 4070 omnesque
1508 3998 1807 4067 captivitati
1848 3996 2027 4051 traditi
2054 4012 2071 4063 ;

517 4089 835 4159 nullumque
890 4089 1002 4161 ἥδ
1056 4091 1189 4160 ipsis
1244 4106 1275 4144 a
1306 4106 1433 4162 rege
1488 4106 1588 4146 suo
1650 4091 2072 4145 emolumentum

516 4179 744 4235 exstitit.
797 4178 1161 4237 Nihilominus
1199 4180 1290 4235 hic
1329 4180 1468 4250 (rex)
1509 4180 1869 4237 fraudulentis
1895 4180 2073 4236 verbis

519 4280 697 4333 utens,
732 4268 1042 4339 improbum
1085 4268 1262 4326 ftedus
1287 4270 1558 4341 quoddam
1596 4286 1720 4324 cum
1762 4271 1870 4327 illis
1904 4270 2073 4326 inive-

516 4369 623 4424 rat,
655 4376 850 4431 nempe
874 4376 903 4414 ιι
935 4361 1045 4417 Deo
1076 4360 1390 4427 recedendi,
1415 4370 1468 4416 et
1502 4362 1795 4417 fabricatas
1831 4377 1861 4414 a
1897 4378 1955 4417 se
1978 4361 2072 4431 ju-

2172 3263 2296 3326 λεὺς
2321 3263 2473 3331 ἡμῖν,
2504 3260 2584 3312 ὅτι
2615 3258 2716 3310 οὐκ
2739 3256 3086 3326 ἐφοϐήθημεν
3117 3255 3208 3307 τὸν
3234 3253 3363 3307 Θεόν
3383 3272 3396 3285 ·
3428 3256 3455 3307 6
3485 3253 3542 3306 δὲ
3581 3253 3736 3323 βασι-

2173 3356 2298 3418 λεὺς
2320 3353 2371 3406 τί
2393 3352 2606 3421 ποιήσει
2642 3350 2773 3420 ήμῖν
2797 3366 2812 3413 ;
2845 3348 3021 3402 λαλῶν
3048 3348 3264 3419 ῥήματα
3287 3346 3583 3417 προφάσεις
3619 3346 3737 3400 δια-

2173 3448 2392 3517 ϐήσεται
2413 3442 2695 3513 διαθήκην.
2720 3458 2737 3490 ι
2772 3439 2885 3492 Νῦν
2900 3438 3008 3509 γὰρ
3025 3436 3370 3508 αἰσθήσονται
3395 3436 3496 3505 τῆς
3524 3436 3738 3488 ἑαυτῶν

2170 3536 2442 3599 ἀϐουλίας,
2495 3532 2611 3605 μεθ’
2643 3527 2711 3604 ἧς
2742 3530 2946 3583 εἴλοντο
2994 3528 3217 3599 βασιλέα
3249 3527 3398 3600 παρὰ
3446 3527 3509 3581 τὸ
3537 3526 3741 3580 δοκοῦν

2169 3619 2249 3699 τῷ
2280 3626 2425 3697 Θεῷο
2464 3627 2538 3695 (p.
2572 3624 2660 3693 7'5)
2690 3622 2783 3676 καὶ
2818 3622 2898 3674 ὅτι
2936 3620 3074 3691 ὑπὲρ
3098 3613 3171 3674 ὧν
3194 3620 3255 3673 οὐ
3286 3617 3608 3690 φοϐηθέντες
3638 3617 3739 3671 τὸν

2172 3720 2322 3782 Θεὸν,
2353 3716 2627 3789 βασιλείαν
2650 3711 2923 3777 ἀνέδειξαν
2945 3713 3107 3783 κενήν
3132 3729 3251 3764 τινα
3276 3712 3369 3765 καὶ
3395 3710 3737 3781 παράνομον,

2171 3809 2500 3869 ἀπεναντίας
2526 3809 2591 3878 τῇ
2644 3805 2736 3860 τοῦ
2778 3803 2938 3857 Δαυῒδ
2979 3803 3195 3873 διαδοχῇ
3240 3805 3359 3856 κατ’
3402 3800 3742 3869 ἐπαγγελίαν

2175 3900 2527 3975 βασιλευούσῃ
2561 3898 2731 3961 θείαν,
2762 3885 3040 3968 ἀφῄρηται.
3077 3896 3175 3966 μὲν
3201 3895 3377 3949 αὐτῶν
3404 3896 3436 3965 ἡ
3460 3893 3738 3964 βασιλεία,

2172 3991 2518 4063 αἰχμαλωσίᾳ
2557 3989 2613 4043 δὲ
2640 3987 3027 4059 παραδέδονται
3058 3987 3255 4049 πάντες
3274 4001 3288 4018 ο
3320 3985 3506 4055 κέρδος
3532 3984 3587 4038 δὲ
3626 3986 3738 4039 αὐ-

2172 4088 2284 4148 τοῖς
2325 4086 2390 4137 ὲκ
2416 4082 2507 4136 τοῦ
2531 4081 2789 4152 βασιλέως
2815 4078 3177 4151 προσγέγονεν
3205 4077 3353 4131 οὐδέν
3375 4094 3387 4106 ο
3421 4077 3740 4131 τούναντίον

2174 4176 2274 4247 μὲν
2311 4174 2405 4230 οὖν
2461 4174 2756 4246 ἀπατηλοῖς
2800 4172 3143 4243 χρησάμενος
3192 4171 3418 4242 ῥήμασι,
3466 4168 3744 4239 διαθήκην

2175 4268 2452 4339 μοχθηράν
2481 4284 2601 4320 τινα
2634 4266 2747 4336 μετ’
2776 4263 2955 4317 αὐτῶν
2973 4264 3292 4332 ἐποιήσατο·
3318 4261 3457 4315 ὥστε
3488 4261 3742 4331 ἀποστῆ-

2172 4374 2257 4410 ναι
2296 4353 2393 4426 μὲν
2424 4355 2516 4408 τοῦ
2542 4353 2699 4422 Θεοῦ,
2730 4355 3050 4424 προσκυνεῖν
3073 4352 3131 4405 δὲ
3157 4354 3277 4415 ταῖς
3305 4350 3395 4404 ὑπ’
3421 4350 3585 4403 αὐτοῦ
3628 4367 3743 4405 κα-

516 4465 713 4505 vencas
741 4452 1022 4507 adorandi.
1069 4470 1088 4504 ι
1124 4452 1350 4527 Οι-ἰειιιιυ
1387 4453 1529 4508 sicut
1558 4468 1780 4522 gramen
1806 4453 2069 4523 judicium

2175 4446 2656 4510 τασκευασθείσαις
2675 4446 2986 4516 δαμάλεσιν.
3011 4462 3030 4495 ι
3065 4443 3339 4496 Ἀνατελεῖ
3358 4443 3431 4506 ὡς
3452 4443 3743 4514 ἀγρωστις

516 4544 573 4596 in
617 4542 823 4597 inculto
866 4558 1017 4613 agro.
1051 4562 1069 4596 ι
1104 4542 1379 4600 Judicabit
1412 4544 1554 4600 Deus
1601 4542 1814 4600 facinus
1854 4544 2070 4599 illorum

2175 4541 2347 4611 κρῖμα
2388 4539 2479 4591 ἐπὶ
2524 4537 2716 4608 χέρσον
2747 4535 2938 4607 ἀγροῦ.
2988 4554 3007 4587 ι
3040 4536 3233 4607 Κρινεῖ
3277 4535 3385 4606 γὰρ
3414 4536 3441 4587 6
3468 4533 3601 4597 Θεὸς
3627 4534 3745 4605 τὴν

516 4628 785 4699 iniquum,
815 4646 1029 4701 ptenam
1057 4639 1263 4687 tantam
1292 4632 1361 4688 ob
1390 4633 1445 4689 id
1472 4635 1552 4689 eis
1571 4634 1879 4704 imponens,
1910 4643 1969 4688 ut
1989 4631 2073 4688 ef-

2175 4630 2481 4701 παράνομον
2504 4628 2680 4682 αὐτῶν
2708 4626 2928 4698 τόλμαν,
2951 4627 3208 4697 τοιαύτην
3232 4625 3523 4695 ἐπαγαγὼν
3542 4627 3743 4691 αὐτοῖς

514 4720 769 4777 ﬂorescat
788 4722 1209 4792 quodammodo,
1235 4726 1725 4796 gravissimumque
1753 4735 1806 4780 et
1833 4725 2073 4780 terribile

2175 4721 2292 4777 ἀντὶ
2319 4720 2508 4774 τούτου
2552 4719 2652 4788 τὴν
2692 4718 2982 4789 τιμωρίαν,
3012 4719 3089 4782 ὡς
3115 4718 3343 4788 ἀνθῆσαι
3375 4735 3455 4783 τε,
3501 4718 3597 4770 καὶ
3638 4735 3747 4787 με-

516 4814 762 4869 visurum
793 4815 863 4870 sit
901 4814 995 4871 Dei
1020 4823 1210 4871 contra
1242 4818 1345 4872 hos
1377 4816 1645 4887 judicium
1677 4835 1690 4871 :
1743 4816 1886 4871 haud
1918 4816 2073 4871 aliter

2175 4812 2363 4885 γίστην
2399 4811 2521 4865 τινὰ
2555 4811 2648 4865 καὶ
2676 4810 2913 4881 φοϐερὰν
2950 4811 3181 4880 φανῆναι
3218 4809 3315 4879 τὴν
3369 4810 3486 4862 κατ’
3543 4809 3752 4863 αὐτῶν

516 4917 680 4971 quam
711 4911 933 4973 repente
960 4911 1145 4958 natum
1178 4905 1233 4960 in
1268 4905 1487 4961 deserto
1517 4906 1636 4961 solo
1667 4921 1909 4977 gramen.
1935 4905 2073 4959 mul-

2175 4903 2466 4974 γενομένην
2493 4904 2675 4975 κρίσιν
2712 4902 2805 4956 τοῦ
2843 4901 3007 4955 Θεοῦσ
3060 4901 3156 4971 οὺχ
3199 4895 3360 4971 ἦττον
3393 4899 3424 4969 ἢ
3453 4899 3748 4970 ἀγρωστις

517 5001 632 5048 tum
682 4996 868 5050 statim
910 4995 1301 5052 incrementum
1348 4999 1510 5067 capit.
1557 5017 1575 5049 ι
1635 4997 1789 5067 Apud
1840 4998 2071 5053 vitulum

2175 4995 2359 5067 ἀθρόον
2389 4996 2584 5064 φυεῖσα
2627 4991 2824 5063 πολλὴν
2850 4993 2907 5046 ὲν
2938 4992 3116 5061 χέρσῳ
3149 4992 3434 5061 ποιήσαιτο
3477 4989 3574 5060 τὴν
3606 4990 3748 5042 έπε-

515 5084 710 5139 domus
731 5084 815 5140 On
842 5086 1222 5152 morabuntur,
1261 5088 1353 5159 qui
1389 5090 1636 5143 habitant
1685 5088 2007 5143 Samariam.
2046 5108 2066 5140 ι

2175 5086 2308 5139 Βοσιν
2330 5086 2429 5158 τὴν
2457 5084 2687 5139 οἰκείαν.
2722 5104 2740 5135 ι
2778 5083 2869 5153 Τῷ
2896 5084 3080 5154 μόσχῳ
3108 5079 3203 5135 τοῦ
3229 5080 3378 5135 οῖκου
3413 5082 3507 5134 Ὧν
3532 5098 3751 5152 παροι-

514 5176 847 5233 Assidebunt
887 5178 1076 5249 utique
1106 5195 1294 5238 omnes
1341 5181 1503 5237 cultis
1549 5196 1579 5234 a
1605 5196 1663 5237 se
1691 5180 1960 5252 juvencis,
1988 5180 2071 5235 in-

2175 5179 2425 5248 κήσουσιν
2453 5177 2504 5230 οἱ
2535 5175 2913 5239 κατοικοῦντες
2951 5175 3280 5245 Σαμάρειαν.
3335 5191 3353 5222 ι
3386 5172 3701 5243 Προσεδρεΰ
3722 5204 3751 5214 ι

516 5268 835 5336 gruentibus
878 5271 1058 5337 malis,
1088 5271 1207 5341 opis
1254 5271 1487 5342 alicujus
1527 5273 1677 5327 illinc
1718 5271 2070 5342 impetrandae

2175 5287 2319 5324 τουσι
2375 5268 2473 5338 μὲν
2510 5268 2619 5338 γὰρ
2658 5268 2895 5328 ἅπαντες
2942 5267 3064 5327 ταῖς
3121 5263 3584 5335 θεραπευομέναις
3630 5264 3751 5316 ὑπ’

516 5372 633 5426 spe.
667 5373 689 5408 ‹
733 5355 871 5423 Quia
908 5360 1045 5415 luxit
1087 5378 1251 5433 super
1294 5378 1417 5418 eum
1443 5364 1678 5432 papulus
1726 5364 1867 5432 ejus.
1902 5382 1921 5415 ι
1952 5362 2058 5418 Sed

2175 5361 2341 5414 ιὺτῶν
2371 5359 2634 5430 δαμάλεσι
2674 5358 2780 5411 τῶν
2831 5355 3016 5410 κακῶν
3061 5353 3489 5424 ἐπεληλυθότων,
3547 5352 3755 5407 ἑλπίδι

516 5448 719 5503 nullam
744 5446 869 5503 inde
910 5450 1107 5508 referet
1129 5455 1417 5510 utilitatem
1449 5472 1462 5508 ε
1497 5455 1605 5509 imo
1634 5454 1815 5524 potius
1842 5460 1896 5508 et
1920 5454 2065 5523 ipsas

2175 5453 2263 5507 τοῦ
2289 5454 2433 5516 τινὸς
2458 5454 2641 5522 τυχεῖν
2669 5450 2914 5521 βοηθείας
2945 5448 3171 5501 ἐκεῖθεν.
3214 5465 3231 5496 ι
3280 5448 3401 5499 Ὅτι
3428 5445 3761 5514 ἐπένθησεν

516 5541 776 5610 lugebunt
821 5540 1120 5611 juvencas,
1186 5546 1313 5600 dum
1375 5547 1587 5600 illarum
1643 5546 2064 5601 destructionem

518 5642 799 5702 spectant,
846 5635 1137 5692 terribilem
1177 5641 1481 5703 enimvero,
1537 5639 1772 5693 hostium
1815 5637 2065 5692 manibus

517 5734 901 5794 Pcrpmratam.
947 5746 965 5779 ι
1012 5726 1077 5782 Ει
1120 5731 1569 5800 quemadmodum
1620 5731 1769 5784 illum
1822 5729 2066 5784 irritave-

517 5823 655 5886 rant,
685 5818 995 5892 gaudebuut
1028 5837 1187 5895 super
1219 5824 1387 5895 gloria
1411 5825 1548 5894 ejus.
1583 5843 1601 5876 ι
1630 5822 1849 5877 Multam
1885 5822 2067 5877 hostes

2168 5546 2197 5597 6
2223 5544 2348 5607 λαὸς
2374 5542 2537 5596 αὑτοῦ
2556 5542 2643 5594 ἐπ’
2672 5540 2853 5593 αὐτόν.
2884 5557 2903 5590 ι
2928 5539 3149 5608 Ὄνησιν
3168 5537 3223 5589 δὲ
3243 5535 3487 5590 ἐντεῦθεν
3508 5535 3759 5600 δέξεται

2168 5639 2419 5709 οὐδεμίαν
2438 5654 2451 5667 ·
2484 5636 2790 5690 τούναντίον
2826 5634 2923 5703 μὲν
2948 5627 3040 5686 οὖν
3069 5632 3162 5686 καὶ
3196 5631 3364 5695 αὐτὰς
3394 5631 3763 5701 πενθήσουσε

2167 5728 2265 5792 τάς
2290 5728 2565 5799 δαμάλεις,
2590 5726 2665 5796 (p.
2693 5726 2782 5795 Ἠ)
2812 5724 2910 5794 τὴν
2944 5723 3255 5793 καθαίρεσιν
3279 5722 3456 5775 αὐτῶν
3486 5720 3765 5792 ὁρῶντες

2172 5820 2404 5891 φοϐεράν
2429 5837 2549 5874 τινα
2588 5821 2706 5880 ταῖς
2733 5816 2839 5870 τῶν
2889 5814 3154 5884 πολεμίων
3187 5815 3473 5886 γινομένην
3506 5813 3751 5887 χερσίν,
