3966 6222
284 311 393 369 185

1332 305 1880 362 ΟΟΙΙΜΕΝΤΛΒΙΙΙδ
1916 305 1982 362 ΙΝ
2021 305 2223 363 ΟΒΕΛΕ
2251 302 2398 363 CAP.
2426 304 2495 360 Χ.

3412 299 3516 357 186

290 450 311 480 α
367 427 498 483 Καὶο
526 424 706 489 καθὼς
750 424 1168 498 παρεπίκραναν
1219 425 1407 488 αὑτὸν,
1462 422 1850 497 ὲπιχαροῦνται

1952 424 2113 479 idolis
2146 422 2348 479 facient
2381 421 2735 493 ignominiam
2755 459 2771 485 ,
2811 420 3089 490 multaque
3111 418 3277 473 veluti
3310 419 3517 474 redun-

281 520 379 574 ἐπὶ
414 518 515 592 τὴν
553 517 712 583 δόξαν
741 516 937 574 αὑτοῦ.
977 536 994 570 ι
1033 518 1206 589 Πολλῇ
1248 518 1345 587 μὲν
1383 518 1491 590 γάρ
1520 520 1568 571 οἱ
1601 518 1848 588 πολέμιοι

283 612 577 683 χρήσονται
603 611 745 665 κατά
776 609 883 665 τῶν
923 609 1152 663 εἰδώλων
1180 612 1246 681 τῇ
1274 609 1468 681 ἀτιμίᾳ
1488 626 1502 640 ’
1556 608 1759 680 πολλῆς
1792 609 1850 664 δέ

283 720 433 767 τινος
462 702 863 773 πλησθήσονται
903 700 1001 773 τῆς
1042 702 1233 771 ἡδονῆς
1262 701 1492 771 ὁρῶντες
1525 700 1703 754 αὐτῶν
1747 702 1853 771 ἀφ·

284 795 569 866 ῃρημὲνην
608 792 705 863 τὴν
751 793 931 858 δόξαν,
975 794 1040 865 ἢν
1075 794 1137 846 τὸ
1173 793 1434 865 πρότερον
1467 788 1609 865 εἶχον
1645 792 1854 864 ψευδῶς

283 886 441 957 παρὰ
472 888 584 950 τοῖς
611 886 1003 940 ἐσπουδακόσιν
1033 886 1171 939 αύτά
1201 884 1551 956 θεραπεύειν’
1581 885 1659 948 ὡς
1684 885 1713 937 ὁ
1743 901 1849 955 μα-

281 972 477 1044 κάριος
521 972 669 1040 λέγει
718 975 915 1026 Δαυῖδ·
983 992 1001 1025 ι
1057 974 1147 1044 Μὴ
1213 974 1604 1045 ὲπιχαρείησάν
1657 991 1748 1045 μοι
1800 975 1853 1030 οἱ

287 1062 477 1133 ἐχθροί
503 1081 601 1134 μου
628 1080 641 1091 ·
675 1083 694 1115 ι
728 1064 850 1117 ἀντὶ
885 1063 998 1127 τοῦ.
1046 1064 1136 1136 Μὴ
1189 1066 1427 1134 ἡσθεῖεν,
1476 1063 1547 1117 τά
1587 1065 1854 1119 δοκοῦντα

284 1157 479 1219 αὐτοῖς
513 1156 745 1209 ἐκϐάντα
776 1155 1097 1226 θεασάμενοι
1125 1157 1204 1220 εἰς
1240 1156 1371 1226 ὲμέ·
1410 1154 1584 1219 οῦτως
1625 1154 1853 1209 ἐνταῦθα

286 1247 440 1316 λέγει
466 1246 546 1311 τὸ,
574 1266 592 1298 ι
623 1246 1040 1318 Ἐπιχαροῦνται
1067 1247 1158 1299 ἐπὶ
1180 1247 1275 1317 τὴν
1300 1246 1456 1310 δόξαν
1475 1245 1664 1309 αὑτοῦ,
1687 1267 1706 1299 ι
1734 1246 1855 1300 ἀντὶ

286 1338 408 1400 τοῦ,
439 1338 796 1409 Ἡσθήσονται
823 1337 1059 1409 ὁρῶντες
1080 1337 1217 1391 αύτά
1237 1338 1335 1408 τῆς
1350 1338 1506 1408 δόξης
1525 1338 1851 1411 ἀφῃρημένα

1946 514 2155 570 dabunt
2200 513 2495 582 voluptate,
2530 513 2660 567 dum
2689 522 2934 582 ereptam
2975 512 3062 566 his
3112 510 3340 579 gloriam
3383 526 3517 565 con-

1948 607 2201 678 spicient,
2235 622 2399 677 quam
2428 616 2608 670 antea,
2641 605 2884 660 fallacem
2921 605 3069 666 licet,
3113 602 3386 657 habebant
3419 604 3517 656 ahs

1949 715 2173 756 suorum
2205 700 2550 755 adorantium
2571 698 2772 754 studio.
2805 698 2961 752 Sicut
2984 698 3174 752 beatus
3197 696 3272 750 ait
3302 693 3469 748 David
3499 710 3513 747 :

1956 812 1975 845 ι
2000 790 2078 846 Ne
2106 789 2540 861 supergaudeant
2554 790 2685 844 mihi
2707 790 2915 843 inimici
2930 789 3034 843 mei
3053 789 3120 855 ”;
3147 805 3164 838 ι
3184 802 3245 841 ac
3265 787 3309 841 si
3328 786 3474 840 dicat
3498 799 3514 837 :

1947 880 2027 938 Ne
2054 881 2446 951 jucundentur,
2488 882 2616 935 dum
2660 896 2792 935 suos
2815 881 3077 936 adversus
3108 894 3192 935 me
3225 892 3518 934 successus

1948 974 2152 1029 vident.
2171 972 2248 1027 Ita
2269 972 2373 1027 hoc
2388 972 2529 1036 loco,
2559 993 2577 1023 ι
2598 972 2923 1028 Gaudebant
2951 988 3113 1041 super
3129 972 3298 1043 gloria
3321 972 3462 1038 ejus,
3492 990 3519 1022 ι

1948 1066 2168 1136 ponitur
2202 1080 2322 1135 pro,
2354 1063 2811 1120 Jucundabuntur
2834 1065 3082 1121 videntes
3123 1065 3268 1118 idola
3299 1062 3526 1133 proprio

1952 1160 2161 1214 honore
2183 1158 2436 1227 spoliata.
2478 1174 2497 1207 ι
2534 1157 2672 1223 Quia
2706 1159 3077 1228 migraveruut
3102 1157 3169 1209 ab
3194 1170 3279 1210 eo.
3318 1173 3337 1207 ι
3370 1154 3517 1209 Cun-

1959 1238 2103 1303 ciam
2136 1248 2279 1303 enim
2310 1262 2465 1301 suam
2497 1248 2733 1303 ablatam
2756 1250 2980 1318 gloriam
3001 1249 3381 1318 vident,qualn
3413 1245 3523 1299 im-

1956 1341 2148 1395 merito
2173 1349 2328 1395 antea
2360 1341 2632 1399 tenebant.

283 1433 388 1503 τῆς
428 1432 647 1497 οἰκείας.
699 1453 719 1485 ι
764 1434 888 1487 Ὀτι
929 1433 1341 1503 μετῳκίσθησαν
1385 1434 1478 1487 ἀπ’
1532 1433 1741 1504 αὑτοῦ..
1773 1453 1792 1486 ι
1831 1435 2018 1489 Πᾶσαν
2068 1435 2178 1507 γάρ
2224 1436 2405 1489 αὐτῶν
2457 1436 2819 1510 ἀφῃρημένην
2871 1435 3070 1507 ὁρῶσιν
3120 1436 3217 1505 τὴν
3256 1432 3413 1499 δόξαν
3452 1430 3519 1501 ἢν

284 1526 526 1596 πρόσθεν
553 1522 701 1598 εἰχον
724 1526 785 1580 ού
815 1525 1057 1591 δικαίως.

354 1664 507 1734 Στίχ.
549 1631 710 1736 ςί-ηκ
741 1694 809 1706 -ο
856 1685 874 1719 ι
908 1667 1017 1721 Καὶ
1049 1665 1213 1720 αὐτὸν
1260 1668 1340 1732 είς
1388 1667 1705 1740 Ἀσσυρίους
1754 1668 1847 1739 δή⁹

2021 1662 2188 1718 Vens.
2232 1662 2345 1718 6-8.
2386 1696 2456 1705 --
2490 1683 2508 1715 ι
2555 1662 2732 1732 Atque
2761 1663 2936 1734 ipsum
2970 1663 3253 1732 alligantcs
3280 1662 3520 1717 tulerunt

287 1773 503 1819 σαντες,
534 1757 856 1828 ἀπήνεγκαν
899 1757 1049 1823 ξένια
1087 1758 1165 1830 τῷ
1199 1759 1409 1830 βασιλεί
1449 1760 1673 1832 Ἰαρείμ.
1718 1779 1736 1811 ι
1786 1761 1849 1813 Oi

284 1849 396 1917 γάρ
420 1848 488 1918 δὴ
514 1849 778 1920 πρότερον
805 1850 944 1904 αύτά
975 1849 1299 1922 θεραπεύειν
1323 1851 1621 1917 δοκοῦντες,
1646 1853 1852 1905 ἐπικει-

284 1938 486 2007 μένους
530 1941 657 2003 τοὺς
708 1941 1026 2012 ’Δσσυρίους
1078 1942 1343 2014 δρῶντες,
1391 1943 1485 1997 ἆτε
1535 1946 1598 1997 ἐκ
1645 1943 1848 2015 χρυσοῦ

282 2029 805 2099 κατεσκευασμένας
834 2032 933 2093 τὰς
958 2032 1214 2103 δαμάλεις
1262 2035 1649 2105 συντρίψαντες
1674 2053 1733 2088 τε
1759 2036 1849 2089 καὶ

283 2121 670 2193 συνδήσαντες,
702 2124 777 2187 ὡς
826 2122 891 2177 ἂν
925 2126 975 2177 εἰ
1024 2127 1221 2196 χρυσὸν
1270 2128 1448 2181 κοινὸν
1498 2127 1849 2199 ἀποκομίζειν

285 2211 577 2279 μέλλοντες
605 2213 922 2269 ἀποίσουσιν
953 2213 1139 2288 ὥσπερ
1167 2233 1217 2269 τι
1248 2217 1416 2282 ξένιον
1443 2218 1519 2290 τῷ
1545 2218 1750 2289 βασιλεῖ
1774 2217 1850 2290 τῷ

280 2302 625 2369 Αἰγυπτίων,
671 2303 922 2374 βοήθειαν
968 2305 1216 2377 εὑρέσθαι
1261 2308 1384 2363 τινὰ
1446 2310 1851 2381 προσδοκῶντες

282 2393 495 2447 ἐκεῖθεν
516 2412 530 2425 ·
561 2394 719 2448 τοῦτο
749 2393 860 2467 γάρ
887 2397 1068 2461 αὐτοῖς
1097 2399 1361 2469 πολλαχοῦ
1395 2401 1642 2469 φαίνεται
1664 2401 1851 2455 ὀνειδί-

283 2483 394 2548 ζων
419 2489 448 2539 ὁ
480 2490 787 2561 προφήτης,
816 2489 898 2542 ὅτι
932 2489 1031 2560 τὴν
1068 2491 1218 2562 παρὰ
1246 2492 1356 2545 τῶν
1380 2495 1694 2562 Αἰγυπτίων
1724 2493 1850 2566 βοη-

282 2576 439 2630 θειαν
475 2580 740 2649 ἀνέμενον
795 2583 1055 2652 ματαίως.
1098 2584 1172 2653 (ρ.
1212 2583 1300 2653 75)
1334 2584 1398 2636 Τί
1440 2584 1496 2637 δὲ
1525 2587 1847 2657 γενήσεται;

291 2687 312 2722 ι
362 2671 451 2722 Ἐν
471 2671 665 2741 δόματι
698 2672 936 2745 Ἐφραῒμ
962 2674 1168 2741 δέξεται
1190 2676 1468 2750 αἰσχύνην.
1499 2698 1517 2730 ι
1549 2679 1717 2751 ’Υπὲρ
1741 2679 1850 2752 γὰρ

285 2762 390 2830 τῆς
416 2761 613 2826 δόσεως
642 2766 738 2818 καὶ
757 2768 855 2835 τῆς
890 2767 983 2819 τοῦ
1010 2766 1180 2830 ξενίου
1218 2770 1607 2841 προσ-κομιδῆς,
1638 2773 1850 2843 αἰσχυν-

283 2851 511 2919 θήσεται
542 2855 570 2905 ό
612 2852 870 2926 Ἐφραῒμ,
899 2857 975 2920 ὠς
1008 2859 1157 2911 οὐδὲν
1177 2859 1482 2930 ὠφελήσας,
1515 2863 1648 2915 ἀλλά
1675 2864 1849 2934 μάτην

1951 1772 2180 1811 munera
2220 1756 2330 1826 regi
2366 1754 2554 1811 Jarim.
2596 1774 2614 1808 ι
2654 1755 2756 1820 Qui
2791 1770 2945 1808 antea
2981 1755 3160 1808 colere
3189 1754 3330 1808 idola
3370 1754 3518 1809 vide-

1950 1851 2170 1912 bantur,
2200 1866 2342 1903 nunc
2375 1848 2730 1918 irruptionem
2760 1848 3110 1918 Assyriorum
3140 1846 3406 1911 videntes,
3440 1846 3520 1901 fa-

1949 1943 2185 1997 bricatas
2213 1957 2346 1996 auro
2366 1941 2631 2012 juvencas
2659 1951 2941 1995 conterent
2968 1940 3077 2011 49
3104 1947 3267 2008 atque
3295 1940 3519 2010 colliga-

1950 2036 2104 2099 bunt,
2136 2043 2194 2088 ut
2225 2042 2481 2103 tanquam
2514 2032 2800 2104 profanum
2829 2049 3019 2085 aurum
3048 2031 3295 2089 deferant
3324 2044 3522 2085 munus

1948 2128 2062 2198 regi
2103 2125 2503 2197 Egyptiorum,
2540 2123 2741 2195 aliquid
2788 2123 2912 2178 inde
2965 2123 3084 2194 opis
3129 2131 3431 2195 sperantes.
3461 2120 3519 2175 Id

1948 2219 2092 2273 enim
2122 2218 2337 2272 videtur
2382 2217 2463 2271 eis
2497 2232 2639 2287 saepe
2678 2216 3010 2286 exprobrare
3058 2216 3341 2286 propheta,
3373 2211 3520 2284 quod

1950 2310 2021 2365 ab
2071 2309 2340 2382 [Egyptiis
2375 2308 2641 2362 auxilium
2690 2310 2892 2361 lrustra
2934 2313 3332 2377 exspectarent.
3378 2304 3520 2371 Quid

1950 2410 2130 2456 autem
2180 2401 2308 2455 fiet?
2355 2417 2373 2450 ε
2414 2397 2472 2453 1η
2522 2399 2685 2453 domo
2721 2398 3046 2469 Ephraimus
3081 2399 3255 2467 capiet
3291 2397 3521 2467 ignomi-

1949 2496 2116 2549 niam.
2149 2512 2165 2545 ι
2194 2492 2423 2563 Pmpter
2438 2490 2764 2545 oblationem
2794 2503 3099 2556 nmuusque
3132 2488 3261 2542 illud
3286 2485 3521 2540 confun-

1950 2587 2109 2642 detur
2136 2584 2482 2655 prraimus,
2514 2583 2664 2637 nullo
2692 2580 3058 2635 emolumento
3088 2581 3309 2649 potitus,
3334 2578 3429 2633 sed
3455 2592 3523 2633 eo

1950 2677 2127 2733 oﬂicio
2178 2683 2385 2729 temere
2417 2673 2658 2728 functus.
2704 2693 2720 2723 ι
2762 2671 2818 2726 lu
2855 2671 3086 2726 consilio
3128 2683 3229 2724 suo
3260 2685 3522 2725 verecun—

1949 2768 2171 2825 dabitnr
2191 2767 2377 2824 Israel.
2410 2786 2427 2818 ι
2456 2765 2873 2837 Exspectatione
2900 2780 2996 2820 sua
3024 2764 3215 2817 merito
3232 2758 3523 2816 frustrabi-

1950 2871 2059 2919 tur.
2099 2883 2118 2913 ι
2155 2861 2364 2931 Abjecit
2404 2859 2651 2913 Samaria
2684 2874 2864 2929 regem
2900 2873 3057 2912 suum
3101 2857 3244 2911 sicut
3274 2870 3524 2910 sarmen-

279 2944 346 3011 τῇ
378 2942 584 3013 σπουδῇ
611 2943 955 3014 χρησάμενος
985 2944 1178 3016 ταύτῃ.
1218 2966 1237 2998 ι
1282 2948 1368 3000 Ἐν
1394 2953 1459 3020 τῇ
1490 2946 1648 3021 βουλῇ
1684 2951 1850 3004 αὑτοῦ

1952 2963 2066 3008 tum
2099 2971 2264 3025 super
2302 2953 2493 3007 faciem
2528 2966 2700 3020 aquae.
2746 2970 2767 3005 ι
2818 2947 3235 3003 Machinationis
3272 2946 3418 2999 illius
3457 2959 3521 2999 ac

281 3032 715 3102 αίσχυνθήσεται
758 3034 993 3106 Ἰσραήλ.
1035 3052 1052 3086 ι
1096 3037 1470 3103 Ἀποτεύξεται
1501 3041 1601 3112 τῆς
1624 3042 1849 3113 προσδο-

280 3126 407 3187 κίας
444 3125 525 3187 ὡς
554 3125 701 3188 εἰκὸς
729 3127 826 3196 τῆς
865 3127 1087 3191 οἰκείας.
1139 3146 1159 3180 ι
1229 3130 1520 3202 Ἀπέρριψε
1569 3134 1846 3205 Σαμάρεια

281 3214 517 3283 βασιλέα
544 3215 746 3285 ἑαυτῆς
770 3216 845 3278 ὡς
872 3216 1143 3287 φρύγανον
1161 3219 1253 3271 ἐπὶ
1283 3220 1570 3290 προσώπου
1592 3222 1797 3289 ὓδατος.
1825 3242 1844 3277 ι

278 3307 397 3377 Τῆς
433 3307 535 3376 μὲν
563 3306 674 3377 γὰρ
701 3307 952 3378 μηχανῆς
982 3309 1194 3380 ἐκείνης
1220 3311 1432 3382 καὶτῆς
1461 3314 1851 3387 ἐπιχειρήσεως

279 3399 606 3452 ἀποίσονται
632 3399 823 3470 κέρδος
840 3400 995 3454 οὐδέν
1016 3418 1029 3432 ·
1058 3402 1495 3474 κρατηθήσονται
1520 3407 1851 3478 αἰχμάλωτοι

280 3492 508 3554 πάντες,
541 3490 839 3561 ληφθέντος
863 3491 1041 3546 αὐτῶν
1062 3494 1154 3546 καὶ
1174 3494 1269 3547 τοῦ
1300 3495 1581 3564 βασιλέως.
1612 3497 1670 3561 ὃς
1698 3498 1852 3569 δίκην

281 3582 579 3653 ’φρυγάνων
618 3585 678 3635 ἐν
717 3581 867 3636 ὕδατι
907 3585 1223 3655 φερομένων
1262 3586 1367 3639 ὑπὸ
1406 3587 1514 3640 τῶν
1555 3589 1852 3660 Ἀσσυρίων

278 3671 533 3743 ληφθεὶς,
556 3676 638 3737 εἰς
668 3674 767 3744 τὴν
791 3674 1077 3747 ἀλλοτρίαν
1097 3677 1469 3749 ἀπαχθήσεται
1493 3678 1695 3751 χώραν,
1718 3679 1851 3749 ἀγό-

279 3782 449 3835 μενος
486 3760 635 3837 ᾗπερ
675 3764 742 3819 ἂν
767 3769 878 3831 τοῖς
906 3767 1128 3821 λαϐοῦσι
1156 3769 1307 3839 δοκῇ.
1341 3789 1358 3822 ι
1392 3770 1500 3824 Καὶ
1528 3769 1852 3843 ὲξαρθήσον-

274 3875 366 3910 ται
395 3856 576 3927 βωμοὶ
601 3857 716 3922 Ὧν,
744 3860 1113 3930 ἁμαρτήματα
1143 3859 1235 3913 τοῦ
1270 3860 1504 3934 Ἰσραήλ.
1540 3881 1557 3913 ι
1583 3862 1853 3917 Παύσεται

273 3956 307 4022 ἡ
343 3952 581 4025 περὶτὰ
622 3951 813 4005 εἴδωλα
847 3952 1131 4022 θεραπεία,
1179 3951 1247 4005 δι’
1288 3948 1363 4005 ὧν
1418 3954 1729 4025 ἡμάρτανεν
1774 3957 1853 4020 είς

273 4044 414 4097 Θεδν
439 4047 471 4098 ό
519 4044 754 4117 Ἰσραὴλ,
783 4062 803 4095 ι
830 4043 1095 4095 ’Δκανθαι
1114 4042 1207 4095 καὶ
1229 4044 1465 4114 τρίϐολοι
1491 4045 1853 4117 ἀναϐήσονται

273 4138 368 4190 ἐπὶ
400 4140 472 4191 τά
499 4137 865 4207 θυσιαστήρια
889 4136 1090 4189 αὐτῶν.
1124 4153 1143 4183 ι
1194 4135 1283 4189 Ἐν
1308 4135 1545 4208 τοσαύτῃ
1567 4139 1853 4207 γενήσεται

271 4228 515 4299 ἐρημίᾳ,
553 4229 629 4291 ὡς
664 4228 886 4299 μηδενὸς
914 4226 1303 4290 ἐπιϐαίνοντος,
1344 4227 1581 4292 ἀκάνθας
1613 4230 1706 4282 καὶ
1741 4246 1855 4300 τρι-

1950 3047 2211 3103 facinoris
2241 3046 2447 3101 nullum
2500 3043 2735 3099 referent
2777 3044 3023 3108 lucrum;
3066 3040 3395 3094 tenebuntur
3426 3052 3520 3091 ca-

1951 3139 2082 3212 ptivi
2114 3155 2323 3198 omnes,
2355 3154 2479 3209 rege
2510 3152 2725 3208 quoque
2758 3135 2997 3206 ipsorum
3040 3140 3229 3202 capto:
3277 3131 3367 3201 qui
3399 3138 3519 3185 tan-

1948 3247 2112 3301 quam
2141 3237 2413 3285 sarmenta
2446 3229 2501 3283 in
2545 3229 2701 3299 aquis
2746 3228 2965 3297 agitata,
3004 3226 3073 3280 ab
3103 3224 3343 3296 Assyriis
3368 3236 3520 3277 COlll-

1949 3321 2252 3390 prehensus
2282 3319 2333 3371 in
2358 3317 2589 3373 alienam
2624 3316 2995 3387 asportabitur
3024 3323 3247 3375 terram,
3276 3312 3377 3365 hac
3398 3312 3523 3366 illac

1952 3412 2361 3467 circumductus
2389 3418 2553 3480 prout
2590 3408 2887 3464 victoribus
2920 3406 3131 3461 libitum
3173 3404 3357 3458 fuerit.
3397 3422 3416 3455 ‹
3455 3401 3522 3456 Et

1950 3503 2330 3574 disperdentur
2376 3517 2483 3556 arrc
2524 3500 2628 3564 0n,
2676 3508 2958 3570 peccatum
2986 3496 3173 3552 Israel.
3210 3516 3227 3549 ι
3269 3493 3523 3549 Cessabit

1951 3594 2217 3649 idolorum
2265 3595 2499 3657 cultura,
2548 3608 2782 3663 quorum
2833 3606 3002 3645 causa
3056 3586 3301 3660 peccavit
3352 3584 3519 3641 lsracl

1950 3694 2139 3741 contra
2181 3686 2373 3743 Deum.
2402 3707 2420 3739 ι
2470 3686 2650 3757 Spinae
2684 3701 2747 3739 ac
2796 3683 2979 3739 tribuli
3022 3681 3314 3736 ascendent
3357 3692 3521 3747 super

1952 3774 2144 3829 altaria
2168 3790 2380 3831 eorum.
2422 3792 2440 3827 ι
2486 3775 2543 3829 1η
2576 3783 2724 3828 tanta
2749 3780 2909 3827 erunt
2944 3774 3057 3826 haec
3109 3767 3421 3834 solitudine,
3461 3777 3520 3820 ut

1951 3866 2166 3921 nemine
2193 3865 2304 3936 jam
2352 3865 2666 3928 accedente,
2717 3864 2887 3935 spina:
2933 3878 2996 3916 ac
3034 3860 3221 3915 tribuli
3274 3860 3331 3914 in
3379 3859 3519 3912 alta-

1953 3959 2093 4011 rium
2132 3956 2267 4013 locis
2299 3956 2467 4011 futuri
2498 3957 2627 4011 sint.
2661 3974 2679 4008 ι
2712 3956 2779 4009 Ει
2807 3953 2990 4009 dicent
3018 3950 3297 4007 montibus
3329 3968 3340 4003 :
3368 3946 3515 4018 Ope—

1952 4048 2053 4104 ritc
2077 4065 2212 4117 nos;
2256 4057 2310 4105 et
2354 4050 2584 4105 collibus
2629 4067 2642 4102 :
2692 4048 2881 4103 Cadite
2926 4061 3091 4116 super
3127 4059 3249 4100 nos.
3294 4061 3313 4094 ι
3349 4042 3517 4113 Opta-

1952 4142 2091 4197 bunt
2132 4128 2236 4197 sub
2267 4141 2353 4196 his
2400 4140 2596 4212 sepulti
2646 4138 3111 4209 compendiarium
3154 4135 3361 4207 perpeti
3406 4131 3523 4187 cxi-

1954 4233 2111 4296 tium,
2140 4234 2322 4303 potius
2358 4249 2520 4303 quam
2547 4229 2908 4303 particulatim
2942 4228 3143 4300 puniri.

270 4325 469 4387 δόλους
490 4327 552 4377 ὲν
573 4326 688 4387 τοῖς
710 4322 815 4377 τῶν
846 4320 1241 4393 θυσιαστηρίων
1267 4317 1405 4375 εἶναι
1427 4323 1631 4386 τόποις.
1673 4340 1692 4374 ι
1725 4323 1834 4377 Καὶ
1878 4325 2060 4397 ἐροῦσι
2113 4328 2222 4389 τοῖς
2254 4326 2423 4398 ὄρεσι,
2458 4323 2747 4394 Καλύψατε
2798 4326 2977 4397 ἡμᾶς,
3012 4326 3106 4379 καὶ
3132 4326 3245 4389 τοῖς
3289 4320 3524 4393 βουνοῖς,

272 4418 481 4471 Πέσετε
526 4417 606 4480 είς
635 4417 802 4486 ἡμᾶς.
850 4434 868 4466 ι
917 4416 1373 4489 Ἐπιθυμήσουσιν
1427 4420 1530 4473 ὑπὸ
1562 4420 1771 4486 τούτοις
1820 4423 2100 4493 γεγονότες
2139 4424 2397 4495 σύντομον
2431 4424 2717 4496 ὑπομεῖναι
2765 4424 2863 4495 τὴν
2917 4423 3216 4490 ἀπώλειαν,
3264 4418 3452 4493 (p.76)
3481 4416 3525 4490 ἢ

267 4512 381 4563 τῶν
413 4509 562 4562 κατὰ
595 4510 759 4580 μέρος
782 4510 1068 4582 ἀνέχεσθαι
1096 4514 1399 4584 τιμωριῶν.

344 4623 504 4693 Στίχ.
536 4622 781 4677 θ’-ια’.--
802 4642 820 4674 ι
845 4624 961 4692 ’Δφ’
977 4617 1037 4678 οὗ
1054 4626 1103 4677 οἱ
1121 4622 1807 4698 βουνοίἦμαρτονἸσραήλ.
1823 4646 1841 4679 ι

2018 4624 2186 4681 Vnus.
2227 4624 2371 4680 9-H.
2410 4652 2483 4664 —
2524 4639 2547 4676 ι
2581 4620 2658 4675 Ex
2710 4636 2819 4692 quo
2863 4620 3031 4675 colles
3083 4624 3234 4682 sunt,
3274 4618 3527 4689 peccavit

282 4714 578 4767 Ἐντεῦθεν
626 4714 811 4777 αὐτοῖς
851 4715 946 4769 καὶ⁵
979 4716 1012 4787 ἠ
1045 4716 1172 4787 περὶ
1211 4715 1273 4769 τὸ
1303 4717 1635 4789 ἁμαρτάνειν
1663 4718 1851 4787 γέγονε

269 4804 507 4874 σπουδὴ,
539 4806 603 4855 ὲκ
633 4803 725 4855 τοῦ
766 4804 859 4856 τὸν
881 4805 1011 4858 Θεὸν
1040 4806 1276 4875 ἀφέντας
1313 4809 1439 4877 περὶ⁵
1471 4809 1598 4872 τοὺς
1638 4809 1854 4879 βουνοὺς

268 4898 366 4949 καὶ
393 4896 496 4967 τὴν
524 4895 639 4947 τῶν
671 4895 903 4948 εἰδώλων
927 4897 1069 4968 ἔχειν
1100 4898 1414 4972 θεραπείαν.
1458 4921 1476 4952 ‹
1522 4901 1670 4955 Ἐκεῖ
1699 4901 1855 4972 ἔστη-

271 5005 401 5043 σαν.
445 5009 464 5040 ι
513 4988 677 5041 Ἀλλά
718 4991 827 5061 γὰρ
861 4990 1090 5043 παύεται
1133 4990 1372 5063 αύτῶνή
1422 4994 1733 5064 παρανομία
1768 4993 1856 5048 διὰ

266 5077 375 5147 τῆς
428 5077 724 5148 τιμωρίας.
778 5098 795 5128 ι
847 5079 920 5131 Ού
968 5078 1043 5150 μὴ
1100 5081 1379 5153 καταλάϐῃ
1420 5084 1615 5148 αὐτοὺς
1670 5085 1729 5136 ὲν
1774 5083 1853 5155 τῷ

269 5167 479 5239 βουνῷ.
520 5187 541 5220 ι
584 5169 801 5237 Ἀφελεῑ
821 5170 931 5242 γὰρ
955 5173 1153 5236 αὐτοὺς
1175 5174 1208 5245 ή
1235 5173 1579 5244 αίχμαλωσία
1603 5175 1700 5244 τῆς
1724 5177 1851 5245 περὶ

265 5262 408 5325 τοὺς
452 5261 679 5331 βουνοῖές
731 5262 1003 5335 σπουδῆςσ
1040 5262 1116 5327 ὡς
1167 5265 1362 5336 μηκέτι
1410 5266 1509 5335 μὲν
1555 5267 1611 5319 ὲν
1644 5269 1709 5338 τῇ
1742 5267 1850 5320 τῶν

1949 4714 2137 4773 Israel.
2174 4734 2191 4768 ι
2226 4716 2365 4771 llinc
2412 4714 2491 4770 eis
2543 4714 2751 4769 exstitit
2778 4710 3038 4781 peccandi
3072 4712 3348 4774 voluntas,
3387 4712 3522 4781 quia

1952 4824 2146 4880 nempe
2178 4808 2286 4863 Deo
2312 4808 2522 4869 relicto,
2542 4806 2596 4860 in
2627 4805 2860 4860 collibus
2879 4804 3319 4875 superstitionem
3347 4803 3520 4857 idolo-

1951 4918 2073 4957 rum
2104 4901 2452 4957 cxercebant.
2495 4916 2515 4949 ι
2552 4897 2630 4952 Ibi
2664 4904 2953 4952 steterunt.
2993 4915 3010 4947 ι
3045 4894 3149 4950 Sed
3178 4910 3307 4949 ecce
3336 4894 3525 4949 scelus

1953 5008 2139 5049 eorum
2176 4991 2377 5047 desinit
2406 4998 2627 5061 propter
2661 4988 3020 5059 punitionem.
3057 5005 3076 5037 ι
3114 4985 3230 5040 Νοιι
3265 4999 3518 5053 compre-

1951 5084 2152 5141 hendet
2189 5098 2284 5140 eos
2320 5084 2375 5137 in
2400 5084 2559 5139 colle.
2591 5101 2609 5133 ι
2645 5081 2866 5137 Scilicet
2898 5096 2992 5134 eos
3033 5077 3320 5147 captivitas
3346 5093 3375 5130 a
3405 5075 3517 5132 fre-

1947 5174 2279 5247 quentandis
2316 5173 2549 5228 collibus
2594 5169 2904 5241 prohibebit
2941 5186 2953 5221 :
2988 5175 3151 5236 atque
3191 5166 3246 5221 in
3290 5166 3521 5222 collium

1946 5264 2307 5336 religionibus
2385 5263 2496 5333 jam
2569 5277 2677 5316 non
2751 5258 3117 5324 invenientur,
3177 5257 3525 5328 captivitatis

268 5350 489 5420 βουνῶν
537 5354 891 5426 εὑρίσκεσθαι
940 5356 1224 5429 θεραπεία,
1270 5357 1598 5431 ἠσχολῆσθαι
1631 5360 1686 5413 δὲ
1721 5361 1848 5432 περὶ

1950 5358 2203 5414 :erumnis
2246 5355 2517 5425 occupati.
2572 5372 2591 5406 ι
2628 5351 2835 5407 Bellum
2875 5351 2982 5422 50
3030 5351 3159 5408 filiis
3209 5351 3523 5422 iniquitatis

266 5445 341 5496 τά
394 5446 461 5498 ἐκ
501 5447 599 5517 τῆς
638 5448 1011 5518 αἰχμαλωσίας
1039 5449 1203 5504 κακά.
1237 5470 1255 5504 ι
1293 5452 1533 5521 Πόλεμος
1562 5452 1655 5504 ἐπὶ
1680 5452 1845 5505 τέκνα

265 5535 498 5599 ἀδικίας
526 5532 710 5606 ἦλθεν.
748 5558 767 5588 ι
805 5539 992 5592 Ταῦτα
1019 5539 1127 5610 γὰρ
1148 5540 1301 5594 ἔσται
1334 5542 1473 5613 ὑπὲρ
1502 5535 1576 5595 ὧν
1607 5541 1843 5611 ἠδίκουν,

266 5626 374 5679 καὶ
419 5627 650 5696 ἠσέϐουν
685 5630 1070 5701 ἐπενεχθέντος
1106 5631 1289 5696 αὐτοῖς
1330 5633 1424 5686 τοῦ
1455 5632 1690 5704 πολέμου
1737 5631 1844 5686 τῶν

349 5806 403 5837 ³⁸
432 5802 571 5860 Psal.
596 5813 909 5877 xxxvu,l7.

1949 5448 2280 5520 supervenit.
2335 5467 2354 5500 ι
2415 5445 2539 5501 Haec
2590 5444 2698 5498 illis
2746 5444 2999 5498 evenient
3061 5444 3132 5498 ob
3189 5441 3518 5511 iniustitiam

1950 5551 2111 5610 atque
2162 5540 2516 5609 impietatem,
2565 5536 2762 5591 bellum
2836 5534 3195 5590 inferentibus
3253 5531 3510 5602 Assyriis.

1956 5652 1974 5686 ι
2009 5632 2171 5689 Juxta
2197 5630 2527 5688 desiderium
2555 5643 2769 5694 eorum,
2799 5629 3092 5700 eorripiam
3118 5641 3233 5682 eos.
3276 5645 3293 5678 ι
3323 5623 3511 5680 Addu-
