3966 6222
425 237 526 292 187

1609 248 1953 308 THEODORI
1988 255 2463 314 MOPSUESTENI

3547 264 3649 320 I83

423 370 543 408 cam
577 353 659 410 eis
701 355 884 426 itaque
912 358 1078 424 mala,
1107 376 1228 430 qua:
1257 365 1604 435 corripiendo
1638 367 1929 434 sufﬁciant.
1960 388 1986 426 a

2104 376 2421 449 Ἀσσυρίων.
2460 395 2478 428 t
2520 377 2797 431 Παιδεύσω
2824 379 3022 446 αὐτοῦς
3048 381 3186 437 κατά
3225 380 3323 451 τὴν
3354 382 3647 451 ἐπιθυμίαν

424 446 624 513 quibus
679 448 878 502 eruditi
934 453 1153 521 propria
1207 465 1426 522 peccata
1487 468 1803 528 agnoscent.
1849 482 1867 514 ι
1922 462 1987 516 Et

427 540 906 608 congregabuntur
934 558 1099 612 super
1128 560 1223 601 eos
1250 550 1456 617 poluuli.
1479 568 1600 604 cum
1624 554 1989 624 corripientur

429 639 650 695 propter
681 629 817 685 duas
850 632 1172 703 iniquitates
1206 654 1354 693 suas.
1383 659 1399 690 ι
1438 640 1710 697 Grandem
1747 646 1988 701 hostium

429 721 832 776 multitudinem
879 726 1143 782 adversus
1188 746 1279 784 eos
1330 746 1655 803 conigeram:
1698 739 1986 807 corripiam

428 827 523 866 eos
550 818 677 881 quia
713 823 767 868 et
797 831 882 870 me
924 820 1300 888 neglexerunt,
1336 830 1391 875 et
1422 824 1582 877 idolis
1621 825 1986 881 adhaeserunt.

434 924 452 953 ι
494 902 819 973 Ephraimus
847 910 1013 962 vitula
1052 912 1209 966 docta
1238 914 1466 983 diligere
1496 917 1923 973 contentionem.
1965 937 1984 971 ι

428 992 604 1049 instar
634 998 812 1051 vitulte
839 1001 1155 1065 resilientis,
1193 1012 1246 1057 et
1279 1020 1538 1074 superare
1570 1007 1867 1064 domitores
1901 1026 1992 1065 vo-

428 1085 610 1149 lentis,
663 1090 744 1143 sic
765 1090 867 1144 iste
905 1108 935 1143 a
985 1092 1093 1147 Deo
1129 1097 1375 1159 recessit,
1417 1112 1516 1151 nec
1561 1099 1663 1167 ipsi
1709 1102 1991 1158 servitutis

427 1176 579 1228 socio
620 1178 836 1234 cedens.
880 1201 898 1231 ι
936 1181 1046 1249 Ego
1084 1192 1263 1236 autem
1307 1200 1516 1239 veniam
1557 1204 1721 1257 super
1754 1171 1992 1259 pulcliri-

430 1271 671 1326 tudinem
702 1274 826 1327 colli
862 1276 999 1344 ejus.
1043 1297 1062 1328 ι
1107 1276 1333 1332 Omnem
1380 1281 1427 1333 ei
1469 1280 1863 1338 formositatem
1896 1285 1992 1339 de-

428 1362 683 1427 traham,
751 1379 857 1433 qua
940 1368 1305 1436 superbiebat.
1376 1388 1396 1421 ι
1444 1372 1748 1427 Ascendam
1828 1393 1993 1445 super

428 1453 802 1517 bpbraimum.
834 1474 855 1509 ι
907 1455 1188 1527 Tanquam
1234 1461 1418 1516 vitula:
1465 1468 1818 1522 contentiosa:
1859 1470 1991 1523 insi-

426 1553 568 1597 stam
590 1547 793 1601 viribus
816 1549 973 1603 meis.
1004 1568 1022 1600 ι
1052 1549 1543 1609 ReticeboJudam.
1564 1573 1583 1608 ι
1608 1556 1801 1611 Judam
1827 1561 1989 1614 omit-

426 1644 558 1702 tam,
614 1638 667 1693 id
713 1650 796 1696 est
837 1644 1242 1701 calamitatibus
1297 1648 1539 1702 exerceri
1592 1651 1791 1713 sinam,
1841 1653 1991 1707 nullo

2092 484 2213 538 μου.
2251 489 2269 520 ι
2314 468 2524 536 Ἐπάξω
2557 468 2737 523 τοίνυν
2767 470 2950 536 αὐτοῖς
2976 474 3121 526 κακά
3157 472 3425 526 παιδεύειν
3452 474 3646 539 αὐτοὺς

2088 561 2397 631 ἀρκούντως
2417 560 2687 630 δυνάμενα
2708 576 2721 589 ·
2753 560 2820 614 δι’
2853 554 2927 615 ῶν
2961 563 3334 625 παιδευθέντες
3362 561 3646 632 αἰσθήσον-

2088 669 2177 705 ται
2222 652 2321 721 τῆς
2374 650 2583 704 ἑαυτῶν
2627 652 2841 717 κακίας.
2884 671 2903 705 ι
2942 655 3053 707 Καὶ
3100 653 3514 722 συναχθήσονται
3556 653 3644 705 ἐπ’

2089 742 2285 806 αὐτοὺς
2314 741 2433 796 λαοὶ
2464 744 2523 796 ἐν
2548 742 2625 813 τῷ
2659 743 3006 798 παιδεύεσθαι
3034 745 3229 808 αὐτοὺς
3255 747 3311 797 ἐν
3335 746 3454 807 ταῖς
3495 744 3646 795 δυσὶν

2090 830 2325 893 ἀδικίαις
2364 830 2562 885 αὐτῶν.
2615 849 2635 882 ι
2683 832 2826 886 Πολὺ
2854 833 2961 905 γὰρ
2992 832 3262 905 πολεμίων
3307 832 3507 901 πλῆθος
3556 832 3645 885 ἐπ’

2089 922 2286 984 αὐτοὺς
2317 921 2572 995 ἁθροίσω,
2627 925 2863 978 παιδεύω
2914 926 3111 988 αὐτοὺς
3141 926 3279 996 ύπέρ
3323 919 3397 977 ὧν
3423 924 3555 994 ἐμοῦ
3584 942 3645 977 τε

2089 1011 2343 1081 ⁴ήμέλουν,
2371 1015 2466 1067 καὶ
2492 1016 2604 1078 τοῖς
2623 1014 2858 1080 εἰδώλοις
2890 1020 3191 1088 προσεῖχον.
3224 1036 3242 1067 t
3293 1016 3526 1085 Ἐφραῒμ
3558 1014 3647 1068 δά-

2093 1104 2251 1173 μαλις
2284 1104 2632 1177 δεδιδαγμένη
2662 1109 2880 1178 ἀγαπᾷν
2900 1111 3095 1172 νεῖκος.
3131 1129 3149 1162 ι
3179 1109 3343 1179 Δίκην
3364 1107 3645 1178 δαμάλεως

2089 1195 2504 1268 ἀποσκιρτῶσης
2531 1199 2621 1252 καὶ
2649 1203 3011 1270 κατακρατεῖν
3040 1202 3147 1254 τῶν
3170 1199 3513 1271 δαμαζόντων
3536 1199 3645 1252 ἐθε-

2090 1286 2303 1357 λούσης,
2330 1287 2502 1352 οῦτως
2531 1290 2895 1361 ἀφιστάμενος
2927 1291 3020 1346 τοῦ
3052 1293 3185 1345 Θεοῦ
3232 1292 3324 1344 καὶ
3353 1292 3452 1344 οὐκ
3483 1291 3643 1345 εἴκων

2089 1378 2183 1448 τῷο
2215 1378 2431 1449 συζύγῳ
2476 1380 2575 1451 τῆς
2619 1381 2880 1445 δουλείας.
2926 1400 2943 1433 ι
3008 1381 3147 1451 Ἐγὼ
3174 1382 3231 1434 δέ
3281 1380 3644 1450 ἐπελεύσομαι

2091 1470 2181 1521 ἐπὶ
2209 1470 2270 1522 τὸ
2307 1468 2501 1532 κάλλος
2535 1468 2629 1521 τοῦ
2658 1470 2929 1541 τραχήλου
2975 1472 3161 1542 αὐτῆς.
3204 1491 3221 1523 ι
3268 1472 3452 1550 [idem
3477 1472 3643 1541 αὐτῆς

2090 1558 2273 1629 ἀφελῶ
2303 1559 2401 1629 τὴν
2428 1559 2777 1630 εὐπρέπειαν,
2811 1562 2897 1630 ἐφ’
2994 1562 3137 1633 μέγα
3178 1563 3411 1633 ἐφρόνει.
3451 1564 3525 1632 (p.
3553 1563 3642 1632 77)

2097 1668 2116 1701 t
2138 1649 2395 1702 Ἑπιϐιϐῶ
2413 1649 2490 1719 τῷ
2511 1649 2767 1722 Ἐφραῖμ.
2791 1670 2810 1703 ι
2843 1651 3052 1706 Ὦσανεὶ
3072 1653 3351 1723 δαμάλεως
3366 1654 3644 1725 ἐριστικῆς

426 1732 628 1786 auxilio
664 1734 1027 1803 suppeditato.
1087 1735 1240 1791 Sicut
1276 1749 1361 1794 est
1400 1739 1543 1809 apud
1575 1740 1792 1796 beatum
1829 1742 1986 1798 Davi-

2088 1740 2419 1812 ἐπιϐήσομαι
2448 1741 2589 1795 κατὰ
2616 1740 2715 1813 τὴν
2738 1742 2964 1814 δύναμιν
2986 1744 3083 1814 τὴν
3106 1747 3266 1815 ἐμήν.
3301 1763 3319 1795 t
3355 1746 3643 1817 Παρασιω-

426 1824 579 1878 dem:
630 1843 650 1878 t
675 1825 753 1881 Ne
781 1837 962 1885 taceas
989 1846 1019 1883 a
1055 1847 1140 1885 me
1157 1832 1225 1896 '°,
1257 1851 1276 1883 ι
1311 1832 1364 1886 id
1386 1840 1492 1898 est,
1529 1850 1599 1888 ne
1626 1850 1713 1889 me
1744 1838 1988 1901 omittas,

424 1915 553 1970 dum
598 1920 807 1986 asperis
856 1937 1046 1976 versor
1097 1925 1150 1978 in
1198 1926 1379 1981 rebus.
1433 1944 1452 1977 ι
1514 1925 1884 1983 Roborabitur
1939 1932 1989 1985 ei

425 2007 615 2064 Jacob.
649 2028 667 2061 ι
703 2008 1016 2067 Ostendam
1065 2017 1210 2071 vires
1260 2033 1407 2073 meas
1456 2017 1713 2074 universo
1756 2020 1985 2075 lsraeli:

427 2117 606 2172 neque
658 2106 800 2159 enim
852 2107 1151 2161 obscurum
1203 2119 1308 2173 est,
1350 2107 1520 2165 Iacob
1556 2118 1722 2181 atque
1770 2109 1990 2167 lsraelis

424 2199 739 2254 nominibus
772 2209 938 2254 totam
970 2199 1285 2255 Iudaeorum
1313 2213 1527 2274 gentem
1561 2206 1891 2274 nuncupari,
1918 2222 1985 2261 ex

426 2292 510 2345 sui
562 2292 929 2361 progenitoris
978 2294 1182 2364 duplici
1232 2294 1593 2363 appellatione
1629 2296 1701 2349 ita
1738 2298 1987 2352 nomina-

426 2392 565 2437 tum:
599 2385 691 2453 qui
718 2393 878 2439 antea
912 2385 1095 2439 dictus
1120 2384 1309 2451 Jacob,
1343 2395 1466 2456 post
1497 2388 1763 2442 visionem
1822 2389 1987 2444 Israel

424 2482 507 2525 est
537 2472 865 2542 appellatus.
905 2474 1060 2527 Sicut
1089 2476 1248 2528 etiam
1279 2475 1421 2544 apud
1446 2476 1663 2529 beatum
1691 2475 1945 2531 Davidem
1971 2495 1987 2531 :

429 2582 448 2611 ι
484 2561 654 2633 Elegit
690 2563 945 2619 Davidem
967 2581 1182 2620 servum
1208 2583 1387 2629 suum,
1420 2568 1744 2637 sustulitque
1771 2583 1893 2622 eum
1923 2568 1989 2623 de

424 2654 681 2725 gregibus
729 2658 949 2722 ovium;
1006 2663 1064 2709 et
1118 2667 1239 2726 post
1288 2660 1537 2711 l'tetantes
1579 2658 1793 2727 accepit
1824 2674 1989 2726 eum;

433 2760 659 2812 pascere
681 2744 852 2801 Jacob
875 2762 1092 2801 servum
1126 2761 1307 2808 suum,
1340 2756 1392 2799 et
1415 2746 1669 2802 lsraelem
1704 2748 1988 2802 haeredita-

423 2842 531 2886 tem
549 2847 703 2887 suam
729 2832 828 2902 ³⁰⁶;
853 2852 873 2885 ι
906 2836 1173 2889 ambabus
1211 2838 1668 2907 appellationibus
1699 2836 1985 2893 Judaieam

427 2939 638 2993 gentem
669 2930 787 2982 sine
815 2929 981 2984 dubio
1018 2929 1233 2984 dicens.

2084 1832 2325 1903 πήσομαι
2363 1832 2457 1886 τὸν
2514 1833 2731 1888 Ἰούδαν.
2782 1852 2801 1885 ι
2852 1834 3293 1906 Παραπέμψομαι
3336 1836 3531 1890 Ἰούδαν
3585 1838 3641 1889 ἐν

2084 1925 2272 1986 κακοῖς
2288 1920 2691 1993 ἐξεταζόμενον,
2710 1922 2831 1975 οὐδὲ
2856 1922 2982 1993 μίαν
3002 1923 3148 1991 αύτῷ
3173 1923 3351 1993 νέμων
3373 1923 3639 1994 βοήθειαν·

2082 2010 2191 2064 οἷόν
2228 2013 2344 2064 ἐστι
2369 2012 2518 2083 παρά
2541 2011 2618 2080 τῷ
2645 2010 2897 2082 μακαρίῳ
2921 2008 3083 2064 Δαυῖδ
3104 2010 3184 2073 τὸ,
3214 2028 3232 2060 ι
3257 2010 3348 2080 Μή
3366 2026 3644 2078 παρασιω·

2082 2103 2261 2173 πήσῃς
2284 2103 2378 2156 ἀπ’
2406 2101 2561 2172 ἐμοῦ,
2586 2120 2605 2154 ι
2646 2102 2766 2156 ἀντὶ
2797 2100 2915 2167 τοῦ,
2940 2101 3029 2171 Μὴ
3060 2100 3400 2171 παραπέμψει
3422 2100 3489 2153 τὰ
3519 2100 3640 2153 κατ’

2080 2194 2200 2263 ἐμὲ,
2232 2195 2289 2246 ἐν
2310 2186 2567 2263 χαλεποῖς
2590 2191 2970 2262 ἐξεταζόμενον
2997 2192 3332 2262 πράγμασιν.
3358 2211 3375 2242 ι
3401 2190 3639 2259 Ἐνισχύ-

2084 2304 2165 2339 σει
2187 2285 2334 2357 αύτῷ
2375 2284 2588 2339 Ἰακώϐ.
2620 2302 2639 2336 ›
2681 2284 3050 2354 Ἐπιδείξομαι
3077 2283 3173 2354 τὴν
3203 2284 3354 2353 ἰσχὺν
3378 2283 3474 2352 τὴν
3504 2282 3641 2351 ἐμὴν

2082 2381 2243 2433 παντὶ
2268 2379 2345 2450 τῷ
2376 2378 2593 2449 Ἰσραήλ
2612 2395 2624 2409 ·
2648 2378 2707 2430 ού
2738 2376 2846 2449 γάρ
2867 2377 3059 2447 ἄδηλον
3082 2377 3167 2431 ὅτι
3193 2378 3287 2430 καὶ
3326 2374 3519 2429 Ἰακὼϐ
3549 2375 3645 2428 καὶ

2097 2470 2310 2541 Ἰσραὴλ
2342 2471 2403 2523 τὸ
2433 2471 2580 2532 ἔθνος
2631 2470 2773 2523 ἅπαν
2820 2470 3067 2522 καλεῖται
3096 2468 3205 2521 τῶν
3262 2466 3549 2530 Ἰουδαίων,
3579 2467 3643 2519 ἐκ

2083 2561 2177 2615 τοῦ
2230 2561 2568 2633 προπάτορος
2624 2560 2804 2613 αὐτῶν
2862 2560 3194 2629 ἀμφοτέραις
3255 2557 3644 2626 ὀνομαζόμενον

2087 2658 2204 2717 ταῖς
2240 2653 2627 2724 προσηγορίαις
2651 2668 2665 2683 ⁸
2699 2652 2756 2715 ὃς
2794 2651 3082 2721 λεγόμενος
3117 2651 3374 2721 πρότερον
3428 2646 3642 2711 Ἰακὼϐ,

2091 2745 2228 2817 μετά
2250 2747 2346 2815 τὴν
2369 2744 2632 2797 ὀπτασίαν
2694 2742 2908 2813 Ἰσραὴλ
2937 2742 3210 2813 ἐπεκλήθη
3232 2758 3246 2771 ·
3278 2741 3352 2802 ὼς
3382 2743 3472 2793 καὶ
3495 2740 3645 2810 παρὰ.

2086 2837 2162 2908 τῷ
2208 2837 2459 2908 μακαρίῳ
2505 2836 2687 2888 Δαυῒδ-
2724 2854 2740 2886 ι
2783 2836 3092 2902 Ἐξελέξατο
3133 2835 3294 2888 Δαυῖδ
3326 2835 3413 2887 τὸν
3459 2835 3645 2887 δοῦλον

2087 2931 2273 2995 αὑτοῦ,
2314 2931 2407 2983 καὶ
2452 2928 2711 2982 ἀνέλαϐεν
2763 2929 2924 2981 αὐτὸν
2970 2930 3035 2981 ἐκ
3086 2928 3191 2980 τῶν
3240 2928 3504 2998 ποιμνίων
3537 2926 3644 2978 τῶν

423 3021 727 3090 προϐάτων,
770 3023 1047 3089 ἐξόπισθεν
1105 3023 1212 3078 τῶν
1259 3024 1626 3095 λοχευομένων
1686 3026 2052 3098 προσελάϐετο
2100 3026 2291 3091 αὐτόν,
2348 3024 2650 3096 ποιμαίνειν
2716 3024 2907 3078 Ἰακὼϐ
2958 3025 3047 3077 τὸν
3101 3024 3280 3077 δοῦλον
3329 3022 3515 3087 αὑτοῦ,
3551 3022 3645 3075 καὶ

434 3108 647 3182 Ἰσραὴλ
674 3112 771 3183 τὴν
798 3112 1157 3187 κληρονομίαν
1191 3120 1351 3173 αὑτοῦ
1372 3138 1384 3151 ·
1424 3142 1443 3173 ι
1478 3123 1809 3197 ἀμφοτέραις
1838 3127 1958 3189 ταῖς
1981 3122 2375 3196 προσηγορίαις
2391 3122 2453 3174 τὸ
2492 3120 2779 3174 Ἰουδαϊκὸν
2810 3120 2960 3183 ἔθνος
2990 3119 3228 3189 εἰρηκότι
3263 3119 3466 3187 σαφῶς.

495 3199 655 3255 Vens.
702 3203 884 3259 12-15.
921 3228 1012 3259 -ι
1067 3209 1343 3267 Seminate
1391 3214 1546 3269 vobis
1586 3216 1653 3270 ad
1692 3216 1986 3286 justitiam,

2162 3215 2309 3284 Στίχ.
2356 3213 2534 3283 ιβ’-ιε’.
2568 3240 2639 3253 -
2666 3230 2686 3264 t
2718 3212 2983 3282 Σπείρατε
3024 3213 3233 3274 ἑαυτοῖς
3268 3213 3347 3273 είς
3368 3209 3639 3263 δικαιοσύ-

422 3298 610 3348 metite
637 3294 703 3347 ad
746 3296 979 3353 fructum
1015 3303 1159 3356 vitre.
1217 3324 1234 3353 ι
1275 3303 1462 3360 Facite
1497 3322 1627 3375 ergo
1658 3309 1986 3364 omnimodae

417 3382 647 3452 iustitia:
697 3401 895 3456 opera;
949 3406 1011 3444 ex
1067 3393 1152 3447 his
1204 3396 1347 3448 enim
1392 3398 1697 3455 seminibus
1746 3399 1986 3455 fructum

423 3476 549 3529 vitze
585 3484 788 3534 metere
823 3481 968 3537 licet.
1023 3502 1043 3536 ι
1093 3485 1389 3543 Accendite
1421 3488 1521 3559 51
1557 3490 1709 3546 vobis
1748 3493 1989 3548 scientia:

424 3567 632 3623 lumen.
672 3589 691 3621 ι
727 3567 863 3626 Dum
907 3585 1123 3647 tempus
1153 3578 1388 3644 habetis,
1420 3582 1669 3638 veritatis
1701 3584 1986 3641 scientiam

424 3664 727 3732 acquirite:
765 3674 889 3720 ante
939 3670 1240 3737 punitionis
1289 3681 1521 3743 tempus,
1573 3685 1839 3744 quantum
1871 3679 1987 3734 fieri

424 3757 644 3826 poterit,
696 3759 1017 3826 pmnitentia
1074 3763 1324 3819 redimite
1363 3765 1633 3820 malorum
1684 3770 1990 3836 perpessio-

425 3864 570 3902 nem.
627 3868 645 3900 ι
680 3850 913 3916 Quaerite
968 3852 1293 3919 Dominum,
1338 3856 1512 3911 donec
1563 3859 1719 3913 vobis
1769 3860 1989 3913 veniant

425 3938 608 4011 fruges
637 3941 884 4010 justitize.
931 3964 949 3997 ι
988 3943 1149 4000 Omni
1181 3961 1313 4001 cura
1343 3946 1397 3999 id
1426 3948 1650 4018 satagite
1699 3950 1844 4017 quod
1880 3948 1989 4005 Deo

424 4033 625 4103 placet,
658 4046 714 4090 ut
743 4038 902 4094 vobis
940 4039 1210 4109 justitiam
1244 4040 1446 4095 lucrari
1476 4041 1775 4111 contingat.
1825 4060 1843 4092 ι
1878 4042 1990 4098 Cur

424 4123 822 4184 dissimulastis
872 4129 1227 4199 impietatem,
1263 4136 1316 4184 et
1362 4129 1598 4184 fructum
1645 4131 1764 4200 ejus
1800 4132 1990 4187 vinde-

426 4218 661 4286 miastis,
708 4220 954 4275 fallacem
1004 4221 1237 4276 fructum
1287 4222 1642 4276 eninedistis?
1676 4242 1695 4275 ι
1751 4223 1989 4281 Desinite

424 4304 608 4369 facere
661 4314 845 4383 qualia
893 4314 1022 4368 olim
1070 4314 1283 4384 egistis,
1319 4314 1725 4371 dissimulantes
1759 4318 1991 4371 reticen-

426 4415 616 4476 tesque
643 4406 696 4460 in
738 4414 888 4459 tanta
920 4420 1041 4474 qua:
1078 4404 1240 4459 ﬁebat
1291 4404 1585 4474 impietate,
1630 4422 1753 4461 cum
1797 4419 1985 4464 contra

428 4498 478 4551 ei
513 4496 861 4551 irascendum
912 4495 1126 4559 fuisset,
1176 4512 1243 4549 ex
1290 4511 1395 4562 qua
1428 4495 1661 4551 fructum
1711 4515 1896 4555 errore
1925 4516 1988 4555 ac

2086 3324 2204 3375 νην,
2239 3306 2333 3359 καὶ
2354 3305 2602 3376 θερίσατε
2634 3307 2714 3368 είς
2746 3304 2955 3375 καρπὸν
2980 3303 3143 3372 ζωῆς.
3180 3322 3199 3356 ι
3233 3304 3504 3375 Πράττετε
3529 3305 3645 3357 τοί-

2086 3414 2181 3451 νυν
2208 3398 2244 3451 ἃ
2276 3397 2453 3467 πάσης
2473 3395 2816 3467 δικαιοσύνης
2841 3397 2985 3448 ἐστὶν
3009 3395 3142 3466 ἔργα
3160 3410 3174 3424 ⁸
3206 3398 3280 3465 (p.
3318 3396 3403 3462 78)
3441 3398 3505 3448 ἐκ
3533 3396 3646 3466 γὰρ

2086 3488 2193 3540 τῶν
2220 3485 2472 3541 τοιούτων
2506 3485 2832 3556 σπερμάτων
2876 3484 3049 3539 ἔνεστι
3094 3486 3236 3555 ζωῆς
3271 3484 3478 3554 θερίσαι
3510 3502 3647 3555 καρ-

2088 3578 2207 3631 πόν.
2244 3597 2262 3628 ι
2302 3577 2572 3630 Φωτίσατε
2606 3578 2818 3639 ἑαυτοῖς
2846 3575 2960 3644 φῶς
2990 3576 3261 3644 γνώσεως.
3301 3596 3320 3628 ι
3355 3577 3496 3639 Ἕως
3527 3576 3649 3629 ἔστι

2088 3670 2297 3740 καιρὸς,
2329 3670 2426 3740 τῆς
2451 3668 2706 3738 ἀληθείας
2739 3667 3023 3738 μετέλθετε
3046 3668 3142 3739 τὴν
3170 3668 3390 3736 γνῶσιν,
3416 3670 3518 3739 πρὸ
3546 3668 3646 3720 τοῦ

2087 3761 2276 3833 καιροῦ
2315 3761 2412 3831 τῆς
2437 3761 2727 3831 τιμωρίας,
2766 3761 2825 3812 ἐν
2858 3761 2966 3831 ὅσῳ
2994 3759 3212 3813 δυνατὸν
3247 3759 3649 3831 μεταμεληθέν-

2086 3872 2206 3919 τας,
2242 3854 2497 3924 κερδᾶναι
2531 3853 2639 3904 τῶν
2673 3852 2858 3904 κακῶν
2896 3852 2993 3922 τὴν
3035 3854 3247 3922 πεῖραν.
3300 3869 3319 3904 t
3382 3851 3647 3921 Ἐκζητή-

2089 3965 2215 4000 σατε
2242 3948 2331 3999 τὸν
2375 3946 2576 4017 Κύριον
2616 3944 2721 4007 ἕως
2751 3943 2843 3996 τοῦ
2879 3942 3049 3997 ἐλθεῖν
3074 3945 3199 4014 ύμῖν
3227 3943 3540 4013 γεννήματα
3565 3943 3648 3996 δι-

2086 4037 2396 4107 καιοσύνης.
2435 4055 2454 4088 ι
2484 4035 2739 4107 Φροντίδα
2764 4036 2942 4088 πᾶσαν
2968 4034 3264 4104 ποιήσασθε
3289 4034 3395 4087 τῶν
3421 4033 3499 4103 τῷ
3524 4034 3653 4104 Θεῷ

2086 4128 2404 4193 δοκούντων,
2451 4127 2526 4190 ὡς
2568 4127 2635 4180 ἂν
2677 4126 3028 4200 προσγένοιτο
3075 4126 3203 4195 ὑμῖν
3245 4125 3646 4196 καρπώσασθαι

2086 4221 2183 4291 τὴν
2209 4219 2572 4288 δικαιοσύνην.
2601 4237 2619 4270 t
2656 4218 2775 4272 Ἵνα
2802 4217 2854 4270 τί
2883 4218 3338 4288 παρεσιωπήσατε
3365 4218 3641 4280 ἀσέϐειαν,

2087 4314 2181 4366 καὶ
2212 4312 2300 4368 τὸν
2331 4311 2541 4382 καρπὸν
2579 4310 2746 4380 αὐτῆς
2776 4310 3132 4380 ἐτρυγήσατε,
3168 4309 3396 4378 ἐφάγετε
3431 4310 3648 4378 καρπὸν

2085 4404 2286 4475 ψευδῆ;
2325 4423 2343 4456 ι
2380 4402 2666 4456 Παύσασθε
2695 4401 2758 4472 δὴ
2782 4401 2874 4454 τοῦ
2910 4400 3132 4454 τοιαῦτα
3160 4404 3330 4455 ποιεῖν
3349 4418 3362 4433 ⁸
3398 4403 3554 4455 ὁποῖα
3578 4402 3647 4472 δὴ

2087 4498 2148 4550 τὸ
2187 4497 2449 4568 πρότερον
2479 4498 2730 4555 ἐποιεῖτε,
2764 4495 3256 4565 παραπεμπόμενοί
3299 4512 3358 4547 τε
3386 4496 3479 4548 καὶ
3512 4496 3645 4564 ἡσυ-

426 4600 754 4642 nocnmento
798 4588 1016 4656 plenum
1058 4588 1365 4657 carpsistis.
1414 4609 1432 4639 ι
1468 4588 1605 4655 Quia
1649 4593 1882 4659 sperasti
1926 4596 1982 4649 in

2086 4588 2338 4659 χάζοντες
2365 4589 2465 4640 ἐπὶ
2482 4585 2703 4655 ἀσεϐείᾳ
2747 4586 3043 4659 γιγνομένῃ
3070 4587 3323 4657 τοσαύτῃ,
3349 4586 3465 4639 δέον
3503 4587 3645 4654 ἀγα-

426 4680 683 4734 curribus
717 4681 851 4743 tuis,
880 4679 933 4731 in
967 4680 1306 4734 exercituum
1340 4691 1556 4735 tuorum
1589 4684 1978 4753 multitudine;

426 4785 555 4825 ecce
588 4771 794 4825 orietur
840 4770 1072 4839 perditio
1104 4774 1304 4841 popqu
1334 4781 1445 4834 tuo.
1480 4782 1535 4828 et
1575 4790 1764 4831 omnes
1796 4779 1978 4831 muni-

426 4862 603 4917 tiones
636 4870 740 4914 tua:
782 4861 1148 4915 destruentur.
1197 4879 1215 4912 ι
1252 4858 1329 4913 Tu
1361 4864 1576 4931 quidem
1625 4865 1979 4921 existimabas

533 5022 579 5053 ³ο
612 5019 755 5075 Psal.
789 5036 954 5087 xxvn,
988 5022 1040 5076 1.
1116 5019 1183 5052 ³⁰⁶
1212 5024 1351 5080 Psal.
1381 5040 1573 5091 Lxxvn,
1610 5025 1699 5082 76.

496 5176 609 5248 (10)
643 5175 1148 5249 Animadvertamus
1197 5168 1529 5249 praeclaram
1554 5169 1841 5249 lectionem
1879 5172 1979 5243 ἆρ-

430 5240 868 5320 μα’σι,ἐιινι·ίί›αε,
901 5259 1064 5320 quam
1090 5257 1278 5312 reapse
1310 5240 1537 5320 requirit
1568 5242 1823 5320 versiculi
1856 5240 1985 5320 con-

427 5309 609 5374 textus
655 5323 709 5370 et
756 5329 873 5369 mos
919 5309 1159 5368 biblicus
1186 5309 1543 5381 'geminamli
1571 5310 1893 5365 sententiam
1928 5313 1981 5366 in

426 5384 811 5443 bemistichiis.
870 5379 1237 5437 Confirmatur
1264 5381 1379 5436 haec
1424 5379 1584 5436 lectio
1638 5381 1876 5433 curribus
1915 5384 1983 5435 ali

428 5458 665 5512 Arabico
710 5456 1009 5523 interprete
1040 5451 1465 5523 iniPolyglottis,
1502 5465 1712 5523 necnon
1756 5450 1847 5523 ab
1876 5450 1982 5504 Ita-

429 5529 537 5582 lica
565 5539 768 5589 vetere,
793 5519 914 5579 eta.
940 5521 1032 5577 Gr.
1055 5522 1206 5575 Alex.
1229 5519 1285 5576 et
1298 5521 1533 5589 Barber.
1567 5520 1708 5589 apud
1761 5519 1982 5575 Sabate-

436 5598 602 5651 rium.
635 5599 888 5651 Attamen
927 5594 1043 5663 ipse
1072 5591 1240 5645 codex
1260 5592 1472 5663 celeber
1494 5588 1615 5663 Yat.
1658 5590 1812 5653 1209,
1856 5606 1978 5663 cum

433 5667 556 5734 ejus
579 5664 819 5721 Romana
839 5660 1096 5725 editione,
1116 5670 1168 5714 et
1182 5662 1456 5734 communi
1488 5660 1675 5715 Graeco
1699 5668 1864 5734 textu,
1893 5662 1983 5714 lia-

440 5732 569 5793 bent
600 5736 977 5807 ἁμαρτήμασι,
996 5732 1242 5801 peccatis.
1268 5732 1491 5786 Veteres
1508 5738 1687 5786 autem
1708 5733 1984 5786 versioncs

2085 4682 2301 4734 νακτεῖν
2326 4680 2412 4732 ἐπ’
2440 4678 2598 4748 αὐτῇ,
2620 4672 2686 4749 ἦς
2714 4678 2803 4731 τὸν
2832 4679 3041 4748 καρπὸν
3071 4678 3399 4748 ἐκομίσασθε
3428 4677 3644 4746 ἀπάτης

2085 4773 2175 4825 καὶ
2199 4771 2399 4841 βλάϐης
2417 4769 2629 4840 μεστόν.
2654 4788 2671 4820 ι
2697 4770 2821 4821 Ὅτι
2847 4769 3078 4839 ἡλπισας
3101 4770 3158 4822 ἐν
3176 4771 3287 4831 τοῖς
3307 4768 3514 4840 ἆρμασί
3529 4769 3643 4839 (10)

2086 4881 2197 4931 σου,
2244 4865 2301 4916 ἐν
2341 4861 2531 4933 πλήθει
2563 4860 2843 4931 δυνάμεων
2896 4878 2987 4915 σου
3012 4878 3025 4891 ·
3077 4861 3172 4915 καὶ
3219 4859 3638 4932 ἐξαναστήσεται

2080 5183 2239 5242 atque
2279 5175 2396 5246 ipse
2433 5174 2737 5231 Hebraicus
2776 5184 2980 5238 textus,
3019 5177 3143 5246 plus
3166 5177 3347 5231 minus
3380 5177 3446 5231 ad
3491 5178 3640 5234 ϐιαιο

2080 5262 2198 5299 eam
2233 5260 2575 5301 communem
2609 5247 2893 5301 lectionem
2932 5248 3219 5301 accedunt.
3252 5247 3356 5303 Sed
3395 5256 3449 5303 et
3475 5251 3639 5304 aliam

2079 5317 2395 5387 varietatem
2435 5332 2542 5370 non
2583 5317 2949 5371 reticebimus.
2983 5317 3149 5387 Retro
3198 5318 3341 5370 enim
3384 5334 3436 5387 p.
3469 5320 3556 5381 44,
3582 5337 3637 5374 v.

2080 5385 2253 5457 ult.iti
2286 5394 2435 5457 textu
2458 5387 2678 5457 ibiblico
2708 5386 3089 5457 οταιίσκοπόν,
3153 5396 3311 5455 prout
3364 5385 3521 5457 vulgo
3582 5391 3639 5444 in

2079 5455 2407 5510 editionibus
2444 5456 2684 5520 Graecis;
2724 5466 2779 5508 at
2810 5456 3221 5525 Mopsuestenus
3256 5457 3310 5510 in
3360 5455 3640 5511 commen-

2080 5525 2219 5596 tario
2264 5526 2674 5581 demonstrabat
2713 5540 2773 5579 se
2802 5526 3001 5596 legisse
3046 5526 3207 5580 σῦκον
3243 5527 3420 5596 ﬁcum.
3473 5544 3645 5596 quam,

2087 5595 2423 5666 verissimam
2453 5594 2813 5666 Mopsuesteni
2837 5594 3122 5666 lectionem
3155 5594 3475 5652 conﬁrmant
3494 5594 3639 5651 Vltala

2092 5662 2223 5745 Lata
2247 5674 2367 5745 vel:
2384 5662 2561 5745 ﬁcum,
2596 5666 2809 5745 vulgata
2835 5664 2954 5745 Lat.
2985 5668 3156 5733 prima
3184 5682 3337 5745 poma
3378 5668 3643 5735 ﬁculnea},

2097 5742 2149 5787 et
2182 5736 2262 5791 sic
2281 5736 2583 5791 Orientales
2604 5735 2876 5790 variarum
2895 5735 3197 5806 linguarum
3228 5744 3425 5791 textus.
