3966 6222
262 325 363 382 189
1269 320 1812 381 COMMENTARIUS
1844 321 1911 376 IN
1948 322 2149 380 OSE/E
2189 324 2338 381 CAP.
2378 323 2467 378 XI.
3286 348 3292 354 -
3367 316 3477 369 190

263 442 501 498 ἀπώλεια
530 444 586 496 ὲν
618 442 696 513 τῷ
715 441 831 513 λαῷ
864 460 979 507 σου,
1015 443 1107 497 καὶ
1128 441 1305 496 πάντα
1334 442 1404 494 τὰ
1431 441 1806 511 τετειχισμένα
1836 492 1841 505 γ

1942 442 2151 498 uﬂicere
2198 442 2294 497 tibi
2343 442 2489 495 vires
2538 447 2659 494 tuas
2719 438 2784 491 ad
2842 434 3035 490 hostile
3085 433 3319 495 bellum;
3373 431 3469 485 sed

264 551 355 586 σου
403 533 845 603 ἀφανισθήσεται.
887 554 907 586 ι
958 535 1030 587 Σὺ
1064 534 1161 604 μὲν
1188 533 1297 603 γὰρ
1330 532 1436 603 ᾤου
1470 533 1567 603 τὴν
1595 532 1823 601 δύναμιν

1942 537 2101 589 nnnia
2134 543 2321 589 contra
2346 540 2663 593 evenerunt,
2697 530 2824 599 quia
2868 528 3125 598 populum
3156 524 3469 577 universum

266 626 457 695 ἀρκεῖν
502 641 582 677 σοι
610 626 711 693 τὴν
757 624 963 677 οἰκείαν
991 626 1070 687 εἰς
1098 624 1190 678 τὸν
1234 624 1373 677 κατὰ
1416 624 1523 677 τῶν
1573 623 1823 676 ἐναντίων

1942 628 2190 696 :orripuit
2254 626 2554 695 pernicies;
2602 625 2656 677 in
2703 632 2913 676 tantum
2959 629 3015 672 ιιι
3060 625 3265 671 cuncta:
3310 616 3469 668 etiam

270 716 500 785 πόλεμον
523 732 537 746 ·
579 716 715 786 πρὸς
750 716 1059 768 τούναντίον
1090 715 1147 767 δὲ
1178 715 1354 769 πάντα
1382 715 1696 784 ἐκϐέϐηκεν,
1725 716 1826 766 ἁπ-

269 804 459 866 ωλείας
490 802 821 873 κατεχούσης
849 804 1027 856 πάντα
1054 803 1144 855 τὸν
1168 803 1315 869 λαὸν,
1338 804 1413 866 ὡς
1430 803 1639 865 καὶτὰς
1659 819 1827 855 τετει-

272 896 532 964 χισμένας
582 894 968 964 καθαιρεθῆναι
1014 894 1216 957 πόλεις.
1254 914 1272 946 ι
1326 895 1515 959 Καθὼς
1558 896 1826 966 ἠφανίσθη

272 986 299 1037 ὁ
320 986 502 1055 ἅρχων
531 986 783 1054 Σαλμανὰ
807 986 865 1036 ὲν
889 985 965 1056 τῷ
984 985 1116 1055 οἴκῳ
1143 985 1235 1038 τοῦ
1270 985 1496 1056 Ἀρϐεὴλ
1519 989 1576 1038 ἐν
1596 986 1827 1056 ἡμέραις

277 1076 509 1144 πολέμου
527 1093 540 1104 ·
582 1081 656 1145 (p.
700 1077 788 1145 79)
825 1077 1034 1148 μητέρα
1060 1076 1153 1128 ἐπὶ
1182 1077 1390 1140 τέκνοις
1416 1078 1681 1147 ὴδάφισαν
1700 1095 1713 1107 ’
1739 1077 1829 1130 οὑ-

276 1183 381 1228 τως
412 1168 618 1235 ποιήσω
648 1167 797 1236 ὑμῖν,
830 1162 973 1228 οἶκος
1004 1165 1237 1237 Ἰσραὴλ,
1263 1167 1372 1219 ἀπὸ
1405 1166 1697 1238 προσώπου
1731 1167 1831 1231 τῆς

279 1258 478 1319 κακίας
499 1257 665 1327 ὑμῶν.
702 1277 720 1308 ι
759 1258 970 1311 ὐποῖον
996 1257 1102 1327 γὰρ
1124 1258 1189 1328 δὴ
1213 1259 1334 1311 τότε
1366 1258 1663 1329 ὑπέμειναν
1690 1261 1829 1326 ἀφα-

279 1345 471 1413 νισμὸν
506 1347 721 1407 ἐκείνοι,
770 1344 1068 1415 βαρυτάτου
1102 1346 1199 1415 μὲν
1239 1347 1436 1410 αὑτοὺς
1490 1348 1607 1419 (sic)
1639 1349 1830 1417 ἀφανι-

281 1434 419 1504 σμοῦ
463 1437 744 1503 γεγονότος
774 1438 870 1489 καὶ
914 1436 1008 1489 τοῦ
1045 1437 1305 1507 πολέμου,
1344 1438 1738 1509 ἀναιρεθέντων
1777 1438 1834 1492 δὲ

279 1528 372 1579 σὺν
399 1530 513 1589 τοῖς
542 1528 753 1591 τέκνοις
787 1529 895 1581 τῶν
938 1530 1330 1601 γεννησάντων·
1362 1529 1597 1583 τοιοῦτον
1627 1532 1832 1601 ὑπομε-

277 1621 415 1671 νεῖτε
462 1621 555 1672 καὶ
603 1619 699 1672 νῦν
736 1620 892 1689 ὑμεῖς
919 1621 968 1673 οί
998 1621 1092 1673 τοῦ
1153 1621 1388 1691 Ἰσραὴλ,
1437 1621 1696 1689 ἀνάλογον
1738 1623 1834 1692 τῆς

280 1711 475 1773 κακίας
507 1711 661 1780 ὑμῶν
697 1710 975 1781 δεχόμενοι
998 1712 1269 1782 τιμωρίαν
1288 1729 1302 1743 ο
1334 1713 1478 1766 ἔοικε
1500 1713 1557 1765 δέ
1576 1729 1631 1765 τι
1658 1713 1834 1781 λέγειν

1924 720 2148 772 munita:
2175 719 2420 772 civitates
2460 718 2569 772 sint
2603 716 2809 769 deletze.
2864 731 2882 762 ι
2924 711 3075 765 Sicut
3103 716 3346 762 vastatus
3377 705 3474 758 fuit

1927 809 2181 864 Salmana
2225 811 2276 862 in
2329 810 2489 862 domo
2538 806 2753 860 Arbelis
2798 804 2921 858 belli
2984 809 3245 869 tempore,
3308 806 3477 850 matre

1928 901 2253 971 super.lilios
2284 903 2473 954 allisa:
2500 898 2579 952 sic
2609 897 2800 950 faciam
2826 895 2998 951 vobis.
3028 892 3220 945 domus
3242 888 3475 947 Israelis.

1928 1009 1958 1048 a
1997 1002 2291 1062 conspectu
2323 992 2541 1044 malitia:
2572 998 2782 1043 vestrae.
2828 1007 2845 1037 ι
2882 986 3051 1051 Quale
3082 992 3210 1036 tunc
3244 980 3454 1050 pertule

1926 1097 2053 1139 runt
2083 1085 2158 1137 illi
2219 1083 2511 1145 excidium,
2575 1080 2724 1150 gravi
2791 1079 2928 1130 facta
2985 1075 3139 1128 ruina
3189 1088 3252 1125 ac
3302 1072 3475 1129 bello,

1929 1175 2227 1231 interfectis
2249 1191 2355 1228 una
2386 1189 2509 1227 cum
2546 1172 2732 1225 liberis
2768 1168 3137 1238 genitoribus,
3181 1164 3288 1218 tale
3335 1176 3479 1214 nunc

1928 1283 2144 1336 quoque
2168 1282 2315 1320 nunc
2333 1262 2710 1334 experiemini,
2739 1276 2770 1314 ο
2800 1260 2891 1313 lilii
2922 1257 3155 1319 lsraelis,
3182 1268 3476 1323 congruum

1930 1358 2150 1412 malitiae
2181 1363 2377 1410 vestra:
2412 1356 2619 1408 luentes
2663 1351 3010 1420 supplicium.
3043 1344 3270 1399 Videtur
3300 1350 3479 1393 autem

1929 1446 2112 1500 dicere
2163 1446 2429 1514 insignem
2478 1444 2716 1512 aliquam
2752 1439 3012 1495 saevitiam
3052 1452 3147 1505 per
3185 1432 3311 1486 illud
3346 1441 3484 1485 tem-

1931 1553 2033 1607 pus
2054 1539 2121 1591 ab
2151 1538 2257 1591 illis
2286 1547 2484 1597 actam,
2517 1535 2583 1588 de
2614 1548 2717 1602 qua
2744 1531 2875 1600 ipsis
2902 1527 3139 1597 cognita,
3172 1534 3230 1578 ut
3256 1522 3480 1577 creden-

1932 1628 2059 1682 dum
2098 1636 2202 1690 est,
2244 1628 2369 1681 facit
2396 1626 2722 1680 mentionem
2748 1639 2763 1675 :
2792 1635 2982 1689 nempe
3015 1618 3225 1679 dicens,
3255 1613 3480 1680 Qualem

1934 1727 2065 1771 tunc
2093 1719 2447 1789 perpetrastis
2477 1729 2743 1771 summam
2787 1712 3104 1781 nequitiam,
3139 1710 3299 1761 talem
3344 1719 3489 1759 nunc

283 1801 417 1871 μετά
447 1802 647 1865 πολλῆς
667 1802 946 1871 ὠμότητος
965 1803 1095 1873 παρ’
1126 1803 1305 1856 αὑτῶν
1331 1803 1554 1871 γεγονὸς
1586 1802 1725 1856 κατά
1743 1804 1835 1857 τὸν

1942 1786 2206 1863 ultionem
2227 1809 2420 1862 merito
2453 1803 2756 1876 patiemini.

279 1892 467 1962 καιρὸν
498 1894 735 1945 ἐκεῖνον·
761 1886 823 1945 οὑ
850 1892 1123 1962 γνωρίμου
1150 1892 1503 1963 τυγχάνοντος
1531 1894 1714 1955 αὑτοῖς
1744 1893 1821 1955 ὡς
1859 1895 2005 1959 εἰκὸς
2048 1898 2342 1970 ἐποιήσατο
2394 1898 2642 1968 μνήμηνο
2672 1894 2753 1947 ὃτι
2782 1885 2883 1946 Οἷα
2904 1888 2967 1961 δὴ
3011 1889 3343 1959 πεποιήκατε
3369 1884 3491 1937 τότε

277 1981 340 2036 δι’
370 1980 813 2052 ὑπερϐάλλουσαν
845 1981 1062 2043 κακίαν,
1089 1981 1313 2037 τοιαῦτα
1344 1982 1597 2037 πείσεσθε
1624 1984 1720 2035 νῦν
1752 1983 1911 2054 ὑμεῖς
1933 1986 2178 2051 δικαίως.

898 2072 1053 2125 ΚΕΦ.
1107 2072 1211 2124 lA'.

343 2165 496 2234 Στίχ.
524 2164 667 2217 cal—5'.
683 2192 754 2203 —-
776 2182 792 2214 ι
809 2163 1040 2235 Ὄρθρου
1072 2162 1471 2235 ἀπερρίφησαν.
1496 2181 1514 2214 ι
1535 2163 1691 2217 Μετά
1712 2162 1841 2216 πολ-

278 2255 371 2325 λῆς
395 2255 685 2309 πεσοῦνται
715 2257 810 2325 τῆς
830 2256 1145 2326 ταχύτητος.
1172 2275 1191 2308 ι
1224 2257 1309 2319 Ὦς
1331 2256 1522 2329 ὄρθρος
1541 2256 1650 2327 (Η)
1667 2258 1839 2328 ἀπερ-

282 2348 409 2418 ρίφη
444 2345 699 2415 βασιλεὺς
744 2346 977 2417 Ἰσραήλ.
1008 2366 1027 2397 ι
1062 2348 1225 2417 Δίκην
1252 2347 1448 2417 ὄρθρου
1496 2347 1630 2418 πρὸς
1664 2347 1840 2416 ὀλίγον

284 2436 555 2504 φανέντος,
586 2429 707 2488 εἶτα
726 2436 1082 2506 παυσομένου,
1113 2439 1140 2489 ὁ
1177 2436 1427 2507 βασιλεὺς
1449 2437 1628 2490 αὑτῶν
1657 2439 1840 2491 πεσεῖ-

280 2541 386 2577 ται.
418 2523 497 2595 (ρ.
521 2524 612 2593 80)
645 2542 663 2575 ι
695 2526 837 2577 Διότι
867 2527 1056 2595 νήπιος
1083 2526 1313 2596 Ἰσραὴλ,
1333 2529 1426 2579 καὶ⁵
1450 2526 1559 2595 ἐγὼ
1584 2527 1840 2597 ἠγάπησα

280 2618 439 2672 αὑτόν
459 2630 474 2643 ⁸
505 2616 600 2669 καὶ
649 2616 708 2679 ἐξ
754 2616 1029 2684 Αἰγύπτου
1068 2618 1398 2688 μετεκάλεσα
1431 2618 1645 2681 αὑτοὺς,
1669 2616 1841 2681 οὑτως

282 2707 481 2778 ᾤχοντο
508 2708 615 2761 ἀπὸ
644 2708 931 2779 προσώπου
966 2726 1066 2778 μου
1087 2727 1101 2741 ·
1136 2711 1289 2763 αὑτοὶ
1319 2712 1428 2772 τοῖς
1458 2710 1664 2780 Βααλὶμ
1690 2706 1841 2763 ἔθυον

284 2802 506 2860 καὶτοῖς
526 2800 781 2866 γλυπτοῖς
803 2800 1089 2870 ἐθυμίων.»
1109 2802 1317 2872 Νήπιον
1345 2802 1499 2855 καλεῖ
1525 2801 1614 2854 τὸν
1629 2800 1842 2871 Ἰσραὴλ

282 2892 388 2945 ἀπὸ
410 2892 507 2944 τοῦ
538 2893 676 2945 κατὰ
691 2895 787 2963 τὴν
816 2895 1087 2960 Αἴγυπτον
1108 2893 1321 2964 καιροῦ,
1344 2894 1575 2965 ὁπηνίκα
1597 2893 1843 2945 συνεστά-

280 3002 365 3037 ναι
404 3002 465 3037 τε
518 2986 613 3037 καὶ
655 2985 753 3053 τῆς
790 2986 1104 3054 ἐπιμελείας
1167 2981 1367 3056 ἧρξατο
1406 2985 1693 3055 τυγχάνειν
1746 2984 1842 3054 τῆς

280 3077 451 3140 Θείας.
492 3076 635 3145 Ἐγὼ
658 3075 756 3144 μὲν
782 3076 910 3146 γάρ,
954 3076 1133 3145 φησὶν,
1166 3075 1292 3129 εὐθὺ
1324 3076 1416 3129 καὶ
1454 3073 1592 3127 κατά
1622 3072 1842 3144 πρώτας

281 3176 406 3239 αρτι
429 3166 784 3219 συνίστασθαι
813 3166 1131 3236 ἀρξαμένων
1151 3166 1349 3236 πολλὴν
1372 3165 1713 3236 ἐποιησάμην
1745 3163 1842 3233 τὴν

281 3259 563 3328 πρόνοιαν,
598 3257 738 3310 ὥστε
762 3257 959 3317 αὑτοὺς
984 3258 1077 3309 καὶ
1109 3259 1376 3316 ὲκσπᾶααι
1403 3260 1501 3328 τῆς
1529 3254 1803 3324 Αἰγύπτου
1824 3273 1838 3289 ο

2570 2072 2721 2127 CAP.
2762 2071 2855 2126 XI.

2008 2168 2173 2222 Vens.
2217 2165 2503 2235 1-4.—52
2556 2184 2574 2215 ι
2612 2164 2769 2217 Mane
2820 2161 3013 2231 abjecti
3065 2169 3211 2214 sunt.
3256 2176 3274 2209 ι
3328 2154 3496 2209 Valde

1937 2262 2192 2316 velociter
2239 2260 2451 2315 cadent.
2508 2277 2525 2309 ι
2559 2257 2668 2312 Ceu
2720 2256 3045 2309 matutinum
3086 2262 3300 2319 tempus
3347 2248 3496 2317 abje-

1938 2363 2059 2408 ctus
2088 2353 2187 2407 fuit
2211 2368 2300 2406 rex
2329 2351 2564 2406 lsraelis.
2600 2369 2617 2401 ι
2652 2347 2811 2403 Velut
2837 2362 2998 2400 mane
3023 2344 3172 2398 brevi
3202 2356 3491 2411 apparens.

1938 2451 1993 2498 et
2021 2459 2143 2497 mox
2166 2442 2442 2501 desinens,
2473 2441 2545 2493 ita
2582 2454 2676 2492 rex
2706 2451 2892 2491 eorum
2928 2435 3102 2487 cadet.
3141 2451 3159 2482 ι
3196 2432 3331 2496 Quia
3363 2445 3496 2499 puer

1939 2535 2124 2595 Israel.
2178 2542 2231 2589 et
2273 2548 2370 2603 ego
2414 2532 2576 2585 dilexi
2625 2545 2770 2585 eum.
2820 2526 2891 2580 Et
2921 2542 2986 2581 ex
3033 2525 3264 2594 Aigypto
3307 2522 3493 2574 vocavi

1943 2644 2059 2691 eos,
2087 2628 2167 2682 sic
2191 2626 2440 2680 abierunt
2476 2639 2506 2678 a
2534 2622 2671 2676 facie
2699 2636 2851 2675 mea:
2884 2617 2985 2689 ipsi
3016 2616 3219 2669 Baalim
3250 2614 3497 2666 immolav

1940 2722 2090 2784 bant,
2124 2728 2179 2773 et
2208 2717 2551 2787 sculptilibus
2589 2715 2896 2770 adolebant.
2934 2731 2954 2765 ι
2995 2712 3224 2763 Puerum
3262 2706 3497 2774 appellat

1942 2811 2214 2868 lsraelem.
2256 2825 2286 2862 a
2334 2819 2571 2875 tempore
2599 2820 2708 2874 quo
2748 2803 2848 2857 fuit
2890 2802 2945 2854 in
2980 2802 3233 2868 Aﬂgypto,
3265 2811 3387 2849 cum
3442 2795 3496 2848 in

1941 2901 2195 2971 populum
2220 2912 2532 2953 excrescere
2554 2895 2734 2963 cmpit,
2764 2899 2818 2947 et
2837 2906 2968 2947 cura
2996 2890 3177 2944 divina
3211 2887 3336 2941 frui.
3364 2884 3494 2954 Ego,

1943 2993 2140 3061 inquit,
2166 2991 2349 3046 statim
2374 2998 2427 3043 et
2449 3000 2577 3042 tunc
2604 2987 2839 3057 primum
2867 2983 3182 3054 incipientis
3200 2979 3500 3034 consistere

1943 3085 2165 3137 multam
2205 3082 2347 3151 gessi
2384 3079 2800 3150 providentiam,
2854 3076 2929 3129 ita
2972 3085 3029 3129 ut
3065 3072 3225 3128 etiam
3269 3068 3499 3139 Egypto

1941 3175 2302 3230 extraxerim:
2334 3173 2409 3227 illi
2439 3181 2617 3226 autem
2647 3169 2907 3239 aequalem
2947 3166 3118 3221 amori
3159 3179 3279 3218 meo
3306 3177 3369 3215 ac
3401 3175 3497 3229 pa-

1944 3265 2177 3319 trocinio
2207 3279 2361 3319 suam
2394 3270 2854 3333 exprompserunt
2896 3258 3217 3328 nequitiam,
3247 3252 3427 3309 statim
3470 3266 3499 3304 a

282 3352 334 3402 ot
361 3350 417 3403 δὲ
450 3349 713 3415 ἀνάλογον
737 3350 801 3417 τῇ
834 3348 961 3417 περ).
1004 3348 1199 3410 αὑτοὺς
1232 3347 1418 3419 ἀγάπῃ
1448 3364 1506 3398 τε
1536 3346 1628 3399 καὶ⁹
1658 3349 1841 3416 ἐπιμε-

1947 3372 2032 3411 me
2061 3354 2409 3416 discedendo,
2439 3363 2492 3409 et
2515 3354 2582 3407 ad
2616 3353 2803 3407 vitium
2834 3349 3177 3409 declinando,
3219 3355 3502 3413 totumque

283 3444 405 3514 λεία
430 3444 532 3514 τὴν
566 3441 771 3496 ἑαυτῶν
803 3434 1141 3504 ἐπεδείξαντο
1163 3440 1555 3507 κακίαν,εὑθὺς
1586 3440 1849 3493 ἀποστάν-

283 3552 379 3597 τες
428 3534 589 3605 ἐμοῦ,
634 3533 729 3587 καὶ
755 3533 1051 3603 τραπέντες
1086 3533 1178 3585 ἐπὶ
1210 3532 1271 3584 τὸ
1306 3534 1504 3602 χεῖρον,
1537 3532 1630 3584 καὶ
1659 3531 1721 3601 δὴ
1755 3533 1847 3585 καὶ

283 3628 402 3689 τοῖς
432 3626 672 3688 εἰδώλοις
702 3624 917 3679 ἅπασαν
947 3623 1045 3694 τὴν
1074 3624 1196 3694 ἐμοὶ
1223 3624 1602 3695 προσήκουσαν
1633 3623 1845 3694 νείμαν-

284 3733 378 3778 τες
413 3716 674 3784 σπουδήν.
725 3732 744 3765 ι
782 3715 891 3767 Καὶ
919 3712 1029 3781 ἐγὼ
1055 3714 1374 3767 συνεπόδισα
1407 3714 1494 3767 τὸν
1534 3713 1787 3784 Ἐφραϊμ.
1822 3733 1843 3767 ι

285 3809 483 3864 Καίτοι
503 3824 567 3877 γε
592 3806 1020 3876 διεσπαρμένους
1048 3805 1151 3858 ὑπὸ
1170 3805 1277 3859 τῶν
1299 3804 1479 3859 κακῶν
1502 3806 1640 3858 κατὰ
1654 3806 1748 3877 τὴν
1764 3808 1848 3859 Αί-

285 3918 514 3969 γυπτον,
546 3897 659 3966 ἐγὼ
693 3898 781 3951 διὰ
810 3899 906 3967 τῆς
940 3895 1250 3967 ἐπιμελείας
1278 3896 1376 3967 τῆς
1399 3896 1538 3966 ἐμῆς
1560 3897 1639 3959 εἰς
1659 3896 1849 3949 ταὺτὺν

286 3994 612 4060 συνήγαγον.
626 4010 644 4041 ι
655 3989 764 4042 Καὶ
777 3988 1030 4042 ἀνέλαϐον
1042 3989 1201 4041 αὑτὸν
1216 3988 1306 4040 ἐπὶ
1318 3987 1406 4039 τὸν
1420 3986 1675 4058 βραχίονά
1690 4003 1809 4056 μου.
1823 4011 1842 4039 ο

286 4084 399 4137 Καὶ
416 4082 514 4151 τῆς
530 4080 844 4150 ἐπιμελείας
859 4080 1016 4133 αὑτὸν
1032 4078 1172 4132 κατὰ
1186 4077 1283 4150 τὴν
1298 4076 1519 4147 δύναμιν
1532 4076 1737 4147 ἠξίωσα
1752 4077 1849 4147 τὴν

289 4174 454 4243 ἐμήν.
494 4190 513 4222 ι
554 4171 663 4223 Καὶ
692 4170 789 4222 οὑκ
836 4168 1077 4235 ἔγνωσαν
1102 4168 1184 4221 ὄτι
1212 4167 1367 4236 ίαμαι
1402 4166 1614 4229 αύτούς.
1652 4185 1671 4217 ›
1709 4165 1849 4220 Οίδὲ

288 4263 590 4331 ὲπιγνῶναί
622 4279 687 4331 με
718 4261 808 4314 τὸν
831 4259 1094 4313 τοσούτων
1121 4259 1316 4321 αὐτοὺς
1341 4259 1719 4323 ἀπαλλάξαντα
1748 4276 1846 4313 κα-

290 4355 425 4420 κῶν,
474 4356 576 4408 οὑκ
628 4353 1009 4425 ἐϐουλήθησαν.
1059 4372 1078 4404 ι
1129 4353 1217 4405 Ἔν
1253 4352 1515 4424 διαφθορᾷ
1553 4352 1849 4423 ἀνθρώπων

292 4448 519 4501 εϊλκυσα
558 4447 771 4510 αὑτοὺς,
805 4447 862 4497 ὲν
904 4446 1118 4515 δεσμοῖς
1155 4443 1481 4512 ἀγαπήσεως
1520 4461 1641 4513 μου.
1676 4463 1694 4495 ι
1728 4444 1849 4497 Οὐδ’

292 4540 376 4592 ὃτι
402 4538 546 4592 κατὰ
568 4538 658 4590 τὸν
686 4536 846 4606 νόμον
876 4535 1173 4605 ἀνθρώπων
1211 4534 1607 4605 διαφθείρεσθαι
1643 4536 1852 4605 μέλλον-

293 4650 393 4696 τας
420 4632 701 4695 ὲξέσπασα
738 4629 942 4692 πάντας
976 4628 1187 4692 αὑτοὺς,
1211 4628 1530 4697 ἀπορρητως
1562 4630 1629 4699 τῇ
1663 4630 1849 4702 ἀγάπῃ

1950 3462 2130 3511 suum,
2166 3445 2308 3515 quod
2336 3446 2466 3499 mihi
2490 3444 2779 3507 debebant,
2815 3441 3053 3496 studium
3099 3438 3259 3492 idolis
3297 3437 3504 3503 impen-

1951 3539 2142 3608 pendo.
2175 3557 2193 3589 ι
2234 3537 2297 3591 Ει
2327 3552 2426 3608 ego
2465 3535 2713 3606 colligavi
2753 3534 3127 3603 Ephraimutn.
3159 3548 3176 3580 ι
3218 3527 3504 3596 Dispersos

1948 3632 2052 3686 sub
2070 3630 2324 3684 atrumnis
2354 3643 2449 3699 per
2477 3625 2791 3697 Egyptnm,
2826 3638 2925 3693 ego
2951 3638 3081 3677 cura
3107 3635 3224 3674 mea
3251 3620 3303 3672 in
3336 3633 3501 3671 unum

1947 3720 2292 3791 congregavi.
2322 3736 2340 3769 ι
2372 3716 2709 3785 Suscepique
2729 3729 2849 3767 eum
2873 3716 2926 3765 in
2954 3710 3237 3764 brachium
3264 3721 3499 3760 meum.»

1946 3811 2197 3880 Congrua
2226 3824 2356 3864 mea:
2380 3807 2631 3878 potentia:
2652 3804 2817 3860 tutela
2839 3803 3089 3872 dignatus
3103 3814 3243 3855 sum.
3272 3815 3290 3848 ι
3314 3796 3375 3849 Et
3397 3812 3503 3849 non

1947 3911 2313 3972 cognoverunt
2332 3898 2477 3967 quod
2495 3912 2742 3952 sanarem
2765 3911 2879 3950 eos.
2908 3913 2925 3945 ›
2946 3896 3013 3946 At
3034 3892 3132 3961 ipsi
3152 3907 3257 3955 me,
3281 3890 3373 3959 qui
3395 3897 3506 3940 tan-

1949 3995 2019 4049 tis
2041 4009 2133 4049 eos
2156 3992 2379 4047 liberavi
2402 3990 2578 4052 malis,
2601 4001 2896 4058 agnoscere
2915 3986 3228 4040 noluerunt.
3248 4001 3267 4033 ι
3299 3981 3353 4035 In
3384 3996 3505 4034 cor-

1948 4084 2155 4157 ruptela
2179 4084 2457 4139 hominum
2484 4082 2623 4136 traxi
2643 4096 2737 4136 eos
2758 4079 2988 4133 vinculis
3004 4076 3287 4132 charitatis
3308 4088 3456 4127 mete.
3480 4090 3501 4123 ι

1947 4179 2081 4234 Cum
2126 4178 2239 4248 lege
2275 4177 2551 4231 hominum
2600 4173 2824 4244 perituri
2868 4170 3121 4230 fuissent,
3153 4166 3324 4236 eripui
3358 4166 3505 4233 ipsos

1948 4282 2155 4330 omnes.
2187 4283 2385 4323 arcano
2408 4267 2566 4321 modo
2608 4267 2778 4319 amori
2800 4279 2916 4318 meo
2938 4262 3215 4329 copulatis.
3243 4275 3260 4307 ι
3294 4257 3507 4321 Eroque

1948 4360 2093 4413 velut
2140 4358 2427 4426 exalapans
2458 4356 2729 4411 hominem
2782 4353 2835 4405 in
2882 4349 3097 4404 maxilla
3140 4348 3280 4415 ejus.
3319 4364 3337 4396 ›
3372 4343 3503 4397 Tam

1949 4466 2138 4520 graves
2162 4450 2268 4503 illis
2298 4449 2565 4518 imponam
2591 4447 2773 4515 plagas
2806 4451 2858 4497 et
2886 4439 3269 4510 castigationes
3288 4445 3508 4507 propter

1950 4539 2086 4592 hanc
2106 4538 2562 4607 insaniam,quam
2588 4536 2871 4589 molestum
2885 4540 2968 4586 est
2991 4532 3226 4600 recipere
3242 4530 3294 4583 in
3316 4529 3506 4581 faciem

1952 4628 2182 4683 inflictas
2215 4628 2636 4683 verberationes.
2672 4644 2689 4675 (
2728 4624 3029 4692 Respieiam
3067 4622 3133 4674 ad
3166 4636 3312 4681 eum,
3346 4619 3505 4687 eique

298 4722 596 4791 συσφίγξας
619 4722 685 4789 τῇ
716 4720 846 4787 ἐμῇ,
873 4736 891 4767 ι
928 4718 1036 4770 Καὶ
1070 4716 1259 4786 ἔσομαι
1289 4716 1363 4779 ὡς
1389 4717 1629 4786 ῥαπίζων
1650 4718 1841 4789 ἄνθρω-

1960 4720 2164 4773 valebo.
2224 4740 2241 4770 ›
2279 4719 2472 4773 Totum
2514 4734 2598 4771 me
2638 4723 2947 4769 convertam
2985 4712 3050 4765 ad
3091 4711 3505 4781 castigationem

295 4831 396 4865 πον
450 4814 544 4865 ἐπὶ
587 4810 685 4881 τὴν
709 4809 929 4874 σιαγόνα
958 4806 1141 4861 αὑτοῦ.
1183 4826 1201 4859 ι
1229 4806 1383 4860 Οὕτω
1421 4807 1641 4876 βαρείας
1668 4809 1849 4873 αὐτοῖς

1953 4811 2094 4876 ejus,
2132 4818 2188 4862 ut
2237 4810 2315 4864 sic
2346 4818 2490 4863 certe
2536 4806 2901 4860 fortitudinem
2965 4817 3135 4856 meam
3191 4806 3506 4869 cognoscat.

298 4903 497 4955 ἐποίσω
538 4901 638 4963 τὰς
679 4899 888 4968 πληγάς
920 4898 1010 4950 καλ⁵
1050 4897 1148 4961 τὰς
1187 4897 1453 4967 τιμωρίας
1484 4898 1603 4950 ἀντὶ
1635 4900 1731 4969 τῆς
1758 4899 2063 4969 ἀφροσύνης
2101 4899 2318 4970 ταύτης,
2365 4899 2545 4969 ὥσπερ
2579 4894 2669 4951 οὖν
2711 4896 2845 4966 βαρὺ
2886 4893 3028 4947 κατὰ
3050 4889 3334 4960 προσώπου
3360 4887 3508 4955 δέχεοι

304 4995 422 5048 σθαι
457 4994 762 5065 φερομένας
809 4990 1040 5063 πληγάς.
1076 5008 1095 5041 ι
1147 4992 1538 5061 Ἐπιϐλέψομαι
1578 4992 1715 5063 πρὸς
1748 4993 1928 5058 αὑτὸν,
1965 4995 2056 5048 καὶ
2098 4995 2389 5066 δυνήσομαι
2430 4994 2593 5063 αὐτῷ.
2630 5013 2646 5045 ι
2690 4994 2764 5064 (p.
2792 4992 2878 5061 81)
2918 4986 3110 5059 Τρέψω
3140 4985 3246 5055 γὰρ
3276 4980 3504 5053 ἐμαυτὸν

305 5087 419 5138 ὅλον
446 5088 523 5148 εἰς
552 5084 826 5155 τιμωρίαν
870 5081 1055 5145 αὑτοῦ,
1087 5080 1172 5132 ἵνα
1203 5080 1376 5151 τούτῳ
1400 5082 1453 5149 γ’
1474 5076 1588 5148 οὖν,
1609 5082 1760 5152 γνοίη
1784 5082 1879 5153 τὴν
1908 5087 2057 5158 ίσχὺν
2088 5088 2184 5157 τὴν
2214 5086 2371 5156 ἐμήν.

374 5178 513 5247 Στίχ.
550 5177 685 5241 ιε’-ζ’.
733 5206 804 5218 -—-
830 5194 848 5226 ι
882 5173 1216 5244 Κατῴκησεν
1264 5172 1501 5245 Ἐφραῖμ
1542 5174 1849 5242 Αἴγυπτον·

310 5269 399 5320 καὶ
433 5269 659 5339 Ἀσσοῦρ
683 5267 842 5330 αὐτὸς
872 5266 1123 5335 βασιλεὺς
1159 5266 1343 5319 αὑτοῦ.
1386 5278 1405 5319 ι
1436 5266 1599 5318 Αὑτοὶ
1622 5267 1719 5336 μὲν
1748 5268 1855 5338 γὰρ

310 5358 529 5424 φυγάδες
590 5358 685 5409 ἐπὶ
718 5356 817 5424 τὴν
869 5356 1138 5422 Αἴγυπτον
1167 5355 1574 5419 ἀπελεύσονται,
1621 5354 1855 5425 οἰόμενοι

307 5448 410 5500 τῶν
458 5448 752 5518 Ἀσσυρίων
811 5446 1109 5517 κερδαίνειν
1140 5445 1236 5516 τὴν
1264 5438 1448 5514 ἔφοδον
1471 5462 1487 5479 ·
1521 5446 1768 5515 ὀνήσουσι
1799 5446 1855 5498 δὲ

2022 5179 2123 5249 53
2183 5177 2347 5233 Vens.
2407 5176 2527 5232 5-7.
2570 5206 2638 5215 ——
2682 5193 2701 5225 ι
2742 5172 3015 5227 Habitavit
3071 5167 3396 5237 Ephraimus
3452 5163 3506 5221 in

1952 5268 2205 5339 Egypto,
2235 5267 2490 5337 Assyrius
2520 5268 2635 5337 ipse
2670 5280 2764 5318 rex
2794 5263 2913 5332 ejus
2940 5260 3060 5315 fuit.
3097 5279 3114 5311 ι
3148 5259 3253 5329 Ipsi
3288 5257 3503 5328 quidem

1953 5359 2167 5428 profugi
2206 5356 2271 5410 ad
2308 5356 2599 5427 Egyptum
2644 5354 2818 5417 ibunt,
2856 5358 3110 5421 putantes
3153 5364 3211 5403 se
3256 5346 3507 5416 Assyrio-

1952 5460 2072 5497 rum
2105 5443 2468 5499 incursionem
2498 5444 2690 5506 vitare,
2728 5442 2820 5497 sed
2844 5441 3013 5495 hilum
3047 5454 3155 5492 non
3188 5435 3503 5506 proficient:

303 5542 448 5595 οὐδέν
470 5559 482 5571 ·
518 5541 707 5611 ἐπειδὴ
732 5540 872 5594 κατὰ
905 5539 967 5591 τὸ
1000 5540 1122 5608 ἐμοὶ
1157 5538 1345 5591 δοκοῦν
1382 5539 1835 5609 κατακρατήσουσ

1953 5537 2150 5592 etenim
2189 5552 2274 5591 me
2304 5537 2536 5603 volente,
2567 5534 2792 5591 omnino
2822 5533 2931 5589 illis
2966 5532 3243 5602 potientur
3270 5524 3503 5595 Assyrii.

361 5705 471 5773 (Η)
501 5704 670 5760 Deest
702 5704 753 5757 in
788 5702 974 5759 Bibliis
1029 5703 1103 5765 ὡς
1139 5702 1349 5775 ὄρθρος.
1400 5704 1651 5758 Attamen
1715 5710 1768 5758 et
1820 5703 2183 5774 interpunctio
2210 5702 2436 5766 codicis,
2480 5711 2531 5756 et
2579 5698 2999 5756 commentarius
3039 5696 3103 5752 ad
3154 5693 3321 5750 Biblia
3365 5688 3506 5745 refe-

292 5785 435 5829 ιἰιηι.
