3966 6222
449 248 540 304 t9l
592 322 599 331 .

1540 250 1888 307 TllEODORl
1926 208 2400 307 itorsuesreul

3562 246 3666 302 192

444 362 559 415 Cur
618 373 745 414 vero
800 361 1076 430 patientur
1141 362 1291 419 base?
1350 384 1368 414 ι
1400 364 1668 430 Quoniam
1718 365 2007 420 noluerunt

2136 364 2324 427 ιάντως
2351 362 2530 417 αὑτῶν
2581 362 2797 416 ἐκεῖνοι.
2830 361 3013 414 Ταῦτα
3043 358 3101 414 δὲ
3150 358 3423 413 πείσονται
3449 357 3539 411 διὰ
3566 358 3618 410 τί
3642 371 3661 424 ;

446 451 712 505 comerti.
754 471 774 504 ›
831 452 969 518 Quia
1013 454 1242 509 ﬁrmiter
1282 458 1334 509 in
1372 458 1579 511 malitia
1624 472 1722 513 sua
1761 473 2010 527 perseve-

446 548 664 607 rarunt,
704 542 909 596 nullam
949 561 1058 614 pra:
1092 562 1151 601 se
1185 546 1324 601 ferre
1366 547 1716 602 mutationem
1743 549 2008 604 volentes.

452 649 471 680 ι
510 630 574 683 Ει
614 630 930 691 debilitatus
972 647 1054 692 est
1103 639 1281 708 gladio
1316 641 1369 694 in
1422 639 1735 696 civitatibus
1773 642 1911 705 suis,
1955 652 2012 698 et

447 727 687 776 cessavit
738 726 992 782 manibus
1056 729 1193 783 suis.
1228 750 1249 783 ι
1310 731 1497 802 Itaque
1543 733 1834 803 pugnando
1884 748 2010 787 cum

450 812 701 869 hostibus
745 814 880 869 nihil
915 818 1192 881 valebunt.
1248 837 1423 891 neque
1457 822 1620 875 ullam
1664 823 1858 909 salutis
1886 839 2011 893 par-

2116 474 2135 506 ‹
2177 456 2298 507 Ὅτι
2323 454 2421 508 οὐκ
2453 453 2721 525 ἠθέλησαν
2746 452 3093 523 ἐπιστρέψαι.
3123 469 3143 503 ι
3162 450 3377 520 Ἐπειδὴ
3399 448 3664 503 ἀνένδοτοι

2112 547 2484 616 μεμενήκασιν
2535 546 2595 597 ὲν
2637 547 2705 615 τῇ
2751 545 2960 597 ἑαυτῶν
3001 542 3190 613 κακίᾳ,
3218 539 3520 611 μεταῦολὴν
3545 541 3665 593 οὑδὲ

2113 642 2241 711 μίαν
2269 639 2632 705 ἐπιδείξασθαι
2672 635 3038 707 βουληθέντες.
3080 651 3101 685 ι
3138 632 3247 687 Kal
3274 631 3575 702 ἠσθένησεν
3605 631 3667 681 ὲν

2111 730 2354 801 ῥομφαίᾳ
2401 732 2458 784 ὲν
2502 732 2616 792 ταῖς
2641 728 2857 781 πόλεσιν
2886 725 3074 790 αὑτοῦ,
3117 725 3212 779 καὶ
3248 725 3585 779 κατέπαυσεν
3609 725 3669 776 ὲν

2111 824 2229 885 ταῖς
2256 822 2445 893 χερσὶν
2472 819 2658 875 αὑτοῦ.
2700 837 2720 873 ι
2758 817 3056 889 Τοιγαροῦν
3076 817 3229 869 οὐδὲν
3261 815 3536 886 ίσχύσουσι
3566 834 3669 884 μα-

452 911 561 956 tem
607 905 922 964 civitatibus
953 910 1069 964 suis
1117 911 1590 983 conferentzquia
1635 905 2013 970 arma'omnia

2136 914 2330 984 [άμενοι
2357 912 2490 983 πρὸς
2544 912 2669 975 τοὺς
2711 909 3024 979 πολεμίους,
3065 908 3182 962 οὐδέ
3212 924 3332 962 τινα
3376 907 3670 979 παρέξουσι

451 993 743 1065 omnisque
788 1009 1083 1069 apparatus
1128 994 1379 1067 bellicus,
1431 1003 2013 1075 invalidussuperva-

455 1099 703 1155 onusque
734 1088 1024 1151 videbitur.
1059 1108 1143 1147 me
1185 1094 1469 1148 resistente
1510 1094 1579 1148 ob
1606 1110 1793 1149 eorum
1825 1097 2015 1166 nequi-

455 1174 609 1239 tiam,
662 1191 943 1248 pmnmque
984 1195 1150 1236 causa
1199 1182 1501 1240 adducente
1558 1187 1689 1255 ipsis
1734 1187 2012 1258 Assyrios.

2111 1006 2231 1066 ταῖς
2246 1003 2453 1058 ἑαυτῶν
2480 1003 2667 1056 πόλεσι
2680 1001 2952 1071 σωτηρίαν
2970 1016 2983 1030 ·
3007 999 3194 1068 ἐπειδὴ
3214 1000 3387 1052 πάντα
3420 999 3489 1052 τὰ
3506 1001 3667 1065 ὅπλα,

2113 1096 2208 1148 καὶ
2253 1097 2400 1149 πᾶσα
2449 1094 2767 1166 παρασκευὴ
2807 1092 3074 1162 πολεμικὴ
3099 1092 3284 1155 ἄτονος
3314 1093 3407 1145 καὶ
3437 1092 3668 1163 περιττὴ

2114 1187 2385 1253 φανεῖται,
2443 1182 2895 1253 ἀντιπράττοντος
2946 1180 3047 1251 μὲν
3071 1181 3257 1245 αὑτοῖς
3297 1180 3430 1252 ἐμοῦ
3459 1181 3547 1234 διά
3570 1181 3675 1251 τὴν

462 1288 481 1316 ο
516 1266 579 1320 Et
612 1270 891 1325 comedent
930 1271 996 1327 de
1038 1274 1458 1342 cogitationibus
1511 1279 1647 1332 suis.
1688 1297 1706 1328 ι
1742 1279 2015 1335 Consilio-

2136 1274 2294 1328 ιὺτῶν
2321 1274 2538 1338 κακίαν,
2562 1274 2856 1342 ἐπάγοντος
2881 1273 2940 1325 δὲ
2962 1272 3145 1335 αὑτοῖς
3171 1273 3263 1325 ἐπὶ
3290 1272 3530 1343 τιμωρίᾳ
3546 1275 3674 1336 τοὺς

458 1373 579 1410 rum
606 1374 829 1413 suorum
864 1360 1101 1417 fructum
1134 1368 1377 1434 capient,
1398 1367 1563 1438 digno
1597 1368 1773 1424 allecti
1814 1371 2019 1440 suppli-

2136 1366 2466 1437 Ἀσσυρίους.
2514 1383 2533 1415 ι
2560 1365 2672 1419 Kal
2708 1364 2971 1434 φάγονται
3000 1366 3065 1416 ὲκ
3101 1363 3209 1419 τῶν
3233 1363 3547 1417 διαδουλίων
3572 1364 3671 1416 αὑ-

459 1447 564 1500 cio.
610 1466 629 1496 ε
659 1446 721 1499 Et
752 1451 982 1519 populus
1004 1451 1124 1521 ejus
1157 1470 1458 1523 suspensus
1492 1455 1543 1509 in
1572 1456 1809 1510 incolatu
1841 1472 1962 1511 suo.
1993 1475 2012 1508 ι

2136 1458 2242 1510 πῶν.
2278 1478 2298 1511 ο
2335 1457 2455 1510 Τῶν
2502 1456 2718 1511 οἰκείων
2768 1455 3147 1527 βουλευμάτων
3195 1456 3579 1520 ἀπολαύσουσι,
3601 1472 3675 1509 τι-

456 1536 577 1592 Non
624 1541 771 1594 enim
824 1544 1119 1598 manebunt
1162 1547 1216 1600 in
1271 1546 1490 1617 pr0prio
1536 1546 1796 1614 incolatu,
1846 1563 2019 1618 neque

2136 1550 2327 1621 ιωρίαν
2356 1550 2716 1619 ὑπομένοντες
2749 1546 2924 1615 ἀξίαν.
2956 1567 2977 1600 ι
3019 1549 3125 1601 Kal
3153 1549 3182 1600 δ
3204 1548 3328 1611 λαὸς
3360 1544 3523 1601 αὑτοῦ
3556 1548 3675 1600 ἐπι-

458 1638 636 1683 tutnm
686 1632 789 1687 sibi
836 1634 1204 1692 habitaculum
1253 1639 1549 1705 habebunt,
1607 1641 1863 1710 quoniam
1924 1655 2019 1696 eos

2136 1642 2456 1712 ιεκραμένος
2490 1642 2557 1696 ὲκ
2608 1642 2706 1712 τῆς
2745 1640 3027 1703 κατοικίας
3051 1638 3236 1693 αὑτοῦ.
3276 1659 3294 1691 ι
3323 1640 3398 1693 Οὑ
3437 1638 3544 1710 γὰρ
3576 1656 3675 1709 με·

460 1738 651 1779 omnes
690 1732 949 1796 tanquam
971 1730 1234 1797 pendulos
1264 1732 1575 1802 nullamque
1614 1733 1789 1789 basim
1816 1733 2019 1789 haben-

2136 1709 2415 1787 ὀὖσιν-ἐπὶ
2438 1732 2538 1804 τῆς
2558 1709 2824 1804 οἰκήσεως
2860 1731 2961 1802 τῆς
3003 1731 3159 1794 ἰδίας,
3192 1732 3313 1785 οὐδὲ
3349 1709 3585 1800 ἀσφαλὲς
3616 1731 3679 1782 τὸ

459 1819 564 1875 tes,
600 1814 780 1867 subito
814 1817 1116 1887 corripiens
1142 1820 1398 1891 Assyrius
1422 1823 1475 1875 in
1506 1824 1875 1893 captivitatem
1906 1824 2022 1879 abi-

2136 1825 2531 1894 ιατοικητήριον
2545 1822 2726 1889 ἕξουσι
2737 1822 2798 1875 τὸ
2814 1822 3008 1875 αὑτόθι
3026 1839 3041 1852 ·
3066 1822 3252 1892 ἐπειδὴ
3263 1822 3468 1885 πάντας
3484 1819 3680 1884 αὑτοὺς

459 1910 566 1972 get.
603 1922 623 1956 ι
656 1905 719 1958 Ει
744 1906 887 1963 Deus
917 1924 1082 1979 super
1108 1913 1344 1980 pretiosa
1368 1914 1488 1983 ejus
1521 1916 1807 1981 irascetur,
1829 1925 1883 1972 et
1912 1932 2022 1971 non

2136 1917 2303 1986 ὒσπερ
2319 1918 2611 1986 έκκρεμείς
2642 1916 2821 1979 ὄντας,
2858 1916 2949 1968 καὶ
2969 1914 3088 1967 οὑδὲ
3108 1914 3235 1984 μίαν
3259 1913 3480 1984 ἔχοντας
3502 1913 3677 1983 βάσιν,

460 1995 723 2051 exaltabit
769 2015 914 2053 eum.
951 2021 969 2052 ι
1020 2001 1297 2073 Quidquid
1348 2006 1494 2076 apud
1548 2024 1673 2062 eum
1724 2009 2022 2078 pretiosum

2136 2006 2312 2076 iOpo'ov
2361 2006 2711 2076 συναρπάσας
2752 2008 2782 2059 ὁ
2847 2005 3132 2076 Ἀσσύριος
3165 2008 3245 2068 εἰς
3303 2005 3680 2075 αἰχμαλωσίαν

458 2093 566 2149 est,
615 2095 671 2142 et
719 2090 912 2147 all‘ectu
961 2093 1184 2164 dignum
1226 2096 1462 2163 videtur,
1509 2098 1614 2154 hoc
1656 2099 1799 2157 Deus
1841 2100 2025 2155 furere

2136 2095 2337 2160 ίπάξει.
2387 2097 2464 2167 (p.
2501 2096 2589 2165 8‘2)
2633 2113 2653 2147 ι
2686 2094 2797 2148 Kal
2828 2096 2860 2149 ὁ
2886 2095 3018 2159 Θεὸς
3047 2096 3139 2147 ἐπὶ
3188 2095 3258 2149 τά
3304 2094 3465 2164 τίμια
3514 2088 3682 2147 αὑτοῦ

462 2191 562 2230 suo
592 2177 855 2247 destruet,
877 2183 1052 2239 donec
1075 2184 1143 2239 ad
1173 2196 1470 2242 extremam
1494 2189 1772 2245 miseriam
1795 2198 2024 2247 cunctos

2136 2188 2524 2259 θυμωθήσεται,
2553 2188 2649 2241 καὶ
2672 2187 2733 2240 οὐ
2756 2190 2832 2258 μὴ
2854 2183 3044 2258 ὑψώσῃ
3073 2186 3287 2240 αὐτόν.»
3306 2188 3421 2240 Πᾶν
3439 2185 3549 2256 γὰρ
3581 2184 3608 2237 ὅ
3626 2185 3683 2237 τί

461 2267 693 2338 redigat.
2129 2297 2263 2335 ποτε
2300 2282 2429 2351 παρ’
2453 2279 2601 2351 αὑτῷ
2643 2280 2823 2351 τίμιόν
2866 2296 2926 2335 τε
2956 2281 3051 2335 καὶ
3095 2278 3328 2349 σπουδῆς
3361 2277 3509 2343 ἀξιον
3542 2272 3682 2330 εἶναι

459 2358 628 2425 δοκεῖ,
682 2361 838 2417 τοῦτο
870 2366 899 2418 ὁ
936 2367 1067 2432 Θεὸς
1114 2368 1334 2439 ἀφανιεί
1379 2370 1457 2444 τῷ
1507 2372 1664 2445 θυμῷ
1705 2373 1783 2447 τῷ
1806 2376 1990 2446 οἰκείῳ
2014 2391 2029 2406 ο
2090 2373 2230 2439 ὥστε
2280 2372 2417 2444 πρὸς
2461 2372 2561 2443 τὴν
2613 2371 2846 2443 ἐσχάτην
2906 2370 3233 2455 ταπείνωσιν
3270 2370 3511 2434 ἅπαντας
3549 2370 3686 2440 άγα-

461 2452 597 2517 γεῖν.

537 2582 699 2639 Vens.
744 2586 800 2651 8,
850 2587 904 2642 9.
933 2619 1004 2630 —
1047 2610 1066 2642 ι
1092 2590 1253 2659 Quid,
1283 2595 1381 2651 tibi
1429 2595 1645 2663 faciam,
1699 2597 2026 2670 Ephraime?

463 2682 742 2748 protegam
784 2686 839 2733 te
870 2678 1077 2737 Israel?
1112 2701 1133 2737 ι
1165 2683 1307 2751 Quid
1336 2700 1367 2740 ο
1416 2704 1500 2744 me
1529 2690 1625 2745 tibi
1659 2691 1773 2747 ﬁeri
1813 2704 2026 2763 oportet

464 2768 536 2822 ob
563 2769 693 2822 talia
742 2778 1002 2841 tantaque
1052 2776 1235 2830 mala?
1272 2776 1509 2835 Ferrene
1545 2796 1703 2851 opem
1752 2782 1805 2837 in
1856 2787 2027 2839 maxi-

464 2858 572 2913 mis
594 2860 752 2916 malis
771 2867 1105 2920 constituto?
1132 2884 1151 2918 ι
1173 2868 1313 2933 Quid
1338 2870 1431 2925 tibi
1458 2870 1673 2939 faciam,
1700 2872 2025 2944 Ephraime?

2190 2596 2340 2668 Στίχ.
2377 2597 2448 2668 η’,
2468 2594 2530 2650 θ’.
2554 2624 2624 2635 —-
2646 2613 2665 2646 ι
2692 2592 2759 2648 Τί
2780 2613 2839 2650 σε
2854 2593 3042 2661 διαθῶ,
3080 2588 3341 2665 Ἐφραῒμ;
3366 2587 3686 2657 ὑπερασπιῶ

2125 2708 2241 2753 σου,
2265 2686 2509 2766 Ἰσραήλ;
2535 2707 2553 2739 ι
2582 2681 2744 2741 Ἀλλὰ
2761 2684 2869 2753 γὰρ
2896 2682 2950 2734 τί
2982 2697 3050 2751 με
3081 2682 3353 2751 προσῆκεν
3378 2680 3467 2732 ἐπὶ
3496 2679 3685 2731 τοσού-

2122 2799 2236 2846 τοις
2272 2778 2364 2834 καὶ
2401 2776 2739 2849 τηλικούτοις
2767 2774 2955 2837 κακοῖς
2991 2770 3388 2843 διαπράξασθαι
3431 2770 3558 2841 περὶ
3599 2769 3683 2834 σέ;

2126 2870 2389 2946 βοηθῆσαί
2436 2885 2518 2922 σοι
2564 2866 2637 2931 ὡς
2682 2869 2740 2920 ἐν
2766 2865 3044 2936 μεγίστοις
3076 2862 3443 2933 ἐξεταζομένῳ
3471 2864 3690 2933 κακοῐς;

468 2946 625 3003 Sicut
674 2952 896 3008 Adamze
948 2958 1044 3011 tibi
1102 2959 1327 3027 faciam,
1373 2970 1427 3017 et
1486 2964 1631 3019 sicut
1694 2964 1967 3022 Seboimo.
2000 2984 2020 3021 ι

2136 2984 2150 3017 ι
2181 2965 2248 3019 Τί
2278 2982 2337 3017 σε
2374 2959 2558 3025 διαθῶ,
2592 2956 2955 3029 Ἐφραῖμ;ὠς
2987 2956 3206 3026 ’Λδαμα
3238 2953 3470 3024 θήσομαί
3504 2969 3562 3005 σε
3593 2953 3690 3003 καὶ

464 3041 685 3096 Auxilio
731 3055 882 3100 certe
916 3054 969 3102 te
1007 3049 1231 3119 dignum
1273 3067 1381 3107 non
1419 3054 1636 3125 judico;
1667 3069 1855 3113 contra
1902 3075 2029 3117 vero

466 3130 689 3201 dignum
752 3136 847 3190 tibi
890 3138 1202 3209 impositum
1249 3143 1315 3199 iri
1366 3148 1693 3217 supplicium
1736 3166 2027 3222 cognosco,

465 3224 514 3278 si
542 3227 927 3297 catastrOphen
978 3231 1125 3285 illam
1172 3235 1415 3305 patieris,
1458 3255 1579 3308 qua:
1621 3239 1890 3309 Sodomae,
1924 3242 2031 3299 Go-

468 3317 740 3381 morrhaa,
800 3329 855 3375 et
912 3322 1134 3379 Adamze
1198 3334 1255 3381 et
1315 3325 1569 3385 Seboimo
1621 3330 1728 3404 54
1781 3334 2029 3405 contigit.

476 3426 493 3457 ι
532 3408 864 3466 Conversum
898 3422 983 3469 est
1013 3431 1110 3470 cor
1136 3433 1337 3485 meum,
1366 3422 1574 3489 pariter
1596 3426 1919 3481 conturbata
1949 3436 2033 3482 est

470 3500 752 3566 pmnitudo
789 3519 908 3560 mea
942 3522 955 3557 :
989 3522 1099 3563 non
1128 3524 1279 3580 agam
1326 3513 1622 3569 secundum
1661 3517 1793 3571 iram
1828 3517 2033 3575 furoris

469 3591 598 3655 mei,
662 3610 773 3649 non
831 3597 1005 3653 sinam
1050 3600 1220 3657 deleri
1278 3602 1652 3675 Ephraimum.
1683 3628 1701 3661 ι
1744 3608 1849 3665 Sed
1887 3612 2030 3667 enim

467 3698 785 3755 quanquam
834 3705 933 3745 vos
980 3694 1224 3763 apprime
1271 3698 1469 3766 dignos
1514 3715 1675 3769 pinna
1723 3702 2033 3773 bnjusmodi

467 3792 594 3832 esse
632 3783 929 3851 comperio,
968 3801 1141 3840 meam
1175 3788 1243 3844 de
1268 3789 1425 3847 vobis
1473 3794 1803 3848 sententiam
1828 3800 2031 3864 ‘muto;

470 3875 527 3924 et
568 3874 928 3931 conturbatus
962 3881 1365 3948 quodammodo
1414 3898 1443 3937 a
1486 3885 1799 3941 calamitate
1829 3897 2032 3948 vestra.

474 3961 543 4015 ad
590 3965 966 4032 paenitentiam
1015 3971 1225 4036 trahor,
1268 3983 1391 4028 uta
1441 3973 1627 4032 furore
1658 3976 1914 4047 deinceps
1946 3976 2039 4033 de-

474 4053 672 4121 sinam,
724 4071 901 4129 neque
935 4076 1029 4116 vos
1074 4063 1249 4117 sinam
1288 4080 1545 4135 supremo
1577 4067 1745 4121 exitio
1794 4068 2035 4125 interire.

480 4161 501 4195 ι
528 4142 800 4211 Quoniam
846 4149 989 4207 Deus
1034 4169 1135 4224 ego
1168 4170 1311 4217 sum.
1340 4163 1396 4211 et
1428 4172 1536 4211 non
1567 4157 1731 4212 homo
1757 4156 1812 4211 in
1861 4159 2040 4215 medio

477 4243 577 4297 tui.
607 4257 625 4288 ι
678 4240 821 4297 Deus
870 4244 1071 4315 quippe
1109 4262 1229 4302 sum
1280 4248 1521 4302 omnium
1571 4257 1805 4315 creator,
1856 4256 1911 4305 et
1954 4266 2039 4306 re-

478 4351 599 4389 rum
635 4335 879 4390 omnium
913 4344 1175 4406 tanquam
1204 4354 1444 4395 mearum
1473 4347 1618 4395 tutor
1646 4355 1659 4392 :
1691 4356 1868 4411 neque
1900 4341 2038 4396 ulla-

477 4434 639 4481 tenus
676 4427 842 4482 vestri
884 4427 1083 4483 similis
1119 4436 1174 4483 et
1203 4428 1420 4483 illorum
1469 4430 1563 4500 qui
1604 4430 1747 4485 inter
1792 4447 1888 4487 vos
1925 4448 2047 4488 ver-

478 4525 690 4574 santur.
731 4536 749 4570 ι
789 4517 1047 4584 Sanctus,
1096 4530 1150 4576 et
1195 4536 1305 4576 non
1366 4522 1639 4594 ingrediar
1680 4524 1979 4582 civitatem.
2018 4545 2037 4578 ι

480 4612 594 4685 Ego
623 4614 834 4671 alienus
885 4632 1005 4671 sum
1043 4617 1296 4672 humanis
1340 4618 1555 4674 cunctis
1590 4618 1754 4675 rebus
1788 4635 1852 4675 ac
1885 4637 2046 4691 supe-

480 4706 633 4761 rior:
683 4721 791 4761 non
833 4707 969 4777 dego
994 4708 1046 4761 in
1096 4708 1327 4763 urbibus
1372 4709 1611 4764 lmmano
1655 4726 1826 4776 more,
1869 4726 2046 4782 neque

481 4796 594 4851 illic
625 4798 917 4852 incolatum
944 4798 1230 4868 vobiscum
1259 4808 1445 4856 tenere
1478 4802 1645 4857 soleo.
1676 4801 2037 4869 Quamobrem

481 4903 659 4958 neque
680 4889 1019 4944 voluntatum
1047 4897 1352 4945 vestrarum
1383 4907 1503 4947 sum
1537 4894 1830 4965 particeps,
1866 4908 2041 4963 neque

483 4980 705 5033 malitiae
752 4980 805 5033 in
852 4993 959 5047 qua
997 4978 1179 5033 vivere
1227 4982 1498 5051 satagitis.
1535 4981 1670 5037 Nam
1714 4991 1905 5038 contra
1946 4998 2043 5052 pu-

481 5071 616 5136 tius,
659 5071 874 5127 etiamsi
916 5070 1153 5126 debitum
1200 5073 1434 5129 subituri
1478 5077 1649 5133 eratis
1693 5076 2042 5148 SUpplicium,

482 5177 582 5232 per
610 5176 877 5217 summam
915 5169 1097 5218 tamen
1149 5164 1580 5221 misericordiam
1623 5166 1694 5223 do
1730 5182 1950 5238 operam
1987 5173 2047 5219 ut

484 5252 542 5308 id
572 5269 913 5325 nequaquam
939 5255 1241 5326 patiamini.

2127 3055 2202 3119 ὡς
2228 3050 2477 3123 Σεὸοείμ.
2518 3070 2535 3102 ι
2578 3047 2716 3103 Ἀλλ’
2773 3050 2986 3103 ἐκείνου
3036 3064 3099 3115 γε
3156 3047 3255 3099 οὐκ
3291 3044 3419 3099 ὅντα
3452 3060 3513 3096 σε
3539 3041 3691 3109 ἄξιον

2128 3147 2307 3216 τυχεῖν
2340 3142 2577 3214 εὑρίσκω
2597 3158 2609 3171 ·
2654 3140 2961 3195 τούναντίον
3000 3140 3097 3210 μὲν
3134 3134 3225 3192 οὖν
3256 3140 3319 3191 ὲκ
3343 3136 3447 3190 τῶν
3476 3153 3693 3208 πεπρα-

2128 3234 2344 3306 γμένων
2388 3232 2603 3287 δικαίαν
2652 3231 3103 3303 ὲπαχθησομένην
3139 3247 3221 3284 σοι
3249 3228 3512 3301 τιμωρίαν
3539 3228 3692 3298 supi-

2131 3344 2295 3389 σκων,
2330 3324 2379 3379 εί
2436 3324 2537 3396 τὴν
2580 3323 2957 3394 καταστροφὴν
3011 3321 3359 3392 ὑπομείνειας
3390 3321 3565 3390 ἥνπερ
3594 3318 3695 3371 Σό-

2130 3419 2266 3490 δομά
2286 3435 2342 3470 τε
2369 3418 2463 3470 xal
2474 3416 2685 3487 Γόμορα
2712 3412 2806 3468 καὶ
2828 3413 3046 3484 Ἀδαμα
3068 3414 3161 3466 καὶ
3183 3411 3413 3481 Σεϐοεὶμ
3435 3408 3697 3479 γενέσθαι

2128 3511 2248 3564 τότε
2278 3508 2495 3580 συνέϐη.
2534 3527 2552 3560 ι
2591 3504 2954 3577 Μετεστράφη
2992 3508 3025 3576 ἡ
3058 3504 3254 3575 καρδία
3290 3519 3412 3573 μου,
3437 3502 3494 3553 ὲν
3519 3499 3698 3569 τούτῳ

2133 3601 2503 3673 συνεταράχθη
2533 3603 2565 3672 ἡ
2591 3599 2921 3670 μεταμέλειά
2955 3616 3055 3670 μου
3076 3610 3089 3625 '
3120 3598 3181 3650 οὐ
3216 3595 3290 3666 μὴ
3320 3596 3530 3662 ποιήσω
3552 3592 3699 3645 κατὰ

2131 3696 2228 3765 τὴν
2255 3694 2424 3766 ὀργὴν
2468 3690 2565 3747 τοῦ
2616 3693 2786 3763 θυμοῦ
2820 3708 2950 3762 μου⁹
3008 3690 3067 3743 οὑ
3111 3688 3184 3759 μὴ
3218 3686 3570 3755 ἐγκαταλίπω
3597 3683 3697 3737 τοῦ

2133 3786 2512 3857 ἐξαλειφθῆναι
2549 3784 2639 3839 τὸν
2679 3785 2935 3853 Ἐφραῖμ.
2969 3800 2987 3832 ι
3033 3780 3191 3833 Ἀλλά
3235 3779 3343 3850 γὰρ
3373 3774 3465 3832 xal
3488 3776 3703 3846 σφόδρα

2133 3877 2334 3949 ταύτης
2363 3878 2505 3949 ὑμᾶς
2546 3877 2704 3940 ὄντας
2757 3875 2940 3941 ἀξίους
2973 3871 3239 3945 εὑρίσκων
3276 3872 3373 3941 τῆς
3407 3869 3699 3940 τιμωρίας,

2139 3970 2545 4041 μεταϐέϐλημαι
2607 3967 2706 4038 τὴν
2747 3965 2986 4018 διάνοιαν
3016 3964 3100 4032 ἐφ’
3128 3964 3278 4033 ὑμῖν,
3322 3962 3415 4013 καὶ
3435 3976 3700 4012 συντετα-

2140 4061 2406 4134 ραγμένος
2439 4078 2553 4124 πως
2575 4062 2639 4130 τῇ
2664 4058 2785 4127 ὄψει
2813 4057 2910 4128 τῆς
2941 4056 3207 4128 ὑμετέρας
3229 4055 3531 4125 συμφορᾶς,
3562 4051 3705 4122 πρὸς

2141 4152 2500 4224 μεταμέλειαν
2540 4150 2791 4221 ἕλκομαι,
2839 4150 2978 4204 ὥστε
3030 4167 3098 4221 με
3137 4150 3442 4220 ἀποστῆναι
3478 4148 3577 4219 μὲν
3605 4149 3703 4202 τοῦ

2140 4239 2439 4315 θυμοῦσθαι
2456 4241 2662 4307 λοιπὸν,
2688 4241 2867 4312 (p.85)
2889 4241 2963 4312 μὴ
2993 4239 3278 4311 ἀνέχεσθαι
3304 4240 3361 4292 δὲ
3382 4239 3706 4295 καταλιπεῖν

2140 4336 2283 4405 ὑμᾶς
2326 4332 2615 4405 ἀφανισμῷ
2656 4332 2908 4387 παντελεῖ
2958 4331 3437 4403 παραδιδομένους.
3486 4351 3504 4383 ι
3554 4332 3706 4385 Διότι

2137 4427 2269 4491 Θεὸς
2294 4424 2403 4496 ἐγώ
2441 4428 2579 4497 εἰμι,
2608 4426 2703 4479 καὶ
2727 4425 2826 4478 οὑκ
2855 4423 3140 4495 ἄνθρωπος
3162 4425 3219 4477 ὲν
3237 4424 3341 4477 σοί.
3376 4442 3396 4475 ο
3428 4422 3562 4486 Θεὸς
3589 4422 3707 4494 γάρ

2138 4520 2253 4591 εἰμι
2275 4518 2303 4573 ὁ
2342 4520 2517 4574 πάντα
2546 4536 2605 4571 τε
2632 4514 2968 4587 πεποιηκὼς,
3005 4516 3097 4569 καὶ
3137 4515 3354 4569 πάντων
3383 4514 3457 4577 ὡς
3482 4515 3707 4568 οἰκείων

2139 4610 2436 4681 κηδόμενος
2459 4609 2658 4681 έργων,
2701 4608 2822 4663 κατ’
2850 4610 3002 4663 οὐδὲν
3031 4608 3291 4685 ὑπάρχων
3326 4607 3709 4678 παραπλήσιος

2138 4706 2249 4767 τοῖς
2275 4703 2394 4757 καθ’
2422 4704 2564 4774 ὑμᾶς
2587 4721 2646 4757 τε
2680 4704 2771 4758 καὶ
2796 4704 2855 4755 ὲν
2872 4703 2999 4774 ὑμῖν
3020 4699 3423 4772 στρεφομένοις.
3450 4719 3467 4751 ι
3492 4700 3709 4767 Ἄγιος,

2144 4794 2237 4848 καὶ
2265 4795 2362 4848 οὑκ
2403 4795 2777 4865 εἰσελεύσομαι
2816 4797 2895 4858 εἰς
2939 4793 3116 4847 πόλιν.
3153 4812 3171 4843 ι
3215 4792 3355 4859 Ἐγὼ
3394 4790 3502 4864 γὰρ
3530 4792 3713 4863 ἀπήλ-

2143 4887 2351 4957 λαγμαί
2379 4904 2437 4941 τε
2468 4889 2560 4941 καὶ
2594 4887 2929 4958 ὑπέρκειμαι
2961 4885 3176 4938 πάντων
3212 4885 3318 4938 τῶν
3350 4883 3714 4954 ἀνθρωπίνων

2146 4980 2485 5050 πραγμάτων
2516 4997 2529 5009 ·
2562 4980 2663 5033 οὑκ
2699 4982 2757 5032 ὲν
2797 4980 2986 5033 πόλεσι
3017 4978 3214 5046 διάγων
3239 4977 3381 5030 κατά
3407 4976 3570 5045 νόμον
3607 4977 3714 5029 ἀνα

2148 5069 2398 5141 θρώπων,
2424 5069 2542 5123 οὐδὲ
2580 5070 2678 5134 τὰς
2705 5070 2892 5124 αὑτόθι
2927 5068 3206 5141 διατριϐὰς
3235 5068 3353 5139 μεθ’
3390 5067 3540 5138 ὑμῶν
3575 5067 3717 5120 είθιο

2153 5160 2351 5230 σμένος
2384 5162 2686 5216 ποιεῖσθαι·
2748 5162 2870 5215 ὅθεν
2915 5161 3037 5214 οὐδὲ
3078 5158 3317 5214 κοινωνῶ
3352 5158 3452 5229 τῆς
3482 5156 3717 5229 γνώμης

2152 5253 2279 5323 ὑμῖν
2312 5253 2407 5307 καὶ
2435 5256 2502 5324 τῇ
2528 5256 2695 5328 κακίᾳ
2798 5252 2964 5324 συζῇν
2992 5252 3383 5306 ἐσπουδάκατε
3403 5250 3718 5306 τούναντίον

487 5344 597 5415 γὰρ
620 5347 715 5401 καὶ⁹
747 5346 961 5400 δικαίαν
1006 5349 1224 5419 ὑπέχειν
1276 5346 1559 5419 μέλλοντες
1606 5345 1893 5418 τιμωρίαν,
1938 5342 2297 5399 ἀπαλλάττειν
2350 5343 2416 5397 δι’
2472 5346 2772 5416 ὑπερϐολὴν
2826 5345 3008 5407 ἐλέους
3046 5344 3171 5408 τοὺς
3218 5344 3524 5415 πάσχοντας
3575 5359 3719 5413 προ-

490 5438 696 5508 άγομαι
725 5437 947 5509 ταύτης.

564 5549 731 5604 Vsns.
765 5548 947 5603 10-12.
976 5574 1044 5587 --
1078 5566 1097 5599 ι
1130 5545 1258 5603 Post
1292 5547 1578 5602 Dominum
1608 5546 1983 5601 ambulabunt.
2023 5563 2041 5597 ι

495 5638 777 5696 Ρτωᾱίοιιο
820 5639 983 5695 veluti
1010 5639 1105 5694 Dei
1142 5640 1402 5695 locutioni
1443 5640 1546 5695 hoc
1574 5638 1814 5695 subtexit
1839 5638 2051 5693 addita-

499 5739 739 5793 mentum
779 5735 1062 5804 propheta,
1107 5732 1180 5786 ita
1229 5732 1395 5789 ferme
1442 5732 1649 5800 dicens,
1696 5739 1945 5802 oportere
1995 5731 2048 5782 in

2224 5545 2368 5613 Στίχ.
2404 5544 2551 5615 ι’-ιβ’.
2586 5573 2655 5584 —
2684 5561 2703 5595 ι
2759 5544 2967 5599 Ὀπίσω
3007 5545 3214 5616 Κυρίου
3261 5544 3633 5616 πορεύσονται.
3691 5565 3712 5599 ι

2168 5635 2255 5699 Ὠς
2281 5637 2373 5689 ἐπὶ
2394 5638 2457 5707 τῇ
2492 5636 2823 5708 προκειμένῃ
2869 5636 2963 5690 τοῦ
3002 5637 3135 5690 Θεοῦ
3169 5639 3317 5708 φωνῇ
3357 5636 3453 5707 τὴν
3493 5639 3716 5704 ἐπαγω-

2156 5730 2258 5800 γὴν
2286 5728 2315 5778 ὁ
2339 5729 2619 5799 προφήτης
2644 5729 2935 5801 πεποίηται
2957 5729 3180 5801 ταύτην,
3203 5727 3409 5782 τοιοῦτό
3432 5745 3482 5781 τι
3516 5727 3712 5798 λέγων,
