3966 6222
284 254 391 314 133

1292 249 1832 310 COMMENTARIUS
1863 252 1929 307 1N
1971 251 2170 309 ΟὸΕιΕ
2210 253 2362 309 CAP.
2400 254 2511 311 XII.

3402 259 3499 313 HM

279 369 634 427 ὅτιἜπεσθαι
647 367 715 440 δὴ
733 368 915 423 λοιπὸν
931 369 1194 440 προσήκει
1214 370 1292 440 τῷ
1306 370 1553 442 τοιούτῳ,
1566 368 1661 424 καὶ
1675 369 1849 424 πάντα

1950 380 2223 438 posterum
2272 370 2439 426 Deum
2481 372 2701 436 sectari,
2744 379 2907 442 atque
2956 371 3177 425 omnino
3223 386 3383 441 agere
3421 389 3502 428 sc-

284 461 542 528 πράττιιν
585 459 725 515 κατά
770 458 835 513 τὸ
867 458 1056 512 δοκοῦν
1088 462 1166 529 τῷ
1199 459 1319 530 Θεῷ
1364 458 1535 522 οὕτως
1562 458 1752 529 ἡμέρῳ
1783 474 1841 509 τε

280 553 398 604 ὄντι
429 553 524 605 καί
550 550 919 622 φιλανθρώπῳ
939 552 1066 623 περὶ
1093 552 1256 625 ὑμᾶς.
1289 572 1307 603 ι
1354 554 1442 616 Ὠς
1457 553 1591 607 λέων
1622 551 1842 627 ὲρεύξε-

281 658 395 700 ται.
456 643 546 694 καὶ
597 644 951 711 ἐκστήσονται
1009 642 1172 697 τέκνα
1212 644 1438 699 ὑδάτων.
1472 662 1490 693 ι
1536 644 1599 697 Εἰ
1635 642 1741 713 γὰρ
1776 642 1843 713 δὴ

282 732 552 794 τοιούτους
586 734 960 805 παράσχοιμεν
997 735 1243 802 ἑαυτοὺς,
1275 735 1430 805 δίκην
1461 734 1670 799 λέοντός
1699 751 1843 798 τινος

284 823 513 895 φοϐεροῦ
549 828 663 888 τοῖς
720 828 989 896 κτήνεσιν,
1041 827 1237 892 ἐξοίσει
1288 826 1385 899 τὴν
1421 826 1625 881 οἰκείαν
1660 826 1842 897 φωνὴν

285 914 377 966 ἐπὶ
416 914 622 977 πάντας
680 916 946 979 ἐκείνους,
1004 916 1094 980 οὒς
1116 918 1272 988 δίκην
1299 918 1505 972 ὑδάτων
1546 919 1673 988 ὑμῖν
1701 918 1843 971 κατὰ

283 1005 346 1056 τὸ
374 1006 571 1076 πλῆθος
590 1007 649 1059 τὸ
667 1009 864 1060 οἰκεῖον
881 1008 1299 1078 ὲπεληλυθότας,
1329 1011 1407 1074 εἰς
1427 1009 1683 1063 ἔκστασιν
1708 1010 1844 1064 πάν·

284 1115 385 1160 τας
436 1101 763 1169 καταστήσει
813 1100 892 1170 τῷ
921 1100 1067 1171 φόϐῳ
1100 1101 1179 1171 τῷ
1209 1102 1414 1171 οἰκείῳ.
1450 1103 1525 1171 (p.
1557 1101 1647 1171 84)
1685 1120 1703 1153 ι
1733 1102 1847 1154 Καὶ

285 1188 507 1258 ἥξουσιν
527 1191 599 1252 ὡς
618 1190 803 1257 ὄρνεον
836 1190 898 1254 ἐξ
924 1190 1220 1258 Αἰγύπτου,
1247 1194 1341 1245 καί¹
1364 1193 1439 1255 ὡς
1462 1191 1756 1265 περιστερὰ
1778 1193 1845 1244 ἐκ

285 1282 393 1349 γῆς
434 1284 721 1354 Ἀσσυρίων
745 1299 758 1312 ·
791 1284 887 1336 καὶ
916 1285 1353 1355 ἀποκαταστήσω
1385 1286 1580 1349 αὐτοὺς
1601 1286 1679 1347 εἰς
1717 1285 1842 1347 τοὺς

282 1378 466 1438 οἴκους
494 1378 688 1442 αὐτῶν,
706 1377 1085 1449 λέγειΚύριος.
1111 1399 1127 1432 ι
1149 1380 1488 1451 Πανταχόθεν
1519 1380 1628 1450 γὰρ
1650 1380 1843 1443 αὐτοὺς

283 1467 591 1532 ἐπανάξειν,
622 1469 724 1540 τῆς
756 1470 1088 1541 κατεχούσης
1110 1472 1422 1538 ἀπαλλάξας
1450 1472 1845 1543 αἰχμαλωσίας.
1865 1456 1879 1469 4

286 1558 376 1608 καὶ
402 1558 528 1621 τούς
570 1577 632 1612 τε
678 1561 830 1631 παρὰ
870 1561 1174 1633 Ἀσσυρίοις
1199 1563 1599 1635 αἰχμαλώτους,
1630 1564 1755 1628 τούς
1783 1581 1844 1618 τε

285 1648 343 1699 ὲν
376 1648 634 1721 Αἰγύπτῳ
660 1668 721 1703 τε
748 1652 1004 1720 φυγάδας,
1034 1652 1187 1721 δίκην
1233 1653 1436 1723 ὀρνέων
1465 1654 1844 1725 ἀποκαταστή-

1942 462 2179 517 cundum
2220 462 2313 518 Dei
2343 463 2739 533 beneplacitum
2775 472 2883 518 tam
2924 479 3055 532 erga
3095 478 3193 519 vos
3220 463 3505 518 clementis

1942 560 2103 622 atque
2143 553 2380 625 benigni.
2416 574 2437 606 ι
2465 554 2637 621 Quasi
2672 557 2758 609 leo
2796 556 2997 626 rugiet,
3030 564 3084 610 et
3130 554 3504 610 formidabunt

1942 645 2039 700 ﬁlii
2066 662 2348 716 aquarum.
2384 666 2402 699 ι
2439 648 2493 701 Si
2519 648 2655 702 tales
2683 656 2899 704 nosmet
2926 648 3357 710 exhibuerimus,
3387 648 3503 717 ipse

1942 755 2094 801 more
2124 742 2298 796 leonis
2339 740 2532 795 bestiis
2557 741 2840 803 terribilis.
2869 754 3055 794 vocem
3097 754 3252 794 suam
3287 740 3500 793 emittet

1941 840 2131 887 contra
2171 833 2294 889 illos
2322 849 2532 896 omnes,
2562 834 2654 903 qui
2688 833 2793 887 ritu
2844 847 3107 902 aquarum
3152 829 3503 885 multitudine

1942 938 2042 983 Sua
2078 924 2358 995 ingruunt,
2391 940 2595 995 eosque
2637 926 2897 980 attonitos
2937 938 3126 978 omnes
3154 932 3363 978 terrore
3398 937 3503 977 suo

1942 1015 2125 1073 faciet.
2160 1035 2179 1067 ι
2213 1016 2281 1069 Ει
2312 1018 2531 1073 venient
2556 1019 2713 1088 quasi
2746 1020 2863 1072 avis
2891 1032 2955 1072 ex
2984 1015 3241 1087 :Egypto,
3266 1024 3320 1070 et
3341 1016 3500 1085 quasi

1943 1108 2194 1164 columba
2234 1110 2303 1163 de
2331 1118 2477 1164 terra
2502 1110 2849 1181 Assyriorum
2883 1128 2901 1165 :
2931 1119 2982 1164 et
3008 1110 3288 1163 collocabo
3313 1124 3408 1162 eos
3444 1109 3499 1161 in

1942 1200 2192 1256 domibus
2225 1203 2361 1266 suis,
2409 1201 2540 1257 dicit
2584 1200 2869 1256 Dominus.
2903 1220 2921 1252 ι
2954 1201 3205 1269 Undique
3251 1201 3397 1255 enim
3441 1214 3505 1254 se

1943 1306 2038 1347 eos
2094 1292 2461 1355 redacturum,
2505 1307 2536 1346 a
2581 1292 2912 1362 captivitatis
2966 1306 3219 1361 pressura
3275 1290 3498 1354 liberos,

1943 1391 2058 1437 tum
2096 1384 2191 1454 qui
2225 1384 2368 1454 apud
2400 1384 2655 1454 Assyrios
2684 1392 2841 1438 erant
2866 1384 3091 1453 captivi,
3120 1394 3234 1437 tum
3268 1383 3373 1453 55
3404 1384 3499 1452 qui

1944 1476 2000 1529 in
2041 1474 2334 1545 Asigyptum
2375 1475 2724 1546 profugerant
2771 1494 2784 1530 :
2827 1476 3005 1529 avium
3055 1478 3229 1530 instar
3273 1487 3500 1529 cunctos

1944 1563 2015 1618 ad
2056 1566 2240 1635 priora
2283 1573 2663 1620 revocaturum
2701 1566 2965 1635 promittit
3014 1565 3175 1621 Deus.
3208 1584 3228 1617 ι
3254 1565 3502 1621 Circum-

1944 1653 2094 1709 dedit
2121 1670 2207 1711 me
2245 1655 2527 1710 mendacio
2558 1654 2901 1726 prraimus,
2927 1664 2981 1711 ct
3013 1657 3285 1725 impietate
3306 1655 3500 1711 domus

289 1755 400 1790 σειν
434 1741 647 1803 πάντας
675 1743 754 1803 εἰς
771 1742 838 1796 ca
857 1743 1029 1795 οἰκεῖα
1057 1744 1084 1795 ό
1102 1741 1232 1805 Θεὸς
1260 1743 1616 1814 ὑπισχνεῖται.
1647 1764 1665 1795 ‹
1687 1743 1845 1797 Ἐκύ-

1947 1743 2162 1799 lsraelis
2190 1759 2253 1799 ac
2280 1743 2451 1800 Iuda.
2487 1716 2645 1800 Νωιό
2672 1746 2823 1800 novit
2854 1716 2949 1801 eos
2978 1716 3141 1810 Deus,
3187 1754 3243 1802 et
3270 1747 3503 1816 populus

286 1830 459 1883 κλωσέ
484 1849 553 1900 με
607 1835 669 1885 ἐν
711 1833 897 1902 ψεύδει
949 1833 1211 1907 Ἐφραίμ,
1240 1837 1334 1890 καί.
1372 1838 1430 1888 ἐν
1457 1836 1679 1907 ἀσεϐείᾳ
1703 1832 1851 1903 οἰκος

298 1924 509 1994 Ἰσραὴλ
536 1926 634 1978 καὶ
647 1925 817 1980 ’ἰούδα
834 1943 848 1958 ί
883 1926 978 1980 νῦν
994 1927 1133 1997 ἔγνω
1160 1928 1352 1991 αὐτοὺς
1371 1930 1398 1983 ό
1418 1928 1550 1993 Θεός
1569 1947 1582 1959 ο
1610 1930 1703 1984 καί
1724 1928 1849 1995 λαὸς

283 2013 432 2080 ἅγιος
464 2015 800 2087 κληθήσεται
850 2016 1009 2071 Θεοῦ.
1040 2038 1058 2070 ι
1097 2019 1366 2091 Πρότερον
1411 2020 1511 2090 μὲν
1533 2018 1642 2090 γὰρ
1664 2019 1848 2090 ἐπειδὴ

282 2105 496 2174 πρὺςτὺ
526 2106 722 2175 ψεῦδος
772 2110 865 2162 καὶ
901 2109 1001 2181 τὴν
1034 2110 1143 2164 τῶν
1187 2110 1417 2166 εἰδώλων
1459 2112 1850 2175 ὰποκλίναντες

284 2198 583 2268 θεραπείαν
600 2202 659 2253 ὲν
682 2201 906 2273 ἀσεϐείᾳ
920 2203 1103 2273 διῆγον
1128 2204 1386 2267 ἅπαντες,
1409 2204 1597 2258 οὐδένα
1611 2204 1702 2257 τὸν
1720 2203 1851 2275 περὶ

282 2291 377 2359 ἐμὲ
405 2293 726 2363 ποιούμενοι
758 2294 935 2363 λόγον,
963 2296 1275 2363 ἀναγκαίως
1300 2296 1495 2359 αὐτοὺς
1515 2299 1625 2360 τοῖς
1661 2299 1851 2359 κακοῖς

285 2383 661 2455 περιϐέϐληκα
694 2385 956 2450 ὲκείνοις’
992 2370 1461 2457 μεταμελομένους
1488 2387 1543 2443 δὲ
1584 2388 1676 2443 καὶ
1714 2388 1851 2459 πρὸς

282 2474 341 2526 τὸ
372 2479 627 2546 κρεῖττον
680 2476 908 2542 ἰδόντας,
958 2477 1310 2549 οἰκειώσομαι
1357 2479 1602 2544 ἅπαντας
1658 2478 1852 2549 (τοῦτο

282 2567 387 2637 γὰρ
406 2567 560 2636 λέγει
594 2567 679 2632 τὸ,
715 2570 928 2637 «Ἔγνω
956 2569 1149 2631 αύτούς
1184 2573 1237 2639 ι)
1261 2588 1276 2601 ο
1304 2571 1396 2625 καὶ
1430 2571 1488 2637 ἐξ
1517 2572 1695 2626 αὐτῶν
1726 2571 1850 2642 ἐμοὶ

286 2658 619 2727 ςανὴσονται
646 2658 755 2711 τῶν
789 2658 1127 2729 πραγμάτων
1154 2660 1327 2723 ὄντες.
1354 2661 1447 2716 ἅτε
1462 2662 1730 2715 τοσούτων
1757 2662 1850 2715 καὶ

284 2745 617 2816 τηλικούτων
669 2746 890 2815 ἀγαθῶν
952 2747 1041 2801 διὰ
1072 2748 1172 2818 τῆς
1210 2749 1352 2820 ἐμῆς
1376 2749 1687 2820 ἀξιούμενοι
1724 2750 1849 2821 βοη-

283 2838 435 2901 θείας
458 2857 474 2870 ο
509 2840 581 2892 τὰ
609 2840 705 2909 μὲν
732 2840 797 2910 δὴ
837 2841 968 2911 παρ’
1002 2840 1137 2911 ἐμοῦ
1173 2842 1397 2897 τοιαῦτα
1427 2842 1687 2913 παρέχειν
1713 2842 1849 2897 ἒτοι-

285 2947 379 3000 μος
407 2929 546 2999 ἐγώ.
579 2931 645 2982 Τί
671 2931 763 2995 δέ;

917 3022 1073 3078 ΚΕΦ.
1117 3022 1216 3077 1Β’.

348 3113 503 3182 Στίχ.
532 3112 680 3166 ili-6'.
705 3133 722 3164 ι
742 3113 802 3167 Ὃ
833 3113 889 3167 δὲ
923 3113 1159 3185 Ἐφραῒμ
1180 3115 1413 3185 πονηρὸν
1438 3116 1669 3187 πνεῦμα.
1708 3118 1850 3171 »Ἵνα

279 3206 437 3273 είπῃ,
472 3205 797 3275 προαίρεσις
854 3205 1101 3276 μοχθηρά
1124 3222 1137 3235 ·
1178 3206 1395 3277 πνεῦμα
1435 3206 1542 3280 γὰρ
1582 3208 1849 3280 πολλαχοῦ

282 3293 436 3346 καλεί
472 3295 578 3365 τὴν
631 3296 946 3366 προαίρεσιν
970 3311 983 3326 ·
1013 3296 1088 3359 ὠς
1135 3297 1214 3361 τὸ,
1248 3316 1266 3347 ι
1302 3295 1574 3367 Πνεύματι
1600 3298 1852 3367 πορνείας

280 3383 672 3455 ἐπλανήθησαν
684 3401 699 3415 ’
724 3404 741 3436 ι
762 3386 876 3449 καὶ,
901 3404 919 3437 ι
946 3384 1166 3455 Πνεῦμα
1182 3385 1333 3445 εύθὲς
1349 3386 1653 3454 ὲγκαίνισον
1667 3388 1725 3441 ὲν
1739 3389 1851 3451 τοῖς

282 3476 547 3543 ὲγκάτοις
600 3493 701 3545 μου
724 3490 740 3506 ⁸
774 3496 793 3528 ι
829 3478 940 3531 Καὶ
994 3477 1174 3532 Χαλὲϐ
1197 3481 1225 3531 ό
1250 3478 1345 3531 τοῦ
1388 3479 1599 3548 Ἰεφονὶ,
1632 3480 1707 3549 (p.
1759 3478 1849 3549 85)

282 3569 378 3620 καί
406 3567 620 3639 Ἰησοῦς
651 3570 680 3620 ὁ
710 3568 803 3622 τοῦ
842 3570 1018 3640 Ναυῆ,
1049 3571 1130 3623 ὅτι
1166 3589 1184 3621 ε
1220 3570 1483 3642 Ἐγενήθη
1508 3571 1723 3642 πνεῦμα
1744 3571 1853 3624 ἓτε-

282 3676 375 3729 ρον
406 3661 469 3711 ἐν
500 3657 984 3729 αύτῷ.-Ἐόίωξε
1012 3661 1267 3714 καύσωνα
1291 3661 1419 3732 ὃλην
1457 3662 1557 3731 τὴν
1584 3662 1844 3733 ἡμέραν.»

279 3751 564 3823 At.qung
592 3750 703 3822 γὰρ
736 3751 975 3805 ἐπετέλει
1024 3751 1266 3817 τοιαῦτα,
1313 3751 1349 3806 ἃ
1399 3751 1674 3814 καύσωνος
1697 3752 1851 3824 δίκην

281 3840 688 3911 λυμαινομένου
742 3843 856 3904 τοῖς
898 3845 1150 3913 καρποῖς,
1196 3843 1417 3911 ἐπάγειν
1449 3842 1627 3906 αὐτοῖς
1657 3837 1725 3913 ἦν
1755 3843 1852 3895 αὺ-

280 3935 459 4004 τὰρκη
482 3933 589 4000 τὴν
625 3932 851 4004 φθοράν.
887 3952 907 3984 ι
942 3934 1089 3987 Κενά
1122 3935 1215 3987 καὶ
1251 3934 1453 4005 μάταια
1471 3933 1794 4006 ὲπλήθυναν.
1827 3953 1845 3985 ι

284 4028 392 4078 Καὶ
417 4025 630 4094 πλῆθος
655 4026 886 4079 είδὼλων
911 4030 1311 4097 κατεστήσαντο
1341 4027 1631 4095 ἀνωφελῶν
1662 4045 1852 4081 παντε-

282 4115 391 4178 λῶς
454 4117 552 4167 καὶ
605 4116 808 4187 βλάϐης
862 4118 1122 4187 μεγίστης
1143 4118 1345 4171 αἰτίων.
1388 4135 1406 4168 ι
1440 4118 1547 4171 Καὶ
1592 4118 1851 4191 διαθήκην

285 4207 430 4277 μετὰ
457 4208 760 4276 Ἀσσυρίων
783 4209 1004 4273 διέθετο,
1031 4210 1123 4262 καὶ
1148 4208 1321 4262 ἔλαιον
1343 4209 1452 4278 (12)
1483 4212 1561 4273 εἰς
1581 4211 1850 4279 Αιγυπτον

1873 2975 1918 3035 C

1947 1845 2170 1893 sanctus
2214 1836 2502 1892 vocabitur
2554 1837 2666 1895 Dei.
2702 1858 2719 1889 ι
2753 1840 2918 1894 Antea
2964 1839 3205 1909 quidem,
3243 1838 3499 1909 quoniam

1945 1926 2013 1983 ad
2073 1926 2367 1982 falsitatem
2426 1938 2589 1997 atque
2640 1930 2910 1984 idolorum
2960 1931 3284 1999 obsequium
3337 1931 3503 1999 impie

1943 2032 2132 2072 omnes
2173 2016 2604 2084 declinaverant,
2652 2019 2861 2073 nullum
2911 2019 3014 2075 mei
3060 2028 3363 2089 respectum
3400 2020 3503 2074 ba-

1944 2110 2153 2173 bentes,
2186 2112 2498 2167 necessario
2525 2125 2620 2167 eos
2642 2111 2799 2166 malis
2834 2111 2941 2166 illis
2976 2112 3177 2166 irretivi
3198 2130 3211 2166 :
3232 2112 3325 2167 sed
3358 2126 3504 2166 nunc

1944 2205 2348 2274 resipiscentes,
2404 2211 2460 2259 et
2501 2204 2742 2259 melioris
2778 2202 2953 2273 frugis
3001 2203 3299 2265 studioms,
3346 2201 3504 2256 fami-

1944 2296 2108 2351 liares
2150 2296 2282 2349 mihi
2322 2310 2513 2350 omnes
2559 2294 2776 2348 faciam.
2827 2296 2882 2348 ld
2936 2294 3260 2359 enima'alet
3303 2294 3505 2348 locutio

1945 2388 2069 2451 illa,
2110 2407 2128 2440 ι
2160 2386 2297 2442 Novi
2325 2402 2442 2442 eos.
2474 2405 2492 2438 ι
2523 2386 2590 2441 Ει
2610 2386 2830 2457 quidem
2859 2386 2913 2440 in
2943 2400 3171 2440 numero
3203 2400 3324 2441 esse
3354 2400 3504 2440 meo-

1946 2497 2090 2542 rum,
2127 2482 2269 2535 facta
2313 2482 2431 2551 ipsa
2484 2480 2779 2545 docebunt,
2820 2479 3080 2549 quoniam
3122 2488 3204 2533 tot
3244 2486 3504 2548 tantaque

1947 2573 2086 2629 bona
2122 2590 2205 2628 me
2250 2574 2542 2642 adjuvante
2581 2579 2962 2643 assequentur.
2993 2571 3153 2626 Certe
3197 2571 3264 2624 ad
3312 2570 3502 2639 hujus-

1945 2665 2089 2718 moili
2128 2665 2260 2733 ipsis
2294 2664 2591 2720 exhibenda
2633 2664 2896 2719 beneficia
2925 2670 3149 2734 paratus
3180 2677 3325 2718 sum.
3361 2660 3503 2727 Quid

1946 2766 2106 2821 porro
2123 2753 2147 2805 ?

2566 3015 2717 3073 CAP.
2759 3017 2871 3071 ΧΠ.

2018 3107 2183 3164 Vens.
2220 3109 2337 3164 1-4.
2367 3139 2437 3149 -
2466 3128 2485 3161 ι
2516 3109 2842 3180 Ephraimus
2890 3118 3069 3165 autem
3128 3110 3301 3165 malus
3348 3111 3503 3180 spiri-

1950 3211 2056 3257 tus.
2093 3220 2112 3253 ι
2150 3201 2287 3255 Mala
2322 3200 2576 3256 nimirum
2604 3201 2894 3258 voluntas:
2926 3219 3049 3257 nam
3081 3204 3331 3273 spiritum
3360 3219 3503 3273 saepe

1948 3294 2182 3371 appellat
2208 3295 2572 3359 voluntatem;
2604 3295 2767 3350 veluti
2800 3313 2813 3348 :
2851 3313 2869 3346 ι
2908 3293 3143 3365 Spiritus
3183 3293 3499 3349 fornicatio-

1949 3385 2036 3440 nis
2058 3383 2273 3456 decepit
2292 3399 2387 3438 eos
2405 3383 2480 3450 ³¹;
2507 3405 2523 3437 ι
2546 3393 2620 3451 et,
2652 3406 2669 3436 ι
2696 3384 2956 3455 Spiritum
2976 3395 3187 3441 rectum
3215 3384 3410 3439 innova
3446 3386 3498 3440 in

1948 3473 2250 3530 visceribus
2296 3475 2431 3529 meis
2456 3474 2535 3539 ";
2568 3493 2587 3527 ι
2637 3475 2701 3529 Ει
2733 3473 2937 3529 Chalcb
2974 3473 3205 3544 Jephoni
3250 3476 3413 3543 filius,
3449 3484 3504 3531 et

1948 3563 2106 3635 Iesus
2132 3564 2284 3629 Navi,
2304 3563 2560 3632 quoniam
2582 3585 2618 3638 .c
2655 3566 2879 3634 spiritus
2902 3565 3041 3621 alius
3064 3565 3163 3620 fuit
3193 3566 3245 3620 in
3277 3567 3369 3620 illo
3389 3568 3452 3620 ³³.
3477 3585 3499 3619 ο

1949 3685 2019 3696 -—
2040 3673 2058 3706 ‹
2088 3652 2413 3710 Persecutus
2454 3664 2537 3707 est
2568 3661 2756 3708 aestum
2780 3662 2891 3708 tota
2915 3654 3022 3710 die.
3059 3654 3331 3725 r-Semper
3359 3657 3503 3711 enim

1951 3747 2077 3800 talia
2119 3746 2330 3816 agebat,
2366 3759 2487 3814 quae
2519 3759 2668 3799 more
2719 3755 2885 3801 aestus
2930 3745 3178 3816 frugibus
3218 3750 3387 3815 noxii,
3418 3749 3506 3801 afa-

1950 3836 2095 3892 ferre
2136 3837 2269 3907 ipsis
2314 3836 2609 3906 perniciem
2660 3843 2931 3904 poterant.
2986 3853 3005 3886 ι
3041 3835 3225 3889 lnania
3266 3844 3320 3892 et
3364 3852 3506 3891 vana

1949 3928 2461 3998 multiplicaverunt.
2501 3943 2520 3979 ι
2588 3925 2837 3997 Magnum
2890 3942 3172 3983 numerum
3234 3928 3504 3982 idolorum

1950 4021 2372 4083 constituerunt,
2426 4018 2697 4073 inutilium
2738 4032 2981 4087 prorsus,
3020 4018 3127 4072 imo
3162 4019 3377 4072 maximi
3414 4019 3509 4073 de-

1952 4111 2192 4167 trimcnti
2251 4125 2473 4165 causam
2537 4110 2914 4179 praebentium.
2978 4127 2996 4159 ι
3032 4108 3095 4161 Et
3147 4108 3323 4163 foedus
3382 4125 3505 4165 cum

1952 4203 2191 4274 Assyriis
2227 4202 2419 4263 inibat,
2451 4209 2503 4256 et
2529 4186 2705 4255 oleum
2736 4201 2792 4254 in
2828 4200 3061 4272 Aigypto
3084 4202 3443 4255 mercabatur.
3481 4220 3502 4253 ι

280 4299 665 4369 ἐνεπορεύετο.
707 4317 724 4349 ι
754 4295 883 4352 Εἶτα
906 4303 1092 4364 κακοῖς
1122 4299 1259 4371 ὑπὲρ
1290 4300 1492 4353 τούτων
1509 4318 1849 4372 περιπεπτωω

1954 4294 2162 4349 Deinde
2217 4294 2271 4347 in
2307 4293 2421 4346 haec
2451 4291 2593 4345 mala
2636 4290 2938 4360 conjectus.
2965 4290 3126 4343 modo
3148 4291 3214 4344 ab
3242 4289 3506 4360 Assyriis,

284 4389 421 4452 n‘ug,
460 4389 593 4441 ποτὲ
621 4388 720 4459 μὲν
748 4389 812 4441 δι’
856 4390 1172 4459 ⁹Λσσυρίων,
1204 4390 1336 4443 ποτὲ
1372 4390 1427 4443 δὲ
1453 4390 1520 4442 δι’
1542 4391 1851 4459 Αἰγυπτίων

285 4481 521 4550 ἤλπιζεν
566 4479 773 4546 ἀγαθοῦ
809 4499 952 4544 τινος
980 4481 1261 4547 τεύξεσθαι
1285 4497 1300 4513 ’
1344 4482 1437 4535 καὶ
1466 4481 1604 4552 πρὸς
1647 4484 1853 4534 ἐκεῖνον

288 4573 389 4642 μὲν
444 4570 630 4640 φιλίας
685 4571 954 4643 συνθήκας
992 4572 1241 4626 ἐϐούλετο
1289 4572 1575 4637 ποιεῖσθαι,
1600 4573 1749 4643 παρὰ
1796 4573 1851 4626 δὲ

282 4665 483 4717 τούτου
536 4663 847 4734 συμμαχίαν
894 4666 1009 4736 ᾔτει
1035 4682 1048 4695 ⁸
1102 4664 1359 4733 ὠφελεῖτο
1410 4665 1466 4717 δὲ
1502 4665 1560 4732 ἐξ
1597 4665 1850 4718 ἁπάντων

282 4757 496 4808 τούτων
530 4756 700 4809 οὐδέν.
752 4775 769 4806 ι
806 4756 912 4809 Καὶ
948 4757 1126 4827 κρίσις
1161 4755 1239 4826 τῷ
1268 4756 1453 4825 Κυρίῳ
1477 4756 1611 4829 προς
1652 4757 1850 4811 Ἰούδαν

282 4848 381 4900 τοῦ
416 4848 705 4917 ἐκδικῆσαι
740 4846 828 4899 τὸν
867 4847 1080 4901 Ἰακώϐ.
1116 4867 1134 4899 ι
1174 4847 1233 4900 ’0
1255 4848 1362 4918 γὰρ
1390 4847 1522 4911 Θεὸς
1544 4848 1703 4912 αὐτὸς
1728 4850 1853 4920 ἥκει

284 4938 376 4990 διὰ
411 4937 523 4990 τῶν
559 4938 896 5007 πραγμάτων
919 4938 1308 5009 κριθησόμενος
1333 4939 1467 5010 πρὸς
1503 4940 1718 5003 αὐτοὺς,
1760 4941 1854 4994 καὶ

286 5030 527 5083 ἐκδικῶν
578 5030 650 5082 τὰ
722 5029 801 5099 μὴ
850 5030 1075 5093 δεόντως
1118 5030 1301 5094 αὐτοῖς
1334 5032 1693 5103 πεπραγμένα
1716 5051 1730 5063 ·
1762 5033 1852 5087 τὸν

300 5122 506 5176 Ἰακὼϐ
543 5122 650 5194 γὰρ
673 5119 951 5175 κάνταῦθα
982 5121 1128 5189 λέγει
1151 5121 1211 5173 τὸ
1243 5121 1391 5185 ἔθνος
1420 5123 1528 5176 τῶν
1570 5126 1855 5195 Ἰουδαίων,

284 5216 430 5286 ὅπερ
461 5211 555 5268 οὖν
581 5216 676 5267 καὶ
721 5212 913 5267 Ἰακὼϐ
946 5213 1038 5266 κα)⁸
1070 5213 1284 5285 Ἰσραὴλ
1318 5214 1560 5269 ἐκαλεῖτο
1589 5219 1728 5297 κατα
1759 5223 1857 5293 τὴν

286 5308 385 5360 τοῦ
422 5308 764 5376 προπάτορος
793 5305 971 5359 αὐτῶν
1020 5305 1331 5375 ὀνομασίαν,
1372 5307 1447 5369 ὡς
1481 5310 1538 5361 ὲν
1572 5313 1685 5372 τοῖς
1717 5313 1855 5366 ἀνω·-

285 5400 472 5473 ςέροις
523 5398 803 5468 ἐδείξαμεν
832 5413 846 5428 ’
902 5396 1021 5451 ὅθεν
1066 5396 1258 5465 ὲπάγει
1284 5413 1298 5426 ⁸
1336 5418 1352 5448 ι
1394 5399 1552 5451 Κατά
1577 5401 1673 5464 τὰς
1705 5403 1856 5467 ὀδοὺς

1953 4387 2116 4441 modo
2148 4385 2213 4438 ab
2243 4383 2514 4453 Egyptiis
2535 4382 2785 4452 sperabat
2822 4382 2948 4435 boni
2981 4381 3181 4450 aliquid
3202 4383 3462 4453 consequi
3488 4398 3503 4438 :

1953 4484 2005 4529 et
2038 4489 2160 4526 cum
2197 4473 2302 4527 illis
2343 4470 2560 4541 quidem
2607 4469 2857 4523 amicitia:
2897 4468 3072 4524 fcedus
3108 4470 3334 4541 jungere
3359 4472 3511 4527 vole-

1954 4567 2067 4628 bat,
2117 4566 2188 4620 ab
2232 4565 2320 4620 bis
2360 4571 2538 4618 autem
2588 4562 2712 4618 belli
2768 4564 3077 4618 societatem
3130 4565 3380 4634 petebat:
3413 4564 3509 4621 sed

1953 4660 2086 4713 nihil
2118 4659 2185 4713 ab
2222 4658 2306 4714 bis
2336 4657 2591 4711 omnibus
2612 4665 2696 4712 est
2723 4665 3070 4712 consecutus.
3103 4676 3123 4708 ι
3161 4657 3508 4727 Etjudicium

1957 4752 2171 4807 Domini
2201 4767 2325 4805 cum
2352 4748 2511 4813 Juda,
2546 4756 2604 4803 ut
2631 4750 2928 4804 ulciscatur
2956 4748 3065 4820 56
3089 4748 3279 4805 Jacob.
3316 4769 3333 4802 ι
3364 4750 3507 4805 Deus

1958 4845 2079 4914 ipse
2104 4843 2275 4907 venit,
2310 4841 2470 4896 factis
2505 4842 2689 4910 utique
2720 4839 2983 4909 judicium
3015 4841 3082 4895 de
3113 4841 3220 4894 illis
3255 4849 3509 4909 peractu—

1958 4954 2076 5001 rus,
2124 4945 2179 4991 et
2214 4951 2333 5006 quae
2363 4941 2558 5005 pra-ter
2586 4932 2817 4988 ofﬁcium
2864 4942 3090 5003 egerunt
3112 4932 3509 4988 vindicaturus.

1956 5028 2090 5083 Nam
2132 5027 2302 5083 Jacob
2344 5027 2447 5080 hoc
2476 5040 2690 5095 quoque
2734 5027 2854 5080 loco
2891 5024 3025 5078 dicit
3071 5023 3379 5077 universam
3414 5022 3513 5077 Ju-

1957 5120 2196 5174 daaorum
2225 5126 2462 5189 gentem,
2488 5132 2606 5187 quae
2639 5125 2693 5170 et
2716 5114 2885 5170 Jacob
2911 5123 2965 5169 et
3001 5114 3164 5168 Israel
3199 5114 3512 5185 appellaba-

1957 5222 2067 5277 tur,
2097 5212 2165 5266 de
2198 5213 2281 5265 sui
2323 5209 2686 5280 progenitoris
2734 5206 3074 5269 nomiueput
3102 5208 3215 5276 jam
3259 5209 3312 5261 in
3346 5224 3502 5277 supe-

1954 5304 2192 5361 rioribus
2216 5304 2473 5358 diximus.
2494 5300 2647 5356 Unde
2677 5299 2824 5353 addit
2853 5316 2867 5353 :
2895 5316 2914 5348 ‹
2943 5297 3099 5356 Juxta
3132 5300 3246 5355 vias
3283 5300 3426 5368 ejus,
3457 5305 3513 5352 et

1948 5397 2105 5467 juxta
2145 5395 2554 5449 adinventiones
2595 5392 2714 5462 ejus
2768 5388 2957 5445 reddet
3002 5391 3073 5445 ei.
3108 5409 3126 5443 ι
3181 5391 3286 5446 Pro
3339 5403 3407 5444 eo
3447 5404 3512 5446 ac

361 5558 412 5591 ³³
434 5557 556 5615 Ose.
596 5577 670 5625 Iv,
692 5561 779 5617 19..
857 5564 899 5596 ⁸³
936 5562 1077 5621 Psal.
1101 5581 1153 5634 L,
1179 5566 1265 5621 12.
1343 5566 1386 5599 ³³
1418 5564 1578 5621 Num.
1622 5583 1733 5635 τιν,
1764 5568 1834 5624 24

1947 5576 2073 5633 mr,
2107 5564 2192 5631 18.

366 5716 481 5788 (12)
512 5716 646 5773 Cod.
673 5717 840 5773 ἔλεον.
