3976 6226
415 262 512 317 195

1593 249 1937 308 TIIEODORI
1977 247 2449 304 MOPSUESTENI

3525 253 3625 307 196

413 376 557 430 dicat
585 392 599 427 :
627 389 687 429 se
724 388 1020 444 congruam
1050 373 1289 443 peccatis
1316 388 1504 429 eorum
1544 388 1761 443 poenam
1798 373 1975 441 impo-

2095 367 2261 430 ιύτοῦ,
2277 369 2371 422 καὶ
2397 366 2535 420 κατά
2563 367 2630 420 τὰ
2648 367 3051 438 ἐπιτηδεύματα
3074 366 3237 423 αὑτοῦ
3260 370 3630 425 ἀνταποδώσει

415 469 669 521 siturum.
714 464 919 520 Deinde
960 472 1013 520 et
1054 465 1418 536 progenitoris
1466 465 1733 534 exemplo,
1782 464 1973 517 horum

416 557 699 623 redarguit
751 557 1175 627 improbitatem.
1240 576 1259 609 ι
1292 557 1348 612 In
1393 566 1549 612 utero
1608 556 1977 626 supplantavit

418 647 640 703 fratrem
671 663 853 702 suum.
894 667 912 698 7
952 647 1210 704 Profecto
1248 649 1341 704 ille
1368 660 1495 704 ante
1524 650 1688 704 etiam
1721 649 1974 702 nativita-

422 748 530 793 tem
572 739 846 809 portendit
878 754 943 794 eo
974 740 1219 808 corporis
1246 751 1390 793 motu
1426 738 1687 800 fraudem,
1713 753 1819 808 qua
1849 737 1977 792 alre-

421 836 670 881 ctaturus
716 837 833 881 erat
875 828 1215 898 primogeniti
1260 827 1405 896 jura.
1438 846 1460 879 ι
1494 827 1558 882 Et
1611 829 1664 880 in
1701 827 1976 882 laboribus

422 918 538 972 suis
570 916 740 969 valuit
775 931 901 986 erga
944 915 1133 970 Deum.
1170 935 1189 967 7
1222 915 1419 970 Multos
1452 930 1743 985 perpessus
1765 915 1977 971 labores

426 1026 489 1063 ac
522 1009 763 1073 fraudes,
797 1025 904 1062 non
934 1010 1191 1064 sustinuit
1215 1025 1244 1063 a
1284 1010 1376 1065 Dei
1417 1010 1790 1065 benevolentia
1827 1028 1979 1067 rece-

423 1103 572 1157 dere.
610 1121 628 1154 ι
662 1101 729 1154 Et
773 1102 982 1156 viribus
1023 1102 1195 1155 valuit
1225 1116 1349 1155 cum
1399 1103 1588 1172 angelo
1625 1102 1885 1172 (luctari),
1926 1113 1979 1159 et

426 1200 613 1259 potens
667 1190 788 1244 fuit.
831 1210 849 1241 7
883 1190 1090 1247 Fratris
1134 1191 1363 1246 insidias
1411 1193 1721 1262 suspicans,
1769 1195 1978 1251 visione

427 1281 603 1350 angeli
633 1279 890 1349 dignatus
926 1280 1043 1346 fuit,
1076 1295 1198 1334 cum
1229 1296 1340 1350 quo
1363 1282 1557 1336 luctari
1579 1284 1753 1347 visus,
1785 1294 1978 1354 potens

432 1369 706 1438 apparuit.
737 1372 813 1421 Ac
836 1384 923 1423 res
961 1370 1107 1424 illius
1141 1370 1212 1423 ita
1243 1386 1302 1425 se
1328 1370 1657 1425 habuerunt.
1685 1370 1821 1438 Quid
1855 1390 1978 1429 vero

423 1462 544 1531 ejus
590 1462 830 1531 posteri?
863 1480 881 1511 ι
919 1460 1230 1523 Fleverunt,
1273 1469 1327 1516 et
1356 1477 1441 1517 me
1470 1462 1741 1532 deprecati
1770 1474 1914 1520 sunt.
1955 1485 1972 1516 7

427 1552 482 1606 in
525 1555 669 1608 luctu
722 1568 913 1607 omnes
968 1563 1274 1617 versantur,
1325 1553 1685 1623 precibusque
1734 1556 1981 1610 nituntur

426 1661 698 1700 mrumnas
753 1653 1016 1707 avertere,
1068 1645 1270 1715 quibus
1313 1646 1383 1699 ob
1434 1660 1587 1699 suam
1650 1648 1976 1716 impietatem

2076 460 2242 529 αὐτῷ.
2281 479 2301 510 7
2330 461 2446 513 ἰνα
2474 459 2604 531 εἴπῃ
2640 461 2723 513 ὅτι
2746 460 3006 527 ἀνάλογον
3027 454 3099 514 ὧν
3125 461 3408 515 πταίουσιν
3446 464 3632 527 αὐτοῖς

2075 552 2265 618 ἐπάξει
2291 553 2558 624 τιμωρίαν
2580 570 2596 585 ⁸
2631 548 2749 606 εἶτα
2770 554 2865 607 καὶ
2894 553 3034 606 κατὰ
3055 552 3351 626 παράθεσιν
3377 553 3470 605 τοῦ
3495 568 3632 622 προ-

2077 644 2308 714 πάτορος
2332 643 2427 715 τὴν
2456 643 2657 698 τούτων
2686 645 2897 714 ἐλέγχει
2954 645 3171 700 κακίαν.
3196 664 3215 696 ι
3259 645 3348 699 Ἐν
3370 646 3435 715 τῇ
3453 642 3631 712 κοιλίᾳ

2078 736 2355 806 ὲπτέρνισε
2395 736 2483 790 τὸν
2508 735 2733 804 ἀδελφὸν
2780 736 2961 790 αὑτοῦ.
3006 756 3024 789 7
3052 739 3126 808 (p.
3155 737 3248 806 86)
3310 737 3370 789 Ὀ
3398 736 3496 806 μὲν
3520 735 3631 805 γὰρ

2077 826 2169 878 καὶ
2200 826 2304 895 πρὸ
2328 826 2427 895 τῆς
2453 825 2756 895 γεννήσεως
2792 826 3117 880 ἐνεδείκνυτο
3146 827 3223 896 τῷ
3262 827 3500 897 σχήματι
3530 826 3635 896 τὴν

2076 916 2307 985 ἀπάτην,
2342 916 2459 985 μεθ’
2478 911 2543 987 ἧς
2571 915 2801 986 ἤμελλεν
2815 918 3323 989 ἀντιποιηθήσεσθαι
3349 918 3457 973 τῶν
3482 935 3634 990 πρω-

2075 1007 2348 1061 τοτοκίων.
2372 1024 2390 1054 ι
2419 1008 2527 1059 Kal
2555 1009 2610 1059 ἐν
2628 1008 2813 1070 κόποις
2841 1008 3001 1062 αὑτοῦ
3037 1009 3221 1079 ἴσχυσε
3263 1009 3398 1077 πρὸς
3424 1008 3575 1062 Θεόν.
3607 1026 3627 1059 7

2076 1098 2186 1151 Kal
2226 1098 2451 1161 πολλοὺς
2485 1098 2917 1169 ὑπομεμενηκὼς
2954 1100 3145 1162 πόνους
3172 1117 3233 1152 τε
3273 1101 3367 1152 καὶ
3406 1100 3633 1165 πλάνας,

2076 1192 2174 1260 τῆς
2205 1189 2337 1259 πρὸς
2370 1190 2499 1243 Θεὸν
2522 1190 2619 1243 οὐκ
2649 1190 2903 1260 ἠνέσχετο
2929 1192 3135 1255 εὐνοίας
3158 1193 3436 1263 ἐκστῆναι.
3471 1213 3487 1241 ι
3522 1193 3637 1245 Kal

2078 1279 2321 1350 ἐνίσχυσε
2353 1281 2488 1351 μετὰ
2549 1282 2800 1350 ἀγγέλου,
2846 1283 2938 1335 καὶ
2974 1282 3227 1353 ἠδυνήθη.
3267 1302 3285 1334 7
3318 1284 3427 1337 Kal
3450 1283 3512 1351 δὴ
3542 1283 3636 1335 καὶ

2078 1371 2169 1424 τοῦ
2208 1372 2434 1441 ἀδελφοῦ
2478 1374 2576 1443 τὴν
2626 1374 2914 1444 ἐπιϐουλὴν
2972 1373 3336 1445 ὑφορώμενος,
3374 1375 3638 1437 ὀπτασίας

2078 1461 2277 1532 ἠξιώθη
2309 1464 2562 1532 ἀγγέλου,
2594 1466 2728 1534 πρὸς
2754 1464 2812 1517 ὃν
2838 1465 3085 1518 παλαίειν
3111 1464 3282 1517 δοκῶν
3304 1464 3458 1535 ὤφθη
3481 1467 3638 1520 δυνα-

2077 1553 2167 1618 τός
2195 1554 2362 1608 ’ἀλλά
2414 1557 2481 1608 τά
2530 1555 2625 1623 μὲν
2662 1555 2865 1609 ἐκείνου
2920 1557 3141 1609 τοιαῦτα
3170 1573 3184 1586 ’
3226 1556 3296 1609 τὰ
3343 1557 3399 1609 δὲ
3434 1558 3638 1611 τούτων

2079 1646 2187 1698 τῶν
2224 1647 2502 1715 ἀπογόνων
2548 1647 2656 1701 τῶν
2691 1647 2896 1700 ἐκείνου
2930 1649 3118 1713 ὁποῖα;
3148 1666 3167 1699 ι
3208 1648 3516 1702 ’Έκλαυσαν
3547 1650 3641 1702 καὶ

430 1745 775 1806 premuntur.
807 1735 1063 1801 Quaenam
1095 1743 1180 1791 est
1213 1737 1364 1791 hare?
1392 1755 1409 1787 ι
1441 1736 1501 1790 ln
1527 1737 1691 1791 domo
1718 1738 1801 1793 On
1842 1740 1984 1794 inve-

2095 1709 2375 1808 ἐδεήθησάν
2424 1755 2543 1806 μου.
2591 1757 2619 1813 7
2660 1738 2748 1791 Ἐν
2785 1740 3039 1808 δάκρυσιν
3090 1709 3328 1803 ἀπαντές
3378 1742 3483 1792 είσι
3543 1741 3641 1793 καὶ

429 1834 628 1881 nerunt
652 1842 752 1880 me.
785 1845 804 1876 7
833 1824 1098 1880 ldolorum
1122 1826 1289 1879 cultui
1314 1828 1597 1893 vacabant,
1624 1831 1843 1885 nomine
1865 1846 1984 1886 meo

433 1917 676 1970 colentes
704 1916 792 1969 illa
831 1931 951 1986 quae
983 1916 1110 1970 huic
1138 1917 1486 1986 appellationi
1511 1918 1602 1987 jus
1643 1918 1849 1973 nullum
1884 1920 1984 1974 ha-

434 2007 649 2062 bebant.
694 2006 830 2070 lllie,
881 2007 1123 2076 inquam,
1162 2008 1317 2077 quasi
1357 2017 1675 2077 praesentem
1724 2026 1809 2064 me
1840 2012 1988 2066 cole-

434 2100 582 2163 bant,
631 2096 723 2167 qui
770 2098 1011 2150 aberam.
1049 2096 1193 2167 Ergo
1220 2096 1409 2161 dictio,
1445 2116 1464 2149 ι
1496 2097 1552 2152 1η
1583 2098 1743 2155 domo
1769 2100 1850 2155 On
1902 2119 1988 2158 me

431 2192 772 2250 invenerunt,
815 2205 833 2239 7
867 2187 1084 2257 ponitur
1110 2187 1421 2258 pronuasi
1452 2188 1523 2243 ibi
1560 2205 1644 2244 me
1667 2200 1983 2260 praesentem

431 2279 1001 2347 iiivetiissent,.quem
1053 2277 1160 2332 coli
1210 2278 1280 2331 ab
1328 2277 1464 2347 ipsis
1511 2286 1770 2349 tanquam
1817 2279 1982 2335 Deum

431 2371 738 2441 oportebat,
778 2368 990 2423 interim
1026 2369 1173 2425 idolo
1214 2369 1539 2423 exhibebant
1569 2370 1983 2440 appellatio-em

433 2463 594 2516 simul
623 2470 677 2516 et
705 2462 965 2516 honorem
997 2460 1112 2515 Dei.
1151 2478 1169 2513 ι
1208 2460 1274 2515 Et
1305 2460 1378 2516 ibi
1406 2460 1546 2516 facta
1574 2471 1702 2518 sunt
1729 2464 1890 2518 verba
1917 2463 1982 2519 ad

432 2567 545 2605 eos.
584 2569 602 2602 7
643 2550 972 2605 Sententiam
1010 2550 1123 2605 illic
1160 2557 1380 2620 propter
1412 2550 1576 2620 impie
1608 2549 1749 2604 facta
1782 2551 1985 2620 justam

432 2642 741 2697 audierunt.

507 2967 671 3021 Vens.
723 2965 839 3019 5-8.
882 2994 951 3004 —
985 2983 1003 3014 ‹
1040 2962 1104 3017 Et
1142 2960 1405 3037 Dominus
1451 2961 1596 3019 Deus
1643 2963 1987 3033 omnipotens

436 3062 544 3115 erit
589 3057 903 3113 mcmoriale
934 3057 1076 3125 ejus.
1110 3074 1130 3108 7
1166 3055 1273 3111 Sed
1321 3055 1466 3110 enim
1509 3055 1563 3110 in
1598 3056 1730 3110 talia
1763 3055 1985 3120 incidet,

444 3152 589 3208 unde
613 3166 796 3204 verum
818 3148 986 3203 Deum
1010 3162 1336 3219 cognoscere
1354 3147 1546 3210 discet,
1571 3148 1796 3218 ejusque
1820 3148 1991 3201 maxi-

440 3260 582 3299 mam
608 3244 752 3297 omni
777 3252 1015 3310 tempore
1041 3240 1354 3294 memoriam
1384 3239 1657 3302 retinebit,
1683 3239 1787 3311 57
1816 3239 1907 3309 qui
1940 3247 1994 3294 et

443 3340 592 3410 ipsos
644 3336 872 3399 ereavit,
926 3344 978 3389 et
1021 3332 1304 3388 beneﬁciis
1353 3331 1627 3386 continuis
1675 3341 1993 3401 prosecutus

441 3439 549 3495 est,
587 3440 643 3485 et
673 3443 819 3483 nunc
848 3427 1008 3497 etiam
1036 3422 1360 3479 criminibus
1398 3422 1648 3491 impiatos
1679 3424 1995 3494 castigando

443 3523 638 3579 nititur
667 3520 735 3575 ad
769 3519 1044 3574 meliorem
1077 3515 1285 3586 frugem
1317 3524 1652 3569 convertere.
1691 3532 1708 3564 ι
1742 3516 1805 3568 Et
1837 3525 1894 3569 tu
1928 3516 1996 3569 ad

443 3592 613 3670 Deum
664 3618 1001 3672 convertere,
1045 3604 1475 3663 misericordiam
1520 3615 1574 3660 et
1594 3605 1858 3677 judicium
1902 3621 1998 3661 cu-

442 3707 609 3769 stodi,
640 3714 693 3760 et
722 3702 1098 3775 appropinqua
1124 3698 1233 3755 Deo
1263 3706 1358 3753 tuo
1387 3713 1620 3768 semper.
1648 3718 1666 3751 7
1692 3696 1994 3753 Genuinam

445 3797 633 3865 itaque
681 3793 906 3848 ostende
957 3791 1023 3845 ad
1062 3789 1228 3846 Deum
1272 3790 1717 3858 conversionem;
1759 3791 1997 3846 charitas

445 3904 573 3957 erga
624 3886 891 3951 homines,
925 3892 980 3939 et
1022 3884 1234 3953 justitia
1261 3883 1358 3938 tibi
1396 3897 1542 3937 curae
1573 3881 1725 3938 sint:
1769 3882 1836 3936 da
1870 3898 2000 3953 ope-

444 3995 562 4036 ram
597 3985 657 4032 ut
682 3992 895 4047 semper
918 3990 1044 4030 cum
1091 3975 1201 4030 Deo
1249 3976 1364 4029 sis:
1397 3974 1556 4044 cujus
1587 3975 1634 4030 si
1664 3976 1868 4030 cultum
1909 3991 1999 4030 re-

444 4072 695 4134 tinueris,
729 4070 921 4124 merito
950 4067 1186 4122 fructum
1228 4064 1354 4121 inde
1381 4067 1600 4137 capies;
1633 4066 1704 4120 ita
1735 4074 1915 4123 tamen
1942 4076 2002 4123 ut

448 4166 518 4222 ab
558 4163 832 4219 idolorum
880 4160 1146 4228 obsequio
1199 4172 1425 4230 prorsus
1472 4157 1768 4214 abstineas.
1815 4179 1833 4212 ι
1862 4161 2003 4218 Cha-

447 4271 609 4318 naan,
643 4253 699 4307 in
745 4266 907 4306 manu
942 4249 1064 4320 ejus
1100 4256 1299 4303 statera
1332 4246 1670 4316 iniquitatis;
1697 4251 2003 4319 opprimere

448 4357 815 4420 praepotenter
848 4344 1061 4401 dilexit.
1092 4363 1110 4396 ι
1138 4343 1427 4412 Postquam
1458 4356 1553 4396 eos
1589 4343 1859 4412 praedictis
1881 4360 2005 4400 ver-

2081 1826 2343 1898 δεήσεσιν,
2361 1826 2677 1896 ἀπαλλαγὴν
2699 1826 2971 1890 αἰτοῦντες
2994 1826 3100 1880 τῶν
3131 1829 3313 1881 κακῶν
3331 1830 3386 1881 ἐν
3403 1824 3481 1892 οἷς
3498 1831 3640 1901 ὑπὲρ

2083 1918 2180 1988 τῆς
2200 1916 2454 1980 ἀσεϐείας
2472 1916 2815 1983 ἐξετάζονται
2840 1918 2938 1989 τῆς
2962 1917 3164 1982 οἰκείας
3181 1934 3195 1947 ⁸
3226 1921 3379 1983 ποίας
3394 1921 3595 1989 ταύτης
3621 1938 3640 1984 ;

2091 2025 2110 2058 ι
2153 2007 2240 2058 Ἐν
2273 2006 2351 2075 τῷ
2400 2007 2533 2077 οἴκῳ
2565 2007 2658 2060 Ὧν
2712 2000 2868 2078 εὗρόν
2900 2024 2988 2078 με.
3029 2028 3049 2059 7
3079 2009 3213 2079 Περὶ
3234 2010 3343 2081 γάρ
3389 2011 3486 2081 τὴν
3529 2012 3642 2065 τῶν

2086 2093 2317 2148 εἰδώλων
2373 2095 2694 2165 ἠσχολοῦντο
2752 2096 3083 2167 θεραπείαν,
3135 2099 3192 2151 ἐν
3235 2100 3498 2171 ὀνομασίᾳ
3542 2103 3645 2171 μὲν

2086 2184 2350 2256 τιμῶντες
2374 2187 2495 2260 ,ἐμῇ
2545 2187 2671 2249 τοὺς
2702 2187 2852 2239 οὐδὲν
2899 2188 3035 2259 αὐτῇ
3079 2191 3371 2259 προσήκειν
3409 2191 3553 2255 οἵους
3582 2210 3645 2245 τε

2086 2277 2243 2341 ὄντας
2266 2293 2280 2308 ο
2318 2277 2392 2340 ώς
2420 2277 2607 2331 αὐτόθι
2655 2278 2713 2332 δὲ
2749 2279 2993 2349 παρόντα
3039 2280 3303 2350 τιμῶντες
3334 2283 3433 2351 ἐμὲ
3459 2283 3551 2336 τὸν
3579 2285 3644 2337 οὐ

2087 2369 2327 2440 παρόντα
2351 2384 2365 2397 ·
2391 2369 2450 2421 τὸ
2481 2365 2594 2433 οὖν,
2620 2388 2653 2421 η(
2698 2370 2785 2422 Ἐν
2811 2370 2887 2439 τῷ
2904 2371 3035 2441 οἴκῳ
3064 2372 3156 2425 Ὣν
3174 2367 3328 2442 εὗρόν
3352 2391 3439 2443 με,
3480 2393 3497 2426 7
3522 2376 3649 2427 ἀντὶ

2087 2458 2203 2523 τοῦ,
2237 2458 2323 2520 Ὠς
2355 2459 2471 2512 ἐκεῖ
2505 2476 2573 2530 με
2608 2459 2850 2530 παρόντα
2886 2460 3228 2530 εὑρίσκοντες
3251 2476 3266 2491 ο
3295 2461 3351 2514 ὃν
3380 2464 3649 2533 τιμᾶσθαι

2090 2550 2219 2619 παρ’
2250 2549 2426 2601 αὐτῶν
2457 2549 2531 2612 ὡς
2563 2550 2693 2603 Θεὸν
2720 2550 2905 2621 ἐχρῆν,
2947 2549 3089 2602 οὕτω
3124 2549 3202 2622 τῷ
3237 2551 3437 2622 εἰδώλῳ
3476 2571 3650 2625 προσ-

2090 2638 2225 2709 ῆγον
2271 2639 2372 2706 τήν
2424 2655 2484 2691 τε
2533 2638 2822 2708 ὀνομασίαν
2878 2640 2969 2691 καὶ
3016 2639 3113 2710 τὴν
3166 2642 3329 2711 τιμὴν
3363 2642 3457 2694 τοῦ
3485 2642 3646 2698 Θεοῦ.

2096 2747 2116 2780 ι
2150 2728 2259 2782 Kal
2321 2731 2439 2784 ἐκεῖ
2464 2729 2696 2800 ἐλαλήθη
2748 2730 2882 2801 πρὸς
2911 2730 3121 2794 αὐτούς.
3167 2751 3184 2783 7
3216 2731 3411 2785 Αύτόθι
3455 2733 3511 2787 δὲ
3548 2735 3651 2806 τὴν

2090 2821 2360 2890 ἀπόφασιν
2390 2821 2529 2893 ὑπὲρ
2561 2814 2635 2875 ὧν
2664 2822 2891 2892 ἠσέϐουν
2924 2822 3169 2887 ἐδέξαντο
3197 2824 3427 2878 δικαίαν.

2162 2957 2307 3026 Στίχ.
2326 2964 2575 3027 ε’-η’.-ι
2596 2958 2653 3011 Ὀ
2683 2959 2741 3011 δὲ
2770 2958 2971 3029 Κύριος
2994 2960 3027 3012 ό
3047 2958 3176 3022 Θεὸς
3210 2961 3238 3011 ὀ
3259 2961 3656 3034 παντοκράτωρ

2093 3048 2241 3102 ἔσται
2272 3050 2610 3121 μνημόσυνον
2652 3050 2835 3104 αὑτοῦ.
2876 3070 2894 3101 7
2922 3053 2998 3120 (p.
3022 3051 3112 3116 87)
3153 3052 3309 3105 Ἀλλά
3344 3052 3451 3124 γὰρ
3493 3071 3656 3126 περι-

2092 3144 2334 3194 πεσεῖται
2390 3141 2646 3205 τοιούτοις
2698 3142 2790 3209 ἀφ⁹
2834 3137 2907 3197 ὧν
2951 3142 3314 3210 ἐπιγνώσεται
3362 3145 3453 3197 τὸν
3481 3147 3654 3213 ὅντως

2091 3233 2242 3296 Θεὸν,
2276 3233 2534 3306 μεγίστην
2561 3251 2621 3286 τε
2649 3234 2811 3287 αὐτοῦ
2841 3234 3131 3297 διαπαντὸς
3148 3236 3256 3299 ἔξει
3277 3236 3373 3307 τὴν
3405 3240 3651 3311 μνήμην,

2091 3326 2149 3391 ὃς
2206 3326 2470 3396 πεποίηκὲ
2504 3344 2562 3380 τε
2609 3327 2821 3393 αὐτοὺς,
2876 3328 2971 3382 καὶ
3027 3329 3360 3401 εύηργέτηκε
3395 3331 3651 3395 πάντοτε,

2093 3416 2186 3469 καὶ
2212 3416 2276 3486 δὴ
2308 3416 2403 3469 καὶ
2423 3416 2514 3468 νῦν
2536 3418 2909 3487 ἀσεϐήσαντας
2939 3418 3228 3481 παιδεύσας
3256 3421 3346 3472 ἐπὶ
3376 3421 3435 3474 τὸ
3465 3425 3653 3493 κρεῖτ-

2093 3525 2183 3584 τον
2220 3508 2509 3578 μεταϐαλεῖ
2535 3509 2673 3562 κατά
2699 3511 2797 3581 τὴν
2839 3509 3065 3581 δύναμιν
3095 3512 3195 3583 τὴν
3228 3514 3450 3568 οἰκείαν.
3490 3534 3507 3565 ι
3539 3517 3658 3570 Kal

2097 3598 2161 3651 σὺ
2198 3600 2253 3651 ἐν
2284 3598 2401 3669 Θεῷ
2436 3616 2528 3652 σου
2560 3600 2882 3672 ἐπίπρεψον
2908 3617 2922 3631 ·
2954 3602 3102 3658 ἔλεον
3133 3603 3228 3658 καὶ
3250 3608 3419 3676 κρῖμα
3444 3606 3658 3675 φυλάσ-

2098 3707 2192 3743 σου
2221 3708 2234 3723 ·
2260 3692 2354 3744 καὶ
2375 3691 2557 3760 ἕγγιζε
2590 3692 2721 3763 πρὸς
2753 3696 2841 3747 τὸν
2858 3693 2989 3748 Θεόν
3016 3713 3109 3749 σου
3137 3696 3439 3761 διαπαντός.
3472 3718 3492 3750 7
3515 3699 3660 3771 Γνη-

2099 3781 2219 3834 σίαν
2251 3782 2427 3837 τοίνυν
2453 3783 2711 3849 ἐπίδειξαι
2768 3784 2867 3855 τὴν
2900 3786 2993 3839 ἐπὶ
3022 3787 3153 3840 Θεὸν
3203 3789 3529 3862 μεταϐολὴν,
3559 3793 3662 3847 καὶ

2100 3871 2355 3941 ἐπιμελοῦ
2386 3871 2794 3943 φιλανθρωπίας
2846 3874 2939 3928 καὶ
2965 3875 3057 3928 τοῦ
3082 3877 3323 3931 δικαίουο
3385 3879 3663 3945 σπούδαζε

2100 3960 2157 4015 δὲ
2186 3964 2271 4016 ἀεὶ
2290 3962 2367 4035 τῷ
2393 3963 2509 4035 Θεῷ
2534 3968 2765 4018 συνεῖναι
2784 3967 2877 4018 καὶ
2900 3968 2996 4038 τῆς
3025 3970 3123 4040 μὲν
3156 3973 3284 4043 περὶ
3304 3972 3492 4027 τοῦτον
3529 3976 3662 4029 ἀντ-

2100 4054 2355 4126 εχόμενος
2397 4055 2707 4128 θεραπείας,
2743 4058 2877 4130 ὅπερ
2905 4061 3206 4129 ὀφείλεσθαι
3225 4062 3424 4135 ταύτην
3452 4066 3666 4137 συμϐέ-

2102 4146 2237 4219 ϐηκε
2258 4145 2475 4210 δικαίως
2500 4162 2514 4176 °
2548 4149 2647 4218 τῆς
2693 4146 2749 4200 δὲ
2779 4150 2906 4219 περὶ
2929 4149 2999 4203 τὰ
3022 4150 3219 4205 εἴδωλα
3257 4154 3498 4225 σπουδῆς
3546 4157 3663 4210 ἀπ-

2101 4237 2359 4309 εχόμενος
2393 4237 2691 4302 παντελῶς.
2730 4256 2748 4289 ι
2788 4239 3028 4303 Χαναὰν,
3062 4244 3118 4295 ἐν
3143 4244 3283 4314 χειρὶ
3305 4246 3471 4299 αὐτοῦ
3495 4247 3664 4316 ζυγὸς

2103 4328 2316 4393 ἀδικίας
2347 4345 2361 4360 ·
2394 4328 2877 4384 καταδυναστεύειν
2908 4333 3181 4403 ⁴ήγάπησε.
3222 4355 3239 4386 7
3285 4336 3378 4400 Εἰς
3407 4339 3666 4411 ἐπιστρέ-

448 4440 532 4492 bis
571 4436 638 4490 ad
666 4436 1081 4490 conversionem
1126 4435 1469 4500 invitaverat,
1510 4447 1701 4489 rursus
1730 4433 1818 4488 hic
1848 4437 1991 4490 mali-

2105 4441 2261 4493 φειαν
2314 4424 2507 4486 αὐτοὺς
2554 4423 2621 4477 δι’
2657 4423 2880 4476 ἐκείνων
2928 4426 3375 4497 ἐκκαλεσάμενος,
3410 4431 3667 4494 ὀνειδίζει

448 4528 579 4581 tiam
622 4526 938 4595 exprobrat.
974 4524 1152 4579 Nihilo
1196 4525 1470 4589 meliores,
1501 4523 1699 4595 inquit,
1751 4528 2004 4597 apparui-

447 4620 548 4675 stis
580 4617 929 4680 Chananaeis,
977 4617 1176 4686 quibus
1228 4618 1369 4673 Deus
1400 4619 1623 4690 regione
1653 4618 1723 4673 ob
1764 4619 2006 4689 ipsorum

453 4712 783 4780 impietatem
827 4709 1238 4780 nequitiamque
1266 4710 1480 4779 ejectis,
1520 4726 1620 4767 vos
1667 4711 1795 4765 illuc
1832 4713 2007 4767 intro-

452 4804 627 4859 duxit.
668 4800 1034 4856 Nihilominus
1076 4815 1174 4855 vos
1213 4801 1280 4855 ad
1313 4801 1641 4870 injustitiam
1672 4800 2005 4864 incumbitis,

455 4898 734 4967 multoque
777 4894 958 4951 studio
1001 4892 1331 4948 inﬁrmiores
1360 4894 1690 4963 opprimitis,
1733 4909 1870 4964 quos
1912 4909 2007 4950 ve-

451 5002 581 5049 stne
611 4993 861 5064 potentia:
886 4989 1094 5046 viribus
1134 4990 1275 5045 male
1303 4992 1600 5048 mulctatis.

526 5179 685 5233 Vsus.
705 5179 757 5240 8,
775 5180 926 5233 9.—¢
951 5178 1016 5233 Et
1030 5175 1500 5244 dixitEphraimus
1517 5176 1913 5231 :Verumtamen
1931 5174 2007 5232 di-

457 5286 553 5326 ves
573 5271 796 5324 ell'ectus
818 5286 958 5335 sum,
987 5270 1167 5325 inveni
1195 5268 1431 5323 solamen
1455 5267 1608 5321 mihi.
1634 5285 1652 5318 7
1679 5266 1837 5337 Atqui
1863 5268 2006 5338 inju-

460 5372 542 5416 ste
575 5367 827 5429 congesta
863 5359 1107 5428 pecunia,
1141 5358 1335 5430 gaudet
1371 5356 1572 5412 divitiis
1613 5356 1745 5421 suis,
1777 5374 2003 5427 quarum

459 5452 667 5507 dulcem
697 5465 852 5505 nsunt
879 5450 1164 5503 existimat.
1194 5469 1213 5501 ‹
1239 5448 1429 5503 Nullus
1450 5448 1598 5502 labor
1617 5448 1734 5518 ejus
1762 5450 2003 5505 invenie-

461 5553 547 5597 tur
585 5543 706 5612 ipsi,
750 5550 969 5611 propter
1010 5540 1318 5609 iniquitates
1358 5556 1491 5610 quas
1518 5538 1774 5610 peccaﬁt.
1801 5561 1818 5593 7
1848 5543 2011 5615 Atqui

457 5642 707 5702 reputare
740 5632 1017 5694 debuerat,
1053 5630 1235 5684 omnia
1269 5631 1384 5686 haec
1406 5646 1525 5700 quae
1552 5631 1761 5702 injustis
1789 5648 2007 5690 coacer-

458 5726 601 5779 vavit
632 5724 931 5791 laboribus,
962 5721 1198 5794 peritura
1230 5722 1452 5779 omnino
1484 5723 1621 5790 fore,
1655 5734 1873 5797 propter
1911 5726 2012 5784 ini-

2105 4516 2263 4571 πάλιν
2293 4516 2471 4580 αὐτοῖς
2495 4516 2592 4587 τὴν
2621 4515 2818 4569 κακίαν
2843 4517 3094 4572 ἐνταῦθα.
3125 4521 3501 4593 Ἀπεδείχθητε
3526 4524 3663 4596 γὰρ,

2103 4610 2286 4680 φησιν,
2346 4610 2494 4662 οὐδὲν
2550 4608 2928 4679 ἐλαττούμενοι
2980 4613 3088 4663 τῶν
3144 4613 3501 4679 Χαναναίων,
3566 4616 3670 4680 οὓς

2103 4701 2345 4755 ἐκϐαλὼν
2371 4702 2468 4772 τῆς
2494 4700 2671 4772 χώρας
2702 4701 2893 4768 ὁΘεὸς,
2915 4703 3003 4756 διὰ
3024 4704 3123 4774 τὴν
3159 4706 3448 4776 περιοῦσαν
3476 4708 3668 4774 αὐτοῖς

2106 4793 2356 4848 ἀσέὀειάν
2388 4811 2446 4846 τε
2475 4796 2569 4846 καὶ
2618 4795 2835 4860 κακίαν,
2868 4797 3011 4865 ὑμᾶς
3045 4798 3437 4867 ἀντεισήγαγεν
3470 4818 3482 4830 ·
3516 4800 3673 4854 οὕτω

2106 4885 2242 4955 πρὸς
2271 4883 2479 4937 ἀδικίαν
2505 4902 2563 4937 τε
2588 4884 2891 4954 βλέποντες,
2921 4888 3013 4939 καὶ
3037 4888 3174 4957 μετά
3200 4889 3402 4960 πολλῆς
3428 4892 3525 4961 τῆς
3549 4892 3674 4944 ἐπι-

2110 4975 2325 5047 μελείας
2380 4976 2503 5039 τοὺς
2562 4976 2977 5049 ἀσθενεστέρους
3034 4980 3173 5033 κατά
3210 4980 3307 5050 τὴν
3358 4982 3675 5055 προσοῦσαν

2109 5067 2237 5139 ύμῖν
2276 5068 2614 5131 ἐκθλίὸοντες
2639 5069 2969 5122 δυναστείαν.

2179 5179 2323 5248 Στίχ.
2353 5179 2495 5249 η’-θ¹.
2523 5213 2587 5221 —
2622 5198 2639 5231 ι
2669 5181 2777 5233 Kal
2806 5177 2955 5234 εἶπεν
2986 5182 3239 5253 Ἐφραίμο
3272 5183 3419 5254 Πλὴν
3440 5185 3678 5238 πεπλού·

2110 5286 2273 5341 τηκα.
2312 5270 2519 5342 εὕρηκα
2559 5273 2835 5343 ἀναψυχὴν
2863 5274 3102 5345 ἐμαυτῷ.
3140 5294 3159 5327 7
3198 5273 3329 5329 Εἶτα
3363 5276 3423 5342 ἐξ
3454 5278 3679 5344 ἀδικίας

2115 5362 2381 5430 συλλέγων
2409 5365 2683 5436 χρήματα,
2714 5365 2895 5436 ἥδεται
2928 5366 3021 5418 ἐπὶ⁸
3044 5365 3121 5437 τῷ
3144 5366 3410 5431 πλουτεῖν,
3446 5370 3518 5438 (p.
3551 5370 3628 5424 88
3658 5377 3676 5439 )

2114 5454 2207 5507 καὶ
2234 5454 2298 5525 δὴ
2334 5455 2425 5509 καὶ
2460 5457 2559 5527 τὴν
2596 5456 2653 5524 ἐξ
2680 5456 2853 5511 αὐτῶν
2886 5456 3181 5513 ἀπόλαυσιν
3222 5458 3403 5531 ἡδεῖαν
3434 5462 3676 5530 ἡγεῖται.

2120 5563 2138 5596 ι
2168 5546 2372 5610 Πάντες
2403 5550 2450 5601 οἱ
2489 5548 2637 5601 πόνοι
2687 5548 2844 5601 αὐτοῦ
2869 5549 2966 5620 οὐχ
3014 5549 3393 5622 εὑρεθήσονται
3430 5550 3580 5620 αὐτῷ
3610 5552 3681 5605 δι’

2115 5640 2325 5704 ἀδικίας
2347 5641 2411 5704 ἃς
2436 5642 2699 5711 ἥμαρτεν.
2738 5659 2757 5691 7
2792 5641 2915 5693 Δέον
2943 5642 3361 5711 ἀναλογίσασθαι
3391 5644 3472 5697 ὅτι
3500 5644 3682 5698 πάντα

2115 5732 2180 5805 δὴ
2206 5732 2380 5788 ταῦτα
2414 5732 2449 5786 ἃ
2475 5733 2611 5804 μετά
2651 5732 2978 5804 παρανόμων
3018 5736 3286 5805 συνήγαγε
3327 5735 3521 5802 πόνων,
3568 5736 3679 5789 ἀπ-
