3966 6222
276 261 381 314 197

1272 257 1820 314 COMMENTARIUS
1855 255 1920 310 IN
1960 256 2163 311 OSEA“.
2190 257 2343 313 CAP.
2394 257 2505 312 XII.

3415 256 3519 313 198

276 376 482 427 ολεῖται
527 372 700 425 πάντα
753 370 891 440 ὑπὲρ
935 370 1032 440 τῆς
1075 371 1284 434 ἀδικίας
1322 375 1437 444 μεθ’
1464 369 1532 444 ἦς
1561 375 1697 428 αὑτά
1730 390 1852 425 συν-

1969 373 2219 442 1uitatem
2250 389 2355 442 qua
2399 389 2463 426 ea
2495 370 2787 442 collegerat
2817 387 2829 422 :
2861 384 3053 438 nempe
3082 383 3204 423 cum
3242 367 3383 423 Deus
3408 371 3522 422 cri-

275 467 488 537 ήγαγεν
514 483 526 495 ·
567 462 731 516 ἐπειδ⁹
762 463 827 515 ἂν
849 463 979 525 θεὸς
1026 462 1133 515 τῶν
1163 467 1658 535 παρανομημάτων,
1687 467 1742 516 ἐν
1769 460 1849 524 οἷς

274 558 653 627 ἐξεταζόμενοι
686 554 967 615 διετέλουν,
1015 554 1166 617 δίκας
1199 556 1394 619 αὐτοὺς
1434 555 1850 628 εἰσπράττεσθαι

279 649 556 721 βούληται.
593 668 611 699 ι
654 646 793 715 Ἐγὼ
825 647 881 699 δὲ
920 646 1119 717 Κύριος
1144 648 1171 699 ὁ
1204 648 1333 712 θεός
1369 666 1459 701 σου
1488 650 1762 721 ἀνήγαγόν
1792 666 1849 701 σε

279 742 348 791 ἐκ
374 740 472 809 τῆς
498 738 793 806 Αἰγύπτου.
829 756 846 787 ›
884 738 1031 790 Ἔδει
1052 738 1109 790 δέ
1133 756 1189 790 σε
1218 738 1397 807 πάσης
1422 738 1719 809 ἀπέχεσθαι
1749 740 1855 792 ἁδι-

278 833 403 893 κίας
442 831 541 901 τῆς
581 829 718 882 κατά
747 829 853 881 τῶν
882 830 1152 900 πενήτων,
1200 829 1648 901 ἀναλογιζόμενον
1689 832 1768 883 ὅτι
1795 847 1852 883 σε

279 926 339 976 ἐν
365 922 580 993 δουλείᾳ
606 922 919 975 καθεστῶτα
942 923 1135 993 πικρᾷ,
1161 921 1408 988 ἐξέϐαλον
1431 923 1529 993 τῆς
1558 921 1851 989 Αἰγύπτου.

282 1034 305 1065 4
340 1016 464 1067 Ἔτι
494 1013 754 1067 λατοικιῶ
786 1030 842 1064 σε
876 1014 933 1065 ἐν
963 1016 1185 1082 σκηναῖς
1219 1011 1398 1077 καθὼς
1432 1015 1488 1065 ἐν
1522 1014 1702 1084 ἡμέρα
1739 1014 1857 1083 ἐορ-

284 1106 407 1175 τῆς.
443 1124 461 1153 ι
501 1105 606 1156 Καὶ
644 1104 708 1172 δὴ
748 1104 841 1155 καὶ
880 1103 1087 1173 οἴκησίν
1134 1120 1214 1155 σοι
1258 1105 1547 1173 παρέσχον,
1596 1104 1680 1155 ἵνα
1729 1105 1857 1176 εἴπῃ

284 1199 387 1267 τῆς
412 1198 513 1267 γῆς
542 1197 635 1264 τῆς
664 1195 991 1262 ἐπαγγελίας
1014 1196 1110 1265 τὴν
1133 1197 1448 1259 ἀπόλαυσιν,
1476 1196 1749 1267 ἑορτάζειν
1776 1213 1856 1249 σοι

290 1288 588 1358 παρασχὼν
618 1292 673 1341 ἐν
719 1291 784 1357 τῇ
816 1287 921 1339 τῶν
952 1288 1397 1359 ’προσγεγονότων
1434 1288 1725 1342 ἀπολαύσει
1751 1304 1779 1319 ’ν
1798 1289 1859 1340 τὸ

290 1382 403 1451 γὰρ
449 1400 466 1431 ι
502 1381 778 1438 κατοικιῶ,
818 1399 835 1429 ι
884 1381 1002 1433 ἀντὶ
1059 1382 1183 1444 τοῦ,
1236 1380 1536 1451 κατῴκισα,
1584 1381 1749 1448 λέγει,
1792 1383 1856 1451 τῇ

288 1474 559 1541 ἐναλλαγῇ
580 1473 670 1525 τοῦ
694 1473 883 1543 χρόνου
904 1472 1143 1543 συνήθως
1162 1473 1497 1543 χρησάμενος
1519 1490 1530 1503 ⁸
1562 1473 1787 1542 σύνηθες
1802 1474 1859 1526 δὲ

286 1565 446 1617 τοῦτο
484 1566 577 1618 καὶ
609 1564 821 1616 ἐπὶτῶν
844 1564 1085 1635 Ψαλμῶν
1120 1564 1400 1636 ἐδείξαμεν
1422 1565 1706 1637 αὐτάρκως
1721 1584 1733 1597 ·
1751 1560 1861 1619 οἷόν

289 1661 407 1712 ἐστι
422 1659 504 1720 τὸ,
529 1677 545 1705 ι
570 1658 712 1727 Ἐγὼ
728 1660 783 1712 δὲ
810 1659 942 1729 πρὸς
957 1659 1046 1711 τὸν
1064 1659 1192 1711 Θεὸν
1207 1658 1492 1729 ἐκέκραξα,
1512 1660 1604 1712 καὶ
1616 1661 1646 1711 ὁ
1662 1660 1861 1729 Κύριος

292 1752 579 1822 εἰσήκουσέ
630 1770 729 1820 μου
750 1768 763 1781 ’
803 1771 823 1802 ι
860 1746 939 1814 οἷς
969 1752 1199 1818 ἐπάγει·
1241 1770 1259 1802 ι
1307 1753 1572 1823 Ἐσπέρας
1596 1755 1688 1805 καὶ
1720 1752 1862 1823 πρωῒ

290 1843 384 1895 καὶ
422 1843 767 1914 μεσημϐρίας
795 1843 1139 1913 διηγήσομαι,
1176 1843 1268 1896 καὶ
1288 1843 1598 1912 ἀπαγγελῶ,
1630 1845 1723 1897 καὶ
1753 1847 1863 1898 είσ-

286 1935 585 1989 ἀκούσεται
630 1936 725 2004 τῆς
777 1936 958 2005 φωνῆς
1007 1953 1136 2005 μου·
1182 1955 1199 1986 ι
1228 1937 1401 1989 καίτοι
1454 1954 1516 2004 γε
1559 1937 1621 1990 τὸ
1670 1956 1688 1987 ι
1753 1938 1864 1991 είσ-

286 2026 494 2097 ήκουσε
533 2046 549 2075 ι
585 2026 664 2092 τῷ
701 2045 719 2076 ι
752 2026 1124 2078 εἰσακούσεται
1156 2048 1173 2077 ι
1208 2029 1306 2080 οῦκ
1340 2027 1625 2082 ἀκόλουθον
1646 2046 1658 2057 ·
1685 2030 1732 2082 εί
1756 2028 1866 2101 γὰρ

286 2118 506 2185 γέγονε,
535 2116 588 2168 τί
618 2117 679 2187 δὴ
710 2116 954 2184 γενέσθαι
992 2117 1165 2181 sitsi;
1209 2117 1367 2169 ’Λλλά
1399 2119 1490 2169 καὶ
1515 2117 1575 2170 τὸ
1601 2118 1863 2188 πρότερον

285 2212 367 2275 τδ,
411 2212 493 2281 (p.
521 2211 613 2277 89)
655 2230 671 2261 ι
717 2210 811 2262 καὶ
854 2210 883 2258 ὁ
921 2209 1121 2280 Κύριος
1166 2210 1450 2280 είσήκουσέ
1500 2227 1622 2280 μου,
1660 2228 1678 2260 ι
1717 2208 1863 2277 λέγει

287 2304 409 2356 ἀντὶ
438 2302 558 2360 τοῦ,
595 2301 968 2354 είσακούσεται
988 2318 1001 2331 ·
1025 2303 1116 2354 καὶ
1144 2301 1279 2363 ὅλως
1314 2303 1403 2354 καὶ
1429 2302 1559 2354 πολὺ
1585 2300 1680 2369 καὶ
1704 2319 1865 2370 κεχυ-

292 2396 453 2465 μένον
473 2397 532 2446 ἐν
548 2398 660 2456 τοῖς
681 2394 927 2463 Ψαλμοῖς
948 2396 1008 2446 ἐκ
1030 2394 1119 2446 τοῦ
1147 2393 1431 2464 ἰδιώματος
1448 2394 1755 2465 εὑρίσκεται
1771 2391 1862 2445 τοῦ

301 2486 633 2558 Ἐϐραῖχοῦο
680 2486 800 2539 ὅθεν
852 2486 916 2556 δὴ
963 2486 1054 2537 καὶ
1106 2486 1254 2557 παρὰ
1288 2488 1397 2548 τοῖς
1430 2486 1755 2555 προφήταις,
1789 2483 1864 2546 ὡς

288 2580 459 2643 εἰκὸς,
498 2579 559 2630 τὸ
590 2578 718 2630 αὐτὸ
749 2578 811 2647 δὴ
852 2578 1007 2630 τοῦτο
1034 2578 1180 2646 εῦροι
1214 2594 1297 2639 τις
1335 2577 1426 2631 ἀν’
1457 2577 1529 2639 ώς
1553 2579 1679 2630 ὅταν
1707 2576 1861 2647 λέγῃ·

298 2689 319 2722 ι
362 2673 448 2734 Ὡς
486 2670 756 2741 πρόϐατον
784 2669 876 2722 ἐπὶ
905 2669 1112 2741 σφαγὴν
1142 2670 1304 2741 ήχθη,
1349 2689 1368 2721 ι
1404 2670 1523 2723 ἀντὶ
1549 2668 1641 2722 τοῦ
1669 2670 1864 2735 εἰπεῖν,

292 2761 611 2829 ἀχθήσεται.

364 2853 514 2921 Στίχ.
553 2857 709 2904 ι’-ια’.
743 2882 811 2891 -
843 2868 863 2901 ‹
904 2850 1009 2902 Καὶ
1038 2850 1272 2919 ἐλάλησα
1317 2849 1450 2920 πρὸς
1480 2851 1605 2913 τοὺς
1653 2850 1863 2921 προφή-

289 2956 423 3002 τας·
466 2940 564 2991 καὶ
594 2938 703 3006 ἐγὼ
745 2939 961 3008 ὁράσεις
994 2937 1289 3008 ἐπλήθυνα,
1319 2940 1411 2991 καὶ¹
1440 2939 1499 2991 ὲν
1542 2940 1698 3010 χερσὶ
1732 2955 1867 3009 προ-

1952 465 2181 529 minum,
2215 480 2446 533 quorum
2495 464 2573 517 illi
2622 470 2750 518 sunt
2793 462 3050 523 convicti,
3076 475 3266 530 pmnas
3309 477 3526 517 sumere

1951 557 2115 610 volet.
2158 576 2175 607 ι
2218 555 2284 608 Et
2332 555 2440 626 Ego
2488 553 2753 608 Dominus
2807 554 3101 608 Dcustuus
3153 553 3315 609 eduxi
3360 563 3411 607 te
3456 569 3521 608 ex

1952 648 2206 719 «Egypto.
2245 668 2264 699 ι
2302 645 2445 702 Sane
2489 646 2773 717 oportebat
2815 646 3092 700 abstinere
3128 654 3180 701 te
3228 646 3299 700 ah
3340 645 3527 715 oppri-

1954 740 2165 794 mendis
2225 738 2425 807 injuste
2475 739 2830 808 pauperibus,
2878 746 3223 807 reputantem
3268 738 3415 806 quod
3470 737 3526 789 in

1957 846 2144 885 amara
2179 830 2444 885 servitute
2496 845 2622 884 cum
2675 830 2922 898 degeres,
2976 827 3210 900 Egypto
3249 837 3300 883 te
3346 829 3523 898 abegi.

1962 944 1980 975 ‹
2030 924 2224 977 Adhuc
2262 922 2510 975 habitare
2538 930 2590 976 te
2633 921 2829 975 faciam
2876 921 2930 975 in
2969 922 3355 984 tabernaculis,
3382 922 3528 976 sicut

1958 1016 2011 1069 in
2044 1015 2131 1069 die
2165 1015 2552 1069 solemuitatis.
2595 1033 2612 1065 ι
2648 1014 2788 1079 Quin
2824 1016 2984 1067 etiam
3029 1013 3394 1068 habitaculum
3424 1014 3527 1067 tibi

1957 1108 2149 1169 obtuli,
2206 1108 2258 1162 id
2302 1117 2404 1168 est,
2446 1108 2727 1175 promissae
2770 1114 2927 1160 terrae
2977 1105 3285 1175 jucundum
3341 1122 3525 1164 usum.

1960 1200 2199 1255 festalem
2236 1201 2330 1253 tihi
2359 1199 2596 1253 lretitiam
2626 1199 2734 1269 58
2760 1199 3007 1268 praebens
3033 1199 3085 1251 in
3112 1198 3378 1252 bonorum
3404 1205 3530 1252 tuo-

1959 1308 2079 1347 rum
2116 1291 2425 1345 usufructu.
2460 1291 2701 1360 Namque
2727 1310 2747 1342 ι
2770 1290 3018 1345 habitare
3047 1290 3263 1354 faciam,
3293 1308 3314 1342 ι
3347 1291 3529 1357 posuit

1959 1398 2079 1453 pro,
2107 1383 2353 1436 habitare
2382 1381 2508 1443 feci,
2546 1382 2704 1435 solita
2726 1390 3030 1449 temporum
3060 1380 3304 1448 enallage
3327 1386 3486 1433 utens
3510 1401 3525 1435 :

1959 1490 2117 1544 quem
2162 1490 2366 1528 morem
2405 1489 2525 1528 esse.
2563 1490 2779 1542 quoque
2829 1474 3192 1531 l‘salmorum,
3244 1472 3377 1526 satis
3413 1473 3528 1539 jam

1960 1567 2478 1620 demonstravimus.
2508 1563 2682 1618 Veluti
2713 1573 2794 1617 est
2828 1563 2959 1617 illud
2995 1583 3008 1617 :
3046 1582 3063 1613 ι
3107 1563 3214 1633 Ego
3249 1573 3427 1618 autem
3460 1564 3527 1617 ad

1967 1657 2132 1711 Deum
2162 1656 2416 1718 clamavi,
2457 1663 2511 1711 et
2539 1654 2806 1710 Dominus
2838 1653 3115 1708 exaudivit
3141 1669 3230 1707 me
3254 1654 3352 1707 “.i
3391 1652 3526 1719 Qui-

1964 1748 2065 1802 bus
2098 1745 2285 1800 addit:
2315 1764 2335 1796 ι
2368 1744 2603 1815 Vespere
2618 1752 2673 1798 et
2696 1757 2853 1797 mane
2875 1757 2937 1795 ac
2969 1742 3195 1796 meridie
3221 1743 3455 1796 narrabo
3474 1748 3529 1796 et

1961 1836 2320 1897 aunuutiabo,
2346 1846 2399 1889 et
2420 1848 2611 1889 vocem
2632 1848 2809 1888 meam
2827 1832 3133 1886 exaudiet.»
3160 1832 3324 1902 Atqui
3351 1833 3526 1902 prius,

1966 1945 1987 1981 ι
2005 1926 2300 1999 exaudivit,
2316 1956 2331 1983 ι
2370 1926 2745 1995 subsequenti.
2768 1941 2789 1974 ι
2816 1923 3093 1984 exaudiet,
3127 1942 3146 1975 ι
3168 1933 3375 1977 nonest
3392 1938 3527 1977 con-

1962 2028 2305 2075 sentaneum.
2326 2017 2460 2072 Nam
2478 2019 2525 2074 si
2540 2017 2742 2072 factum
2763 2024 2868 2079 est,
2886 2031 2985 2070 cur
3003 2014 3116 2070 fieri
3136 2015 3405 2084 postulat?
3422 2014 3529 2069 Sed

1961 2109 2105 2163 enim
2139 2109 2289 2177 prius
2308 2106 2464 2172 illud,
2491 2125 2510 2158 ‹
2536 2114 2590 2160 et
2612 2104 2875 2159 Dominus
2914 2102 3316 2167 exaudivitme,
3343 2124 3364 2153 ι
3394 2102 3531 2155 dicit

1963 2202 2146 2272 potius
2206 2214 2339 2267 pro,
2389 2200 2643 2254 exaudiet
2695 2212 2800 2253 me.
2863 2198 2923 2253 ln
2963 2211 3198 2259 summa,
3230 2210 3372 2264 saepe
3402 2209 3528 2264 pas-

1963 2298 2176 2363 simque
2196 2293 2284 2346 hic
2315 2291 2611 2346 llebraicus
2639 2290 2945 2344 idiotismus
2974 2290 3237 2347 occurrit.
3267 2289 3446 2354 Quare
3474 2293 3530 2340 et

1963 2387 2104 2457 apud
2140 2386 2453 2456 prephetas,
2482 2393 2541 2438 ut
2568 2398 2667 2452 par
2688 2391 2790 2445 est,
2822 2398 2933 2436 rem
2966 2382 3213 2436 eamdem
3237 2381 3530 2435 observare

1962 2476 2183 2531 cuilibet
2222 2474 2442 2540 licebit;
2497 2472 2664 2527 veluti
2698 2490 2712 2526 :
2755 2490 2776 2524 ι
2818 2470 2884 2524 l't
2936 2472 3054 2525 ovis
3094 2470 3161 2523 ad
3196 2470 3530 2524 occisionem

1963 2569 2163 2624 ductus
2187 2574 2271 2621 est
2301 2565 2366 2628 ³⁸,
2408 2585 2428 2615 ι
2468 2580 2588 2634 pro,
2620 2566 2868 2617 ducetur.

2036 2856 2204 2911 Vens.
2239 2856 2427 2910 lO-ll.
2456 2885 2525 2895 —
2559 2874 2577 2906 ι
2618 2852 2683 2907 Ει
2718 2854 2934 2907 locutus
2963 2867 3084 2907 sum
3114 2851 3179 2904 ad
3219 2848 3533 2918 prophetas,

1964 2958 2020 3004 et
2042 2966 2141 3019 ego
2165 2949 2405 3004 visiones
2440 2947 2817 3015 multiplicavi,
2847 2956 2900 2999 et
2934 2946 2986 2997 in
3025 2943 3275 2996 manibus
3303 2940 3537 3012 prophe—

292 3035 479 3107 φητῶν
532 3033 841 3103 ώμοιώθην.
882 3052 899 3083 ι
950 3031 1088 3100 Ἐγὼ
1134 3032 1197 3103 δὴ
1249 3032 1367 3084 τότε
1428 3034 1521 3086 καὶ
1581 3035 1864 3106 προφήτας

1969 3051 2142 3097 tarum
2195 3040 2531 3095 assimilatus
2572 3053 2714 3092 sum.
2754 3057 2772 3088 ι
2828 3037 2937 3107 Ιιῖεο
2983 3042 3037 3089 et
3079 3034 3369 3103 prophetas
3404 3043 3535 3086 tunc

390 3126 415 3139 δ

290 3124 563 3189 ἀνέδειξα,
592 3125 685 3177 καὶ
718 3124 990 3176 όπτασιῶν
1023 3123 1226 3192 ήξίωσα
1257 3125 1381 3187 τοὺς
1413 3124 1531 3176 τότε
1577 3124 1859 3189 πλείστων,

293 3214 651 3286 πολυτρόπως
699 3231 757 3266 τε
818 3214 1225 3284 ἐπιφαινόμενος
1267 3217 1379 3275 τοῖς
1434 3215 1553 3268 τότε
1601 3216 1860 3280 δικαίοις,

290 3309 519 3361 ιίωῦσεί
550 3323 608 3357 τε
655 3305 796 3373 λέγω
838 3307 927 3358 καὶ
971 3306 1141 3375 Ἰησοῦ
1188 3305 1265 3375 τῷ
1294 3306 1447 3375 Ναυῆ
1479 3307 1573 3360 καὶ
1603 3311 1712 3370 τοῖς
1744 3310 1861 3362 κατ’

291 3400 564 3459 ἐκείνους·
598 3398 809 3451 ᾶπαντα
836 3397 890 3449 δὲ
911 3396 1080 3449 ταῦτα
1109 3396 1363 3468 πράττειν
1396 3397 1713 3468 αἱρούμενος
1740 3416 1864 3469 προσ

294 3489 503 3559 θύμως.
546 3483 621 3541 ὧν
661 3488 821 3558 ἐχρῆν
874 3488 1247 3559 μεμνημένους
1307 3489 1590 3559 ἀρκεῖσθαι
1633 3493 1742 3553 τοῖς
1782 3491 1866 3545 δο-

294 3578 456 3637 θεῖσι,
510 3577 587 3647 μὴ
626 3579 761 3646 μετά
805 3576 1018 3638 ἀδικίας
1060 3577 1490 3647 ἀφαιρουμένους
1535 3579 1603 3631 τὰ
1644 3579 1862 3649 ἐτέρων.

300 3684 320 3717 ι
358 3667 421 3719 Ei
456 3666 536 3736 μὴ
571 3664 782 3717 Γαλαάδ
823 3666 988 3727 ἐστιν,
1029 3664 1135 3734 ἀρα
1162 3666 1373 3734 ψευδεῖς
1414 3664 1552 3737 ἦσαν
1583 3670 1638 3720 ὲν
1667 3669 1869 3737 Γαλγά-

294 3760 424 3819 λοις.
470 3780 489 3809 ι
531 3758 718 3810 Ταῦτα
772 3758 835 3828 δή
884 3776 1077 3828 φησιν·
1122 3761 1180 3812 Εἰ
1234 3762 1328 3829 μὲν
1371 3762 1435 3813 ἐκ
1483 3761 1691 3815 Γαλαὰδ
1744 3764 1870 3832 ὑμῖν

297 3852 509 3921 ὑπῆρξε
546 3852 641 3902 καί
685 3850 971 3918 Γαλγάλων
1020 3853 1136 3922 (ἵνα
1170 3852 1317 3921 εἴπῃ,
1354 3854 1418 3905 ἐκ
1443 3851 1551 3906 τῶν
1580 3853 1870 3924 εἰδώλων),

292 3938 443 4011 εἶχεν
476 3941 543 3994 ἀν
558 3959 679 3993 τινα
700 3942 991 4009 ἀπολογίαν
1016 3943 1140 4012 ύμῖν
1158 3942 1223 3995 τὰ
1238 3942 1329 3995 νῦν
1347 3947 1691 4016 πραττόμενα
1710 3963 1722 3976 ⁸
1752 3948 1800 3999 εί
1816 3945 1875 4001 δὲ

300 4035 439 4104 μήτε
474 4034 543 4085 ἐκ
570 4033 781 4086 Γαλαὰδ
808 4034 956 4104 ὑμῖν,
984 4035 1117 4104 μήτε
1147 4036 1211 4087 ἐκ
1238 4035 1546 4105 Γαλγάλων,
1576 4038 1870 4104 τουτέστιν,

302 4128 347 4177 εί
382 4124 458 4195 μὴ
494 4127 561 4177 ἐκ
580 4125 688 4176 τῶν
717 4125 948 4178 εἰδώλων
979 4127 1104 4197 ὑμῖν
1141 4128 1491 4198 προσγέγονε,
1522 4130 1636 4193 πῶς
1659 4130 1719 4182 οὐ
1744 4129 1874 4201 πρό-

298 4218 457 4291 δηλον
484 4219 567 4270 ὅτι
596 4217 674 4287 τῷ
694 4217 873 4295 ψεύδει
902 4221 1333 4291 προστετήκατε;
1366 4220 1478 4275 Νῦν
1502 4221 1597 4293 τὴν
1621 4222 1876 4293 ἀλήθειαν

300 4312 558 4379 ἀφέντες,
593 4312 925 4374 ἀποστάντες
956 4311 1056 4382 μὲν
1106 4312 1199 4365 τοῦ
1234 4312 1541 4384 εὐεργέτου,
1591 4315 1877 4378 νεύσαντες

1966 3133 2189 3204 protuli,
2217 3140 2269 3185 et
2292 3130 2597 3185 visionibus
2649 3127 2901 3194 plurimis
2956 3126 3103 3178 illius
3141 3126 3403 3193 temporis
3440 3123 3537 3177 ho-

1967 3226 2141 3278 mines
2169 3224 2424 3292 dignatus
2454 3237 2597 3282 sum,
2647 3229 2698 3273 et
2732 3217 3084 3271 multifariam
3114 3216 3277 3284 justis
3309 3214 3416 3269 illis
3446 3228 3538 3284 sp-

1967 3316 2147 3385 parui,
2173 3312 2341 3383 Moysi
2374 3312 2617 3380 inquam.
2647 3319 2699 3365 ct
2729 3308 2856 3365 Jesu
2897 3309 3011 3361 ﬁlio
3041 3306 3196 3369 Navi,
3220 3313 3273 3360 et
3295 3312 3539 3359 contem-

1969 3407 2246 3478 poraneis.
2278 3404 2409 3470 Quae
2442 3419 2565 3458 cum
2594 3404 2779 3455 omnia
2813 3402 3039 3455 liheutcr
3070 3400 3343 3458 fecissem.
3374 3412 3540 3465 opor-

1972 3496 2121 3552 tebat
2150 3512 2283 3551 sane
2313 3496 2506 3548 horum
2548 3508 2841 3557 memores,
2876 3492 3018 3545 datis
3056 3505 3178 3545 esse
3226 3496 3535 3552 contentos,

1969 3602 2145 3656 neque
2191 3602 2291 3656 per
2324 3585 2648 3653 iniustitiam
2683 3584 2856 3636 aliena
2898 3596 3109 3649 rapere.
3165 3598 3183 3630 ι
3236 3578 3291 3632 Si
3332 3578 3533 3633 Galaad

1969 3695 2076 3734 non
2108 3687 2211 3744 est,
2245 3677 2431 3747 utique
2486 3676 2607 3729 falsi
2654 3674 2868 3728 fuerant
2931 3674 2985 3726 in
3037 3671 3298 3740 Galgalis.
3359 3689 3377 3721 ι
3420 3668 3537 3723 Hoc

1969 3768 2101 3822 dicit
2138 3786 2150 3821 :
2189 3766 2469 3835 Siquidem
2513 3780 2578 3819 ex
2618 3762 2822 3817 Galaad
2870 3769 2925 3816 et
2977 3760 3216 3830 Galgalis
3257 3760 3412 3813 vobis
3442 3775 3538 3814 su-

1971 3867 2236 3932 peresset,
2266 3858 2317 3912 id
2337 3867 2440 3923 est,
2474 3872 2539 3910 ex
2568 3855 2749 3919 idolis,
2776 3854 3039 3908 haberent
3089 3852 3319 3906 fortasse
3362 3850 3541 3905 defen-

1972 3952 2182 4009 sionem
2230 3951 2466 4019 aliquam
2499 3957 2679 4004 vestra
2716 3962 2908 4017 opera;
2963 3945 3047 4000 sin
3095 3960 3222 3999 vero
3255 3958 3427 4012 neque
3469 3958 3538 3997 ex

1973 4044 2176 4100 Galaad
2208 4058 2385 4112 neque
2409 4057 2475 4096 ex
2509 4040 2765 4111 Galgalis,
2810 4039 2860 4092 id
2903 4048 3009 4100 est,
3038 4037 3086 4093 si
3122 4036 3256 4090 nihil
3284 4035 3351 4088 ab
3377 4033 3540 4088 idolis

1974 4137 2128 4191 vobis
2152 4134 2409 4197 accessit,
2444 4132 2634 4202 quidni
2684 4133 2754 4191 sit
2795 4130 3135 4199 exploratum
3164 4142 3262 4181 vos
3284 4125 3361 4181 rei
3388 4125 3539 4178 falsa:

1976 4225 2311 4282 adhaesisse?
2350 4224 2507 4278 Nunc
2548 4223 2830 4277 veritatem
2866 4217 3209 4280 deseruistis.
3257 4231 3288 4270 a
3318 4213 3542 4270 benefa-

1977 4327 2128 4375 ctore
2165 4327 2352 4374 vestro
2378 4316 2704 4377 recessistis,
2756 4322 2918 4381 atque
2952 4311 3019 4364 ad
3049 4309 3184 4363 nihil
3223 4307 3541 4377 profuturos

302 4402 359 4455 δὲ
392 4403 533 4473 πρὸς
560 4402 687 4464 τοὺς
720 4402 1066 4472 ώφεληκότας
1109 4404 1288 4459 οὐδέν’
1322 4397 1440 4458 εἷτα
1491 4405 1697 4469 τούτοις
1741 4407 1867 4476 μετὰ

1983 4408 2157 4480 (deos)
2182 4407 2517 4467 accessistis.
2542 4406 2742 4475 quibus
2761 4401 3023 4457 sacrificia
3055 4414 3177 4453 cum
3206 4396 3543 4468 principibus

304 4494 409 4544 τῶν
448 4493 581 4562 παρ’
617 4494 745 4561 ὑμῖν
799 4494 1070 4563 ἀρχόντων
1112 4496 1209 4559 τὰς
1255 4496 1441 4559 Θυσίας
1492 4496 1876 4562 ἐπιτελοῦντες·

307 4586 383 4651 (p.
418 4583 535 4650 90)
586 4582 696 4635 ἀπὸ
729 4582 835 4652 γὰρ
877 4601 893 4632 ι
929 4582 1136 4636 Γαλαὰδ
1173 4604 1190 4634 ι
1235 4586 1328 4639 καὶ
1363 4605 1381 4637 ι
1431 4586 1720 4654 Γαλγάλων
1760 4606 1779 4637 ι
1812 4586 1881 4641 τὰ

307 4675 502 4727 εἴδωλα
545 4675 715 4741 λέγει.
760 4675 846 4737 Ὠς
883 4676 977 4728 καὶ
1023 4676 1277 4747 ἀνωτέρω
1317 4680 1473 4748 φησὶ,
1514 4697 1530 4729 ι
1568 4679 1658 4749 Μὴ
1701 4679 1883 4732 εἰσπο-

312 4764 531 4836 ρεύετθε
574 4766 653 4827 εἰς
686 4765 952 4833 Γάλγαλα,
994 4785 1011 4817 ι
1037 4767 1122 4819 ἵνα
1149 4769 1296 4839 εἴπῃ,
1324 4769 1413 4837 Μὴ
1444 4769 1571 4838 περὶ
1598 4769 1663 4821 τὰ
1690 4768 1884 4823 εἴδωλα

312 4856 482 4925 ἔχετε,
514 4857 625 4909 ἀπὸ
660 4855 752 4907 τοῦ
780 4856 941 4908 τόπου
977 4857 1042 4911 τὰ
1074 4859 1132 4910 ὲν
1158 4858 1336 4920 αὐτοῖς
1370 4857 1771 4929 θεραπευόμενα
1796 4859 1885 4914 λέ-

314 4962 450 5012 γων·
491 4947 662 5008 οῦτως
700 4947 790 4998 καὶ
811 4946 1043 5001 ἐνταῦθα
1080 4948 1289 5000 Γαλαὰδ
1321 4948 1588 5018 μέμνηται
1623 4951 1716 5003 καὶ
1754 4951 1886 5004 Γαλ-

319 5038 513 5105 γάλων,
544 5040 604 5091 ἐν
636 5034 717 5101 οἷς
750 5039 918 5109 πολλή
958 5057 1038 5103 τις
1069 5042 1103 5110 ἡ
1134 5041 1259 5110 περὶ
1302 5041 1369 5094 τὰ
1401 5041 1591 5094 εἴδωλα
1623 5044 1885 5113 θεραπεία

320 5127 520 5194 ἐγίνετο
541 5144 553 5155 ’
580 5128 688 5180 ἀπὸ
713 5123 806 5180 οὖν
836 5127 942 5179 τῶν
971 5128 1147 5181 τόπων
1171 5128 1267 5198 τὴν
1294 5128 1400 5181 τῶν
1424 5129 1653 5183 εἰδώλων
1690 5133 1886 5201 σημαί-

321 5235 397 5270 νει
418 5220 743 5289 θεραπείανο
770 5219 927 5272 τοῦτο
954 5219 1143 5287 λέγων,
1167 5221 1248 5273 ὅτι
1268 5221 1546 5274 Τοσούτων
1567 5224 1693 5292 ὑμῖν
1721 5226 1887 5293 ὑπαρ-

324 5308 520 5374 ξάντων
578 5313 706 5380 παρ’
740 5311 895 5381 ἐμοῦ,
952 5312 1016 5363 ὲκ
1052 5311 1107 5363 δὲ
1160 5312 1267 5364 τῶν
1321 5313 1585 5382 δαιμόνων
1638 5316 1724 5367 καὶ
1777 5315 1885 5368 τῶν

320 5406 549 5458 εἰδώλων
579 5407 815 5471 οὐδενὸς,
866 5406 924 5472 ἐξ
978 5406 1190 5475 ἀπάτης
1232 5406 1340 5476 ἄρα
1375 5410 1470 5459 καὶ
1506 5408 1603 5477 τῆς
1652 5409 1779 5479 περὶ
1826 5407 1887 5460 τὸ

319 5496 510 5565 diem
558 5499 751 5569 ῥοπῆς,
791 5498 925 5568 ἐμοῦ
962 5498 1059 5568 μὲν
1107 5499 1468 5570 ἀφεστήκατε,
1523 5501 1649 5571 περὶ
1690 5502 1745 5555 δὲ
1789 5503 1887 5566 τὰς

324 5591 544 5645 ἐκείνων
584 5592 733 5661 ἔχετε
763 5593 970 5654 θυσίας.
1012 5609 1031 5643 ι
1072 5592 1178 5644 Καὶ
1212 5591 1280 5646 τὰ
1308 5591 1662 5665 θυσιαστήρια
1710 5594 1887 5648 αὐτῶν

395 5752 444 5785 ³³
484 5751 627 5807 Psal.
669 5767 777 5820 uv,
808 5753 895 5807 l7.
974 5752 1017 5784 ³⁸
1051 5752 1155 5807 lsa.
1192 5767 1310 5821 ιιιι,
1341 5752 1392 5805 7.

1974 4503 2173 4559 vestris
2195 4500 2422 4555 offertis.
2444 4497 2577 4552 Nam
2599 4516 2617 4549 ι
2648 4493 2850 4549 Galaad
2878 4512 2898 4546 ι
2919 4500 2972 4547 et
2993 4511 3010 4542 ι
3036 4489 3377 4560 Galgalorum
3402 4506 3421 4538 ι
3445 4503 3544 4541 no-

1975 4594 2216 4649 minibus
2244 4592 2385 4646 idola
2407 4591 2559 4645 dicit.
2582 4586 2735 4642 Sicut
2755 4596 2810 4640 et
2831 4591 2977 4637 retro
2993 4578 3098 4632 ait:
3126 4595 3143 4626 ι
3166 4576 3244 4631 Ne
3260 4574 3468 4630 abeatis
3487 4576 3543 4629 in

1976 4681 2221 4751 Galgala,
2251 4699 2268 4731 ι
2304 4679 2358 4733 id
2384 4676 2583 4741 est,Ne
2612 4676 2677 4731 ad
2695 4672 2837 4727 idola
2862 4667 3155 4727 accedatis,
3185 4680 3213 4717 a
3252 4665 3390 4723 loco,
3426 4663 3544 4715 cul-

1980 4780 2067 4826 tos
2097 4771 2207 4825 illic
2242 4770 2374 4823 deos
2414 4766 2603 4819 dicens
2634 4781 2648 4817 :
2682 4763 2769 4815 hic
2816 4761 3022 4831 pariter
3050 4755 3250 4811 Galaad
3286 4753 3394 4822 59
3424 4768 3541 4805 me—

1980 4868 2156 4915 morat
2185 4865 2239 4912 et
2269 4855 2513 4925 Galgala.
2548 4853 2603 4906 in
2647 4850 2845 4919 quibus
2902 4847 3170 4899 idolorum
3221 4842 3400 4893 cultus
3434 4836 3542 4889 fre-

1981 4949 2377 5023 quentabatur;
2430 4960 2460 4997 a
2516 4944 2674 5005 locis,
2726 4943 2969 5009 inquam,
3020 4934 3286 4987 idolorum
3336 4929 3541 4982 cultum

1980 5044 2225 5099 denotat.
2259 5038 2481 5093 Summa
2513 5046 2690 5090 autem
2723 5032 2987 5088 sermonis
3020 5036 3104 5081 est
3141 5044 3154 5078 ε
3189 5023 3342 5089 Quod
3374 5023 3544 5076 tantis

1982 5150 2012 5189 a
2040 5150 2126 5189 me
2156 5131 2397 5202 acceptis
2425 5128 2725 5189 bencliciis,
2778 5124 2938 5177 nullis
2981 5134 3110 5172 vero
3140 5133 3168 5169 a
3207 5116 3555 5170 daemonibus

1983 5235 2148 5295 atque
2185 5225 2368 5287 idolis,
2413 5223 2662 5291 sequitur
2687 5228 2746 5271 ut
2782 5212 2967 5269 fraude
2999 5209 3161 5263 illecti
3194 5218 3247 5263 et
3285 5206 3541 5261 falsitatis

1985 5317 2205 5380 affectu,
2242 5332 2269 5368 a
2302 5331 2383 5369 me
2418 5310 2773 5369 recesseritis,
2804 5313 2856 5361 et
2884 5305 3098 5357 illorum
3132 5301 3403 5357 sacrificia
3432 5298 3541 5351 fre-

1987 5409 2281 5476 quentetis.
2325 5424 2340 5456 ι
2384 5402 2447 5457 ω
2483 5402 2674 5456 altaria
2719 5413 2904 5453 eorum
2957 5395 3114 5465 quasi
3157 5390 3461 5447 testudines
3493 5388 3549 5441 in

1990 5502 2109 5556 solo
2139 5495 2454 5567 campestri.
2495 5515 2512 5546 ι
2549 5491 2768 5545 Nullum
2816 5486 3043 5557 capietis
3079 5482 3246 5538 vestri
3286 5493 3413 5547 erga
3458 5477 3551 5529 illa

1991 5591 2155 5649 studii
2186 5590 2634 5648 emolumentum,
2690 5581 2816 5653 quia
2866 5581 2979 5635 haec
3021 5575 3200 5632 oumia
3252 5585 3413 5626 manu
3451 5567 3554 5623 ho-
