3976 6226
371 273 471 328 19⁸.)

1560 265 1907 322 TIIEODORI
1949 265 2425 323 MOPSUESTENI

3485 263 3599 323 200

368 384 532 438 stium
564 381 807 437 destruet
833 382 995 437 Deus.
1034 382 1167 436 Nam
1213 386 1338 452 quia
1394 384 1609 439 testudo
1642 382 1745 436 sub
1775 381 1931 450 aquis

2052 381 2105 443 ὓς
2125 381 2349 449 χελῶναι
2378 380 2469 433 ἐπὶ
2496 383 2685 451 χέρσον
2714 380 2902 451 ἀγροῦ.
2942 399 2962 432 ι
3000 380 3192 435 Ἔσται
3218 377 3326 449 γὰρ
3352 380 3479 450 ὑμῖν
3504 380 3585 432 οὗ·

371 476 618 529 hahitare
648 475 830 536 solita,
860 476 911 528 in
948 474 1096 529 sicco
1127 475 1464 544 deprehensa
1498 489 1724 544 prorsus
1753 477 1925 542 perit:

371 566 474 619 hoc
507 568 755 635 exemplo
800 566 970 619 voluit
1016 566 1270 621 altarium
1315 566 1586 621 excidium
1622 566 1928 633 designare.

2033 474 2118 525 ὁὲν
2150 473 2337 541 ὄφελος
2374 474 2470 543 τῆς
2510 474 2636 544 περὶ
2684 474 2883 534 ἐκεῖνα,
2926 474 3076 543 φησὶ,
3110 472 3362 541 σπουδῆς,
3408 471 3601 542 ἐπειδὴ

2036 565 2248 619 ᾶπαντα
2273 564 2442 619 ταῦτα
2473 565 2747 626 παντελῶς
2784 566 3033 632 ἀφανίσει
3061 564 3144 616 διὰ
3184 564 3290 616 τῶν
3325 562 3599 629 πολεμίων

366 662 395 711 ό
421 660 583 722 Θεόςο
616 659 802 731 ἐπειδὴ
838 660 946 730 γάρ
977 662 1010 729 ἡ
1049 659 1253 731 χελώνη
1283 663 1340 714 ἐν
1367 662 1515 714 ὕδατι
1541 659 1695 713 εἴωθε
1723 659 2049 723 διαιτᾶσθαι,
2096 661 2153 712 ὲν
2200 662 2376 732 χέρσῳ
2416 662 2472 714 δὲ
2506 661 2766 732 ληφθεῖσα
2816 656 3183 726 διαφθείρεται
3221 655 3455 717 πάντως,
3485 652 3601 703 τῶν

371 751 769 822 θυσιαστηρίων
792 751 1055 823 ἐϐουλήθη
1082 754 1160 824 τῷ
1186 755 1539 825 ὑποδείγματι
1570 755 1666 826 τὴν
1694 755 1987 826 διαφθορὰν
2015 756 2303 823 ὑποδεῖξαι.

443 841 607 897 Vsus.
649 842 835 895 12-14.
877 872 950 886 -
998 843 1100 898 Sed
1151 860 1281 899 ecce
1336 845 1514 899 denuo
1555 861 1620 899 ex
1669 846 1936 914 majorum

375 936 785 1004 Cuntparalione
810 934 1194 991 demonstrans
1228 948 1453 1008 nepotes
1484 953 1730 1008 peccare,
1768 956 1786 987 ‹
1828 936 1934 991 Fu-

377 1027 476 1094 git,
530 1026 726 1096 inquit,
764 1026 936 1081 Jacob
981 1028 1034 1081 in
1076 1044 1325 1100 campum
1383 1030 1573 1100 Syrite,
1614 1041 1669 1085 et
1718 1030 1940 1083 servivit

375 1117 549 1171 Israel
604 1119 674 1170 ob
722 1134 968 1180 uxorem,
1009 1127 1062 1173 et
1108 1120 1159 1173 in
1205 1136 1372 1175 uxore
1416 1121 1516 1174 fuit
1560 1121 1877 1175 observans.
1916 1140 1935 1173 ι

374 1208 565 1263 Maluit
591 1211 677 1263 ille
716 1222 934 1280 propter
985 1213 1237 1268 virtutem
1286 1221 1339 1267 et
1384 1214 1728 1283 primogeniti
1763 1215 1929 1268 bene-

375 1302 691 1366 dictionem,
724 1302 884 1357 domo
929 1304 1188 1374 profugus
1244 1320 1336 1374 per
1384 1304 1596 1375 Syriam
1639 1307 1845 1375 vagari,
1877 1314 1933 1359 et

379 1394 519 1463 apud
543 1392 821 1447 Labanum
859 1396 1175 1450 servitutem
1219 1396 1459 1466 perferre
1487 1411 1502 1450 :
1542 1406 1594 1451 et
1628 1413 1749 1450 cum
1780 1398 1932 1465 gravi

375 1499 616 1540 aerumna
661 1485 729 1539 ad
785 1486 1003 1556 nuptias
1052 1488 1337 1557 pervenire
1376 1488 1582 1550 uxoris,
1619 1504 1685 1543 ne
1718 1489 1935 1544 Chana-

377 1592 548 1631 naaam
584 1578 807 1632 duceret
849 1587 1044 1648 praeter
1085 1578 1255 1647 patris
1297 1579 1381 1632 sui
1411 1579 1743 1634 voluntatem
1783 1599 1795 1634 ε
1828 1588 1939 1635 tan-

378 1676 598 1739 tamque
622 1684 920 1723 aerumnam
961 1669 1276 1736 exantlavit,
1307 1680 1367 1723 ut
1393 1672 1638 1725 instituta
1671 1672 1936 1740 majorum

379 1770 640 1824 servaret,
671 1770 725 1816 et
756 1761 847 1815 Dei
879 1761 1029 1815 circa
1061 1776 1283 1817 uxorem
1311 1762 1612 1817 ducendam
1640 1765 1895 1832 placitum
1920 1783 1933 1819 :

381 1854 524 1923 quod
552 1859 742 1906 contra
776 1851 978 1907 fecerat
1012 1851 1185 1907 frater
1225 1852 1365 1921 ejus,
1399 1851 1720 1910 Chananmis
1752 1856 1939 1910 uxori-

385 1946 485 2001 bus
541 1944 721 1998 ductis
772 1952 968 2014 praeter
1013 1943 1102 1999 Dei
1156 1951 1210 1999 et
1255 1954 1537 2015 parentum
1582 1948 1934 2004 voluntatem.

387 2056 407 2085 ι
439 2036 505 2090 Et
546 2051 645 2105 per
684 2034 1003 2105 prophetam
1051 2036 1240 2090 eduxit
1288 2035 1550 2093 Dominus
1592 2039 1842 2094 Israelem
1874 2040 1940 2095 de

383 2137 529 2183 terra
574 2125 789 2197 Egypti
829 2146 841 2181 :
876 2134 930 2180 et
979 2142 1074 2196 per
1125 2128 1441 2198 prephetam
1489 2137 1734 2184 servatus
1777 2138 1878 2185 est.
1915 2151 1935 2185 ι

384 2218 651 2284 Quoniam
709 2225 830 2287 post
882 2217 970 2271 illa
1032 2218 1213 2271 omnia
1264 2219 1617 2275 descenderat
1671 2220 1833 2278 Israel
1886 2224 1939 2279 in

383 2306 697 2378 Egyptum,
739 2315 943 2360 tantam
991 2315 1333 2378 posterorum
1383 2310 1501 2378 ejus
1540 2313 1759 2366 tutelam
1803 2312 1942 2369 Deus

384 2400 573 2469 gessit,
617 2408 676 2452 ut
723 2399 999 2468 prophetae
1036 2398 1237 2470 Moysis
1280 2399 1581 2456 ministerio
1621 2412 1846 2459 cunctos
1877 2421 1943 2459 ex

390 2489 626 2561 Egypto
662 2489 973 2556 reduxerit;
1023 2507 1161 2560 quos
1210 2491 1372 2546 etiam
1419 2492 1470 2545 in
1517 2493 1731 2548 deserto
1771 2496 1945 2563 provir

386 2580 569 2635 dentia
608 2594 707 2633 sua
734 2579 1097 2644 conservavit,
1123 2580 1295 2635 donec
1318 2581 1372 2635 in
1404 2583 1723 2651 promissam
1747 2592 1941 2639 terram

388 2671 689 2726 induceret.
728 2690 747 2722 ι
784 2671 864 2724 Ad
900 2671 1238 2724 iracundiam
1281 2686 1367 2725 me
1394 2673 1704 2740 provocavit
1729 2672 1947 2742 Ephrai-

387 2780 511 2819 mus
553 2772 607 2819 et
652 2764 1017 2819 exacerbavit.
1058 2783 1075 2815 ι
1113 2763 1271 2817 Tales
1310 2778 1432 2817 cum
1469 2763 1669 2819 fuerint
1703 2767 1944 2835 progeni-

388 2865 559 2918 tores,
591 2865 646 2911 et
678 2854 894 2909 illorum
919 2855 1091 2924 gratia
1120 2862 1198 2908 tot
1227 2854 1280 2908 hi
1323 2870 1351 2908 a
1383 2871 1469 2909 me
1501 2855 1641 2909 bona
1687 2856 1797 2910 sint
1821 2872 1945 2911 con-

389 2946 584 3013 secuti,
659 2946 1012 3001 nihilominus
1084 2947 1217 3000 iram
1287 2946 1419 3000 mihi
1478 2947 1587 3017 60
1655 2948 1943 3002 maximam

2101 846 2247 915 Στίχ.
2277 846 2457 916 ιβ’-ιδ’.
2488 878 2557 886 —
2582 847 2690 899 Καὶ
2718 844 2876 898 πάλιν
2900 847 2966 915 τῇ
2984 844 3089 896 τῶν
3115 840 3391 914 προγόνων
3416 855 3597 908 παρα-

2034 936 2177 989 θέσει
2226 938 2438 1001 δεικνὺς
2483 938 2678 1000 αὐτοὺς
2739 936 3085 997 ἀσεϐοῦντας,
3147 952 3165 985 ι
3226 931 3597 1003 ’Δνεχώρησετ

2046 1029 2237 1083 Ἰακὼϐ
2271 1032 2350 1092 εἰς
2385 1030 2560 1083 πεδίον
2585 1026 2804 1101 Συρίας,
2834 1029 2925 1081 καὶ
2957 1026 3260 1080 ἐδούλευσεν
3306 1022 3515 1093 Ἰσραὴλ
3536 1024 3600 1073 ἐν

2034 1120 2270 1188 γυναικὶ,
2302 1121 2395 1173 καὶ
2420 1124 2474 1173 ὲν
2503 1120 2716 1188 γυναικί
2740 1118 3057 1188 ἐφυλάξατο.
3095 1137 3113 1168 ι
3149 1115 3335 1169 Εἵλετο
3362 1114 3458 1185 μὲν
3486 1112 3601 1183 γὰρ

2037 1209 2240 1271 ἐκεῖνος
2266 1208 2332 1260 δι’
2348 1208 2544 1280 ἀρετὴν
2576 1212 2667 1261 καὶ
2685 1209 2778 1278 τὴν
2800 1206 3308 1279 τῶνσπρωτοτοκίων
3327 1204 3594 1272 εὐλογίαν,

2036 1294 2144 1350 τῶν
2180 1300 2392 1351 οἰκείων
2438 1300 2613 1367 φυγάς
2638 1298 2871 1367 γεγονὼς
2911 1299 3037 1371 περί
3075 1296 3173 1368 τὴν
3201 1296 3398 1365 Συρίαν
3439 1295 3600 1347 εἱλεῖ-

2041 1393 2183 1453 σθαι.
2224 1394 2319 1447 καὶ
2359 1394 2641 1464 ύπομεῖναι
2686 1394 2781 1462 μὲν
2829 1392 2924 1464 τὴν
2955 1391 3104 1463 παρά
3138 1390 3215 1460 τῷ
3248 1389 3429 1443 Λαϐὰν
3474 1388 3599 1440 δουο

2038 1485 2211 1538 λείανο
2239 1485 2313 1555 (p.
2343 1487 2404 1540 91
2437 1486 2453 1555 )
2484 1486 2619 1555 μετά
2639 1485 3007 1553 ταλαιπωρίας
3030 1483 3086 1535 δὲ
3111 1481 3307 1550 πολλῆς
3336 1481 3430 1533 καί.
3462 1481 3603 1550 πρὸς

2042 1576 2216 1645 γάμον
2242 1573 2411 1629 ἐλθεῖν
2441 1576 2713 1644 γυναικὸς,
2751 1575 2835 1629 ἵνα
2879 1575 2953 1645 μὴ
2984 1574 3292 1628 Χαναναίαν
3326 1573 3606 1642 ἀγάγηται

2045 1666 2191 1737 παρὰ
2221 1666 2282 1720 τὸ
2312 1667 2477 1737 πατρὶ
2521 1665 2707 1719 δοκοῦν
2730 1683 2745 1700 ·
2782 1667 2873 1719 καὶ
2904 1665 3168 1735 τοσαύτην
3199 1664 3483 1734 ὑπέμεινεν
3509 1679 3604 1715 τα-

2041 1760 2362 1832 λαιπωρίαν,
2415 1760 2809 1831 φυλαττόμενος
2850 1759 2910 1813 τὸ
2954 1758 3104 1829 παρά
3136 1758 3204 1811 τὰ
3247 1757 3449 1827 νόμιμα
3492 1756 3608 1808 τῶν

2039 1853 2314 1925 προγόνων
2345 1854 2437 1906 καί¹
2471 1852 2531 1905 τὸ
2566 1851 2754 1905 δοκοῦν
2778 1851 2854 1921 τῷ
2873 1849 2989 1921 Θεῷ
3020 1852 3252 1918 γυναῖκα
3280 1846 3601 1917 ἀγαγέσθαν

2040 1944 2173 2014 ὅπερ
2195 1939 2287 1997 οὖν
2310 1941 2603 2011 πεποίηκεν
2622 1945 2648 1994 ὁ
2664 1940 2885 2010 ἀδελφὸς
2902 1941 3127 2005 ἐκείνου,
3149 1938 3451 2001 Χαναναίας
3465 1939 3605 2007 ἀγα-

2041 2036 2268 2105 γόμενος
2319 2034 2556 2104 παρά·τδ
2604 2033 2722 2103 Θεῷ
2754 2051 2813 2087 τε
2862 2031 3050 2086 δοκοῦν
3092 2034 3184 2085 καὶ
3221 2033 3331 2094 τοῖς
3364 2030 3603 2097 γονεῦσι.

2047 2142 2066 2171 ι
2104 2125 2211 2177 Καὶ
2251 2126 2306 2176 ὲν
2338 2125 2587 2195 προφήτῃ
2628 2124 2865 2193 ἀνήγαγε
2910 2122 3110 2193 Κύριος
3154 2121 3244 2173 τὸν
3285 2119 3498 2191 Ἰσραὴλ
3538 2119 3607 2171 ἐκ

2040 2216 2143 2286 γῆς
2164 2213 2457 2282 Αἰγύπτου,
2481 2215 2571 2267 καὶ
2593 2217 2649 2267 ὲν
2672 2212 2917 2285 προφήτῃ
2948 2211 3292 2282 διεφυλάχθη.
3325 2232 3343 2263 ι
3385 2210 3609 2283 Ἐπειδὴ

2042 2307 2098 2359 δὲ
2131 2308 2255 2377 μετῖ
2276 2308 2455 2360 ἐκεῖνα
2489 2307 2663 2359 πάντα
2690 2304 3046 2375 κατελήλυθεν
3074 2305 3152 2366 εἰς
3181 2304 3277 2374 τήν
3309 2304 3601 2371 Αίγυπτον,

2042 2398 2307 2469 τοσαύτην
2329 2399 2433 2452 τῶν
2464 2397 2523 2463 ἐξ
2551 2398 2752 2451 ἐκείνου
2778 2397 3096 2468 κηδεμονίαν
3127 2397 3434 2466 ἐποιήσατο,
3463 2394 3606 2447 ὥστε.

2043 2493 2108 2561 τῇ
2135 2490 2229 2544 τοῦ
2264 2492 2536 2561 προφήτου
2584 2490 2858 2553 Μωῦσέως
2900 2485 3169 2560 ὑπουργία
3214 2490 3503 2556 ἀναγαγεῖν
3541 2505 3607 2539 τε

2044 2582 2286 2646 ἅπαντας
2309 2585 2371 2635 ὲκ
2403 2583 2501 2652 τῆς
2532 2581 2826 2651 Αἰγύπτου,
2858 2582 2949 2634 καὶ
2983 2581 3122 2634 κατά
3151 2580 3248 2652 τὴν
3283 2579 3485 2650 ἔρημον
3507 2579 3608 2631 αὐ-

2044 2674 2169 2736 τοὺς
2198 2671 2286 2726 διὰ
2326 2674 2423 2743 τῆς
2465 2673 2777 2743 ἐπιμελείας
2814 2671 3043 2741 φυλάξαι
3076 2672 3173 2740 τῆς
3218 2671 3440 2733 οἰκείας,
3476 2671 3609 2742 ἄχρι

2046 2762 2138 2815 τοῦ
2160 2763 2252 2817 καὶ
2268 2765 2345 2826 εἰς
2362 2763 2458 2834 τὴν
2479 2765 2580 2835 γῆν
2601 2766 2909 2832 εἰσαγαγεῖν
2924 2764 3020 2834 τῆς
3036 2762 3380 2831 ἐπαγγελίας.
3400 2782 3418 2812 ‹
3452 2762 3612 2814 Ἑθύο

2051 2854 2202 2924 μωσέ
2243 2871 2309 2925 με
2354 2854 2588 2924 Ἐφραῖμ
2631 2855 2724 2907 καὶ
2770 2855 3133 2926 παρώργισεν.
3175 2875 3194 2907 ι
3232 2856 3494 2909 Τοιούτων
3548 2857 3611 2910 δὲ

2045 2946 2324 3014 γεγονότες
2365 2948 2659 3018 προγόνων,
2698 2947 2791 2999 καὶ
2816 2948 3082 3002 τοσούτων
3108 2948 3175 3000 δι’
3204 2949 3440 3012 ἐκείνους
3475 2951 3612 3020 παρ’

389 3046 816 3102 commoverunt,
876 3037 1116 3107 ingratos
1163 3037 1294 3090 mihi
1344 3054 1402 3093 se
1451 3040 1750 3108 praebentes
1797 3048 1945 3095 tanto

2052 3037 2179 3107 ἐμοῦ
2209 3039 2561 3109 τετυχηκότες
2603 3039 2839 3107 ἀγαθῶν,
2870 3042 2948 3104 είς
2977 3041 3144 3111 ὀργήν
3173 3058 3239 3111 με
3273 3041 3613 3111 κατέστησαν

391 3128 765 3194 benefactori;
817 3139 980 3199 atque
1051 3127 1117 3183 ad
1177 3129 1318 3183 idola
1372 3133 1551 3200 potius
1610 3134 1877 3197 conversi,
1918 3147 1948 3187 a

389 3223 593 3295 quibus
642 3223 777 3277 nihil
824 3223 958 3277 lucri
1008 3232 1378 3294 perceperant.
1420 3241 1439 3275 ‹
1480 3222 1543 3276 Et
1580 3226 1804 3294 sanguis
1830 3226 1949 3294 ejus

390 3329 556 3384 super
584 3329 707 3369 eum
755 3314 1079 3369 eﬂ‘undetur.
1122 3333 1141 3366 ι
1189 3315 1528 3385 Quapropter
1563 3316 1617 3370 in
1661 3317 1834 3387 ipsum
1860 3334 1949 3373 re-

391 3404 538 3458 cidet
582 3403 901 3457 delictorum
947 3419 1129 3474 paena.
1166 3424 1185 3455 ι
1223 3405 1288 3458 Ει
1328 3407 1677 3475 opprobrium
1719 3409 1837 3478 ejus
1861 3425 1951 3464 re-

393 3496 582 3550 stituet
614 3496 665 3551 ei
716 3496 997 3563 Dominus,
1050 3498 1202 3567 juxta
1245 3496 1519 3567 Ephraimi
1563 3515 1887 3557 sermonem.
1924 3520 1943 3555 ι

392 3588 714 3653 (Σαιυιηηίιε,
739 3603 901 3659 quam
935 3590 1209 3661 impietate
1239 3608 1337 3646 sua
1361 3591 1470 3647 Deo
1491 3594 1745 3664 aspersit,
1772 3594 1950 3665 justas

394 3680 507 3735 luet
538 3693 730 3751 pmnas
769 3695 1147 3754 congruasque
1194 3683 1378 3738 verbis
1420 3699 1541 3755 quae
1593 3694 1783 3741 contra
1824 3701 1947 3743 eum

390 3769 634 3844 jactavit.

1012 4044 1163 4098 CAP.
1204 4044 1341 4099 XIII.

466 4135 634 4193 Vens.
667 4137 784 4191 1-5.
831 4165 903 4177 -—
952 4154 971 4189 ι
1019 4134 1447 4191 Justilicationes
1487 4139 1694 4207 accepit
1735 4149 1788 4195 et
1840 4143 1956 4213 ipse

401 4227 459 4281 in
491 4225 675 4290 Israel,
704 4224 799 4280 sed
830 4238 923 4278 eas
954 4224 1208 4294 apposuit
1240 4224 1406 4285 Baali,
1434 4234 1487 4278 et
1512 4235 1759 4281 mortuus
1795 4239 1898 4283 est.
1930 4250 1948 4282 ι

399 4314 536 4369 Nam
568 4330 693 4368 cum
736 4312 853 4382 ipse
895 4327 960 4367 ex
996 4312 1110 4382 lege
1164 4311 1363 4382 Moysis
1404 4312 1681 4383 religionis
1715 4317 1954 4373 colenda:

398 4403 541 4458 ritus
574 4402 890 4469 accepisset.
923 4400 991 4455 ad
1017 4400 1220 4454 Baalim
1256 4409 1484 4456 cunctos
1524 4405 1823 4468 transtulit,
1859 4406 1955 4462 der-

399 4488 574 4543 bitum
618 4488 749 4541 mihi
797 4502 863 4542 ex
925 4488 1040 4557 lege
1089 4488 1292 4541 cultum
1343 4488 1397 4541 in
1438 4488 1579 4543 idola
1618 4491 1951 4548 conferens:

401 4593 510 4647 quo
539 4575 705 4638 facto,
746 4584 975 4630 mortem
1021 4577 1123 4631 sibi
1171 4576 1385 4630 indixit.
1420 4594 1440 4627 ι
1476 4578 1541 4630 Et
1567 4594 1714 4633 nunc
1744 4580 1958 4638 addide-

400 4672 531 4719 runt
561 4664 628 4718 ad
650 4662 1003 4732 peccandum,
1054 4672 1109 4716 et
1157 4662 1402 4718 fecerunt
1440 4665 1541 4719 sibi
1571 4666 1861 4723 conﬁatiha
1890 4685 1955 4724 ex

402 4766 541 4805 auro
565 4756 897 4819 argentoque
921 4763 1022 4803 suo
1063 4751 1119 4804 in
1162 4749 1332 4805 forma
1367 4751 1653 4817 idolorum,
1681 4770 1802 4824 quae
1830 4764 1958 4810 sunt

403 4840 472 4893 ab
506 4837 806 4892 artiﬁcibus
845 4835 1093 4889 confecta
1136 4852 1323 4906 opera.
1366 4857 1385 4890 ι
1443 4838 1866 4895 Perseverarunt
1902 4844 1955 4897 in

403 4926 705 4996 impietate,
735 4923 876 4978 idola
908 4938 1072 4977 aurea
1106 4931 1160 4978 et
1184 4932 1433 4993 argentea
1467 4925 1823 4982 humanarum
1853 4944 1963 4983 man

404 5028 574 5069 nuum
626 5012 857 5067 artiﬁcio
899 5010 1248 5067 fabricantes.
1298 5009 1419 5065 Mox
1467 5012 1782 5081 hujusmodi
1833 5032 1960 5085 erga

406 5102 548 5156 idola
579 5100 814 5153 studium
845 5112 1129 5167 quousque
1155 5096 1373 5152 tandem
1393 5097 1740 5156 intenderunt
1760 5102 1784 5155 ?
1807 5120 1826 5154 ι
1864 5102 1963 5157 Ιιιι-

405 5188 625 5247 molate,
666 5186 837 5250 aiunt,
886 5184 1159 5251 homines,
1204 5185 1331 5253 quia
1376 5185 1532 5240 vituli
1570 5187 1905 5244 defecerunt.
1937 5211 1957 5244 ι

406 5274 485 5327 Ita
521 5280 722 5342 utpost
746 5279 826 5324 tot
864 5272 1130 5327 sacriﬁcia
1177 5286 1298 5342 qua:
1336 5288 1401 5326 ex
1434 5273 1610 5331 brutis
1637 5277 1963 5335 animalibus

408 5359 733 5421 obtulerant,
760 5374 867 5411 non
916 5360 1155 5414 contenti
1190 5360 1535 5437 victimarum
1582 5362 1794 5418 illarum
1826 5367 1964 5420 mul-

406 5447 671 5511 titudine,
708 5444 953 5500 homines
998 5462 1215 5517 quoque
1258 5448 1647 5503 sacriﬁciorum
1683 5453 1961 5507 materiam

407 5535 704 5591 effecerint.
740 5532 828 5587 Sic
866 5533 1028 5587 etiam
1076 5536 1264 5591 beatus
1290 5532 1367 5588 ait
1389 5535 1600 5591 David:
1634 5551 1651 5582 ι
1686 5538 1748 5591 Ει
1777 5541 1963 5595 immo-

409 5621 657 5677 laverunt
702 5622 840 5676 ﬁlios
884 5636 1013 5678 suos
1062 5638 1126 5677 ac
1171 5624 1308 5681 ﬁlias
1333 5640 1460 5682 suas
1477 5623 1899 5682 daemonibus“.
1932 5644 1951 5676 ι

489 5736 532 5768 ³⁸
560 5734 700 5789 Psal.
731 5750 815 5797 cv,
840 5736 928 5790 37.

2055 3126 2328 3189 πλείστην,
2358 3126 2665 3195 ἀγνώμονες
2698 3128 2792 3199 μὲν
2821 3131 2945 3199 περὶ
2970 3128 3070 3199 ἐμὲ
3099 3130 3377 3199 γεγονότες
3406 3130 3493 3183 τὸν
3515 3147 3615 3183 το-

2056 3217 2225 3272 σαῦτα
2252 3218 2442 3281 αὐτοὺς
2475 3214 2533 3271 εὖ
2561 3220 2919 3287 πεποιηκόταο
2952 3221 3079 3292 περὶ
3105 3221 3159 3273 δὲ
3198 3222 3296 3291 τὴν
3321 3220 3428 3274 τῶν
3455 3220 3617 3274 εἰδώ-

2054 3308 2160 3361 λων
2187 3309 2483 3381 τραπέντες
2505 3309 2816 3379 θεραπείαν,
2844 3305 2918 3363 ὦν
2938 3311 3089 3364 οὐδὲν
3122 3312 3371 3383 εἰλήφασι
3400 3312 3614 3382 κέρδος.

2061 3417 2080 3449 ι
2115 3398 2223 3451 Καὶ
2262 3397 2323 3450 τὸ
2354 3393 2491 3469 αἷμα
2528 3399 2689 3451 αὐτοῦ
2732 3400 2817 3452 ἐπ’
2848 3400 3006 3452 αὑτὸν
3032 3399 3410 3470 ἐκχυθήσεται.
3450 3418 3467 3451 ι
3496 3400 3619 3453 Τοι-

2053 3489 2256 3560 γαροῦν
2282 3491 2366 3543 ἐπ’
2395 3490 2556 3543 αὑτὸν
2580 3493 2612 3563 ἡ
2655 3492 2793 3563 ὑπὲρ
2822 3492 2929 3545 τῶν
2974 3494 3452 3564 παρανομημάτων
3479 3510 3619 3565 τρα-

2053 3583 2284 3653 πήσεται
2309 3582 2566 3653 τιμωρία.
2596 3584 2670 3653 (p.
2702 3584 2792 3653 92)
2821 3604 2839 3635 ι
2871 3585 2977 3638 Καὶ
3007 3585 3097 3637 τὸν
3123 3584 3419 3656 ὀνειδισμὸν
3443 3585 3619 3639 αὑτοῦ

2055 3674 2419 3728 ἀνταποδώσει
2445 3675 2590 3745 αὐτῷ
2617 3675 2818 3746 Κύριος
2838 3675 2976 3729 κατὰ
3002 3675 3090 3728 τὸν
3115 3676 3268 3744 λόγον
3306 3677 3561 3747 Ἐφραῖμ.
3589 3695 3618 3731 υ

2055 3768 2170 3837 Τῆς
2193 3767 2441 3837 διαϐολῆς
2465 3762 2532 3837 ἧς
2566 3767 2653 3821 διὰ
2690 3768 2787 3838 τῆς
2816 3768 3015 3830 οίκείας
3052 3767 3301 3833 ἀσεϐείας
3330 3771 3622 3840 προσετρί-

2051 3859 2190 3931 ψατο
2212 3859 2289 3931 τῷ
2321 3860 2456 3931 Θεῷ,
2483 3860 2633 3923 δίκας
2657 3860 2818 3913 αὐτόν
2848 3859 3197 3932 εἰσπράξεται
3223 3860 3452 3924 δικαίας,
3480 3860 3622 3914 ἀνά-

2051 3952 2208 4022 λογον
2237 3947 2316 4016 οἷς
2338 3951 2632 4022 ἐφθέγξατο
2658 3954 2776 4006 κατ’
2814 3953 3000 4009 αὑτοῦ.

2679 4056 2833 4109 ΚΕΦ.
2884 4056 2983 4109 II".

2124 4143 2272 4214 Στίχ.
2296 4152 2439 4213 α’-γ’.
2472 4176 2534 4187 -
2572 4164 2590 4195 ι
2633 4144 2986 4215 Δικαιώματα
3031 4145 3186 4200 ἔλαϐε
3232 4147 3322 4200 καὶ
3366 4147 3525 4210 αὐτὸς
3558 4148 3627 4202 ἐν

2057 4233 2135 4304 τῷ
2175 4235 2387 4304 Ἰσραήλ
2406 4251 2419 4264 ⁸
2451 4235 2544 4288 καὶ
2572 4234 2721 4287 ἔθετο
2740 4236 2874 4287 αὐτὰ
2903 4235 2979 4305 τῷ
3001 4235 3145 4288 Βαάλ
3184 4238 3274 4289 καὶ
3294 4237 3550 4291 ἀπέθανε.
3593 4260 3616 4290 ο

2057 4320 2352 4392 Δεξάμενος
2373 4321 2480 4392 γάρ
2510 4322 2668 4385 αὐτὸς
2694 4323 2761 4375 ὲκ
2787 4322 2878 4375 τοῦ
2902 4323 3061 4393 νόμου
3087 4323 3358 4387 Μωῡσέως
3385 4324 3481 4387 τὰς
3504 4324 3624 4377 δια-

2054 4408 2234 4473 τάξεις
2257 4402 2331 4461 ὧν
2361 4410 2615 4480 πράττειν
2645 4411 2917 4481 προσῆκον
2939 4407 3005 4480 ἦν
3034 4411 3213 4474 αὑτὸν,
3245 4414 3323 4475 εἰς
3350 4413 3439 4465 τὸν
3472 4412 3625 4465 Βαὰλ

2058 4496 2408 4567 περιέστησεν
2459 4498 2690 4562 ἁπάσας,
2741 4498 2839 4568 τὴν
2882 4500 3004 4568 ἐμοὶ
3056 4502 3434 4570 προσήκουσαν
3476 4503 3625 4555 κατά

2057 4585 2217 4655 νόμον
2261 4582 2552 4655 θεραπείαν
2599 4583 2683 4637 ἐπ’
2733 4584 2914 4637 ἐκεῖνα
2963 4584 3318 4656 μεταγαγών·
3350 4586 3489 4657 ὑπὲρ
3544 4582 3625 4642 ὧν

2057 4672 2122 4742 δὴ
2154 4672 2378 4725 θανάτου
2397 4670 2651 4742 πρόξενος
2677 4671 2894 4740 γέγονεν
2917 4673 3109 4742 ἑαυτῷ.
3147 4692 3165 4722 ι
3199 4672 3307 4726 Kal.
3335 4672 3427 4726 νῦν
3455 4691 3626 4744 προσ-

2060 4759 2239 4812 έθεντο
2267 4758 2361 4811 τοῦ
2408 4758 2757 4827 ἁμαρτάνειν,
2816 4761 2910 4812 καί⁴
2955 4760 3217 4831 ἐποίησαν
3258 4763 3467 4824 ἑαυτοῖς
3507 4780 3627 4831 χω·

2059 4847 2225 4899 νευτὰ
2247 4845 2311 4898 ὲκ
2336 4847 2555 4915 χρυσίου
2576 4847 2669 4899 καὶ
2694 4845 2787 4899 τοῦ
2812 4848 3071 4918 ἀργυρίου
3096 4848 3272 4902 αὐτῶν
3299 4851 3417 4903 κατ’
3440 4850 3630 4904 εἰκόνα

2060 4931 2320 4997 εἰδώλων,
2374 4932 2509 5002 ἔργα
2560 4933 2823 4986 τεκτόνων
2875 4935 3327 5006 συντετελεσμένα
3368 4938 3570 5001 αὐτοῖς.
3602 4958 3624 4991 ι

2071 5019 2537 5090 Ἐπιμεμενήκασι
2563 5020 2620 5071 δὲ
2645 5022 2710 5091 τῇ
2741 5020 2982 5092 ἀσεϐείᾳ,
3014 5022 3081 5074 τά
3104 5022 3202 5090 μὲν
3226 5027 3289 5078 ὲκ
3317 5025 3539 5095 χρυσοῦ,
3556 5026 3631 5080 τά

2059 5106 2116 5159 δὲ
2147 5105 2207 5170 ἐξ
2237 5105 2476 5177 ἀργύρου
2505 5106 2698 5159 εἴδωλα
2726 5110 3229 5174 κατασκευάσαντες
3260 5112 3632 5182 ἀνθρωπίναις

2060 5193 2319 5262 γεγονότα
2377 5194 2562 5264 χερσίν
2585 5209 2599 5222 ο
2651 5191 2772 5248 εἶτα
2797 5195 3060 5265 τοσαύτην
3099 5198 3226 5266 περὶ
3286 5197 3456 5253 ταῦτα
3508 5200 3635 5252 iam-

2062 5281 2360 5335 δείκνυνται
2386 5283 2486 5352 τὴν
2526 5283 2780 5355 σπουδὴν,
2822 5283 2963 5337 ὥστε
2998 5284 3090 5350 τίς
3131 5304 3150 5335 ι
3184 5286 3347 5339 Αὐτοὶ
3387 5287 3631 5355 λέγουσι’

2063 5367 2272 5421 Θύσατε
2287 5368 2621 5440 ἀνθρώπους·
2648 5370 2837 5441 μόσχοι
2859 5371 2966 5441 γὰρ
2986 5371 3377 5428 ἐκλελοίπασιν.
3419 5393 3437 5426 ι
3464 5374 3634 5429 Ὥστε

2067 5455 2206 5526 μετά
2228 5456 2424 5520 πολλάς
2454 5457 2642 5521 θυσίας
2676 5457 2739 5520 ἃς
2767 5458 2854 5511 διὰ
2880 5459 2987 5512 τῶν
3023 5460 3231 5529 ἀλόγων
3259 5463 3635 5534 προσήγαγον,

2064 5542 2163 5595 οὐκ
2195 5544 2558 5613 ἀρκεσθέντας
2603 5543 2679 5614 τῷ
2712 5544 2903 5616 πλήθει
2950 5548 3056 5599 τῶν
3091 5548 3345 5618 θυμάτων
3381 5550 3637 5618 ἐκείνων,

2072 5627 2150 5683 ἔτι
2187 5630 2277 5683 καὶ
2309 5632 2387 5693 είς
2434 5629 2750 5701 ἀνθρώπους
2791 5633 3261 5709 μεταστῆσαιπῆς
3314 5636 3499 5699 θυσίας
