3976 6226
194 372 299 432 2131

1195 363 1738 426 COMMENTARIUS
1772 361 1839 418 IN
1876 359 2077 416 OSEIE
2116 360 2266 415 CAP.
2310 358 2446 415 XIII.

3319 355 3424 411 ’ὶοΞ

194 484 565 559 ἐπιχείρησινο
612 484 762 540 οὕτω
818 486 912 540 καὶ
958 486 986 537 ό
1040 481 1307 554 μακάριος
1361 479 1508 548 λέγει
1565 475 1795 534 Δαυίδκ

1939 470 2146 526 Idcirco
2203 481 2365 525 cruut
2414 469 2570 541 quasi
2616 467 2787 523 nubes
2839 466 3123 530 matutina,
3176 475 3227 521 et
3282 469 3429 527 sicut

202 595 223 628 ο
263 578 375 629 Καὶ
403 576 593 629 ἔθυσαν
623 576 751 638 τοὺς
781 576 932 637 υἱοὺς
980 572 1157 626 αὐτῶν
1194 571 1288 624 καὶ
1335 569 1435 632 τὰς
1464 567 1766 638 θυγατέρας

1899 579 1957 617 os
1999 564 2356 617 antelucanos
2406 563 2737 632 praeteriens,
2785 569 2840 617 ct
2884 561 3041 634 quasi
3086 561 3271 615 aranei
3320 561 3429 618 tela

194 669 385 724 αὐτῶν
414 670 521 730 τοίς
538 666 862 737 δαιμονίοις.
890 681 1009 717 ι-ι
1032 664 1130 718 Διά
1153 663 1310 717 τοῦτο
1331 661 1539 715 ἔσονται
1570 660 1644 722 ὡς
1682 675 1768 710 νε-

196 761 340 830 φέλη
387 758 616 830 πρωῖνὴ,
657 758 753 811 καὶ
796 757 872 820 ὡς
906 757 1092 828 δρόσος
1134 753 1354 827 ὀρθρινὴ
1407 750 1766 822 πορευομένη,

1864 654 2079 709 turbine
2110 653 2391 708 exsumata
2416 652 2484 709 de
2524 669 2677 717 area,
2715 660 2770 709 et
2816 655 2959 710 sicut
3005 669 3174 724 vapor
3216 668 3245 706 a
3281 654 3431 708 locu-

1868 746 1988 801 stis.
2027 764 2047 797 ι
2096 745 2251 799 Sicut
2287 746 2431 801 enim
2456 745 2651 800 nebula
2684 745 2864 816 aliqua
2892 753 2985 800 aut
3015 759 3107 801 ros
3129 744 3433 803 matutinus

201 854 281 921 (p.
313 853 427 920 95.)
458 851 555 904 καὶ
580 852 656 914 ὡς
699 851 909 921 ἀράχνη
955 848 1356 918 ἀποφυσωμένη
1402 845 1619 898 λαίλαπι
1662 841 1770 897 ἀπὸ

1899 834 2226 890 lissolutione
2267 849 2492 905 prorsus
2529 835 2835 905 disparent,
2870 846 2923 891 et
2962 835 3145 890 aranei
3183 835 3285 889 tela
3311 850 3434 905 qua;

197 944 424 1005 ἆλωνος,
466 943 563 995 καὶ
608 942 686 1005 ὡς
725 941 889 1012 ἀτμὶς
922 939 1032 993 ἀπὸ
1076 938 1330 1010 ἀκρίδων.
1363 956 1383 989 ι
1417 937 1627 1004 Ὠσπερ
1662 934 1769 1006 γὰρ

194 1034 400 1104 νεφέλη
455 1050 541 1095 τις
591 1032 841 1104 ἢδρόσος
896 1030 1088 1101 ἑωθινὴ
1138 1029 1442 1083 διαλυθεῖσα
1497 1026 1773 1089 παντελῶς

199 1126 542 1196 ἀφανίζεται,
572 1125 781 1196 ἀράχνη
807 1141 867 1177 τε
899 1124 957 1177 ὲν
990 1122 1155 1178 ᾶλωνι
1185 1121 1503 1176 καθεστῶσα
1534 1120 1637 1173 ὑπὸ
1678 1137 1772 1172 συ-

202 1218 446 1288 στροφῆς
494 1217 718 1287 ἀνέμου,
750 1216 847 1269 καὶ
897 1216 1001 1286 μὴν
1045 1216 1138 1268 καὶ¹
1173 1214 1338 1285 ἀτμὶς
1383 1212 1608 1283 βραχεῖα
1641 1212 1776 1283 πρὸς

202 1310 386 1378 ὀλίγον
425 1310 655 1379 φανεῖσα
693 1308 801 1360 ἀπὸ
830 1308 1077 1377 πτήσεως
1109 1305 1362 1377 ἀκρίδων,
1391 1304 1560 1367 οὕτως
1584 1303 1775 1374 ἀθρόον

202 1400 638 1471 ἀφανισθήσεσθε
670 1398 868 1462 πάντες
901 1399 1005 1452 ὑπὸ
1033 1398 1129 1469 τῆς
1159 1398 1327 1468 ὀργῆς
1352 1396 1448 1466 τῆς
1477 1396 1635 1465 ἐμῆς.

276 1493 426 1562 Στίχ.
462 1492 616 1558 ὅσς’.
645 1521 719 1534 -ο
747 1510 766 1545 ι
809 1490 950 1559 Ἐγὼ
973 1491 1031 1544 δὲ
1064 1490 1265 1559 Κύριος
1290 1490 1319 1541 ό
1354 1487 1485 1551 Θεός
1517 1504 1632 1550 σου,
1660 1502 1779 1539 στε-

1872 927 2009 983 forte
2054 928 2110 983 in
2164 941 2286 982 area
2337 928 2428 992 sit,
2494 929 2641 985 venti
2701 928 2804 1000 61
2872 928 3089 984 turbine
3143 928 3431 1001 abripitur,

1874 1022 2110 1092 itemque
2140 1021 2276 1078 levis
2298 1036 2469 1092 vapor
2499 1021 2648 1076 brevi
2682 1037 2949 1093 apparens
2980 1022 3077 1077 abs
3101 1021 3435 1079 locustarum

1871 1114 2055 1167 volatu
2102 1112 2227 1169 :sic
2282 1126 2381 1167 vos
2432 1122 2655 1183 repente
2706 1128 2893 1168 omnes
2941 1113 3009 1169 ab
3050 1113 3130 1168 ira
3176 1128 3296 1169 mea
3344 1113 3439 1168 dc—

1875 1204 2184 1261 struemini.

1949 1486 2116 1542 Vatis.
2145 1486 2265 1541 4-6.
2296 1515 2368 1528 --
2399 1505 2419 1539 ι
2461 1486 2571 1558 Ego
2608 1494 2787 1541 autem
2834 1486 3095 1544 Dominus
3122 1487 3262 1545 Deus
3290 1497 3441 1550 tuus,

204 1585 349 1657 ρεῶν
382 1585 613 1653 οὐρανὸν
646 1584 738 1637 καὶ
770 1583 969 1648 κτίζων
997 1582 1097 1652 γῆν
1116 1596 1131 1610 ⁸
1158 1576 1221 1635 οὗ
1258 1582 1313 1632 αἱ
1346 1583 1523 1649 χεῖρες
1561 1577 1780 1631 ἔκτισαν

1899 1577 1972 1645 ιιιί
2006 1577 2218 1633 ﬁrmavi
2240 1578 2460 1641 cmlum,
2483 1586 2539 1633 et
2572 1589 2770 1633 terram
2796 1579 3037 1642 condidi,
3056 1572 3225 1649 cujus
3251 1596 3445 1635 ntanus

202 1676 385 1737 πάσας
424 1676 525 1738 τὰς
556 1675 816 1746 στρατιὰς
861 1672 957 1727 τοῦ
979 1673 1204 1744 οὐρανοῦ
1231 1690 1243 1703 ·
1282 1673 1376 1725 καὶ
1404 1672 1466 1723 οὑ
1493 1667 1783 1741 παρέδειξά

205 1787 290 1823 σοι
319 1769 414 1822 τοῦ
445 1766 773 1838 πορεύεσθαί
800 1783 859 1819 σε
887 1766 1060 1818 ὀπίσω
1087 1763 1265 1817 αὐτῶν
1291 1780 1303 1793 ·
1333 1763 1427 1815 καὶ
1458 1760 1567 1830 ἐγὼ
1586 1761 1784 1831 ἀνήγα-

204 1861 300 1929 γόν
344 1876 405 1911 σε
458 1861 525 1911 ἐκ
572 1859 671 1928 τῆς
703 1856 1005 1926 Αἰγύπτου*
1037 1854 1131 1906 καὶ
1178 1852 1309 1907 Θεὸν
1346 1852 1484 1922 πλὴν
1539 1849 1672 1920 ἐμοῦ
1719 1851 1783 1903 οὐ

203 1949 390 2021 γνώσῃ
411 1965 424 1978 ⁸
472 1951 570 2002 καὶ
605 1948 789 2011 σώζων
818 1949 917 2001 οὐκ
947 1948 1060 2000 ἐστι
1090 1946 1265 2017 πάρεξ
1298 1943 1451 2016 ἐμοῦ.
1490 1964 1507 1997 ι
1536 1943 1785 1997 Μάλιστα

204 2042 259 2095 δέ
313 2060 395 2094 σοι
436 2041 539 2111 τὴν
593 2042 860 2113 τιμωρίαν
903 2038 1105 2092 ὲποίσω
1138 2038 1246 2106 (15)
1272 2037 1370 2106 τὴν
1422 2035 1787 2106 προκειμένην

206 2133 453 2196 δικαίως,
491 2133 574 2184 ὃτι
613 2132 747 2201 πρὸς
772 2130 840 2183 τά
873 2129 1065 2184 εἴδωλα
1086 2128 1341 2189 νένευκας
1362 2124 1602 2188 ἀποστάς
1626 2122 1785 2194 ἐμοῦ,

206 2225 263 2287 ὃς
298 2225 539 2295 ποιητὴς
587 2222 695 2275 τῶν
725 2222 978 2275 ἀπάντων
1016 2219 1110 2283 ὣν,
1138 2218 1247 2273 τῶν
1294 2235 1352 2271 τε
1394 2217 1513 2271 κατ’
1563 2215 1789 2285 οὐρανὸν

211 2318 302 2369 καὶ
343 2316 456 2368 τῶν
489 2316 632 2368 κατά
675 2316 799 2386 γῆν,
834 2312 1067 2383 ὁπηνίκα
1095 2328 1153 2364 σε
1196 2311 1460 2380 ἐξήγαγον
1499 2308 1596 2378 τῆς
1626 2306 1791 2373 Αίγύ-

214 2424 371 2470 πτου,
396 2405 481 2476 τῷ
513 2404 710 2476 πλήθει
733 2406 828 2458 καὶ
844 2405 922 2475 τῷ
953 2404 1171 2475 μεγέθει
1201 2402 1307 2455 τῶν
1335 2401 1625 2470 θαυμάτων
1649 2398 1791 2452 ὲκεί-

215 2515 340 2559 νων,
378 2497 485 2565 τῆς
525 2513 583 2548 τε
620 2495 952 2567 κατεχούσης
1000 2496 1354 2549 ἀπαλλάττων
1385 2492 1646 2556 δουλείας,
1697 2490 1792 2543 καὶ

216 2589 311 2658 τὴν
338 2589 483 2658 ἐμὴν
526 2588 724 2641 εἰδέναι
768 2587 1030 2640 διδάσκων
1081 2586 1330 2656 δύναμιν,
1379 2580 1793 2653 παρενεγγύησα

222 2678 404 2748 σαφῶς
450 2682 626 2750 ἑτέρῳ
654 2680 754 2750 μὲν
793 2679 976 2750 μηδενὶ
1026 2679 1100 2748 μὴ
1129 2676 1237 2732 τῶν
1274 2675 1414 2728 κατά
1452 2674 1574 2742 γῆν,
1598 2670 1673 2743 μὴ
1686 2670 1793 2725 τῶν

220 2772 336 2823 κατ’
368 2771 602 2841 οὐρανὸν
649 2771 944 2840 φωστήρων
979 2769 1161 2839 νέμειν
1206 2768 1302 2839 τὴν
1346 2765 1479 2818 Θεοῦ
1524 2778 1795 2833 προσηγο-

224 2860 362 2930 ρίαν,
400 2859 506 2929 ἐμὲ
542 2859 599 2913 δὲ
630 2860 788 2929 μόνον
821 2858 1100 2929 ὁμολογεῖν
1129 2875 1186 2910 τε
1218 2857 1313 2910 καὶ
1340 2855 1537 2909 εἰδέναι
1562 2852 1711 2913 Θεὸν,
1738 2850 1795 2914 ὃς

222 2952 312 3003 καὶ
345 2950 562 3014 σώζειν,
588 2952 682 3003 καὶ
705 2949 1062 3003 ἀπαλλάττειν
1090 2950 1193 3002 τῶν
1225 2948 1585 3018 ἐπικειμένων
1614 2944 1795 2999 κακῶν

221 3041 453 3109 δύναμαι
498 3040 679 3110 μόνος,
715 3038 808 3092 ἀτε
842 3041 948 3093 τῶν
979 3042 1228 3096 ἁπάντων
1275 3039 1471 3111 Κύριος
1502 3039 1792 3107 ὑπάρχων·

1882 1677 2208 1724 creaverunt
2263 1684 2482 1724 omnem
2543 1670 2790 1725 militiam
2838 1673 2994 1738 caeli;
3046 1674 3248 1743 quique
3305 1675 3447 1729 hanc

1883 1761 2028 1817 haud
2062 1762 2156 1817 tibi
2191 1762 2403 1818 ostendi
2442 1770 2501 1815 ut
2550 1763 2859 1818 ambulares
2898 1773 3021 1833 post
3050 1780 3203 1830 eam;
3245 1781 3345 1835 ego
3373 1767 3450 1820 in-

1884 1866 2046 1921 quam
2105 1850 2268 1906 eduxi
2328 1861 2380 1905 te
2441 1850 2704 1921 Egypto;
2745 1863 2801 1906 tu
2848 1868 2980 1907 vero
3024 1854 3231 1908 nullum
3281 1856 3449 1911 Deum

1885 1953 2079 2014 praeter
2110 1958 2194 1997 me
2233 1941 2493 2009 habebis;
2541 1957 2716 2013 neque
2767 1945 2859 2013 qui
2910 1952 2962 2000 te
2990 1946 3182 2009 salvet,
3222 1957 3453 2018 excepto

1885 2051 1991 2090 me.
2028 2052 2047 2087 ι
2082 2034 2462 2103 Supradietam
2491 2036 2706 2105 quidem
2736 2037 3077 2107 potissimum
3109 2053 3323 2108 pronam
3357 2041 3453 2096 tibi

1886 2124 2083 2180 merito
2130 2123 2385 2191 inferam,
2425 2129 2553 2197 quia
2584 2127 2870 2183 declinasti
2920 2129 2986 2182 ad
3020 2128 3187 2194 idola,
3235 2129 3456 2185 deserto

1891 2233 2009 2284 me;
2041 2218 2279 2287 quicum
2309 2219 2412 2273 sim
2438 2226 2653 2273 creator
2671 2220 2917 2275 omnium
2944 2221 3181 2290 cmlique
3198 2229 3251 2278 et
3274 2230 3454 2283 terras.

1890 2323 2000 2377 quo
2034 2316 2277 2377 tempore
2305 2317 2356 2363 te
2393 2306 2626 2378 IEgypw
2662 2309 2847 2374 eduxi,
2887 2317 3038 2364 tanta
3066 2324 3190 2363 cum
3228 2312 3457 2365 miraeu.

1893 2400 2067 2454 lorum
2111 2399 2326 2454 illorum
2368 2399 2715 2455 multitudine
2756 2415 2819 2455 ac
2861 2401 3252 2470 magnitudine,
3287 2405 3459 2458 servi-

1892 2492 2026 2546 tutis
2052 2506 2306 2561 pressura
2342 2492 2654 2558 sublevans,
2685 2502 2739 2548 et
2768 2494 3022 2562 potentiae
3054 2510 3187 2550 mea:
3210 2497 3457 2550 notitiam

1894 2593 1946 2638 te
1980 2583 2206 2647 docens.
2257 2592 2408 2647 tunc,
2442 2585 2685 2653 inquam,
2735 2587 2913 2654 palam
2952 2588 3204 2641 mandavi
3238 2588 3357 2651 tibi,
3402 2595 3462 2641 ut

1894 2673 2031 2729 nulli
2063 2673 2138 2729 rei
2182 2676 2427 2730 terrestri
2470 2676 2713 2746 nullique
2757 2676 2964 2732 caelesti
2998 2677 3253 2732 luminati
3285 2680 3464 2749 appelv

1895 2765 2151 2821 lationem
2198 2764 2291 2820 Dei
2337 2766 2626 2832 tribueres,
2681 2782 2875 2838 meque
2919 2770 3095 2824 solum
3123 2769 3465 2826 conﬁtereris

1897 2871 1961 2910 ac
1992 2855 2161 2912 scires
2203 2870 2327 2911 esse.
2360 2854 2549 2920 Deum,
2597 2857 2687 2925 qui
2730 2867 2784 2911 et
2829 2859 3039 2914 salvare
3077 2868 3131 2913 et
3159 2861 3370 2930 eripere
3397 2876 3466 2915 ex

1900 2947 2234 3002 innatantibus
2279 2947 2459 3009 malis,
2506 2957 2689 3017 utpote
2718 2949 2959 3001 omnium
2993 2948 3273 3013 Dominus,
3314 2952 3466 3006 solus

1900 3053 2061 3107 queo.
2094 3038 2455 3103 Quamobrem
2497 3055 2628 3095 care
2674 3055 2742 3094 ne
2787 3041 2950 3094 veluti
2996 3056 3277 3098 sermones
3308 3059 3469 3113 quos-

224 3140 296 3204 (ρ.
314 3134 430 3203 94.)
457 3133 534 3196 ὡς
550 3134 618 3186 ἂν
636 3133 709 3202 μὴ
726 3132 914 3200 λόγους
930 3128 1174 3185 εἶναικαὶ
1195 3134 1413 3203 ῥήματα
1435 3131 1658 3202 νομίζῃς
1674 3136 1795 3198 τοὺς

1902 3130 2025 3183 dam
2060 3144 2123 3183 ac
2161 3130 2321 3184 verba
2361 3130 2641 3185 existimes
2686 3147 2807 3187 esse
2858 3133 3001 3202 leges
3048 3148 3218 3198 meas,
3255 3136 3350 3191 sed
3379 3152 3470 3205 po-

223 3226 415 3292 νόμους
442 3227 573 3289 τοὺς
602 3226 785 3294 ἐμοὺς,
815 3228 878 3276 ἐκ
906 3226 961 3277 δὲ
985 3225 1084 3294 τῆς
1112 3224 1365 3296 ἀληθείας
1387 3226 1479 3278 καὶ
1505 3225 1609 3278 τῶν
1626 3243 1805 3296 πραγ-

227 3318 407 3385 μάτων
438 3318 828 3387 συγκειμένους
850 3317 1088 3373 δικαίως.
1115 3335 1132 3366 ι
1170 3316 1307 3384 Ἐγὼ
1328 3318 1640 3387 ἐποίμαινόν
1668 3334 1726 3370 σε
1748 3321 1805 3371 ὲν

223 3413 284 3478 τῇ
308 3411 524 3479 ἐρήμῳ,
551 3409 613 3459 ὲν
660 3411 730 3478 γῇ
763 3410 1000 3478 ἀοικήτῳ
1027 3409 1164 3461 κατά
1197 3409 1293 3471 «ca;
1328 3409 1498 3478 νομάς
1540 3409 1738 3463 αὐτῶν.
1780 3428 1798 3460 ι

237 3500 551 3571 Ἐξαγαγὼν
582 3502 641 3554 δέ
676 3519 735 3553 σε
760 3502 857 3571 τῆς
879 3500 1171 3569 Αἰγύπτου.
1199 3502 1291 3554 καὶ
1321 3502 1460 3554 κα.τά
1481 3503 1578 3571 τὴν
1602 3501 1804 3572 ἔρημον

305 3593 547 3664 ἐμαυτοῦ
572 3593 865 3665 κηδεμονία
884 3594 1142 3661 διήγαγον
1159 3595 1216 3643 ἐν
1242 3594 1564 3663 ἀοικήτῳγῇ
1591 3610 1602 3621 ·
1632 3596 1723 3647 καὶ
1748 3596 1805 3647 ἐν

226 3677 349 3756 ᾔδη
390 3686 559 3753 νομαὶ
614 3684 815 3753 θηρίων
859 3701 919 3735 τε
964 3679 1102 3754 ἦσαν
1146 3684 1241 3737 καὶ
1278 3683 1542 3754 ἑρπετῶν,
1596 3684 1805 3748 οὐδενὸς

226 3776 594 3848 ὑστερηθῆναι
644 3776 751 3828 τῶν
793 3777 1105 3844 ἀναγκαίων
1149 3778 1331 3840 ἐάσας.
1371 3796 1388 3828 ι
1436 3777 1545 3831 Καὶ
1578 3777 1804 3845 ἐνεπλή-

230 3865 429 3934 σθησαν
464 3867 544 3929 είς
584 3865 916 3936 πλησμονὴν,
944 3867 1035 3918 καὶ
1060 3863 1350 3935 ὑψῶθησαν
1384 3866 1440 3917 αἱ
1470 3865 1682 3937 καρδίαι
1711 3865 1806 3919 αὑ-

228 3959 355 4012 τῶν⁸
394 3959 589 4011 ἕνεκεν
633 3958 821 4011 τούτου
863 3957 1183 4011 ὲπελάθοντό
1213 3976 1330 4029 μου.
1370 3977 1387 4009 ι
1424 3953 1556 4012 Εἶτα
1601 3958 1807 4029 εἰσελη-

228 4049 443 4113 λυθότες
475 4052 558 4113 εἰς
612 4048 708 4120 τὴν
733 4050 835 4120 γῆν
878 4050 978 4119 τῆς
1017 4050 1367 4118 ἐπαγγελίας,
1406 4052 1501 4104 καὶ
1539 4050 1807 4105 τοσούτων

232 4144 376 4211 παρά
408 4144 597 4195 πᾶσαν
629 4142 971 4213 ἀνθρωπίνην
1000 4142 1188 4195 ἐλπίδα
1212 4142 1639 4206 ἀπολελαυκότες
1667 4145 1805 4211 ἀγα-

233 4232 356 4297 θῶν,
390 4233 622 4303 μεγάλοι
647 4249 705 4284 τε
729 4232 879 4304 παρά
902 4234 1031 4286 πᾶσι
1058 4235 1168 4296 τοῖς
1196 4232 1336 4286 κατά
1360 4232 1457 4302 τὴν
1486 4233 1807 4302 οἰκουμένην

233 4324 530 4395 δειχθέντες
569 4324 901 4392 ἀνθρώποις,
935 4326 1023 4378 διὰ
1050 4325 1157 4379 τῶν
1199 4324 1328 4395 περὶ
1352 4325 1546 4388 αὐτοὺς
1574 4324 1631 4390 ἐξ
1672 4324 1805 4395 ἐμοῦ

237 4416 553 4483 γεγονότων,
586 4417 767 4470 οὐκέτι
802 4421 1018 4488 μνήμην
1057 4414 1199 4488 εἶχον
1229 4416 1363 4486 ἐμοῦ
1394 4415 1486 4468 τοῦ
1519 4416 1808 4480 δεδωκότος

239 4508 409 4572 αὐτοῖς
437 4508 547 4560 τῶν
574 4507 843 4561 τοσούτων
877 4508 1090 4577 ἀγαθῶν
1116 4509 1213 4579 τὴν
1242 4507 1525 4575 ἀφθονίαν.

304 4600 448 4670 Στίχ.
476 4599 628 4665 ςὀθ’.
658 4628 732 4641 -
758 4618 776 4649 ι
816 4599 918 4653 Καὶ
946 4600 1135 4671 ἔσομαι
1160 4603 1340 4665 αὐτοῖς
1369 4601 1443 4664 ὡς
1473 4600 1647 4671 πάνθη
1658 4618 1686 4671 ρ
1713 4601 1809 4653 καὶ¹

241 4694 309 4756 ὡς
334 4694 602 4765 πάρδαλς
644 4693 785 4747 κατά
818 4693 912 4765 τὴν
944 4694 1059 4747 όδδν
1102 4696 1419 4765 Ἀσσυρίων.
1455 4714 1473 4745 ι
1509 4694 1807 4765 Τοιγαροῦν

241 4787 385 4857 δίκην
418 4787 699 4858 πάνθηρος
730 4788 925 4848 αὐτοὺς
946 4787 1038 4839 καὶ
1074 4787 1406 4859 παρδάλεως,
1441 4786 1577 4857 μετά
1607 4785 1809 4855 πολλῆς

241 4878 331 4948 τῆς
370 4878 635 4950 ὀξύτητος
693 4876 989 4948 συντρίϐων
1027 4894 1084 4929 τε
1133 4877 1227 4929 καὶ
1278 4877 1530 4940 ἀπολλῦς,
1568 4876 1672 4931 ὑπὸ
1707 4876 1809 4947 τὴν

241 4968 342 5020 τῶν
370 4970 674 5036 Ἀσσυρίων
699 4967 1068 5038 αἰχμαλωσίαν
1093 4968 1268 5020 ὲλάσω
1292 4968 1515 5029 πάντας.
1549 4987 1566 5018 ι
1612 4967 1808 5021 Ἀπαν-

242 5065 465 5131 τήσομαι
494 5064 677 5125 αὐτοῖς
702 5061 778 5124 ὡς
799 5061 966 5130 ἄρκος
991 5061 1360 5132 ἀπορουμένη.
1398 5060 1473 5129 (p.
1503 5059 1618 5126 95.)
1653 5078 1670 5109 ι
1700 5059 1807 5112 Καὶ

244 5154 389 5224 δίκην
428 5156 597 5225 ἄρκου
626 5153 736 5206 τῶν
777 5152 1131 5223 γεννημάτων
1180 5152 1534 5223 στερηθείσης
1574 5151 1679 5203 τῶν
1730 5153 1808 5204 oi-

246 5245 418 5308 κείων,
448 5246 541 5298 καὶ
585 5244 678 5296 ἐπὶ
706 5243 905 5313 πολλῆς
934 5243 1034 5313 τῆς
1066 5241 1151 5293 ἐπ’
1181 5241 1406 5304 ἐκείνοις
1434 5241 1670 5310 ἀπορίας
1699 5243 1810 5305 τοῖς

247 5334 509 5388 ἀπαντῶσι
535 5337 959 5405 λυμαινομένης,
988 5332 1250 5385 πλείστων
1275 5333 1413 5384 ὅσων
1442 5332 1621 5385 αὐτῶν
1651 5334 1813 5404 ἐργά-

250 5442 401 5494 σομαι
430 5428 519 5479 τὸν
548 5427 728 5497 φόνον.
759 5446 777 5476 ι
814 5426 924 5481 Καὶ
955 5424 1228 5496 διαρῤήξω
1262 5423 1625 5495 συγκλεισμδν
1672 5442 1809 5495 καρ-

250 5516 357 5579 δίας
392 5519 584 5572 αὐτῶν.
623 5539 642 5571 ι
680 5520 792 5573 Καὶ
830 5518 1036 5580 πάντας
1069 5518 1124 5570 δὲ
1149 5519 1273 5581 τοὺς
1311 5516 1689 5587 διαλογισμοὺς
1715 5518 1812 5570 αὐ-

252 5607 353 5660 τῶν
387 5610 473 5674 οὓς
507 5613 636 5683 παρ’
665 5613 880 5672 ἑαυτοῖς
914 5610 1240 5679 συνέχοντες,
1276 5608 1413 5681 μετά
1463 5608 1661 5681 πολλῆς
1688 5608 1813 5681 ἠσέ-

320 5774 420 5845 (l3)
448 5772 584 5831 Cod.
616 5774 852 5829 ἐποίσει.

558 5891 843 5953 Ριιτιιυι..
888 5890 1006 5954 Gn.
1041 5892 1266 5954 LXVI.

1906 3223 2013 3276 tius
2046 3237 2225 3276 rerum
2260 3225 2489 3278 veritate
2530 3232 2678 3279 recte
2712 3234 3016 3279 concretas.
3061 3243 3082 3278 ι
3124 3225 3234 3297 Ego
3267 3229 3387 3297 pavi
3417 3239 3472 3285 te

1907 3311 1959 3365 iu
1988 3311 2227 3375 deserto,
2273 3312 2327 3366 in
2373 3321 2516 3367 terra
2560 3313 2920 3375 inhabitabili,
2953 3315 3108 3383 juxta
3144 3332 3345 3386 pascua
3371 3334 3470 3374 eo-

1905 3419 2047 3460 rum.
2092 3423 2111 3458 i
2153 3404 2445 3474 Postquam
2504 3414 2556 3460 te
2600 3406 2836 3477 Egypto
2885 3409 3071 3473 eduxi,
3129 3409 3184 3465 in
3252 3412 3470 3467 deserto

1906 3511 2123 3564 quoque
2154 3496 2496 3565 providentia
2529 3512 2646 3550 mea
2680 3506 2734 3552 te
2763 3514 2882 3553 sum
2913 3501 3299 3560 comitatus.in
3324 3511 3473 3558 terra

1908 3590 2307 3645 habitatoribus
2361 3604 2559 3655 cassa;
2611 3590 2699 3643 ubi
2750 3605 2873 3643 cum
2926 3591 3061 3644 nihil
3118 3592 3265 3646 aliud
3327 3602 3474 3649 esset

1905 3691 2101 3750 praeter
2148 3682 2385 3737 ferarum
2441 3690 2491 3735 et
2545 3682 2880 3749 Serpentium
2925 3697 3147 3750 pascua,
3200 3684 3335 3737 nihil
3373 3685 3474 3740 tibi

1906 3775 2278 3829 necessarium
2306 3774 2496 3828 deesse
2519 3773 2643 3828 sivi.
2675 3791 2693 3823 ι
2720 3769 2784 3825 Et
2815 3775 3043 3827 saturati
3077 3775 3293 3830 abunde
3323 3786 3469 3842 sunt,
3533 3766 3555 3789 ‘

1905 3872 1960 3919 et
2010 3865 2218 3917 elevata
2259 3872 2387 3917 sunt
2442 3862 2604 3916 corda
2652 3878 2864 3926 eorum,
2916 3863 3144 3933 ideoque
3190 3867 3295 3920 mei
3346 3878 3477 3923 sunt

1907 3959 2085 4014 obliti.
2142 3978 2161 4011 ι
2219 3957 2348 4013 Post
2407 3959 2521 4012 haec
2580 3959 2905 4027 promissam
2961 3969 3160 4014 terram
3219 3961 3472 4033 ingrcssi,

1907 4054 2185 4121 tantisque
2212 4061 2409 4122 przeter
2443 4052 2735 4120 quamlibet
2772 4051 3062 4115 humanam
3098 4068 3271 4123 spem,
3314 4055 3475 4111 bonis

1909 4145 2174 4208 fruentes,
2230 4151 2284 4196 et
2337 4158 2589 4212 magnum
2640 4157 2749 4212 pra!
2781 4142 2992 4197 caeteris
3043 4144 3231 4198 mundi
3278 4145 3477 4200 incolis

1915 4254 2109 4293 nomen
2141 4237 2341 4307 adepti,
2372 4245 2592 4306 propter
2626 4251 2745 4290 mea
2792 4236 2938 4290 circa
2984 4236 3131 4305 ipsos
3174 4252 3359 4307 opera,
3389 4248 3476 4290 at-

1909 4339 2095 4385 tamen
2125 4329 2228 4385 mei
2272 4343 2539 4387 memores
2589 4342 2696 4383 non
2728 4328 2965 4394 fuerunt,
3004 4329 3097 4399 qui
3146 4337 3353 4387 tantam
3410 4331 3478 4387 iis

1909 4422 2177 4475 bonorum
2208 4420 2418 4491 copiam
2453 4420 2812 4477 contuleram.

1840 4494 1884 4551 Ι)
1982 4513 2146 4569 Vsus.
2190 4512 2307 4566 6-9.
2368 4540 2436 4549 -
2492 4511 2599 4581 62
2644 4528 2661 4558 ο
2703 4508 2917 4579 Eroque
2952 4511 3057 4569 illis
3093 4519 3151 4569 ut
3191 4513 3476 4584 panthera,

1908 4616 1962 4661 et
2006 4606 2148 4661 sicut
2198 4601 2401 4673 pardus
2450 4603 2505 4655 in
2545 4604 2631 4659 via
2688 4603 3062 4670 Assyriorum.
3115 4623 3135 4657 ι
3187 4605 3479 4676 Propterea

1910 4699 2186 4769 pantherae
2233 4712 2381 4750 more
2436 4695 2719 4767 paruique,
2762 4697 3021 4755 velociter
3065 4697 3353 4755 admodum
3386 4714 3479 4755 eos

1911 4800 2190 4847 conteram
2240 4787 2589 4857 perdamque,
2639 4796 2872 4843 cunctos
2900 4787 3152 4845 videlicet
3202 4791 3256 4847 in
3303 4792 3477 4861 Assy-

1909 4885 2118 4937 riorum
2153 4881 2376 4934 trahens
2410 4878 2800 4947 captivitatem.
2832 4898 2851 4931 (
2892 4879 3188 4937 Occurrant
3215 4881 3294 4936 eis
3322 4882 3480 4951 quasi

1915 4992 2039 5030 ursa
2070 4974 2329 5030 destituta
2362 4972 2580 5028 catulis.
2614 4990 2633 5022 ι
2678 4970 2827 5028 Ursae
2854 4988 3027 5037 more,
3054 4972 3140 5027 cui
3167 4971 3251 5025 sui
3282 4972 3482 5027 sublati

1916 5068 2027 5124 sint
2060 5065 2247 5130 catuli,
2293 5072 2348 5119 et
2386 5063 2456 5119 ob
2501 5078 2666 5134 grave
2711 5063 2928 5119 illorum
2968 5062 3299 5121 desiderium
3324 5073 3487 5132 quot-

1916 5167 2050 5229 quot
2072 5157 2414 5213 occurrerint
2439 5155 2823 5225 discerpentis,
2846 5171 2946 5223 ego
2982 5169 3198 5225 quoque
3230 5170 3483 5226 magnam

1917 5264 2107 5305 eorum
2153 5248 2485 5305 occisionem
2535 5245 2750 5302 faciam.
2801 5265 2818 5301 ι
2873 5244 2939 5299 Et
2984 5244 3320 5317 disrumpam
3356 5262 3488 5302 con-

1919 5340 2218 5395 clusiouem
2262 5338 2445 5395 cordis
2486 5352 2700 5392 eorum.
2738 5355 2756 5389 ι
2792 5334 2858 5389 Ει
2887 5350 3077 5391 eorum
3112 5349 3304 5394 omnes
3325 5338 3489 5407 cogi-

1920 5433 2196 5495 tationes.
2265 5447 2403 5502 quas
2471 5432 2614 5487 intra
2680 5444 2739 5485 se
2808 5429 3186 5498 continentes,
3245 5430 3489 5486 studiose

1922 5521 2211 5576 admodum
2264 5521 2585 5591 peccabant,
2638 5534 3009 5588 supervacuas
3060 5535 3123 5574 ac
3177 5535 3340 5576 vanas
3394 5536 3492 5590 per

1923 5612 2184 5693 inilictam
2227 5628 2444 5684 pmnam
2495 5624 2810 5683 coarguam.
2854 5630 2871 5664 ι
2918 5611 2984 5667 Et
3022 5610 3359 5668 devorabuut
3396 5628 3495 5670 eos

3136 5875 3176 5945 ’2
