3966 6222
483 306 588 365 205

1677 311 2023 368 THEODORI
2075 310 2553 370 MOPSUESTENI

3625 299 3729 356 204

492 431 565 487 ibi
594 430 760 485 catuli
814 432 983 496 silvm,
1037 430 1105 487 ct'
1140 430 1330 487 bestiae
1372 432 1488 503 agri
1534 431 1847 502 discerpent
1875 447 1989 487 eos.
2029 451 2049 486 ι

2157 432 2283 485 6ουν
2313 433 2413 503 τῆς
2438 431 2770 504 ἐπιμελείας,
2812 428 3102 502 περιττοὺς
3132 429 3289 493 ὄντας
3327 431 3423 485 καὶ
3456 430 3735 501 ματαίους,

491 522 582 576 Sic
612 538 707 578 eos
744 525 911 579 variis
965 523 1205 578 aedibus
1256 532 1584 579 consument
1631 524 1855 590 hostes;
1887 518 2063 578 veluti

490 614 676 671 leones
706 617 773 673 de
811 617 974 679 saltu,
1024 625 1118 671 aut
1172 618 1291 671 alia:
1344 616 1828 686 bujusmodilerze,
1878 615 2060 671 subito

491 707 762 765 irruentes
796 709 1053 766 dentibus
1089 725 1281 765 omnes
1312 710 1628 764 lacerarent.
1663 728 1679 759 ι
1710 708 2058 777 Corruptioni

491 804 614 864 tus,
671 801 857 861 lsrael.
912 802 1033 872 quis
1099 801 1484 856 auxiliabitur?
1540 818 1556 853 ι
1611 798 1801 853 Tantis
1852 799 2059 856 fractus

487 893 840 963 perditusque
870 894 1046 955 malis,
1071 893 1346 963 quodnam
1380 892 1642 949 auxilium
1669 890 1954 946 invenies?

2165 522 2254 575 διὰ
2287 522 2385 593 τῆς
2414 522 2757 592 ἐπαγομένης
2799 522 2979 584 αὐτοῖς
3010 519 3211 588 ἐλέγξω
3250 520 3535 592 τιμωρίας.
3567 540 3587 574 ι
3627 521 3738 575 Καὶ

2166 616 2429 684 φάγονται
2478 616 2672 677 αὐτοὺς
2720 616 2834 666 ἐκεῖ
2876 613 3103 684 σκύμνοι
3155 613 3381 684 δρυμοῦ,
3437 615 3531 669 καὶ
3573 614 3737 685 θηρία

2165 706 2337 779 ἀγροῦ
2375 706 2659 760 διασπάσει
2689 703 2904 768 αὐτούς.
2945 722 2963 756 ι
2999 702 3154 758 Οὕτω
3184 703 3292 776 γὰρ
3319 704 3512 767 αὐτοὺς
3544 705 3610 775 τῇ
3637 703 3737 773 τῆς

2166 799 2381 868 σφαγῆς
2403 799 2646 870 ποικιλίᾳ
2673 796 3144 852 καταναλὼσουσιν
3165 798 3214 850 οἱ
3246 796 3510 867 πολέμιοι,
3537 795 3735 849 ὡσανεὶ

2166 889 2377 951 λέοντές
2418 906 2560 952 τινες
2591 892 2654 942 ὲκ
2702 887 2929 959 δρυμοῦ,
2962 888 2997 957 ἡ
3034 903 3154 940 τινα
3195 886 3358 957 ἔτερα
3386 885 3735 955 παραπλήσια

483 984 692 1049 τούτοις
720 984 902 1057 θηρία,
932 985 1101 1055 ἀθρόα
1134 986 1243 1048 τοῖς
1272 983 1479 1036 ὀδοῦσιν
1507 982 1833 1036 ἐπιπεσόντα
1853 980 2198 1036 διασπάσειεν
2223 979 2486 1045 ἅπαντας.
2525 999 2544 1032 ι
2572 981 2650 1050 Τῇ
2678 977 2941 1049 διαφθορᾷ
2967 995 3080 1040 σου,
3100 977 3333 1049 Ἰσραὴλ,
3364 978 3445 1041 τίς
3479 977 3733 1050 βοηθήσει

485 1093 596 1143 σοι;
631 1097 647 1128 ι
683 1076 842 1130 Ἀλλὰ
874 1076 981 1147 γὰρ
1020 1076 1124 1129 ὑπὸ
1153 1075 1420 1128 τοσούτων
1450 1074 1892 1146 διαφθειρόμενος
1924 1092 1984 1127 τε
2013 1074 2107 1128 καὶ
2138 1072 2504 1143 ἀπολλύμενος
2535 1072 2741 1135 κακῶν,
2771 1071 2890 1125 τίνα
2923 1069 2989 1123 ἂν
3019 1068 3195 1140 εὕροις
3223 1068 3514 1141 βοήθειαν;

554 1216 721 1271 Vens.
757 1215 950 1269 lli-ll.
981 1244 1050 1253 —
1082 1231 1100 1264 ι
1137 1213 1239 1269 Ubi
1270 1213 1356 1268 hic
1385 1229 1475 1268 rex
1507 1214 1675 1270 tuus?
1699 1212 1855 1268 Nunc
1883 1212 2059 1269 salvet

480 1323 535 1368 tc
578 1311 631 1365 in
687 1308 941 1363 omnibus
997 1306 1225 1361 urbibus
1269 1306 1398 1360 tuis.
1442 1305 1614 1361 Judex
1660 1315 1779 1362 esto
1811 1314 1959 1366 tuus,
1990 1304 2059 1360 de

481 1418 590 1472 quo
620 1400 804 1456 dixisti
844 1418 856 1454 :
894 1398 969 1453 Da
1001 1399 1134 1452 mihi
1157 1414 1336 1468 regem
1369 1410 1422 1452 et
1444 1399 1746 1469 principem
1781 1417 1793 1450 :
1821 1398 2055 1469 dedique

481 1494 579 1549 tibi
609 1509 789 1563 regem
834 1492 887 1546 in
931 1492 1010 1545 ira
1044 1505 1187 1545 mea.
1230 1510 1249 1542 ι
1284 1489 1470 1561 Neque
1512 1492 1657 1545 enim
1686 1506 1751 1546 ex
1781 1491 1932 1562 regio
1963 1498 2055 1543 aut

478 1583 703 1638 militari
727 1582 989 1653 regimine
1012 1581 1307 1651 quidquam
1332 1581 1631 1637 lucraberis
1662 1599 1675 1633 :
1715 1581 1820 1635 erit
1852 1583 2053 1651 quippe

479 1684 534 1729 et
566 1675 669 1729 hoc
699 1675 997 1728 invalidum
1034 1673 1100 1727 ad
1129 1672 1524 1738 defensionem,
1577 1680 1912 1743 repugnante
1942 1687 2049 1726 me.

2232 1212 2382 1281 Στίχ.
2434 1218 2485 1273 ι’,
2514 1216 2601 1265 ια’.
2628 1239 2700 1250 —-
2733 1228 2751 1262 ι
2792 1210 2899 1263 Ποῦ
2930 1212 2958 1263 ὁ
2990 1209 3239 1280 βασιλεύς
3286 1225 3377 1261 σου
3424 1200 3602 1275 οὗτος
3636 1208 3730 1262 καὶ

2158 1302 2477 1357 διασωσάτω
2507 1319 2565 1355 σε
2607 1304 2664 1355 ὲν
2694 1302 2898 1367 πάσαις
2935 1305 3055 1366 ταῖς
3087 1289 3272 1354 πόλεσί
3322 1319 3415 1355 σου
3435 1319 3448 1333 ο
3478 1303 3571 1354 καὶ
3614 1320 3733 1372 κρι-

2158 1395 2302 1449 νάτω
2334 1412 2414 1459 σε,
2445 1394 2503 1447 ὂν
2533 1388 2712 1459 εἴπας,
2744 1396 2843 1457 Δός
2873 1411 2960 1465 μοι
2988 1393 3205 1464 βασιλέα
3237 1393 3330 1447 καὶ
3354 1395 3606 1465 ἄρχοντα,
3636 1394 3729 1447 καὶ

2158 1486 2333 1540 ἔδωκά
2358 1504 2438 1540 σοι
2463 1486 2686 1557 βασιλέα
2712 1488 2769 1539 ὲν
2800 1488 2934 1557 ὀργῇ
2967 1502 3085 1555 μου.
3120 1504 3137 1536 ι
3176 1485 3309 1537 Οὐδὲ
3347 1486 3455 1555 γὰρ
3478 1486 3541 1537 ὲκ
3580 1484 3728 1554 βασι-

2157 1578 2313 1650 λικῆς
2363 1580 2675 1651 ἐπιμελείας
2716 1580 2748 1650 ἢ
2783 1579 3113 1650 στρατηγίας
3157 1580 3369 1632 ἀποίσει
3401 1597 3455 1631 τι
3500 1580 3724 1649 κέρδος*

2156 1672 2306 1725 ἔσται
2337 1672 2443 1742 γὰρ
2489 1672 2582 1724 καὶ
2612 1666 2765 1733 οὗτος
2796 1669 2980 1732 ἄτονος
3023 1671 3102 1733 είς
3136 1670 3403 1741 βοήθειαν,
3435 1671 3727 1741 ἀντιπράτ-

478 1764 614 1819 Nam
667 1781 791 1820 cum
844 1765 979 1819 mihi
1030 1764 1325 1835 placuisset
1382 1764 1512 1818 dare
1560 1765 1717 1818 vobis
1766 1763 2049 1833 praasidem

2155 1780 2342 1826 τοντος
2374 1762 2507 1833 ἐμοῦ
2532 1777 2547 1792 ⁶
2597 1761 2773 1814 καίτοι
2812 1779 2873 1830 γε
2908 1761 3071 1832 [κατά
3105 1762 3164 1814 τὸ
3208 1760 3338 1833 γὰρ]
3373 1763 3491 1831 ἐμοὶ
3537 1762 3727 1814 δοκοῦν

482 1858 814 1923 Samuelem,
866 1858 1042 1912 virum
1076 1857 1284 1925 justum
1329 1863 1383 1910 et
1418 1856 1563 1910 omni
1607 1857 1810 1910 virtute
1854 1855 2051 1927 praedi-

414 1988 419 1991 ι
479 1960 618 2013 tum,
650 1950 743 2020 qui
770 1948 1139 2004 sacerdotium
1185 1947 1429 2003 simulet
1468 1946 1835 2017 principatum
1870 1946 2051 2017 populi

418 2055 425 2062 ‘
480 2041 912 2105 administraret,
939 2054 1035 2094 vos
1064 2053 1188 2093 eum
1232 2038 1457 2092 omnino
1504 2038 1868 2106 deposuistis;
1901 2051 2055 2107 neque

480 2147 545 2185 ac
575 2132 814 2201 reliquas
853 2138 1063 2200 gentes,
1098 2137 1349 2198 oportere
1393 2144 1489 2183 vos
1522 2130 1721 2184 habere
1754 2144 1933 2199 regem
1971 2128 2055 2181 di-

480 2233 687 2285 centes,
710 2223 802 2291 qui
838 2222 996 2277 vobis
1025 2222 1145 2276 usui
1184 2228 1331 2276 esset
1358 2220 1425 2274 ad
1459 2221 1599 2275 bella
1637 2229 1827 2276 contra
1863 2221 2054 2274 alieni-

480 2330 667 2384 genas.
694 2314 858 2383 Atqui
906 2322 1120 2382 tempus
1167 2314 1341 2374 adest,
1374 2326 1484 2381 quo
1537 2312 2049 2366 inconsiderantiam

479 2415 715 2460 vestram
764 2406 1075 2475 agnoscctis
1130 2424 1143 2458 :
1195 2404 1332 2457 nihil
1381 2405 1525 2458 enim
1568 2404 1722 2457 vobis
1754 2404 2051 2471 proderunt

479 2497 534 2551 hi
580 2497 674 2567 qni
724 2511 952 2567 regnare
1000 2494 1143 2566 apud
1194 2511 1289 2550 vos
1338 2496 1609 2559 videntur,
1659 2493 1927 2563 siquidem
1962 2509 2053 2547 ve-

478 2599 604 2643 δη·ιὲ
645 2602 839 2641 omnes
887 2587 1051 2641 urbes
1086 2602 1191 2640 una
1236 2587 1535 2657 eademque
1567 2587 1721 2639 ruina
1769 2592 2046 2638 enrrnent.

476 2678 648 2735 Nemo
714 2680 881 2749 igitur
944 2679 1040 2733 tibi
1095 2678 1262 2746 judcx
1321 2681 1446 2742 erit,
1515 2679 1673 2748 quasi
1722 2678 2047 2732 immeritam

475 2771 597 2842 63
666 2772 736 2825 ab
802 2769 1040 2824 inimicis
1097 2770 1496 2838 aggressionem
1562 2769 1819 2838 patiaris;
1876 2783 2051 2837 neque

478 2862 650 2913 ullum
738 2858 793 2911 in
880 2857 985 2912 hoc
1078 2872 1258 2911 rerum
1336 2868 1478 2911 statu
1572 2859 1833 2911 auxilium
1909 2874 2048 2927 pra!-

477 2951 670 3015 bebit,
724 2965 1037 3021 quanquam
1128 2950 1230 3003 hoc
1314 2951 1595 3019 potissime
1663 2968 1847 3021 regum
1919 2968 2045 3021 erga

478 3059 609 3100 suos
664 3043 897 3097 ollieium
962 3050 1080 3105 est,
1141 3051 1199 3094 ut
1258 3042 1486 3110 injurias
1532 3058 1719 3096 eorum
1778 3043 2047 3096 ulciscan-

2156 1854 2453 1925 ἡγούμενόν
2488 1869 2579 1906 σου
2610 1853 2700 1905 τὸν
2734 1852 2985 1924 Σαμουὴλ
3016 1852 3179 1923 ἄνδρα
3210 1852 3431 1918 δίκαιον,
3464 1855 3554 1907 καὶ
3587 1854 3727 1922 μετὰ

2154 1946 2335 2016 πάσης
2365 1948 2565 2019 ἀρετῆς
2588 1950 2688 2017 τήν
2728 1965 2786 2001 τε
2829 1947 3126 2019 ἱερωσύνην
3159 1950 3252 2002 καὶ
3277 1950 3373 2019 τὴν
3404 1951 3726 2020 ἡγεμονείαν

2152 2038 2401 2092 διέποντα
2429 2039 2522 2091 τοῦ
2548 2039 2700 2102 λαοῦ,
2732 2040 3158 2112 παρεγράψασθε
3181 2041 3474 2106 παντελῶς,
3506 2045 3578 2112 (p.
3608 2043 3675 2097 96
3702 2048 3724 2094 ι

2152 2130 2546 2202 παραπλησίως
2572 2135 2685 2195 τοῖς
2718 2133 2924 2197 λοιποῖς
2958 2133 3131 2187 ἔθνεσι
3161 2136 3429 2206 φήσαντες
3449 2137 3555 2189 δεῖν
3582 2137 3725 2207 ἔχειν

2154 2216 2393 2285 βασιλέα,
2430 2218 2489 2282 ὃς
2520 2220 2740 2289 ἀρκέσει
2778 2222 2912 2292 πρὸς
2939 2223 3064 2286 τοὺς
3097 2224 3234 2296 ὑπὲρ
3272 2225 3423 2295 ὑμῶν
3456 2227 3725 2295 πολέμους

2150 2311 2260 2371 τοῖς
2305 2310 2638 2382 ἀλλοτρίοιςο
2689 2313 2823 2366 ἀλλά
2877 2314 2985 2385 γὰρ
3019 2315 3142 2386 ἥκει
3198 2316 3406 2387 καιρὸς,
3443 2318 3500 2370 ὲν
3550 2311 3725 2387 ᾧτῆς

2150 2401 2403 2465 ἀϐουλίας
2446 2403 2766 2474 αἰσθήσεσθε
2805 2406 3130 2475 τῆςεοὶκείας
3157 2425 3170 2437 ·
3199 2408 3258 2459 ού
3301 2410 3406 2478 γάρ
3434 2426 3485 2462 τι
3531 2408 3725 2478 ὄφελος

2150 2493 2475 2564 παρέξουσιν
2508 2495 2634 2564 ύμῖν
2663 2497 2711 2548 οἱ
2741 2495 3043 2566 βασιλεύειν
3071 2500 3126 2551 ὲν
3148 2499 3273 2569 ύμῖν
3298 2500 3595 2564 δοκοῦντες,
3626 2502 3724 2554 ᾶτε

2150 2588 2335 2639 πασων
2367 2586 2475 2637 τῶν
2507 2586 2566 2638 ὲν
2601 2588 2729 2656 ὑμῖν
2772 2588 2975 2641 πόλεων
3005 2589 3108 2643 ὑπὸ
3153 2592 3279 2661 μίαν
3310 2591 3579 2645 ἀπώλειαν
3624 2611 3726 2645 πει

2150 2677 2426 2746 σουμένων
2449 2690 2462 2704 ·
2490 2679 2549 2730 ού
2582 2678 2757 2731 τοίνυν
2802 2680 2920 2733 ούδέ
2967 2698 3050 2744 τις
3075 2682 3251 2735 αὐτῶν
3280 2687 3454 2754 κρινεῖ
3497 2701 3598 2750 σοι,
3645 2685 3727 2749 ὡς

2151 2769 2380 2837 ματαίαν
2438 2768 2590 2840 παρὰ
2619 2769 2728 2824 τῶν
2768 2771 3044 2842 πολεμίων
3095 2774 3458 2829 ἐπανάστασιν
3512 2777 3723 2847 ύπομέ-

2147 2876 2311 2922 νοντι,
2339 2861 2431 2912 καί
2462 2878 2581 2914 τινα
2606 2862 2828 2933 παρέξει
2857 2863 3105 2935 βοήθειαν
3138 2866 3229 2918 ἐπὶ
3260 2868 3509 2930 τούτους’
3534 2870 3724 2940 ἐπειδὴ

2145 2948 2301 3001 τοῦτο
2327 2951 2460 3019 πρὸς
2488 2952 2613 3015 τοὺς
2638 2954 2867 3017 οἰκείους
2905 2957 3016 3018 τοῖς
3051 2954 3354 3024 βασιλεῦσιν
3388 2956 3505 3021 ἔθος
3550 2962 3724 3012 ποιεῖν

2147 3043 2225 3104 εἰς
2258 3042 2353 3113 τὴν
2386 3043 2492 3096 τῶν
2544 3045 2912 3117 ἀδικουμένων
2966 3047 3249 3117 βοήθειαν·
3290 3049 3533 3120 πολέμιοι
3567 3050 3620 3104 δὲ
3672 3056 3723 3105 οἱ

477 3145 569 3189 tnr
610 3155 622 3190 :
671 3149 817 3188 nunc
874 3148 1002 3188 vero
1056 3134 1238 3187 hostes
1290 3134 1484 3185 mirmn
1522 3140 1784 3201 quantum
1826 3134 2041 3202 regibus

2155 3133 2243 3185 νῦν
2277 3134 2523 3188 πλεῖστον
2552 3137 2673 3189 ὅσον
2714 3138 2820 3190 τῶν
2867 3139 3250 3208 βασιλευόντων
3299 3144 3355 3193 ὲν
3403 3144 3529 3211 ὑμῖν
3569 3144 3724 3207 ὄντες

476 3227 672 3282 vestris
716 3226 1049 3296 potentiores
1098 3233 1244 3277 sunt.
1300 3223 1405 3278 Sed
1447 3235 1623 3276 tamen
1651 3238 1772 3276 eum
1814 3225 2047 3292 petistis,

479 3326 739 3388 tanquam
774 3317 977 3386 aliquid
1012 3315 1138 3369 boni
1196 3315 1492 3384 accepturi,
1524 3314 1668 3383 regis
1699 3314 2042 3383 dignitatem,

478 3410 770 3479 indignans
819 3424 919 3477 ego
965 3407 1089 3461 licet
1125 3414 1317 3458 vestrae
1356 3405 1651 3458 voluntatis
1681 3403 2041 3475 improbitati,

479 3501 836 3556 nihilominus
887 3507 943 3553 nt
975 3514 1154 3567 regem
1212 3497 1482 3550 haberetis
1526 3495 1751 3559 indulsi,
1806 3511 1874 3549 ne.
1907 3495 2046 3550 forte

477 3592 690 3647 viderer
723 3599 916 3645 vestra:
941 3591 1155 3657 Optimae
1181 3586 1565 3642 deliberationi
1620 3586 1994 3640 contradicere
2027 3604 2039 3639 :

475 3685 722 3747 toleravi,
771 3685 1015 3752 inquam,
1043 3682 1096 3734 in
1125 3682 1203 3734 ira
1237 3695 1377 3733 mea.
1412 3678 1478 3733 Et
1513 3694 1658 3733 nunc
1689 3680 1892 3748 pariter
1926 3679 2041 3730 ira-

478 3789 566 3831 tus
591 3784 705 3830 tum
731 3775 805 3828 iili
847 3774 1012 3828 veteri
1048 3782 1160 3826 tum
1192 3771 1588 3841 posterioribus
1613 3772 1812 3825 vestris
1839 3771 2045 3839 iniqui-

2148 3225 2504 3296 δυνατώτεροι
2527 3245 2540 3257 °
2572 3230 2804 3299 ὁπηνίκα
2833 3231 2887 3283 δὲ
2916 3234 3091 3301 ᾐτεῖτε
3124 3232 3197 3294 ὡς
3228 3234 3313 3285 ἐπ’
3337 3234 3523 3304 ἀγαθῷ
3555 3234 3726 3303 λιηχιυὸ⁴

2151 3333 2298 3384 μενοι
2336 3318 2428 3369 τοῦ
2467 3319 2726 3388 βασιλέως
2773 3322 2872 3393 τὴν
2900 3325 3094 3394 ἀρχὴν,
3137 3324 3471 3396 θυμούμενος
3524 3328 3615 3379 ἐπὶ
3653 3330 3722 3398 τῇ

2149 3407 2416 3479 μοχθηρία
2444 3411 2539 3479 τῆς
2569 3411 2792 3483 γνώμης
2826 3414 2922 3482 τῆς
2958 3416 3246 3485 ὑμετέρας,
3271 3419 3419 3487 ὅμως
3447 3419 3723 3489 ἐπέτρεψα

2145 3496 2326 3549 λαϐεῖν
2354 3499 2442 3551 τὸν
2477 3500 2717 3569 βασιλέα,
2753 3503 2828 3564 ὼς
2861 3505 2927 3556 ἂν
2961 3506 3035 3574 μὴ
3072 3506 3449 3575 ἀντιπράττειν
3490 3510 3626 3579 ὑμῖν
3652 3513 3725 3566 τὰ

2144 3589 2401 3644 κάλλιστα
2425 3593 2565 3663 ὑπὲρ
2587 3595 2791 3646 ἑαυτῶν
2810 3595 3289 3667 δια-πραττομένοις
3309 3599 3538 3671 δοκοίην.
3571 3622 3587 3652 ι
3611 3604 3726 3659 Καὶ

2140 3680 2363 3749 ἀνέσχον
2397 3682 2453 3733 ἐν
2482 3682 2556 3752 τῷ
2598 3683 2753 3754 θυμῴ
2789 3703 2911 3755 μου.
2956 3706 2972 3737 ι
3005 3689 3349 3758 Θυμούμενος
3397 3690 3449 3742 δὲ
3498 3694 3591 3743 καὶ
3622 3694 3721 3745 νῦν

2143 3772 2233 3823 ἐπί
2264 3788 2323 3823 τε
2363 3774 2546 3846 ἐκείνῃ
2591 3775 2681 3826 καὶ
2720 3778 2836 3837 ταῖς
2874 3776 3117 3847 καθεξῆς
3148 3779 3511 3849 παρανομίαις
3542 3781 3722 3850 ὑμῶν,

477 3867 703 3928 tatibus,
728 3880 906 3919 meum
937 3864 1090 3918 vobis
1122 3864 1385 3917 auxilium
1423 3863 1681 3928 snbduxi,
1711 3862 1923 3931 sivique
1950 3876 2048 3913 vos

2155 3864 2361 3931 Ξφεῖλον
2414 3867 2512 3935 μὲν
2564 3867 2716 3935 ὑμῶν
2762 3868 2859 3938 τὴν
2909 3870 3045 3940 ἐμὴν
3082 3870 3609 3940 σνυμμαχίανσεῖασα
3663 3875 3725 3927 δὲ

474 3972 540 4011 ex
596 3956 728 4025 ipsis
765 3955 977 4008 discere
1042 3956 1227 4017 rebus,
1274 3962 1480 4023 quanto
1527 3954 1719 4007 melius
1753 3952 1928 4006 fuerat
1980 3952 2050 4005 ab

475 4048 607 4113 illis,
646 4060 783 4114 quos
829 4059 929 4114 ego
971 4059 1070 4113 pro
1092 4053 1268 4098 vestra
1299 4045 1475 4098 salute
1510 4046 1798 4113 elegeram,
1829 4058 2044 4113 semper

476 4138 800 4211 gubernari,
863 4151 1026 4206 quam
1088 4136 1248 4205 regiae
1317 4151 1415 4189 vos
1487 4135 1826 4190 committere
1890 4142 2043 4205 pote-

477 4233 628 4288 stati.

545 4365 712 4419 Vens.
748 4363 937 4417 12-”.
970 4392 1040 4402 —
1067 4379 1087 4413 ι
1122 4360 1321 4415 Vortex
1363 4359 1667 4430 iniquitatis
1693 4358 2042 4430 prraimus,

2147 3953 2291 4024 ὑμᾶς
2344 3954 2403 4019 ἐξ
2439 3956 2617 4008 αὐτῶν
2667 3956 2859 4026 μαθεῖν
2911 3958 3016 4011 τῶν
3056 3962 3411 4030 πραγμάτων,
3460 3962 3614 4032 πόσῳ
3662 3964 3726 4018 δὲ

2148 4046 2368 4116 ἄμεινον
2399 4048 2525 4118 ύμῖν
2552 4044 2619 4119 ἦν
2639 4049 2743 4101 ὑπὸ
2772 4053 2880 4112 τοῖς
2901 4052 3027 4121 παρ’
3062 4051 3193 4121 ἐμοῦ
3226 4051 3733 4123 προχειριζομένοις

2149 4138 2291 4207 ὑπὲρ
2339 4139 2440 4208 τῆς
2491 4140 2762 4210 ὑμετέρας
2815 4142 3087 4211 σωτηρίας
3128 4142 3354 4210 ἄγεσθαι
3398 4146 3650 4210 πάντοτε,
3688 4146 3723 4211 ῆ

2152 4229 2402 4301 βασιλικῇ
2432 4231 2705 4285 πιστεύειν
2728 4234 2925 4293 αὐτοὺς
2957 4233 3259 4304 δυναστείᾳ.

2222 4363 2369 4437 Στίχ.
2397 4364 2578 4435 ιβ’-ιδ’.
2602 4398 2672 4409 —
2705 4387 2722 4418 ι
2749 4369 3028 4441 Συστροφὴ
3060 4371 3270 4434 ἀδικίας
3286 4374 3524 4444 Ἐφραὶμ
3551 4376 3610 4429 ὲν
3630 4393 3736 4430 κε-

475 4472 597 4510 eum
616 4458 831 4511 occulto
848 4464 1069 4526 peccato
1091 4469 1221 4520 suo;
1254 4454 1469 4508 dolores
1496 4454 1655 4524 quasi
1693 4455 2045 4525 parturientis

2155 4457 2444 4548 κρυμμένῃ
2473 4459 2719 4548 ἁμαρτίᾳ
2734 4461 2896 4513 αὑτοῦ
2917 4478 2930 4491 ·
2967 4462 3041 4532 (p.
3065 4464 3153 4532 97)
3184 4464 3368 4528 ὠδῖνες
3401 4467 3474 4529 ὡς
3505 4468 3727 4522 τικτού-

474 4548 695 4602 venient
745 4549 816 4601 ei.
856 4567 874 4600 ι
937 4545 1001 4599 Ει
1047 4546 1176 4615 quia
1233 4547 1286 4600 in
1349 4546 1605 4600 omnibus
1660 4547 2048 4602 demonstratis

476 4642 734 4710 (namque
757 4639 1038 4709 Epliraimi
1078 4639 1317 4701 nomine,
1350 4653 1501 4693 more
1533 4653 1656 4702 suo,
1687 4648 1944 4710 tanquam
1986 4656 2052 4695 ex

475 4741 630 4804 parte
661 4740 831 4785 totum
868 4730 1022 4799 dicit)
1054 4730 1421 4785 vehementem
1452 4732 1743 4802 quemdam
1786 4732 2047 4802 impetum

476 4839 542 4878 ac
574 4822 917 4879 sedulitatem
956 4821 1303 4874 multifariam
1336 4822 1501 4893 impie
1529 4822 1721 4893 agendi
1761 4823 2051 4893 peccandi-

473 4931 581 4986 qne
615 4914 880 4968 adversus
919 4928 1023 4972 me.
1072 4912 1375 4981 mentisque
1429 4923 1622 4968 vestrae
1676 4914 1933 4985 cogitatio
1985 4914 2041 4968 in

475 5008 675 5061 delicto
731 5014 842 5060 tota
896 5004 1148 5075 deligitur
1209 5004 1333 5072 (hoc
1387 5006 1527 5058 enim
1586 5005 1719 5060 dicit
1765 5005 2039 5059 occultum

476 5108 782 5170 peccatum,
814 5113 1007 5168 nempe
1027 5097 1153 5167 quia
1178 5096 1345 5150 animi
1385 5095 1809 5152 deliberationes
1843 5097 2041 5167 ignotze

475 5190 715 5244 externis
748 5192 920 5257 sunt),
955 5199 1267 5260 propterea,
1295 5189 1492 5258 inquit,
1527 5190 1579 5242 in
1625 5196 1704 5243 tot
1754 5195 2041 5259 tantasque

479 5279 733 5334 incidetis
765 5294 978 5348 pmnas,
1028 5289 1087 5333 nt
1118 5280 1275 5350 quasi
1307 5280 1501 5333 mulier
1531 5279 1585 5333 in
1620 5286 1779 5347 partu
1828 5278 2041 5340 dolens,
2072 5278 2077 5287 ⁴

477 5370 647 5424 futuri
676 5370 797 5424 sitis
816 5381 1034 5438 prOpter
1053 5370 1420 5441 ingruentium
1447 5369 1713 5421 malorum
1744 5369 2042 5422 cruciatus.

483 5482 501 5513 ι
541 5462 765 5517 lliccine
794 5460 937 5516 ﬁlius
976 5473 1101 5517 tuus
1127 5461 1404 5532 prudens?
1437 5479 1455 5512 ι
1493 5444 1741 5515 Haecine
1766 5460 2046 5530 sapientiae

2153 4561 2251 4615 σης
2277 4545 2494 4615 ἥξουσιν
2514 4546 2679 4615 αύτῷ.
2706 4567 2723 4598 ι
2754 4550 2860 4601 Καὶ
2888 4551 3072 4621 ἐπειδὴ
3096 4553 3183 4605 διὰ
3204 4555 3418 4607 πάντων
3445 4556 3731 4627 ἐδείχθητε

2151 4637 2280 4707 (ἀπὸ
2310 4637 2417 4707 γὰρ
2447 4637 2555 4690 τῶν
2593 4640 2831 4711 Ἐφραὶμ
2862 4642 3127 4707 εἰωθότως
3160 4646 3235 4707 ὡς
3268 4646 3375 4699 ἀπὸ
3409 4647 3607 4717 μέρους
3630 4648 3733 4701 λέο

2149 4745 2236 4797 γει
2258 4729 2318 4781 τὸ
2346 4729 2475 4800 πᾶν)
2508 4730 2709 4801 πολλήν
2740 4749 2860 4784 τινα
2884 4734 2981 4802 τὴν
3012 4739 3317 4807 συστροφὴν
3351 4740 3444 4791 καὶ
3471 4739 3569 4810 τὴν
3599 4743 3736 4793 ἑπι-

2151 4820 2369 4891 μέλειαν
2396 4820 2611 4890 ἔχοντες
2647 4823 2755 4874 τῶν
2784 4826 3043 4887 ποικίλως
3072 4827 3288 4880 ἀσεϐεῖν
3316 4846 3373 4881 τε
3408 4831 3505 4883 καὶ
3538 4832 3737 4903 ἀμαρ-

2147 4910 2326 4963 τάνειν
2365 4913 2442 4975 είς
2493 4914 2610 4983 ἐμὲ,
2639 4914 2696 4965 ἐν
2735 4914 2932 4986 μελέτῃ
2964 4932 3020 4968 τε
3043 4919 3106 4986 τῇ
3131 4918 3271 4970 κατὰ
3300 4919 3539 4974 διάνοιαν
3574 4922 3741 4977 ἐστὶν

2151 5002 2277 5072 ὑμῖν
2294 5003 2353 5054 τὸ
2378 5004 2713 5074 ἁμαρτάνειν
2732 5006 2909 5075 (τοῦτο
2939 5008 3044 5079 γὰρ
3069 5010 3523 5082 ἐγκεκρυμμένην
3544 5014 3741 5083 ἀμαρ-

2150 5093 2271 5146 τίαν
2306 5092 2474 5161 λέγει,
2507 5096 2566 5147 τὸ
2590 5096 2658 5149 τὰ
2690 5098 2788 5168 τῆς
2814 5099 2991 5169 ψυχῆς
3022 5099 3360 5172 βουλεύματα
3394 5104 3565 5174 ἄδηλα
3610 5111 3741 5172 τοῖς

2148 5184 2302 5247 ἐκτὸς
2330 5186 2643 5257 ὑπάρχειν),
2675 5188 2816 5261 ὑπὲρ
2838 5189 2901 5261 δὴ
2946 5191 3149 5246 τούτων
3169 5233 3182 5255 ,
3236 5196 3367 5264 φησι
3389 5234 3404 5259 ,
3444 5196 3743 5262 τοιαύταις

2151 5278 2532 5347 περιπεσεῖσθε
2582 5281 2891 5351 τιμωρίαις,
2931 5282 3070 5336 ὥστε
3112 5285 3266 5355 δίκην
3308 5288 3563 5355 γυναικὸς
3594 5290 3744 5343 ὡδι-

2151 5366 2347 5438 νούσης
2380 5370 2437 5421 ἐν
2461 5367 2538 5439 τῷ
2567 5371 2769 5424 τίκτειν
2811 5374 3126 5443 συνέχεσθαι
3143 5380 3280 5453 λιταῖς
3319 5378 3425 5430 τῶν
3455 5380 3743 5451 ἐπεληλυ-

2157 5455 2325 5510 θότων
2356 5459 2483 5529 ὑμῖν
2509 5460 2693 5513 κακῶν
2719 5461 2945 5524 ὀδύναις,
2990 5483 3007 5514 ι
3031 5457 3199 5528 Οὗτος
3224 5467 3253 5519 ὁ
3275 5466 3389 5529 υἱός
3421 5484 3514 5519 σου
3537 5469 3567 5519 ὁ
3592 5470 3748 5539 φρὸς-

2155 5564 2342 5617 νιμος;
2374 5566 2391 5598 ι
2444 5547 2626 5601 Ταῦτα
2654 5549 2751 5619 τῆς
2790 5549 3054 5613 συνέσεως
3084 5552 3331 5621 ὑμῶν-τὰ
3361 5552 3519 5623 ἔργα,
3543 5554 3595 5606 οἳ
3628 5557 3753 5609 οὐκ

2156 5637 2459 5709 ἠδυνήθητε
2495 5637 2767 5710 διακρῖναι
2808 5640 2972 5694 πόσον
3003 5642 3119 5694 ἐστὶ
3146 5643 3204 5695 τὸ
3232 5642 3483 5713 διάφορον
3511 5644 3637 5714 ἐμοί
3674 5662 3751 5700 τε

2155 5729 2429 5802 ἀρέσκειν,
2456 5729 2547 5783 καὶ
2576 5730 2679 5785 ὑπὸ
2714 5731 2810 5804 τὴν
2848 5731 3163 5804 ἐπιμέλειαν
3203 5729 3340 5790 εἶναι
3363 5736 3461 5803 τὴν
3493 5736 3671 5804 ἐμὴν,
3709 5738 3753 5807 ἢ

478 5566 673 5610 vestrae
703 5569 889 5624 opera,
931 5555 1023 5623 qni
1045 5554 1354 5609 discernere
1394 5552 1727 5616 ncscivistis,
1783 5563 2045 5622 quantum

480 5644 695 5699 intersit
746 5644 887 5697 inter
943 5644 1172 5712 gratiam
1195 5659 1367 5698 meam
1399 5659 1462 5697 ac
1488 5643 1737 5705 tutelam,
1767 5650 1823 5697 et
1877 5639 2045 5695 decli-

478 5735 752 5792 nationem
784 5734 851 5791 ad
890 5735 1036 5792 idola
1090 5744 1251 5806 atque
1282 5736 1347 5791 ad
1388 5750 1554 5805 opera
1596 5734 1863 5792 voluntati
1913 5748 2046 5790 meae
