3966 6222
296 336 405 394 205

1262 334 1806 393 COMMENTARIUS
1833 334 1898 391 IN
1937 333 2138 391 OSEE
2173 336 2321 392 CAP.
2355 337 2489 392 XIII.

3414 330 3519 388 9.06

290 459 428 528 πρὸς
458 459 526 510 τὰ
566 457 757 512 εἴδωλα
796 459 995 526 νεύειν,
1045 460 1139 513 καὶ
1181 459 1440 512 τάναντία
1481 461 1593 522 τοῖς
1626 460 1749 530 ἐμοὶ
1772 457 1859 510 δο-

1975 457 2277 512 :ontraria?
2310 477 2329 509 ι
2385 456 2749 525 Quamobrem
2809 470 2953 511 nunc
3011 471 3116 511 non
3164 457 3426 515 subsistet
3464 459 3519 515 in

290 548 482 618 κοῦισις
529 568 547 599 ι
577 549 720 603 Διότι
756 550 850 603 νῦν
880 550 939 603 ού
970 551 1043 622 μὴ
1066 551 1271 621 ύποστῇ
1292 553 1349 603 ὲν
1378 549 1631 623 συντρισῇ
1658 549 1858 603 τέκνων

290 638 473 692 αὐτού.
508 657 526 689 ι
562 638 861 710 Τοιγαροῦν
888 640 1111 694 τοιαῦτα
1146 639 1591 711 βουλευσάμενοι,
1623 639 1862 709 ἐνεγκεῖν

292 731 353 782 ού
382 730 670 800 δυνήσεσθε
695 732 795 801 τὴν
820 731 1093 785 ἀπώλειαν
1117 732 1215 803 τὴν
1242 732 1465 785 οἰκείαν.
1492 728 1623 785 Εἶτα
1641 731 1747 783 τῶν
1768 748 1862 784 κα-

293 821 405 873 κῶν
423 822 867 893 ὑπισχνούμενος,
907 823 1083 887 καθὼς
1115 823 1291 888 εἴωθε,
1316 823 1413 894 τὴν
1437 822 1610 888 λύσιν,
1636 821 1856 890 ἐπάγει·

300 931 319 964 ι
336 912 434 967 Ἐκ
460 914 640 985 χειρὸς
666 914 791 986 ᾅδου
819 916 1049 986 ῥύσομαι
1072 916 1285 980 αὐτοὺς,
1303 918 1397 969 καὶ
1423 918 1485 969 ὲκ
1513 914 1741 969 Θανάτου
1767 914 1860 966 λυ-

290 1006 573 1077 τρώσομαι
604 1007 818 1071 αύτούς.
846 1027 865 1059 ι
894 1008 1054 1061 Ἀλλὰ
1083 1010 1189 1079 γὰρ
1219 1010 1308 1065 καὶ
1335 1010 1473 1079 μετά
1499 1010 1673 1063 πάντα
1696 1008 1863 1062 ταῦτα

294 1096 588 1159 παιδεύσας
623 1097 820 1159 αὐτοὺς
848 1099 913 1168 τῇ
954 1099 1213 1169 τιμωρία,
1256 1101 1332 1169 (p.
1370 1098 1459 1168 98)
1495 1098 1553 1164 ἐξ
1583 1097 1746 1151 αὐτοῦ
1776 1116 1863 1168 μιο

295 1186 432 1257 κροῦ
459 1187 549 1240 τοῦ
572 1187 798 1241 Θανάτου
825 1190 1030 1251 πάντας
1051 1190 1195 1259 ὑμᾶς
1219 1187 1485 1258 ὲξέλωμαι
1516 1189 1663 1257 παρὰ
1685 1190 1862 1241 πᾶσαν

296 1277 639 1348 ἀνθρωπίνην
671 1280 877 1335 ἐλπίδα.
924 1300 941 1331 ι
968 1280 1077 1332 Ποῦ
1105 1282 1138 1352 ή
1168 1280 1290 1353 δίκη
1323 1299 1437 1345 σου,
1483 1282 1715 1347 θάνατε;
1759 1282 1862 1333 ποῦ

295 1367 358 1419 τὸ
387 1367 603 1438 κέντρον
628 1385 744 1433 σου,
770 1368 865 1440 ᾇδη
894 1387 908 1433 ;
937 1390 955 1420 ι
995 1371 1158 1423 Ὥστε
1190 1388 1268 1424 σοι
1295 1374 1414 1425 τότε
1455 1373 1629 1441 λέγειν
1666 1374 1862 1440 ἐξεῖναι

293 1460 452 1511 ταύτὶ
477 1460 546 1512 τὰ
577 1462 811 1532 ῥήματα.
853 1462 1050 1531 ὁρῶντι
1087 1463 1193 1515 τῶν
1242 1465 1331 1518 τὸν
1378 1465 1615 1518 ποικίλον
1661 1467 1863 1518 ἐκεῖνον

292 1547 520 1600 θάνατον
550 1550 937 1617 ἐπαγαγόντων
964 1568 1045 1604 σοι
1070 1552 1167 1622 τὴν
1193 1553 1479 1623 τιμωρίαν,
1506 1553 1648 1622 λέγει
1677 1554 1732 1606 δὲ
1756 1555 1863 1607 τῶν

304 1638 624 1709 Ἀσσυρίων.
688 1660 705 1691 ι
725 1641 1073 1713 Παράκλησις
1100 1642 1402 1715 κέκρυπται
1430 1646 1535 1698 ἀπὸ
1572 1646 1863 1717 ὀφθαλμῶν

295 1748 407 1786 σου.
439 1752 456 1779 ι
496 1731 673 1804 Τεύξῃ
708 1732 815 1803 γὰρ
859 1734 1257 1804 παρακλήσεως
1300 1736 1391 1788 ἐπὶ
1434 1740 1547 1799 τοῖς
1592 1738 1863 1802 τοσούτοις

1962 548 2285 604 contritione
2311 548 2544 604 filiorum
2575 565 2818 605 suorum.
2860 567 2878 598 ι
2918 543 3206 618 Propterea
3242 566 3364 603 cum
3392 552 3521 604 talia

1961 639 2407 704 deliberaveritis,
2451 640 2683 696 tolerare
2721 640 3076 711 perditionem
3128 648 3360 695 vestram
3414 656 3521 695 non

1963 732 2227 803 poteritis.
2272 731 2407 787 Exin
2439 748 2603 803 porro
2651 733 2939 797 malorum,
2978 731 3089 804 64
3118 739 3174 785 ut
3208 732 3366 795 solet,
3397 748 3523 803 pro-

1962 825 2185 879 mittens
2221 823 2569 890 solutionem,
2603 824 2776 895 pergit
2810 823 2988 878 dicere
3027 843 3040 878 :
3079 842 3096 874 ι
3132 822 3204 877 De
3235 838 3394 877 manu
3435 824 3520 877 in-

1964 912 2101 966 ferni
2152 913 2395 967 liberabo
2434 929 2551 977 eos,
2595 914 2662 968 de
2696 921 2868 968 morte
2896 912 3155 967 redimam
3204 927 3319 967 eos.
3348 932 3367 964 ι
3400 910 3518 967 Jam

1962 1021 2091 1061 vero
2115 1013 2237 1077 post
2270 1002 2381 1059 bare
2413 1006 2616 1071 omnia,
2656 1020 2815 1075 ptena
2852 1005 2963 1073 jam
2991 1004 3254 1067 eruditos,
3307 1021 3369 1060 ex
3406 1005 3522 1076 ipsa

1962 1093 2350 1167 prOpemodum
2368 1105 2542 1151 morte
2562 1111 2655 1150 vos
2674 1112 2860 1151 omnes
2873 1112 3078 1159 eruam,
3099 1104 3293 1167 praeter
3308 1112 3523 1152 omnem

1965 1186 2256 1239 humanam
2286 1199 2456 1253 spem.
2493 1205 2511 1236 ι
2563 1184 2665 1238 Ubi
2689 1185 2820 1239 ultio
2855 1194 2966 1245 tua.
3005 1187 3297 1241 tnors?ubi
3334 1189 3529 1242 stimu-

1965 1276 2049 1331 lus
2082 1284 2228 1339 tuus,
2258 1275 2505 1330 inferne?
2540 1295 2558 1327 ι
2594 1273 2746 1330 Tunc
2775 1290 2805 1327 a
2834 1283 2887 1330 te
2911 1276 3017 1328 dici
3040 1276 3153 1331 haec
3176 1278 3337 1332 verba
3390 1278 3530 1333 lice-

1964 1366 2064 1430 bit,
2096 1381 2219 1421 cum
2270 1366 2656 1421 multiformem
2686 1366 2836 1419 illum
2886 1366 3163 1421 interitum
3194 1383 3387 1423 cernes
3431 1369 3532 1423 hn-

1964 1459 2190 1522 minum,
2232 1458 2325 1527 qui
2384 1457 2481 1511 tibi
2512 1472 2726 1527 poenam
2759 1457 3078 1522 intulerunt,
3111 1473 3306 1529 nempe
3356 1460 3531 1531 Assyc

1964 1550 2190 1604 riorum.
2253 1567 2271 1599 ‹
2322 1548 2633 1604 Consolatio
2684 1549 2997 1604 abscondita
3046 1558 3130 1604 est
3201 1551 3270 1606 ab
3356 1552 3531 1607 oculis

1966 1640 2099 1695 suis.
2130 1656 2147 1689 ι
2180 1637 2412 1694 llabcbis
2444 1648 2592 1693 certe
2640 1638 2905 1693 malorum
2937 1648 3213 1695 tantorum
3260 1641 3529 1704 solamen,

1965 1732 2111 1802 quod
2144 1745 2289 1785 nunc
2323 1729 2417 1785 tibi
2469 1731 2646 1785 adhuc
2697 1731 2940 1801 ignotum
2992 1740 3108 1799 est,
3152 1732 3247 1788 sed
3288 1748 3354 1789 ex
3399 1736 3533 1805 ipsis

294 1826 500 1883 κακοῖς,
525 1823 559 1891 ἦ
599 1824 693 1876 νύν
724 1825 819 1894 μὲν
858 1825 1050 1894 ἄδηλός
1081 1825 1198 1879 ἐστί
1236 1842 1315 1878 σοι
1344 1828 1500 1891 τέως,
1535 1828 1653 1897 ὄψει
1686 1830 1740 1882 δὲ
1768 1831 1865 1883 αύ-

1975 1822 2184 1877 demum
2209 1824 2371 1879 rebus
2390 1824 2557 1893 gestis
2583 1823 2902 1878 innotescet.

293 1912 392 1983 τὴν
424 1915 484 1978 ἐξ
524 1914 703 1967 αὐτῶν
728 1917 847 1969 τότε
877 1916 983 1970 τῶν
1007 1920 1366 1988 πραγμάτων.

357 2025 511 2093 Στίχ.
539 2032 613 2078 ιε’.
657 2056 705 2066 -
728 2047 744 2077 ι
766 2029 908 2079 Διότι
924 2023 1075 2092 οὗτος
1098 2030 1199 2082 ἀνα
1224 2030 1386 2099 μέσον
1406 2032 1645 2101 ἀδελφῶν
1662 2033 1869 2088 διαστε-

289 2110 388 2162 λεῖ.
421 2131 441 2161 ι
490 2113 646 2175 Τινὲς
675 2114 845 2177 οὕτως
878 2117 1100 2187 ἐνόησαν
1135 2118 1216 2171 ὃτι
1243 2120 1349 2172 τῶν
1377 2122 1719 2192 Ἰσραηλιτῶν
1743 2142 1869 2178 κατ-

291 2203 467 2271 ήγαγε
502 2204 602 2273 μὲν
632 2208 711 2267 εἰς
755 2207 1126 2275 αἰχμαλωσίαν
1149 2211 1245 2273 τὰς
1279 2211 1407 2264 δέκα
1445 2214 1632 2281 φυλάς,
1667 2217 1791 2277 τοὺς
1811 2216 1868 2268 δὲ

290 2295 385 2365 τῆς
426 2297 690 2359 Ἰουδαίας
722 2299 899 2368 ἀφῆκε
921 2317 933 2329 ·
987 2301 1142 2354 τοῦτο
1170 2303 1225 2355 δὲ
1256 2303 1316 2355 ού
1344 2306 1482 2358 κατά
1520 2306 1742 2379 γνώμην
1777 2310 1869 2376 γέ-

291 2399 413 2452 γονε
446 2384 528 2454 τῷ
562 2386 850 2458 Ἀσσυρίῳ,
881 2390 939 2452 ὃς
965 2407 1026 2458 γε
1060 2391 1331 2463 ἠϐουλήθη
1370 2394 1470 2463 τήν
1502 2411 1559 2446 τε
1600 2396 1868 2466 Ἰερουσα-

292 2476 401 2547 λὴμ
474 2479 569 2530 καὶ
622 2480 746 2541 τοὺς
792 2480 888 2549 τῆς
940 2481 1200 2545 Ἰουδαίας
1246 2485 1311 2536 τὰ
1363 2485 1519 2555 ὃμοια
1570 2487 1863 2542 διαθεῖναι·

294 2569 541 2640 ἐκωλύθη
578 2571 636 2624 δὲ
678 2574 742 2641 τῇ
792 2572 1018 2642 δυνάμει
1049 2578 1113 2645 τῇ
1148 2574 1267 2645 θείᾳ
1300 2578 1393 2628 καὶ
1422 2580 1485 2647 τῇ
1518 2577 1611 2629 τοῦ
1637 2578 1866 2645 ἀγγέλου

294 2664 477 2734 πληγῇ
496 2681 508 2694 ο
549 2664 691 2716 ὥστε
721 2666 819 2718 οὐκ
841 2668 1002 2730 αὐτὸς
1030 2668 1338 2734 διέστειλεν,
1369 2670 1480 2723 ἀλλ’
1507 2671 1777 2743 ἠϐουλήθη
1808 2674 1868 2724 τὸ

300 2756 527 2823 μέγεθος
558 2756 669 2807 τῶν
705 2758 887 2810 κακῶν
920 2761 1088 2811 εἰπεῖν
1115 2762 1143 2812 ό
1173 2763 1474 2832 προφήτης,
1505 2766 1561 2815 ἐν
1587 2758 1666 2826 οἷς
1694 2763 1870 2827 ἐξετα-

298 2844 585 2917 σθησονται
617 2846 720 2899 ὑπὸ
751 2847 842 2900 τοῦ
884 2852 1163 2921 Ἀσσυρίου
1193 2852 1503 2924 ληφθέντες,
1542 2856 1619 2918 είς
1654 2856 1868 2909 ἀπόδει-

296 2937 373 3001 ξιν
398 2932 479 2992 ὧν
514 2942 697 3003 αὐτοῖς
730 2943 757 2993 ὁ
787 2943 917 3005 Θεὸς
960 2945 1204 3014 παρέξει,
1259 2947 1612 3017 τιμωρεῖσθαι
1663 2948 1870 3017 μέλλων

295 3030 524 3105 ὕστερον
565 3034 809 3098 ἐκείνους
838 3053 850 3064 ο
910 3036 1095 3107 ἐπειδὴ
1126 3038 1336 3091 τοίνυν
1368 3037 1741 3110 αἰχμαλώτους
1775 3042 1869 3093 αύ-

293 3124 415 3186 τους
443 3124 629 3177 λαϐὼν
663 3128 691 3178 ὁ
719 3124 1000 3197 Ἀσσύριος
1044 3127 1346 3201 διέσπειρεν
1382 3131 1577 3192 αὐτοὺς
1620 3131 1743 3201 τῇδε
1775 3135 1872 3184 κά-

296 3218 439 3268 κεῖσε
474 3216 752 3279 ἐνοικίσας
784 3219 1056 3287 διαφόροις
1097 3222 1280 3285 τόποις
1299 3261 1313 3284 ,
1364 3222 1439 3285 ὡς
1466 3224 1530 3276 ἂν
1558 3224 1689 3293 μηδὲ
1712 3224 1874 3295 ἀλλή-

293 3306 403 3368 λοις
436 3310 702 3379 παρέχειν
735 3311 855 3362 τινα
883 3310 1126 3364 δύναιντο
1154 3314 1485 3383 συμμαχίαν,
1529 3320 1601 3384 (p.
1630 3316 1717 3384 99)
1743 3316 1874 3385 μηδὲ

292 3400 357 3451 ὲκ
374 3400 701 3481 συμφωνίας
727 3401 852 3471 περὶ
875 3402 969 3471 τῆς
988 3403 1192 3456 ἐκεῖθεν
1214 3405 1530 3477 ἀπαλλαγῆς
1544 3406 1875 3477 βουλεύοιντο

293 3489 372 3543 ἐτι
399 3509 413 3521 ·
446 3492 597 3544 οὕτω
620 3492 677 3543 δὲ
704 3492 853 3559 λέγει
898 3495 988 3545 καὶ
1012 3497 1039 3547 ό
1062 3498 1326 3565 μακάριος
1354 3500 1545 3551 Δαυΐδ·
1580 3519 1596 3550 ι
1627 3501 1733 3563 Τὰς
1757 3503 1872 3555 δια-

297 3585 511 3654 σπορὰς
584 3584 680 3637 τοῦ
738 3586 949 3655 Ἰσραὴλ
1016 3588 1358 3651 ὲπισυνάξει’
1398 3609 1417 3638 ι
1465 3589 1549 3641 ἵνα
1611 3591 1737 3661 εἴπῃ
1794 3593 1875 3644 ὅτι

294 3677 743 3746 Διεσπαρμένους
779 3679 973 3740 αὐτοὺς
1012 3679 1137 3749 τῇδε
1170 3681 1391 3733 κάκεῖσε
1439 3682 1694 3745 ἐπανάξει
1729 3684 1877 3753 παρὰ

295 3772 477 3822 πᾶσαν
517 3769 712 3821 ἐλπίδα
737 3786 749 3797 ο
792 3771 885 3821 καὶ
916 3770 1139 3849 ἑτέρωθι
1194 3772 1281 3825 δέ·
1324 3792 1342 3823 ι
1375 3774 1695 3827 Είπάτωσαν
1724 3774 1785 3845 δὴ
1829 3778 1877 3827 οἱ

294 3860 700 3935 λελυτρωμένοι
731 3863 836 3915 ὑπὸ
869 3864 1090 3931 Κυρίου,
1123 3863 1214 3927 οὓς
1242 3864 1582 3935 ὲλυτρώσατο
1612 3869 1674 3918 ἐκ
1700 3867 1878 3949 χεψὸς

294 3955 519 4026 ἐχθροῦ,
556 3956 652 4007 καὶ
701 3957 764 4007 ἐκ
808 3954 914 4007 τῶν
959 3955 1146 4025 χωρῶν
1197 3958 1497 4027 συνήγαγεν
1530 3958 1727 4021 αὐτοὺς
1772 3958 1880 4010 ἀπὸ

296 4046 583 4099 ἀνατολῶν
633 4048 727 4098 καὶ
769 4046 986 4116 δυσμῶν
1037 4048 1131 4101 καὶ
1178 4048 1348 4119 βορρᾶ
1390 4049 1483 4100 καὶ
1519 4047 1823 4120 θαλάσσης·
1857 4068 1873 4098 ι

293 4131 471 4201 δηλῶν
503 4132 658 4194 ὅπως
698 4127 836 4202 ἦσαν
876 4133 1139 4204 πολλαχοῦ
1169 4134 1584 4207 διεσπαρμένον
1620 4136 1777 4190 τοῦτο
1816 4137 1879 4207 δὴ

294 4223 444 4293 λέγει
473 4224 759 4278 κάνταῦθα
784 4219 1084 4290 ὃτιΟὗτοςὸ
1112 4224 1290 4281 λαὸὼν
1312 4228 1454 4299 ὑμᾶς
1484 4228 1878 4299 αἰχμαλώτους,

295 4317 389 4368 καὶ
420 4320 503 4378 είς
528 4313 819 4384 ἀλλοτρίαν
848 4313 1027 4385 χώραν
1051 4314 1369 4383 ἀπαγαγὼν,
1405 4317 1483 4379 είς
1515 4316 1739 4379 πολλοὺς
1769 4333 1884 4369 ποι-

295 4406 482 4469 κίλους
512 4404 791 4473 διέσπειρε
821 4405 1043 4466 τόπους·
1066 4404 1139 4467 ὡς
1165 4404 1230 4459 ἂν
1262 4405 1336 4476 μὴ
1367 4407 1459 4458 ἐπὶ
1478 4407 1672 4459 ταυτὸν
1696 4406 1881 4477 ἠθροι-

2041 2021 2205 2079 Vens.
2236 2024 2323 2078 15.
2362 2053 2431 2063 -
2471 2042 2488 2073 ι
2526 2022 2663 2090 Quia
2698 2023 2787 2077 hic
2822 2025 2963 2078 inter
2998 2024 3192 2080 fratres
3233 2026 3462 2084 dividet.
3510 2048 3528 2080 ι

1969 2114 2224 2170 Nonnulli
2273 2116 2656 2170 existimarunt
2699 2114 2982 2185 Assyrium
3016 2116 3307 2172 abduxisse
3347 2120 3401 2172 in
3441 2136 3535 2174 ca-

1971 2207 2466 2277 ptivitatemdeeem
2481 2207 2679 2270 tribus,
2701 2207 2794 2262 sed
2810 2206 3226 2266 Judaaasincolas
3239 2210 3536 2268 dimisisse.

1969 2298 2129 2366 Atqui
2158 2296 2223 2351 de
2250 2298 2351 2350 hoc
2402 2313 2509 2351 non
2554 2297 2812 2363 cogitavit
2852 2297 3131 2366 Assyrius,
3172 2299 3266 2367 qui
3311 2301 3420 2353 imo
3445 2318 3539 2356 vo-

1971 2389 2069 2442 luit
2100 2388 2492 2459 llierosolymis
2522 2396 2574 2442 et
2602 2388 2754 2441 Juda:
2796 2388 2990 2443 incolis
3020 2390 3172 2459 paria
3203 2390 3400 2454 facere,
3441 2396 3537 2449 sed

1970 2480 2152 2534 divina
2186 2480 2426 2548 potentia
2469 2478 2763 2549 impeditus
2787 2478 2889 2532 fuit
2912 2487 2965 2533 et
3003 2480 3176 2550 angeli
3216 2480 3388 2537 clade.
3418 2482 3537 2539 Non

1970 2587 2100 2641 ergo
2126 2572 2213 2626 ille
2237 2571 2439 2633 divisit,
2469 2571 2562 2624 sed
2588 2570 2850 2641 prOpheta
2881 2570 3012 2623 nihil
3033 2572 3179 2627 aliud
3206 2573 3388 2628 dicere
3426 2576 3540 2630 vult

1971 2679 2133 2735 quam
2173 2664 2437 2717 malorum
2482 2664 2822 2732 gravitatem,
2898 2662 3096 2731 quibus
3142 2665 3539 2721 exercebantur

1971 2758 2114 2827 rapti
2149 2756 2217 2810 ab
2246 2754 2505 2825 Assyrio;
2560 2755 2781 2823 vultque
2832 2754 3205 2810 demonstrare
3232 2758 3542 2825 cujusmodi

1972 2850 2115 2906 Deus
2138 2849 2287 2904 dabit
2316 2846 2605 2916 supplicia,
2647 2862 2770 2899 cum
2814 2861 2915 2900 suo
2946 2854 3188 2916 tempore
3218 2847 3377 2902 faciet
3422 2849 3542 2903 illo-

1972 2961 2090 2997 rum
2108 2942 2540 3011 castigationem.
2559 2938 2765 2993 Etenim
2788 2954 2977 3007 reapse
2996 2940 3251 3009 Assyrius
3290 2941 3535 3010 captivos

1972 3035 2243 3090 lsraelitas
2277 3034 2375 3105 hac
2418 3031 2541 3083 illac
2566 3029 2827 3098 dispersit
2855 3028 3089 3083 diversis
3136 3029 3291 3093 locis,
3322 3031 3537 3100 quomi‘

1901 3146 1942 3201 ε
1977 3143 2080 3181 nus
2123 3127 2297 3179 ullum
2351 3129 2670 3193 praestarent
2730 3130 2974 3173 mutuum
3027 3120 3309 3183 auxilium,
3365 3136 3539 3190 neque

1976 3217 2187 3269 collatis
2240 3213 2487 3268 consiliis
2546 3210 2613 3265 de
2654 3212 2830 3264 reditu
2881 3210 3030 3264 illinc
3085 3211 3402 3279 cogitarent.
3449 3210 3540 3266 Sic

1974 3310 2135 3363 etiam
2169 3308 2357 3361 beatus
2378 3304 2543 3358 David
2572 3306 2647 3357 ait
2672 3320 2686 3357 :
2717 3323 2734 3353 ι
2759 3302 3131 3371 Dispersiones
3163 3303 3376 3358 Israelis
3404 3318 3537 3358 con-

1975 3398 2216 3470 gregabit
2247 3398 2312 3462 ³⁷;
2341 3417 2358 3449 ›
2393 3411 2587 3465 nempe
2614 3403 2671 3447 ut
2700 3396 2845 3449 dicat
2872 3413 2885 3448 :
2917 3394 3198 3465 Dispersos
3230 3398 3324 3450 eos
3353 3396 3451 3450 hac
3483 3406 3538 3449 et

1975 3494 2118 3556 illac,
2140 3497 2335 3561 prater
2367 3501 2581 3542 onmem
2604 3502 2753 3556 spem
2785 3486 3064 3539 adunabit.
3098 3486 3161 3540 Et
3189 3488 3317 3539 alibi
3351 3506 3363 3540 :
3396 3505 3414 3536 ι
3442 3485 3535 3540 Di-

1976 3591 2104 3637 cant
2141 3581 2232 3651 qui
2270 3578 2533 3647 redempti
2562 3585 2689 3630 sunt
2724 3592 2751 3627 a
2786 3576 3031 3637 Domino,
3057 3592 3195 3645 quos
3225 3578 3537 3631 redemitde

1978 3688 2140 3727 mantt
2185 3669 2414 3730 inimici,
2446 3678 2498 3721 et
2528 3667 2595 3719 de
2629 3665 2940 3734 regionibus
2968 3668 3313 3735 congregavit
3340 3682 3454 3731 eos,
3506 3685 3537 3723 a

1978 3765 2107 3818 solis
2135 3770 2257 3817 ortu
2312 3767 2365 3814 et
2396 3773 2616 3817 occasu.
2676 3759 2744 3811 ab
2792 3757 3045 3825 aquilone
3078 3766 3133 3810 et
3171 3758 3305 3811 mari
3335 3759 3403 3821 ai‘;
3429 3760 3537 3816 oita

1979 3854 2292 3927 signiﬁcans
2362 3850 2530 3905 fuisse
2600 3850 2721 3903 illos
2781 3850 2964 3903 multis
3047 3850 3182 3903 locis
3241 3850 3538 3920 dispersos.

1981 3948 2121 4020 Ergo
2160 3947 2248 4001 hic
2274 3960 2490 4015 quoque
2538 3942 2671 3997 dicit
2702 3961 2714 3996 :
2751 3940 2848 3995 llic
2887 3941 2981 4009 qui
3014 3956 3109 3995 vos
3138 3944 3451 4012 captivavit,
3489 3954 3547 3999 et

1982 4039 2037 4093 in
2070 4038 2301 4092 alienam
2351 4034 2625 4104 regionem
2653 4029 2984 4099 deportavit,
3040 4029 3226 4083 multis
3270 4031 3543 4100 variisque

1981 4147 2079 4186 vos
2107 4129 2308 4200 sparsit
2333 4128 2466 4181 locis
2489 4165 2504 4187 ,
2547 4140 2612 4178 ne
2633 4117 2740 4194 65
2763 4124 2814 4175 in
2850 4122 3036 4176 eadem
3055 4122 3288 4176 statione.
3323 4123 3546 4178 adunati

1983 4223 2222 4278 solamen
2282 4216 2498 4287 aliquod
2559 4216 2758 4269 habere
2811 4213 3151 4274 videremiui,
3209 4212 3301 4267 sed
3349 4216 3539 4283 augeri

1985 4313 2136 4367 vobis
2164 4310 2342 4380 potius
2363 4320 2656 4362 .nrutnnam
2677 4305 2849 4358 voluit
2872 4305 2922 4357 in
2953 4302 3265 4357 diversitate
3304 4304 3548 4359 locorqu

1986 4401 2317 4458 constitutis.

296 4501 489 4570 σμένοι
539 4497 886 4569 παράκλησιν
918 4496 1058 4563 ἔχειν
1104 4495 1223 4548 τινὰ
1254 4496 1529 4566 δοκοίητεο
1570 4496 1887 4550 ἐπιτείνοιτο
1916 4496 1972 4549 δὲ
2005 4490 2201 4564 μᾶλλον
2244 4488 2369 4557 ὑμῖν
2410 4485 2476 4538 τὰ
2511 4484 2654 4537 κακᾶ
2694 4482 2834 4535 κατά
2870 4482 3157 4551 διαφόρους
3202 4482 3549 4553 διῃρημένοις

295 4598 522 4659 τόπους.

364 4688 567 4740 Ταῦτα
599 4682 835 4755 εἰρηκὼς
852 4684 929 4746 εἰς
961 4682 1226 4748 ἀπόδειξιν
1252 4682 1348 4753 τῆς
1382 4699 1442 4734 τε
1475 4680 1755 4751 δυνάμεως
1786 4679 1872 4734 καὶ

2052 4671 2170 4726 Jam
2204 4683 2332 4723 vero
2358 4669 2441 4721 his
2469 4664 2631 4720 dit-tis
2656 4665 2726 4718 ob
2749 4663 2850 4718 vim
2874 4663 3242 4731 saevitiamque
3263 4662 3551 4717 ostenden-

294 4779 397 4850 τῆς
419 4778 715 4849 ὠμότητος
738 4770 878 4849 ᾗπερ
904 4777 1169 4845 ἐχρήσατο
1191 4776 1309 4828 κατ’
1334 4773 1512 4827 αὐτῶν
1537 4772 1881 4843 ὁἈσσύριος,

299 4866 506 4934 ἐπάγει
534 4881 547 4894 ·
610 4882 627 4912 ι
661 4861 881 4925 Ἐπάξει
911 4861 1114 4931 Κύριος
1157 4862 1355 4932 ἀνέμου
1409 4860 1663 4915 καύσωνα
1694 4862 1758 4912 ἐκ
1784 4859 1884 4928 τῆς

299 4957 515 5026 ἐρήμου
548 4955 637 5005 ἐπ’
668 4951 849 5016 αὐτὸν,
874 4952 968 5004 καὶ
992 4950 1316 5021 ἀναξηρανεῖ
1342 4950 1439 5012 τὰς
1465 4950 1664 5019 φλέϐας
1698 4948 1883 5012 αὑτοῦ,

300 5052 397 5100 καὶ
419 5043 770 5115 ὲξερημὼσει
798 5046 896 5106 τὰς
924 5042 1104 5113 πηγὰς
1144 5042 1331 5100 αὑτοῦ.
1376 5042 1469 5095 καὶ
1503 5041 1679 5095 πάντα
1722 5038 1886 5094 αὑτοῦ

300 5142 369 5193 τὰ
394 5140 577 5207 σκεύη
607 5138 675 5197 τὰ
719 5136 1054 5206 ἐπιθυμητὰ.
1088 5155 1106 5187 ι
1160 5135 1379 5200 Ἐπάξει
1414 5136 1521 5206 γὰρ
1559 5132 1705 5203 αύτῷ
1730 5132 1888 5186 πολέ-

306 5251 429 5302 μιον
455 5250 473 5265 ·
516 5232 667 5298 λέγει
690 5230 746 5283 δὲ
760 5231 851 5283 τὸν
872 5230 982 5282 τῶν
1002 5227 1356 5281 Βαϐυλωνίων
1383 5226 1602 5297 βασιλέα
1626 5226 1683 5289 ὃς
1703 5225 1890 5295 ὥσπερ

306 5327 369 5378 ἐκ
404 5342 559 5387 τινος
610 5322 887 5394 πόρρωθεν
934 5319 1190 5390 κειμένης
1252 5318 1454 5389 χώρας,
1501 5319 1656 5389 δίκην
1688 5317 1889 5387 ἀνέμου

305 5416 598 5478 καύσωνος
630 5415 824 5484 ἀθρόον
850 5411 1110 5475 ἐπελθὼν,
1128 5412 1244 5464 ὅλον
1264 5410 1424 5464 αὐτὸν
1450 5412 1665 5478 ἀφανιεῖ
1686 5408 1857 5461 διόλου
1874 5423 1887 5437 ’

306 5511 410 5579 τήν
430 5527 495 5561 τε
525 5507 827 5577 εὐπραγίαν
848 5504 1035 5566 αὑτοῦ,
1051 5505 1142 5557 καὶ
1168 5504 1265 5571 τὴν
1288 5503 1395 5556 τῶν
1424 5502 1728 5571 προσόντων
1757 5501 1892 5568 ἀγα·

308 5600 421 5654 θῶν
458 5598 747 5667 ἀφθονίαν,
783 5599 861 5661 εἰς
898 5596 1132 5666 ἐρημίαν
1168 5595 1506 5664 μεταστήσας
1532 5611 1543 5624 ’
1586 5594 1678 5646 καὶ
1721 5592 1893 5645 πάντα

374 5773 418 5805 ³⁷
458 5776 611 5832 Psal.
634 5789 809 5839 cuvt,
843 5774 896 5829 2.
976 5770 1019 5804 ³⁸
1050 5768 1188 5829 Psal.
1224 5784 1330 5832 avt.
1357 5772 1409 5829 ‘2.

1987 4766 2132 4830 dam,
2170 4777 2275 4832 qua
2305 4762 2389 4815 usi
2440 4757 2656 4813 fuerunt
2685 4757 2946 4810 adversus
2973 4770 3067 4809 eos
3101 4755 3333 4824 Assyrii,
3364 4768 3551 4823 prose—

1989 4858 2211 4929 quitur:
2239 4868 2258 4901 ι
2281 4852 2526 4907 Adducet
2555 4849 2814 4902 Dominus
2843 4857 3085 4901 urentem
3118 4854 3336 4900 ventum
3363 4859 3426 4899 ex
3457 4848 3551 4899 de~

1992 4958 2141 5007 serto
2174 4961 2338 5016 super
2358 4945 2557 5014 ipsum,
2601 4951 2656 4997 et
2678 4940 2905 4996 siccabit
2932 4953 3099 4993 venas
3119 4933 3261 5005 ejus,
3288 4947 3342 4992 et
3374 4935 3553 4992 fontes

1994 5043 2114 5112 ejus
2130 5037 2416 5101 desolabit,
2435 5044 2596 5104 atque
2618 5033 2799 5087 omnia
2821 5045 2951 5085 vasa
2964 5030 3082 5098 ejus
3104 5025 3499 5082 desiderabilia.
3528 5045 3549 5078 υ

1993 5130 2294 5190 Adducetei
2318 5131 2525 5183 hostem
2550 5144 2563 5178 :
2587 5124 2717 5178 dicit
2731 5130 2908 5176 autem
2925 5117 3336 5188 Babyloniorum
3353 5133 3555 5188 regem,

1995 5226 2088 5296 qui
2120 5233 2378 5294 tanquam
2414 5232 2478 5274 ex
2504 5217 2682 5287 aliqua
2718 5214 3011 5282 longinqua
3042 5210 3298 5279 regione,
3330 5211 3385 5264 in
3411 5212 3558 5265 venti

1999 5317 2205 5373 urentis
2254 5308 2655 5370 similitudinem
2701 5314 2919 5377 repente
2974 5304 3385 5373 superveniens,
3436 5304 3561 5357 uni-

1998 5423 2213 5464 versum
2240 5404 2492 5460 lsraelem
2524 5399 2747 5471 omnino
2780 5394 3005 5459 delebit;
3034 5394 3260 5463 ejusque
3287 5392 3563 5461 prosperi-

2001 5508 2187 5557 tatem,
2222 5496 2597 5560 bonorumque
2622 5486 2970 5549 afﬂuentiam,
3004 5485 3057 5537 in
3093 5482 3398 5538 vastitatem
3427 5493 3564 5536 con-

2001 5596 2206 5653 vertet;
2242 5585 2595 5655 ejusdemque
2629 5594 2818 5638 omnes
2872 5578 3181 5641 facultates,
3208 5582 3263 5629 et
3296 5572 3562 5644 quidquid
