3976 6226
382 320 490 377 907

1563 317 1907 379 TllEODORl
1947 316 2422 375 MOPSIJESTENI

3501 315 3616 372 eos
3668 278 3673 281 ⁷

380 434 577 503 majori
627 437 800 508 pretio
857 437 1152 496 habebatur
1198 439 1437 496 funditus
1494 440 1756 495 destruet.
1808 435 1944 490 Nam

2060 434 2114 505 5η
2167 436 2235 488 τὰ
2288 435 2557 507 προσόντα
2601 434 2770 505 αὐτῷ,
2806 436 2898 489 καὶ
2939 434 3137 505 πολλῆς
3187 432 3464 506 ἠξιωμένα
3509 433 3615 503 τῆς

379 525 584 592 νει-ωε,
605 545 623 578 ι
649 525 753 582 Ubi
783 529 916 587 ultio
944 540 1057 594 tua,
1091 534 1278 588 mors?
1306 532 1393 586 ubi
1419 530 1674 586 stimulus
1702 526 1949 593 tuus,in-

381 609 571 670 ferae?
593 633 613 666 ι
633 615 1011 688 subjungitur:
1030 639 1048 672 ι
1062 618 1354 693 Propterea
1372 619 1462 675 hic
1477 618 1830 676 inter‘fratres
1860 617 1946 672 di-

380 699 548 767 videt,
573 721 594 756 »
624 711 679 759 et
698 704 924 776 reliqua;
940 706 1013 761 ita
1036 713 1215 762 tamen
1242 715 1302 763 ut
1328 708 1645 762 intermedia
1663 708 1770 763 sint
1786 707 1948 761 verba

381 792 473 847 illa
501 814 513 849 :
537 810 557 844 ι
576 793 891 850 Consolatio
906 793 1221 852 abscondita
1244 806 1330 853 est
1351 799 1419 853 ab
1448 800 1622 853 oculis
1653 799 1794 866 tuis;
1822 816 1842 850 ι
1873 799 1950 854 si-

381 884 673 953 gniﬁcante
700 887 985 957 propheta,
1020 897 1339 943 eventurum
1368 889 1499 944 illud
1540 889 1685 959 quod
1721 897 1950 944 eatenus

382 974 602 1031 latebat.
644 976 751 1032 Sed
800 980 944 1033 enim
990 990 1276 1051 postquam
1311 982 1550 1051 ipsorum
1589 983 1644 1037 in
1674 982 1947 1036 meliorem

383 1075 585 1123 statum
618 1069 754 1125 dixit
773 1074 1203 1137 conversionem,
1229 1073 1470 1144 loquitur
1499 1089 1692 1130 rursus
1725 1074 1792 1130 de
1822 1089 1949 1128 mox

383 1169 705 1231 correptum
733 1163 948 1218 eosdem
977 1163 1176 1234 poenali
1206 1164 1535 1219 calamitate.

1006 1253 1159 1309 CAP.
1199 1253 1338 1310 XIV.

456 1344 622 1400 Vens.
661 1346 772 1400 1-5.
809 1375 881 1387 —
925 1363 945 1398 ι
996 1346 1317 1402 Destruetur
1378 1347 1644 1411 Samaria,
1694 1346 1948 1417 quoniam

386 1434 440 1489 in
466 1434 633 1489 Deum
666 1449 824 1490 suum
850 1434 1149 1489 rebellavit.
1176 1434 1367 1489 Gladio
1392 1435 1620 1502 cadent;
1660 1444 1774 1488 tum
1830 1435 1951 1488 illo-

381 1545 501 1583 rum
523 1530 783 1584 lactentes
814 1529 930 1584 solo
958 1528 1281 1595 allidentnr;
1306 1539 1358 1584 et
1388 1528 1507 1584 fetre
1540 1529 1781 1599 ipsorum
1810 1527 1953 1583 scin-

382 1624 596 1677 dentur.
648 1641 666 1674 »
719 1621 874 1676 Tunc
915 1635 1063 1691 ergo,
1126 1621 1321 1689 inquit,
1373 1620 1628 1691 pnedicta
1691 1619 1949 1674 beneﬁcia

381 1713 658 1782 insperato
686 1710 1203 1765 conferctDominus
1226 1710 1472 1780 captivis.
1497 1707 1604 1763 Sed
1657 1717 1781 1762 ante
1817 1704 1948 1761 illud

384 1812 601 1874 tempus
616 1803 869 1873 corripiet
889 1817 983 1857 eos
1002 1800 1226 1855 exitium
1242 1799 1643 1870 gravissimum,
1665 1808 1947 1868 prepterea

383 1897 527 1966 quod
552 1896 825 1950 contraria
856 1893 963 1948 Deo
989 1892 1214 1947 fecerint
1242 1911 1256 1947 :
1289 1906 1520 1961 namque
1536 1890 1946 1944 acerbissimum

382 1988 733 2057 experientur
787 1986 1007 2050 bellum,
1063 1986 1117 2037 in
1165 1992 1374 2038 tantum
1410 1991 1469 2036 ut
1517 1998 1584 2038 ne
1633 1982 1947 2036 lactentium

388 2078 604 2149 quidem
636 2079 981 2148 parvulorum
1028 2077 1138 2147 66
1166 2074 1436 2130 tnisertnri
1477 2074 1587 2129 sint
1622 2074 1824 2137 hostes,
1856 2089 1950 2127 ne-

388 2186 495 2242 que
524 2172 807 2225 mulierum
831 2168 1200 2240 gravidarum.
1240 2166 1351 2235 Age
1388 2181 1516 2221 vero
1545 2174 1832 2235 postquam
1857 2181 1951 2222 eos

387 2269 771 2316 eventurorum
851 2258 1115 2311 malorum
1147 2255 1663 2309 commemoratione
1712 2253 1844 2311 satis
1883 2254 1946 2309 ad

387 2352 708 2408 modestiam
760 2352 1087 2420 composuit,
1130 2365 1274 2403 nunc
1311 2346 1655 2417 promissioni
1690 2347 1951 2402 insistens

384 2458 547 2514 quam
586 2444 640 2497 in
674 2442 1046 2511 superioribus
1080 2440 1226 2503 fecit,
1264 2439 1609 2507 futuramque
1636 2437 1742 2492 illis
1782 2438 1949 2492 mole-

390 2534 621 2589 stiarum
675 2532 997 2586 solutionem
1031 2530 1377 2600 portendens,
1402 2529 1477 2584 ait
1510 2546 1567 2583 ιι
1603 2527 1948 2587 Convertere.

395 2623 581 2686 Israel,
611 2621 678 2676 ad
713 2621 996 2676 Dominum
1024 2621 1189 2674 Deum
1229 2631 1401 2683 tuum,
1431 2617 1688 2687 quoniam
1722 2618 1955 2671 inﬁrma-

394 2722 489 2767 tus
530 2728 590 2767 es
630 2715 684 2766 in
738 2711 1118 2782 iniquitatibus
1181 2710 1310 2762 tuis.
1351 2726 1369 2758 ›
1425 2709 1530 2777 Age
1575 2706 1704 2776 iam,
1742 2707 1954 2776 respice

392 2803 554 2857 modo
601 2803 664 2856 ad
704 2801 910 2869 Deum;
953 2810 1006 2856 et
1063 2802 1389 2854 voluntatem
1422 2798 1538 2865 ejus
1584 2799 1949 2863 considerans,

393 2895 449 2948 in
500 2903 755 2963 quantam
807 2893 1017 2947 veneris
1071 2892 1142 2945 ob
1180 2891 1374 2944 delicta
1438 2899 1527 2944 tua
1586 2890 1951 2944 infirmitatem

392 2999 662 3054 cognosce
697 3000 710 3035 :
766 2990 819 3037 et
848 2998 971 3037 cum
1003 2984 1275 3052 insperato
1304 2982 1730 3036 incumbentium
1776 2980 1954 3033 malo—

2052 526 2290 596 σπουδῆς
2322 528 2542 595 ἀφανιεῖ
2567 526 2845 594 καθάπαξ·
2870 527 3005 597 πρὸς
3024 526 3130 597 γὰρ
3156 525 3238 590 τὸ,
3256 545 3275 576 ι
3301 525 3411 577 Ποῦ
3433 527 3466 595 ἡ
3488 524 3614 594 δίκη

2050 632 2165 679 σου,
2208 616 2425 681 θάνατε;
2454 617 2555 671 ποῦ
2597 617 2659 670 τὸ
2707 618 2928 688 κέντρον
2966 634 3081 682 σου,
3109 616 3281 687 ᾅδην
3332 615 3561 686 ἐπῆκται
3596 630 3612 644 ·

2054 725 2073 758 ι
2102 709 2244 760 Διότι
2288 700 2441 773 οὗτος
2490 709 2592 763 ἀνά
2637 708 2799 780 μέσον
2837 708 3081 779 ἀδελφῶν
3123 706 3417 770 διαστελεί,
3456 724 3475 758 ι
3518 705 3617 758 καὶ

2048 797 2116 851 τά
2145 798 2269 866 ἐξῆς
2291 817 2303 827 ·
2340 798 2478 853 ὥστε
2508 795 2645 852 εἶναι
2677 799 2767 852 διά
2794 800 2982 870 μέσου,
3010 800 3072 852 τὸ
3110 818 3129 851 ι
3158 798 3505 870 Παράκλησις
3529 795 3619 849 κέ-

2050 906 2286 959 κρυπται
2334 889 2441 942 ἀπὸ
2482 889 2775 959 ὀφθαλμῶν
2818 904 2933 951 σου,
2963 908 2981 940 ›
3017 888 3318 960 δηλοῦντος,
3345 887 3427 939 ὅτι
3454 885 3619 954 γενή-

2052 998 2200 1033 σεται
2223 979 2377 1033 τοῦτο
2403 980 2431 1032 ὂ
2458 981 2551 1033 νῦν
2596 982 2779 1044 αὐτοῖς
2805 981 2997 1051 ἄδηλόν
3020 984 3133 1034 ἐστι
3161 979 3316 1042 τέως.
3356 973 3488 1031 Εἶτα
3513 977 3618 1049 τὴν

2050 1072 2141 1125 ἐπὶ
2160 1072 2221 1124 τὸ
2247 1074 2488 1142 κρεῖττον
2510 1072 2684 1125 αὐτῶν
2716 1073 3017 1143 μεταϐολὴν
3041 1071 3299 1143 εἰρηκὼς,
3337 1070 3484 1139 λέγει
3504 1069 3617 1122 πάο

2049 1162 2131 1216 λιν
2158 1162 2253 1235 τὴν
2280 1162 2373 1217 νῦν
2404 1161 2733 1228 καθέξουσαν
2761 1164 2958 1226 αὐτοὺς
2984 1164 3272 1235 τιμωρίαν.

2684 1253 2839 1306 ΚΕΦ.
2885 1253 2982 1309 ΙΔ⁰.

2121 1345 2264 1415 Στίχ.
2294 1344 2445 1412 α’-γ’.
2467 1376 2533 1384 -—
2551 1363 2569 1394 ι
2595 1342 3047 1415 ’Λφανισθήσεται
3066 1341 3367 1412 Σαμάρεια,
3383 1342 3466 1396 ὅτι
3491 1343 3621 1396 ἀντο

2053 1436 2182 1505 έστη
2226 1436 2360 1505 πρὸς
2406 1435 2494 1487 τὸν
2520 1435 2651 1487 Θεὸν
2693 1435 2889 1505 αὐτῆς·
2932 1435 2990 1485 ἐν
3035 1433 3279 1504 ῥομφαίᾳ
3305 1432 3617 1497 πεσοῦνται,

2051 1529 2144 1580 καὶ
2180 1527 2248 1580 τά
2294 1528 2575 1581 ὑποτίτθια
2618 1528 2796 1580 αὐτῶν
2833 1526 3298 1597 ἐδαφισθήσονται,
3347 1526 3442 1579 καὶ
3470 1528 3525 1580 αἱ
3556 1528 3619 1579 ἐν

2051 1621 2248 1690 γαστρὶ
2276 1620 2451 1672 αὐτῶν
2499 1619 2715 1689 ἔχουσαι
2762 1619 3231 1690 διαρραγήσονται.
3264 1637 3283 1670 ι
3335 1618 3466 1670 Τότε
3517 1618 3620 1688 μὲν

2052 1706 2164 1772 οὖν,
2191 1711 2375 1781 φησὶν,
2418 1712 2601 1763 ἐκεῖνα
2640 1711 2865 1783 παρέξει
2898 1711 3046 1780 παρά
3081 1712 3259 1763 πᾶσαν
3286 1709 3476 1764 ἐλπίδα
3503 1714 3623 1774 τοῖς

2049 1803 2325 1873 γεγονόσιν
2354 1802 2750 1872 αἰχμαλώτοις·
2799 1804 2904 1872 πρὸ
2924 1803 2979 1856 δέ
3015 1820 3078 1872 γε
3126 1802 3345 1856 ἐκείνων
3380 1803 3624 1875 καταλήη

2047 1894 2205 1963 ψεται
2221 1893 2315 1947 νῦν
2341 1894 2535 1957 αὐτοὺς
2556 1893 2799 1947 ἀπώλεια
2824 1894 3118 1966 βαρυτάτη,
3143 1894 3280 1964 ὺπέρ
3309 1887 3381 1946 ὧν
3402 1896 3622 1949 ἐναντία

2049 1988 2250 2040 εἵλοντο
2297 1985 2374 2055 τῷ
2410 1987 2555 2057 Θεῷ·
2620 1985 2855 2056 πολέμου
2902 1984 3010 2055 γὰρ
3054 1988 3112 2038 ἐν
3147 1985 3312 2056 πείρᾳ
3348 1986 3624 2056 καταστή-

2050 2095 2229 2129 σονται
2258 2070 2603 2146 πικροτάτου,
2628 2076 2703 2140 ὡς
2735 2076 2871 2147 μήτε
2904 2077 3011 2129 τῶν
3040 2075 3121 2129 ἔτι
3150 2076 3623 2147 γαλακτοτροιρου-

2053 2168 2225 2241 μένων
2253 2170 2478 2222 παιδίων
2508 2169 2651 2221 ἔλεον
2691 2164 2829 2222 εἶναι
2860 2168 3156 2238 πολεμίοις,
3203 2169 3338 2238 μήτε
3380 2168 3487 2239 μὴν
3512 2167 3623 2223 τῶν

2053 2260 2325 2330 γυναικῶν
2341 2260 2447 2313 τῶν
2467 2262 2677 2329 ἐγκύων
2691 2277 2703 2288 ·
2725 2261 2816 2315 καὶ
2835 2260 3128 2331 ἐπειδήπερ
3143 2260 3336 2323 αὐτοὺς
3347 2262 3414 2330 τῇ
3433 2260 3625 2333 μνήμῃ

2060 2353 2170 2406 τῶν
2203 2352 2658 2424 καταληψομένων
2696 2353 2890 2415 αὐτοὺς
2921 2353 3105 2406 κακῶν
3135 2352 3491 2423 ἐσωφρόνισεν
3520 2351 3623 2404 αὑ·

2051 2446 2286 2514 τάρκως,
2317 2442 2622 2496 ἀκολουθῶν
2648 2445 2715 2513 τῇ
2748 2443 3048 2512 ἐπαγγελίᾳ
3080 2444 3145 2513 ἢν
3181 2443 3240 2495 ἐν
3272 2444 3383 2504 τοῖς
3420 2442 3627 2496 ἀνωτέο

2056 2551 2168 2603 ροις
2204 2536 2517 2605 ἐποιήσατο,
2561 2534 2636 2605 (p.
2670 2535 2793 2604 100)
2838 2536 2937 2606 τὴν
2968 2534 3230 2605 ἐσομένην
3260 2534 3441 2595 αὐτοῖς
3468 2532 3625 2586 λύσιν

2053 2624 2160 2678 τῶν
2170 2625 2424 2698 λυπηρῶν
2441 2622 2900 2694 μηνύων,ἐπάγει·
2914 2641 2932 2673 ι
2955 2620 3367 2693 Ἐπιστράφηθι,
3385 2619 3626 2692 Ἰσραὴλ,

2054 2715 2189 2785 πρὸς
2228 2716 2426 2786 Κύριον
2454 2716 2542 2768 τὸν
2582 2714 2715 2768 Θεόν
2762 2731 2877 2778 σου,
2911 2714 3041 2767 διότι
3074 2713 3377 2783 ἡσθένησας
3416 2714 3473 2765 ἐν
3501 2714 3625 2776 ταῖς

2052 2804 2283 2865 ἀδικίαις
2313 2820 2427 2857 σου.
2468 2821 2486 2855 ι
2546 2801 2705 2855 Ἀλλά
2750 2801 2859 2871 γὰρ
2903 2800 2998 2854 νῦν
3039 2800 3103 2870 δὴ
3137 2798 3324 2852 νεῦσον
3352 2798 3485 2869 πρὸς
3530 2797 3625 2850 τὸν

2053 2896 2205 2960 Θεὸν,
2258 2897 2351 2948 καὶ
2382 2894 2451 2948 τὰ
2500 2892 2644 2964 αὐτῷ
2675 2892 2934 2945 δοκοῦντα
2963 2891 3439 2961 ἀναλογισάμενος,
3481 2889 3628 2959 ὑπὲρ

2055 2982 2129 3041 ὧν
2157 2987 2397 3057 ὴσέόεις,
2419 2987 2497 3050 είς
2528 2986 2659 3056 ὅσην
2687 2984 3022 3055 κατηνέχθης
3047 2983 3329 3038 ἀσθένειαν
3356 3002 3369 3014 ο
3409 2982 3503 3036 καὶ
3529 2982 3629 3033 λαο

394 3090 513 3131 rum
561 3075 881 3129 solutionem
926 3075 1003 3127 sis
1047 3082 1258 3137 nactus,
1296 3073 1362 3128 da
1387 3088 1603 3143 operam
1668 3084 1726 3129 ut
1757 3073 1952 3128 debitis

2060 3079 2165 3134 δῶν
2199 3082 2324 3150 παρ’
2355 3079 2542 3131 ἐλπίδα
2593 3077 2700 3130 τῶν
2752 3077 3260 3147 προσπεπτωκότων
3308 3075 3491 3130 κακῶν
3525 3072 3653 3144 τὴν.

393 3168 582 3223 olliciis
620 3170 676 3221 in
732 3176 1006 3237 posterum
1045 3166 1377 3237 defungaris.
1413 3186 1429 3217 ι
1458 3165 1653 3220 Tollite
1673 3165 1951 3220 vobiscum

395 3262 581 3325 verba,
612 3266 665 3313 et
692 3259 1068 3313 convertimini
1088 3256 1152 3311 ad
1186 3257 1472 3309 Dominum
1495 3256 1661 3310 Deum
1688 3264 1949 3312 vestrum.

397 3350 566 3406 Dicite
592 3351 642 3405 ei
682 3368 694 3403 :
738 3349 897 3404 Potes
947 3365 1108 3403 omne
1163 3349 1378 3403 auferre
1426 3356 1747 3417 peccatum;
1782 3358 1837 3401 ut
1881 3348 1954 3401 ita

396 3457 507 3496 non
545 3442 838 3496 assumatis
883 3440 1244 3509 iniquitatem,
1294 3438 1388 3494 sed
1436 3440 1667 3510 capiatis
1725 3440 1883 3493 bona.
1931 3459 1949 3490 ι

397 3534 509 3589 llos
528 3531 927 3603 quodammodo
952 3545 1232 3586 sermones
1261 3531 1400 3584 inter
1435 3546 1530 3584 vos
1560 3538 1747 3584 mutuo
1770 3532 1954 3594 serite,

396 3623 595 3694 quibus
628 3637 817 3677 onmes
853 3636 948 3691 per
973 3622 1153 3674 omnia
1183 3620 1250 3673 ad
1291 3620 1456 3673 Deum
1481 3618 1744 3684 tendatis;
1775 3627 1957 3673 certa-

397 3731 503 3787 que
529 3715 632 3771 lide
652 3714 888 3771 credatis
920 3728 1079 3784 posse
1103 3713 1270 3768 Deum
1303 3721 1484 3768 vestra
1520 3712 1702 3765 omnia
1730 3721 1957 3781 peccata

398 3809 596 3872 delere,
652 3807 699 3863 si
746 3814 894 3861 certe
933 3822 1029 3861 vos
1070 3807 1395 3876 pmnitentes
1425 3805 1478 3858 in
1513 3805 1958 3873 contingentibus

397 3901 595 3957 viderit
649 3899 1092 3954 calamitatibus:
1134 3908 1299 3969 atque
1344 3900 1453 3969 jam
1492 3900 1638 3952 omni
1687 3899 1961 3967 impietate

398 3989 635 4055 omissa,
668 3989 883 4044 uberem
914 3990 1272 4057 impetrabilis
1302 3989 1565 4043 bonorum
1601 3998 1632 4042 a‘
1657 3988 1768 4043 Deo
1800 3988 1961 4059 largi-

400 4083 622 4138 tionem.
672 4079 952 4151 Simulque
976 4082 1205 4134 invicem
1242 4081 1623 4144 cxbortemini,
1659 4081 1726 4135 ad
1768 4096 1961 4151 perpe-

400 4184 524 4229 tuos
553 4174 631 4229 illi
674 4173 902 4244 hymnos
944 4182 998 4228 et
1022 4173 1316 4243 gratiarum
1365 4173 1606 4229 actiones
1642 4173 1711 4228 ob
1741 4188 1803 4228 ea
1840 4186 1960 4241 quae

400 4267 690 4337 possidetis
715 4267 876 4333 bona,
908 4264 1261 4320 attollendos.

469 4514 635 4571 Vens.
666 4514 781 4572 4-8.
805 4547 874 4560 α-
905 4532 925 4567 ι
980 4519 1154 4570 Assur
1190 4530 1295 4568 non
1338 4515 1565 4570 salvabit
1616 4532 1751 4583 nos;
1794 4531 1961 4587 super

401 4623 572 4679 equos
588 4624 694 4662 non
712 4607 1097 4672 ascendemus;
1132 4607 1271 4661 baud
1295 4607 1433 4659 ultra
1450 4608 1695 4662 dicemus
1727 4609 1958 4678 opificiis

409 4700 653 4757 nostris:
688 4698 769 4753 Dii
797 4699 970 4754 nostri
1002 4699 1155 4753 estis.
1203 4717 1220 4751 ι
1249 4696 1365 4752 Νοη
1397 4699 1540 4752 enim
1565 4700 1771 4770 Assyrii
1804 4700 1958 4754 dein-

401 4810 534 4865 ceps
591 4792 950 4863 indigebimus
985 4791 1208 4853 auxilio,
1269 4790 1394 4844 facti
1420 4790 1530 4859 jam
1564 4792 1613 4843 ei
1647 4792 1956 4856 superiores

399 4888 472 4943 ob
516 4885 759 4941 divinum
815 4881 1194 4952 patrocinium.
1226 4880 1408 4951 Neque
1430 4882 1584 4952 equis
1629 4890 1837 4937 utentes
1891 4883 1960 4938 ad

402 4977 585 5050 fugam
629 4974 1027 5047 speetabimus;
1061 4974 1214 5029 adest
1264 4976 1407 5029 enim
1448 4975 1739 5029 auxiliator
1798 4975 1961 5031 Deus.

402 5068 540 5123 Tum
572 5070 719 5125 etab
749 5069 842 5123 illo
889 5081 1074 5123 errore
1125 5068 1311 5136 procul
1351 5076 1535 5135 postea
1583 5070 1809 5131 erimus,
1870 5084 1967 5123 eos

402 5176 542 5231 quos
589 5162 690 5229 ipsi
746 5160 996 5225 fecimus,
1037 5158 1168 5214 deos
1211 5158 1533 5228 appellandi.
1589 5179 1607 5211 ι
1646 5160 1783 5227 Quia
1825 5160 1879 5215 in
1911 5170 1965 5216 te

404 5252 753 5309 miserebitur
777 5252 985 5323 pupilli.
1021 5271 1041 5302 ι
1074 5251 1207 5306 Date
1234 5265 1450 5320 operam
1484 5260 1543 5305 ut
1575 5268 1679 5306 una
1720 5268 1842 5307 cum
1871 5254 1967 5309 be-

405 5345 586 5401 nivolo
605 5345 926 5413 sinceroque
952 5358 1078 5414 erga
1097 5343 1262 5399 Deum
1279 5341 1493 5407 atlectu,
1515 5345 1786 5413 egentium
1826 5361 1964 5415 quo-

405 5454 515 5510 que
544 5435 928 5495 misereamini.
986 5456 1005 5487 ι
1040 5435 1255 5491 Sanabo
1310 5434 1675 5492 habitationes
1728 5452 1958 5504 eorum;

406 5531 626 5601 diligam
672 5543 767 5586 eos
793 5527 1097 5591 manifeste,
1130 5529 1257 5597 quia
1309 5542 1532 5584 aversus
1564 5530 1671 5600 67
1692 5539 1774 5585 est
1811 5530 1963 5585 I‘uror

406 5636 561 5677 meus
589 5622 656 5676 ab
707 5622 807 5678 eis.
845 5638 865 5673 ι
895 5619 952 5673 Si
999 5620 1096 5683 ita,
1150 5622 1346 5692 inquit.
1386 5628 1435 5675 te
1473 5621 1729 5692 gesseris,
1772 5623 1961 5679 audies

407 5712 577 5769 Deum
607 5714 717 5770 haec
735 5713 1133 5786 promittentem
1167 5725 1328 5785 atque
1356 5714 1664 5783 facientem,
1693 5723 1851 5787 teque
1908 5717 1961 5771 in

2056 3172 2230 3231 λύσιν,
2274 3168 2648 3239 ἐπιμελεῖσθαι
2677 3167 2862 3219 λοιπὸν
2898 3165 3161 3229 σπούδαζε
3188 3165 3280 3217 τοῦ
3320 3165 3629 3234 προσήκον-

2057 3280 2165 3327 τος.
2198 3280 2214 3311 ι
2240 3259 2554 3312 Ἀναλάὅετε
2595 3258 2713 3328 μεθ’
2751 3255 2959 3308 ἑαυτῶν
2988 3256 3197 3323 λόγους,
3233 3255 3327 3307 καὶ
3359 3251 3627 3323 ἐπιπρά·

2060 3370 2195 3422 φητε
2245 3351 2379 3420 πρὸς
2417 3349 2616 3418 Κύριον
2667 3348 2757 3401 τὸν
2789 3347 2921 3400 Θεὸν
2966 3347 3119 3418 ὑμῶν
3146 3363 3158 3376 ·
3214 3346 3401 3399 εἴπατε
3449 3342 3627 3413 αὐτῷ,

2057 3446 2288 3496 Δύνασαι
2322 3445 2499 3494 πᾶσαν
2525 3443 2775 3511 ἀφαιρεῖν
2808 3441 3076 3510 ἁμαρτίαν
3099 3456 3111 3469 ·
3139 3439 3285 3501 ὅπως
3317 3436 3391 3507 μὴ
3419 3435 3625 3507 λάϐητε

2061 3533 2291 3595 ἀδικίαν,
2327 3532 2420 3584 καὶ
2456 3532 2540 3584 ἵνα
2583 3530 2783 3601 λάϐητε
2814 3530 3008 3598 ἀγαθά.
3043 3548 3061 3580 ι
3110 3529 3382 3591 Τοιούτοις
3419 3527 3481 3597 δή
3511 3544 3625 3579 τισι

2062 3625 2196 3696 πρὸς
2227 3622 2487 3692 ἀλλήλους
2514 3621 2788 3692 χρήσασθε
2820 3624 2933 3683 τοῖς
2962 3619 3159 3688 λόγοις,
3193 3620 3259 3671 δι’
3303 3612 3377 3671 ὧν
3404 3617 3626 3671 νεύσετε

2063 3715 2163 3784 μὲν
2199 3713 2309 3766 ὅλοι
2339 3712 2403 3764 δι’
2438 3712 2573 3765 ὅλων
2608 3710 2741 3783 πρδς
2778 3710 2908 3763 Θεόν
2933 3727 2948 3741 ·
3002 3708 3363 3780 ἀναμφίϐολον
3391 3707 3445 3760 δὲ
3471 3707 3625 3771 ἐξετε

2060 3804 2158 3872 τὴν
2200 3803 2402 3865 πίστιν,
2437 3800 2529 3853 τοῦ
2561 3800 2739 3864 πάσας
2764 3802 3014 3872 ἀφαιρεῖν
3048 3798 3198 3868 ὑμῶν
3227 3797 3323 3860 τὰς
3353 3788 3633 3868 ἁμαρτίας

2061 3894 2348 3964 αὐτάρκως
2370 3892 2511 3962 ἔχειν
2544 3893 2635 3945 τὸν
2663 3891 2814 3957 Θεὸν,
2842 3892 2996 3961 εἴπερ
3022 3886 3114 3943 οὖν
3151 3890 3292 3961 ὑμᾶς
3329 3888 3634 3959 μεταμελο-

2065 3988 2260 4057 μένους
2312 3985 2403 4037 ἐπὶ
2436 3986 2545 4047 τοῖς
2582 3983 2966 4052 συμϐαίνουσιν
3016 3981 3110 4034 ίδοι
3163 3984 3379 4044 κακοῖς·
3454 3981 3529 4042 ὡς
3562 3980 3635 4034 ἂν

2067 4076 2260 4147 μηκέτι
2292 4074 2427 4146 πρὸς
2471 4074 2719 4126 ἀσέϐειαν
2760 4071 3024 4133 νεύοντες,
3057 4071 3283 4138 ἄφθονον
3316 4069 3485 4138 ἔχοιτε
3518 4069 3634 4122 τῶν

2064 4168 2283 4238 ἀγαθῶν
2316 4166 2467 4237 παρά
2501 4165 2633 4217 Θεοῦ
2666 4163 2762 4234 τὴν
2792 4162 3083 4233 χορηγίαν·
3119 4162 3211 4215 καὶ
3254 4158 3633 4230 πρπρέᾡασθε

2064 4264 2264 4323 πάντες
2295 4259 2548 4328 ἀλλήλους
2578 4256 2840 4327 διηνεκεῖς
2869 4253 3015 4323 αύτῷ
3040 4254 3163 4315 τοὺς
3194 4253 3392 4322 ὕμνους
3416 4251 3633 4314 καὶτὰς

2064 4350 2410 4423 εὐχαριστίας
2445 4348 2582 4416 ὑπὲρ
2622 4344 2732 4398 τῶν
2768 4342 3123 4414 ὑπαρξάντων
3173 4344 3299 4412 ύμῖν
3339 4340 3633 4394 ἀποό-ῦναι

1993 4423 2036 4477 D
2065 4443 2264 4498 καλῶν.

2137 4534 2287 4603 Στίχ.
2317 4532 2462 4601 δ’-η’.
2496 4560 2565 4569 --
2612 4549 2628 4578 ι
2659 4528 2888 4597 Ἀσσοὺρ
2926 4527 2985 4579 ού
3030 4527 3105 4599 μὴ
3154 4526 3300 4598 σώσῃ
3336 4527 3502 4595 ἡμᾶς,
3549 4524 3639 4592 ἐφ’

2065 4626 2247 4679 ἵππων
2275 4625 2375 4676 οὐκ
2399 4617 2802 4690 ἀναϐησόμεθα,
2831 4618 3011 4670 οὐκέτι
3042 4621 3103 4669 ού
3134 4620 3207 4689 μὴ
3242 4619 3489 4686 εἴπομεν,
3507 4616 3636 4668 Θεοί

2067 4716 2246 4787 ἡμῶν,
2266 4714 2375 4779 τοῖς
2394 4714 2573 4786 ἔργοις
2596 4710 2701 4763 τῶν
2740 4709 2935 4780 χειρῶν
2975 4710 3148 4780 ἡμῶν.
3176 4729 3194 4761 ι
3240 4710 3374 4763 υῦτε
3404 4709 3510 4778 γὰρ
3533 4710 3638 4778 τῆς

2064 4806 2159 4860 τοῦ
2195 4804 2478 4875 ’Λσσυρίου
2512 4804 2693 4856 λοιπὸν
2738 4802 3039 4873 δεησόμεθα
3073 4802 3341 4873 βοηθείας,
3372 4803 3639 4873 ἀνώτεροι

2063 4897 2401 4959 καθεστῶτες
2443 4896 2607 4950 αὑτοῦ
2653 4896 2740 4949 διὰ
2786 4896 2882 4966 τὴν
2929 4895 3079 4949 θείαν
3112 4894 3465 4965 κηδεμονίαν·
3507 4892 3638 4946 οὔτε

2064 4991 2251 5052 ἵπποις
2293 4988 2625 5059 χρησάμενοι
2657 4986 2917 5057 νεύσομεν
2973 4986 3105 5056 πρὸς
3148 4988 3323 5055 φυγήν
3349 5002 3361 5014 ·
3398 4984 3639 5053 πάρεστι

2063 5083 2170 5153 γὰρ
2216 5083 2244 5136 ὁ
2275 5080 2480 5151 βοηθῶν
2508 5080 2672 5142 Θεός·
2720 5079 3002 5152 πόρρωθεν
3050 5078 3107 5130 δὲ
3138 5077 3372 5146 ἐσόμεθα
3419 5077 3643 5147 καὶτῆς

2064 5176 2271 5245 πλάνης
2321 5174 2533 5243 ἐκείνης
2574 5173 2779 5236 λοιπὸν,
2836 5171 2977 5224 ῶστε
3013 5169 3082 5223 τά
3122 5170 3250 5241 παρ’
3294 5168 3450 5239 ἡμῶν
3485 5169 3639 5235 γινό-

2070 5284 2204 5337 μενα
2238 5266 2390 5329 θεοὺς
2433 5265 2734 5336 ὀνομάζειν.
2795 5283 2814 5315 ι
2845 5264 2968 5317 Ὅτι
3007 5266 3063 5316 ἐν
3095 5263 3176 5315 σοὶ
3222 5262 3433 5333 ἐλεήσει
3464 5261 3646 5331 ὀρφα-

2067 5359 2176 5411 νόν.
2204 5378 2222 5410 ι
2278 5357 2649 5428 Ἐπιμελεῖσθε
2694 5357 2751 5410 δέ
2783 5356 2919 5427 μετὰ
2946 5357 3045 5427 τῆς
3082 5357 3161 5418 είς
3188 5354 3319 5407 Θεὸν
3357 5354 3640 5421 εὐγνωμοα

2069 5449 2263 5520 σύνης,
2319 5452 2412 5503 καὶ
2466 5451 2563 5515 τῆς
2621 5452 2700 5512 είς
2758 5450 2883 5512 τοὺς
2930 5447 3215 5519 δεομένους
3270 5445 3641 5517 συμπαθείας.

2072 5558 2089 5588 ι
2132 5539 2373 5607 Ίάσομαι
2429 5539 2529 5602 τὰς
2572 5536 2850 5596 κατοικίας
2892 5538 3093 5601 αὐτῶν,
3141 5538 3411 5608 ἀγαπήσω
3440 5537 3645 5599 αὐτοὺς

2064 5630 2360 5699 ὁμολόγως.
2399 5631 2481 5683 ὅτι
2527 5628 2867 5699 ἀπέστρεψεν
2894 5631 2926 5700 ἡ
2956 5631 3090 5701 όργή
3123 5647 3221 5701 μου
3258 5628 3355 5683 ἀπ’
3385 5627 3584 5681 αὐτῶν.
3615 5646 3637 5678 ι

2070 5722 2131 5775 Εἰ
2162 5723 2268 5793 γὰρ
2317 5722 2381 5793 δὴ
2423 5722 2665 5789 τοιαῦτα,
2694 5721 2847 5793 φησὶ,
2880 5725 3073 5792 ποιεῖς,
3119 5722 3328 5797 ἀκούσῃ
3372 5720 3464 5776 τοῦ
3497 5719 3643 5775 Θεοῦ
