3966 6222
358 374 465 431 9.09

1345 355 1892 416 COMMENTARIUS
1928 354 1996 411 1N
2036 355 2236 413 OSEAE
2271 355 2422 413 CAP.
2447 354 2581 411 XIV.

3483 352 3592 409 210

354 489 533 547 ταῦτα
580 483 1049 557 ἐπαγγελλομένου
1096 498 1155 535 τε
1190 481 1317 553 περὶ
1359 480 1453 534 σού
1486 481 1579 535 καὶ
1616 478 1927 542 ποιοῦντος·

2032 500 2313 567 antiquum
2355 497 2720 553 habitaculum
2745 494 3113 550 restituentem
3151 509 3273 549 eum
3319 503 3589 565 potestate

361 587 458 637 καὶ
481 584 560 636 δτι
605 578 875 634 ἀποδώσει
922 577 1018 648 μέν
1066 593 1145 629 σοι
1173 574 1271 645 τὴν
1319 573 1556 627 παλαιὰν
1584 574 1795 643 οἴκησιν
1834 571 1925 624 ἐπὶ

358 678 457 744 τῆς
478 674 645 743 αὐτῆς
671 671 915 737 ἐξουσίας
940 687 955 702 ·
998 669 1115 740 ῐσην
1144 667 1204 722 δὲ
1232 667 1328 721 καὶ
1353 667 1541 737 ὁμοίαν
1565 665 1691 737 περὶ
1720 665 1926 726 πάντας

358 765 685 829 ἐπιδείξεται
716 764 817 833 τὴν
858 761 1107 831 ἀγάπην,
1158 758 1251 812 ἅτε
1285 759 1464 811 πᾶσαν
1496 757 1663 827 ὀργὴν
1711 755 1926 825 ἀφελὼν

358 860 454 927 ἀφ’
485 856 659 927 ὑμῶν.
699 875 717 906 ι
745 856 978 924 Ἐσομαι
1006 852 1082 915 ὡς
1108 852 1294 923 δρόσος
1322 849 1397 920 τῷ
1426 848 1659 921 Ἰσραήλ.
1691 865 1710 898 ι
1742 845 1925 909 Οὕτως

358 946 522 1002 αὑτὸν
563 946 841 1017 ἐκτρέφων
868 947 934 1014 τῇ
979 943 1109 1014 παρ’
1147 941 1279 1012 ἐμοῦ
1316 940 1627 1011 κηδεμονίᾳ,
1678 937 1921 1008 ὥσπερὴ

360 1039 554 1109 δρόσος
574 1037 861 1108 ἐκτρέφειν
890 1035 1046 1089 εῖωθε
1065 1033 1190 1098 τοὺς
1220 1032 1487 1104 καρπούς.
1530 1051 1553 1084 ι
1576 1029 1824 1101 Ἀνθήσει
1848 1028 1926 1093 ὼς

363 1129 569 1197 κρῖνον.
595 1144 614 1177 ι
670 1124 940 1188 Ἐπίδοξος
984 1123 1136 1177 ἔσται
1177 1124 1327 1193 παρά
1373 1125 1527 1176 πᾶσι.
1589 1140 1609 1174 ι
1636 1120 1746 1173 Καὶ
1775 1118 1927 1190 βαλεῖ

364 1219 463 1279 τὰς
509 1218 657 1288 ῥίζας
704 1215 869 1269 αὐτοῦ
906 1216 980 1279 ὡς
1010 1218 1038 1268 6
1068 1215 1315 1280 Λίϐανος.
1343 1235 1361 1266 ι
1427 1216 1521 1278 Είς
1562 1216 1925 1286 πολυπληθίαν

368 1308 635 1373 ἐπιδώσει,
663 1308 816 1378 δίκην
848 1309 1056 1360 ἐκείνου
1092 1311 1214 1371 ταῖς
1245 1309 1453 1379 κέδροις
1499 1308 1926 1378 στενοχωρουμέ-

362 1417 479 1453 νου.
508 1418 527 1450 ι
547 1399 904 1469 Πορεύσονται
930 1401 980 1451 οἱ
1013 1399 1193 1452 κλάδοι
1227 1399 1411 1453 αὐτοῦ.
1436 1418 1453 1450 ι
1473 1402 1548 1468 (p.
1586 1400 1705 1468 101)
1740 1400 1927 1452 Ἐκτα-

358 1489 615 1561 θήσονται
639 1491 733 1543 ἐπὶ
758 1489 1007 1543 πλεῖστον
1034 1489 1339 1560 εὐπραγίας
1366 1492 1415 1543 οἱ
1449 1490 1509 1555 ἐξ
1535 1490 1722 1545 αὑτοῦ.
1771 1510 1793 1542 ι
1820 1492 1927 1543 Καὶ

356 1579 513 1633 ἔσται
538 1581 618 1642 ὡς
662 1581 815 1634 ἐλαία
840 1581 1212 1649 κατάκαρπος,
1252 1581 1347 1633 καὶ
1388 1583 1422 1652 ή
1454 1582 1723 1651 δσφρασία
1763 1582 1926 1636 αὑτοῦ

354 1672 435 1735 ὡς
477 1673 719 1726 λιδάνου.
748 1692 767 1724 ι
817 1674 987 1737 Αὐτός
1012 1691 1072 1727 τε
1100 1675 1186 1728 διὰ
1214 1676 1312 1745 τῆς
1340 1675 1479 1746 ἐμῆς
1500 1676 1822 1745 κηδεμονίας
1843 1677 1929 1729 ἀεὶ

2027 591 2250 657 eadem;
2291 591 2551 659 mqualem
2604 588 2838 657 denique
2870 587 3212 656 similemque
3261 587 3428 656 priori
3460 604 3587 658 erga

2024 690 2214 731 omnes
2256 676 2502 730 ostendet
2562 689 2821 735 amorem,
2880 674 3133 742 quoniam
3180 689 3394 728 omnem
3444 674 3582 730 iram

2025 781 2178 821 suam
2205 766 2404 818 avobis
2438 765 2651 819 avertit.
2694 783 2712 814 ι
2746 763 2849 817 Ero
2880 764 3035 834 quasi
3082 779 3172 819 ros
3195 763 3397 819 lsraeli.
3445 784 3465 817 ι
3499 766 3591 821 Sic

2028 859 2178 912 illum
2206 873 2323 912 mea
2343 873 2471 911 cura
2509 858 2765 921 nutriam,
2791 871 2888 911 ceu
2918 870 3008 911 ros
3038 854 3220 926 fruges
3246 857 3388 911 alere
3416 857 3575 912 solet.

2032 966 2049 999 ι
2080 946 2355 1001 Floreseet
2381 948 2520 1001 sicut
2559 946 2752 1001 lilium.
2796 965 2814 997 ι
2865 944 2922 999 ln
2959 945 3166 1000 honore
3214 946 3354 1016 apud
3399 962 3593 1004 omnes

2026 1039 2148 1094 erit.
2184 1057 2202 1089 ι
2235 1038 2406 1093 Mittet
2446 1038 2656 1093 radices
2692 1052 2823 1093 snas
2857 1036 3011 1106 quasi
3043 1035 3299 1092 Libanus.
3338 1054 3361 1090 ι
3393 1036 3590 1093 Excre-

2028 1141 2142 1186 seet
2171 1131 2224 1183 in
2264 1128 2683 1191 multitudinem,
2721 1127 2864 1181 haud
2892 1142 3052 1183 secus
3086 1142 3246 1195 quam
3278 1128 3365 1183 ille
3409 1127 3589 1183 cedris

2028 1224 2307 1279 densatur.
2369 1239 2388 1272 ι
2431 1221 2588 1275 Ibunt
2636 1219 2772 1273 rami
2823 1218 2962 1287 ejus.
3023 1237 3043 1270 ι
3093 1216 3416 1272 llilatabitur
3465 1233 3587 1288 pro-

2028 1313 2262 1381 speritas
2298 1318 2550 1379 nepotum
2579 1308 2717 1377 ejus.
2760 1326 2779 1357 ι
2811 1305 2877 1358 Et
2903 1309 3007 1360 erit
3047 1305 3203 1376 quasi
3244 1305 3364 1360 olea
3398 1305 3591 1361 fructi-

2028 1403 2163 1467 fera,
2180 1414 2233 1457 et
2252 1402 2386 1456 odur
2404 1402 2522 1469 ejus
2542 1401 2695 1470 quasi
2720 1399 2918 1454 thuris.
2933 1399 2978 1451 »1
2988 1414 3080 1468 pse
3105 1399 3174 1453 ob
3193 1413 3385 1453 curam
3412 1413 3591 1455 meam

2028 1507 2240 1561 semper
2271 1490 2537 1544 fructibus
2569 1487 2872 1559 pullulabit,
2901 1495 2955 1543 et
2990 1488 3172 1543 thuris
3210 1488 3385 1543 instar
3405 1489 3594 1544 suavis

2024 1584 2132 1638 erit
2161 1582 2504 1636 audientibus
2562 1578 2950 1649 prosperitates
2992 1578 3130 1647 ejus.
3170 1596 3189 1630 ‹
3223 1579 3581 1634 Revertentur

2026 1682 2191 1745 atque
2217 1673 2485 1728 sedebunt
2534 1670 2637 1726 sub
2664 1671 2856 1725 umbra
2879 1670 2997 1739 ejus
3026 1686 3041 1735 ;
3075 1670 3258 1724 vivent
3280 1678 3337 1724 et
3366 1669 3593 1724 robora-

356 1763 568 1816 θάλλων
593 1763 745 1816 ἔσται
766 1767 877 1827 τοῖς
903 1768 1155 1835 καρποῖς,
1185 1768 1277 1819 καὶ
1301 1767 1593 1819 λιδανωτοῦ
1618 1767 1772 1837 δίκην
1800 1767 1929 1836 ἡδὺς

2032 1766 2449 1821 bunturtritico.
2493 1781 2512 1812 ο
2547 1761 2673 1816 Post
2705 1762 2939 1816 reditum
2973 1761 3222 1815 fruentur
3268 1760 3431 1815 rebus
3451 1759 3595 1823 suis,

352 1856 473 1915 τοῖς
501 1853 760 1906 ἀκούουσι
784 1855 853 1907 τὰ
877 1856 1006 1925 περὶ
1030 1855 1197 1908 αὐτοῦ
1224 1855 1425 1924 ἀγαθά.
1469 1875 1489 1908 ι
1515 1857 1930 1929 Ἐπιστρὲψουσι

351 1946 455 1998 καὶ
475 1946 786 1999 καθιοῦνται
820 1946 924 1999 ὑπὸ
957 1947 1054 2017 τὴν
1081 1949 1288 2018 σκέπην
1318 1948 1506 2015 αὑτοῦ,
1542 1949 1636 2003 καὶ
1659 1950 1930 2021 ζήσονται,

2035 1873 2099 1913 ac
2119 1855 2780 1928 perseverabuntuberem
2819 1854 3081 1908 habentes
3117 1866 3147 1906 a
3168 1866 3285 1908 mea
3311 1849 3597 1922 providen-

2035 1950 2109 2004 tia
2142 1947 2356 2015 frugum
2387 1946 2745 2015 largitionem.
2772 1962 2791 1995 ι
2839 1942 2905 1996 Et
2933 1942 3232 1998 eti'torescet
3271 1942 3429 2012 quasi
3464 1941 3591 1996 vitis

353 2038 452 2089 καὶ
486 2039 940 2109 στηριχθήσονται
992 2040 1143 2111 σίτῳ.
1178 2060 1197 2093 ι
1255 2042 1667 2108 Ἐπανελθόντες
1696 2044 1930 2099 ἀπολαύ-

2033 2039 2348 2096 memoriale
2367 2037 2508 2105 ejus,
2538 2044 2592 2091 et
2611 2036 2768 2106 quasi
2796 2037 2982 2090 vinum
3006 2034 3217 2089 Libani.
3260 2054 3278 2087 ι
3314 2033 3390 2087 lta
3415 2035 3600 2090 suavis

352 2138 515 2175 σουσι
540 2124 649 2177 τῶν
672 2126 908 2191 οίκείων,
942 2129 1035 2180 καὶ
1059 2128 1374 2198 διαμενοῦσι
1403 2131 1631 2200 ἄφθονον
1661 2133 1770 2188 τῶν
1798 2152 1930 2205 καρ-

2032 2126 2137 2188 erit
2165 2136 2219 2184 et
2235 2127 2510 2198 iucundus
2531 2126 2902 2197 spectantibus
2922 2140 3024 2182 ceu
3051 2127 3179 2182 vitis
3211 2124 3430 2191 ﬂorens,
3455 2133 3511 2181 et
3540 2131 3603 2179 ut

350 2212 479 2266 τεῶν
513 2215 727 2285 ἔχοντες
753 2220 819 2288 τῇ
861 2220 965 2289 ἐμῇ
997 2220 1287 2292 κηδεμονία
1321 2221 1419 2294 τὴν
1454 2224 1733 2295 χορηγίαν.
1770 2245 1786 2276 ι
1820 2229 1930 2281 Καὶ

2032 2225 2217 2279 vinum
2237 2219 2381 2290 quod
2408 2220 2467 2274 in
2496 2219 2701 2273 Libano
2723 2226 2908 2273 monte
2947 2219 3094 2288 gigni
3125 2219 3285 2274 solet.

352 2305 641 2379 εξανθήσει
662 2309 742 2373 ὡς
759 2312 1001 2382 ἄμπελος
1032 2313 1091 2366 τὸ
1118 2321 1454 2385 μνημόσυνον
1472 2318 1654 2372 αὐτοῦ·
1684 2319 1760 2382 ὼς
1779 2318 1924 2384 οἶνος
1952 2317 2207 2374 Λιϐάνου.
2242 2332 2261 2366 t
2286 2312 2470 2376 Οὕτως
2495 2312 2629 2382 ὴδὺς
2655 2310 2729 2363 ὣν
2750 2310 2843 2363 καὶ
2865 2308 3139 2381 προσηνὴς
3164 2311 3274 2372 τοῖς
3294 2306 3599 2378 ὁρῶσιν,ὡς

351 2400 602 2469 ἄμπελός
620 2420 683 2455 τε
712 2404 966 2467 ἀνθοῦσα,
994 2408 1088 2461 καὶ
1110 2405 1249 2471 οἶνος
1271 2412 1301 2463 6
1324 2411 1462 2463 κατά
1489 2411 1549 2464 τὸ
1581 2412 1707 2484 ὅρος
1732 2413 1827 2467 τοῦ
1858 2414 2092 2469 Λιϐάνου
2123 2408 2405 2479 γίγνεσθαι
2434 2405 2659 2468 εἰωθώς.

411 2494 562 2565 Στίχ,
588 2493 717 2547 θ’-ι⁸.
742 2523 814 2536 —
854 2514 873 2547 ι
912 2496 1006 2568 Τῷ
1051 2498 1290 2569 Ἐφραὶμ
1308 2541 1323 2565 ,
1350 2502 1402 2554 τί
1442 2502 1590 2573 αὐτῷ
1617 2504 1697 2558 ἔτι
1729 2507 1822 2559 καὶ
1848 2507 1926 2559 εί-

2093 2500 2262 2557 Vens.
2314 2499 2562 2555 9-10.—
2600 2496 2963 2567 tEphraimo,
2998 2496 3127 2565 quid
3168 2495 3221 2550 ei
3271 2496 3497 2552 ulterius
3547 2505 3604 2550 et

352 2586 582 2654 ὂώλοις;
622 2589 762 2657 Ἐγὼ
791 2593 1131 2647 ἐταπείνωσα
1157 2596 1338 2659 αὑτὸν,
1367 2598 1460 2650 καὶ
1488 2597 1599 2667 ἐγὼ
1618 2600 1929 2670 κατισχύσω

2032 2593 2241 2650 idolis?
2266 2590 2377 2661 Ego
2414 2588 2691 2644 humiliavi
2727 2603 2877 2651 eum,
2905 2594 2959 2642 et
2984 2600 3083 2657 ego
3112 2585 3381 2640 roborabo
3404 2599 3552 2640 eum.
3578 2603 3599 2635 ι

355 2675 543 2761 αυτόν.
580 2695 600 2727 ο
633 2678 829 2732 Οὐκέτι
857 2680 920 2749 δή
959 2698 1038 2734 σοι
1071 2685 1350 2738 κοινωνίαν
1381 2686 1632 2757 οὐδεμίαν
1662 2692 1930 2761 προσῆκεν

2032 2684 2246 2741 Nullam
2274 2682 2388 2752 jam
2415 2681 2510 2736 tibi
2542 2694 2664 2735 esse
2687 2677 3129 2734 communionem
3159 2692 3283 2731 cum
3315 2677 3475 2732 idolis
3509 2676 3602 2731 de-

360 2759 500 2820 εἷναι
536 2768 674 2838 πρὸς
704 2770 772 2824 τά
801 2772 993 2826 εἰδωλα
1016 2813 1029 2837 ,
1064 2776 1251 2848 ἐπειδὴ
1283 2777 1417 2847 μηδέ
1442 2779 1680 2851 δεηθήσῃ
1792 2759 1929 2836 ὲκεί-

2032 2783 2140 2839 cet,
2175 2773 2303 2843 quia
2335 2786 2436 2827 nec
2470 2770 2580 2824 iliis
2605 2783 2835 2839 prorsus
2869 2766 3153 2837 indigebis.
3186 2765 3300 2836 Ego
3330 2779 3478 2826 vero,
3507 2764 3603 2834 qui

308 2883 313 2887 η
356 2874 505 2911 νων·
546 2858 658 2927 ἐγὼ
699 2862 810 2933 γὰρ
861 2863 1002 2934 ὑπὲρ
1047 2866 1147 2935 τῆς
1195 2869 1324 2938 περὶ
1362 2870 1546 2923 ἐκεῖνα
1595 2872 1832 2944 σπουδῆς
1867 2891 1927 2927 σε

2032 2866 2100 2921 ob
2126 2864 2343 2919 illorum
2376 2861 2618 2919 studium
2657 2869 2711 2915 te
2742 2860 3174 2918 bumiliaveram,
3209 2865 3391 2927 postea
3424 2856 3601 2926 pinni-

356 2949 690 3004 ταπεινώσει
732 2954 1057 3023 περιϐαλὼν,
1102 2958 1551 3030 μεταμεληθέντα
1577 2963 1670 3015 ἐπὶ
1696 2964 1793 3033 τῆς
1830 2981 1928 3017 πα·

2032 2964 2233 3012 tcntem
2255 2955 2426 3011 veteri
2448 2952 2795 3024 prosperitati
2831 2951 3068 3008 restitui.
3094 2969 3113 3003 ι
3138 2949 3292 3005 Sicut
3308 2949 3600 3018 iuniperus

358 3039 525 3104 λαιᾶς
546 3041 790 3107 ἀνέδειξε.
811 3045 1132 3117 εὐπραγίας.
1171 3065 1189 3099 ι
1213 3048 1299 3112 Ὠς
1325 3048 1589 3121 ἄρκευθος
1618 3052 1929 3117 πυκάζουσα

2032 3048 2322 3109 condensa,
2350 3047 2421 3100 ita
2450 3044 2657 3101 fructus
2683 3052 2811 3099 tuus
2839 3059 2907 3099 ex
2936 3058 3022 3098 me
3046 3042 3373 3098 invenietur.
3397 3058 3415 3092 ι
3444 3039 3588 3106 Quia

358 3128 423 3193 ἐξ
448 3130 581 3199 ἐμοῦ
611 3132 642 3183 6
670 3135 879 3204 καρπός
903 3153 997 3188 σου
1018 3138 1329 3210 εὑρήσεται.
1364 3158 1383 3191 ι
1432 3141 1649 3213 Ἐπειδὴ
1682 3144 1930 3210 ἀειθαλὲς

2033 3139 2149 3193 hac
2184 3139 2349 3193 arbor
2386 3151 2600 3207 semper
2628 3134 2872 3200 virescit,
2913 3136 3018 3189 ait:
3061 3132 3217 3188 Sient
3262 3134 3351 3187 illa
3384 3146 3599 3201 semper

359 3222 481 3273 ἐστι
503 3223 567 3275 τὸ
584 3222 798 3295 δένδρον
818 3225 1009 3281 τοῦτο·
1038 3228 1184 3297 λέγει
1206 3231 1288 3283 ὅτι
1315 3230 1390 3295 ὡς
1411 3233 1587 3287 ἐκεῖνο
1612 3234 1702 3289 διὰ
1733 3236 1930 3301 παντὸς

2037 3228 2291 3286 foliorum
2331 3244 2485 3285 coma
2520 3227 2837 3293 frondescit,
2872 3228 2953 3282 sie
2977 3233 3033 3281 et
3066 3227 3204 3282 istos
3234 3225 3350 3280 fore
3390 3225 3445 3278 in
3477 3238 3602 3293 per-

358 3309 462 3396 την
511 3314 575 3365 ἐκ
607 3315 713 3367 τῶν
746 3316 959 3386 φύλλων
999 3319 1111 3389 εχει
1148 3322 1345 3393 κόμην,
1395 3323 1567 3388 οὕτως
1597 3325 1807 3381 ἔσονται
1840 3328 1930 3382 καὶ

2033 3331 2197 3396 petua
2240 3323 2509 3377 bonorum
2550 3322 2829 3384 ubertate,
2862 3334 3099 3390 quorum
3130 3334 3267 3374 usus
3312 3319 3393 3373 eis
3425 3332 3456 3372 a
3481 3331 3602 3370 mea

359 3393 513 3485 οὗτοι
569 3403 789 3476 διηνεκῆ
834 3409 945 3460 τῶν
997 3409 1215 3477 ἀγαθῶν
1267 3412 1476 3483 ἔχοντες
1512 3414 1613 3485 τὴν
1655 3416 1931 3485 ἀφθονίαν,

362 3483 445 3545 ὧν
472 3492 660 3559 αὐτοῖς
685 3495 769 3549 διὰ
799 3498 898 3568 τῆς
921 3501 1059 3571 ἐμῆς
1089 3503 1411 3573 κηδεμονίας
1443 3483 1739 3571 ἀπόλαυσις
1767 3526 1933 3579 προσ-

360 3581 545 3638 έσται.
590 3587 819 3655 (p.101
860 3590 878 3659 )
934 3591 1264 3657 Ἀκολούθως
1311 3594 1366 3648 δὲ
1405 3598 1537 3650 πᾶσι
1580 3598 1789 3663 τούτοις
1831 3602 1931 3653 ἐπ-

360 3671 577 3741 ήγαγεν
596 3676 624 3726 6
656 3679 957 3749 προφήτης·
995 3700 1013 3733 ι
1042 3683 1136 3745 Τίς
1169 3685 1351 3752 σοφὸς,
1373 3689 1467 3739 καὶ
1486 3689 1705 3759 συνήσει
1725 3687 1930 3756 ταῦτα;

360 3762 399 3832 ἦ
436 3766 657 3829 συνετὸς
683 3806 698 3828 ,
740 3771 833 3822 καὶ
875 3771 1140 3838 γνώσεται
1184 3778 1353 3844 αύτά;
1389 3779 1468 3832 ὅτι
1492 3780 1709 3833 εὐθεῖαι
1742 3783 1798 3833 αἱ
1825 3783 1934 3835 ὁδοὶ

356 3853 462 3906 τοῦ
508 3857 747 3929 Κυρίου,
795 3863 888 3915 καὶ
927 3863 1123 3918 δίκαιοι
1171 3868 1525 3938 πορεύσονται
1558 3871 1616 3925 ἐν
1656 3872 1866 3935 αὑταῖς.
1907 3892 1927 3924 ι

374 3946 543 4000 Ἀλλὰ
573 3950 681 4020 γὰρ
707 3952 874 4016 ὅντως
904 3955 967 4009 ἄν
994 3973 1077 4020 τις
1102 3960 1450 4028 ἀποφαίνοιτο
1476 3962 1635 4031 σοφὸν
1674 3965 1769 4018 καὶ
1810 3982 1933 4018 συν-

363 4037 489 4090 ετὸν
535 4036 673 4094 εἶναι
703 4043 796 4095 τὸν
839 4046 949 4098 τῶν
981 4049 1281 4117 εἰρημένων
1327 4050 1519 4121 ἔχοντα
1566 4053 1667 4124 τὴν
1708 4054 1930 4122 γνῶσιν,

362 4130 463 4182 καὶ
502 4134 633 4203 περὶ
656 4134 826 4188 ταῦτα
866 4139 1258 4203 ἐσπουδακότα,
1294 4143 1386 4211 ἀφ’
1412 4137 1485 4196 ὧν
1518 4144 1732 4209 ἐξέσται
1762 4164 1934 4217 κεχωο

364 4221 662 4291 ρισμένους
675 4241 736 4276 τε
758 4226 952 4289 αὐτοὺς
981 4228 1073 4279 τοῦ
1103 4230 1271 4283 κακοῦ
1294 4233 1387 4285 καὶ
1414 4234 1617 4305 σπουδῇ
1655 4236 1935 4304 μετιόντας

296 4393 301 4396 Α
360 4312 427 4364 τὸ
465 4314 651 4375 καλδν,
699 4317 758 4367 ἐν
786 4318 1072 4391 ἀπαλλαγῇ
1110 4323 1208 4391 μὲν
1236 4322 1343 4375 τῶν
1375 4325 1651 4395 χειρόνων,
1695 4328 1754 4379 ἐν
1801 4328 1936 4380 ἀπο-

361 4405 557 4458 λαύσει
608 4408 668 4460 δὲ
717 4409 1038 4465 καθιστάναι
1085 4415 1193 4466 τῶν
1240 4418 1598 4486 κρειττόνων·
1639 4406 1934 4492 ἐπειδήπερ

361 4496 587 4550 ἅπαντα
625 4499 696 4553 τὰ
735 4502 884 4573 παρὰ
922 4504 1015 4557 τοῦ
1050 4505 1185 4558 Θεοῦ
1221 4508 1589 4577 πραττόμενα,
1642 4509 1935 4581 ὀρθότητος

2037 3413 2377 3485 providentia
2408 3411 2704 3482 continget.
2735 3411 3115 3465 Consentanee
3143 3424 3272 3465 vero
3304 3409 3392 3464 his
3426 3407 3602 3463 omni-

2033 3504 2166 3571 bus,
2202 3504 2354 3559 addit
2385 3503 2647 3573 propheta
2676 3518 2691 3554 :
2741 3521 2760 3554 ι
2787 3501 2922 3567 Quis
2966 3501 3213 3571 sapiens,
3241 3509 3299 3555 et
3338 3498 3603 3569 intelliget

2033 3596 2174 3651 ista?
2198 3596 2322 3665 quis
2349 3596 2674 3666 intelligens,
2700 3606 2754 3649 et
2776 3602 3067 3662 cognoscet
3091 3590 3237 3645 haec?
3284 3591 3412 3661 quia
3441 3596 3603 3643 recte

2032 3689 2133 3742 vim
2155 3687 2577 3758 Domini,68et
2603 3686 2729 3755 justi
2754 3685 3111 3738 ambulabunt
3137 3685 3193 3738 in
3219 3683 3356 3739 eis»
3391 3680 3604 3751 Reapse

2033 3783 2371 3852 exploratum
2391 3787 2494 3845 est,
2527 3778 2648 3833 illos
2675 3792 2798 3832 esse
2819 3776 3090 3847 sapientes
3118 3786 3279 3846 atque
3297 3775 3603 3845 intelligen-

2033 3882 2136 3938 tes,
2169 3872 2261 3942 qui
2303 3871 2682 3940 prmdietarnm
2728 3883 2911 3922 rerum
2962 3868 3247 3922 scientiam
3289 3867 3512 3929 habent,
3548 3873 3609 3921 et

2033 3962 2343 4017 earumdem
2368 3959 2547 4013 studio
2573 3964 2853 4022 tenentur;
2884 3972 3113 4026 quarum
3140 3953 3395 4027 praesidio
3418 3953 3605 4022 sejun-

2035 4054 2104 4109 cti
2123 4069 2153 4107 a
2172 4053 2322 4116 vitio,
2343 4060 2396 4106 et
2413 4051 2627 4104 virtutis
2652 4050 2964 4120 participes,
2982 4048 3252 4103 deteriora
3268 4046 3536 4108 vitabunt,
3551 4050 3608 4098 et

2036 4143 2284 4198 fruentur
2307 4142 2636 4196 melioribus.
2663 4139 2794 4193 Nam
2814 4142 2995 4195 cuncti
3020 4139 3111 4193 Dei
3139 4147 3294 4192 actus
3328 4135 3606 4191 rectitudi-

2033 4252 2105 4291 ne
2136 4235 2300 4288 multa
2330 4232 2653 4297 redundant,
2677 4246 2783 4301 qua
2805 4231 3072 4301 dirigente
3099 4229 3441 4299 pecatoribus
3465 4241 3599 4297 quo-

2037 4345 2142 4398 que
2160 4341 2372 4397 pmnam
2396 4325 2588 4391 infert;
2610 4331 2664 4378 et
2686 4333 2868 4393 postea
2887 4324 3228 4393 pmnitentes,
3251 4320 3462 4377 salvare
3478 4320 3602 4373 scit.

2039 4419 2155 4475 Jam
2196 4433 2325 4473 vero
2353 4417 2530 4487 justos
2568 4416 2692 4470 illos
2719 4433 2839 4472 esse
2868 4425 3200 4485 compertum
3229 4420 3333 4475 est,
3364 4411 3456 4481 qui
3498 4409 3604 4463 hoc

2039 4512 2164 4566 vitae
2205 4524 2400 4579 genere
2445 4516 2602 4569 sunt,
2640 4518 2696 4563 et
2737 4508 2990 4576 utrinque
3030 4505 3462 4572 juvariseiunt:
3510 4500 3605 4571 qui

362 4588 528 4658 γέμει
568 4591 805 4661 πολλῆς,
841 4594 957 4663 μεθ’
1003 4591 1071 4667 ἦς
1100 4597 1195 4650 καὶ
1233 4597 1514 4650 πταίουσιν
1546 4601 1743 4666 ἐπάγει
1771 4616 1930 4670 τιμω-

2043 4599 2401 4655 modestiores
2431 4614 2460 4652 a
2504 4600 2952 4669 castigationibus
3001 4596 3157 4662 facti,
3207 4596 3607 4649 hortamentum

368 4682 493 4750 ρίαν
514 4699 528 4712 ·
577 4684 673 4737 καὶ
704 4688 1173 4758 μεταμελομένους
1201 4730 1214 4752 ,
1246 4690 1569 4761 περισώζειν
1609 4693 1895 4761 ἐπίσταται
1919 4709 1933 4722 ·

362 4776 612 4840 δικαίους
642 4796 701 4830 τε
749 4780 1102 4849 ἀποφαίνοιτο
1134 4783 1200 4835 ἀν
1237 4795 1329 4845 τις
1348 4785 1476 4847 τοὺς
1510 4785 1567 4837 ὲν
1595 4784 1805 4848 τούτοις
1850 4785 1936 4837 ὅν-

360 4887 487 4931 τας,
523 4871 618 4923 καὶ
647 4871 707 4935 ἐξ
751 4874 1014 4944 ἑκατέρου
1041 4877 1247 4927 τούτων
1287 4874 1611 4944 ὠφελεῖσθαι
1643 4876 1937 4946 ἐπισταμέ-

367 4980 530 5025 νους·
586 4963 683 5015 καὶ
724 4967 1193 5036 σωφρονεστέρους
1233 4967 1337 5037 μὲν
1373 4969 1430 5020 ἐν
1476 4970 1595 5033 ταῖς
1647 4967 1937 5037 τιμωρίαις

370 5053 686 5121 γινομένους
709 5096 724 5115 ,
756 5058 836 5119 εἰς
874 5058 1185 5128 προτροπὴν
1214 5058 1273 5112 δὲ
1320 5048 1522 5130 ἀρετῆς
1566 5058 1935 5129 λαμϐάνοντας

367 5145 476 5198 τῶν
506 5148 570 5198 ἐκ
594 5147 694 5215 τῆς
726 5150 1088 5218 μεταμελείας
1122 5152 1562 5221 προσγινομένων
1586 5150 1806 5218 ἀγαθῶν
1838 5150 1936 5221 τὴν

370 5236 702 5291 ἀπόλαυσιν·
749 5242 963 5305 ἀσεϐεῖς
1005 5242 1050 5295 δ’
1078 5242 1143 5295 ἂν
1188 5244 1519 5313 ἀποφήνοιτο
1564 5242 1705 5295 κατά
1758 5244 1936 5296 πάντα

370 5330 465 5381 καὶ
488 5333 753 5386 παντοίων
774 5335 979 5406 (ἀξίους
1000 5335 1203 5401 κακῶν)
1218 5334 1533 5398 ἐκείνους,οἳ
1551 5334 1712 5404 μηδὲν
1733 5334 1936 5405 ἰσχύου-

2038 4691 2140 4746 sibi
2176 4690 2242 4744 ad
2272 4691 2521 4744 virtutem
2550 4690 2815 4759 judicant,
2851 4691 3116 4745 bonorum
3164 4698 3285 4757 post
3333 4685 3605 4757 poeniten-

2034 4786 2165 4838 tiam
2199 4783 2612 4853 impetratorum
2642 4783 3004 4838 usufruetum.
3039 4782 3238 4851 impios
3268 4789 3447 4835 autem
3482 4792 3608 4833 esse

2033 4883 2248 4931 constat
2279 4875 2522 4935 omnino,
2550 4882 2604 4929 et
2643 4874 2974 4944 quibuslibet
3010 4874 3167 4927 malis
3211 4871 3405 4941 dignos
3451 4869 3597 4936 illos,

2035 4972 2127 5042 qui
2184 4968 2318 5024 nihil
2366 4968 2560 5021 horum
2606 4980 2936 5036 cognoscere
2975 4964 3176 5025 valent,
3226 4960 3297 5014 ob
3338 4968 3599 5014 constan-

2046 5072 2153 5115 tem
2217 5075 2370 5116 suam
2421 5058 2490 5113 ad
2533 5057 2723 5112 vitium
2773 5053 3209 5114 inclinationem;
3242 5058 3295 5105 et
3324 5061 3607 5120 propterea

2043 5152 2338 5222 quidquam
2383 5152 2666 5205 honestum
2696 5164 2758 5202 ac
2788 5146 3028 5201 debitum
3076 5142 3408 5213 intelligendi
3461 5141 3608 5197 haud

2043 5253 2342 5314 compotes.
2370 5240 2802 5298 Cummentarius
2825 5238 2881 5293 in
2908 5233 3102 5291 Oscam
3132 5235 3452 5306 prophetam
3487 5236 3607 5301 (ex-

2042 5334 2235 5405 plicit.)

368 5442 451 5481 σιν
481 5428 706 5493 τούτων,
738 5433 803 5499 τῇ
830 5432 965 5501 πρὸς
1006 5431 1069 5483 τὸ
1095 5434 1272 5502 χεῖρον
1303 5430 1730 5503 προστετηκότες
1768 5431 1929 5502 ῥοπῇ,
1956 5432 2046 5481 καὶ
2079 5429 2315 5485 συνιέναι
2348 5427 2434 5485 διὰ
2467 5425 2620 5480 τοῦτο
2644 5422 2748 5479 τῶν
2770 5420 2997 5477 δεόντων
3028 5419 3178 5476 οὐδὲν
3215 5411 3318 5474 οἷοί
3346 5430 3407 5471 τε
3434 5411 3603 5479 ὄντες.

373 5548 439 5564 -
470 5521 769 5596 Ἑρμηνεία
804 5520 960 5592 Ὠσηὲ
996 5520 1091 5574 τοῦ
1123 5521 1419 5593 προφήτου.
