3976 6226
350 378 363 381 ~
451 342 547 396 ΞΗ

1637 348 1983 405 THEODORI
2023 350 2525 411 MOPSUESTENI‘

3566 360 3668 419 2Ιῖ

486 492 3654 545 W

1098 658 1653 743 EPMHNEIA
1716 658 1990 745 ΙΩΗΛ
2059 662 2284 749 ΤΟΥ
2355 664 2988 754 ΠΡΟΦΗΤΟΥ.

572 1041 1698 1162 COMMENTARIUS
1778 1051 1925 1161 1N
2018 1049 2553 1164 JOELEM
2639 982 3538 1163 PROPHETAM.

516 1492 854 1563 Propositum
894 1499 1050 1554 nobis
1082 1510 1167 1556 est
1196 1502 1336 1557 beati
1369 1502 1536 1559 Joelis
1563 1506 1990 1576 explanationem

2170 1515 2244 1583 (p.
2272 1515 2372 1570 105
2416 1515 2433 1581 )
2463 1515 2750 1586 Πρόκειται
2780 1520 2878 1582 μὲν
2901 1513 3034 1582 ἡμῖν
3059 1509 3151 1565 τοῦ
3187 1511 3455 1582 μακαρίου
3502 1509 3654 1580 Ἰωὴλ

443 1599 587 1639 nunc
602 1585 856 1643 exordiri.
872 1589 967 1645 Est
982 1606 1111 1646 vero
1125 1607 1436 1648 sermonum
1455 1595 1574 1663 ejus
1599 1611 1998 1669 argumentum,

443 1687 501 1730 ut
522 1679 844 1747 generaliter
867 1681 1066 1747 dicam,
1097 1684 1238 1739 idem
1267 1688 1411 1755 quod
1447 1689 1688 1743 omnium
1720 1692 2001 1761 propheta-

442 1783 586 1829 rum.
628 1777 886 1824 eventura
920 1773 1117 1842 populo
1149 1776 1440 1844 praedicere
1479 1783 1855 1850 satagentium,
1900 1799 2000 1854 pro

441 1860 637 1913 collata
671 1860 806 1929 ipsis
840 1862 941 1917 bac
973 1864 1028 1917 in
1062 1880 1121 1919 re
1152 1866 1325 1921 sancti
1359 1867 1596 1937 Spiritus
1628 1873 1834 1941 gratia:
1871 1891 2002 1944 quo-

441 1963 561 2002 rum
594 1950 974 2019 prophetarum
1007 1955 1236 2022 primus,
1254 1957 1705 2025 quemadmodum
1725 1973 1868 2018 retro
1886 1966 1996 2021 aie-

438 2038 586 2102 bam,
629 2042 821 2099 beatus
865 2041 1030 2099 David
1067 2046 1215 2110 olim,
1251 2047 1359 2102 imo
1389 2048 1544 2105 valde
1571 2052 1892 2122 antiquitus,
1944 2065 1998 2111 ct

439 2133 611 2187 multo
655 2142 780 2190 ante
808 2151 986 2191 rerum
1031 2138 1256 2200 exitum,
1299 2149 1492 2195 cuncta
1538 2145 1735 2212 populo
1765 2146 1998 2204 diversis

442 2225 778 2294 temporibus
822 2236 1079 2282 eventura
1107 2229 1311 2285 edixit:
1348 2236 1493 2302 quod
1537 2235 1675 2290 idem
1709 2252 1738 2291 a
1774 2239 1997 2308 reliquis

435 2316 598 2371 etiam
622 2320 898 2387 prOphetis
916 2319 1115 2375 factum
1134 2331 1238 2387 est,
1261 2326 1353 2394 qui
1380 2325 1687 2394 antiquiore
1706 2328 1995 2385 admodum

436 2414 680 2476 tempore
709 2411 777 2464 ab
809 2410 902 2464 illo
938 2412 1102 2478 dicta,
1143 2419 1411 2483 posterius
1450 2417 1804 2484 aﬂirmarnnt,
1834 2422 1995 2490 paulo

436 2495 692 2552 nimirum
721 2508 847 2554 ante
879 2501 1117 2570 ipsarum
1144 2518 1326 2558 rerum
1355 2516 1628 2569 eventum,
1661 2516 1727 2560 ut
1755 2508 1913 2563 simul
1939 2518 1995 2564 et

436 2588 504 2643 de
531 2590 804 2658 praedictis
828 2592 1303 2649 admonelacerent
1327 2611 1538 2661 omnes,
1564 2607 1618 2652 et
1651 2598 1762 2669 69
1797 2615 1858 2654 ea
1880 2599 1991 2668 jam

432 2681 490 2734 in
517 2682 760 2749 proximo
807 2699 928 2739 esse
977 2696 1309 2751 asserentes,
1358 2690 1729 2744 vaticiniorum
1771 2693 1995 2747 demon-

432 2778 670 2826 strarent
712 2774 1008 2828 veritatem.
1044 2775 1285 2846 Cumque
1315 2778 1460 2832 varia
1487 2789 1692 2843 essent.
1723 2783 1994 2851 variisque

433 2864 797 2934 mutingentia
826 2868 1179 2935 temporibus,
1209 2883 1329 2937 quae
1359 2884 1389 2923 a
1418 2870 1573 2925 beato
1597 2871 1835 2927 diximus
1862 2889 1996 2943 pra:-

432 2949 575 3004 dicta
605 2950 821 3016 Davide,
862 2958 1170 3011 necessario
1201 2973 1636 3030 unumquemque
1677 2963 1992 3031 prepbetam

431 3043 746 3112 plerumque
768 3060 829 3099 ea
865 3045 1044 3101 dicere
1084 3057 1324 3118 apparet,
1365 3064 1595 3120 quorum
1643 3053 1745 3108 sibi
1785 3054 1996 3123 propin-

430 3136 590 3206 quier
615 3137 1084 3194 demonstrabatur
1112 3141 1304 3195 exitus.
1336 3139 1742 3197 Cunnectebant
1788 3154 1991 3209 autem,

431 3241 794 3285 consentanea
835 3230 1068 3300 quadam
1116 3233 1192 3285 rei
1234 3234 1374 3288 serie
1399 3234 1466 3288 ad
1503 3233 1555 3287 id
1582 3234 1819 3298 deducti,
1857 3252 1992 3292 non-

430 3319 580 3375 nulla
604 3320 764 3374 etiam
796 3320 1046 3390 posthinc
1075 3320 1277 3389 futura,
1305 3323 1399 3379 sed
1430 3325 1543 3378 hazc
1585 3325 1701 3395 ipsa
1758 3341 1788 3379 a
1833 3327 1993 3381 beato

429 3410 632 3466 Davide
673 3410 836 3466 dicta.
867 3411 1063 3469 Beatus
1093 3414 1275 3483 itaque
1302 3415 1470 3472 Oseas
1502 3432 1622 3486 qua:
1651 3417 1718 3471 ab
1753 3418 1993 3489 Assyriis

429 3518 495 3558 ac
521 3504 828 3574 Babyloniis
843 3513 1098 3560 eventura
1127 3508 1396 3576 posterius
1418 3509 1615 3578 pepulo
1631 3520 1805 3573 erant,
1829 3510 1989 3577 dicit;

428 3597 720 3653 emendare
766 3596 911 3653 hunc
929 3599 1212 3652 connitens
1250 3613 1430 3653 rerum
1456 3600 1668 3652 illarum
1692 3601 1981 3654 mentione.

426 3690 542 3745 Joel
586 3706 716 3746 vero
761 3690 978 3746 easdem
1009 3691 1125 3761 ipse
1166 3705 1381 3761 quoque
1428 3706 1518 3748 res
1571 3703 1987 3759 commemorat;

425 3786 625 3853 quippe
648 3798 743 3852 per
771 3783 910 3839 idem
937 3793 1150 3853 tempus
1178 3784 1364 3840 vivens
1386 3798 1494 3855 quo
1522 3781 1712 3847 Oseas,
1741 3791 1902 3853 atque
1934 3785 1989 3839 in

427 3875 614 3929 eodem
648 3888 964 3945 argumento
996 3878 1199 3932 versari
1240 3878 1469 3948 spiritali
1504 3878 1829 3932 revelatione
1867 3893 1990 3948 per-

426 3971 628 4019 motus.
656 3964 816 4019 Addit
842 3968 1003 4021 eliam
1030 3982 1149 4036 qua:
1175 3976 1296 4037 post
1322 3967 1552 4022 reditum
1579 3966 1850 4038 Babylone
1878 3979 1990 4023 sta-

426 4056 524 4111 tim
540 4053 739 4110 Judaais
753 4057 1120 4125 contigerunt,
1140 4071 1261 4109 eum
1280 4073 1413 4127 gens
1429 4055 1681 4127 Scythica
1703 4059 1783 4111 eis
1806 4074 1992 4127 super-

426 4144 592 4209 venit,
620 4144 777 4213 cujus
805 4144 913 4199 dux
956 4143 1068 4214 Gog
1113 4152 1251 4209 erat,
1294 4160 1592 4213 omnesque
1627 4146 1869 4201 funditus
1893 4163 1986 4202 ex-

2100 1605 2193 1659 τοῦ
2227 1607 2502 1676 προφήτου
2548 1607 2644 1676 τῆς
2671 1604 2965 1675 σαφηνείας
2994 1601 3337 1673 ἀπάρξασθαι
3385 1601 3477 1655 νῦν
3497 1619 3511 1632 ·
3545 1602 3658 1655 ἔστι

2099 1696 2156 1749 δὲ
2184 1696 2438 1759 ὑπόθεσις
2476 1697 2639 1749 αὑτοῦ
2683 1695 2790 1748 τῶν
2816 1695 3011 1763 λόγων,
3040 1694 3233 1757 κοινῶς
3265 1694 3459 1758 εἰπεῖν,
3490 1693 3524 1763 ἡ
3568 1693 3657 1745 καὶ

2099 1787 2315 1841 πάντων
2360 1787 2467 1839 τῶν
2501 1787 2816 1858 προφητῶν,
2849 1786 2917 1840 τὰ
2960 1785 3085 1855 περὶ
3126 1784 3216 1837 τὸν
3249 1783 3375 1836 λαὸν
3422 1783 3656 1853 ἐσόμενα

2102 1877 2323 1948 μηνύειν
2346 1877 2774 1940 ἐσπουδακότων,
2798 1877 2938 1930 κατά
2958 1874 3054 1944 τὴν
3085 1874 3447 1944 ἐγγενομένην
3476 1871 3657 1936 αὐτοῖς

2097 1968 2225 2038 περὶ
2252 1967 2408 2020 τοῦτο
2426 1966 2517 2020 τοῦ
2539 1966 2693 2035 άγίου
2720 1965 3029 2036 Πνεύματος
3056 1965 3214 2035 χάριν
3241 1981 3254 1993 ·
3289 1957 3364 2018 ὧν
3385 1964 3526 2036 ἁρχὴ
3558 1962 3657 2034 μιν

2095 2060 2304 2127 γέγονε,
2337 2057 2477 2111 καΘά
2516 2058 2897 2128 καὶπρότερον
2940 2056 3095 2128 ἐφην,
3124 2058 3153 2109 ὁ
3188 2056 3456 2127 μακάριος
3491 2055 3656 2109 Δαυῒδ

2094 2151 2261 2204 πάλαι
2304 2150 2398 2204 καὶ
2426 2149 2697 2220 πρόπαλαι
2725 2150 2818 2202 καὶ
2850 2149 2982 2202 πολὺ
3031 2148 3165 2218 πρὸς
3214 2150 3313 2218 τῆς
3360 2147 3467 2200 τῶν
3507 2166 3651 2218 πρα⁶

2095 2242 2316 2311 γμάτων
2348 2240 2624 2302 ἐκϐάσεως
2667 2239 2879 2292 ἅπαντα
2905 2238 2976 2292 τά
3005 2240 3131 2310 περὶ
3154 2239 3244 2291 τὸν
3272 2238 3393 2291 λαὸν
3423 2238 3655 2308 ἐσόμενα

2094 2333 2233 2385 κατά
2258 2332 2547 2403 διαφόρους
2575 2332 2800 2401 καιροὺς
2822 2330 3083 2403 είρηκώς”
3113 2331 3177 2383 τὸ
3216 2330 3345 2383 αὐτὸ
3385 2331 3477 2385 καὶ
3502 2330 3655 2400 παρά

2092 2422 2200 2475 τῶν
2224 2422 2423 2475 λοιπῶν
2471 2421 2681 2489 ἐγίνετο
2720 2420 3015 2492 προφητῶν
3050 2420 3121 2473 τὰ
3150 2423 3277 2492 παρ’
3313 2421 3520 2474 ἐκείνου
3551 2420 3655 2490 πρὸ

2094 2513 2302 2567 πολλῶν
2337 2512 2568 2583 ῥηθέντα
2599 2512 2706 2566 τῶν
2734 2513 2939 2582 χρόνων
2976 2512 3198 2583 ὕστερον
3243 2511 3529 2579 λεγόντων,
3564 2512 3655 2565 καὶ

2091 2605 2226 2675 πρὸς
2253 2606 2390 2674 αὐτῇ
2439 2619 2503 2672 γε
2534 2606 2599 2675 τῇ
2632 2603 2739 2655 τῶν
2770 2602 3107 2675 πραγμάτων
3145 2602 3365 2656 ἐκϐάσει
3417 2602 3615 2672 μικροῦ
3635 2616 3650 2629 ·

2090 2695 2166 2759 ὡς
2199 2698 2265 2750 ἂν
2300 2694 2435 2765 ὁμοῦ
2483 2713 2540 2748 τε
2578 2695 2687 2749 τῶν
2732 2695 3144 2767 προειρημένων
3189 2696 3653 2765 ὑπομιμνήσκοιεν

2095 2788 2359 2851 ἅπαντας,
2412 2786 2505 2840 καὶ⁵
2551 2786 2614 2857 δὴ
2663 2786 2887 2856 πλησίον
2945 2788 3175 2857 ἐσόμενα
3204 2786 3487 2855 λέγοντες,
3543 2785 3653 2837 τῶν

2097 2878 2509 2950 προειρημένων
2548 2879 2799 2948 μηνύοιεν
2831 2877 2928 2948 τὴν
2974 2878 3230 2948 ἀλήθειαν
3253 2895 3266 2908 ·
3294 2877 3567 2948 διαφόρων
3597 2876 3654 2930 δέ

2094 2969 2283 3031 ὄντων,
2308 2970 2403 3022 καὶ
2429 2969 2570 3020 κατά
2594 2962 2882 3037 διαῷόρους
2912 2983 2973 3019 συ
2982 2966 3231 3036 μὸάντων
3253 2965 3477 3035 καιροὺς
3510 2964 3653 3019 ἐκεί-

2093 3078 2219 3125 νων,
2241 3060 2276 3115 ἃ.
2300 3059 2375 3131 τῷ
2406 3060 2662 3132 μακαρίῳ
2690 3057 2922 3130 πρόσθεν
2956 3057 3161 3127 ἔφαμεν
3189 3056 3437 3128 εἰρῆσθαι
3465 3056 3650 3116 Δαυῖδ.

2091 3152 2405 3219 ἀναγκαίως
2461 3150 2569 3203 τῶν
2627 3149 2921 3222 προφητῶν
2972 3150 3198 3214 ἕκαστος
3255 3149 3394 3202 κατὰ
3441 3148 3542 3217 μὲν
3593 3148 3653 3200 τὸ

2092 3244 2338 3298 πλεῖστον
2382 3245 2561 3298 ἐκεῖνα
2614 3242 2858 3312 φαίνεται
2909 3240 3102 3309 λέγων,
3153 3234 3228 3293 ὧν
3282 3239 3508 3308 ἐγγύθεν
3566 3238 3650 3290 ἐπ’

2090 3334 2263 3396 αὐτῶν
2311 3335 2345 3405 ἡ
2390 3333 2610 3396 ἔκϐασις
2659 3331 2909 3403 ἐδηλοῦτο
2977 3332 3311 3401 πραγμάτων
3364 3330 3454 3400 (p.
3503 3329 3649 3397 lOl)‘

2093 3423 2359 3493 συνῆπτον
2399 3422 2454 3475 δὲ
2484 3423 2548 3476 ἐκ
2580 3439 2721 3483 τινος
2747 3419 3067 3483 ἀκολουθίας
3104 3420 3195 3472 ἐπὶ
3228 3418 3383 3471 τοῦτο
3415 3417 3654 3487 προαγό-

2093 3531 2261 3585 μενοι,
2299 3513 2391 3567 καί
2420 3531 2540 3568 τινα
2577 3511 2681 3565 τῶν
2714 3512 2852 3582 μετά
2881 3510 3036 3568 τοῦτο
3063 3508 3360 3579 ἐσομένων,
3385 3507 3653 3577 εἰρημένα

2088 3603 2327 3674 δηλονότι
2358 3604 2451 3657 καί
2489 3602 2558 3654 τὰ
2591 3602 2729 3655 αὐτὰ
2775 3600 2851 3671 τῷ
2883 3598 3134 3670 μακαρίῳ
3162 3598 3322 3651 Δαυῖδ
3346 3614 3361 3629 ο
3390 3598 3417 3649 ό
3450 3599 3500 3665 γ’
3542 3593 3637 3650 οὖν

2092 3693 2358 3765 μακάριος
2398 3693 2552 3763 Ὠσηὲ
2580 3691 2649 3744 τὰ
2675 3692 2824 3762 παρά
2857 3707 2917 3743 τε
2950 3689 3056 3745 τῶν
3091 3688 3386 3757 ’Δσσυρίων
3418 3688 3515 3741 καὶ
3550 3688 3655 3740 Βα-

2089 3784 2361 3837 ϐυλωνίων
2387 3782 2609 3854 ὕστερον
2644 3801 2709 3835 πε
2720 3784 2771 3853 ρὶ
2797 3782 2888 3835 τὸν
2914 3781 3039 3835 λαὸν
3063 3781 3295 3851 ἐσόμενα
3332 3780 3500 3847 λέγει,
3548 3797 3652 3832 σωο

2090 3874 2361 3946 φρονίζειν
2391 3876 2584 3937 αὐτοὺς
2632 3878 2696 3945 τῇ
2734 3875 2926 3945 μνήμῃ
2974 3872 3311 3944 πειρώμενος
3337 3873 3560 3924 ἐκείνων
3581 3889 3592 3902 ·
3623 3871 3652 3921 ὁ

2086 3965 2142 4018 δὲ
2175 3964 2326 4037 Ἰωὴλ
2361 3966 2631 4035 μέμνηται
2668 3964 2765 4034 μὲν
2813 3964 2907 4017 καὶ
2951 3962 3111 4025 αὐτὸς
3151 3962 3259 4015 τῶν
3301 3961 3479 4018 αὐτῶν
3504 4000 3522 4027 ,
3553 3962 3648 4016 ἅτε
3671 3981 3691 4020 ι

2087 4056 2179 4112 καὶ
2207 4056 2347 4110 κατά
2381 4057 2473 4110 τὸν
2507 4054 2669 4110 αὑτὸν
2704 4054 2893 4126 καιρὸν
2936 4055 3013 4124 τῷ
3053 4054 3208 4124 Ὠσηὲ
3250 4051 3521 4122 γεγονὼς,
3559 4042 3691 4108 καὶῖ

2089 4149 2217 4220 περὶ
2258 4147 2367 4201 τῶν
2411 4146 2589 4199 αὐτῶν
2635 4146 2807 4199 εἰπεῖν
2857 4146 2998 4199 κατά
3038 4146 3134 4216 τὴν
3179 4143 3519 4213 ἀποκάλυψιν
3550 4144 3650 4214 τὴν
3689 4144 3697 4191 ἐ

425 4238 700 4307 elinguere
732 4234 961 4293 volebat.
978 4237 1318 4307 Caeteroquin
1348 4236 1540 4303 Judmi,
1566 4236 1675 4293 Deo
1704 4241 1982 4309 suppetias

2094 4238 2463 4310 πνευματικὴν
2497 4237 2961 4310 ἐπιτετραμμένος
2984 4254 2998 4268 ·
3030 4236 3352 4309 προστίθησι
3377 4237 3433 4290 δέ
3462 4234 3560 4289 καὶ
3584 4237 3652 4288 τὰ
3676 4222 3694 4291 ἕ

425 4326 655 4395 ferente,
705 4329 936 4385 victores
959 4330 1311 4385 exstiterunt:
1341 4344 1445 4399 qua
1474 4329 1540 4385 de
1564 4345 1621 4385 re
1646 4330 1835 4386 beatus
1857 4347 1985 4402 quo-

423 4435 532 4488 que
561 4420 729 4476 David
758 4421 813 4475 in
846 4421 1076 4476 Psalmis
1106 4422 1269 4476 verba
1296 4421 1437 4476 fecit.

2093 4330 2231 4402 μετά
2253 4328 2350 4400 τὴν
2380 4330 2486 4382 ἀπὸ
2516 4328 2828 4390 Βαϐυλῶνος
2865 4326 3120 4380 ἐπάνοδον
3146 4326 3307 4389 εὐθὺς
3346 4326 3528 4388 αὐτοῖς
3557 4314 3689 4393 γενέ

2092 4422 2285 4491 γονότα
2304 4438 2319 4453 ο
2362 4420 2597 4491 ὁπηνίκα
2627 4418 2888 4473 Σκυθικὸν
2919 4417 3016 4488 μὲν
3058 4417 3208 4480 ἔθνος
3238 4417 3419 4479 αὐτοῖς
3446 4416 3620 4488 ἐπελη
3638 4445 3650 4456 ν

424 4511 598 4577 λυθεν,
624 4506 791 4583 οὗπερ
817 4510 907 4567 οὖν
939 4514 989 4566 οἱ
1023 4515 1148 4585 περὶ
1177 4515 1265 4567 τὸν
1296 4514 1415 4582 Γὼγ
1438 4511 1683 4585 ἐξῆρχον,
1715 4513 1881 4585 ἄρδην
1909 4516 2151 4578 ἅπαντας
2184 4516 2445 4569 ἀπολέσαι
2475 4514 2818 4582 βουλόμενον·
2854 4510 3111 4582 ὤφθησαν
3136 4498 3279 4563 δέὀὶ
3311 4509 3551 4564 Ἰουδαῖοι
3583 4513 3650 4583 τῇ

422 4606 544 4677 θεία
573 4607 852 4678 συμμαχίᾳ
881 4609 1156 4678 κρείττους
1178 4608 1398 4662 ἐκείνων
1421 4625 1434 4638 ·
1464 4609 1671 4679 εἴρηται
1695 4609 1751 4662 δὲ
1784 4611 1878 4663 καὶ
1910 4612 2036 4681 περὶ
2067 4610 2271 4664 τούτων
2304 4610 2379 4679 τῷ
2416 4609 2665 4679 μακαρίῳ
2686 4606 2845 4661 Asti/£6
2881 4609 2937 4660 ἐν
2966 4606 3229 4675 Ψαλμοῖς.

1088 4725 1238 4779 CAP.
1279 4726 1319 4781 l.

492 4833 660 4890 Vens.
700 4834 819 4889 1-5.
848 4865 914 4874 -
943 4853 960 4886 ς
992 4833 1223 4889 Verbum
1251 4835 1482 4899 Domini,
1510 4837 1654 4908 quod
1681 4837 1878 4892 factum
1903 4845 1987 4893 est

326 4922 329 4925 ’
421 4922 489 4979 ad
511 4922 713 4979 Joelem
748 4923 1227 4978 Bathuelislilium.
1257 4943 1275 4975 ι
1314 4924 1410 4979 Hic
1442 4916 1851 4995 paritertitulus
1867 4929 1986 4997 qui-

422 5015 546 5069 dam
580 5025 685 5081 est,
734 5030 888 5087 aeque
922 5030 986 5070 ac
1018 5015 1158 5084 apud
1190 5015 1408 5077 Oscam,
1441 5018 1826 5073 demonstrans
1862 5035 1988 5088 pro-

2726 4725 2877 4776 ΚΕΦ.
2919 4725 2996 4775 Α’.

2159 4838 2303 4909 Στίχ.
2349 4837 2492 4906 α’-γ’.
2521 4864 2589 4877 --
2621 4852 2639 4885 ι
2682 4834 2853 4902 Λόγος
2882 4834 3118 4905 Κυρίου,
3149 4833 3207 4897 ὃς
3250 4832 3481 4903 ἐγενήθη
3513 4832 3651 4903 πρὸς

2098 4932 2252 5003 Ἰωὴλ
2290 4931 2380 4984 τὸν
2404 4930 2496 4983 τοῦ
2534 4926 2795 4997 Βαθουήλ.
2857 4946 2875 4978 ι
2932 4926 3228 4996 Προγραφή
3262 4924 3345 4986 τίς
3383 4925 3499 4977 ἐστι
3553 4925 3652 4978 καὶ

2088 5025 2225 5094 αὕτη
2260 5019 2650 5092 παραπλησίως
2678 5019 2754 5089 τῷ
2787 5017 2964 5089 Ὠσηὲ,
2995 5017 3227 5086 δηλοῦσα
3260 5016 3342 5069 ὃτι
3364 5014 3423 5079 ἐξ
3446 5015 3653 5068 ἀποκα-

422 5107 639 5178 phetam
686 5124 749 5163 ex
796 5108 1124 5163 revelatione
1164 5107 1264 5179 ipsi
1306 5109 1486 5162 oblata
1520 5108 1782 5165 divinitus
1832 5126 1984 5164 com-

2094 5111 2297 5182 λύψεώς
2334 5126 2474 5172 τινος
2507 5109 2854 5178 ἐγγεγονυίας
2880 5107 3028 5177 αὐτῷ
3051 5147 3067 5171 ,
3099 5105 3303 5159 θειόθεν
3334 5105 3653 5175 κινούμενος

423 5207 651 5264 motum,
686 5214 805 5267 qua:
834 5209 1135 5268 sequuntur
1161 5199 1342 5254 dicere
1374 5198 1440 5252 ad
1476 5201 1653 5269 populi
1695 5201 1982 5256 utilitatem

425 5288 649 5342 directa.
688 5307 707 5339 ι
731 5289 927 5344 Audite
955 5291 1077 5354 hoc,
1114 5305 1293 5353 senes,
1330 5300 1383 5345 et
1427 5292 1651 5347 auribus
1698 5293 1982 5363 percipite,

424 5393 613 5433 omnes
639 5378 968 5433 habitatores
996 5390 1172 5443 terrm,
1209 5382 1253 5435 si
1299 5381 1440 5436 facta
1476 5392 1602 5434 sunt
1628 5383 1755 5435 talia
1782 5383 1835 5437 in
1871 5386 1977 5437 ἀίει

424 5469 526 5525 bus
557 5471 773 5525 vestris.
813 5489 831 5520 ι
855 5469 1019 5533 Quasi
1064 5472 1130 5526 ad
1170 5472 1314 5527 dicta
1370 5472 1635 5526 audienda
1681 5474 1980 5541 segniores,

422 5564 663 5617 excitare
709 5562 1075 5632 praedictionis
1109 5573 1315 5619 terrore
1340 5571 1783 5635 conatur;quare
1807 5575 1859 5620 et
1890 5567 1984 5620 ini—

425 5657 561 5712 tium
595 5659 878 5713 verborum
919 5674 1140 5713 suorum
1180 5661 1323 5729 capit
1371 5674 1399 5711 a
1446 5662 1627 5715 minis.
1674 5659 1752 5711 Ad
1795 5673 1983 5711 omnes

426 5757 595 5815 certe,
630 5751 820 5819 inquit,
855 5760 1013 5808 terrae
1062 5752 1267 5807 incolas
1327 5753 1731 5824 praedicationis
1779 5766 1985 5809 senun-

2091 5204 2239 5273 λέγει
2265 5203 2333 5257 τὰ
2377 5203 2502 5273 ἑξῆς
2525 5240 2539 5264 ,
2584 5202 2664 5264 είς
2695 5200 2959 5268 ὠφέλειαν
2992 5198 3329 5251 συντείνοντα
3370 5198 3462 5252 τοῦ
3491 5196 3649 5251 λαοῦ.

2094 5314 2109 5350 ι
2164 5294 2455 5349 Ἀκούσατε
2491 5293 2656 5346 ταῦτα
2696 5292 2745 5344 οἱ
2790 5287 3278 5361 πρεσϐύτεροι,καὶ
3294 5284 3650 5347 ἐνωτίσασθε,

2092 5390 2286 5451 πάντες
2323 5388 2371 5440 οἱ
2406 5384 2783 5446 κατοικοῦντες
2827 5384 2924 5453 τὴν
2963 5381 3087 5451 γῆν,
3123 5383 3170 5433 εί
3201 5380 3394 5448 γέγονε
3425 5378 3654 5433 τοιαῦτα

2087 5481 2144 5535 ἐν
2169 5482 2284 5542 ταῖς
2314 5479 2548 5549 ἡμέραις
2568 5475 2739 5546 ὑμῶν.
2782 5493 2800 5526 ι
2846 5475 2932 5537 Ὠς
2953 5474 3018 5527 ἂν
3050 5472 3417 5545 ῥᾳθυμότερον
3449 5471 3654 5524 διακει-

2092 5569 2279 5640 μένους
2298 5567 2424 5637 περὶ
2447 5567 2514 5620 τά
2540 5565 2827 5634 λεγόμενα,
2842 5565 2917 5632 (p.
2955 5564 3074 5633 105)
3092 5563 3373 5632 διεγείρειν
3401 5560 3477 5630 τῷ
3498 5560 3653 5628 φόϐῳ

2086 5662 2193 5713 τῶν
2227 5660 2573 5731 μηνυομένων
2594 5658 2868 5727 πειρᾶται,
2899 5655 3038 5709 ὥστε
3069 5657 3161 5709 καὶ
3188 5655 3470 5726 προοίμιον
3497 5651 3653 5719 αὐτῷ

2088 5753 2196 5807 τῶν
2243 5753 2413 5823 λόγων
2456 5748 2591 5804 εἶναι
2633 5750 2728 5821 τὴν
2770 5749 3030 5821 ἀπειλήν⁹
3081 5748 3212 5818 πρὸς
3250 5746 3490 5807 ἅπαντας
3534 5741 3647 5811 δὴ,
