3976 6226
319 290 430 348 215

1350 294 1897 357 COMMENTARIUS
1927 298 1995 357 IN
2030 301 2256 359 JOELIS
2292 302 2442 359 CAP.
2479 302 2518 357 Ι.

3458 299 3565 356 214

320 409 460 479 φησὶ
485 448 503 470 ,
559 408 680 472 τοὺς
735 410 835 479 τὴν
893 408 1000 479 γῆν
1062 409 1346 474 οἰκοῦντας
1401 412 1499 482 τῆς
1554 414 1888 483 ἐπαγγελίας

1994 434 2111 473 nem
2159 419 2406 485 instituo,
2444 420 2495 472 in
2526 416 2714 489 primis
2743 430 2873 471 vero
2913 415 3020 486 7o
3058 412 3121 468 ad
3169 414 3435 484 seniores,
3467 416 3562 486 qui

320 501 582 571 ποιοῦμαι
616 501 703 554 τὸν
750 502 911 570 λόγον
932 520 946 534 ⁸
996 503 1093 557 καὶ
1136 503 1242 575 πρό
1285 521 1349 572 γε
1383 504 1491 558 τῶν
1532 505 1707 559 ἄλλων
1755 508 1890 579 πρὸς

320 596 456 657 τοῦς
483 596 541 645 ἐν
566 594 691 663 ὑμῖν
722 595 1151 667 πρεσϐυτέρους,
1182 596 1275 649 καί
1304 613 1357 649 τι
1390 596 1485 650 καὶ
1512 596 1671 652 πλέον
1695 599 1891 653 εἰδέναι

316 678 407 741 διὰ
445 685 536 738 τὸν
572 686 781 756 μακρὸν
813 685 1128 754 ὀφείλοντας
1169 687 1380 757 χρόνον,
1416 690 1464 741 εί
1498 688 1554 741 δέ
1589 706 1643 741 τι
1687 689 1893 744 τοιοῦτο

318 777 568 845 γεγονὸς,
601 779 635 848 ἦ
664 777 807 830 κατὰ
828 778 918 831 τὸν
947 777 1207 848 ὑμέτερον
1234 779 1491 851 καιρὸν,ἧ
1516 780 1654 833 κατὰ
1676 780 1766 833 τὸν
1784 780 1893 833 τῶν

320 868 604 940 ὑμετέρων
646 868 894 939 πατέρων
934 868 1224 922 ἐπίστασθε
1250 910 1264 934 ,
1308 873 1464 924 ὁποῖα
1503 870 1567 943 δὴ
1609 869 1703 925 νῦν
1750 872 1880 942 ὑμῖν

320 960 535 1012 ἐποίσει
563 958 716 1024 Θεὸς,
749 960 841 1012 ἐπὶ
884 958 1078 1030 μακρῷ
1112 959 1213 1030 μὲν
1240 960 1391 1031 ὑμῶν
1429 962 1792 1032 ἀνασχόμενος
1816 962 1894 1031 τῷ

319 1051 504 1120 χρόνῳ
531 1091 546 1113 ,
587 1051 913 1121 ἀνεχόμενος
945 1051 1000 1105 δὲ
1043 1052 1258 1123 μηκέτι,
1299 1053 1421 1106 ἐπεὶ
1457 1054 1624 1124 μηδὲν
1655 1055 1797 1124 ὑμᾶς
1832 1056 1895 1107 ἐκ

318 1142 427 1211 τῆς
456 1142 806 1208 ἀνεξικακίας
834 1143 1238 1214 ὠφελουμένους
1281 1145 1413 1217 ὁρᾷ,
1446 1145 1754 1199 τούναντίον
1795 1144 1895 1215 μὲν

322 1233 425 1290 οὖν
448 1238 542 1289 καὶ
566 1237 967 1307 προκόπτοντας
984 1238 1075 1291 ἐπὶ
1090 1237 1149 1290 τὸ
1169 1238 1365 1309 χεῖρον.
1390 1256 1408 1285 ι
1434 1238 1566 1309 Περὶ
1591 1238 1766 1291 αὐτῶν
1784 1239 1894 1298 τοῖς

322 1328 545 1389 τέκνοις
579 1327 730 1395 ὑμῶν
760 1326 1113 1397 διηγήσασθε,
1157 1328 1249 1380 καὶ
1294 1327 1363 1381 τὰ
1402 1327 1567 1381 τέκνα
1595 1326 1750 1397 ὑμῶν
1781 1328 1893 1390 τοῖς

320 1419 542 1482 τέκνοις
560 1417 758 1481 αὐτῶν,
774 1419 867 1472 καὶ
878 1418 945 1471 τὰ
965 1418 1127 1471 τέκνα
1139 1418 1315 1472 αὐτῶν
1337 1420 1416 1482 είς
1434 1419 1625 1488 γενεὰν
1645 1418 1855 1486 ἐτέραν.
1870 1436 1888 1469 ι

321 1509 550 1564 Τοιοῦτο
580 1510 690 1580 γὰρ
721 1509 784 1579 δὴ
816 1507 924 1561 τῶν
962 1508 1056 1561 νῦν
1082 1509 1522 1579 ἐπελευσομένων
1550 1510 1676 1578 ύμῖν
1705 1509 1766 1561 τὸ
1797 1507 1891 1578 μέ-

319 1600 485 1667 γεθος
514 1602 724 1664 κακῶν,
759 1600 897 1653 ὥστε
924 1600 1033 1653 δεῖν
1060 1600 1205 1670 ὑμᾶς
1238 1600 1327 1653 διὰ
1357 1601 1466 1653 τῶν
1494 1600 1752 1671 διαδόχων
1784 1598 1890 1653 τῶν

1989 511 2140 580 plura
2181 512 2323 565 scire
2368 512 2438 565 ob
2481 524 2636 565 suam
2679 508 3075 579 longmvitatem
3121 506 3348 569 debent,
3392 506 3560 577 rogo,

1990 601 2234 671 inquam,
2266 616 2334 654 an
2362 616 2459 669 par
2488 600 2696 670 aliquid
2734 600 2818 653 vel
2844 605 3001 653 aetate
3028 605 3204 652 vestra
3236 596 3315 651 vel
3348 607 3563 666 patrum

1989 703 2293 746 vestrorum
2325 691 2616 761 contigisse
2642 690 2854 756 sciatis,
2883 689 3041 759 quale
3067 704 3213 742 nunc
3236 688 3393 741 vobis
3416 686 3559 743 Deus

1992 782 2235 837 facturus
2250 793 2353 842 est,
2376 784 2470 853 qui
2488 783 2649 852 longo
2672 783 2887 851 quidem
2909 789 3152 850 tempore
3169 794 3265 835 vos
3277 779 3561 845 sustinuit,

1991 874 2084 927 sed
2111 873 2223 942 jam
2255 875 2460 927 diutius
2492 889 2598 927 non
2632 872 2905 936 tolerabit,
2947 874 3075 943 quia
3102 872 3272 925 nihilo
3312 886 3413 925 vos
3446 885 3556 925 me-

1988 961 2153 1018 liores
2174 964 2243 1018 ob
2272 964 2586 1035 patientiam
2615 980 2770 1020 suam
2795 963 3015 1019 eﬁ'ectos
3037 961 3202 1023 videt,
3226 962 3334 1015 imo
3364 968 3557 1015 contra

1986 1053 2040 1106 in
2063 1053 2304 1108 deterius
2335 1055 2497 1109 etiam
2533 1065 2752 1110 ruentes
2780 1096 2793 1109 .
2836 1074 2854 1105 ι
2882 1052 3060 1123 Super
3086 1053 3189 1107 hoc
3215 1051 3341 1105 ﬁliis
3360 1052 3563 1107 vestris

1988 1152 2230 1208 narrate,
2248 1153 2302 1198 et
2325 1145 2417 1199 ﬁlii
2439 1147 2607 1201 vestri
2632 1146 2756 1201 ﬁliis
2782 1147 2917 1209 suis,
2935 1144 3098 1199 etﬁlii
3122 1158 3310 1198 eorum
3338 1155 3565 1210 genera-

1989 1236 2118 1288 tioni
2159 1236 2336 1290 alteri.
2366 1256 2385 1289 ι
2433 1237 2607 1291 Tanta
2650 1238 2795 1292 enim
2852 1247 2937 1292 est
2980 1243 3363 1291 eventurorum
3414 1248 3564 1288 nunc

1989 1327 2147 1382 vobis
2181 1330 2445 1383 malorum
2476 1330 2816 1400 magnitudo,
2848 1336 2910 1381 ut
2929 1342 3026 1381 vos
3047 1333 3297 1395 oporteat
3319 1340 3415 1396 per
3437 1339 3564 1379 suc-

1991 1432 2241 1474 cessores
2268 1431 2479 1476 vestros
2511 1422 2577 1476 ad
2610 1430 2857 1491 posteros
2884 1418 3131 1473 notitiam
3163 1418 3551 1481 transmittere,

1995 1523 2103 1578 quo
2130 1526 2308 1564 rerum
2334 1523 2606 1577 gestarum
2633 1513 2851 1566 novitas
2881 1510 3004 1564 illos
3019 1523 3236 1579 quoque
3264 1507 3566 1562 modestio-

1995 1615 2083 1654 res
2114 1602 2287 1670 possit
2313 1602 2541 1659 eﬁicere.

319 1696 542 1749 οἰκείων
574 1695 655 1758 είς
680 1696 805 1758 τοὺς
860 1695 1149 1764 μετέπειτα
1200 1694 1563 1768 παραπέμψαι
1600 1695 1696 1767 τὴν
1723 1694 1941 1764 γνῶσιν,
1983 1693 2047 1747 ἵν’
2071 1698 2104 1767 ἡ
2131 1697 2237 1751 τῶν
2286 1699 2624 1770 πραγμάτων
2656 1697 2908 1768 καινότης
2942 1701 3009 1769 τῇ
3039 1697 3176 1768 ἀκοῇ
3214 1694 3564 1766 σωφρονίζειν

316 1787 539 1840 δύναιτο
570 1786 871 1850 κάκείνους.

390 1876 542 1948 Στίχ.
577 1877 715 1931 δ’-ε’.
757 1905 817 1919 -
855 1894 872 1927 ι
913 1876 993 1930 Τὰ
1026 1875 1324 1929 κατάλοιπα
1365 1876 1464 1945 τῆς
1500 1876 1725 1946 κάμπης
1765 1890 1893 1926 κατ-

2067 1870 2233 1928 Vens.
2276 1874 2394 1928 4-5.
2426 1906 2496 1915 -
2538 1893 2556 1925 ι
2579 1872 2813 1929 Residua
2844 1891 3023 1931 eruca:
3049 1876 3284 1932 comedit
3321 1876 3562 1941 locusta,

317 1969 534 2036 έφαγεν
556 1970 589 2039 ἠ
630 1969 793 2039 ἀκρίς
810 1984 827 2000 ο
859 1969 953 2021 καὶ
978 1968 1046 2021 τὰ
1071 1968 1371 2021 κατάλοιπα
1392 1968 1490 2037 τῆς
1516 1967 1734 2037 ἀκρίδος
1765 1982 1895 2018 κατ-

317 2059 600 2129 έφαγενεὸ
633 2060 857 2131 βροῦχος
878 2075 894 2090 ⁸
956 2060 1145 2114 καὶτὰ
1188 2060 1490 2114 κατάλοιπα
1536 2058 1631 2114 τοῦ
1666 2058 1891 2129 βρούχου

318 2154 640 2219 κατέφαγεν
671 2154 704 2221 ἡ
739 2151 989 2222 ἐρυσίϐη.
1022 2170 1041 2203 ι
1076 2150 1362 2222 Τροπικῶς
1392 2148 1639 2220 βούλεται
1673 2149 1740 2202 τὰ
1790 2150 1889 2201 ἐπ-

319 2241 622 2312 εληλυθότα
654 2243 837 2304 αὐτοῖς
870 2243 1042 2295 εἰπεῖν
1065 2241 1211 2295 κακά
1230 2257 1244 2272 ο
1269 2242 1363 2295 καὶ⁸
1388 2240 1463 2303 ὡς
1498 2240 1584 2293 ἀεὶ
1616 2242 1728 2303 τοῖς
1758 2239 1895 2310 μετὰ

320 2334 497 2387 ταῦτα
539 2334 611 2386 τὰ
660 2333 898 2403 πρότερα
948 2332 1281 2386 ἐπετείνετο·
1338 2329 1561 2402 ἐλήλυθε
1606 2330 1702 2401 μὲν
1750 2328 1890 2400 γὰρ,

321 2426 459 2494 φησὶ
485 2465 501 2487 ,
540 2422 900 2493 Θεγλαφασὰρ
938 2422 966 2474 ὁ
999 2422 1105 2475 τῶν
1160 2421 1459 2492 Ἀσσυρίων
1509 2419 1789 2490 βασιλεὺς,
1834 2418 1893 2483 ὃς

320 2518 481 2587 δίκην
548 2516 779 2586 κάμπης
831 2516 930 2569 ούκ
975 2515 1129 2584 ὀλίγα
1178 2514 1318 2585 μέρη
1357 2513 1464 2566 τῶν
1511 2512 1891 2584 προσηκόντων

321 2607 453 2678 ὑμῖν
506 2606 781 2678 ἐδῄωσενθ
818 2606 893 2675 (p.
940 2606 1076 2676 406)
1124 2606 1240 2676 μετ’
1289 2607 1493 2661 ἐκεῖνον
1533 2604 1891 2674 Σαλμανασὰρ

322 2699 516 2769 ὥσπερ
542 2699 705 2770 ἀκρίς
735 2715 817 2760 τις
842 2697 1003 2751 πλέον
1035 2699 1186 2750 ἐπινε
1196 2697 1386 2768 μηθεὶς
1418 2696 1485 2749 τὰ
1510 2695 1776 2766 ὑμέτερα·
1803 2696 1890 2748 ἐπ’

322 2787 555 2848 ἐκείνοις
580 2786 953 2858 Σενναχηρεὶμ
977 2785 1204 2856 βρούχου
1228 2786 1382 2855 δίκην
1404 2786 1579 2839 κοινὸν
1592 2784 1889 2854 ἀφανισμὸν

323 2879 549 2946 ἐπάγων
568 2880 692 2940 ταῖς
712 2877 843 2930 δέκα
862 2876 1054 2945 φυλαῖς
1082 2878 1298 2948 Ἰσραήλ
1316 2893 1332 2909 ο
1354 2874 1681 2947 ἐπελήλυθεν
1701 2875 1889 2943 ὥσπερ

1993 1972 2048 2019 et
2096 1964 2310 2018 residua
2363 1966 2586 2020 locustae
2633 1967 2867 2021 comedit
2914 1967 3190 2034 bruchus,
3245 1976 3299 2023 et
3346 1968 3564 2023 residua

1993 2055 2187 2109 bruchi
2240 2056 2479 2111 comedit
2534 2057 2751 2127 rubigo.
2774 2077 2791 2109 ι
2826 2056 3082 2128 Figurate
3112 2059 3227 2112 vult
3263 2073 3563 2128 superven-

1992 2155 2113 2201 tura
2143 2147 2276 2217 ipsis
2304 2146 2485 2203 dicere
2510 2148 2674 2212 mala,
2704 2157 2757 2202 et
2787 2149 2932 2219 quod
2962 2165 3179 2219 semper
3219 2150 3403 2219 priora
3436 2163 3564 2219 pos-

1993 2239 2287 2295 terioribus
2318 2241 2678 2309 augebuntur.
2707 2239 2872 2295 Venit
2897 2241 3065 2303 enim,
3102 2242 3299 2311 inquit,
3332 2239 3566 2312 Thegla-

1994 2330 2193 2400 pbasar
2223 2329 2574 2399 Assyriorum
2601 2345 2719 2393 rex,
2749 2330 2843 2399 qui
2874 2345 3053 2383 eruca:
3084 2329 3255 2384 instar
3286 2345 3395 2383 nou
3425 2344 3565 2399 pau-

1991 2434 2083 2475 cas
2100 2435 2281 2475 rerum
2308 2429 2609 2474 vestrarum
2631 2428 2813 2489 partes
2845 2418 3238 2489 pessumdedit.
3257 2420 3387 2475 Post
3404 2421 3560 2475 illum

1993 2511 2360 2573 Salmanasar,
2388 2525 2486 2565 ceu
2513 2511 2760 2581 quaadam
2787 2511 2997 2565 locusta
3030 2511 3204 2582 magis
3248 2511 3428 2565 adhuc
3470 2527 3567 2567 ve-

1992 2612 2136 2658 stras
2178 2617 2308 2671 opes
2336 2602 2699 2672 depopulatus
2730 2610 2832 2657 est.
2861 2600 3066 2657 Deinde
3106 2602 3575 2659 Sennacherimus.

1989 2696 2141 2765 quasi
2167 2695 2409 2751 bruchus
2433 2694 2916 2766 generaleexitium
2939 2693 3126 2749 decem
3150 2695 3401 2751 tribubus
3424 2696 3565 2751 intu-

1990 2789 2069 2843 lit.
2115 2786 2430 2843 Postremus
2460 2787 2700 2840 omnium
2731 2793 2991 2855 tanquam
3026 2786 3222 2855 rubigo
3248 2787 3566 2855 supervenit

1987 2877 2320 2949 Babylonius
2365 2876 2910 2947 (Nabuchodonosor)
2959 2877 3051 2946 qui
3092 2874 3292 2930 Judatae
3340 2890 3565 2945 quoque

321 2985 406 3030 τις
432 2967 663 3039 ἑρυσίϐη
702 2967 836 3038 πρὸς
862 2969 974 3031 τοῖς
1018 2969 1225 3031 λοιποῖς
1262 2970 1290 3021 ό
1327 2966 1682 3033 Βαϐυλώνιος,
1710 2966 1769 3030 ὃς
1793 2967 1887 3021 καὶ

1994 2972 2181 3025 incolis
2219 2971 2414 3039 captis,
2453 2985 2798 3024 communem
2846 2968 2971 3023 fecit
3006 2968 3338 3038 captivitatis
3364 2976 3565 3022 terum-

321 3058 448 3116 τοὺς
469 3058 570 3127 τῆς
602 3057 860 3121 Ἰουδαίας
888 3057 1087 3123 λαϐὼν,
1111 3057 1285 3112 κοινὸν
1301 3058 1553 3112 ἁπάντων
1566 3059 1664 3129 τῆς
1686 3060 1887 3129 αἰχμα-

1994 3079 2132 3117 nam.
2165 3062 2335 3118 Porro
2360 3061 2489 3132 quid
2518 3063 2618 3117 sibi
2643 3063 2758 3117 vult
2781 3063 2968 3116 barum
2993 3076 3175 3115 rerum
3192 3061 3564 3116 denuntiatio?

316 3154 522 3217 λωσίας
596 3151 861 3223 πεποίηκε
909 3151 969 3205 τὸ
1012 3152 1210 3206 κακόν·
1258 3148 1375 3205 εἶτα
1398 3151 1450 3205 τί
1483 3152 1727 3223 βούλεται
1759 3151 1893 3204 τούθ

1995 3173 2015 3205 ι
2035 3152 2508 3224 Expergiscimini,
2539 3152 2697 3220 ebrii,
2726 3167 2791 3207 ex
2813 3150 2940 3205 vino
2980 3159 3188 3218 vestro,
3232 3162 3287 3207 et
3314 3151 3565 3222 plorato,

318 3260 428 3299 των
462 3242 499 3312 ἡ
538 3243 807 3313 μήνυσιςς
839 3258 859 3292 ι
905 3240 1225 3312 Ἐκνήψατε,
1247 3239 1296 3292 οἱ
1331 3236 1639 3309 μεθύοντες,
1664 3239 1723 3306 ἐξ
1747 3240 1888 3293 οίνου

319 3334 527 3399 αὐτῶν,
559 3334 657 3387 καὶ
696 3330 1000 3397 κλαύσατε,
1045 3332 1245 3395 πάντες
1279 3332 1330 3383 οί
1366 3332 1615 3397 πίνοντες
1649 3329 1789 3386 οἶνον
1815 3334 1895 3396 εἰς

324 3424 498 3495 μέθην
522 3440 537 3453 ο
586 3424 667 3476 ὅτι
703 3423 924 3493 ἐξῆρται
966 3422 1031 3474 ἐκ
1076 3421 1344 3491 στόματος
1383 3422 1538 3493 ὑμῶν
1586 3422 1893 3494 εὐφροσύνη

316 3517 415 3569 καὶ
446 3513 615 3585 χαρά.
659 3532 677 3564 ι
722 3511 1015 3566 ’Λπόθεσθε
1048 3513 1111 3582 δὴ
1157 3512 1254 3583 τὴν
1285 3512 1475 3584 μέθην,
1508 3514 1597 3583 ὑφ’
1647 3509 1715 3585 ἦς
1758 3531 1893 3568 κατ-

320 3606 573 3677 εχόμενοι
602 3604 697 3657 νῦν
718 3603 805 3656 διὰ
827 3602 923 3673 τὴν
955 3602 1089 3673 πρὸς
1116 3603 1177 3655 τὸ
1210 3606 1387 3673 χεῖρον
1414 3604 1604 3675 ῥοπὴν,
1631 3604 1750 3658 οὐδὲ
1772 3622 1895 3659 συν-

318 3702 457 3770 ορᾷν
486 3697 699 3750 ἐθέλετε
735 3696 796 3748 τὸ
831 3696 948 3749 δέον
966 3713 981 3727 ·
1009 3695 1104 3747 καὶ
1132 3696 1432 3767 μετάστητε
1457 3697 1538 3760 είς
1559 3696 1767 3767 δάκρυα
1797 3698 1892 3751 καὶ

321 3790 577 3860 θρήνους,
600 3788 653 3840 εἴ
667 3805 783 3850 πως
807 3790 874 3858 τῇ
905 3786 1235 3857 μεταμελείᾳ
1260 3787 1358 3857 τὴν
1384 3786 1615 3840 παλαιὰν
1638 3788 1892 3859 ἀποσμή-

322 3877 445 3943 ξετε
504 3876 707 3946 μέθην·
752 3874 938 3945 ἐπειδὴ
985 3872 1094 3944 γὰρ
1127 3872 1308 3925 οὐκέτι
1353 3873 1562 3944 χαίρειν
1607 3875 1751 3944 ὑμᾶς
1800 3873 1894 3927 καὶ

322 3965 715 4038 εὐψραίνεσθαι
742 3963 813 4015 τὰ
843 3963 1228 4034 συμϐησόμενα
1257 3964 1349 4034 ἐᾷ,
1381 3964 1600 4034 ἄμεινον
1626 3966 1705 4027 είς
1737 3982 1895 4036 μετα-

331 4060 547 4128 μέλειαν
580 4056 658 4127 τῷ
685 4073 742 4108 τε
779 4055 960 4126 θρήνῳ
990 4055 1293 4126 χρήσασθαι
1325 4055 1418 4108 καὶ
1457 4058 1569 4118 τοῖς
1607 4056 1888 4128 δάκρυσιν,

325 4150 403 4213 ὡς
451 4149 520 4202 ἂν
575 4146 822 4201 ἐντεῦθεν
872 4146 1171 4216 κουφισμὸς
1217 4163 1300 4210 τις
1350 4147 1479 4216 ὑμῖν
1536 4146 1741 4216 γένοιτο
1786 4149 1895 4202 τῶν

331 4241 546 4295 κακῶν
582 4234 702 4293 εἶτα
728 4239 950 4309 μηνύων
986 4239 1126 4309 ὑπὲρ
1154 4240 1277 4291 ὅτου
1316 4238 1509 4299 ταῦτα.
1539 4238 1729 4309 φησίν·

304 4368 319 4377 -η
395 4353 547 4425 Στίχ,
597 4349 745 4417 (ς’-θ’.
780 4383 847 4391 -
898 4370 917 4403 ‹
956 4350 1075 4403 Ὅτι
1109 4349 1260 4413 ἔθνος
1304 4349 1472 4419 ἀνέϐη
1509 4350 1600 4402 ἐπὶ
1647 4351 1745 4419 τὴν
1790 4351 1897 4421 γῆν

334 4463 431 4515 μου
455 4443 675 4513 ἰσχυρὸν
696 4443 790 4495 καὶ
817 4442 1202 4513 ἁςιαρίθμητονο
1229 4442 1276 4493 οἱ
1300 4441 1511 4503 ὀδόντες
1531 4440 1717 4507 αὐτοῦ,
1749 4442 1897 4495 λέον·

1992 3261 2181 3301 omnes
2211 3245 2305 3315 qui
2335 3245 2521 3300 bibitis
2561 3244 2748 3297 vinum
2778 3243 2845 3297 ad
2869 3244 3213 3307 ebrietatem,
3243 3244 3373 3313 quia
3402 3244 3556 3297 abla-

1992 3344 2107 3390 tum
2138 3342 2220 3390 est
2248 3351 2314 3390 ex
2341 3350 2437 3390 ore
2460 3342 2647 3390 vestro
2688 3333 2945 3404 gaudium
2992 3342 3046 3389 et
3092 3334 3299 3389 laetitia.
3328 3352 3347 3386 ι
3374 3332 3569 3388 Pellite

1991 3428 2332 3490 ebrietatem,
2360 3442 2467 3496 qua
2499 3441 2645 3481 nunc
2671 3427 2948 3496 occupati,
2991 3434 3210 3495 propter
3232 3433 3467 3481 vestram
3495 3422 3565 3477 ad

1990 3518 2121 3572 vitia
2146 3518 2564 3587 proclivitatem,
2592 3516 2738 3587 quod
2766 3516 2913 3572 factu
2944 3533 3082 3587 opus
3109 3527 3193 3573 est
3219 3517 3362 3571 haud
3393 3517 3563 3572 vultis

1990 3610 2335 3678 conspicere:
2378 3617 2432 3662 et
2458 3608 2524 3661 ad
2556 3608 2824 3678 lacrymas
2867 3608 3248 3677 ploratumque
3291 3606 3563 3662 converti-

1990 3700 2145 3764 mini,
2179 3700 2224 3754 si
2258 3699 2397 3753 forte
2423 3699 2741 3768 poenitentia
2769 3699 3047 3768 antiquam
3070 3698 3380 3767 abstergere
3407 3706 3566 3767 pote-

1990 3789 2113 3844 ritis
2136 3789 2477 3843 ebrietatem.
2506 3786 2641 3840 Nam
2668 3787 2798 3857 quia
2828 3787 3064 3857 gaudere
3088 3801 3185 3842 vos
3213 3787 3445 3842 ulterius
3479 3793 3564 3840 at-

1990 3896 2097 3950 que
2120 3880 2286 3934 lauari
2313 3894 2422 3933 non
2449 3879 2637 3934 sinunt
2663 3893 2848 3942 casus,
2876 3880 3084 3933 melius
3112 3889 3195 3934 est
3232 3879 3574 3949 pmnitentes

1996 3977 2099 4047 71
2141 3974 2354 4045 ploratu
2392 3972 2759 4043 Iacrymisque
2791 3972 2891 4034 uti,
2926 3979 2984 4025 ut
3017 3972 3144 4025 hinc
3175 3972 3330 4027 vobis
3365 3972 3569 4026 levatio

1993 4069 2172 4137 aliqua
2201 4050 2468 4119 malorum
2497 4062 2796 4133 contingat.
2822 4062 3023 4119 Deinde
3040 4063 3354 4135 signiﬁcans
3372 4077 3566 4133 quam-

1993 4160 2179 4214 obrem
2214 4157 2350 4222 ham,
2384 4155 2554 4225 pergit
2581 4153 2764 4209 dicere
2792 4166 2817 4204 ε

2066 4351 2233 4406 Vens.
2268 4350 2381 4405 6~9.
2410 4381 2477 4390 —
2505 4368 2525 4400 ι
2552 4349 2698 4405 Gens
2726 4350 2868 4405 enim
2896 4348 3142 4404 ascendit
3169 4365 3331 4419 super
3361 4359 3565 4405 terram

1997 4458 2171 4498 meam
2210 4440 2367 4496 fortis
2394 4449 2448 4494 et
2477 4440 2925 4504 innumerabilis;
2949 4439 3139 4493 dentes
3171 4439 3314 4508 ejus,
3349 4440 3557 4505 leonis,

326 4554 430 4599 τος·
466 4535 565 4588 κει)⁵
590 4535 648 4588 αξ
672 4533 832 4603 μύλαι
861 4532 1026 4587 αὐτοῦ
1046 4573 1059 4595 ,
1090 4532 1162 4596 ὡς
1202 4532 1440 4602 σκύμνου
1488 4531 1672 4586 αὑτοῦ.
1703 4552 1721 4583 ι
1763 4533 1893 4586 Ἐπ-

1998 4542 2052 4591 ct
2077 4536 2312 4589 molares
2341 4532 2483 4601 ejus,
2529 4540 2588 4585 ut
2620 4531 2787 4585 catuli
2833 4530 3028 4585 leonis.
3071 4549 3089 4580 ι
3123 4530 3567 4600 Superveneruut

326 4625 617 4695 εληλύθασι
647 4623 755 4695 γὰρ
786 4627 852 4695 τῇ
895 4622 1049 4694 χώρᾳ⁴
1091 4626 1157 4693 τῇ
1192 4624 1298 4693 ἐμῇ
1334 4622 1580 4692 πολέμιοι
1620 4624 1802 4676 πολλοί
1835 4642 1895 4677 τε

327 4716 418 4767 κει)⁸
480 4715 699 4768 δυνατοὶ
725 4755 739 4773 ,
784 4713 833 4765 οἳ
882 4712 1113 4765 λεόντων
1150 4712 1303 4766 οὐδὲν
1347 4713 1724 4784 ἀφεστήκασι,
1786 4718 1900 4778 τοῖς

326 4807 500 4861 ὀδοῦσι
564 4806 656 4859 καὶ
700 4807 818 4868 ταῖς
853 4803 1042 4875 μύλαις
1073 4805 1189 4866 ταῖς
1230 4803 1448 4864 οἰκείαις
1493 4806 1900 4874 κατασφαττόν-

326 4915 430 4951 των
456 4915 519 4951 τε
548 4898 643 4949 καὶ
686 4894 1178 4948 καταναλισκόντων
1231 4893 1340 4946 τῶν
1374 4894 1585 4965 κτηνῶν
1632 4896 1697 4949 τὰ
1740 4897 1901 4967 ἐμπί-

330 5011 556 5058 πτοντα,
617 4994 673 5064 [p
757 4990 876 5061 107)
931 4991 1098 5053 οὕτως
1136 4988 1485 5059 ἁφανίξοντές
1534 5005 1593 5040 τε
1645 4990 1738 5041 καὶ
1789 5004 1897 5061 χει-

332 5088 580 5159 ρούμενοι
631 5087 745 5149 τοῖς
789 5084 992 5147 ὅπλοις.
1042 5102 1061 5135 ι
1098 5084 1290 5136 Ἔθετο
1334 5081 1430 5153 τὴν
1487 5080 1728 5151 ἄμπελόν
1792 5099 1893 5151 μου

327 5181 405 5241 εἰς
431 5177 758 5248 ἀφανισμὸν,
793 5176 887 5229 καὶ
912 5174 1010 5237 τὰς
1032 5176 1201 5238 συκᾶς
1232 5191 1331 5245 μου
1361 5175 1440 5237 είς
1467 5173 1832 5244 συγκλασμὸν.
1870 5194 1888 5224 ι

331 5269 508 5322 Πάντα
540 5269 632 5323 τὸν
678 5268 913 5341 Ἰσραὴλ,
940 5266 999 5320 ὃν
1021 5267 1263 5338 ἀμπέλου
1286 5266 1439 5338 δίκην
1470 5269 1764 5339 περιεῖπον.
1801 5268 1895 5321 καὶ

328 5358 413 5411 διὰ
442 5360 541 5429 τῆς
572 5359 896 5429 ἐπιμελείας
933 5358 1355 5427 ἐγκαλλωπίζων
1397 5358 1497 5428 τῆς
1542 5358 1705 5429 ἐμῆς,
1757 5358 1899 5428 ἠφά-

328 5451 440 5504 νισέ
484 5468 545 5504 τε
593 5451 691 5504 καὶ
734 5450 983 5504 ἀπώλεσε
1034 5449 1314 5513 παντελῶς
1359 5450 1456 5502 σὺν
1486 5451 1608 5513 ταῖς
1650 5452 1708 5503 ἐν
1752 5452 1899 5521 μέσῳ

329 5542 537 5605 συκαῖς,
576 5540 646 5603 ἃς
678 5540 994 5610 συνέτριψεν
1039 5540 1283 5602 ἁπάσας’
1317 5539 1650 5593 αἰνίττεσθαι
1683 5541 1741 5594 δὲ
1777 5540 1899 5611 βού-

339 5640 482 5691 λεται
508 5634 638 5694 τοὺς
660 5633 720 5685 ἐν
748 5631 931 5695 αὐτοῖς
954 5631 1318 5701 ὑπερέχοντας
1348 5631 1561 5701 πλούτῳ
1586 5650 1644 5684 τε
1671 5633 1767 5685 καὶ
1799 5634 1894 5687 δυ-

326 5723 502 5795 νὰμει,
530 5723 597 5777 ἐκ
618 5720 712 5777 τοῦ
749 5724 819 5776 τὰ
843 5722 1064 5777 τοιαῦτα
1088 5722 1282 5793 δένδρα
1310 5722 1636 5795 ὑπερφέρειν
1658 5724 1763 5779 τῶν
1798 5743 1898 5796 φυ-

1994 4628 2205 4697 regioui
2246 4638 2380 4677 meae
2431 4623 2619 4677 hostes
2673 4622 2828 4676 multi
2881 4638 2945 4677 ac
3000 4621 3186 4690 validi,
3238 4637 3270 4675 a
3314 4622 3567 4677 leonibus

1996 4717 2135 4774 nihil
2179 4714 2512 4777 diﬁ‘ercntes,
2556 4714 2648 4783 qui
2695 4713 2953 4769 dentibus
2998 4714 3113 4769 suis
3159 4714 3567 4782 molaribusque

1997 4817 2287 4865 conterunt
2336 4815 2500 4875 atque
2566 4813 2902 4860 consumunt
2954 4806 3294 4876 quaecunque
3347 4804 3566 4860 obviam

2002 4901 2136 4955 ﬁunt
2167 4899 2441 4954 animalia.
2476 4896 2568 4951 Sic
2604 4898 2867 4951 nimirum
2909 4897 3096 4953 hostes
3125 4896 3291 4952 armis
3325 4895 3441 4951 suis
3477 4896 3566 4951 in-

1998 4993 2202 5047 vadunt
2233 4999 2397 5061 atque
2434 4989 2738 5045 devastant.
2777 5009 2796 5041 ι
2842 4989 3027 5044 Posuit
3062 4989 3273 5043 vineam
3304 5002 3482 5042 meam
3511 4988 3568 5043 in

2000 5084 2454 5154 dissipationem,
2508 5090 2563 5136 et
2611 5082 2875 5135 liculneas
2924 5080 2978 5133 in
3036 5079 3488 5135 confractionem.
3540 5098 3563 5133 ι

2003 5177 2327 5232 Universum
2371 5174 2650 5239 lsraelem,
2694 5187 2855 5243 quem
2898 5172 3056 5241 quasi
3093 5172 3256 5226 vitem
3298 5173 3566 5239 colebam,

2001 5283 2228 5337 meaque
2267 5282 2398 5321 cura
2426 5266 2714 5328 ornabam,
2758 5261 3030 5317 destruxit
3061 5262 3415 5334 funditusque
3444 5279 3571 5334 per-

1996 5360 2153 5423 didit,
2188 5374 2312 5411 cum
2361 5359 2699 5429 interpositis
2746 5356 3013 5419 ﬁculneis,
3047 5371 3187 5425 quas
3217 5371 3410 5412 omnes
3436 5371 3571 5412 con-

1997 5450 2176 5519 fregit.
2202 5448 2332 5503 Vult
2361 5459 2542 5503 autem
2567 5450 2795 5503 innuere
2816 5446 3207 5502 eminentiores
3228 5446 3372 5500 inter
3394 5443 3572 5501 Israe-

1996 5543 2120 5597 litas
2149 5542 2351 5597 divitiis
2379 5549 2543 5611 atque
2575 5540 2842 5612 potentia,
2876 5538 3135 5608 quoniam
3187 5537 3270 5591 hae
3341 5536 3573 5595 arbores

1995 5636 2180 5691 extolli
2222 5651 2385 5705 supra
2418 5635 2546 5690 vitis
2594 5634 2811 5705 plautas
2863 5632 3138 5690 videntur.
3188 5649 3207 5683 ι
3256 5628 3577 5689 Scrutando

2007 5735 2280 5785 scrutatus
2303 5736 2392 5785 est
2414 5727 2581 5795 illam,
2610 5727 2765 5785 albos
2795 5726 2922 5785 fecit
2948 5725 3200 5797 palmites
3229 5722 3371 5795 ejus.
3410 5741 3435 5777 ι
3461 5719 3584 5780 To-
