3976 6226
444 284 551 343 915

1641 285 1989 343 TIIEODORI
2029 286 2509 346 MOPSUESTENI

3561 290 3666 348 2l6

440 410 553 461 tam
580 404 724 459 illam
757 402 1023 459 invadens
1052 402 1134 458 sic
1163 402 1362 457 evulsit
1393 411 1447 458 et
1474 402 1527 456 ir.
1560 404 1877 458 servitutem
1911 406 2005 460 ab-

2129 404 2212 457 :th
2249 405 2349 475 τῆς
2394 403 2638 474 ἀμπέλου
2681 403 2872 457 δοκεῖν.
2926 422 2946 455 ι
3011 402 3274 474 Ἑρευνῶν
3306 403 3669 477 ὲξηρεύνησεν

442 498 620 561 duxit,
671 506 730 552 ut
767 497 965 566 captivi
997 495 1245 550 homines
1293 510 1635 565 nequaquam
1667 495 1943 549 diﬂ'errent
1974 511 2005 550 a

444 587 759 661 palmitibus
788 584 1191 640 albescentibus
1241 585 1507 654 planeque
1542 585 1830 640 exsiccatis
1854 594 2004 657 post-

444 694 609 750 quam
654 679 780 732 vitis
835 677 1097 733 subversa
1145 675 1266 731 fuit.
1322 693 1341 726 ι
1382 674 1601 747 Planget
1639 673 1705 730 ad
1754 692 1838 731 me
1884 677 2006 746 plus

447 784 609 841 quam
641 783 842 840 sponsa
877 784 1038 824 sacco
1069 768 1314 822 accincta
1366 782 1530 837 super
1556 767 1730 821 virum
1771 768 2007 837 virgina-

448 860 553 917 lem
593 877 773 919 suum.
829 881 850 913 ι
889 861 1043 916 Tunc
1083 860 1389 931 iniquitatis
1425 876 1538 915 sua:
1580 874 1797 915 sensum
1836 860 2010 929 perci-

446 955 621 1024 pient,
649 960 703 1008 et
733 968 854 1007 cum
893 952 1103 1023 magnis
1140 952 1207 1006 ad
1253 966 1339 1005 me
1370 950 1664 1020 respicient
1694 952 2006 1021 gemitibus,

447 1062 573 1116 qua:
603 1045 739 1115 ipsis
767 1052 1064 1100 evenerunt
1096 1043 1237 1097 mala
1268 1042 1647 1114 deplorantes;
1681 1042 1823 1096 haud
1853 1058 2011 1098 secus

450 1152 613 1207 quam
644 1136 840 1190 mulier
867 1152 1043 1205 nuper
1069 1135 1273 1204 nuptiis
1316 1134 1587 1205 copulata,
1636 1148 1759 1188 mox
1793 1145 2012 1203 repente

448 1229 659 1298 privata
690 1228 826 1292 viro,
861 1227 950 1281 cui
985 1226 1288 1296 graviorem
1323 1224 1453 1280 facit
1482 1224 1721 1280 dolorem
1764 1225 2013 1294 privatio-

449 1320 538 1375 nis
568 1320 838 1374 celeritas.
874 1336 896 1371 ι
921 1318 1174 1372 Ablatum
1202 1325 1286 1374 est
1309 1316 1642 1371 sacrificium
1664 1325 1718 1370 et
1738 1316 1924 1371 libatio
1945 1315 2013 1371 de

452 1413 615 1466 domo
638 1411 871 1465 Domini.
915 1430 933 1461 ι
973 1410 1071 1464 Hic
1099 1408 1387 1465 manifeste
1427 1418 1683 1463 eventura
1722 1422 1752 1460 a
1784 1405 2015 1477 Babylo-

450 1503 562 1560 niis
603 1504 746 1557 mala
782 1503 1056 1572 significat
1087 1521 1101 1552 :
1156 1510 1286 1556 tunc
1316 1501 1459 1555 enim
1503 1499 1665 1554 desiit
1695 1498 1853 1553 solita
1899 1497 2012 1551 fieri

452 1594 507 1649 in
533 1594 626 1650 Dei
660 1596 863 1664 templo
899 1594 1137 1664 liturgia,
1167 1609 1291 1647 cum
1318 1602 1372 1647 et
1400 1591 1684 1646 aediﬁcium
1713 1590 2015 1646 combussit

453 1686 808 1759 Babylonius,
829 1693 887 1741 et
920 1687 1065 1741 cives
1092 1700 1283 1739 omnes
1316 1684 1628 1753 captivavit.

2106 496 2293 567 αὐτὴν,
2324 497 2416 550 καὶ
2445 496 2667 568 ἔρριψεν
2693 512 2707 526 ·
2744 495 3001 548 ἐλεύκασε
3051 495 3118 548 τά
3148 495 3400 565 κλήματα
3425 496 3613 568 αὐτῆς.
3647 515 3669 550 ι

2106 588 2289 643 Ιιᾶσαν
2330 587 2499 657 αὐτὴν
2545 582 2914 663 ἐκπεριελθὼν
2936 586 3107 650 οὕτως
3140 585 3445 640 ἀνέσπασεν
3470 605 3529 640 τε
3580 591 3675 644 καὶ

2106 685 2185 747 εἰς
2204 684 2571 755 αἰχμαλωσίαν
2590 684 2891 754 ἀπήγαγεν,
2919 683 2994 746 ὡς
3016 683 3181 754 μηδὲν
3207 683 3513 739 ἀπεοικὲναι
3539 684 3674 737 πάνθ

2107 790 2203 839 τας
2252 774 2541 845 κλημάτων
2596 774 2994 827 λευκανθέντων
3044 791 3103 827 τε
3154 776 3248 827 καὶ
3302 774 3675 845 ξηρανθέντων

2109 866 2383 930 παντελῶς
2399 866 2608 935 μετὰ⁹τδ
2628 865 2724 937 τὴν
2744 864 2983 936 ἄμπελον
3004 866 3394 935 ὲκσπασθῆναι.
3420 885 3439 917 ι
3467 865 3679 935 Θρηνή-

2112 975 2191 1010 σει
2238 958 2374 1029 πρός
2426 976 2493 1027 με
2548 958 2688 1030 ὑπὲρ
2731 959 2947 1029 νύμφην
2993 956 3435 1030 περιεζωσμένην
3478 957 3679 1010 σάκκον

2110 1048 2204 1101 ἐπὶ
2232 1048 2322 1101 τὸν
2353 1048 2520 1121 ἄνδρα
2544 1051 2712 1120 αὐτῆς
2739 1050 2830 1104 τὸν
2860 1049 3203 1120 παρθενικόν.
3238 1068 3256 1099 ι
3294 1049 3428 1103 Τότε
3448 1050 3546 1119 τῆς
3576 1065 3682 1101 πα-

2112 1139 2375 1213 ρανομίας
2408 1140 2755 1212 αίσθήσονται
2803 1141 2903 1211 τῆς
2934 1142 3157 1204 οἰκείας,
3197 1141 3289 1194 καὶ
3335 1140 3473 1211 μετὰ
3515 1139 3684 1211 μεγάο

2111 1232 2217 1287 λων
2254 1230 2501 1285 νεύσουσι
2544 1233 2680 1305 πρός
2714 1251 2779 1305 με
2810 1234 2918 1285 τῶν
2951 1232 3159 1304 θρήνων
3188 1229 3685 1303 άνακεκλαυσμένοι

2111 1321 2182 1375 τά
2234 1323 2621 1394 συμϐεϐηκότα
2675 1325 2858 1389 αὐτοῖς
2905 1325 3070 1379 κακά·
3122 1326 3222 1395 οὐχ
3268 1318 3430 1394 ἦττον
3478 1328 3512 1396 ὴ
3548 1322 3686 1395 γυνὴ

2112 1412 2307 1465 νεωστὶ
2341 1413 2675 1483 συναφθεῖσα
2711 1414 2845 1486 πρὸς
2873 1414 3049 1485 γάμον
3069 1454 3085 1481 ,
3115 1410 3233 1468 εἶτα
3259 1413 3451 1485 ἀθρόον
3479 1412 3688 1467 ἀποϐαι-

2112 1500 2277 1554 λοῦσα
2306 1501 2396 1556 τὸν
2426 1502 2615 1575 ἄνδρα,
2651 1498 2684 1578 ᾖ
2724 1504 3019 1576 βαρύτερον
3065 1505 3125 1558 τὸ
3176 1505 3345 1568 πάθος
3378 1502 3477 1574 τῆς
3524 1506 3691 1573 ἀφαι-

2114 1592 2316 1663 ρέσεως
2362 1593 2651 1664 ἐργάζεται
2704 1599 2737 1666 ἡ
2789 1595 3004 1666 ὀξύτης.
3057 1598 3134 1667 (p.
3187 1596 3309 1665 108)
3350 1615 3368 1648 ι
3437 1596 3692 1667 Ἐξῆρται

2116 1683 2275 1739 θυσία
2298 1686 2389 1739 καὶ
2425 1688 2623 1759 σπονδὴ
2653 1686 2711 1753 ἐξ
2738 1687 2885 1742 οἴκου
2918 1689 3142 1760 Κυρίου,
3188 1707 3205 1740 ι
3254 1688 3515 1743 Ἐνταῦθα
3554 1706 3692 1759 προσ

452 1782 625 1853 δήλως
658 1782 726 1835 τὰ
754 1781 857 1834 ὑπὸ
897 1781 1002 1834 τῶν
1034 1778 1388 1833 Βαϐυλωνίων
1438 1777 1776 1848 προεσόμενα
1805 1775 1983 1838 αὐτοῖς
2014 1776 2204 1848 μηνύει
2243 1780 2387 1833 κακά
2408 1798 2421 1812 ·
2457 1781 2576 1835 τότε
2604 1783 2711 1854 γὰρ
2742 1782 3013 1836 ἐπαύσατο
3042 1785 3074 1854 ή
3106 1785 3164 1838 ἐν
3196 1784 3273 1853 τῷ
3300 1783 3413 1855 ναῷ
3437 1784 3529 1837 τοῦ
3557 1784 3692 1836 Θεοῦ

456 1873 817 1944 ἐκτελουμένη
847 1869 1174 1941 λειτουργία,
1201 1869 1435 1940 ὁπηνίκα
1470 1867 1560 1920 τόν
1592 1884 1651 1918 τε
1676 1861 1819 1919 οἷκον
1844 1865 2141 1937 ἐνέπρησεν
2172 1870 2199 1921 ὁ
2228 1868 2592 1938 Βαϐυλώνιος,
2619 1874 2714 1927 καλ⁸
2746 1877 2872 1939 τοὺς
2908 1876 2999 1930 ἐπὶ
3040 1876 3138 1946 τῆς
3174 1875 3379 1939 πόλεως
3417 1876 3695 1947 αἰχμαλώ-

454 1988 581 2034 τους
618 1969 806 2023 ἔλαϐεν
839 1969 1101 2031 ἅπαντας.

527 2064 633 2133 72
661 2062 825 2118 Vsus.
884 2063 1078 2118 10-13.
1113 2088 1183 2101 -ι-
1226 2079 1245 2111 ι
1304 2058 1525 2129 Lugete,
1576 2057 1887 2113 sacerdotes
1923 2055 2014 2126 qui

2186 2057 2334 2129 Στίχ.
2370 2066 2529 2129 ι’-ιγ’.
2554 2091 2627 2101 —
2656 2081 2677 2114 ι
2700 2064 2972 2132 Πενθεῖτε,
2989 2064 3037 2116 οἱ
3062 2063 3224 2132 ἱερεῖς
3246 2062 3293 2115 οἱ
3319 2057 3695 2131 λειτουργοῦν-

456 2154 615 2209 altari
646 2153 997 2219 ministratjs,
1044 2149 1299 2221 quoniam
1332 2151 1592 2203 miserum
1641 2155 1723 2202 est
1753 2148 2017 2212 triticum,

444 2246 791 2301 exsiccatum
845 2243 1069 2305 vinum.
1134 2242 1480 2295 imminutum
1542 2240 1752 2303 oleum,
1807 2236 2018 2292 confusi

454 2337 726 2407 agricolae.
764 2335 988 2405 Lugete.
1022 2333 1248 2404 praedia,
1282 2339 1502 2403 prapter
1545 2332 1783 2385 triticum
1816 2338 1870 2384 et
1901 2329 2022 2383 hor-

456 2425 642 2491 deum,
667 2426 798 2495 quia
838 2424 1000 2495 periit
1028 2424 1226 2479 messis
1266 2422 1404 2493 agri,
1440 2422 1567 2477 vitis
1612 2423 1849 2485 exaruit,
1879 2419 2024 2475 ficul-

459 2533 577 2573 neae
618 2526 746 2574 sunt
781 2518 1101 2580 imminutae,
1150 2515 1315 2571 arbor
1347 2514 1717 2583 malogranata
1762 2524 1816 2568 et
1846 2514 2021 2584 palma

456 2616 513 2663 et
545 2610 721 2665 malus
762 2616 816 2663 et
849 2608 1032 2664 omnia
1078 2606 1225 2677 ligna
1270 2606 1386 2676 agri
1438 2612 1791 2659 exaruerunt.
1833 2623 1853 2656 ι
1890 2604 2025 2658 Con-

456 2719 631 2775 gruus
659 2702 1037 2759 sacerdotibus
1064 2711 1119 2759 et
1151 2702 1340 2757 altaris
1367 2700 1636 2756 ministris
1662 2700 1861 2761 luctus,
1895 2697 2021 2766 quia

457 2795 727 2865 generalis
751 2794 1012 2849 sterilitas
1042 2808 1267 2863 campos
1294 2800 1462 2856 tenet,
1497 2790 1641 2844 unde
1665 2788 1931 2859 primitias
1959 2802 2024 2842 ac

460 2888 707 2944 decimas
744 2886 1127 2956 perclpientes,
1165 2884 1242 2939 rei
1275 2882 1599 2939 necessariae
1622 2881 1834 2950 copiam
1869 2878 2026 2934 habeo

459 2980 616 3036 bant.
658 2978 947 3048 Congruus
983 2976 1124 3030 haud
1171 2975 1352 3029 minus
1385 2975 1563 3028 luctus
1603 2981 1761 3027 terrae
1807 2986 2025 3040 quoque

462 3071 714 3140 frugibus
746 3068 978 3131 carenti,
1015 3066 1160 3122 unde
1198 3066 1455 3136 agricolis
1499 3072 1718 3119 creatur
1752 3062 2023 3127 confusio,

464 3164 592 3235 quia
625 3162 830 3217 frustra
870 3160 1255 3215 laboraverunt
1284 3178 1297 3213 :
1341 3157 1650 3228 pariterque
1685 3155 1895 3210 cunctis
1926 3165 2029 3209 ter-

465 3268 541 3309 rae
566 3252 806 3323 praediis,
842 3255 974 3321 quia
1006 3251 1216 3306 nullum
1251 3258 1413 3304 terrae
1439 3256 1782 3319 proventum.
1817 3248 2026 3301 nullum

465 3347 723 3401 arborum
752 3353 968 3416 partum
1003 3359 1153 3399 more
1192 3344 1354 3399 solito
1388 3343 1675 3399 collectum
1708 3342 1890 3396 videre
1919 3349 2024 3396 cst.

2119 2166 2208 2213 τες
2236 2150 2619 2225 θυσιαστηρίῳ,
2649 2156 2730 2208 ὃτι
2756 2152 3205 2226 τεταλαιπώρηκε
3234 2156 3397 2216 σῖτος,
3423 2151 3696 2222 ἐξηράνθη

2116 2239 2295 2306 οἶνος,
2353 2244 2601 2317 ὡλιγώθη
2667 2247 2866 2311 ἔλαιον,
2934 2244 3386 2318 κατῃσχύνθησαν
3433 2245 3695 2315 γεωργοί·

2123 2334 2388 2405 θρηνεῖτε,
2419 2339 2671 2409 κτήματα
2704 2338 2843 2410 ὑπὲρ
2874 2338 3047 2410 πυροῦ
3074 2338 3166 2391 καὶ
3189 2337 3402 2409 κριθῆς,
3456 2336 3537 2388 ὃτι
3582 2337 3698 2389 άπ-

2121 2426 2283 2481 όλωλε
2307 2430 2575 2502 τρυγητὸς
2602 2431 2661 2496 ἐξ
2688 2430 2876 2501 ἀγροῦ·
2911 2434 2943 2501 ἡ
2976 2429 3215 2500 ἄμπελος
3257 2428 3549 2501 ἐξηράνθη,
3602 2428 3699 2481 καὶ

2123 2523 2285 2573 συκαῖ
2342 2520 2697 2592 ὀλιγώθησαν·
2734 2522 2852 2594 ῥοιὰ
2900 2522 2989 2578 καὶ
3035 2520 3208 2589 φοίνιξ
3255 2522 3346 2574 καὶ
3402 2519 3566 2590 μῆλον
3603 2521 3699 2573 καὶ
3794 2588 3803 2591 ν

2125 2612 2301 2666 πάντα
2327 2612 2395 2666 τά
2415 2612 2546 2678 ξύλα
2570 2613 2664 2666 τοῦ
2691 2614 2862 2686 ἀγροῦ
2892 2613 3281 2684 ὲξηράνθησαν.
3324 2633 3343 2664 ι
3384 2610 3700 2682 Ἀρμόττων

2125 2703 2225 2774 μὲν
2257 2700 2347 2757 οῦν
2380 2707 2492 2768 τοῖς
2540 2704 2863 2775 ίερατεύουσῑ
2907 2703 2986 2774 τῷ
3022 2703 3385 2774 θυσιαστηρίῳ
3413 2704 3441 2755 ό
3472 2702 3695 2773 θρῆνος,

2122 2798 2206 2850 ὅτι
2264 2796 2532 2867 παντελὴς
2568 2796 2769 2869 ἀφορία
2798 2796 3014 2866 κατέχει
3045 2795 3144 2859 τὰς
3189 2795 3459 2859 πεδιάδας,
3495 2797 3586 2865 ἀφ’
3623 2789 3701 2848 ὧν

2124 2892 2222 2953 τάς
2247 2905 2306 2942 τε
2345 2888 2597 2960 ἀπαρχὰς
2627 2889 2723 2942 καὶ
2760 2888 2859 2952 τὰς
2890 2886 3143 2951 δεκατιάς
3174 2885 3543 2958 κομιζόμενοι,
3586 2887 3701 2940 τῶν

2127 2979 2436 3048 ἀναγκαίων
2468 2975 2611 3049 εἶχον
2639 2980 2737 3051 τὴν
2767 2977 3044 3048 ἀφθονίαν·
3078 2979 3361 3049 ἁρμόττων
3386 2977 3441 3031 δὲ
3475 2978 3573 3048 ούχ
3604 2973 3705 3050 ἧτ-

2110 3090 2216 3127 ητον
2243 3071 2439 3142 θρῆνος
2477 3072 2573 3125 καὶ
2616 3074 2679 3142 τῇ
2708 3073 2779 3143 γῇ
2807 3071 3023 3126 πάντων
3060 3066 3388 3142 ἀφῃρημένῄ
3426 3069 3533 3122 τῶν
3568 3086 3707 3141 καρ-

2090 3164 2265 3217 .ταῖ›ν·
2295 3163 2369 3228 ὡς
2401 3164 2497 3218 καὶ
2525 3166 2635 3227 τοῖς
2662 3163 2968 3235 γεωργοῦσι
3005 3164 3102 3234 τὴν
3155 3163 3279 3234 γῆν,
3314 3161 3576 3232 αίσχύνην
3623 3163 3709 3215 sv-

2128 3256 2318 3309 τεῦθεν
2351 3255 2783 3327 περιγίγνεσθαι,
2815 3256 2895 3309 ὅτι
2923 3255 2986 3326 δὴ
3007 3255 3347 3325 πεπονήκασι
3376 3254 3572 3324 μάτην·
3608 3254 3709 3306 καὶ

2131 3349 2263 3401 πᾶσι
2284 3348 2341 3400 δὲ
2369 3349 2479 3410 τοῖς
2507 3348 2597 3399 ἐπὶ
2620 3347 2716 3417 τῆς
2745 3346 2925 3419 χώρας
2946 3347 3213 3417 κτήμασιν
3239 3345 3453 3417 ὁμοίιος,
3489 3346 3570 3399 ὃτι
3601 3346 3710 3417 μή·

472 3456 496 3489 ς
530 3435 799 3504 Quoniam
833 3436 1093 3507 gaudium
1129 3434 1498 3491 confuderunt
1535 3435 1625 3488 filii
1662 3435 1965 3489 hominum.
2006 3454 2024 3487 ι

2131 3454 2191 3492 τε
2222 3439 2329 3492 τῶν
2357 3439 2465 3492 ἀπὸ
2504 3438 2607 3507 γῆς
2649 3436 3005 3506 γιγνομὲνων,
3043 3438 3178 3507 μήτε
3225 3437 3303 3507 (p.
3351 3435 3471 3503 109)
3504 3434 3616 3488 τῶν
3649 3437 3710 3488 ὲν

466 3528 577 3584 Pro
607 3544 673 3584 eo
696 3538 755 3583 ut
786 3530 972 3586 dicat:
1010 3526 1222 3582 Nemini
1249 3527 1405 3583 adest
1431 3527 1643 3582 laetandi
1668 3528 1908 3589 occasio,
1942 3543 2028 3597 pu-

2132 3530 2371 3601 δένδρεσι
2396 3528 2727 3598 τικτομένων
2754 3527 3201 3598 είσκομιζόμενόν
3235 3544 3289 3579 τι
3322 3526 3461 3580 κατὰ
3489 3525 3552 3580 τὸ
3579 3528 3712 3580 εἰω-

467 3622 619 3677 denti
649 3622 859 3677 scilicet
885 3621 992 3676 nisi
1016 3621 1071 3674 in
1102 3621 1304 3674 talibus
1330 3620 1609 3688 tantisque
1638 3620 1797 3673 malis
1829 3620 2028 3673 luctum

2138 3622 2228 3685 Ob;
2259 3622 2479 3676 δυνατὸν
2522 3621 2668 3675 ίδείν.
2713 3639 2731 3671 ι
2772 3621 2892 3673 Ὂτι
2926 3621 3267 3691 κατῄσχυναν
3300 3619 3474 3692 χαράν
3519 3621 3568 3673 oi
3603 3620 3715 3674 υἱοὶ

468 3722 616 3785 agat.
681 3713 785 3770 Per
837 3715 952 3769 haec
1018 3714 1202 3768 omnia
1264 3713 1605 3767 demonstrat
1657 3712 2028 3781 gravissimam

2136 3710 2243 3763 τῶν
2295 3711 2613 3782 ἀνθρώπων.
2653 3730 2671 3762 ι
2730 3708 2843 3763 Ἰνα
2894 3710 3023 3784 εἴπῃ
3068 3712 3149 3764 ὅτι
3195 3711 3383 3783 μηδενὶ
3418 3711 3720 3782 πρόσεστιν

473 3807 821 3862 sterilitatem
862 3806 1231 3860 lsraelitarum
1260 3804 1468 3874 regioni
1508 3804 1826 3872 contigisse,
1864 3804 2028 3872 dupli-

2138 3804 2362 3874 ἀφορμὴ
2393 3804 2485 3856 τοῦ
2509 3804 2740 3875 χαίρειν,
2764 3804 3170 3873 αἰσχυνομένοις
3192 3805 3239 3856 εἰ
3266 3803 3339 3875 μὴ
3357 3803 3604 3856 πενθοῖεν
3622 3805 3718 3857 ἐπὶ

473 3912 705 3966 cemque
742 3911 1042 3951 aerumnam
1106 3896 1296 3959 fuisse,
1346 3895 1593 3949 hostibus
1653 3895 1869 3949 scilicet
1915 3909 2028 3948 eam

2139 3898 2411 3958 τοσούτοις
2437 3896 2527 3948 καὶ
2556 3895 2891 3965 τηλικούτοις
2919 3898 3128 3957 κακοῖς·
3153 3894 3241 3948 διὰ
3267 3896 3481 3949 πάντων
3510 3895 3573 3965 δὴ
3591 3897 3746 3953 τού-ι

473 3988 708 4056 pessime
736 3987 1169 4050 devastantibus,
1201 3995 1255 4041 et
1281 3987 1397 4056 ipsa
1426 3994 1570 4040 terra
1610 3984 1823 4055 frugum
1854 3983 2028 4039 fertili-

2142 4007 2248 4043 των
2282 3989 2530 4058 ἀκαρπίᾳ
2579 3987 2855 4058 βαρυτάτῃ
2907 3986 3265 4055 κατειλῆφθαι
3313 3986 3555 4040 δείκνυσι
3602 3971 3741 4040 τῶνῖ

472 4089 641 4136 tatem
675 4086 923 4150 negante.
951 4076 1093 4143 Quid
1131 4092 1263 4147 ergo
1298 4085 1421 4147 post
1448 4077 1604 4131 haec?

2167 4079 2509 4150 Ἰσραηλιτῶν
2541 4080 2639 4147 τὴν
2671 4078 2872 4147 χώραν,
2908 4077 2983 4138 ὡς
3008 4071 3143 4131 εἶναι
3173 4077 3390 4130 διπλοῦν
3422 4077 3485 4131 τὸ
3520 4080 3741 4132 κακόν·⁴

476 4176 745 4248 πολεμίων
765 4192 823 4227 τε
850 4174 1044 4236 αὐτοὺς
1070 4172 1412 4226 διατιθέντων
1432 4172 1500 4226 τὰ
1517 4173 1781 4243 χείριστα,
1814 4177 1908 4229 καλ¹
1934 4178 2031 4247 τῆς
2051 4177 2152 4247 γῆς
2184 4178 2362 4228 πᾶσαν
2391 4172 2772 4245 ἀρνησαμένης
2803 4172 2910 4224 τῶν
2936 4170 3163 4243 καρπῶν
3193 4171 3289 4242 τὴν
3320 4172 3508 4243 φοράν.
3526 4171 3591 4224 Τί
3622 4168 3722 4227 οὖν

476 4272 569 4324 ἐπὶ
595 4268 803 4332 τούτοις
826 4283 841 4332 ;

549 4363 714 4420 Vens.
747 4362 924 4419 i346.
949 4391 1020 4403 --
1048 4381 1070 4415 ‹
1118 4361 1401 4431 Accingite
1432 4375 1529 4416 vos
1571 4370 1626 4417 et
1659 4362 1917 4433 plangite.
1951 4379 2045 4419 sa-

477 4459 751 4518 cerdotes,
799 4455 1193 4520 lamentamini,
1242 4455 1336 4524 qui
1385 4455 1709 4509 ministratis
1744 4456 1925 4522 altari,
1970 4457 2047 4509 in.

478 4546 791 4618 gredimini,
831 4545 1067 4599 dormite
1102 4546 1155 4599 in
1196 4546 1373 4600 saccis
1432 4545 1560 4600 dum
1594 4546 1648 4599 in
1686 4545 1778 4601 Dei
1812 4548 2048 4601 miniac-

478 4638 563 4692 rio
592 4635 911 4698 versamini.
946 4637 1071 4704 quia
1102 4637 1336 4691 recessit
1369 4651 1399 4689 a
1431 4636 1593 4691 domo
1626 4636 1719 4692 Dei
1759 4639 1925 4693 vestri
1966 4656 2048 4695 sa-

2212 4361 2359 4428 Στίχ.
2394 4363 2592 4425 ιγ’-ις’.
2622 4386 2692 4396 -——
2736 4373 2754 4405 ι
2791 4354 3169 4427 Περιζὼτασθε
3204 4356 3295 4408 καὶ
3334 4353 3622 4414 κόπτεσθε,
3668 4358 3724 4409 οἱ

2147 4455 2330 4524 ἱερεῖς,
2356 4451 2599 4521 θρηνεῖτε
2615 4450 2664 4501 οἱ
2684 4447 3119 4518 λειτουργοῦντες
3136 4446 3525 4519 θυσιαστηρίῳ,
3543 4448 3726 4500 εἰσέλ-

2144 4546 2262 4599 θετε
2280 4583 2294 4605 ,
2320 4541 2602 4596 ὑπνώσατε
2641 4543 2698 4592 ἐν
2743 4539 2962 4602 σάκκοις
2994 4538 3428 4609 λειτουργοῦντες
3454 4538 3571 4609 Θεῷ
3591 4556 3605 4568 ·
3640 4540 3726 4593 ὅτι

2142 4635 2450 4705 ἀπέσχηκεν
2468 4632 2525 4696 ἐξ
2543 4631 2689 4685 οίκου
2705 4630 2839 4684 Θεοῦ
2858 4630 3006 4701 ὑμῶν
3022 4630 3181 4687 θυσία
3201 4632 3294 4685 καὶ
3307 4631 3523 4703 σπονδή.
3548 4653 3565 4684 ι
3604 4633 3727 4701 Ἐφ’

476 4727 748 4786 crificium
779 4740 832 4783 et
853 4727 1065 4781 libatio.
1106 4747 1125 4780 ι
1158 4726 1274 4782 Prze
1300 4729 1553 4785 omnibus
1581 4729 1737 4784 decet
1761 4746 1858 4785 vos
1879 4733 2028 4800 potis

2147 4728 2317 4781 ἅπασι
2337 4727 2393 4780 δὲ
2414 4726 2645 4797 μάλιστα
2679 4724 2885 4796 πρέπον
2913 4724 3038 4795 ὑμῖν
3066 4726 3176 4788 τοῖς
3199 4727 3277 4787 εἰς
3305 4725 3403 4795 τὴν
3422 4726 3729 4797 ἱερωσύνην

478 4823 700 4882 simum.
726 4818 1033 4876 sacerdotio
1060 4819 1207 4889 fungi
1240 4821 1488 4887 sortitos,
1524 4836 1685 4876 sacco
1712 4822 1925 4885 vestiri,
1954 4839 2045 4876 ne-

479 4930 589 4985 que
619 4915 670 4970 id
698 4928 940 4983 unquam
975 4912 1273 4981 deponere.
1304 4913 1416 4968 sive
1460 4915 1690 4977 cuhetis,
1728 4915 1843 4969 sive
1879 4916 2043 4969 etiam

478 5020 594 5062 rem
623 5020 834 5059 sacram
866 5003 1168 5073 peragatis;
1212 5002 1308 5057 sed
1338 5003 1629 5072 gemitibus
1662 5006 1939 5073 luctuique
1969 5005 2048 5059 in-

480 5098 741 5167 dulgere;
785 5105 1075 5167 propterea
1101 5094 1246 5164 quod
1276 5095 1369 5164 qui
1400 5096 1502 5149 rite
1541 5095 1649 5150 Deo
1691 5097 2050 5150 exhibebatur

476 5190 664 5243 cultus
696 5188 919 5242 omnino
951 5188 1228 5243 desiverit.
1266 5206 1285 5238 ‹
1328 5186 1674 5241 Sanctificate
1695 5186 1986 5255 jejunium.
2025 5206 2043 5239 ι

483 5280 757 5346 Quoniam
802 5288 1049 5334 sanctum
1095 5278 1317 5340 dicitur,
1349 5277 1614 5346 quidquid
1659 5286 1743 5333 est
1787 5278 2046 5333 selectum

478 5381 539 5429 et
564 5388 592 5425 a
622 5371 966 5425 multitudine
998 5379 1331 5440 separatum,
1357 5370 1478 5423 ideo
1519 5386 1539 5419 ι
1566 5367 1912 5423 Sanctiﬁcate
1946 5370 2050 5439 73

482 5463 749 5533 jejunium
779 5481 800 5514 ι
822 5461 979 5526 dicit,
1011 5461 1065 5515 id
1093 5469 1178 5517 est
1201 5463 1267 5515 ad
1288 5461 1391 5516 hoc
1419 5475 1515 5514 vos
1543 5470 1874 5529 comparate,
1894 5461 2055 5514 omis-

480 5558 673 5624 sisque
696 5554 952 5609 omnibus
987 5560 1038 5607 et
1065 5568 1291 5622 prorsus
1331 5552 1587 5621 sejuncti.
1627 5550 1807 5605 dedite
1848 5567 1942 5607 vos
1991 5565 2053 5603 ac

486 5647 760 5715 disponite
820 5645 885 5700 ad
938 5644 1135 5715 ieiunii
1198 5646 1622 5703 observantiam.
1679 5664 1699 5695 ι
1753 5642 2051 5699 Ρτιειίίοιιιο

489 5741 673 5796 cattus
721 5741 976 5797 officium.
1035 5760 1052 5793 ι
1109 5739 1336 5797 [adicite
1370 5740 1646 5807 omnibus,
1694 5747 1752 5795 ut
1799 5739 2052 5795 humanis

2147 4818 2417 4889 προόεΰλη
2425 4818 2605 4888 μένοις
2623 4816 2936 4890 περιθέσθαι
2957 4816 3055 4887 μὲν
3074 4818 3294 4880 σάκκον,
3308 4817 3407 4871 οὐκ
3423 4819 3730 4888 ἀφαιροῦν-

2146 4928 2242 4974 τας
2272 4910 2453 4971 αὺτὸν,
2489 4908 2605 4962 οὔτε
2642 4912 2692 4962 εἰ
2723 4908 3062 4973 καθεύδοιτε,
3093 4908 3217 4961 οὔτε
3250 4909 3358 4980 μὴν
3386 4910 3435 4962 εί
3468 4910 3565 4979 τὴν
3610 4910 3731 4964 λει-

2148 5002 2407 5072 τουργίαν
2430 5000 2739 5070 ἐκτελοίητε
2762 5000 2858 5070 τὴν
2882 4999 3051 5053 θείαν·
3078 5000 3262 5071 θρήνῳ
3284 5000 3341 5053 δὲ
3364 5001 3730 5071 προσανέχειν

2152 5093 2246 5146 καὶ
2274 5091 2508 5161 κοπετῷ,
2534 5090 2675 5161 ὑπὲρ
2701 5084 2775 5144 ὧν
2801 5090 2985 5144 ἅπασα
3011 5090 3280 5146 πέπαυται
3310 5093 3344 5161 ἡ
3374 5092 3731 5162 καθηκόντως

2151 5184 2529 5254 άπονεμομένη
2572 5180 2649 5251 τῷ
2690 5181 2809 5252 Θεῷ
2859 5181 3142 5253 θεραπεία.
3205 5203 3223 5234 ι
3293 5183 3579 5251 Ἀγιάσατε
3625 5201 3730 5253 νη-

2153 5278 2349 5332 στείαν.
2400 5298 2417 5329 ι
2469 5276 2702 5348 Ἐπειδὴ
2756 5276 2907 5345 ἅγιον
2945 5275 3162 5345 λέγεται
3200 5278 3261 5331 τὸ
3302 5278 3575 5349 ἐξαίρετον
3627 5279 3732 5331 καὶ

2151 5369 2260 5422 τῶν
2293 5369 2500 5422 πολλῶν
2542 5371 2967 5443 κεχωρισμένον,
3007 5390 3026 5422 ι
3073 5370 3359 5437 Ἀγιάσατε
3409 5368 3661 5437 νηστείαν
3707 5388 3728 5420 ι

2154 5462 2322 5528 λέγει,
2355 5463 2472 5513 ἀντὶ
2492 5463 2606 5528 τοῦ,
2643 5462 2785 5533 Πρὸς
2814 5461 3015 5532 ταύτην
3042 5462 3118 5532 (p.
3155 5460 3276 5530 HO)
3312 5460 3533 5520 ἑαυτοὺς
3558 5459 3735 5512 ἐκτά-

2157 5554 2305 5620 ξατε.
2332 5555 2426 5607 καὶ
2457 5555 2671 5607 πάντων
2696 5553 2954 5622 άφέμενοί
2987 5570 3044 5604 τε
3074 5553 3167 5605 καὶ
3200 5550 3559 5621 χωρισθέντες
3584 5566 3736 5601 παν-

2155 5646 2345 5709 τελῶς,
2385 5645 2681 5716 ἀφορίσατε
2714 5645 2806 5697 καὶ⁵
2836 5644 3033 5709 τάξατε
3083 5643 3219 5714 πρὸς
3254 5642 3351 5713 τὴν
3385 5640 3587 5710 ταύτης
3632 5641 3737 5693 ὲκ-

2162 5737 2441 5808 πλὴρωσιν
2488 5735 2729 5799 ἑαυτούς.
2766 5754 2783 5785 ι
2835 5733 3119 5805 Κηρύξατε
3168 5730 3481 5803 θεραπείαν.
3543 5749 3562 5781 ι
3619 5730 3741 5783 Καὶ
