3976 6226
234 240 340 295 217

1280 245 1827 305 (ὩΙΜΕΝΤΑΕΙυδ
1856 245 1928 303 ιΝ
1954 246 2186 306 JOELIS
2214 247 2368 305 CAP.
2398 250 2440 305 Ι.

3360 245 3471 303 218

231 356 517 427 μηνύσατε
547 359 733 423 πᾶσιν,
762 360 914 425 ὅπως
937 361 1002 416 ἂν
1024 362 1132 416 τῶν
1157 362 1511 436 ἀνθρωπείων
1540 364 1799 435 ἀφέμενοι

1912 366 2136 437 negotiis
2178 368 2423 431 omissis,
2453 365 2548 422 Dei
2596 366 2769 422 cuuui
2811 366 3142 424 celebrando
3190 367 3465 426 intersint.

222 450 588 521 πραγμάτων,
646 456 714 524 τῇ
769 454 865 507 τοῦ
902 451 1057 508 Θείου
1085 457 1470 528 προσανέχοιεν
1515 456 1799 528 θεραπείᾳ.

228 560 254 593 4
275 543 620 613 Συναγάγετε
637 545 1052 618 πρεσϐυτέρους,
1071 549 1275 611 nam;
1287 550 1411 613 τοὺς
1427 548 1805 611 κατοικοῦντας

219 632 329 704 τὴν
363 637 466 705 γῆν
513 636 590 698 είς
623 631 770 688 οἷκον
814 636 951 689 Θεοῦ
990 639 1161 708 ὑμῶν,
1202 641 1296 692 καὶ
1337 639 1636 711 κεκράξατε
1668 639 1803 710 πρὸς

222 724 434 795 Κύριον
462 727 726 790 ἐκτενῶς,
760 727 937 797 Οἴμοι,
966 728 1140 799 οἶμοι,
1168 732 1311 800 οἶμοι
1339 734 1416 794 είς
1445 731 1677 802 ἡμέραν,
1721 733 1802 784 ὅτι

226 818 399 885 ἐγγὺς
423 817 607 889 ἡμέρα
639 820 866 889 Κυρίου.
900 838 920 872 ι
951 823 1057 875 Καὶ
1082 822 1289 885 πάντας
1320 822 1385 891 δὴ
1411 823 1502 875 ἐπὶ
1534 823 1631 893 τῆς
1668 823 1804 893 ὑμε-

224 906 393 974 τέρας
441 906 624 976 χώρας
658 907 908 977 ἡγεῖσθαι
943 908 1050 962 τῶν
1086 910 1285 963 λοιπῶν
1333 910 1410 973 ὡς
1441 909 1607 975 εἰκὸς,
1646 913 1799 980 κοινῇ

227 997 331 1066 μὲν
375 997 634 1050 εἰσελθεῖν
668 1001 753 1063 εἰς
797 1000 887 1053 τὸν
912 997 1059 1054 οἷκον
1091 1001 1377 1071 ἐπείχθητε
1415 1001 1509 1054 τοῦ
1554 1001 1709 1064 Θεοῦ,
1744 1004 1802 1054 ἐν

224 1089 338 1158 ὅσῳ
372 1105 479 1158 περ
512 1089 637 1158 ὑμῖν
659 1093 814 1145 ἐστιν
841 1091 993 1144 ἄδεια
1021 1092 1113 1144 τοῦ
1144 1092 1392 1145 εἰσιέναυ
1431 1093 1569 1161 μετὰ
1588 1091 1800 1144 πολλῶν

222 1179 285 1233 δὲ
338 1180 675 1249 ἁναῦοήσατε
729 1181 839 1234 τῶν
888 1182 1221 1252 στεναγμῶνν
1278 1182 1434 1235 τοῦτο
1486 1182 1588 1252 γὰρ
1631 1181 1797 1248 λέγει,

230 1289 251 1321 ι
290 1274 475 1341 Οῖμοι,
507 1272 670 1341 οίμοι,
728 1274 905 1344 οἴμοιο
952 1292 972 1326 ι
1024 1274 1307 1344 εὐχόμενοι
1356 1279 1432 1345 μὴ
1481 1277 1560 1337 εἱς
1604 1276 1800 1343 πεῖραν

222 1362 405 1415 ἐλθεῖν
436 1364 533 1434 τῆς
560 1364 775 1434 ἡμέρας
797 1365 1031 1434 ἐκείνης,
1059 1366 1126 1434 ἢν
1151 1367 1211 1418 οὐ
1238 1365 1426 1436 πόρρω
1458 1366 1800 1436 συμϐέϐηκεν

221 1451 367 1509 εἶναι
401 1456 540 1508 κατὰ
568 1457 670 1525 τὴν
703 1456 929 1526 ἀπειλὴν
961 1456 1059 1527 τὴν
1093 1456 1264 1509 θείαν.
1305 1476 1325 1507 ι
1369 1458 1477 1509 Καὶ
1506 1458 1580 1520 ὡς
1611 1458 1799 1510 ταλαι-

224 1546 408 1619 πωρία
436 1549 503 1600 ἐκ
528 1548 905 1617 ταλαιπωρίας
926 1549 1068 1617 ἥξει.
1103 1568 1118 1601 ι
1161 1551 1249 1613 Ὧς
1273 1549 1338 1602 ἂν
1366 1550 1440 1621 μὴ
1479 1548 1799 1617 ἐπαλλήλοις

229 1637 357 1707 ὑμῖν
386 1642 707 1708 περιπεσεῖν
740 1640 1025 1710 ἐγγένηται
1048 1644 1159 1703 τοῖς
1191 1644 1399 1704 κακοῖς.
1445 1658 1463 1691 ι
1508 1641 1627 1692 Ὅτι
1666 1655 1797 1691 κατ-

1911 475 1930 510 ι
1979 459 2313 529 Congregale
2353 473 2553 519 senes,
2597 472 2897 528 omnesque
2933 466 3094 513 terra
3138 458 3350 513 incolas
3399 460 3469 515 ad

1904 550 2124 606 domum
2183 550 2275 605 Dei
2314 551 2501 614 vestri,
2537 556 2593 604 et
2630 550 2864 604 clamate
2893 550 2963 604 ad
2996 550 3278 605 Dominum
3318 551 3471 606 vehe-

1905 652 2150 695 menter:
2206 641 2317 695 Heu
2369 640 2529 694 mihi!
2566 641 2670 695 heu
2721 641 2889 694 mihi!
2929 643 3030 695 heu
3060 639 3190 694 mihi
3238 642 3291 694 in
3343 639 3464 694 die!

1904 735 2029 803 quia
2061 748 2225 803 prope
2253 733 2369 786 dies
2400 731 2634 786 Domini.
2670 751 2688 783 ι
2724 730 2788 783 Et
2811 746 3022 794 omnes,
3054 732 3146 801 qui
3172 732 3223 785 in
3252 732 3471 801 regione

1903 832 2082 879 vestra
2126 825 2427 892 prwcedere
2461 824 2585 877 aliis
2635 822 2704 876 ob
2749 830 2964 877 aetatem
3013 822 3230 886 debent.
3274 823 3471 877 eoadu-

1906 923 2120 977 nantes,
2168 930 2306 984 quos
2340 918 2394 969 et
2439 916 2678 984 reliquos
2722 915 2876 985 sequi
2918 930 3015 984 par
3056 923 3160 981 est,
3203 915 3465 985 gregatim

1903 1004 1999 1060 Dei
2026 1005 2247 1059 domum
2284 1004 2491 1075 ingredi
2517 1006 2804 1075 impellite,
2843 1005 3086 1075 quandiu
3110 1006 3264 1059 vobis
3288 1006 3468 1060 adhuc

1904 1097 2239 1168 ingrediendi
2284 1097 2439 1166 copia
2478 1106 2581 1152 est.
2616 1098 2753 1151 Cum
2789 1097 2975 1152 multis
3010 1106 3188 1151 autem
3236 1097 3468 1152 clamate

1899 1190 2228 1259 gemitibus;
2264 1189 2319 1243 id
2347 1191 2491 1244 enim
2522 1189 2777 1258 pmdicta
2810 1189 3009 1243 locutio
3040 1189 3141 1242 heu
3181 1188 3334 1253 mihi,
3362 1189 3465 1244 heu

1902 1282 2054 1342 mihi,
2087 1281 2189 1335 heu
2223 1281 2378 1342 mihi,
2408 1280 2721 1350 signiﬁcat;
2762 1287 2983 1334 orantes
3030 1296 3098 1334 ne
3136 1279 3281 1333 diem
3316 1280 3465 1333 illam

1896 1372 2135 1441 experiri
2185 1371 2475 1441 eogamini,
2522 1385 2644 1440 quae
2682 1370 2827 1425 haud
2865 1370 3053 1438 procul
3096 1370 3269 1435 abest,
3312 1370 3467 1438 juxta

1899 1465 2137 1518 divinam
2181 1464 2682 1518 communitionem.
2744 1480 2765 1514 ι
2819 1462 2886 1515 Ει
2929 1463 3083 1532 quasi
3136 1462 3355 1517 miseria
3398 1460 3468 1517 de

1902 1555 2125 1609 miseria
2182 1554 2384 1608 veniet.
2433 1571 2451 1603 ι
2517 1551 2595 1607 Ne
2652 1553 2771 1607 sine
2833 1551 3239 1621 intercapedine
3308 1550 3468 1605 malis

1900 1646 2295 1716 corripiamini.
2340 1664 2360 1696 ι
2392 1643 2532 1710 Quia
2562 1653 2688 1698 ante
2730 1644 2921 1697 oculos
2966 1651 3181 1697 vestros
3208 1641 3468 1696 alimenta

228 1729 412 1783 ἔναντι
456 1730 569 1784 τῶν
619 1708 1107 1802 ὀφθαλμῶν-ὑμῶν
1174 1732 1438 1804 βρώματα
1489 1730 1793 1802 ἐξηράνθη,

1912 1708 2246 1796 exaruerunt,
2274 1737 2397 1790 item
2418 1708 2486 1790 de
2508 1737 2670 1789 domo
2706 1734 2799 1789 Dei
2839 1734 3002 1788 vestri
3025 1734 3283 1802 gaudium
3305 1740 3470 1801 atque

224 1822 319 1875 καὶ
338 1821 402 1887 ἐξ
428 1822 585 1875 οἴκου
613 1822 750 1875 Θεοῦ
781 1822 934 1893 ὑμῶν
965 1823 1267 1895 εὐφροσύνη
1301 1826 1395 1877 καὶ
1422 1826 1584 1895 χαρά.
1620 1842 1641 1876 ι
1682 1823 1796 1876 Ἵνα

226 1914 302 1984 μὴ
323 1914 597 1967 αὐτόπται
629 1914 856 1984 γένησθε
886 1915 993 1968 τῶν
1025 1915 1210 1969 κακῶν
1243 1914 1486 1979 ἐκείνων,
1522 1917 1602 1968 ὅτι
1628 1912 1796 1984 πολλὴ

227 2006 325 2076 μέν
352 2022 441 2069 τις
482 2006 636 2059 ἔσται
679 2007 774 2060 καὶ
820 2008 1047 2077 μεγίστη
1090 2007 1196 2060 τῶν
1236 2008 1524 2079 καρπιῖινή
1568 2006 1791 2078 ἀφορίαο

222 2096 660 2168 προστεθήσεται
684 2098 742 2152 δὲ
766 2100 827 2152 τὸ
852 2102 1122 2171 χείριστον
1167 2100 1421 2152 ἁπάντων
1480 2100 1577 2168 τὴν
1620 2100 1799 2151 πᾶσαν

222 2190 543 2263 ἀφῃρῆσθαι
592 2191 686 2245 τοῦ
719 2192 871 2245 οἴκου
910 2192 1006 2245 τοῦ
1050 2191 1185 2245 Θεοῦ
1230 2191 1328 2262 τὴν
1363 2190 1706 2262 καθήκουσαν
1738 2207 1799 2243 τε

223 2282 317 2333 καὶ
347 2280 713 2352 ὀφειλομένην
735 2282 810 2351 τῷ
838 2282 957 2351 Θεῷ
988 2284 1062 2351 (p.
1098 2282 1221 2350 1H)
1245 2282 1559 2353 θεραπείαν,
1588 2283 1621 2351 ἢ
1652 2281 1801 2334 πλεί-

222 2386 356 2441 στης
380 2373 518 2442 ὅσης
540 2373 879 2443 εὐφροσύνης
910 2391 967 2426 τε
996 2375 1087 2427 καὶ
1113 2376 1286 2445 χαρᾶς
1311 2373 1552 2444 πληροῦν
1573 2372 1803 2442 ἠδύνατο

222 2464 348 2524 τοὺς
372 2463 517 2532 πρὸς
545 2462 607 2514 τὸ
627 2463 747 2516 δέον
774 2464 1033 2534 ὁρῶντας.

291 2554 440 2623 Στίχ.
472 2551 651 2617 ιζ’-κ’.
676 2584 749 2596 -
790 2575 809 2608 ι
856 2556 1213 2628 Ἐσκίρτησαν
1240 2557 1503 2628 δαμάλεις
1546 2560 1637 2612 ἐπὶ
1677 2560 1803 2622 ταῖς

222 2645 448 2713 φάτναις
475 2645 683 2700 αὐτῶν.
717 2666 737 2698 ι
764 2641 932 2702 Δῦται
968 2648 1064 2719 μὲν
1090 2649 1196 2720 γὰρ
1220 2650 1325 2703 ὑπὸ
1345 2650 1445 2720 τῆς
1474 2650 1804 2719 κατεχούσης

221 2736 429 2801 ἐνδείας
458 2737 925 2810 συνελαυνόμεναι
956 2742 1090 2811 πρὸς
1122 2742 1183 2794 τὸ
1213 2744 1439 2813 σκιρτᾷν
1466 2758 1527 2795 τε
1555 2743 1804 2795 νεύσουσι

222 2828 317 2882 καὶ
344 2829 755 2899 ταράττεσθαι,
786 2831 892 2883 ὑπὸ
943 2830 1039 2901 μὲν
1081 2832 1184 2901 τῆς
1217 2831 1431 2899 φύσεως
1463 2835 1563 2902 τὴν
1599 2832 1806 2903 τροφὴν

220 2919 605 2990 ἐπιζητοῦσαι,
637 2921 742 2974 ὑπὸ
769 2921 826 2975 δὲ
845 2922 940 2974 τοῦ
968 2921 1039 2993 μὴ
1061 2925 1312 2994 παρεῖναι
1341 2923 1403 2975 τὸ
1422 2922 1640 2993 τρέφον.
1672 2923 1807 2993 πρὸς

224 3012 456 3066 ἄτακτον
473 3009 797 3084 κινούμεναι
813 3014 1112 3085 σκίρτησιν.
1137 3032 1156 3065 ι
1180 3013 1491 3084 Εύρωτίασε
1514 3014 1807 3084 σιτοδοχεῐα

224 3106 452 3159 ὰπδτῶν
472 3106 798 3177 χρωμάτων
812 3105 1040 3160 αὐτῶν.»
1061 3105 1276 3177 Ἐπειδὴ
1298 3105 1416 3170 ἔθος
1435 3105 1808 3178 περιχρίεσθαι

223 3197 312 3250 τοῦ
331 3199 485 3251 σίτου
500 3197 605 3260 τὰς
618 3196 903 3267 ἀποθήκας
917 3196 1213 3266 ἀσφαλείας
1224 3198 1429 3261 ἕνεκεν,
1445 3199 1545 3250 οὐκ
1559 3200 1805 3263 ἐνόντων,

224 3292 377 3359 φησι,
400 3290 515 3342 τῶν
544 3287 989 3359 ἐμϐαλλομένων,
1014 3288 1227 3359 εὐρῶτα
1246 3290 1273 3341 ό
1294 3289 1671 3360 ἐπιχριόμενος
1697 3288 1807 3354 ἕξει

226 3380 415 3452 πηλὸς,
442 3381 512 3432 ἐκ
531 3378 629 3431 τοῦ
650 3379 815 3449 μηδὲν
845 3378 1195 3432 ἀποτίθεσθαι
1219 3378 1493 3443 καθάπαξ.
1525 3399 1542 3430 ι
1589 3378 1811 3448 Ἠφανί-

230 3474 438 3543 σθησιν
474 3471 767 3543 θησαυροί.
811 3490 829 3523 ι
866 3472 979 3534 na;
1008 3471 1172 3534 τόπος
1207 3472 1391 3524 ὅντινα
1414 3472 1611 3542 δήποτε
1643 3470 1810 3524 εἰσδέ-

230 3566 418 3636 χεσθαι
466 3563 687 3635 καρπὸν
722 3562 957 3628 εἰωθὼς,
988 3564 1240 3634 περιττὸς
1269 3563 1450 3628 ἔσται,
1497 3565 1598 3617 οὐκ
1638 3564 1810 3616 όντων

228 3656 332 3711 τῶν
358 3654 738 3727 ἐμϐάλλεσθαι
775 3655 1120 3723 ὀφειλόντων.
1176 3674 1193 3706 ι
1243 3656 1678 3727 Κατεσκάφησαν
1717 3656 1810 3727 λη-

229 3747 323 3802 νοί.
362 3767 384 3798 ι
424 3746 695 3817 Περιτταὶ
726 3744 821 3797 καὶ
848 3738 1009 3797 αὗται
1038 3744 1348 3812 φανοῦνται,
1384 3745 1594 3808 οὐδενὸς
1631 3746 1809 3797 είσκο-

234 3837 554 3907 μιζομένου.
613 3854 633 3887 ι
680 3835 803 3887 Ὀτι
846 3835 1114 3906 ἐξηράνθη
1163 3838 1327 3898 σῖτος,
1373 3837 1424 3888 τί
1466 3835 1809 3907 ἀποθήσομεν

234 3930 449 3991 ἑαυτοῖς
485 3946 500 3991 ;
531 3947 555 3979 ι
593 3928 724 3979 Ἀπὸ
756 3928 953 3999 μέρους
977 3927 1070 3980 τοῦ
1097 3927 1240 3979 σίτου
1270 3928 1394 3989 τοὺς
1411 3927 1615 3990 πάντας
1639 3928 1812 3981 εἰπεῖν

233 4019 510 4090 ἡϐουληθη
538 4018 814 4089 καρπούς·
855 4022 936 4081 εἰς
963 4019 1069 4089 γὰρ
1104 4017 1389 4087 βεϐαίωσιν
1418 4017 1523 4071 τῶν
1551 4035 1812 4089 προειρη-

241 4112 419 4181 μένων
453 4110 619 4164 τοῦτο
656 4109 902 4179 βούλεται
930 4110 1130 4179 λέγειν,
1164 4111 1245 4163 ὅτι
1275 4109 1383 4162 τῶν
1412 4110 1640 4181 καρπῶν
1672 4128 1812 4163 παν-

239 4205 404 4267 τελῶς
432 4202 832 4274 ἀφῃρημένων,
867 4202 1117 4272 περιττὸς
1141 4204 1249 4265 πᾶς
1280 4201 1433 4256 ἔσται
1470 4203 1634 4266 τόπος
1660 4202 1812 4273 δέχε-

244 4293 361 4348 σθαι
390 4296 525 4357 τοὺς
560 4295 807 4362 καρποὺς
849 4293 1076 4358 εἰωθὼς,
1118 4296 1191 4362 (p.
1229 4294 1351 4363 112)
1383 4294 1482 4345 οὐκ
1515 4293 1681 4345 ὄντων
1705 4293 1814 4347 τῶν

1897 1828 2103 1882 laetitia.
2145 1844 2165 1878 ι
2217 1827 2299 1880 Ne
2353 1833 2697 1895 spectatores
2740 1824 3006 1877 malorum
3057 1823 3273 1877 illorum
3323 1820 3467 1884 sitis,

1895 1921 2025 1989 quia
2089 1918 2261 1972 multa
2310 1918 2417 1972 erit
2468 1916 2578 1969 imo
2633 1915 2869 1969 maxima
2919 1913 3134 1984 frugum
3182 1912 3467 1968 sterilitas.

1896 2011 2180 2067 Pessimus
2216 2010 2461 2064 omnium
2493 2008 2716 2062 accedet
2740 2006 3014 2072 cumulus,
3039 2005 3274 2061 cessatio
3296 2003 3477 2059 omni-

1900 2104 2060 2157 moda
2098 2104 2155 2156 in
2184 2102 2276 2156 Dei
2310 2103 2512 2171 templo
2539 2100 2767 2169 congrui
2810 2099 3089 2168 debitique
3128 2096 3236 2152 Deo
3263 2097 3467 2159 cultus.

1899 2196 1993 2263 qui
2041 2195 2240 2265 gaudio
2287 2194 2525 2263 plurimo
2560 2200 2721 2263 atque
2770 2191 2961 2245 laetitia
3014 2190 3225 2259 replere
3260 2195 3471 2259 poterat

1902 2287 2117 2341 honesti
2140 2286 2444 2341 studiosos.

1974 2558 2142 2613 Vens.
2191 2556 2408 2611 17-20.
2438 2585 2508 2600 -
2550 2573 2569 2605 ι
2608 2553 3068 2608 Subsultaverunt
3114 2550 3364 2620 juvenem
3411 2549 3469 2604 in

1904 2651 2237 2721 praesepibus
2317 2648 2457 2702 suis.
2499 2665 2517 2698 ι
2578 2644 2670 2700 Hae
2740 2645 2942 2714 quippe
2990 2649 3273 2712 premente
3328 2640 3476 2695 fame

1906 2754 2130 2805 coaetze,
2165 2742 2478 2796 subsultare
2511 2754 2575 2792 ac
2620 2737 2933 2809 perturbari
2976 2734 3266 2803 incipient,
3310 2740 3473 2787 natu-

1906 2834 2093 2890 raliter
2135 2833 2450 2887 alimoniam
2485 2837 2827 2901 quzerentes;
2870 2844 2976 2898 qua
3012 2834 3228 2897 negata,
3272 2827 3340 2879 ad
3388 2827 3473 2879 in-

1907 2923 2157 2979 conditas
2206 2923 2636 2977 subsultationes
2681 2926 2986 2973 moventur.
3042 2935 3064 2968 ι
3109 2916 3472 2986 Computrue-

1910 3023 2039 3070 runt
2068 3016 2262 3069 horrea
2295 3015 2363 3067 ab
2397 3012 2749 3067 unctionibus
2793 3011 2931 3066 suis.
2972 3027 2991 3061 ι
3027 3007 3166 3073 Quia
3209 3020 3329 3061 mos
3354 3013 3474 3061 erat

1916 3108 2153 3177 ungendi
2183 3106 2475 3176 apothecas
2511 3104 2699 3166 tritici,
2744 3116 2915 3157 causa
2944 3098 3398 3162 conservationis,
3423 3096 3473 3153 si

1914 3200 2131 3255 deficiet
2169 3197 2432 3268 quidquid
2476 3197 2605 3250 illuc
2647 3193 3002 3266 ingerendum
3032 3199 3171 3254 erat,
3206 3196 3480 3260 putrescat

1916 3292 2112 3346 illitum
2142 3291 2336 3352 lutum,
2365 3303 2489 3343 cum
2532 3288 2667 3341 nihil
2706 3285 2933 3339 omnino
2976 3283 3048 3339 sit
3098 3284 3244 3336 intus
3272 3281 3479 3350 reposip

1916 3390 2053 3435 tum.
2088 3398 2106 3431 ι
2152 3379 2423 3434 Destructi
2474 3389 2602 3435 sunt
2658 3377 2922 3431 thesauri.
2976 3394 2994 3427 ι
3043 3372 3278 3439 Quilibet
3327 3371 3481 3425 locus

1916 3474 2160 3542 recipere
2209 3470 2393 3540 fruges
2444 3470 2659 3533 solitus,
2710 3480 3151 3537 snpervacaneus
3197 3462 3325 3524 erit,
3354 3474 3477 3514 eum

1913 3578 2022 3618 non
2062 3566 2175 3617 sint
2204 3576 2324 3631 quae
2352 3560 2538 3631 reponi
2575 3559 2826 3613 debeant.
2862 3575 2881 3607 ι
2923 3555 3165 3611 Sutiossa
3211 3560 3340 3607 sunt
3367 3559 3481 3605 tor-

1916 3655 2145 3710 eularia.
2183 3673 2201 3705 ι
2234 3652 2343 3723 74
2378 3650 2513 3705 llaec
2560 3665 2778 3720 quoque
2816 3648 3147 3702 videbuntur
3185 3641 3478 3713 superﬂua,
3509 3641 3533 3662 τ

1917 3760 2039 3799 cum
2074 3757 2231 3797 nemo
2257 3742 2552 3811 quidquam
2583 3738 2791 3793 aﬂ'erat.
2827 3756 2848 3787 ι
2884 3737 3020 3791 Cum
3070 3734 3373 3790 arefactum
3410 3731 3483 3786 sit
3512 3728 3535 3811 ξξ

1918 3834 2184 3894 triticum,
2218 3806 2348 3899 quid
2382 3806 2538 3883 nobis
2574 3827 2938 3897 reponemus?
2970 3844 2993 3877 ι
3032 3826 3077 3879 Α
3104 3832 3280 3895 parte,
3315 3822 3368 3877 id
3397 3828 3483 3876 est

1917 3942 1949 3981 a
1985 3927 2188 3988 tritico,
2215 3931 2441 3977 cunctos
2492 3922 2608 3975 vult
2655 3921 2917 3974 denotare
2967 3918 3204 3972 fructus.
3238 3915 3485 3982 Namque
3514 3910 3515 3915 “

1918 4021 1985 4073 ad
2015 4029 2174 4073 antea
2197 4018 2469 4070 dictorum
2501 4013 2974 4068 confirmationem
3010 4012 3114 4066 hoc
3133 4009 3317 4063 dicere
3345 4007 3481 4072 vult,

1916 4127 2112 4180 nempe
2144 4108 2289 4180 quod
2324 4107 2571 4177 frugibus
2600 4106 2819 4160 cunctis
2854 4103 3074 4165 ablatis,
3108 4112 3483 4170 supervacuus

1919 4209 2023 4261 erit
2056 4207 2232 4260 munis
2261 4206 2415 4258 locus
2442 4204 2509 4256 iis
2548 4198 2885 4269 excipiendis
2916 4204 3183 4250 consueto
3211 4206 3361 4245 more
3384 4204 3485 4260 pa-

1886 4308 1887 4311 ‘
1921 4306 2093 4358 ratus,
2116 4310 2238 4347 cum
2280 4292 2427 4363 quod
2474 4297 2772 4360 reponatur
2814 4287 2975 4342 desit.
3017 4304 3036 4336 ι
3074 4283 3361 4337 Fleverunt
3390 4295 3482 4333 ar-

238 4385 596 4439 ὰποτίθεσθαι
642 4385 963 4452 μελλόντων.
1004 4403 1022 4435 ι
1064 4384 1334 4438 Ἔκλαυσε
1372 4384 1620 4454 βουκόλια
1652 4384 1808 4454 βοῶν,

1925 4398 2100 4441 menta
2132 4388 2316 4450 boum,
2340 4384 2467 4453 quia
2500 4398 2608 4436 non
2637 4387 2791 4434 erant
2822 4380 2901 4434 eis
2931 4391 3132 4447 pascua
3164 4392 3177 4427 :
3206 4382 3261 4429 et
3289 4386 3484 4444 greges

240 4480 317 4531 ὅτι
348 4479 454 4548 οὐχ
492 4478 706 4549 ὑπῆρχε
752 4478 889 4547 νομὴ
939 4476 1134 4529 αὐτῶν·
1197 4477 1291 4530 καὶ
1336 4477 1404 4530 τὰ
1441 4477 1666 4547 ποίμνια
1712 4477 1819 4530 τῶν

243 4572 532 4641 προὸάτων
571 4568 966 4638 ἠφανίσθησαν.
1023 4586 1042 4618 ι
1107 4568 1407 4639 Ἀφῄρηται
1454 4569 1563 4621 τῶν
1606 4569 1819 4640 κτηνῶν

242 4662 275 4730 ἡ
302 4659 549 4730 συνήθης
598 4657 740 4711 κατὰ
784 4657 967 4728 χώραν
1006 4658 1203 4728 τροφή.
1250 4675 1268 4708 ι
1306 4657 1449 4727 Πρὸς
1481 4658 1561 4723 σέ,
1608 4658 1779 4728 Κύριε
1804 4697 1819 4722 ,

247 4750 545 4821 βοήσομαι,
564 4745 648 4798 ὅτι
675 4745 788 4819 πῦρ
808 4749 1053 4819 ἀνήλωσε
1098 4749 1169 4801 τὰ
1215 4748 1391 4818 ὡραῖα
1419 4748 1519 4817 τῆς
1568 4749 1774 4819 ἐρήμου
1801 4789 1817 4809 .

247 4844 339 4895 καὶ
366 4843 500 4911 φλὸξ
540 4839 716 4910 ἀνῆψε
764 4844 943 4893 πάντα
976 4841 1045 4893 τὰ
1078 4838 1212 4903 ξύλα
1242 4838 1337 4891 τοῦ
1368 4837 1559 4909 ἀγροῦ,
1598 4858 1616 4890 ι
1654 4840 1819 4909 Κοινῇ

246 4934 305 4989 δὶ
331 4936 538 4996 πάντες
567 4934 661 4985 ἐπὶ
703 4932 816 4993 τοῖς
849 4931 1138 4999 κατέχουσι
1188 4932 1374 4992 κακοῖς
1407 4929 1557 4998 παρὰ
1592 4928 1682 4981 σοῦ
1717 4929 1824 4982 τῶν

246 5028 579 5094 τηλικούτων
623 5022 813 5078 κακῶν
861 5024 1157 5092 αἰτήσομεν
1207 5022 1305 5092 τὴν
1337 5021 1508 5083 λύσιν,
1556 5022 1637 5073 ὅτι
1669 5020 1824 5091 δίκην

254 5118 420 5187 πυρὸς
450 5117 648 5169 ἅπασα
680 5116 713 5184 ἡ
747 5114 900 5183 χώρα
927 5116 1022 5165 σὺν
1059 5115 1171 5174 τοῖς
1210 5111 1387 5164 ἐνοῦσι
1418 5109 1654 5179 δένδροις
1683 5110 1826 5179 ηφάο

250 5224 444 5261 νισται⁸
478 5226 496 5259 ι
529 5206 710 5276 ὡραῖα
750 5223 768 5255 ι
801 5204 909 5273 γὰρ
951 5220 970 5254 ι
1006 5204 1105 5273 τῆς
1135 5205 1340 5274 ἐρήμου
1374 5220 1395 5253 ι
1431 5201 1577 5269 λέγει
1612 5202 1737 5264 τοὺς
1766 5203 1825 5254 ἐν

252 5301 361 5363 τάς
386 5299 538 5370 ὄρεσι
558 5299 762 5359 τόπους
786 5295 922 5365 πρὸς
947 5296 1273 5364 σπερμάτων
1303 5292 1607 5362 καταϐολὴν
1637 5295 1826 5363 ἐπιτη-

254 5390 424 5453 δείους
473 5391 657 5453 όντας,
694 5388 788 5452 οὓς
824 5387 1047 5439 εἰώθασι
1080 5385 1242 5455 κοινῷ
1270 5386 1412 5455 λόγῳ
1459 5403 1476 5434 ι
1519 5382 1767 5453 όροπέδια
1802 5400 1820 5434 ι

255 5483 437 5534 καλεῖν
460 5499 473 5511 ·
512 5483 601 5534 ἴνα
635 5477 731 5532 οὖν
763 5479 913 5547 εἴπῃ·
964 5477 1045 5528 ὃτι
1076 5478 1182 5538 πᾶς
1210 5475 1371 5536 τόπος
1411 5473 1505 5525 καὶ
1539 5473 1645 5525 πᾶν
1672 5471 1827 5537 ξύλον

255 5582 562 5652 ἠφάνισται,
617 5581 696 5643 ὡς
740 5579 847 5631 ὑπὸ
897 5577 1065 5648 πυρός
1114 5594 1256 5639 τινος
1314 5573 1824 5643 καταπεφλεγμένα.

268 5691 289 5724 ι
324 5673 427 5728 Καὶ
464 5674 530 5729 τὰ
569 5675 753 5740 κτήνη
796 5668 893 5723 τοῦ
945 5669 1124 5724 πεδίου
1163 5668 1421 5735 ἀνέϐλεψε
1457 5666 1590 5734 πρὸς
1635 5666 1713 5734 σὲ,
1747 5666 1827 5719 ὅτι

1921 4481 2103 4533 ovium
2145 4478 2530 4547 disperierunt.
2579 4493 2598 4524 ι
2644 4471 3024 4526 Jumentorum
3077 4474 3341 4521 consueta
3390 4480 3486 4536 per

1922 4587 2082 4641 agros
2105 4571 2363 4623 alimenta
2393 4565 2736 4621 defecerunt.
2780 4582 2799 4615 ι
2835 4563 2916 4617 Ad
2966 4570 3040 4626 te,
3083 4558 3332 4621 Domine,
3367 4558 3484 4612 cla-

1923 4665 2103 4727 mabo,
2133 4664 2259 4734 quia
2307 4661 2450 4732 ignis
2492 4658 2836 4725 consumpsit
2881 4655 3126 4725 speciosa
3174 4650 3397 4713 deserti,
3432 4656 3488 4703 et

1923 4756 2135 4807 flamma
2166 4762 2361 4806 cuncta
2393 4752 2534 4818 ligna
2565 4749 2679 4819 agri
2708 4744 3010 4801 succendit.
3044 4763 3062 4795 ι
3097 4742 3289 4797 Cuncti
3324 4739 3487 4794 simul

1924 4844 1978 4897 in
2016 4843 2184 4898 tantis
2216 4841 2498 4896 constituti
2541 4840 2722 4903 malis,
2766 4852 2797 4891 a
2842 4846 2897 4891 te
2942 4834 3223 4905 poscimus
3267 4830 3485 4883 illorum

1924 4936 2269 4999 solutionem,
2321 4933 2449 5002 quia
2503 4933 2653 4987 velut
2704 4930 2827 4999 igne
2865 4929 3118 4982 universa
3167 4922 3317 4992 regio
3361 4933 3485 4975 cum

1925 5029 2039 5083 suis
2067 5025 2355 5079 arboribus
2382 5031 2593 5079 vastata
2612 5029 2716 5077 est.
2735 5018 2867 5073 Nam
2900 5039 2919 5067 ι
2947 5013 3150 5069 deserti
3181 5012 3427 5082 speciosa
3459 5026 3479 5058 ι

1924 5119 2057 5173 dicit
2093 5117 2245 5170 locos
2300 5116 2353 5168 in
2392 5113 2671 5167 montibus
2718 5106 3066 5166 seminationi
3116 5103 3361 5165 idoneos,
3392 5100 3486 5169 qui

1924 5210 2132 5273 vulgari
2166 5207 2380 5277 loquela
2411 5206 2519 5261 dici
2560 5204 2738 5259 solent
2786 5217 2805 5252 ι
2847 5196 3087 5268 planitia:
3126 5203 3416 5250 montanae.
3454 5208 3481 5243 ν»

1926 5299 2054 5353 Vult
2098 5313 2228 5368 ergo
2280 5298 2485 5359 dicere,
2540 5307 2755 5348 omnem
2807 5292 2988 5343 locum
3044 5299 3312 5355 omneque
3352 5280 3484 5350 ligni

1927 5407 2097 5461 genus
2124 5399 2382 5458 tanquam
2425 5388 2546 5456 igne
2578 5384 2747 5438 fuisse
2790 5380 3202 5435 inﬂammatum.
3241 5393 3259 5425 ι
3300 5371 3403 5425 Sed
3431 5378 3488 5425 et

1927 5482 2113 5537 bestiae
2148 5480 2261 5550 agri
2313 5479 2378 5533 ad
2431 5486 2484 5531 te
2532 5481 2915 5544 suspexerunt,
2949 5473 3202 5542 quoniam
3237 5462 3490 5519 arefacta:

1930 5580 2057 5627 sunt
2092 5586 2354 5639 aquarum
2391 5565 2773 5633 scaturigines.
2816 5583 2835 5617 ι
2874 5561 3129 5625 Pereunt,
3162 5554 3360 5625 inquit,
3396 5554 3491 5610 siti

1892 5724 1904 5741 ν,
1931 5667 2192 5732 iumenta,
2224 5661 2465 5716 fontibus
2491 5657 2626 5728 jam,
2652 5657 2723 5713 ob
2753 5655 2951 5726 pluvia:
2979 5651 3269 5714 defectum,
3290 5660 3495 5716 aquam
