3966 6222
519 332 555 387 2
567 328 627 385 l9

1710 328 2060 389 THEODORI
2096 326 2579 388 MOPSUESTENI

3643 334 3755 392 220

523 440 772 499 emittere
803 457 910 498 non
955 442 1282 502 valentibus.
1310 442 1605 516 Postquam
1637 445 1802 516 igitur
1831 446 1940 500 lato
1967 461 2078 501 ser-

2184 444 2558 516 ὲξηράνθησαν
2579 443 2798 514 ἀφέσεις
2820 443 3044 500 ὑδάτων.
3079 465 3099 499 ι
3142 447 3473 514 Ἀπολεῖται,
3500 451 3653 521 φησὶ,
3675 449 3759 521 τῷ

522 549 686 590 tnone
745 537 1000 607 exposuit
1057 539 1325 594 malorum
1390 537 1819 605 multitudinem,
1886 538 2087 594 similia

524 629 801 698 praedictis
840 630 1099 685 subtexit.

1178 900 1329 955 CAP.
1372 901 1431 955 ll.

591 992 759 1049 Vens.
799 994 909 1048 1-5.
948 1023 1017 1034 -
1056 1012 1074 1044 ι
1109 993 1357 1063 tllangite
1399 992 1527 1047 tuba
1574 990 1626 1045 in
1676 991 1862 1057 Sione,
1895 992 2087 1062 praedi-

520 1096 642 1143 cate
699 1088 753 1141 in
813 1094 995 1141 monte
1042 1099 1232 1141 sancto
1261 1101 1401 1147 meo,
1438 1094 1843 1155 congregentur
1895 1100 2085 1141 omnes

522 1180 864 1235 habitatores
916 1190 1094 1241 terrae,
1145 1178 1272 1247 quia
1326 1178 1481 1231 adest
1525 1176 1642 1232 dies
1687 1176 1924 1239 Domini,
1959 1177 2086 1246 quia

520 1286 691 1341 prope
719 1278 804 1325 est
831 1270 947 1324 dies
976 1270 1325 1323 tenebrarum
1354 1277 1407 1322 et
1434 1268 1706 1338 caliginis,
1736 1268 1853 1322 dies
1877 1268 2087 1323 nebula:

519 1372 575 1417 et
598 1361 856 1416 turbinis.
896 1380 913 1411 ι
948 1359 1114 1413 Tubae
1145 1360 1328 1429 itaque
1357 1360 1513 1427 signo
1550 1360 1697 1425 dato,
1735 1359 1891 1429 juxta
1918 1360 2084 1414 ritum

519 1452 842 1522 legitimum,
878 1452 983 1521 75
1012 1461 1239 1507 cunctos
1276 1451 1345 1504 ad
1400 1450 1620 1505 Sionem
1668 1459 1908 1504 montem
1952 1464 2086 1504 con—-

519 1552 757 1613 gregate,
814 1544 906 1597 ubi
936 1543 1067 1597 mihi
1100 1545 1306 1597 cultum
1340 1542 1582 1597 exhiberi
1640 1557 1757 1595 mos
1805 1550 1923 1607 est;
1972 1541 2085 1595 illic

518 1650 695 1687 meam
724 1618 1078 1703 implorantes
1099 1632 1550 1695 misericordiam,
1573 1632 1701 1701 quia
1721 1631 1863 1684 haud
1894 1629 2082 1699 procul

519 1733 604 1779 est
632 1739 795 1793 quam
845 1722 987 1777 Deus
1021 1725 1385 1777 comminatus
1414 1732 1500 1777 est
1528 1722 1667 1786 dies,
1703 1737 1824 1791 quae
1856 1731 2084 1776 cunctos

519 1813 764 1869 tenebris
799 1822 960 1882 atque
1006 1812 1237 1882 caligine
1274 1813 1495 1882 Opplcre
1527 1812 1670 1880 potis
1697 1821 1815 1878 est;
1856 1812 1990 1865 adeo
2023 1820 2083 1865 ut

519 1907 703 1961 videre
731 1905 865 1958 nihil
920 1904 1153 1973 possint,
1188 1912 1375 1972 utpote
1406 1903 1568 1959 rebus
1602 1904 1857 1959 omnibus
1886 1905 2083 1959 nebula

520 2013 583 2051 ac
608 1997 826 2050 turbine
857 1995 1152 2049 obvolutis.
1197 1993 1362 2049 Recte
1383 2006 1560 2049 autem
1589 1996 1655 2049 ad
1682 1994 1898 2050 Sionem
1930 2012 2085 2050 mon-

520 2098 626 2143 tem
658 2102 847 2141 omnes
882 2088 1129 2149 advocat,
1174 2087 1227 2140 in
1258 2102 1366 2156 quo
1396 2088 1475 2141 lex
1516 2086 1748 2142 Mosaica
1778 2089 1880 2142 coli
1913 2088 2083 2144 Deum

521 2178 722 2234 debere
752 2179 1054 2232 constituit.
1107 2177 1285 2242 Quare
1311 2188 1366 2232 et
1394 2177 1579 2233 decem
1617 2178 1791 2231 tribus
1823 2180 2084 2234 derelicto

519 2269 623 2323 loci
661 2269 782 2337 ejus
820 2268 1007 2322 divino
1053 2268 1225 2331 cultu,
1279 2268 1532 2336 juvencis
1580 2269 1879 2323 secundum
1931 2267 2085 2323 Jero-

520 2358 703 2412 boatni
732 2359 1043 2421 consilium,
1073 2359 1322 2413 eumdem
1349 2360 1680 2412 detulerunt.
1715 2358 1869 2413 Nunc
1901 2361 2085 2427 itaque

520 2450 789 2512 hortatur,
825 2456 882 2501 ut
928 2448 995 2503 ab
1023 2450 1232 2503 insania
1263 2450 1350 2503 illa
1382 2450 1715 2512 recedentes.
1748 2451 1814 2504 ad
1863 2451 2083 2505 Sionem

518 2547 755 2593 montem
795 2540 1111 2611 respiciant,
1172 2548 1224 2594 el
1269 2540 1335 2593 ad
1384 2542 1746 2596 universalem
1795 2540 2083 2596 Dominum

517 2631 591 2685 ibi
618 2632 722 2685 coli
757 2631 993 2699 jussum,
1030 2643 1087 2687 ut
1118 2633 1198 2687 sic
1228 2633 1296 2685 ab
1335 2634 1746 2688 imminentibus
1791 2634 1895 2689 sibi
1927 2635 2084 2688 malis

517 2722 734 2775 liberari
770 2723 1081 2792 impetrent.
1115 2723 1319 2778 Revera
1350 2725 1455 2778 hoc
1498 2726 1794 2795 contigisse
1820 2728 1923 2780 sub
1950 2724 2084 2780 Sen-

515 2813 848 2876 nacheritno,
905 2812 1135 2868 Ezechia
1170 2825 1428 2885 regnante
1458 2817 1510 2869 in
1540 2816 1744 2881 Jutlaea,
1779 2818 1921 2873 illius
1979 2819 2083 2873 loci

515 2904 715 2959 incolis
762 2905 1069 2973 comperire
1122 2916 1224 2960 est.
1286 2904 1495 2971 «Quasi
1547 2922 1706 2962 mane
1746 2910 2084 2979 expendetur

516 3006 681 3061 super
714 3001 926 3048 montes
955 2994 1187 3063 populus
1217 2998 1419 3052 multus
1462 3005 1517 3052 et
1566 2996 1755 3053 fortis:
1807 3001 2002 3055 similis
2032 3001 2081 3055 ei

516 3084 748 3138 nonfuit
779 3101 809 3138 a
836 3086 1054 3149 smculo.
1083 3096 1136 3141 et
1158 3097 1279 3158 post
1311 3104 1434 3143 eum
1460 3105 1567 3144 non
1603 3089 1892 3159 adjicietur
1912 3110 2084 3162 usque

515 3175 582 3229 ad
601 3189 771 3229 annos
794 3175 848 3230 in
867 3178 1240 3246 generationes
1262 3177 1691 3248 generationum.
1707 3199 1725 3230 ι
1760 3180 1869 3236 Ceu
1894 3199 2072 3246 mane,

513 3266 658 3335 quod
692 3282 792 3321 suo
840 3276 1083 3336 tempore
1134 3270 1440 3325 universam
1472 3278 1701 3339 occupat
1733 3281 1952 3339 terram,
1993 3275 2076 3327 in-

513 3358 872 3413 numerabilis
901 3359 1120 3428 quidam
1168 3360 1403 3415 hostium
1446 3363 1676 3431 populus
1709 3366 2073 3431 superveniet,

513 3463 703 3503 omnes
747 3464 1022 3520 occupans
1071 3462 1307 3515 montes,
1358 3453 1443 3506 cui
1506 3468 1681 3523 neque
1731 3456 1924 3511 similis
1978 3457 2078 3511 fuit

512 3546 696 3598 antea,
741 3554 915 3608 neque
940 3538 1093 3594 facile
1120 3540 1227 3594 erit
1258 3548 1467 3610 postea.
1506 3560 1523 3591 ι
1550 3542 1688 3598 Ante
1727 3543 1919 3598 faciem
1957 3544 2076 3611 ejus

513 3629 656 3703 ignis
681 3647 903 3695 vorans,
934 3643 990 3685 et
1016 3640 1139 3701 post
1159 3647 1281 3686 eum
1305 3648 1540 3690 exurens
1565 3633 1800 3690 flamma.
1822 3654 1840 3686 ι
1867 3636 2077 3689 Cuncta

513 3721 568 3774 in
606 3723 838 3777 circuitu
859 3738 1088 3780 ascensu
1108 3740 1208 3780 suo
1223 3724 1486 3792 destruet,
1518 3728 1662 3783 velut
1692 3729 1849 3799 ignis.
1880 3728 2077 3794 «Quasi

515 3811 708 3867 hortus
743 3813 1037 3883 voluptatis
1071 3823 1216 3868 terra
1237 3830 1422 3869 coram
1450 3831 1537 3879 eo,
1567 3827 1623 3872 et
1643 3827 1765 3888 post
1785 3833 1911 3872 eum
1930 3832 2079 3872 cam-

514 3917 618 3971 pus
665 3904 1007 3959 desolatus.»
1073 3905 1221 3972 Quos
1277 3908 1426 3963 locos
1479 3910 1716 3963 nondum
1764 3911 1983 3967 invasit.
2040 3910 2076 3963 ii

512 3992 763 4046 videntur
812 3994 953 4049 haud
1010 3996 1171 4050 horto
1224 3997 1554 4060 dissimiles,
1613 4009 1725 4053 tum
1775 4000 2077 4055 incolarum

512 4084 882 4152 multitudine,
923 4094 1036 4140 tum
1078 4089 1345 4156 elegantia
1383 4091 1763 4145 aediﬁciorum:
1810 4102 2077 4146 verumta-

509 4190 632 4230 men
666 4188 787 4246 post
815 4178 959 4233 illius
984 4180 1297 4243 adventum,
1336 4190 1504 4236 totam
1528 4183 1673 4236 illam
1704 4186 1885 4238 statim
1915 4200 2079 4239 amm-

508 4267 735 4322 nitatem
762 4268 995 4325 deletam
1030 4269 1216 4325 videre
1243 4281 1347 4327 est.
1391 4292 1409 4324 ι
1430 4271 1613 4341 Neque
1651 4283 1737 4330 est
1764 4278 1855 4344 qui
1884 4276 1954 4329 sit
1993 4278 2077 4329 in-

508 4361 738 4414 columis
777 4361 845 4413 ab
880 4376 966 4416 eo.
990 4380 1007 4413 ι
1057 4361 1274 4418 DilIicile
1297 4379 1426 4435 ergo
1460 4374 1544 4419 est
1572 4380 1898 4436 quemquam
1930 4366 2076 4419 illius

508 4446 765 4516 impetum
789 4451 1046 4520 eﬂ‘ugere.

2185 535 2325 604 δίψει
2350 534 2419 588 τά
2453 535 2622 605 κτήνη
2643 576 2659 597 ,
2694 535 2800 588 τῶν
2837 536 3029 606 πηγῶν
3060 539 3125 592 ὲκ
3159 539 3260 609 τῆς
3289 540 3426 610 ἄγαν
3458 540 3759 612 ἀωμὸρίας

2187 627 2326 698 ὕδωρ
2378 627 2440 680 οὐ
2474 628 2789 697 δυναμένων
2828 629 3157 699 ἐκπέμπεινο
3195 628 3314 686 εἶτα
3354 635 3420 704 τῇ
3461 632 3757 703 πλατύτητι

2184 718 2429 789 δηλώσας
2455 718 2564 771 τῶν
2594 719 2777 771 κακῶν
2802 719 2863 771 τὸ
2890 720 3112 791 πλῆθος,
3135 721 3330 791 ἐπάγει
3359 723 3426 777 τά
3448 722 3611 795 ὃμοια
3640 726 3754 787 τοίς

2180 811 2585 885 προκειμένοις.

2832 904 2988 958 ΚΕΦ.
3030 905 3106 958 B'.

2255 993 2401 1063 Στίχ.
2434 993 2580 1062 α’-γ’.
2607 1024 2677 1033 -
2707 1012 2726 1046 t
2754 995 3054 1049 Σαλπίσατε
3086 994 3340 1065 σάλπιγγι
3370 998 3429 1051 ὲν
3462 996 3618 1062 Σιὼν,
3648 1014 3752 1069 κη-

2189 1085 2382 1155 ρύξατε
2429 1087 2485 1138 ὲν
2522 1086 2635 1155 ὄρει
2698 1086 2838 1156 ἁγίῳ
2879 1103 3000 1156 μου,
3047 1088 3139 1140 καὶ
3180 1088 3596 1160 συναχθήτωσαν
3638 1089 3763 1160 (Η)

2185 1175 2383 1237 πάντες
2413 1178 2460 1228 οἱ
2486 1174 2860 1239 κατοικοῦντες
2887 1176 2984 1246 τὴν
3018 1177 3153 1247 γῆν·
3183 1180 3259 1247 (p.
3295 1179 3418 1239 455)
3448 1180 3579 1232 διότι
3609 1180 3755 1251 πάρ·-

2185 1283 2332 1320 εστιν
2357 1270 2389 1336 ἡ
2416 1268 2599 1338 ἡμέρα
2620 1269 2847 1338 Κυρίου*
2875 1268 2955 1321 ὃτι
2980 1268 3197 1339 ἐγγὺςὴ
3223 1270 3403 1341 ἡμέρα
3424 1271 3644 1335 σκότους
3659 1273 3757 1325 καὶ

2183 1357 2401 1426 γνόφου,
2448 1357 2629 1427 ἡμέρα
2658 1356 2884 1426 νεφέλης
2934 1357 3028 1409 καὶ
3071 1357 3318 1429 ὁμίχλης.
3376 1377 3396 1413 ι
3445 1361 3523 1432 Τῇ
3572 1360 3757 1415 τοίνυν

2186 1444 2427 1517 σημασίᾳ
2452 1446 2552 1514 τῆς
2582 1445 2876 1514 σάλπιγγος
2923 1445 3059 1498 κατά
3103 1447 3163 1498 τὸ
3194 1447 3422 1518 νόμιμον
3453 1449 3573 1513 ἔθος
3599 1468 3754 1521 χρη-

2185 1536 2425 1606 σάμενοι,
2462 1536 2667 1598 πάντας
2691 1537 2782 1588 ἐπὶ
2812 1535 2873 1587 τὸ
2902 1536 3040 1590 Σιὼν
3088 1538 3422 1606 συναγάγετε
3454 1538 3597 1611 ὅρος,
3627 1539 3755 1592 ἔνθα

2187 1642 2276 1695 μοι
2298 1624 2395 1694 τὴν
2417 1624 2712 1695 θρησκείαν
2735 1626 3078 1680 ἀποδίδοσθαι
3111 1626 3252 1690 ἔθοςο
3275 1628 3459 1681 αὐτόθι
3490 1630 3581 1682 τὸν
3605 1629 3756 1683 ἔλεον

2184 1715 2458 1780 αἰτοῦντες
2472 1717 2561 1769 τὸν
2577 1720 2737 1777 θεῖον,
2753 1718 2939 1788 ἐπειδὴ
2960 1719 3021 1771 οὐ
3041 1718 3227 1789 πόρρω
3247 1720 3588 1791 συμϐέϐηκεν
3611 1716 3753 1777 εἶναι

2116 1788 2158 1844 Β
2182 1807 2279 1879 τὴν
2299 1808 2494 1879 ὴπειλη
2504 1808 2669 1879 μένην
2698 1810 2824 1880 ὑμῖν
2848 1809 3057 1889 ἡμέραν
3074 1788 3225 1880 παίρά
3251 1788 3345 1864 τοῦ
3378 1788 3529 1871 Θεοῦ,
3560 1814 3593 1883 ἢ
3623 1813 3753 1867 σκό‹

2185 1918 2307 1963 τους
2323 1900 2598 1971 αὐτάρκης
2626 1902 2717 1953 καὶ
2737 1903 2934 1970 γνόφου
2961 1902 3167 1963 πάντας
3190 1901 3448 1972 πληροῦν,
3478 1904 3551 1968 ὼς
3583 1907 3640 1958 ἐν
3666 1921 3755 1959 νε-

2187 1992 2321 2064 φέλῃ
2344 1993 2448 2045 τινὶ
2478 1992 2571 2044 καὶ
2585 1992 2781 2063 ὁμίχλῃ
2800 1994 2975 2047 πάντα
3002 1992 3319 2047 καθεστῶτα
3332 1996 3462 2065 όρᾷν
3480 1997 3577 2066 οὐχ
3598 1997 3747 2058 οἴους

2184 2102 2243 2137 τε
2271 2084 2447 2147 δντας’
2482 2084 2660 2147 καλῶς
2693 2085 2749 2137 δὲ
2780 2085 2871 2137 ἐπὶ
2901 2084 3036 2137 Σιὼν
3068 2085 3192 2156 ὅρος
3216 2086 3461 2149 ἅπαντας
3490 2088 3661 2153 καλεῖ,
3690 2090 3753 2142 ὲν

2184 2170 2335 2247 ᾧπερ
2368 2178 2505 2230 κατά
2536 2177 2595 2229 τὸ
2629 2177 2916 2230 Μωσαῖκδν
2958 2177 3079 2241 ἔθος
3106 2178 3499 2248 θεραπεύεσθαι
3526 2182 3755 2235 τέτακτο

2184 2269 2246 2322 τδ
2268 2269 2440 2322 Θεῖον·
2468 2271 2543 2333 ὡς
2586 2272 2650 2323 ἂν
2682 2271 2776 2322 καὶ
2802 2270 2928 2332 τούς
2956 2271 3063 2322 τῶν
3106 2270 3238 2323 δέκα
3267 2270 3449 2339 φυλῶν
3478 2272 3755 2326 ἀπολελοι-

2186 2362 2353 2425 πότας
2383 2362 2479 2431 μὲν
2504 2362 2601 2432 τὴν
2627 2362 2814 2414 αὐτόθι
2851 2362 2944 2413 τοῦ
2982 2361 3137 2413 Θείου
3170 2361 3483 2431 θεραπείαν,
3511 2366 3629 2426 ταῖς
3657 2363 3753 2416 δα-

2188 2453 2379 2522 μάλεσι
2427 2453 2482 2505 δὲ
2530 2454 2669 2505 κατὰ
2711 2452 2806 2524 τὴν
2843 2452 2937 2504 τοῦ
2990 2452 3272 2523 Ἱεροϐοάμ
3316 2455 3752 2525 προσανέχοντας

2187 2544 2513 2615 συμϐουλὴν.
2532 2545 2784 2615 ἐντρέψηο
2809 2544 2903 2597 νῦν
2925 2544 3054 2613 γοῦν
3074 2545 3174 2615 τῆς
3197 2545 3397 2614 μανίας
3412 2546 3755 2612 ἀποστάντας

2184 2635 2416 2703 ἐκείνης,
2448 2636 2582 2705 πρὸς
2604 2636 2664 2688 τὸ
2687 2634 2827 2688 Σιὼν
2858 2636 2981 2707 δρος
3007 2636 3155 2701 ἰδεῖν,
3184 2636 3277 2689 καὶ
3302 2637 3393 2688 τὸν
3432 2637 3522 2690 τοῦ
3550 2639 3752 2703 παντὸς

2193 2726 2395 2797 Κύριον
2441 2726 2626 2779 αὐτόθι
2682 2725 3082 2797 θεραπεύεσθαι
3135 2726 3479 2797 τεταγμένον,
3515 2729 3579 2781 ἶν’
3611 2728 3756 2782 οὕτω

2183 2813 2290 2866 τῶν
2317 2814 2775 2885 προσδοκωμένων
2796 2816 2981 2877 αὐτοῖς
2996 2814 3182 2867 κακῶν
3206 2815 3419 2869 λάόοιεν
3449 2815 3549 2887 τὴν
3577 2816 3750 2871 λύσιν·

2180 2905 2337 2958 τοῦτο
2364 2905 2471 2976 γὰρ
2501 2905 2564 2975 δὴ
2592 2906 2683 2957 καί¹
2716 2905 3079 2976 προσγεγονὺς
3125 2907 3216 2959 ἐπὶ
3252 2908 3345 2960 τοῦ
3385 2906 3754 2978 Σενναχηρεὶμ

2194 2993 2434 3058 Ἐζεκίου
2478 2995 2849 3064 βασιλεύοντος
2893 2997 2991 3065 τῆς
3050 2996 3309 3060 Ἰουδαίας
3339 3000 3450 3061 τοῖς
3491 2997 3616 3067 περὶ
3662 2998 3757 3052 τὸν

2182 3088 2344 3138 τόπον
2373 3090 2575 3139 ἐκεῖνον
2602 3087 2861 3148 οἰκοῦσιν,
2887 3088 3036 3158 εὕροι
3066 3106 3148 3152 τις
3174 3088 3240 3142 ἂν
3269 3089 3565 3160 προδήλως.
3602 3108 3621 3141 t
3664 3090 3755 3153 Ὠς

2182 3176 2375 3245 ὄρθρος
2406 3176 2694 3247 χυθήσεται
2719 3178 2810 3229 ἐπὶ
2835 3177 2902 3229 τά
2926 3176 3026 3247 ὅρη
3052 3177 3179 3240 λαὸς
3205 3178 3369 3241 πολὺς
3399 3178 3488 3231 καὶ
3510 3178 3751 3249 ίσχυρός’

2177 3268 2357 3335 ὅμοιος
2389 3268 2536 3338 αὐτῷ
2582 3270 2642 3321 οὐ
2692 3270 2914 3337 γέγονεν
2954 3270 3060 3323 ἀπὸ
3086 3269 3180 3322 τοῦ
3227 3270 3440 3333 αἰῶνος·
3478 3271 3571 3323 καὶ
3623 3271 3748 3339 μετ’

2177 3360 2333 3413 αὐτὸν
2359 3360 2418 3412 οὐ
2443 3359 2887 3429 προστεθήσεται,
2901 3360 3004 3423 ἕως
3023 3359 3160 3412 ἑτῶν
3173 3361 3252 3423 είς
3272 3361 3463 3429 γενεάς
3481 3361 3711 3430 γενεῶν.
3726 3379 3748 3413 ι

2179 3458 2193 3511 (
2217 3468 2267 3520 p.
2299 3452 2417 3520 1H)
2447 3452 2609 3520 Δίκην
2642 3452 2748 3520 γὰρ
2780 3450 2973 3521 ὄρθρου
3002 3451 3142 3504 κατὰ
3185 3451 3274 3504 τὸν
3315 3454 3510 3505 οίκεῖον
3553 3453 3749 3522 καιρὸν

2179 3543 2389 3595 ἀπασαν
2422 3542 2804 3612 πληρώσαντος
2834 3543 2930 3612 τὴν
2962 3544 3097 3612 γῆν,
3137 3542 3502 3614 ἀναρίθμητος
3535 3561 3619 3606 τις
3661 3545 3755 3596 ἐπε

2178 3635 2451 3687 ελεύσεται
2474 3633 2598 3697 λαὸς
2619 3633 2727 3685 τῶν
2754 3633 3024 3703 πολεμίων
3052 3634 3265 3688 ἅπαντα
3286 3634 3391 3705 πλη
3401 3634 3504 3705 ρῶν
3528 3634 3594 3687 τὰ
3625 3635 3751 3707 ὅρη,

2176 3719 2221 3792 ᾧ
2267 3727 2400 3795 μήτε
2445 3724 2631 3792 γέγονε
2676 3724 3049 3795 παραπλήσιος
3100 3726 3399 3796 πρότερον,
3468 3726 3581 3778 ἀλλ’
3628 3726 3755 3779 οὐδὲ

2179 3818 2329 3870 ἔσται
2357 3816 2569 3888 ῥᾳδίως.
2607 3837 2625 3867 ‹
2667 3817 2746 3868 Τὰ
2772 3816 3076 3888 ἔμπροσθεν
3101 3816 3263 3870 αὐτοῦ
3296 3814 3408 3888 πῦρ
3437 3818 3753 3883 ἀναλίσκον,

2180 3910 2272 3961 καὶ
2302 3910 2370 3961 τὰ
2413 3908 2589 3960 ὀπίσω
2623 3906 2790 3960 αὐτοῦ
2833 3908 3178 3979 ἁναπτομὲνη
3224 3908 3374 3979 φλόξ.
3437 3926 3457 3959 ι
3498 3909 3754 3962 "Amm

2179 3998 2436 4051 κυκλόθεν
2466 3998 2552 4049 διὰ
2588 3996 2687 4064 τῆς
2730 3998 2937 4059 οἰκείας
2969 3997 3273 4060 ὲπιὸάσεως
3304 3998 3553 4065 ἀφανιεί,
3583 3996 3752 4065 δίκην

2180 4088 2367 4159 πυρός.
2406 4108 2423 4138 ι
2475 4087 2565 4149 Ὠς
2609 4087 2931 4158 παράδεισος
2980 4085 3190 4157 τρυφῆς
3236 4087 3269 4155 ή
3321 4086 3392 4155 γῆ
3440 4084 3757 4154 ἔμπροσθεν

2179 4179 2362 4241 αὐτοῦ,
2393 4181 2485 4233 καὶ
2511 4180 2578 4232 τὰ
2602 4179 2775 4232 ὀπίσω
2807 4176 2970 4230 αὐτοῦ
3004 4178 3183 4230 πεδίον
3209 4175 3538 4246 ἀφανισμοῦ.
3570 4194 3587 4226 ι
3634 4175 3746 4238 Οὓς

2184 4272 2277 4341 μὲν
2305 4271 2413 4341 γὰρ
2439 4269 2589 4323 ούπω
2622 4272 2817 4334 τόπους
2848 4268 3197 4342 ἐπελήλυθεν,
3231 4269 3328 4322 ίδοι
3352 4286 3436 4333 τις
3466 4267 3531 4321 ἂν
3560 4285 3757 4340 παρα-

2176 4367 2352 4418 δείσου
2394 4364 2558 4433 μηδὲν
2598 4364 2939 4426 ἀπεοικότας,
2976 4363 3052 4431 τῷ
3078 4379 3137 4414 τε
3172 4361 3365 4431 πλήθει
3394 4359 3501 4413 τῶν
3527 4359 3745 4413 οἰκούν-

2108 4456 2149 4508 D
2177 4476 2302 4519 των,
2330 4457 2524 4526 καὶτῷ
2555 4457 2662 4510 τῶν
2699 4455 3144 4525 οἰκοδομημάτων
3183 4454 3384 4508 κάλλει·
3417 4470 3739 4523 παραγεγομ

506 4536 653 4599 νότος
680 4538 756 4595 δὲ.
785 4540 976 4611 ἀθρόον
1004 4542 1219 4598 ἅπασαν
1259 4546 1471 4614 ἐκείνην
1499 4548 1896 4621 ἀφανιζομένην
1920 4550 2064 4603 ἔστιν
2092 4552 2219 4604 ἰδεῖν
2240 4552 2337 4621 τὴν
2367 4551 2718 4622 εὐπρέπειαν.
2778 4567 2796 4599 t
2838 4548 2945 4600 Καὶ
2990 4547 3396 4618 ἀνασωζόμενος
3441 4548 3544 4599 οὐκ
3593 4546 3757 4600 ἐστιν

504 4630 591 4680 ἐπ’
614 4629 796 4682 αὐτοῦ.
821 4650 838 4680 ι
871 4633 1115 4687 Χαλεπόν
1139 4636 1189 4704 γ’
1217 4632 1309 4690 οὖν
1348 4656 1449 4692 τινι
1475 4638 1753 4709 διαφυγεῖν
1778 4643 1874 4713 τὴν
1896 4643 2071 4714 ὁρμὴν
2092 4644 2190 4713 τὴν
2227 4642 2456 4694 ἐκείνου.
2492 4658 2501 4664 ·

577 4719 685 4791 76
724 4719 889 4777 Vens.
928 4723 1044 4780 4-8.
1088 4756 1154 4766 -—
1195 4747 1213 4778 ι
1239 4727 1404 4794 Quasi
1469 4745 1724 4802 aspectus
1783 4750 2070 4803 equorum,

505 4821 763 4880 aspectus
788 4828 979 4867 eorum
1007 4831 1019 4865 :
1049 4823 1101 4869 et
1127 4820 1283 4886 quasi
1313 4821 1609 4889 equitatus,
1638 4823 1716 4877 sic
1744 4839 2075 4893 persequen-

506 4910 615 4955 tur.
647 4902 801 4958 Sicut
831 4908 1043 4962 sonitus
1070 4924 1332 4964 curruum
1365 4928 1528 4982 super
1554 4915 1784 4968 vertices
1808 4916 2070 4968 montium

504 4995 776 5060 exsilient,
808 5007 862 5051 et
897 4999 1041 5053 sicut
1073 5004 1285 5058 sonitus
1308 5003 1539 5059 ﬂammae
1568 5006 1709 5075 ignis
1755 5004 2071 5059 devorantis

507 5082 783 5151 stipulam,
813 5096 866 5140 et
898 5088 1043 5141 velut
1069 5091 1302 5160 populus
1344 5094 1549 5148 multus
1580 5108 1643 5147 ac
1677 5093 1834 5149 fortis
1866 5094 1918 5147 in
1954 5094 2072 5149 acie

508 5172 834 5245 instructus.
859 5196 877 5228 ι
941 5177 1238 5244 Particula,
1273 5199 1291 5232 ι
1318 5180 1483 5245 sicut,
1512 5197 1532 5231 ι
1558 5196 1667 5237 non
1697 5183 2071 5240 similitudinis

507 5277 672 5318 causa
694 5266 932 5333 ponitur,
956 5269 1049 5325 sed
1078 5274 1370 5327 narrative.
1396 5269 1661 5335 Qualeest
1680 5275 1811 5331 illud
1836 5290 1850 5330 :
1872 5297 1891 5330 ι
1916 5277 2073 5333 Sicut

509 5355 744 5427 (quam)
835 5358 1011 5415 bonus
1060 5361 1243 5418 Israeli
1270 5361 1558 5431 ,Deus”,i
1620 5382 1739 5439 pro,
1781 5368 2067 5424 «bonus.»

614 5491 658 5524 ²⁹
689 5490 830 5547 Psal.
854 5508 1023 5558 mut,
1051 5493 1103 5549 l.

585 5606 700 5684 (ιι)
742 5604 1002 5661 Videmus
1024 5605 1308 5684 pulchram
1336 5608 1617 5677 lectionem
1648 5612 2066 5684 συναχθήτωσαν

513 5676 886 5747 continuatam
920 5692 971 5747 a4
990 5676 1354 5747 subsequente
1384 5676 1926 5747 commentariornéc
1957 5698 2058 5737 non

517 5744 573 5801 in
613 5744 736 5801 lect.
781 5761 897 5803 var.
934 5745 1105 5804 Graec.
1139 5744 1278 5821 apud
1325 5750 1625 5825 polyglott.,
1654 5766 1752 5824 pro
1784 5744 2064 5809 communi

2240 4733 2385 4801 Στίχ.
2418 4730 2550 4801 δ’-η’.
2585 4762 2655 4772 —-
2696 4748 2713 4780 t
2766 4732 2853 4794 Ὠς
2880 4731 3066 4801 ὅρασις
3116 4731 3318 4795 ἵππων,
3349 4734 3381 4804 ἡ
3423 4732 3613 4802 ὅρασις
3642 4733 3748 4785 αὐ-

2169 4824 2295 4876 τῶν·
2330 4824 2423 4877 καὶ
2467 4822 2541 4884 ῶς
2590 4822 2773 4883 ἵππος,
2802 4820 2946 4873 οῦτω
2980 4820 3422 4885 καταδιώξονται·
3470 4821 3545 4883 ὡς
3589 4821 3751 4893 φωνὴ

2170 4914 2429 4986 ἁρμάτων
2459 4913 2548 4964 ἐπὶ
2574 4912 2670 4974 τὰς
2692 4910 2934 4981 κορυφὰς
2951 4912 3056 4963 τῶν
3074 4911 3243 4982 ὀρέων
3266 4911 3578 4978 gemma,
3605 4926 3620 4939 .
3648 4911 3750 4965 καὶ

2168 5008 2246 5070 ὡς
2284 5004 2434 5075 φωνὴ
2485 5001 2677 5072 φλογὸς
2711 5002 2883 5072 πυρὸς
2925 5002 3314 5071 κατεσθιούσης
3340 5000 3611 5072 καλάμηνο
3648 5001 3750 5056 καὶ

2171 5099 2246 5160 ὡς
2273 5097 2397 5159 λαὸς
2432 5095 2598 5156 πολὺς
2631 5092 2724 5147 καὶ
2770 5092 2985 5164 ἰσχυρὸς
3031 5092 3513 5162 παρατασσόμενος
3543 5092 3624 5153 είς
3654 5091 3757 5143 πόα

2170 5189 2353 5259 λεμον.
2387 5205 2406 5237 ι
2455 5184 2547 5246 Τὸ,
2589 5203 2607 5235 ι
2637 5183 2732 5247 ὡς,
2765 5202 2781 5233 ι
2829 5200 2889 5236 ου
2922 5183 3061 5236 κατά
3095 5184 3355 5253 ὁμοίωσιν
3387 5183 3556 5250 λέγει,
3604 5181 3745 5237 ἀλλὰ

2172 5277 2314 5332 κατά
2358 5277 2650 5346 ἀφήγησιν·
2691 5268 2801 5326 οἷόν
2832 5275 2947 5326 ἐστι
2991 5273 3070 5339 τὸ,
3110 5294 3127 5325 ι
3151 5274 3379 5345 11.3115)
3419 5273 3619 5341 ἀγαθὸς
3658 5273 3747 5344 τῷ

2185 5366 2399 5439 Ἰσραὴλ
2431 5368 2460 5420 ὁ
2482 5366 2632 5432 Θεὸς,
2672 5383 2689 5416 ι
2728 5364 2850 5417 (Ξιντλ⁵
2878 5362 2993 5429 τοῦ,
3035 5384 3054 5417 ι
3076 5364 3348 5448 ,Ἀγαθός-ο
3391 5384 3409 5417 ι
3447 5364 3604 5418 τοῦτο
3636 5364 3750 5436 γὰρ

2170 5614 2614 5685 συγχυθήτωσαν.

2241 5648 2659 5753 (τιλέιᾜέιέἓῗῖὼ,
2687 5681 2993 5753 Theodore,
3020 5688 3108 5747 aio
3133 5688 3304 5748 videri
3328 5684 3459 5747 mihi
3486 5689 3588 5748 hoc
3622 5689 3708 5746 loc

2172 5757 2246 5822 ὡς
2275 5756 2598 5825 particulam
2629 5755 2959 5816 admirandi.
3684 5772 3695 5793 ³
