3966 6222
168 325 262 381 εει

1199 327 1749 389 COMMENTARIUS
1777 329 1846 385 IN
1881 327 2112 386 JOELIS
2146 326 2300 382 CAP.
2332 323 2394 381 ll.

3298 313 3403 372 222

175 439 235 515 δὴ
258 443 536 500 κάνταῦθα
565 443 745 512 λέγει·
772 444 858 497 ὅτι
891 442 1089 513 πολλὴν
1124 445 1224 515 μὲν
1254 444 1402 498 ἔστιν
1436 445 1562 499 ἰδεῖν
1586 444 1735 516 αὑτῷ

1863 443 1896 499 d
1925 444 2069 500 enim
2097 444 2263 499 etiam
2314 442 2417 495 hoc
2446 439 2567 494 loco
2593 437 2748 500 dicit,
2778 435 3007 491 multum
3042 448 3234 504 nempe
3268 449 3404 488 con-

171 536 477 607 προσοῦσαν
512 537 610 607 τὴν
643 536 838 588 ἵππον·
874 537 951 604 (p.
988 534 1111 605 115)
1152 535 1376 607 φοϐεροὶ
1414 537 1470 589 δέ
1508 554 1650 601 τινες
1682 539 1731 591 οἱ

169 629 257 681 ἐπὶ
286 628 400 681 τῶν
440 629 617 681 ἳππων
654 627 969 690 ἐλαύνοντες
994 628 1133 681 κατά
1169 627 1277 681 τῶν
1317 629 1595 683 ἐναντίων·
1638 629 1736 699 ἆρ-

170 718 315 788 ματά
356 734 415 770 τε
453 716 604 786 αὑτῷ
640 716 869 769 πλεῖστα
904 716 1030 787 ἄχρι
1059 716 1169 770 τῶν
1217 717 1564 789 ὑψηλοτάτων
1592 717 1735 789 χρώ·

169 825 304 878 μενα
323 810 448 870 ταῖς
475 807 718 876 ἐφόδοις·
758 806 1044 860 ἀπεοίκασί
1080 824 1138 862 τε
1172 808 1323 861 οὐδὲν
1354 810 1523 879 πυρὸς
1558 811 1736 864 ἐπινε-

170 900 406 969 μομένου
429 898 701 969 καλάμην,
727 897 899 960 οὕτως
931 898 1172 962 ἅπαντας
1210 899 1455 963 ἐπιόντες
1482 900 1575 964 οὒς
1611 900 1736 971 βού-

165 986 348 1042 λονται
363 988 580 1051 τόπους·
599 988 707 1040 εἰσὶ
724 988 832 1058 γὰρ
847 987 1029 1041 πολλοί
1042 1005 1186 1051 τινες
1203 988 1297 1041 καὶ
1316 988 1455 1056 ἄγαν
1480 988 1734 1058 ἀνδρεῖοι,

164 1082 368 1145 παντὸς
400 1082 598 1153 μᾶλλον
620 1083 700 1146 εἰς
726 1082 960 1152 πόλεμον
984 1082 1505 1153 παρεσκευασμένοι.
1541 1100 1559 1132 ι
1608 1080 1738 1133 Ἀπὸ

168 1180 471 1251 προσώπου
491 1179 654 1231 αὑτοῦ
688 1177 1129 1248 συντριϐήσονται
1150 1176 1289 1229 λαοί·
1321 1178 1428 1229 πᾶν
1451 1176 1738 1247 πρόσωπον

163 1272 241 1335 ὡς
274 1272 610 1342 πρόσκαυμα
636 1270 859 1341 χύτρας.
899 1289 917 1321 ι
949 1269 1241 1332 Πλείστους
1272 1270 1323 1336 γ’
1356 1265 1447 1322 οῦν
1484 1269 1559 1331 ὡς
1594 1269 1739 1332 εἰκὸς

162 1362 256 1417 διὰ
284 1364 391 1433 τῆς
414 1360 616 1425 οἰκείας
640 1362 817 1431 ὁρμῆς
845 1360 1180 1430 ἀφανιοῦσιν·
1205 1359 1344 1413 ὥστε
1370 1361 1544 1415 δοκεῖν
1570 1359 1740 1414 ἅπανο

164 1472 264 1517 τας
288 1455 422 1516 τοὺς
458 1452 919 1516 ὑποπεπτωκότας
965 1451 1111 1522 αὑτῷ
1140 1451 1374 1505 ἐοικέναι
1422 1451 1595 1524 χύτρᾳ
1636 1451 1740 1505 ὑπὸ

369 1544 859 1617 κατακεκαυμένῃ·
897 1544 991 1597 καὶ
1022 1543 1295 1613 ἐπιμένων
1319 1543 1398 1605 τῷ
1436 1542 1740 1613 διηγεῖσθαι

164 1640 239 1692 τὰ
270 1638 392 1691 κατ’
421 1639 605 1699 αὑτὸν,
646 1637 722 1699 ὡς
753 1635 818 1689 ἃν
860 1635 1080 1706 μείζονα
1107 1638 1219 1699 τοῖς
1247 1635 1533 1689 ἀκούουσιν
1561 1634 1738 1707 ἐνθείη

168 1731 261 1784 τὸν
285 1729 476 1798 φόϐον·
505 1747 524 1779 ι
567 1729 656 1791 Ὠς
693 1727 929 1799 μαχηταὶ
948 1727 1299 1798 δραμοῦνται,
1337 1729 1428 1783 καὶ
1451 1729 1526 1791 ὡς
1551 1730 1742 1800 ἄνδρες

1840 538 1977 608 spici
2002 536 2349 591 comitantem
2388 532 2435 588 ei
2458 530 2779 602 equitatum.
2831 527 2967 583 Sunt
3003 534 3184 581 autem
3213 526 3250 579 ii
3295 534 3404 581 ter-

1839 628 2026 684 ribiles
2087 627 2181 697 qui
2240 626 2395 696 equis
2462 625 2761 680 insidentes
2814 623 3030 677 irruunt
3091 621 3145 675 in
3195 621 3399 676 hostes.

1840 719 2045 775 Currus
2084 719 2209 773 item
2247 718 2297 774 ei
2339 715 2581 786 plurimi.
2615 729 2787 784 usque
2815 713 2881 767 ad
2922 713 3175 769 sublimia
3210 713 3407 767 decur-

1839 820 2037 865 rentes.
2067 808 2212 863 Nihil
2258 822 2421 879 porro
2464 805 2718 861 differunt
2760 806 2829 858 ab
2857 804 2978 873 igne
3018 805 3271 873 stipulam
3310 802 3406 855 de—

1841 911 2130 969 pascente:
2191 899 2327 953 adeo
2381 904 2609 953 cunctos
2664 912 2803 966 quos
2859 896 3051 948 volunt
3107 893 3407 963 pervadunt

1843 992 2016 1047 locos.
2065 990 2287 1045 Plurimi
2330 1000 2459 1045 sunt
2500 998 2553 1044 et
2584 988 2816 1050 strenui,
2846 997 3007 1056 atque
3054 986 3297 1055 apprime
3338 982 3406 1037 ad

1843 1084 2040 1141 bellum
2068 1083 2343 1138 instructi.
2374 1101 2391 1135 ι
2412 1082 2456 1136 Α
2478 1082 2613 1135 facie
2635 1082 2806 1150 ipsius
2828 1085 3177 1134 conterentur
3197 1075 3401 1145 populi:

1844 1178 2021 1232 omnis
2050 1177 2232 1230 vultus
2255 1174 2412 1243 quasi
2437 1174 2653 1227 adustio
2675 1172 2815 1225 ollae.
2843 1190 2860 1221 ι
2904 1169 3176 1224 Plurimos
3198 1169 3403 1237 itaque,

1845 1274 1904 1319 ut
1941 1280 2039 1335 par
2069 1273 2173 1327 est,
2223 1263 2427 1332 impetu
2460 1276 2562 1315 suo
2607 1260 2928 1323 destruent;
2984 1257 3118 1311 adeo
3142 1266 3198 1310 ut
3225 1254 3406 1310 cuncti
3459 1270 3468 1280 ‘

1845 1357 1950 1413 sub
1982 1372 2047 1411 eo
2096 1354 2354 1408 cadentes
2382 1352 2552 1407 visuri
2587 1351 2698 1407 sint
2730 1350 2850 1403 ollae
2878 1348 2947 1402 ab
2994 1349 3115 1417 igne
3146 1354 3301 1400 tosta:
3332 1346 3408 1399 si-

1845 1447 2018 1502 miles.
2061 1443 2197 1499 Tum
2224 1458 2452 1513 pergens
2475 1442 2652 1495 adhuc
2681 1440 2748 1495 de
2769 1455 2833 1493 eo
2867 1438 3034 1507 loqui,
3068 1446 3125 1491 ut
3148 1437 3407 1504 majorem

1846 1536 2190 1592 audientibus
2223 1535 2673 1589 incutiatmetum
2701 1551 2714 1588 :
2738 1552 2756 1583 ι
2789 1530 2857 1585 Ut
2878 1527 3406 1595 bellatores,inquit,

1847 1636 2068 1685 current
2095 1646 2109 1694 ;
2145 1626 2302 1697 quasi
2329 1625 2430 1678 viri
2456 1636 2729 1694 pugnaces
2750 1619 2947 1673 mania
2970 1615 3357 1672 conscendent.
3384 1632 3404 1664 ι

1848 1723 2015 1778 Multa
2048 1736 2173 1775 cum
2202 1718 2477 1773 celeritate
2506 1716 2559 1768 in
2594 1712 2779 1784 praelia
2808 1719 3007 1776 ruent;
3059 1708 3226 1761 multa
3280 1710 3408 1759 item

170 1797 498 1892 πολεμισταὶ
526 1797 889 1891 ἀναϐήσονται
913 1820 1005 1872 ἐπὶ
1024 1797 1093 1871 τά
1106 1820 1283 1891 τείχη.
1317 1838 1334 1869 ι
1368 1821 1521 1873 Μετά
1542 1797 1741 1890 πολλῆς

1863 1830 1966 1870 :um
1998 1812 2226 1866 audacia
2256 1809 2471 1862 urbium
2503 1805 2675 1859 inuris
2720 1802 2981 1865 insilieut,
3034 1807 3218 1868 spreto
3263 1797 3413 1850 illinc

176 1914 273 1984 μὲν
304 1912 569 1983 ὀξύτητος
598 1912 691 1965 ἐπὶ
715 1910 814 1974 τὰς
839 1911 1016 1981 μάχας
1037 1911 1270 1983 ὁρμῶσι·
1306 1910 1445 1981 μετά
1465 1911 1663 1965 πολλοῦ
1687 1913 1743 1966 δὲ

172 2006 264 2059 τοῦ
295 2006 536 2075 θράσους
564 2003 659 2056 καὶ
682 2004 795 2065 τοῖς
829 2003 1061 2072 τείχεσιν
1100 2002 1479 2057 ὲπελεὺσονται
1505 2004 1613 2059 τῶν
1645 2005 1744 2057 πό-

174 2098 327 2159 λεων,
362 2096 491 2148 οὐδὲ
528 2096 628 2165 τὴν
653 2093 861 2147 ἐκεῖθεν
889 2094 1225 2165 ὑφορώμενοι
1257 2093 1479 2165 βλάϐην.
1516 2113 1532 2147 t
1574 2096 1744 2149 Ἕκα-

176 2206 301 2251 στος
328 2189 387 2241 ὲν
409 2190 481 2258 τῇ
505 2185 669 2240 αὑτοῦ
694 2185 798 2255 ὁδῷ
820 2185 1124 2257 πορεύεται,
1151 2186 1246 2239 καὶ
1269 2187 1330 2239 οὑ
1365 2188 1438 2258 μὴ
1463 2186 1746 2241 ὲκκλίνωσι

176 2281 273 2343 τὰς
294 2280 519 2350 τρίϐους
543 2276 729 2343 αὑτοῦ,
747 2279 837 2331 καὶ
856 2279 1082 2343 ἕκαστος
1096 2279 1203 2333 ἀπὸ
1223 2278 1316 2332 τοῦ
1343 2279 1570 2348 ἀδελφοῦ
1586 2280 1747 2333 αὑτοῦ

178 2374 277 2425 οὑκ
298 2371 582 2440 ἀιρέξεται.
617 2390 635 2421 ›
657 2368 1081 2442 Συντεταγμένοι
1100 2370 1389 2442 κέχρηνται
1410 2371 1489 2442 τῷ
1511 2373 1748 2443 πολέμῳ,

176 2462 389 2525 οὐδενὸς
433 2461 586 2525 δεξιὰ
641 2461 763 2514 οὐδὲ
817 2461 1079 2533 ἀριστερὰ
1124 2462 1457 2526 ἐκκλίνοντος
1509 2463 1748 2516 πώποτε·

179 2554 292 2606 ἀλλ’
317 2554 552 2606 ἑκάστου
600 2552 697 2622 μὲν
725 2552 822 2625 τὴν
849 2552 1156 2624 ὡρισμένην
1182 2570 1243 2606 τε
1292 2555 1387 2608 καὶ
1418 2555 1752 2626 τεταγμένην

176 2647 434 2710 ἀνύοντος
470 2646 610 2699 ὁδόν·
642 2644 859 2698 πάντων
883 2645 947 2714 δὴ
982 2644 1118 2716 μετά
1154 2645 1357 2717 πολλῆς
1388 2646 1488 2716 τῆς
1526 2663 1754 2718 συμφωο-

180 2740 303 2801 νίας
331 2739 423 2789 ἐπὶ
446 2738 538 2790 τὸν
564 2736 802 2806 πόλεμον
828 2735 922 2806 τὴν
947 2737 1125 2806 ὁρμὴν
1147 2738 1501 2807 ποιουμένων.
1525 2738 1600 2808 (p.
1632 2739 1753 2800 116)

186 2847 205 2879 ι
252 2826 769 2896 Καταδαρυνόμενοι
806 2826 863 2878 ὲν
891 2828 1002 2888 τοῖς
1027 2825 1208 2890 ὅπλοις
1249 2826 1429 2879 αὑτῶν
1461 2827 1756 2899 πορεύσον-

179 2939 289 2985 ται,
318 2922 415 2974 καὶ
445 2922 505 2972 ὲν
530 2922 643 2983 τοῖς
676 2919 883 2989 βέλεσιν
913 2919 1092 2971 αὑτῶν
1120 2919 1431 2985 πεσοῦνται,
1462 2921 1557 2974 καὶ
1586 2922 1645 2973 οὑ
1682 2923 1756 2994 μὴ

182 3009 630 3065 συντελεσθῶσιν.
666 3028 685 3061 ι
715 3010 983 3075 Μέγιστον
1009 3009 1103 3061 καὶ
1122 3008 1311 3062 τοῦτον
1334 3011 1468 3082 πρὸς
1489 3011 1758 3077 ἀπόδειξιν

180 3102 274 3155 τοῦ
303 3102 444 3173 πρὸς
474 3101 711 3171 πόλεμον
740 3099 1214 3170 παρεσκευάσθαι,
1256 3099 1318 3152 τὸ
1366 3101 1502 3172 μηδὲ
1542 3102 1758 3156 πώποτε

182 3194 291 3246 τῶν
324 3194 510 3246 ὃπλων
535 3193 644 3258 ἔξω
678 3190 924 3260 γίνεσθαι
959 3190 1066 3243 τῶν
1103 3192 1338 3244 οἰκείων·
1372 3192 1527 3245 τοῦτο
1547 3193 1655 3265 γὰρ
1685 3194 1762 3246 λέο

184 3304 269 3353 γει
313 3286 410 3349 τὸ,
442 3284 583 3339 Οὔτε
625 3283 1029 3355 ὁδοιποροῦντες
1073 3283 1421 3338 ἀποτίθενται
1472 3296 1543 3338 τα
1586 3287 1762 3349 ὅπλα,

188 3379 337 3448 ἥδιον
361 3377 545 3430 αὑτῶν
572 3377 887 3447 ἀνεχόμενοι
912 3374 1004 3428 τοῦ
1035 3375 1254 3446 βάρους,
1283 3376 1317 3446 ἢ
1350 3378 1536 3432 ἄοπλοι
1562 3377 1770 3432 δεικνὺ-

190 3486 338 3539 μενοι
364 3470 482 3531 τοῖς
525 3467 746 3537 ὁρῶσιν·
789 3465 913 3519 οὔτε
952 3467 1000 3518 εἰ
1030 3465 1165 3535 πρὸς
1211 3466 1513 3519 ἀνάπαυσιν
1560 3467 1764 3521 νεύοιέν

189 3577 339 3623 ποτε,
376 3559 486 3623 ἕξω
508 3558 618 3611 τῶν
647 3557 825 3610 ὃπλων
861 3556 1137 3624 γίγνονται
1168 3555 1275 3609 τῶν
1304 3556 1537 3609 οἰκείων·
1568 3558 1628 3610 τὸ
1656 3559 1764 3628 γάρ

1844 1904 2027 1961 damni
2050 1901 2312 1973 periculo.
2345 1918 2362 1949 ι
2390 1896 2448 1951 In
2471 1910 2568 1951 sua
2585 1894 2817 1964 quisque
2832 1892 2916 1945 via
2941 1889 3208 1960 graditur,
3230 1902 3334 1954 neq
3346 1900 3413 1939 ue

1847 2015 1876 2053 a
1913 1996 2131 2069 propria
2160 1992 2393 2049 deflectit
2423 1989 2636 2051 semita,
2681 2000 2781 2040 nec
2823 2000 2852 2038 a
2879 1982 3046 2037 fratre
3082 1997 3182 2035 suo
3233 1978 3413 2033 disce-

1847 2091 1944 2145 dit.
1976 2109 1993 2140 ›
2030 2085 2291 2142 Ordinata
2326 2090 2555 2138 utuntur
2575 2079 2710 2143 acie,
2756 2091 2914 2130 nemo
2940 2075 3283 2129 dextrorsum
3322 2078 3416 2122 aut

1849 2181 2231 2237 sinistrorsum
2257 2188 2487 2244 usquam
2515 2171 2787 2225 declinat:
2810 2166 2902 2221 sed
2925 2164 3122 2235 singuli
3140 2161 3415 2217 deﬁnitam

1850 2273 2272 2342 imperatamque
2317 2271 2499 2319 terunt
2542 2264 2725 2314 viam:
2787 2271 2979 2312 omnes
3025 2270 3155 2309 vero
3202 2266 3418 2307 summa

1849 2361 2138 2418 concordia
2159 2358 2224 2411 ad
2258 2357 2508 2426 prmlium
2548 2359 2732 2405 ruunt.
2783 2347 3003 2402 «Armis
3048 2345 3164 2400 suis
3210 2342 3419 2413 gravati

1850 2453 2120 2516 incedent,
2164 2459 2216 2505 et
2252 2451 2307 2502 in
2345 2445 2546 2516 jaculis
2576 2443 2692 2496 suis
2738 2439 2950 2500 cadent,
2999 2446 3055 2491 et
3094 2450 3199 2488 non
3227 2434 3423 2489 finien-

1852 2557 1961 2601 tur.
1989 2563 2007 2597 ι
2042 2542 2157 2598 Hoc
2205 2554 2423 2610 quoque
2480 2536 2771 2607 plurimum
2824 2532 3051 2585 interest
3086 2529 3159 2582 ob
3192 2528 3421 2581 demon-

1855 2635 2131 2692 strandam
2166 2631 2234 2686 ad
2263 2631 2462 2685 bellum
2502 2622 3007 2698 promptitudinem,
3053 2619 3242 2689 siquis
3280 2633 3425 2671 nuu-

1855 2742 2017 2799 quam
2059 2736 2212 2781 extra
2246 2724 2465 2793 propria
2506 2733 2656 2772 arma
2701 2716 2787 2771 sit.
2828 2713 2969 2768 Dicit
3006 2711 3187 2766 enim:
3250 2706 3329 2762 Ne
3366 2708 3423 2761 in

1859 2822 2051 2875 itinere
2130 2816 2348 2888 quidem
2425 2825 2577 2865 arma
2639 2808 2939 2877 deponunt,
3004 2803 3262 2858 libentius
3318 2799 3422 2869 77

1857 2927 2043 2967 eorum
2068 2909 2279 2980 pondus
2312 2912 2583 2977 gerentes,
2609 2916 2771 2973 quam
2800 2914 2859 2955 se
2889 2900 3126 2952 inermes
3170 2901 3426 2965 spectan-

1860 3008 2008 3059 tibus
2040 3003 2397 3058 exhibentes:
2442 3012 2566 3052 nam
2612 3008 2786 3063 neque
2812 2993 2855 3046 si
2889 2989 3025 3044 forte
3075 3001 3298 3058 pausam
3329 2985 3429 3038 ali-

1862 3111 2025 3167 quam
2069 3092 2310 3163 capiant,
2353 3089 2470 3144 sine
2494 3087 2662 3140 armis
2712 3083 2827 3138 suis
2880 3088 3028 3136 sunt.
3073 3078 3306 3137 Etenim,
3337 3090 3429 3128 ca-

1863 3190 2013 3251 dent,
2046 3186 2228 3256 posuit
2268 3198 2386 3253 pro,
2441 3177 2722 3249 procidant
2749 3184 2843 3229 aut
2866 3172 3217 3229 recunibcnt:
3247 3167 3431 3222 dicere

1863 3282 2073 3344 volens,
2111 3277 2254 3349 quod
2307 3274 2502 3329 armati
2553 3282 2605 3327 et
2658 3272 2921 3326 incedunt
2965 3276 3018 3322 et
3069 3263 3423 3319 recumbunt:

1866 3376 2095 3444 ideoque
2138 3370 2363 3441 pulchre
2408 3367 2633 3427 addidit,
2696 3375 2748 3420 et
2788 3378 2899 3418 non
2937 3360 3213 3422 finientur,
3255 3356 3310 3409 id
3345 3360 3432 3408 est

1866 3468 2071 3524 nullum
2105 3464 2261 3518 linem
2291 3460 2527 3517 bellandi
2568 3465 2891 3529 agnoscunt,
2935 3454 2988 3507 in
3016 3450 3182 3506 armis
3219 3460 3434 3516 semper

1868 3557 2183 3630 prmliisque
2224 3561 2533 3607 versantur.

189 3650 519 3712 πεσοῦνται,
540 3648 663 3701 ἀντὶ
688 3647 781 3701 τοῦ
805 3645 1199 3702 ἀναπεσοῦνται
1222 3647 1314 3700 καὶ
1339 3647 1787 3720 ἀνακλιθήσονται
1811 3629 1990 3720 λέγει·
2029 3647 2344 3719 βουλόμενος
2387 3645 2557 3696 εἰπεῖν
2581 3642 2661 3693 ὅτι
2695 3637 2832 3709 μετὰ
2874 3635 2980 3688 τῶν
3026 3631 3202 3686 ὅπλων
3225 3629 3319 3682 καὶ
3340 3643 3437 3679 πο-

190 3744 444 3815 ρεύονται
487 3744 586 3795 καὶ
632 3742 1024 3795 ἀνακλίνονταιο
1072 3740 1154 3795 διὸ
1178 3739 1359 3804 καλῶς
1402 3742 1668 3812 ἐπήγαγε,
1696 3745 1789 3797 καὶ
1812 3746 1872 3797 οὑ
1905 3744 1978 3815 μὴ
2015 3738 2453 3794 συντελεσθῶσιν·
2486 3735 2606 3787 ἀντὶ
2634 3732 2760 3794 τοῦ,
2797 3728 2967 3798 πέρας
2997 3726 3098 3778 οὑκ
3132 3722 3307 3776 ἴσασιν
3339 3716 3434 3773 τοῦ

195 3836 464 3906 πολέμου,
498 3835 731 3889 πάντοτε
756 3832 821 3904 δὴ
844 3834 901 3887 ὲν
929 3832 1114 3896 ὅπλοις
1137 3831 1197 3884 τέ
1220 3834 1324 3885 εἰσι
1355 3833 1449 3887 καὶ
1478 3834 1753 3905 πολέμοις.

256 3949 410 4019 Στίχ.
434 3949 605 4000 θ’-ια’.
634 3978 702 3987 -
731 3963 750 3996 ι
787 3946 896 4015 Τῆς
922 3944 1127 4008 πόλεως
1157 3945 1528 4015 ἐπιλήψονται,
1560 3948 1651 4000 καὶ
1678 3949 1771 4000 ἐπὶ

181 4043 295 4096 τῶν
317 4039 554 4109 τειχέων
586 4038 763 4091 αὑτῶν
784 4037 1133 4109 δραμοῦνται,
1165 4038 1258 4090 ἐπὶ
1288 4039 1385 4101 τὰς
1406 4039 1609 4103 οἰκείας
1640 4042 1770 4093 ἀνα-

182 4134 475 4204 ϐήσονται,
521 4131 617 4183 καὶ
659 4129 745 4182 διὰ
788 4128 1017 4200 θυρίδων
1068 4128 1461 4184 εἰσελεύσονται
1514 4133 1589 4196 ὡς
1643 4132 1769 4185 κλέ-

185 4242 344 4278 πται.
386 4243 409 4275 ι
445 4221 606 4276 Μετὰ
644 4221 842 4290 πολλῆς
883 4221 981 4291 μὲν
1010 4222 1107 4291 τῆς
1149 4222 1427 4292 δυνάμεως
1465 4224 1770 4295 χειροῦνται

184 4317 291 4379 τὰς
348 4316 575 4378 πόλεις,
630 4312 746 4365 οὑδὲ
791 4312 1107 4383 ἀνατρέχειν
1156 4314 1439 4377 ὀκνοῦντες
1491 4314 1626 4383 μετὰ
1665 4314 1772 4367 τῶν

187 4409 376 4460 ὃπλων
413 4407 507 4459 ἐπὶ
548 4403 617 4457 τὰ
643 4402 794 4475 τείχη
819 4418 832 4431 ·
864 4402 1267 4472 εἰσεληλυθότες
1303 4403 1357 4456 δὲ
1393 4404 1608 4457 ἅπασαν
1648 4406 1771 4456 ἑπι-

183 4500 452 4565 νέμονται
484 4496 585 4566 τὴν
613 4494 785 4557 πόλιν,
812 4493 952 4546 ὥστε
973 4495 1093 4546 καθ’
1115 4495 1349 4566 ἑκάστην
1375 4495 1550 4548 οἰκίαν
1572 4496 1663 4549 καὶ
1688 4495 1773 4548 διὰ

188 4590 375 4660 θυρῶν
409 4588 509 4640 καὶ
541 4586 630 4639 διὰ
656 4585 883 4655 θυρίδων
909 4585 1166 4645 εἰσιέναι,
1200 4586 1292 4638 ἐπὶ
1332 4585 1410 4655 τῷ
1440 4587 1615 4638 πάντα
1644 4585 1778 4653 ἀφε-

184 4679 306 4731 λεῖν
332 4680 403 4731 τά
425 4677 653 4731 ἐνόντα·
683 4675 742 4727 τὸ
768 4675 896 4745 γάρ,
932 4695 951 4726 ι
993 4674 1067 4739 ὡς
1100 4676 1346 4739 κλέπται,
1382 4696 1399 4727 ι
1434 4675 1589 4728 τοῦτο
1610 4675 1775 4743 λέγει,

184 4774 317 4827 ἀντὶ
338 4771 459 4837 τοῦ,
498 4769 595 4821 ἐπὶ
631 4767 708 4836 τῷ
754 4768 931 4821 πάντα
975 4767 1191 4836 ἀφελεῖν
1223 4769 1316 4821 καὶ
1345 4767 1557 4836 κλέψαί.
1610 4787 1625 4817 ι
1668 4767 1780 4839 Πρὸ

184 4863 497 4935 προσώπου
528 4858 696 4913 αὑτοῦ
727 4858 1127 4930 συγχυθήσεται
1164 4861 1198 4929 ἡ
1232 4862 1301 4931 γῆ
1330 4900 1343 4923 ,
1372 4864 1465 4912 καὶ
1496 4859 1778 4931 σεισθήσε-

182 4976 284 5010 ται
315 4959 343 5008 ὁ
375 4952 646 5026 οὐρανὸς,
682 4953 710 5004 ὁ
738 4951 888 5020 ἥλιος
925 4952 1017 5005 καὶ
1054 4953 1086 5021 ἠ
1121 4952 1317 5022 σελήνη
1361 4952 1776 5017 συσκοτάσουσι,

183 5051 274 5116 (p.
317 5046 441 5112 H7)
474 5044 574 5097 καὶ
606 5043 676 5097 τὰ
709 5042 885 5113 ἄστρα
922 5040 1142 5094 δύσουσι
1173 5042 1235 5094 τὸ
1276 5043 1474 5111 φέγγος
1505 5041 1704 5095 αὑτῶν.
1756 5060 1775 5092 ι

186 5142 389 5194 ’Βοικε
427 5139 526 5208 μὲν
569 5139 598 5190 ὁ
626 5136 909 5207 προφήτης
957 5134 1331 5205 ὑπερϐολικῶς
1362 5134 1431 5188 τὰ
1481 5134 1652 5187 πολλά
1692 5133 1780 5185 λέ·-

184 5245 340 5295 γειν,
377 5228 460 5288 εἰς
503 5224 725 5295 μείζονα
772 5222 1033 5293 ἔκπληξιν
1076 5222 1182 5276 τῶν
1228 5224 1561 5277 ἀκουόντων·
1594 5223 1780 5294 ἐπειδὴ

182 5320 362 5374 ὁποῖά
392 5320 515 5371 ποτ’
569 5316 638 5370 ἂν
740 5315 810 5367 τά
836 5312 1123 5385 λεγόμενα,
1157 5314 1401 5367 λείπεται
1439 5314 1545 5367 τῶν
1571 5313 1775 5385 ἔργων·

183 5412 361 5482 δῆλος
388 5409 448 5461 δέ
477 5410 595 5461 ἐστι
626 5405 923 5471 κάνταῦθα,
962 5406 1021 5459 οὑ
1052 5404 1120 5458 τὰ
1166 5407 1404 5475 στοιχεῖα
1441 5403 1615 5472 λέγων
1649 5417 1780 5470 συγ-

185 5502 419 5574 χεῖσθαι
446 5502 542 5553 καὶ
569 5496 973 5569 μετατίθεσθαι,
1004 5495 1117 5550 ἀλλ’
1146 5496 1332 5565 ἐπειδὴ
1358 5496 1469 5558 τοῖς
1508 5497 1567 5547 ὲν
1594 5495 1780 5556 κακοῖς

162 5589 618 5660 ⁸ὶξειτιιιζομένοις
673 5586 805 5640 ἴδιόν
854 5586 970 5639 ἐστι
1017 5585 1118 5649 τὰς
1159 5584 1454 5655 ὑπολήψεις
1506 5582 1642 5653 πρὸς
1684 5581 1782 5651 τὴν

192 5686 550 5753 κατέχουσαν
598 5679 950 5749 μεθίστασθαι
1000 5677 1256 5740 πολλάκις
1303 5675 1578 5744 ἀνάγκην·
1628 5672 1784 5726 τοῦτο

190 5775 291 5835 οὖν
328 5777 513 5844 λέγει,
556 5772 641 5827 ὅτι
679 5771 986 5843 συγχύσεως
1016 5771 1112 5843 μὲν
1145 5767 1505 5841 πληροῦνται,
1539 5764 1781 5829 ἐπιόντος

1945 3945 2113 4001 Vens.
2141 3943 2295 3999 9-H.
2326 3970 2393 3980 —
2426 3958 2442 3989 ι
2476 3936 2671 3992 Urbem
2719 3931 2934 4001 capient
2962 3969 2977 3991 ,
3017 3937 3071 3983 et
3105 3940 3274 3996 super
3307 3915 3469 3979 mm?

1875 4036 1969 4090 nia
2016 4035 2135 4104 ejus
2181 4032 2523 4091 discurrent;
2577 4024 2769 4078 domos
2814 4018 3203 4081 conscendent,
3248 4021 3302 4069 et
3346 4028 3441 4083 per

1878 4102 2147 4181 fenestras
2195 4121 2480 4176 intrabunt
2505 4114 2663 4186 quasi
2705 4111 2878 4165 fures.
2926 4128 2944 4160 ι
2994 4106 3199 4177 Magnis
3231 4102 3441 4157 viribus

1878 4216 2042 4270 urbes
2097 4212 2351 4272 domant,
2417 4199 2597 4276 neque
2650 4218 2758 4256 non
2826 4197 3029 4252 audent
3086 4207 3309 4249 currere
3372 4190 3442 4244 ad

1878 4306 2077 4360 mmnia
2134 4318 2256 4357 cum
2316 4299 2503 4359 armis,
2557 4304 2611 4351 et
2669 4309 2765 4364 per
2812 4292 3009 4361 januas
3068 4287 3444 4352 fenestrasque

1880 4392 2115 4463 ingredi,
2143 4401 2199 4443 ut
2230 4386 2492 4459 quidquid
2535 4393 2619 4439 est
2660 4384 2808 4435 intus
2842 4378 3097 4432 auferant
3127 4394 3139 4430 :
3172 4377 3274 4428 hoc
3300 4373 3443 4427 enim

1878 4483 2143 4553 significat
2189 4481 2411 4541 locutio,
2442 4496 2459 4528 ι
2495 4475 2651 4545 quasi
2701 4472 2885 4533 fures,
2918 4488 2937 4519 ι
2981 4483 3107 4539 pro,
3146 4466 3225 4521 Ad
3259 4463 3446 4519 omnia

1879 4574 2234 4630 auferendum
2270 4581 2322 4626 et
2355 4567 2667 4623 furandum.
2710 4584 2728 4617 ι
2776 4565 2821 4617 Α
2858 4562 2996 4617 facie
3042 4560 3163 4631 ejus
3206 4556 3446 4614 confun-

1879 4670 2037 4721 detur
2089 4673 2271 4729 terra,
2316 4659 2753 4716 commovebitur
2804 4657 3036 4721 cmlum,
3090 4653 3170 4708 sol
3220 4660 3275 4706 et
3320 4651 3447 4703 luna

1879 4756 2399 4818 obtenebrabuntur,
2441 4762 2494 4806 et
2538 4750 2709 4806 stellae
2755 4746 3053 4803 recondent
3098 4743 3447 4815 splendorem

1881 4864 2061 4904 suum.
2121 4866 2138 4899 ι
2215 4842 2443 4898 Videtur
2526 4841 2791 4913 propheta
2857 4837 3207 4909 hyperbolice
3275 4834 3446 4887 multa

1882 4940 2084 5000 dicere,
2134 4951 2192 4991 ut
2237 4935 2441 5003 majore
2480 4932 2765 4987 audientes
2810 4931 2991 5000 pulset
3036 4936 3264 4982 terrore.
3310 4920 3448 4975 Nam

1882 5028 2213 5085 cuicuimodi
2262 5026 2373 5081 sint
2428 5024 2545 5078 haec
2593 5022 2782 5085 verba,
2830 5022 3041 5075 minora
3092 5018 3257 5071 rebus
3298 5023 3449 5069 sunt.

1880 5122 2122 5192 Apparet
2156 5127 2338 5172 autem
2378 5118 2478 5171 hoc
2512 5115 2676 5169 etiam
2706 5115 2825 5168 loco
2858 5111 3176 5182 prophetam
3209 5104 3349 5160 haud
3375 5106 3453 5159 ita

1884 5214 2029 5284 loqui
2050 5212 2204 5283 quasi
2226 5212 2493 5266 elementa
2516 5207 2925 5264 confundantur
2949 5214 3003 5260 et
3026 5201 3451 5267 transferantur,

1883 5307 1976 5363 sed
2032 5305 2159 5375 quia
2211 5318 2330 5357 mos
2379 5309 2465 5357 est
2509 5314 2701 5355 eorum
2755 5299 2850 5369 qui
2901 5295 3060 5351 malis
3103 5300 3454 5360 exercentur,

1881 5373 2080 5452 mentis
2131 5393 2283 5447 ideas
2328 5390 2395 5445 ad
2442 5403 2571 5444 suas
2623 5393 2925 5458 praesentes
2970 5397 3114 5450 saepe
3165 5373 3454 5449 angustias

1883 5486 2202 5542 transferre.
2237 5484 2380 5539 Dicit
2409 5482 2577 5554 igitur
2613 5479 2732 5534 fore
2766 5487 2828 5533 ut
2852 5476 3104 5531 homines
3132 5469 3451 5528 confusione

1884 5579 2218 5649 repleantur,
2253 5574 2488 5630 Domino
2518 5575 2571 5627 in
2597 5582 2798 5627 terram
2836 5569 3188 5625 adventante.
3222 5562 3455 5617 Videtur

1883 5683 2011 5739 ergo
2051 5667 2180 5730 illis,
2227 5666 2322 5737 qui
2361 5665 2491 5719 talia
2539 5679 2569 5717 a
2612 5661 2723 5717 Deo
2769 5661 2825 5715 in
2869 5669 3013 5716 terra
3060 5657 3364 5729 patiuntur,
3396 5658 3455 5708 et

1886 5760 2084 5819 ctelum
2137 5758 2378 5827 concuti,
2413 5758 2467 5815 et
2507 5755 2590 5813 sol
2632 5769 2694 5811 ac
2717 5753 2846 5810 luna
2889 5760 2944 5810 et
2983 5751 3162 5809 sidera
3199 5749 3311 5821 jam
3340 5760 3452 5801 non
