3966 6222
486 147 515 183 1

532 283 641 341 ass
1710 290 2055 348 τιιεοοοιιι
2090 290 2576 350 uorsnssmm
3643 278 3762 340 εει

533 403 796 463 relucere.
846 400 1116 457 malorum
1165 402 1379 459 scilicet
1430 402 1702 472 gravitate
1758 405 2124 475 patientibus,

2227 407 2353 462 ὐτοῦ
2379 409 2447 461 τὰ
2486 404 2627 460 κατὰ
2650 406 2783 477 γῆν·
2817 406 2964 459 δοκεῖ
2990 407 3048 460 δὲ
3082 408 3193 470 τοῖς
3229 405 3291 458 ὲν
3315 406 3379 477 τῇ
3404 405 3477 475 γῇ
3521 403 3757 462 τοιαῦτα

532 494 800 562 eripiente
832 493 973 549 lucis
1001 508 1237 549 sensum.
1283 514 1304 547 ι
1344 494 1409 549 Et
1439 494 1696 552 Dominus
1722 496 1875 550 dabit
1907 511 2095 551 vocem

2226 499 2463 568 πάσχουσι
2489 497 2618 566 παρ’
2645 497 2830 563 αὐτοῦ,
2858 498 2951 551 καὶ
2978 500 3006 551 ὁ
3031 498 3257 567 οὐρανὸς
3291 497 3630 566 σαλεύεσθαι,
3651 500 3757 553 καὶ

539 599 693 638 suam
732 591 863 638 ante
889 583 1079 639 faciem
1114 586 1387 641 exercitus
1424 588 1509 641 sui
1550 605 1567 641 :
1600 588 1732 657 quia
1768 588 1937 642 multa
1965 596 2096 644 sunt

2246 589 2416 659 ἥλιος,
2446 589 2538 643 καὶ
2563 591 2598 659 ή
2626 589 2845 660 σελήνη,
2871 590 2966 642 κοιλ⁹
2988 589 3057 642 τὰ
3084 590 3258 660 ἄστρα
3290 590 3485 660 μηκέτι
3518 592 3751 659 φαίνειν,

538 676 701 730 nimis
719 683 897 729 castra
920 675 1061 744 ejus,
1086 677 1214 746 quia
1245 676 1404 731 fortia
1425 692 1590 748 opera
1620 678 1908 733 verborum
1929 679 2049 748 ejus
2077 696 2093 733 :

2226 683 2296 753 ἧς
2314 683 2421 737 τῶν
2440 682 2627 736 κακῶν
2649 682 2943 754 βαρύτητος
2963 682 3366 755 ἀφαιρουμένης
3386 683 3494 736 τῶν
3522 683 3757 754 πασχόν-

538 783 770 838 magnus
823 770 969 823 enim
1026 771 1146 824 dics
1196 770 1453 834 Domini,
1518 787 1709 842 magna
1760 780 1815 827 et
1864 774 2097 832 illustris

2226 793 2304 829 ων
2331 775 2424 829 τοῦ
2467 775 2642 844 φωτὸς
2683 774 2781 846 τὴν
2818 775 3086 845 αἴσθησιν.
3140 792 3158 825 ι
3212 776 3323 827 Καὶ
3354 775 3557 846 Κύριος
3588 776 3755 829 δώσει

539 860 718 926 valde,
767 869 819 913 et
849 862 973 930 quis
1013 862 1305 917 sustinebit
1338 864 1504 917 eam?
1542 883 1561 914 ι
1594 862 1872 933 Loquetur
1903 874 2099 934 praeter

2226 867 2382 935 κυνὴν
2428 866 2590 920 αὐτοῦ
2639 865 2746 936 πρὸ
2788 866 3077 938 προσώπου
3122 865 3399 935 δυνάμεως
3445 866 3631 920 αὐτοῦ·
3664 867 3755 920 ὃτι

541 948 687 1002 facta
734 951 847 1005 hare
898 952 1013 1021 ipse
1071 954 1350 1017 Dominus,
1409 954 1568 1022 cujus
1631 956 1931 1021 voluntate,
1985 957 2099 1012 hac

2226 959 2368 1030 πολλή
2398 960 2511 1011 ἐστι
2547 956 2751 1027 σφόδρα
2779 957 2812 1026 ή
2854 956 3170 1027 παρεμϐολὴ
3204 956 3366 1009 αὐτοῦ
3390 974 3403 986 ·
3440 957 3522 1009 ὅτι
3556 956 3756 1028 ἰσχυρὰ

539 1053 763 1111 propter
799 1046 1047 1099 vestram‘
1075 1047 1368 1114 nequitiam
1411 1047 1688 1115 patiemini
1723 1065 1739 1100 :
1773 1049 1882 1117 78
1908 1064 2101 1119 quam.

542 1137 729 1191 obrem
768 1146 897 1191 tunc
931 1153 1028 1194 vos
1077 1142 1337 1197 noveritis
1384 1152 1556 1196 totam
1610 1144 1748 1196 hanc
1799 1145 1918 1212 ejus
1980 1161 2103 1201 esse

2226 1140 2338 1204 ιίου,
2379 1139 2588 1209 μεγάλη
2626 1138 2718 1192 καὶ
2754 1138 3018 1207 ἐπιφανὴς
3055 1137 3297 1207 σφίιδρα·
3345 1137 3440 1189 καὶ
3480 1136 3561 1199 τίς
3608 1140 3758 1190 ἐστιν

541 1227 736 1291 aciem,
793 1228 953 1296 cujus
1012 1230 1292 1284 voluntate
1346 1228 1647 1287 movetur.
1686 1235 1884 1291 Scietis
1939 1238 2101 1289 etiam

2226 1230 2388 1294 χανὸς
2418 1231 2588 1299 αὐτῇς
2627 1248 2651 1279 ι
2688 1228 3101 1299 Ἑπιφθέγξεται
3129 1230 3186 1282 δὲ
3205 1231 3315 1293 τοῖς
3335 1230 3636 1299 γινομένοις
3659 1231 3760 1282 καὶ

539 1324 743 1381 quanta
780 1315 851 1369 sit
890 1318 1175 1371 verborum
1200 1321 1318 1389 ejus
1347 1322 1452 1386 vis,
1486 1325 1615 1376 olim
1662 1325 1953 1394 loquentis,
1978 1341 2101 1381 cum

2226 1350 2229 1367 .
2271 1320 2422 1382 Θεὸς,
2470 1314 2639 1388 οὗπερ
2685 1313 2783 1371 οὖν
2830 1316 3024 1387 γνώμῃ
3066 1316 3234 1370 ταῦτα
3274 1317 3360 1370 διὰ
3402 1319 3503 1387 τὴν
3551 1319 3761 1371 οἰκείαν

541 1419 641 1458 vos
675 1406 851 1461 verbis
885 1421 991 1461 non
1021 1412 1347 1478 credebatis,
1372 1430 1491 1482 quae
1516 1423 1701 1483 postea
1736 1416 1791 1469 in
1818 1432 1930 1472 rem
1970 1432 2103 1471 con-

2226 1411 2455 1464 τείσεσθε
2483 1411 2680 1464 κακίαν
2698 1425 2713 1439 ·
2742 1409 2883 1461 ὥστε
2909 1410 3027 1462 τότε
3064 1410 3161 1479 μὲν
3188 1410 3330 1480 ὑμᾶς
3352 1409 3556 1476 γνῶναι
3578 1411 3761 1462 πᾶσαν

543 1494 703 1560 tulit;
727 1496 1094 1566 ostenditque,
1126 1501 1421 1568 quemlibet
1445 1518 1750 1558 sermonem
1779 1505 1897 1573 ejus
1921 1507 2106 1573 perin-

2226 1504 2369 1558 ιύτοῦ
2400 1503 2497 1574 τὴν
2526 1503 2826 1574 παράταξιν
2855 1502 3056 1571 ταύτην
3080 1497 3242 1554 οὖσαν
3263 1542 3276 1565 ,
3302 1496 3470 1572 οὗπερ
3489 1498 3581 1553 οὖν
3609 1498 3761 1552 κεκίο

544 1584 615 1640 de
642 1601 768 1641 esse
797 1603 859 1642 ac
891 1588 1029 1645 forte
1062 1605 1201 1659 opus
1226 1610 1242 1645 :
1283 1594 1720 1662 quandoquidem
1747 1596 1881 1651 adeo
1910 1610 2105 1666 magna

2226 1613 2360 1665 νηται
2382 1593 2606 1666 γνώμῃ·
2640 1593 2840 1662 γνῶναι
2868 1593 2923 1644 δὲ
2952 1592 3045 1645 καὶ
3068 1592 3166 1660 ὅση
3195 1592 3310 1644 ὲστὶ
3341 1591 3447 1643 τῶν
3468 1590 3643 1658 λόγων
3664 1588 3765 1641 αὐ·

543 1687 599 1731 et
660 1678 892 1733 illustris
946 1689 1033 1735 est
1086 1684 1585 1751 supervenientium
1636 1687 1791 1742 vobis
1836 1690 2105 1743 malorum

2226 1687 2297 1740 τοῦ
2334 1688 2368 1757 ἡ
2410 1688 2578 1756 ἰσχὺς,
2603 1684 2769 1738 πάλαι
2802 1684 2900 1753 μὲν
2928 1683 3205 1753 εἰρηκότος
3238 1684 3325 1735 ὅτε
3350 1699 3453 1753 περ
3480 1682 3765 1750 ἠπιστεῖτε

542 1767 683 1821 dies.
719 1767 873 1822 Tunc
903 1786 991 1825 res
1019 1786 1115 1841 pro
1147 1774 1328 1827 divina
1360 1776 1634 1831 voluntate
1668 1778 1752 1832 ﬁet
1776 1816 1792 1839 ,
1826 1794 1925 1833 nec
1955 1780 2107 1848 quis-

2226 1779 2315 1840 rei;
2350 1777 2689 1845 λεγομένοις·
2726 1774 2948 1842 ὕστερον
2981 1774 3038 1827 δὲ
3074 1773 3215 1827 αὐτὰ
3256 1773 3531 1838 ὲξάξοντος
3560 1774 3641 1835 είς
3672 1771 3766 1840 Ep-

542 1874 711 1927 quam
746 1860 1013 1914 malorum
1048 1862 1264 1917 illorum
1300 1865 1443 1920 ferre
1492 1870 1690 1936 poterit
1724 1870 1942 1924 molem.
1969 1870 2106 1935 Qui-

2226 1887 2320 1937 πον,
2346 1871 2420 1939 (p.
2450 1870 2571 1938 118)
2597 1869 2688 1922 καί⁵
2708 1867 2978 1931 δείξαντος
3002 1869 3083 1920 ὅτι
3102 1869 3210 1931 πᾶς
3238 1867 3392 1935 λόγος
3413 1866 3577 1919 αὐτοῦ
3604 1866 3766 1937 ἔργον

546 1950 652 2004 bus
674 1952 855 2006 verbis
878 1962 1163 2023 postquam
1187 1955 1423 2010 hostium
1448 1972 1639 2027 graves
1662 1961 1806 2016 vires
1826 1963 2105 2030 exposuit,

2226 1963 2350 2015 ιστὶν
2386 1960 2602 2030 ἰσχυρόν
2623 1976 2636 1990 ·
2678 1960 2760 2011 ὅτι
2789 1975 2849 2011 τε
2886 1958 3027 2011 οὕτω
3062 1958 3269 2029 μεγάλη
3303 1959 3398 2011 καὶ⁵
3428 1956 3696 2027 ἐπιφανὴς
3729 1957 3765 2024 ἡ

542 2041 830 2111 subjungit
860 2062 876 2097 :
1185 2060 1188 2063 ‘
2204 2052 2314 2106 τῶν
2352 2051 2611 2104 ἐπιόντων
2642 2051 2771 2120 ὑμῖν
2809 2049 2992 2103 κακῶν
3030 2050 3212 2119 ἡμέρα
3232 2065 3245 2079 ·
3278 2049 3400 2102 τότε
3446 2049 3596 2101 ἔσται
3626 2045 3773 2102 κατὰ

546 2135 648 2205 τὴν
678 2134 899 2205 γνώμην
930 2136 1027 2205 τὴν
1057 2136 1225 2203 θείαν,
1255 2140 1329 2201 ὡς
1360 2140 1495 2210 μηδὲ
1525 2136 1663 2195 εἷναί
1690 2160 1809 2195 τινα
1834 2143 2058 2199 δυνατὸν
2094 2144 2203 2198 τῶν
2242 2144 2366 2197 τότε
2403 2143 2698 2212 γινομένων
2734 2141 2918 2195 κακῶν
2950 2140 3239 2212 ὑποφέρειν
3278 2140 3338 2193 τὸ
3376 2139 3605 2211 μέγεθος
3629 2154 3645 2168 ·
3682 2138 3769 2192 διο

546 2226 895 2297 ηγησάμενος
915 2227 971 2279 δὲ
997 2228 1105 2282 τῶν
1127 2230 1394 2299 πολεμίων
1423 2232 1519 2303 τὴν
1551 2232 1821 2305 βαρύτητα
1850 2238 1909 2287 ὲν
1931 2235 2155 2301 τούτοις,
2191 2233 2383 2301 ἐπάγει
2400 2245 2416 2260 ’

628 2316 792 2372 Vsus.
834 2319 1021 2372 1244.
1071 2350 1141 2360 -—
1174 2340 1192 2372 ι
1230 2320 1297 2375 Ει
1334 2337 1480 2377 nunc
1521 2324 1653 2379 dicit
1688 2324 1951 2382 Dominus
1974 2326 2117 2384 Deus

2281 2326 2429 2396 Στίχ.
2468 2324 2652 2395 ιβ’-ιδ’.
2683 2354 2754 2366 --
2798 2342 2818 2375 ι
2868 2320 2976 2376 Καὶ
3012 2319 3108 2376 νῦν
3150 2322 3298 2392 λέγει
3335 2323 3537 2394 Κύριος
3572 2324 3602 2376 ὁ
3634 2320 3770 2384 Θεὸς

558 2419 737 2464 vester
770 2410 1204 2466 :Convertimini
1243 2414 1307 2468 ad
1338 2430 1424 2469 me
1466 2423 1583 2469 toto
1611 2416 1778 2472 corde
1811 2426 2018 2479 vestro,
2061 2419 2118 2473 in

2226 2417 2398 2487 Βμῶν,
2456 2414 2854 2487 Ἑπιστράφητε
2880 2415 3019 2487 πρός
3051 2432 3119 2483 με
3148 2414 3209 2479 ἐξ
3250 2416 3378 2484 ὅλης
3402 2414 3499 2485 τῆς
3542 2413 3771 2484 καρδίας

554 2500 766 2569 jejunio
791 2510 845 2557 et
876 2504 928 2557 in
958 2504 1083 2558 ﬂetu
1112 2513 1168 2560 et
1206 2505 1263 2559 in
1311 2507 1558 2575 planctu,
1598 2516 1652 2563 et
1682 2510 1919 2564 scinditc
1950 2510 2117 2565 corda

2226 2508 2385 2578 Buth,
2415 2509 2473 2562 ὲν
2509 2508 2732 2578 νηστείᾳ
2764 2508 2860 2560 καὶ
2900 2508 2958 2560 ὲν
2996 2506 3258 2578 κλαυθμῷ
3289 2508 3385 2561 καὶ
3417 2508 3475 2560 ὲν
3519 2506 3769 2576 κοπετῷ·

556 2602 761 2655 vestra,
788 2602 843 2650 et
880 2611 987 2650 non
1012 2599 1336 2653 vestimenta
1375 2612 1557 2656 vestra
1588 2619 1601 2655 :
1642 2612 1697 2656 et
1732 2601 2117 2658 convertimini

2226 2598 2305 2651 tat
2328 2598 2653 2670 διαρῥὴξατε
2682 2599 2783 2661 τὰς
2810 2599 3033 2669 καρδίας
3056 2598 3232 2669 ὑμῶν,
3262 2601 3357 2653 καὶ
3386 2598 3460 2670 μὴ
3486 2598 3557 2652 τὰ
3582 2599 3774 2670 ἱμάτια

2202 1050 2336 1121 ἔργα
2371 1050 2543 1117 λόγων
2581 1047 2771 1112 αὐτούς
2807 1047 2939 1100 διὰτι
2980 1047 3183 1117 μεγάλη
3221 1050 3252 1117 ἠ
3291 1046 3470 1117 ἡμέρα
3504 1046 3598 1100 τού
3640 1049 3750 1100 Κυο
3793 1059 3845 1083 θ’
3938 1058 3939 1061 ‘

565 2684 635 2737 ad
660 2684 944 2740 Dominum
978 2687 1142 2742 Deum
1179 2697 1442 2755 vestrum,
1473 2693 1596 2761 quia
1630 2692 1898 2761 benignus
1932 2702 1986 2748 et
2017 2694 2113 2746 mi-

552 2776 791 2830 scricors
818 2785 936 2842 est,
969 2786 1024 2831 et
1050 2778 1375 2847 longanimis
1400 2797 1464 2835 ac
1490 2782 1674 2835 multae
1700 2784 2111 2846 misericordiae.

552 2873 610 2920 et
629 2866 1077 2939 ﬂexibilissupcr
1117 2870 1518 2940 iniquitatibus.
1561 2892 1579 2927 ι
1616 2873 1720 2929 Sed
1763 2874 1906 2929 enim
1936 2889 2107 2945 quan-

556 2973 719 3027 quam
766 2975 855 3015 ιρις
908 2962 981 3014 ita
1037 2978 1099 3017 se
1151 2963 1407 3027 habeant,
1469 2969 1645 3036 agesis
1702 2969 1888 3022 cuncti
1935 2970 2115 3023 studia

557 3056 744 3101 nostra
793 3063 823 3101 a
871 3048 1001 3105 vitio
1048 3051 1113 3104 ad
1159 3054 1413 3109 virtutem
1446 3067 1850 3122 convertamus,
1908 3060 2117 3119 cuncti,

556 3138 796 3208 inquam,
826 3149 941 3195 tota
976 3153 1155 3199 mente
1188 3145 1254 3199 ad
1294 3145 1457 3201 Deum
1490 3148 1831 3213 inclinentur,
1873 3150 2117 3220 jejuniis,
2143 3130 2187 3188 ο

556 3230 686 3285 fletu
733 3240 790 3288 et
843 3235 1063 3304 planctu
1102 3238 1389 3307 occupati;
1441 3254 1616 3308 neque
1661 3249 1844 3296 vestes
1902 3250 2119 3297 nostras

557 3323 893 3389 scindamus,
931 3328 1035 3397 .qui
1065 3319 1209 3384 .mos
1259 3341 1441 3385 vester
1483 3346 1624 3399 saepe
1656 3338 1741 3386 est
1788 3332 1909 3387 sine
1954 3333 2121 3388 animi

558 3414 797 3484 all'ectu;
853 3412 1165 3475 sed'corda
1209 3432 1392 3477 vestra
1433 3424 1674 3493 pandite,
1709 3423 1931 3494 Deoque
1975 3426 2122 3481 nuda

556 3509 810 3565 exhibete
834 3551 848 3576 ,
875 3524 932 3567 ut
956 3507 1138 3570 vetere
1168 3517 1374 3570 malitia
1397 3517 1643 3586 deposita
1665 3556 1679 3581 ,
1708 3527 1946 3573 vestram
1975 3520 2121 3574 circa

558 3599 727 3657 Deum
751 3614 985 3661 mentem
1013 3608 1418 3664 demonstretis.
1458 3608 1643 3679 Neque
1667 3612 1813 3664 enim
1834 3619 1917 3666 est
1946 3612 2123 3665 incre-

558 3691 726 3747 dibile
746 3732 761 3755 ,
792 3709 918 3749 cum
948 3697 1018 3751 sit
1043 3698 1198 3752 valde
1228 3699 1520 3770 benignus,
1555 3708 1609 3754 et
1640 3702 1807 3754 multa
1841 3716 1967 3771 erga
1999 3716 2126 3771 pec-

559 3792 746 3837 cantes
777 3786 1032 3854 patientia
1078 3791 1151 3842 ιιιὶ
1184 3791 1399 3852 solitus.
1436 3790 1555 3846 fore
1589 3799 1649 3844 ut
1698 3793 1839 3845 mala
1875 3793 2124 3846 retrahat

497 3873 501 3877 ’
558 3890 682 3945 qua:
724 3877 875 3933 vobis
900 3879 1178 3947 imponere
1205 3883 1500 3952 cogitabat.
1550 3901 1566 3933 ι
1609 3883 1744 3948 Quis
1787 3885 1957 3947 novit,
1994 3899 2121 3937 num

560 3977 931 4033 convertatur,
995 3980 1048 4025 et
1103 3975 1403 4041 pcenitcat,
1452 3984 1506 4029 et
1554 3977 1825 4046 relinquat
1879 3986 2001 4046 post
2066 3992 2126 4031 se

560 4057 1012 4124 benedictionem,
1043 4064 1403 4128 sacriﬁcium,
1441 4074 1494 4119 et
1526 4066 1854 4120 oblationem
1888 4066 2119 4121 Domino

560 4150 673 4205 Deo
706 4151 935 4204 vestro?
977 4170 995 4201 ι
1043 4152 1367 4222 Quanquam
1407 4156 1549 4210 haud
1589 4157 1741 4210 vobis
1790 4159 2043 4212 omnibus
2072 4159 2124 4212 id

557 4241 899 4306 exploratum
945 4256 1067 4296 esse
1109 4243 1398 4312 contingit,
1440 4244 1531 4313 qui
1574 4246 1912 4298 conscientia
1945 4254 2123 4299 vestra
2174 4248 2177 4251 ’

560 4330 945 4395 vulneramini,
969 4340 1205 4389 attamen
1234 4335 1477 4404 apprime
1498 4334 1654 4389 nobis
1676 4344 1933 4390 constare
1961 4350 2124 4405 Opor-

560 4427 717 4481 teret,
750 4422 896 4490 quod
928 4424 971 4477 si
1001 4433 1382 4479 convertamur
1405 4435 1565 4494 atque
1593 4426 1661 4480 ad
1695 4442 1819 4479 eum
1849 4426 2124 4481 declinare

560 4511 918 4576 voluerimus,
979 4515 1157 4585 ipsum
1224 4532 1443 4585 quoque
1503 4516 1790 4585 pcunitebit
1852 4517 2122 4570 malorum

562 4602 822 4672 79‘quae
864 4605 1019 4661 nobis
1049 4622 1108 4661 se
1151 4606 1426 4660 illaturum
1461 4606 1812 4673 ostenderat;
1857 4607 2124 4677 nobisque

565 4697 746 4764 potius
786 4695 969 4751 futuro
1005 4706 1247 4767 tempore
1279 4700 1536 4754 beneﬁcia
1572 4699 1890 4769 largiturum
1925 4716 1938 4752 :
1983 4700 2123 4754 hanc

563 4784 708 4840 enim
752 4785 885 4841 dicit
926 4787 1356 4843 benedictionem
1395 4809 1408 4844 :
1459 4805 1690 4859 quorum
1733 4790 2120 4844 beneﬁciorum

564 4874 799 4945 primum
827 4878 931 4931 erit
956 4878 1169 4941 notitia,
1205 4880 1350 4950 quod
1376 4881 1531 4950 copia
1566 4882 1724 4952 nobis
1752 4883 1821 4935 sit
1854 4882 2122 4935 sacriﬁcia

564 4981 631 5021 ac
679 4968 967 5024 libationes
996 4971 1046 5024 ei
1084 4971 1192 5024 ritu
1234 4971 1398 5025 solito
1442 4972 1724 5027 ol'ferendi.
1770 4971 2124 5041 Perspicuum

563 5068 647 5113 est
692 5062 837 5115 enim
888 5061 1055 5116 Deum
1080 5062 1187 5117 dici
1235 5061 1576 5131 benedicere,
1621 5079 1747 5117 cum
1792 5063 1908 5118 suis
1963 5062 2122 5117 donis

564 5152 703 5208 bene
731 5155 891 5210 alicui
920 5153 1069 5212 facit.
1103 5156 1305 5211 Deinde
1329 5156 1476 5210 addit
1510 5167 1525 5203 :

2218 2690 2248 2742 ὑ
2256 2688 2370 2758 μῶν
2390 2705 2403 2718 ·
2433 2690 2525 2744 καὶ
2545 2688 2914 2758 ἐπιστράφητε
2944 2689 3080 2760 πρὸς
3106 2688 3307 2760 Κύριον
3325 2688 3418 2741 τὸν
3436 2687 3569 2742 Θεὸν
3593 2689 3624 2740 ὐ
3633 2686 3771 2758 μῶν·

2218 2781 2299 2833 δτι
2346 2779 2590 2849 ἐλεήμων
2628 2780 2720 2831 καὶ
2756 2778 3054 2850 οἰκτίρμων
3094 2778 3244 2845 ἐστὶ,
3296 2778 3641 2850 μακρόθυμος
3678 2777 3776 2831 καὶ.

2217 2869 2634 2935 πολυέλεοςπκαὶ
2668 2869 2942 2940 μετανοῶν
2974 2870 3065 2923 ἐπὶ
3094 2871 3215 2934 ταῖς
3256 2870 3494 2932 κακίαις.
3546 2887 3566 2920 ι
3615 2868 3777 2922 Ἀλλὰ

2218 2965 2323 3035 γὰρ
2351 2966 2443 3018 καὶ
2466 2963 2664 3016 τούτων
2688 2962 2862 3023 οὕτως
2884 2961 3135 3031 ἐχόντων,
3156 2961 3287 3031 φέρε
3311 2960 3375 3032 δὴ
3397 2961 3593 3024 πάντες
3616 2976 3779 3031 μετα-

2219 3055 2507 3127 ϐαλώμεθα
2532 3055 2623 3107 τὸν
2648 3054 2907 3125 λογισμὸν
2930 3055 2994 3106 ὲκ
3017 3052 3111 3106 τοῦ
3134 3053 3373 3123 χείρονος
3400 3052 3493 3104 ἐπὶ
3508 3052 3573 3104 τὸ
3602 3053 3780 3121 κρείτο

2218 3164 2328 3211 τον,
2352 3147 2444 3199 καὶ
2467 3145 2742 3215 νεύσωμεν
2766 3143 3002 3206 ἅπαντες
3029 3143 3305 3213 ὁλοκλήρῳ
3324 3145 3392 3213 τῇ
3412 3141 3622 3212 διανοίᾳ
3642 3140 3778 3212 πρὸς

2219 3238 2371 3302 Θεὸν,
2404 3235 2677 3306 νηστείαις
2705 3251 2763 3286 τε
2793 3235 2887 3287 καὶ
2918 3233 3179 3304 κλαυθμῷ
3211 3234 3305 3288 καὶ
3333 3231 3544 3303 κοπετῷ
3572 3249 3780 3303 κεχρη-

2224 3329 2405 3400 μένοι·
2434 3328 2526 3381 καὶ
2568 3326 2641 3398 μὴ
2679 3327 2747 3379 τά
2788 3326 2978 3395 ἱμάτια
3004 3326 3072 3379 τὰ
3095 3326 3301 3379 ἑαυτῶν
3326 3324 3779 3396 διαρῤηγνύντες,

2220 3421 2405 3491 διόπερ
2431 3420 2548 3483 ἔθος
2585 3420 2711 3488 ὑμῖν
2751 3418 2850 3470 οὐκ
2878 3419 2943 3470 ὲκ
2972 3417 3266 3481 διαθέσεως
3293 3417 3553 3480 πολλάκις
3582 3418 3778 3470 ποιεῖν·

2220 3514 2316 3576 τὰς
2355 3512 2580 3583 καρδίας
2622 3511 2679 3563 δὲ
2723 3509 2931 3563 ἑαυτῶν
2958 3510 3312 3578 διανοίγοντές
3345 3527 3402 3562 τε
3438 3511 3535 3563 mi.
3564 3509 3783 3579 γυμνὰς

2222 3604 2586 3672 προσάγοντες
2619 3600 2696 3671 τῷ
2727 3600 2845 3669 Θεῷ
2865 3615 2877 3628 ·
2913 3601 2989 3662 ὡς
3018 3599 3083 3652 ἂν
3111 3599 3208 3670 τὴν
3243 3600 3476 3654 παλαιάν
3506 3601 3782 3672 ἀποθέμεο

2222 3711 2299 3747 νοι
2340 3692 2553 3755 κακίαν,
2576 3690 2719 3761 δῆλοι
2752 3689 2981 3760 γένησθε
3009 3692 3107 3760 τῆς
3138 3691 3265 3761 περὶ
3295 3691 3454 3746 αὐτὸν
3489 3692 3785 3763 ἀντεχόμε-

2222 3800 2301 3836 νοι
2337 3782 2594 3851 γνώμης·
2626 3783 2685 3835 οὐ
2716 3781 2825 3851 γὰρ
2862 3780 3120 3846 ἀπεικὸς,
3150 3781 3290 3849 ἄγαν
3315 3782 3445 3837 ὄντα
3476 3782 3785 3854 φιλάνθρω-

2223 3890 2323 3927 πον
2367 3873 2459 3925 καὶ
2511 3872 2676 3942 πολλῇ
2726 3874 2792 3942 τῇ
2850 3872 3169 3942 ἀνεξικακίᾳ
3212 3873 3286 3943 (p.
3324 3872 3445 3941 119)
3484 3876 3615 3945 περὶ
3660 3877 3789 3938 τοὺς

2225 3968 2631 4038 ἁμαρτάνοντας
2654 3966 3011 4036 κεχρημένον,
3046 3964 3387 4036 μεταγνῶναι
3414 3966 3507 4018 ἐπὶ
3533 3968 3649 4028 τοῖς
3688 3984 3789 4020 κα-

2226 4063 2357 4122 κοῖς,
2388 4053 2467 4120 οἶς
2492 4060 2787 4125 ἐπαγαγεῖν
2813 4058 2937 4127 ὑμῖν
2967 4056 3342 4110 ἐϐουλεύσατο.
3384 4075 3403 4108 ι
3438 4056 3532 4120 Τίς
3562 4053 3704 4111 οἶδεν
3736 4058 3788 4110 εί

2226 4148 2537 4218 ἐπιστρέψει
2586 4148 2677 4199 καὶ
2732 4148 3051 4217 μετανοήσει
3112 4147 3204 4199 καὶ
3266 4145 3613 4215 ὐπολείψεται
3672 4146 3786 4217 (l6)

2222 4241 2395 4294 ὀπίσω
2425 4239 2587 4292 αὐτοῦ
2617 4240 2863 4307 εὐλογίαν
2903 4238 3092 4291 θυσίαν
3120 4239 3212 4291 καὶ
3238 4237 3466 4307 σπονδὴν
3490 4236 3683 4307 Κυρίῳ
3709 4237 3793 4306 τῷ

2224 4332 2341 4400 Θεῷ
2370 4331 2520 4399 ὑμῶν
2548 4348 2560 4394 ;
2596 4350 2613 4381 ι
2646 4332 2707 4383 Et
2740 4331 2846 4401 γὰρ
2880 4331 2973 4383 καὶ
3004 4330 3078 4400 μὴ
3107 4332 3269 4382 πᾶσιν
3301 4329 3427 4397 ὑμῖν
3458 4328 3612 4398 δῆλον
3645 4323 3797 4381 εἷναι

2226 4423 2379 4476 τοῦτο
2408 4440 2470 4474 συ
2479 4422 2749 4491 μϐἑϐηκεν
2774 4422 2877 4473 ὑπὸ
2900 4422 2997 4491 τῆς
3027 4422 3380 4489 συνειδήσεως
3400 4419 3793 4490 πληττομένοις

2229 4515 2326 4581 τῆς
2351 4513 2572 4576 οἰκείας,
2598 4512 2731 4564 ἀλλὰ
2760 4512 2962 4581 σφόδρα
2999 4529 3061 4573 γε
3097 4510 3291 4563 εἰδέναι
3321 4510 3589 4581 προσῆκεν
3618 4510 3788 4579 ἡμᾶς,

2230 4605 2303 4666 ὡς
2349 4605 2399 4655 εἰ
2448 4602 2882 4673 μεταϐαλοίμεθά
2930 4620 2988 4655 τε
3036 4604 3129 4656 καὶ
3169 4601 3354 4655 νεῦσαι
3398 4600 3794 4671 βουληθείημεν

2232 4696 2365 4765 πρὸς
2394 4694 2571 4757 αὐτὸν,
2606 4694 3107 4764 μεταμεληθήσεται
3143 4693 3239 4763 μὲν
3269 4694 3361 4745 καὶ
3390 4692 3552 4753 αὐτὸς
3582 4693 3669 4761 ἐφ’
3706 4687 3794 4754 οἷς

2229 4787 2347 4851 καθ’
2373 4785 2526 4855 ἡμῶν
2550 4786 2860 4855 ἀπεφήνατο
2883 4800 2898 4814 ·
2926 4787 3191 4857 χαριεῖται
3216 4783 3270 4836 δὲ
3300 4785 3429 4854 ἡμῖν
3458 4784 3516 4835 ἐν
3542 4783 3620 4853 τῷ
3652 4786 3798 4854 μετὰ

2228 4877 2400 4930 ταῦτα
2454 4878 2629 4947 χρόνῳ
2667 4875 2773 4928 τῶν
2818 4876 3031 4929 οἰκείων
3084 4875 3303 4942 ἀγαθῶν
3347 4874 3444 4946 τὴν
3489 4875 3793 4945 χορηγίαν·

2227 4967 2386 5021 τοῦτο
2432 4968 2539 5040 γάρ
2575 4968 2819 5036 εὐλογίαν
2868 4967 3064 5036 φησίν·
3103 4961 3177 5020 ὧν
3216 4966 3430 5037 πρῶτον
3473 4968 3603 5036 ἡμῖν
3632 4966 3796 5020 ἔσται

2230 5059 2517 5131 γνώρισμα
2552 5059 2612 5111 τὸ
2643 5059 2959 5129 μεταλαϐεῖν
2992 5060 3089 5127 τῆς
3128 5058 3374 5124 ἐξουσίας
3404 5057 3497 5111 τοῦ
3520 5057 3708 5121 θυσίας
3732 5077 3797 5113 τε

2233 5153 2325 5206 καὶ
2356 5151 2582 5214 σπονδὰς
2614 5151 2761 5222 αὐτῷ
2787 5152 2927 5204 κατὰ
2961 5152 3022 5203 τὸ
3056 5151 3242 5215 εἰωθὸς
3271 5150 3564 5222 προσάγειν
3584 5168 3598 5183 ·
3635 5153 3799 5224 εὔδη-

566 5244 655 5297 λον
682 5246 789 5317 γὰρ
816 5248 896 5300 ὃτι
922 5249 1160 5316 εὐλογεῖν
1185 5248 1443 5317 λέγεταιὸ
1466 5248 1616 5314 Θεὸς,
1646 5248 1725 5320 τῷ
1752 5252 1871 5313 ταῖς
1893 5250 2116 5327 οἰκείαις
2136 5248 2445 5319 εὐεργετεῖν
2469 5246 2699 5314 δωρεαῖς
2718 5261 2732 5274 ·
2758 5244 2880 5298 ὅθεν
2911 5244 3005 5297 καὶ
3022 5244 3275 5313 εὐλογίαν
3297 5246 3395 5315 τὴν
3421 5245 3677 5318 τοιαύτην
3700 5245 3800 5301 κέ-

566 5342 735 5411 κληκε
766 5342 993 5412 δωρεάν.
1029 5341 1162 5399 Εἶτα
1188 5345 1384 5413 ἐπάγει
1408 5356 1422 5370 ⁸

586 5472 590 5477 .
638 5432 806 5488 Vsus.
839 5433 1124 5490 l5-l8..——
1162 5436 1453 5507 vClangite
1492 5438 1622 5492 tuba
1674 5438 1731 5493 in
1764 5439 1951 5506 Sione,
1994 5454 2124 5495 san-

568 5522 805 5581 rtilicate
849 5522 1139 5595 jejunium,
1183 5526 1475 5595 praedicata
1523 5527 1750 5593 cultum,
1798 5538 2125 5599 congregate

2300 5435 2449 5505 Στίχ.
2487 5440 2675 5502 ιε’-ιη’.
2704 5461 2776 5475 —-
2819 5449 2842 5484 ί
2888 5431 3192 5486 Σαλπίσατε
3230 5432 3491 5503 σάλπιγγι
3522 5435 3582 5487 ὲν
3618 5431 3799 5496 Σιὼν,

2228 5526 2491 5595 ἁγιάσατε
2512 5525 2780 5595 νηστείαν,
2806 5523 3081 5595 κηρύξατε
3107 5523 3427 5597 θεραπείαν,
3452 5526 3803 5596 συναγάγετε

646 5703 757 5775 (ιθ)
789 5705 919 5762 Cod.
956 5705 1007 5773 1,
1045 5722 1207 5765 manu
1235 5708 1593 5778 ὑπολήψεται,
1627 5718 1678 5766 ιιι
1712 5708 1765 5777 2,
1804 5708 2124 5778 ὐπολείψετα

2226 5723 2300 5765 ua:
2330 5718 2413 5765 est
2450 5704 2750 5763 communis
2774 5702 2953 5760 lectio.
