3966 6222
1191 260 1738 320 COMMENTARIUS
1774 259 1841 316 IN
1877 260 2110 322 JOELIS
2145 259 2299 318 CAP.
2330 259 2395 315 ιι.

3327 259 3435 320 226

192 375 625 447 λαδν,ἁγιάσατε
650 379 997 448 Ἐκκλησίαν,
1019 384 1306 450 ἐκλέξασθε
1340 384 1760 458 πρεσϐυτέρους,

1868 391 2154 456 populum,
2173 382 2858 450 sanctiﬁcateEcclesiam,
2879 383 3062 454 eligite
3092 399 3274 447 senes,
3301 400 3438 438 con—

193 471 534 538 συναγάγετε
581 475 749 544 νήπια
815 475 1118 544 θηλάζοντα
1139 489 1147 498 '
1166 477 1401 548 μαστούς
1422 495 1436 508 ο
1499 477 1762 544 ἐξελθέτω

189 563 421 633 νυμφίος
457 565 523 618 ὲκ
561 566 654 618 τοῦ
682 567 938 631 κοιτῶνος
965 569 1160 635 αὑτοῦ,
1198 571 1293 624 καὶ
1333 570 1520 640 νύμφη
1554 571 1618 623 ὲκ
1666 569 1760 624 τοῦ

185 654 404 706 παστοῦ
435 655 624 726 αὐτῆς.
658 676 678 708 ›
715 658 952 730 Τοιαύτη
981 660 1110 732 γὰρ,
1142 661 1295 730 φησὶ,
1325 661 1418 714 καὶ
1459 659 1602 712 οὕτω
1639 661 1762 730 φιλ-

185 745 466 814 ανθρώπῳ
487 747 680 819 γνώμῃ
715 748 810 801 τοῦ
850 749 987 803 Θεοῦ
1033 752 1392 822 κεχρημένου,
1418 749 1575 803 τοῦτο
1605 767 1762 820 ποιη-

187 835 312 888 τέον
333 837 469 904 ἡμῖν
489 854 503 866 ·
533 837 597 890 τὸ
627 839 835 902 πάντας
862 841 960 910 μὲν
991 843 1084 894 ὲπὶ
1111 843 1170 894 τὸ
1201 841 1338 895 Σιὼν
1361 841 1486 912 ὅρος
1511 843 1632 905 ταῖς
1652 840 1762 893 τῶν

185 925 510 995 σαλπίγγων
531 933 860 998 συναγαγεῖν
881 933 1199 1002 σημασίαις·
1224 937 1312 1002 (p.
1346 933 1444 987 120
1465 935 1481 1000 )
1504 931 1760 1002 ἀφορίσαι

183 1017 242 1070 δὲ
291 1020 386 1071 καὶ
428 1019 665 1090 κηρύξαι
699 1023 954 1091 νηστείαν
995 1024 1092 1076 ἐπὶ
1127 1024 1405 1094 θεραπεία·
1433 1023 1526 1076 τοῦ
1567 1023 1758 1076 Θείου·

181 1113 520 1178 συναγαγεῖν
549 1111 608 1165 δὲ
638 1114 853 1170 ἅπαντα
884 1115 976 1168 τὸν
1003 1113 1150 1178 λαὸν,
1177 1115 1251 1177 t'o;
1281 1114 1346 1168 ἂν
1375 1114 1761 1185 ἀθροισθέντας

181 1203 266 1265 εἰς
294 1202 628 1278 Ἐκκλησίαν
647 1202 928 1268 έκτάξειαν
949 1206 1177 1267 ἑαυτοὺς
1216 1206 1309 1257 ἐπὶ
1333 1207 1399 1276 τῇ
1433 1205 1762 1277 μεταμελείᾳ

173 1294 283 1363 τῆς
321 1295 552 1364 γνώμης
571 1311 587 1324 ⁸
626 1295 910 1365 παρόντων
957 1296 1056 1366 μὲν
1097 1295 1207 1348 τῶν
1242 1296 1609 1367 παλαιοτέρων
1638 1297 1760 1350 καθ’

177 1387 430 1456 ἠλικίαν,
463 1387 744 1457 παρόντων
771 1386 828 1438 δὲ
850 1387 946 1438 καὶ
969 1385 1078 1438 τῶν
1106 1386 1314 1456 νηπίων
1359 1387 1486 1457 ἄχρι
1527 1387 1636 1440 τῶν
1662 1389 1760 1458 θη-

179 1476 462 1541 λαζόντων
481 1495 498 1510 ο
548 1479 638 1532 καὶ
684 1478 790 1549 μὴν
827 1477 936 1531 τῶν
980 1479 1173 1532 νεωστὶ
1219 1481 1614 1550 γεγαμηκότων
1657 1482 1764 1550 ἀφ-

185 1572 494 1640 ισταμένων
515 1570 612 1639 τῆς
639 1571 883 1640 γαμικῆς
914 1570 1250 1642 εὐφροσύνης
1273 1571 1362 1624 διὰ
1401 1573 1499 1643 τὴν
1525 1572 1626 1642 τῆς
1667 1590 1761 1642 με·

179 1660 412 1722 τινοίας
452 1660 773 1730 ἐπιμέλειαν
793 1677 806 1691 ·
851 1659 990 1713 ὥστε
1027 1661 1306 1732 συντόμως
1337 1664 1512 1716 εἰπεῖν
1542 1664 1759 1718 ἃπασαν

1862 482 2081 544 gregale
2100 474 2360 544 parvulos
2375 473 2544 528 ubera
2561 481 2818 544 sugentes
2836 491 2852 526 :
2870 474 3146 544 egrediatu
3158 491 3182 526 r
3197 489 3438 543 sponsus

1862 567 1929 621 de
1952 567 2118 621 cubili
2147 583 2271 629 suo,
2290 575 2343 622 et
2371 582 2570 636 sponsa
2606 565 2673 621 de
2703 567 2945 620 thalamo
2973 581 3126 620 suo.»
3166 566 3436 631 Quoniam

1861 656 2008 714 Deus
2039 668 2146 712 tam
2178 659 2450 714 clemente
2483 659 2758 713 sententia
2787 665 2890 720 est,
2930 657 3034 712 hoc
3058 657 3215 714 nobis
3237 657 3439 711 iacien-

1861 749 1992 804 dum
2033 757 2285 819 superest
2333 767 2348 803 :
2382 750 2635 802 tubarum
2690 749 2948 802 nimirum
2987 748 3161 817 signis
3201 757 3434 804 cunctos

1861 841 1926 893 ad
1959 839 2179 894 Sionetn
2212 849 2447 895 montem
2480 854 2823 894 convocare:
2865 839 3156 894 decernere
3193 855 3256 894 ac
3295 856 3436 909 pra:-

1863 932 2050 986 dicare
2067 932 2338 1000 jejunium
2374 933 2427 988 in
2463 933 2724 986 honorem
2749 931 2872 986 Dei:
2908 931 3226 985 universum
3260 947 3434 1002 popu-

1863 1023 1974 1076 lum
1999 1038 2352 1092 congregare,
2385 1023 2520 1076 utin
2551 1022 2793 1077 Ecclesia
2822 1021 3049 1076 adunati
3075 1023 3140 1074 ad
3170 1024 3437 1090 pmniten-

1862 1116 1995 1169 tiam
2027 1117 2228 1169 mentis
2256 1131 2314 1170 se
2343 1125 2696 1186 comparent:
2729 1115 3074 1169 adstantibus
3094 1122 3256 1169 aetate
3276 1129 3435 1183 gran-

1861 1204 2136 1269 dioribus,
2164 1206 2512 1260 adstantibus
2530 1205 2660 1258 item
2685 1206 2948 1274 parvulis,
2974 1220 3152 1273 usque
3173 1205 3236 1258 ad
3264 1205 3434 1259 ubera

1863 1307 2122 1366 sugentes
2147 1317 2160 1352 :
2203 1313 2302 1352 nec
2333 1313 2441 1351 non
2472 1299 2634 1351 novis
2665 1299 2846 1364 nuptis
2873 1313 2902 1350 a
2926 1296 3202 1366 conjugali
3231 1295 3433 1365 gaudio

1861 1389 1927 1443 ad
1966 1391 2298 1458 paenitentia:
2324 1389 2566 1442 studium
2591 1388 2906 1442 conversis:
2939 1403 3049 1442 uno
3071 1387 3256 1449 ver-bo,
3286 1386 3433 1441 omni

1862 1481 2040 1534 atatis
2077 1481 2248 1550 gradu
2282 1487 2336 1534 et
2377 1478 2624 1548 cujusvis
2657 1480 2760 1532 loci
2794 1479 2974 1532 incola
3045 1479 3336 1532 accedente
3365 1477 3433 1531 ad

1863 1571 2266 1640 paenitentiam.
2321 1571 2532 1637 reliquo
2583 1570 2730 1624 omni
2777 1570 3145 1638 praetermisso
3196 1569 3429 1635 negotio.

1871 1664 2060 1718 rlttler
2092 1663 2422 1717 vestibulum
2467 1671 2524 1717 et
2569 1662 2739 1716 altare
2789 1660 3080 1730 plorabunt
3121 1660 3433 1716 sacerdotes

180 1751 404 1821 ἡλικίαν
443 1752 536 1804 καὶ
583 1751 762 1805 πάντα
809 1751 1084 1806 ὁντιναοῦν
1122 1749 1180 1804 ὲν
1224 1754 1331 1823 ὅτῳ
1384 1753 1581 1823 δήποτε
1627 1754 1759 1808 καθι

1863 1745 2107 1810 ministri
2137 1755 2374 1819 Domini,
2405 1762 2459 1808 et
2478 1753 2694 1808 dicent:
2739 1751 2927 1815 Parce,
2961 1752 3202 1817 Domine,
3232 1755 3434 1822 populo

181 1843 398 1898 εστῶτα
429 1845 686 1912 παρεῖναι
710 1845 779 1912 τῇ
813 1843 1164 1914 μεταμελείᾳ,
1193 1843 1303 1898 τῶν
1326 1845 1528 1898 λοιπῶν
1548 1845 1756 1916 ἀφεμέ-

182 1949 306 1995 νους
335 1934 621 1988 ἁπάντων.
670 1952 690 1985 ι
749 1932 874 1987 ’Δνὰ
908 1935 1074 2004 μέσον
1103 1933 1205 2004 τῆς
1251 1936 1512 2006 κρηπῖδος
1543 1935 1756 1989 καὶτοῦ

185 2023 576 2096 θυσιαστηρίου
613 2024 938 2079 κλαύσονται
966 2028 1014 2079 οἱ
1047 2028 1209 2098 ἱερεῖς
1236 2030 1284 2081 οἱ
1321 2028 1758 2099 λειτουργοῦντες

184 2117 372 2185 Κυρίῳ
389 2132 403 2144 ·
439 2117 537 2170 καὶ
562 2115 772 2187 ἐροῦσι,
798 2119 1004 2182 ⁴Ιδεῖσαι,
1029 2118 1216 2189 Κύριε,
1239 2118 1332 2172 τοῦ
1357 2118 1489 2172 λαοῦ
1518 2137 1634 2183 σου,
1664 2120 1758 2174 καὶ

187 2207 263 2278 μὴ
290 2206 396 2278 δῷς
439 2207 542 2278 τὴν
580 2208 948 2279 κληρονομίαν
985 2225 1078 2262 σου
1132 2212 1214 2273 είς
1258 2209 1492 2274 ὄνειδος,
1536 2207 1630 2264 τοῦ
1683 2209 1756 2281 μὴ

186 2298 452 2370 κατάρξαι
492 2297 673 2352 αὐτῶν
723 2299 885 2370 ἔθνη·
936 2301 1084 2364 ὅπως
1133 2301 1208 2373 μὴ
1262 2301 1489 2354 εἴπωσιν
1545 2303 1603 2354 ὲν
1646 2305 1756 2367 τοῖς

183 2390 382 2452 ἔθνεσι,
425 2389 538 2442 Ποῦ
567 2393 718 2443 ἐστιν
756 2392 786 2442 6
821 2391 954 2454 Θεὸς
996 2391 1208 2457 αὐτῶν;
1249 2412 1268 2443 ι
1317 2392 1526 2456 Πάντες
1557 2393 1614 2446 δὲ
1652 2394 1757 2466 πρὸ

181 2481 276 2534 τοῦ
299 2480 690 2552 θυσιαστηρίου
728 2481 950 2544 στάντες
981 2483 1030 2533 oi
1062 2483 1197 2552 πρὸς
1222 2483 1282 2535 τὸ
1319 2483 1418 2553 τῆς
1459 2483 1759 2557 ἱερωσύνης

185 2572 340 2642 ἔργον
377 2573 836 2643 προεεϐλημένοι,
865 2573 958 2626 καὶ
984 2576 1062 2636 εἰς
1099 2573 1194 2644 τὴν
1228 2575 1569 2645 λειτουργίαν
1603 2577 1760 2630 ἐκτε-

185 2666 445 2735 ταγμένοι
467 2665 567 2735 τὴν
591 2665 763 2731 θείαν,
790 2665 924 2734 μετά
947 2665 1237 2736 κλαυθμῶν
1267 2667 1582 2722 αίτείτωσαν
1604 2667 1760 2738 παρὰ

183 2755 274 2808 τοῦ
320 2755 458 2807 Θεοῦ
495 2755 594 2825 τὴν
629 2755 969 2825 καταλλαγήν
990 2769 1004 2783 ·
1045 2755 1120 2818 ὡς
1157 2757 1223 2808 ἂν
1267 2757 1452 2826 φείσαι
1491 2757 1608 2811 τότε
1658 2755 1755 2810 τοῦ

185 2843 308 2896 λαοῦ
338 2845 433 2898 τοῦ
461 2846 688 2902 οἰκείου.
717 2847 812 2898 καὶ
838 2846 912 2917 μὴ
942 2845 1218 2911 παντελῶς
1251 2850 1450 2912 αὐτοὺς
1476 2849 1658 2920 ὲκδοίη
1687 2851 1756 2921 τῇ

183 2934 288 2986 τῶν
319 2933 494 2986 ἐθνῶν
524 2935 763 3007 ἐξουσία,
795 2936 929 3006 μηδὲ
958 2935 1242 2990 καταλίποι
1282 2939 1432 3008 παρὰ
1454 2942 1568 3002 τοῖς
1606 2939 1756 2992 ἔθνε-

1859 1853 2054 1904 tuo.et
2101 1861 2172 1900 ne
2217 1844 2314 1899 des
2348 1845 2720 1899 hereditatem
2765 1850 2915 1895 tuam
2949 1843 3004 1898 in
3051 1843 3431 1912 opprobrium,

1858 1951 1927 1990 ne
1949 1935 2301 1990 dominentur
2331 1936 2412 1992 eis
2443 1935 2730 1999 nationes;
2783 1949 2852 1988 ne
2882 1933 3026 1989 inter
3055 1943 3248 2004 gentes
3280 1934 3433 1986 dica-

1859 2035 1983 2082 tur:
2021 2027 2252 2084 Ubinam
2287 2037 2372 2083 est
2396 2027 2544 2083 Deus
2572 2027 2841 2084 eorum?»
2874 2025 3069 2081 Cuncti
3103 2037 3225 2080 ante
3262 2028 3434 2081 altare

1857 2121 2246 2183 consistentes,
2297 2122 2389 2189 qui
2425 2119 2716 2175 sacerdotii
2744 2119 3045 2188 funguntur
3092 2133 3338 2183 munere,
3375 2126 3432 2171 et

1858 2211 2053 2268 divina:
2085 2212 2328 2280 liturgite
2373 2219 2504 2266 sunt
2531 2211 2754 2276 addicti,
2787 2225 2908 2266 cum
2946 2209 3068 2266 ﬁetu
3102 2211 3373 2281 postulent
3401 2225 3442 2264 ι’

1858 2302 1970 2359 Deo
2020 2303 2486 2372 propitiatiunem,
2541 2313 2602 2358 ut
2638 2312 2768 2356 tunc
2803 2311 2994 2372 parcat
3043 2303 3244 2371 populo
3296 2317 3421 2362 suo,

1858 2407 2036 2461 neque
2081 2407 2204 2446 eum
2249 2392 2507 2461 potestati
2559 2393 2839 2446 nationum
2885 2393 3086 2452 tradat.
3140 2408 3316 2462 neque
3347 2393 3434 2448 his

1857 2483 2200 2540 irridendum
2228 2484 2526 2552 permittat,
2575 2483 2732 2553 quasi
2763 2483 3000 2538 inaniter
3033 2481 3125 2537 Dei
3156 2483 3434 2537 familiari-

1857 2585 1968 2631 tate
1994 2575 2312 2646 gloriemur.
2340 2575 2452 2644 80
2482 2574 2577 2629 llis
2623 2574 2812 2630 addit:
2838 2593 2854 2624 ι
2875 2575 2939 2626 Ει
2965 2573 3172 2628 relatus
3207 2581 3291 2628 est
3319 2572 3429 2626 Do-

1857 2669 2040 2723 minus
2061 2678 2259 2722 terram
2283 2682 2458 2730 suam,
2485 2674 2540 2722 et
2572 2667 2811 2736 pepercit
2833 2666 3034 2736 populo
3070 2681 3191 2722 suo.
3218 2685 3237 2718 ι
3271 2665 3432 2720 Haud

1855 2764 1960 2819 hoc
1998 2773 2256 2833 tanquam
2297 2763 2500 2817 factum
2539 2761 2792 2827 aﬂlrmat,
2845 2763 2937 2817 sed
2983 2764 3226 2815 futurum
3274 2760 3431 2815 dicit.

1857 2855 2138 2911 Zelabitur
2161 2856 2326 2915 enim,
2366 2855 2561 2925 inquit,
2585 2863 2638 2909 et
2665 2862 2852 2923 parcet
2881 2853 3056 2916 vobis,
3087 2854 3132 2909 si
3165 2855 3436 2923 pteniten-

1857 2957 1943 3004 tes
1974 2948 2193 3012 viderit,
2223 2956 2276 3002 et
2313 2963 2480 3018 supra
2525 2948 2669 3002 dicta
2711 2946 2985 3013 feceritis;
3023 2955 3108 3001 est
3133 2960 3268 3001 vero
3294 2952 3437 2999 tem-

187 3043 267 3078 σιν
293 3026 755 3097 ὀνειδιζομένους,
800 3027 883 3080 ὅτι
910 3028 974 3098 δὴ
1023 3029 1198 3099 μάτην
1228 3030 1321 3083 ἐπὶ
1355 3034 1421 3102 τῇ
1459 3032 1596 3102 πρὸς
1623 3031 1757 3086 Θεὸν

1863 3041 2008 3112 poris
2059 3041 2322 3111 enaltage,
2381 3055 2506 3094 cum
2558 3039 2834 3094 idiotismo
2897 3039 3166 3093 ltebraieo
3213 3037 3433 3092 dicente

185 3118 564 3187 σεξ-ινδνὸμεθα
591 3117 886 3172 οἰκειώσει.
918 3119 1136 3183 Τούτοις
1167 3121 1396 3189 ἐπάγει·
1439 3141 1458 3174 ι
1494 3124 1602 3176 Καὶ
1626 3123 1754 3193 ἐζή-

1863 3133 2142 3203 propheta:
2171 3131 2440 3201 Pepercit.
2475 3147 2593 3202 pro,
2615 3130 2800 3186 Parcet
2827 3148 2840 3196 ;
2875 3131 2928 3186 id
2951 3127 3096 3201 quod
3129 3131 3436 3184 imitatione

185 3208 316 3262 ὶωσε
353 3209 563 3280 Κύριος
602 3211 700 3279 τὴν
741 3211 842 3279 γῆν
875 3210 1065 3274 αὑτοῦ,
1096 3214 1188 3265 καὶ
1215 3214 1470 3280 ἐφείσατο
1500 3214 1594 3268 τοῦ
1624 3216 1754 3269 λαοῦ

1863 3223 2205 3278 Psalmorum
2253 3223 2390 3287 ﬂeri,
2446 3224 2576 3278 alibi
2606 3223 2968 3278 ostendimus.
3024 3221 3254 3276 Constat
3283 3221 3432 3274 enim

183 3300 368 3355 αὑτοῦ.
402 3319 423 3353 ι
464 3303 545 3372 (ρ.
578 3302 702 3372 121)
726 3303 836 3370 Οὐκ
863 3301 938 3365 ὡς
964 3303 1063 3374 ἤδη
1093 3305 1315 3372 γεγονὸς
1346 3307 1584 3377 μηνύων,
1620 3309 1756 3363 ἀλλὰ

1863 3329 1970 3368 non
2001 3315 2068 3367 de
2095 3329 2154 3368 re
2208 3323 2327 3368 acta
2371 3313 2506 3376 dici,
2561 3311 3002 3382 quandoquidem
3051 3323 3242 3378 reapse
3291 3307 3435 3360 mala

184 3392 242 3444 τὸ
267 3393 532 3462 ἐσόμενον
556 3392 752 3459 λέγων.
777 3392 1017 3463 Ζηλώσει
1052 3396 1162 3468 γὰρ
1189 3398 1281 3450 καὶ
1309 3399 1550 3466 φείσεται
1579 3401 1752 3470 ὑμῶν,

1863 3406 2014 3472 juxta
2045 3405 2452 3474 praedictionem
2491 3405 2627 3474 ipsis
2652 3411 3108 3473 supervenerunt.

185 3489 368 3558 φησὶν,
399 3491 448 3542 εί
479 3489 950 3560 μεταμελομένους
979 3508 1038 3543 τε
1069 3491 1186 3556 ἴδοι,
1213 3494 1308 3546 καὶ
1332 3495 1398 3548 τὰ
1424 3496 1758 3566 προκείμενα
1794 3499 2080 3563 ποιοῦντας
2099 3519 2112 3532 ·
2152 3500 2474 3570 ὲνήλλακται
2510 3493 2567 3552 δέ
2605 3500 2633 3551 6
2682 3498 2868 3570 χρόνος
2900 3495 3040 3550 κατὰ
3060 3495 3121 3548 τὸ
3154 3493 3436 3566 Ἐϐραῖκδν

187 3581 402 3654 ιδίωμα,
426 3585 552 3637 ἀντὶ
577 3584 673 3637 τοῦ
707 3585 957 3638 Φείσεται
996 3587 1058 3640 τὺ
1099 3589 1380 3658 Ἐφείσατο
1412 3591 1655 3654 εἰπόντος
1674 3611 1687 3625 ·
1717 3593 1854 3665 ὅπερ
1884 3591 1975 3648 οὖν
2005 3596 2097 3648 καὶ
2123 3596 2229 3649 ἀπὸ
2259 3594 2369 3646 τῶν
2391 3593 2638 3664 Ψαλμῶν
2659 3595 2715 3645 ἐν
2743 3592 2949 3660 ἑτέροις
2977 3589 3280 3661 ἐδείξαμενο
3304 3590 3437 3660 πρό.

181 3673 336 3743 δηλον
361 3675 476 3746 γὰρ
506 3677 588 3728 ὅτι
619 3677 678 3728 οὐ
705 3678 964 3745 γεγονότα
996 3678 1163 3747 λέγει,
1191 3681 1248 3746 ἐξ
1274 3673 1348 3734 ὧν
1385 3682 1523 3752 μετὰ
1554 3683 1652 3754 τὴν
1683 3685 1914 3754 μήνυσιν
1938 3686 2140 3756 ταύτην
2163 3687 2342 3748 αὐτοῖς
2373 3683 2666 3754 ἐπελήλυθε
2688 3683 2756 3736 τὰ
2781 3683 2945 3735 κακά.

249 3767 398 3834 Στίχ.
423 3765 592 3820 ιϐ’-α’.
608 3796 675 3804 -
706 3787 721 3818 ι
745 3767 854 3819 Καὶ
875 3768 1140 3841 ἀπεκρίθη
1165 3771 1364 3843 Κύριος
1394 3773 1485 3826 καὶ
1512 3768 1662 3827 εἶπεν
1686 3773 1760 3844 τῷ

1937 3776 2104 3830 Vens.
2131 3775 2317 3828 lit-20.
2339 3805 2410 3814 —
2447 3793 2466 3825 ι
2491 3774 2554 3826 Et
2589 3773 2867 3842 respondit
2886 3771 3166 3837 Dominus,
3192 3769 3439 3841 dixitque

182 3856 292 3926 λαῷ
317 3855 492 3908 αὐτοῦ
519 3874 533 3886 ·
579 3857 712 3911 Ἰδοὺ
753 3858 864 3926 ἐγὼ
899 3860 1272 3924 ἐξαποστέλλω
1316 3863 1442 3932 ὑμῖν
1487 3865 1579 3917 τὸν
1615 3868 1760 3919 σῖτον

1864 3869 2066 3938 populo
2111 3882 2240 3922 suo:
2298 3863 2437 3919 Ecce
2480 3879 2580 3934 ego
2621 3865 2776 3917 mitto
2803 3863 2959 3918 vobis
3007 3862 3340 3916 frumentum
3383 3871 3438 3916 et

181 3947 394 4000 καὶτὸν
423 3943 570 4000 οἶνον
599 3950 692 4001 καὶ
724 3950 783 4002 τὸ
814 3951 988 4004 ἔλαιον
1009 3968 1020 3980 ·
1057 3953 1150 4005 καὶ
1177 3955 1624 4025 ὲμπλησθήσεσθε
1663 3959 1760 4010 αὐ-

181 4038 307 4102 τῶν,
347 4041 448 4092 καὶ
474 4041 539 4092 οὐ
569 4039 727 4092 δώσω
755 4043 898 4110 ὑμᾶς
922 4043 1103 4096 οὐκέτι
1133 4047 1211 4107 είς
1237 4045 1534 4116 ὀνειδισμὸν
1564 4049 1621 4101 ἐν
1648 4051 1761 4112 τοῖς

182 4131 390 4186 ἔθνεσι·
435 4134 536 4185 καὶ
571 4129 664 4184 τὸν
681 4133 788 4186 ἀπὸ
823 4133 991 4206 βορρᾶ
1033 4135 1270 4200 ὲκδιὼξω
1301 4137 1392 4205 ἀφ’
1428 4138 1613 4208 ὑμῶν·
1668 4141 1759 4192 καὶ

182 4225 426 4290 ὲδοδιὼξω
453 4225 622 4277 αὐτὸν
652 4226 731 4288 είς
757 4226 860 4296 γῆν
888 4225 1132 4297 «ίινυδρον⁸
1157 4227 1249 4279 καὶ
1277 4227 1490 4296 ἀφανιῶ
1513 4229 1574 4281 τὸ
1594 4229 1759 4299 πρόσ-

183 4333 328 4369 ωπον
376 4315 553 4369 αὑτοῦ
592 4318 673 4378 είς
709 4316 806 4386 τὴν
838 4315 1110 4370 θάλασσαν
1135 4318 1232 4387 τὴν
1271 4317 1523 4388 πρώτην·
1553 4318 1646 4372 καὶ
1692 4319 1761 4372 τὰ

179 4407 356 4460 ὀπίσω
397 4406 569 4460 αὐτοῦ
620 4408 699 4468 είς
743 4406 842 4476 τὴν
885 4407 1156 4461 θάλασσαν
1203 4409 1302 4477 τὴν
1356 4411 1626 4480 ἐσχάτην·
1666 4413 1760 4465 καὶ

1863 3963 2047 4014 viuum
2078 3968 2132 4014 et
2160 3961 2362 4022 oleum,
2409 3965 2462 4012 et
2500 3955 2842 4025 replebimini
2877 3956 2992 4010 eis:
3049 3963 3103 4010 et
3140 3969 3250 4009 non
3295 3953 3438 4009 dabo

1862 4071 1960 4110 vos
1999 4053 2144 4107 ultra
2178 4051 2246 4105 ad
2293 4049 2644 4127 opprobrium
2673 4048 2727 4100 in
2767 4047 3038 4116 gentibus.
3071 4045 3138 4100 Et
3180 4060 3305 4100 eum
3339 4048 3440 4114 qui

1866 4147 1935 4200 ab
1963 4145 2216 4214 aquilone
2237 4153 2343 4205 est,
2385 4141 2574 4212 procul
2605 4139 2798 4194 faciam
2821 4155 2851 4192 a
2875 4138 3053 4201 vobis,
3089 4146 3142 4193 et
3168 4136 3436 4206 expellant

1866 4255 1988 4292 eum
2023 4239 2074 4291 in
2100 4248 2298 4290 terram
2318 4235 2475 4303 aquis
2498 4238 2796 4286 carentem.
2819 4229 2885 4283 Et
2908 4228 3218 4298 disperdam
3238 4227 3436 4282 faciem

1867 4330 1986 4397 ejus
2015 4329 2068 4382 in
2114 4343 2266 4381 mare
2299 4327 2556 4395 primum,
2609 4331 2663 4376 et
2693 4321 2995 4392 posteriora
3031 4319 3151 4389 ejus
3201 4319 3258 4372 in
3286 4332 3438 4375 mare

1867 4421 2246 4475 novissimum.
2282 4418 2348 4471 Et
2380 4415 2639 4473 ascendet
2667 4412 2897 4484 putredo
2924 4413 3065 4478 ejus,
3098 4418 3152 4466 et
3178 4410 3439 4466 ascendet

183 4499 518 4570 ἀναδήσεται
538 4499 573 4568 ἡ
597 4499 804 4567 σαπρία
823 4498 1008 4559 αὑτοῦ,
1035 4499 1130 4552 καὶ
1151 4499 1483 4570 ἀναϐήσεται
1507 4503 1535 4553 6
1563 4501 1760 4572 βρόμος

1868 4513 2004 4567 fetor
2031 4511 2172 4580 ejus.
2195 4530 2213 4562 ι
2257 4508 2432 4563 Verba
2482 4526 2501 4557 ‹
2523 4505 2803 4576 respondit
2852 4503 3114 4558 Dominus
3143 4511 3196 4557 et
3227 4501 3383 4566 dixit,
3409 4520 3432 4554 ι

186 4591 376 4643 αὐτοῦ.
422 4609 441 4640 ι
480 4589 556 4640 Τὸ
591 4607 610 4666 ι
653 4588 923 4658 ἀπεκρίθη
975 4588 1177 4660 Κύριος
1213 4592 1307 4642 καὶ
1351 4586 1523 4655 εἶπεν,
1574 4611 1592 4644 ι
1641 4594 1762 4646 ἀντὶ

181 4680 292 4744 τοῦ,
325 4679 632 4750 ’Δποκριθή
642 4696 790 4732 σεται
812 4681 906 4731 καὶ
920 4681 1051 4750 ἐρεῖ,
1070 4681 1465 4750 ὲνηλλαγμένου
1487 4684 1763 4738 κάνταῦθα

183 4772 272 4825 τοῦ
306 4773 507 4843 χρόνον
525 4790 538 4801 ·
569 4770 815 4840 βούλεται
843 4771 952 4842 γὰρ
977 4773 1148 4824 εἰπεῖν
1175 4774 1257 4825 ὅτι
1283 4774 1393 4842 Τήν
1416 4791 1474 4826 τε
1500 4773 1607 4826 τῶν
1634 4790 1763 4843 καρ-

188 4864 300 4917 πῶν
349 4863 620 4931 ἀφθονίαν
669 4861 796 4930 ὑμῖν
845 4861 1294 4932 μεταμεληθεῖσιν
1325 4863 1593 4916 ἀποδώσει
1627 4863 1764 4915 πάιν⁴

185 4973 312 5019 τως,
343 4957 473 5018 τοὺς
501 4954 796 5023 πολεμίους
830 4970 887 5005 τε
919 4953 1258 5024 τροπώσεται
1289 4956 1413 5017 τοὺς
1443 4954 1760 5024 ὑμετέρους,

186 5049 322 5118 ὅπερ
353 5043 453 5100 οὖν
485 5047 580 5098 καὶ
613 5045 880 5114 πεποίηκε
920 5046 1054 5114 μετὰ
1091 5047 1188 5117 τὴν
1230 5047 1486 5101 ἐπάνοδον
1525 5049 1554 5100 6
1595 5047 1762 5109 Θεός·

187 5143 262 5210 (p.
297 5142 426 5206 1‘22)
466 5139 612 5192 καθά
643 5138 740 5190 καὶ
771 5139 800 5190 6
835 5138 1100 5208 μακάριος
1155 5139 1317 5191 Δαυῖδ
1362 5139 1462 5208 τὴν
1509 5139 1765 5193 ἐπάνοδον

187 5234 278 5286 τοῦ
307 5232 440 5285 λαοῦ
465 5229 776 5302 προλέγων,
803 5227 1016 5297 πρῶτον
1048 5229 1145 5300 μὲν
1175 5225 1358 5284 εἶπεν·
1394 5248 1412 5281 ι
1443 5231 1533 5283 Σοὶ
1565 5231 1764 5301 πρέπει

188 5327 376 5396 ὕμνος,
396 5327 425 5377 6
449 5323 606 5384 Θεὸς,
629 5321 687 5373 ἐν
722 5319 881 5383 Σιὼν,
909 5319 1002 5372 καὶ
1024 5320 1106 5372 σοὶ
1127 5318 1520 5390 ἀποδοθήσεται
1545 5320 1678 5392 εὐχὴ
1711 5318 1770 5372 ὲν

197 5417 576 5489 Ἰερουσαλήμ·
611 5433 630 5464 ι
659 5443 729 5452 -
752 5432 769 5462 ι
802 5412 909 5464 Καὶ
931 5411 1084 5479 ἅγιος
1103 5411 1132 5463 6
1155 5411 1280 5473 ναός
1305 5429 1421 5475 σου,
1458 5411 1768 5483 θαυμαστὸς

190 5513 240 5562 ἐν
261 5508 584 5577 δικαιοσύνῃ
607 5521 704 5558 σου
724 5519 737 5533 ·
771 5524 788 5556 ι
811 5503 1022 5568 δεικνὺς
1046 5505 1127 5558 ὅτι
1143 5521 1201 5558 τε
1221 5505 1670 5563 ὲπανελεύσονται
1686 5507 1768 5571 εἰς

258 5665 306 5694 δ’
347 5662 498 5717 Psal.
538 5675 684 5726 utr,
725 5658 760 5711 ‘2
790 5674 907 5730 sqq.

1869 4610 2150 4672 ponuntur
2173 4615 2294 4671 pro,
2319 4596 2688 4667 Respondebit
2719 4601 2772 4648 et
2814 4593 2976 4654 dicet,
3013 4600 3324 4662 permutato
3350 4591 3440 4646 hic

1869 4710 2085 4764 quoque
2116 4701 2377 4760 tempore.
2408 4690 2592 4742 Dicere
2621 4685 2820 4757 quippe
2853 4685 2989 4748 vult,
3027 4683 3143 4738 fore
3177 4691 3232 4736 ut
3267 4683 3441 4752 patui-

1868 4785 2108 4839 teutibus
2130 4781 2288 4835 vobis
2311 4776 2699 4833 abundantiam
2730 4774 2945 4844 frugum
2973 4773 3094 4828 sine
3116 4771 3284 4826 dubio
3313 4785 3440 4824 con-

1869 4875 2049 4934 cedat,
2096 4879 2419 4934 vestrosque
2461 4867 2648 4920 hostes
2686 4865 2739 4920 in
2766 4862 2946 4933 fugam
2968 4862 3262 4929 conjiciat;
3292 4857 3439 4927 quod

1871 4977 2058 5017 revera
2097 4968 2219 5030 post
2265 4960 2496 5013 reditum
2551 4955 2694 5010 Deus
2747 4954 3020 5024 praestitit.
3081 4951 3233 5004 Sicut
3273 4949 3437 5003 etiam

1872 5054 2061 5108 beatus
2125 5051 2313 5112 David,
2372 5048 2551 5120 populi
2601 5047 2834 5102 reditum
2886 5043 3209 5114 praedicens.
3260 5041 3442 5110 primo

1873 5145 2090 5215 quidem
2130 5145 2238 5197 ait:
2274 5140 2388 5196 «Te
2427 5141 2582 5196 decet
2623 5139 2878 5210 hymnus,
2910 5135 3074 5195 Deus,
3114 5133 3168 5186 in
3202 5131 3354 5196 Sion,
3383 5139 3439 5187 et

1871 5237 1972 5292 tibi
2005 5235 2264 5291 reddetur
2297 5241 2477 5288 votum
2500 5232 2555 5286 in
2586 5225 3014 5292 Hierusalem”;
3039 5244 3058 5276 ι
3093 5254 3164 5266 -
3185 5239 3204 5274 ι
3235 5223 3438 5281 Etsan-

1868 5335 2016 5381 ctum
2061 5325 2320 5394 templum
2359 5333 2534 5385 tuum,
2579 5318 2824 5374 mirabile
2865 5318 2918 5372 in
2962 5317 3218 5387 azquitate
3257 5322 3346 5368 tua
3373 5331 3385 5374 ;
3411 5332 3429 5364 ι

1867 5417 2251 5475 demonstrans
2283 5416 2552 5472 redituros
2596 5413 2650 5464 in
2692 5409 2936 5479 propria,
2969 5407 3297 5476 solitumque
3325 5401 3439 5457 Deo-

1871 5509 2077 5566 cultum
2114 5509 2167 5564 in
2189 5507 2387 5578 templo
2421 5517 2616 5560 rursus
2651 5498 2982 5557 reddituros.
3029 5498 3094 5554 Et
3142 5503 3262 5567 post
3293 5493 3429 5560 haec,
