3976 6226
492 270 601 327 927

1636 264 1991 322 τιιΕυυυιιι
2026 259 2505 321 MOPSUESTENI

3628 236 3733 293 2‘28

484 382 671 437 addit:
709 379 995 437 «Visitasti
1037 388 1262 443 terram,
1303 386 1358 435 et
1394 377 1678 435 inebriasti
1722 393 1867 443 eam,
1916 379 2057 434 mul-

2172 377 2225 430 τά
2254 377 2449 436 οἰκεῖα,
2484 374 2577 427 καὶ
2608 374 2688 427 ὄτι
2718 373 2816 445 τὴν
2847 371 3051 443 συνήθη
3082 369 3377 443 θεραπείαν
3405 370 3466 422 ὲν
3503 367 3584 439 τῷ
3618 367 3733 435 ναῷ

495 471 751 541 tiplicasti
785 472 1120 541 locupletare
1148 487 1266 527 eam
1285 510 1300 531 .
1326 489 1344 523 ι
1387 482 1440 525 et
1469 471 1715 541 reliqua;
1764 470 2060 526 ubertatem

492 562 681 617 dicens
717 578 839 632 quae
871 569 1001 617 tunc
1045 562 1154 617 illis
1208 562 1478 617 obveniat.
1514 561 1715 616 Eodem
1763 562 1925 616 modo
1972 561 2062 615 hic

491 653 677 717 etiam,
708 661 995 724 postquam
1035 668 1269 709 annona
1296 654 1510 723 copiam
1534 653 1789 707 daturum
1819 667 1879 707 se
1902 652 2057 715 dixit,

495 744 609 799 ait:
692 743 809 799 Non
857 745 1035 800 sinam
1080 760 1179 801 vos
1219 746 1472 816 gentibus
1541 744 1748 801 diutius
1817 745 2061 803 subesse.

492 833 629 890 Nam
671 835 858 901 verba,
905 838 1057 895 «Non
1099 837 1239 891 dabo
1268 853 1365 894 vos
1390 836 1702 891 nationibus
1743 835 1969 890 ulterius
1995 833 2063 887 ad

493 927 880 997 opprobrium,
909 947 928 979 ι
970 928 1075 982 hoc
1104 928 1432 998 signiﬁcant.
1466 929 1572 998 81
1610 926 1723 982 lmo
1747 927 1907 981 etiam
1948 940 2062 996 pte-

494 1031 594 1070 nas
611 1015 677 1070 de
694 1018 1108 1086 aggressoribus
1125 1017 1322 1072 vestris
1347 1031 1580 1080 sumam,
1604 1031 1806 1086 eosque
1825 1014 2063 1070 vastitati

494 1122 856 1177 supremoque
882 1109 1049 1163 exitio
1078 1108 1313 1163 tradam.
1360 1106 1492 1161 Nam
1528 1108 1705 1177 primo
1757 1122 1853 1177 per
1899 1105 2066 1177 Baby-

494 1198 669 1253 lonios
688 1200 907 1269 puniam
926 1200 1179 1271 Assyrios
1199 1217 1216 1255 :
1236 1209 1421 1271 postea
1438 1199 1760 1271 Babylonios
1777 1198 2062 1254 Persarum

494 1302 657 1341 manu
698 1304 924 1357 prorsus
953 1290 1296 1359 exstinguam
1322 1308 1334 1343 :
1373 1297 1694 1359 tantumque
1725 1289 1942 1344 illorum
1970 1304 2065 1342 cx-

491 1374 695 1432 cidium
750 1376 968 1445 faciam,
1025 1387 1085 1433 ut
1141 1380 1246 1433 ritu
1283 1379 1628 1434 morientium
1682 1388 1739 1435 et
1788 1379 2065 1434 occisione

480 1460 823 1535 Bccisorum,
866 1472 1052 1525 sanies
1090 1487 1280 1527 eorum
1309 1486 1373 1526 ac
1400 1470 1541 1526 fetor
1573 1472 1843 1527 neminem
1878 1473 2062 1526 lateat:

494 1573 617 1612 nam
662 1559 891 1628 putredo
934 1568 987 1615 et
1016 1559 1155 1616 fetor
1189 1561 1293 1615 hoc
1345 1560 1554 1626 dicunt,
1598 1572 1855 1633 tanquam
1896 1575 2067 1630 nuper

496 1659 841 1704 mortuorum
895 1659 950 1705 et
994 1652 1320 1706 cadaverum
1376 1653 1766 1723 projectorum.
1825 1652 1960 1707 Tum
2012 1657 2067 1706 et

2167 468 2326 521 πάλιν
2357 467 2693 521 ἀποδώσουσι
2732 465 2810 535 τῷ
2841 465 2991 534 Θεῷο
3027 464 3163 534 μετά
3203 462 3261 516 δὲ
3291 460 3451 514 τοῦτο
3491 460 3690 527 ἐπάγει
3716 474 3731 488 ·

2171 576 2191 612 ι
2240 557 2553 627 Ἐπεσκέψω
2581 558 2679 628 τὴν
2704 557 2826 625 γῆν,
2852 556 2946 608 καὶ
2973 553 3244 625 ὲμέθυσας
3271 552 3460 622 αὐτὴν,
3496 550 3734 621 ἐπλήθυο

2166 666 2260 713 νας
2285 648 2377 702 τοῦ
2403 648 2700 718 πλουτῆσαι
2727 646 2896 718 αὐτὴν
2915 686 2930 710 ,
2971 665 2989 697 ι
3029 646 3125 700 καὶ
3147 644 3218 697 τά
3251 643 3376 713 ἑξῆς
3397 662 3412 675 ·
3441 642 3540 713 τὴν
3567 642 3734 710 ἀφθο-

2167 740 2285 794 νίαν
2316 740 2489 809 λέγων
2509 740 2606 810 τὴν
2631 740 2753 793 τότε
2778 738 3182 811 προσεσομένην
3206 737 3389 799 αὐτοῖς
3405 751 3419 764 °
3448 735 3542 789 τὸν
3569 735 3733 789 αὑτὸν

2166 834 2231 905 δὴ
2266 833 2464 902 τρόπον
2502 832 2776 886 κάνταῦθα
2805 829 2975 884 είπὼν
3009 830 3105 899 τῆς
3133 826 3386 895 εὐθηνίας
3410 826 3511 897 τὴν
3535 826 3734 878 ἀπόδο·

2173 940 2276 986 σιν,
2307 922 2454 990 λέγει
2478 924 2558 977 ὅτι
2599 923 2712 976 Οὐκ
2740 923 2885 976 ὲάσω
2915 921 3060 990 ὑμᾶς
3091 918 3195 972 ὑπὸ
3219 920 3332 980 τοῖς
3360 916 3569 969 ἔθνεσιν
3596 911 3736 969 εῖναι

2168 1015 2349 1069 ούκέτι
2374 1030 2386 1042 ·
2414 1014 2474 1067 τὸ
2504 1014 2612 1084 γὰρ
2653 1032 2672 1066 ι
2716 1013 2792 1068 Οὐ
2812 1013 2966 1066 δώσω
2993 1012 3136 1081 ὑμᾶς
3168 1011 3224 1062 ὲν
3254 1011 3366 1071 τοῖς
3394 1007 3603 1060 ἔθνεσιν
3639 1006 3736 1059 ού-

2170 1107 2287 1160 κέτι
2312 1109 2389 1168 είς
2414 1104 2736 1175 ὀνειδισμὸν,
2768 1122 2787 1155 ι
2814 1103 2971 1157 τοῦτο
3012 1102 3178 1170 λέγει.
3220 1099 3377 1153 Ἀλλά
3400 1098 3508 1169 γὰρ
3537 1097 3632 1152 καὶ
3659 1095 3739 1151 δί-

2170 1215 2271 1262 κας
2311 1197 2573 1269 λήψομαι,
2613 1196 2767 1268 φησὶ,
2813 1195 2966 1265 παρά
3005 1196 3112 1248 τῶν
3143 1192 3548 1264 ἐπεληλυθότων
3586 1191 3736 1261 ὑμῖν,

2170 1288 2377 1358 ἐρημίᾳ
2408 1305 2469 1339 τε
2511 1288 2706 1351 αὐτοὺς
2753 1286 2847 1339 καὶ
2891 1285 3185 1355 ἀφανισμῷ
3224 1283 3476 1339 παντελεῖ
3506 1283 3740 1353 παραδι-

2168 1378 2292 1442 δούς
2313 1395 2327 1409 ·
2358 1378 2573 1449 πρῶτον
2607 1380 2702 1449 μὲν
2727 1378 2835 1449 γὰρ
2861 1378 2947 1431 διὰ
2973 1376 3326 1431 Βαϐυλωνίων
3352 1376 3740 1447 τιμωρήσομαι

2184 1472 2517 1543 Ἀσσυρίουςο
2553 1472 2670 1541 μετ’
2698 1471 2874 1523 ὲκεῖνο
2898 1470 2954 1522 δὲ
2992 1468 3363 1531 Βαϐυλωνίους
3392 1468 3479 1521 διὰ
3514 1467 3742 1538 Περσῶν

2173 1564 2449 1626 παντελῶς
2496 1562 2777 1617 ἀπολέσω*
2813 1561 3081 1632 τοσαύτην
3122 1561 3178 1613 δὲ
3225 1560 3402 1614 αὐτῶν
3434 1561 3742 1631 ἐργάσομαι

2170 1659 2269 1729 τὴν
2303 1657 2594 1720 ἀπώλειαν,
2630 1655 2771 1708 ὥστε
2815 1655 2969 1724 δίκην
3020 1652 3129 1707 τῶν
3181 1651 3634 1723 ἀποθνησκόντων
3681 1667 3742 1702 τε

495 1741 738 1805 verbum,
782 1744 1139 1807 «ascendet,»
1179 1759 1296 1815 pro,
1340 1745 1631 1810 Audietur,
1681 1745 1832 1801 dicit.
1863 1744 2067 1798 Horum

2172 1751 2265 1803 καὶ
2288 1748 2564 1811 παντελῶς
2589 1746 2993 1817 νεκρουμένων,
3027 1748 3126 1815 τὴν
3156 1763 3213 1797 τε
3242 1744 3401 1814 σῆψιν
3435 1742 3616 1797 αὐτῶν
3652 1742 3745 1795 καὶ

495 1848 620 1887 vero
642 1834 883 1887 omnium
908 1850 1163 1904 quaenam
1183 1851 1348 1891 causa
1365 1838 1487 1893 est?
1523 1855 1541 1889 ι
1565 1838 1702 1903 Quia
1724 1838 2067 1909 magnificam

2172 1838 2261 1909 τὴν
2289 1838 2551 1892 δυσωδίαν
2576 1838 2780 1909 μηδένα
2802 1836 3070 1890 διαλαθεῖν
3089 1852 3102 1865 ’
3128 1835 3225 1906 τὴν
3249 1836 3357 1905 γάρ
3384 1834 3627 1905 σαπρίαν
3647 1835 3744 1887 καὶ

494 1931 618 1976 sunt
670 1939 833 1993 opera
883 1932 996 1980 tua.
1025 1946 1042 1978 ι
1092 1924 1503 1983 Demonstrabit
1550 1931 1753 1999 quippe
1800 1929 2067 1986 Dominus

2172 1927 2254 1981 τὸν
2288 1926 2513 1999 βρόμον,
2542 1927 2699 1981 τοῦτο
2738 1928 2906 1997 λέγει,
2937 1928 3012 1990 ὼς
3048 1926 3481 1996 ἐπιτεθνηκότων
3512 1925 3615 1996 ήδη
3647 1925 3748 1979 καὶ

495 2026 718 2082 aperum
752 2029 978 2069 suormn
1016 2017 1446 2087 magnitudinem
1489 2018 1729 2073 hostium
1760 2019 2065 2090 punitione.

2172 2017 2372 2090 νεκρῶν
2407 2018 2706 2089 κειμένωνο
2748 2018 2807 2072 τὸ
2836 2018 2893 2071 δὲ
2945 2036 2962 2069 ι
2999 2017 3353 2088 ἀναϐήσεται,
3395 2036 3412 2067 ι
3445 2017 3525 2070 ὅτι
3566 2016 3745 2069 Πᾶσιν

496 2101 697 2159 Dehinc
721 2114 1087 2163 consentanee
1109 2108 1221 2163 ait:

2172 2111 2491 2175 ἐξάκουστος
2527 2111 2699 2177 ἔσται,
2748 2112 2912 2180 φησί⁸
2965 2110 3167 2163 τούτων
3206 2110 3263 2163 δὲ
3303 2110 3518 2164 πάντων
3571 2111 3747 2162 αἴτιον

499 2200 575 2265 τί;
612 2220 631 2252 ι
657 2202 777 2257 Ὅτι
804 2203 1139 2275 ὲμεγαλύνθη
1186 2205 1257 2259 τά
1298 2205 1434 2276 ἔργα
1477 2206 1662 2262 αὑτοῦ.
1696 2227 1714 2259 ι
1772 2209 1793 2278 (
1810 2223 1861 2277 p.
1911 2206 2051 2274 125)
2098 2206 2268 2272 Δείξει
2304 2208 2411 2280 γὰρ
2444 2207 2553 2261 τῶν
2584 2206 2796 2260 οἰκείων
2828 2205 3002 2277 ἔργων
3027 2207 3087 2259 τὸ
3130 2205 3352 2276 μέγεθος
3376 2207 3401 2258 ὁ
3429 2206 3563 2270 Θεὸς
3585 2206 3646 2259 έν
3673 2206 3748 2278 τῇ

501 2295 620 2362 περὶ
652 2294 847 2357 αὐτοὺς
871 2295 1132 2367 τιμωρίᾳ.
1174 2291 1305 2349 Εἶτα
1333 2296 1640 2360 ἀκολούθως
1661 2297 1855 2367 ἐπάγει
1876 2316 1887 2328 ·

566 2384 726 2438 Vens.
749 2386 934 2440 2l-27.
956 2416 1025 2425 ——
1055 2405 1073 2438 ι
1098 2386 1341 2452 Confide,
1365 2398 1552 2457 terra;
1586 2390 1763 2461 gaude
1782 2398 1836 2445 et
1861 2390 2062 2455 lietare,

494 2476 753 2547 quoniam
804 2477 1170 2547 magniﬁcavit
1197 2478 1362 2544 Deus,
1412 2488 1471 2532 nt
1516 2478 1738 2534 faceret.
1770 2478 2062 2543 Conlidite,

496 2570 739 2640 iumenta
786 2570 985 2639 campi,
1039 2571 1165 2639 quia
1213 2572 1587 2641 germinarunt
1634 2580 1786 2642 prata
1824 2571 2063 2626 deserti:

2234 2385 2381 2454 Στίχ.
2431 2384 2651 2447 κακκζη
2696 2411 2765 2423 ——
2802 2400 2820 2432 ι
2871 2381 3113 2452 Θάρσει,
3146 2380 3240 2450 γῆ,
3284 2382 3475 2451 χαίρου
3514 2380 3611 2433 καὶ
3656 2381 3752 2434 εὐ·

2164 2477 2398 2549 φραίνου
2426 2494 2440 2508 ·
2483 2477 2565 2529 ὅτι
2594 2474 2896 2545 ἐμεγάλυνε
2938 2473 3145 2543 Κύριος
3187 2471 3279 2525 τοῦ
3317 2473 3576 2542 ποιῆσαι·
3608 2471 3751 2542 θαρ-

2166 2573 2329 2631 σεῖτε,
2380 2569 2553 2639 κτήνη
2602 2566 2695 2620 τοῦ
2731 2566 2911 2619 πεδίου
2932 2607 2946 2627 ,
2979 2565 3063 2617 ὃτι
3097 2563 3431 2633 βεϐλάστηκε
3462 2563 3534 2618 τά
3580 2563 3752 2618 πεδία

495 2662 621 2729 quia
661 2660 865 2729 lignum
896 2658 1067 2713 edidit
1097 2640 1336 2714 fructum
1370 2675 1551 2724 suum,
1589 2640 1716 2714 vitis
1754 2667 1806 2713 et
1837 2658 2067 2713 ficulnea

2172 2656 2261 2729 τῆς
2311 2660 2553 2729 ἐρήμουο
2599 2659 2680 2711 ὅτι
2714 2657 2867 2723 ξύλον
2922 2657 3119 2727 ἤνεγκε
3162 2656 3255 2709 τὸν
3287 2654 3496 2725 καρπὸν
3536 2640 3748 2708 αύτϐῦο

496 2750 847 2818 protulerunt
899 2748 1140 2817 vigorem
1176 2763 1360 2803 suum.
1386 2769 1403 2801 ι
1443 2747 1653 2804 Gaudio
1686 2749 1879 2820 gestiet
1924 2758 2067 2802 terra

495 2840 565 2893 ob
591 2836 682 2892 Dei
722 2852 951 2907 operum
984 2838 1437 2909 magnitudinem,
1485 2849 1710 2911 accepta
1758 2841 1827 2895 ab
1853 2856 1918 2896 eo
1956 2839 2071 2894 fru-

494 2943 622 2998 gum
658 2928 1022 2983 fecunditate:
1057 2944 1235 2999 neque
1268 2931 1450 2987 secius
1481 2930 1730 3001 jumenta
1777 2932 1954 3001 campi
1980 2947 2073 2987 co-

497 3018 707 3087 piosam
734 3020 924 3087 pascui
959 3019 1212 3075 habentia
1242 3020 1590 3089 fruitionem;
1627 3031 1934 3094 praeterque
1960 3023 2073 3078 haec

495 3111 700 3176 omnia,
744 3112 875 3181 ligni
922 3127 1143 3183 quoque
1187 3111 1401 3169 fructus
1443 3114 1702 3183 copiosus
1746 3114 2075 3184 pnebebitur

2165 2748 2406 2819 ἄμπελος
2453 2749 2548 2800 καὶ
2580 2747 2718 2817 συκῆ
2762 2746 3107 2815 έδωκαν¹τὴν
3151 2744 3304 2815 ίσχὺν
3348 2744 3545 2797 αὐτῶν.
3586 2763 3605 2797 ι
3657 2745 3753 2799 Ἕν

2166 2840 2523 2910 εὐφροσύναις
2552 2840 2649 2908 μὲν
2680 2835 2771 2894 οὖν
2802 2839 2953 2892 ἔσται
2979 2841 3012 2909 ἡ
3050 2837 3122 2906 γῆ
3153 2838 3244 2889 ἐπὶ
3270 2836 3345 2906 τῷ
3380 2836 3603 2906 μεγέθει
3632 2837 3751 2890 τῶν

2167 2932 2319 3001 παρά
2344 2931 2438 2985 τοῦ
2465 2931 2599 2985 θεοῦ
2629 2933 2985 3002 γιγνομένων,
3013 2929 3345 3000 ἀπειληφυῖα
3371 2927 3478 2981 τῶν
3510 2929 3753 3000 καρπῶν

2168 3024 2275 3077 τῶν
2297 3023 2511 3076 οίκείων
2538 3022 2635 3094 τὴν
2670 3023 2871 3093 φοράνο
2904 3020 3055 3074 οὐδὲν
3090 3016 3251 3090 ἧττον
3289 3021 3381 3071 καὶ
3416 3019 3486 3072 τὰ
3517 3019 3616 3073 τοῦ
3652 3038 3754 3072 πε-

2169 3116 2283 3169 δίου
2309 3118 2479 3186 κτήνη
2505 3115 2699 3187 δαψιλῆ
2728 3116 2827 3184 τῆς
2857 3114 3025 3183 νομῆς
3054 3111 3247 3183 έχοντα
3279 3113 3374 3184 τὴν
3402 3112 3711 3167 ἀπόλαυσιν
3736 3128 3751 3143 ⁸

496 3201 868 3271 indigentibus
898 3217 985 3258 eo.
1022 3221 1040 3253 ι
1066 3201 1128 3257 Ει
1160 3202 1254 3257 ﬁlii
1290 3203 1496 3267 Sionis.
1525 3205 1757 3275 gaudete
1791 3217 1952 3277 atque
1983 3206 2067 3259 las-

2174 3208 2267 3260 xal.
2302 3208 2437 3278 πρὸς
2478 3206 2648 3261 ἀπασί
2679 3223 2742 3275 γε
2778 3207 2859 3259 ὄτι
2890 3204 2983 3258 καὶ
3021 3207 3049 3258 ὁ
3090 3205 3155 3258 ὲκ
3194 3204 3301 3258 τῶν
3330 3204 3498 3269 ξύλων
3532 3205 3754 3275 καρπὸς

498 3295 685 3348 tamini
714 3296 765 3348 in
789 3295 1020 3351 Domino
1046 3296 1153 3352 Deo
1179 3306 1385 3364 vestro,
1410 3299 1540 3370 quia
1567 3300 1717 3355 dedit
1743 3300 1895 3356 vobis
1917 3315 2073 3356 escas

497 3386 563 3439 ad
594 3385 886 3454 justitiam,
910 3388 1166 3457 pluetqne
1191 3390 1343 3445 vobis
1383 3390 1612 3446 imbrem
1646 3392 1975 3444 matutinum
2009 3405 2073 3444 ac

498 3478 821 3542 serotinum,
866 3479 1009 3534 sicut
1057 3488 1238 3536 antea.
1278 3481 1343 3535 Et
1378 3482 1750 3553 implebuntur
1793 3498 1934 3539 area:
1960 3481 2074 3536 fru-

503 3582 707 3636 mento,
747 3581 799 3625 et
849 3573 1236 3628 redundabunt
1288 3575 1589 3629 toreularia
1634 3576 1760 3631 vino
1794 3584 1848 3630 et
1884 3578 2024 3629 oleo.
2050 3594 2067 3623 ι

497 3661 629 3729 Qua:
652 3676 806 3718 antea
826 3662 965 3717 dixit
987 3675 1235 3734 ereptum
1255 3666 1346 3730 iri,
1370 3681 1431 3721 ea
1456 3682 1603 3720 nunc
1623 3667 1802 3721 danda
1820 3667 2070 3721 allirmat.

496 3753 696 3809 Cuncti
743 3758 889 3809 enim
917 3756 1008 3825 qui
1059 3760 1206 3811 circa
1250 3757 1469 3812 Sionem
1497 3766 1735 3813 montem
1776 3767 1904 3815 sunt
1938 3773 2072 3813 con-

496 3848 727 3916 gregati.
752 3859 807 3901 et
835 3851 1251 3905 convenientem
1293 3850 1403 3905 lleo
1431 3853 1639 3906 cultum
1670 3852 1950 3915 exhibent,
1982 3853 2074 3906 la:-

500 3938 604 3991 tari
628 3948 927 4001 merentur,
952 3942 1162 4011 frugum
1192 3942 1527 3997 abundantia
1546 3944 1724 4014 potiti,
1745 3958 1903 4014 quam
1925 3944 2074 4013 juste

500 4029 637 4098 ipsis
675 4040 1030 4099 peccatorum
1058 4049 1281 4087 suorum
1316 4034 1705 4102 paenitentibus
1738 4033 1882 4090 Deus
1914 4036 2067 4089 attri-

497 4120 653 4187 ltuit;
684 4121 888 4189 quibus
916 4123 1079 4175 etiam
1114 4123 1370 4177 imbriutn
1396 4126 1769 4194 tempestivam
1803 4126 2074 4181 sufficien-

498 4220 717 4282 temquc
783 4227 1006 4267 usuram
1051 4212 1365 4279 exhibebit;
1426 4216 1562 4268 adeo
1614 4223 1671 4268 ut
1710 4216 2071 4285 gerniinantia

499 4301 697 4355 tellure
724 4302 956 4365 semina,
990 4311 1042 4357 et
1079 4303 1344 4372 lignorum
1377 4304 1486 4373 82
1519 4304 1727 4360 fructus
1752 4307 1920 4360 multa
1947 4323 2069 4361 cum

501 4393 857 4447 exuberantia
892 4395 999 4449 illis
1029 4396 1339 4450 obveniant.
1388 4415 1405 4446 ι
1430 4399 1494 4450 Et
1536 4396 1755 4450 reddam
1789 4398 1943 4451 vobis
1976 4414 2072 4451 an-

502 4498 604 4538 nos
644 4499 783 4553 quos
828 4486 1061 4539 comedit
1094 4488 1325 4550 locusta,
1378 4486 1638 4550 bruchus,
1666 4494 1720 4541 et
1769 4487 1981 4556 rubigo,
2017 4494 2068 4540 et

498 4590 696 4630 eruca:
756 4576 1024 4631 fortitudo
1079 4594 1199 4631 mea
1247 4594 1441 4649 magna
1471 4594 1634 4648 quam
1684 4578 1807 4633 misi
1848 4580 1914 4633 ad
1950 4595 2066 4635 vos.

499 4666 566 4720 lit
595 4666 898 4723 comedetis
935 4680 1238 4735 vescentes,
1265 4678 1317 4723 et
1350 4671 1753 4735 saturahimini,
1791 4679 1844 4724 et
1883 4671 2071 4725 lauda-

498 4758 629 4813 bitis
652 4774 850 4813 nomen
878 4758 969 4813 Dei
994 4762 1181 4823 vestri,
1211 4763 1301 4831 qui
1331 4763 1457 4815 fecit
1480 4762 1744 4815 mirabilia
1765 4762 2069 4829 vobiscum;

497 4860 553 4907 et
590 4866 698 4905 non
729 4850 1097 4905 confundetur
1126 4855 1355 4922 populus
1385 4870 1537 4908 meus
1570 4856 1622 4908 iu
1655 4858 2067 4923 sempiternum.

500 4942 568 4997 Et
595 4945 938 5013 cognoscetis
987 4944 1115 5013 quia
1150 4945 1202 4997 in
1235 4946 1410 4999 medio
1440 4945 1654 5000 lsraelis
1687 4960 1787 5016 ego
1809 4962 1960 4999 sum:
2015 4952 2070 4999 et

498 5048 601 5104 ego
626 5034 893 5091 Dominus
930 5034 1074 5090 Deus
1107 5045 1305 5100 vester,
1343 5045 1397 5090 et
1447 5050 1663 5093 nonest
1702 5038 1841 5091 alius
1877 5044 2071 5105 prmter

502 5140 609 5185 me.
670 5125 735 5178 Et
794 5143 901 5181 non
954 5127 1322 5181 confundetur
1370 5129 1507 5182 ultra
1537 5130 1768 5199 populus
1809 5146 1960 5185 mens
2016 5132 2071 5184 in

503 5214 917 5282 sempiternum.
944 5236 962 5267 ι
1003 5218 1213 5283 Quanta
1240 5219 1405 5288 igitur
1426 5218 1492 5273 de
1516 5220 1846 5275 necessariis
1884 5236 2074 5289 super-

501 5304 782 5361 venientes
798 5308 982 5364 hostes
1004 5325 1155 5364 varie
1177 5325 1240 5364 ac
1256 5310 1609 5364 multifariam
1630 5313 2073 5382 consumpserint

501 5396 671 5466 (patet
701 5398 842 5452 cnim
883 5400 1104 5454 locustae
1131 5402 1465 5463 nominibus,
1502 5417 1565 5456 ac
1591 5402 1806 5466 bruchi,
1838 5414 1892 5458 et
1916 5404 2065 5458 rubi-

504 5487 667 5558 ginis,
709 5497 763 5543 et
794 5505 992 5555 erucae,
1032 5492 1218 5548 hostes
1261 5493 1534 5563 denotari)
1571 5494 1795 5549 totidem
1827 5510 1928 5567 ego
1978 5511 2066 5551 re-

506 5582 749 5643 stituam,
781 5589 839 5634 ut
870 5583 949 5635 sic
972 5598 1068 5639 vos
1090 5584 1294 5638 lautum
1322 5585 1580 5639 habentes
1607 5584 1854 5639 datarum
1883 5601 2065 5641 rerqu

506 5682 685 5738 usum,
739 5671 948 5729 debitos
999 5676 1315 5733 retribuatis.
1367 5676 1473 5732 Deo
1531 5676 1785 5748 hymnos,
1844 5687 2064 5750 propter

2171 3295 2398 3367 δαψιλὴς
2449 3298 2746 3366 παρέχεται
2780 3297 2891 3357 τοῖς
2928 3293 3221 3363 δεομένοις.
3257 3312 3276 3345 ι
3323 3294 3429 3347 Καὶ
3468 3293 3537 3347 τά
3580 3295 3754 3350 τέκνα

2172 3386 2329 3449 Σιὼν,
2361 3388 2577 3458 χαίρετε
2597 3426 2611 3450 ,
2651 3386 2745 3439 καὶ
2771 3384 3124 3457 εὐφραίνεσθε
3167 3387 3258 3439 ἐπὶ
3284 3385 3360 3455 τῷ
3390 3384 3583 3457 Κυρίῳ
3622 3386 3754 3457 Θεῷ

2174 3478 2358 3548 ὑμῶν’
2405 3479 2486 3531 ὅτι
2513 3477 2709 3530 ἔδωκεν
2759 3478 2887 3546 ὑμῖν
2934 3475 3196 3547 βρώματα
3240 3478 3319 3539 εἰς
3365 3476 3751 3547 δικαιοσύνην*

2173 3570 2263 3621 καὶ
2303 3568 2482 3639 βρέξει
2525 3570 2651 3637 ὑμῖν
2699 3567 2852 3619 ὑετὸν
2888 3567 3134 3638 πρώῖμον
3184 3568 3277 3620 καὶ
3318 3566 3514 3636 ὄψιμον
3562 3567 3752 3631 καθὼς

2174 3658 2478 3729 ἔμπροσθεν
2500 3675 2511 3687 ⁸
2564 3660 2654 3711 καὶ
2691 3658 3089 3729 πλησθήσονται
3120 3659 3177 3711 ai
3207 3658 3410 3722 ἀλωνες
3448 3660 3622 3721 σίτου,
3658 3658 3758 3712 καὶ

2175 3750 2704 3823 ὑπερεκχυθήσονται
2748 3750 2802 3802 αἱ
2853 3749 3004 3820 ληνοὶ
3045 3750 3189 3802 οἴνου
3243 3750 3335 3802 καὶ
3374 3749 3577 3803 ἐλαίου.
3616 3769 3636 3802 ι
3684 3753 3755 3804 Ἀ

2174 3843 2282 3913 γὰρ
2314 3845 2370 3894 ὲν
2402 3844 2512 3903 τοῖς
2546 3840 2836 3911 ἀνωτέροις
2869 3838 3020 3892 εἶπεν
3061 3840 3409 3912 ἀφῃρῆσθαι,
3441 3840 3617 3893 ταῦτα
3655 3840 3756 3895 νῦν

2174 3934 2519 3988 ἀποδίδοσθαι
2566 3934 2747 4001 λέγει’
2786 3932 2984 3996 πάντες
3015 3933 3145 4003 γὰρ,
3180 3934 3375 4002 φησὶν,
3415 3935 3465 3985 οἱ
3509 3933 3643 4001 περὶ
3691 3933 3756 3986 τὸ

2174 4025 2311 4079 Σιὼν
2353 4025 2477 4093 ὄρος
2508 4023 2885 4094 συλλεγόμενοι
2920 4041 3003 4088 τε,
3036 4025 3130 4077 καὶ
3157 4023 3255 4095 τὴν
3285 4023 3635 4093 καθήκουσαν
3670 4022 3757 4094 τῷ

2172 4115 2291 4185 Θεῷ
2317 4113 2646 4185 πληροῦντες
2686 4114 2983 4185 θεραπείαν
3003 4154 3019 4178 ,
3054 4114 3249 4170 δίκαιοι
3278 4110 3387 4168 εἶεν
3414 4114 3481 4167 ἀν
3510 4114 3755 4184 εὐφραί-

2173 4204 2355 4261 νεσθαι
2380 4246 2393 4268 ,
2429 4205 2525 4276 τὴν
2568 4206 2829 4275 ἀφθονίαν
2856 4225 2914 4259 τε
2948 4207 3056 4261 τῶν
3090 4209 3315 4279 καρπῶν
3358 4206 3754 4274 ἀπολαϐόντες,

2174 4299 2249 4367 (p.
2295 4297 2415 4365 124)
2447 4298 2512 4367 ἢν
2542 4297 2763 4360 δικαίως
2794 4299 2972 4362 αὐτοῖς
3012 4300 3464 4371 μεταμεληθεῖσιν
3497 4301 3643 4373 ὑπὲρ
3675 4295 3757 4356 ὧν

2171 4390 2414 4461 ἥμαρτον
2447 4389 2796 4460 παρέσχηκεν
2828 4393 2856 4444 ό
2888 4392 3040 4455 Θεὸς,
3078 4394 3171 4445 καὶ
3202 4394 3283 4446 ὄτι
3312 4394 3419 4446 τῶν
3446 4395 3621 4447 ὑετῶν
3648 4396 3758 4450 αὑ-

2173 4485 2283 4543 τοῖς
2320 4480 2572 4551 εὔκαιρον
2619 4484 2711 4535 καὶ
2753 4484 2997 4555 αὐτάρκη
3043 4484 3335 4554 παρέξεται
3377 4487 3477 4553 τὴν
3512 4487 3754 4556 χρείαν·

2174 4573 2313 4626 ὥστε
2346 4574 2439 4627 καὶ
2471 4573 2539 4625 τὰ
2584 4577 2647 4627 ἐκ
2677 4575 2779 4646 γῆς
2819 4577 3064 4646 φυόμενα
3096 4578 3204 4629 τῶν
3250 4579 3578 4648 σπερμάτων
3599 4621 3611 4642 ,
3652 4581 3759 4632 καὶ

2171 4668 2295 4729 τοὺς
2316 4669 2379 4719 ἐκ
2411 4666 2581 4730 ξύλων
2614 4669 2881 4737 καρποὺς,
2916 4670 3053 4739 μετὰ
3083 4671 3281 4739 πολλῆς
3312 4673 3495 4735 αὐτοῖς
3521 4676 3760 4742 προσγίο

2169 4758 2352 4811 νεοθαι
2389 4758 2490 4827 τῆς
2536 4759 2870 4829 περιουσίας.
2919 4779 2937 4808 ι
2998 4762 3106 4814 Καὶ
3147 4762 3426 4815 ἀνταποδῶ
3461 4764 3590 4832 ὑμῖν
3622 4767 3759 4818 ἀντὶ

2168 4848 2274 4901 τῶν
2311 4848 2447 4901 ἑτῶν
2475 4842 2548 4900 ὧν
2578 4851 2884 4917 κατέφαγεν
2916 4852 2947 4921 ἡ
2984 4852 3145 4922 ἁκρὶς
3176 4851 3271 4904 καὶ
3313 4853 3341 4903 ὁ
3376 4851 3605 4923 βροῦχος
3652 4856 3759 4907 καί

2168 4942 2200 5008 ἡ
2250 4941 2473 5010 ἐρυσίϐη
2514 4941 2609 4993 καὶ
2645 4944 2676 5011 ἡ
2724 4943 2953 5011 κάμπη,
2987 4945 3019 5014 ὴ
3062 4943 3285 5013 δύναμίς
3321 4960 3420 5014 μου
3458 4945 3490 5012 ἡ
3529 4946 3756 5014 μεγάλη

2167 5032 2234 5102 ἣν
2278 5032 2634 5097 ἐξαπέστειλα
2664 5036 2744 5095 είς
2792 5036 2965 5105 ὑμᾶς’
3019 5038 3112 5088 καὶ
3155 5036 3391 5105 φάγεσθε
3446 5036 3755 5102 ἐσθίοντες,

2168 5126 2262 5178 καὶ
2320 5126 2789 5197 ἐμπλησθήσεσθε,
2844 5129 2937 5180 καὶ
2992 5130 3233 5182 αίνὲσετε
3291 5130 3353 5182 τὸ
3400 5129 3574 5199 δνομα
3625 5130 3757 5183 Κυ-

2170 5218 2285 5290 ρίου
2334 5219 2426 5271 τοῦ
2461 5219 2596 5272 Θεοῦ
2630 5221 2818 5291 ὑμῶν,
2861 5223 2919 5285 ὃς
2963 5223 3184 5293 ἐποίησε
3228 5223 3345 5294 μεθ’
3395 5222 3548 5293 ὑμῶν
3602 5223 3749 5277 θαυ-

2173 5311 2369 5379 μάσια·
2412 5311 2507 5365 καὶ
2538 5312 2599 5364 ού
2646 5313 2719 5383 μὴ
2750 5315 3116 5386 καταισχυνθῇ
3151 5316 3183 5369 ὁ
3221 5315 3347 5378 λαός
3396 5332 3497 5386 μου
3536 5318 3619 5379 είς
3656 5319 3758 5371 τὸν

2171 5403 2375 5456 αἰῶναο
2440 5405 2533 5456 καὶ
2577 5405 2941 5472 ἐπιγνώσεσθε
2983 5410 3065 5461 ὅτι
3102 5410 3160 5461 έν
3202 5409 3350 5479 μέσῳ
3384 5409 3476 5463 τοῦ
3522 5409 3756 5483 Ἰσραὴλ

2173 5494 2283 5562 ἐγώ
2326 5498 2441 5566 είμι
2466 5513 2478 5524 -
2516 5497 2608 5549 καὶ
2637 5497 2748 5565 ἐγὼ
2794 5499 2993 5569 Κύριος
3038 5502 3067 5553 ὀ
3108 5500 3239 5565 Θεὸς
3277 5501 3452 5571 ὑμῶν,
3495 5503 3594 5555 καὶ
3645 5503 3755 5555 οὐκ

2174 5587 2319 5640 ἔστιν
2344 5587 2424 5641 ἔτι
2452 5588 2588 5658 πλὴν
2616 5588 2749 5659 ἐμοῦ
2773 5607 2787 5621 ⁸
2823 5591 2914 5645 καὶ
2947 5592 3008 5644 ού
3046 5593 3119 5664 μὴ
3146 5593 3511 5665 καταισχυνθῇ
3541 5596 3573 5646 ὁ
3617 5594 3756 5656 λαός

2179 5695 2279 5750 μου
2310 5677 2387 5732 ἔτι
2414 5681 2491 5743 εἰς
2518 5681 2605 5735 τὸν
2634 5680 2821 5736 αίῶνα.
2859 5702 2876 5734 ι
2914 5684 3116 5741 Ὁπόσα
3143 5686 3317 5741 τοίνυν
3356 5685 3758 5756 ἐπεληλυθότες
