3966 6222
225 265 334 321 229

1205 270 1755 332 COMMENTARIUS
1793 232 1865 331 mi
1895 276 2126 335 JOELIS
2157 280 2310 337 car.
2338 280 2397 335 ιι.

3377 274 3485 331 250

230 388 282 443 oi
309 385 560 455 πολέμιοι
586 383 695 437 τῶν
716 383 1103 456 προσηκόντων
1128 386 1518 439 κατανάλωσαν
1538 386 1801 457 διαφόρως

1908 390 2138 456 grandia
2194 406 2258 445 ac
2306 391 2579 448 mirabilia
2625 407 2762 463 quae,
2789 393 2958 449 vestri
3007 408 3174 452 causa
3222 403 3478 469 patravit.

229 497 290 533 τε
318 480 416 532 xai.
444 477 704 540 ποικίλως
727 494 741 506 ·
779 477 1003 547 εὔδηλον
1038 477 1146 548 γὰρ
1174 478 1255 530 ὅτι
1301 478 1498 549 ἀκρίδα
1524 478 1617 531 καὶ
1648 478 1806 548 βροῦ-

230 590 327 644 χον
366 571 462 624 καὶ
508 569 766 639 ἐρυσίϐην
807 570 900 622 καὶ
946 570 1172 640 κάμπην
1212 569 1385 624 ταῦτα
1421 569 1606 623 καλεί·
1636 569 1807 622 ταῦτα

231 660 366 731 ὑμῖν
406 662 863 731 ἀποκαταστήσω,
910 660 1051 714 ὥστε
1087 662 1230 732 ὑμᾶς
1281 661 1543 715 πλουσίαν
1586 661 1808 732 ἔχοντας

229 751 339 804 τῶν
367 752 661 822 δεδομένων
695 753 796 823 τὴν
834 754 1130 807 ἀπόλαυσιν
1149 792 1164 818 ,
1194 754 1575 825 ὀφειλομένους
1617 756 1807 809 ἀποδι-

227 843 379 917 δόναι
408 843 486 915 τῷ
512 844 632 913 Θεῴ
660 844 787 907 τοὺς
816 844 1040 915 ῦμνους,
1079 845 1217 917 ὑπὲρ
1245 839 1319 899 ὧν
1348 846 1411 916 δὴ
1442 846 1690 916 μεγάλων
1715 848 1810 900 καὶ

1903 480 2133 551 Jamque
2166 498 2265 537 vos
2295 484 2503 540 diutius
2535 500 2643 539 non
2684 485 3045 549 erubescetis,
3083 491 3239 557 quasi
3277 492 3484 561 absque

1907 574 2109 625 auxilio
2136 590 2162 625 a
2190 588 2275 627 me
2305 575 2574 640 destituti,
2604 577 2657 629 in
2695 576 2964 644 ejusmodi
2994 594 3267 635 :erumuas
3298 583 3484 637 incur-

1906 662 2125 717 reritis:
2158 664 2480 735 plenamque
2506 668 2756 736 poteritis
2790 685 2852 722 ex
2880 671 3044 725 rebus
3070 672 3205 741 ipsis
3231 676 3478 729 notitiam

1906 770 2122 824 capere,
2170 772 2254 811 me
2292 757 2436 811 inter
2465 774 2561 813 vos
2585 763 2816 827 versari,
2860 765 2954 831 qui
2987 780 3177 835 reapse
3210 765 3480 821 Dominus

1908 857 2085 901 vester
2114 857 2165 902 et
2190 857 2337 902 tutor
2369 851 2520 903 solus
2545 867 2689 909 sum.

233 938 565 1011 θαυμαστῶν
587 939 887 1010 πεποίηκεν
912 940 989 1003 είς
1020 939 1190 1009 ὑμᾶς·
1218 939 1294 1002 ὡς
1327 940 1521 1010 μηκέτι
1546 941 1644 1011 μὲν
1665 940 1808 1011 ὑμᾶς
1846 939 2193 1010 αἰσχύνεσθαι
2231 942 2314 1010 ἐφ’
2338 937 2419 1004 οἷς
2447 943 2737 1015 ἀϐοήθητοι
2781 948 2910 1017 παρ’
2937 947 3067 1017 ἐμοῦ
3111 949 3482 1020 μεμενήκατε.

230 1032 509 1095 τοσούτοις
539 1029 1018 1102 περιπεπτωκότες
1044 1033 1263 1094 κακοῖς·
1292 1031 1379 1101 (p.
1410 1031 1547 1101 125)
1577 1030 1780 1102 ἀκριϐῆ
1808 1029 1865 1082 δὲ
1893 1030 2153 1089 δύνασθαι
2198 1033 2339 1103 ὑμᾶς
2368 1034 2426 1098 ἐξ
2453 1035 2631 1087 αὐτῶν
2658 1036 2764 1089 τῶν
2793 1039 3133 1106 πραγμάτων
3167 1038 3346 1093 λαόεἰν
3376 1040 3482 1111 τὴν

232 1127 558 1194 ἐπίγνωσιν,
589 1126 670 1177 ὅτι
702 1124 762 1177 ἐν
802 1123 931 1194 ὑμῖν
966 1124 1081 1195 είμι
1102 1140 1115 1153 ·
1144 1122 1239 1178 ἂτε
1267 1125 1360 1177 καὶ
1386 1124 1650 1196 δεσπότης
1681 1123 1833 1191 ὑμῶν
1856 1125 1950 1177 καὶ
1982 1125 2232 1196 κηδεμὼν
2271 1127 2428 1196 μόνος
2459 1128 2737 1197 ὑπάρχων.

301 1220 457 1289 Στίχ.
501 1217 709 1288 κη’-λβκ
737 1246 809 1257 -
856 1236 875 1268 ‹
912 1218 1022 1270 Καὶ
1053 1217 1204 1271 ἐσται
1252 1217 1389 1288 μετά
1417 1218 1591 1272 ταῦτα
1632 1217 1807 1289 ἐκχεῶ

227 1311 342 1365 ἀπὸ
368 1310 464 1362 τοῦ
491 1308 801 1379 Πνεῦματός
835 1326 937 1379 μου
972 1308 1064 1361 ἐπὶ
1092 1310 1269 1362 πᾶσαν
1302 1310 1509 1379 σάρκα·
1546 1311 1640 1363 καὶ
1679 1327 1806 1381 προ-

229 1401 598 1473 φητεύσουσιν
630 1400 678 1453 οἱ
709 1401 818 1451 υἱοὶ
847 1399 940 1452 καὶ
982 1401 1038 1451 αἱ
1066 1398 1361 1470 θυγατέρες
1414 1399 1565 1470 ὑμῶν
1585 1439 1599 1462 ,
1632 1401 1724 1453 καὶ
1754 1401 1803 1452 οί

227 1492 593 1566 πῳσσύτεροι
623 1490 777 1561 ὑμῶν
822 1490 1093 1552 ἐνυπνίοις
1130 1491 1674 1561 ἐνυπνιασθήσονται·
1713 1491 1804 1545 καὶ

227 1588 279 1640 οἱ
314 1586 586 1639 νεανίσκοι
620 1582 775 1653 ὑμῶν
802 1583 1022 1652 ὁράσεις
1058 1582 1308 1651 ὄψονται·
1338 1585 1430 1637 καί
1468 1601 1530 1651 γε
1567 1585 1658 1636 ἐπὶ
1680 1584 1803 1647 τοὺς

225 1680 450 1741 δούλους
481 1695 584 1746 μου
609 1676 705 1728 καὶ
730 1675 823 1727 ἐπὶ
849 1674 949 1738 τὰς
977 1674 1168 1739 δούλας
1201 1694 1299 1746 μου
1328 1678 1384 1729 ἐν
1423 1680 1541 1739 ταῖς
1571 1676 1803 1747 ἡμέραις

230 1771 474 1832 ἐκείναις
500 1767 675 1839 ἐκχεῶ
702 1768 809 1820 ἀπὸ
831 1766 925 1820 τοῦ
960 1767 1271 1838 Πνεῦματός
1302 1787 1422 1838 μου,
1472 1770 1563 1822 καὶ
1591 1786 1801 1839 προφη-

227 1864 511 1917 τεύσουσι·
544 1860 638 1913 καὶ
668 1858 824 1912 δώσω
867 1858 1069 1929 τέρατα
1110 1861 1168 1911 ἐν
1217 1858 1294 1930 τῷ
1322 1859 1534 1931 οὐρανῷ
1581 1861 1673 1913 καὶ¹
1710 1858 1801 1912 ἐπὶ

225 1957 325 2026 τῆς
363 1954 494 2023 γῆς.
527 1947 669 2022 αἷμα
694 1951 789 2004 καὶ
819 1950 931 2022 πῦρ
964 1951 1057 2005 καὶ⁸
1090 1951 1290 2021 ἀτμίδα
1322 1950 1529 2006 καπνοῦ
1549 1968 1564 1985 ·
1592 1952 1621 2003 ό
1651 1950 1796 2021 ἥλιος

230 2046 742 2118 μεταστραφήσεται
770 2044 849 2107 είς
877 2043 1084 2107 σκότος,
1118 2045 1209 2097 καὶ
1239 2044 1272 2113 ἡ
1304 2043 1501 2115 σελήνη
1532 2045 1610 2107 είς
1639 2040 1797 2113 αἷμα,

226 2139 359 2209 πρὶν
403 2136 582 2189 ἐλθεῖν
616 2135 713 2206 τὴν
756 2135 971 2205 ἡμέραν
1020 2135 1227 2206 Κυρίου
1273 2135 1370 2206 τὴν
1417 2136 1655 2206 μεγάλην
1706 2136 1799 2189 καὶ

224 2228 470 2299 ἐπιφανῆ
492 2246 506 2257 ·
536 2228 630 2282 καὶ
650 2226 800 2279 ἔσται
824 2228 932 2289 πᾶς
953 2226 1010 2289 ὃς
1035 2226 1100 2279 ἂν
1130 2227 1519 2297 ἐπικαλέσηται
1549 2228 1609 2280 τὸ
1633 2227 1800 2297 ὄνομα

226 2322 460 2393 Κυῖέου,
495 2318 799 2390 σωθήσεται
826 2334 840 2347 ·
872 2319 952 2371 ὅτι
992 2319 1047 2370 ἐν
1077 2318 1155 2389 τῷ
1192 2319 1307 2389 ὄρει
1339 2318 1475 2372 Σιὼν
1500 2320 1592 2374 καὶ
1613 2322 1669 2372 ἐν
1704 2322 1799 2372 Ἱε-

231 2412 519 2485 ρουσαλὴμ
544 2411 697 2463 ἐσται
727 2410 1160 2480 ἀνασωζόμενος,
1192 2411 1378 2463 καθότι
1407 2405 1528 2463 εἷπε
1562 2411 1762 2481 Κύριος
1780 2428 1793 2441 ·

228 2506 323 2558 καὶ
362 2501 838 2571 εὐαγγελιζόμενοι
892 2501 984 2564 οὒς
1036 2502 1239 2573 Κύριος
1297 2502 1723 2573 προσκέκληται.
1776 2520 1792 2554 ι

226 2596 458 2667 Παρέξω
495 2595 558 2665 δὴ
599 2596 768 2657 πᾶσι,
821 2595 972 2662 φησὶ,
1019 2594 1278 2647 πλουσίαν
1331 2593 1425 2665 τὴν
1473 2594 1798 2664 κηδεμονίαν

226 2689 325 2760 τὴν
356 2689 530 2759 ἐμήν·
558 2685 716 2739 τοῦτο
744 2686 852 2756 γὰρ
879 2686 1024 2754 λέγει
1045 2686 1104 2738 τὸ
1134 2706 1150 2739 ι
1179 2686 1353 2756 ἐκχεῶ
1376 2686 1484 2740 ἀπὸ
1510 2685 1601 2739 τοῦ
1630 2686 1799 2739 Πνεῦ-

229 2780 401 2848 ματός
438 2796 541 2845 μου
561 2796 575 2809 ·
616 2796 635 2829 ι
677 2776 787 2828 τῶν
802 2778 894 2830 ἐπὶ
913 2777 1011 2847 τῆς
1029 2774 1267 2841 Παλαιιίς
1285 2776 1554 2847 Διαθήκης
1576 2776 1800 2847 Πνεῦμα

228 2872 329 2940 μὲν
360 2870 515 2937 ἅγιον
541 2866 823 2937 μοναδικόν
851 2868 908 2919 ἐν
936 2867 1228 2919 ὑποστάσει
1252 2868 1670 2938 κεχωρισμένως
1690 2867 1799 2920 τῶν

224 2962 453 3019 λοιπῶν,
474 2958 610 3012 Θεοῦ
633 2976 690 3011 τε
713 2957 773 3010 ὃν
795 2958 887 3011 καὶ
909 2959 973 3010 ἐκ
993 2956 1125 3010 Θεοῦ
1154 2958 1254 3011 οὐκ
1273 2958 1643 3028 ἐπισταμένων
1663 2958 1795 3028 (17)·

1976 1219 2140 1274 Vens.
2166 1220 2356 1274 28-52.
2384 1253 2449 1262 -—
2484 1241 2501 1271 ι
2526 1223 2589 1275 Ει
2613 1226 2717 1277 erit
2750 1235 2869 1292 post
2903 1225 3051 1279 haec:
3092 1225 3377 1281 ElIundam
3409 1228 3477 1284 de

1904 1311 2108 1382 Spiritu
2134 1328 2252 1367 meo
2275 1328 2441 1383 super
2460 1328 2673 1367 onmem
2700 1330 2919 1369 carnem
2944 1335 2957 1381 ;
2991 1325 3041 1370 et
3069 1320 3475 1387 prophetabunt

1901 1403 1996 1457 lilii
2052 1405 2219 1458 vestri
2268 1412 2321 1459 et
2373 1405 2494 1459 filiae
2543 1416 2770 1461 vestrm:
2834 1423 2993 1462 senes
3047 1412 3208 1464 vestri
3260 1415 3471 1466 somnia

1908 1486 2284 1552 somniabunt,
2307 1498 2360 1542 et
2374 1489 2602 1557 juvenes
2620 1492 2786 1545 vestri
2807 1493 3048 1548 visiones
3066 1494 3344 1550 videbunt.
3365 1495 3470 1552 Sed

1905 1584 1959 1630 et
1981 1591 2147 1647 super
2177 1593 2369 1633 servos
2391 1594 2541 1635 meos
2561 1590 2615 1635 et
2639 1583 2870 1638 ancillas
2897 1599 3044 1641 meas
3070 1587 3123 1639 in
3144 1587 3336 1642 diebus
3364 1591 3469 1646 illis

1905 1667 2176 1723 elfundam
2211 1670 2277 1725 de
2313 1670 2514 1741 Spiritu
2563 1690 2702 1740 meo,
2730 1684 2781 1728 et
2803 1678 3219 1747 prophetabunt.
3240 1681 3304 1736 Et
3331 1683 3472 1739 dabo

1906 1760 2152 1830 prodigia
2205 1762 2258 1815 in
2291 1766 2430 1818 casio
2480 1773 2535 1821 et
2574 1782 2738 1835 super
2786 1777 3005 1834 terram,
3050 1774 3370 1843 sanguinem
3415 1786 3470 1829 et

1903 1852 2083 1922 ignem
2107 1862 2162 1907 et
2191 1869 2443 1924 vaporem
2476 1855 2634 1911 fumi.
2654 1856 2745 1911 Snl
2770 1869 3117 1915 convertatur
3138 1864 3191 1916 in
3217 1867 3467 1920 tenebras

1902 1947 2177 2001 etlunain
2216 1949 2865 2020 sanguinem,antequam
2910 1953 3087 2006 veniat
3117 1955 3230 2008 dies
3255 1955 3465 2010 Domini

1901 2052 2132 2108 magnus
2161 2046 2216 2091 et
2247 2039 2498 2092 illustris.
2530 2039 2595 2093 Et
2617 2041 2720 2095 erit
2751 2061 2763 2095 :
2792 2045 2971 2099 omnis
3005 2046 3096 2115 qui
3132 2046 3466 2102 invocaverit

1900 2144 2094 2183 nomen
2130 2127 2363 2196 Domini,
2396 2131 2726 2199 salvabitur;
2756 2136 2882 2203 quia
2919 2136 2973 2189 in
3016 2146 3197 2192 monte
3220 2138 3257 2191 S
3281 2156 3382 2192 one
3411 2150 3465 2193 ct

1900 2219 1955 2273 in
1991 2219 2326 2274 Hierusalem
2362 2224 2545 2276 salvus
2578 2224 2703 2289 erit,
2738 2228 2880 2279 sicut
2912 2227 3049 2281 dixit
3074 2227 3372 2285 Dominus:
3410 2241 3464 2285 et

1897 2311 2251 2380 evangelizati
2292 2328 2432 2381 quos
2475 2311 2737 2368 Dominus
2776 2319 3072 2371 vocaverit.
3128 2339 3145 2368 ι
3186 2319 3462 2376 Praeslaho

1898 2402 2131 2467 cunctis,
2167 2402 2361 2472 inquit,
2390 2403 2620 2472 amplam
2653 2410 2874 2460 tutelam
2899 2422 3105 2463 meam:
3138 2410 3188 2464 id
3207 2414 3347 2465 enim
3376 2414 3465 2467 de-

1896 2503 2088 2549 notant
2107 2496 2292 2559 verba,
2326 2513 2345 2545 ι
2376 2496 2650 2550 eli'undam
2684 2499 2751 2552 de
2773 2497 2979 2568 Spiritu
3001 2517 3139 2557 meo.
3169 2521 3189 2555 ι
3224 2506 3462 2558 υπειειιυο

1895 2586 1989 2655 qui
2020 2586 2128 2657 83
2158 2587 2260 2641 sub
2284 2585 2479 2643 Vetere
2507 2588 2855 2645 Testamento
2876 2593 3191 2648 nesciebant
3213 2595 3461 2650 homines

1901 2674 2171 2747 Spiritum
2223 2687 2473 2734 sanctum
2512 2679 2566 2732 in
2615 2694 2845 2749 persona
2894 2682 3110 2751 pr0pria
3147 2682 3464 2735 distinctum

1901 2786 1932 2824 a
1959 2770 2195 2833 cmteris,
2239 2768 2332 2825 Dei
2366 2770 2653 2841 Spiritum,
2695 2779 2751 2825 et
2785 2786 2853 2826 ex
2889 2771 3030 2827 Deo:
3078 2775 3169 2828 sed
3203 2773 3464 2843 Spiritum

1901 2862 2016 2927 Dei,
2080 2872 2134 2917 et
2192 2861 2457 2931 Spiritum
2521 2870 2795 2924 sanctum,
2851 2872 2905 2917 et
2957 2866 3116 2919 aliam
3170 2867 3468 2935 quamlibet

1900 2952 2213 3021 hujnsmodi
2246 2953 2684 3022 appellationem,
2725 2967 2823 3022 pro
2855 2951 2948 3007 Dei
2984 2955 3158 3022 gratia
3201 2965 3248 3008 et
3285 2956 3467 3024 provi-

226 3053 453 3121 Πνεῦμα
484 3052 636 3118 am
669 3050 762 3102 καὶ
787 3051 896 3102 πᾶν
926 3051 954 3102 ὃ
983 3067 1030 3103 τι
1066 3049 1127 3121 δή
1162 3067 1289 3102 ποτε
1320 3050 1546 3112 τοιοῦτο,
1577 3050 1673 3121 τὴν
1706 3050 1800 3121 χά-

1905 3045 2081 3100 dentia
2100 3052 2262 3114 atque
2284 3045 2479 3099 affectu
2510 3044 2884 3114 accipiebant:
2918 3045 3062 3099 sicut
3085 3046 3319 3099 animam
3342 3063 3465 3101 cum

226 3162 314 3213 ριν
352 3142 518 3195 αὑτοῦ
548 3142 641 3193 καὶ
682 3141 780 3211 τὴν
809 3140 1130 3210 κηδεμονίαν
1170 3142 1264 3194 καὶ
1308 3139 1405 3210 τὴν
1435 3140 1667 3194 διάθεσιν
1697 3159 1797 3194 κα-

225 3236 484 3287 λούντων·
514 3235 586 3295 ὼς
613 3233 706 3285 καὶ
730 3232 903 3301 ψυχὴν
922 3232 997 3284 ὅτ’
1020 3233 1084 3285 ἂν
1111 3232 1201 3284 ἐπὶ
1226 3230 1361 3283 Θεοῦ
1390 3231 1544 3303 λέγῃ,
1570 3233 1643 3302 (p.
1672 3232 1794 3301 1‘26)

230 3346 249 3377 ι
293 3326 407 3389 Τὰς
446 3326 734 3395 νεομηνίας
765 3323 916 3393 ὑμῶν
953 3322 1046 3376 καὶ
1075 3322 1142 3375 τὰ
1183 3322 1426 3377 σάϐϐατα
1452 3324 1603 3393 ὑμῶν
1655 3326 1799 3393 μισεί

225 3418 261 3485 ἡ
286 3418 435 3487 ψυχή
468 3434 569 3485 μου
593 3433 606 3444 ·
644 3434 660 3464 ι
688 3413 783 3484 τὴν
813 3412 1049 3465 διάθεσιν
1083 3413 1188 3483 γὰρ
1217 3412 1363 3480 λέγει
1386 3412 1508 3466 καθ’
1533 3413 1599 3483 ἣν
1622 3413 1797 3483 ἐμίσει

224 3512 323 3573 "'4;
349 3512 548 3580 ἑορτάς
565 3526 579 3539 ·
606 3508 844 3561 τοιοῦτόν
878 3509 1024 3567 ἐστι,
1060 3525 1077 3556 ι
1116 3506 1189 3557 Τὸ
1217 3504 1438 3576 Πνεῦμά
1464 3523 1556 3559 σου
1578 3507 1638 3559 τὸ
1660 3508 1799 3574 ἀγα-

226 3602 317 3654 θὸν
346 3600 609 3670 ὁδηγήσει
640 3616 704 3667 με
732 3599 787 3648 ἐν
813 3601 881 3668 γῇ
911 3596 1125 3667 εὐθεία-
1173 3616 1189 3646 ι
1224 3596 1516 3667 κηδόμενος
1540 3596 1646 3666 γάρ
1674 3612 1797 3665 μου,

226 3690 379 3761 φησὶ,
410 3688 502 3740 διὰ
530 3686 729 3756 πολλὴν
756 3685 1060 3754 ἀγαθότητα
1094 3683 1349 3755 παρέξεις
1385 3682 1558 3736 ταῦτα
1578 3701 1589 3713 ·
1626 3682 1800 3736 τοιοῦ-

224 3783 312 3834 τόν
346 3783 467 3832 ἐστι
516 3779 600 3841 τὸ,
644 3796 662 3829 ι
710 3777 935 3845 Πνεῦμά
978 3794 1071 3829 σου
1106 3776 1165 3828 τὸ
1194 3776 1347 3843 ἅγιον
1395 3776 1468 3845 μὴ
1507 3774 1800 3845 ἀντανέλῃς

226 3874 319 3926 ἀπ’
357 3870 531 3941 ἐμοῦ·
569 3889 588 3921 ι
625 3870 710 3921 ἴνα
750 3870 895 3941 εἴπῃ,
930 3868 1039 3938 Τὴν
1070 3866 1199 3938 περί
1240 3865 1339 3936 ἐμὲ
1372 3864 1694 3937 κηδεμονίαν
1725 3868 1799 3936 μὴ

225 3962 467 4031 ἀξέλης·
498 3960 596 4012 καὶ
623 3959 723 4011 ὅσα
755 3956 997 4022 τοιαῦτα,
1024 3957 1111 4008 ἴνα
1144 3956 1217 4026 μὴ
1246 3956 1576 4025 μηκύνωμεν
1606 3957 1685 4018 εἰς
1712 3956 1802 4007 οὐ·

227 4053 317 4106 δέν
348 4054 469 4105 δέον
495 4052 598 4121 τὴν
625 4050 845 4119 Γραφήν
871 4067 883 4079 ·
915 4048 1124 4101 τοιοῦτο
1147 4048 1209 4118 δή
1237 4064 1287 4098 τι
1312 4045 1591 4100 κάνταῦθά
1615 4063 1798 4116 φησιν,

229 4144 314 4196 δτι
332 4146 497 4199 Οὕτω
519 4142 781 4195 πλουσίαν
802 4141 923 4193 τότε
953 4141 1049 4211 τὴν
1073 4139 1392 4211 κηδεμονίαν
1426 4139 1553 4208 ὑμῖν
1582 4139 1802 4209 παρέξω

226 4238 325 4305 τὴν
359 4237 504 4307 ἐμὴν
525 4273 540 4297 ,
568 4233 709 4286 ὥστε
751 4233 993 4295 ἅπαντας
1024 4230 1378 4300 ἀξιουμένους
1415 4230 1687 4283 ὀπτασιῶν
1716 4230 1802 4283 δυ-

228 4326 422 4378 ναεθαί
455 4343 507 4377 τι
531 4325 626 4377 καί
654 4324 781 4392 περὶ
808 4322 913 4375 τῶν
943 4321 1212 4391 ἐσομένων
1242 4320 1490 4390 μηνύειν·
1518 4320 1603 4390 ἐφ’
1633 4321 1802 4374 ἅπασι

1902 3151 1965 3192 ea
2004 3136 2071 3189 de
2102 3134 2210 3189 Deo
2244 3135 2483 3199 dicitur;
2534 3134 2723 3197 veluti,
2765 3153 2783 3184 ι
2807 3134 3129 3188 Neomenias
3173 3145 3383 3191 vestras
3415 3145 3469 3188 et

1904 3227 2128 3281 sabbata
2158 3233 2336 3280 vestra
2376 3224 2490 3279 odit
2528 3226 2707 3278 anima
2750 3224 2958 3287 mea“;
2993 3243 3011 3275 ι
3052 3224 3296 3278 videlicet
3330 3226 3471 3293 (ani-

1904 3316 2070 3388 mam)
2118 3330 2217 3385 pro
2263 3313 2457 3369 aﬂectu
2509 3314 2662 3376 dicit,
2704 3330 2811 3384 quo
2854 3313 3227 3369 solemnitates
3258 3314 3466 3369 oderat.

1903 3407 2032 3463 Tale
2060 3415 2143 3462 est
2161 3414 2215 3461 et
2247 3406 2411 3460 illud:
2452 3425 2470 3456 ι
2495 3406 2735 3475 Spiritus
2762 3412 2891 3459 tuus
2922 3407 3093 3459 bonus
3127 3403 3355 3459 deducet
3383 3420 3471 3459 me

1905 3499 1958 3553 iu
1999 3507 2199 3553 terram
2243 3508 2445 3552 rectam
2464 3500 2587 3564 ⁸²;ι
2627 3512 2811 3551 curam
2854 3498 3051 3566 quippe
3100 3496 3203 3551 mei
3253 3512 3468 3564 gerens,
3544 3554 3547 3559 ί

1904 3590 2101 3659 inquit,
2152 3603 2276 3643 cum
2327 3590 2568 3643 bonitate
2616 3589 2781 3641 multa
2838 3588 2968 3641 mihi
3021 3588 3132 3641 hmc
3180 3588 3466 3656 praebebis.

1906 3682 2033 3736 Item
2083 3680 2244 3734 illud:
2305 3679 2606 3750 «Spiritum
2656 3686 2904 3733 sanctum
2946 3686 3097 3731 tuum
3142 3694 3210 3731 ne
3252 3678 3472 3733 auferas

1905 3786 1938 3825 a
1974 3771 2141 3826 me":
2168 3790 2186 3823 ι
2231 3770 2281 3824 id
2311 3780 2413 3831 est,
2446 3784 2515 3823 ne
2556 3776 2702 3822 tuam
2738 3783 2767 3821 a
2801 3782 2886 3821 me
2912 3767 3302 3837 providentiam
3338 3769 3472 3821 sub-

1906 3879 2163 3920 moveas:
2221 3872 2275 3918 et
2307 3868 2574 3932 quotquot
2615 3870 2744 3913 sunt
2786 3859 3089 3914 locutiones
3116 3858 3427 3927 hujusmodi
3454 3900 3469 3926 ,

1907 3970 1976 4009 ne
1998 3953 2260 4023 scriptum
2296 3959 2542 4005 nostrum
2570 3947 2774 4017 absque
2800 3947 2907 4001 ulla
2931 3947 3163 4002 utilitate
3194 3945 3469 4017 produca-

1906 4062 2048 4101 mus.
2084 4045 2174 4100 Sic
2201 4046 2363 4101 etiam
2409 4043 2512 4097 hoc
2556 4043 2675 4097 loco
2720 4041 2829 4095 ait:
2882 4038 3015 4093 Tam
3045 4039 3276 4109 amplam
3315 4040 3473 4096 vobis

1907 4138 2176 4193 exhibebo
2216 4138 2437 4191 tutelam
2472 4150 2668 4198 meam,
2718 4141 2777 4187 ut
2805 4147 2994 4187 omnes
3030 4131 3299 4185 visionum
3341 4132 3471 4187 facti

1908 4237 2208 4297 compotes,
2229 4229 2533 4298 signillcare
2551 4225 2758 4296 aliquid
2773 4224 2838 4280 de
2852 4224 3016 4279 rebus
3032 4222 3233 4280 futuris
3245 4232 3469 4294 queant.

1910 4320 2112 4375 Praeter
2143 4320 2255 4374 haec
2285 4322 2469 4374 omnia
2509 4335 2660 4383 vero,
2714 4319 2768 4372 in
2812 4319 2954 4372 coelo
2996 4327 3049 4371 et
3082 4331 3247 4385 super
3271 4326 3469 4371 terram

223 4418 282 4471 δὲ
316 4420 376 4469 ἐν
413 4415 635 4487 οὐρανῷ
678 4432 738 4466 τε
771 4415 863 4466 καὶ
901 4415 992 4466 ἐπὶ
1027 4413 1125 4483 γῆς
1152 4412 1454 4481 ἐργάσομαι
1492 4412 1801 4483 θαυμαστὰ,

1908 4412 2176 4465 mirabilia
2231 4412 2450 4473 faciam,
2486 4411 2709 4463 multam
2741 4409 2977 4463 hostium
3028 4409 3357 4464 occisionem
3408 4423 3473 4461 ac

225 4513 390 4579 φόνον
431 4510 603 4573 πολὺν
630 4507 740 4559 τῶν
769 4504 1043 4568 ἐναντίων,
1074 4505 1173 4575 τήν
1196 4522 1255 4556 τε
1282 4504 1399 4556 κατ’
1433 4504 1609 4555 αὐτῶν
1640 4521 1810 4575 τιμωο

226 4602 375 4672 ρέαν,
403 4602 500 4653 καὶ
538 4599 602 4669 δὴ
631 4599 723 4651 καὶ
760 4598 959 4668 ἀτμίδα
991 4595 1198 4650 καπνοῦ
1230 4595 1327 4666 τὴν
1356 4594 1502 4648 θείαν
1532 4595 1809 4665 ὑπεμφαί-

224 4710 427 4746 νουσαν
482 4694 689 4761 ὀργήν·
749 4688 1244 4759 μεταϐληθήσονται
1301 4688 1357 4740 δέ
1397 4688 1488 4740 καὶ
1529 4687 1680 4756 ἥλιος
1729 4686 1808 4749 εἰς

225 4786 421 4847 σκότος
458 4784 555 4835 καὶ
595 4784 629 4852 ἠ
669 4781 863 4851 σελήνη
893 4782 972 4843 είς
1008 4773 1145 4849 αἷμα
1184 4780 1324 4832 κατά
1364 4779 1460 4848 τὴν
1489 4778 1595 4831 τῶν
1635 4776 1807 4849 ὁρών-

221 4895 333 4931 των
360 4875 650 4928 ὑπόνοιαν·
682 4873 751 4943 ἢν
791 4872 879 4925 διὰ
914 4871 974 4923 τὸ
1008 4870 1237 4942 μέγεοος
1272 4868 1379 4922 τῶν
1411 4868 1803 4939 ἐπιγινομένων

224 4971 415 5031 αὐτοῖς
455 4966 788 5037 ὑπομένουσι
829 4962 1045 5016 κακῶν·
1081 4963 1174 5015 καὶ
1205 4961 1374 5014 ταῦτα
1413 4959 1475 5031 δὴ
1515 4962 1803 5031 γενήσεται

224 5061 338 5132 πρὸ
364 5060 465 5127 τῆς
492 5058 710 5129 ἡμέρας
751 5054 999 5125 ἐκείνης,
1038 5053 1105 5125 ἣν
1146 5054 1383 5124 ἐπιφανῆ
1422 5052 1509 5106 διὰ
1550 5052 1650 5121 τῆς
1692 5051 1803 5104 τῶν

296 5199 344 5227 ⁸³
382 5194 484 5250 Isa.
517 5210 556 5258 ι,
592 5192 683 5247 Η.
759 5192 804 5223 ⁸⁸
834 5190 978 5247 Psal.
1005 5205 1172 5255 cxcu,
1210 5190 1298 5244 10.
1370 5190 1417 5222 ⁴³
1450 5186 1595 5243 Psal.
1635 5201 1689 5250 ι,
1725 5187 1811 5243 15.

297 5354 419 5423 (l7)
457 5353 739 5408 Audacius
782 5351 965 5423 dicere
1012 5349 1115 5403 hoc
1149 5348 1363 5403 videtur
1391 5346 1807 5423 Mopsuestenus

219 5419 526 5494 de'Spiritu
560 5434 779 5494 sancto,
807 5420 966 5494 quasi
992 5422 1177 5489 ignoto
1208 5435 1431 5489 prorsus
1455 5419 1672 5494 cunctis
1702 5419 1807 5472 sub

224 5498 348 5564 lege
369 5490 590 5564 'Moysis
632 5492 981 5564 hominibus;
1013 5505 1323 5564 quanquam
1364 5505 1423 5544 se
1455 5490 1805 5564 aliquatenus

225 5559 359 5619 mox
386 5559 632 5632 corrigit,
678 5563 846 5615 citata
883 5560 1027 5632 Petri
1068 5560 1300 5632 apostoli
1343 5560 1630 5632 concione.
1667 5559 1807 5613 Con-

225 5629 553 5688 troversiam
583 5636 725 5686 hanc
752 5631 1111 5699 theologicam
1152 5631 1289 5682 mira
1306 5629 1629 5699 eruditione
1651 5643 1804 5683 more

227 5719 335 5757 ειιο
371 5711 664 5773 pertractat
698 5697 959 5757 summus
993 5698 1246 5758 Petavius
1289 5697 1367 5755 De
1408 5697 1668 5757 Trinitate
1704 5698 1798 5756 lib.

1906 4504 2281 4575 punitioucm:
2338 4505 2447 4558 imo
2493 4512 2548 4559 et
2598 4504 2728 4558 fumi
2760 4517 3039 4573 vaporem,
3089 4504 3182 4573 qui
3232 4504 3473 4558 divinam

1905 4596 2214 4666 praeﬁgurat
2258 4597 2415 4649 iram.
2452 4594 2745 4651 Vertentur
2779 4606 2959 4652 autem
2994 4597 3077 4652 sol
3110 4596 3163 4650 in
3193 4596 3472 4657 tenebras.

1904 4695 1957 4741 et
1985 4688 2111 4741 luna
2146 4688 2199 4741 in
2245 4688 2588 4756 sanguinem,
2621 4687 2776 4755 juxta
2828 4688 3189 4757 spectantium
3242 4688 3475 4757 phanta-

1904 4779 2064 4842 siam,
2115 4793 2278 4848 quam
2316 4780 2389 4833 ob
2432 4779 2697 4833 malorum
2747 4781 3065 4851 gravitatem
3099 4779 3470 4848 experientur.

1902 4872 2080 4941 Atque
2107 4870 2223 4925 btec
2256 4872 2507 4926 evenient
2528 4881 2653 4927 ante
2678 4873 2821 4927 diem
2846 4873 3020 4936 illum,
3048 4887 3207 4940 quem
3232 4870 3472 4925 hostium

1902 4966 2187 5035 punitione
2221 4965 2407 5021 reddet
2439 4965 2729 5021 illustrem.
2768 4966 2913 5020 Inter
2936 4979 3060 5034 quae
3087 4964 3291 5026 omnia,
3339 4979 3475 5018 con-

1910 5065 2206 5128 sequentur
2255 5065 2437 5112 tamen
2484 5058 2716 5113 salutem
2762 5057 2818 5111 hi
2862 5055 2954 5126 qui
2983 5053 3226 5109 divinum
3273 5068 3475 5110 nomen

1909 5362 1974 5411 ιι,
2007 5347 2059 5400 7.
2087 5347 2320 5401 Prolatis
2350 5346 2403 5399 in
2433 5344 2665 5399 medium
2691 5341 2915 5396 Patrum
2947 5341 3201 5411 plurimis
3242 5341 3482 5411 testimo-

1905 5408 2033 5476 niis.
2075 5418 2274 5486 quibus
2320 5415 2599 5469 addendus
2648 5413 2862 5486 videtur
2909 5408 3071 5486 etiam
3092 5410 3390 5486 __Josephus
3424 5408 3480 5486 in

1911 5481 2314 5559 llypon'tnestico
2366 5486 2459 5559 lih.
2509 5500 2570 5559 u,_
2603 5498 2727 5551 cap.
2763 5482 2831 5535 66
2872 5482 3046 5559 et_67.
3092 5481 3206 5536 Nos
3250 5495 3376 5533 vero
3412 5482 3482 5559 de

1902 5549 2005 5613 ιιιιῖ
2035 5574 2092 5611 re
2140 5557 2333 5610 iterum
2377 5554 2574 5609 dicturi
2605 5549 2795 5606 sumus
2825 5552 2892 5605 ad
2927 5552 3184 5622 Aggmum
3211 5560 3372 5620 atque
3412 5549 3480 5603 ad

1904 5626 2257 5687 Zachariam,
2292 5626 2380 5679 ubi
2423 5623 2742 5683 liberiorem
2773 5622 2911 5679 hanc
2946 5620 3275 5678 sententiam
3316 5634 3477 5676 suam

1902 5698 2317 5770 Mopsuestenus
2348 5701 2573 5765 repetet.
