3966 6222
465 255 563 311 25-!

1609 253 1956 311 THEODORI
1995 253 2476 313 MOPSUESTENI

3582 257 3689 297 om

3585 288 3690 313 αἱυᾶ

462 368 867 433 invocaverint,
902 368 992 438 qui
1020 377 1074 423 ct
1129 368 1183 422 in
1219 375 1457 425 montem
1488 365 1709 421 Sionem
1756 382 1821 421 ac
1872 365 2032 421 Jeru-

2137 366 2391 419 ἐναντίων
2425 368 2712 436 ἐργάσεται
2734 368 2998 438 τιμωρίας
3011 384 3025 401 ·
3050 368 3107 421 ὲν
3127 363 3207 431 οἷς
3227 368 3395 422 ἅπασι
3415 366 3600 435 τεὺξον
3610 379 3691 421 ται

463 461 631 518 salem
683 462 976 523 ascenderit
1028 461 1362 515 incolumes:
1423 459 1858 530 quandoquidem
1905 459 2020 513 hmc

463 550 609 608 Deus
639 552 911 621 promisit,
942 559 995 605 et
1017 551 1258 605 nuntiari
1287 552 1561 606 concessit
1590 552 1721 613 illis,
1756 558 2021 621 quotquot

466 643 533 697 ad
582 642 727 696 hunc
773 643 1005 696 reditum
1056 643 1293 696 vocavit.
1346 643 1523 711 Atque
1573 641 1661 697 hic
1699 650 1784 696 est
1830 642 2022 696 obvius

466 731 757 787 locutionis
787 732 948 801 hujus
973 748 1189 789 sensus.

536 999 730 1071 “At
761 1000 907 1055 enim
931 1000 1122 1056 beatus
1145 1000 1340 1056 Petrus
1368 1016 1487 1056 eam
1522 1000 1771 1054 adhibuit
1794 999 2012 1057 Judteos

470 1092 827 1163 alloquens“,
859 1093 926 1147 de
957 1094 1131 1149 sancti
1172 1095 1409 1163 Spiritus
1462 1094 1752 1157 descensu,
1780 1094 1905 1162 jure
1930 1094 2028 1146 ad-

469 1166 723 1251 modum;
768 1199 999 1253 namque
1021 1184 1210 1239 umbra
1233 1184 1542 1237 futurarum
1575 1183 1816 1236 omnium
1843 1199 2023 1236 rerum

469 1276 555 1330 lex
588 1275 689 1330 fuit
720 1294 731 1328 ι
758 1283 870 1328 tum
911 1282 963 1327 et
1018 1275 1247 1343 populus
1297 1273 1389 1328 Dei
1442 1274 1779 1343 providentia
1828 1274 2027 1344 dignus

469 1365 787 1426 habebatur,
840 1371 1061 1433 propter
1102 1371 1397 1417 eventuum
1447 1365 1911 1433 exspectationem
1970 1365 2026 1417 in

468 1455 666 1509 Christi
698 1455 909 1511 Domini
935 1455 1195 1510 adventu.
1226 1454 1505 1524 Erantque
1534 1470 1622 1509 res
1656 1456 1871 1526 quidem
1904 1456 2028 1508 illo-

468 1564 589 1602 rum
616 1562 808 1603 omnes
842 1549 1071 1618 exiguae,
1120 1557 1173 1601 et
1202 1554 1461 1615 tanquam
1493 1546 1546 1599 in
1601 1547 1790 1601 umbra
1816 1546 2034 1599 contin-

468 1647 676 1710 gentes,
715 1638 851 1693 adeo
882 1647 938 1693 ut
966 1637 1111 1707 quod
1150 1640 1216 1691 ad
1253 1638 1377 1692 illos
1409 1640 1625 1699 attinet,
1681 1638 2030 1709 hyperbolice

468 1734 652 1803 potius
702 1733 847 1786 dicta
903 1732 1125 1797 fuerint,
1179 1746 1343 1800 quam
1394 1745 1451 1785 re
1486 1731 1602 1799 ipsa
1636 1745 1697 1784 se
1747 1731 2026 1786 haberent.

471 1822 579 1879 Sed
626 1822 897 1876 dictorum
962 1823 1244 1875 veritatem
1302 1822 1505 1875 exitum
1552 1838 1710 1877 suum
1770 1823 2030 1879 habuisse

471 1925 809 1986 compertum
844 1923 929 1969 est
966 1915 1019 1968 in
1062 1915 1307 1979 Christo,
1365 1929 1475 1983 quo
1518 1922 1760 1984 tempore
1804 1918 2029 1986 grandia

470 2009 675 2067 omnia,
707 2014 762 2063 et
788 2016 996 2060 terrore
1022 2006 1200 2074 plena,
1247 2021 1485 2075 vereque
1523 2021 1662 2060 nova
1690 2015 1744 2061 et
1778 2008 2031 2079 inexspe-

471 2108 615 2153 ctata
646 2088 898 2163 fuere,et
935 2097 1129 2150 mirum
1156 2105 1419 2165 quantum
1462 2100 1745 2166 superiora
1777 2099 1842 2154 iis
1910 2116 2030 2170 quae

472 2190 525 2243 in
554 2190 667 2258 lege
692 2187 833 2242 facta
878 2194 1004 2241 sunt
1035 2204 1048 2239 :
1084 2188 1219 2239 adeo
1242 2195 1296 2239 ut
1329 2200 1417 2240 res
1458 2182 1668 2241 Veteris
1698 2186 2029 2244 Testamenti

470 2282 773 2351 :enigmatis
803 2279 979 2333 locum
1028 2287 1282 2344 teneant;
1309 2278 1559 2333 veritatis
1591 2287 1794 2346 autem,
1846 2297 2028 2337 rerum

472 2373 574 2428 sub
598 2371 816 2426 Christo
846 2377 1090 2423 actarum
1124 2370 1460 2439 magnitudo.
1503 2368 1594 2425 Sic
1622 2371 1811 2426 beatus
1858 2372 2029 2429 David

472 2466 537 2519 ile
568 2463 767 2534 populo
797 2461 953 2526 dicit,
987 2460 1133 2530 quod
1177 2461 1436 2516 derelicta
1491 2477 1597 2516 non
1646 2463 1810 2517 fuerit
1847 2466 2029 2520 anima

471 2555 589 2623 ejus
612 2554 665 2607 in
701 2552 937 2614 inferno,
968 2567 1142 2620 neque
1173 2565 1303 2604 caro
1336 2551 1579 2619 ejusdem
1612 2553 1805 2607 viderit
1838 2569 2033 2609 corru-

472 2647 713 2715 ptionem
734 2645 782 2676 “
816 2663 829 2697 :
861 2643 1006 2713 quod
1070 2644 1125 2697 in
1186 2658 1366 2697 rerum
1413 2651 1606 2698 natura
1645 2647 1873 2717 cogitari
1919 2663 2029 2703 non

474 2743 696 2806 potest;
756 2735 853 2790 sed
914 2734 1288 2803 metaphorice
1333 2734 1448 2789 sive
1500 2736 1848 2806 hyperbolice
1899 2738 2032 2794 dicit

474 2836 722 2896 ereptum
793 2825 964 2880 fuisse
1018 2824 1261 2893 periculo
1317 2826 1705 2894 corruptionis.
1779 2829 2028 2883 Attamen

474 2918 744 2972 dictarum
796 2931 977 2970 rerum
1017 2915 1216 2968 veritas
1262 2915 1317 2967 in
1360 2915 1580 2969 Christo
1616 2915 1842 2971 Domino
1867 2934 2033 2988 appa-

475 3008 606 3073 ruit,
626 3006 785 3075 cujus
815 3020 991 3075 neque
1018 3005 1210 3060 animae
1236 3005 1543 3074 derelinqui
1588 3007 1814 3077 contigit
1845 3009 1901 3062 in
1943 3010 2029 3063 in.
2061 3055 2103 3113 ϐ

477 3098 652 3162 terno,
688 3108 953 3153 revocata;
985 3097 1241 3150 nimirum
1278 3097 1332 3150 in
1375 3111 1574 3165 corpus
1600 3106 1818 3167 propter
1853 3116 2034 3155 resur-

477 3188 773 3244 rectionem
811 3205 825 3241 :
863 3202 1036 3256 neque
1064 3201 1266 3255 corpus
1292 3187 1701 3255 corruptionem
1744 3188 1906 3242 ullam
1938 3206 2036 3245 ex-

476 3288 690 3347 pertum
715 3287 800 3334 est
832 3297 846 3335 :
883 3279 959 3333 ita
994 3288 1052 3333 ut
1075 3293 1185 3332 non
1217 3279 1394 3332 solum
1440 3281 1714 3348 propriam
1751 3282 2039 3337 retinuerit

480 3372 732 3440 ﬁguram,
760 3369 815 3423 in
840 3384 948 3439 qua
980 3378 1253 3423 mortuum
1277 3367 1475 3433 fuerat,
1507 3367 1603 3422 sed
1634 3370 1799 3423 etiam
1837 3371 1892 3425 in
1932 3373 2039 3425 ini-

483 3458 766 3511 mortalem
825 3455 1401 3524 incorruptihilemque
1443 3468 1689 3512 naturam
1716 3462 2037 3517 translatum

479 3550 550 3603 sit
588 3551 704 3603 :ita
761 3556 819 3602 ut
870 3557 1050 3602 vetera
1091 3548 1181 3601 illa
1217 3548 1329 3602 sint
1361 3549 1614 3618 aenigma,
1660 3551 1911 3607 Christus
1949 3569 2041 3607 au-

479 3650 585 3696 tem
632 3642 856 3696 veritas.
907 3640 1272 3705 Quamobrem
1326 3656 1389 3694 ea
1451 3641 1721 3697 locutione
1765 3659 1898 3699 usus
1955 3655 2040 3700 est

477 3736 639 3787 etiam
673 3733 862 3788 beatus
891 3731 1107 3795 Petrus,
1137 3732 1296 3801 quasi
1341 3732 1469 3786 olim
1501 3734 2036 3805 quidemquamdam

479 3824 550 3876 oh
577 3838 797 3877 causam
846 3824 1217 3893 metaphorice
1252 3823 1398 3877 dicta
1450 3824 1634 3889 fuerit,
1685 3842 1829 3880 nunc
1860 3838 2040 3882 autem

479 3931 668 3970 verum
698 3915 903 3968 exitum
939 3918 993 3969 iu
1040 3915 1174 3983 ipsis
1219 3918 1383 3969 rehus
1427 3925 1584 3969 nacta
1629 3919 1722 3984 sit,
1756 3929 1816 3972 ut
1871 3923 2041 3975 multo

480 4007 652 4076 magis
678 4013 923 4074 oporteat
963 4007 1323 4074 praesentibus
1351 4006 1595 4075 credere,
1628 4026 1789 4079 quam
1820 4013 1948 4067 olim
1977 4031 2040 4070 ea

480 4114 570 4153 res
598 4096 946 4151 admirationi
982 4105 1118 4152 erat.

548 4200 685 4255 Cum
712 4216 838 4254 vero
873 4202 1040 4254 multa
1090 4200 1402 4270 hujusmodi
1446 4204 1499 4257 in
1534 4204 1715 4261 divina
1755 4209 2038 4282 Scriptura

480 4292 758 4359 ferantur,
812 4295 1100 4350 consimile
1156 4297 1259 4352 hoc
1319 4315 1537 4370 quoque
1585 4305 1875 4362 manifeste
1932 4320 2037 4366 est.

479 4385 613 4439 Nam
650 4387 915 4444 Dominus
947 4388 1087 4443 Deus
1116 4391 1414 4445 secundum
1475 4401 1711 4450 veterem
1748 4411 2044 4456 consuetu-

397 4540 403 4549 .
480 4479 665 4533 dinem
698 4479 916 4535 Judzeos
950 4483 1228 4551 propheta:
1261 4484 1371 4554 85
1410 4501 1505 4540 ore
1537 4489 1839 4558 alloquens,
1888 4509 2043 4548 suam

481 4568 697 4623 abunde
748 4571 1116 4639 praestiturum
1168 4586 1356 4626 curam
1404 4574 1723 4640 allirinabat,
1743 4589 1797 4632 et
1836 4581 2042 4651 reliqua

480 4659 753 4731 quomodo
812 4668 968 4716 antea
1006 4663 1421 4732 explanavimus
1470 4684 1483 4719 :
1530 4679 1828 4724 evenerunt
1862 4682 2041 4726 autem

480 4768 607 4807 vere
634 4753 816 4806 omnia
853 4753 907 4806 in
936 4752 1157 4808 Christo
1189 4754 1435 4822 Domino,
1466 4759 1591 4827 quia
1627 4769 1680 4813 et
1710 4762 1791 4816 sol
1822 4763 2046 4819 ohlene-

481 4840 670 4896 hratus
696 4839 817 4905 fuit,
855 4848 909 4895 et
942 4842 1066 4894 lunia
1112 4857 1236 4895 cum
1264 4845 1357 4897 illo
1388 4863 1401 4897 :
1433 4856 1486 4901 et
1522 4850 1741 4917 grandia
1793 4852 1847 4905 in
1883 4856 2044 4920 caelo,

483 4933 762 5001 multaque
794 4934 958 4987 etiam
996 4934 1050 4987 in
1080 4944 1221 4987 terra
1272 4938 1607 4993 exstiterunt
1651 4944 1896 5013 prodigia
1944 4964 1958 4998 :
1995 4956 2048 5001 et

483 5025 743 5079 salutaris
766 5026 992 5094 sanguis
1022 5024 1227 5081 Christi
1262 5024 1475 5082 Domini
1495 5031 1647 5086 visus
1678 5042 1761 5086 est
1792 5053 1805 5087 :
1835 5043 1887 5087 et
1908 5036 2046 5105 ignis

485 5116 676 5184 ﬁgura.
697 5115 1039 5170 advenientis
1060 5115 1293 5184 Spiritus
1316 5120 1686 5185 operationem
1706 5124 2039 5193 signiﬁcans,

484 5206 569 5259 cui
603 5206 764 5259 etiam
797 5208 1076 5275 praecessit
1120 5207 1250 5261 fumi
1283 5224 1469 5277 vapor,
1521 5212 1591 5265 ob
1640 5213 1782 5267 illam
1823 5227 2045 5285 porten—

484 5294 716 5349 dendam
761 5309 976 5362 pmnam
1020 5314 1141 5366 qua:
1179 5298 1414 5357 audaces
1461 5302 1817 5359 cruciﬁxores
1859 5323 2048 5362 corre-

483 5397 642 5453 ptnra
665 5395 802 5440 erat.
838 5384 991 5439 Tunc
1015 5403 1147 5442 sane
1164 5389 1633 5460 participaverunt
1651 5410 1842 5452 omnes
1865 5401 2044 5456 sancti

484 5478 722 5549 Spiritus
766 5477 1015 5550 gratiam,
1067 5480 1235 5537 variis
1278 5496 1341 5537 ac
1395 5484 1581 5540 multis
1621 5486 2043 5551 charismatqu

553 5654 597 5688 “
626 5655 741 5712 Act.
777 5673 834 5727 ιι,
868 5658 949 5716 ιε.
1025 5661 1067 5691 ⁵⁵
1091 5660 1229 5717 Psal.
1265 5679 1352 5731 xv,
1399 5664 1479 5722 ιο.

2119 462 2217 529 τῆς
2262 459 2532 529 σωτηρίας
2567 460 2617 511 οἰ
2655 458 2753 529 τὴν
2794 460 3089 530 ὀνομασίαν
3131 460 3547 529 ἐπικαλούμενοι
3591 458 3693 530 τὴν

2121 550 2303 603 θείαν·
2338 550 2386 604 οἳ
2418 552 2508 603 καὶ
2544 552 2636 603 ἐπὶ
2672 552 2733 603 τὸ
2761 551 2885 621 όρος
2928 551 3066 604 Σιὼν
3106 552 3202 606 καὶ
3238 552 3328 605 ὲπὶ
3357 552 3452 621 τὴν
3492 552 3694 621 Ἰερου-

2123 643 2302 714 σαλὴμ
2330 644 2685 714 ἀναϐήσονται
2718 643 3049 714 σεσωσμένοι
3070 661 3085 675 ’
3108 644 3297 714 ἐπειδὴ
3322 643 3496 696 ταῦτα
3522 645 3693 712 ἐπηγ-

2120 733 2335 801 γείλατό
2366 751 2422 786 τε
2461 734 2613 796 Θεὸς,
2659 735 2753 786 καὶ
2799 735 3251 802 εὐαγγελίσασθαι
3283 734 3510 787 δέδωκεν
3547 733 3693 785 ὲκεί-

2121 838 2247 883 νοις,
2280 825 2354 890 (p.
2388 822 2507 889 1'27)
2532 821 2759 885 ὁπόσους
2783 824 2862 885 εἰς
2898 824 2998 892 τὴν
3019 822 3274 875 ἐπάνοδον
3312 822 3689 893 προσκέκληκε

2122 914 2343 983 ταύτην.
2370 914 2433 965 ’Π
2461 915 2556 983 μὲν
2582 914 2645 983 δὴ
2671 913 2959 985 πρόχειρος
2983 915 3081 984 τῆς
3103 914 3303 981 λέξεως
3337 914 3511 967 ἔννοια
3530 913 3694 985 αῦτη.

2219 1004 2279 1056 '0
2306 1004 2362 1056 δέ
2395 1020 2457 1071 γε
2501 1005 2764 1075 μακάριος
2813 1005 2947 1074 αὐτῇ
2996 1006 3200 1075 Πέτρος
3250 1006 3515 1075 ἐχρήσατο
3558 1004 3694 1076 πρὸς

2136 1094 2418 1157 Ἰουδαίους
2447 1096 2823 1165 διαλεγόμενος
2851 1097 2941 1148 ἐπὶ
2965 1099 3031 1167 τῇ
3071 1095 3165 1150 τοῦ
3195 1098 3353 1166 ἁγίου
3384 1096 3697 1165 Πνεὺματος

2141 1187 2377 1258 καθόδῳ,
2413 1189 2557 1258 μάλα
2587 1188 2840 1251 εἰκότωςο
2875 1189 3060 1260 ἐπειδὴ
3102 1189 3258 1244 σκιὰν
3303 1189 3401 1259 μὲν
3445 1190 3696 1242 ἁπάντων

2138 1281 2245 1333 τῶν
2276 1281 2574 1350 μελλόντων
2612 1277 2755 1351 εἶχεν
2786 1282 2815 1333 6
2842 1280 3002 1350 νόμος
3024 1296 3036 1308 ·
3080 1280 3402 1351 κηδεμονίας
3428 1280 3483 1332 δὲ
3513 1282 3542 1332 6
3567 1280 3699 1343 λαὸς

2126 1370 2338 1439 ἠξιοῦτο
2351 1371 2435 1423 διὰ
2451 1372 2547 1442 τὴν
2569 1372 2675 1424 τῶν
2700 1371 3085 1442 φανησομένων
3101 1372 3425 1443 προσδοκίαν
3442 1373 3498 1423 ἐν
3516 1374 3581 1441 τῇ
3600 1369 3697 1424 τοῦ

2126 1464 2392 1516 Δεσπότου
2410 1463 2639 1535 Χριστοῦ
2660 1463 2945 1535 παρουσίᾳ·
2970 1464 3061 1515 καὶ
3078 1459 3144 1533 ἧν
3161 1462 3227 1516 τὰ
3248 1463 3343 1532 μὲν
3365 1464 3450 1515 ἐπ’
3471 1462 3701 1515 ἐκείνων

2133 1555 2303 1626 μικρὰ
2346 1556 2520 1609 πάντα
2548 1556 2641 1609 καὶ
2675 1555 2749 1618 ὡς
2783 1558 2840 1608 ὲν
2888 1555 3013 1624 σκιᾷ
3057 1555 3313 1624 γινόμενα
3338 1571 3353 1585 ·
3414 1552 3553 1606 ὥστε
3603 1554 3701 1606 καὶ

2136 1651 2511 1721 ὑπερϐολικῶς
2542 1650 2790 1723 εἰρῆσθαι
2824 1650 3021 1720 μᾶλλον
3046 1650 3078 1717 ἢ
3109 1649 3176 1701 τὰ
3205 1648 3502 1718 πράγματα
3530 1642 3699 1717 εῖχενο

2133 1745 2166 1813 ἡ
2210 1744 2265 1796 δὲ
2306 1743 2415 1795 τῶν
2459 1744 2760 1813 εἰρημένων
2802 1742 3026 1811 ἀλήθεια
3061 1739 3157 1811 τὴν
3197 1739 3418 1793 ἔκϐασιν
3449 1740 3700 1808 ἐφαίνετο

2133 1835 2224 1887 ἐπὶ
2276 1834 2367 1887 τοῦ
2418 1834 2683 1887 Δεσπότου
2728 1833 3077 1903 λαμϐάνουσα
3127 1830 3361 1903 Χριστοῦ
3392 1872 3407 1892 ,
3464 1829 3700 1898 ὑτπγνίκα

2134 1925 2309 1978 πάντα
2337 1921 2405 1996 ἧν
2440 1926 2647 1996 μεγάλα
2676 1926 2770 1977 καὶ⁸
2808 1924 2970 1993 φόϐου
3026 1923 3217 1995 μεστὰ,
3262 1922 3425 1976 καινά
3446 1940 3508 1975 τε
3530 1922 3703 1984 ὅντως

2134 2017 2429 2089 παράδοξα,
2477 2018 2572 2070 καὶ
2619 2018 2867 2070 πλεῖστον
2918 2016 3041 2069 ὅσον
3094 2014 3483 2086 ὑπερϐαίνοντα
3529 2013 3599 2066 τὰ
3642 2015 3701 2065 ἓν

2134 2111 2282 2181 νόμῳ
2303 2110 2617 2180 γιγνόμενα·
2648 2109 2724 2171 ὼς
2755 2109 3074 2178 αἰνίγματος
3106 2106 3205 2176 μὲν
3238 2105 3306 2158 τὰ
3344 2107 3435 2159 ἐπὶ
3455 2100 3555 2172 τῆς
3576 2104 3700 2157 Πα-

2135 2199 2291 2263 λαιᾶς
2314 2198 2587 2271 Διαθήκης
2602 2200 2752 2263 τάξιν
2782 2198 3015 2268 ἐπέχειν,
3049 2196 3306 2267 ἀληθείας
3341 2195 3396 2247 δὲ
3426 2191 3561 2247 εἶναι
3587 2193 3705 2247 τῶν

2135 2295 2225 2347 ἐπὶ
2275 2294 2369 2347 τοῦ
2413 2294 2680 2346 Δεσπότου
2715 2293 2950 2365 Χριστοῦ
2999 2291 3298 2361 γινομένων
3330 2291 3390 2343 τὸ
3431 2287 3699 2360 μέγεθος*

2134 2387 2304 2450 οὓτως
2345 2390 2373 2440 6
2418 2388 2684 2457 μακάριος
2728 2387 2873 2454 λέγει
2922 2385 3080 2441 Δαυῖδ
3110 2384 3355 2457 περὶτοῦ
3404 2379 3568 2441 λαοῦ.
3615 2381 3704 2433 ὅτι

2132 2480 2252 2533 Οὑκ
2272 2478 2697 2547 ἐγκατελείφθη
2734 2479 2769 2545 ἠ
2796 2477 2963 2547 ψυχὴ
2987 2476 3171 2530 αὑτοῦ
3192 2478 3277 2541 εἰς
3304 2475 3473 2541 ᾅδην..
3498 2471 3641 2525 οὐδὲ
3660 2472 3701 2539 ή

2134 2570 2288 2638 σὰρξ
2324 2570 2509 2624 αὐτοῦ
2552 2568 2673 2623 εἶδε
2719 2569 3080 2638 Glapdopdr'
3129 2570 3264 2638 ὅπερ
3310 2567 3408 2619 οὑκ
3460 2565 3550 2617 ἐπὶ
3587 2562 3703 2615 τῶν

2136 2660 2470 2730 πραγμάτων
2497 2660 2731 2713 νοεῖσθαι
2764 2659 3012 2718 δυνατὸν,
3059 2655 3439 2728 μεταφορικῶς
3481 2654 3539 2707 δὲ
3576 2654 3701 2724 ἢτοι

2137 2749 2503 2818 ὑπερϐολικῶς
2531 2749 2696 2817 λέγει,
2726 2751 2805 2803 ὅτι
2838 2748 3034 2819 ἐξῄρθη
3050 2748 3287 2801 κινδύνου
3315 2744 3658 2816 ἦδιαιρθορᾶς
3683 2758 3700 2774 ⁶

2136 2843 2169 2912 ἠ
2199 2842 2255 2893 δὲ
2286 2840 2380 2893 τοῦ
2409 2842 2729 2912 πράγματος
2760 2843 2983 2914 ἀλήθεια
3009 2843 3114 2895 τῶν
3148 2842 3445 2912 εἰρημένων
3482 2840 3585 2892 ὑπὸ
3604 2838 3702 2892 τοῦ

2135 2934 2400 2985 Δεσπότω
2439 2935 2515 3002 (p.
2550 2933 2671 3001 128)
2703 2934 2973 2987 δείκνυται
3008 2933 3243 3004 Χριστοῦ
3263 2975 3277 2997 ,
3324 2934 3411 2984 ὅτε
3443 2931 3565 2984 οὔτε
3597 2932 3705 3002 τὴν

2134 3023 2309 3093 ψυχὴν
2337 3023 2500 3075 αὑτοῦ
2532 3024 2955 3094 καταλειφθῆναι
2990 3026 3179 3092 γέγονε
3216 3026 3294 3086 εἰς
3326 3023 3456 3094 ᾅδην
3489 3024 3705 3075 ἀποκα-

2134 3117 2406 3168 ταστᾶσαν
2435 3115 2514 3185 τῷ
2543 3115 2753 3187 σώματι
2794 3117 2880 3170 διὰ
2907 3117 3004 3187 τῆς
3043 3116 3384 3178 ἀναστάσεως
3413 3131 3426 3144 ⁸
3478 3113 3598 3167 οὔτε
3642 3114 3707 3166 τδ

2136 3208 2294 3278 σῶμα
2331 3208 2623 3279 διαφθορὰν
2667 3226 2785 3261 τινα
2820 3208 3237 3279 ὑπομεμένηκεν
3265 3224 3279 3238 ο
3328 3207 3403 3268 ὡς
3440 3205 3512 3276 μὴ
3545 3205 3709 3275 μόνον

2136 3301 2228 3353 ἐπὶ
2261 3300 2352 3353 τοῦ
2383 3300 2582 3353 οἰκείου
2616 3303 2791 3370 μεῖναι
2822 3302 3113 3370 σχήματος,
3141 3302 3197 3352 ὲν
3296 3298 3359 3369 δὴ
3385 3297 3708 3367 τετελεύτη-

2136 3408 2249 3446 κεν.
2284 3391 2418 3443 ἀλλὰ
2446 3390 2554 3461 γὰρ
2589 3392 2681 3444 καὶ
2710 3392 2789 3454 εἰς
2814 3390 3076 3444 ἀθάνατον
3110 3391 3202 3442 καὶ
3227 3389 3501 3459 ἄφθαρτον
3531 3403 3707 3457 μετα-

2139 3483 2327 3550 στῆναι
2359 3483 2519 3550 φύσιν
2541 3497 2556 3511 ·
2603 3482 2679 3544 ὡς
2703 3477 2840 3534 εἶναι
2875 3484 3048 3534 ἐκεῖνο
3078 3483 3173 3551 μὲν
3204 3481 3445 3549 αἴνιγμα,
3475 3479 3623 3531 τουτὶ
3650 3478 3710 3531 δὲ

2139 3577 2396 3646 ἀλήθειαν
2417 3594 2430 3607 ο
2476 3576 2661 3643 διόπερ
2688 3577 2955 3645 ἐχρήσατο
2982 3577 3047 3644 τῇ
3084 3577 3231 3644 φωνῇ
3264 3574 3356 3625 καὶ
3383 3574 3411 3624 ὁ
3439 3570 3713 3639 μακάριος

2138 3669 2337 3740 Πέτρος
2359 3709 2372 3729 ,
2405 3668 2478 3730 ὡς
2504 3667 2567 3721 ἂν
2595 3667 2717 3719 τότε
2749 3667 2843 3736 μὲν
2874 3666 3013 3719 κατά
3045 3682 3163 3717 τινα
3198 3664 3376 3717 αἰτίαν
3412 3679 3715 3733 μεταφοριο

2139 3758 2248 3820 κῶς
2277 3759 2559 3829 εἰρημένῃ,
2592 3758 2686 3811 νῦν
2722 3758 2776 3810 δὲ
2816 3757 2986 3828 ἀληθῆ
3032 3757 3130 3825 τὴν
3159 3755 3381 3808 ἔκϐασιν
3408 3754 3493 3806 ἐπ’
3525 3752 3715 3805 αὐτῶν

2146 3848 2385 3901 λαϐοῦσα
2431 3848 2538 3900 τῶν
2572 3848 2947 3917 πραγμάτων⁵
2999 3845 3136 3897 ὥστε
3187 3846 3279 3897 καὶ
3325 3843 3501 3913 πολλῷ
3546 3842 3715 3896 πλέον

2147 3938 2255 3991 δεῖν
2287 3942 2393 4003 τοῖς
2421 3939 2516 3992 νῦν
2545 3938 2838 4003 πιστεύειν,
2866 3937 2899 4008 ἢ
2927 3938 3045 3990 τότε
3077 3936 3378 4007 ἐθαύμαζον
3409 3937 3602 3988 ἐκεῖνο.

2214 4220 2427 4275 Πολλῶν
2465 4221 2519 4274 δὲ
2550 4222 2803 4275 τοιούτων
2831 4222 2999 4274 ὄντων
3038 4223 3127 4276 ἐπὶ
3157 4223 3253 4292 τῆς
3294 4220 3440 4283 θείας
3465 4220 3714 4291 Γραφῆς,

2144 4315 2441 4385 παρόμοιον
2476 4314 2755 4384 προδήλως
2793 4316 2908 4366 ἐστὶ
2937 4315 3030 4367 καὶ
3059 4314 3117 4367 τὸ
3147 4315 3318 4384 παρόν
3345 4330 3357 4343 ·
3406 4314 3432 4364 ὁ
3470 4312 3566 4382 μὲν
3600 4313 3717 4385 γὰρ

2144 4405 2417 4474 Δεσπότης
2464 4404 2594 4467 Θεὸς
2626 4405 2766 4457 κατὰ
2814 4404 2909 4474 τὴν
2951 4405 3071 4456 τότε
3112 4405 3396 4474 συνήθειαν
3440 4403 3719 4465 Ἰουδαίοις

2142 4497 2518 4565 διαλεγόμενος
2561 4495 2648 4547 διὰ
2693 4495 2786 4547 τοῦ
2827 4497 3125 4566 προφήτου,
3176 4498 3271 4565 τὴν
3297 4494 3497 4547 οἰκείαν
3528 4494 3721 4556 αὐτοῖς

2146 4587 2477 4657 παρέχεσθαι
2513 4585 2751 4655 δαψιλῶς
2804 4586 2953 4653 ἔλεγε
2988 4587 3325 4656 κηδεμονίαν,
3361 4586 3451 4637 καὶ
3479 4585 3545 4637 τὰ
3584 4583 3721 4653 ἑξῆς

2143 4677 2196 4728 δὲ
2251 4677 2370 4729 καθ’
2435 4676 2491 4728 ὃν
2542 4677 2969 4747 ήρμηνεὺκαμεν
3033 4678 3271 4745 τρόπον’
3339 4674 3604 4744 ἐκϐέϐηκε
3657 4674 3720 4727 δὲ

2145 4769 2356 4821 ἅπαντα
2397 4767 2533 4837 μετᾶ
2580 4769 2677 4837 τῆς
2703 4768 2958 4836 ἀληθείας
2997 4769 3088 4821 ἐπὶ
3134 4768 3228 4820 τοῦ
3276 4766 3547 4819 Δεσπότου
3582 4767 3725 4837 Χριο

2146 4860 2269 4912 στοῦ
2289 4876 2301 4888 ·
2335 4860 2415 4912 ὅτι
2446 4860 2536 4911 καὶ
2573 4861 2719 4929 ἥλιος
2751 4861 2915 4923 ὅντως
2945 4860 3228 4931 ἐσκοτίσθη
3251 4898 3263 4922 ,
3300 4860 3393 4912 καὶ
3433 4859 3626 4927 σελήνη
3660 4857 3722 4910 δὲ

2148 4953 2242 5001 συν
2269 4949 2460 5019 ἐκείνῳ
2481 4967 2493 4979 ·
2530 4953 2622 5003 καὶ
2656 4952 2865 5022 μεγάλα
2895 4953 2991 5022 μὲν
3024 4954 3080 5004 ἐν
3112 4951 3342 5022 οὐρανῷ,
3377 4950 3547 5002 πολλὰ
3571 4950 3626 5002 δὲ
3659 4953 3723 5002 ἐν

2145 5043 2210 5109 τῇ
2242 5043 2310 5109 γῇ
2341 5041 2529 5107 γέγονε
2560 5043 2761 5113 τέρατα
2787 5061 2798 5072 ·
2833 5038 2974 5113 αἷμά
3003 5061 3060 5095 τε
3103 5045 3341 5113 ἀνεφάνη
3377 5042 3467 5094 τοῦ
3503 5042 3719 5094 Δεσπό-

2090 5170 2097 5177 .
2149 5146 2243 5180 του
2286 5129 2518 5200 Χριστοῦ
2557 5132 2619 5183 τὸ
2668 5135 2965 5203 σωτήριονο
3018 5132 3109 5185 καὶ
3141 5132 3249 5201 πῦρ
3279 5132 3417 5185 κατὰ
3443 5132 3542 5201 τὴν
3576 5129 3723 5184 ἰδέαν

2150 5219 2243 5271 τοῦ
2272 5220 2618 5287 φοιτήσαντος
2666 5224 2975 5294 Πνεῦματος
3020 5224 3114 5293 τὴν
3166 5223 3441 5293 ἐνέργειαν
3491 5222 3724 5291 μηνῦον.

2152 5309 2321 5384 οὗπερ
2348 5313 2439 5369 οὖν
2468 5317 2561 5369 καὶ
2590 5316 2753 5384 ἁτμίς
2799 5317 3089 5386 προηγεῖτο
3118 5313 3348 5373 καπνοῦ,
3382 5315 3460 5374 είς
3501 5313 3725 5382 ἔλεγχον

2153 5405 2249 5474 τῆς
2280 5408 2727 5478 καταληψομένης
2757 5409 2879 5470 τοὺς
2926 5412 3014 5459 τὸν
3066 5409 3292 5478 σταυρὸν
3320 5406 3728 5475 τετολμηκότας

2151 5498 2435 5567 τιμωρίας
2467 5500 2541 5569 (p.
2573 5498 2692 5569 120)
2721 5500 2837 5552 τότε
2867 5498 2929 5569 δὴ
2961 5498 3052 5552 καὶ
3078 5499 3337 5568 μετέσχον
3362 5496 3601 5579 ἅπαντες
3618 5495 3732 5568 τῆς
