3976 6226
210 257 326 313 233

1235 255 1785 311 COMMENTARIUS
1825 256 1888 310 IN
1933 255 2162 311 JOELIS
2201 258 2350 312 CAP.
2388 258 2478 311 Ill.

3371 256 3474 310 33$

209 374 312 426 τοῦ
343 373 502 441 ἁγίου
537 367 854 443 Πνεῦματος
884 373 1124 443 χάριτος,
1162 372 1420 426 ποικίλων
1449 389 1506 424 τε
1549 372 1641 424 καὶ
1673 371 1798 424 πολ-

1914 369 2060 439 digni
2097 379 2223 424 sunt
2256 370 2467 423 habiti:
2500 383 2730 438 quorum
2755 367 2843 420 alii
2869 367 3238 448 prmiiicebant
3271 368 3472 432 futura,

212 461 330 515 λῶν
358 464 713 534 χαρισμάτων
739 463 1081 527 ἀξιωθέντες·
1112 456 1185 516 ὧν
1219 464 1270 514 οί
1307 462 1405 533 μὲν
1431 462 1797 533 προηγόρευον

211 554 278 605 τὸ
315 553 542 623 μέλλον,
574 554 621 605 οί
658 553 715 605 δὲ
751 554 978 608 πλεῖστα
1005 555 1104 607 ὅσα
1144 553 1563 624 κατειργάζοντο
1595 556 1674 616 είς
1713 553 1800 605 πί-

217 645 425 696 στωσίν
449 661 508 696 τε
531 643 622 696 τοῦ
652 645 916 715 μεγέθους
946 645 1052 698 τῶν
1081 646 1399 716 γινομένων,
1434 646 1530 698 καὶ
1555 646 1632 707 είς
1652 644 1802 712 ἔλεγ-

213 751 314 804 χον
348 735 448 804 τῆς
473 734 631 804 δόξης
654 736 756 806 τῆς
793 737 921 808 περὶ
951 739 1042 791 τὸν
1078 739 1354 810 Δεσπότην
1401 739 1636 812 Χριστόν
1659 757 1671 770 ·
1726 740 1801 802 ὼς

213 825 381 878 τοῦτο
403 826 469 895 δὴ
495 826 558 878 τὸ
589 827 757 880 πάλαι
785 828 873 881 διὰ
917 829 1010 882 τοῦ
1039 833 1316 900 προφήτου
1364 830 1741 902 μεταφορικῶς
1766 831 1799 900 ἢ

217 915 602 984 ὑπερϐολικῶς
633 918 942 987 εἰρημένον,
971 919 1310 989 πραγμάτων
1335 921 1433 992 τὴν
1453 920 1635 984 δεῖξιν,
1665 920 1802 991 μετὰ

215 1006 318 1057 τοῦ
349 1006 444 1058 καὶ
472 1007 826 1060 ἐλαττοῦσθαι
859 1008 968 1061 τῶν
1013 1011 1351 1080 πραγμάτων
1397 1010 1486 1063 τὸν
1527 1010 1682 1078 λόγον
1714 1026 1726 1038 ’
1765 1012 1798 1079 ἡ

220 1096 327 1164 μὲν
350 1093 447 1149 οὖν
472 1096 643 1159 αίτία,
677 1097 786 1150 είτε
833 1097 1033 1166 ταύτης
1065 1099 1160 1167 τῆς
1190 1098 1394 1168 φωνῆς,
1423 1101 1535 1152 εἴτε
1573 1101 1666 1152 καὶ
1694 1098 1801 1152 τῶν

217 1187 454 1249 λοιπιῖιν,
479 1189 684 1251 ὁπόσας
703 1189 786 1256 ἐφ’
809 1189 1009 1258 ἐτέρων
1037 1190 1330 1260 εἰρημένας
1364 1191 1510 1262 παρὰ
1538 1194 1647 1254 τοῖς
1671 1208 1802 1259 προ-

219 1279 448 1347 φήταις,
480 1281 560 1340 είς
584 1278 684 1347 τὴν
713 1279 854 1332 κατὰ
885 1280 976 1333 τὸν
994 1281 1266 1352 Δεσπότην
1290 1284 1519 1353 Χριστὸν
1554 1282 1802 1347 ἐξέλαϐον

216 1366 543 1433 οἰκονομίαν
586 1368 636 1418 οἱ
690 1368 949 1438 μακάριοι
992 1369 1299 1433 ἀπόστολοι,
1336 1372 1558 1442 τοιαύτη
1606 1390 1690 1436 τις
1737 1372 1802 1426 ἂν

219 1455 568 1527 ὑποληφθείη
602 1459 712 1528 (18)
739 1460 984 1522 δικαίως⁹
1016 1461 1090 1523 ὡς
1111 1462 1177 1515 ἂν
1200 1464 1294 1516 καὶ
1317 1466 1349 1534 ή
1381 1464 1490 1518 τῶν
1520 1466 1643 1519 τότε
1671 1483 1805 1536 πρα-

217 1549 456 1618 γμάτων
487 1550 700 1618 ἱστορία
731 1550 974 1618 φαίνοιτο
1014 1552 1087 1623 μὴ
1129 1555 1482 1626 πεπλασμένη
1508 1595 1522 1619 ,
1567 1558 1660 1610 καὶ
1695 1558 1803 1610 τῶν

219 1641 318 1695 νῦν
365 1642 430 1694 τὸ
479 1641 712 1712 μέγεθος
755 1645 818 1695 ἐκ
872 1645 1223 1718 παραθέσεως
1269 1647 1489 1701 ἐκείνων
1535 1649 1805 1719 ἐλέγχοιτο

221 1731 448 1801 μᾶλλον·
483 1730 782 1784 δεικνύοιτό
808 1750 866 1784 τε
898 1733 1140 1804 ἀκριϐῶς
1167 1734 1256 1788 διὰ
1282 1736 1517 1800 πάντων,
1545 1737 1626 1788 ὅτι
1656 1737 1806 1789 ἔσται

224 1823 324 1890 μέν
359 1838 448 1884 τις
481 1822 709 1874 ἐκείνων
741 1823 1008 1892 οἰκειότης
1053 1824 1186 1896 πρὸς
1213 1824 1388 1880 ταῦτα
1408 1841 1420 1853 ·
1465 1826 1708 1881 λείπεται
1749 1827 1805 1880 δὲ

221 1914 376 1982 ὅμως
415 1913 677 1967 τοσοῦτον
703 1913 812 1967 τῶν
842 1915 1122 1983 παρόντων
1159 1917 1225 1969 τά
1267 1919 1650 1990 προειληφότα,
1683 1921 1806 1974 ὅσον

225 2003 386 2056 σκιὰν
415 2003 708 2056 λείπεσθαι
739 2004 986 2074 σώματος
1028 2005 1264 2077 ἀνάγκη,
1299 2007 1400 2062 κᾶν
1433 2010 1480 2061 εί
1511 2012 1806 2082 προσήκειν

223 2095 374 2165 αὖτῷ
421 2113 474 2148 τι
529 2095 713 2165 δοκοίη
744 2096 870 2162 (l9).
947 2097 1024 2165 (p.
1059 2095 1180 2162 150)
1224 2098 1279 2150 '0
1322 2098 1379 2151 δέ
1424 2116 1486 2167 γε
1525 2103 1807 2173 προφήτης

223 2189 412 2258 ἐπειδὴ
463 2187 571 2256 τὴν
619 2186 728 2240 άπὸ
762 2186 1074 2250 Βαϐυλῶνος
1104 2187 1358 2242 ἐπάνοδον
1386 2188 1472 2243 διὰ
1499 2191 1604 2244 τῶν
1639 2198 1808 2266 προρ-

225 2278 508 2348 ρηθέντων
543 2279 838 2349 ἐμήνυσεν,
871 2278 941 2330 τά
975 2294 1034 2330 τε
1074 2279 1446 2350 προσεσόμενα
1476 2283 1656 2346 αὐτοῖς
1688 2287 1807 2337 κατ’

227 2371 436 2423 ἐκεῖνον
483 2369 579 2421 τὸν
623 2369 815 2440 καιρὸν
861 2369 1042 2437 ἀγαθά
1094 2371 1371 2437 ποικίλως,
1415 2374 1809 2430 άκολουθότατα
1869 2406 1884 2421 ο

226 2463 355 2533 ἑξῆς
383 2463 615 2529 ἐπάγει.

898 2598 1054 2651 Rm.
1091 2586 1164 2651 r.

303 2712 454 2780 Στὶχ.
476 2710 702 2778 α’-γ’.-
718 2729 736 2762 ι
751 2711 870 2763 ’Ότι
885 2711 991 2762 ἰδοὺ
1009 2711 1118 2778 ἐγὼ
1134 2714 1190 2764 ἐν
1203 2715 1319 2776 ταῖς
1335 2713 1565 2784 ἡμέραις
1578 2716 1809 2781 ἐκείναις

231 2803 326 2855 καί
342 2803 401 2853 ἐν
418 2801 494 2871 τῷ
513 2799 695 2871 καιρῷ
712 2799 921 2869 ἐκείνῳ,
935 2800 1011 2863 ὡς
1029 2801 1094 2852 ἂν
1109 2802 1418 2872 ἐπιστρέψω
1431 2803 1526 2874 τὴν
1543 2805 1813 2875 αἰχμαλω-

233 2895 354 2947 σίαν
395 2891 573 2945 ’ἰούδα
601 2893 698 2944 καὶ
737 2891 1106 2962 Ἰερουσαλὴμ,
1134 2894 1344 2958 συνάξω
1370 2895 1543 2948 πάντα
1565 2897 1632 2949 τὰ
1662 2897 1809 2968 ἔθνη,

231 2988 328 3040 καὶ
343 2984 570 3048 κατάξω
587 2983 726 3036 αὐτὰ
738 2985 815 3047 εἰς
830 2984 926 3054 τὴν
946 2985 1162 3038 κοιλάδα
1191 2987 1472 3056 Ἰωσαφάτ·
1495 2991 1587 3041 καὶ
1600 2989 1809 3059 διακρι-

1907 437 1998 514 alii
2037 462 2270 531 pluritna
2304 437 2593 529 patrabant
2625 457 2871 529 prodigia
2894 437 3168 540 obvrerum
3197 468 3473 529 gestarum

1906 552 2337 616 confirmandam
2382 551 2840 622 magnitudinem,
2903 558 2955 604 et
3002 551 3230 620 gloriam
3270 548 3473 605 Christi

1907 643 2124 698 Domini
2170 644 2575 699 ostentandam.
2625 641 2741 708 Quo
2783 641 2841 695 fit
2883 649 2938 695 ut
2984 642 3086 696 hoc
3119 642 3246 694 olim
3283 657 3311 694 a
3352 657 3478 713 pro-

1907 736 2070 806 pheta
2099 737 2469 806 metaphorice
2523 744 2616 789 aut
2659 734 3008 806 hyperbolice
3050 735 3280 798 dietum,
3329 749 3478 789 nunc

1907 821 2251 877 manifestam
2293 823 2487 877 habeat
2526 837 2706 876 rerum
2738 821 3136 885 ostensionem,
3171 821 3244 874 ita
3295 832 3476 875 tamen

1910 922 1969 966 ut
2015 914 2178 968 verba
2240 929 2269 966 a
2321 914 2486 968 rebus
2529 921 2878 983 superentur.
2924 912 3102 967 Causa
3138 912 3325 981 igitur,
3376 927 3478 966 cur

1875 1005 2024 1075 _sive
2053 1005 2194 1058 hanc
2247 1006 2596 1064 locutionem.
2636 1005 2751 1058 sive
2791 1005 3054 1075 reliquas,
3109 1013 3376 1074 quotquot
3410 1005 3476 1059 de

1909 1097 2028 1151 aliis
2053 1095 2312 1165 subjectis
2341 1097 2480 1164 apud
2511 1097 2802 1167 prophetas
2833 1095 2989 1148 dicta:
3012 1104 3158 1157 sunt,
3187 1096 3252 1164 de
3271 1095 3472 1148 Christi

1908 1186 2120 1240 Domini
2153 1187 2420 1240 iucarnati
2453 1189 2708 1257 mysterio
2743 1188 2883 1241 beati
2913 1188 3146 1254 apostoli
3185 1188 3465 1240 intellexi:-

1910 1281 2041 1340 rint,
2077 1295 2264 1345 causa,
2304 1282 2544 1349 inquam,
2587 1281 2698 1335 haec
2731 1280 2926 1335 merito
2946 1281 3246 1333 existimari
3277 1288 3472 1347 potest.

1910 1372 2084 1440 Atque
2117 1372 2188 1424 ita
2242 1386 2340 1424 nec
2380 1383 2620 1426 veterum
2681 1386 2865 1425 rerum
2922 1370 3208 1424 historiam
3259 1381 3476 1423 constat

1908 1477 2033 1516 esse
2055 1464 2374 1528 confictam;
2421 1471 2473 1516 et
2503 1461 2848 1530 praesentium
2894 1461 3207 1530 magnitudo
3257 1476 3475 1530 compa-

1911 1554 2119 1606 ratione
2145 1553 2358 1606 illarum
2395 1555 2566 1623 magis
2599 1552 2884 1623 arguitur:
2923 1561 3087 1621 atque
3107 1568 3171 1604 ex
3198 1552 3283 1606 his
3301 1554 3476 1605 omni-

1911 1644 2012 1698 bus
2037 1653 2289 1698 accurate
2324 1644 2754 1709 demonstratur,
2794 1643 3083 1713 quamdam
3139 1644 3475 1699 intercedere

1909 1734 2121 1788 illarum
2172 1751 2295 1790 cum
2353 1737 2438 1791 bis
2488 1735 2983 1802 necessitudinem;
3055 1736 3136 1790 sic
3183 1744 3361 1790 tamen
3417 1745 3476 1788 ut

1911 1827 2182 1893 praeterita
2214 1834 2426 1880 tantum
2464 1842 2495 1880 a
2528 1825 2898 1896 praesentibus
2934 1837 3475 1896 superentur,qimn-

1909 1924 2024 1969 tum
2057 1918 2248 1972 umbra
2283 1933 2314 1970 a
2345 1933 2574 1988 corpore
2617 1918 2795 1980 debet,
2841 1933 3152 1988 quanquam
3205 1920 3296 1972 illa
3349 1921 3478 1974 huic

1910 2007 2250 2072 aliquantum
2276 2019 2559 2078 congruat.
2583 2007 2696 2078 Age
2719 2023 2870 2073 vero,
2895 2009 3158 2079 propheta
3187 2019 3474 2080 postquam

1911 2109 1940 2146 a
1983 2093 2265 2166 Babylone
2319 2096 2558 2151 reditum
2618 2096 2898 2167 praedictis
2950 2098 3126 2154 verbis
3183 2101 3474 2169 portendit,

1909 2200 2124 2240 necnon
2178 2187 2328 2240 varia
2356 2194 2618 2241 eventura
2661 2203 2758 2257 per
2792 2188 2928 2242 illud
2955 2196 3169 2260 tempus
3215 2189 3476 2247 lsraelitis

1913 2279 2075 2343 bona,
2107 2286 2475 2334 consentanea
2509 2279 2806 2336 admodum
2847 2284 2923 2336 ita
2955 2283 3132 2353 pergit
3166 2282 3367 2338 dicere.

2553 2599 2703 2652 CAP.
2751 2599 2836 2654 Ill.

1979 2707 2091 2777 86
2117 2706 2281 2763 Vens.
2326 2709 2445 2764 l-3.
2482 2732 2577 2762 -ι
2607 2712 2742 2778 Quia
2761 2728 2890 2770 ecce
2931 2729 3028 2786 ego
3067 2716 3121 2771 in
3154 2717 3344 2774 diebus
3372 2719 3478 2772 illis

1912 2804 1967 2850 et
1989 2805 2232 2868 tempore
2265 2800 2380 2866 illo,
2401 2817 2527 2856 cum
2556 2816 2876 2862 convertero
2909 2809 3285 2877 captivitatem
3324 2809 3479 2864 Judae

1913 2899 1967 2944 et
1997 2889 2361 2960 Hierusalem,
2391 2896 2737 2964 congregabo
2761 2911 2952 2954 omnes
2985 2908 3193 2968 gentes.
3213 2908 3268 2955 et
3301 2900 3479 2956 dedu-

1916 2994 2035 3034 cam
2075 2997 2169 3036 eas
2198 2983 2251 3036 in
2288 2983 2481 3038 vallem
2519 2984 2780 3058 Josaphat
2829 3007 2842 3041 :
2880 2997 2934 3043 et
2983 2991 3298 3061 disceptabo
3357 3009 3481 3048 cum

233 3078 446 3147 θήσομα
456 3094 472 3127 ι
489 3075 627 3145 πρὸς
639 3075 834 3137 αὐτοὺς
846 3077 958 3127 ἐκεῖ
970 3075 1105 3146 ὑπὲρ
1118 3075 1208 3128 τού
1221 3076 1348 3130 λαοῦ
1365 3094 1466 3147 μου
1483 3078 1576 3132 καὶ
1585 3080 1682 3150 τῆς
1696 3082 1810 3151 κλη-

1916 3073 1996 3127 eis
2027 3073 2099 3128 ibi
2125 3090 2289 3144 super
2312 3077 2510 3145 populo
2529 3093 2673 3144 meo,
2705 3087 2758 3134 et
2788 3079 3099 3136 hereditate
3119 3100 3234 3136 mea
3261 3083 3479 3147 lsracle,

235 3167 492 3237 ρονομίας
519 3181 625 3236 μου
671 3164 902 3236 Ἰσραὴλ,
935 3165 984 3218 οἳ
1011 3165 1376 3237 διεσπάρησαν
1399 3170 1458 3221 ἐν
1484 3173 1594 3233 τοῖς
1618 3170 1812 3235 ἔθνεσι,

233 3260 330 3312 καὶ
357 3260 458 3329 τὴν
491 3259 597 3328 γῆν
648 3275 751 3328 μου
803 3258 1232 3312 καταδιείλοντο·
1290 3263 1384 3313 καὶ
1425 3263 1518 3315 ἐπὶ
1550 3263 1641 3316 τὸν
1685 3264 1816 3318 λαόν

237 3369 338 3421 μου
365 3351 558 3402 ἔϐαλον
582 3350 834 3421 κλήρους·
863 3350 956 3402 καὶ
972 3350 1176 3403 ἔδωκαν
1197 3350 1264 3404 τὰ
1289 3351 1547 3422 παιδάρια
1573 3353 1814 3425 πόρναις,

235 3443 330 3496 καὶ
378 3442 449 3494 τά
495 3441 732 3511 κοράσια
781 3440 1021 3494 ἐπώλουν
1069 3441 1189 3493 ἀντὶ
1233 3440 1374 3494 οἴνου
1422 3442 1515 3494 καὶ
1553 3441 1754 3496 ἔπινον.
1791 3462 1809 3492 ι

233 3534 398 3600 Λέγει
431 3532 493 3584 δὲ
523 3532 591 3584 τὰ
627 3530 764 3600 μετὰ
797 3532 893 3600 τὴν
924 3531 1178 3584 ἐπάνοδον
1226 3532 1284 3583 ἐν
1333 3532 1538 3596 τούτοις
1573 3534 1813 3603 μηνύων,

234 3623 343 3675 τῶν
372 3639 432 3675 τε
457 3622 589 3693 περὶ
617 3622 709 3673 τὸν
742 3619 865 3688 Γὼγ
887 3621 984 3691 τήν
1013 3620 1215 3684 ἄνοδον,
1249 3622 1313 3692 ἢν
1342 3623 1653 3692 ποιήσονται
1681 3624 1816 3694 μετὰ

234 3711 433 3764 mihi
485 3709 725 3779 πλήθους
767 3709 1107 3778 ὁρμήσαντες
1136 3709 1274 3762 κατὰ
1304 3708 1402 3780 τὴς
1443 3711 1814 3781 Ἰερουσαλὴμ,

236 3804 329 3856 καὶ
379 3803 482 3872 τὴν
525 3799 807 3854 ἀπώλειαν
856 3802 923 3871 ἣν
969 3800 1109 3870 ὑπὲρ
1153 3800 1245 3853 τοῦ
1291 3801 1638 3872 τολμήματος
1687 3804 1817 3856 ὑπο-

238 3893 460 3965 μενοῦσι
511 3891 725 3945 τούτου.
784 3890 979 3944 Ἐπειδ’
1018 3890 1084 3944 ἂν
1120 3891 1248 3963 γὰρ,
1277 3891 1459 3962 φησὶν,
1488 3895 1817 3962 ἐπαναγάγω

237 3987 379 4056 ὑμᾶς
424 3987 523 4040 ἐπὶ
551 3986 652 4057 τὴν
696 3983 1069 4056 Ἰερουσαλήμ,
1108 3981 1485 4037 συνελεύσεται
1516 3984 1614 4053 μὲν
1647 3983 1817 4036 πολλὰ

235 4078 575 4148 πολλαχόθεν
621 4077 750 4148 ἔθνη
796 4077 880 4144 ἐφ’
907 4077 1049 4147 ὑμᾶς
1071 4092 1086 4108 ⁶
1136 4075 1283 4146 λέγει
1324 4076 1405 4140 δὲ,
1440 4079 1520 4132 ὅτι
1546 4096 1564 4128 ι
1594 4075 1816 4141 Συνάξω

243 4171 423 4223 πάντα
456 4170 527 4221 τὰ
563 4167 750 4237 gem,»
786 4166 884 4238 οὐχ
911 4168 991 4220 ὅτι
1019 4166 1216 4231 αὐτοὺς
1259 4167 1433 4235 ἄγειν,
1469 4167 1582 4220 ἀλλ’
1629 4167 1814 4236 ἐπειδὴ

236 4263 387 4316 εἴασε
435 4260 639 4324 αὐτοὺς
670 4263 771 4329 τὴν
817 4257 1072 4329 πρόθεσιν
1108 4261 1188 4322 είς
1230 4259 1390 4330 ἔργον
1422 4258 1672 4311 ἐκϐαλεῖν
1718 4258 1816 4327 τὴν

236 4352 442 4405 οἰκείαν
469 4365 483 4380 ·
543 4347 922 4419 ἐτιμωρήσατο
963 4346 1020 4399 δὲ
1051 4345 1535 4415 ἐπικεχειρηκότας
1569 4346 1636 4414 τῇ
1676 4342 1816 4396 κατὰ

235 4442 346 4495 τῶν
381 4438 736 4510 Ἰσραηλιτῶν
769 4435 969 4507 ἀνόδῳ’
1017 4438 1110 4490 καὶ
1140 4437 1468 4507 πεποιήκασι
1513 4434 1612 4504 μὲν
1665 4433 1815 4487 οὐδὲν

237 4528 316 4586 ὧν
361 4532 652 4585 ἐϐούλοντο
696 4531 776 4592 είς
819 4531 942 4592 τοὺς
989 4527 1305 4591 Ἰουδαίους,
1347 4526 1583 4595 φοϐεράν
1613 4525 1669 4578 δέ
1697 4540 1820 4576 τινα

237 4627 334 4676 καί
363 4621 664 4692 παράδοξον
693 4621 1138 4690 ὑπομεμενήκασι
1189 4622 1263 4688 (p.
1294 4618 1416 4686 1⁸51)
1456 4619 1522 4688 τῇ
1552 4616 1644 4669 τοῦ
1687 4615 1820 4668 Θεοῦ

239 4717 384 4785 ῥοπῇ
439 4715 542 4784 τὴν
593 4713 898 4782 τιμωρίαν·
946 4710 1032 4763 διὰ
1077 4708 1236 4762 τούτο
1282 4708 1443 4771 αὐτὸς
1500 4710 1822 4776 συναγαγεῖν

239 4807 420 4858 πάντα
454 4806 524 4856 τὰ
563 4803 689 4872 ἔθνη
735 4801 922 4869 λέγει·
972 4799 1127 4853 τοῦτο
1159 4799 1478 4868 βουλόμενος
1519 4799 1714 4862 εἰπεῖν,
1741 4797 1821 4849 ὅτι

239 4898 416 4949 Eia-:1
469 4895 669 4957 αὐτοὺς
709 4897 773 4963 τῇ
814 4891 1061 4962 μοχθηρᾷ
1099 4889 1306 4943 ἑαυτῶν
1340 4887 1649 4960 χρήσασθαι
1677 4887 1816 4955 γνώ-

243 5005 354 5060 μῃ,
389 4989 488 5041 atat
517 4986 758 5058 ὁρμῆσαι
801 4985 941 5037 κατὰ
978 4985 1076 5054 τῆς
1112 4981 1484 5052 Ἰερουσαλὴμ,
1526 4981 1601 5043 ὡς
1632 4979 1698 5033 ἂν
1725 4982 1819 5033 αὑ-

237 5081 362 5133 τόθι
409 5079 566 5141 δίκας
609 5077 805 5138 αὐτοὺς
836 5074 1290 5146 εἰσπραξάμενος,
1336 5073 1432 5141 τῆς
1464 5088 1526 5124 τε
1572 5071 1700 5142 περὶ
1731 5071 1820 5123 τὸν

243 5173 376 5228 λαὸν
429 5171 758 5242 κηδεμονίας
804 5170 899 5222 καὶ
943 5167 1043 5237 τῆς
1090 5164 1324 5236 ἐμαυτοῦ
1381 5164 1494 5234 (20)
1539 5164 1820 5234 δυνάμεως

248 5261 520 5327 ἀπόδειξιν
549 5261 917 5332 παράσχωμαι
945 5259 1129 5311 πᾶσιν.
1150 5253 1330 5309 Είπών
1360 5255 1410 5322 γ’
1437 5251 1581 5319 οὖν,‹
1603 5252 1820 5318 Συνάξω

244 5360 426 5411 πάντα
455 5354 524 5408 τά
551 5350 702 5422 ἔθνη,
733 5369 753 5404 ι
782 5347 1076 5417 ἐπέγαγεν,
1113 5371 1133 5406 ι
1157 5345 1267 5401 Καὶ
1299 5347 1517 5413 κατάξω
1549 5343 1688 5397 αὐτὰ
1742 5346 1820 5406 είς

315 5528 430 5594 (18)
472 5529 604 5582 Cod.
633 5525 815 5596 λειφθ.

315 5592 430 5664 (l9)
476 5600 611 5651 Dicit
639 5592 758 5651 hate
775 5611 899 5650 cum
925 5593 1255 5649 didascalica‘
1279 5592 1540 5660 dignitate
1558 5593 1809 5646 Theodo-

243 5684 379 5734 rus;
415 5684 532 5739 qua:
560 5677 742 5721 tamen
783 5664 980 5719 merito
1022 5665 1274 5718 omnibus
1324 5678 1429 5718 non
1465 5664 1804 5732 placuerunt,

569 5763 840 5820 ΡΑτιιοι.
889 5757 1004 5815 Gn.
1053 5755 1266 5815 LXVI.

1917 3164 2010 3233 qui
2068 3165 2302 3235 dispersi
2358 3175 2488 3221 sunt
2540 3169 2595 3223 in
2660 3171 3002 3231 nationibus,
3036 3189 3156 3241 quae
3207 3177 3480 3244 regionem
3581 3193 3594 3208 ο

1917 3270 2094 3310 meam
2151 3257 2459 3313 diviserunt
2495 3279 2506 3313 :
2543 3268 2598 3315 et
2649 3277 2815 3331 super
2846 3264 3107 3331 populum
3164 3280 3339 3318 meum
3379 3268 3480 3318 mi-

1917 3355 2110 3398 serunt
2139 3353 2342 3410 sortes,
2379 3355 2434 3400 et
2465 3347 2810 3404 tradiderunt
2845 3365 3046 3420 pueros
3078 3353 3482 3415 meretricibus,

1917 3441 1971 3488 et
2001 3435 2207 3504 puellas
2227 3437 2529 3491 vendebant
2557 3453 2654 3507 pro
2699 3439 2826 3493 vino
2858 3447 2917 3492 ut
2946 3440 3216 3495 biberent.
3251 3462 3268 3491 ι
3303 3441 3484 3510 Signi—

1919 3524 2045 3578 ﬁcat
2079 3541 2200 3594 qua:
2239 3525 2499 3582 lsraclitis
2549 3539 2671 3598 post
2719 3529 2954 3584 reditum
2999 3539 3157 3584 erant
3199 3542 3481 3591 eventura.

1919 3613 2161 3682 Gogique
2191 3616 2582 3679 incursionem,
2621 3633 2785 3686 quam
2817 3633 2941 3670 cum
2986 3620 3190 3686 ingenti
3242 3620 3485 3672 multitu-

1918 3704 2043 3758 dine
2064 3705 2324 3760 adversus
2350 3705 2685 3761 Hierusalem
2703 3707 2886 3774 faciet,
2909 3719 2961 3763 et
2990 3708 3198 3763 cladem
3222 3726 3383 3778 quam
3413 3712 3484 3765 ob

1919 3793 2059 3848 hanc
2108 3795 2390 3850 audaciam
2445 3806 2562 3852 erat
2611 3806 2959 3867 experturus.
2997 3798 3129 3855 Nam
3163 3810 3475 3870 postquam,

1920 3883 2117 3953 inquit,
2206 3885 2474 3940 reduxere
2552 3901 2646 3942 vos
2723 3886 3083 3952 Hierusalem,
3147 3891 3329 3945 multa:
3386 3908 3487 3945 un-

1917 3972 2082 4044 dique
2162 3977 2552 4046 conspirabunt
2645 3988 2836 4035 contra
2917 3995 3014 4036 vos
3086 3993 3294 4051 gentes.
3343 3981 3485 4036 Dicit

1918 4073 2098 4119 autem
2143 4084 2156 4118 :
2196 4067 2590 4138 «Congregabo
2638 4085 2827 4126 omnes
2875 4080 3088 4142 gentes,
3117 4092 3138 4125 ι
3191 4091 3297 4129 non
3338 4078 3482 4146 quod

1918 4155 2034 4225 ipse
2063 4159 2133 4212 sit
2151 4173 2246 4213 eas
2273 4157 2633 4227 adducturus,
2681 4162 2778 4218 sed
2807 4164 2954 4232 quod
2995 4165 3062 4221 iis
3106 4168 3486 4235 permissurus

1917 4249 2256 4318 propositum
2313 4252 2591 4321 proprium
2652 4255 2898 4324 exsequi.
2968 4255 3033 4310 Et
3086 4257 3307 4326 quidem
3362 4260 3486 4316 illos

1918 4339 2096 4407 puniit
2133 4340 2228 4409 qui
2275 4339 2654 4398 lsraelitarum
2716 4346 2914 4400 reditui
2968 4345 3151 4402 infesti
3205 4349 3480 4405 fuerunt:

1919 4445 2094 4502 neque
2117 4439 2297 4486 tamen
2343 4434 2421 4487 illi
2455 4435 2720 4488 voluntati
2767 4450 2879 4490 suae
2925 4437 3152 4506 obsequi
3195 4440 3486 4494 valuerunt

1918 4531 2110 4578 contra
2160 4522 2398 4586 Judteos,
2450 4524 2545 4579 sed
2601 4525 2898 4580 terribilem
2954 4529 3133 4596 potius
3184 4537 3237 4582 et
3303 4531 3486 4602 inspe-

1919 4623 2091 4669 ratam
2122 4631 2151 4668 a
2181 4615 2274 4669 Dei
2312 4615 2518 4670 viribus
2559 4631 2774 4684 poenam
2817 4618 3144 4673 retulerunt.
3191 4619 3483 4690 Propterea

1918 4708 2055 4762 dicit
2097 4724 2158 4762 se
2189 4716 2556 4777 congregasse
2603 4723 2797 4762 omnes
2829 4717 3039 4778 gentes,
3083 4727 3276 4783 nempe
3302 4715 3484 4767 dicere

1921 4801 2132 4859 volens,
2167 4799 2360 4854 sivisse
2393 4809 2452 4852 ut
2482 4814 2580 4852 sua
2610 4814 2864 4867 perversa
2892 4809 3174 4856 uterentur
3191 4806 3481 4866 sententia,

1922 4902 1976 4944 et
2003 4898 2194 4945 contra
2225 4889 2566 4944 Hierusalem
2603 4890 2866 4959 impetum
2901 4892 3237 4964 facerent,ut
3267 4904 3485 4963 sumpto

1920 4983 2031 5037 illic
2083 4984 2150 5037 de
2192 4982 2260 5035 iis
2281 4982 2569 5051 supplicio,
2618 4991 2672 5036 et
2723 4985 2905 5039 tutelze
2941 5001 3068 5054 erga
3103 4987 3384 5054 populum.
3431 4999 3484 5042 et

1918 5088 2031 5128 sua!
2064 5072 2318 5141 potentia:
2367 5071 2643 5140 specimen
2694 5074 2996 5128 exhiberet.
3032 5075 3150 5128 Jam
3193 5085 3479 5147 postquam

1917 5162 2078 5226 dixit,
2116 5181 2132 5211 ι
2158 5162 2513 5230 Congregabo
2557 5177 2750 5218 omnes
2778 5175 2989 5232 gentes,
3019 5183 3037 5213 ι
3087 5165 3294 5219 addidit
3330 5185 3343 5220 :
3384 5168 3486 5221 «Et

1918 5253 2184 5307 deducam
2212 5267 2305 5306 eas
2335 5253 2387 5306 in
2421 5254 2616 5307 vallem
2648 5253 2938 5323 .Iosaphat,
2972 5275 2989 5306 ο
3025 5256 3077 5310 id
3100 5268 3202 5323 est,
3239 5259 3314 5313 Eo
3343 5261 3483 5324 loco,

1921 5343 2118 5414 inquit,
2155 5357 2310 5412 agam
2354 5358 2449 5397 eos
2477 5343 2741 5399 adversus
2781 5343 3143 5414 Hierusalem,
3179 5350 3487 5420 ibidemque

1921 5539 2115 5592 nempe
2142 5525 2282 5591 quod
2319 5526 2611 5594 prophetiae
2640 5526 2858 5580 nonnisi
2883 5529 3182 5584 secundum
3211 5528 3482 5584 effectum.

1922 5594 2409 5669 X11:‘E»X6__13tv,_atl
2444 5612 2530 5669 res
2563 5595 2908 5654 Christianas
2938 5601 3327 5669 spectaverint.

1992 5663 2101 5732 (ρο)
2143 5665 2273 5719 Cod.
2308 5664 2518 5719 ἐαυτοῦ.
