  <div class='ocr_page' id='page_1' title='image "/cluster/home/n/w/nwhite01/storage/ocr_20150623/66/hvd.32044020884102/127.png"; bbox 0 0 3966 6222; ppageno 0'>
   <div class='ocr_carea' id='block_1_1' title="bbox 534 291 640 348">
    <p class='ocr_par' dir='ltr' id='par_1_1' title="bbox 534 291 640 348">
     <span class='ocr_line' id='line_1_1' title="bbox 534 291 640 348; baseline 0.019 -2"><span class='ocrx_word' id='word_1_1' title='bbox 534 291 640 348; x_wconf 63' lang='lat' dir='ltr'><strong>I55</strong></span> 
     </span>
    </p>
   </div>
   <div class='ocr_carea' id='block_1_2' title="bbox 1740 280 2605 338">
    <p class='ocr_par' dir='ltr' id='par_1_2' title="bbox 1740 280 2605 338">
     <span class='ocr_line' id='line_1_2' title="bbox 1740 280 2605 338; baseline 0 -2"><span class='ocrx_word' id='word_1_2' title='bbox 1740 280 2088 337; x_wconf 76' lang='lat' dir='ltr'><strong>THEODORI</strong></span> <span class='ocrx_word' id='word_1_3' title='bbox 2131 280 2605 338; x_wconf 84' lang='lat' dir='ltr'><strong>MOPSUESTENI</strong></span> 
     </span>
    </p>
   </div>
   <div class='ocr_carea' id='block_1_3' title="bbox 3657 279 3771 336">
    <p class='ocr_par' dir='ltr' id='par_1_3' title="bbox 3657 279 3771 336">
     <span class='ocr_line' id='line_1_3' title="bbox 3657 279 3771 336; baseline 0 0"><span class='ocrx_word' id='word_1_4' title='bbox 3657 279 3771 336; x_wconf 73' lang='lat'><strong>236</strong></span> 
     </span>
    </p>
   </div>
   <div class='ocr_carea' id='block_1_4' title="bbox 537 390 2110 472">
    <p class='ocr_par' dir='ltr' id='par_1_4' title="bbox 537 396 2099 472">
     <span class='ocr_line' id='line_1_4' title="bbox 537 396 2099 472; baseline -0.008 -11"><span class='ocrx_word' id='word_1_5' title='bbox 537 407 799 462; x_wconf 99' lang='lat' dir='ltr'><strong>ultionem</strong></span> <span class='ocrx_word' id='word_1_6' title='bbox 854 401 1011 472; x_wconf 88' lang='lat' dir='ltr'><strong>quasi</strong></span> <span class='ocrx_word' id='word_1_7' title='bbox 1058 396 1395 456; x_wconf 78' lang='lat' dir='ltr'><strong>concinnatis</strong></span> <span class='ocrx_word' id='word_1_8' title='bbox 1439 412 1537 467; x_wconf 91' lang='lat' dir='ltr'><strong>pro</strong></span> <span class='ocrx_word' id='word_1_9' title='bbox 1569 399 1771 468; x_wconf 86' lang='lat' dir='ltr'><strong>p0pulo</strong></span> <span class='ocrx_word' id='word_1_10' title='bbox 1815 413 1959 461; x_wconf 89' lang='lat' dir='ltr'><strong>meo,</strong></span> <span class='ocrx_word' id='word_1_11' title='bbox 2000 412 2099 465; x_wconf 87' lang='lat' dir='ltr'><strong>pro</strong></span> 
     </span>
    </p>
   </div>
   <div class='ocr_carea' id='block_1_5' title="bbox 2214 390 3774 472">
    <p class='ocr_par' dir='ltr' id='par_1_5' title="bbox 2214 390 3774 469">
     <span class='ocr_line' id='line_1_5' title="bbox 2214 390 3774 469; baseline -0.004 -20"><span class='ocrx_word' id='word_1_12' title='bbox 2214 399 2299 469; x_wconf 79' lang='grc' dir='ltr'>τὴν</span> <span class='ocrx_word' id='word_1_13' title='bbox 2328 395 2548 449; x_wconf 86' lang='grc' dir='ltr'>κοιλάδα</span> <span class='ocrx_word' id='word_1_14' title='bbox 2585 392 2910 462; x_wconf 65' lang='grc' dir='ltr'>Ἰωσαφάτου</span> <span class='ocrx_word' id='word_1_15' title='bbox 2942 391 3235 458; x_wconf 73' lang='grc' dir='ltr'><strong>τουτέστιν,</strong></span> <span class='ocrx_word' id='word_1_16' title='bbox 3265 390 3410 444; x_wconf 82' lang='grc' dir='ltr'><strong>Ἐκεῖ</strong></span> <span class='ocrx_word' id='word_1_17' title='bbox 3438 390 3633 453; x_wconf 71' lang='grc' dir='ltr'>αὐτοὺς</span> <span class='ocrx_word' id='word_1_18' title='bbox 3655 392 3774 455; x_wconf 79' lang='grc' dir='ltr'>ἀξω</span> 
     </span>
    </p>
   </div>
   <div class='ocr_carea' id='block_1_6' title="bbox 534 488 2100 567">
    <p class='ocr_par' dir='ltr' id='par_1_6' title="bbox 534 488 2100 567">
     <span class='ocr_line' id='line_1_6' title="bbox 534 488 2100 567; baseline -0.004 -16"><span class='ocrx_word' id='word_1_19' title='bbox 534 495 795 567; x_wconf 74' lang='lat' dir='ltr'><strong>dignitate</strong></span> <span class='ocrx_word' id='word_1_20' title='bbox 816 494 1057 564; x_wconf 88' lang='lat' dir='ltr'><strong>puniam,</strong></span> <span class='ocrx_word' id='word_1_21' title='bbox 1080 490 1151 545; x_wconf 90' lang='lat' dir='ltr'><strong>ob</strong></span> <span class='ocrx_word' id='word_1_22' title='bbox 1185 491 1426 558; x_wconf 89' lang='lat' dir='ltr'><strong>ipsorum</strong></span> <span class='ocrx_word' id='word_1_23' title='bbox 1457 488 1719 554; x_wconf 81' lang='lat' dir='ltr'><strong>facinora,</strong></span> <span class='ocrx_word' id='word_1_24' title='bbox 1737 489 1881 559; x_wconf 89' lang='lat' dir='ltr'><strong>quod</strong></span> <span class='ocrx_word' id='word_1_25' title='bbox 1905 505 2100 558; x_wconf 88' lang='lat' dir='ltr'><strong>nempe</strong></span> 
     </span>
    </p>
   </div>
   <div class='ocr_carea' id='block_1_7' title="bbox 538 580 2101 655">
    <p class='ocr_par' dir='ltr' id='par_1_7' title="bbox 538 580 2101 655">
     <span class='ocr_line' id='line_1_7' title="bbox 538 580 2101 655; baseline -0.005 -14"><span class='ocrx_word' id='word_1_26' title='bbox 538 589 690 641; x_wconf 89' lang='lat' dir='ltr'><strong>illum</strong></span> <span class='ocrx_word' id='word_1_27' title='bbox 729 598 1139 655; x_wconf 90' lang='lat' dir='ltr'><strong>quaqueversus</strong></span> <span class='ocrx_word' id='word_1_28' title='bbox 1174 594 1430 649; x_wconf 83' lang='lat' dir='ltr'><strong>spargere</strong></span> <span class='ocrx_word' id='word_1_29' title='bbox 1462 580 1761 641; x_wconf 83' lang='lat' dir='ltr'><strong>voluerint,</strong></span> <span class='ocrx_word' id='word_1_30' title='bbox 1798 580 2101 649; x_wconf 83' lang='lat' dir='ltr'><strong>regionem-</strong></span> 
     </span>
    </p>
   </div>
   <div class='ocr_carea' id='block_1_8' title="bbox 537 667 2100 747">
    <p class='ocr_par' dir='ltr' id='par_1_8' title="bbox 537 667 2100 747">
     <span class='ocr_line' id='line_1_8' title="bbox 537 667 2100 747; baseline -0.008 -16"><span class='ocrx_word' id='word_1_31' title='bbox 537 694 643 747; x_wconf 88' lang='lat' dir='ltr'><strong>que</strong></span> <span class='ocrx_word' id='word_1_32' title='bbox 670 675 860 744; x_wconf 88' lang='lat' dir='ltr'><strong>partiri</strong></span> <span class='ocrx_word' id='word_1_33' title='bbox 901 674 956 727; x_wconf 92' lang='lat' dir='ltr'><strong>in</strong></span> <span class='ocrx_word' id='word_1_34' title='bbox 991 687 1099 741; x_wconf 90' lang='lat' dir='ltr'><strong>qua</strong></span> <span class='ocrx_word' id='word_1_35' title='bbox 1136 669 1246 741; x_wconf 79' lang='lat'><strong>87</strong></span> <span class='ocrx_word' id='word_1_36' title='bbox 1287 684 1408 724; x_wconf 91' lang='lat' dir='ltr'><strong>meo</strong></span> <span class='ocrx_word' id='word_1_37' title='bbox 1447 668 1557 737; x_wconf 88' lang='lat' dir='ltr'><strong>juri</strong></span> <span class='ocrx_word' id='word_1_38' title='bbox 1599 668 1835 723; x_wconf 81' lang='lat' dir='ltr'><strong>obnoxia</strong></span> <span class='ocrx_word' id='word_1_39' title='bbox 1886 667 2100 720; x_wconf 87' lang='lat' dir='ltr'><strong>habita-</strong></span> 
     </span>
    </p>
   </div>
   <div class='ocr_carea' id='block_1_9' title="bbox 538 759 2105 836">
    <p class='ocr_par' dir='ltr' id='par_1_9' title="bbox 538 759 2105 836">
     <span class='ocr_line' id='line_1_9' title="bbox 538 759 2105 836; baseline -0.008 -13"><span class='ocrx_word' id='word_1_40' title='bbox 538 771 653 832; x_wconf 87' lang='lat' dir='ltr'><strong>bat,</strong></span> <span class='ocrx_word' id='word_1_41' title='bbox 698 776 753 823; x_wconf 87' lang='lat' dir='ltr'><strong>et</strong></span> <span class='ocrx_word' id='word_1_42' title='bbox 787 768 934 836; x_wconf 91' lang='lat' dir='ltr'><strong>ipsos</strong></span> <span class='ocrx_word' id='word_1_43' title='bbox 973 764 1135 819; x_wconf 86' lang='lat' dir='ltr'><strong>simul</strong></span> <span class='ocrx_word' id='word_1_44' title='bbox 1190 763 1400 817; x_wconf 87' lang='lat' dir='ltr'><strong>incolas</strong></span> <span class='ocrx_word' id='word_1_45' title='bbox 1433 762 1631 817; x_wconf 89' lang='lat' dir='ltr'><strong>sortito</strong></span> <span class='ocrx_word' id='word_1_46' title='bbox 1673 759 1917 814; x_wconf 81' lang='lat' dir='ltr'><strong>dividere</strong></span> <span class='ocrx_word' id='word_1_47' title='bbox 1955 776 1968 813; x_wconf 88' lang='lat'><strong>:</strong></span> <span class='ocrx_word' id='word_1_48' title='bbox 2009 772 2105 828; x_wconf 91' lang='lat' dir='ltr'><strong>per</strong></span> 
     </span>
    </p>
   </div>
   <div class='ocr_carea' id='block_1_10' title="bbox 541 852 2104 926">
    <p class='ocr_par' dir='ltr' id='par_1_10' title="bbox 541 852 2104 926">
     <span class='ocr_line' id='line_1_10' title="bbox 541 852 2104 926; baseline -0.006 -12"><span class='ocrx_word' id='word_1_49' title='bbox 541 875 813 915; x_wconf 87' lang='lat' dir='ltr'><strong>summum</strong></span> <span class='ocrx_word' id='word_1_50' title='bbox 850 856 1086 926; x_wconf 88' lang='lat' dir='ltr'><strong>denique</strong></span> <span class='ocrx_word' id='word_1_51' title='bbox 1136 856 1316 909; x_wconf 87' lang='lat' dir='ltr'><strong>scelus</strong></span> <span class='ocrx_word' id='word_1_52' title='bbox 1363 852 1581 906; x_wconf 88' lang='lat' dir='ltr'><strong>illorum</strong></span> <span class='ocrx_word' id='word_1_53' title='bbox 1642 866 1859 921; x_wconf 88' lang='lat' dir='ltr'><strong>quoque</strong></span> <span class='ocrx_word' id='word_1_54' title='bbox 1904 864 2104 919; x_wconf 87' lang='lat' dir='ltr'><strong>pueros</strong></span> 
     </span>
    </p>
   </div>
   <div class='ocr_carea' id='block_1_11' title="bbox 541 944 2106 1024">
    <p class='ocr_par' dir='ltr' id='par_1_11' title="bbox 541 944 2106 1024">
     <span class='ocr_line' id='line_1_11' title="bbox 541 944 2106 1024; baseline -0.006 -17"><span class='ocrx_word' id='word_1_55' title='bbox 541 962 705 1024; x_wconf 83' lang='lat' dir='ltr'><strong>atque</strong></span> <span class='ocrx_word' id='word_1_56' title='bbox 737 950 945 1022; x_wconf 88' lang='lat' dir='ltr'><strong>puellas</strong></span> <span class='ocrx_word' id='word_1_57' title='bbox 976 950 1029 1002; x_wconf 91' lang='lat' dir='ltr'><strong>in</strong></span> <span class='ocrx_word' id='word_1_58' title='bbox 1064 945 1379 1018; x_wconf 89' lang='lat' dir='ltr'><strong>prostibulis</strong></span> <span class='ocrx_word' id='word_1_59' title='bbox 1411 959 1631 1014; x_wconf 91' lang='lat' dir='ltr'><strong>ponere,</strong></span> <span class='ocrx_word' id='word_1_60' title='bbox 1666 951 1725 998; x_wconf 91' lang='lat' dir='ltr'><strong>ut</strong></span> <span class='ocrx_word' id='word_1_61' title='bbox 1746 958 1899 999; x_wconf 88' lang='lat' dir='ltr'><strong>suam</strong></span> <span class='ocrx_word' id='word_1_62' title='bbox 1924 944 2106 1012; x_wconf 29' lang='lat' dir='ltr'><strong>exples</strong></span> 
     </span>
    </p>
   </div>
   <div class='ocr_carea' id='block_1_12' title="bbox 544 1032 2105 1105">
    <p class='ocr_par' dir='ltr' id='par_1_12' title="bbox 544 1032 2105 1105">
     <span class='ocr_line' id='line_1_12' title="bbox 544 1032 2105 1105; baseline -0.007 -8"><span class='ocrx_word' id='word_1_63' title='bbox 544 1052 664 1099; x_wconf 89' lang='lat' dir='ltr'><strong>rent</strong></span> <span class='ocrx_word' id='word_1_64' title='bbox 707 1040 1008 1101; x_wconf 88' lang='lat' dir='ltr'><strong>libidinem,</strong></span> <span class='ocrx_word' id='word_1_65' title='bbox 1052 1038 1387 1105; x_wconf 78' lang='lat' dir='ltr'><strong>multamque</strong></span> <span class='ocrx_word' id='word_1_66' title='bbox 1429 1034 1693 1089; x_wconf 89' lang='lat' dir='ltr'><strong>haberent</strong></span> <span class='ocrx_word' id='word_1_67' title='bbox 1735 1032 2105 1105; x_wconf 74' lang='lat' dir='ltr'><strong>pergrzecandi</strong></span> 
     </span>
    </p>
   </div>
   <div class='ocr_carea' id='block_1_13' title="bbox 543 1125 1996 1206">
    <p class='ocr_par' dir='ltr' id='par_1_13' title="bbox 543 1125 1996 1206">
     <span class='ocr_line' id='line_1_13' title="bbox 543 1125 1996 1206; baseline -0.006 -17"><span class='ocrx_word' id='word_1_68' title='bbox 543 1136 777 1206; x_wconf 90' lang='lat' dir='ltr'><strong>copiam.</strong></span> <span class='ocrx_word' id='word_1_69' title='bbox 830 1131 924 1187; x_wconf 87' lang='lat' dir='ltr'><strong>His</strong></span> <span class='ocrx_word' id='word_1_70' title='bbox 954 1131 1102 1185; x_wconf 90' lang='lat' dir='ltr'><strong>circa</strong></span> <span class='ocrx_word' id='word_1_71' title='bbox 1137 1127 1343 1197; x_wconf 81' lang='lat' dir='ltr'><strong>Gogum</strong></span> <span class='ocrx_word' id='word_1_72' title='bbox 1374 1126 1555 1181; x_wconf 89' lang='lat' dir='ltr'><strong>dictis.</strong></span> <span class='ocrx_word' id='word_1_73' title='bbox 1591 1125 1767 1196; x_wconf 83' lang='lat' dir='ltr'><strong>pergit</strong></span> <span class='ocrx_word' id='word_1_74' title='bbox 1799 1141 1996 1195; x_wconf 87' lang='lat' dir='ltr'><strong>porro:</strong></span> 
     </span>
    </p>
   </div>
   <div class='ocr_carea' id='block_1_14' title="bbox 2201 482 3774 558">
    <p class='ocr_par' dir='ltr' id='par_1_14' title="bbox 2201 482 3774 558">
     <span class='ocr_line' id='line_1_14' title="bbox 2201 482 3774 558; baseline -0.006 -18"><span class='ocrx_word' id='word_1_75' title='bbox 2201 489 2281 550; x_wconf 83' lang='grc' dir='ltr'><strong>εἰς</strong></span> <span class='ocrx_word' id='word_1_76' title='bbox 2330 487 2425 558; x_wconf 80' lang='grc' dir='ltr'><strong>τὴν</strong></span> <span class='ocrx_word' id='word_1_77' title='bbox 2471 483 2849 557; x_wconf 84' lang='grc' dir='ltr'>Ἰερουσαλὴμ,</span> <span class='ocrx_word' id='word_1_78' title='bbox 2904 485 2997 537; x_wconf 81' lang='grc' dir='ltr'>καὶ</span> <span class='ocrx_word' id='word_1_79' title='bbox 3041 482 3222 536; x_wconf 81' lang='grc' dir='ltr'>αὐτόθι</span> <span class='ocrx_word' id='word_1_80' title='bbox 3252 482 3440 552; x_wconf 84' lang='grc' dir='ltr'>ὥσπερ</span> <span class='ocrx_word' id='word_1_81' title='bbox 3466 482 3585 535; x_wconf 85' lang='grc' dir='ltr'>τινὰ</span> <span class='ocrx_word' id='word_1_82' title='bbox 3613 482 3774 550; x_wconf 76' lang='grc' dir='ltr'>δίκην</span> 
     </span>
    </p>
   </div>
   <div class='ocr_carea' id='block_1_15' title="bbox 2203 571 3775 648">
    <p class='ocr_par' dir='ltr' id='par_1_15' title="bbox 2203 571 3775 648">
     <span class='ocr_line' id='line_1_15' title="bbox 2203 571 3775 648; baseline -0.005 -20"><span class='ocrx_word' id='word_1_83' title='bbox 2203 576 2338 648; x_wconf 80' lang='grc' dir='ltr'>πρὸς</span> <span class='ocrx_word' id='word_1_84' title='bbox 2367 577 2561 637; x_wconf 71' lang='grc' dir='ltr'>αὐτοὺς</span> <span class='ocrx_word' id='word_1_85' title='bbox 2610 573 2749 642; x_wconf 84' lang='grc' dir='ltr'>ὑπὲρ</span> <span class='ocrx_word' id='word_1_86' title='bbox 2791 572 2885 625; x_wconf 78' lang='grc' dir='ltr'><strong>τοῦ</strong></span> <span class='ocrx_word' id='word_1_87' title='bbox 2917 571 3047 625; x_wconf 75' lang='grc' dir='ltr'>λαοῦ</span> <span class='ocrx_word' id='word_1_88' title='bbox 3078 571 3171 624; x_wconf 74' lang='grc' dir='ltr'><strong>τοῦ</strong></span> <span class='ocrx_word' id='word_1_89' title='bbox 3216 571 3349 640; x_wconf 79' lang='grc' dir='ltr'><strong>ἐμοῦ</strong></span> <span class='ocrx_word' id='word_1_90' title='bbox 3393 571 3775 640; x_wconf 79' lang='grc' dir='ltr'>συγκροτήσας</span> 
     </span>
    </p>
   </div>
   <div class='ocr_carea' id='block_1_16' title="bbox 2201 657 3775 738">
    <p class='ocr_par' dir='ltr' id='par_1_16' title="bbox 2201 657 3775 738">
     <span class='ocr_line' id='line_1_16' title="bbox 2201 657 3775 738; baseline -0.004 -18"><span class='ocrx_word' id='word_1_91' title='bbox 2201 668 2582 738; x_wconf 84' lang='grc' dir='ltr'>τιμωρήσομαι</span> <span class='ocrx_word' id='word_1_92' title='bbox 2608 664 2853 728; x_wconf 79' lang='grc' dir='ltr'><strong>δικαίως,</strong></span> <span class='ocrx_word' id='word_1_93' title='bbox 2886 664 3027 735; x_wconf 79' lang='grc' dir='ltr'>ὑπὲρ</span> <span class='ocrx_word' id='word_1_94' title='bbox 3066 657 3141 717; x_wconf 83' lang='grc' dir='ltr'>ὧν</span> <span class='ocrx_word' id='word_1_95' title='bbox 3176 665 3295 716; x_wconf 82' lang='grc' dir='ltr'>κατ’</span> <span class='ocrx_word' id='word_1_96' title='bbox 3331 661 3508 715; x_wconf 76' lang='grc' dir='ltr'>αὐτῶν</span> <span class='ocrx_word' id='word_1_97' title='bbox 3547 661 3775 732; x_wconf 84' lang='grc' dir='ltr'>διεπρά-</span> 
     </span>
    </p>
   </div>
   <div class='ocr_carea' id='block_1_17' title="bbox 2204 751 3771 826">
    <p class='ocr_par' dir='ltr' id='par_1_17' title="bbox 2204 751 3771 826">
     <span class='ocr_line' id='line_1_17' title="bbox 2204 751 3771 826; baseline -0.005 -16"><span class='ocrx_word' id='word_1_98' title='bbox 2204 758 2382 825; x_wconf 81' lang='grc' dir='ltr'>ξαντο,</span> <span class='ocrx_word' id='word_1_99' title='bbox 2410 755 2720 826; x_wconf 86' lang='grc' dir='ltr'>ἁπανταχοῦ</span> <span class='ocrx_word' id='word_1_100' title='bbox 2748 772 2806 809; x_wconf 89' lang='grc' dir='ltr'><strong>τε</strong></span> <span class='ocrx_word' id='word_1_101' title='bbox 2836 755 3030 818; x_wconf 76' lang='grc' dir='ltr'>αὐτοὺς</span> <span class='ocrx_word' id='word_1_102' title='bbox 3062 754 3371 825; x_wconf 78' lang='grc' dir='ltr'>διασπεῖραι</span> <span class='ocrx_word' id='word_1_103' title='bbox 3400 751 3771 822; x_wconf 79' lang='grc' dir='ltr'><strong>βουληθέντες,</strong></span> 
     </span>
    </p>
   </div>
   <div class='ocr_carea' id='block_1_18' title="bbox 2201 841 3775 919">
    <p class='ocr_par' dir='ltr' id='par_1_18' title="bbox 2201 841 3775 919">
     <span class='ocr_line' id='line_1_18' title="bbox 2201 841 3775 919; baseline -0.005 -18"><span class='ocrx_word' id='word_1_104' title='bbox 2201 848 2295 901; x_wconf 67' lang='grc' dir='ltr'><strong>κει.)⁵</strong></span> <span class='ocrx_word' id='word_1_105' title='bbox 2326 847 2590 901; x_wconf 75' lang='grc' dir='ltr'><strong>διελέσθαι</strong></span> <span class='ocrx_word' id='word_1_106' title='bbox 2639 847 2738 918; x_wconf 86' lang='grc' dir='ltr'>μὲν</span> <span class='ocrx_word' id='word_1_107' title='bbox 2774 847 2873 918; x_wconf 80' lang='grc' dir='ltr'>τὴν</span> <span class='ocrx_word' id='word_1_108' title='bbox 2920 846 3027 917; x_wconf 83' lang='grc' dir='ltr'>γῆν</span> <span class='ocrx_word' id='word_1_109' title='bbox 3071 848 3128 899; x_wconf 82' lang='grc' dir='ltr'><strong>ὲν</strong></span> <span class='ocrx_word' id='word_1_110' title='bbox 3177 841 3316 919; x_wconf 74' lang='grc' dir='ltr'>ᾗπερ</span> <span class='ocrx_word' id='word_1_111' title='bbox 3369 844 3510 897; x_wconf 74' lang='grc' dir='ltr'>κατὰ</span> <span class='ocrx_word' id='word_1_112' title='bbox 3545 842 3775 912; x_wconf 77' lang='grc' dir='ltr'>γνώμην</span> 
     </span>
    </p>
   </div>
   <div class='ocr_carea' id='block_1_19' title="bbox 2200 930 3775 1009">
    <p class='ocr_par' dir='ltr' id='par_1_19' title="bbox 2200 930 3775 1009">
     <span class='ocr_line' id='line_1_19' title="bbox 2200 930 3775 1009; baseline -0.004 -21"><span class='ocrx_word' id='word_1_113' title='bbox 2200 936 2376 1007; x_wconf 80' lang='grc' dir='ltr'>ῷκουν</span> <span class='ocrx_word' id='word_1_114' title='bbox 2414 935 2511 1009; x_wconf 80' lang='grc' dir='ltr'>τὴν</span> <span class='ocrx_word' id='word_1_115' title='bbox 2546 936 2685 1006; x_wconf 74' lang='grc' dir='ltr'>ἐμὴν</span> <span class='ocrx_word' id='word_1_116' title='bbox 2756 936 2879 1006; x_wconf 77' lang='grc' dir='ltr'>ἐμοὶ</span> <span class='ocrx_word' id='word_1_117' title='bbox 2940 936 3319 1006; x_wconf 74' lang='grc' dir='ltr'>προσήκουσαν</span> <span class='ocrx_word' id='word_1_118' title='bbox 3343 950 3357 964; x_wconf 89' lang='grc'><strong>·</strong></span> <span class='ocrx_word' id='word_1_119' title='bbox 3412 931 3677 984; x_wconf 82' lang='grc' dir='ltr'>διελέσθαι</span> <span class='ocrx_word' id='word_1_120' title='bbox 3715 930 3775 982; x_wconf 76' lang='grc' dir='ltr'>δὲ</span> 
     </span>
    </p>
   </div>
   <div class='ocr_carea' id='block_1_20' title="bbox 2202 1022 3773 1100">
    <p class='ocr_par' dir='ltr' id='par_1_20' title="bbox 2202 1022 3773 1100">
     <span class='ocr_line' id='line_1_20' title="bbox 2202 1022 3773 1100; baseline -0.006 -18"><span class='ocrx_word' id='word_1_121' title='bbox 2202 1030 2387 1100; x_wconf 82' lang='grc' dir='ltr'>κλήρῳ</span> <span class='ocrx_word' id='word_1_122' title='bbox 2433 1029 2527 1082; x_wconf 72' lang='grc' dir='ltr'>καὶ</span> <span class='ocrx_word' id='word_1_123' title='bbox 2572 1028 2767 1091; x_wconf 74' lang='grc' dir='ltr'>αὐτοὺς</span> <span class='ocrx_word' id='word_1_124' title='bbox 2816 1027 3054 1090; x_wconf 73' lang='grc' dir='ltr'>ἐκείνους</span> <span class='ocrx_word' id='word_1_125' title='bbox 3080 1043 3093 1056; x_wconf 71' lang='grc'><strong><em>⁸</em></strong></span> <span class='ocrx_word' id='word_1_126' title='bbox 3139 1026 3505 1095; x_wconf 83' lang='grc' dir='ltr'>τετολμήκασι</span> <span class='ocrx_word' id='word_1_127' title='bbox 3547 1023 3603 1075; x_wconf 81' lang='grc' dir='ltr'>δὲ</span> <span class='ocrx_word' id='word_1_128' title='bbox 3635 1022 3773 1092; x_wconf 46' lang='grc' dir='ltr'>πρᾰ</span> 
     </span>
    </p>
   </div>
   <div class='ocr_carea' id='block_1_21' title="bbox 2203 1112 3775 1185">
    <p class='ocr_par' dir='ltr' id='par_1_21' title="bbox 2203 1112 3775 1185">
     <span class='ocr_line' id='line_1_21' title="bbox 2203 1112 3775 1185; baseline -0.007 -9"><span class='ocrx_word' id='word_1_129' title='bbox 2203 1123 2374 1176; x_wconf 80' lang='grc' dir='ltr'>ἅπασι</span> <span class='ocrx_word' id='word_1_130' title='bbox 2410 1121 2504 1173; x_wconf 71' lang='grc' dir='ltr'><strong>καὶ</strong></span> <span class='ocrx_word' id='word_1_131' title='bbox 2540 1121 2666 1183; x_wconf 78' lang='grc' dir='ltr'>τοὺς</span> <span class='ocrx_word' id='word_1_132' title='bbox 2696 1119 2752 1185; x_wconf 77' lang='grc' dir='ltr'><strong>ἐξ</strong></span> <span class='ocrx_word' id='word_1_133' title='bbox 2784 1118 2961 1173; x_wconf 82' lang='grc' dir='ltr'>αὐτῶν</span> <span class='ocrx_word' id='word_1_134' title='bbox 2991 1119 3099 1171; x_wconf 82' lang='grc' dir='ltr'>εἴτε</span> <span class='ocrx_word' id='word_1_135' title='bbox 3130 1117 3321 1180; x_wconf 83' lang='grc' dir='ltr'>παῖδας</span> <span class='ocrx_word' id='word_1_136' title='bbox 3351 1115 3461 1168; x_wconf 83' lang='grc' dir='ltr'>είτε</span> <span class='ocrx_word' id='word_1_137' title='bbox 3485 1113 3579 1166; x_wconf 75' lang='grc' dir='ltr'>καὶ</span> <span class='ocrx_word' id='word_1_138' title='bbox 3605 1112 3775 1183; x_wconf 81' lang='grc' dir='ltr'>κόρας</span> 
     </span>
    </p>
   </div>
   <div class='ocr_carea' id='block_1_22' title="bbox 544 1202 3777 1287">
    <p class='ocr_par' dir='ltr' id='par_1_22' title="bbox 544 1202 3777 1287">
     <span class='ocr_line' id='line_1_22' title="bbox 544 1202 3777 1287; baseline -0.008 -9"><span class='ocrx_word' id='word_1_139' title='bbox 544 1202 911 1278; x_wconf 73' lang='grc' dir='ltr'>ἀποδίδοσθαι·</span> <span class='ocrx_word' id='word_1_140' title='bbox 945 1220 1017 1283; x_wconf 83' lang='grc' dir='ltr'>ὡς</span> <span class='ocrx_word' id='word_1_141' title='bbox 1042 1218 1106 1272; x_wconf 82' lang='grc' dir='ltr'>ἂν</span> <span class='ocrx_word' id='word_1_142' title='bbox 1133 1217 1195 1287; x_wconf 85' lang='grc' dir='ltr'>δὴ</span> <span class='ocrx_word' id='word_1_143' title='bbox 1226 1216 1445 1270; x_wconf 77' lang='grc' dir='ltr'>ἐκείνων</span> <span class='ocrx_word' id='word_1_144' title='bbox 1473 1217 1553 1278; x_wconf 87' lang='grc' dir='ltr'><strong>είς</strong></span> <span class='ocrx_word' id='word_1_145' title='bbox 1599 1214 1800 1285; x_wconf 83' lang='grc' dir='ltr'>πόρνας</span> <span class='ocrx_word' id='word_1_146' title='bbox 1832 1232 1893 1267; x_wconf 85' lang='grc' dir='ltr'><strong>τε</strong></span> <span class='ocrx_word' id='word_1_147' title='bbox 1937 1216 2034 1284; x_wconf 77' lang='grc' dir='ltr'>τὴν</span> <span class='ocrx_word' id='word_1_148' title='bbox 2090 1212 2294 1266; x_wconf 76' lang='grc' dir='ltr'>οἰκείαν</span> <span class='ocrx_word' id='word_1_149' title='bbox 2334 1209 2628 1265; x_wconf 77' lang='grc' dir='ltr'>ἀκολασίαν</span> <span class='ocrx_word' id='word_1_150' title='bbox 2674 1210 3036 1274; x_wconf 63' lang='grc' dir='ltr'>ἐκπληροῖειν,</span> <span class='ocrx_word' id='word_1_151' title='bbox 3079 1208 3172 1261; x_wconf 68' lang='grc' dir='ltr'><strong>καὶ</strong></span> <span class='ocrx_word' id='word_1_152' title='bbox 3213 1207 3412 1276; x_wconf 83' lang='grc' dir='ltr'>πολλὴν</span> <span class='ocrx_word' id='word_1_153' title='bbox 3455 1205 3625 1276; x_wconf 77' lang='grc' dir='ltr'>ἔχοιεν</span> <span class='ocrx_word' id='word_1_154' title='bbox 3670 1202 3777 1271; x_wconf 79' lang='grc' dir='ltr'>τῆς</span> 
     </span>
    </p>
   </div>
   <div class='ocr_carea' id='block_1_23' title="bbox 552 1302 2636 1385">
    <p class='ocr_par' dir='ltr' id='par_1_23' title="bbox 552 1302 2636 1385">
     <span class='ocr_line' id='line_1_23' title="bbox 552 1302 2636 1385; baseline -0.009 -15"><span class='ocrx_word' id='word_1_155' title='bbox 552 1315 713 1385; x_wconf 79' lang='grc' dir='ltr'>μέθης</span> <span class='ocrx_word' id='word_1_156' title='bbox 737 1315 834 1384; x_wconf 81' lang='grc' dir='ltr'>τὴν</span> <span class='ocrx_word' id='word_1_157' title='bbox 860 1312 1133 1382; x_wconf 73' lang='grc' dir='ltr'>ἁφθονίανσ</span> <span class='ocrx_word' id='word_1_158' title='bbox 1166 1308 1334 1362; x_wconf 82' lang='grc' dir='ltr'>ταῦτα</span> <span class='ocrx_word' id='word_1_159' title='bbox 1364 1308 1468 1361; x_wconf 81' lang='grc' dir='ltr'>τῶν</span> <span class='ocrx_word' id='word_1_160' title='bbox 1499 1310 1623 1376; x_wconf 76' lang='grc' dir='ltr'>περὶ</span> <span class='ocrx_word' id='word_1_161' title='bbox 1653 1307 1742 1359; x_wconf 85' lang='grc' dir='ltr'>τὸν</span> <span class='ocrx_word' id='word_1_162' title='bbox 1769 1305 1887 1374; x_wconf 88' lang='grc' dir='ltr'><strong>Γὼγ</strong></span> <span class='ocrx_word' id='word_1_163' title='bbox 1915 1307 2099 1359; x_wconf 71' lang='grc' dir='ltr'>ἕνεκεν</span> <span class='ocrx_word' id='word_1_164' title='bbox 2128 1302 2381 1374; x_wconf 86' lang='grc' dir='ltr'>εἰρηκὼς,</span> <span class='ocrx_word' id='word_1_165' title='bbox 2412 1302 2606 1369; x_wconf 78' lang='grc' dir='ltr'><strong>ἐπάγει</strong></span> <span class='ocrx_word' id='word_1_166' title='bbox 2624 1316 2636 1330; x_wconf 93' lang='grc'><strong>·</strong></span> 
     </span>
    </p>
   </div>
   <div class='ocr_carea' id='block_1_24' title="bbox 590 1465 2110 1540">
    <p class='ocr_par' dir='ltr' id='par_1_24' title="bbox 590 1465 2110 1540">
     <span class='ocr_line' id='line_1_24' title="bbox 590 1465 2110 1540; baseline 0.001 -21"><span class='ocrx_word' id='word_1_167' title='bbox 590 1466 790 1522; x_wconf 70' lang='lat' dir='ltr'><strong>Vens.4</strong></span> <span class='ocrx_word' id='word_1_168' title='bbox 812 1469 909 1524; x_wconf 90' lang='lat'><strong>8.-</strong></span> <span class='ocrx_word' id='word_1_169' title='bbox 920 1489 936 1519; x_wconf 82' lang='grc' dir='ltr'><strong>ι</strong></span> <span class='ocrx_word' id='word_1_170' title='bbox 952 1468 1149 1524; x_wconf 87' lang='lat' dir='ltr'><strong>Verum</strong></span> <span class='ocrx_word' id='word_1_171' title='bbox 1163 1470 1293 1540; x_wconf 89' lang='lat' dir='ltr'><strong>quid</strong></span> <span class='ocrx_word' id='word_1_172' title='bbox 1309 1469 1439 1524; x_wconf 80' lang='lat' dir='ltr'><strong>mihi</strong></span> <span class='ocrx_word' id='word_1_173' title='bbox 1450 1477 1504 1525; x_wconf 89' lang='lat' dir='ltr'><strong>et</strong></span> <span class='ocrx_word' id='word_1_174' title='bbox 1519 1466 1874 1539; x_wconf 78' lang='lat' dir='ltr'><strong>vobis,Tyrus</strong></span> <span class='ocrx_word' id='word_1_175' title='bbox 1886 1475 1939 1521; x_wconf 88' lang='lat' dir='ltr'><strong>et</strong></span> <span class='ocrx_word' id='word_1_176' title='bbox 1953 1465 2110 1521; x_wconf 82' lang='lat' dir='ltr'><strong>Sidon</strong></span> 
     </span>
    </p>
   </div>
   <div class='ocr_carea' id='block_1_25' title="bbox 2214 1465 3778 1540">
    <p class='ocr_par' dir='ltr' id='par_1_25' title="bbox 2280 1466 3778 1537">
     <span class='ocr_line' id='line_1_25' title="bbox 2280 1466 3778 1537; baseline -0.001 -19"><span class='ocrx_word' id='word_1_177' title='bbox 2280 1466 2426 1536; x_wconf 83' lang='grc' dir='ltr'>Στίχ.</span> <span class='ocrx_word' id='word_1_178' title='bbox 2458 1466 2591 1537; x_wconf 82' lang='grc' dir='ltr'><strong>δ’-η’.</strong></span> <span class='ocrx_word' id='word_1_179' title='bbox 2625 1498 2693 1507; x_wconf 90' lang='lat'><strong>——</strong></span> <span class='ocrx_word' id='word_1_180' title='bbox 2727 1466 2867 1519; x_wconf 74' lang='grc' dir='ltr'><strong>«Καὶ</strong></span> <span class='ocrx_word' id='word_1_181' title='bbox 2910 1466 2962 1518; x_wconf 90' lang='grc' dir='ltr'><strong>τί</strong></span> <span class='ocrx_word' id='word_1_182' title='bbox 3012 1466 3135 1535; x_wconf 77' lang='grc' dir='ltr'><strong>ἐμοὶ</strong></span> <span class='ocrx_word' id='word_1_183' title='bbox 3179 1467 3271 1519; x_wconf 79' lang='grc' dir='ltr'><strong>καὶ</strong></span> <span class='ocrx_word' id='word_1_184' title='bbox 3303 1466 3636 1536; x_wconf 85' lang='grc' dir='ltr'>ύμῖν,Τύρος</span> <span class='ocrx_word' id='word_1_185' title='bbox 3679 1466 3778 1518; x_wconf 72' lang='grc' dir='ltr'>καὶ</span> 
     </span>
    </p>
   </div>
   <div class='ocr_carea' id='block_1_26' title="bbox 553 1558 2110 1630">
    <p class='ocr_par' dir='ltr' id='par_1_26' title="bbox 553 1560 2110 1630">
     <span class='ocr_line' id='line_1_26' title="bbox 553 1560 2110 1630; baseline 0 -17"><span class='ocrx_word' id='word_1_186' title='bbox 553 1569 608 1613; x_wconf 91' lang='lat' dir='ltr'><strong>et</strong></span> <span class='ocrx_word' id='word_1_187' title='bbox 625 1568 734 1614; x_wconf 87' lang='lat' dir='ltr'><strong>tota</strong></span> <span class='ocrx_word' id='word_1_188' title='bbox 753 1560 1181 1630; x_wconf 81' lang='lat' dir='ltr'><strong>alienigenarum</strong></span> <span class='ocrx_word' id='word_1_189' title='bbox 1199 1560 1455 1616; x_wconf 67' lang='lat' dir='ltr'><strong>Galilaea?</strong></span> <span class='ocrx_word' id='word_1_190' title='bbox 1471 1560 1726 1629; x_wconf 88' lang='lat' dir='ltr'><strong>Nunquid</strong></span> <span class='ocrx_word' id='word_1_191' title='bbox 1743 1560 2003 1615; x_wconf 89' lang='lat' dir='ltr'><strong>ultionem</strong></span> <span class='ocrx_word' id='word_1_192' title='bbox 2027 1572 2110 1613; x_wconf 78' lang='lat' dir='ltr'><strong>vos</strong></span> 
     </span>
    </p>
   </div>
   <div class='ocr_carea' id='block_1_27' title="bbox 2214 1558 3780 1630">
    <p class='ocr_par' dir='ltr' id='par_1_27' title="bbox 2214 1558 3780 1630">
     <span class='ocr_line' id='line_1_27' title="bbox 2214 1558 3780 1630; baseline -0.001 -19"><span class='ocrx_word' id='word_1_193' title='bbox 2214 1558 2376 1613; x_wconf 85' lang='grc' dir='ltr'>Σιδὼν</span> <span class='ocrx_word' id='word_1_194' title='bbox 2423 1561 2516 1613; x_wconf 69' lang='grc' dir='ltr'>καὶ</span> <span class='ocrx_word' id='word_1_195' title='bbox 2546 1562 2696 1613; x_wconf 83' lang='grc' dir='ltr'>πᾶσα</span> <span class='ocrx_word' id='word_1_196' title='bbox 2724 1559 2981 1612; x_wconf 82' lang='grc' dir='ltr'>Γαλιλαία</span> <span class='ocrx_word' id='word_1_197' title='bbox 3011 1560 3357 1630; x_wconf 85' lang='grc' dir='ltr'>ἀλλοφύλων;</span> <span class='ocrx_word' id='word_1_198' title='bbox 3410 1560 3500 1629; x_wconf 86' lang='grc' dir='ltr'><strong>Μὴ</strong></span> <span class='ocrx_word' id='word_1_199' title='bbox 3540 1559 3780 1613; x_wconf 76' lang='grc' dir='ltr'>ἀνταπό-</span> 
     </span>
    </p>
   </div>
   <div class='ocr_carea' id='block_1_28' title="bbox 554 1647 2110 1738">
    <p class='ocr_par' dir='ltr' id='par_1_28' title="bbox 554 1647 2108 1707">
     <span class='ocr_line' id='line_1_28' title="bbox 554 1647 2108 1707; baseline -0.005 -1"><span class='ocrx_word' id='word_1_200' title='bbox 554 1652 861 1707; x_wconf 81' lang='lat' dir='ltr'><strong>rctribuetis</strong></span> <span class='ocrx_word' id='word_1_201' title='bbox 882 1648 1054 1703; x_wconf 79' lang='lat' dir='ltr'><strong>mihi?</strong></span> <span class='ocrx_word' id='word_1_202' title='bbox 1082 1656 1176 1701; x_wconf 88' lang='lat' dir='ltr'><strong>aut</strong></span> <span class='ocrx_word' id='word_1_203' title='bbox 1205 1647 1340 1700; x_wconf 89' lang='lat' dir='ltr'><strong>iram</strong></span> <span class='ocrx_word' id='word_1_204' title='bbox 1374 1647 1427 1701; x_wconf 89' lang='lat' dir='ltr'><strong>in</strong></span> <span class='ocrx_word' id='word_1_205' title='bbox 1453 1647 1618 1701; x_wconf 91' lang='lat' dir='ltr'><strong>corde</strong></span> <span class='ocrx_word' id='word_1_206' title='bbox 1648 1648 1892 1701; x_wconf 89' lang='lat' dir='ltr'><strong>retinetis</strong></span> <span class='ocrx_word' id='word_1_207' title='bbox 1917 1648 2108 1701; x_wconf 77' lang='lat' dir='ltr'><strong>adver-</strong></span> 
     </span>
    </p>
   </div>
   <div class='ocr_carea' id='block_1_29' title="bbox 2214 1647 3778 1738">
    <p class='ocr_par' dir='ltr' id='par_1_29' title="bbox 2214 1650 3778 1723">
     <span class='ocr_line' id='line_1_29' title="bbox 2214 1650 3778 1723; baseline -0.001 -21"><span class='ocrx_word' id='word_1_208' title='bbox 2214 1650 2345 1720; x_wconf 85' lang='grc' dir='ltr'>δομα</span> <span class='ocrx_word' id='word_1_209' title='bbox 2372 1650 2527 1720; x_wconf 79' lang='grc' dir='ltr'>ὑμεῖς</span> <span class='ocrx_word' id='word_1_210' title='bbox 2554 1651 2927 1705; x_wconf 81' lang='grc' dir='ltr'>άνταποδίδοτέ</span> <span class='ocrx_word' id='word_1_211' title='bbox 2973 1669 3095 1722; x_wconf 84' lang='grc' dir='ltr'>μοι,</span> <span class='ocrx_word' id='word_1_212' title='bbox 3129 1652 3163 1722; x_wconf 80' lang='grc' dir='ltr'>ἢ</span> <span class='ocrx_word' id='word_1_213' title='bbox 3203 1652 3582 1723; x_wconf 86' lang='grc' dir='ltr'>μνησικακεῖτε</span> <span class='ocrx_word' id='word_1_214' title='bbox 3618 1652 3778 1718; x_wconf 80' lang='grc' dir='ltr'>ὑμεῖς</span> 
     </span>
    </p>
   </div>
   <div class='ocr_carea' id='block_1_30' title="bbox 549 1736 2108 1807">
    <p class='ocr_par' dir='ltr' id='par_1_30' title="bbox 549 1736 2108 1807">
     <span class='ocr_line' id='line_1_30' title="bbox 549 1736 2108 1807; baseline -0.004 -11"><span class='ocrx_word' id='word_1_215' title='bbox 549 1758 643 1796; x_wconf 85' lang='lat' dir='ltr'><strong>sus</strong></span> <span class='ocrx_word' id='word_1_216' title='bbox 676 1741 800 1794; x_wconf 89' lang='lat' dir='ltr'><strong>me?</strong></span> <span class='ocrx_word' id='word_1_217' title='bbox 843 1738 965 1792; x_wconf 85' lang='lat' dir='ltr'><strong>Cito</strong></span> <span class='ocrx_word' id='word_1_218' title='bbox 1011 1737 1381 1807; x_wconf 76' lang='lat' dir='ltr'><strong>veleciterque</strong></span> <span class='ocrx_word' id='word_1_219' title='bbox 1411 1737 1630 1792; x_wconf 83' lang='lat' dir='ltr'><strong>reddam</strong></span> <span class='ocrx_word' id='word_1_220' title='bbox 1673 1736 2108 1792; x_wconf 89' lang='lat' dir='ltr'><strong>vicissitudinem</strong></span> 
     </span>
    </p>
   </div>
   <div class='ocr_carea' id='block_1_31' title="bbox 549 1828 2107 1899">
    <p class='ocr_par' dir='ltr' id='par_1_31' title="bbox 549 1828 2107 1899">
     <span class='ocr_line' id='line_1_31' title="bbox 549 1828 2107 1899; baseline -0.002 -18"><span class='ocrx_word' id='word_1_221' title='bbox 549 1832 702 1887; x_wconf 66' lang='lat' dir='ltr'><strong>vobis</strong></span> <span class='ocrx_word' id='word_1_222' title='bbox 754 1845 917 1899; x_wconf 87' lang='lat' dir='ltr'><strong>super</strong></span> <span class='ocrx_word' id='word_1_223' title='bbox 958 1829 1135 1899; x_wconf 87' lang='lat' dir='ltr'><strong>capita</strong></span> <span class='ocrx_word' id='word_1_224' title='bbox 1171 1838 1388 1893; x_wconf 90' lang='lat' dir='ltr'><strong>vestra;</strong></span> <span class='ocrx_word' id='word_1_225' title='bbox 1427 1843 1525 1897; x_wconf 91' lang='lat' dir='ltr'><strong>pro</strong></span> <span class='ocrx_word' id='word_1_226' title='bbox 1547 1844 1611 1882; x_wconf 81' lang='lat' dir='ltr'><strong>eo</strong></span> <span class='ocrx_word' id='word_1_227' title='bbox 1653 1828 1797 1897; x_wconf 89' lang='lat' dir='ltr'><strong>quod</strong></span> <span class='ocrx_word' id='word_1_228' title='bbox 1827 1836 2107 1898; x_wconf 76' lang='lat' dir='ltr'><strong>argentum</strong></span> 
     </span>
    </p>
   </div>
   <div class='ocr_carea' id='block_1_32' title="bbox 548 1919 2110 1991">
    <p class='ocr_par' dir='ltr' id='par_1_32' title="bbox 548 1919 2110 1991">
     <span class='ocr_line' id='line_1_32' title="bbox 548 1919 2110 1991; baseline -0.004 -14"><span class='ocrx_word' id='word_1_229' title='bbox 548 1938 727 1979; x_wconf 65' lang='lat' dir='ltr'><strong>niueum</strong></span> <span class='ocrx_word' id='word_1_230' title='bbox 784 1936 1086 1991; x_wconf 89' lang='lat' dir='ltr'><strong>aurumque</strong></span> <span class='ocrx_word' id='word_1_231' title='bbox 1135 1921 1381 1990; x_wconf 84' lang='lat' dir='ltr'><strong>cepistis,</strong></span> <span class='ocrx_word' id='word_1_232' title='bbox 1428 1927 1483 1973; x_wconf 90' lang='lat' dir='ltr'><strong>et</strong></span> <span class='ocrx_word' id='word_1_233' title='bbox 1533 1919 1732 1973; x_wconf 81' lang='lat' dir='ltr'><strong>selecta</strong></span> <span class='ocrx_word' id='word_1_234' title='bbox 1774 1933 2003 1988; x_wconf 71' lang='lat' dir='ltr'><strong>qumque</strong></span> <span class='ocrx_word' id='word_1_235' title='bbox 2047 1932 2110 1971; x_wconf 90' lang='lat' dir='ltr'><strong>ac</strong></span> 
     </span>
    </p>
   </div>
   <div class='ocr_carea' id='block_1_33' title="bbox 546 2008 2110 2083">
    <p class='ocr_par' dir='ltr' id='par_1_33' title="bbox 546 2008 2110 2083">
     <span class='ocr_line' id='line_1_33' title="bbox 546 2008 2110 2083; baseline -0.004 -16"><span class='ocrx_word' id='word_1_236' title='bbox 546 2014 776 2083; x_wconf 85' lang='lat' dir='ltr'><strong>pulchra</strong></span> <span class='ocrx_word' id='word_1_237' title='bbox 814 2013 870 2067; x_wconf 88' lang='lat' dir='ltr'><strong>in</strong></span> <span class='ocrx_word' id='word_1_238' title='bbox 895 2011 1120 2067; x_wconf 86' lang='lat' dir='ltr'><strong>delubra</strong></span> <span class='ocrx_word' id='word_1_239' title='bbox 1154 2019 1335 2066; x_wconf 90' lang='lat' dir='ltr'><strong>vestra</strong></span> <span class='ocrx_word' id='word_1_240' title='bbox 1365 2009 1650 2073; x_wconf 89' lang='lat' dir='ltr'><strong>intulistis,</strong></span> <span class='ocrx_word' id='word_1_241' title='bbox 1689 2016 1743 2064; x_wconf 90' lang='lat' dir='ltr'><strong>et</strong></span> <span class='ocrx_word' id='word_1_242' title='bbox 1783 2008 1936 2063; x_wconf 67' lang='lat' dir='ltr'><strong>Iudae</strong></span> <span class='ocrx_word' id='word_1_243' title='bbox 1970 2008 2110 2062; x_wconf 86' lang='lat' dir='ltr'><strong>ﬁlios</strong></span> 
     </span>
    </p>
   </div>
   <div class='ocr_carea' id='block_1_34' title="bbox 548 2097 2107 2174">
    <p class='ocr_par' dir='ltr' id='par_1_34' title="bbox 548 2097 2107 2174">
     <span class='ocr_line' id='line_1_34' title="bbox 548 2097 2107 2174; baseline -0.006 -17"><span class='ocrx_word' id='word_1_244' title='bbox 548 2106 794 2174; x_wconf 87' lang='lat' dir='ltr'><strong>ﬁliosque</strong></span> <span class='ocrx_word' id='word_1_245' title='bbox 848 2100 1184 2156; x_wconf 85' lang='lat' dir='ltr'><strong>Hierusalem</strong></span> <span class='ocrx_word' id='word_1_246' title='bbox 1217 2099 1541 2154; x_wconf 86' lang='lat' dir='ltr'><strong>vcndidistis</strong></span> <span class='ocrx_word' id='word_1_247' title='bbox 1594 2099 1721 2154; x_wconf 86' lang='lat' dir='ltr'><strong>ﬁliis</strong></span> <span class='ocrx_word' id='word_1_248' title='bbox 1771 2097 2107 2161; x_wconf 64' lang='lat' dir='ltr'><strong>Graecorum,</strong></span> 
     </span>
    </p>
   </div>
   <div class='ocr_carea' id='block_1_35' title="bbox 550 2189 2110 2263">
    <p class='ocr_par' dir='ltr' id='par_1_35' title="bbox 550 2189 2110 2263">
     <span class='ocr_line' id='line_1_35' title="bbox 550 2189 2110 2263; baseline -0.004 -13"><span class='ocrx_word' id='word_1_249' title='bbox 550 2207 606 2250; x_wconf 92' lang='lat' dir='ltr'><strong>ut</strong></span> <span class='ocrx_word' id='word_1_250' title='bbox 625 2194 899 2263; x_wconf 86' lang='lat' dir='ltr'><strong>ejiceretis</strong></span> <span class='ocrx_word' id='word_1_251' title='bbox 925 2208 1022 2249; x_wconf 89' lang='lat' dir='ltr'><strong>eos</strong></span> <span class='ocrx_word' id='word_1_252' title='bbox 1053 2192 1121 2246; x_wconf 91' lang='lat' dir='ltr'><strong>de</strong></span> <span class='ocrx_word' id='word_1_253' title='bbox 1150 2192 1349 2245; x_wconf 86' lang='lat' dir='ltr'><strong>ﬁnibus</strong></span> <span class='ocrx_word' id='word_1_254' title='bbox 1374 2190 1513 2245; x_wconf 86' lang='lat' dir='ltr'><strong>suis.</strong></span> <span class='ocrx_word' id='word_1_255' title='bbox 1538 2189 1679 2245; x_wconf 84' lang='lat' dir='ltr'><strong>Ecce</strong></span> <span class='ocrx_word' id='word_1_256' title='bbox 1703 2205 1804 2261; x_wconf 77' lang='lat' dir='ltr'><strong>ego</strong></span> <span class='ocrx_word' id='word_1_257' title='bbox 1834 2190 2110 2245; x_wconf 84' lang='lat' dir='ltr'><strong>suscitabo</strong></span> 
     </span>
    </p>
   </div>
   <div class='ocr_carea' id='block_1_36' title="bbox 546 2281 2109 2352">
    <p class='ocr_par' dir='ltr' id='par_1_36' title="bbox 546 2281 2109 2352">
     <span class='ocr_line' id='line_1_36' title="bbox 546 2281 2109 2352; baseline -0.005 -11"><span class='ocrx_word' id='word_1_258' title='bbox 546 2302 641 2341; x_wconf 88' lang='lat' dir='ltr'><strong>eos</strong></span> <span class='ocrx_word' id='word_1_259' title='bbox 676 2286 742 2341; x_wconf 90' lang='lat' dir='ltr'><strong>de</strong></span> <span class='ocrx_word' id='word_1_260' title='bbox 776 2286 919 2348; x_wconf 92' lang='lat' dir='ltr'><strong>loco,</strong></span> <span class='ocrx_word' id='word_1_261' title='bbox 963 2285 1015 2338; x_wconf 93' lang='lat' dir='ltr'><strong>in</strong></span> <span class='ocrx_word' id='word_1_262' title='bbox 1048 2298 1153 2352; x_wconf 91' lang='lat' dir='ltr'><strong>quo</strong></span> <span class='ocrx_word' id='word_1_263' title='bbox 1189 2281 1510 2337; x_wconf 85' lang='lat' dir='ltr'><strong>vendidistis</strong></span> <span class='ocrx_word' id='word_1_264' title='bbox 1538 2296 1669 2336; x_wconf 89' lang='lat' dir='ltr'><strong>eos:</strong></span> <span class='ocrx_word' id='word_1_265' title='bbox 1706 2290 1761 2337; x_wconf 89' lang='lat' dir='ltr'><strong>et</strong></span> <span class='ocrx_word' id='word_1_266' title='bbox 1797 2292 2109 2336; x_wconf 84' lang='lat' dir='ltr'><strong>convertam</strong></span> 
     </span>
    </p>
   </div>
   <div class='ocr_carea' id='block_1_37' title="bbox 551 2370 2109 2440">
    <p class='ocr_par' dir='ltr' id='par_1_37' title="bbox 551 2370 2109 2440">
     <span class='ocr_line' id='line_1_37' title="bbox 551 2370 2109 2440; baseline -0.004 -10"><span class='ocrx_word' id='word_1_267' title='bbox 551 2375 961 2430; x_wconf 89' lang='lat' dir='ltr'><strong>retributionem</strong></span> <span class='ocrx_word' id='word_1_268' title='bbox 994 2381 1231 2427; x_wconf 77' lang='lat' dir='ltr'><strong>vestram</strong></span> <span class='ocrx_word' id='word_1_269' title='bbox 1264 2371 1319 2424; x_wconf 92' lang='lat' dir='ltr'><strong>in</strong></span> <span class='ocrx_word' id='word_1_270' title='bbox 1339 2371 1520 2440; x_wconf 87' lang='lat' dir='ltr'><strong>capita</strong></span> <span class='ocrx_word' id='word_1_271' title='bbox 1542 2383 1720 2425; x_wconf 90' lang='lat' dir='ltr'><strong>vestra</strong></span> <span class='ocrx_word' id='word_1_272' title='bbox 1753 2389 1766 2424; x_wconf 91' lang='lat'>:</span> <span class='ocrx_word' id='word_1_273' title='bbox 1796 2380 1850 2424; x_wconf 91' lang='lat' dir='ltr'><strong>et</strong></span> <span class='ocrx_word' id='word_1_274' title='bbox 1882 2370 2109 2425; x_wconf 87' lang='lat' dir='ltr'><strong>vendam</strong></span> 
     </span>
    </p>
   </div>
   <div class='ocr_carea' id='block_1_38' title="bbox 547 2461 2109 2521">
    <p class='ocr_par' dir='ltr' id='par_1_38' title="bbox 547 2461 2109 2521">
     <span class='ocr_line' id='line_1_38' title="bbox 547 2461 2109 2521; baseline -0.004 -1"><span class='ocrx_word' id='word_1_275' title='bbox 547 2465 688 2521; x_wconf 89' lang='lat' dir='ltr'><strong>ﬁlios</strong></span> <span class='ocrx_word' id='word_1_276' title='bbox 729 2474 947 2520; x_wconf 86' lang='lat' dir='ltr'><strong>vestros</strong></span> <span class='ocrx_word' id='word_1_277' title='bbox 994 2478 1058 2517; x_wconf 87' lang='lat' dir='ltr'><strong>ac</strong></span> <span class='ocrx_word' id='word_1_278' title='bbox 1106 2464 1244 2517; x_wconf 87' lang='lat' dir='ltr'><strong>ﬁlias</strong></span> <span class='ocrx_word' id='word_1_279' title='bbox 1288 2470 1496 2517; x_wconf 88' lang='lat' dir='ltr'><strong>vestras</strong></span> <span class='ocrx_word' id='word_1_280' title='bbox 1542 2462 1598 2515; x_wconf 91' lang='lat' dir='ltr'><strong>in</strong></span> <span class='ocrx_word' id='word_1_281' title='bbox 1639 2476 1832 2517; x_wconf 90' lang='lat' dir='ltr'><strong>manus</strong></span> <span class='ocrx_word' id='word_1_282' title='bbox 1877 2461 2109 2516; x_wconf 90' lang='lat' dir='ltr'><strong>ﬁliorum</strong></span> 
     </span>
    </p>
   </div>
   <div class='ocr_carea' id='block_1_39' title="bbox 547 2552 2113 2624">
    <p class='ocr_par' dir='ltr' id='par_1_39' title="bbox 547 2552 2113 2624">
     <span class='ocr_line' id='line_1_39' title="bbox 547 2552 2113 2624; baseline -0.004 -12"><span class='ocrx_word' id='word_1_283' title='bbox 547 2555 741 2612; x_wconf 63' lang='lat' dir='ltr'><strong>Judae:</strong></span> <span class='ocrx_word' id='word_1_284' title='bbox 783 2556 1124 2623; x_wconf 83' lang='lat' dir='ltr'><strong>vendentque</strong></span> <span class='ocrx_word' id='word_1_285' title='bbox 1162 2568 1256 2609; x_wconf 89' lang='lat' dir='ltr'><strong>eos</strong></span> <span class='ocrx_word' id='word_1_286' title='bbox 1300 2553 1356 2607; x_wconf 86' lang='lat' dir='ltr'><strong>in</strong></span> <span class='ocrx_word' id='word_1_287' title='bbox 1395 2552 1769 2623; x_wconf 85' lang='lat' dir='ltr'><strong>captivitatem</strong></span> <span class='ocrx_word' id='word_1_288' title='bbox 1811 2555 1955 2624; x_wconf 74' lang='lat' dir='ltr'><strong>genti</strong></span> <span class='ocrx_word' id='word_1_289' title='bbox 1995 2554 2113 2607; x_wconf 85' lang='lat' dir='ltr'><strong>lon-</strong></span> 
     </span>
    </p>
   </div>
   <div class='ocr_carea' id='block_1_40' title="bbox 550 2642 2114 2721">
    <p class='ocr_par' dir='ltr' id='par_1_40' title="bbox 550 2642 2114 2721">
     <span class='ocr_line' id='line_1_40' title="bbox 550 2642 2114 2721; baseline -0.004 -17"><span class='ocrx_word' id='word_1_290' title='bbox 550 2650 799 2721; x_wconf 58' lang='lat' dir='ltr'><strong>ginqua;</strong></span> <span class='ocrx_word' id='word_1_291' title='bbox 825 2647 1083 2717; x_wconf 91' lang='lat' dir='ltr'><strong>quoniam</strong></span> <span class='ocrx_word' id='word_1_292' title='bbox 1124 2642 1385 2699; x_wconf 89' lang='lat' dir='ltr'><strong>Dominus</strong></span> <span class='ocrx_word' id='word_1_293' title='bbox 1418 2645 1630 2699; x_wconf 91' lang='lat' dir='ltr'><strong>locutus</strong></span> <span class='ocrx_word' id='word_1_294' title='bbox 1659 2652 1761 2699; x_wconf 90' lang='lat' dir='ltr'><strong>est.</strong></span> <span class='ocrx_word' id='word_1_295' title='bbox 1802 2663 1821 2695; x_wconf 77' lang='grc' dir='ltr'><strong>ι</strong></span> <span class='ocrx_word' id='word_1_296' title='bbox 1855 2644 2114 2710; x_wconf 89' lang='lat' dir='ltr'><strong>Quando-</strong></span> 
     </span>
    </p>
   </div>
   <div class='ocr_carea' id='block_1_41' title="bbox 549 2733 2113 2810">
    <p class='ocr_par' dir='ltr' id='par_1_41' title="bbox 549 2733 2113 2810">
     <span class='ocr_line' id='line_1_41' title="bbox 549 2733 2113 2810; baseline -0.003 -17"><span class='ocrx_word' id='word_1_297' title='bbox 549 2736 764 2810; x_wconf 75' lang='lat' dir='ltr'><strong>quidem</strong></span> <span class='ocrx_word' id='word_1_298' title='bbox 791 2736 926 2808; x_wconf 80' lang='lat' dir='ltr'><strong>Gogi</strong></span> <span class='ocrx_word' id='word_1_299' title='bbox 964 2736 1299 2790; x_wconf 83' lang='lat' dir='ltr'><strong>exercituum</strong></span> <span class='ocrx_word' id='word_1_300' title='bbox 1335 2734 1594 2790; x_wconf 87' lang='lat' dir='ltr'><strong>adversus</strong></span> <span class='ocrx_word' id='word_1_301' title='bbox 1628 2733 1961 2791; x_wconf 87' lang='lat' dir='ltr'><strong>Hierusalem</strong></span> <span class='ocrx_word' id='word_1_302' title='bbox 1996 2736 2113 2791; x_wconf 89' lang='lat' dir='ltr'><strong>visa</strong></span> 
     </span>
    </p>
   </div>
   <div class='ocr_carea' id='block_1_42' title="bbox 549 2824 2112 2897">
    <p class='ocr_par' dir='ltr' id='par_1_42' title="bbox 549 2824 2112 2897">
     <span class='ocr_line' id='line_1_42' title="bbox 549 2824 2112 2897; baseline -0.006 -11"><span class='ocrx_word' id='word_1_303' title='bbox 549 2829 883 2893; x_wconf 87' lang='lat' dir='ltr'><strong>incursione,</strong></span> <span class='ocrx_word' id='word_1_304' title='bbox 937 2825 1085 2897; x_wconf 86' lang='lat' dir='ltr'><strong>Tyrii</strong></span> <span class='ocrx_word' id='word_1_305' title='bbox 1150 2824 1474 2895; x_wconf 90' lang='lat' dir='ltr'><strong>Sidoniique</strong></span> <span class='ocrx_word' id='word_1_306' title='bbox 1528 2833 1583 2880; x_wconf 87' lang='lat' dir='ltr'><strong>et</strong></span> <span class='ocrx_word' id='word_1_307' title='bbox 1642 2840 1835 2880; x_wconf 87' lang='lat' dir='ltr'><strong>omnes</strong></span> <span class='ocrx_word' id='word_1_308' title='bbox 1898 2824 2112 2878; x_wconf 91' lang='lat' dir='ltr'><strong>ﬁnitimi</strong></span> 
     </span>
    </p>
   </div>
   <div class='ocr_carea' id='block_1_43' title="bbox 550 2916 2116 2991">
    <p class='ocr_par' dir='ltr' id='par_1_43' title="bbox 550 2916 2116 2991">
     <span class='ocr_line' id='line_1_43' title="bbox 550 2916 2116 2991; baseline -0.003 -16"><span class='ocrx_word' id='word_1_309' title='bbox 550 2921 883 2991; x_wconf 61' lang='lat' dir='ltr'><strong>alienigena,</strong></span> <span class='ocrx_word' id='word_1_310' title='bbox 933 2918 1186 2972; x_wconf 89' lang='lat' dir='ltr'><strong>idoneum</strong></span> <span class='ocrx_word' id='word_1_311' title='bbox 1230 2925 1445 2987; x_wconf 88' lang='lat' dir='ltr'><strong>tempus</strong></span> <span class='ocrx_word' id='word_1_312' title='bbox 1486 2916 1727 2971; x_wconf 87' lang='lat' dir='ltr'><strong>oblatum</strong></span> <span class='ocrx_word' id='word_1_313' title='bbox 1776 2916 1879 2971; x_wconf 89' lang='lat' dir='ltr'><strong>sibi</strong></span> <span class='ocrx_word' id='word_1_314' title='bbox 1925 2917 2116 2971; x_wconf 78' lang='lat' dir='ltr'><strong>existi—</strong></span> 
     </span>
    </p>
   </div>
   <div class='ocr_carea' id='block_1_44' title="bbox 2211 1740 3777 1813">
    <p class='ocr_par' dir='ltr' id='par_1_44' title="bbox 2211 1740 3777 1813">
     <span class='ocr_line' id='line_1_44' title="bbox 2211 1740 3777 1813; baseline -0.001 -21"><span class='ocrx_word' id='word_1_315' title='bbox 2211 1741 2296 1792; x_wconf 78' lang='grc' dir='ltr'><strong>ἐπ’</strong></span> <span class='ocrx_word' id='word_1_316' title='bbox 2329 1741 2487 1811; x_wconf 77' lang='grc' dir='ltr'>ὲμοί;</span> <span class='ocrx_word' id='word_1_317' title='bbox 2534 1740 2728 1808; x_wconf 83' lang='grc' dir='ltr'>Ὀξέως</span> <span class='ocrx_word' id='word_1_318' title='bbox 2768 1742 2861 1794; x_wconf 75' lang='grc' dir='ltr'><strong>καὶ</strong></span> <span class='ocrx_word' id='word_1_319' title='bbox 2906 1742 3115 1813; x_wconf 88' lang='grc' dir='ltr'>ταχέως</span> <span class='ocrx_word' id='word_1_320' title='bbox 3153 1740 3512 1795; x_wconf 83' lang='grc' dir='ltr'><strong>ἀνταποδώσω</strong></span> <span class='ocrx_word' id='word_1_321' title='bbox 3548 1740 3608 1793; x_wconf 87' lang='grc' dir='ltr'>τὸ</span> <span class='ocrx_word' id='word_1_322' title='bbox 3644 1741 3777 1793; x_wconf 81' lang='grc' dir='ltr'>ἀντ-</span> 
     </span>
    </p>
   </div>
   <div class='ocr_carea' id='block_1_45' title="bbox 2210 1826 3779 1903">
    <p class='ocr_par' dir='ltr' id='par_1_45' title="bbox 2210 1826 3779 1903">
     <span class='ocr_line' id='line_1_45' title="bbox 2210 1826 3779 1903; baseline -0.002 -20"><span class='ocrx_word' id='word_1_323' title='bbox 2210 1831 2455 1901; x_wconf 84' lang='grc' dir='ltr'>απόδομα</span> <span class='ocrx_word' id='word_1_324' title='bbox 2475 1831 2627 1902; x_wconf 82' lang='grc' dir='ltr'>ὑμῶν</span> <span class='ocrx_word' id='word_1_325' title='bbox 2648 1834 2725 1894; x_wconf 87' lang='grc' dir='ltr'><strong>είς</strong></span> <span class='ocrx_word' id='word_1_326' title='bbox 2746 1833 2984 1901; x_wconf 83' lang='grc' dir='ltr'>κεφαλὰς</span> <span class='ocrx_word' id='word_1_327' title='bbox 2999 1832 3171 1903; x_wconf 81' lang='grc' dir='ltr'>ὑμῶν’</span> <span class='ocrx_word' id='word_1_328' title='bbox 3194 1832 3309 1886; x_wconf 86' lang='grc' dir='ltr'>ἀνθ’</span> <span class='ocrx_word' id='word_1_329' title='bbox 3330 1826 3404 1885; x_wconf 74' lang='grc' dir='ltr'>ὧν</span> <span class='ocrx_word' id='word_1_330' title='bbox 3429 1832 3488 1884; x_wconf 73' lang='grc' dir='ltr'>τὸ</span> <span class='ocrx_word' id='word_1_331' title='bbox 3512 1831 3779 1903; x_wconf 86' lang='grc' dir='ltr'>ἀργύριον</span> 
     </span>
    </p>
   </div>
   <div class='ocr_carea' id='block_1_46' title="bbox 2211 1918 3776 1991">
    <p class='ocr_par' dir='ltr' id='par_1_46' title="bbox 2211 1918 3776 1991">
     <span class='ocr_line' id='line_1_46' title="bbox 2211 1918 3776 1991; baseline 0.001 -21"><span class='ocrx_word' id='word_1_332' title='bbox 2211 1918 2429 1972; x_wconf 78' lang='grc' dir='ltr'>ἐλάϐετε</span> <span class='ocrx_word' id='word_1_333' title='bbox 2454 1959 2469 1983; x_wconf 91' lang='grc'><strong>,</strong></span> <span class='ocrx_word' id='word_1_334' title='bbox 2516 1922 2609 1973; x_wconf 72' lang='grc' dir='ltr'>καὶ</span> <span class='ocrx_word' id='word_1_335' title='bbox 2642 1920 2708 1973; x_wconf 82' lang='grc' dir='ltr'>τὰ</span> <span class='ocrx_word' id='word_1_336' title='bbox 2736 1921 2990 1974; x_wconf 78' lang='grc' dir='ltr'>ὲπίλεκτα</span> <span class='ocrx_word' id='word_1_337' title='bbox 3017 1922 3111 1974; x_wconf 83' lang='grc' dir='ltr'>καὶ</span> <span class='ocrx_word' id='word_1_338' title='bbox 3137 1922 3209 1975; x_wconf 90' lang='grc' dir='ltr'><strong>τά</strong></span> <span class='ocrx_word' id='word_1_339' title='bbox 3238 1922 3379 1975; x_wconf 88' lang='grc' dir='ltr'><strong>καλά</strong></span> <span class='ocrx_word' id='word_1_340' title='bbox 3420 1920 3776 1991; x_wconf 84' lang='grc' dir='ltr'>είσηνέγκατε</span> 
     </span>
    </p>
   </div>
   <div class='ocr_carea' id='block_1_47' title="bbox 2211 2010 3779 2081">
    <p class='ocr_par' dir='ltr' id='par_1_47' title="bbox 2211 2010 3779 2081">
     <span class='ocr_line' id='line_1_47' title="bbox 2211 2010 3779 2081; baseline 0.002 -21"><span class='ocrx_word' id='word_1_341' title='bbox 2211 2010 2291 2071; x_wconf 89' lang='grc' dir='ltr'><strong>είς</strong></span> <span class='ocrx_word' id='word_1_342' title='bbox 2315 2011 2439 2073; x_wconf 75' lang='grc' dir='ltr'>τοὺς</span> <span class='ocrx_word' id='word_1_343' title='bbox 2468 2011 2625 2073; x_wconf 79' lang='grc' dir='ltr'>ναοὺς</span> <span class='ocrx_word' id='word_1_344' title='bbox 2653 2011 2803 2081; x_wconf 85' lang='grc' dir='ltr'>ὑμῶν</span> <span class='ocrx_word' id='word_1_345' title='bbox 2825 2025 2839 2039; x_wconf 78' lang='grc'><strong><em>⁸</em></strong></span> <span class='ocrx_word' id='word_1_346' title='bbox 2888 2013 2981 2066; x_wconf 75' lang='grc' dir='ltr'>καὶ</span> <span class='ocrx_word' id='word_1_347' title='bbox 3004 2013 3130 2075; x_wconf 71' lang='grc' dir='ltr'>τοὺς</span> <span class='ocrx_word' id='word_1_348' title='bbox 3153 2014 3299 2075; x_wconf 78' lang='grc' dir='ltr'>υἱοὺς</span> <span class='ocrx_word' id='word_1_349' title='bbox 3338 2011 3502 2064; x_wconf 82' lang='grc' dir='ltr'>Ἰούδα</span> <span class='ocrx_word' id='word_1_350' title='bbox 3528 2013 3620 2064; x_wconf 70' lang='grc' dir='ltr'>καὶ</span> <span class='ocrx_word' id='word_1_351' title='bbox 3649 2013 3779 2072; x_wconf 78' lang='grc' dir='ltr'>τοὺς</span> 
     </span>
    </p>
   </div>
   <div class='ocr_carea' id='block_1_48' title="bbox 2214 2101 3771 2174">
    <p class='ocr_par' dir='ltr' id='par_1_48' title="bbox 2214 2101 3771 2174">
     <span class='ocr_line' id='line_1_48' title="bbox 2214 2101 3771 2174; baseline -0.002 -20"><span class='ocrx_word' id='word_1_352' title='bbox 2214 2104 2359 2165; x_wconf 81' lang='grc' dir='ltr'>υἱοὺς</span> <span class='ocrx_word' id='word_1_353' title='bbox 2428 2102 2770 2174; x_wconf 83' lang='grc' dir='ltr'>Ἰερουσαλὴμ</span> <span class='ocrx_word' id='word_1_354' title='bbox 2817 2103 3077 2157; x_wconf 78' lang='grc' dir='ltr'><strong>ἀπέδοσθε</strong></span> <span class='ocrx_word' id='word_1_355' title='bbox 3136 2106 3247 2167; x_wconf 87' lang='grc' dir='ltr'>τοῖς</span> <span class='ocrx_word' id='word_1_356' title='bbox 3282 2106 3418 2166; x_wconf 78' lang='grc' dir='ltr'>υἱοῖς</span> <span class='ocrx_word' id='word_1_357' title='bbox 3446 2103 3552 2154; x_wconf 83' lang='grc' dir='ltr'>τῶν</span> <span class='ocrx_word' id='word_1_358' title='bbox 3592 2101 3771 2170; x_wconf 80' lang='grc' dir='ltr'>Ἑλλή-</span> 
     </span>
    </p>
   </div>
   <div class='ocr_carea' id='block_1_49' title="bbox 2211 2189 3780 2263">
    <p class='ocr_par' dir='ltr' id='par_1_49' title="bbox 2211 2189 3780 2263">
     <span class='ocr_line' id='line_1_49' title="bbox 2211 2189 3780 2263; baseline -0.003 -19"><span class='ocrx_word' id='word_1_359' title='bbox 2211 2208 2337 2255; x_wconf 85' lang='grc' dir='ltr'><strong>νων,</strong></span> <span class='ocrx_word' id='word_1_360' title='bbox 2371 2196 2446 2261; x_wconf 89' lang='lat' dir='ltr'><strong>(p.</strong></span> <span class='ocrx_word' id='word_1_361' title='bbox 2472 2191 2593 2261; x_wconf 70' lang='lat'><strong>152)</strong></span> <span class='ocrx_word' id='word_1_362' title='bbox 2620 2193 2766 2255; x_wconf 83' lang='grc' dir='ltr'>ὅπως</span> <span class='ocrx_word' id='word_1_363' title='bbox 2794 2192 3030 2263; x_wconf 82' lang='grc' dir='ltr'>ὲξώσητε</span> <span class='ocrx_word' id='word_1_364' title='bbox 3057 2191 3249 2254; x_wconf 72' lang='grc' dir='ltr'>αὐτοὺς</span> <span class='ocrx_word' id='word_1_365' title='bbox 3275 2194 3339 2244; x_wconf 82' lang='grc' dir='ltr'><strong>ὲκ</strong></span> <span class='ocrx_word' id='word_1_366' title='bbox 3358 2192 3463 2244; x_wconf 84' lang='grc' dir='ltr'>τῶν</span> <span class='ocrx_word' id='word_1_367' title='bbox 3485 2189 3647 2260; x_wconf 86' lang='grc' dir='ltr'>ὁρίων</span> <span class='ocrx_word' id='word_1_368' title='bbox 3676 2190 3780 2240; x_wconf 84' lang='grc' dir='ltr'>αύ-</span> 
     </span>
    </p>
   </div>
   <div class='ocr_carea' id='block_1_50' title="bbox 2211 2274 3782 2353">
    <p class='ocr_par' dir='ltr' id='par_1_50' title="bbox 2211 2274 3782 2353">
     <span class='ocr_line' id='line_1_50' title="bbox 2211 2274 3782 2353; baseline -0.003 -19"><span class='ocrx_word' id='word_1_369' title='bbox 2211 2280 2347 2334; x_wconf 74' lang='grc' dir='ltr'><strong>τῶνο</strong></span> <span class='ocrx_word' id='word_1_370' title='bbox 2385 2282 2492 2334; x_wconf 78' lang='grc' dir='ltr'>ἰδοὺ</span> <span class='ocrx_word' id='word_1_371' title='bbox 2516 2280 2624 2349; x_wconf 75' lang='grc' dir='ltr'><strong>ἐγὼ</strong></span> <span class='ocrx_word' id='word_1_372' title='bbox 2650 2281 2883 2353; x_wconf 78' lang='grc' dir='ltr'>ὲξεγερῶ</span> <span class='ocrx_word' id='word_1_373' title='bbox 2916 2282 3111 2345; x_wconf 78' lang='grc' dir='ltr'>αὐτοὺς</span> <span class='ocrx_word' id='word_1_374' title='bbox 3149 2285 3213 2335; x_wconf 81' lang='grc' dir='ltr'><strong>ὲκ</strong></span> <span class='ocrx_word' id='word_1_375' title='bbox 3238 2280 3329 2334; x_wconf 81' lang='grc' dir='ltr'>τοῦ</span> <span class='ocrx_word' id='word_1_376' title='bbox 3361 2281 3547 2344; x_wconf 86' lang='grc' dir='ltr'>τόπου,</span> <span class='ocrx_word' id='word_1_377' title='bbox 3576 2274 3638 2332; x_wconf 72' lang='grc' dir='ltr'>οὗ</span> <span class='ocrx_word' id='word_1_378' title='bbox 3668 2280 3782 2331; x_wconf 87' lang='grc' dir='ltr'>ἀπ-</span> 
     </span>
    </p>
   </div>
   <div class='ocr_carea' id='block_1_51' title="bbox 2214 2367 3782 2441">
    <p class='ocr_par' dir='ltr' id='par_1_51' title="bbox 2214 2367 3782 2441">
     <span class='ocr_line' id='line_1_51' title="bbox 2214 2367 3782 2441; baseline -0.004 -18"><span class='ocrx_word' id='word_1_379' title='bbox 2214 2371 2394 2425; x_wconf 89' lang='grc' dir='ltr'>έδοσθε</span> <span class='ocrx_word' id='word_1_380' title='bbox 2415 2372 2609 2433; x_wconf 79' lang='grc' dir='ltr'>αὐτοὺς</span> <span class='ocrx_word' id='word_1_381' title='bbox 2629 2373 2767 2441; x_wconf 73' lang='grc' dir='ltr'>ἐκεῖ,</span> <span class='ocrx_word' id='word_1_382' title='bbox 2782 2373 2873 2424; x_wconf 71' lang='grc' dir='ltr'>καὶ</span> <span class='ocrx_word' id='word_1_383' title='bbox 2895 2371 3254 2425; x_wconf 82' lang='grc' dir='ltr'>ἀνταποδώσω</span> <span class='ocrx_word' id='word_1_384' title='bbox 3277 2372 3336 2425; x_wconf 70' lang='grc' dir='ltr'>τὸ</span> <span class='ocrx_word' id='word_1_385' title='bbox 3356 2371 3597 2439; x_wconf 81' lang='grc' dir='ltr'>ἀπόδομα</span> <span class='ocrx_word' id='word_1_386' title='bbox 3623 2367 3782 2438; x_wconf 82' lang='grc' dir='ltr'><strong>ὑμῶν</strong></span> 
     </span>
    </p>
   </div>
   <div class='ocr_carea' id='block_1_52' title="bbox 2214 2460 3784 2533">
    <p class='ocr_par' dir='ltr' id='par_1_52' title="bbox 2214 2460 3784 2533">
     <span class='ocr_line' id='line_1_52' title="bbox 2214 2460 3784 2533; baseline -0.011 -6"><span class='ocrx_word' id='word_1_387' title='bbox 2214 2464 2291 2527; x_wconf 83' lang='grc' dir='ltr'>εἰς</span> <span class='ocrx_word' id='word_1_388' title='bbox 2340 2464 2436 2525; x_wconf 76' lang='grc' dir='ltr'><strong>τὰς</strong></span> <span class='ocrx_word' id='word_1_389' title='bbox 2466 2462 2706 2532; x_wconf 79' lang='grc' dir='ltr'>κεφαλὰς</span> <span class='ocrx_word' id='word_1_390' title='bbox 2734 2461 2885 2533; x_wconf 79' lang='grc' dir='ltr'>ὑμῶν</span> <span class='ocrx_word' id='word_1_391' title='bbox 2909 2480 2923 2493; x_wconf 91' lang='grc'><strong>·</strong></span> <span class='ocrx_word' id='word_1_392' title='bbox 2973 2463 3066 2518; x_wconf 78' lang='grc' dir='ltr'><strong>καὶ</strong></span> <span class='ocrx_word' id='word_1_393' title='bbox 3098 2461 3442 2531; x_wconf 84' lang='grc' dir='ltr'>ἀποδώσομαι</span> <span class='ocrx_word' id='word_1_394' title='bbox 3471 2462 3595 2523; x_wconf 77' lang='grc' dir='ltr'>τοὺς</span> <span class='ocrx_word' id='word_1_395' title='bbox 3628 2460 3784 2520; x_wconf 69' lang='grc' dir='ltr'>υίοίις</span> 
     </span>
    </p>
   </div>
   <div class='ocr_carea' id='block_1_53' title="bbox 2216 2550 3782 2625">
    <p class='ocr_par' dir='ltr' id='par_1_53' title="bbox 2216 2550 3782 2625">
     <span class='ocr_line' id='line_1_53' title="bbox 2216 2550 3782 2625; baseline -0.004 -17"><span class='ocrx_word' id='word_1_396' title='bbox 2216 2554 2367 2625; x_wconf 85' lang='grc' dir='ltr'>ὑμῶν</span> <span class='ocrx_word' id='word_1_397' title='bbox 2392 2554 2485 2608; x_wconf 76' lang='grc' dir='ltr'><strong>καὶ</strong></span> <span class='ocrx_word' id='word_1_398' title='bbox 2509 2555 2607 2617; x_wconf 79' lang='grc' dir='ltr'>τὰς</span> <span class='ocrx_word' id='word_1_399' title='bbox 2634 2554 2935 2625; x_wconf 82' lang='grc' dir='ltr'>θυγατέρας</span> <span class='ocrx_word' id='word_1_400' title='bbox 2967 2554 3118 2625; x_wconf 82' lang='grc' dir='ltr'>ὑμῶν</span> <span class='ocrx_word' id='word_1_401' title='bbox 3146 2556 3223 2616; x_wconf 82' lang='grc' dir='ltr'><strong>εἰς</strong></span> <span class='ocrx_word' id='word_1_402' title='bbox 3253 2556 3440 2624; x_wconf 82' lang='grc' dir='ltr'>χεῖρας</span> <span class='ocrx_word' id='word_1_403' title='bbox 3464 2553 3593 2604; x_wconf 77' lang='grc' dir='ltr'>υἱῶν</span> <span class='ocrx_word' id='word_1_404' title='bbox 3642 2550 3782 2603; x_wconf 87' lang='grc' dir='ltr'><strong>Ἰού-</strong></span> 
     </span>
    </p>
   </div>
   <div class='ocr_carea' id='block_1_54' title="bbox 2214 2643 3785 2714">
    <p class='ocr_par' dir='ltr' id='par_1_54' title="bbox 2214 2643 3785 2714">
     <span class='ocr_line' id='line_1_54' title="bbox 2214 2643 3785 2714; baseline -0.003 -14"><span class='ocrx_word' id='word_1_405' title='bbox 2214 2648 2277 2700; x_wconf 87' lang='grc' dir='ltr'><strong>δα</strong></span> <span class='ocrx_word' id='word_1_406' title='bbox 2307 2664 2321 2679; x_wconf 90' lang='grc'><strong>·</strong></span> <span class='ocrx_word' id='word_1_407' title='bbox 2379 2647 2473 2701; x_wconf 78' lang='grc' dir='ltr'>καὶ</span> <span class='ocrx_word' id='word_1_408' title='bbox 2517 2645 2887 2701; x_wconf 86' lang='grc' dir='ltr'>ἀποδώσονται</span> <span class='ocrx_word' id='word_1_409' title='bbox 2917 2647 3112 2710; x_wconf 78' lang='grc' dir='ltr'>αὐτοὺς</span> <span class='ocrx_word' id='word_1_410' title='bbox 3133 2649 3209 2709; x_wconf 79' lang='grc' dir='ltr'><strong>είς</strong></span> <span class='ocrx_word' id='word_1_411' title='bbox 3240 2643 3618 2714; x_wconf 75' lang='grc' dir='ltr'>αἰχμαλωσίαν</span> <span class='ocrx_word' id='word_1_412' title='bbox 3637 2684 3652 2707; x_wconf 87' lang='grc'><strong>,</strong></span> <span class='ocrx_word' id='word_1_413' title='bbox 3698 2643 3785 2703; x_wconf 86' lang='grc' dir='ltr'><strong>είς</strong></span> 
     </span>
    </p>
   </div>
   <div class='ocr_carea' id='block_1_55' title="bbox 2215 2737 3786 2811">
    <p class='ocr_par' dir='ltr' id='par_1_55' title="bbox 2215 2737 3786 2811">
     <span class='ocr_line' id='line_1_55' title="bbox 2215 2737 3786 2811; baseline -0.002 -20"><span class='ocrx_word' id='word_1_414' title='bbox 2215 2738 2365 2802; x_wconf 78' lang='grc' dir='ltr'>ἔθνος</span> <span class='ocrx_word' id='word_1_415' title='bbox 2395 2739 2610 2810; x_wconf 78' lang='grc' dir='ltr'>μακρὰν</span> <span class='ocrx_word' id='word_1_416' title='bbox 2643 2740 2865 2809; x_wconf 81' lang='grc' dir='ltr'>ἀπέχον,</span> <span class='ocrx_word' id='word_1_417' title='bbox 2888 2741 2968 2793; x_wconf 86' lang='grc' dir='ltr'>ὅτι</span> <span class='ocrx_word' id='word_1_418' title='bbox 3004 2739 3205 2811; x_wconf 81' lang='grc' dir='ltr'>Κύριος</span> <span class='ocrx_word' id='word_1_419' title='bbox 3233 2740 3510 2809; x_wconf 78' lang='grc' dir='ltr'>ἐλάλησεν.</span> <span class='ocrx_word' id='word_1_420' title='bbox 3533 2756 3552 2789; x_wconf 77' lang='grc' dir='ltr'><strong>ι</strong></span> <span class='ocrx_word' id='word_1_421' title='bbox 3601 2737 3786 2789; x_wconf 84' lang='grc' dir='ltr'>Ἐπει-</span> 
     </span>
    </p>
   </div>
   <div class='ocr_carea' id='block_1_56' title="bbox 2214 2828 3786 2902">
    <p class='ocr_par' dir='ltr' id='par_1_56' title="bbox 2214 2828 3786 2902">
     <span class='ocr_line' id='line_1_56' title="bbox 2214 2828 3786 2902; baseline -0.002 -20"><span class='ocrx_word' id='word_1_422' title='bbox 2214 2830 2278 2901; x_wconf 85' lang='grc' dir='ltr'>δὴ</span> <span class='ocrx_word' id='word_1_423' title='bbox 2312 2830 2419 2902; x_wconf 84' lang='grc' dir='ltr'><strong>γὰρ</strong></span> <span class='ocrx_word' id='word_1_424' title='bbox 2450 2832 2577 2894; x_wconf 82' lang='grc' dir='ltr'>τοὺς</span> <span class='ocrx_word' id='word_1_425' title='bbox 2620 2830 2747 2900; x_wconf 82' lang='grc' dir='ltr'>περὶ</span> <span class='ocrx_word' id='word_1_426' title='bbox 2785 2830 2875 2883; x_wconf 84' lang='grc' dir='ltr'>τὸν</span> <span class='ocrx_word' id='word_1_427' title='bbox 2915 2830 3037 2898; x_wconf 86' lang='grc' dir='ltr'><strong>Γὼγ</strong></span> <span class='ocrx_word' id='word_1_428' title='bbox 3071 2830 3319 2892; x_wconf 77' lang='grc' dir='ltr'>ἐπιόντας</span> <span class='ocrx_word' id='word_1_429' title='bbox 3347 2829 3646 2901; x_wconf 80' lang='grc' dir='ltr'>ἑωρακότες</span> <span class='ocrx_word' id='word_1_430' title='bbox 3677 2828 3786 2896; x_wconf 78' lang='grc' dir='ltr'>τὴν</span> 
     </span>
    </p>
   </div>
   <div class='ocr_carea' id='block_1_57' title="bbox 2229 2921 3784 2993">
    <p class='ocr_par' dir='ltr' id='par_1_57' title="bbox 2229 2921 3784 2993">
     <span class='ocr_line' id='line_1_57' title="bbox 2229 2921 3784 2993; baseline -0.002 -19"><span class='ocrx_word' id='word_1_431' title='bbox 2229 2921 2581 2993; x_wconf 80' lang='grc' dir='ltr'>Ἰερουσαλὴμ</span> <span class='ocrx_word' id='word_1_432' title='bbox 2608 2962 2621 2985; x_wconf 88' lang='grc'><strong>,</strong></span> <span class='ocrx_word' id='word_1_433' title='bbox 2659 2922 2847 2992; x_wconf 87' lang='grc' dir='ltr'>Τύριοί</span> <span class='ocrx_word' id='word_1_434' title='bbox 2884 2939 2941 2975; x_wconf 87' lang='grc' dir='ltr'><strong>τε</strong></span> <span class='ocrx_word' id='word_1_435' title='bbox 2985 2925 3079 2976; x_wconf 74' lang='grc' dir='ltr'>καὶ</span> <span class='ocrx_word' id='word_1_436' title='bbox 3114 2922 3374 2984; x_wconf 81' lang='grc' dir='ltr'>Σιδώνιοι,</span> <span class='ocrx_word' id='word_1_437' title='bbox 3400 2923 3596 2983; x_wconf 80' lang='grc' dir='ltr'>πάντες</span> <span class='ocrx_word' id='word_1_438' title='bbox 3627 2936 3683 2971; x_wconf 88' lang='grc' dir='ltr'><strong>τε</strong></span> <span class='ocrx_word' id='word_1_439' title='bbox 3730 2921 3784 2971; x_wconf 87' lang='grc' dir='ltr'><strong>οἱ</strong></span> 
     </span>
    </p>
   </div>
   <div class='ocr_carea' id='block_1_58' title="bbox 550 3007 2110 3083">
    <p class='ocr_par' dir='ltr' id='par_1_58' title="bbox 550 3007 2110 3079">
     <span class='ocr_line' id='line_1_58' title="bbox 550 3007 2110 3079; baseline -0.004 -12"><span class='ocrx_word' id='word_1_440' title='bbox 550 3019 831 3067; x_wconf 86' lang='lat' dir='ltr'><strong>maverant</strong></span> <span class='ocrx_word' id='word_1_441' title='bbox 858 3008 1115 3079; x_wconf 85' lang='lat' dir='ltr'><strong>perdendi</strong></span> <span class='ocrx_word' id='word_1_442' title='bbox 1142 3007 1388 3063; x_wconf 84' lang='lat' dir='ltr'><strong>funditus</strong></span> <span class='ocrx_word' id='word_1_443' title='bbox 1413 3008 1713 3073; x_wconf 87' lang='lat' dir='ltr'><strong>Israelitas,</strong></span> <span class='ocrx_word' id='word_1_444' title='bbox 1746 3009 1943 3078; x_wconf 88' lang='lat' dir='ltr'><strong>quibus</strong></span> <span class='ocrx_word' id='word_1_445' title='bbox 1974 3010 2110 3063; x_wconf 88' lang='lat' dir='ltr'><strong>clam</strong></span> 
     </span>
    </p>
   </div>
   <div class='ocr_carea' id='block_1_59' title="bbox 2214 3007 3787 3083">
    <p class='ocr_par' dir='ltr' id='par_1_59' title="bbox 2216 3008 3787 3083">
     <span class='ocr_line' id='line_1_59' title="bbox 2216 3008 3787 3083; baseline -0.002 -20"><span class='ocrx_word' id='word_1_446' title='bbox 2216 3012 2482 3083; x_wconf 86' lang='grc' dir='ltr'>περίοικοι</span> <span class='ocrx_word' id='word_1_447' title='bbox 2507 3013 2616 3065; x_wconf 85' lang='grc' dir='ltr'>τῶν</span> <span class='ocrx_word' id='word_1_448' title='bbox 2644 3012 2975 3082; x_wconf 72' lang='grc' dir='ltr'>ἀλλοφύλων,</span> <span class='ocrx_word' id='word_1_449' title='bbox 3003 3013 3192 3083; x_wconf 83' lang='grc' dir='ltr'>καιρὸν</span> <span class='ocrx_word' id='word_1_450' title='bbox 3223 3012 3364 3083; x_wconf 78' lang='grc' dir='ltr'>ἔχειν</span> <span class='ocrx_word' id='word_1_451' title='bbox 3399 3009 3656 3081; x_wconf 77' lang='grc' dir='ltr'>ᾠήθησαν</span> <span class='ocrx_word' id='word_1_452' title='bbox 3682 3008 3787 3061; x_wconf 72' lang='grc' dir='ltr'><strong>τοῦ</strong></span> 
     </span>
    </p>
   </div>
   <div class='ocr_carea' id='block_1_60' title="bbox 550 3099 2111 3171">
    <p class='ocr_par' dir='ltr' id='par_1_60' title="bbox 550 3099 2111 3171">
     <span class='ocr_line' id='line_1_60' title="bbox 550 3099 2111 3171; baseline -0.003 -14"><span class='ocrx_word' id='word_1_453' title='bbox 550 3102 953 3168; x_wconf 87' lang='lat' dir='ltr'><strong>irascebantur,</strong></span> <span class='ocrx_word' id='word_1_454' title='bbox 979 3109 1202 3171; x_wconf 91' lang='lat' dir='ltr'><strong>propter</strong></span> <span class='ocrx_word' id='word_1_455' title='bbox 1225 3099 1363 3156; x_wconf 87' lang='lat' dir='ltr'><strong>bella</strong></span> <span class='ocrx_word' id='word_1_456' title='bbox 1394 3114 1579 3155; x_wconf 89' lang='lat' dir='ltr'><strong>secum</strong></span> <span class='ocrx_word' id='word_1_457' title='bbox 1609 3108 1780 3171; x_wconf 73' lang='lat' dir='ltr'><strong>gesta,</strong></span> <span class='ocrx_word' id='word_1_458' title='bbox 1812 3109 1863 3155; x_wconf 91' lang='lat' dir='ltr'><strong>et</strong></span> <span class='ocrx_word' id='word_1_459' title='bbox 1896 3100 2111 3154; x_wconf 91' lang='lat' dir='ltr'><strong>illorum</strong></span> 
     </span>
    </p>
   </div>
   <div class='ocr_carea' id='block_1_61' title="bbox 555 3187 2113 3263">
    <p class='ocr_par' dir='ltr' id='par_1_61' title="bbox 555 3187 2113 3263">
     <span class='ocr_line' id='line_1_61' title="bbox 555 3187 2113 3263; baseline -0.003 -14"><span class='ocrx_word' id='word_1_460' title='bbox 555 3196 663 3251; x_wconf 90' lang='lat' dir='ltr'><strong>Deo</strong></span> <span class='ocrx_word' id='word_1_461' title='bbox 701 3192 994 3263; x_wconf 75' lang='lat' dir='ltr'><strong>adiuvante</strong></span> <span class='ocrx_word' id='word_1_462' title='bbox 1031 3191 1320 3258; x_wconf 86' lang='lat' dir='ltr'><strong>victorias;</strong></span> <span class='ocrx_word' id='word_1_463' title='bbox 1367 3190 1575 3245; x_wconf 89' lang='lat' dir='ltr'><strong>idcirco</strong></span> <span class='ocrx_word' id='word_1_464' title='bbox 1618 3192 1693 3244; x_wconf 85' lang='lat' dir='ltr'><strong>ait</strong></span> <span class='ocrx_word' id='word_1_465' title='bbox 1732 3210 1743 3245; x_wconf 92' lang='lat'><strong>:</strong></span> <span class='ocrx_word' id='word_1_466' title='bbox 1785 3187 1897 3247; x_wconf 73' lang='lat' dir='ltr'><strong>Vos</strong></span> <span class='ocrx_word' id='word_1_467' title='bbox 1936 3198 2113 3246; x_wconf 90' lang='lat' dir='ltr'><strong>autem</strong></span> 
     </span>
    </p>
   </div>
   <div class='ocr_carea' id='block_1_62' title="bbox 551 3282 2114 3347">
    <p class='ocr_par' dir='ltr' id='par_1_62' title="bbox 551 3282 2114 3347">
     <span class='ocr_line' id='line_1_62' title="bbox 551 3282 2114 3347; baseline -0.002 -8"><span class='ocrx_word' id='word_1_468' title='bbox 551 3282 651 3339; x_wconf 73' lang='lat' dir='ltr'><strong>our</strong></span> <span class='ocrx_word' id='word_1_469' title='bbox 694 3288 787 3340; x_wconf 74' lang='lat' dir='ltr'><strong>ira:</strong></span> <span class='ocrx_word' id='word_1_470' title='bbox 826 3292 1075 3347; x_wconf 83' lang='lat' dir='ltr'><strong>tenaces,</strong></span> <span class='ocrx_word' id='word_1_471' title='bbox 1117 3291 1173 3337; x_wconf 88' lang='lat' dir='ltr'><strong>et</strong></span> <span class='ocrx_word' id='word_1_472' title='bbox 1216 3282 1558 3337; x_wconf 89' lang='lat' dir='ltr'><strong>occasionem</strong></span> <span class='ocrx_word' id='word_1_473' title='bbox 1599 3285 1743 3337; x_wconf 89' lang='lat' dir='ltr'><strong>nacti</strong></span> <span class='ocrx_word' id='word_1_474' title='bbox 1785 3284 2114 3338; x_wconf 87' lang='lat' dir='ltr'><strong>voluntatem</strong></span> 
     </span>
    </p>
   </div>
   <div class='ocr_carea' id='block_1_63' title="bbox 550 3373 2116 3446">
    <p class='ocr_par' dir='ltr' id='par_1_63' title="bbox 550 3373 2116 3446">
     <span class='ocr_line' id='line_1_63' title="bbox 550 3373 2116 3446; baseline 0 -17"><span class='ocrx_word' id='word_1_475' title='bbox 550 3385 789 3433; x_wconf 83' lang='lat' dir='ltr'><strong>vestram</strong></span> <span class='ocrx_word' id='word_1_476' title='bbox 821 3373 1093 3446; x_wconf 83' lang='lat' dir='ltr'><strong>explendi,</strong></span> <span class='ocrx_word' id='word_1_477' title='bbox 1130 3389 1251 3435; x_wconf 87' lang='lat' dir='ltr'><strong>cur,</strong></span> <span class='ocrx_word' id='word_1_478' title='bbox 1290 3373 1535 3443; x_wconf 87' lang='lat' dir='ltr'><strong>inquam,</strong></span> <span class='ocrx_word' id='word_1_479' title='bbox 1582 3383 1769 3429; x_wconf 90' lang='lat' dir='ltr'><strong>contra</strong></span> <span class='ocrx_word' id='word_1_480' title='bbox 1825 3376 1929 3429; x_wconf 91' lang='lat' dir='ltr'><strong>mei</strong></span> <span class='ocrx_word' id='word_1_481' title='bbox 1974 3375 2116 3445; x_wconf 89' lang='lat' dir='ltr'><strong>juris</strong></span> 
     </span>
    </p>
   </div>
   <div class='ocr_carea' id='block_1_64' title="bbox 553 3464 2116 3540">
    <p class='ocr_par' dir='ltr' id='par_1_64' title="bbox 553 3464 2116 3540">
     <span class='ocr_line' id='line_1_64' title="bbox 553 3464 2116 3540; baseline -0.001 -18"><span class='ocrx_word' id='word_1_482' title='bbox 553 3467 810 3540; x_wconf 89' lang='lat' dir='ltr'><strong>populum</strong></span> <span class='ocrx_word' id='word_1_483' title='bbox 832 3467 1115 3520; x_wconf 87' lang='lat' dir='ltr'><strong>audaciam</strong></span> <span class='ocrx_word' id='word_1_484' title='bbox 1149 3464 1405 3521; x_wconf 85' lang='lat' dir='ltr'><strong>sumitis?</strong></span> <span class='ocrx_word' id='word_1_485' title='bbox 1448 3464 1604 3519; x_wconf 80' lang='lat' dir='ltr'><strong>Certe</strong></span> <span class='ocrx_word' id='word_1_486' title='bbox 1634 3465 1791 3520; x_wconf 88' lang='lat' dir='ltr'><strong>velim</strong></span> <span class='ocrx_word' id='word_1_487' title='bbox 1822 3465 2008 3521; x_wconf 85' lang='lat' dir='ltr'><strong>sciatis</strong></span> <span class='ocrx_word' id='word_1_488' title='bbox 2032 3483 2116 3521; x_wconf 89' lang='lat' dir='ltr'><strong>me</strong></span> 
     </span>
    </p>
   </div>
   <div class='ocr_carea' id='block_1_65' title="bbox 552 3555 2117 3626">
    <p class='ocr_par' dir='ltr' id='par_1_65' title="bbox 552 3555 2117 3626">
     <span class='ocr_line' id='line_1_65' title="bbox 552 3555 2117 3626; baseline -0.002 -12"><span class='ocrx_word' id='word_1_489' title='bbox 552 3561 662 3615; x_wconf 85' lang='lat' dir='ltr'><strong>cito</strong></span> <span class='ocrx_word' id='word_1_490' title='bbox 697 3567 935 3613; x_wconf 87' lang='lat' dir='ltr'><strong>vestrum</strong></span> <span class='ocrx_word' id='word_1_491' title='bbox 966 3556 1068 3611; x_wconf 87' lang='lat' dir='ltr'><strong>hoc</strong></span> <span class='ocrx_word' id='word_1_492' title='bbox 1106 3556 1396 3611; x_wconf 87' lang='lat' dir='ltr'><strong>consilium</strong></span> <span class='ocrx_word' id='word_1_493' title='bbox 1434 3555 1787 3625; x_wconf 79' lang='lat' dir='ltr'><strong>punitorum;</strong></span> <span class='ocrx_word' id='word_1_494' title='bbox 1830 3565 2117 3626; x_wconf 87' lang='lat' dir='ltr'><strong>propterea</strong></span> 
     </span>
    </p>
   </div>
   <div class='ocr_carea' id='block_1_66' title="bbox 552 3647 2118 3721">
    <p class='ocr_par' dir='ltr' id='par_1_66' title="bbox 552 3647 2118 3721">
     <span class='ocr_line' id='line_1_66' title="bbox 552 3647 2118 3721; baseline -0.003 -16"><span class='ocrx_word' id='word_1_495' title='bbox 552 3650 696 3721; x_wconf 91' lang='lat' dir='ltr'><strong>quod</strong></span> <span class='ocrx_word' id='word_1_496' title='bbox 730 3649 946 3704; x_wconf 87' lang='lat' dir='ltr'><strong>illorum</strong></span> <span class='ocrx_word' id='word_1_497' title='bbox 974 3663 1106 3718; x_wconf 89' lang='lat' dir='ltr'><strong>opes</strong></span> <span class='ocrx_word' id='word_1_498' title='bbox 1140 3655 1367 3702; x_wconf 89' lang='lat' dir='ltr'><strong>cunctas</strong></span> <span class='ocrx_word' id='word_1_499' title='bbox 1388 3648 1680 3717; x_wconf 85' lang='lat' dir='ltr'><strong>capientes,</strong></span> <span class='ocrx_word' id='word_1_500' title='bbox 1714 3647 1768 3700; x_wconf 94' lang='lat' dir='ltr'><strong>in</strong></span> <span class='ocrx_word' id='word_1_501' title='bbox 1800 3648 1994 3716; x_wconf 87' lang='lat' dir='ltr'><strong>templa</strong></span> <span class='ocrx_word' id='word_1_502' title='bbox 2026 3662 2118 3701; x_wconf 87' lang='lat' dir='ltr'><strong>ve-</strong></span> 
     </span>
    </p>
   </div>
   <div class='ocr_carea' id='block_1_67' title="bbox 554 3737 2117 3809">
    <p class='ocr_par' dir='ltr' id='par_1_67' title="bbox 554 3737 2117 3809">
     <span class='ocr_line' id='line_1_67' title="bbox 554 3737 2117 3809; baseline -0.003 -13"><span class='ocrx_word' id='word_1_503' title='bbox 554 3751 667 3797; x_wconf 86' lang='lat' dir='ltr'><strong>stra</strong></span> <span class='ocrx_word' id='word_1_504' title='bbox 692 3740 1002 3796; x_wconf 90' lang='lat' dir='ltr'><strong>contulistis</strong></span> <span class='ocrx_word' id='word_1_505' title='bbox 1034 3758 1050 3795; x_wconf 85' lang='lat'><strong>:</strong></span> <span class='ocrx_word' id='word_1_506' title='bbox 1085 3739 1310 3809; x_wconf 91' lang='lat' dir='ltr'><strong>insuper</strong></span> <span class='ocrx_word' id='word_1_507' title='bbox 1341 3746 1396 3794; x_wconf 90' lang='lat' dir='ltr'><strong>et</strong></span> <span class='ocrx_word' id='word_1_508' title='bbox 1427 3739 1669 3809; x_wconf 87' lang='lat' dir='ltr'><strong>ipsorum</strong></span> <span class='ocrx_word' id='word_1_509' title='bbox 1705 3738 1845 3793; x_wconf 89' lang='lat' dir='ltr'><strong>ﬁlios</strong></span> <span class='ocrx_word' id='word_1_510' title='bbox 1871 3737 2117 3792; x_wconf 87' lang='lat' dir='ltr'><strong>vendidi-</strong></span> 
     </span>
    </p>
   </div>
   <div class='ocr_carea' id='block_1_68' title="bbox 556 3827 2117 3900">
    <p class='ocr_par' dir='ltr' id='par_1_68' title="bbox 556 3827 2117 3900">
     <span class='ocr_line' id='line_1_68' title="bbox 556 3827 2117 3900; baseline -0.002 -13"><span class='ocrx_word' id='word_1_511' title='bbox 556 3834 677 3896; x_wconf 88' lang='lat' dir='ltr'><strong>stis,</strong></span> <span class='ocrx_word' id='word_1_512' title='bbox 719 3848 828 3885; x_wconf 92' lang='lat' dir='ltr'><strong>non</strong></span> <span class='ocrx_word' id='word_1_513' title='bbox 863 3832 981 3887; x_wconf 91' lang='lat' dir='ltr'><strong>sine</strong></span> <span class='ocrx_word' id='word_1_514' title='bbox 1013 3846 1109 3900; x_wconf 88' lang='lat' dir='ltr'><strong>spe</strong></span> <span class='ocrx_word' id='word_1_515' title='bbox 1136 3830 1395 3900; x_wconf 92' lang='lat' dir='ltr'><strong>populum</strong></span> <span class='ocrx_word' id='word_1_516' title='bbox 1424 3830 1737 3884; x_wconf 84' lang='lat' dir='ltr'><strong>universum</strong></span> <span class='ocrx_word' id='word_1_517' title='bbox 1770 3827 1967 3884; x_wconf 90' lang='lat' dir='ltr'><strong>ﬁnibus</strong></span> <span class='ocrx_word' id='word_1_518' title='bbox 2002 3828 2117 3885; x_wconf 90' lang='lat' dir='ltr'><strong>suis</strong></span> 
     </span>
    </p>
   </div>
   <div class='ocr_carea' id='block_1_69' title="bbox 555 3912 2113 3993">
    <p class='ocr_par' dir='ltr' id='par_1_69' title="bbox 555 3912 2113 3993">
     <span class='ocr_line' id='line_1_69' title="bbox 555 3912 2113 3993; baseline -0.001 -16"><span class='ocrx_word' id='word_1_519' title='bbox 555 3922 899 3992; x_wconf 79' lang='lat' dir='ltr'><strong>expellendi;</strong></span> <span class='ocrx_word' id='word_1_520' title='bbox 957 3921 1115 3991; x_wconf 84' lang='lat' dir='ltr'><strong>cujus</strong></span> <span class='ocrx_word' id='word_1_521' title='bbox 1162 3921 1419 3977; x_wconf 79' lang='lat' dir='ltr'><strong>facinoris</strong></span> <span class='ocrx_word' id='word_1_522' title='bbox 1462 3922 1597 3976; x_wconf 84' lang='lat' dir='ltr'><strong>mihi</strong></span> <span class='ocrx_word' id='word_1_523' title='bbox 1646 3912 1837 3993; x_wconf 74' lang='lat' dir='ltr'><strong>pcenas</strong></span> <span class='ocrx_word' id='word_1_524' title='bbox 1871 3922 2113 3977; x_wconf 87' lang='lat' dir='ltr'><strong>dabitis:</strong></span> 
     </span>
    </p>
   </div>
   <div class='ocr_carea' id='block_1_70' title="bbox 555 4011 2113 4081">
    <p class='ocr_par' dir='ltr' id='par_1_70' title="bbox 555 4011 2113 4081">
     <span class='ocr_line' id='line_1_70' title="bbox 555 4011 2113 4081; baseline -0.001 -14"><span class='ocrx_word' id='word_1_525' title='bbox 555 4026 791 4081; x_wconf 89' lang='lat' dir='ltr'><strong>namque</strong></span> <span class='ocrx_word' id='word_1_526' title='bbox 823 4011 946 4066; x_wconf 92' lang='lat' dir='ltr'><strong>illos</strong></span> <span class='ocrx_word' id='word_1_527' title='bbox 982 4026 1050 4064; x_wconf 80' lang='lat' dir='ltr'><strong>ex</strong></span> <span class='ocrx_word' id='word_1_528' title='bbox 1087 4012 1459 4081; x_wconf 75' lang='lat' dir='ltr'><strong>angustiarum</strong></span> <span class='ocrx_word' id='word_1_529' title='bbox 1489 4027 1709 4067; x_wconf 89' lang='lat' dir='ltr'><strong>suarum</strong></span> <span class='ocrx_word' id='word_1_530' title='bbox 1743 4026 1998 4081; x_wconf 89' lang='lat' dir='ltr'><strong>pressura</strong></span> <span class='ocrx_word' id='word_1_531' title='bbox 2023 4027 2113 4065; x_wconf 75' lang='lat' dir='ltr'><strong>ex-</strong></span> 
     </span>
    </p>
   </div>
   <div class='ocr_carea' id='block_1_71' title="bbox 555 4099 2113 4173">
    <p class='ocr_par' dir='ltr' id='par_1_71' title="bbox 555 4099 2113 4173">
     <span class='ocr_line' id='line_1_71' title="bbox 555 4099 2113 4173; baseline 0 -19"><span class='ocrx_word' id='word_1_532' title='bbox 555 4100 788 4173; x_wconf 89' lang='lat' dir='ltr'><strong>pediam,</strong></span> <span class='ocrx_word' id='word_1_533' title='bbox 845 4101 954 4154; x_wconf 86' lang='lat' dir='ltr'><strong>imo</strong></span> <span class='ocrx_word' id='word_1_534' title='bbox 999 4108 1052 4155; x_wconf 88' lang='lat' dir='ltr'><strong>et</strong></span> <span class='ocrx_word' id='word_1_535' title='bbox 1095 4100 1334 4155; x_wconf 88' lang='lat' dir='ltr'><strong>hostium</strong></span> <span class='ocrx_word' id='word_1_536' title='bbox 1378 4115 1522 4154; x_wconf 91' lang='lat' dir='ltr'><strong>nunc</strong></span> <span class='ocrx_word' id='word_1_537' title='bbox 1562 4102 1796 4154; x_wconf 86' lang='lat' dir='ltr'><strong>victores</strong></span> <span class='ocrx_word' id='word_1_538' title='bbox 1830 4099 2063 4155; x_wconf 85' lang='lat' dir='ltr'><strong>efﬁciam</strong></span> <span class='ocrx_word' id='word_1_539' title='bbox 2100 4120 2113 4154; x_wconf 91' lang='lat'><strong>:</strong></span> 
     </span>
    </p>
   </div>
   <div class='ocr_carea' id='block_1_72' title="bbox 2216 3103 3788 3176">
    <p class='ocr_par' dir='ltr' id='par_1_72' title="bbox 2216 3103 3788 3176">
     <span class='ocr_line' id='line_1_72' title="bbox 2216 3103 3788 3176; baseline 0.001 -21"><span class='ocrx_word' id='word_1_540' title='bbox 2216 3103 2491 3166; x_wconf 82' lang='grc' dir='ltr'>παντελῶς</span> <span class='ocrx_word' id='word_1_541' title='bbox 2548 3103 2807 3158; x_wconf 83' lang='grc' dir='ltr'>ἀπολέσαι</span> <span class='ocrx_word' id='word_1_542' title='bbox 2871 3106 2997 3168; x_wconf 77' lang='grc' dir='ltr'>τοὺς</span> <span class='ocrx_word' id='word_1_543' title='bbox 3067 3104 3443 3176; x_wconf 81' lang='grc' dir='ltr'>Ἰσραηλίτας,</span> <span class='ocrx_word' id='word_1_544' title='bbox 3513 3119 3788 3173; x_wconf 84' lang='grc' dir='ltr'>μνησικα-</span> 
     </span>
    </p>
   </div>
   <div class='ocr_carea' id='block_1_73' title="bbox 2214 3188 3784 3266">
    <p class='ocr_par' dir='ltr' id='par_1_73' title="bbox 2214 3188 3784 3266">
     <span class='ocr_line' id='line_1_73' title="bbox 2214 3188 3784 3266; baseline -0.001 -19"><span class='ocrx_word' id='word_1_545' title='bbox 2214 3194 2437 3258; x_wconf 76' lang='grc' dir='ltr'>κοῦντες</span> <span class='ocrx_word' id='word_1_546' title='bbox 2463 3194 2645 3258; x_wconf 87' lang='grc' dir='ltr'>αὐτοῖς</span> <span class='ocrx_word' id='word_1_547' title='bbox 2682 3197 2821 3266; x_wconf 77' lang='grc' dir='ltr'>ὑπὲρ</span> <span class='ocrx_word' id='word_1_548' title='bbox 2854 3188 2929 3248; x_wconf 80' lang='grc' dir='ltr'><strong>ὧν</strong></span> <span class='ocrx_word' id='word_1_549' title='bbox 2963 3195 3379 3266; x_wconf 84' lang='grc' dir='ltr'>πεπολεμήκασί</span> <span class='ocrx_word' id='word_1_550' title='bbox 3406 3210 3465 3246; x_wconf 90' lang='grc' dir='ltr'><strong>τε</strong></span> <span class='ocrx_word' id='word_1_551' title='bbox 3495 3194 3784 3257; x_wconf 82' lang='grc' dir='ltr'>πολλάκις,</span> 
     </span>
    </p>
   </div>
   <div class='ocr_carea' id='block_1_74' title="bbox 2215 3283 3791 3357">
    <p class='ocr_par' dir='ltr' id='par_1_74' title="bbox 2215 3283 3791 3357">
     <span class='ocr_line' id='line_1_74' title="bbox 2215 3283 3791 3357; baseline -0.001 -19"><span class='ocrx_word' id='word_1_552' title='bbox 2215 3285 2309 3339; x_wconf 72' lang='grc' dir='ltr'>καὶ</span> <span class='ocrx_word' id='word_1_553' title='bbox 2334 3289 2734 3357; x_wconf 84' lang='grc' dir='ltr'>κεκρατήκασιν</span> <span class='ocrx_word' id='word_1_554' title='bbox 2760 3285 2938 3339; x_wconf 82' lang='grc' dir='ltr'>αὐτῶν</span> <span class='ocrx_word' id='word_1_555' title='bbox 2969 3285 3056 3339; x_wconf 85' lang='grc' dir='ltr'><strong>διὰ</strong></span> <span class='ocrx_word' id='word_1_556' title='bbox 3083 3287 3181 3357; x_wconf 82' lang='grc' dir='ltr'>τῆς</span> <span class='ocrx_word' id='word_1_557' title='bbox 3223 3285 3370 3348; x_wconf 88' lang='grc' dir='ltr'>θείας</span> <span class='ocrx_word' id='word_1_558' title='bbox 3401 3285 3592 3356; x_wconf 80' lang='grc' dir='ltr'>ῥοπῆς,</span> <span class='ocrx_word' id='word_1_559' title='bbox 3626 3283 3791 3336; x_wconf 83' lang='grc' dir='ltr'>τοῦτο</span> 
     </span>
    </p>
   </div>
   <div class='ocr_carea' id='block_1_75' title="bbox 2214 3373 3789 3445">
    <p class='ocr_par' dir='ltr' id='par_1_75' title="bbox 2214 3373 3789 3445">
     <span class='ocr_line' id='line_1_75' title="bbox 2214 3373 3789 3445; baseline -0.001 -20"><span class='ocrx_word' id='word_1_560' title='bbox 2214 3373 2400 3441; x_wconf 75' lang='grc' dir='ltr'>λέγει’</span> <span class='ocrx_word' id='word_1_561' title='bbox 2449 3374 2635 3445; x_wconf 87' lang='grc' dir='ltr'>Ὑμεῖς</span> <span class='ocrx_word' id='word_1_562' title='bbox 2664 3375 2722 3428; x_wconf 78' lang='grc' dir='ltr'>δὲ</span> <span class='ocrx_word' id='word_1_563' title='bbox 2764 3374 2906 3439; x_wconf 89' lang='grc' dir='ltr'>τίνος</span> <span class='ocrx_word' id='word_1_564' title='bbox 2939 3375 3123 3428; x_wconf 76' lang='grc' dir='ltr'>ἕνεκεν</span> <span class='ocrx_word' id='word_1_565' title='bbox 3152 3373 3613 3445; x_wconf 80' lang='grc' dir='ltr'>μνησικακοῦντες</span> <span class='ocrx_word' id='word_1_566' title='bbox 3634 3411 3649 3436; x_wconf 91' lang='grc'><strong>,</strong></span> <span class='ocrx_word' id='word_1_567' title='bbox 3686 3373 3789 3425; x_wconf 65' lang='grc' dir='ltr'>καὶ</span> 
     </span>
    </p>
   </div>
   <div class='ocr_carea' id='block_1_76' title="bbox 2215 3463 3785 3537">
    <p class='ocr_par' dir='ltr' id='par_1_76' title="bbox 2215 3463 3785 3537">
     <span class='ocr_line' id='line_1_76' title="bbox 2215 3463 3785 3537; baseline -0.002 -18"><span class='ocrx_word' id='word_1_568' title='bbox 2215 3465 2404 3536; x_wconf 85' lang='grc' dir='ltr'>καιρὸν</span> <span class='ocrx_word' id='word_1_569' title='bbox 2456 3468 2705 3537; x_wconf 77' lang='grc' dir='ltr'>εὑρόντες</span> <span class='ocrx_word' id='word_1_570' title='bbox 2753 3467 2846 3521; x_wconf 77' lang='grc' dir='ltr'><strong>τοῦ</strong></span> <span class='ocrx_word' id='word_1_571' title='bbox 2909 3466 2977 3520; x_wconf 81' lang='grc' dir='ltr'><strong>τὰ</strong></span> <span class='ocrx_word' id='word_1_572' title='bbox 3039 3466 3295 3520; x_wconf 80' lang='grc' dir='ltr'>δοκοῦντα</span> <span class='ocrx_word' id='word_1_573' title='bbox 3347 3463 3785 3537; x_wconf 79' lang='grc' dir='ltr'>διαπράξασθαι,</span> 
     </span>
    </p>
   </div>
   <div class='ocr_carea' id='block_1_77' title="bbox 2214 3555 3789 3629">
    <p class='ocr_par' dir='ltr' id='par_1_77' title="bbox 2214 3555 3789 3629">
     <span class='ocr_line' id='line_1_77' title="bbox 2214 3555 3789 3629; baseline 0 -21"><span class='ocrx_word' id='word_1_574' title='bbox 2214 3555 2435 3609; x_wconf 79' lang='grc' dir='ltr'>τοιαῦτα</span> <span class='ocrx_word' id='word_1_575' title='bbox 2460 3557 2600 3610; x_wconf 88' lang='grc' dir='ltr'><strong>κατά</strong></span> <span class='ocrx_word' id='word_1_576' title='bbox 2634 3557 2742 3611; x_wconf 84' lang='grc' dir='ltr'><strong>τῶν</strong></span> <span class='ocrx_word' id='word_1_577' title='bbox 2784 3558 2907 3628; x_wconf 75' lang='grc' dir='ltr'><strong>ἐμοὶ</strong></span> <span class='ocrx_word' id='word_1_578' title='bbox 2952 3559 3336 3629; x_wconf 87' lang='grc' dir='ltr'>προσηκόντων</span> <span class='ocrx_word' id='word_1_579' title='bbox 3364 3557 3740 3628; x_wconf 83' lang='grc' dir='ltr'>τετολμήκατε</span> <span class='ocrx_word' id='word_1_580' title='bbox 3772 3575 3789 3622; x_wconf 89' lang='lat'><strong>;</strong></span> 
     </span>
    </p>
   </div>
   <div class='ocr_carea' id='block_1_78' title="bbox 2220 3647 3793 3722">
    <p class='ocr_par' dir='ltr' id='par_1_78' title="bbox 2220 3647 3793 3722">
     <span class='ocr_line' id='line_1_78' title="bbox 2220 3647 3793 3722; baseline 0.001 -22"><span class='ocrx_word' id='word_1_581' title='bbox 2220 3647 2362 3701; x_wconf 84' lang='grc' dir='ltr'>Ἴστε</span> <span class='ocrx_word' id='word_1_582' title='bbox 2402 3649 2511 3719; x_wconf 78' lang='grc' dir='ltr'><strong>γὰρ</strong></span> <span class='ocrx_word' id='word_1_583' title='bbox 2538 3649 2619 3703; x_wconf 84' lang='grc' dir='ltr'>ὅτι</span> <span class='ocrx_word' id='word_1_584' title='bbox 2662 3650 2827 3716; x_wconf 78' lang='grc' dir='ltr'>ὀξέως</span> <span class='ocrx_word' id='word_1_585' title='bbox 2850 3652 2978 3722; x_wconf 85' lang='grc' dir='ltr'>ὑμῖν</span> <span class='ocrx_word' id='word_1_586' title='bbox 3004 3650 3187 3715; x_wconf 77' lang='grc' dir='ltr'>ἐπάξω</span> <span class='ocrx_word' id='word_1_587' title='bbox 3214 3651 3310 3721; x_wconf 80' lang='grc' dir='ltr'>τὴν</span> <span class='ocrx_word' id='word_1_588' title='bbox 3343 3650 3483 3721; x_wconf 79' lang='grc' dir='ltr'>ὑπὲρ</span> <span class='ocrx_word' id='word_1_589' title='bbox 3515 3649 3615 3719; x_wconf 82' lang='grc' dir='ltr'>τῆς</span> <span class='ocrx_word' id='word_1_590' title='bbox 3645 3649 3793 3717; x_wconf 85' lang='grc' dir='ltr'>γνώ-</span> 
     </span>
    </p>
   </div>
   <div class='ocr_carea' id='block_1_79' title="bbox 2221 3735 3794 3814">
    <p class='ocr_par' dir='ltr' id='par_1_79' title="bbox 2221 3735 3794 3814">
     <span class='ocr_line' id='line_1_79' title="bbox 2221 3735 3794 3814; baseline 0.001 -22"><span class='ocrx_word' id='word_1_591' title='bbox 2221 3754 2325 3809; x_wconf 82' lang='grc' dir='ltr'><strong>μης</strong></span> <span class='ocrx_word' id='word_1_592' title='bbox 2356 3738 2555 3810; x_wconf 80' lang='grc' dir='ltr'>ταύτης</span> <span class='ocrx_word' id='word_1_593' title='bbox 2578 3742 2865 3812; x_wconf 84' lang='grc' dir='ltr'>τιμωρίαν,</span> <span class='ocrx_word' id='word_1_594' title='bbox 2914 3742 3030 3796; x_wconf 84' lang='grc' dir='ltr'>ἀνθ’</span> <span class='ocrx_word' id='word_1_595' title='bbox 3058 3735 3133 3795; x_wconf 81' lang='grc' dir='ltr'>ὧν</span> <span class='ocrx_word' id='word_1_596' title='bbox 3165 3742 3379 3795; x_wconf 70' lang='grc' dir='ltr'>ἅπαντα</span> <span class='ocrx_word' id='word_1_597' title='bbox 3405 3742 3475 3795; x_wconf 72' lang='grc' dir='ltr'><strong>τὰ</strong></span> <span class='ocrx_word' id='word_1_598' title='bbox 3514 3741 3794 3814; x_wconf 80' lang='grc' dir='ltr'>προσόντα</span> 
     </span>
    </p>
   </div>
   <div class='ocr_carea' id='block_1_80' title="bbox 2216 3830 3795 3906">
    <p class='ocr_par' dir='ltr' id='par_1_80' title="bbox 2216 3830 3795 3906">
     <span class='ocr_line' id='line_1_80' title="bbox 2216 3830 3795 3906; baseline 0.004 -25"><span class='ocrx_word' id='word_1_599' title='bbox 2216 3830 2424 3893; x_wconf 84' lang='grc' dir='ltr'>τούτοις</span> <span class='ocrx_word' id='word_1_600' title='bbox 2468 3830 2741 3896; x_wconf 80' lang='grc' dir='ltr'>λαδόντες,</span> <span class='ocrx_word' id='word_1_601' title='bbox 2791 3836 2870 3896; x_wconf 90' lang='grc' dir='ltr'><strong>είς</strong></span> <span class='ocrx_word' id='word_1_602' title='bbox 2915 3837 3040 3897; x_wconf 72' lang='grc' dir='ltr'>τοὺς</span> <span class='ocrx_word' id='word_1_603' title='bbox 3067 3835 3227 3898; x_wconf 72' lang='grc' dir='ltr'>ναοὺς</span> <span class='ocrx_word' id='word_1_604' title='bbox 3270 3836 3620 3906; x_wconf 83' lang='grc' dir='ltr'>εἱσηνέγκατε</span> <span class='ocrx_word' id='word_1_605' title='bbox 3659 3836 3795 3898; x_wconf 70' lang='grc' dir='ltr'>τοὺς</span> 
     </span>
    </p>
   </div>
   <div class='ocr_carea' id='block_1_81' title="bbox 2218 3920 3796 3996">
    <p class='ocr_par' dir='ltr' id='par_1_81' title="bbox 2218 3920 3796 3996">
     <span class='ocr_line' id='line_1_81' title="bbox 2218 3920 3796 3996; baseline 0.004 -24"><span class='ocrx_word' id='word_1_606' title='bbox 2218 3920 2513 3992; x_wconf 82' lang='grc' dir='ltr'>ὑμετέρους</span> <span class='ocrx_word' id='word_1_607' title='bbox 2545 3939 2559 3951; x_wconf 89' lang='grc'><strong>·</strong></span> <span class='ocrx_word' id='word_1_608' title='bbox 2613 3923 2691 3976; x_wconf 77' lang='grc' dir='ltr'>ἔτι</span> <span class='ocrx_word' id='word_1_609' title='bbox 2740 3923 2795 3977; x_wconf 85' lang='grc' dir='ltr'>δὲ</span> <span class='ocrx_word' id='word_1_610' title='bbox 2832 3925 3078 3989; x_wconf 72' lang='grc' dir='ltr'>καὶτοὺς</span> <span class='ocrx_word' id='word_1_611' title='bbox 3129 3928 3277 3989; x_wconf 77' lang='grc' dir='ltr'>υἱοὺς</span> <span class='ocrx_word' id='word_1_612' title='bbox 3305 3926 3480 3980; x_wconf 77' lang='grc' dir='ltr'>αὐτῶν</span> <span class='ocrx_word' id='word_1_613' title='bbox 3512 3925 3796 3996; x_wconf 77' lang='grc' dir='ltr'>διαπωλήο</span> 
     </span>
    </p>
   </div>
   <div class='ocr_carea' id='block_1_82' title="bbox 2220 4012 3793 4089">
    <p class='ocr_par' dir='ltr' id='par_1_82' title="bbox 2220 4012 3793 4089">
     <span class='ocr_line' id='line_1_82' title="bbox 2220 4012 3793 4089; baseline 0.005 -26"><span class='ocrx_word' id='word_1_614' title='bbox 2220 4028 2430 4077; x_wconf 83' lang='grc' dir='ltr'>σαντες,</span> <span class='ocrx_word' id='word_1_615' title='bbox 2467 4012 2639 4067; x_wconf 74' lang='grc' dir='ltr'>ἑλπίδι</span> <span class='ocrx_word' id='word_1_616' title='bbox 2678 4015 2773 4068; x_wconf 84' lang='grc' dir='ltr'><strong>τοῦ</strong></span> <span class='ocrx_word' id='word_1_617' title='bbox 2818 4017 3023 4080; x_wconf 83' lang='grc' dir='ltr'>πάντας</span> <span class='ocrx_word' id='word_1_618' title='bbox 3068 4016 3263 4081; x_wconf 78' lang='grc' dir='ltr'>αὐτοὺς</span> <span class='ocrx_word' id='word_1_619' title='bbox 3292 4017 3399 4070; x_wconf 82' lang='grc' dir='ltr'><strong>τῶν</strong></span> <span class='ocrx_word' id='word_1_620' title='bbox 3429 4017 3593 4089; x_wconf 75' lang='grc' dir='ltr'>ὁρίων</span> <span class='ocrx_word' id='word_1_621' title='bbox 3618 4018 3793 4071; x_wconf 70' lang='grc' dir='ltr'>έκσαο</span> 
     </span>
    </p>
   </div>
   <div class='ocr_carea' id='block_1_83' title="bbox 2217 4099 3795 4178">
    <p class='ocr_par' dir='ltr' id='par_1_83' title="bbox 2217 4099 3795 4178">
     <span class='ocr_line' id='line_1_83' title="bbox 2217 4099 3795 4178; baseline 0.006 -25"><span class='ocrx_word' id='word_1_622' title='bbox 2217 4100 2327 4154; x_wconf 89' lang='grc' dir='ltr'>λεῖν</span> <span class='ocrx_word' id='word_1_623' title='bbox 2354 4103 2461 4155; x_wconf 86' lang='grc' dir='ltr'>τῶν</span> <span class='ocrx_word' id='word_1_624' title='bbox 2499 4104 2714 4157; x_wconf 85' lang='grc' dir='ltr'>οἰκείων</span> <span class='ocrx_word' id='word_1_625' title='bbox 2734 4120 2747 4134; x_wconf 82' lang='lat'><strong><em>°</em></strong></span> <span class='ocrx_word' id='word_1_626' title='bbox 2799 4099 2980 4178; x_wconf 84' lang='grc' dir='ltr'>ὧνπερ</span> <span class='ocrx_word' id='word_1_627' title='bbox 3006 4102 3099 4160; x_wconf 77' lang='grc' dir='ltr'>οὖν</span> <span class='ocrx_word' id='word_1_628' title='bbox 3122 4108 3264 4177; x_wconf 81' lang='grc' dir='ltr'>ὑμᾶς</span> <span class='ocrx_word' id='word_1_629' title='bbox 3294 4107 3661 4178; x_wconf 81' lang='grc' dir='ltr'>είσπράξομαι</span> <span class='ocrx_word' id='word_1_630' title='bbox 3708 4106 3795 4161; x_wconf 84' lang='grc' dir='ltr'>δί-</span> 
     </span>
    </p>
   </div>
   <div class='ocr_carea' id='block_1_84' title="bbox 553 4191 2110 4271">
    <p class='ocr_par' dir='ltr' id='par_1_84' title="bbox 553 4191 2110 4264">
     <span class='ocr_line' id='line_1_84' title="bbox 553 4191 2110 4264; baseline 0.001 -18"><span class='ocrx_word' id='word_1_631' title='bbox 553 4194 669 4264; x_wconf 75' lang='grc'>88</span> <span class='ocrx_word' id='word_1_632' title='bbox 702 4199 759 4246; x_wconf 89' lang='lat' dir='ltr'><strong>ut</strong></span> <span class='ocrx_word' id='word_1_633' title='bbox 794 4191 874 4247; x_wconf 89' lang='lat' dir='ltr'><strong>sic</strong></span> <span class='ocrx_word' id='word_1_634' title='bbox 910 4206 1007 4247; x_wconf 87' lang='lat' dir='ltr'><strong>vos</strong></span> <span class='ocrx_word' id='word_1_635' title='bbox 1036 4206 1351 4246; x_wconf 87' lang='lat' dir='ltr'><strong>remunerer</strong></span> <span class='ocrx_word' id='word_1_636' title='bbox 1377 4206 1473 4260; x_wconf 90' lang='lat' dir='ltr'><strong>pro</strong></span> <span class='ocrx_word' id='word_1_637' title='bbox 1505 4192 1701 4245; x_wconf 89' lang='lat' dir='ltr'><strong>vestris</strong></span> <span class='ocrx_word' id='word_1_638' title='bbox 1727 4192 1986 4247; x_wconf 85' lang='lat' dir='ltr'><strong>adversus</strong></span> <span class='ocrx_word' id='word_1_639' title='bbox 2023 4207 2110 4247; x_wconf 84' lang='lat' dir='ltr'><strong>eos</strong></span> 
     </span>
    </p>
   </div>
   <div class='ocr_carea' id='block_1_85' title="bbox 2214 4191 3799 4271">
    <p class='ocr_par' dir='ltr' id='par_1_85' title="bbox 2218 4193 3799 4271">
     <span class='ocr_line' id='line_1_85' title="bbox 2218 4193 3799 4271; baseline 0.004 -26"><span class='ocrx_word' id='word_1_640' title='bbox 2218 4211 2338 4256; x_wconf 78' lang='grc' dir='ltr'>κας⁶</span> <span class='ocrx_word' id='word_1_641' title='bbox 2375 4193 2449 4264; x_wconf 91' lang='lat' dir='ltr'><strong>(p.</strong></span> <span class='ocrx_word' id='word_1_642' title='bbox 2475 4195 2594 4266; x_wconf 73' lang='lat'><strong>1&#39;55)</strong></span> <span class='ocrx_word' id='word_1_643' title='bbox 2634 4197 2924 4262; x_wconf 82' lang='grc' dir='ltr'>ἀπαλλάξω</span> <span class='ocrx_word' id='word_1_644' title='bbox 2950 4199 3057 4271; x_wconf 73' lang='grc' dir='ltr'><strong>γὰρ</strong></span> <span class='ocrx_word' id='word_1_645' title='bbox 3085 4199 3302 4263; x_wconf 85' lang='grc' dir='ltr'>τούτους</span> <span class='ocrx_word' id='word_1_646' title='bbox 3326 4200 3422 4269; x_wconf 84' lang='grc' dir='ltr'>τῆς</span> <span class='ocrx_word' id='word_1_647' title='bbox 3452 4199 3799 4269; x_wconf 80' lang='grc' dir='ltr'>κατεχούσης</span> 
     </span>
    </p>
   </div>
   <div class='ocr_carea' id='block_1_86' title="bbox 558 4280 2110 4362">
    <p class='ocr_par' dir='ltr' id='par_1_86' title="bbox 558 4280 2110 4350">
     <span class='ocr_line' id='line_1_86' title="bbox 558 4280 2110 4350; baseline -0.001 -13"><span class='ocrx_word' id='word_1_648' title='bbox 558 4283 926 4348; x_wconf 86' lang='lat' dir='ltr'><strong>facinoribus;</strong></span> <span class='ocrx_word' id='word_1_649' title='bbox 980 4282 1184 4350; x_wconf 87' lang='lat' dir='ltr'><strong>ﬁliique</strong></span> <span class='ocrx_word' id='word_1_650' title='bbox 1228 4282 1398 4336; x_wconf 90' lang='lat' dir='ltr'><strong>vestri</strong></span> <span class='ocrx_word' id='word_1_651' title='bbox 1446 4295 1509 4335; x_wconf 92' lang='lat' dir='ltr'><strong>ac</strong></span> <span class='ocrx_word' id='word_1_652' title='bbox 1549 4280 1669 4334; x_wconf 76' lang='lat' dir='ltr'><strong>ﬁlia:</strong></span> <span class='ocrx_word' id='word_1_653' title='bbox 1716 4282 1768 4333; x_wconf 91' lang='lat' dir='ltr'><strong>ln</strong></span> <span class='ocrx_word' id='word_1_654' title='bbox 1802 4282 2110 4336; x_wconf 85' lang='lat' dir='ltr'><strong>servitutem</strong></span> 
     </span>
    </p>
   </div>
   <div class='ocr_carea' id='block_1_87' title="bbox 2214 4280 3801 4362">
    <p class='ocr_par' dir='ltr' id='par_1_87' title="bbox 2218 4286 3801 4362">
     <span class='ocr_line' id='line_1_87' title="bbox 2218 4286 3801 4362; baseline 0.004 -25"><span class='ocrx_word' id='word_1_655' title='bbox 2218 4286 2412 4349; x_wconf 80' lang='grc' dir='ltr'>αὐτοὺς</span> <span class='ocrx_word' id='word_1_656' title='bbox 2436 4287 2675 4358; x_wconf 85' lang='grc' dir='ltr'>ἀνάγκης</span> <span class='ocrx_word' id='word_1_657' title='bbox 2697 4305 2709 4320; x_wconf 88' lang='grc'><strong>·</strong></span> <span class='ocrx_word' id='word_1_658' title='bbox 2743 4289 2836 4343; x_wconf 81' lang='grc' dir='ltr'>νῦν</span> <span class='ocrx_word' id='word_1_659' title='bbox 2861 4291 3031 4344; x_wconf 76' lang='grc' dir='ltr'>δὲκαὶ</span> <span class='ocrx_word' id='word_1_660' title='bbox 3058 4292 3335 4362; x_wconf 85' lang='grc' dir='ltr'>κρείττους</span> <span class='ocrx_word' id='word_1_661' title='bbox 3356 4291 3660 4361; x_wconf 75' lang='grc' dir='ltr'>ἐργάσομαι</span> <span class='ocrx_word' id='word_1_662' title='bbox 3680 4292 3801 4344; x_wconf 80' lang='grc' dir='ltr'><strong>τῶν</strong></span> 
     </span>
    </p>
   </div>
   <div class='ocr_carea' id='block_1_88' title="bbox 555 4342 2110 4449">
    <p class='ocr_par' dir='ltr' id='par_1_88' title="bbox 555 4369 2110 4444">
     <span class='ocr_line' id='line_1_88' title="bbox 555 4369 2110 4444; baseline -0.003 -17"><span class='ocrx_word' id='word_1_663' title='bbox 555 4372 860 4444; x_wconf 86' lang='lat' dir='ltr'><strong>rapiantur,</strong></span> <span class='ocrx_word' id='word_1_664' title='bbox 906 4386 969 4426; x_wconf 91' lang='lat' dir='ltr'><strong>ac</strong></span> <span class='ocrx_word' id='word_1_665' title='bbox 1012 4371 1203 4442; x_wconf 85' lang='lat' dir='ltr'><strong>procul</strong></span> <span class='ocrx_word' id='word_1_666' title='bbox 1233 4369 1614 4436; x_wconf 88' lang='lat' dir='ltr'><strong>divendantur,</strong></span> <span class='ocrx_word' id='word_1_667' title='bbox 1647 4369 1793 4424; x_wconf 91' lang='lat' dir='ltr'><strong>unde</strong></span> <span class='ocrx_word' id='word_1_668' title='bbox 1829 4384 1924 4425; x_wconf 85' lang='lat' dir='ltr'><strong>eos</strong></span> <span class='ocrx_word' id='word_1_669' title='bbox 1957 4385 2110 4425; x_wconf 66' lang='lat' dir='ltr'><strong>recu&lt;</strong></span> 
     </span>
    </p>
   </div>
   <div class='ocr_carea' id='block_1_89' title="bbox 2214 4342 3797 4449">
    <p class='ocr_par' dir='ltr' id='par_1_89' title="bbox 2221 4374 3797 4449">
     <span class='ocr_line' id='line_1_89' title="bbox 2221 4374 3797 4449; baseline 0.003 -21"><span class='ocrx_word' id='word_1_670' title='bbox 2221 4374 2525 4445; x_wconf 88' lang='grc' dir='ltr'>πολεμίων·</span> <span class='ocrx_word' id='word_1_671' title='bbox 2574 4376 2713 4430; x_wconf 82' lang='grc' dir='ltr'>ὥστε</span> <span class='ocrx_word' id='word_1_672' title='bbox 2762 4380 2852 4431; x_wconf 74' lang='grc' dir='ltr'><strong>καὶ</strong></span> <span class='ocrx_word' id='word_1_673' title='bbox 2901 4380 3026 4449; x_wconf 81' lang='grc' dir='ltr'>ὑμῖν</span> <span class='ocrx_word' id='word_1_674' title='bbox 3075 4378 3384 4443; x_wconf 78' lang='grc' dir='ltr'>ἀποδοῦναι,</span> <span class='ocrx_word' id='word_1_675' title='bbox 3437 4380 3551 4432; x_wconf 79' lang='grc' dir='ltr'>ἀνθ’</span> <span class='ocrx_word' id='word_1_676' title='bbox 3596 4374 3674 4433; x_wconf 78' lang='grc' dir='ltr'><strong>ὧν</strong></span> <span class='ocrx_word' id='word_1_677' title='bbox 3711 4382 3797 4445; x_wconf 86' lang='grc' dir='ltr'><strong>είς</strong></span> 
     </span>
    </p>
   </div>
   <div class='ocr_carea' id='block_1_90' title="bbox 558 4458 2110 4542">
    <p class='ocr_par' dir='ltr' id='par_1_90' title="bbox 558 4458 2110 4532">
     <span class='ocr_line' id='line_1_90' title="bbox 558 4458 2110 4532; baseline -0.002 -16"><span class='ocrx_word' id='word_1_678' title='bbox 558 4477 751 4532; x_wconf 86' lang='lat' dir='ltr'><strong>perare</strong></span> <span class='ocrx_word' id='word_1_679' title='bbox 791 4463 865 4518; x_wconf 90' lang='lat' dir='ltr'><strong>sit</strong></span> <span class='ocrx_word' id='word_1_680' title='bbox 905 4462 1061 4518; x_wconf 89' lang='lat' dir='ltr'><strong>vobis</strong></span> <span class='ocrx_word' id='word_1_681' title='bbox 1116 4460 1475 4531; x_wconf 84' lang='lat' dir='ltr'><strong>impossibile.</strong></span> <span class='ocrx_word' id='word_1_682' title='bbox 1529 4459 1624 4514; x_wconf 89' lang='lat' dir='ltr'><strong>His</strong></span> <span class='ocrx_word' id='word_1_683' title='bbox 1654 4458 1820 4514; x_wconf 88' lang='lat' dir='ltr'><strong>veluti</strong></span> <span class='ocrx_word' id='word_1_684' title='bbox 1864 4460 2110 4513; x_wconf 84' lang='lat' dir='ltr'><strong>vaticinic</strong></span> 
     </span>
    </p>
   </div>
   <div class='ocr_carea' id='block_1_91' title="bbox 2214 4458 3803 4542">
    <p class='ocr_par' dir='ltr' id='par_1_91' title="bbox 2216 4467 3803 4542">
     <span class='ocr_line' id='line_1_91' title="bbox 2216 4467 3803 4542; baseline 0.005 -24"><span class='ocrx_word' id='word_1_685' title='bbox 2216 4467 2409 4529; x_wconf 78' lang='grc' dir='ltr'>αὐτοὺς</span> <span class='ocrx_word' id='word_1_686' title='bbox 2436 4468 2800 4540; x_wconf 81' lang='grc' dir='ltr'>τετολμήκατε</span> <span class='ocrx_word' id='word_1_687' title='bbox 2820 4509 2835 4535; x_wconf 90' lang='grc'><strong>,</strong></span> <span class='ocrx_word' id='word_1_688' title='bbox 2885 4470 3067 4525; x_wconf 81' lang='grc' dir='ltr'>λαϐεῖν</span> <span class='ocrx_word' id='word_1_689' title='bbox 3097 4472 3220 4535; x_wconf 90' lang='grc' dir='ltr'>τούς</span> <span class='ocrx_word' id='word_1_690' title='bbox 3250 4490 3307 4525; x_wconf 88' lang='grc' dir='ltr'>τε</span> <span class='ocrx_word' id='word_1_691' title='bbox 3334 4473 3480 4535; x_wconf 80' lang='grc' dir='ltr'>υἱοὺς</span> <span class='ocrx_word' id='word_1_692' title='bbox 3510 4472 3667 4542; x_wconf 81' lang='grc' dir='ltr'>ὑμῶν</span> <span class='ocrx_word' id='word_1_693' title='bbox 3698 4475 3803 4526; x_wconf 83' lang='grc' dir='ltr'>καὶ</span> 
     </span>
    </p>
   </div>
   <div class='ocr_carea' id='block_1_92' title="bbox 559 4547 2110 4635">
    <p class='ocr_par' dir='ltr' id='par_1_92' title="bbox 559 4547 2110 4620">
     <span class='ocr_line' id='line_1_92' title="bbox 559 4547 2110 4620; baseline -0.001 -16"><span class='ocrx_word' id='word_1_694' title='bbox 559 4565 661 4604; x_wconf 89' lang='lat' dir='ltr'><strong>suo</strong></span> <span class='ocrx_word' id='word_1_695' title='bbox 694 4549 1032 4620; x_wconf 86' lang='lat' dir='ltr'><strong>interpositis</strong></span> <span class='ocrx_word' id='word_1_696' title='bbox 1057 4549 1205 4603; x_wconf 88' lang='lat' dir='ltr'><strong>circa</strong></span> <span class='ocrx_word' id='word_1_697' title='bbox 1237 4547 1430 4619; x_wconf 80' lang='lat' dir='ltr'><strong>Tyrios</strong></span> <span class='ocrx_word' id='word_1_698' title='bbox 1456 4561 1519 4601; x_wconf 90' lang='lat' dir='ltr'><strong>ac</strong></span> <span class='ocrx_word' id='word_1_699' title='bbox 1551 4547 1827 4610; x_wconf 86' lang='lat' dir='ltr'><strong>Sidonios,</strong></span> <span class='ocrx_word' id='word_1_700' title='bbox 1861 4559 2110 4603; x_wconf 86' lang='lat' dir='ltr'><strong>cunctos-</strong></span> 
     </span>
    </p>
   </div>
   <div class='ocr_carea' id='block_1_93' title="bbox 2214 4547 3804 4635">
    <p class='ocr_par' dir='ltr' id='par_1_93' title="bbox 2218 4557 3804 4635">
     <span class='ocr_line' id='line_1_93' title="bbox 2218 4557 3804 4635; baseline 0.005 -26"><span class='ocrx_word' id='word_1_701' title='bbox 2218 4557 2317 4620; x_wconf 77' lang='grc' dir='ltr'><strong>τὰς</strong></span> <span class='ocrx_word' id='word_1_702' title='bbox 2346 4557 2648 4630; x_wconf 82' lang='grc' dir='ltr'>θυγατέρας</span> <span class='ocrx_word' id='word_1_703' title='bbox 2680 4561 3055 4631; x_wconf 77' lang='grc' dir='ltr'>αἰχμαλώτους</span> <span class='ocrx_word' id='word_1_704' title='bbox 3082 4580 3095 4594; x_wconf 91' lang='grc'><strong>·</strong></span> <span class='ocrx_word' id='word_1_705' title='bbox 3146 4565 3235 4618; x_wconf 74' lang='grc' dir='ltr'>καὶ</span> <span class='ocrx_word' id='word_1_706' title='bbox 3269 4565 3331 4635; x_wconf 82' lang='grc' dir='ltr'>δὴ</span> <span class='ocrx_word' id='word_1_707' title='bbox 3368 4565 3460 4617; x_wconf 82' lang='grc' dir='ltr'><strong>καὶ</strong></span> <span class='ocrx_word' id='word_1_708' title='bbox 3492 4565 3804 4618; x_wconf 84' lang='grc' dir='ltr'>ἀποδόσθαι</span> 
     </span>
    </p>
   </div>
   <div class='ocr_carea' id='block_1_94' title="bbox 558 4636 2110 4722">
    <p class='ocr_par' dir='ltr' id='par_1_94' title="bbox 558 4636 2110 4711">
     <span class='ocr_line' id='line_1_94' title="bbox 558 4636 2110 4711; baseline -0.001 -17"><span class='ocrx_word' id='word_1_709' title='bbox 558 4657 664 4709; x_wconf 91' lang='lat' dir='ltr'><strong>que</strong></span> <span class='ocrx_word' id='word_1_710' title='bbox 700 4641 981 4704; x_wconf 86' lang='lat' dir='ltr'><strong>ﬁnitimos,</strong></span> <span class='ocrx_word' id='word_1_711' title='bbox 1022 4641 1116 4711; x_wconf 86' lang='lat' dir='ltr'><strong>qui</strong></span> <span class='ocrx_word' id='word_1_712' title='bbox 1158 4654 1255 4710; x_wconf 89' lang='lat' dir='ltr'><strong>per</strong></span> <span class='ocrx_word' id='word_1_713' title='bbox 1293 4638 1425 4693; x_wconf 89' lang='lat' dir='ltr'><strong>illud</strong></span> <span class='ocrx_word' id='word_1_714' title='bbox 1468 4646 1684 4707; x_wconf 92' lang='lat' dir='ltr'><strong>tempus</strong></span> <span class='ocrx_word' id='word_1_715' title='bbox 1731 4636 1882 4708; x_wconf 79' lang='lat' dir='ltr'><strong>Gogo</strong></span> <span class='ocrx_word' id='word_1_716' title='bbox 1912 4639 1978 4692; x_wconf 88' lang='lat' dir='ltr'><strong>ad</strong></span> <span class='ocrx_word' id='word_1_717' title='bbox 2024 4636 2110 4693; x_wconf 78' lang='lat' dir='ltr'><strong>Ju-</strong></span> 
     </span>
    </p>
   </div>
   <div class='ocr_carea' id='block_1_95' title="bbox 2214 4636 3804 4722">
    <p class='ocr_par' dir='ltr' id='par_1_95' title="bbox 2220 4648 3804 4722">
     <span class='ocr_line' id='line_1_95' title="bbox 2220 4648 3804 4722; baseline 0.003 -21"><span class='ocrx_word' id='word_1_718' title='bbox 2220 4648 2414 4710; x_wconf 77' lang='grc' dir='ltr'>αὐτοὺς</span> <span class='ocrx_word' id='word_1_719' title='bbox 2443 4649 2656 4720; x_wconf 87' lang='grc' dir='ltr'>μακράν</span> <span class='ocrx_word' id='word_1_720' title='bbox 2691 4667 2791 4702; x_wconf 89' lang='grc' dir='ltr'><strong>που</strong></span> <span class='ocrx_word' id='word_1_721' title='bbox 2812 4691 2826 4714; x_wconf 88' lang='grc'><strong>,</strong></span> <span class='ocrx_word' id='word_1_722' title='bbox 2877 4651 2997 4704; x_wconf 81' lang='grc' dir='ltr'>ὅθεν</span> <span class='ocrx_word' id='word_1_723' title='bbox 3034 4652 3153 4705; x_wconf 80' lang='grc' dir='ltr'>οὐδὲ</span> <span class='ocrx_word' id='word_1_724' title='bbox 3182 4652 3403 4706; x_wconf 76' lang='grc' dir='ltr'>δυνατὸν</span> <span class='ocrx_word' id='word_1_725' title='bbox 3432 4653 3561 4722; x_wconf 80' lang='grc' dir='ltr'>ὑμῖν</span> <span class='ocrx_word' id='word_1_726' title='bbox 3589 4654 3804 4718; x_wconf 73' lang='grc' dir='ltr'>αὐτοὺς</span> 
     </span>
    </p>
   </div>
   <div class='ocr_carea' id='block_1_96' title="bbox 558 4731 2110 4814">
    <p class='ocr_par' dir='ltr' id='par_1_96' title="bbox 558 4731 2110 4803">
     <span class='ocr_line' id='line_1_96' title="bbox 558 4731 2110 4803; baseline -0.001 -16"><span class='ocrx_word' id='word_1_727' title='bbox 558 4734 795 4787; x_wconf 66' lang='lat' dir='ltr'><strong>dmorum</strong></span> <span class='ocrx_word' id='word_1_728' title='bbox 838 4733 1132 4803; x_wconf 88' lang='lat' dir='ltr'><strong>perniciem</strong></span> <span class='ocrx_word' id='word_1_729' title='bbox 1173 4731 1438 4796; x_wconf 84' lang='lat' dir='ltr'><strong>faverant,</strong></span> <span class='ocrx_word' id='word_1_730' title='bbox 1478 4731 1749 4785; x_wconf 90' lang='lat' dir='ltr'><strong>sermonis</strong></span> <span class='ocrx_word' id='word_1_731' title='bbox 1792 4731 1877 4784; x_wconf 88' lang='lat' dir='ltr'><strong>sui</strong></span> <span class='ocrx_word' id='word_1_732' title='bbox 1925 4732 2110 4787; x_wconf 88' lang='lat' dir='ltr'><strong>seriem</strong></span> 
     </span>
    </p>
   </div>
   <div class='ocr_carea' id='block_1_97' title="bbox 2214 4731 3806 4814">
    <p class='ocr_par' dir='ltr' id='par_1_97' title="bbox 2220 4732 3806 4814">
     <span class='ocr_line' id='line_1_97' title="bbox 2220 4732 3806 4814; baseline 0.004 -24"><span class='ocrx_word' id='word_1_733' title='bbox 2220 4737 2599 4793; x_wconf 85' lang='grc' dir='ltr'>ἀνασώσασθαι</span> <span class='ocrx_word' id='word_1_734' title='bbox 2648 4740 2726 4794; x_wconf 74' lang='grc' dir='ltr'>ἔτι</span> <span class='ocrx_word' id='word_1_735' title='bbox 2750 4757 2765 4773; x_wconf 81' lang='lat'><strong><em>°</em></strong></span> <span class='ocrx_word' id='word_1_736' title='bbox 2814 4742 2985 4795; x_wconf 71' lang='grc' dir='ltr'>ταῦτα</span> <span class='ocrx_word' id='word_1_737' title='bbox 3011 4732 3145 4814; x_wconf 84' lang='grc' dir='ltr'>πρὸς</span> <span class='ocrx_word' id='word_1_738' title='bbox 3175 4745 3298 4807; x_wconf 77' lang='grc' dir='ltr'>τοὺς</span> <span class='ocrx_word' id='word_1_739' title='bbox 3325 4743 3555 4814; x_wconf 83' lang='grc' dir='ltr'>Τυρίους</span> <span class='ocrx_word' id='word_1_740' title='bbox 3592 4738 3653 4796; x_wconf 83' lang='grc' dir='ltr'><strong>τε</strong></span> <span class='ocrx_word' id='word_1_741' title='bbox 3696 4746 3806 4797; x_wconf 77' lang='grc' dir='ltr'>καὶ</span> 
     </span>
    </p>
   </div>
   <div class='ocr_carea' id='block_1_98' title="bbox 556 4823 2110 4906">
    <p class='ocr_par' dir='ltr' id='par_1_98' title="bbox 556 4823 1063 4895">
     <span class='ocr_line' id='line_1_98' title="bbox 556 4823 1063 4895; baseline -0.002 -18"><span class='ocrx_word' id='word_1_742' title='bbox 556 4824 904 4895; x_wconf 89' lang='lat' dir='ltr'><strong>prosequitur</strong></span> <span class='ocrx_word' id='word_1_743' title='bbox 942 4823 1021 4879; x_wconf 90' lang='lat' dir='ltr'><strong>sic</strong></span> <span class='ocrx_word' id='word_1_744' title='bbox 1050 4840 1063 4876; x_wconf 94' lang='lat'>:</span> 
     </span>
    </p>
   </div>
   <div class='ocr_carea' id='block_1_99' title="bbox 2214 4823 3809 4906">
    <p class='ocr_par' dir='ltr' id='par_1_99' title="bbox 2227 4829 3809 4906">
     <span class='ocr_line' id='line_1_99' title="bbox 2227 4829 3809 4906; baseline 0.005 -25"><span class='ocrx_word' id='word_1_745' title='bbox 2227 4829 2507 4894; x_wconf 87' lang='grc' dir='ltr'>Σιδωνίους</span> <span class='ocrx_word' id='word_1_746' title='bbox 2541 4832 2635 4884; x_wconf 78' lang='grc' dir='ltr'><strong>καὶ</strong></span> <span class='ocrx_word' id='word_1_747' title='bbox 2674 4834 2800 4897; x_wconf 75' lang='grc' dir='ltr'>τοὺς</span> <span class='ocrx_word' id='word_1_748' title='bbox 2843 4835 3254 4905; x_wconf 77' lang='grc' dir='ltr'>περιοικοῦντας</span> <span class='ocrx_word' id='word_1_749' title='bbox 3299 4837 3543 4899; x_wconf 76' lang='grc' dir='ltr'>ἅπαντας</span> <span class='ocrx_word' id='word_1_750' title='bbox 3587 4854 3809 4906; x_wconf 77' lang='grc' dir='ltr'>παρεν-</span> 
     </span>
    </p>
   </div>
   <div class='ocr_carea' id='block_1_100' title="bbox 559 4911 3811 4999">
    <p class='ocr_par' dir='ltr' id='par_1_100' title="bbox 559 4911 3811 4999">
     <span class='ocr_line' id='line_1_100' title="bbox 559 4911 3811 4999; baseline 0.003 -30"><span class='ocrx_word' id='word_1_751' title='bbox 559 4918 689 4979; x_wconf 67' lang='grc' dir='ltr'>θεὶς,</span> <span class='ocrx_word' id='word_1_752' title='bbox 725 4916 799 4979; x_wconf 80' lang='grc' dir='ltr'>ὡς</span> <span class='ocrx_word' id='word_1_753' title='bbox 833 4915 897 4969; x_wconf 85' lang='grc' dir='ltr'>ἂν</span> <span class='ocrx_word' id='word_1_754' title='bbox 925 4917 1042 4968; x_wconf 85' lang='grc' dir='ltr'>κατ’</span> <span class='ocrx_word' id='word_1_755' title='bbox 1064 4915 1268 4966; x_wconf 74' lang='grc' dir='ltr'>ἐκεῖνον</span> <span class='ocrx_word' id='word_1_756' title='bbox 1290 4912 1380 4966; x_wconf 80' lang='grc' dir='ltr'>τὸν</span> <span class='ocrx_word' id='word_1_757' title='bbox 1409 4912 1598 4983; x_wconf 80' lang='grc' dir='ltr'>καιρὸν</span> <span class='ocrx_word' id='word_1_758' title='bbox 1625 4911 2104 4982; x_wconf 81' lang='grc' dir='ltr'>ὲπικεχειρηκότας</span> <span class='ocrx_word' id='word_1_759' title='bbox 2127 4919 2444 4991; x_wconf 79' lang='grc' dir='ltr'>συμπρᾶξαι</span> <span class='ocrx_word' id='word_1_760' title='bbox 2464 4923 2578 4985; x_wconf 71' lang='grc' dir='ltr'>τοὶς</span> <span class='ocrx_word' id='word_1_761' title='bbox 2601 4923 2743 4994; x_wconf 75' lang='grc' dir='ltr'>ἀμφὶ</span> <span class='ocrx_word' id='word_1_762' title='bbox 2760 4925 2850 4979; x_wconf 81' lang='grc' dir='ltr'><strong>τὸν</strong></span> <span class='ocrx_word' id='word_1_763' title='bbox 2879 4926 3000 4996; x_wconf 86' lang='grc' dir='ltr'><strong>Γὼγ</strong></span> <span class='ocrx_word' id='word_1_764' title='bbox 3016 4927 3107 4980; x_wconf 73' lang='grc' dir='ltr'><strong>ἐπὶ</strong></span> <span class='ocrx_word' id='word_1_765' title='bbox 3136 4931 3200 4999; x_wconf 76' lang='grc' dir='ltr'>τῇ</span> <span class='ocrx_word' id='word_1_766' title='bbox 3225 4928 3365 4982; x_wconf 88' lang='grc' dir='ltr'><strong>κατά</strong></span> <span class='ocrx_word' id='word_1_767' title='bbox 3385 4929 3491 4983; x_wconf 85' lang='grc' dir='ltr'>τῶν</span> <span class='ocrx_word' id='word_1_768' title='bbox 3524 4932 3811 4987; x_wconf 77' lang='grc' dir='ltr'>Ἰουδαίων</span> 
     </span>
    </p>
   </div>
   <div class='ocr_carea' id='block_1_101' title="bbox 559 5006 2059 5079">
    <p class='ocr_par' dir='ltr' id='par_1_101' title="bbox 559 5006 2059 5079">
     <span class='ocr_line' id='line_1_101' title="bbox 559 5006 2059 5079; baseline -0.003 -15"><span class='ocrx_word' id='word_1_769' title='bbox 559 5010 819 5079; x_wconf 65' lang='grc' dir='ltr'>ἀπωλείᾳ,</span> <span class='ocrx_word' id='word_1_770' title='bbox 851 5008 1031 5079; x_wconf 76' lang='grc' dir='ltr'>ἔχεται</span> <span class='ocrx_word' id='word_1_771' title='bbox 1057 5007 1156 5077; x_wconf 82' lang='grc' dir='ltr'>τῆς</span> <span class='ocrx_word' id='word_1_772' title='bbox 1184 5008 1386 5069; x_wconf 81' lang='grc' dir='ltr'>οἰκείας</span> <span class='ocrx_word' id='word_1_773' title='bbox 1410 5006 1745 5071; x_wconf 86' lang='grc' dir='ltr'>ἀκολουθίας,</span> <span class='ocrx_word' id='word_1_774' title='bbox 1788 5007 1881 5060; x_wconf 90' lang='grc' dir='ltr'><strong>καί</strong></span> <span class='ocrx_word' id='word_1_775' title='bbox 1906 5024 2059 5079; x_wconf 85' lang='grc' dir='ltr'>φησι·</span> 
     </span>
    </p>
   </div>
   <div class='ocr_carea' id='block_1_102' title="bbox 634 5179 2103 5249">
    <p class='ocr_par' dir='ltr' id='par_1_102' title="bbox 634 5179 2103 5249">
     <span class='ocr_line' id='line_1_102' title="bbox 634 5179 2103 5249; baseline 0 -14"><span class='ocrx_word' id='word_1_776' title='bbox 634 5186 795 5239; x_wconf 66' lang='lat' dir='ltr'><strong>Vsus.</strong></span> <span class='ocrx_word' id='word_1_777' title='bbox 824 5184 1078 5238; x_wconf 72' lang='lat' dir='ltr'><strong>9-f‘2.—t</strong></span> <span class='ocrx_word' id='word_1_778' title='bbox 1098 5182 1397 5236; x_wconf 65' lang='lat' dir='ltr'><strong>Prmdicate</strong></span> <span class='ocrx_word' id='word_1_779' title='bbox 1432 5182 1543 5235; x_wconf 67' lang='lat' dir='ltr'><strong>haec</strong></span> <span class='ocrx_word' id='word_1_780' title='bbox 1569 5181 1624 5233; x_wconf 89' lang='lat' dir='ltr'><strong>in</strong></span> <span class='ocrx_word' id='word_1_781' title='bbox 1660 5179 1935 5249; x_wconf 77' lang='lat' dir='ltr'><strong>gentibus,</strong></span> <span class='ocrx_word' id='word_1_782' title='bbox 1975 5198 2103 5237; x_wconf 87' lang='lat' dir='ltr'><strong>san-</strong></span> 
     </span>
    </p>
   </div>
   <div class='ocr_carea' id='block_1_103' title="bbox 560 5274 2117 5344">
    <p class='ocr_par' dir='ltr' id='par_1_103' title="bbox 560 5274 2117 5344">
     <span class='ocr_line' id='line_1_103' title="bbox 560 5274 2117 5344; baseline 0 -17"><span class='ocrx_word' id='word_1_783' title='bbox 560 5275 792 5329; x_wconf 79' lang='lat' dir='ltr'><strong>ctiﬁcate</strong></span> <span class='ocrx_word' id='word_1_784' title='bbox 841 5278 1060 5338; x_wconf 87' lang='lat' dir='ltr'><strong>bellum,</strong></span> <span class='ocrx_word' id='word_1_785' title='bbox 1090 5275 1353 5329; x_wconf 89' lang='lat' dir='ltr'><strong>suscitate</strong></span> <span class='ocrx_word' id='word_1_786' title='bbox 1390 5281 1739 5344; x_wconf 77' lang='lat' dir='ltr'><strong>pugnatores.</strong></span> <span class='ocrx_word' id='word_1_787' title='bbox 1788 5274 2030 5328; x_wconf 88' lang='lat' dir='ltr'><strong>accedite</strong></span> <span class='ocrx_word' id='word_1_788' title='bbox 2064 5283 2117 5327; x_wconf 84' lang='lat' dir='ltr'><strong>ct</strong></span> 
     </span>
    </p>
   </div>
   <div class='ocr_carea' id='block_1_104' title="bbox 560 5362 2116 5427">
    <p class='ocr_par' dir='ltr' id='par_1_104' title="bbox 560 5362 2116 5427">
     <span class='ocr_line' id='line_1_104' title="bbox 560 5362 2116 5427; baseline -0.001 -9"><span class='ocrx_word' id='word_1_789' title='bbox 560 5363 1063 5427; x_wconf 78' lang='lat' dir='ltr'><strong>ascenditc,omnes</strong></span> <span class='ocrx_word' id='word_1_790' title='bbox 1112 5365 1441 5419; x_wconf 87' lang='lat' dir='ltr'><strong>bellatores:</strong></span> <span class='ocrx_word' id='word_1_791' title='bbox 1488 5362 1755 5417; x_wconf 88' lang='lat' dir='ltr'><strong>concidite</strong></span> <span class='ocrx_word' id='word_1_792' title='bbox 1790 5370 1973 5417; x_wconf 88' lang='lat' dir='ltr'><strong>aratra</strong></span> <span class='ocrx_word' id='word_1_793' title='bbox 2021 5379 2116 5417; x_wconf 86' lang='lat' dir='ltr'><strong>ve-</strong></span> 
     </span>
    </p>
   </div>
   <div class='ocr_carea' id='block_1_105' title="bbox 562 5452 2121 5521">
    <p class='ocr_par' dir='ltr' id='par_1_105' title="bbox 562 5452 2121 5521">
     <span class='ocr_line' id='line_1_105' title="bbox 562 5452 2121 5521; baseline -0.002 -13"><span class='ocrx_word' id='word_1_794' title='bbox 562 5464 672 5509; x_wconf 80' lang='lat' dir='ltr'><strong>stra</strong></span> <span class='ocrx_word' id='word_1_795' title='bbox 714 5454 764 5507; x_wconf 94' lang='lat' dir='ltr'><strong>in</strong></span> <span class='ocrx_word' id='word_1_796' title='bbox 796 5454 1021 5521; x_wconf 79' lang='lat' dir='ltr'><strong>gladios,</strong></span> <span class='ocrx_word' id='word_1_797' title='bbox 1058 5462 1111 5508; x_wconf 89' lang='lat' dir='ltr'><strong>et</strong></span> <span class='ocrx_word' id='word_1_798' title='bbox 1143 5452 1310 5508; x_wconf 87' lang='lat' dir='ltr'><strong>falces</strong></span> <span class='ocrx_word' id='word_1_799' title='bbox 1332 5463 1540 5506; x_wconf 87' lang='lat' dir='ltr'><strong>vestras</strong></span> <span class='ocrx_word' id='word_1_800' title='bbox 1572 5452 1625 5505; x_wconf 95' lang='lat' dir='ltr'><strong>in</strong></span> <span class='ocrx_word' id='word_1_801' title='bbox 1667 5453 1926 5506; x_wconf 88' lang='lat' dir='ltr'><strong>lanceas:</strong></span> <span class='ocrx_word' id='word_1_802' title='bbox 1966 5453 2121 5505; x_wconf 88' lang='lat' dir='ltr'><strong>inﬁr-</strong></span> 
     </span>
    </p>
   </div>
   <div class='ocr_carea' id='block_1_106' title="bbox 563 5542 2117 5615">
    <p class='ocr_par' dir='ltr' id='par_1_106' title="bbox 563 5542 2117 5615">
     <span class='ocr_line' id='line_1_106' title="bbox 563 5542 2117 5615; baseline -0.003 -18"><span class='ocrx_word' id='word_1_803' title='bbox 563 5559 683 5599; x_wconf 90' lang='lat' dir='ltr'><strong>mus</strong></span> <span class='ocrx_word' id='word_1_804' title='bbox 707 5545 869 5609; x_wconf 84' lang='lat' dir='ltr'><strong>dicat,</strong></span> <span class='ocrx_word' id='word_1_805' title='bbox 896 5542 1072 5599; x_wconf 83' lang='lat' dir='ltr'><strong>Fortis</strong></span> <span class='ocrx_word' id='word_1_806' title='bbox 1100 5560 1199 5615; x_wconf 83' lang='lat' dir='ltr'><strong>ego</strong></span> <span class='ocrx_word' id='word_1_807' title='bbox 1226 5558 1343 5600; x_wconf 90' lang='lat' dir='ltr'><strong>sum</strong></span> <span class='ocrx_word' id='word_1_808' title='bbox 1374 5563 1387 5598; x_wconf 90' lang='lat'>:</span> <span class='ocrx_word' id='word_1_809' title='bbox 1417 5543 1813 5613; x_wconf 78' lang='lat' dir='ltr'><strong>congregemini</strong></span> <span class='ocrx_word' id='word_1_810' title='bbox 1836 5551 1890 5597; x_wconf 84' lang='lat' dir='ltr'><strong>et</strong></span> <span class='ocrx_word' id='word_1_811' title='bbox 1922 5544 2117 5605; x_wconf 84' lang='lat' dir='ltr'><strong>venite,</strong></span> 
     </span>
    </p>
   </div>
   <div class='ocr_carea' id='block_1_107' title="bbox 561 5634 2116 5707">
    <p class='ocr_par' dir='ltr' id='par_1_107' title="bbox 561 5634 2116 5707">
     <span class='ocr_line' id='line_1_107' title="bbox 561 5634 2116 5707; baseline 0.003 -18"><span class='ocrx_word' id='word_1_812' title='bbox 561 5652 750 5691; x_wconf 83' lang='lat' dir='ltr'><strong>omnes</strong></span> <span class='ocrx_word' id='word_1_813' title='bbox 780 5647 967 5705; x_wconf 75' lang='lat' dir='ltr'><strong>gentes</strong></span> <span class='ocrx_word' id='word_1_814' title='bbox 1000 5636 1064 5689; x_wconf 90' lang='lat' dir='ltr'><strong>de</strong></span> <span class='ocrx_word' id='word_1_815' title='bbox 1106 5637 1358 5707; x_wconf 81' lang='lat' dir='ltr'><strong>circuitu,</strong></span> <span class='ocrx_word' id='word_1_816' title='bbox 1406 5644 1460 5691; x_wconf 88' lang='lat' dir='ltr'><strong>et</strong></span> <span class='ocrx_word' id='word_1_817' title='bbox 1508 5634 1634 5689; x_wconf 90' lang='lat' dir='ltr'><strong>illuc</strong></span> <span class='ocrx_word' id='word_1_818' title='bbox 1674 5637 2116 5693; x_wconf 83' lang='lat' dir='ltr'><strong>coacervemini:</strong></span> 
     </span>
    </p>
   </div>
   <div class='ocr_carea' id='block_1_108' title="bbox 2281 5187 3811 5265">
    <p class='ocr_par' dir='ltr' id='par_1_108' title="bbox 2281 5187 3811 5265">
     <span class='ocr_line' id='line_1_108' title="bbox 2281 5187 3811 5265; baseline 0.012 -27"><span class='ocrx_word' id='word_1_819' title='bbox 2281 5187 2425 5257; x_wconf 82' lang='grc' dir='ltr'>Στίχ.</span> <span class='ocrx_word' id='word_1_820' title='bbox 2457 5187 2621 5261; x_wconf 82' lang='grc' dir='ltr'><strong>θ’-ιβ’.</strong></span> <span class='ocrx_word' id='word_1_821' title='bbox 2657 5222 2727 5231; x_wconf 94' lang='grc'><strong><em>-</em></strong></span> <span class='ocrx_word' id='word_1_822' title='bbox 2760 5193 3075 5265; x_wconf 78' lang='grc' dir='ltr'>(Κηρύξατε</span> <span class='ocrx_word' id='word_1_823' title='bbox 3102 5197 3272 5251; x_wconf 82' lang='grc' dir='ltr'>ταῦτα</span> <span class='ocrx_word' id='word_1_824' title='bbox 3297 5200 3353 5251; x_wconf 79' lang='grc' dir='ltr'>ἐν</span> <span class='ocrx_word' id='word_1_825' title='bbox 3384 5203 3495 5263; x_wconf 86' lang='grc' dir='ltr'>τοῖς</span> <span class='ocrx_word' id='word_1_826' title='bbox 3544 5200 3769 5256; x_wconf 78' lang='grc' dir='ltr'>ἔθνεσιν</span> <span class='ocrx_word' id='word_1_827' title='bbox 3791 5222 3811 5236; x_wconf 77' lang='lat'><strong><em>°</em></strong></span> 
     </span>
    </p>
   </div>
   <div class='ocr_carea' id='block_1_109' title="bbox 2214 5276 3817 5363">
    <p class='ocr_par' dir='ltr' id='par_1_109' title="bbox 2214 5276 3817 5363">
     <span class='ocr_line' id='line_1_109' title="bbox 2214 5276 3817 5363; baseline 0.013 -35"><span class='ocrx_word' id='word_1_828' title='bbox 2214 5276 2472 5344; x_wconf 83' lang='grc' dir='ltr'>ἁγιάσατε</span> <span class='ocrx_word' id='word_1_829' title='bbox 2514 5280 2777 5352; x_wconf 57' lang='grc' dir='ltr'>πόλεμον</span> <span class='ocrx_word' id='word_1_830' title='bbox 2808 5285 3111 5355; x_wconf 80' lang='grc' dir='ltr'>ὲξεγείρατε</span> <span class='ocrx_word' id='word_1_831' title='bbox 3157 5289 3283 5351; x_wconf 78' lang='grc' dir='ltr'>τοὺς</span> <span class='ocrx_word' id='word_1_832' title='bbox 3311 5291 3585 5361; x_wconf 83' lang='grc' dir='ltr'>μαχητάς·</span> <span class='ocrx_word' id='word_1_833' title='bbox 3621 5309 3817 5363; x_wconf 71' lang='grc' dir='ltr'>προο-</span> 
     </span>
    </p>
   </div>
   <div class='ocr_carea' id='block_1_110' title="bbox 2214 5369 3813 5455">
    <p class='ocr_par' dir='ltr' id='par_1_110' title="bbox 2214 5369 3813 5455">
     <span class='ocr_line' id='line_1_110' title="bbox 2214 5369 3813 5455; baseline 0.014 -36"><span class='ocrx_word' id='word_1_834' title='bbox 2214 5369 2447 5437; x_wconf 88' lang='grc' dir='ltr'>αγάγετε</span> <span class='ocrx_word' id='word_1_835' title='bbox 2486 5372 2577 5425; x_wconf 71' lang='grc' dir='ltr'><strong>καὶ</strong></span> <span class='ocrx_word' id='word_1_836' title='bbox 2612 5375 2949 5441; x_wconf 73' lang='grc' dir='ltr'>ἀναϐαίνετε,</span> <span class='ocrx_word' id='word_1_837' title='bbox 2984 5380 3181 5443; x_wconf 88' lang='grc' dir='ltr'>πάντες</span> <span class='ocrx_word' id='word_1_838' title='bbox 3212 5376 3409 5453; x_wconf 72' lang='grc' dir='ltr'>’ἄνδρες</span> <span class='ocrx_word' id='word_1_839' title='bbox 3442 5383 3813 5455; x_wconf 59' lang='grc' dir='ltr'>πολεμισταί*</span> 
     </span>
    </p>
   </div>
   <div class='ocr_carea' id='block_1_111' title="bbox 2218 5461 3817 5542">
    <p class='ocr_par' dir='ltr' id='par_1_111' title="bbox 2218 5461 3817 5542">
     <span class='ocr_line' id='line_1_111' title="bbox 2218 5461 3817 5542; baseline 0.013 -31"><span class='ocrx_word' id='word_1_840' title='bbox 2218 5461 2520 5529; x_wconf 80' lang='grc' dir='ltr'>συγκόψατε</span> <span class='ocrx_word' id='word_1_841' title='bbox 2566 5464 2635 5517; x_wconf 87' lang='grc' dir='ltr'><strong>τά</strong></span> <span class='ocrx_word' id='word_1_842' title='bbox 2671 5465 2873 5535; x_wconf 79' lang='grc' dir='ltr'>ἄροτρα</span> <span class='ocrx_word' id='word_1_843' title='bbox 2939 5469 3091 5538; x_wconf 83' lang='grc' dir='ltr'>ὑμῶν</span> <span class='ocrx_word' id='word_1_844' title='bbox 3136 5473 3213 5535; x_wconf 87' lang='grc' dir='ltr'><strong>είς</strong></span> <span class='ocrx_word' id='word_1_845' title='bbox 3260 5474 3553 5542; x_wconf 78' lang='grc' dir='ltr'>ῥομφαίας,</span> <span class='ocrx_word' id='word_1_846' title='bbox 3599 5477 3696 5529; x_wconf 72' lang='grc' dir='ltr'><strong>καὶ</strong></span> <span class='ocrx_word' id='word_1_847' title='bbox 3729 5479 3817 5533; x_wconf 55' lang='grc' dir='ltr'>τὰ</span> 
     </span>
    </p>
   </div>
   <div class='ocr_carea' id='block_1_112' title="bbox 2216 5551 3821 5634">
    <p class='ocr_par' dir='ltr' id='par_1_112' title="bbox 2216 5551 3821 5634">
     <span class='ocr_line' id='line_1_112' title="bbox 2216 5551 3821 5634; baseline 0.012 -32"><span class='ocrx_word' id='word_1_848' title='bbox 2216 5551 2455 5622; x_wconf 78' lang='grc' dir='ltr'>δρέπανα</span> <span class='ocrx_word' id='word_1_849' title='bbox 2492 5554 2645 5625; x_wconf 82' lang='grc' dir='ltr'>ὑμῶν</span> <span class='ocrx_word' id='word_1_850' title='bbox 2672 5559 2751 5619; x_wconf 83' lang='grc' dir='ltr'><strong>είς</strong></span> <span class='ocrx_word' id='word_1_851' title='bbox 2785 5559 3160 5628; x_wconf 76' lang='grc' dir='ltr'>συρομάσταςο</span> <span class='ocrx_word' id='word_1_852' title='bbox 3194 5563 3223 5614; x_wconf 86' lang='grc' dir='ltr'><strong>ό</strong></span> <span class='ocrx_word' id='word_1_853' title='bbox 3264 5562 3523 5628; x_wconf 82' lang='grc' dir='ltr'>ἀδύνατος</span> <span class='ocrx_word' id='word_1_854' title='bbox 3560 5568 3821 5634; x_wconf 74' lang='grc' dir='ltr'>λεγέτω,</span> 
     </span>
    </p>
   </div>
   <div class='ocr_carea' id='block_1_113' title="bbox 2216 5641 3827 5729">
    <p class='ocr_par' dir='ltr' id='par_1_113' title="bbox 2216 5641 3827 5729">
     <span class='ocr_line' id='line_1_113' title="bbox 2216 5641 3827 5729; baseline 0.013 -36"><span class='ocrx_word' id='word_1_855' title='bbox 2216 5642 2297 5694; x_wconf 87' lang='grc' dir='ltr'>ὃτι</span> <span class='ocrx_word' id='word_1_856' title='bbox 2337 5641 2522 5713; x_wconf 85' lang='grc' dir='ltr'>Ἰσχύω</span> <span class='ocrx_word' id='word_1_857' title='bbox 2565 5644 2713 5714; x_wconf 75' lang='grc' dir='ltr'>ἐγώο</span> <span class='ocrx_word' id='word_1_858' title='bbox 2772 5649 3183 5719; x_wconf 73' lang='grc' dir='ltr'>συναθροίζεσθε</span> <span class='ocrx_word' id='word_1_859' title='bbox 3235 5654 3327 5708; x_wconf 78' lang='grc' dir='ltr'><strong>καὶ</strong></span> <span class='ocrx_word' id='word_1_860' title='bbox 3381 5657 3827 5729; x_wconf 72' lang='grc' dir='ltr'>είσπορεύεσθι,</span> 
     </span>
    </p>
   </div>
  </div>
