3976 6226
229 302 326 359 937

1253 313 1802 373 COMMENTAmUS
1832 317 1899 372 ιΝ
1937 318 2168 377 JOELIS
2196 322 2347 380 CAP.
2390 325 2479 381 lli.

3365 345 3471 402 238

234 417 410 471 πάντα
453 414 524 469 τὰ
573 416 728 489 ἔθνη,
773 421 1055 488 κυκλόθεν,
1098 426 1192 479 καὶ
1238 428 1537 497 συνάχθητε
1585 430 1731 482 ὲκεῖ’
1783 430 1801 482 ί

1913 431 2005 499 qui
2059 445 2378 493 mansuetus
2422 448 2558 503 erat,
2611 440 2706 496 fiat
2754 442 3000 503 bellator.
3052 467 3072 501 ι
3124 449 3276 509 Sicut
3311 466 3473 513 antea

232 507 409 575 πρᾶος
442 506 597 560 ἔσται
627 509 985 583 πολεμιστής.
1011 532 1029 565 ι
1079 515 1164 578 Ὠς
1199 515 1308 589 γὰρ
1341 514 1494 573 εἶπεν
1532 520 1807 592 ἀνωτέρω,

231 596 317 647 δτι
347 597 569 661 Συνάξω
595 599 793 664 αὐτοὺς
820 601 910 656 διὰ
937 603 1034 673 τὴν
1058 606 1461 677 προρρηθεῖσαν
1488 609 1687 675 αἰτίαν,
1721 608 1811 664 οῦ-

231 702 314 737 τω
361 687 641 741 κάνταῦθα
687 689 763 753 ὡς
816 690 886 746 ἃν
937 694 1098 758 αὐτὸς
1145 696 1327 760 αὐτοῖς
1370 699 1807 771 ἐγκελευόμενος.

234 774 512 841 ’Ἅπαντες
547 778 634 849 δὴ,
670 782 857 851 φησὶν,
890 783 1075 838 ὁπόσοι
1104 786 1307 858 ταύτην
1331 788 1483 859 ἔχετε
1522 790 1621 861 τὴν
1668 791 1809 861 γνὼ-

236 884 350 938 μην
375 870 521 924 κατὰ
552 873 662 925 τῶν
700 874 828 944 ἐμοὶ
871 877 1269 948 προσηκόντων,
1305 882 1442 951 μετά
1476 884 1677 954 πολλῆς
1711 885 1810 956 μὲν

234 962 545 1032 συνάχθητε
564 965 665 1034 τῆς
696 967 934 1038 σπουδῆς
965 983 979 997 ·
1028 973 1433 1043 συγκροτήσιτε
1461 974 1518 1027 δὲ
1546 976 1681 1045 πρὸς
1711 977 1809 1031 αύ-

234 1054 361 1115 τοίις
395 1054 653 1125 πόλεμον*
685 1056 761 1126 (p.
786 1058 910 1128 154)
951 1060 1045 1115 καὶ
1074 1061 1137 1132 δὴ
1180 1063 1275 1116 καὶ
1306 1063 1376 1116 τὰ
1410 1066 1510 1136 τῆς
1537 1068 1808 1138 γεωργίας

232 1143 446 1213 δργανα
493 1149 573 1209 είς
598 1146 775 1201 ὅπλων
803 1150 1058 1219 μετάθετε
1091 1153 1306 1224 χρῆσιν,
1347 1155 1422 1220 ὡς
1449 1157 1516 1211 ἂν
1540 1158 1808 1229 ἀρκοῦντα

235 1235 339 1303 μὲν
371 1235 547 1305 ἔχοιτε
574 1238 642 1289 τὰ
681 1239 818 1292 ὅπλα
862 1240 941 1310 τῷ
988 1243 1176 1314 πλήθει
1222 1245 1332 1299 τῶν
1369 1248 1626 1302 ἐπιόντων
1661 1268 1675 1281 ο
1723 1251 1809 1304 διὰ

232 1324 501 1377 πλειόνων
523 1325 739 1382 εὔκολον
768 1331 897 1399 ὑμῖν
921 1333 1027 1403 εῐη,
1065 1334 1207 1388 καθά
1229 1337 1564 1408 προῄρησθε,
1594 1340 1809 1394 πάντων

230 1416 576 1486 ἐργάσασθαι
602 1419 709 1474 τῶν
743 1420 1087 1493 Ἰσραηλιτῶν
1111 1426 1209 1497 τὴν
1236 1426 1527 1485 ἀπώλειαν,
1565 1426 1695 1483 Εἶτα
1714 1431 1805 1485 τοῦ

226 1502 502 1575 διεγεῖραι
530 1507 665 1577 πρὸς
689 1509 780 1562 τὸν
803 1511 1039 1582 πόλεμον
1064 1514 1260 1579 αὐτοὺς
1287 1516 1383 1587 τὴν
1411 1518 1586 1572 αἰτίαν
1614 1519 1803 1587 λέγων·

236 1612 258 1643 ι
282 1594 671 1666 Ἕξεγειρέσθω
692 1600 785 1654 καί
814 1602 1147 1657 ἀναϐαινέτω
1175 1607 1349 1660 πάντα
1376 1608 1443 1660 τὰ
1465 1607 1590 1678 ἔθνη
1614 1611 1692 1673 είς
1714 1610 1809 1682 τὴν

229 1684 462 1737 κοιλάδα
522 1687 829 1757 Ἰωσαφὰτ.
886 1692 968 1745 ὅτι
1018 1693 1135 1747 ἐκεῖ
1178 1695 1352 1749 καθιῶ
1397 1697 1488 1750 τοῦ
1535 1698 1805 1771 διακρῖναι

228 1775 409 1828 πάντα
434 1776 503 1829 τά
529 1778 657 1848 ἔθνη
687 1781 966 1835 κυκλόθεν.
991 1801 1010 1833 ι
1052 1784 1193 1837 Πᾶσι
1219 1786 1328 1856 γὰρ
1355 1786 1483 1857 ύμῖν
1513 1761 1806 1843 κατὰπαυ⁹
1840 1761 1879 1815 Β

226 1866 316 1917 τὸν
348 1868 622 1922 συνελθεῖν
653 1869 993 1941 βουλομένοις
1022 1873 1159 1928 κατά
1187 1875 1297 1929 τῶν
1324 1877 1422 1947 τὴν
1453 1878 1803 1952 Ἰερουσαλὴμ

228 1957 545 2023 οἰκούντων,
578 1961 858 2032 ἐπιτρέπω
888 1964 1046 2017 τοῦτο
1072 1967 1246 2019 ποιεῖν
1270 1982 1283 1996 ·
1319 1967 1395 2031 ὡς
1420 1967 1485 2021 ἂν
1509 1969 1693 2024 αὐτόθι
1723 1970 1802 2024 δί-

1909 521 2141 591 dixerat,
2169 541 2229 582 se
2258 528 2382 584 illos
2410 530 2483 587 ob
2510 533 2823 601 praedictam
2848 551 3069 595 causam
3090 543 3471 617 collectumm,

1910 612 1985 667 ita
2045 630 2192 672 nunc
2254 634 2407 675 more
2474 621 2794 691 imperantis
2853 626 2994 684 idem
3051 631 3257 690 eisdem
3315 612 3468 697 dicit.

1908 702 2126 768 Cuncti,
2161 707 2358 778 inquit,
2388 711 2479 779 qui
2509 712 2611 768 hac
2632 724 2812 771 mente
2836 720 2970 775 estis
2998 720 3265 780 adversus
3298 740 3472 792 meos.

1912 796 2082 850 multa
2120 813 2247 854 cum
2283 800 2634 862 festinatione
2663 812 3081 881 congregemini,
3108 814 3308 873 bellum
3335 833 3472 875 con-

1909 890 1993 937 tra
2041 886 2142 943 hos
2179 891 2432 957 conﬂate,
2474 904 2528 950 et
2573 896 2690 968 ipsa
2728 901 3074 970 agricultura;
3112 906 3473 966 instrumenta

1909 976 1976 1031 ad
2030 993 2305 1036 armorum
2364 1000 2522 1040 usum
2558 992 2982 1057 accommodate,
3027 1004 3085 1051 ut
3119 998 3472 1056 sufﬁcientem

1910 1066 2244 1124 multitudini
2274 1071 2507 1129 militum
2543 1090 2818 1136 armorum
2841 1084 3053 1153 copiam
3087 1085 3352 1144 habeatis.
3380 1089 3475 1145 Sic

1918 1163 2081 1210 aucto
2140 1174 2433 1229 numero,.
2464 1163 2624 1223 facile
2673 1170 2825 1225 vobis
2880 1174 3006 1237 erit,
3072 1184 3232 1244 prout
3282 1176 3469 1243 vultis,

1916 1245 2282 1305 Israelitarum
2330 1255 2571 1310 omnium
2607 1259 2874 1315 excidium
2908 1274 3236 1333 perpetrare.
3271 1266 3474 1324 Deinde

1909 1353 2129 1393 causam
2159 1356 2463 1412 exponens,
2493 1348 2564 1403 ob
2593 1365 2755 1418 quam
2797 1351 2920 1407 illos
2954 1356 3020 1408 ad
3065 1355 3265 1411 bellum
3293 1359 3441 1414 susci
3461 1388 3474 1400 -

1910 1433 2123 1496 laverit,
2163 1450 2183 1484 ι
2217 1434 2588 1509 Consurgant,
2627 1442 2825 1512 inquit,
2860 1453 2913 1500 et
2943 1448 3241 1504 ascendant
3280 1466 3472 1508 omnes

1909 1531 2094 1591 gentes
2111 1524 2164 1578 in
2179 1527 2371 1582 vallem
2396 1527 2816 1604 lusaphat,quia
2838 1535 2912 1591 ibi
2945 1539 3145 1595 sedebo
3164 1540 3472 1611 utjudiccm

1908 1626 2098 1670 omnes
2119 1625 2304 1685 gentes
2335 1620 2389 1674 in
2433 1623 2683 1679 circuitu.
2724 1644 2745 1678 ι
2788 1625 2988 1684 Omnes
3022 1645 3142 1697 vos,
3182 1634 3276 1701 qui
3307 1631 3474 1689 simul

1909 1704 2073 1760 vultis
2098 1706 2358 1764 adversus
2389 1709 2725 1769 Hierusalem
2761 1716 2968 1773 incolas
3000 1722 3251 1790 praeliari,
3291 1723 3344 1778 id
3372 1739 3473 1794 ego

1907 1801 1968 1849 ut
1994 1798 2166 1865 agatis
2201 1799 2412 1868 sinam;
2440 1805 2565 1873 quia
2599 1805 2711 1860 illic
2741 1822 2931 1877 poenas
2954 1808 3021 1865 de
3048 1812 3276 1867 audacia
3311 1823 3363 1869 et
3390 1813 3472 1868 fa-

1908 1886 2090 1942 cinore
2136 1888 2242 1943 isto
2292 1907 2527 1957 sumam,
2587 1910 2778 1953 omnes
2831 1914 3240 1971 quaqueversus
3303 1905 3471 1960 variis

1908 1979 2175 2035 mortibus
2201 1982 2514 2040 absumens.
2551 1988 2690 2053 Quid
2717 1991 2878 2060 ergo?

228 2063 329 2108 κας
359 2048 508 2117 ὑμεῖς
534 2051 937 2155 είσπραξαίμην
963 2053 1056 2107 τοῦ
1095 2073 1153 2109 τε
1185 2056 1534 2131 τολμήματος
1587 2063 1681 2115 καὶ
1726 2063 1827 2133 τῆς
1871 2067 2257 2141 ἐπιχειρήσειας
2299 2075 2519 2148 ταύτης,
2558 2048 2807 2145 ἀπανταξ
2839 2084 3168 2155 πανταχόθεν
3209 2086 3475 2143 ποικίλοις

230 2134 434 2189 ἀνελὼν
457 2137 729 2202 θανάτοις.
762 2140 827 2191 Τί
852 2137 945 2195 οὖν
967 2160 983 2209 ;

293 2257 448 2327 Στίχ.
479 2265 570 2325 ιγ.
596 2287 667 2296 -
698 2278 717 2310 ι
741 2259 1184 2325 Ἐξαποστείλατε
1228 2263 1504 2337 δρέπανα,
1545 2270 1627 2322 ὅτι
1661 2286 1800 2339 παρ-

224 2342 454 2411 έστηκεν
474 2346 504 2397 6
523 2346 811 2416 τρυγητός·
837 2348 1234 2422 είσπορεύεσθε,
1256 2358 1499 2423 πατεῖτε,
1518 2357 1651 2412 διότι
1673 2360 1801 2430 πλή-

225 2450 322 2502 ρης
345 2436 378 2505 ἡ
405 2434 588 2504 ληνὸς,
620 2436 941 2507 ύπερχεῖται
969 2439 1036 2492 τὰ
1063 2441 1350 2513 ὕπολήνια’
1379 2444 1460 2498 ὅτι
1489 2446 1797 2519 ἐπληθύνθη

222 2524 289 2575 τὰ
322 2525 473 2577 κακὰ
506 2525 708 2580 αὐτῶν.
741 2546 763 2579 ι
810 2528 1069 2595 Τοσοῦτος
1110 2532 1216 2603 γὰρ
1255 2533 1406 2588 ἔσται
1439 2536 1596 2604 φόνος
1620 2539 1797 2592 αὐτῶν

227 2612 317 2664 καὶ
338 2612 580 2686 τοσαύτη
602 2616 809 2680 πτῶσις
827 2618 1042 2673 πάντων
1056 2621 1230 2675 αὐτῶν
1254 2626 1371 2676 κατ’
1393 2624 1631 2697 ἀλλήλων
1654 2629 1798 2682 ὁπλι-

224 2702 467 2773 ζομένων
485 2747 501 2771 ,
552 2705 697 2759 ὥστε
730 2711 845 2773 τοῖς
873 2709 971 2781 τὴν
1009 2710 1264 2767 Ἰουδαίαν
1292 2715 1532 2769 οἰκοῦσιν
1568 2719 1695 2788 ὑμῖν
1722 2721 1795 2793 μὴ

225 2792 600 2879 πολέμουᾲδεῖν
618 2814 631 2827 ·
658 2797 791 2852 ἀλλὰ
816 2799 925 2870 γὰρ
942 2802 1146 2856 οἴεσθαι
1172 2805 1445 2875 τρυγητόνη
1462 2824 1583 2861 τινα
1609 2813 1798 2879 παρεί-

226 2898 329 2944 ναι,
360 2883 422 2935 ὲν
452 2877 609 2956 ᾧπερ
642 2886 925 2957 δρεπάνιον
948 2892 1104 2961 χρεία
1130 2891 1187 2947 δὲ
1219 2894 1311 2948 καὶ
1340 2895 1447 2949 τῶν
1486 2877 1799 2953 πατούντων

226 2971 320 3041 τὴν
342 2972 529 3042 ληνὸν,
561 2976 637 3040 ὡς
674 2978 739 3031 ἂν
771 2979 1150 3053 ἐκθλιϐόμενος
1172 2980 1315 3050 οἶνος
1346 2988 1513 3061 ἐκρέῃ
1537 3005 1550 3019 ο
1592 2992 1799 3044 τοιοῦτο

228 3063 333 3133 γὰρ
357 3065 424 3137 δή
454 3083 508 3118 τι
538 3068 633 3120 καί⁵
673 3067 767 3121 νῦν
793 3071 1038 3139 γίγνεται
1062 3092 1075 3105 ο
1120 3073 1197 3144 (p.
1230 3076 1353 3143 155)
1396 3078 1578 3151 ἐπειδὴ
1618 3082 1723 3153 γὰρ
1771 3085 1800 3136 6

229 3160 465 3231 πόλεμος
511 3164 580 3234 τῇ
610 3163 837 3235 δυνάμει
879 3168 1234 3240 κατορθοῦται
1266 3175 1406 3244 ἐμῇ,
1455 3175 1548 3227 καὶ
1597 3176 1800 3239 πάντες

225 3247 504 3304 ίκκεινται
537 3257 658 3317 ταῖς
709 3259 959 3324 σφαγαῖς,
1007 3259 1150 3329 ὑμᾶς
1196 3261 1299 3332 χρὴ
1347 3263 1619 3335 παρόντας
1665 3268 1798 3339 όρᾷν

225 3344 499 3413 τρυγητοῦ
552 3345 654 3416 μὲν
701 3347 857 3419 δίκην
902 3349 1088 3423 ὥσπερ
1133 3353 1283 3416 τινας
1325 3353 1557 3426 βότρυας
1606 3375 1798 3427 τεμνο-

227 3432 424 3501 μένους
468 3450 533 3486 τε
557 3475 571 3495 ,
608 3434 700 3487 καὶ
746 3435 831 3488 ἐπ’
864 3436 1108 3508 ἀλλήλοις
1159 3440 1457 3507 πίπτοντας
1505 3447 1623 3509 ταῖς
1659 3462 1798 3515 σφαα

221 3526 341 3590 ταῖς
361 3541 376 3554 ·
429 3524 561 3578 καθ’
588 3526 879 3597 ὁμοιότητα
900 3528 955 3580 δὲ
980 3528 1139 3600 ληνοῦ
1173 3532 1513 3605 πατουμένης
1542 3536 1801 3607 ὑπερχεό-

225 3632 382 3685 μενον
415 3615 478 3669 τὺ
507 3616 618 3669 τῶν
648 3619 1052 3690 ἀναιρουμένων
1090 3619 1228 3693 αἷμα
1262 3639 1276 3653 ο
1321 3622 1491 3688 οὕτως
1522 3626 1698 3680 αὐτῶν
1730 3628 1800 3681 τὰ

220 3704 362 3759 κακά
413 3705 879 3778 πληθυνθήσεται,
923 3709 1016 3763 καὶ
1062 3712 1314 3778 τοσοῦτος
1359 3715 1535 3769 αὐτῶν
1577 3719 1605 3770 6
1644 3718 1800 3787 φόνος

221 3799 541 3869 γενήσεται,
577 3801 676 3869 οὐχ
710 3800 861 3870 ὑμῶν
889 3802 1286 3874 πολεμούντων,
1321 3805 1435 3858 ἀλλ’
1471 3807 1692 3861 ἐκείνων
1722 3811 1800 3872 είς

220 3887 487 3957 ἀλλήλους
523 3888 622 3951 τὰς
650 3889 856 3953 οἰκείας
884 3891 1190 3961 τρεπόντων
1221 3893 1420 3959 δεξιὰς,
1458 3896 1596 3950 κατὰ
1625 3896 1684 3950 τὸ
1713 3897 1796 3951 δοε-

222 3975 347 4030 κοῦν
370 3978 528 4048 ἐμοί.
565 3974 700 4030 Εἶτα
728 3981 822 4032 καὶ
843 3979 910 4032 τὰ
937 3980 1063 4051 ἑξῆς
1090 3981 1397 4047 ἀκολούθως
1428 3984 1596 4055 λέγει.

285 4089 437 4159 Στίχ.
473 4086 658 4153 ιδ’-ιζ’.
698 4120 750 4129 -
801 4108 822 4140 ι
863 4086 1026 4160 ’Ἦχοι
1072 4089 1347 4163 ὲξήχησαν
1382 4094 1440 4146 ὲν
1479 4096 1545 4164 τῇ
1598 4095 1799 4148 κοιλάδι

1978 2268 2141 2326 Vens.
2164 2272 2249 2326 l5.
2273 2302 2342 2315 —-
2363 2293 2382 2326 ι
2411 2274 2604 2333 Mittite
2623 2278 2809 2345 falces,
2828 2284 3079 2348 quoniam
3102 2284 3256 2341 adest
3280 2286 3469 2340 vimle-

1900 2362 2028 2431 mia:
2045 2364 2284 2431 introite,
2299 2369 2524 2436 calcate,
2537 2371 2661 2441 quia
2675 2373 2890 2443 plenum
2909 2383 2991 2430 est
3008 2379 3264 2442 torcular,
3279 2380 3471 2435 redun-

1902 2453 2033 2508 dant
2056 2457 2335 2525 supposita
2354 2460 2509 2514 solia.
2523 2479 2542 2512 ι
2564 2460 2734 2519 Tanta
2752 2464 2857 2519 erit
2880 2465 3094 2521 illorum
3114 2469 3336 2533 occisio,
3354 2479 3473 2523 tutt-

1901 2552 2065 2615 taque
2094 2556 2302 2617 strages
2324 2549 2436 2620 89
2454 2550 2689 2608 hostium
2723 2555 2779 2608 in
2804 2563 3044 2611 mutuam
3066 2559 3265 2614 caedem
3317 2576 3468 2615 arma

1898 2637 2246 2701 vertentium,
2287 2650 2347 2694 ut
2393 2642 2549 2698 vobis
2602 2643 2802 2701 Iudaeae
2842 2646 3035 2703 incolis
3077 2664 3317 2721 pugnare
3359 2666 3469 2706 non

1897 2728 1969 2783 sit
1989 2731 2358 2786 necessarium
2394 2752 2406 2787 :
2450 2733 2778 2791 vindemiam
2813 2738 3104 2809 quamdam
3137 2742 3340 2797 instare
3366 2758 3466 2812 pu-

1897 2820 2044 2884 tetis,
2082 2822 2169 2875 cui
2210 2823 2516 2879 recidendae
2559 2826 2791 2886 falcibus
2824 2844 2962 2899 Opus
3000 2838 3125 2887 est:
3167 2833 3296 2889 item
3326 2850 3465 2905 opus

1898 2910 2006 2964 erit
2066 2912 2409 2970 calcantibus
2477 2919 2772 2980 torculare.
2819 2928 2877 2974 ut
2930 2937 3248 2999 expressum
3280 2927 3464 2981 vinum

1826 3038 1867 3095 Ο
1901 2995 2080 3052 efﬂuat
2125 3018 2139 3054 :
2176 3016 2301 3055 nam
2348 3009 2401 3057 et
2442 3020 2589 3060 nunc
2628 3006 2806 3067 simile
2846 3010 2977 3079 quid
3018 3010 3132 3067 fieri
3172 2996 3463 3089 contingit.

1903 3087 2041 3154 Quia
2060 3092 2204 3145 enim
2234 3091 2432 3147 bellum
2476 3098 2715 3165 potentia
2754 3114 2871 3154 mea
2900 3100 3131 3160 feliciter
3152 3087 3387 3176 geritur,
3412 3117 3466 3163 et

1900 3194 2089 3235 omnes
2138 3182 2378 3239 cmdibus
2405 3187 2827 3255 contraduntur,
2861 3206 2959 3247 vos
2999 3194 3215 3264 quidem
3253 3207 3468 3268 specta-

1900 3273 2022 3327 culo
2051 3272 2243 3329 adesse
2271 3274 2445 3349 decet,
2477 3287 2786 3349 spectantes
2822 3289 3081 3355 tanquam
3112 3286 3166 3340 in
3194 3288 3464 3345 vindemia

1901 3375 2240 3418 racemorum
2270 3366 2442 3429 instar
2472 3368 2633 3422 veluti
2664 3384 2855 3436 caesos,
2888 3380 2942 3428 et
2964 3375 3166 3431 mutuis
3191 3378 3464 3448 stragibus

1903 3449 2050 3504 humi
2085 3459 2411 3527 prostratos,
2464 3464 2519 3511 et
2555 3458 2817 3535 quasijde
2861 3463 3119 3518 torculari
3147 3466 3357 3522 calcato
3386 3469 3465 3523 ef—

1901 3539 2155 3596 ﬂuentem
2201 3544 2509 3600 occisorum
2552 3548 2893 3619 sanguinem.
2945 3549 3036 3605 Sic
3077 3567 3265 3611 eorum
3321 3556 3463 3609 mala

1900 3633 2628 3709 oumulabuntur;tantaque
2652 3638 2741 3695 ﬁet
2769 3641 3011 3711 ipsorum
3047 3642 3275 3708 occisio,
3317 3644 3461 3699 haud

1900 3726 2268 3795 pugnantibus
2292 3728 2465 3793 vobis,
2491 3730 2585 3785 sed
2608 3730 2716 3785 illis
2737 3740 2923 3785 contra
2952 3747 3013 3797 se
3036 3740 3223 3807 mutuo
3243 3735 3464 3792 dextras

1904 3818 2263 3874 vertentibus.
2303 3818 2509 3876 Deinde
2545 3832 2599 3877 et
2625 3823 2832 3893 reliqua
2876 3833 3248 3881 consentanea
3274 3835 3464 3883 tenore

1902 3910 2265 3977 prosequitur.

1970 4083 2147 4159 Vsus.
2178 4086 2362 4141 ιιι-17.
2392 4118 2463 4129 -
2494 4105 2515 4137 ι
2559 4086 2782 4144 Sonitus
2811 4092 3051 4147 exauditi
3091 4101 3221 4147 sunt
3252 4094 3305 4148 in
3328 4095 3465 4151 valle

218 4180 316 4249 τῆς
348 4180 541 4249 δίκης,
590 4182 672 4233 ὅτι
715 4181 879 4249 ἐγγὺς
922 4183 1104 4252 ἡμέρα
1137 4184 1342 4253 Κυρίου
1391 4185 1449 4236 ὲν
1496 4187 1562 4255 τῇ
1598 4184 1800 4239 κοιλάδι

1905 4174 2109 4243 iudicii,
2133 4176 2260 4245 quia
2279 4192 2444 4257 prope
2476 4185 2561 4234 est
2585 4178 2702 4234 dies
2720 4178 2934 4237 Domini
2966 4184 3019 4238 in
3047 4186 3185 4240 valle
3201 4186 3413 4254 judicii.
3436 4205 3457 4239 ι

215 4273 314 4339 τῆς
345 4271 538 4340 δίκης.
582 4288 601 4321 ι
640 4270 864 4341 Φοὸεροὶ
891 4272 1000 4342 γὰρ
1032 4268 1156 4343 ἦχοί
1182 4291 1325 4338 τινες
1354 4276 1416 4327 ἐκ
1438 4274 1531 4327 τοῦ
1567 4274 1800 4346 πλήθους

1900 4263 2033 4318 Nam
2060 4267 2273 4321 sonitus
2300 4267 2521 4337 quidam
2556 4270 2826 4326 terribiles
2854 4287 2919 4326 ex
2940 4273 3243 4333 occisorum
3274 4277 3328 4330 in
3360 4277 3460 4332 hac

212 4360 319 4413 τῶν
340 4361 762 4431 ἀναιρουμένων
794 4363 888 4414 ἐπὶ
917 4364 1014 4432 τῆς
1046 4363 1290 4426 κοιλάδος
1322 4365 1635 4435 γενήσονται
1664 4367 1797 4421 ταύ-

1905 4356 2040 4412 valle
2069 4357 2416 4414 multitudine
2444 4358 2594 4425 fient,
2641 4360 2696 4415 in
2726 4375 2832 4430 qua
2863 4376 3052 4431 pinnas
3095 4365 3164 4419 ab
3197 4366 3277 4421 eis
3302 4382 3462 4438 repo-

212 4468 329 4521 της,
362 4454 425 4504 ὲν
537 4450 594 4503 δὲ
618 4451 718 4514 τὰς
742 4451 899 4515 δίκας
940 4453 1136 4516 αὐτοὺς
1163 4453 1525 4524 είσπράξομαι
1553 4455 1647 4508 τοῦ
1676 4456 1797 4509 καθ’

214 4541 368 4610 ὑμῶν
394 4542 756 4610 τολμήματος
777 4557 792 4570 ·
824 4541 1045 4596 κοιλάδα
1074 4541 1184 4613 γὰρ
1214 4541 1368 4613 δίκης
1394 4543 1492 4614 τὴν
1532 4543 1625 4596 τοῦ
1684 4546 1799 4598 Ἰω-

218 4632 398 4701 σαφὰτ
422 4631 714 4695 ἐκάλεσεν,
752 4632 861 4686 ἀπὸ
891 4633 991 4703 τῆς
1027 4633 1298 4706 τιμωρίας
1320 4634 1419 4705 τῆς
1450 4635 1639 4690 αύτόθι
1670 4637 1802 4705 μελ-

214 4721 413 4792 λούσης
438 4719 751 4788 ἐπάγεσθαι
780 4722 1005 4785 ἐκείνοις
1036 4723 1185 4795 παρά
1210 4722 1303 4777 τοῦ
1331 4723 1486 4778 Θεοῦ.
1514 4743 1534 4776 ι
1576 4725 1632 4779 '0
1653 4725 1801 4797 ἥλιος

215 4815 307 4867 καὶ
332 4815 367 4885 ἢ
403 4813 618 4883 σελήνη
653 4814 1059 4876 συσκοτάσουσι,
1091 4814 1188 4867 καὶ
1234 4815 1284 4868 oi.
1316 4815 1544 4886 ἀστέρες
1582 4815 1800 4869 δύσουσι

215 4905 275 4957 τὸ
324 4906 547 4974 φέγγος
595 4904 794 4958 αὐτῶν.
862 4923 880 4956 ι
950 4904 1281 4969 ’Δκολούθως
1338 4903 1511 4971 εἶπεν,
1563 4908 1646 4960 ὅτι
1688 4909 1801 4970 τοῖς

216 4992 649 5065 ἀναιρουμένοις
675 4993 776 5047 οὐκ
804 4991 956 5045 ἔσται
990 4993 1103 5062 φῶς
1121 5010 1136 5026 ·
1164 4996 1311 5058 ὅπως
1346 4994 1410 5066 δὴ
1440 4995 1611 5049 ταῦτα
1642 4998 1802 5066 γενή-

222 5103 373 5140 σεται
424 5086 636 5156 δηλῶν,
664 5086 894 5154 ἐπάγειν
929 5104 948 5138 ι
1000 5086 1058 5138 '0
1090 5085 1147 5138 δὲ
1190 5086 1393 5159 Κύριος
1439 5087 1801 5159 ἀνακράξεται

216 5178 280 5231 ὲκ
325 5178 503 5231 Σιώνσ
556 5178 956 5247 ἀνακράξεται,
1005 5177 1100 5229 καὶ
1139 5177 1197 5243 ἐξ
1238 5176 1587 5248 Ἰερουσαλὴμ
1638 5175 1801 5230 δώσει

218 5270 402 5339 φωνὴν
438 5267 639 5330 αὑτοῦ,
674 5269 767 5321 καὶ
798 5266 1144 5339 σεισθήσεται
1177 5271 1205 5321 6
1245 5268 1469 5339 οὐρανὸς
1502 5268 1596 5321 καὶ
1631 5268 1665 5339 ἡ
1697 5268 1798 5338 γῆ⁸

215 5361 243 5411 6
266 5360 324 5412 δὲ
360 5360 580 5432 Κύριος
616 5358 856 5428 φείσεται
882 5358 977 5413 τοῦ
1015 5357 1145 5412 λαοῦ
1178 5358 1339 5413 αὑτοῦ
1362 5374 1374 5386 ·
1409 5358 1504 5412 καὶ
1535 5358 1802 5429 ὲνισχύσει

217 5451 423 5520 Κύριος
462 5453 600 5513 τοῦς
644 5452 790 5514 υἱοὺς
829 5449 1076 5522 Ἰσραήλ·
1112 5450 1204 5504 καλ⁹
1238 5448 1506 5517 γνώσεσθε
1558 5450 1639 5503 ὅτι
1691 5448 1801 5519 ἐγὼ

219 5541 426 5613 Κύριος
480 5543 517 5594 6
561 5539 695 5602 Θεὸς
739 5538 916 5609 ὑμῶν,
961 5537 1314 5607 κατασκηνῶν
1345 5539 1402 5590 ὲν
1429 5537 1565 5591 Σιὼν
1596 5538 1654 5591 ὲν
1687 5537 1801 5608 ὄρει

220 5634 357 5702 ἁγίῳ
398 5651 536 5703 μου.
584 5650 605 5683 ι
656 5632 733 5701 (p.
786 5631 908 5702 156)
952 5632 1123 5694 Αὐτὸς
1162 5630 1290 5703 γὰρ,
1325 5630 1508 5701 φησὶν,
1545 5632 1574 5683 6
1611 5629 1742 5694 Θεὸς
1775 5633 1803 5683 6

221 5722 275 5775 iv
300 5723 448 5776 Σιὼν
484 5720 859 5792 προσάγεσθαι
888 5721 988 5792 τὴν
1017 5721 1248 5792 νόμιμον
1301 5719 1595 5791 θεραπείαν
1631 5719 1797 5784 τάξας

1899 4461 2049 4501 scam
2089 4448 2173 4502 sui
2225 4454 2417 4502 contra
2448 4463 2547 4504 vos
2574 4464 2763 4505 ausus.
2796 4449 3005 4506 Etenim
3028 4451 3218 4521 judicii
3263 4456 3454 4513 vallem

1898 4536 2030 4592 dicit
2070 4536 2352 4607 Josaphati
2410 4539 2625 4603 vallem,
2683 4552 2714 4592 a
2774 4554 2934 4609 poma
2977 4557 3098 4612 qua
3137 4544 3247 4599 illic
3288 4562 3316 4600 a
3354 4545 3462 4602 Deo

1900 4628 2150 4684 hostibus
2193 4629 2517 4700 imponenda
2549 4637 2684 4685 erat.
2723 4649 2742 4682 ι
2780 4630 2871 4686 Sol
2905 4640 2959 4687 et
2996 4634 3124 4690 luna
3169 4636 3334 4691 simul
3359 4638 3461 4693 ob-

1899 4717 2284 4783 scurabuntur,
2307 4725 2363 4773 et
2384 4718 2554 4774 stellae
2571 4718 2847 4775 rctrabent
2873 4722 3210 4792 splendorem
3228 4742 3408 4784 suum.
3434 4747 3454 4781 ο

1899 4805 2019 4862 Νοη
2073 4808 2372 4880 incongrue
2436 4808 2592 4876 dicit,
2643 4810 2843 4867 occisis
2889 4813 3071 4870 lumen
3122 4815 3457 4872 defuturum.

1901 4896 2183 4963 Quomodo
2217 4905 2395 4953 autem
2418 4897 2533 4952 haec
2561 4899 2691 4953 fient
2719 4898 3026 4965 declarans,
3052 4902 3127 4955 ait
3163 4919 3179 4955 :
3224 4919 3244 4955 ι
3284 4902 3461 4957 Ι)οωὶ-

1901 5003 2005 5043 nus
2034 4995 2215 5043 autem
2239 4988 2308 5044 de
2334 4988 2500 5043 Sione
2526 4988 2813 5057 clamabit;
2840 4991 3117 5058 clamabit,
3144 5000 3199 5046 et
3229 5007 3296 5047 ex
3338 4993 3459 5048 Hie-

1901 5079 2138 5135 rusalem
2196 5079 2346 5135 dabit
2389 5094 2578 5135 vocem
2623 5095 2780 5136 suam
2815 5100 2829 5137 :
2879 5088 2934 5137 et
2980 5083 3177 5136 caelum
3219 5096 3284 5137 ac
3313 5090 3461 5140 terra

1902 5173 2302 5228 concutientur.
2340 5172 2602 5229 Dominus
2622 5183 2802 5230 autem
2826 5180 3009 5244 parcet
3033 5174 3232 5244 populo
3256 5190 3381 5241 suo,
3409 5186 3463 5232 ct

1901 5262 2182 5318 roborabit
2218 5263 2481 5319 Dominus
2530 5264 2671 5321 filios
2703 5263 2941 5320 lsraelis.
2984 5261 3051 5317 Et
3102 5265 3291 5320 scietis
3334 5267 3463 5336 quia

1901 5369 2002 5425 ego
2040 5353 2303 5411 Dominus
2350 5356 2494 5411 Deus
2550 5366 2751 5419 vester,
2802 5354 3053 5411 habitans
3097 5355 3155 5413 in
3194 5359 3360 5413 Sione
3407 5358 3461 5411 in

1903 5454 2087 5502 monte
2134 5456 2325 5502 sancto
2366 5462 2506 5502 meo.
2556 5466 2575 5500 ι
2616 5446 2757 5516 Ipse,
2798 5448 2996 5517 inquit,
3037 5449 3323 5513 Dominus,
3368 5452 3464 5520 qui

1903 5537 2007 5594 sibi
2034 5538 2090 5591 in
2124 5536 2288 5593 Sione
2320 5538 2618 5609 legitimum
2644 5538 2849 5592 cultum
2879 5540 3121 5597 exhiberi
3155 5543 3465 5609 constituit,

1905 5643 2150 5698 magnam
2209 5627 2469 5683 adversus
2520 5628 2705 5684 hostes
2760 5643 2944 5684 vocem
2998 5632 3229 5695 emittet,
3282 5647 3310 5685 a
3356 5650 3466 5703 qua

1902 5719 2099 5775 coelum
2126 5732 2188 5772 ac
2221 5726 2365 5773 terra
2396 5717 2647 5789 quassari
2682 5719 3074 5788 propemodum
3116 5721 3465 5792 videbuntur,
3546 5786 3551 5795 ,
