3966 6222
524 333 627 390 259

1729 323 2074 380 TllEODORl
2106 323 2586 381 MOPSUESTENI

3661 317 3766 374 210

526 447 598 501 ob
654 452 946 498 eventuum
997 440 1425 504 mirabilitatcm,
1483 447 1795 508 tantamque
1851 446 2087 510 stragem

2206 441 2386 512 ἑαυτῷ,
2424 442 2663 511 μεγάλην
2695 438 2813 492 κατ’
2838 435 3014 490 αὐτῶν
3045 435 3243 504 ἀφησει
3293 433 3391 504 τὴν
3425 433 3606 502 φωνήν
3628 448 3639 462 ο
3671 433 3763 500 ἀφ’

526 543 637 588 tam
674 533 784 604 90
817 533 1095 603 inopinate
1128 532 1349 596 editam,
1387 529 1480 585 Dei
1503 545 1687 600 opera,
1721 529 1936 583 interim
1974 529 2089 584 suis

527 627 826 696 parcentis,
877 624 1156 692 fortesque
1205 623 1258 676 in
1304 630 1599 691 conspectu
1630 620 1867 674 hostium
1907 626 2091 674 osten-

523 717 707 771 dentis
741 734 754 768 :
796 725 854 769 ut
894 713 1151 769 omnibus
1221 712 1569 768 manifestum
1616 711 1707 764 ﬁat
1753 711 1929 782 ipsum
1964 726 2090 766 vere

527 806 694 862 Deum
748 821 870 861 esse
925 804 1308 870 universalem,
1356 815 1412 860 et
1479 803 1768 859 Dominum
1831 804 1980 857 illum
2035 805 2089 858 in

528 895 694 950 Sionc
725 902 909 951 monte
934 894 1039 950 coli
1069 895 1310 950 solitum.

608 1224 770 1280 Vens.
826 1225 1014 1281 18-21.
1048 1255 1119 1267 —
1154 1244 1172 1276 ι
1211 1227 1276 1280 Et
1305 1226 1408 1281 erit
1438 1223 1773 1282 Hierusalem
1808 1233 2014 1295 sancta,
2042 1235 2096 1282 et

529 1319 846 1388 alienigena:
901 1333 1008 1372 non
1041 1319 1353 1372 transibunt
1416 1335 1512 1388 per
1560 1333 1678 1373 eam
1723 1319 1978 1388 amplius.
2031 1317 2096 1373 Et

528 1408 631 1463 erit
664 1409 753 1463 die
791 1408 903 1472 illa,
941 1408 1228 1463 stillabant
1257 1417 1470 1464 montes
1498 1409 1864 1472 dulcedinem,
1897 1417 1950 1466 et
1979 1409 2096 1464 col-

530 1499 610 1553 les
639 1497 810 1552 ﬂuent
849 1499 1012 1562 lacte,
1054 1508 1108 1554 et
1141 1514 1335 1554 omnes
1379 1499 1706 1556 emissiones
1744 1499 1898 1555 Judze
1927 1499 2097 1555 ﬂuent

529 1588 685 1658 aquis
723 1607 734 1642 :
768 1597 822 1644 et
850 1589 968 1644 fons
994 1589 1060 1645 de
1089 1589 1252 1644 domo
1280 1589 1495 1644 Domini
1547 1591 1874 1661 egredietur,
1899 1602 1954 1646 et
1976 1591 2096 1644 irri-

529 1681 679 1751 gabit
713 1689 1010 1736 torrentem
1044 1683 1438 1737 l'uniculorum.
1471 1703 1490 1736 ι
1531 1683 1786 1739 Sanctam
1815 1699 1938 1740 esse
1966 1683 2094 1740 Hie-

2195 525 2263 601 ἦς
2290 531 2352 601 δὴ
2391 530 2587 602 μικροῦ
2627 529 2720 582 καὶ
2747 527 2974 599 οὐρανὸς
2999 525 3139 589 δόξει
3169 522 3533 583 συσσείεσθαι.
3572 523 3666 576 καὶ
3692 525 3762 593 γῆ

2198 623 2261 674 ἐκ
2287 621 2379 674 τοῦ
2409 619 2712 688 παραδόξου
2733 618 2843 671 τῶν
2864 615 3220 686 γιγνομένων,
3251 613 3344 667 καὶ
3376 613 3476 683 τῆς
3499 610 3764 682 τοσαύτης

2200 712 2413 780 σφαγῆς
2439 708 2581 762 οὕτω
2606 707 2923 778 παραδόξως
2949 703 3361 774 ὲκτελουμένης,
3391 701 3456 771 ἢν
3485 700 3764 770 ποιήσεται

2197 799 2348 863 Θεὸς,
2380 798 2489 851 τῶν
2535 799 2750 852 οἰκείων
2801 796 3133 866 φειδόμενος,
3165 794 3258 848 καὶ
3294 791 3541 862 ἰσχυροὺς
3573 791 3765 851 αὐτοὺς

2198 892 2340 946 κατὰ
2363 891 2472 946 τῶν
2500 891 2756 946 ἐναντίων
2787 885 3106 950 ἀποδεικνύς
3128 903 3141 916 ⁸
3167 885 3243 948 ὡς
3272 884 3337 938 ἂν
3369 884 3539 936 ἅπασι
3560 882 3768 950 γένοιτο

2197 981 2376 1052 δῆλον,
2417 983 2498 1035 ὅτι
2529 982 2695 1044 ὄντως
2727 973 2881 1042 οὗτος
2929 978 2993 1048 δὴ
3043 976 3175 1040 Θεὸς
3208 973 3314 1027 τῶν
3347 973 3622 1034 ἁπάντων,
3669 971 3765 1024 καὶ

2200 1074 2400 1143 Κύριος
2423 1075 2450 1127 ὁ
2480 1076 2536 1127 ἐν
2580 1072 2658 1143 τῷ
2683 1072 2798 1143 δρει
2826 1069 2904 1140 τῷ
2933 1067 3068 1122 Σιὼν
3099 1063 3497 1137 θεραπεύεσθαι
3535 1061 3758 1123 εἰωθώς.

2271 1228 2414 1299 Στίχ.
2452 1226 2656 1298 ιη’-κα’.
2686 1257 2752 1267 —-
2788 1246 2805 1279 ι
2860 1227 2970 1279 Καὶ
3002 1224 3149 1277 ἔσται
3197 1221 3551 1293 Ἰερουσαλὴμ
3597 1218 3761 1287 ἀγίαο

2201 1321 2297 1374 καὶ
2335 1321 2636 1388 ἀλλογενεῖς
2665 1320 2724 1372 οὐ
2755 1318 3112 1372 διελεύσονται
3139 1315 3204 1367 δι’
3231 1313 3396 1382 αὐτῆς
3426 1310 3608 1364 οὐκέτι
3627 1328 3638 1340 ·
3676 1311 3768 1362 καὶ

2201 1409 2351 1462 ἔσται
2383 1409 2442 1460 ὲν
2469 1411 2534 1478 τῇ
2567 1407 2746 1479 ἡμέρᾳ
2772 1407 2952 1479 ἐκείνῃ
3004 1402 3362 1466 ἁποσταλάξει
3402 1401 3467 1453 τὰ
3494 1401 3592 1473 ὄρη
3636 1397 3765 1468 γλυ-

2205 1498 2436 1569 κασμδν,
2483 1501 2576 1551 καί
2621 1499 2670 1550 οί
2702 1497 2877 1567 βουνοὶ
2909 1499 3194 1568 ρυήσονται
3243 1493 3382 1562 γάλα
3407 1509 3422 1524 ο
3455 1493 3547 1545 καὶ
3599 1493 3767 1544 πᾶσαι

2201 1591 2254 1643 αἱ
2304 1589 2528 1658 ἀφέσεις
2591 1588 2762 1642 Ἰούδα
2814 1588 3099 1658 ρυήσονται
3136 1585 3334 1638 ὕδατα·
3375 1583 3468 1636 καὶ
3513 1583 3663 1654 πηγὴ
3709 1583 3767 1647 ἐξ

2200 1680 2345 1732 οἴκου
2376 1679 2582 1748 Κυρίου
2613 1677 2970 1742 ἐξελεύσεται,
2995 1679 3090 1730 καὶ
3117 1677 3294 1728 ποτιεῖ
3319 1675 3410 1726 τὸν
3437 1675 3769 1744 χειμάρρουν

531 1772 768 1826 rusalcm
821 1787 886 1825 cx
934 1773 1098 1827 rebus
1145 1771 1281 1842 ipsis
1330 1773 1500 1842 gestis
1543 1775 1838 1838 constabit,
1879 1775 2097 1828 nemine

2206 1771 2307 1823 τῶν
2344 1770 2586 1840 σχοίνων.
2643 1788 2662 1821 ›
2712 1769 2777 1822 ἸΙ
2826 1769 2922 1840 μὲν
2973 1768 3080 1837 γὰρ
3138 1764 3488 1838 Ἰερουσαλὴμ
3535 1763 3665 1830 ἁγία
3709 1761 3771 1826 ἐξ

517 1863 732 1928 {abhinc
773 1862 1078 1932 alienigena
1147 1862 1215 1915 ad
1285 1863 1434 1916 illam
1490 1865 1784 1918 ascendere
1837 1861 2092 1919 audente.

533 1954 756 2007 tlunctis
783 1963 961 2006 autem
982 1951 1186 2008 Judzeis
1215 1954 1542 2022 promissam
1576 1961 1776 2008 terram
1809 1955 2099 2010 incolenti-

531 2043 636 2097 bus
669 2045 936 2096 bonorum
987 2042 1208 2097 ubertas
1237 2042 1362 2099 erit.
1406 2043 1534 2111 quia
1566 2051 1619 2096 et
1646 2050 1861 2097 montes
1897 2051 1950 2097 et
1985 2043 2099 2095 col-

534 2135 613 2187 les
671 2133 872 2187 multos
921 2132 1056 2202 ipsis
1109 2147 1172 2186 ac
1242 2131 1424 2186 varios
1472 2132 1683 2188 fructus
1743 2133 2097 2204 praebebunt;

531 2219 711 2272 fontes
761 2218 888 2272 item
929 2229 1250 2273 consuetam
1294 2234 1561 2288 aquarum
1611 2235 1837 2275 suarum
1887 2223 2098 2292 copiam

533 2308 992 2380 suppeditabunt;
1039 2310 1200 2364 solita
1235 2309 1423 2365 dicens
1457 2325 1524 2364 ex
1577 2309 1671 2365 Dei
1713 2311 1914 2381 templo
1957 2311 2101 2364 dona

532 2399 772 2469 erogari,
805 2407 859 2454 et
889 2399 1132 2454 indidem
1165 2399 1446 2455 alliuentes
1483 2400 1678 2454 uberes
1711 2400 1978 2454 bonorum
2016 2399 2101 2454 di-

434 2486 436 2488 ’
534 2491 699 2547 vitias
729 2491 1118 2546 accedentibus
1141 2492 1295 2558 illuc,
1325 2499 1380 2547 et
1409 2491 1591 2546 debita
1616 2489 1725 2546 Deo
1753 2489 1927 2546 olllcia
1953 2506 2102 2546 com-

533 2568 683 2652 plere
735 2583 1137 2653 satagentibus.
1189 2581 1291 2638 Hic
1337 2591 1423 2637 est
1464 2583 1608 2637 enim
1647 2583 1740 2653 qui
1776 2597 1805 2636 a
1842 2583 2104 2653 propheta

534 2672 737 2728 dicitur
780 2671 846 2726 de
877 2673 1040 2727 domo
1074 2672 1282 2728 Domini
1311 2672 1434 2728 fons
1462 2689 1812 2744 egressurus.
1848 2672 1973 2735 llic,
2025 2672 2107 2726 in-

511 2765 720 2835 'quam,
758 2773 939 2820 tantus
967 2765 1094 2830 erit,
1135 2773 1197 2819 ut
1231 2779 1404 2834 usque
1428 2765 1494 2818 ad
1533 2765 1863 2835 longinquos
1893 2763 2104 2834 copiam

538 2873 695 2912 suam
749 2864 1079 2912 extensurus
1142 2856 1233 2910 sit.
1267 2856 1385 2911 Mox
1428 2867 1715 2928 postquam
1764 2856 1948 2911 dixit:
1984 2876 2001 2908 ι
2043 2855 2108 2910 Et

535 2947 803 3018 Egyptus
847 2947 1204 3015 desolabitur,
1253 2958 1307 3002 et
1356 2947 1588 3003 ldumaaa
1633 2949 1886 3004 similiter
1913 2949 1982 3004 ob
2010 2963 2107 3004 sua

538 3043 732 3090 contra
777 3050 876 3090 vos
920 3035 1184 3101 facinora,
1238 3045 1292 3092 et
1327 3047 1548 3106 propter
1587 3039 1787 3093 multos
1833 3053 1899 3093 ex
1956 3039 2108 3094 vobis

2200 1861 2375 1915 αὐτῶν
2409 1863 2706 1931 φανήσεται
2748 1859 2853 1913 τῶν
2896 1858 3254 1930 πραγμάτων,
3295 1855 3505 1918 οὐδενὸς
3549 1852 3771 1906 ἐπιϐαίο

2197 1970 2307 2006 νειν
2341 1953 2476 2022 αὐτῇ
2522 1950 2801 2021 ἀλλοτρίου
2844 1949 3149 2019 τολμῶντος
3187 1949 3298 2000 ἕτν
3334 1948 3504 2000 ἅπασι
3541 1944 3596 1997 δὲ
3637 1944 3770 1996 Ἰουο

2197 2043 2364 2104 δαίοις
2396 2041 2486 2094 ἐπὶ
2535 2041 2632 2110 τῆς
2683 2041 2785 2110 γῆς
2831 2038 3034 2092 οἰκοῦσι
3086 2038 3185 2107 τῆς
3235 2034 3565 2104 ἐπαγγελίας
3597 2031 3768 2102 πολλή

2197 2151 2282 2196 τις
2310 2131 2540 2202 ἀφθονία
2570 2131 2676 2184 τῶν
2703 2129 2920 2199 ἀγαθῶν
2953 2129 3123 2191 ἔσται,
3153 2128 3227 2190 ῶς
3279 2129 3372 2180 καί¹
3412 2125 3479 2178 τὰ
3525 2125 3628 2194 ὅρη
3671 2122 3770 2174 καὶ

2198 2223 2323 2285 τοὺς
2347 2221 2567 2292 βουνοὺς
2593 2221 2836 2292 καρποὺς
2857 2219 2920 2290 δὴ
2950 2217 3174 2280 πολλούς
3199 2234 3349 2279 τινας
3375 2216 3468 2269 καί⁸
3491 2214 3771 2274 ποικίλους

2202 2313 2456 2385 παρέχειν
2484 2313 2660 2374 αὐτοῖς
2680 2329 2694 2342 ·
2724 2310 2820 2373 τὰς
2855 2310 3035 2380 πηγάς
3062 2327 3119 2362 τε
3147 2309 3392 2379 συνήθως
3418 2306 3525 2358 τῶν
3553 2303 3773 2358 οἰκείων

2204 2405 2415 2458 ὑδάτων
2457 2402 2683 2473 (p.157)
2716 2400 2973 2472 παρέχειν
3017 2402 3110 2455 τὸν
3151 2400 3375 2454 πλοῦτον
3403 2397 3482 2471 [αἰ
3529 2396 3774 2450 εἰωθυῖαι

2203 2496 2267 2548 ἐκ
2301 2493 2392 2547 τοῦ
2426 2491 2554 2546 ναοῦ
2584 2491 2676 2545 τοῦ
2705 2491 2848 2545 θείου
2876 2491 3223 2563 χορηγεῖσθαι
3260 2490 3456 2562 δωρεαὶ
3485 2488 3644 2560 (21)],
3676 2487 3775 2540 καὶ

2204 2583 2471 2654 πηγάςειν
2497 2583 2724 2652 ἄφθονον
2752 2581 2859 2635 τῶν
2899 2582 3119 2650 ἀγαθῶν
3151 2582 3242 2636 τὸν
3271 2579 3496 2634 πλοῦτον
3533 2582 3647 2642 τοῖς
3675 2579 3776 2632 αὑ-

2205 2676 2321 2729 τόθι
2348 2692 2404 2728 τε
2438 2675 2685 2739 εἰσιοῦσι,
2716 2675 2808 2727 καὶ
2843 2673 2912 2727 τὰ
2936 2675 3243 2745 καθήκοντα
3283 2673 3359 2744 τῷ
3389 2671 3505 2742 Θεῷ
3533 2671 3777 2742 πληροῦν

2207 2765 2592 2819 ἐσπουδακόσιο
2622 2765 2826 2838 ταύτην
2855 2765 2961 2835 γὰρ
2990 2765 3137 2834 λέγει
3171 2764 3350 2836 πηγὴν
3391 2764 3449 2830 ἐξ
3483 2763 3632 2815 οἴκου
3664 2763 3780 2815 Ku-

2211 2855 2324 2926 ρίου
2352 2852 2753 2920 ὲξελεύσεσθαιο
2781 2854 3014 2925 τοσαύτη
3045 2871 3128 2918 τις
3161 2853 3312 2906 ἔσται
3344 2853 3480 2906 ὥστε
3513 2853 3642 2924 ἄχρι
3682 2851 3780 2905 καί

2207 2945 2315 2998 τῶν
2343 2944 2624 3018 πόρρωθεν
2650 2945 2748 3016 τὴν
2775 2945 3079 3016 φιλοτιμίαν
3114 2947 3391 3000 ἐκτείνειν.
3426 2941 3557 2998 Εἶτα
3607 2943 3780 2998 εἰπὼν

2211 3035 2291 3089 ὅτι
2318 3035 2465 3089 «Καὶ
2506 3038 2776 3105 Αἴγυπτος
2815 3037 3260 3108 ἀφανισθήσεται,
3290 3037 3380 3089 καὶ
3423 3039 3455 3105 ἡ
3506 3036 3784 3106 Ἰδουμαία

538 3133 727 3179 contra
762 3124 844 3182 fas
875 3125 1219 3194 interfectos,
1265 3146 1284 3179 ι
1326 3127 1479 3182 addit
1511 3147 1523 3180 :
1563 3145 1582 3179 ι
1613 3126 1682 3182 Ει
1705 3127 1890 3182 Judzea
1919 3129 1974 3182 in
2013 3145 2101 3184 sua

2211 3127 2268 3180 δὲ
2312 3126 2408 3179 σὺν
2455 3128 2660 3200 ἐκείνῃ,
2713 3129 2852 3200 ὑπὲρ
2891 3123 2964 3183 ὧν
2995 3129 3309 3200 πεπράχασί
3357 3147 3416 3183 τε
3456 3129 3573 3182 καθ’
3601 3129 3782 3200 ὑμῶν,

539 3215 698 3268 tirma
754 3216 1018 3272 felicitate
1086 3216 1424 3273 habitabitur
1473 3233 1504 3272 a
1551 3219 1791 3288 propriis
1823 3219 2019 3274 incolis
2057 3219 2110 3274 in

539 3305 902 3362 Hierusalem.
944 3327 963 3360 ι
1000 3309 1211 3374 Quibus
1256 3309 1577 3380 superaddit
1611 3327 1624 3364 :
1665 3328 1685 3362 ι
1728 3309 1794 3364 Ει
1835 3311 2113 3381 requiram

543 3398 869 3467 sanguinem
892 3413 1106 3464 eorum,
1140 3416 1302 3470 quem
1345 3401 1578 3455 inultum
1618 3416 1742 3457 esse
1772 3415 1880 3456 non
1913 3403 2108 3455 sinam.

538 3488 606 3542 Et
655 3488 921 3546 Dominus
976 3491 1246 3548 habitabit
1297 3493 1354 3547 in
1407 3490 1594 3548 Sionc.
1638 3513 1658 3546 ι
1704 3493 1872 3560 Quasi
1912 3493 2058 3548 dicat
2096 3512 2110 3548 :

539 3580 822 3651 Quotquot
875 3580 1138 3639 adversus
1172 3581 1447 3640 lsraelitas
1476 3584 1684 3654 aliquid
1712 3585 1956 3656 aggressi
1994 3584 2108 3639 fue-

539 3668 670 3734 rint,
715 3671 988 3740 supremis
1034 3670 1263 3726 alliciam
1309 3674 1617 3744 suppliciis.
1663 3673 1730 3728 Et
1778 3676 2108 3745 permanebo

539 3774 666 3813 cum
719 3760 860 3826 istis,
908 3763 1258 3832 praesentiam
1297 3779 1471 3821 meam
1522 3779 1722 3821 arcana
1769 3765 2112 3837 providentia

541 3847 944 3918 demonstrans,
1003 3867 1168 3923 quam
1252 3855 1530 3926 copiosam
1590 3857 1648 3912 in
1703 3871 1866 3913 omne
1936 3870 2112 3912 mrum

543 3937 743 3992 abhinc
782 3940 985 3997 eisdem
1012 3943 1303 4012 praestabo.

615 4231 919 4312 (21_Yerba
947 4237 1001 4288 αἰ
1023 4236 1284 4292 εἰωθυῖαι.
1309 4276 1324 4312 ε
1349 4278 1363 4292 .
1404 4237 1623 4309 δωρεαί.
1655 4241 1876 4312 lectoris
1917 4243 2103 4312 cujus-

543 4302 667 4356 dam
710 4303 1273 4375 interpretamentum,
1310 4308 1368 4363 in
1409 4302 1616 4364 teitum
1650 4312 1790 4368 male
1830 4302 2100 4370 invasisse

2210 3217 2304 3270 καὶ
2339 3217 2561 3281 πολλοὺς
2590 3219 2741 3290 ὑμῶν
2769 3219 2968 3284 ἀδίκως
2999 3221 3202 3274 ἀνεῖλον
3223 3238 3238 3254 ·
3291 3241 3310 3274 ι
3355 3221 3580 3289 ἐπάγει·
3634 3239 3653 3272 ι
3718 3219 3787 3274 Ἦ

2212 3307 2268 3361 δὲ
2312 3309 2535 3361 Ἰουδαία
2563 3310 2620 3361 ὲν
2664 3309 2862 3380 βεϐαίῳ
2893 3312 2990 3382 τῆς
3039 3311 3243 3374 οἰκείας
3281 3313 3583 3382 εὐπραγίας
3626 3312 3787 3365 ἔσται

2209 3399 2499 3470 οἰκουμένη
2527 3401 2584 3453 ὲν
2612 3403 2679 3470 τῇ
2731 3401 3084 3472 Ἰερουσαλὴμ
3105 3402 3209 3456 ὑπὸ
3231 3403 3339 3456 τῶν
3367 3403 3598 3458 οἰκείων.
3640 3422 3659 3455 ι
3687 3398 3788 3466 Οἷς

2211 3489 2532 3560 προστίθησι
2553 3507 2568 3524 ο
2599 3509 2617 3541 ι
2659 3491 2768 3544 Καὶ
2799 3491 3083 3564 ὲκζητὴσω
3110 3494 3169 3546 τὸ
3195 3491 3333 3566 αἷμα
3366 3496 3562 3562 αὐτῶν,
3600 3497 3698 3549 καὶ
3722 3497 3788 3550 οὐ

2214 3581 2289 3652 μὴ
2329 3579 2570 3634 ἀθωώσω
2595 3597 2610 3611 ·
2645 3582 2737 3653 καὶ
2769 3583 2972 3654 Κύριος
3012 3585 3421 3655 κατασκηνώσει
3462 3589 3519 3640 ὲν
3558 3588 3722 3640 Σιὼν.
3763 3607 3784 3640 ι

2214 3671 2332 3725 Ἵνα
2363 3671 2492 3745 εἴπῃ
2521 3690 2534 3703 ·
2573 3673 2710 3738 Τούς
2732 3691 2792 3726 τε
2824 3674 3228 3744 ὲπιχειροῦντάς
3252 3695 3302 3730 τι
3341 3680 3458 3730 κατ’
3489 3679 3670 3732 αὐτῶν
3704 3679 3790 3733 ἔτι

2211 3765 2502 3835 τιμωρίαις
2551 3764 2826 3835 περιϐαλῶ
2871 3769 2991 3830 ταῖς
3033 3767 3306 3836 ἐσχάταις,
3352 3769 3587 3839 διαμενῶ
3621 3787 3680 3822 τε
3729 3773 3792 3824 ὲν

2215 3857 2395 3920 αὐτοῖς
2417 3857 2626 3920 δεικνὺς
2647 3857 2878 3926 ἐμαυτὸν
2904 3857 2996 3910 τοῦ
3021 3857 3206 3911 λοιποῦ
3229 3858 3314 3911 διὰ
3338 3859 3434 3930 τῆς
3465 3860 3794 3930 ἀπορρήτου

2215 3947 2557 4018 κηδεμονίας,
2597 3949 2664 4018 ἢν
2709 3947 2907 4018 πολλήν
2947 3965 3067 4002 τινα
3094 3949 3345 4020 παρέχων
3375 3951 3552 4014 αὐτοῖς
3584 3953 3665 4016 εἰς
3694 3953 3796 4006 τὸν

2210 4037 2396 4090 ἔπειτα
2424 4037 2710 4091 διατελέσω
2736 4039 2945 4109 χρόνον.

2210 4245 2685 4328 suspicaturptto
2725 4245 2877 4328 [τι-ξεί..
2925 4247 3230 4328 Eritzsche1
3241 4246 3554 4328 peATILeod.
3602 4246 3791 4316 Maps.

2215 4312 2339 4370 Vili;
2367 4325 2416 4370 et
2448 4316 2680 4385 scriptis,
2713 4333 2766 4387 p.
2803 4317 2892 4386 57,
2930 4317 3095 4384 Halm,
3137 4317 3289 4383 1856,
3324 4316 3378 4372 8.
3413 4317 3574 4370 Εοιτ.
