3976 6226
240 372 329 432 141
1293 383 1807 445 COMMENTARIUE

1906 393 1935 445 ‘l
1961 393 2170 448 AMOSI
2211 395 2364 451 CAP.
2397 394 2438 450 1.

829 723 1430 834 ῪΕΡΜΗΝΕΙΑ
1530 728 1833 815 ΑΜΩΣ
1919 731 2144 816 ΤΟΥ
2234 733 2873 821 ΠΡΟΦΗΤΟΥ.

324 1097 486 1209 ΙΝ
551 1099 1143 1214 AMOSUM
1226 1109 2099 1222 PROPHETAM
2196 1109 3375 1229 COMMENTARIUS.

298 1449 579 1519 Πρόδηλον
607 1451 707 1520 μὲν
733 1446 828 1505 οῦν
854 1454 932 1507 ὅτι
959 1456 1050 1508 καὶ
1081 1458 1347 1529 μακάριος
1388 1460 1567 1531 Ἀμὼς
1606 1464 1635 1514 ὁ
1665 1479 1800 1533 προ-

1973 1462 2077 1533 91
2118 1460 2470 1530 Perspicuum
2522 1469 2607 1517 est
2664 1464 2880 1519 beatum
2944 1480 3157 1536 quoque
3221 1466 3481 1523 Amosum

225 1537 429 1607 φήτης,
486 1537 544 1589 ὃν
591 1540 914 1611 ἑρμηνεύειν
960 1544 1091 1598 Θεοῦ
1136 1546 1316 1617 χάριτι
1370 1551 1656 1619 πρόκειται
1706 1552 1804 1607 νῦν

226 1629 385 1697 ἡμῖν,
442 1629 714 1699 περὶτῶν
756 1632 835 1703 τῷ
878 1634 988 1705 λαῷ
1023 1637 1451 1709 συμϐησομένων
1495 1642 1584 1695 διὰ
1629 1644 1807 1715 πάσης

226 1721 438 1790 papa?)
476 1722 576 1791 τῆς
616 1725 953 1794 προφητείας
998 1728 1073 1797 (p.
1128 1730 1250 1799 158)
1298 1730 1462 1799 λέγει,
1500 1734 1535 1787 ἆ
1561 1750 1618 1787 τε
1659 1735 1809 1807 παρὰ

222 1812 333 1862 τῶν
386 1813 695 1883 Ἀσσυρίων
750 1816 1028 1871 πείσονται
1078 1822 1342 1893 πρότερον
1394 1826 1449 1877 αἱ
1488 1825 1609 1880 δέκα
1645 1827 1809 1895 φυλαὶ

228 1906 477 1974 μηνύων,
506 1907 602 1958 καὶ
630 1906 666 1960 ἃ
698 1907 825 1979 περὶ
852 1908 949 1979 τὴν
996 1910 1349 1984 Ἰερουσαλὴμ
1391 1917 1483 1968 καὶ
1508 1917 1604 1987 τὴν
1642 1918 1809 1971 Ἰούδα

226 1996 421 2066 φίλην,
456 1995 555 2049 εἶτ’
584 1993 677 2051 οῦν
711 2000 836 2061 τοὺς
863 2000 1080 2066 λοιποὺς
1111 2004 1219 2074 (22)
1250 2007 1373 2068 τοὺς
1401 2006 1500 2077 τῆς
1534 2008 1809 2077 βασιλείας

224 2088 464 2156 ἐκείνης,
512 2088 620 2141 ὑπὸ
650 2090 759 2142 τῶν
806 2092 1161 2147 Βαϐυλωνίων
1216 2096 1493 2164 γίγνεσθαι
1543 2100 1805 2170 ἤμελλεν

223 2179 414 2231 τούτου
450 2178 506 2231 δὲ
538 2179 697 2248 λόγος
733 2178 802 2252 ἦν
844 2187 956 2248 τοῖς
982 2188 1289 2258 προφήταις
1319 2189 1415 2260 ούχ
1452 2191 1657 2255 ἁπλῶς,
1693 2194 1806 2247 ἀλλ’

224 2268 410 2337 ἐπειδὴ
442 2270 628 2320 πᾶσαν
650 2269 746 2340 τὴν
773 2273 900 2341 περὶ
930 2275 1018 2326 τὸν
1040 2274 1164 2327 λαὸν
1190 2277 1506 2347 ἐπιμέλειαν
1540 2279 1678 2350 ὑπὲρ
1708 2282 1807 2352 τῆς

224 2357 311 2408 τοῦ
342 2359 624 2411 Δεσπότου
660 2362 895 2432 Χριστοῦ
926 2363 1142 2429 δείξεως
1186 2369 1215 2420 ὁ
1257 2368 1389 2432 Θεὸς
1432 2371 1685 2435 ἐποιεῖτο,
1715 2375 1808 2427 ἐπὶ

225 2452 373 2518 κοινῇ
396 2451 464 2518 τῇ
492 2450 715 2503 πάντων
741 2452 1040 2521 ἀνθρώπων
1064 2458 1305 2528 σωτηρίᾳ
1325 2460 1465 2513 κατὰ
1493 2462 1582 2514 τὸν
1608 2464 1807 2517 οἰκεῖον

224 2539 603 2610 γενησομένης
631 2543 819 2611 καιρόν
846 2560 860 2574 ·
910 2544 1096 2599 τούτου
1135 2548 1243 2620 γὰρ
1274 2550 1457 2604 ἕνεκεν
1490 2554 1687 2617 αὐτοὺς
1713 2556 1806 2607 καὶ

223 2628 472 2699 ἀφώρισε
512 2631 623 2683 τῶν
662 2632 851 2698 ὲθνῶν,
901 2637 993 2689 καὶ
1032 2644 1297 2712 περιτομῇ
1320 2642 1574 2713 διέκρινε,
1608 2646 1699 2697 καὶ
1731 2648 1807 2699 ol-

224 2721 376 2773 κείαν
426 2723 573 2792 ἔχειν
607 2726 985 2794 παρεσκεύασε
1028 2729 1229 2802 χώραν,
1268 2736 1360 2786 καὶ
1409 2737 1804 2807 ἀφωρισμένως

224 2814 279 2863 ὲν
308 2814 389 2883 τῷ
418 2815 539 2886 ὖρει
568 2817 644 2886 τῷ
680 2816 817 2869 Σιὼν
850 2818 937 2872 διὰ
966 2820 1067 2890 τῆς
1100 2825 1328 2895 νομικῆς
1379 2827 1669 2892 διατάξεως
1705 2831 1804 2902 τὴν

225 2905 347 2975 περὶ
393 2907 563 2959 αὐτὸν
615 2909 913 2978 προσέταξε
957 2912 1221 2966 ποιεῖσθαι
1268 2915 1582 2986 θεραπείαν,
1631 2921 1693 2972 ἵν’
1740 2922 1805 2973 ὲκ

224 2996 479 3049 τοιούτων
531 2998 677 3052 κατὰ
722 3000 820 3063 τὰς
863 3004 1203 3073 προφητικάς
1253 3007 1531 3076 μηνύσεις,
1579 3012 1671 3063 καὶ
1705 3012 1804 3082 τὴν

220 3088 424 3141 ἄνωθεν
464 3090 563 3142 ἐπὶ
611 3092 822 3154 τούτοις
853 3094 981 3162 περὶ
1009 3095 1098 3147 τὸν
1138 3096 1263 3149 λαὸν
1294 3101 1665 3171 γεγενημένην
1690 3103 1805 3157 διά-

220 3178 405 3243 ταξιν,
457 3181 658 3249 φανεὶς
707 3184 735 3235 ὁ
781 3184 1056 3255 Δεσπότης
1103 3187 1354 3257 Χριστὸς,
1397 3190 1554 3260 δῆλον
1602 3193 1805 3247 ἆπασιν

221 3270 657 3342 ἐργάσηταιτοίς
689 3273 1013 3345 ἀνθρώποις,
1038 3277 1119 3329 ὅτι
1150 3279 1249 3347 οὐχ
1275 3278 1500 3351 ὕστερον
1531 3285 1802 3339 ἐκαινοτό-

223 3378 394 3430 μησεν
430 3366 460 3415 ό
513 3363 649 3424 Θεὸς
701 3365 797 3433 τὴν
854 3367 1106 3421 ἁπάντων
1152 3368 1458 3440 ἀνθρώπων
1506 3377 1800 3446 σωτηρίαν,

220 3453 330 3504 ἀλλ’
376 3454 592 3508 ἄνωθεν
638 3457 733 3509 καὶ
784 3459 888 3528 πρὸ
943 3461 1170 3530 μακρῶν
1220 3460 1331 3513 τῶν
1380 3462 1588 3532 χρόνων
1646 3466 1802 3519 τοῦτο

220 3546 639 3615 προωρισμένον
670 3547 809 3600 κατὰ
843 3548 932 3601 τὸν
965 3551 1230 3621 μακάριον
1266 3552 1477 3607 Παῦλον
1504 3554 1643 3624 ἔχων
1673 3559 1801 3627 παρ’

220 3632 414 3702 ἑαυτῷ,
441 3634 735 3698 ἐξελέξατο
770 3637 867 3706 μὲν
892 3638 981 3690 τὸν
1020 3640 1287 3711 Ἀϐραάμ,
1321 3642 1615 3715 συνέστησε
1653 3646 1709 3699 δὲ
1742 3647 1802 3698 τὸ

219 3724 276 3786 ἐξ
317 3726 536 3776 ἐκείνου
569 3725 746 3794 γένος,
780 3730 1094 3799 ἐπιμέλειαν
1122 3732 1178 3785 δὲ
1207 3733 1370 3787 αὐτοῦ
1413 3734 1533 3787 καθ’
1562 3736 1619 3788 ὃν
1654 3740 1803 3808 είρή-

222 3834 394 3885 καμεν
449 3819 753 3889 πεποίηται
797 3820 1034 3890 τρόπον·
1090 3814 1156 3875 ἵν’
1206 3823 1265 3888 ἐξ
1306 3825 1485 3879 αὐτῶν
1528 3825 1802 3899 ὕστερονό

219 3909 500 3978 Δεσπότης
552 3908 786 3978 Χριστὸς
830 3911 890 3963 τὸ
934 3911 1075 3967 κατὰ
1120 3914 1294 3985 σάρκα
1344 3915 1436 3968 ἐπὶ
1475 3919 1539 3987 τῇ
1585 3919 1802 3973 πάντων

219 4000 535 4072 ἀνθρώπων
585 4004 770 4069 φανεὶς
803 4004 1067 4075 σωτηρία,
1106 4006 1181 4075 (p.
1223 4008 1346 4077 159)
1379 4009 1536 4080 δῆλος
1579 4011 1798 4083 ὑπάρχῃ

219 4092 360 4145 κατὰ
391 4094 488 4145 τὸν
530 4093 736 4147 ἄνωθεν
766 4096 992 4165 ὁρισμὸν
1028 4098 1120 4150 ἐπὶ
1158 4097 1256 4167 τὴν
1307 4101 1614 4170 οἰκονομίαν
1660 4120 1801 4173 παρ-
1828 4154 1868 4210 c

220 4182 501 4210 -a_~..,n-'.-

218 4182 521 4255 εληλυϐώς.

298 4277 479 4347 ’Υπὲρ
510 4275 576 4345 δὴ
614 4275 819 4329 τούτων
861 4277 954 4331 καὶ
1001 4280 1404 4352 μετοικισθῆναι
1438 4283 1526 4335 τὸν
1555 4284 1680 4338 λαὸν
1715 4286 1801 4339 διὰ

219 4363 317 4433 τῆς
357 4364 747 4433 αἰχμαλωσίας
777 4367 1184 4436 παρεσκεύασεν
1214 4368 1353 4433 ὅλον,
1390 4371 1485 4423 καὶ
1525 4373 1803 4443 ἐπανήγα-

218 4470 312 4519 γεν
357 4455 419 4520 ἐξ
473 4454 658 4507 αὐτῶν
712 4454 805 4519 οὓς
854 4456 1132 4521 ἐϐούλετο,
1170 4452 1352 4531 ὧνπερ
1399 4456 1490 4513 οὖν
1539 4463 1723 4530 ἡγεῖτο
1768 4464 1801 4533 ἡ

231 4548 403 4601 Ἰούδα
445 4548 594 4617 φυλὴ
629 4548 786 4619 μόνη,
838 4552 871 4619 ἡ
919 4552 1068 4604 πᾶσα
1100 4552 1196 4623 τὴν
1231 4553 1482 4606 ἐπάνοδον
1512 4554 1799 4625 δεξαμένη,

220 4641 529 4710 ἐπειδήπερ
565 4639 625 4704 ἐξ
658 4640 827 4709 αὐτῆς
858 4642 1089 4711 ἤμελλεν
1127 4644 1515 4712 ἀναφαίνεσθαι
1562 4645 1619 4697 τὸ
1666 4646 1803 4699 κατὰ

222 4728 400 4796 σάρκα
449 4730 483 4780 ὁ
529 4730 806 4799 Δεσπότης
855 4731 1117 4801 Χριστός·
1170 4731 1277 4785 τῶν
1344 4732 1544 4785 λοιπῶν
1614 4734 1803 4804 γάρτοι

220 4820 403 4885 φυλῶν
457 4820 559 4887 ἀφ’
607 4820 844 4890 ἑκάστης
894 4821 1146 4890 ἑπόμενοι
1210 4821 1410 4893 ταύτῃ,
1475 4824 1803 4893 συνανῆλοον

218 4909 428 4976 ὀλίγοιο
466 4910 559 4963 ἵνα
603 4910 689 4962 διὰ
740 4911 840 4980 μὲν
882 4911 980 4980 τῆς
1014 4911 1385 4983 γεγενημένης
1428 4913 1803 4983 αἰχμαλωσίας

202 4986 313 5049 καὶ
342 5000 449 5068 τῆς
482 4999 742 5052 ἐπανόδου
764 4999 953 5053 τοῦτον
983 5001 1432 5071 ἀποτελεσθείσης
1456 5002 1546 5054 τὸν
1579 5004 1802 5072 τρόπον,

221 5089 381 5157 δῆλος
412 5091 643 5159 γένηται
680 5092 778 5161 τῆς
821 5092 949 5161 περὶ
988 5092 1079 5145 τὸν
1120 5093 1247 5148 λαὸν
1278 5093 1591 5164 ἐπιμελείας
1626 5097 1654 5146 ὁ
1684 5112 1807 5147 σκο-

224 5180 322 5241 πὸς
366 5179 468 5231 τοῦ
523 5179 679 5242 Θεοῦ,
724 5181 862 5249 ὑπὲρ
888 5180 984 5233 τοῦ
1018 5182 1390 5251 φανησομένου
1434 5197 1497 5249 γε
1530 5181 1590 5245 ἐξ
1625 5180 1804 5233 αὐτῶν

222 5270 313 5322 ἐπὶ
338 5274 409 5341 τῇ
443 5272 661 5324 πάντων
686 5272 988 5342 ἀνθρώπων
1016 5273 1255 5343 σωτηρίᾳ
1285 5272 1462 5325 πάντα
1489 5270 1768 5335 ποιοῦντος
1788 5288 1803 5303 ο

219 5358 364 5413 ὥστε
414 5361 475 5413 δὲ
535 5360 613 5431 μὴ
644 5363 724 5424 είς
776 5364 1084 5431 ἀπόγνωσιν
1135 5361 1373 5432 παντελῆ
1432 5360 1805 5424 καταστάντας

222 5452 555 5521 ὲπιμιγῆναι
615 5455 728 5515 τοῖς
783 5452 958 5505 ἔθνεσι
1017 5453 1114 5523 τὴν
1163 5452 1535 5523 αἰχμαλωσίαν
1601 5453 1806 5521 ὑπομε-

226 5543 543 5612 μενηκότας
589 5543 821 5613 ἐκείνην,
856 5544 1036 5615 χώραν
1064 5544 1119 5596 δὲ
1152 5544 1347 5614 μηκέτι
1380 5544 1516 5613 μήτε
1564 5542 1660 5613 τὴν
1707 5544 1803 5597 ἐπ-

224 5632 415 5689 άνοδον
469 5634 636 5704 ἔχειν,
674 5638 809 5706 μήτε
856 5637 945 5689 τὸν
990 5635 1096 5689 άπὸ
1141 5635 1246 5688 τῶν
1278 5634 1478 5689 λοιπῶν
1502 5633 1669 5688 ἐθνῶν
1699 5652 1805 5703 χω‹

302 5783 417 5850 (22)
493 5784 604 5840 Pro
659 5784 876 5847 λοιπούς
940 5782 1227 5855 legendum
1283 5783 1492 5839 videtur
1548 5781 1873 5853 περιοίκους.

1912 1555 2254 1624 prophetam,
2287 1554 2354 1607 ad
2381 1569 2542 1623 quem
2583 1555 3084 1626 interpretandum,
3107 1558 3215 1615 Deo
3247 1560 3478 1622 favente.

1909 1660 2056 1699 nunc
2114 1644 2485 1714 aggredimur,
2545 1645 2612 1700 de
2679 1647 2879 1702 futuris
2938 1649 3122 1718 populi
3182 1648 3481 1720 (Hebraei)

1912 1736 2134 1791 casibus
2166 1750 2262 1805 per
2304 1736 2617 1790 universam
2660 1736 2773 1792 fere
2817 1739 3153 1807 prophetiam
3185 1740 3328 1809 loqui
3369 1760 3382 1795 :
3418 1756 3481 1795 ea

1910 1827 2116 1882 scilicet
2162 1828 2413 1891 innuere,
2462 1843 2584 1895 quae
2628 1828 2805 1896 primo
2848 1829 2916 1882 ab
2957 1830 3199 1899 Assyriis
3240 1845 3482 1899 passurae

1907 1926 2059 1971 erant
2096 1916 2281 1971 decem
2314 1916 2490 1972 tribus
2531 1917 2704 1984 mala;
2737 1928 2847 1972 tum
2878 1919 3040 1972 etiam
3076 1920 3168 1973 illa
3198 1936 3318 1990 qua:
3354 1920 3481 1975 Hie-

1908 2008 2229 2079 rosolymis,
2260 2006 2522 2079 Judaaque
2558 2009 2765 2074 tribui,
2809 2010 3128 2080 caeterisque
3170 2012 3318 2081 regni
3361 2012 3479 2081 ejus

1907 2098 2157 2167 partibus
2189 2113 2218 2151 a
2244 2098 2560 2169 Babyloniis
2586 2110 2847 2155 eventura
2871 2107 3046 2155 erant.
3081 2100 3155 2155 De
3179 2101 3263 2157 bis
3298 2112 3479 2158 autem
3551 2115 3557 2121 ‘

1908 2189 2079 2244 rebus
2131 2205 2240 2243 non
2290 2191 2408 2244 sine
2449 2205 2615 2244 causa
2657 2191 2933 2261 propheta:
2973 2193 3134 2247 verba
3182 2192 3477 2260 faciebant,

1905 2277 2001 2331 sed
2057 2280 2184 2348 quia
2250 2278 2393 2334 Deus
2438 2295 2626 2334 curam
2683 2280 2936 2334 eximiam
2991 2282 3175 2351 populi
3236 2285 3475 2352 gerebat,

1906 2376 2197 2438 propterea
2228 2370 2374 2440 quod
2421 2370 2673 2425 Christus
2725 2369 2987 2426 Dominus
3027 2371 3093 2424 ad
3134 2386 3478 2428 communem

1905 2458 2149 2511 omnium
2194 2458 2479 2512 hominum
2523 2458 2885 2528 peragendam
2932 2459 3161 2513 salutem
3202 2476 3303 2515 suo
3341 2469 3478 2515 tem-

1905 2561 2036 2617 pore
2084 2548 2420 2602 adventurus
2469 2554 2603 2601 erat.
2654 2546 2861 2602 Idcirco
2915 2547 3162 2604 Hebraeos
3212 2550 3350 2606 Deus
3407 2554 3477 2605 ab

1904 2633 2140 2690 ethnicis
2176 2636 2489 2704 separavit,
2541 2644 2596 2691 et
2634 2636 3049 2692 circumcisione
3103 2637 3369 2702 distinxit,
3421 2648 3476 2693 et

1906 2727 2179 2795 pr0priam
2228 2726 2429 2782 habere
2475 2728 2641 2781 voluit
2671 2727 2969 2796 regionem,
3009 2743 3372 2795 seorsumque
3407 2729 3464 2784 in

1840 2800 1880 2853 Β
1910 2814 2041 2870 Sion
2085 2824 2272 2871 monte
2306 2832 2371 2872 ex
2412 2818 2653 2888 legitima
2699 2820 2874 2873 forma
2926 2822 3239 2891 religiosum
3271 2823 3375 2877 sibi
3407 2824 3475 2878 ab

1907 2909 1987 2963 eis
2021 2909 2223 2964 cultum
2265 2909 2511 2965 exhiberi
2561 2910 2858 2966 mandavit.
2906 2910 2999 2966 Sic
3039 2915 3185 2967 enim
3226 2912 3472 2968 futurum

1906 3005 2023 3053 erat
2043 3037 2058 3063 ,
2089 3005 2148 3051 ut
2173 2999 2471 3053 secundum
2503 2998 2854 3069 propheticas
2885 3002 3280 3070 promissiones
3309 3012 3475 3072 atque

1907 3088 2035 3141 olim
2080 3087 2385 3142 ordinatam
2437 3098 2804 3158 congruenter
2846 3090 2932 3145 bis
2968 3091 3247 3147 vaticiniis
3289 3094 3475 3162 p0puli

1908 3179 2453 3245 administrationem,
2490 3181 2743 3236 Christus
2779 3180 3042 3238 Dominus
3076 3184 3131 3237 in
3162 3185 3347 3239 orbem
3379 3199 3472 3238 ve-

1907 3269 2063 3323 niens
2113 3278 2344 3324 cunctos
2407 3272 2666 3326 mortales
2717 3273 2981 3328 certiores
3038 3274 3278 3339 faceret,
3325 3275 3467 3329 haud

1904 3375 2078 3431 nuper
2151 3361 2367 3416 demum
2415 3362 2483 3417 de
2552 3363 2728 3419 salute
2792 3364 3072 3419 hominum
3128 3367 3471 3434 procuranda

1909 3451 2076 3506 Deum
2123 3453 2484 3522 cogitavisse;
2533 3452 2627 3507 sed
2660 3467 2781 3506 cum
2834 3453 3141 3523 antiquitus
3186 3455 3472 3524 longisque

1905 3547 2031 3594 ante
2081 3541 2414 3609 temporibus
2463 3542 2518 3596 id
2565 3542 2706 3610 apud
2752 3557 2840 3607 se,
2894 3551 3029 3597 teste
3072 3543 3229 3598 beato
3277 3543 3467 3607 Paulo,

1904 3628 2185 3684 habuisset
2207 3629 2510 3694 decretum,
2544 3631 2918 3700 segregavisse
2943 3630 3048 3685 sibi
3071 3630 3466 3695 Abrahamum,

1903 3700 1979 3774 ex‘
2025 3735 2199 3790 eoque
2256 3727 2471 3791 gentem
2511 3721 2834 3784 ,conilasse,
2917 3735 3213 3790 curamque
3278 3721 3466 3791 hujus,

1904 3812 2064 3866 sicuti
2106 3812 2219 3880 jam
2266 3810 2471 3865 dictum
2499 3818 2603 3872 est,
2630 3810 2901 3878 gessisse;
2938 3819 2996 3864 ut
3030 3826 3099 3866 ex
3135 3811 3238 3866 hoc
3277 3822 3467 3882 postea

1902 3917 2098 3973 genere
2121 3902 2371 3956 Christus
2407 3900 2665 3955 Dominus
2712 3902 3009 3956 secundum
3047 3918 3268 3959 carnem
3296 3906 3341 3936 “
3367 3920 3467 3975 pro

1902 3992 2181 4047 communi
2240 4007 2509 4062 apparens
2561 3994 2777 4057 salute,
2846 3993 3136 4048 manifeste
3190 3994 3468 4049 videretur

1904 4085 2203 4139 secundum
2260 4092 2441 4139 vetera
2495 4083 2715 4138 decreta
2774 4084 2840 4138 ad
2896 4084 3287 4155 redemptionis
3327 4101 3469 4155 opus

1903 4180 2134 4234 venisse.

1972 4269 2265 4339 Propterea
2289 4284 2507 4340 quoque
2536 4270 2792 4340 populum
2816 4270 3130 4324 universum
3158 4269 3214 4323 in
3240 4268 3468 4338 captivi-

1904 4372 2070 4416 tatem
2111 4362 2490 4416 abducendum
2537 4362 2752 4415 curavit
2780 4360 2959 4429 ,Deus,
3002 4376 3067 4415 ex
3110 4376 3282 4431 eaque
3316 4374 3468 4414 revo-

1903 4452 2133 4506 caudam
2182 4465 2390 4521 partem
2438 4452 2622 4521 p0puli
2679 4466 2840 4520 quam
2893 4452 3010 4518 ipse
3050 4450 3259 4515 voluit,
3304 4448 3465 4518 cujus

1902 4548 2099 4603 deinde
2148 4548 2513 4618 principatum
2550 4548 2657 4616 92
2689 4547 2806 4601 sola
2858 4548 3035 4601 tenuit
3072 4544 3225 4599 Juda:
3265 4546 3464 4605 tribus.

1903 4655 2023 4710 qua:
2069 4640 2324 4694 universa
2357 4640 2534 4693 reditu
2577 4639 2744 4707 digna
2779 4637 2902 4700 fuit,
2946 4638 3202 4707 quoniam
3248 4652 3311 4691 ex
3349 4637 3466 4706 ipsa

1904 4739 2130 4785 orturus
2156 4738 2420 4785 eratcum
2443 4744 2607 4783 carne
2628 4729 2883 4783 Christus
2911 4727 3175 4782 Dominus
3206 4747 3218 4782 :
3252 4742 3377 4779 nam
3398 4725 3468 4779 de

1906 4820 2131 4889 reliquis
2179 4820 2430 4873 tribubus
2479 4819 2637 4887 pauci
2680 4833 2711 4872 e
2753 4818 2983 4887 singulis
3029 4817 3329 4871 redierunt.
3374 4814 3502 4867 Sic-

1904 4909 2048 4961 enim
2087 4916 2201 4960 tum
2229 4922 2260 4961 c
2308 4906 2644 4974 captivitate,
2690 4915 2801 4958 tum
2838 4920 2868 4959 c
2903 4905 3078 4958 reditu
3120 4904 3220 4957 hac
3254 4902 3465 4956 ratione

1905 5006 2097 5051 curato
2152 4998 2563 5068 patefaciendus
2603 5007 2721 5051 erat
2775 4996 2971 5051 divina:
3011 4998 3159 5049 circa
3207 4994 3469 5064 populum

1906 5090 2270 5146 Providentia:
2303 5105 2523 5159 scopus,
2555 5089 2669 5144 haec
2700 5090 2883 5143 omnia
2913 5088 3211 5157 satagentis
3246 5093 3470 5155 propter

1907 5184 2034 5237 inde
2078 5191 2362 5237 venturum
2393 5180 2723 5235 universalis
2757 5179 2952 5234 salutis
2996 5187 3274 5231 auctorem
3310 5176 3467 5230 Chri-

1907 5281 2072 5328 stum.
2108 5270 2336 5338 Ergone
2379 5270 2551 5325 Judaai
2595 5270 2963 5340 captivitatem
3015 5268 3161 5320 illam
3202 5266 3466 5337 perpessi,

1908 5378 2004 5434 spe
2037 5363 2184 5417 omni
2218 5362 2488 5433 deposita,
2517 5360 2983 5417 confunderentur
3015 5358 3301 5427 gentibus;
3331 5356 3469 5411 sibi-

1913 5470 2017 5525 que
2039 5453 2289 5523 patriam,
2312 5461 2404 5507 aut
2423 5453 2655 5508 reditum
2684 5449 2751 5503 ad
2774 5450 2942 5513 illam,
2968 5449 3112 5502 haud
3141 5448 3252 5517 jam
3276 5461 3471 5514 super-

1912 5561 2035 5601 esse
2070 5545 2387 5610 crederent;
2437 5559 2571 5599 neve
2610 5558 2723 5598 suae
2757 5543 2825 5596 ab
2858 5540 3093 5596 ethnicis
3141 5538 3470 5594 secretionis

1912 5626 2388 5704 obliviscerentur;
2446 5636 2574 5693 olim
2606 5650 2698 5688 ore
2742 5633 3128 5705 prephctarum
3171 5637 3285 5684 tum
3321 5626 3469 5680 iutu-
