3976 6226
617 355 725 412 2ιὸ

1833 360 2177 417 THEODORI
2212 360 2440 420 MOPSU
2449 362 2576 417 EST
2585 362 2693 417 EN!
3718 372 3805 428 ut

620 486 736 526 ram
774 469 1139 541 captivitatem
1179 470 1503 541 significavit
1533 472 1696 537 Deus,
1737 481 1851 529 tum
1893 491 1959 531 ex
1992 477 2180 532 eadem

2286 477 2500 548 ρισμὸν,
2542 477 2745 531 ἄνωθεν
2787 478 2876 532 διά
2910 478 3019 532 τῶν
3056 478 3348 551 προφητῶν
3381 477 3472 532 καὶ
3502 477 3597 550 τήν
3635 482 3806 552 αἰχμα-

621 560 1016 631 postliminium
1059 567 1168 615 :ut
1216 563 1315 617 hac
1352 578 1448 632 spe
1494 564 1715 630 retenti,
1760 566 1852 621 ubi
1892 568 2184 624 accidisset

580 653 928 723 ‘captivitas,
978 653 1213 709 reditum
1268 663 1684 724 exspectarent,
1735 660 1827 729 qui
1888 675 2075 730 reapse
2116 674 2183 715 eo

619 758 781 814 quem
817 743 1058 801 diximus
1096 746 1259 803 modo
1292 742 1354 801 a’c
1399 750 1828 820 suprascriptam
1861 749 1932 805 ob
1958 765 2182 806 causam

619 833 869 905 contigit.
903 832 1270 900 Quamobrem
1316 835 1445 891 olim
1494 846 1550 893 et
1581 838 1791 907 jamdiu
1829 839 1945 895 hac
1966 855 1996 894 a
2024 840 2185 896 beato

621 922 823 979 Davide
873 924 1247 995 compluribus
1294 927 1351 981 in
1407 928 1634 997 psalmis
1688 928 1834 983 dicta
1895 929 2112 985 fuerant
2164 946 2180 984 :

620 1016 1022 1086 propinquante
1067 1026 1250 1073 autem
1301 1020 1663 1090 gerendarum
1710 1035 1892 1076 rerum
1939 1029 2183 1093 tempore

620 1106 913 1175 prophetas
955 1106 1106 1162 misit
1144 1105 1363 1163 divinus
1410 1105 1582 1171 favor,
1627 1118 1774 1165 nunc
1812 1111 2032 1182 quidem
2077 1113 2180 1167 im-

624 1194 910 1264 pendentia
934 1196 1002 1251 ab
1023 1196 1263 1268 Assyriis
1291 1194 1649 1269 praecinentes
1671 1196 1834 1263 mala,
1856 1217 1980 1256 mox
2003 1211 2180 1259 autem

620 1285 1006 1357 Babylonicam
1050 1295 1501 1358 superventuram
1556 1288 1759 1346 Judaais
1817 1292 2182 1349 calamitatem

622 1375 997 1445 significantes
1032 1395 1044 1432 :
1078 1386 1202 1448 post
1227 1378 1349 1434 haec
1391 1379 1573 1435 omnia
1622 1387 1803 1435 tamen
1853 1381 2184 1452 spondentes

621 1458 891 1533 reditum;
926 1467 1174 1537 nihilque
1197 1482 1409 1536 eorum,
1437 1481 1559 1540 quae
1589 1485 1684 1539 per
1714 1470 1765 1526 id
1800 1480 2014 1542 tempus
2042 1473 2185 1529 scire

621 1557 966 1614 commodum
998 1569 1138 1625 erat,
1166 1560 1480 1617 reticentes.
1515 1559 1689 1616 Porro
1718 1575 1903 1617 rerum
1936 1565 2185 1634 superio-

622 1664 743 1705 rum
771 1652 951 1706 exitus
974 1653 1347 1723 prognosticis
1370 1652 1796 1719 Consentaneus,
1818 1654 1975 1710 fidem
2012 1655 2183 1712 facie-

621 1740 714 1795 bat
744 1739 860 1795 fore
894 1749 952 1796 ut
978 1749 1168 1811 postea
1198 1756 1417 1813 quoque
1448 1743 1703 1813 praedicta
1725 1784 1741 1811 ,
1773 1744 1891 1800 sine
1922 1744 2089 1801 dubio
2114 1744 2182 1800 ad

622 1831 865 1888 vaticinii
891 1846 1137 1887 normam
1167 1832 1480 1891 evaderent.

692 2013 832 2070 Hinc
867 2014 925 2069 fit
971 2021 1030 2070 ut
1058 2014 1336 2086 propheta
1374 2016 1559 2072 cuncti
1588 2024 1643 2071 et
1673 2031 1760 2073 res
1779 2017 2099 2087 Assyriacas
2129 2026 2183 2073 et

514 2102 519 2105 ’
628 2105 957 2162 subsecutae
984 2108 1109 2162 mox
1154 2106 1512 2178 Babylonicas
1544 2109 1836 2179 loquantur
1872 2123 2033 2163 :nam
2078 2110 2183 2165 etsi

622 2196 709 2253 hae
753 2198 982 2254 diversae
1030 2198 1250 2254 fuerunt
1294 2198 1672 2264 incursiones,
1700 2198 1942 2271 Assyriis
1984 2201 2179 2271 primo,

623 2288 819 2345 deinde
844 2288 1152 2360 Babyloniis
1172 2289 1571 2360 expeditionem
1604 2289 1961 2357 facientibus;
1992 2292 2185 2361 hisque

623 2380 907 2436 eventibus
943 2381 1283 2450 aliquantum
1318 2380 1582 2452 tempOris
1627 2383 1860 2452 spatium
1889 2382 2183 2451 interposi-

623 2481 739 2526 tum
771 2470 892 2536 fuit,
924 2471 1281 2530 nihilominus
1314 2488 1420 2528 una
1460 2473 1562 2528 fuit
1607 2473 1933 2529 universalis
1956 2474 2185 2543 captivi-

624 2572 730 2628 tas,
776 2578 904 2618 orsa
944 2563 1013 2618 ab
1062 2564 1305 2636 Assyriis
1348 2572 1542 2618 contra
1589 2563 1695 2634 93
1738 2565 1923 2619 decem
1968 2564 2181 2631 tribus;

623 2654 869 2709 absoluta
900 2669 1028 2709 vero
1060 2663 1248 2710 contra
1292 2655 1560 2723 reliquas.
1603 2668 1724 2725 qua:
1772 2670 1997 2725 regnum
2032 2653 2185 2710 Judae

623 2745 1049 2809 constituebant,
1091 2759 1122 2799 a
1170 2740 1480 2817 Babyloniis
1513 2746 1665 2800 urbis
1699 2747 2182 2817 expugnatoribus.

624 2834 837 2890 Idcirco
888 2836 1069 2891 caeteri
1123 2837 1283 2891 etiam
1344 2837 1620 2908 prophetae
1664 2837 1780 2891 inec
1827 2837 2181 2906 portendunt,

626 2934 787 2996 atque
817 2926 870 2979 in
904 2926 990 2982 his
1019 2927 1199 2981 omnis
1236 2942 1423 2982 eorum
1461 2943 1640 2983 sermo
1669 2938 1950 2990 versatur;
1985 2929 2029 2982 si
2060 2942 2187 2999 pau-

619 3012 720 3070 cas
748 3016 953 3084 aliquot
1003 3029 1093 3071 res
1134 3016 1397 3085 excipias,
1430 3031 1606 3086 neque
1656 3031 1686 3068 a
1725 3015 1999 3085 praedictis
2029 3016 2186 3073 valde

618 3092 1018 3174 discrepantes,
1068 3120 1205 3175 quas
1245 3107 1421 3161 obiter
1466 3107 1852 3177 appinxerunt.
1902 3105 1993 3161 Sic
2055 3107 2254 3187 ι’οοὶιο

625 3193 788 3248 etiam
829 3194 951 3259 hic,
991 3209 1148 3265 quem
1189 3195 1243 3248 in
1279 3196 1532 3252 manibus
1565 3195 1863 3263 habemus,
1893 3198 2183 3267 propheta,

619 3278 717 3355 qui
770 3301 928 3341 suum
975 3296 1135 3340 omne
1159 3286 1481 3342 vaticinium
1526 3287 1594 3342 ad
1634 3287 1775 3341 mala
1823 3289 1891 3343 ab
1942 3288 2185 3359 Assyriis

618 3364 1048 3446 ‘Babyloniisque
1072 3375 1258 3432 lsraeli
1295 3375 1557 3447 Judzequc
1585 3377 1863 3433 inferenda
1896 3378 2185 3433 manifeste

625 3465 899 3518 convertit
942 3482 954 3518 :
993 3466 1066 3518 ita
1094 3475 1275 3520 tamen
1314 3474 1372 3520 ut
1404 3466 1643 3522 breviter
1674 3471 1821 3522 circa
1861 3469 2184 3538 prommium

620 3540 871 3623 quaedam
907 3553 1066 3607 etiam
1111 3555 1309 3609 (lamna
1353 3568 1775 3621 commemoret,
1814 3573 1934 3629 quae
1966 3572 1996 3611 a
2029 3558 2189 3614 finiti-

627 3645 728 3699 mis
754 3644 970 3715 populis
1000 3646 1103 3700 sub
1131 3645 1271 3699 idem
1321 3655 1535 3717 tempus
1564 3648 1780 3718 passuri
1820 3656 1977 3703 erant
2016 3650 2189 3705 lsrae—

625 3736 753 3791 litae.
830 3735 921 3790 Sic
972 3746 1152 3791 autem
1213 3736 1355 3792 Deus
1423 3738 1880 3802 demonstrabat,
1930 3740 2073 3794 baud
2128 3756 2189 3796 se

626 3826 944 3884 crudelitate
974 3828 1155 3899 aliqua
1199 3830 1282 3885 vel
1316 3832 1528 3885 incuria
1561 3832 1642 3887 vel
1676 3832 1891 3887 consilii
1937 3833 2190 3889 volubili-

628 3927 740 3973 tate
771 3921 1029 3989 p0pulum
1069 3919 1358 3991 Assyriaca
1397 3936 1460 3977 ac
1501 3920 1832 3994 Babylonica
1880 3925 2189 3981 calamitate

628 4010 1002 4080 implicuisse;
1048 4010 1141 4065 sed
1192 4012 1320 4081 quia
1357 4013 1503 4067 hunc
1541 4015 1893 4071 asceleribus
1931 4031 2189 4073 revocare

628 4100 882 4156 studebat
921 4117 935 4154 :
966 4099 1404 4169 quandoquidem
1438 4103 1601 4157 etiam
1627 4104 1907 4172 finitimos,
1940 4107 2033 4176 qui
2060 4106 2189 4161 huic

627 4194 826 4263 populo
881 4192 1067 4262 injurii
1119 4193 1338 4249 fuerant
1368 4234 1383 4258 ,
1455 4196 1645 4251 eodem
1708 4205 1951 4267 tempore
2014 4215 2189 4270 poenae

627 4283 860 4353 subjecit
892 4300 906 4339 :
939 4283 995 4338 in
1035 4299 1174 4355 quos
1220 4284 1639 4357 haudquaquam
1688 4289 2185 4355 animadvertisset,

627 4376 734 4432 nisi
752 4377 1009 4447 populum
1032 4393 1190 4433 suum
1220 4377 1440 4449 plurimi
1475 4378 1696 4434 faceret.
1719 4379 1899 4446 Quare
1939 4380 2084 4439 Deus
2124 4383 2179 4437 in

628 4470 967 4539 peccantium
1018 4469 1287 4540 supplicio
1330 4470 1571 4525 declarat
1607 4486 1759 4526 suam
1812 4487 1939 4541 erga
1986 4472 2191 4527 electos

628 4575 839 4623 curam,
885 4561 1085 4629 quibus
1129 4561 1315 4631 plagas
1368 4561 1599 4631 imponit
1651 4561 1795 4617 haud
1841 4562 2050 4619 saevitia
2103 4562 2189 4618 vel

626 4659 941 4722 contemptu
973 4654 1058 4707 vel
1081 4651 1211 4706 odio
1244 4652 1628 4709 exstimulatus
1650 4695 1665 4718 ,
1709 4653 1803 4709 sed
1837 4654 2192 4723 providentiae

627 4754 796 4796 causa
824 4749 879 4796 et
902 4740 1182 4796 erudiendi
1221 4742 1657 4814 emendandique
1687 4742 1869 4799 studio
1888 4784 1903 4809 ,
1939 4749 2102 4812 atque
2131 4752 2192 4797 ut

564 4828 571 4835 ’
626 4829 695 4886 ad
731 4830 942 4903 frugem
978 4830 1260 4888 meliorem
1302 4838 1541 4891 revocet.
1582 4832 1697 4891 Hoc
1728 4842 1812 4891 est
1856 4833 2025 4906 igitur
2065 4833 2191 4891 libri

625 4932 1026 4995 argumentum.

696 5105 873 5175 Atque
911 5104 986 5160 ita
1020 5105 1203 5161 omnia
1234 5119 1355 5175 qua
1382 5103 1450 5159 ad
1478 5106 1738 5177 populum
1774 5117 2026 5179 spectant
2052 5111 2193 5166 dixit

511 5215 522 5223 -
626 5196 911 5264 propheta,
951 5204 1006 5251 et
1048 5196 1286 5253 breviter
1323 5197 1487 5252 etiam
1529 5198 1874 5268 signiﬁcavit,
1928 5202 2187 5274 quidnam

627 5284 845 5339 adversi
884 5287 1148 5355 proximis
1186 5288 1306 5342 urbi
1361 5289 1576 5359 populis
1608 5288 1891 5360 Babylonii
1946 5295 2191 5363 apprime

627 5374 937 5445 imposituri
966 5376 1155 5432 eadem
1183 5380 1477 5434 occasione
1501 5388 1947 5471 essent.proptq:r
1971 5383 2187 5437 illorum

625 5478 751 5531 erga
784 5464 986 5518 electos
1028 5464 1288 5534 injurias;
1327 5469 1486 5537 cujus
1524 5468 1601 5523 rei
1637 5469 1749 5539 jam
1792 5464 2012 5526 causam
2046 5470 2191 5527 dixi-

626 5568 770 5608 mus.
800 5552 920 5608 Edit
950 5562 1131 5609 autem
1163 5558 1481 5614 vaticinium
1500 5560 1642 5615 haud
1663 5558 2058 5631 Hierosolymis
2089 5561 2185 5617 sed

621 5644 681 5696 tu
730 5645 1071 5700 ethnicorum
1125 5646 1297 5714 locis,
1355 5652 1500 5706 circa
1566 5651 1698 5708 lines
1756 5653 1977 5709 lsraelis
2021 5667 2189 5722 prope

627 5733 863 5791 Bethelis
887 5734 1097 5804 fanum,
1119 5754 1131 5791 ι
1156 5736 1209 5793 hi
1233 5740 1440 5799 hostias
1467 5741 1627 5799 idolis
1651 5743 1909 5800 Israelita
1938 5744 2184 5800 litabant.

2280 567 2480 621 λωσίαν
2502 568 2765 638 ἐσομένην
2786 570 2984 639 ἐμήνυε
3005 569 3097 621 καὶ
3116 570 3215 640 τὴν
3245 569 3497 622 ἐπάνοδον
3521 570 3602 623 ἐπ’
3621 571 3802 645 ἐκείνῃ*

2282 658 2369 711 ἵνα
2395 660 2515 722 ταῖς
2557 659 2737 711 ἐλπίσι
2774 659 3131 731 κρατούμενοι
3170 660 3413 723 ταύταις,
3442 661 3535 713 καὶ
3565 662 3688 730 μετὰ
3724 664 3805 733 τήν

2283 746 2567 819 συμϐᾶσαν
2616 750 2987 820 αἰχμαλωσίαν
3019 750 3116 823 τὴν
3167 751 3419 804 ἐπάνοδον
3467 750 3802 822 ἀναμένωσιν·

2280 836 2425 909 ἥπερ
2466 832 2560 892 οῦν
2600 838 2695 891 καὶ
2723 838 2912 906 γέγονε
2939 838 3060 892 καθ’
3086 838 3145 893 ὃν
3174 839 3382 910 ἔφαμέν
3406 857 3465 893 τε
3491 841 3697 911 τρόπον,
3730 845 3804 896 καὶ

2283 923 2422 996 ὑπὲρ
2446 919 2514 995 ἦς
2538 926 2835 996 εἰρήκαμεν
2858 927 3056 991 αἰτίας.
3089 929 3166 999 (p.
3204 929 3327 997 HO)
3358 928 3457 982 Διά
3486 929 3639 983 τοῦτο
3669 931 3805 986 πάλαι

2284 1016 2384 1087 μέν
2413 1017 2509 1071 καὶ
2541 1016 2814 1087 πρόπαλαι
2837 1016 2913 1087 τῷ
2957 1017 3210 1089 μακαρίῳ
3240 1018 3399 1071 Δαυῒδ
3444 1018 3625 1090 εἴρητο
3663 1022 3807 1076 ταῦτα

2281 1105 2369 1160 διὰ
2412 1105 2620 1159 πολλῶν
2659 1105 2770 1159 τῶν
2810 1105 3039 1176 ψαλμῶν
3059 1124 3073 1139 ’
3102 1107 3408 1176 ἐγγίζοντος
3431 1109 3489 1161 δὲ
3512 1109 3605 1163 τοῦ
3642 1111 3806 1183 καιροῦ

2281 1197 2390 1251 τῶν
2428 1199 2786 1270 πραγμάτων,
2834 1200 2957 1262 τοὺς
3004 1201 3288 1269 προφήτας
3336 1200 3598 1264 ἀνέδειξεν
3642 1204 3672 1271 ή
3713 1203 3809 1257 θεία

2282 1289 2459 1359 χάρις,
2493 1290 2587 1343 νῦν
2617 1289 2717 1358 μὲν
2750 1289 3026 1357 ἐφεστῶτα
3057 1291 3163 1342 τῶν
3205 1291 3502 1362 Ἀσσυρίων
3541 1293 3808 1363 μηνύοντας

2282 1379 2350 1432 τὰ
2380 1378 2544 1442 κακὰ,
2576 1374 2729 1441 αὖθις
2756 1378 2813 1432 δέ
2837 1380 2923 1432 ἐπ’
2943 1380 3182 1442 ἐκείνους
3205 1380 3273 1433 τὰ
3305 1380 3458 1452 παρά
3492 1382 3809 1437 Βαϐυλωνίων

2282 1469 2513 1539 ἐσόμενα
2548 1469 2838 1541 δηλοῦντας
2860 1486 2875 1501 ο
2906 1470 2993 1539 ἐφ’
3019 1470 3190 1524 ἅπασί
3231 1486 3295 1523 τε
3330 1471 3584 1540 λέγοντας
3611 1473 3700 1544 τήν
3729 1475 3811 1526 ἐπ-

2283 1558 2491 1621 άνοδον,
2519 1559 2682 1630 ἕτερά
2707 1577 2766 1612 τε
2803 1560 2972 1613 ὁπόσα
3001 1560 3107 1614 τῶν
3129 1560 3270 1613 κατὰ
3294 1563 3383 1615 τὸν
3411 1564 3601 1635 καιρὸν
3638 1566 3813 1618 ἐκεῖνον

2282 1651 2580 1719 γεγονότων
2623 1651 2919 1721 μηνύεσθαι
2948 1652 3221 1724 προσῆκον
3261 1650 3329 1725 ἦν
3349 1671 3363 1686 ·
3413 1656 3535 1708 ἐπεὶ
3585 1656 3639 1709 δέ
3663 1659 3693 1727 ὴ
3717 1657 3807 1710 τῶν

2283 1740 2562 1811 προτέρων
2606 1741 2830 1806 ἔκϐασις
2873 1742 3178 1807 ἀκολούθως
3216 1746 3335 1807 ταῖς
3381 1747 3708 1815 προρρήσεσι
3746 1763 3815 1814 γι-

2284 1832 2542 1903 γνομένη,
2594 1833 2776 1897 πίστις
2816 1829 2884 1904 ἦν
2914 1834 3021 1888 τῶν
3054 1834 3188 1905 μετὰ
3218 1833 3390 1888 ταῦτα
3436 1838 3817 1909 προειρημένων

2283 1940 2363 1988 τε,
2397 1923 2538 1977 κατὰ
2560 1923 2658 1996 τήν
2694 1926 2995 1997 πρόρρησιν
3021 1924 3095 1989 ὡς
3136 1925 3283 1988 εἰκὸς
3311 1926 3601 1997 ἐσομένων.

2365 2006 2646 2069 Ἐντεῦθεν
2676 2016 2912 2078 ἅπαντες
2952 2017 3020 2070 τά
3064 2032 3123 2067 τε
3167 2014 3317 2086 παρά
3360 2015 3469 2069 τῶν
3495 2016 3819 2072 Βαϐυλωνίων

2283 2106 2541 2173 γεγονότα
2604 2105 2797 2176 φασίνο
2843 2107 3028 2176 ἐπειδὴ
3092 2107 3197 2160 κᾶν
3264 2108 3311 2159 εί
3372 2106 3695 2179 διῃρημένας
3738 2106 3820 2169 τὰς

2285 2195 2505 2264 ἐφόδους
2543 2197 2744 2260 ταύτας
2791 2197 3117 2267 γεγενῆσθαι
3166 2198 3386 2269 συνέϐη,
3433 2199 3694 2270 πρότερον
3737 2198 3821 2268 μὲν

2297 2289 2594 2361 Ἀσσυρίων
2646 2290 3071 2361 ἐπεληλυθότων,
3103 2290 3456 2345 Βαϐυλωνίων
3497 2290 3554 2344 δέ
3603 2290 3821 2361 ὕστερον,

2283 2380 2391 2434 τῶν
2412 2399 2470 2435 τε
2498 2382 2835 2453 πραγμάτων
2857 2383 3045 2453 καιρός
3072 2400 3155 2446 τις
3179 2384 3398 2451 γέγονεν
3426 2384 3484 2436 ἐν
3512 2383 3683 2453 μέσῳ,
3706 2379 3823 2435 ἀλλὰ

2292 2472 2391 2542 μία
2440 2489 2503 2541 γε
2551 2468 2615 2543 ἦν
2644 2474 2676 2543 ή
2712 2472 2974 2544 παντελὴς
3007 2474 3369 2543 αἰχμαλωσία,
3429 2473 3708 2544 ἀρξαμένη
3740 2472 3825 2542 μὲν

2284 2561 2391 2615 ἀπὸ
2414 2561 2522 2615 τῶν
2562 2563 2858 2634 Ἀσσυρίων
2891 2564 3019 2635 περὶ
3068 2564 3165 2626 τάς
3210 2563 3339 2618 δέκα
3375 2564 3568 2633 φυλὰς,
3610 2581 3823 2636 περαιω-

2285 2650 2438 2706 θεῖσα
2466 2653 2523 2707 δέ
2558 2654 2683 2725 περὶ
2713 2656 2813 2718 τὰς
2842 2655 3183 2721 ὑπολοίπους,
3222 2656 3283 2709 αἳ
3321 2658 3418 2727 τῆς
3479 2657 3651 2711 Ἰούδα
3696 2657 3827 2726 βασι-

2284 2744 2433 2809 λείας
2477 2745 2792 2817 ἐτύγχανον,
2843 2748 2934 2801 ἐπὶ
2983 2751 3081 2818 τῆς
3110 2748 3464 2802 Βαϐυλωνίων
3510 2748 3824 2820 πολιορκίας.

2286 2836 2482 2889 Τούτου
2521 2837 2617 2908 μὲν
2645 2834 2737 2891 οὖν
2786 2838 2970 2891 ἐνεκεν
3002 2838 3128 2891 οἵτε
3157 2839 3331 2892 λοιποὶ
3358 2838 3531 2892 ταῦτα
3561 2840 3825 2910 μηνύουσι,

2286 2926 2379 2978 καὶ
2409 2927 2536 2997 περί
2564 2924 2735 2979 ταῦτα
2771 2925 2869 2997 τήν
2898 2928 3073 2981 πᾶσαν
3104 2922 3251 2997 εἶχον
3283 2926 3374 2980 τοῦ
3420 2926 3577 2995 λόγου
3624 2926 3827 2997 σχολήνο

2288 3016 2362 3083 (p.
2399 3014 2521 3081 Ml)
2560 3013 2697 3083 πλὴν
2727 3015 2824 3068 ὅσα
2872 3014 3074 3086 βραχέα
3119 3015 3179 3067 οὐ
3226 3014 3357 3067 πολύ
3395 3032 3458 3082 γε
3496 3016 3699 3067 τούτων
3739 3014 3828 3066 ἀπ-

2287 3105 2604 3174 εσπασμένα
2639 3105 3025 3175 προσετίθεσαν
3056 3108 3170 3168 τοίς
3199 3106 3541 3175 λεγομένοις⁹
3583 3106 3828 3175 πεποίηκε

2285 3196 2340 3249 δέ
2385 3213 2436 3249 τι
2464 3195 2673 3248 τοιοῦτο
2700 3197 2792 3249 καὶ
2824 3198 2853 3249 ό
2885 3195 3073 3267 παρὼν
3104 3197 3409 3267 προφήτης,
3450 3195 3547 3266 τὴν
3589 3196 3684 3266 μὲν
3717 3212 3833 3266 προσ

2287 3287 2512 3355 φητείαν
2541 3288 2755 3341 ἃπασαν
2787 3288 2844 3340 ἐν
2875 3290 2985 3350 τοῖς
3014 3287 3141 3357 περί
3170 3304 3228 3339 τε
3256 3287 3348 3341 τὸν
3388 3286 3606 3357 Ἰσραὴλ
3634 3286 3722 3339 καὶ
3752 3286 3833 3337 τὸν

2300 3378 2495 3431 Ἰούδαν
2540 3378 2818 3449 ἐσομένοις
2846 3379 2997 3447 παρά
3027 3396 3087 3433 τε
3128 3379 3423 3451 Ἀσσυρίων
3451 3381 3545 3433 καὶ
3595 3364 3833 3434 Βαϐυλω-

2286 3468 2413 3522 νίων
2451 3469 2815 3538 πεποιημένος
2841 3468 3118 3541 προδήλως
3140 3488 3153 3500 ·
3183 3471 3241 3523 ἐν
3270 3470 3492 3542 βραχέσι
3534 3472 3595 3525 δέ
3626 3472 3759 3526 κατὰ
3784 3471 3836 3523 τὸ

2288 3560 2567 3631 προοίμιον
2600 3561 2953 3631 ἐπιμνησθεὶς
2991 3562 3085 3614 κα)⁵
3126 3562 3232 3615 τῶν
3259 3563 3358 3616 ὅσα
3386 3564 3512 3635 περὶ
3542 3565 3669 3628 τοὺς
3698 3580 3836 3636 περι-

2286 3649 2462 3712 οίκους
2499 3648 2696 3720 πολλὴν
2723 3652 2834 3712 τοῖς
2885 3649 3238 3720 Ἰσραηλίταις
3266 3650 3363 3721 τὴν
3395 3652 3680 3722 ἐπήρειαν,
3712 3650 3837 3703 κατὰ

2286 3740 2378 3793 τὸν
2408 3742 2569 3795 αὐτὸν
2602 3741 2834 3812 ἤμελλεν
2877 3741 3155 3812 γίγνεσθαι
3188 3742 3375 3811 καιρόν
3399 3758 3414 3772 ·
3464 3742 3541 3804 ὡς
3587 3742 3654 3795 ἂν
3699 3741 3839 3811 δῆλον

2288 3830 2583 3902 ποιήσειεν,
2624 3832 2707 3884 ὃτι
2742 3832 2841 3885 οὐκ
2874 3831 3088 3902 ἀφειδίᾳ
3111 3832 3217 3885 τινὶ
3246 3832 3339 3885 καὶ
3380 3831 3612 3904 ἀμελείᾳ
3639 3832 3731 3887 καὶ
3760 3847 3843 3901 με·

2287 3922 2483 3994 ταϐολῇ
2533 3922 2756 3993 γνώμης
2802 3925 2923 3986 ταῖς
2970 3940 3030 3975 τε
3085 3923 3193 3977 τῶν
3246 3924 3543 3996 Ἀσσυρίων
3592 3925 3688 3978 καί
3731 3925 3843 3985 ταῖς

2287 4016 2395 4069 τῶν
2456 4013 2807 4069 Βαϐυλωνίων
2856 4014 3118 4068 ἐκδέδωκε
3182 4018 3485 4086 συμφοραῖς
3536 4016 3633 4070 τὸν
3705 4016 3841 4077 λαὸν,

2289 4107 2771 4178 ἐπανορθώσασθαι
2798 4107 2853 4160 δὲ
2883 4106 3061 4160 αὐτῶν
3083 4107 3182 4172 τὰς
3209 4108 3461 4171 ἀσεϐείας
3496 4108 3839 4180 βουλόμενος·

2288 4202 2347 4264 ὃς
2371 4215 2435 4268 γε
2468 4198 2559 4251 καὶ
2584 4196 2692 4251 τῶν
2712 4198 3000 4270 περιοίκων
3031 4199 3157 4262 τοὺς
3206 4201 3594 4271 ἡμαρτηκότας
3639 4202 3722 4265 είς
3760 4199 3845 4252 αύ-

2290 4292 2414 4354 τοῦς
2449 4288 2591 4344 κατὰ
2636 4288 2727 4341 τὸν
2773 4288 2932 4341 αὑτὸν
2965 4289 3342 4360 ἐτιμωρήσατο
3386 4291 3613 4362 χρόνον
3664 4292 3761 4344 ούκ
3788 4291 3845 4344 ἄν

2292 4398 2422 4434 ποτε
2448 4380 2601 4443 δίκας
2639 4379 2779 4450 ὑπὲρ
2806 4378 3009 4432 τούτων
3039 4379 3467 4452 εἰσπραξάμενος
3507 4381 3775 4445 ἐκείνους,
3806 4381 3849 4432 εἰ

2224 4456 2266 4511 θ
2296 4472 2370 4543 μή
2405 4470 2653 4524 πλεῖστόν
2686 4487 2805 4523 τινα
2833 4469 3038 4523 τούτων
3084 4472 3319 4524 ἐποιεῖτο
3361 4472 3452 4525 τὸν
3498 4471 3695 4540 λόγον·
3741 4473 3849 4526 ἀλλ’

2290 4564 2348 4616 ἐν
2389 4562 2486 4634 μὲν
2510 4566 2575 4633 τῇ
2599 4561 2707 4615 τῶν
2736 4561 3068 4631 ἠδικηκότων
3089 4562 3329 4633 τιμωρίᾳ
3355 4564 3452 4634 τὴν
3477 4564 3609 4634 περὶ
3638 4563 3851 4624 τούτους

2291 4656 2497 4709 ἐδείκνυ
2523 4651 2844 4722 κηδεμονίαν
2862 4668 2876 4682 ·
2911 4651 2979 4705 τά
3006 4651 3063 4705 δὲ
3086 4652 3213 4724 περὶ
3240 4652 3459 4715 τούτους
3487 4653 3689 4717 αὐτοὺς
3718 4654 3851 4708 κακὲ

2289 4744 2445 4815 δῆλος
2473 4744 2695 4811 γέγονεν
2725 4741 2943 4810 ἐπάγων
2981 4741 3080 4795 ούκ
3110 4742 3326 4813 ἀφειδίᾳ
3355 4759 3415 4795 τε
3461 4741 3555 4795 καὶ
3588 4741 3854 4814 ὑπεροψίᾳ

2291 4835 2384 4889 καὶ
2429 4834 2594 4904 μίσει,
2630 4832 2742 4885 ἀλλ’
2789 4832 3076 4902 ἐπιμελείᾳ
3125 4850 3184 4885 τε
3226 4833 3322 4885 καὶ
3356 4834 3724 4904 σωφρονισμῷ
3766 4831 3855 4885 καὶ

2289 4924 2569 4995 διορθώσει
2610 4923 2704 4976 καὶ
2755 4926 2820 4994 τῇ
2870 4924 2964 4975 ἐπὶ
2999 4922 3060 4975 τὸ
3116 4925 3361 4993 κρεῖττον
3408 4925 3775 4992 ἐπαναγωγῇ·
3820 4923 3852 4991 ή

2294 5016 2391 5087 μὲν
2419 5012 2511 5069 οὖν
2538 5013 2793 5076 ὑπόθεσις
2825 5012 2963 5082 αῦτη
2998 5013 3092 5067 τοῦ
3120 5012 3345 5083 βιϐλίου.

2361 5110 2438 5179 (1)-
2474 5106 2593 5178 ΗΞ)
2620 5105 2779 5162 Οῦτω
2805 5107 2902 5178 μὲν
2933 5107 3146 5162 ἅπαντα
3175 5106 3241 5161 τά
3276 5106 3403 5176 περὶ
3434 5105 3525 5158 τὸν
3548 5104 3680 5158 λαδν
3712 5105 3856 5173 εἰρη-

2291 5197 2446 5262 κότος
2468 5197 2559 5251 τοῦ
2594 5200 2895 5269 προφήτου,
2923 5198 2981 5251 ἐν
3003 5197 3204 5266 ὀλίγοις
3235 5196 3292 5249 δέ
3320 5195 3615 5266 μηνύοντος
3648 5195 3686 5249 ἃ
3721 5194 3859 5247 κατά

2288 5289 2379 5343 τὸν
2412 5287 2602 5360 καιρὸν
2624 5289 2714 5343 καὶ
2745 5289 2975 5359 μάλιστα
3009 5288 3159 5359 παρά
3195 5287 3302 5340 τῶν
3331 5286 3690 5341 Βαϐυλωνίων
3737 5284 3859 5353 περί

2288 5383 2414 5445 τοὺς
2462 5381 2845 5450 ἀστυγείτονας
2888 5376 3089 5449 ἤμελλε
3142 5378 3441 5446 γίγνεσθαι,
3470 5376 3609 5449 ὑπὲρ
3660 5368 3739 5429 ὧν
3785 5377 3861 5436 είς

2290 5470 2486 5533 αὐτοὺς
2510 5468 3065 5540 πεπλημμελήκεσαν,
3092 5468 3155 5520 δι’
3177 5469 3242 5538 ἢν
3267 5467 3403 5538 ἔφην
3444 5466 3623 5520 αἰτίαν
3644 5482 3661 5496 ·
3695 5466 3856 5517 ποιεῖο

2290 5577 2378 5614 ται
2406 5560 2463 5614 δέ
2500 5561 2592 5613 καὶ
2620 5561 2720 5631 τὴν
2753 5558 3084 5630 προφητείαν
3106 5560 3205 5612 οὐκ
3243 5558 3301 5610 ἐν
3339 5556 3721 5628 Ἰερουσαλὴμ,
3751 5555 3864 5608 ἀλλ’

2291 5652 2350 5704 ἐν
2377 5654 2489 5714 τοῖς
2521 5651 2628 5704 τῶν
2674 5649 2843 5703 ἐθνῶν
2881 5649 3064 5713 τόποις
3109 5649 3335 5719 πλησίον
3378 5647 3471 5700 τοῦ
3528 5646 3753 5717 Ἰσραὴλ
3808 5645 3866 5698 ἐν

2293 5740 2493 5812 Βαιθήλ
2520 5757 2576 5793 τε
2605 5739 2682 5811 τῷ
2730 5736 2879 5813 ἱερῷ,
2915 5736 3040 5793 ἔνθα
3072 5736 3137 5811 δὴ
3160 5739 3271 5801 τοῖς
3300 5734 3535 5798 εἰδώλοις
3570 5731 3868 5786 ἐπετέλουν
