3966 6222
242 327 348 382 215

1291 335 1833 393 COMMENTARIUS
1853 337 1919 392 IN
1955 338 2162 395 AMOSI
2190 339 2343 397 CAP.
2375 340 2413 395 1.

3375 345 3480 404 246

244 445 295 497 οἱ
322 443 418 496 τοῦ
466 445 680 517 Ἰσραὴλ
730 447 831 512 τὰς
878 450 1101 515 Θυσίας·
1142 455 1199 507 ἐν
1245 453 1343 525 μὲν
1370 456 1478 527 γὰρ
1506 458 1573 525 τῇ
1628 456 1823 527 Ἰερου-

1931 454 2059 510 Nam
2094 458 2141 512 si
2177 456 2566 529 Hierosolymis
2606 441 3136 526 vaticinatus’esset,
3178 476 3264 517 res
3303 476 3481 533 neque

246 537 433 607 σαλὴμ
460 540 839 608 προφητεύων,
873 542 973 595 οὐκ
999 542 1066 596 ἂν
1111 544 1327 612 ἐγένετο
1356 545 1532 617 δῆλος,
1574 544 1700 599 οὗτε
1739 545 1816 618 τῷ

259 626 475 699 Ἰσραὴλ
526 629 645 684 οὔτε
700 635 809 695 τοῖς
862 633 1066 694 λοιποῖς
1109 635 1342 701 ἔθνεσιν,
1384 638 1472 707 ἐφ’
1499 632 1581 702 οἷς
1612 638 1813 709 ἤμελλε

247 715 428 785 λέγειν
468 721 595 791 περὶ
650 722 862 777 αὐτῶν·
903 727 1024 778 ἐπεὶ
1071 728 1204 797 μηδὲ
1246 728 1545 782 ἐπιϐαίνειν
1586 731 1684 799 τῆς
1720 729 1816 782 Ἰε-

250 812 529 883 ρουσαλὴμ
555 814 799 884 ἠνείχετό
827 834 909 881 τις
946 818 1168 873 ἐκείνων
1188 836 1199 848 ·
1231 821 1289 873 ἐν
1325 820 1380 874 δὲ
1411 822 1525 884 τοῖς
1570 822 1817 893 προρῤη·

250 900 384 956 θεῖσι
423 905 607 969 τόποις
643 908 742 977 τὴν
780 910 1115 981 προφητείαν
1133 910 1473 981 ποιούμενος,
1507 912 1817 981 ἀναγκαίως

250 991 446 1064 καὶτῷ
495 996 706 1067 Ἰσραὴλ
724 1000 1041 1072 καταφανὴς
1067 996 1133 1070 ἦν
1166 1001 1260 1055 καὶ
1290 1003 1404 1064 τοῖς
1435 1000 1642 1055 ἔθνεσιν
1672 1001 1727 1054 οῖ
1751 1018 1816 1070 γε

250 1082 481 1155 πλησίον
506 1083 641 1159 ἦσαν
662 1107 675 1119 ’
707 1092 803 1143 καὶ
836 1091 1092 1155 πολλάκις
1131 1093 1195 1145 ἐκ
1230 1093 1331 1162 τῆς
1367 1093 1495 1165 περὶ
1532 1091 1600 1146 τὰ
1625 1091 1818 1145 εἴδωλα

250 1170 552 1244 θεραπείας
592 1177 952 1247 ἐπεμίγνυντο
999 1179 1277 1252 ἁλλήλοις’
1328 1182 1403 1245 ὡς
1451 1181 1518 1235 ἂν
1558 1180 1814 1244 ἅπαντες,

249 1266 378 1336 περὶ
402 1262 476 1321 ὦν
500 1270 622 1333 τοὺς
652 1270 840 1339 λόγους
860 1274 1110 1337 ἐποιεῖτο,
1141 1272 1325 1327 εἰδεῖέν
1353 1289 1412 1326 τε
1449 1271 1518 1326 τὰ
1560 1272 1687 1343 περὶ
1721 1271 1819 1325 αὑ-

247 1358 361 1409 τῶν
401 1360 691 1432 λεγόμενα,
733 1365 826 1417 καὶ
863 1366 972 1434 πρὸ
1014 1365 1123 1419 τῶν
1159 1366 1501 1437 πραγμάτων
1539 1362 1817 1433 δεξάμενοι

1920 548 2108 604 lsraeli
2135 549 2493 618 innotuisset,
2522 566 2699 622 neque
2739 551 2953 620 populis
2981 550 3227 620 reliquis,
3254 550 3322 606 de
3359 553 3483 621 qui-

1919 636 2023 692 bus
2044 646 2162 693 erat
2187 641 2347 695 verba
2368 640 2613 697 facturus
2637 660 2651 709 ;
2674 657 2905 712 quorum
2929 656 3087 695 nemo
3111 640 3480 712 llierosolyma

1921 732 2189 787 ventilare
2235 734 2442 789 solebat
2479 753 2492 789 :
2533 734 2644 807 95
2681 736 2958 806 praedictis
2999 742 3192 788 contra
3242 734 3294 787 in
3348 734 3484 789 locis

1924 822 2268 887 vaticinans,
2320 827 2631 882 necessario
2682 837 2799 881 tum
2846 825 3029 882 lsraeli
3078 834 3190 879 tum
3238 824 3478 879 ﬁnitimis

1921 912 2157 969 ethnicis
2205 915 2597 982 innotesccbat,
2654 918 2745 988 qui
2779 933 2919 987 saepe
2956 917 3025 971 ob
3059 916 3326 971 idolorum
3367 918 3480 969 cul-

1922 1009 2038 1056 tum
2086 1003 2316 1060 invicem
2363 1007 2799 1077 frequentabant.
2856 1007 2947 1063 Sic
3001 1008 3206 1069 cuncti,
3252 1020 3479 1076 quorum

1924 1107 2092 1147 causa
2127 1109 2409 1153 sermones
2447 1100 2683 1161 serebat.
2708 1107 2761 1154 et
2792 1114 2854 1153 ea
2892 1114 3012 1168 quae
3043 1098 3110 1152 de
3139 1113 3198 1154 se
3232 1097 3485 1152 diceban-

1924 1195 2013 1239 tur
2045 1188 2390 1259 resciebant;
2422 1194 2749 1264 cognitoque
2781 1201 2907 1247 ante
2937 1208 3025 1247 res
3055 1191 3321 1261 gerendas
3346 1191 3478 1245 vati-

1923 1277 2089 1343 cinio,
2142 1294 2377 1351 moxque
2406 1282 2527 1338 viso
2572 1284 2744 1347 exitu,
2784 1282 3077 1336 ﬁrmiorem
3119 1280 3276 1335 fidem
3317 1278 3485 1349 inspi-

1925 1371 2069 1425 ranti
2103 1374 2397 1444 prophetas
2422 1376 2620 1431 divinae
2645 1377 2831 1444 gratiae
2861 1372 3156 1429 adhibituri
3186 1378 3364 1427 erant.

247 1449 350 1518 τὴν
392 1452 747 1521 προφητείαν,
770 1453 1001 1521 ἐγγύθεν
1038 1471 1097 1506 τε
1144 1452 1343 1517 ἰδόντες
1379 1453 1478 1524 τὴν
1527 1450 1768 1518 ἑκϐασιν,
1814 1449 2034 1521 μείζονα
2077 1460 2174 1531 τὴν
2218 1461 2400 1517 πίστιν
2428 1464 2599 1534 ἔχοιεν
2636 1467 2735 1534 τῆς
2767 1463 3090 1535 ἐνεργούσης
3121 1464 3178 1516 ἐν
3212 1465 3322 1524 τοῖς
3355 1477 3485 1532 προ’

251 1544 448 1614 φήταις
480 1548 699 1617 χάριτος
730 1548 899 1611 θείας.

326 1693 400 1745 Τὸ
421 1692 602 1762 μέντοι
622 1709 687 1760 γε
710 1691 860 1761 παρά
876 1709 1035 1745 τινων
1066 1692 1375 1763 λεγόμενον,
1395 1694 1476 1746 ὅτι
1524 1690 1616 1753 ’οζ
1622 1688 1704 1741 ίαν
1724 1686 1815 1740 τὸν

1988 1689 2102 1759 Age
2148 1705 2275 1747 vero
2317 1691 2463 1762 quod
2508 1693 2661 1747 aiunt
2714 1692 2983 1755 nonnulli,
3019 1690 3203 1748 Oziam
3237 1707 3415 1763 regem
3454 1708 3484 1749 a

253 1784 477 1854 βασιλέα
504 1785 605 1837 οῦκ
628 1784 859 1854 ῆλεγξαν
880 1786 929 1838 οἰ
964 1786 1238 1855 προφῆται
1269 1783 1502 1867 τοῖν-ῆς
1522 1779 1820 1853 ἱερωσύνης

252 1877 439 1946 ἔργοις
465 1874 868 1947 ἐπιχειροῦντα,
892 1876 1091 1930 καὶ-διά
1112 1874 1314 1945 ταύτην
1332 1874 1430 1944 τὴν
1459 1873 1639 1928 αἰτίαν
1659 1869 1819 1924 ἐπαύ-

250 1966 423 2036 θησαν
446 1968 684 2029 ἅπαντες
702 1966 795 2020 τοῦ
831 1966 1214 2039 προφητεύειν,
1238 1966 1313 2035 (p.
1346 1966 1466 2035 M5)
1490 1964 1692 2035 σφόδρα
1733 1979 1822 2033 μοι

253 2060 495 2129 μυθῶδες
526 2057 668 2115 εἶναι
709 2061 951 2130 φαίνεται
982 2059 1180 2127 μᾶλλον
1200 2076 1213 2089 ·
1249 2060 1283 2129 ἦ
1305 2076 1365 2111 τε
1400 2057 1507 2128 γὰρ
1534 2057 1629 2110 τοῦ
1664 2056 1823 2127 Ὠσηέ

251 2149 434 2219 βίϐλος
451 2150 626 2214 οὕτως
660 2150 773 2222 ἔχει
793 2168 807 2182 ·
850 2170 870 2201 ‹
906 2150 1077 2219 Λόγος
1114 2150 1319 2221 Κυρίου
1346 2149 1406 2212 ὃς
1435 2147 1665 2218 ἐγενήθη
1688 2146 1824 2219 πρὸς

263 2242 425 2312 Ὥσηέ
462 2242 553 2295 τὸν
590 2242 682 2295 τοῦ
726 2243 893 2314 Βεηρὶ
933 2244 991 2297 ἐν
1026 2242 1257 2314 ἡμέραις
1306 2242 1502 2308 Ὀζίου,
1551 2262 1569 2295 ι
1619 2241 1713 2295 καὶ
1754 2240 1823 2294 τὰ

251 2331 415 2399 εἴηςο
460 2333 613 2403 παρά
667 2334 861 2403 Ἡσαΐᾳ
903 2350 962 2387 τε
1010 2333 1088 2404 τῷ
1124 2334 1377 2405 προφήτῃ
1414 2331 1586 2396 οὕτως
1624 2332 1819 2402 φησίν·

261 2441 279 2474 ι
326 2425 555 2492 Ὅρασις
586 2425 650 2493 ἢν
670 2419 806 2476 εἶδεν
836 2424 1060 2487 Ἡσαΐας
1088 2424 1199 2487 υἱὸς
1231 2422 1432 2494 Ἀμὼς,
1464 2423 1529 2494 ἢν
1552 2420 1656 2475 εἶδε
1683 2422 1824 2476 κατά

249 2513 355 2581 τῆς
410 2513 672 2574 Ἰουδαίας
724 2515 816 2566 καὶ
863 2512 1004 2567 κατά
1062 2511 1413 2583 Ἰερουσαλὴμ
1460 2515 1517 2565 ἐν
1578 2510 1826 2581 βασιλείᾳ

265 2603 466 2667 Ὀζίου,
500 2625 518 2657 ι
553 2607 647 2659 καὶ
677 2607 745 2660 τά
763 2607 888 2676 ἑξῆς
907 2623 920 2637 ο
949 2606 1042 2660 καὶ
1075 2604 1224 2676 παρὰ
1247 2604 1323 2676 τῷ
1346 2603 1571 2674 παρόντι
1608 2602 1664 2655 δὲ
1688 2619 1825 2671 προσ

254 2698 403 2768 φὴτῃ
428 2697 571 2751 οὕτω
594 2699 756 2769 φησίν
774 2716 789 2731 ο
818 2717 836 2750 ι
867 2698 1030 2766 Λόγοι
1066 2694 1247 2767 Ἀμὼς
1283 2697 1331 2749 οἳ
1353 2695 1599 2763 ἐγένοντο
1623 2695 1679 2746 ἐν
1714 2695 1827 2747 Κα-

254 2788 526 2859 ριαθαρὶμ
560 2790 626 2841 ἐκ
667 2788 886 2853 Θεκούε,
932 2787 1025 2851 οὓς
1059 2783 1198 2841 εἶδεν
1234 2787 1326 2839 ἐπὶ
1372 2783 1727 2858 Ἰερουσαλὴμ
1770 2787 1828 2838 ἐν

252 2877 493 2948 ἡμέραις
540 2878 715 2942 Ὀζίου
753 2876 1014 2948 βασιλέως
1056 2876 1242 2930 Ἰούδα.
1284 2895 1302 2927 ι
1346 2875 1470 2939 Πῶς
1504 2871 1596 2929 οῦν
1626 2868 1736 2927 οἶόν
1771 2891 1828 2927 τε

253 2965 324 3039 ἦν
362 2970 422 3021 έν
454 2972 577 3033 ταῖς
626 2971 858 3040 ἡμέραις
898 2968 1075 3033 Ὀζίου
1117 2967 1428 3021 πεπαῦσθαι
1468 2967 1566 3037 τῆς
1618 2984 1828 3038 προφη-

254 3058 407 3121 τείας
457 3058 580 3111 κατ*
630 3060 852 3112 ἐκείνων
905 3058 1094 3126 λόγον,
1150 3056 1308 3111 ὁπότε
1364 3059 1459 3112 καὶ
1524 3058 1681 3128 Ὠσηὲ
1736 3057 1829 3111 καὶ

267 3151 501 3213 Ἡσαΐας
525 3150 621 3203 καὶ
664 3149 841 3220 ’Ᾱμὼς
875 3153 931 3204 ἐν
966 3153 1083 3213 ταῖς
1110 3151 1444 3221 ἐπιγραφαῖς
1478 3150 1587 3204 τῶν
1616 3149 1830 3203 οἰκείων

258 3242 457 3311 βίϐλων
475 3239 759 3313 δηλοῦνται
808 3244 866 3295 ἐν
897 3242 1127 3314 ἡμέραις
1163 3241 1337 3305 Ὀζίου
1360 3240 1713 3312 πεποιημένοι
1732 3240 1830 3312 τὴν

258 3332 628 3401 amatr”;
658 3332 802 3402 Πρὸς
837 3330 917 3403 τῷ
960 3334 1177 3387 κάκεῖνο
1211 3333 1366 3404 δῆλον
1398 3329 1557 3399 εἶναι,
1587 3334 1669 3386 ὅτι
1708 3330 1829 3385 οὔτε

257 3420 400 3475 κατὰ.
430 3422 531 3492 τὴν
567 3423 943 3494 πνευματικὴν
988 3423 1326 3494 ἀποκάλυψιν
1363 3423 1578 3492 ἐλέγξαι
1624 3424 1832 3477 κελευό-

260 3530 416 3583 μενοι
437 3514 531 3567 τὸν
582 3514 784 3579 Ὀςίαν,
823 3515 1175 3570 ἀνεϐάλλοντο
1199 3518 1264 3570 ἄν
1299 3534 1429 3570 ποτε
1454 3516 1504 3569 οἱ
1530 3515 1829 3587 προφῆται,

258 3605 381 3664 ταῖς
414 3600 594 3666 θείαις
642 3603 1014 3674 ἀποκαλύψεσι
1055 3605 1363 3676 πειθόμενοι
1386 3605 1606 3677 μᾷλλον,
1645 3605 1678 3676 ἢ
1741 3605 1832 3657 τὸν

256 3691 691 3763 πλημμελοῦντα
710 3692 1013 3763 αἰδούμενοι
1035 3693 1257 3764 βασιλέα
1282 3712 1294 3726 ο
1329 3694 1403 3766 μὴ
1427 3695 1744 3765 τετυχηκόσι
1772 3711 1832 3747 τε

255 3784 401 3853 πρὸς
455 3782 616 3836 τοῦτο
664 3784 1077 3855 ἀποκαλύψεως
1113 3786 1287 3850 οὐδεὶς
1339 3785 1405 3840 ἂν
1455 3786 1726 3856 μέμψαιτο
1762 3786 1833 3839 δι-

256 3875 456 3938 καίως,
495 3876 597 3929 οὐκ
626 3877 1062 3949 ἐπικεχειρηκόσι
1098 3879 1383 3949 πράγματι
1417 3878 1491 3949 μὴ
1532 3878 1591 3942 ἐξ
1625 3879 1832 3931 ἀποκα-

256 3964 479 4035 λύψεως
518 3966 670 4030 θείας
724 3968 907 4031 αὐτοῖς
947 3968 1242 4040 δειχθέντι,
1298 3970 1352 4022 οἴ
1399 3986 1460 4037 γε
1497 3969 1583 4021 διὰ
1619 3970 1832 4022 πάντων

256 4058 554 4111 εἱώθεισαν
590 4062 712 4123 ταῖς
760 4063 1151 4130 πνευματικαῖς
1189 4058 1591 4128 ἀποκαλύψεσιν
1630 4059 1833 4128 ἑπόμε-

258 4166 374 4212 νοι,
415 4150 535 4202 κατ’
571 4150 785 4213 ἐκείνας
822 4150 920 4219 μὲν
956 4150 1048 4202 καὶ
1081 4149 1259 4217 λέγειν
1292 4167 1345 4202 τι
1376 4149 1470 4215 καί
1516 4148 1590 4219 μὴ
1626 4147 1829 4216 λέγειν·

262 4241 405 4311 παρ’
433 4240 647 4302 ἐκείνας
676 4240 733 4292 δὲ
764 4240 897 4311 μήτε
930 4239 1103 4307 λέγειν
1127 4241 1260 4310 μήτε
1300 4242 1455 4310 σιγᾷν
1477 4238 1576 4291 οὐκ
1610 4238 1673 4309 ᾄν
1706 4237 1834 4290 ποτέ

1922 1779 2202 1849 prophetis
2251 1783 2638 1851 reprehensum
2682 1796 2788 1836 non
2842 1782 3011 1838 fuisse
3041 1798 3165 1837 cum
3197 1783 3487 1838 sacerdotii

1923 1886 2146 1927 munera
2176 1874 2329 1929 obire
2352 1889 2517 1930 ausus
2548 1881 2660 1940 est;
2684 1881 2845 1945 atque
2866 1874 2935 1930 ob
2960 1888 3080 1928 eam
3108 1888 3329 1929 causam
3357 1890 3486 1943 pro-

1923 1960 2195 2030 pheticum
2227 1964 2475 2033 spiritum
2516 1965 2731 2020 cunctis
2765 1979 2884 2020 esse
2915 1965 3291 2031 subtractum;
3325 1964 3485 2019 valde

1922 2050 1975 2105 id
2007 2051 2135 2105 mihi
2170 2052 2476 2109 fabulosqu
2504 2053 2739 2109 videtur.
2780 2054 2917 2109 Nam
2949 2064 3003 2111 et
3046 2054 3198 2111 Osca:
3232 2056 3370 2112 liber
3407 2058 3487 2113 sic

1924 2142 2085 2199 habet
2140 2164 2209 2199 ιι
2257 2144 2493 2201 Verbum
2546 2146 2762 2203 Domini
2818 2148 2965 2219 quod
3018 2148 3224 2205 factum
3282 2158 3367 2204 est
3419 2150 3477 2204 ad

1924 2232 2119 2289 Oscam
2161 2236 2313 2292 Beeri
2355 2238 2521 2292 ﬁlium
2570 2239 2625 2293 in
2664 2238 2859 2297 diebus
2889 2240 3068 2307 Oziae,
3115 2261 3133 2294 ι
3172 2251 3225 2297 et
3254 2242 3464 2312 reliqua

1925 2323 2059 2379 Tum
2092 2327 2234 2396 apud
2268 2328 2463 2384 Isaiam
2503 2331 2819 2400 prophetam
2869 2336 2950 2388 sic
2987 2332 3187 2388 dicitur
3225 2351 3238 2385 :
3281 2352 3299 2384 ι
3336 2332 3489 2388 Visio

1925 2416 2103 2470 oblata
2171 2417 2324 2473 Isaia:
2370 2420 2554 2476 Amosi
2600 2420 2754 2487 ﬁlio,
2813 2439 2977 2493 quam
3037 2434 3231 2479 contra
3286 2424 3484 2479 Judam

1925 2509 2222 2580 urbemque
2257 2510 2751 2583 Hierosolymorum
2780 2514 2936 2581 vidit,
2973 2514 3077 2570 sub
3104 2514 3236 2568 Ozia
3267 2530 3415 2584 rege,
3466 2534 3482 2565 ι

1924 2609 1977 2655 et
2026 2601 2253 2672 reliqua.
2318 2602 2383 2657 Et
2439 2605 2693 2673 praisenti
2740 2605 2794 2659 in
2857 2605 2998 2660 libro
3044 2606 3280 2676 denique
3335 2608 3413 2662 sic
3470 2622 3484 2658 :

1932 2710 1951 2742 ι
1987 2691 2278 2749 Sermones
2319 2694 2531 2760 Amosi,
2574 2695 2668 2766 qui
2706 2695 2837 2750 facti
2872 2704 3002 2751 sunt
3029 2698 3084 2752 in
3124 2699 3488 2753 Cariatharim

1925 2780 1992 2835 de
2021 2780 2263 2847 Thecue,
2295 2799 2435 2853 quos
2460 2784 2593 2839 vidit
2622 2799 2784 2854 super
2807 2783 3270 2857 Hlerosolymisin
3298 2787 3490 2842 diebus

1928 2870 2073 2927 Oziaa
2117 2871 2270 2928 Iuda:
2319 2875 2485 2945 regis.
2523 2894 2543 2928 ι
2580 2875 2684 2942 Qui
2731 2877 2898 2947 igitur
2943 2876 3055 2932 ﬁeri
3105 2884 3303 2948 potest,
3333 2887 3393 2932 ut
3435 2878 3491 2931 in

1931 2965 2077 3023 Oziae
2108 2967 2301 3023 diebus
2333 2966 2612 3024 divinandi
2647 2970 2731 3024 vis
2759 2968 3039 3039 prophetis
3081 2974 3265 3037 erepta
3307 2967 3487 3033 fuerit,

1931 3059 2387 3126 quemadmodum
2445 3046 2672 3116 istorum
2726 3062 3082 3130 interpretum
3127 3060 3311 3130 opinio
3350 3060 3490 3127 l‘ert;

1932 3146 2197 3213 siquidem
2239 3157 2293 3203 et
2324 3146 2494 3205 Oseas
2525 3156 2579 3205 et
2622 3149 2792 3204 lsaias
2825 3158 2877 3203 et
2908 3149 3139 3204 Amosus
3173 3149 3225 3202 in
3260 3164 3490 3203 suorum

1931 3239 2196 3293 librorum
2249 3240 2443 3303 titulis,
2469 3252 2527 3296 se
2565 3241 2621 3295 in
2665 3240 2859 3295 diebus
2897 3239 3040 3295 Ozias
3083 3240 3493 3309 praphetavisso

1930 3328 2244 3385 declarant?
2301 3330 2440 3386 Tum
2500 3346 2629 3385 vero
2674 3332 3010 3401 exploratum
3056 3339 3161 3396 est,
3217 3331 3263 3386 si
3309 3330 3492 3384 divina

1933 3418 2075 3477 forte
2122 3421 2456 3477 revelatione
2508 3422 2784 3492 propheta:
2822 3422 2965 3492 jussi
3017 3419 3247 3478 fuissent
3307 3419 3491 3476 Oxiam

1931 3511 2221 3582 castigare.
2253 3528 2595 3582 nequaquam
2636 3513 2687 3567 id
2714 3512 2887 3568 fuisse
2916 3525 3286 3577 recusaturos,
3310 3511 3494 3566 divino

1931 3602 2115 3671 potius
2169 3601 2363 3655 lumini
2413 3602 2877 3671 obtemperantes,
2932 3616 3096 3670 quam
3150 3610 3492 3669 peccatorem

1933 3705 2113 3761 regem
2149 3698 2461 3746 reverentcs
2496 3709 2509 3745 :
2545 3692 2629 3745 sin
2664 3698 2845 3744 autem
2885 3689 2953 3744 de
2991 3689 3333 3760 objurgando
3368 3703 3496 3759 rege

1933 3782 2077 3837 haud
2108 3780 2374 3837 divinitus
2401 3780 2624 3835 fuerunt
2654 3781 2956 3844 admoniti,
2987 3796 3146 3836 nemo
3177 3795 3272 3836 eos
3299 3774 3496 3835 merito

1932 3876 2245 3945 vituperet,
2279 3874 2370 3944 qui
2396 3888 2509 3929 rem
2540 3889 2649 3927 non
2683 3873 2982 3944 attigerint,
3016 3888 3179 3943 quam
3208 3872 3287 3929 eis
3309 3873 3496 3928 divina

1936 3966 2196 4023 revelatio
2228 3980 2336 4019 non
2374 3964 2855 4020 demonstraverit.
2882 3963 2980 4020 Est
3019 3964 3162 4018 enim
3204 3966 3497 4035 propheta-

1935 4071 2054 4109 rum
2131 4061 2427 4124 perpetuus
2490 4046 2607 4109 mOs
2671 4052 3006 4122 Spiritalihus
3071 4054 3498 4109 revelationibus

1934 4146 2293 4217 obsequendi,
2334 4146 2447 4200 sive
2502 4160 2568 4199 ex
2626 4158 2813 4199 earum
2868 4144 3128 4199 instinctu
3168 4143 3496 4213 loquendum

1935 4236 2051 4298 sit,
2119 4235 2233 4290 sive
2301 4234 2587 4288 tacendum
2656 4252 2668 4286 :
2722 4233 2794 4287 ita
2852 4243 2911 4287 ut
2968 4242 3163 4303 praeter
3224 4233 3346 4287 illas
3400 4247 3497 4287 ne-

262 4337 349 4403 (p.
389 4332 511 4401 144)
559 4349 635 4395 τι,
665 4329 785 4383 οὔτε
807 4332 944 4401 μήτε
966 4332 1135 4384 εἰπεῖν
1163 4332 1403 4400 ἑλόμενοι
1436 4332 1563 4399 παρ’
1586 4328 1799 4391 ἐκείνας
1817 4344 1828 4358 ·

1939 4341 2043 4395 que
2088 4324 2273 4379 dicant
2321 4323 2648 4394 quidquam,
2683 4339 2859 4392 neque
2888 4325 3185 4387 I'cticeant,
3232 4332 3393 4392 atque
3432 4324 3503 4378 ab

260 4426 429 4480 τοῦτο
450 4424 547 4495 μὲν
567 4420 661 4477 οὖν
687 4423 834 4493 παρὰ
870 4422 1079 4487 πολλοῖς
1108 4423 1218 4494 (2'5)
1250 4424 1348 4476 οὐκ
1375 4416 1472 4476 οἷδ’
1498 4423 1644 4485 ὅπως
1682 4421 1842 4491 φερό·

265 4532 457 4585 μενον,
478 4514 571 4566 καὶ
612 4512 813 4582 σφόδρα
836 4529 927 4582 μοι
958 4512 1112 4576 δόξαν
1152 4510 1407 4573 ἐναντίως
1427 4510 1567 4581 ἔχειν
1594 4513 1714 4576 ταῖς
1732 4511 1840 4565 τῶν

266 4606 475 4677 βίϐλων
515 4606 771 4674 γραφαῖς,
812 4606 984 4673 σιωπῇ
1007 4603 1382 4673 παραδραμεῖν
1400 4603 1459 4655 οὐ
1493 4601 1671 4667 καλῶς
1698 4602 1841 4674 ἔχειν

259 4695 601 4768 ἡγησάμην⁸
646 4694 741 4748 τοῦ
782 4694 838 4747 δὲ
880 4693 1080 4763 βιϐλίου
1131 4694 1230 4763 τῆς
1271 4695 1606 4767 προφητείας
1641 4696 1841 4760 παντὸς

262 4787 404 4857 περί
445 4803 506 4839 τε
545 4786 635 4839 τὸν
681 4784 897 4857 Ἰσραὴλ
941 4785 1033 4839 καὶ
1066 4785 1157 4838 τὸν
1201 4784 1400 4838 Ἰούδαν
1445 4785 1835 4857 ἡσχολημένου,

262 4878 371 4931 καὶ
419 4876 487 4929 τὰ
533 4875 743 4938 τούτοις
785 4892 844 4928 τε
900 4876 1168 4939 κάκείνοις
1219 4876 1521 4945 συμϐάντα,
1577 4877 1837 4947 πρότερον

266 4970 378 5040 μὲν
408 4968 510 5021 ὑπὸ
544 4967 653 5021 τῶν
702 4968 1019 5038 Ἀσσυρίων,
1052 4967 1155 5020 ὑπὸ
1198 4967 1555 5021 Βαϐυλωνίων
1594 4966 1836 5040 ὕστερον,

266 5064 329 5116 ἐν
357 5060 561 5127 ὀλίγοις
586 5060 646 5114 δὲ
679 5059 820 5112 κατά
850 5060 910 5111 τὸ
943 5059 1222 5129 προοίμιον
1247 5060 1465 5130 μνήμην
1494 5058 1705 5129 ἔχοντος
1732 5060 1840 5113 τῶν

266 5155 355 5216 εἰς
390 5152 514 5213 τοὺς
547 5151 856 5221 περιοίκους
891 5148 1320 5221 συμϐησομένων
1352 5150 1559 5215 κακῶν,
1596 5151 1703 5204 τῶν
1744 5152 1841 5221 μὲν

266 5242 411 5313 περὶ
436 5242 525 5295 τὸν
558 5242 682 5294 λαὸν
711 5242 889 5296 αἰτίαν
928 5235 1064 5295 εἷναί
1102 5259 1302 5312 φαμεν,
1334 5243 1399 5313 ἣν
1443 5243 1537 5297 καί
1576 5244 1838 5314 πρότερον

265 5334 598 5402 εἰρήκαμεν,
629 5332 769 5405 ὑπὲρ
792 5327 859 5402 ἧς
894 5332 951 5384 δὲ
990 5334 1168 5386 πᾶσαν
1200 5334 1410 5403 ἔνειμεν
1450 5333 1595 5404 αύτῷ
1634 5335 1731 5404 τὴν
1765 5336 1841 5387 οἰ-

264 5422 435 5478 κείαν
455 5422 777 5494 κηδεμονίαν
794 5425 822 5475 ὁ
843 5422 994 5490 Θεὸς,
1014 5422 1101 5476 διὰ
1124 5424 1214 5477 τὸν
1254 5423 1312 5490 ἐξ
1343 5423 1521 5477 αὐτῶν
1541 5424 1844 5479 ἀναδείκνυα

346 5598 466 5663 (‘23)
509 5596 883 5672 llanc,_quam
904 5600 1264 5672 reprehendit
1291 5599 1610 5672 Theodorus
1636 5603 1841 5672 opinio—

272 5684 436 5742 gem,
463 5683 574 5734 pra
597 5682 657 5722 se
687 5668 868 5742 ferunt
891 5669 1318 5742 Chrysoswiniis
1341 5672 1406 5725 ad
1434 5671 1586 5727 lsaias
1612 5668 1731 5742 cap.
1763 5689 1841 5738 vr;

276 5735 650 5805 Hieronymus
689 5739 848 5802 epist.
913 5735 1020 5803 18,
1080 5740 1096 5792 Ι
1127 5736 1151 5801 ,⁷
1209 5748 1261 5794 ct
1290 5738 1588 5811 Procopius
1623 5735 1753 5797 item
1786 5735 1840 5796 in

1940 4416 2007 4471 iis
2035 4432 2105 4472 ne
2130 4417 2295 4469 latum
2320 4416 2538 4484 quidem
2565 4414 2674 4485 95
2700 4431 2934 4486 unguem
2961 4415 3243 4470 discedere
3265 4416 3498 4470 soleant.

1938 4506 2089 4561 Hanc
2112 4508 2276 4578 igitur
2308 4507 2622 4576 opinionem
2651 4546 2665 4569 ,
2708 4523 2828 4577 quae
2860 4508 3049 4561 nescio
3078 4521 3179 4560 cur
3204 4507 3500 4561 multorum

1938 4607 2148 4655 mentes
2211 4599 2496 4668 pervasit,
2549 4613 2781 4668 quaeque
2832 4599 2964 4652 mihi
3050 4598 3226 4663 sacris
3281 4596 3503 4654 Litteris

1938 4706 2268 4763 magnopere
2319 4691 2594 4745 adversari
2649 4689 2899 4755 videtur,
2954 4692 3175 4746 silentio
3227 4694 3505 4762 praeterire

1939 4782 2085 4837 haud
2112 4798 2326 4852 aequum
2369 4782 2699 4837 existimavi.
2748 4780 2867 4837 Jam
2900 4783 3139 4839 universi
3173 4782 3337 4852 hujus
3375 4784 3505 4837 vati-

1940 4875 2072 4930 cinii
2102 4874 2240 4929 liber
2273 4874 2423 4927 circa
2453 4871 2705 4928 lsraelem
2730 4880 2786 4929 et
2806 4873 3001 4930 Judam
3034 4875 3288 4937 vertitur,
3313 4888 3504 4940 nempe

1942 4969 2090 5023 circa
2118 4968 2402 5036 utriusque
2418 4966 2799 5031 adversitates,
2821 4982 2941 5037 quae
2973 4966 3147 5036 primo
3164 4963 3232 5017 ab
3249 4965 3508 5035 Assyriis,

1944 5058 2143 5113 deinde
2195 5071 2225 5109 a
2266 5054 2581 5125 Babyloniis
2630 5056 2993 5125 contigerunt.
3054 5052 3296 5106 Breviter
3342 5057 3503 5106 etiam

1946 5146 2279 5199 mentionem
2318 5142 2478 5198 initio
2526 5143 2912 5213 complectitur
2942 5140 3207 5193 malorum
3236 5155 3356 5209 qua:
3388 5138 3508 5191 lini-

1946 5237 2109 5289 timos
2159 5242 2479 5304 correptura
2528 5242 2703 5288 erant.
2764 5232 2829 5285 Et
2882 5231 3100 5301 quidem
3132 5244 3232 5285 cur
3284 5229 3509 5285 chrzro

1947 5327 2147 5397 popqu
2179 5327 2294 5380 haec
2327 5326 2642 5388 evenerint,
2684 5339 2905 5379 causam
2940 5322 3178 5378 diximus
3213 5321 3269 5377 in
3309 5336 3510 5391 praece-

1949 5419 2226 5481 dentibus,
2260 5417 2369 5473 Deo
2399 5432 2585 5471 curam
2610 5430 2765 5470 suam
2793 5414 2867 5468 illi
2900 5413 3263 5483 impendente,
3289 5418 3510 5481 propter

1945 5600 2338 5657 commentario
2381 5599 2444 5652 ad
2477 5597 2791 5667 przedictum
2823 5598 2977 5653 lsaiae
3012 5599 3212 5652 locum.
3244 5594 3386 5649 Sane
3417 5592 3513 5646 ob-

1946 5674 2221 5741 jurgatum
2255 5685 2293 5741 ar
2314 5669 2692 5741 sacerdotibus
2734 5669 2922 5723 Oziam
2956 5668 3085 5722 dicit
3116 5679 3269 5722 sacer
3297 5671 3511 5731 textus,

1951 5739 2062 5796 non
2088 5757 2116 5795 a
2149 5739 2442 5809 progihctis.
