3966 6222
539 383 636 436 937

1698 380 2046 437 Tueooom
2097 381 2578 451 r-ropsuesrraNr

3665 377 3768 436 ειε

538 511 682 554 eum,
714 493 808 566 qui
849 492 971 548 inde
1019 505 1312 549 exorturus
1356 503 1473 549 erat
1521 499 1821 552 secundum
1864 515 2094 566 carnem,

2216 501 2334 553 σθαι
2394 500 2654 569 μέλλοντα
2690 499 2750 550 τδ
2807 497 2948 550 κατὰ
2996 497 3174 567 σάρκα
3203 496 3478 566 Δεσπότην
3513 498 3765 568 Χριστὺνν

536 588 815 640 Christum
860 586 1176 651 Dominum,
1231 589 1536 643 communis
1570 591 1762 646 salutis
1801 601 2100 660 parentem.

539 677 936 746 Pr-zeponuntur
982 689 1159 732 autem
1209 680 1435 750 reliquis
1483 697 1570 736 res
1609 684 1855 738 finitimis
1891 685 2103 754 populis

536 778 831 833 eventurze,
884 777 940 822 ut
981 770 1156 838 palam
1189 769 1278 823 fiat
1318 772 1452 824 nihil
1497 771 1663 828 Deum
1707 783 1899 829 contra
1943 791 2101 830 suum

537 861 794 927 populum
824 859 1015 915 fecisse
1036 861 1242 914 sazvitia
1265 872 1631 929 commotum;
1662 865 2100 934 quandoquidem

535 953 601 1004 de
633 951 722 1014 iis,
759 952 850 1020 qui
879 951 1024 1005 hunc
1057 953 1380 1017 afﬂixerant,
1410 971 1598 1025 pcenas
1630 961 1965 1027 rep0poscit.
1995 956 2098 1012 Sed

531 1042 642 1110 jam
675 1043 887 1096 initium
928 1043 1231 1098 faciendum
1258 1045 1378 1099 libri
1410 1056 1514 1110 est,
1555 1049 1646 1117 qui
1689 1050 1760 1101 ita
1798 1064 1856 1103 se
1897 1049 2094 1104 habet:

1161 1132 1390 1188 CAPUT
1428 1134 1470 1189 Ι.

605 1221 764 1275 Vens.
810 1223 858 1286 Ι,
893 1222 946 1275 2.
970 1251 1042 1261 —-
1073 1242 1089 1274 ι
1119 1221 1409 1282 Sermones
1439 1227 1655 1290 Arnosi,
1691 1229 1781 1299 qui
1818 1230 1943 1284 facti
1975 1242 2102 1285 sunt

535 1313 586 1364 in
616 1313 975 1367 Cariatharim
1003 1315 1069 1369 de
1096 1314 1348 1381 Thecue,
1385 1334 1523 1388 quos
1557 1320 1689 1373 vidit
1722 1337 1884 1392 super
1915 1322 2101 1377 Hiero-

533 1403 792 1472 solymis,
830 1404 882 1458 in
917 1404 1109 1461 diebus
1145 1407 1290 1463 Oziaz
1322 1407 1475 1464 Judae
1504 1410 1646 1481 regis
1668 1451 1681 1473 ,
1718 1421 1772 1466 et
1816 1415 1869 1466 in
1910 1414 2099 1470 diebus

529 1492 833 1548 .leroboami
871 1495 1034 1550 Joaso
1070 1499 1274 1568 geniti,
1318 1500 1460 1570 regis
1493 1498 1744 1565 lsraelis,
1787 1510 1912 1556 ante
1943 1511 2100 1557 terra:

532 1591 734 1637 motum
796 1585 1034 1641 biennio.
1070 1587 1286 1642 rVerba
1344 1589 1494 1651 haec,
1551 1590 1710 1646 sicuti
1774 1593 1830 1646 in
1889 1594 2098 1648 ueteris

528 1675 806 1744 prophetis
843 1676 1097 1741 diximus,
1123 1679 1263 1732 tituli
1300 1679 1584 1748 cujusdam
1621 1683 1740 1736 vice
1778 1682 2094 1751 funguntur,

529 1767 620 1831 qui
652 1767 772 1820 libri
807 1783 1031 1838 scopum
1069 1778 1121 1824 et
1153 1771 1537 1826 continentiam
1575 1779 1628 1826 et
1659 1781 1934 1828 auctorem
1961 1782 2092 1827 :eta-

531 1864 745 1924 Icmque
783 1858 1041 1912 declarat.
1081 1858 1265 1929 Neque
1298 1871 1380 1915 est.
1415 1861 1720 1916 mirandum
1751 1864 1895 1933 quod
1936 1863 2093 1918 dixe-

529 1945 632 2007 rit,
671 1941 946 1998 Sermones
993 1962 1131 2018 quos
1169 1949 1300 2003 vidit
1339 1966 1502 2021 super
1541 1950 1952 2022 Hierosolymis,
1993 1953 2091 2008 etsi

528 2049 690 2088 casus
739 2052 952 2105 quoque
999 2046 1320 2094 narraturus
1373 2049 1489 2094 erat
1517 2039 1734 2106 lsraeli,
1780 2043 1830 2095 id
1867 2052 1950 2098 est
1986 2043 2096 2114 96

528 2125 712 2180 decem
753 2127 1002 2183 tribubus
1026 2169 1040 2193 ,
1065 2146 1292 2198 .nocnon
1329 2131 1573 2188 ﬁnitimis
1617 2133 1831 2204 populis
1865 2143 2090 2189 eventu-

527 2231 619 2270 ros
652 2235 664 2271 :
718 2220 798 2272 sic
836 2219 978 2273 enim
1019 2221 1157 2290 egit,
1200 2224 1325 2292 quia
1365 2224 1680 2294 potissimas
1721 2226 1962 2280 omnium
2005 2242 2093 2281 res

528 2309 679 2363 urbis
735 2309 1230 2382 Hierosolymorum
1287 2315 1671 2380 existimabat,
1729 2332 1926 2386 nempe
1974 2317 2094 2386 ejus

525 2401 742 2470 populi,
779 2402 869 2471 qui
905 2419 967 2458 ex
1001 2402 1155 2460 Judac
1203 2405 1346 2461 tribu
1392 2409 1711 2470 constabat,
1779 2407 1942 2463 sicuti
1981 2408 2092 2478 jam

526 2491 580 2544 in
626 2494 999 2563 superioribus
1038 2497 1313 2552 diximus:
1354 2513 1479 2553 cum
1520 2499 1736 2555 interim
1775 2506 2093 2554 caeterorum

526 2584 666 2636 ratio
714 2585 766 2638 in
812 2585 1054 2656 praedicti
1098 2588 1325 2658 gratiam
1375 2589 1684 2645 haberetur.
1741 2587 1832 2643 Sic
1881 2606 2010 2662 ergo
2063 2605 2094 2644 a

525 2674 813 2744 principali
852 2691 933 2738 re,
976 2677 1212 2730 vaticinii
1256 2679 1340 2732 sui
1378 2693 1596 2734 causam
1635 2680 1907 2745 ostendit,
1949 2683 2094 2751 quod

527 2767 601 2818 ita
631 2764 914 2818 exorditur
945 2782 959 2818 :
991 2786 1008 2818 ‹
1043 2768 1300 2824 Dominus
1341 2770 1407 2825 de
1446 2770 1576 2826 Sion
1617 2773 1832 2828 locutus
1869 2781 1987 2838 est,
2029 2789 2094 2828 ex

525 2857 914 2928 Hierosolymis
945 2875 1128 2914 vocem
1161 2876 1314 2916 suam
1345 2864 1546 2918 emisit.
1582 2863 1860 2920 Luxcrunt
1899 2881 2093 2932 pascua

527 2956 804 3015 pastorum
830 2968 846 3014 ;
878 2952 1091 3004 exaruit
1117 2950 1348 3007 Carmeli
1381 2970 1664 3009 cacumen.
1698 2975 1716 3008 ι
1747 2955 1878 3011 Mire
1903 2956 2092 3011 admo-

526 3037 653 3090 dum
687 3038 772 3094 bis
802 3040 978 3093 verbis
1007 3041 1150 3110 loqui
1192 3043 1399 3112 cmpit;
1440 3059 1560 3097 nam
1597 3046 1722 3114 quia
1759 3061 1866 3100 non
1909 3045 2094 3102 Hiero-

2207 591 2298 641 ἐπὶ
2328 593 2392 660 τῇ
2433 592 2645 643 πάντων
2689 589 3022 658 φανούμενον
3061 587 3335 658 σωτηρίᾳ·
3383 587 3763 658 προτεθετσθαι

2204 681 2260 733 δὲ
2297 680 2405 732 τῶν
2427 681 2627 733 λοιπῶν
2651 681 2718 732 τὰ
2755 679 2882 749 περὶ
2901 679 3028 741 τοὺς
3055 678 3364 748 περιοίκους
3401 679 3652 747 ἐσόμενα,
3690 679 3767 740 είς

2206 769 2421 840 ἔλεγχον
2470 769 2563 823 τοῦ
2619 769 2751 840 μηδὲ
2806 768 2872 821 τά
2927 767 3066 821 κατὰ
3117 767 3210 820 τὸν
3261 767 3387 822 λαὸν
3432 769 3645 839 ἀφειδίᾳ
3680 769 3765 820 τὴν

2203 862 2334 914 Θεὸν
2375 861 2703 930 πεποιῆσθαι
2726 878 2740 892 ο
2774 861 2908 911 ὅπου
2946 875 3008 926 γε
3045 859 3138 911 καὶ
3175 858 3314 928 ὑπὲρ
3345 859 3442 926 τῆς
3478 861 3556 922 είς
3575 859 3764 920 αὐτοὺς

2204 953 2548 1023 παρανομίας
2578 952 2732 1014 δίκας
2769 950 3154 1020 εἰσπράττεται
3195 949 3410 1019 ἐτέρους
3431 967 3444 981 ·
3467 951 3688 1021 ἀρκτέον
3705 949 3763 1001 δὲ

2202 1042 2297 1095 τοῦ
2333 1041 2538 1111 βιϐλίου
2569 1041 2749 1094 λοιπὸν
2786 1039 2998 1109 ἔχοντος
3025 1037 3194 1099 οὓτως
3214 1053 3229 1068 ’

2848 1135 3003 1186 ΚΕΦ.
3044 1132 3120 1186 A'.

2273 1229 2419 1300 Στίχ.
2441 1227 2580 1297 α’,β’.
2600 1258 2668 1268 ——-
2687 1247 2704 1277 ι
2731 1225 2891 1293 Λόγοι
2920 1224 2976 1277 ’Λ
2987 1223 3119 1295 μὼς,
3145 1223 3192 1276 οἳ
3219 1222 3464 1290 ἐγένοντο
3484 1222 3539 1273 ἐν
3559 1222 3765 1291 Καρια-

2203 1317 2372 1387 θαρὶμ
2403 1318 2466 1369 ἐκ
2498 1314 2721 1377 Θεκούε,
2751 1312 2844 1376 οὓς
2872 1307 3009 1365 εἶδεν
3031 1311 3506 1382 ἐπὶῚερουσαλὴμ,
3539 1312 3598 1363 ἐν
3629 1309 3763 1379 ήμέα

2207 1425 2326 1478 ραις
2355 1407 2529 1470 Ὀζίου
2547 1405 2641 1460 τοῦ
2662 1403 2922 1476 βασιλέως
2937 1402 3124 1467 Ἰούδα,
3147 1403 3239 1455 καὶ⁸
3265 1403 3324 1454 ἐν
3349 1402 3580 1472 ἡμέραις
3609 1400 3764 1469 Ἰερο-

2201 1499 2343 1569 ϐοάμ
2371 1497 2463 1550 τοῦ
2498 1495 2650 1559 ἰωὰς
2685 1494 2944 1565 βασιλέως
2989 1492 3224 1564 Ἰσραὴλ,
3259 1493 3364 1563 πρὸ
3391 1492 3483 1545 δύο
3514 1489 3646 1545 ἐτῶν
3665 1487 3764 1544 τοῦ⁹

2201 1591 2443 1663 σεισμοῦ.
2483 1610 2500 1642 ι
2529 1589 2603 1661 (p.
2632 1589 2755 1660 145)
2777 1588 2944 1641 Τοῦτο
2967 1587 3064 1656 μὲν
3092 1583 3205 1651 οὖν,
3239 1586 3381 1640 καθά
3411 1585 3512 1638 κάν
3536 1587 3644 1646 τοῖς
3659 1584 3764 1636 λοι-

2201 1691 2319 1749 ποῖς
2364 1687 2665 1756 εἰρήκαμεν
2698 1685 3020 1755 προφήταις,
3064 1681 3388 1754 προγραφῆς
3431 1695 3569 1742 τινος
3609 1675 3764 1740 τάξιν

2200 1775 2404 1844 ἐπέχει,
2427 1773 2689 1845 δηλούσης
2718 1773 2769 1825 τί
2797 1789 2924 1826 ποτε
2945 1772 3190 1843 βούλεται
3211 1774 3242 1841 ἡ
3276 1769 3474 1841 βίϐλος,
3497 1768 3626 1838 παρ’
3638 1767 3763 1820 ὅτου

2194 1884 2252 1919 τε
2277 1867 2370 1920 καὶ
2401 1865 2526 1936 περὶ
2553 1865 2710 1918 τίνων
2753 1864 2966 1936 εἴρηται
3005 1862 3099 1916 καὶ
3146 1864 3273 1915 πότε
3297 1879 3312 1894 ·
3365 1859 3674 1930 θαυμαστὸν
3707 1857 3767 1912 δὲ

2193 1957 2363 2020 οὐδὲν,
2387 1956 2435 2008 εί
2461 1957 2628 2024 λόγοι
2660 1950 2807 2007 εἶπεν
2835 1954 2927 2018 οὓς
2953 1947 3089 2006 εἶδεν
3122 1953 3213 2005 ἐπὶ
3241 1951 3618 2024 Ἰερουσαλήμ·
3645 1946 3767 2000 καί·

2193 2065 2274 2100 τοι
2301 2063 2364 2114 γε
2391 2045 2594 2115 μέλλων
2619 2046 2840 2098 κάκεῖνα
2866 2043 3048 2111 λέγειν
3075 2043 3246 2095 ὁπόσα
3267 2040 3489 2112 περὶτδν
3524 2038 3762 2109 Ἰσραὴλ,

2194 2137 2335 2192 τοῦτ’
2364 2136 2476 2188 ἐστι
2505 2135 2600 2198 τὰς
2643 2135 2772 2188 δέκα
2801 2134 2992 2202 γέγονε
3025 2133 3217 2201 φυλὰς,
3253 2133 3346 2186 καὶ
3380 2133 3475 2201 μὲν
3510 2131 3602 2183 καὶ
3637 2129 3767 2199 περὶ

2193 2231 2318 2293 τοὺς
2352 2228 2659 2299 περιοίκους
2702 2227 2799 2295 οὐχ
2835 2221 2997 2297 ἧττον
3023 2240 3036 2254 ·
3068 2224 3180 2278 ἀλλ’
3217 2223 3290 2286 ὡς
3322 2222 3387 2276 ἂν
3432 2221 3766 2292 κυριώτατον

2199 2319 2295 2388 μὲν
2320 2317 2572 2371 ἁπάντων
2611 2315 2911 2386 ἡγούμενος
2940 2311 3079 2367 εἶναι
3106 2314 3171 2367 τὰ
3203 2313 3342 2366 κατὰ
3367 2314 3463 2382 τὴν
3495 2313 3766 2383 Ἰερουσα-

2183 2408 2324 2479 -λὴμ,
2355 2407 2452 2460 εἴτ’
2489 2403 2579 2460 οὖν
2600 2407 2691 2459 τὸν
2712 2424 2779 2459 πε
2793 2407 2842 2476 pi.
2870 2405 3032 2458 αὑτὸν
3054 2405 3180 2458 λαόν
3206 2421 3218 2433 ο
3249 2400 3316 2474 ἦν
3346 2404 3400 2456 δέ
3428 2396 3583 2465 οὗτος
3614 2404 3648 2472 ή
3672 2401 3767 2454 τοῦ

2208 2499 2377 2552 Ἰούδα
2399 2500 2559 2568 φυλὴ,
2594 2497 2775 2559 καθὼς
2807 2499 2864 2550 ἐν
2898 2499 3008 2560 τοῖς
3040 2495 3270 2568 πρόσθεν
3300 2496 3597 2565 εἰρήκαμεν
3621 2511 3636 2523 ·
3660 2491 3766 2544 τῶν

2195 2591 2398 2644 λοιπῶν
2427 2591 2482 2643 δὲ
2509 2589 2568 2654 ἐξ
2597 2589 2915 2651 ἀκολουθίας
2946 2587 3250 2658 λεγομένων
3281 2603 3338 2638 τε
3382 2585 3473 2638 καὶ
3505 2583 3767 2653 γιγνομέ-

2195 2701 2300 2736 νων
2323 2681 2390 2734 δι’
2422 2683 2628 2734 ἐκεῖνον
2646 2697 2658 2710 ·
2683 2680 2856 2742 οὕτως
2882 2679 2988 2732 ἀπὸ
3012 2678 3106 2732 τοῦ
3134 2676 3470 2748 κυριωτάτου
3499 2675 3602 2742 τῆς
3632 2692 3768 2744 προ-

2196 2775 2418 2844 φητείας
2471 2773 2707 2844 ἐδήλωσε
2756 2771 2853 2843 τήν
2887 2771 3100 2824 αἰτίαν·
3135 2768 3433 2839 ἀρχόμενος
3459 2767 3643 2837 μέντοι
3666 2766 3770 2835 τῆς

2197 2864 2551 2933 προφητείας,
2575 2861 2715 2914 οῦτω
2735 2860 2915 2930 φησίν·
2943 2879 2960 2910 ι
2986 2858 3186 2928 Κύριος
3205 2860 3266 2910 ἐκ
3293 2855 3427 2910 Σιὼν
3448 2855 3768 2924 ἐφθέγξατο,

2197 2953 2289 3004 καὶ
2311 2952 2368 3018 ἐξ
2393 2951 2744 3022 Ἰερουσαλὴμ
2776 2950 2941 3002 ἔδωκε
2969 2948 3150 3018 φωνὴν
3175 2945 3336 2998 αὑτοῦ
3361 2962 3375 2975 ·
3409 2945 3502 2998 καὶ
3533 2943 3770 3014 ἐπένθη-

2199 3059 2297 3096 σαν
2326 3045 2382 3094 αἱ
2407 3042 2570 3113 νομαὶ
2595 3042 2702 3094 τῶν
2738 3041 3010 3111 ποιμένων
3035 3055 3048 3070 ο
3079 3039 3172 3091 καὶ
3198 3035 3464 3106 ἐξηράνθη
3493 3036 3526 3104 ή
3555 3033 3772 3104 κορυφὴ

526 3128 784 3197 solymis,
821 3130 913 3184 sed
946 3131 998 3184 in
1035 3131 1140 3187 illis
1167 3133 1486 3202 loquebatur
1515 3134 1650 3191 locis
1673 3176 1686 3198 ,
1723 3151 1862 3204 quos
1894 3137 2093 3191 ethnici

2200 3134 2291 3186 τοῦ
2345 3135 2666 3206 Καρμήλου.
2710 3153 2726 3184 ι
2781 3131 3216 3203 Θαυμασιώτατα
3267 3127 3511 3181 ἐντεῦθεν
3565 3126 3776 3197 ἤρξατο

525 3233 860 3288 regnumque
893 3221 1111 3278 Israelis
1147 3225 1518 3294 occupabant,
1573 3227 1754 3285 statim
1802 3227 2097 3296 prudenter

525 3309 883 3374 addidit,«De
906 3311 1036 3366 Sion
1058 3316 1270 3369 locutus
1306 3323 1424 3379 est,
1465 3331 1531 3371 ex
1569 3316 1961 3390 Hierosolymis
2001 3336 2095 3374 vo-

525 3413 664 3452 cem.
693 3414 846 3454 suam
895 3401 1074 3454 emisit
1101 3416 1114 3452 :
1147 3420 1165 3454 ι
1186 3417 1253 3458 ne
1275 3404 1414 3458 forte
1447 3405 1726 3462 auditores
1757 3423 1935 3463 rerum
1973 3424 2002 3462 a
2038 3426 2096 3466 se

525 3488 876 3544 dicendarum
907 3491 1068 3546 cultis
1101 3507 1195 3561 per
1221 3507 1284 3547 ea
1318 3493 1437 3549 loca
1481 3497 1823 3553 daemonibus
1871 3515 2092 3555 causam

525 3578 897 3647 imputarent:
934 3583 1043 3634 imo
1079 3583 1258 3652 potius
1310 3586 1546 3641 universi
1595 3597 1984 3658 agnoscerent,
2037 3605 2095 3644 se

533 3668 625 3723 Dei
662 3673 938 3726 voluntate
973 3675 1135 3726 verba
1176 3675 1266 3729 illa
1305 3676 1521 3744 facere;
1557 3679 1650 3748 qui
1691 3695 1814 3733 cum
1849 3680 2091 3733 omnium

523 3762 696 3816 factor
741 3761 1110 3835 DomimISque
1148 3767 1248 3830 sit,
1290 3783 1582 3839 congruam
1623 3770 1728 3824 sibi
1770 3770 2088 3839 religionem

526 3855 580 3904 in
618 3852 780 3907 Sionc
808 3865 992 3908 monte
1018 3857 1263 3910 exlnberi
1301 3859 1551 3927 legitimis
1586 3859 1784 3915 ritibus
1810 3859 2089 3928 jusserat:

527 3945 775 4014 idemque
819 3947 1131 4015 prophetam
1164 3948 1230 4001 ad
1266 3949 1379 4002 lucc
1421 3949 1649 4004 dicenda
1695 3965 1841 4003 nunc
1889 3950 2094 4003 excita-

523 4045 706 4099 verat,
741 4051 946 4104 suoque
980 4045 1219 4105 tempore
1249 4040 1507 4094 vaticinia
1548 4041 1603 4094 in
1641 4055 1758 4094 rem
1795 4041 2094 4097 collaturus

523 4137 655 4180 erat.
676 4124 795 4179 Jam
810 4127 1000 4195 verba,
1028 4149 1044 4179 ‹
1069 4130 1350 4184 Luxerunt
1372 4143 1572 4198 pascua
1619 4137 1923 4199 pastorum,
1963 4147 2088 4186 exa-

525 4219 630 4270 ruit
681 4215 916 4272 Carmeli
967 4217 1635 4286 cacumennsigniﬁcant
1689 4219 1806 4276 fore
1861 4231 1919 4275 ut
1968 4237 2092 4276 cum

519 4308 793 4378 praedictis
832 4307 1042 4361 ﬁnitimi
1081 4322 1269 4362 omnes
1307 4322 1416 4362 non
1462 4308 1578 4363 sine
1611 4311 1729 4365 suis
1759 4310 1992 4367 ducibus
2025 4312 2091 4366 ad

523 4401 723 4453 luctum
755 4406 1034 4453 vertantur
1065 4417 1076 4452 :
1107 4407 1160 4454 et
1185 4399 1402 4469 quidem
1428 4401 1587 4456 etiam
1615 4401 1780 4456 Israel
1807 4418 1931 4458 cum
1963 4405 2088 4468 illis,

2195 3222 2287 3276 τοῦ
2326 3223 2484 3291 λόγου
2505 3239 2518 3252 ·
2560 3222 2749 3293 ἐπειδὴ
2777 3222 2886 3292 γὰρ
2918 3221 3016 3274 οὐκ
3047 3221 3103 3272 ἐν
3129 3221 3194 3289 τῇ
3241 3216 3614 3287 Ἰερουσαλὴμ,
3653 3213 3772 3266 ἀλλ’

2197 3317 2252 3368 έν
2305 3314 2532 3375 ἐκείνοις
2585 3311 2879 3380 ἐφθέγγετο
2915 3312 3025 3372 τοῖς
3053 3308 3256 3371 τόποις,
3287 3308 3336 3359 οἳ
3360 3305 3470 3358 τῶν
3513 3322 3572 3357 τε
3599 3303 3773 3356 ἐθνῶν

2196 3406 2289 3458 καὶ
2323 3405 2420 3474 τῆς
2451 3401 2725 3473 βασιλείας
2764 3400 2858 3454 τοῦ
2906 3399 3118 3470 Ἰσραὴλ
3167 3396 3458 3466 ἐτύγχανον
3491 3394 3666 3458 ὄντες,
3693 3395 3774 3446 εἰ-

2195 3497 2366 3557 κότως
2401 3492 2721 3565 προτέθεικε
2751 3492 2830 3556 τὸ,
2873 3511 2890 3542 ι
2942 3492 3037 3542 Ἐκ
3064 3488 3201 3541 Σιὼν
3235 3487 3552 3555 ἐφθέγξατο,
3585 3485 3684 3538 καὶ
3713 3485 3774 3552 ἐξ

2205 3585 2558 3658 Ἰερουσαλὴμ
2605 3583 2770 3635 ἔδωκε
2834 3581 3015 3652 φωνὴν
3050 3577 3214 3633 αὑτοῦ
3245 3595 3259 3610 ·
3295 3597 3313 3629 ι
3342 3579 3416 3640 ὡς
3454 3575 3518 3629 ἄν
3551 3577 3629 3647 μὴ
3661 3578 3775 3638 τοῖς

2195 3678 2322 3748 περὶ
2341 3677 2431 3729 τὸν
2459 3675 2622 3728 τόπον
2650 3675 2855 3726 ἐκεῖνον
2894 3669 3348 3742 θρησκευομένοις
3374 3668 3626 3738 δαίμοσιν
3655 3669 3779 3720 ἐπι-

2193 3770 2422 3839 γράφειν
2477 3765 2717 3838 μέλλοιεν
2773 3765 2822 3816 οἱ
2871 3763 3160 3824 ἀκούοντες
3196 3760 3306 3814 τῶν
3331 3759 3643 3830 λεγομένων
3672 3759 3779 3827 τὴν

2193 3859 2403 3910 αἰτίανο
2439 3856 2513 3927 (p.
2557 3855 2679 3925 146)
2714 3854 2904 3907 εἰδεῖεν
2937 3854 2993 3906 δὲ
3038 3853 3274 3916 ἅπαντες
3310 3853 3389 3905 ὅτι
3420 3851 3615 3923 γνώμῃ
3636 3847 3778 3903 Θεοῦ

2194 3949 2366 4002 ταῦτα
2425 3948 2745 4016 φθέγγεται,
2801 3947 2859 4008 ὃς
2904 3945 3012 3999 τῶν
3043 3945 3296 3998 ἁπάντων
3329 3947 3560 4013 ποιητής
3588 3960 3650 3995 τε
3681 3943 3782 3995 καὶ

2193 4038 2396 4108 Κύριος
2428 4035 2523 4100 ὢν,
2577 4037 2634 4088 ἐν
2667 4034 2745 4104 τῷ
2783 4033 2922 4086 Σιὼν
2961 4036 3076 4107 δρει
3119 4036 3218 4106 τὴν
3249 4035 3600 4104 καθήκουσαν
3623 4031 3784 4102 αὐτῷ

2194 4127 2486 4198 θρησκείαν
2546 4125 2688 4178 κατὰ
2734 4125 2835 4196 τὴν
2896 4126 3124 4197 νομικὴν
3156 4125 3392 4190 διάταξιν
3431 4124 3784 4194 πληροῦσθαι

2194 4216 2488 4290 προσέταξε
2517 4233 2530 4247 ⁸
2560 4217 2638 4288 τῷ
2663 4234 2722 4270 τε
2754 4218 3009 4289 προφήτῃ
3037 4215 3130 4271 νῦν
3165 4219 3338 4270 εἰπεῖν
3367 4215 3535 4270 ταῦτα
3567 4215 3784 4279 διδοὺς,

2194 4310 2286 4362 καὶ
2343 4308 2484 4361 κατὰ
2535 4307 2723 4379 καιρὸν
2761 4308 2870 4360 τῶν
2918 4308 3268 4379 μηνυομένων
3293 4308 3391 4377 τὴν
3434 4305 3666 4359 ἔκϐασιν
3700 4307 3788 4370 είς

2195 4401 2353 4470 ἔργον
2390 4400 2639 4470 ἐκφέρων
2666 4415 2682 4431 ·
2711 4399 2773 4453 τὸ
2803 4399 2879 4466 δὲ,
2919 4419 2936 4450 ι
2979 4400 3313 4470 Ἐπένθησαν
3368 4399 3422 4451 αἱ
3450 4397 3615 4468 νομαὶ
3667 4399 3790 4451 τῶν

518 4502 658 4554 quos
684 4487 916 4542 Carmeli
948 4503 1207 4543 cacumen
1243 4489 1562 4557 appellavit,
1589 4491 1716 4560 quia
1745 4493 1888 4546 circa
1922 4495 2094 4549 locum

2205 4490 2495 4561 ποιμένων,
2528 4491 2620 4543 καὶ
2657 4489 2928 4560 ἐξηράνθη
2958 4490 2992 4561 ή
3038 4489 3248 4561 κορυφὴ
3280 4489 3372 4542 τοῦ
3399 4488 3730 4560 Καρμήλου,
3763 4507 3786 4542 ι

519 4576 669 4630 illum
699 4577 1040 4643 incolebant,
1069 4593 1131 4631 ac
1163 4586 1356 4645 praeter
1386 4593 1546 4632 omne
1578 4579 1810 4634 ollieium
1845 4584 2098 4650 superbia

514 4668 881 4722 exsultabant.
914 4667 1118 4724 Deinde
1167 4670 1447 4723 subdiviso
1478 4671 1844 4738 particulatim
1879 4687 2090 4726 sermo-

514 4775 616 4822 ne,
651 4758 718 4813 de
751 4759 980 4829 singulis
1015 4759 1256 4814 ﬁnitimis
1292 4761 1466 4829 pergit
1495 4761 1702 4815 (Περι-ο.

2207 4583 2292 4635 ἵνα
2317 4581 2446 4654 εἴπῃ
2491 4582 2570 4634 ὅτι
2622 4582 2686 4634 ἐκ
2722 4581 2820 4650 τῆς
2857 4581 3184 4650 ἀποφάσεως
3212 4582 3308 4651 τῆς
3337 4580 3544 4634 ἐκείνου
3569 4580 3793 4643 πάντες

2204 4688 2263 4724 τε
2297 4672 2345 4722 οἱ
2368 4671 2630 4740 περίοικοι
2661 4670 2756 4722 σὺν
2778 4672 2890 4733 τοῖς
2913 4671 3233 4741 ἡγουμένοις
3249 4672 3681 4740 μεταστήσονται
3706 4672 3794 4734 εἰς

2199 4762 2394 4823 πένθος
2425 4777 2439 4791 ·
2478 4759 2572 4814 καὶ
2615 4760 2720 4830 μὴν
2763 4759 2856 4813 καὶ
2899 4760 2992 4813 τοῦ
3029 4761 3242 4832 Ἰσραὴλ
3269 4762 3365 4815 σὺν
3397 4761 3651 4826 ἐκείνοις,
3685 4761 3789 4824 οὓς

519 4875 538 4908 ι
576 4855 818 4926 κορυφὴν
851 4873 869 4906 ι
897 4854 1177 4924 ὠνόμασεν
1210 4854 1298 4906 τοῦ
1327 4856 1646 4927 Καρμήλου,
1673 4857 1745 4920 ὠς
1787 4859 1911 4929 περὶ¹
1951 4861 2153 4912 ἐκεῖνον
2186 4855 2464 4918 οἰκοῦντας
2501 4854 2592 4906 τὸν
2629 4854 2811 4918 τόπον,
2847 4853 2943 4908 καὶ
2977 4855 3055 4918 είς
3087 4853 3237 4906 οὐδὲν
3274 4854 3391 4907 δέον
3423 4856 3489 4924 τῇ
3531 4854 3795 4926 ὑπεροχῇ

511 4948 900 5018 κεχρημένους.
958 4943 1090 5001 Εἶτα
1148 4947 1379 5020 μερίζων
1433 4951 1522 5004 τὸν
1565 4952 1720 5019 λόγον
1758 4952 1861 5005 ἀνὰ
1893 4953 2077 5022 μέρος,
2099 4952 2227 5024 περὶ
2252 4949 2482 5002 ἑκάστου
2515 4948 2624 5002 τῶν
2654 4947 2944 5018 περιοίκων
2967 4947 3134 5016 λέγει·

584 5040 749 5096 Vens.
785 5041 906 5096 5-5.
929 5071 1000 5081 -
1026 5061 1044 5092 ί
1073 5041 1325 5112 Dixitque
1358 5042 1617 5098 Dominus
1647 5061 1660 5096 :
1697 5043 1870 5114 Super
1910 5046 2084 5099 tribus

2262 5040 2410 5110 Στίχ.
2445 5039 2580 5109 ’τ’-ε’.
2613 5068 2683 5080 ——
2707 5058 2724 5090 ι
2756 5039 2868 5091 Καὶ⁵
2889 5033 3040 5091 εἶπεν
3062 5037 3265 5109 Κύριος
3285 5054 3297 5068 ·
3331 5038 3451 5091 Ἐπὶ
3475 5040 3601 5096 ταῖς
3628 5039 3800 5112 τρισὶ

512 5131 816 5184 sceleribus
843 5129 1094 5186 Damasci
1125 5138 1178 5185 et
1207 5147 1373 5201 super
1399 5143 1631 5200 quatuor
1656 5149 1765 5188 non
1795 5136 2087 5190 aversabor

2199 5133 2466 5195 ἀσεϐείαις
2496 5130 2784 5201 Δαμασκοῦ
2813 5129 2906 5183 καί
2929 5130 3022 5182 ἐπὶ
3053 5131 3173 5192 ταῖς
3204 5130 3495 5199 τέσσαρσιν
3535 5129 3660 5201 (24)
3689 5134 3802 5185 οὐκ

510 5234 664 5281 eam,
717 5220 845 5287 quia
886 5220 1056 5275 serris
1095 5220 1285 5274 ferreis
1331 5232 1670 5290 prmgnantes
1718 5220 2086 5279 Galaaditidas

2199 5224 2688 5294 άποστραφήσομαι
2737 5221 2926 5290 αὐτὴν,
2987 5219 3104 5273 ἀνθ’
3144 5212 3218 5273 ὧν
3241 5219 3460 5289 ἐπριζον
3497 5221 3554 5272 ἐν
3587 5224 3805 5292 πρίοσι

511 5307 914 5362 dissecuerunt.
956 5308 1135 5378 lgnem
1183 5310 1468 5363 immittam
1499 5311 1606 5380 97
1640 5312 1693 5364 in
1740 5312 1950 5367 Azaelis
1990 5314 2088 5367 do-

2199 5314 2440 5384 σιδηροῖς
2461 5313 2561 5375 τὰς
2586 5314 2642 5366 ἐν
2673 5313 2869 5383 γαστρὶ
2899 5310 3124 5381 ἐχούσας
3150 5310 3258 5364 τῶν
3275 5311 3659 5375 Γαλααδιτῶν,
3682 5315 3806 5369 Καὶ

513 5414 698 5462 mum,
740 5397 834 5467 qui
876 5397 1226 5454 fundamenta
1282 5401 1376 5454 lilii
1421 5400 1584 5456 Aderi
1631 5411 1935 5458 consumet.
1987 5403 2087 5457 Da-

2199 5403 2476 5458 ἁποστελῶ
2519 5403 2630 5475 πῦρ
2660 5405 2739 5465 είς
2767 5403 2858 5456 τὸν
2891 5398 3038 5457 οἷκον
3088 5399 3306 5474 Ἀζαήλ,
3339 5401 3430 5457 καὶ
3459 5407 3808 5474 καταφάγε-

515 5489 680 5543 masei
712 5496 892 5544 vectes
920 5489 1259 5558 confringam
1281 5531 1295 5554 ,
1333 5490 1642 5559 disperdam
1680 5493 1884 5550 incolas
1933 5495 2084 5566 agri,

2199 5513 2280 5548 ται
2309 5494 2532 5565 θεμέλια
2581 5494 2698 5547 υίοῦ
2741 5494 2892 5564 Ἀδέρ
2917 5512 2931 5525 υ
2974 5494 3066 5548 καὶ
3095 5494 3368 5565 συντρίψω
3403 5493 3647 5564 μοχλοὺς
3678 5500 3805 5550 Aa-

514 5596 745 5652 quorum
780 5581 941 5637 etiam
977 5581 1177 5636 tribum
1224 5583 1500 5637 succidam
1537 5583 1603 5638 de
1642 5583 1770 5637 viris
1799 5581 2040 5640 Cbarran
2073 5604 2086 5640 :

2201 5589 2412 5659 μασκοῦ
2444 5604 2457 5618 ⁶
2491 5590 2587 5642 καί⁷
2635 5587 2999 5658 ἐξολοθρεύσω
3050 5585 3436 5650 κατοικοῦντας
3466 5588 3532 5639 ἐκ
3589 5589 3810 5644 πεδίου

586 5711 696 5780 (94)
727 5712 1003 5766 Obscurus
1029 5712 1320 5792 videbatur
1354 5712 1679 5792 Hieronymo
1699 5715 1799 5792 _bic
1834 5717 2104 5785 propheta:
2136 5719 2289 5776 locus
2322 5722 2480 5790 epist.
2545 5720 2646 5787 53,
2703 5718 2756 5774 8.
2807 5717 2912 5776 Sed
2943 5735 3010 5776 en
3039 5718 3450 5792 Mopsuestcnus
3485 5733 3655 5776 more
3695 5738 3816 5781 suo

518 5795 800 5848 perspicue
836 5793 994 5851 atque
1027 5783 1396 5838 indubitanter
1427 5785 1756 5854 explanabit.
