3976 6226
260 356 371 415 Ξόθ

1311 355 1862 415 COMMENTARIUS
1888 356 1953 412 IN
1994 356 2201 413 AMOSI
2237 354 2388 414 CAP.
2438 357 2477 412 I.

3408 349 3515 406 250

265 471 367 527 Ὧν
392 491 406 504 ·
441 473 534 525 καὶ
569 472 861 540 κατακόψω
906 472 1075 542 φυλὴν
1104 472 1161 535 ἐξ
1213 473 1421 544 ἀνδρῶν
1446 473 1669 543 Χαρράν
1693 489 1706 502 ’
1743 472 1836 524 καὶ
1867 476 1872 532 l

1976 473 2181 543 aptivus
2226 471 2524 524 abducetur
2557 468 2786 538 populus
2823 466 2993 538 Syriae
3027 473 3400 535 nuncupatus,
3440 470 3515 519 ait

267 563 843 633 αίχμαλωτευθήσεται
901 562 1030 625 λαὸς
1089 562 1291 632 Συρίας
1333 562 1643 632 ἐπίκλητος,
1696 562 1843 631 λέγει

272 657 494 725 Κύριος.
526 673 544 705 ι
566 654 638 723 (p.
677 652 799 720 I47)
828 653 902 705 Τὸ
933 670 951 702 ι
989 653 1077 705 ἐπὶ
1102 655 1219 715 ταῖς
1248 654 1392 723 τρισὶ
1418 653 1511 704 καὶ
1531 654 1790 723 τέσσαρσι
1820 671 1838 703 ι

273 747 420 815 λέγει
446 746 565 798 ἀντὶ
591 743 706 807 τοῦ,
744 746 867 806 ταῖς
907 744 1044 812 ἄγαν
1101 742 1339 805 πολλαῖς.
1389 743 1605 812 Ἐπειδὴ
1660 742 1769 813 γὰρ
1816 744 1844 795 ὁ

278 837 417 907 μετά
446 837 537 888 τὸν
574 835 672 888 ἕνα
733 835 829 887 καὶ
880 833 974 886 δύο
1000 833 1229 904 ἀριθμὸς
1280 832 1636 903 πληθυντικδς
1669 833 1849 886 καλεῖ-

274 946 365 981 ται
383 928 516 997 {25),
545 945 564 976 ι
591 926 738 996 τρισὶ
764 945 783 977 ι
809 925 906 994 μὲν
935 924 1081 991 λέγει
1100 926 1218 986 ταῖς
1241 922 1479 986 πολλαῖς,
1503 942 1520 973 ι
1545 923 1801 993 τέσσαρσι
1825 940 1842 973 ι

186 1061 197 1070 .
276 1021 334 1073 δὲ
361 1020 458 1090 τὴν
491 1018 734 1072 ἐπίτατιν
780 1016 877 1070 τοῦ
906 1017 1161 1087 πλήθους.
1193 1015 1454 1067 Βούλεται
1478 1015 1534 1067 δὲ
1559 1015 1733 1067 εἰπεῖν
1770 1013 1851 1065 ὃτι

282 1116 482 1177 πολλὰς
509 1114 761 1176 ἀσεϐείας
781 1114 880 1183 τῆς
895 1111 1185 1182 Δαμασκοῦ
1204 1111 1473 1181 παρεῖδεν·
1498 1109 1853 1179 ἐπιμένοντας

278 1207 338 1258 δέ
363 1206 460 1258 καὶ
480 1206 570 1257 ἐπὶ
591 1204 838 1257 πλεῖστον
869 1202 1203 1265 ἐκτείνοντας
1223 1202 1321 1273 τὴν
1350 1200 1702 1269 ἀσέϐειαν,μὴ
1720 1201 1845 1252 ἀπο-

283 1295 609 1366 στρέφεσθαι
626 1296 720 1347 καὶ
741 1295 917 1364 μισεῖν
933 1293 1113 1345 ούκέτι
1130 1291 1373 1345 δυνατόν.
1393 1287 1526 1343 Εἶτα
1542 1286 1855 1341 καταλιπὼν

280 1389 383 1450 τὰς
402 1387 592 1450 λοιπὰς
609 1386 789 1439 αὐτῶν
812 1381 1175 1453 παρανομίας,
1188 1383 1282 1452 τὴν
1294 1382 1371 1441 είς
1387 1378 1508 1440 τοὺς
1524 1375 1857 1446 Ἰσραηλίτας

286 1480 418 1546 παρ’
449 1476 626 1529 αὐτῶν
655 1472 1028 1544 γεγενημένην
1047 1470 1214 1538 λέγει·
1234 1469 1310 1531 ὡς
1324 1468 1386 1522 ἂν
1412 1467 1634 1532 δείξειεν
1656 1468 1735 1519 ὅτι
1757 1465 1857 1518 κᾶν

287 1568 455 1621 πολλά
472 1566 825 1636 ἠσεϐήκασιν,
851 1563 961 1616 ἀλλ’
997 1563 1137 1632 ὑπὲρ
1164 1560 1367 1614 τούτων
1404 1558 1632 1629 μάλιστα
1665 1555 1859 1618 αὐτοὺς

284 1661 683 1729 τιμωρήσεται,
739 1650 814 1709 ῶν
862 1655 1060 1724 πολλὴν
1100 1652 1367 1705 ποιεῖσθαι
1418 1649 1715 1703 ἐσπούδακε
1763 1648 1860 1718 τὴν

288 1751 634 1820 κηδεμονίαν.
675 1748 747 1801 Τὸ
778 1743 891 1808 οὖν,
928 1764 945 1797 ι
979 1747 1098 1798 Τῶν
1130 1743 1490 1805 Γαλααδιτῶν,
1519 1762 1535 1793 ι
1569 1744 1631 1793 ἐκ
1665 1740 1862 1810 μέρους

1946 564 2226 617 Dominus.
2264 582 2281 613 ι
2313 561 2452 615 Dicit
2513 569 2692 614 autem
2746 575 2900 626 super
2948 556 3115 611 tribus
3162 567 3209 609 et
3263 566 3513 625 quatuor,

1946 670 2136 724 nempe
2168 668 2268 722 pro
2293 692 2306 715 ,
2341 652 2540 706 Multis.
2572 649 2707 704 Nam
2741 652 2867 721 quia
2902 665 3163 703 numerus
3192 656 3314 718 post
3349 665 3513 701 unum

1947 755 2001 801 et
2024 748 2131 800 duo
2160 745 2384 815 pluralis
2411 742 2630 808 dicitur,
2658 742 2819 795 verbo
2848 741 3014 794 tribus
3045 743 3241 794 multos
3267 739 3513 804 denotat,

1946 837 2111 891 verbo
2134 846 2309 890 autem
2335 845 2561 904 quatuor
2585 833 2979 887 multitudinem
3006 839 3313 900 exaggerat.
3342 828 3520 899 Signi-

1951 926 2078 979 ficat
2107 936 2283 979 autem
2330 940 2388 979 se
2436 924 2603 977 multa
2647 922 2898 976 Damasci
2941 923 3144 976 scelera
3177 922 3519 991 neglexisse:

1948 1022 2319 1071 verumtamen
2352 1028 2477 1067 cum
2512 1015 2629 1080 ejus
2657 1012 2801 1066 cives
2832 1012 2885 1065 in
2916 1011 3189 1080 impietate
3208 1018 3520 1080 pcrstarent

1952 1119 2180 1173 eamque
2212 1103 2588 1164 cumularent,
2617 1101 2729 1170 jam
2765 1101 2880 1155 fieri
2906 1116 3014 1153 non
3047 1115 3206 1169 posse
3249 1100 3379 1168 quin
3425 1114 3521 1153 eos

1955 1213 1983 1250 a
2014 1211 2070 1251 se
2104 1195 2389 1265 repelleret
2415 1204 2576 1261 atque
2608 1191 2735 1245 odio
2768 1197 3205 1260 prosequeretur.
3249 1187 3384 1241 Exin
3417 1202 3521 1240 cae-

1955 1288 2085 1342 teris
2116 1300 2301 1341 corum
2333 1281 2628 1339 sceleribus
2657 1280 2877 1335 omissis
2902 1319 2918 1346 ,
2960 1278 3091 1333 illud
3130 1284 3527 1331 commemorat

1957 1378 2102 1448 quod
2135 1377 2397 1431 adversus
2422 1373 2697 1427 Israelitas
2717 1372 3123 1425 commiserant:
3143 1382 3336 1438 nempe
3358 1373 3414 1419 ut
3430 1381 3525 1420 os-

1958 1470 2165 1535 tendat,
2186 1466 2395 1522 etiamsi
2417 1465 2599 1517 hostes
2622 1462 2787 1515 multa
2811 1459 3175 1529 peccaverint,
3225 1464 3406 1509 tamen
3430 1469 3526 1509 eos

1962 1562 2241 1633 potissime
2272 1573 2331 1613 se
2366 1555 2680 1626 puniturum
2708 1551 2890 1633 populi
2960 1550 3043 1605 sui
3075 1562 3239 1602 causa
3261 1586 3277 1610 ,
3319 1546 3385 1600 de
3415 1559 3525 1615 quo

1964 1628 2285 1722 magnopere
2328 1646 2594 1704 sollicitus
2642 1650 2780 1697 erat.
2829 1628 2995 1711 Igitur
3042 1637 3408 1694 Galaaditidas
3449 1638 3529 1690 fe-

1965 1745 2142 1797 minas
2168 1742 2351 1796 dicens
2371 1781 2383 1803 ,
2413 1745 2618 1808 partem
2652 1750 2751 1805 pro
2779 1739 2892 1785 toto
2924 1729 3156 1801 appellat
3181 1745 3196 1794 ;
3227 1742 3351 1796 pars
3382 1726 3527 1780 enim

291 1843 538 1911 βούλεται
568 1840 677 1894 τῶν
719 1836 1063 1909 Ἰσραηλιτῶν
1097 1837 1269 1889 εἰπεῖν
1289 1851 1302 1865 ’
1331 1831 1514 1903 ἐπειδὴ
1534 1832 1624 1884 τοῦ
1650 1829 1862 1900 Ἰσραὴλ

1976 1835 2181 1889 lsraelis
2212 1830 2437 1886 Galaad.
2471 1829 2647 1884 Causa
2680 1823 2933 1896 puniendi
2969 1820 3068 1875 fuit
3091 1860 3104 1885 ,
3139 1817 3282 1889 quod
3323 1824 3532 1869 tantum

293 1931 457 2002 μέρος
494 1926 618 2000 ἦνὴ
668 1927 900 1982 Γαλαάδ.
938 1927 1154 1996 Ἐπειδὴ
1180 1925 1378 1989 τοίνυν,
1413 1924 1565 1994 φησι,
1599 1921 1861 1991 τοσαύτην

292 2023 566 2085 ἐξέτειναν
622 2020 742 2073 κατ’
786 2017 964 2071 αὐτῶν
988 2016 1085 2087 τὴν
1128 2015 1490 2085 παρανομίαν,
1520 2013 1594 2076 ὡς
1631 2012 1724 2065 καὶ
1767 2010 1865 2072 τάς

291 2114 523 2181 ἐγκύους
552 2111 733 2164 αὐτῶν
764 2110 998 2179 σιδηροῖς
1034 2108 1216 2179 πρίοσι
1261 2106 1567 2176 διατέμνειν
1613 2104 1776 2175 (ἔοικε
1809 2103 1867 2156 δὲ

290 2205 448 2257 τοῦτο
473 2202 658 2271 λέγειν
697 2203 776 2263 είς
805 2199 1075 2263 ἀπόδειξιν
1115 2196 1215 2265 τῆς
1244 2195 1524 2266 ὠμότητος
1562 2193 1762 2258 αὐτῶν,
1802 2191 1867 2244 δι’

292 2298 356 2367 ἦν
375 2295 496 2348 οὖδέ
519 2292 628 2346 τῶν
652 2291 863 2360 ἐγκύων
894 2290 1179 2358 ἐφείδοντο,
1209 2290 1325 2359 ἦτοι
1354 2285 1567 2357 πρίοσιν
1592 2285 1756 2346 ὅντως
1779 2284 1873 2335 αὐ-

293 2385 391 2447 τὰς
448 2383 483 2452 ἢ
530 2380 741 2450 ξίφεσιν
799 2380 1193 2449 ἀνατέμνοντες
1241 2376 1477 2446 πολέμου
1518 2374 1668 2443 νόμῳ
1698 2390 1709 2403 ·
1737 2372 1873 2441 ὅπερ

294 2470 385 2526 οὖν
419 2469 573 2527 εἶπεν
600 2490 617 2521 ι
661 2472 716 2521 ἐν
747 2468 929 2539 πρίοσι
957 2469 1218 2538 σιδηροῖς,
1248 2485 1265 2517 ι
1291 2466 1370 2526 είς
1393 2464 1610 2534 μείζονα
1636 2461 1874 2531 ἔμφασιν

296 2565 392 2618 τοῦ
419 2562 763 2633 γινομένου),
794 2562 933 2631 ὑπὲρ
962 2561 1025 2629 δὴ
1040 2560 1262 2619 τούτων,
1287 2558 1470 2627 φησὶν,
1497 2557 1675 2617 αὐτοῖς
1693 2552 1876 2617 ἐπάξω

298 2661 423 2719 τοὺς
439 2656 823 2725 ἀφανίζοντας,
850 2653 927 2722 (p.
961 2653 1079 2722 M8)
1102 2651 1177 2714 ὡς
1199 2650 1292 2703 καὶ
1330 2650 1398 2701 τά
1428 2647 1671 2717 βασίλεια
1699 2644 1877 2697 αὐτῶν

300 2750 698 2824 καθαιρεθῆναι
717 2765 729 2778 ⁸
760 2748 919 2801 τοῦτο
949 2746 1055 2818 γὰρ
1082 2747 1227 2813 λέγει
1245 2763 1262 2795 ι
1296 2743 1517 2813 θεμέλια
1536 2743 1651 2796 υίοῦ
1669 2741 1873 2811 Ἀδέρ·›

304 2843 484 2896 πᾶσάν
504 2859 565 2895 τε
588 2842 691 2910 τῆς
729 2839 1106 2912 μητροπόλεως
1130 2835 1308 2889 αὐτῶν
1345 2837 1442 2906 τὴν
1471 2835 1623 2904 ἰσχὺν
1648 2835 1880 2903 ἀφαιρε-

305 2933 465 3003 θῆναι
482 2948 497 2963 ’
528 2933 668 3001 ὅπερ
690 2930 840 2999 δηλοί
861 2927 920 2981 τὸ
940 2946 957 2977 ι
978 2924 1260 2997 Συντρίψω
1280 2924 1508 2994 μοχλοὺς
1531 2920 1840 2993 Δαμασκοῦο
1858 2938 1876 2971 ι

306 3025 399 3077 καὶ
435 3023 504 3093 δὴ
529 3023 624 3075 καὶ
658 3020 863 3080 πάντας
894 3018 1019 3081 τοὺς
1057 3016 1115 3082 ἐξ
1150 3015 1328 3070 αὐτῶν
1359 3013 1592 3083 ἀφανιῶ,
1622 3013 1761 3065 ὥστε
1790 3011 1883 3065 καὶ

1964 1928 2224 1981 adversus
2254 1922 2499 1978 lsraelem
2530 1920 2708 1976 scelus
2742 1919 3225 1985 exprompscrant,
3281 1918 3338 1962 ut
3390 1909 3536 1977 ipsas

1969 2015 2149 2087 pepuli
2180 2014 2341 2082 hujus
2368 2017 2703 2081 prmgnantes
2736 2005 2903 2061 serris
2933 2002 3120 2057 ferreis
3151 1998 3534 2055 dissecucrint.

1968 2106 2193 2159 Videtur
2226 2113 2403 2156 autem
2433 2100 2535 2153 hoc
2563 2098 2745 2151 dicere
2787 2104 2844 2149 ut
2873 2093 3112 2147 hostium
3163 2088 3538 2143 crudelitatem

1969 2200 2331 2257 demonstret,
2365 2191 2455 2260 qui
2488 2204 2555 2243 ne
2587 2186 2825 2258 gravidis
2854 2184 3069 2254 quidem
3102 2180 3318 2236 feminis
3347 2191 3541 2247 peper-

1972 2291 2175 2343 cissent
2203 2327 2217 2351 ,
2265 2286 2380 2340 sive
2408 2297 2501 2337 eas
2530 2293 2722 2348 reapse
2765 2276 2934 2332 serris
2955 2313 2969 2338 ,
3006 2274 3118 2328 sive
3147 2269 3344 2341 gladiis
3392 2280 3541 2320 more

1973 2380 2096 2437 belli
2137 2374 2473 2432 conciderint
2507 2391 2519 2425 :
2576 2372 2651 2423 ita
2706 2376 2764 2422 ut
2817 2365 3021 2419 locutio
3054 2362 3212 2416 serris
3246 2359 3431 2429 ferreis
3475 2354 3544 2409 ad

1978 2467 2387 2541 pargravandam
2474 2459 2733 2516 facinoris
2812 2452 3115 2524 emphasim
3203 2449 3543 2504 adhibeatur.

1977 2538 2360 2627 Quamobrem,
2398 2552 2593 2622 inquit,
2632 2547 2920 2604 immittam
2959 2544 3037 2599 eis
3062 2543 3265 2604 hostes,
3290 2555 3319 2592 a
3347 2538 3546 2610 quibus

1977 2652 2157 2707 cuncti
2217 2664 2313 2703 ceu
2376 2648 2499 2716 igne
2555 2643 2955 2704 absumentur;
3013 2642 3068 2689 et
3125 2631 3344 2703 quidem
3400 2616 3548 2699 regia

1979 2758 2194 2814 quoque
2220 2743 2465 2811 ipsorum
2499 2733 2655 2791 sedes
2687 2729 2993 2793 delebitur;
3033 2725 3135 2778 hoc
3182 2723 3325 2777 enim
3366 2718 3548 2774 innuit

1981 2810 2148 2893 dicti—0
2182 2810 2555 2885 Fundamenta
2584 2824 2725 2878 Ader
2748 2837 2766 2874 :
2795 2828 2955 2888 atque
2983 2830 3149 2870 omne
3188 2810 3552 2880 metropoleos

1982 2941 2170 2983 eorum
2199 2923 2369 2978 robur
2398 2916 2713 2975 subtraham
2741 2930 2757 2974 ;
2790 2910 2845 2964 id
2877 2907 3020 2980 quod
3051 2905 3319 2976 signiﬁcat
3347 2901 3514 2956 dictio
3534 2937 3550 2962 ,

2001 3035 2019 3068 ι
2044 3013 2236 3070 Vectes
2249 3010 2496 3064 Damasci
2513 3024 2612 3063 con
2622 3007 2875 3074 fringam.
2890 3019 2907 3051 ι
2927 2997 3000 3052 Ita
3016 2995 3234 3050 demum
3253 3005 3349 3046 eos
3361 3003 3556 3045 omnes

306 3118 429 3177 τοὺς
458 3116 525 3166 ἐκ
554 3113 654 3182 τῆς
676 3110 900 3182 Χαρρὰν
954 3107 1346 3179 παροικοῦντας
1385 3107 1565 3168 αὐτοῖς
1602 3103 1872 3173 ἀφανίσαι,

1988 3107 2231 3160 funditus
2278 3103 2597 3160 destruam,
2632 3105 2689 3148 ut
2736 3090 2993 3145 finitimos
3041 3098 3257 3156 quoque
3306 3081 3553 3135 Charran

2250 3191 2259 3194 ⁸
2365 3190 2375 3194 “
2424 3188 2438 3194 ⁸
2477 3187 2489 3194 ³
2965 3176 3159 3194 —-"3---
3189 3173 3326 3194 -Λ-Α..
3365 3168 3553 3194 “Arh‘n,

313 3204 515 3275 πολλὴν
549 3204 731 3264 αὐτοῖς
762 3205 826 3254 ἐκ
849 3201 947 3270 τῆς
977 3199 1179 3261 οἰκείας
1201 3198 1480 3269 δυνάμεως
1510 3194 1882 3264 ὑποπτευομέ-

311 3314 407 3365 νης
445 3295 711 3365 παρέχειν
736 3291 1014 3362 βοήθειαν’
1048 3290 1140 3343 καὶ
1176 3289 1454 3357 συντόμως
1479 3287 1673 3348 εἰπεῖν,
1707 3285 1882 3337 ἀπαν-

314 3405 409 3450 τας
436 3387 567 3448 τοὺς
598 3386 697 3454 τῆς
756 3382 1029 3453 βασιλείας
1073 3380 1305 3448 ἐκείνης,
1335 3373 1416 3440 οἷς
1459 3377 1685 3447 ἐπίκλην
1719 3375 1885 3445 ὄνομα

316 3480 507 3552 Συρία,
544 3475 893 3547 αἰχμαλωσίᾳ
918 3472 1168 3525 παντελεῖ
1198 3469 1528 3541 παραδώσω.

385 3658 537 3727 Στίχ.
571 3656 725 3726 ς’-η’.
756 3682 823 3693 -
844 3670 863 3704 ι
898 3650 1036 3704 Τάδε
1064 3648 1210 3717 λέγει
1242 3646 1457 3715 Κύριος·
1493 3644 1615 3697 Ἐπὶ
1638 3647 1757 3703 ταῖς
1776 3660 1891 3713 τρι-

320 3753 402 3805 σὶν
421 3748 704 3810 ἀσεϐείαις
730 3744 907 3815 Γάζης
928 3743 1021 3795 καὶ
1054 3741 1145 3793 ἐπὶ⁵
1171 3743 1292 3801 ταῖς
1319 3738 1609 3807 τέσσαρσιν
1635 3737 1733 3788 οὐκ
1762 3736 1895 3787 ἀπο-

320 3844 709 3914 στραφήσομαι
722 3836 936 3899 αὐτοὺς,
950 3834 1131 3885 ἕνεκεν
1148 3831 1241 3883 τοῦ
1254 3825 1688 3899 αἰχμαλωτεῦσαι
1701 3826 1894 3887 αὐτοὺς

322 3928 703 4003 αἰχμαλωσίαν
731 3924 1000 3995 Σολομὼν,
1024 3923 1118 3975 τοῦ
1154 3920 1463 3989 συγκλεῖσαι
1497 3919 1575 3979 είς
1606 3915 1704 3985 τὴν
1742 3915 1900 3966 Ἰδου-

325 4020 634 4097 μαίαν.»Τὺ
647 4020 776 4075 αὐτὸ
795 4017 943 4086 λέγει
972 4013 1267 4076 κάνταῦθα,
1299 4012 1379 4063 δτι
1414 4008 1622 4070 Πολλὰς
1650 4004 1899 4065 ἀσεϐείας

324 4092 722 4185 ἐργασαμένων
749 4107 842 4160 καὶ
867 4103 1232 4174 ἐπιμενόντων
1250 4103 1316 4170 τῇ
1334 4098 1602 4168 μοχθηρίᾳ
1632 4095 1732 4164 τῆς
1762 4092 1904 4161 γνώ-

328 4182 459 4277 urnis.
489 4203 594 4255 οὐκ
615 4198 872 4266 ἀνέξομαι
899 4194 981 4245 ἐτι
1003 4209 1017 4223 ⁸
1043 4192 1273 4262 μάλιστα
1294 4188 1348 4240 δὲ
1380 4186 1575 4247 αὐτοὺς
1604 4182 1905 4253 τιμωρήσο-

330 4273 449 4368 μαι,
477 4292 626 4361 ὑπὲρ
662 4283 737 4342 ὧν
764 4284 859 4340 τοῦ
890 4283 1229 4354 Σολομῶντος
1254 4275 1627 4349 αἰχμαλώτους
1647 4273 1905 4335 λαϐόντος

328 4367 454 4451 τοὺς
467 4387 571 4455 τῆς
599 4380 923 4451 Ἰδουμαίας,
943 4377 1040 4431 καὶ
1064 4375 1169 4428 ὑπὸ
1192 4374 1289 4443 τὴν
1311 4372 1417 4427 τῶν
1433 4367 1778 4441 Ἰσραηλιτῶν
1811 4382 1907 4418 πε-

1985 3196 2188 3251 incolas
2219 3190 2381 3247 simul
2409 3187 2614 3243 deleam
2645 3226 2660 3249 ,
2696 3194 2929 3251 quorum
2958 3176 3163 3229 scilicet
3189 3173 3330 3225 vires
3364 3168 3557 3220 Dama-

1985 3303 2078 3343 sco
2131 3283 2455 3339 videbantur
2513 3272 2751 3328 validum
2803 3265 3114 3338 praesidium
3158 3260 3433 3316 exhibere.
3489 3253 3559 3308 Ut

1986 3378 2221 3434 breviter
2268 3374 2476 3435 dicam,
2528 3375 2753 3423 cunctos
2802 3358 2953 3430 regni
3006 3356 3126 3425 ejus
3169 3353 3412 3413 incolas,
3461 3345 3556 3415 qui

1990 3468 2163 3538 Syria:
2214 3461 2479 3517 vocabulo
2526 3453 2921 3525 indigitantur,
2954 3444 3173 3499 servitio
3219 3435 3550 3495 addicendos

1991 3558 2217 3613 curabo.

2060 3646 2172 3717 98
2202 3643 2363 3697 Vens.
2401 3639 2641 3693 6-8.—¢
2668 3636 2791 3690 Ilaec
2819 3634 2892 3687 ait
2922 3627 3182 3687 Dominus
3211 3642 3224 3675 :
3263 3620 3437 3686 Super
3468 3612 3566 3667 tri-

1992 3741 2096 3794 bus
2125 3736 2280 3791 Gazae
2311 3730 2607 3786 sceleribus
2637 3734 2690 3781 et
2723 3738 2885 3792 super
2910 3725 3163 3790 quatuor,
3204 3726 3310 3765 non
3345 3719 3566 3760 aversa-

1995 3831 2095 3885 bor
2122 3843 2213 3882 eos
2233 3864 2249 3890 ,
2277 3829 2561 3893 propterea
2593 3814 2739 3886 quod
2785 3813 2887 3883 ipsi
2919 3801 3350 3875 mancipaverint
3392 3792 3567 3877 capt/i-

1996 3921 2215 3975 vitatem
2252 3910 2598 3972 Salomonis,
2645 3916 2704 3962 ut
2747 3920 2866 3960 eam
2913 3896 3309 3957 concluderent
3349 3891 3405 3944 in
3451 3886 3571 3941 Idu-

1999 4007 2232 4064 mazam?
2262 4025 2280 4057 ι
2305 4004 2363 4058 Id
2392 4003 2570 4071 ipsum
2604 3992 2693 4052 hic
2732 4008 2950 4066 quoque
2980 3980 3156 4054 dicit;
3205 3996 3398 4050 nempe
3428 3975 3568 4071 quod

2003 4102 2123 4155 illos
2155 4065 2453 4153 sceleribus
2480 4065 2825 4145 cumulandis
2852 4082 3064 4139 deditos
3085 4119 3099 4143 ,
3129 4085 3291 4145 atque
3322 4073 3374 4125 in
3404 4065 3568 4123 animi

2002 4191 2263 4262 pravitate
2306 4177 2799 4247 obfirmatos,jam
2853 4173 3057 4228 diutius
3107 4181 3215 4220 non
3253 4162 3417 4222 feret,
3464 4157 3573 4211 imo

2006 4246 2351 4354 potissimum
2393 4275 2610 4346 puniet,
2646 4246 2773 4340 quia
2807 4280 2929 4320 cum
2962 4261 3219 4315 Salomon
3253 4254 3309 4306 in
3345 4246 3575 4318 captivi~

2010 4335 2172 4429 [atem
2218 4335 2485 4424 Idumaeos
2535 4335 2865 4430 redegisset,
2901 4361 3063 4422 atque
3115 4342 3336 4401 lsraelis
3383 4335 3574 4430 ditioni

338 4427 451 4451 συντ
480 4427 568 4455 ἠν
617 4427 923 4451 ην-ιπη-ιι
1075 4427 1078 4428 ν
1248 4427 1260 4443 ι
1512 4427 1524 4441 .
1602 4427 1613 4439 .

331 4475 625 4546 ποιηκότος
641 4468 914 4536 ἐξουσίαν,
926 4466 1002 4529 ὡς
1023 4467 1117 4518 καὶ
1131 4463 1375 4515 πλεῖστον
1396 4459 1587 4519 αὐτοὺς
1604 4458 1696 4509 ἐπὶ
1720 4455 1872 4508 τούτο

1976 4461 2336 4536 'adjecisset,
2396 4458 2469 4511 ita
2516 4461 2575 4508 ut
2616 4427 2839 4505 Idumaei
2890 4444 2980 4499 diu
3022 4441 3076 4493 in
3115 4438 3218 4491 hac
3266 4427 3577 4486 conditione

2869 4537 2880 4546 -
2960 4541 2971 4546 -
3150 4525 3475 4546 _,_.e_-:.-.,....
3515 4518 3546 4546 ει

331 4569 414 4620 δια
423 4518 624 4637 μεῖναι⁷
633 4518 726 4615 τόῦ
744 4518 1035 4631 σχηματος,
1052 4552 1434 4623 ἐπεληλυθότες
1450 4518 1592 4603 οὗτοι
1611 4546 1828 4617 ἀφεῖλόν
1847 4562 1872 4598 τ

2014 4518 2451 4630 permanserint,
2488 4546 2562 4598 illi
2597 4537 3073 4611 supervenientes,
3110 4525 3477 4597 captivitatem
3515 4518 3576 4571 il-

2602 4634 2612 4637 Α
2718 4631 2728 4637 ‘
2861 4627 2873 4637 ·
3108 4620 3298 4637 και---
3353 4613 3403 4637 ε..
3453 4609 3573 4637 mu,

334 4609 543 4731 79:21
552 4609 1074 4728 palwafgvuéicsiqu
1093 4609 1325 4714 πολέμου
1339 4642 1505 4712 νόμῳ,
1527 4639 1621 4692 καὶ
1648 4609 1872 4707 συνηνάγ

2014 4609 2121 4704 Iam
2148 4648 2267 4716 jure
2297 4641 2418 4696 belli
2451 4609 2831 4692 dissolverint,
2861 4627 3072 4693 hosque
3107 4620 3300 4673 iterum
3353 4613 3406 4667 in
3453 4609 3575 4663 ldu-

2408 4729 2420 4731 “
2586 4725 2598 4731 ·
2767 4720 2779 4731 ·
2830 4727 2839 4731 ι
2916 4714 2979 4731 *τ’
3026 4713 3183 4731 tum
3238 4706 3361 4731 με..-
3413 4701 3573 4731 ηιισηη

1078 4701 1326 4789 ἀπελθεῖν
1352 4701 1645 4783 πάλιν.Κα“ι
1658 4701 1872 4797 γὰρ-και

2019 4701 2207 4796 inaaain
2266 4729 2520 4788 secedere
2580 4720 2867 4791 iusserint.
2916 4713 3186 4768 Nimirum
3237 4706 3363 4760 hinc
3412 4701 3575 4753 etiam

2864 4806 2876 4811 “
3042 4802 3054 4811 ⁸
3280 4790 3551 4811 Ι-κηΑῑιΑ..

340 4837 514 4891 ταῦθα
539 4790 921 4903 πλημμέλειαν
943 4825 1119 4880 αὐτῶν
1147 4824 1291 4891 λέγει
1316 4822 1382 4892 ἢν
1410 4821 1535 4887 περὶ
1562 4790 1684 4881 τοὺς
1699 4790 1872 4888 Ἰσραη

2005 4828 2263 4900 propheta
2295 4819 2474 4889 arguit
2502 4790 2740 4867 hostium
2771 4806 2949 4861 scelus
2993 4802 3251 4903 adversus
3272 4790 3574 4903 ‘I‘sraelitas.

343 4927 489 4990 λίτας
522 4928 600 4995 (p.
626 4880 1192 4991 ίιιίθῑείργάσαντοπί
1220 4880 1350 4979 05v;-
1376 4930 1393 4963 ι
1426 4880 1534 4965 Καὶ
1565 4880 1872 4973 ἐξαποστελέ

2006 4880 2145 4984 bind
2179 4909 2345 4981 ergo?
2374 4925 2393 4957 ι
2424 4902 2711 4957 Immittam
2748 4898 2802 4950 in
2835 4893 3037 4948 mcenia
3072 4887 3229 4941 Gazae
3272 4880 3573 4939 flammam,

2521 4993 2532 4995 -
2729 4986 2740 4995 ·
3072 4986 3087 4995 -
3121 4994 3125 4995 γ
3189 4971 3374 4995 .ι-1,1.,ι
3427 4966 3570 4995 Ama:

349 4966 656 5089 πῦρέπῖτά
683 4966 1056 5083 151(1qude“,
1078 5008 1171 5061 καὶ
1199 4966 1567 5072 κατασφάγεται
1595 4966 1661 5051 τὰ
1691 4996 1872 5067 θεμέλι

2010 5022 2129 5077 quae
2157 5003 2301 5056 illam
2335 5012 2363 5050 a
2406 4986 2776 5048 fundamentis
2806 4986 3130 5038 consumet:
3184 4971 3376 5026 delebo
3420 4966 3571 5018 Azoti

2412 5086 2423 5089 Α
2509 5085 2518 5089 -
2758 5077 2768 5089 .
2941 5071 3201 5089 Lam“.
3241 5081 3253 5089 ,
3319 5056 3571 5089 Annam";

354 5061 535 5180 αὺζῆς,
581 5110 676 5162 καὶ
725 5061 1089 5175 ἐξολοθρεύσω
1135 5097 1519 5157 κατοικοῦντας
1559 5091 1617 5156 ἐξ
1657 5061 1872 5153 Ἀζῶτοι

2012 5061 2204 5151 dives:
2270 5085 2553 5142 Ascalonis
2607 5077 2867 5150 populum
2930 5071 3254 5125 destruam:
3312 5061 3573 5113 Accaroni

2615 5173 2647 5180 “
2732 5170 2744 5180 ·
2856 5164 2888 5180 ·’
2933 5160 3245 5180 riu-um...
3281 5151 3530 5180 ......:|......

357 5151 535 5174 -υην
583 5151 676 5162 non
725 5151 900 5170 ν-,ν--η
950 5151 1082 5155 nm
1500 5151 1515 5157 -
1601 5151 1615 5156 -
1732 5151 1740 5153 θ

357 5206 443 5254 καὶ
473 5158 868 5270 ⁸ἐξαρθήσεται
912 5151 1065 5263 Γφυλὴ
1099 5193 1155 5257 ἐξ
1206 5190 1561 5251 Ἀσκάλωνος,
1610 5184 1704 5237 καὶ
1733 5178 1872 5243 ἐπάξ

2017 5200 2211 5240 manus
2244 5180 2473 5234 inferam
2506 5197 2517 5231 :
2550 5170 2795 5239 reliquiae
2822 5160 3246 5228 alienigenarum
3281 5151 3537 5222 peribunt
3558 5185 3573 5206 .

358 5239 443 5254 ω’
502 5239 868 5270 υ-εν-γνπνυ--ν
932 5239 1155 5263 τν-ηιντ
1523 5239 1561 5251 η
1856 5239 1870 5243 -

355 5295 443 5362 τὴν
496 5291 656 5361 χεῖρα
712 5305 813 5359 μου
873 5286 963 5338 ἐπὶ
1006 5282 1307 5351 Ἀκκαρῶν,
1360 5281 1451 5333 καὶ
1495 5274 1817 5332 ἀπολοῦνται
1861 5289 1872 5322 ι

2015 5275 2145 5329 dicit
2178 5271 2458 5323 Dominus.
2494 5282 2512 5315 ι
2548 5260 2776 5314 Easdem
2825 5254 2909 5306 his
2957 5262 3173 5318 quoque
3219 5257 3441 5313 pmnas,
3493 5239 3576 5290 in-

2522 5352 2564 5362 “·
2730 5357 2741 5362 -
2778 5347 2790 5362 '
2859 5360 2872 5362 -
2911 5342 3026 5362 ιηλ
3064 5340 3236 5362 una...
3294 5350 3388 5362 ..-η
3439 5329 3575 5362 Imm.

364 5329 441 5362 ..μ
500 5329 656 5361 λων..
712 5329 812 5359 μυ-
873 5329 963 5338 -.-.
1020 5329 1307 5351 --.ηψπ-π
1498 5329 1525 5332 -,

358 5384 666 5436 κατάλοιποι
681 5379 787 5431 τῶν
810 5375 1139 5443 ἀλλοφύλων,
1155 5373 1301 5439 λέγει
1327 5370 1546 5438 Κύριος.
1578 5387 1596 5418 ι
1614 5366 1722 5437 Τὴν
1743 5364 1872 5432 αὑτὴ

2017 5366 2167 5435 quit,
2200 5362 2491 5428 imponam.
2522 5352 2659 5405 Nam
2697 5357 2748 5403 et
2778 5347 2881 5399 hoc
2911 5342 3029 5395 loco
3064 5340 3240 5408 ignem
3294 5350 3389 5405 pro
3439 5329 3575 5385 bello

2695 5439 2708 5443 “
3071 5430 3098 5443 ¹“
3262 5442 3265 5443 ν
3333 5440 3360 5443 --
3382 5421 3539 5443 μ..-ι.;ι

360 5473 534 5535 ἐπάξω
552 5471 647 5522 καὶ
667 5468 876 5531 τούτοις
902 5421 1187 5535 τιτμωρίοίν,
1207 5421 1358 5530 φησι.
1377 5421 1494 5529 Πιῦρ
1510 5421 1620 5530 γὰρ
1637 5421 1872 5511 κάνταῦθ

2019 5421 2179 5516 dicit,
2238 5421 2379 5519 quod
2431 5444 2639 5499 scilicet
2695 5439 2880 5491 hostes
2921 5447 3017 5487 ceu
3068 5430 3282 5483 flamma
3332 5421 3576 5484 vorabit,

365 5561 443 5614 ei
465 5562 700 5630 πόλεμον
714 5557 862 5627 λέγει
890 5523 1244 5619 ὡςιᾶνιοῦτως
1269 5523 1872 5618 αὐτοὺςέπινεμόμενον

2019 5544 2177 5598 Gazze
2225 5538 2493 5593 inmitibus
2536 5531 2758 5587 exitium
2804 5523 3039 5585 inferet,
3091 5525 3455 5583 cunctamque
3488 5525 3575 5564 ur-

430 5738 538 5812 (9.5)
570 5735 923 5791 Notissimum
971 5740 1054 5789 est
1090 5730 1307 5787 Graecos
1352 5735 1547 5799 pra-ter
1590 5722 1919 5794 singularem
1950 5734 2012 5776 ac
2041 5714 2398 5789 plurativum,
2428 5705 2571 5765 duali
2597 5716 2811 5774 quoque
2842 5711 2917 5757 uti
2950 5708 3195 5755 numero.
