3976 6226
458 255 555 310 25!

1617 256 1961 313 THEODORI
1999 256 2477 313 MOPSUESTENI

3591 248 3700 306 εει

460 372 579 427 betn
613 388 641 425 a
679 371 1047 427 fundamentis
1080 372 1343 436 subruet,
1392 373 1616 442 ejusque
1660 374 1869 431 incolas
1908 389 2029 444 per-

2148 372 2187 435 i;
2220 371 2455 443 περιελεί
2513 371 2610 440 μὲν
2663 370 2760 439 τῆς
2806 369 2984 440 Γάζης
3005 368 3073 421 τά
3100 369 3272 438 τείχη,
3299 371 3365 423 ἐκ
3390 365 3605 437 βάθρων
3642 365 3700 418 δὲ

458 464 578 528 det,
608 478 734 516 cum
776 463 934 517 Azoti
969 463 1361 533 Ascalonisque
1411 465 1642 520 civibus.
1689 463 1875 535 Neque
1925 464 2026 534 ipsi

458 552 727 607 Accaroni
748 592 764 617 ,
795 552 1010 622 inquit,
1043 567 1282 622 parcam.
1313 552 1605 608 Memorata
1628 555 1837 609 scilicet
1861 554 2027 618 Gaza,

459 655 579 710 quae
608 642 972 711 satrapiarum
1000 650 1308 697 exterarum
1338 644 1592 714 princeps
1622 652 1760 707 erat,
1795 660 2025 714 genera-

462 734 583 786 liter
610 734 857 802 praedicit
875 741 1191 789 eventuram
1221 734 1437 790 cunctis
1465 736 1782 805 alienigenis
1797 736 2025 792 cladem.

461 822 821 888 Quamobrem
853 824 1036 880 subdit
1063 843 1076 880 :
1109 843 1127 876 ι
1158 824 1593 893 Alienigenarum
1618 827 1860 897 reliquiae
1892 828 2031 895 peri-

464 914 619 979 bunt,
646 916 720 968 ait
769 913 1033 970 Dominus
1070 935 1083 970 :
1123 935 1143 969 ι
1170 932 1279 987 quo
1312 915 1457 971 dicto
1494 916 1734 972 breviter
1763 918 2033 987 signiﬁcat

466 1002 581 1056 fore
612 1011 670 1057 ut
692 1018 881 1059 omnes
903 1004 1072 1059 exteri
1104 1015 1361 1075 pereant;
1386 1005 1547 1059 sicuti
1578 1005 1631 1057 in
1661 1007 2034 1074 superioribus

467 1094 724 1161 populum
758 1093 1070 1149 universum
1094 1134 1108 1159 ,
1140 1096 1311 1166 Syria:
1356 1096 1575 1150 nomine
1623 1104 2031 1167 nuncupatum,

467 1184 523 1237 in
552 1186 869 1241 servitutem
904 1186 1183 1243 redactum
1216 1187 1280 1240 iri
1309 1188 1585 1256 praedixit,
1616 1195 1723 1242 etc.

540 1448 702 1505 Vens.
738 1450 792 1515 9,
824 1450 912 1505 10.
939 1483 1003 1493 -
1028 1470 1047 1503 ‹
1072 1450 1195 1509 Haec
1224 1452 1298 1507 ait
1327 1451 1626 1510 Dominus:
1660 1455 1834 1524 Super
1863 1458 2036 1513 tribus

469 1539 599 1611 Tyri
648 1542 947 1598 sceleribus
996 1552 1049 1598 et
1097 1560 1262 1613 super
1309 1553 1561 1616 quatuor,
1593 1562 1700 1601 non
1747 1551 2038 1604 aversahor

470 1646 624 1697 eam,
688 1642 971 1703 propterea
1031 1636 1176 1705 quod
1232 1637 1618 1692 roncluserunt
1671 1641 2035 1709 captivitatem

476 1716 784 1777 Salomonis
818 1723 872 1777 in
898 1721 1186 1778 Idumaeam
1209 1767 1223 1789 ,
1253 1734 1306 1778 et
1332 1725 1442 1796 99
1473 1742 1581 1781 non
1612 1739 1738 1782 sunt
1768 1730 2037 1784 recordati

469 1806 696 1865 foederis
740 1810 994 1867 fratrum.
1050 1814 1114 1867 Et
1154 1815 1441 1869 immittam
1496 1817 1672 1887 ignem
1727 1819 1782 1873 in
1837 1823 2037 1875 mmnia

470 1898 639 1969 Tyri,
688 1909 742 1956 et
788 1902 1067 1957 devoraliit
1123 1906 1474 1962 fundamenta
1519 1909 1658 1978 ejus.
1694 1928 1712 1962 ι
1740 1911 1872 1965 Cum
1924 1915 2038 1968 haec

470 1990 600 2053 diu,
648 1991 860 2061 inquit,
910 1995 1177 2063 patienter
1224 1996 1475 2061 tulerim,
1504 1998 1617 2068 jam
1665 1999 1870 2055 diutius
1915 2017 2039 2070 pro—

470 2081 758 2149 longantes
790 2084 1124 2153 impietatem
1162 2100 1317 2139 suam
1351 2102 1456 2141 non
1491 2087 1701 2155 feram;
1737 2093 2035 2160 praesertim

470 2171 598 2241 quia
623 2170 931 2229 Salomonis
953 2175 1199 2245 captivos
1227 2177 1279 2229 in
1310 2175 1598 2233 ldumaeam
1634 2181 2040 2238 transferendos

471 2271 731 2317 curarunt
752 2303 767 2325 ,
801 2280 1089 2320 commune
1118 2266 1221 2321 hoc
1253 2270 1431 2323 scelus
1460 2270 1719 2328 habentes
1750 2288 1872 2327 cum
1910 2274 2040 2329 alie-

471 2352 705 2423 nigenis.
733 2355 897 2425 Atqui
924 2358 1152 2427 captivis
1203 2358 1318 2413 hmc
1359 2361 1582 2417 minime
1625 2362 1803 2418 facere
1841 2364 2041 2419 debue-

471 2451 637 2506 runt,
668 2443 890 2501 fmderis
921 2462 1191 2503 memores
1211 2489 1225 2515 ,
1255 2450 1399 2519 quod
1451 2450 1706 2507 Salomon
1738 2462 1792 2508 et
1824 2454 2038 2509 illorum

471 2546 567 2586 rex
599 2535 965 2590 amieabiliter
989 2537 1131 2591 inter
1161 2553 1219 2594 se
1242 2549 1626 2595 contraxerant
1652 2560 1666 2608 ;
1701 2543 1858 2612 cujus
1887 2559 2041 2612 pror-

472 2638 568 2679 sus
622 2626 1001 2691 immemores,
1051 2644 1198 2685 nunc
1246 2630 1322 2684 ita
1374 2647 1433 2686 se
1462 2642 1790 2702 gesserunt:
1824 2644 2044 2704 propter

473 2714 618 2781 quod
662 2731 749 2771 me
781 2719 996 2773 volente
1028 2719 1203 2776 hostis
1236 2721 1565 2791 adveniens,
1599 2726 1801 2780 muenia
1853 2742 2041 2780 eorum

474 2804 784 2870 subvertet,
822 2816 1103 2878 totamque
1134 2811 1322 2865 urbem
1353 2812 1617 2867 destruet.

2130 461 2343 515 ἅπασαν
2366 459 2667 512 ἀνασπάσει
2694 458 2793 529 τὴν
2831 457 3004 522 πόλιν,
3037 458 3256 526 ἀφανιεῖ
3278 473 3336 508 τε
3368 458 3489 517 τοὺς
3517 470 3703 507 κατοι-

2130 553 2359 615 κοῦντας
2403 550 2570 620 αὐτὴν
2625 549 2760 619 μετὰ
2806 547 2914 601 τῶν
2948 549 3046 615 τήν
3089 565 3147 600 τε
3178 546 3417 611 ’Ἄζωτον
3462 546 3555 597 καὶ
3605 543 3703 613 τὴν

2144 642 2454 696 Ἀσκάλωνα
2484 641 2770 695 οἰκούντων
2792 656 2805 669 °
2836 640 2937 693 οὐκ
2985 639 3254 708 ἀφέξομαι
3286 638 3344 690 δέ
3369 636 3487 690 ούδέ
3512 636 3620 689 τῶν
3646 638 3705 688 ἐν

2145 732 2458 803 Ἀκκάροις·
2510 728 2906 801 μνημονεύεται
2940 729 3047 799 γὰρ
3081 732 3179 798 τῆς
3222 726 3399 798 Γάζης
3429 727 3505 790 ὡς
3542 724 3704 796 ἐξαρ-

2132 822 2331 893 χούσης
2378 821 2485 873 τῶν
2531 823 2588 874 ἐν
2625 823 2734 883 τοῖς
2790 819 3108 887 ἀλλοφύλοις
3142 818 3523 889 σατραπειῶν⁸
3565 816 3707 870 κατά

2133 914 2313 968 κοινοῦ
2346 914 2491 981 λέγει
2525 912 2620 984 τὴν
2649 911 2919 982 τιμωρίαν
2947 910 3148 964 ἅπασιν
3176 909 3565 963 ἐπελεύσεσθαι
3592 911 3706 971 τοῖς

2134 1004 2477 1074 ἀλλοφύλοις’
2515 1003 2636 1057 ὃθεν
2667 1003 2897 1072 ἐπάγει·
2928 1020 2946 1053 ι
2980 1002 3086 1055 Καὶ
3123 1001 3450 1056 ἀπολοῦνται
3467 1002 3514 1053 ot
3539 1001 3707 1054 κατά-

2134 1095 2307 1148 λοιποί
2343 1095 2449 1147 τῶν
2476 1094 2802 1162 ἀλλοφύλων,
2836 1093 2981 1161 λέγει
3016 1093 3216 1163 Κύριος
3242 1109 3257 1123 ·
3294 1111 3311 1143 ι
3344 1093 3431 1144 ἵνα
3453 1091 3711 1163 εἴπῃ,ὄτι

2136 1184 2419 1254 Συντόμως
2441 1184 2685 1247 ἅπαντας
2746 1182 2962 1251 ἀφανιῶ
2990 1184 3113 1245 τοὺς
3137 1182 3485 1251 ἀλλοφύλους,
3521 1180 3711 1251 ῶσπερ

2138 1278 2195 1329 ἐν
2250 1278 2363 1339 τοῖς
2415 1276 2703 1346 ἀνωτέροις
2754 1275 3362 1345 αἰχμαλωτευθήσεσθαι
3400 1274 3502 1343 ἔφη
3534 1273 3712 1325 πάντα

2136 1369 2228 1421 τὸν
2261 1368 2388 1421 λαὸν
2416 1367 2505 1420 τὸν
2530 1366 2820 1437 ἐπίκλητον
2848 1365 3064 1437 Συρίας.

2206 1459 2353 1529 Στίχ.
2391 1458 2515 1524 θ’,ι’.
2539 1476 2634 1508 -ι
2668 1457 2804 1511 Τάδε
2832 1457 2978 1525 λέγει
3008 1456 3223 1526 Κύριοςο
3244 1457 3366 1509 Ἐπὶ
3399 1459 3517 1518 ταῖς
3534 1456 3714 1525 τρισὶν

2138 1550 2408 1613 ἀσεϐείαις
2438 1550 2614 1620 Τύρου
2645 1549 2739 1603 καὶ
2765 1550 2857 1603 ἐπὶ
2872 1552 2988 1613 ταῖς
3000 1549 3289 1620 τέσσαρσιν
3310 1549 3409 1601 οὐκ
3436 1549 3718 1619 ἀποστρα-

2140 1641 2381 1710 φήσομαι
2425 1639 2613 1710 αὐτὴν,
2654 1638 2767 1691 ἀνθ’
2823 1631 2897 1691 ὧν
2949 1636 3294 1689 συνέκλεισαν
3336 1635 3718 1705 αἰχμαλωσίαν

2140 1731 2232 1784 τοῦ
2285 1730 2535 1802 Σολομὼν
2591 1732 2671 1792 είς
2699 1729 2799 1799 τὴν
2843 1728 3163 1799 Ἰδουμαίαν,
3186 1729 3279 1782 καί¹
3309 1728 3410 1780 οὐκ
3438 1727 3719 1798 ἐμνήσθη⁸

2143 1839 2241 1875 σαν
2260 1822 2522 1892 διαθήκης
2551 1820 2813 1891 ἀδελφῶν.
2848 1820 2949 1873 Kal.
2990 1818 3333 1884 ἐξαποστελῶ
3378 1818 3488 1888 πῦρ
3523 1818 3618 1871 ἐπὶ
3650 1818 3720 1869 τὰ

2141 1910 2291 1981 τείχη
2345 1910 2544 1982 Τύρου⁹
2579 1911 2673 1965 καὶ
2705 1910 3079 1978 καταφάγεται
3108 1908 3177 1963 τὰ
3204 1908 3430 1979 θεμέλια
3461 1908 3655 1977 αὐτῆς.
3693 1926 3713 1959 ι

2140 2003 2249 2055 Καὶ
2270 2002 2377 2073 γὰρ
2427 2004 2521 2056 κα).
2552 2002 2756 2056 τούτων
2791 2002 2883 2055 ἐπὶ
2924 2002 3079 2068 πολὺ,
3126 2004 3307 2073 φησὶν,
3331 2001 3718 2072 ἀνασχόμενος,

2141 2092 2217 2162 (p.
2257 2093 2381 2163 150)
2408 2093 2501 2146 ἐπὶ
2530 2094 2778 2148 πλεῖστον
2806 2094 3153 2147 ὲκτεινόντων
3184 2092 3281 2162 τὴν
3330 2092 3585 2146 ἀσέϐειαν
3617 2092 3720 2144 ούκ

2146 2186 2402 2256 ἀνέξομαι
2452 2185 2550 2256 τὴν
2602 2186 2826 2247 οίκείαν,
2881 2185 2973 2238 καὶ
3016 2184 3249 2255 μάλιστά
3283 2201 3345 2252 γε
3387 2183 3605 2235 πάντων
3637 2183 3721 2235 ὅτι

2144 2278 2242 2348 τὴν
2272 2278 2365 2330 τοῦ
2401 2277 2741 2347 Σολομῶντος
2760 2276 3135 2348 αἰχμαλωσίαν
3164 2278 3242 2339 είς
3280 2275 3376 2346 τὴν
3417 2273 3722 2343 Ἰδουμαίαν

2146 2368 2582 2440 παρεσκεύασαν,
2618 2368 3070 2438 κεκοινωνηκότες
3098 2366 3199 2437 τῆς
3220 2366 3564 2437 παρανομίας
3584 2364 3721 2417 ταύ⁴

2145 2477 2244 2529 της
2267 2462 2381 2524 τοῖς
2398 2460 2715 2530 ἀλλοφύλοις
2737 2475 2752 2490 ο
2779 2457 2873 2522 οὒς
2909 2458 3077 2529 ἐχρῆν
3110 2458 3341 2528 μάλιστα
3384 2454 3726 2525 ἀποσχέσθαι

2145 2551 2296 2604 τουτὶ
2317 2549 2555 2604 τοιοῦτον
2580 2549 2997 2622 διαπράξασθαι,
3026 2551 3103 2613 εἰς
3142 2549 3361 2619 μνήμην
3394 2544 3723 2618 ἐληλυθότας

2146 2638 2256 2692 τῶν
2284 2639 2585 2710 συνθηκῶν,
2641 2640 2705 2704 ἃς
2730 2642 2757 2695 ὅ
2792 2658 2851 2693 τε
2898 2639 3148 2710 Σολομὼν
3182 2639 3275 2693 καὶ
3316 2640 3344 2692 ὁ
3365 2637 3543 2692 αύτῶν
3574 2635 3729 2705 βασι-

2148 2728 2272 2792 λεὺς
2302 2729 2442 2800 ὑπὲρ
2472 2731 2651 2799 φιλίας
2682 2732 3003 2801 ἐποιήσαντο
3044 2731 3178 2802 πρὸς
3205 2731 3487 2802 ἀλλήλους,
3530 2722 3609 2784 ῶν
3636 2728 3728 2781 ούο

2146 2817 2269 2870 δένα
2316 2819 2671 2889 ποιησάμενοι
2714 2818 2904 2886 λόγον.
2956 2820 3178 2873 τοιαῦτα
3236 2821 3552 2892 πεπράχασι
3584 2818 3723 2874 νῦν⁶

474 2893 614 2965 ὑπὲρ
641 2889 713 2949 ῶν
742 2896 805 2968 δὴ
826 2898 966 2954 κατά
1003 2898 1226 2972 γνώμην
1259 2901 1396 2973 ἐμὴν
1435 2903 1675 2956 ἐπελθὼν
1717 2906 1745 2958 ό
1776 2902 2030 2975 πολέμιος
2052 2944 2066 2969 ,
2103 2904 2174 2957 τὰ
2206 2906 2357 2978 τείχη
2402 2924 2463 2959 τε
2508 2906 2684 2960 αὐτῶν
2731 2907 2990 2979 περιελεῖ,
3028 2910 3121 2961 καὶ
3162 2889 3600 2978 πᾶσαν-ἀφανιετ
3627 2910 3729 2982 τὴν

477 2986 654 3040 πόλιν.

547 3081 711 3138 Vsus.
754 3084 809 3137 ll
835 3125 851 3151 ,
892 3083 979 3139 12.
1009 3115 1080 3125 -
1108 3103 1127 3137 ι
1156 3084 1284 3143 Haec
1332 3088 1466 3142 dicit
1514 3087 1820 3145 Dominus:
1877 3088 2045 3160 Super

2223 3086 2367 3156 Στίχ.
2404 3086 2689 3157 ια’,ιβ’.-σ
2715 3086 2853 3140 Τάδε
2873 3085 3020 3155 λέγει
3038 3085 3263 3158 Κύριος·
3303 3086 3427 3140 Ἐπὶ
3458 3090 3579 3150 ταῖς
3602 3105 3725 3159 τρι-

475 3172 657 3227 trihus
701 3172 946 3230 Idumaeas
996 3174 1299 3232 sceleribus
1339 3183 1394 3232 ct
1431 3192 1595 3247 super
1636 3186 1889 3247 quatuor,
1939 3195 2046 3233 non

477 3264 771 3319 aversabor
802 3279 957 3333 eam,
989 3274 1274 3337 propterea
1305 3269 1449 3338 quod
1488 3269 1591 3339 ipsi
1632 3271 1901 3339 persecuti
1939 3271 2051 3325 sint

481 3353 660 3424 gladio
688 3353 910 3409 fratrem
943 3371 1125 3411 suum.
1154 3354 1219 3412 Et
1247 3358 1460 3413 vulvam
1486 3359 1636 3413 humi
1668 3360 2045 3426 labefactavit,

477 3453 532 3500 et
559 3446 739 3514 rapuit
769 3445 822 3499 in
854 3447 1227 3502 testimonium
1259 3448 1539 3505 horrorem
1573 3467 1732 3505 suum
1755 3495 1770 3518 ,
1801 3460 1854 3507 et
1880 3452 2051 3521 impe-

477 3542 595 3590 tum
642 3538 880 3592 servavit
929 3554 1103 3610 usque
1141 3541 1209 3595 ad
1256 3542 1563 3598 victoriam.
1597 3543 1770 3598 iCum
1818 3544 2046 3614 plurima

478 3642 767 3701 peccantes
795 3634 1045 3699 tulerim,
1091 3634 1206 3704 jam
1247 3636 1477 3693 ulterius
1518 3636 1897 3709 delinquentes
1939 3653 2046 3691 non

481 3722 692 3778 feram:
737 3725 1034 3792 praesertim
1077 3726 1203 3795 quia
1245 3728 1440 3782 bellum
1485 3729 1747 3784 adversus
1778 3729 2050 3784 lsraelitas

481 3824 928 3879 commoverunt,
966 3832 1142 3886 neque
1171 3819 1552 3888 cognationem
1597 3834 1722 3874 cum
1754 3820 1861 3875 illis
1899 3835 2051 3875 reve-

480 3905 572 3959 riti
603 3912 767 3967 sunt,
797 3914 851 3959 et
902 3907 1049 3975 quod
1102 3924 1167 3962 ex
1209 3907 1470 3964 fratribus
1517 3910 1734 3979 utrique
1783 3911 2049 3980 progeniti

482 4005 694 4060 essent,
726 4012 793 4050 ex
825 3996 968 4053 Esau
995 3997 1250 4053 videlicet
1278 4008 1439 4068 atque
1470 3998 1659 4055 Iacob.
1691 4000 1750 4054 Id
1778 4000 1922 4055 enim
1953 3999 2048 4055 dea

482 4092 636 4140 notat
664 4085 835 4140 dictio
875 4085 1098 4155 fratrem
1126 4102 1301 4142 suum.
1330 4086 1449 4142 Jam
1484 4088 1648 4143 verba
1670 4127 1684 4151 ,
1721 4088 1923 4141 vulvam
1956 4089 2052 4142 Im-

482 4180 557 4233 νηί
591 4177 960 4248 labefactavit,
1004 4176 1137 4232 dicit
1186 4193 1315 4247 pro,
1361 4179 1754 4235 interemerunt
1782 4194 1971 4236 omnes
1998 4191 2051 4236 et

482 4270 635 4324 humi
688 4276 1141 4343 prostraverunt:
1189 4269 1335 4340 quod
1370 4270 1592 4339 perinde
1624 4279 1741 4325 erat
1786 4279 1947 4342 atque
1994 4272 2048 4325 in

486 4372 784 4415 maternam
814 4362 1026 4416 vulvam
1059 4377 1301 4433 peccare.
1341 4362 1473 4417 Nam
1504 4363 1632 4431 quia
1677 4362 1872 4418 fratres
1915 4380 2052 4419 nun-

486 4454 736 4522 cupavit,
765 4461 952 4521 utpote
977 4469 1042 4507 ex
1072 4453 1333 4509 fratribus
1360 4461 1519 4509 natos
1539 4494 1553 4518 ,
1581 4455 1755 4509 vulva:
1779 4455 2051 4510 excidium
2088 4436 2128 4489 θ

488 4544 775 4613 appellavit
808 4543 1032 4598 fratrum
1067 4545 1395 4601 occisionem
1425 4588 1439 4613 ,
1468 4548 1622 4611 quasi
1671 4546 1847 4603 isthoc
1892 4548 2053 4602 modo

488 4633 543 4687 in
587 4648 928 4688 communem
977 4643 1202 4689 matrem
1251 4644 1588 4704 peccassent.
1632 4636 1923 4690 Patrarunt
1948 4652 2052 4691 au-

488 4730 595 4776 tem
627 4721 886 4777 adversus
915 4722 1037 4777 illos
1067 4723 1349 4778 horribilia
1373 4766 1387 4790 ,
1418 4740 1526 4793 qun
1576 4723 1753 4794 majus
1800 4724 2050 4779 tesﬁmo-

489 4810 637 4865 nium
661 4811 999 4867 crudelitatis
1023 4827 1133 4867 sua:
1156 4814 1528 4881 spectantibus
1552 4814 1917 4883 perhiberent.
1944 4814 2051 4869 Sed

489 4910 544 4954 et
587 4902 788 4970 impetu
834 4902 1007 4958 multo
1049 4917 1112 4957 ac
1140 4903 1444 4958 vehementi
1494 4906 1546 4959 in
1591 4918 1687 4981 eos
1733 4904 2049 4968 irruerunt,

429 5029 433 5033 ρ
490 4993 675 5047 odium
704 5008 862 5048 suum
894 4994 963 5049 ad
993 4995 1153 5050 ﬁnem
1186 4994 1344 5064 100
1372 5010 1542 5063 usque
1587 5001 1777 5049 contra
1820 5009 1916 5050 eos
1960 4994 2051 5050 de-

493 5091 860 5139 monstrantes
896 5103 909 5139 :
942 5099 1067 5138 nam
1092 5104 1109 5131 ι
1136 5085 1375 5138 serv-.ivit
1397 5099 1571 5152 usque
1600 5084 1668 5137 ad
1697 5082 2001 5149 victoriam,
2028 5100 2046 5133 ι

493 5175 637 5228 hunc
666 5188 885 5230 sensum
914 5175 1096 5230 habet.
1130 5173 1358 5244 Propter
1385 5173 1499 5227 haec
1526 5180 1706 5227 autem
1740 5174 1869 5243 quid
1894 5175 1917 5228 ?
1942 5192 1961 5225 ι
1996 5174 2061 5228 Et

494 5264 783 5319 iuunittam
839 5264 1019 5334 ignem
1075 5265 1130 5319 in
1163 5260 1458 5327 Thaaman,
1508 5271 1561 5317 et
1607 5265 1822 5318 vorabit
1870 5263 2061 5318 funda-

497 5363 675 5409 menta
707 5355 969 5409 uiantium
1011 5355 1150 5424 ejus.
1187 5375 1206 5407 ι
1234 5355 1494 5409 Τίιίεῐῐιση
1541 5354 1897 5409 ldutnteorum
1942 5365 2060 5411 erat

498 5444 626 5498 urbs
678 5443 1045 5514 spectabilior.
1097 5444 1377 5501 Adducam
1431 5445 1611 5514 itaque
1663 5445 1770 5500 illis
1818 5446 2053 5513 bellum,

2153 3178 2235 3231 σὶν
2257 3177 2536 3239 ἀσεϐείαις
2561 3177 2661 3248 τῆς
2698 3177 3000 3247 Ἰδουμαίας
3037 3178 3130 3231 καὶ
3160 3178 3252 3231 ἐπὶ
3279 3181 3401 3242 ταῖς
3432 3179 3728 3251 τέσσαρσιν

2149 3272 2249 3323 ούκ
2270 3269 2763 3339 ἀποστραφήσομαι
2796 3269 2986 3340 αὐτὴν,
3021 3269 3208 3323 ἕνεκεν
3229 3269 3321 3323 τοῦ
3345 3270 3535 3337 διῶξαι
3559 3272 3727 3326 αὐτὸν

2150 3363 2208 3414 ἐν
2262 3360 2503 3430 ῥομφαίᾳ
2538 3359 2629 3412 τὸν
2666 3359 2892 3428 ἀδελφὸν
2932 3360 3094 3413 αὑτοῦ
3118 3377 3131 3390 ’
3165 3361 3260 3415 καὶ
3285 3360 3587 3433 ἐλυμήνατο
3619 3364 3727 3434 μή-

2146 3468 2281 3522 τραν
2308 3451 2400 3504 ἐπὶ
2448 3450 2547 3519 τὴν
2574 3450 2675 3520 γῆν
2700 3465 2715 3479 ⁸
2756 3449 2850 3502 καὶ
2893 3450 3137 3521 ἥρπασεν
3160 3452 3240 3514 είς
3280 3449 3574 3520 μαρτύριον
3596 3452 3727 3522 φρί-

2148 3558 2250 3610 κην
2296 3539 2488 3593 ἑαυτοῦ
2515 3556 2528 3569 ·
2578 3540 2672 3593 καὶ
2720 3539 2780 3592 τὸ
2828 3540 3057 3611 ὅρμημα
3100 3540 3264 3593 αὑτοῦ
3323 3541 3586 3608 ἐφύλαξεν
3644 3543 3728 3605 είς

2149 3633 2294 3692 νῖκος
2323 3629 2459 3699 (26).
2505 3648 2523 3681 ι
2557 3628 2788 3682 Πλεῖστα
2811 3631 2910 3683 ὅσα
2947 3629 3285 3699 ἠσεϐηκότας
3327 3629 3583 3699 ἐνεγκὼν,
3633 3632 3730 3683 ἐπὶ

2149 3721 2397 3774 πλεῖστον
2422 3719 2760 3774 ἀσεϐούντων
2804 3720 2904 3773 οὐκ
2933 3718 3228 3789 ἀνέξομαι·
3273 3721 3367 3773 καὶ
3401 3721 3641 3789 μάλιστά
3664 3739 3729 3790 γε

2148 3813 2288 3882 ὑπὲρ
2342 3805 2415 3865 ὧν
2461 3812 2693 3883 πόλεμον
2722 3812 2865 3867 κατά
2915 3811 3022 3863 τῶν
3064 3810 3408 3881 Ἰσραηλιτῶν
3448 3811 3728 3881 ἐκίνησαν,

2147 3906 2268 3959 ούδέ
2318 3904 2415 3975 τὴν
2450 3904 2767 3973 συγγένειαν
2800 3901 3178 3973 αἰσχυνθέντες
3222 3904 3320 3975 τὴν
3346 3903 3479 3974 πρὸς
3508 3906 3728 3967 αὐτοὺς.

2149 3997 2244 4050 καὶ¹
2270 3996 2352 4049 ὃτι
2382 3994 2441 4060 ἐξ
2475 3994 2717 4064 ἀδελφῶν
2748 3990 2889 4064 ἦσαν
2918 3994 3071 4046 αύτοί
3099 4011 3158 4047 τε
3193 3995 3286 4047 καὶ
3319 3989 3483 4059 οὗτοι,
3519 3996 3570 4047 oi
3631 3994 3734 4065 μὲν

2146 4089 2210 4140 ἐκ
2259 4085 2353 4138 τοῦ
2406 4086 2597 4149 Ἠσαῦ,
2629 4086 2679 4138 οί
2717 4086 2773 4138 δέ
2828 4086 2893 4138 ἐκ
2932 4084 3039 4137 τῶν
3086 4083 3280 4138 Ἰακὼϐ
3324 4085 3728 4155 καταγόμενον

2146 4176 2304 4230 τοῦτο
2331 4176 2439 4248 γὰρ
2463 4172 2583 4229 εἷπε
2601 4194 2619 4228 ι
2647 4177 2735 4229 τὸν
2756 4175 2981 4245 ἀδελφὸν
3006 4174 3168 4229 αὑτοῦ
3187 4193 3202 4209 ο
3242 4194 3261 4227 ι
3283 4176 3343 4228 τὸ
3371 4176 3447 4240 δὲ,
3477 4194 3495 4227 t
3526 4175 3733 4247 ἐλυμή-

2149 4285 2275 4321 νατο
2309 4271 2517 4339 μήτραν
2541 4268 2632 4320 ἐπὶ
2658 4268 2755 4339 τὴν
2775 4267 2897 4337 γῆν,
2930 4284 2948 4317 ι
2976 4264 3122 4334 λέγει
3151 4267 3271 4321 ἀντὶ
3301 4265 3416 4328 τοῦ,
3440 4265 3731 4336 Κατέσφα-

2154 4359 2248 4424 ξαν
2286 4361 2531 4423 ἅπαντας
2581 4360 2674 4413 καὶ
2713 4361 2790 4423 είς
2817 4362 2921 4430 γῆν
2948 4360 3319 4429 κατήνεγκαν·
3358 4358 3494 4428 ὅπερ
3535 4354 3603 4428 ἦν
3650 4360 3732 4422 είς

2157 4449 2253 4520 τὴν
2273 4448 2535 4502 τεκοῦσαν
2561 4448 2755 4511 αὐτοὺς
2775 4450 2988 4519 μήτραν
3004 4447 3459 4520 πλημμελούντων
3475 4465 3487 4478 ν
3504 4449 3581 4516 (p.
3607 4448 3732 4513 151)

2158 4540 2345 4610 ἐπειδὴ
2382 4539 2488 4609 γὰρ
2517 4538 2776 4606 ἀδελφοὺς
2794 4538 3076 4609 ὠνόμασεν
3105 4538 3180 4602 ὡς
3213 4538 3272 4604 ἐξ
3302 4537 3544 4607 ἀδελφῶν
3568 4555 3736 4590 τετε-

2156 4630 2409 4699 γμένους,
2435 4628 2612 4698 λύμην
2652 4628 2861 4699 μήτρας
2888 4627 3139 4698 ὠνόμασε
3185 4628 3285 4698 τὴν
3333 4627 3441 4680 τῶν
3485 4628 3734 4697 ἀδελφῶν

2156 4720 2455 4791 ἀναίρεσιν,
2481 4718 2555 4782 ὡς
2593 4718 2659 4771 ἂν
2685 4720 2764 4781 είς
2789 4718 2886 4789 τήν
2909 4719 3093 4790 κοινὴν
3125 4720 3335 4791 μητέρα
3360 4718 3533 4789 τούτῳ
3554 4720 3734 4790 λυμη-

2158 4808 2402 4878 ναμένων
2430 4807 2507 4878 τῷ
2540 4807 2745 4878 τρόπῳ.
2766 4808 3105 4879 Πεποιήκασί
3131 4810 3408 4881 τε,φησὶν,
3436 4812 3515 4873 είς
3537 4811 3737 4873 αὐτοὺς

2160 4901 2361 4971 φρίκης
2396 4901 2586 4970 μεστὰ,
2626 4900 2714 4953 ἵνα
2755 4897 2975 4969 μείζονα
3003 4901 3103 4970 τὴν
3138 4902 3443 4973 μαρτυρίαν
3471 4902 3573 4971 τῆς
3606 4902 3736 4955 ἐαυ-

2159 4990 2266 5044 τῶν
2294 4990 2571 5060 ὠμότητος
2598 4987 2985 5059 παράσχωνται
3026 4992 3137 5052 τοῖς
3169 4988 3334 5058 ὁρῶσι
3360 5008 3373 5020 ’
3406 4992 3502 5044 καὶ
3534 4990 3598 5061 δὴ
3638 5007 3720 5045 και

2160 5082 2303 5151 ὁρμῇ
2339 5080 2502 5151 πολλῇ
2543 5097 2649 5133 τινι
2678 5080 2772 5132 καὶ
2819 5080 3020 5150 σφοδρᾷ
3051 5081 3169 5133 κατ’
3199 5081 3378 5135 αὐτῶν
3408 5083 3734 5152 ἐχρήσαντο,

2162 5173 2288 5242 ἄχρι
2317 5172 2501 5235 τέλους
2546 5173 2645 5242 τὴν
2692 5172 2861 5243 αὐτὴν
2895 5170 2991 5223 τοῦ
3020 5170 3210 5241 μίσους
3255 5173 3384 5244 περὶ
3405 5173 3599 5234 αὐτοὺς
3621 5173 3739 5225 ἐπι-

2164 5261 2463 5333 δειξάμενοι
2518 5260 2743 5334 γνώμην
2767 5279 2781 5292 ο
2807 5262 2867 5314 τὸ
2894 5262 3020 5333 γὰρ,
3047 5281 3065 5314 ι
3099 5262 3361 5332 ἐφύλαξεν
3396 5266 3475 5327 είς
3511 5266 3688 5328 νῖκος,
3711 5284 3731 5316 ι

2162 5352 2319 5405 τοῦτο
2346 5353 2511 5422 λέγει.
2555 5352 2723 5424 ’Υπὲρ
2747 5352 2803 5406 δέ
2829 5351 3032 5409 τούτων
3063 5354 3150 5420 τίς
3186 5372 3205 5405 ι
3246 5356 3357 5409 Καὶ
3390 5354 3735 5421 ἐξαποστελῶ

2163 5442 2273 5515 πῦρ
2288 5445 2365 5507 εἰς
2387 5442 2620 5515 Θαιμάν,
2645 5443 2738 5497 καὶ
2753 5443 3125 5513 καταφάγεται
3138 5443 3367 5517 θεμέλια
3394 5444 3621 5517 τειχέων
3638 5446 3736 5499 αύο

576 5626 688 5698 (9.6)
734 5623 902 5680 Nobis
931 5621 1171 5694 placeret
1200 5622 1372 5693 magis
1403 5622 1566 5680 lectio
1594 5620 1996 5691 Complutcnsis
2029 5623 2107 5687 εἰς
2136 5622 2332 5688 νεῖκος,
2364 5624 2433 5679 ad
2463 5625 2871 5682 contentionem.
