3976 6226
318 264 449 319 235-

1383 268 1927 327 COMMENTARIUS
1964 271 2033 328 IN
2070 272 2280 328 AMOSI
2319 273 2471 330 CAP.
2506 276 2570 331 11.

3486 280 3595 335 254

312 378 444 448 τῆς.
459 396 488 429 ν
512 377 726 448 Θαιμάν
759 377 870 431 τῶν
885 377 1195 449 Ἰδουμαίων
1212 375 1278 451 ἦν
1297 383 1330 454 ή
1352 384 1711 455 περίϐλεπτος
1732 385 1884 448 πόλις

2013 386 2157 456 quod
2190 388 2483 441 maximam
2513 388 2731 442 illorum
2762 394 2818 443 et
2855 385 3363 457 imperiosissimam
3400 391 3589 444 urbem

329 469 557 533 Ἑπάξω
583 468 760 523 τοίνυν
783 470 989 535 αὐτοῖς,
1008 470 1159 542 φησὶ,
1186 471 1279 525 τὸν
1299 472 1548 544 πόλεμον,
1566 475 1625 538 ὃς
1641 474 1736 545 τὴν
1759 476 1912 545 μεγί-

2012 492 2239 548 prorsus
2269 488 2583 544 consumet,
2634 488 2798 550 atque
2831 496 2860 533 a
2895 480 3266 537 fundamentis
3298 498 3422 537 cum
3456 498 3591 537 mte-

318 576 461 630 στην
488 561 665 614 αὐτῶν
692 561 788 613 καὶ
821 560 1249 632 βασιλικωτάτην
1266 563 1419 617 πόλιν
1463 564 1741 626 παντελῶς
1766 567 1886 634 ἀςρα⁴

2012 567 2176 624 nibus
2204 567 2320 624 suis
2349 569 2638 624 convellet.

319 654 451 717 νιεῖ,
468 653 535 705 ὲκ
564 651 781 723 βάθρων
806 653 976 724 αὐτὴν
1002 651 1140 721 μετά
1168 653 1279 708 τῶν
1316 654 1514 724 τειχῶν
1561 656 1902 719 ἀνασπάσας.

396 743 544 813 Στίχ.
588 749 772 811 ιγ’-ιε’.
802 770 877 787 --
906 761 925 795 ι
961 744 1096 798 Τάδε
1134 745 1282 813 λέγει
1338 746 1571 819 Κύριος·
1607 748 1732 801 Ἐπὶ
1784 753 1906 813 ταῖς

316 834 505 904 τρισὶν
535 834 814 898 ἀσεϐείαις
847 834 978 887 υἱῶν
1020 836 1245 907 ’Δμμῶν
1274 837 1369 890 καὶ
1405 839 1500 890 ἐπὶ
1522 841 1641 900 ταῖς
1668 839 1903 911 τέσσαρ-

319 940 413 978 σιν
448 925 551 978 οὐκ
575 926 1066 997 ἀποστραφήσομαι
1119 928 1337 991 αὐτοὺς,
1367 929 1483 984 ἀνθ’
1518 922 1592 983 ὧν
1617 929 1901 1001 ἀνέσχιζον

314 1016 423 1079 τὰς
478 1017 540 1070 ἐν
590 1018 789 1087 γαστρὶ
836 1018 1065 1087 ἐχούσας
1112 1019 1218 1073 τῶν
1249 1020 1614 1085 Γαλααδιτῶν,
1659 1024 1807 1085 ὅπως
1834 1024 1901 1077 ἀν

318 1103 636 1158 πλατύνωσι
660 1105 731 1158 τά
785 1106 910 1177 ὅρια
944 1107 1139 1161 αὐτῶν.
1192 1110 1302 1164 Καὶ
1333 1111 1524 1181 άνάψω
1572 1110 1683 1186 πῦρ
1713 1114 1806 1166 ἐπὶ
1830 1114 1901 1167 τά

314 1194 480 1265 τείχη
515 1196 753 1250 Ῥαϐϐά’
810 1198 903 1251 καὶ
950 1200 1323 1267 καταφάγεται
1365 1202 1434 1255 τὰ
1472 1200 1697 1272 θεμέλια
1730 1204 1897 1274 αὐτῆς

324 1286 470 1356 μετὰ
506 1291 754 1359 κραυγῆς
802 1291 862 1343 ἐν
883 1290 1063 1362 ἡμέρᾳ
1106 1292 1364 1362 πολέμου.
1399 1294 1474 1364 (p.
1507 1295 1630 1361 152)
1666 1296 1758 1348 καὶ
1788 1313 1898 1349 σει-

319 1373 580 1445 σθήσεται
610 1378 670 1430 ἐν
698 1378 883 1451 ἡμέρᾳ
916 1380 1225 1444 συντελείας
1248 1382 1436 1452 αὐτῆς,
1457 1384 1549 1435 καὶ
1576 1384 1897 1454 πορεύσεται

316 1464 550 1536 Μελχδμ
576 1467 634 1519 ἐν
663 1467 1028 1540 αἰχμαλωσίᾳ,
1057 1472 1105 1521 οί
1134 1471 1299 1541 ἱερεῖς
1331 1471 1485 1524 αὐτοὶ
1519 1473 1613 1525 καὶ
1636 1472 1895 1543 ἄρχοντες

316 1556 499 1611 αὐτῶν
529 1558 624 1611 ἐπὶ
650 1558 714 1611 τὺ
735 1559 887 1624 αὐτὸ,
910 1559 1057 1629 λέγει
1088 1561 1309 1634 Κύριος.
1354 1580 1373 1615 ι
1413 1558 1493 1615 Τὰ
1517 1564 1679 1633 ὅμοια
1710 1563 1772 1634 δὴ
1802 1565 1896 1619 καὶ

317 1646 450 1716 περὶ
477 1645 685 1701 τούτων
705 1649 898 1715 εἰπὼν,
927 1650 1069 1721 ὑπὲρ
1083 1651 1270 1705 τούτου
1305 1652 1541 1722 μάλιστα
1569 1655 1896 1722 ἀγανακτεῖν

315 1738 465 1805 λέγει
494 1739 617 1793 κατ’
665 1741 870 1803 αὐτῶν,
892 1743 972 1795 ὅτι
1004 1742 1111 1796 τῶν
1150 1743 1495 1813 Ἰσραηλιτῶν
1522 1744 1621 1807 τὰς
1667 1746 1896 1813 ἐγκύους

315 1827 637 1897 ἀνέσχιζον,
679 1829 777 1899 τὴν
818 1832 1192 1902 Δαμασκηνῶν
1233 1832 1489 1903 ὠμότητα
1540 1834 1895 1906 μιμούμενοιο

313 1918 486 1971 ἐλπίδι
516 1919 614 1973 τοῦ
641 1920 932 1975 ἀπολλύειν
969 1923 1067 1993 μὲν
1105 1921 1251 1977 ἅπαν
1284 1925 1344 1977 τὸ
1387 1925 1538 1989 ἔθνος
1571 1926 1658 1980 διά
1689 1928 1785 1996 τῆς
1820 1929 1899 1991 είς

310 2009 410 2073 τὰς
449 2011 690 2079 ἐγκύους
743 2015 1116 2084 παρανομίας⁸
1175 2016 1402 2070 κτᾶσθαι
1448 2017 1633 2089 δὲτὴν
1675 2018 1894 2072 ἐκείνων

310 2099 516 2170 χώραν,
548 2100 628 2165 ὡς
678 2101 746 2155 ἂν
787 2102 1009 2172 μείζονα
1055 2102 1154 2175 τὴν
1192 2104 1403 2177 οίκησιν
1447 2107 1768 2177 ἐργάσαιντο
1798 2106 1895 2177 τὴν

307 2191 540 2247 οἰκείαν.
580 2192 963 2248 Ἐπελεύσεται
996 2194 1083 2265 δὴ.
1119 2196 1303 2265 φησὶν,
1339 2196 1475 2267 ύπὲρ
1505 2196 1708 2251 τούτων
1739 2200 1768 2251 ό
1793 2215 1892 2250 πο-

308 2283 515 2352 λέμιος,
563 2285 750 2341 πάντα
773 2287 873 2357 μὲν
907 2286 1120 2356 ἀφελὼν
1151 2288 1250 2358 τῆς
1274 2288 1480 2343 Ῥαϐϐἀ
1508 2289 1688 2360 τείχη,
1712 2291 1746 2361 ἢ
1787 2307 1892 2361 μη-

307 2374 564 2444 τρόπολις
589 2376 773 2428 αὐτῶν
800 2375 1033 2449 ὑπάρχει
1058 2392 1072 2407 ⁸
1110 2379 1174 2431 ἐκ
1204 2376 1415 2450 βάθρων
1437 2379 1491 2431 δὲ
1508 2379 1762 2433 ἀνασπῶν
1794 2378 1892 2449 τὴν

306 2464 481 2531 πόλιν,
518 2466 619 2519 καὶ
662 2466 913 2521 τοσοῦτον
956 2468 1203 2533 ἐξάπτων
1248 2470 1369 2522 κατ’
1396 2468 1575 2523 αὐτῶν
1611 2470 1700 2522 τὸν
1731 2469 1890 2523 πόλε-

310 2570 429 2621 μον,
482 2552 564 2619 ὡς
622 2548 933 2628 ἀφορήτους
987 2556 1080 2609 ἐπὶ
1132 2558 1242 2620 τοῖς
1288 2557 1592 2628 γινομένοις
1634 2558 1734 2621 τὰς
1782 2558 1892 2611 τῶν

308 2647 632 2718 πασχόντων
688 2648 950 2718 ὀλολυγὰς
1007 2650 1415 2705 ἀποτελεῖσθαι·
1460 2652 1598 2722 αύτὴ
1652 2652 1748 2722 μὲν
1799 2647 1892 2706 οὖν

307 2736 586 2795 ἀπώλειαν
627 2740 890 2810 ὑπομενεῖ
938 2740 1207 2814 παντελῆ·
1252 2740 1317 2796 τὸ
1364 2743 1421 2796 δὲ
1463 2744 1678 2797 εἴδωλον
1716 2743 1894 2797 αὐτῶν

2080 740 2248 799 Vens.
2282 743 2465 799 15-15.
2492 773 2547 784 —
2591 763 2610 797 ι
2634 743 2759 800 Haec
2787 745 2919 799 dicit
2945 744 3212 801 Dominus
3239 762 3253 800 :
3288 744 3465 814 Super
3493 744 3587 799 tri-

2004 833 2109 890 bus
2138 835 2437 891 sceleribus
2467 835 2699 891 ﬁliorum
2734 837 3020 891 Ammonis
3050 845 3103 892 et
3140 851 3304 906 super
3351 845 3585 906 quatuor

2003 940 2112 981 non
2173 927 2467 982 aversabor
2509 942 2639 991 eos,
2688 937 2972 997 propterea
3025 927 3173 997 quod
3221 927 3585 982 dissecuerint

2003 1026 2344 1089 praagnantes
2374 1018 2813 1083 Galaaditarum,
2865 1029 2923 1074 ut
2966 1018 3260 1074 dilatarent
3314 1018 3582 1072 terminos

2002 1125 2152 1165 suos.
2185 1111 2252 1165 Et
2276 1111 2606 1165 succendam
2636 1111 2814 1181 ignem
2842 1125 3007 1179 super
3036 1110 3238 1164 muenia
3268 1108 3470 1163 Rabbaa
3491 1146 3505 1169 ,
3528 1115 3582 1162 et

2000 1201 2281 1257 devorabit
2306 1200 2654 1256 fundamenta
2682 1202 2801 1269 ejus
2828 1216 2950 1255 cum
2975 1201 3186 1255 ululatu
3215 1201 3271 1255 in
3300 1200 3387 1255 die
3418 1200 3541 1254 belli
3561 1235 3576 1261 ,

1998 1300 2051 1347 et
2076 1291 2536 1361 conquassabitur
2580 1294 2633 1346 in
2663 1291 2752 1347 die
2781 1292 3273 1346 consummationis
3322 1292 3463 1359 ejus.
3512 1289 3579 1344 Et

1998 1382 2097 1437 ibit
2126 1380 2390 1436 Melchom
2428 1383 2481 1436 in
2512 1382 2879 1452 captivitatem
2898 1422 2912 1446 ,
2946 1382 3259 1438 sacerdotes
3289 1382 3407 1450 ejus
3434 1382 3580 1450 prin-

1997 1474 2253 1543 cipesque
2292 1473 2490 1535 simul,
2524 1473 2656 1527 dicit
2694 1472 2975 1528 Dominus.
3005 1473 3201 1527 iParia
3234 1471 3301 1526 de
3334 1472 3418 1528 his
3448 1487 3578 1541 qum

1995 1581 2101 1635 que
2122 1564 2327 1627 dicens,
2352 1564 2515 1619 irasci
2540 1573 2718 1620 tamen
2748 1564 2996 1634 potissim
3011 1580 3100 1619 um
3128 1563 3236 1617 illis
3261 1563 3425 1629 dicit,
3446 1561 3576 1630 quia

1996 1656 2362 1711 lsraelitarum
2393 1665 2732 1725 prteguantes
2761 1656 3138 1711 dissecuerant
3158 1696 3172 1720 ,
3207 1655 3577 1709 Damasceno-

1998 1762 2116 1800 rum
2146 1746 2402 1801 saavitiem
2435 1746 2627 1800 imitati
2654 1764 2668 1812 ;
2706 1754 2990 1815 sperantes
3018 1746 3229 1801 scilicet
3253 1752 3421 1799 totam
3450 1760 3575 1814 gen-

1996 1845 2102 1892 tem
2146 1837 2371 1907 perdere
2410 1853 2506 1907 per
2552 1840 2652 1892 hoc
2695 1838 2957 1893 adversus
3000 1837 3138 1892 fetas
3190 1838 3412 1891 scelus:
3457 1836 3578 1890 illo-

1995 1944 2115 1982 rum
2146 1929 2368 1999 insuper
2397 1929 2672 2001 regionem
2707 1928 3022 1999 possidere,
3057 1937 3115 1981 ut
3146 1927 3392 1983 latiorem
3424 1928 3573 1982 inco-

1998 2021 2165 2074 latum
2199 2022 2480 2076 haberent.
2515 2021 2618 2076 Sed
2654 2021 3040 2090 superveniet,
3090 2021 3300 2090 inquit,
3348 2020 3418 2074 ob
3458 2020 3573 2074 haec

2001 2108 2172 2164 hostis
2194 2147 2209 2172 ,
2239 2110 2331 2178 Qui
2378 2107 2579 2163 Bebba!
2610 2109 2810 2162 mmnia
2839 2109 3083 2165 destruet
3107 2151 3121 2173 ,
3154 2125 3275 2179 qua:
3304 2119 3420 2163 erat
3448 2111 3571 2163 illo-

1990 2214 2109 2254 rum
2159 2200 2493 2269 metropolis.
2549 2198 2722 2253 Porro
2768 2200 2901 2253 urbe
2946 2215 2974 2252 a
3024 2199 3390 2255 fundamentis
3444 2215 3574 2270 per-

1989 2297 2152 2346 eunte
2172 2333 2187 2356 ,
2214 2297 2476 2360 tantoque
2505 2291 2733 2346 ardente
2756 2290 2897 2345 bello
2918 2333 2931 2357 ,
2957 2291 3325 2346 intolerabiles
3352 2292 3421 2345 ob
3449 2305 3569 2346 eam

1988 2397 2102 2436 rem
2138 2382 2463 2437 extollentur
2504 2383 2824 2453 patientium
2876 2384 3135 2438 ululatus.
3190 2382 3332 2438 Urbs
3385 2383 3572 2452 itaque

1989 2488 2302 2542 supremum
2334 2473 2559 2527 exitium
2587 2474 2934 2543 experietur:
2964 2473 3205 2543 ipsorum
3236 2480 3415 2527 autem
3448 2472 3570 2526 ido-

1989 2564 2133 2623 lum,
2182 2548 2469 2616 Melchom~
2493 2562 2860 2632 appellatum,
2903 2561 3204 2617 abducetur
3243 2560 3449 2630 pariter
3484 2575 3571 2615 ca-

1988 2654 2195 2724 ptivum
2248 2667 2374 2706 cum
2421 2651 2800 2707 sacerdotibus
2846 2651 3061 2706 cunctis
3108 2665 3172 2705 ac
3216 2649 3563 2720 principibus

1994 2742 2199 2814 populi.

303 2830 533 2901 Μελχὸμ
590 2831 737 2886 οὕτω
780 2833 1313 2906 προσαγορευόμενον
1370 2835 1746 2906 ἀπαχθήσεται
1794 2835 2137 2908 αἰχμάλωτον
2202 2835 2422 2888 κάκεῖνο
2470 2833 2567 2888 σὺν
2608 2832 2780 2888 ἅπασι
2819 2834 2933 2898 τοῖς
2982 2848 3044 2886 τε
3103 2830 3442 2904 ἱερατεύουσι
3472 2830 3568 2884 καὶ

302 2921 416 2981 τοῖς
441 2920 675 2991 ἄρχουσι
699 2920 796 2973 τοῦ
826 2921 976 2977 λαοῦ.

962 3015 1120 3068 ΚΕΦ.
1158 3015 1233 3067 B'.

375 3100 531 3174 Στίχ.
566 3108 724 3173 dar.
751 3132 825 3146 —-
858 3122 878 3155 ι
924 3106 1060 3159 Τάδε
1106 3105 1255 3174 λέγει
1308 3106 1544 3178 Κύριος
1591 3107 1713 3161 Ἑπῖ⁴
1755 3109 1874 3172 ταῖς

304 3191 481 3261 τρισὶν
530 3191 811 3257 ἀσεϐείαις
840 3194 1012 3247 Μωάϐ
1042 3195 1138 3249 καὶ
1172 3196 1264 3248 ἐπὶ
1302 3198 1423 3260 ταῖς
1452 3196 1744 3267 τέσσαρσιν
1776 3197 1876 3249 οὐκ

303 3281 803 3351 ἀποστραφήσομαι
848 3281 1041 3348 αὐτὸν,
1081 3282 1198 3336 ἀνθ’
1239 3280 1314 3336 ῶν
1359 3284 1705 3337 κατέκαυσαν
1738 3283 1877 3335 ὀστᾶ

305 3369 571 3439 βασιλέως
618 3371 917 3440 Ἰδουμαίας
956 3374 1036 3436 είς
1076 3374 1280 3428 κονίαν.
1327 3393 1346 3426 ι
1385 3376 1508 3428 Ὀτι
1543 3375 1639 3445 μὲν
1667 3370 1758 3428 οὗν
1789 3372 1876 3427 διὰ

307 3461 532 3516 πάντων
568 3463 678 3516 τῶν
715 3463 915 3518 λοιπῶν
966 3466 1310 3537 παρανομίας
1352 3465 1500 3535 λέγει
1549 3465 1656 3519 τῶν
1686 3463 1873 3529 ἐθνῶν,

302 3551 367 3615 ἃς
410 3552 557 3605 κατά
586 3552 683 3606 τοῦ
727 3553 940 3626 Ἰσραὴλ
972 3556 1413 3627 ἐμηχανήσαντο,
1442 3555 1626 3626 δῆλον·
1674 3556 1734 3608 ού
1771 3553 1875 3624 μὴν

302 3644 421 3698 οὐδὲ
460 3645 702 3699 ἐνταῦθα
734 3645 846 3701 τῶν
894 3648 1267 3717 προκειμένων
1312 3647 1606 3712 ἐναλλάξας
1652 3645 1877 3700 ἀκολου-

303 3736 444 3799 θίαν,
480 3735 503 3806 (
519 3752 573 3805 p.
602 3737 743 3807 153)
774 3737 860 3791 ἐπ’
888 3738 1095 3809 ἐκδικίᾳ
1136 3735 1233 3791 τοῦ
1265 3738 1527 3809 βασιλέως
1577 3737 1878 3807 Ἰδουμαίας

301 3828 533 3897 ἐπάγειν
560 3827 737 3881 ταῦτά
761 3843 952 3900 φησιν’
991 3830 1050 3892 ὃς
1076 3846 1138 3898 γε
1164 3829 1257 3883 καὶ
1301 3828 1615 3901 Ἰδουμαίοις
1633 3829 1700 3882 τά
1719 3829 1879 3899 ὅμοια

300 3920 356 3972 ἐν
395 3920 515 3983 τοῖς
562 3919 857 3989 ἀνωτέροις
910 3920 1217 3990 ἠπειληκὼς
1258 3913 1459 3976 ὦπται.
1520 3920 1657 3974 Ἀλλ’
1690 3921 1877 3991 ἐπειδὴ

301 4006 329 4059 ὀ
353 4006 454 4076 μὲν
487 4006 600 4059 τῶν
644 4007 952 4077 Ἰδουμαίων
986 4008 1237 4078 βασιλεὺς
1261 4010 1534 4082 ἠϐουλήθη
1575 4012 1704 4064 ποτέ
1735 4011 1872 4080 πρὸς

301 4097 527 4168 εἰρήνην
559 4096 654 4149 καὶ
708 4098 889 4166 φιλίαν
926 4099 1112 4154 νεῦσαι
1160 4100 1270 4154 τῶν
1310 4101 1693 4173 Ἰσραηλιτῶν,
1746 4104 1882 4170 ἀγα-

301 4188 677 4258 νακτήσαντες
713 4188 770 4243 δὲ
815 4189 908 4244 ἐπὶ
940 4190 1150 4255 τούτοις
1181 4191 1232 4247 oi
1274 4192 1563 4247 Μωαϐῖται
1610 4194 1878 4264 ἐπεστρά-

300 4279 501 4333 τευσάν
525 4297 587 4332 τε
614 4280 755 4333 κατά
779 4281 879 4353 τῆς
918 4282 1223 4354 Ἰδουμαίας
1248 4282 1511 4357 ἀπεχθείᾳ
1528 4284 1635 4337 τῶν
1674 4286 1882 4355 Ἰσραηο

2636 3008 2790 3065 CAP.
2832 3008 2899 3064 Il.

2046 3103 2199 3173 101
2220 3098 2388 3155 Vsus.
2405 3100 2522 3155 1-5.
2539 3128 2611 3143 -—
2630 3119 2650 3153 ι
2670 3100 2795 3156 Haec
2817 3102 2949 3155 dicit
2973 3101 3262 3157 Dominus:
3280 3102 3454 3170 Super
3472 3100 3566 3154 tri-

1975 3195 2077 3250 bus
2090 3193 2385 3250 sceleribus
2417 3191 2573 3245 Moab
2601 3198 2655 3247 et
2681 3207 2845 3261 super
2874 3202 3109 3262 quatuor
3137 3208 3244 3246 non
3276 3191 3567 3247 aversabor

1975 3299 2199 3350 eum,eo
2214 3283 2355 3354 quod
2373 3282 2731 3337 combusserit
2747 3296 2871 3337 ossa
2889 3283 3028 3353 regis
3046 3281 3288 3336 Idumaeas.
3307 3298 3474 3351 usque
3496 3283 3563 3334 ad

1976 3376 2236 3430 cinerem.
2264 3393 2283 3426 ι
2333 3372 2490 3440 Quod
2519 3372 2572 3425 in
2608 3373 2831 3443 reliquis
2858 3373 3069 3427 cunctis
3095 3371 3239 3428 dicat
3282 3374 3561 3425 nationum

1976 3466 2313 3535 iniquitates,
2356 3477 2494 3533 quas
2542 3470 2731 3517 contra
2768 3463 3021 3518 lsraelem
3052 3463 3255 3515 molitae
3291 3471 3438 3521 sunt,
3468 3475 3563 3515 ex-

1983 3555 2257 3623 ploratum
2292 3560 2399 3609 est.
2440 3551 2506 3605 Et
2530 3552 2748 3622 quidem
2785 3551 2887 3605 boc
2926 3552 3054 3606 item
3088 3552 3208 3606 loco
3248 3551 3392 3603 haud
3432 3565 3559 3602 mu-

1983 3652 2096 3699 tato
2122 3645 2394 3699 sermonis
2418 3651 2630 3707 tenore,
2655 3646 2725 3700 ob
2754 3643 3144 3699 vindicandum
3183 3641 3435 3695 Idumam
3460 3656 3553 3696 re-

1979 3750 2099 3807 gem
2124 3734 2239 3788 haec
2271 3748 2329 3787 se
2362 3732 2660 3804 adjungere
2688 3734 2799 3800 ait;
2829 3748 2952 3788 cum
2986 3739 3168 3787 tamen
3202 3733 3255 3785 in
3293 3730 3548 3801 superioo

1978 3826 2135 3881 ribus
2190 3825 2343 3895 paria
2389 3825 2777 3881 interminatus
2821 3823 3073 3881 ldumaeis
3115 3824 3384 3894 videatur.
3442 3820 3553 3877 Sed

1979 3918 2111 3988 quia
2141 3932 2236 3972 rex
2260 3916 2508 3973 Idumam
2558 3916 2848 3985 aliquando
2908 3915 3076 3971 voluit
3118 3930 3307 3986 pacem
3359 3912 3552 3967 amici-

1983 4009 2224 4079 tiamque
2256 4023 2380 4063 cum
2417 4008 2678 4063 lsraelitis
2712 4022 3060 4078 componere,
3104 4006 3372 4075 indignati
3403 4007 3474 4060 ob
3500 4003 3556 4058 id

1982 4099 2233 4154 Moabitae
2262 4100 2406 4154 bello
2436 4099 2826 4169 appetiverunt
2876 4097 3165 4152 ldumaeam
3197 4097 3323 4151 odio
3376 4096 3558 4151 lsrae-

1982 4190 2201 4244 litarum
2238 4208 2251 4243 :
2283 4198 2337 4245 et
2383 4204 2509 4245 cum
2551 4190 2794 4244 victores
2846 4188 3205 4253 exstitissent,
3240 4202 3338 4241 ceu
3381 4186 3557 4240 victo-

1982 4282 2117 4336 riale
2141 4280 2412 4352 quoddam
2449 4279 2780 4335 sacriﬁcium
2802 4278 2963 4333 idolis
2987 4278 3106 4333 suis
3135 4277 3280 4346 regis
3306 4275 3557 4330 ldumaeae

300 4367 485 4430 λιτῶν,
534 4369 632 4422 καὶ
658 4370 1001 4442 νενικηκότες
1036 4372 1224 4443 ὥσπερ
1250 4374 1373 4427 τινὰ
1394 4374 1582 4429 θυσίαν
1608 4375 1872 4429 ἐπινίκιον

1991 4372 2293 4427 ὼιιιὶθνυηῑ
2326 4372 2731 4433 mactationem,
2755 4369 2864 4424 imo
2892 4370 3067 4438 ipsum
3092 4375 3145 4421 et
3170 4368 3553 4422 holocaustum

301 4462 411 4522 τοῖς
456 4459 701 4523 εἰδώλοις
735 4463 851 4525 τοῖς
884 4462 1102 4527 οἰκείοις
1132 4463 1227 4518 τοῦ
1268 4463 1528 4535 βασιλέως
1555 4465 1656 4536 τῆς
1717 4467 1877 4520 Ἰδου-

305 4550 473 4618 μαίας
501 4553 855 4622 προσήγαγον
895 4551 997 4622 τὴν
1045 4554 1288 4626 σφαγὴν,
1320 4554 1400 4608 ἐτι
1440 4556 1531 4608 καὶ
1579 4555 1879 4610 ὁλοκαυτώ-

305 4653 499 4700 σαντες
546 4639 711 4692 αὐτὸν
769 4640 863 4693 ἐπὶ
908 4641 975 4711 τῇ
1024 4640 1203 4714 θυσίᾳ.
1258 4643 1425 4697 Τοῦτο
1470 4640 1562 4699 οὖν
1616 4645 1763 4714 λέγει
1792 4645 1874 4711 τὸ,

308 4744 327 4779 ι
372 4728 738 4783 Κατέκαυσαν
777 4730 911 4783 ὀστᾶ
963 4728 1225 4799 βασιλέως
1285 4735 1586 4806 Ἰδουμαίας
1651 4739 1730 4800 εἰς
1787 4754 1879 4792 κο-

304 4819 442 4880 νίαν,
475 4837 496 4870 ι
533 4818 637 4887 τὴν
680 4822 1045 4893 προσαγωγὴν
1088 4822 1262 4891 λέγων
1289 4825 1383 4878 καὶ
1416 4826 1515 4896 τὴν
1549 4828 1762 4899 σφαγὴν
1791 4828 1876 4897 ἐφ’

307 4901 448 4978 ᾗπερ
489 4906 684 4978 ὥσπερ
712 4907 1126 4975 όλοκαυτοῦντες
1168 4912 1329 4966 αὐτὸν
1356 4914 1434 4976 είς
1480 4914 1662 4968 κονίαν
1711 4917 1874 4971 αὐτοῦ

308 4996 375 5048 τὰ
413 4997 549 5049 ὀστᾶ
593 4996 1065 5069 μεταϐεϐλήκασιν
1090 5015 1106 5030 ’
1142 5001 1451 5071 ὀργίζεσθαι
1487 5003 1586 5073 μὲν
1616 5001 1709 5059 οὗν
1738 5006 1878 5059 κατά

309 5087 411 5139 τῶν
428 5086 739 5140 Μωαϐιτῶν
761 5087 928 5157 λέγει,
958 5091 1097 5161 ὑπὲρ
1118 5091 1217 5161 τῆς
1234 5093 1409 5156 αἰτίας
1434 5094 1501 5147 δι’
1522 5095 1589 5166 ἢν
1611 5096 1878 5169 ἀπεχθείᾳ

311 5176 372 5243 τῇ
426 5175 565 5245 πρὸς
618 5176 745 5239 τοὺς
816 5179 1153 5250 Ἰσραηλίτας
1210 5180 1478 5254 τοσαύτην
1537 5185 1878 5249 ἐπεδείξαντο

312 5264 449 5317 κατά
470 5265 567 5319 τοῦ
596 5266 858 5336 βασιλέως
887 5270 987 5340 τῆς
1028 5272 1326 5341 Ἰδουμαίας
1353 5273 1451 5345 τήν
1478 5275 1667 5347 ὀργήν.
1704 5277 1876 5349 ’Υπὲρ

312 5354 593 5411 δέτούτων
638 5358 693 5411 τί
708 5376 724 5424 ;
775 5378 795 5411 ι
840 5360 1214 5425 Ἑξαποστελῶ
1262 5362 1371 5435 πῦρ
1399 5366 1491 5419 ἐπὶ
1542 5368 1735 5435 Μωὰϐ,
1783 5369 1877 5422 καὶ⁵

316 5449 684 5518 καταφάγεται
713 5451 936 5523 θεμέλια
959 5455 1069 5508 τῶν
1104 5454 1310 5510 πόλεων
1342 5457 1504 5510 αὐτοῦ
1524 5474 1537 5489 ·
1567 5460 1660 5513 καὶ
1684 5460 1877 5514 ἐναποο

316 5535 550 5591 θανεῖται
593 5540 654 5592 ἐν
694 5540 962 5615 ἀδυναμία
990 5543 1164 5598 Μωάϐ
1205 5545 1340 5615 μετά
1385 5545 1570 5615 φωνῆς
1607 5547 1700 5600 καὶ
1740 5548 1877 5618 μετά

318 5628 551 5698 κραυγῆς
597 5630 892 5701 σάλπιγγος
912 5650 925 5662 ·
957 5634 1048 5687 καὶ
1077 5633 1441 5702 ἐξολοθρεύσω
1471 5636 1662 5707 κριτάς
1702 5638 1760 5700 ἐξ
1788 5638 1877 5693 αύ-

1986 4464 2039 4518 in
2072 4477 2168 4516 ara
2201 4462 2467 4517 fecerunt.
2506 4461 2563 4515 ld
2613 4463 2757 4517 enim
2800 4463 2983 4516 valent
3028 4460 3216 4526 verba,
3247 4471 3266 4505 ι
3292 4458 3559 4515 Comhus-

1984 4559 2322 4621 seruntpssa
2357 4551 2750 4621 regisldumem
2770 4566 2944 4621 usque
2964 4548 3032 4604 ad
3068 4550 3304 4605 cinerem
3330 4567 3377 4611 ,ι
3395 4548 3552 4602 obla-

1984 4643 2187 4698 tionem
2229 4642 2417 4697 dicens
2444 4649 2501 4696 et
2533 4643 2761 4706 caedem,
2807 4642 2995 4711 inqua
3030 4642 3208 4711 ipsum
3247 4637 3553 4693 holocausti

1983 4736 2091 4791 ritu
2123 4744 2451 4801 cremantes,
2499 4750 2626 4791 ossa
2647 4735 2767 4804 ejus
2804 4735 2859 4789 in
2907 4734 3146 4789 cinerem
3200 4730 3550 4798 redegerunt.

1982 4828 2072 4883 Ait
2116 4842 2248 4898 ergo
2290 4826 2454 4891 Deus,
2511 4825 2781 4896 indignari
2833 4842 2890 4881 se
2936 4824 3207 4887 Moabitis,
3251 4823 3380 4891 quia
3423 4820 3554 4875 odio

1983 4913 2369 4979 lsraelitarum,
2408 4918 2616 4965 tantam
2646 4911 2911 4967 adversus
2944 4910 3187 4964 Idumam
3210 4923 3389 4977 regem
3413 4907 3548 4960 iram

1981 5008 2369 5059 exseruerunt.
2410 4999 2549 5065 Quid
2595 4999 2721 5055 inde
2754 5000 2953 5070 porro?
2987 5018 3004 5050 ι
3029 4998 3320 5051 lmmittam
3369 4997 3548 5067 ignem

1984 5094 2039 5147 in
2074 5090 2255 5154 Moab,
2306 5098 2361 5146 et
2403 5089 2690 5145 devorabit
2743 5090 3096 5144 fundamenta
3143 5088 3363 5141 urbium
3404 5087 3547 5156 ejus.

1982 5183 2049 5237 Et
2076 5182 2341 5238 morietur
2386 5181 2441 5235 in
2475 5181 2675 5236 virium
2707 5180 3025 5235 inﬁrmitate
3071 5178 3229 5233 Moab
3273 5194 3397 5233 cum
3435 5181 3551 5232 cla~

1982 5286 2133 5327 more
2156 5280 2211 5327 et
2246 5272 2504 5341 clangore
2557 5270 2720 5327 tubae.
2749 5269 2813 5323 Et
2870 5268 3185 5337 disperdam
3215 5268 3432 5337 judices
3481 5268 3551 5322 ab

1981 5377 2066 5428 eo,
2110 5362 2466 5433 ejusdemque
2502 5360 2779 5431 principes
2820 5372 3011 5414 omnes
3059 5359 3386 5414 interﬁciam
3422 5373 3547 5413 cum

1982 5456 2119 5523 ipso,
2176 5454 2311 5509 dicit
2364 5454 2700 5508 Dominus.)
2767 5452 3097 5508 Adventabit
3130 5455 3296 5515 enim,
3350 5452 3545 5521 inquit,

1981 5545 2156 5601 hostis
2213 5554 2442 5602 cunctas
2496 5559 2687 5599 eorum
2732 5544 2983 5599 civitates
3027 5551 3371 5610 vastaturus;
3412 5542 3550 5600 adeo

1982 5646 2041 5695 ut
2073 5639 2142 5695 ad
2175 5650 2472 5696 extremam
2503 5636 2710 5693 redacti
2744 5637 3045 5705 miseriam,
3101 5652 3277 5709 neque
3315 5637 3549 5695 ferendae
