3976 6226
446 260 551 314 255
1596 263 1945 319 TllEODORl
1981 265 2458 323 MOPSUESTENI
3588 273 3694 329 9.56

456 375 817 445 magnitudini
868 376 1199 431 inﬂictorum
1243 378 1511 431 malorum
1545 395 1727 449 pares,
1750 396 1873 436 cum
1908 383 2020 437 cla-

2146 385 2238 449 τοῦ,
2258 388 2350 439 καὶ
2371 387 2577 449 πάντας
2597 388 2860 457 ἄρχοντας
2881 385 3044 439 αὐτοῦ
3068 386 3349 441 ἀποκτενῶ
3365 384 3481 458 μετ’
3504 385 3693 452 αὺτοῦ,

454 482 605 519 more
636 483 833 539 magno
863 470 1005 545 inter
1051 469 1371 523 bellicarum
1420 470 1671 524 tubarum
1711 472 2019 542 clangorem

2146 476 2271 543 ιέγει
2298 475 2513 547 Κύριος.
2543 496 2560 528 ι
2595 476 2970 530 Ἐπελεύσεται
2999 477 3125 548 γὰρ,
3151 478 3332 549 φησὶν,
3361 480 3389 531 ὁ
3417 477 3693 547 πολέμιος,

453 567 685 612 mortem
721 559 1012 627 appetituri
1035 559 1164 614 sint.
1199 560 1375 629 Atque
1389 568 1446 613 ut
1475 563 1791 616 summatim
1814 564 2014 627 dicam,

2146 567 2308 630 πάσας
2335 567 2511 621 αὐτῶν
2536 568 2807 636 ἀφανίζων
2849 568 2947 632 τὰς
2977 569 3158 632 πόλεις
3178 586 3192 600 ο
3218 571 3307 638 (p.
3335 568 3436 622 154
3459 569 3475 636 )
3503 568 3577 630 ώς
3616 568 3697 629 είς

453 654 668 702 tantum
705 652 807 704 erit
840 651 1057 704 illorum
1090 651 1335 716 exilium,
1361 653 1516 721 102
1543 660 1600 707 ut
1630 670 1807 723 neque
1849 655 2020 724 judex

2146 658 2360 727 εσχάτην
2376 657 2631 727 κατενεχθ
2640 656 2792 720 έντας
2807 657 3107 722 ἀσθένειαν,
3132 659 3225 712 καὶ
3246 660 3378 730 μηδὲ
3395 656 3699 730 ἀρκοῦντας

460 754 650 793 eorum
705 742 902 810 aliquis
960 758 1136 811 neque
1180 743 1436 813 princeps
1485 744 1871 813 superfuturus
1924 747 2018 813 sit,

2146 748 2268 817 πρὸς
2292 747 2351 800 τὸ
2376 747 2605 817 μέγεθος
2626 748 2730 800 τῶν
2750 750 3103 818 ἐπαγομένων
3125 750 3306 812 αὐτοῖς
3324 748 3529 813 κακῶν,
3560 746 3697 816 μετά

457 832 672 885 eunetis
707 831 893 886 eodem
932 841 1176 901 tempore
1210 833 1488 887 occisione
1516 832 1731 887 deletis.

2146 838 2390 906 ιεγίστης
2438 838 2581 901 τινὸς
2614 838 2796 908 φωνῆς
2822 855 2879 890 τε
2922 839 3016 890 καὶ
3046 843 3294 909 κραυγῆς
3319 839 3428 891 τῶν
3472 838 3699 907 πολεμι-

458 922 570 975 κῶν
594 922 904 992 σαλπίγγων
931 924 1156 977 θάνατον
1189 925 1473 995 ὑπομεῖναι
1495 943 1508 957 ·
1551 928 1828 997 συντόμως
1853 946 1909 981 τε
1940 930 2130 996 εἰπεῖν,
2158 930 2407 994 τοσοῦτος
2431 931 2647 1002 ὄλεθρος
2680 931 2857 986 αὐτῶν
2888 932 3058 997 ἔσται,
3098 935 3172 997 ὡς
3205 934 3277 1004 μὴ
3305 932 3494 1003 κριτὴν
3523 932 3699 985 αὐτῶν

460 1016 593 1087 μηδέ
616 1017 847 1086 ἄρχοντα
870 1017 1275 1087 περιλειφθῆναι
1304 1019 1522 1089 μηδένα,
1555 1022 1767 1074 πάντων
1793 1022 1969 1075 αὐτῶν
1992 1024 2341 1079 ἀπολωλότων
2369 1024 2641 1091 καθάπαξ.
2860 1015 2874 1028 ’

532 1104 699 1159 Vens.
744 1109 797 1167 4.
833 1107 885 1159 5.
909 1137 979 1149 —
1020 1107 1111 1162 Sic
1142 1117 1319 1163 autem
1351 1112 1587 1165 narratis
1615 1126 1733 1179 qua":
1785 1111 2032 1167 ﬁnitimis

2205 1114 2351 1184 Στίχ.
2385 1114 2512 1179 δ’,ε’.
2550 1146 2620 1155 -
2650 1114 2804 1167 Οὕτω
2847 1114 2901 1167 δέ
2929 1114 2996 1167 τὰ
3023 1115 3133 1176 τοῖς
3160 1112 3455 1183 περιοίκοις
3489 1110 3700 1181 συμϐη-

461 1206 722 1251 eventura
772 1206 928 1252 erant
946 1199 1016 1252 ob
1048 1200 1289 1267 ipsorum
1335 1202 1598 1257 adversus
1620 1202 1894 1259 lsraelitas
1925 1204 2032 1258 ini-

2146 1208 2337 1279 τόμενα
2381 1208 2521 1278 ὑπὲρ
2565 1208 2662 1278 τῆς
2694 1208 2773 1271 εἰς
2816 1208 2943 1269 τοὺς
2983 1205 3316 1277 Ἰσραηλίτας
3361 1203 3701 1274 παρανομίας

461 1285 747 1353 quitatem.
790 1290 1061 1341 convertit
1099 1304 1299 1343 scmox
1336 1294 1600 1362 propheta
1634 1294 1697 1347 ad
1722 1309 1807 1349 res
1832 1295 2031 1363 populo

2146 1296 2367 1369 εἰρηκὼς
2393 1299 2421 1349 ὁ
2454 1298 2756 1367 προφήτης,
2786 1296 3043 1367 τρέπεται
3075 1296 3256 1349 λοιπὸν
3282 1294 3371 1346 ἐπὶ
3396 1293 3462 1345 τὰ
3482 1293 3560 1363 τῷ
3586 1291 3702 1362 λαῷ

463 1392 679 1445 quoque
730 1392 830 1432 suo
886 1390 1215 1446 eventuras;
1251 1381 1641 1438 demonstrans
1690 1386 1837 1454 quod
1887 1386 2031 1440 sicut

2146 1387 2549 1459 ςυμϐησόμενα,
2604 1387 2814 1450 δεικνὺς
2856 1387 2934 1439 ὅτι
2977 1386 3174 1439 ἐκεῖνοί
3217 1402 3276 1438 τε
3309 1384 3447 1453 ὑπὲρ
3478 1383 3581 1452 τῆς
3621 1383 3702 1445 είς

464 1469 542 1523 illi
573 1470 828 1538 puniendi
877 1480 1034 1525 erant
1062 1472 1131 1526 ob
1172 1488 1325 1526 suam
1356 1482 1547 1527 contra
1580 1476 1838 1545 populum
1867 1491 2031 1545 pecu-

2146 1478 2358 1541 τούτους
2382 1478 2593 1542 ἀδικίας
2620 1477 2849 1548 ἤμελλον
2877 1475 3252 1547 τιμωρεῖσθαι,
3279 1475 3354 1537 ὡς
3380 1473 3446 1527 ἂν
3468 1476 3547 1537 είς
3569 1473 3704 1526 Θεὸν

464 1559 675 1615 liaritcr
708 1560 817 1615 Deo
856 1562 1129 1616 addictum
1177 1564 1550 1633 iniquitatem;
1608 1567 1679 1619 ita
1734 1569 1897 1621 etiam
1935 1584 2032 1638 po-

2146 1562 2287 1639 ᾧπερ
2326 1570 2621 1639 προσήκειν
2662 1569 2858 1631 αὐτοὺς
2906 1566 3183 1620 συνέϐαινε
3244 1566 3399 1619 τοῦτο
3447 1564 3706 1635 πλημμε-

466 1651 628 1720 pulus
660 1667 874 1721 poenam
907 1669 1014 1706 non
1063 1652 1281 1723 eﬂ'ugiet
1313 1655 1510 1723 ingrati
1562 1657 1647 1710 sui
1695 1672 1821 1726 erga
1866 1656 2032 1712 Deum

2146 1659 2348 1721 λοῦντες
2377 1658 2453 1728 τῷ
2484 1658 2699 1729 τρόπῳ’
2730 1652 2875 1711 οὗτοί
2906 1676 2963 1712 τε
2997 1659 3055 1711 οὐ
3092 1656 3464 1727 διαφεύξονται
3494 1658 3593 1728 τὴν
3624 1675 3706 1709 τιο

468 1742 658 1795 animi.
692 1742 937 1796 Meminit
960 1758 1089 1797 vero
1137 1744 1189 1797 in
1220 1745 1411 1813 primis
1445 1746 1622 1801 tribus
1655 1745 1827 1812 Judze,
1873 1764 2033 1817 quam

2146 1752 2347 1823 μωρίαν
2393 1750 2703 1823 ἀγνώμονες
2755 1752 2884 1822 περὶ
2927 1750 3057 1804 Θεὸν
3088 1751 3397 1820 γεγονότες·
3432 1750 3708 1821 μέμνηται
3762 1738 3773 1747 ’

470 1834 740 1903 praecipue
796 1849 957 1902 poma
1012 1836 1230 1905 dignam
1296 1844 1503 1901 censet,
1557 1847 1842 1908 propterea
1892 1843 2035 1911 quod

2146 1842 2319 1913 μέντοι
2367 1843 2627 1913 πρότερον
2660 1843 2757 1913 τῆς
2808 1840 2900 1894 τοῦ
2947 1839 3113 1895 Ἰούδα
3145 1840 3318 1909 φυλῆς
3355 1841 3430 1902 ὼς
3482 1839 3550 1891 ἂν
3603 1840 3709 1909 μά-

470 1928 619 1980 circa
653 1926 744 1980 Dei
800 1928 1055 1997 templum
1102 1928 1383 1993 habitans,
1426 1930 1596 1984 nihilo
1623 1939 1802 1986 tamen
1857 1936 2037 1990 minus

471 2015 775 2084 irreligiosa
804 2026 941 2071 erat.
976 2016 1067 2071 Sic
1094 2026 1273 2072 autem
1319 2019 1465 2074 fatur
1500 2039 1513 2074 :
1551 2039 1569 2072 ι
1596 2020 1718 2076 Haec
1766 2024 1899 2078 dicit
1935 2024 2037 2079 Do-

472 2105 657 2159 minus
693 2123 705 2157 :
744 2103 919 2175 Super
970 2107 1149 2162 tribus
1203 2110 1502 2166 sceleribus
1536 2111 1768 2166 ﬁliorum
1806 2114 1956 2170 Judaa
1984 2125 2038 2171 et

473 2212 638 2265 super
673 2205 903 2265 quatuor
936 2214 1041 2251 nun
1075 2201 1369 2254 aversabor
1396 2216 1513 2256 eos.
1545 2222 1562 2252 ι
1599 2202 1899 2260 Peccantes
1940 2206 2038 2262 hos

474 2303 848 2355 saepenumero
880 2288 1059 2342 odisse
1093 2305 1152 2345 se
1186 2289 1341 2354 dicit,
1369 2292 1496 2360 quia
1530 2293 1583 2346 in
1632 2294 1909 2362 impietate
1941 2312 2039 2351 sua

474 2386 916 2447 perseverarunt.
965 2378 1081 2431 Mox
1141 2380 1302 2433 etiam
1354 2395 1528 2450 pteuaa
1586 2397 1807 2438 causam
1856 2385 2037 2440 dicit:

480 2490 499 2523 ι
524 2472 817 2542 Propterea
850 2473 993 2543 quod
1030 2474 1333 2542 abjceerint
1365 2476 1535 2545 legem
1574 2476 1784 2532 Domini
1812 2488 1865 2533 et
1889 2494 2041 2534 man-

474 2564 600 2619 data
619 2564 739 2634 ejus
762 2581 869 2619 non
897 2565 1314 2621 custodiverint.
1337 2568 1400 2619 Et
1430 2566 1765 2635 deeeperunt
1790 2584 1884 2624 eos
1900 2585 2039 2623 vana

478 2657 664 2726 (idola)
697 2673 793 2711 sua
826 2673 945 2727 quae
966 2658 1235 2723 fecerant,
1267 2666 1391 2726 post
1422 2674 1543 2728 qua:
1576 2659 1826 2714 abierant
1858 2669 2041 2730 patres

476 2764 689 2803 eorum.
720 2768 738 2798 ι
766 2749 1002 2818 Namque
1018 2760 1069 2803 et
1093 2749 1144 2802 hi
1164 2750 1365 2803 nullam
1396 2750 1773 2805 mandatorum
1797 2768 2040 2806 meorum

478 2838 741 2890 rationem
791 2838 987 2891 habere
1020 2840 1331 2904 voluerunt,
1372 2849 1425 2892 et
1453 2839 1721 2893 idolorum
1773 2841 1943 2895 cultui
1984 2856 2041 2895 se

2136 1934 2293 1986 λιστα
2347 1933 2613 2005 τιμωρίας
2667 1932 2866 1997 ἀξιῶν,
2935 1932 3076 2003 ὑπὲρ
3129 1926 3204 1986 ὧν
3266 1931 3392 2001 περὶ
3439 1929 3529 1983 τὸν
3575 1930 3709 1985 ναὸν

2136 2023 2491 2093 τυγχάνοντες
2523 2022 2613 2077 τὸν
2640 2023 2800 2085 θεῖον,
2841 2021 3055 2085 οὐθενὸς
3085 2017 3245 2094 ἦττον
3273 2020 3522 2090 ἠσέϐουψ
3557 2019 3709 2087 λέγει

2137 2112 2193 2164 δὲ
2239 2112 2434 2174 οὕτως·
2479 2132 2495 2163 ι
2535 2112 2671 2166 Τάδε
2717 2111 2864 2180 λέγει
2914 2110 3136 2182 Κύριος·
3203 2110 3326 2162 Ἐπὶ
3356 2111 3477 2171 ταῖς
3529 2109 3709 2179 τρισὶν

2139 2202 2412 2266 ἀσεϐείαις
2453 2201 2583 2255 υἱῶν
2637 2202 2806 2255 Ἰούδα
2853 2203 2945 2254 καὶ
2989 2201 3082 2253 ἐπὶ
3124 2202 3244 2264 ταῖς
3268 2200 3561 2269 τέσσαρσιν
3608 2199 3711 2251 ούκ

2138 2295 2633 2365 ἀποστραφήσομαι
2664 2293 2879 2355 αὐτούς.
2917 2313 2935 2344 ι
2978 2292 3342 2361 Ἦσεϐηκότας
3374 2291 3467 2344 καὶ
3488 2289 3714 2352 τούτους

2142 2384 2402 2447 πολλάκις
2434 2387 2607 2455 μισεῖν
2632 2384 2825 2452 λέγων,
2854 2384 3145 2455 ἐπειδήπερ
3171 2382 3609 2453 ἐπιμεμενήκασι
3638 2384 3708 2452 τῇ

2140 2474 2347 2528 ἑαυτῶν
2389 2473 2613 2544 ἀσεϐείᾳ
2633 2489 2647 2503 ⁸
2680 2469 2796 2525 εἶτα
2846 2474 2935 2527 καὶ
2960 2472 3058 2543 τὴν
3086 2472 3262 2526 αἰτίαν
3294 2471 3467 2540 λέγων
3501 2472 3599 2541 τῆς
3629 2487 3715 2523 τι·

2144 2564 2350 2635 μωρίας
2371 2605 2385 2628 ,
2427 2583 2444 2615 ι
2483 2566 2706 2617 Ἕνεκεν
2733 2563 2827 2617 τοῦ
2857 2562 3175 2637 ἀπώσασθαι
3206 2563 3399 2625 αὐτοὺς
3429 2562 3519 2615 τὸν
3546 2562 3714 2632 νόμον

2141 2657 2343 2727 Κυρίου
2367 2695 2381 2718 ,
2436 2653 2520 2727 (p.
2554 2655 2696 2727 155)
2728 2657 2819 2709 καὶ
2860 2656 2925 2708 τὰ
2970 2655 3365 2725 προστάγματα
3401 2652 3565 2707 αὐτοῦ
3610 2653 3716 2707 οὐκ

2140 2745 2505 2813 ἐφυλάξαντο·
2547 2746 2642 2799 καὶ
2679 2745 2977 2815 ἐπλάνησεν
3011 2744 3233 2809 ἑαυτοὺς
3268 2745 3337 2799 τὰ
3370 2746 3570 2815 μάταια
3614 2744 3714 2797 αὑο

2139 2834 2246 2886 τῶν
2278 2834 2312 2887 ἀ
2358 2834 2646 2905 ἐποίησαν,
2698 2829 2780 2897 οἷς
2806 2832 3235 2904 ἐξηκολούθησαν
3269 2835 3317 2886 οί
3354 2833 3587 2904 πατέρες
3610 2834 3717 2886 αὺ-

480 2926 829 2989 addixcrunt,
881 2936 1250 2982 consentanea
1299 2929 1548 2998 patribus
1587 2931 1704 2984 suis
1753 2930 2034 2986 facientes.

2146 2926 2248 2979 τῶν
2293 2926 2466 2979 ὀπίσω
2517 2924 2714 2981 αὐτῶν.
2759 2945 2778 2978 ι
2834 2926 2942 2979 Καὶ
2987 2925 3095 2996 γὰρ
3152 2926 3244 2978 καὶ
3274 2917 3419 2978 οὗτοι
3464 2926 3573 2978 τῶν
3614 2925 3714 2995 μὲν

480 3018 616 3083 Quid
648 3019 813 3087 ergo?
838 3038 854 3068 ι
880 3019 1166 3072 Immittam
1198 3020 1373 3089 ignem
1410 3021 1461 3073 in
1499 3019 1714 3084 Judam,
1746 3030 1798 3075 et
1856 3020 2047 3078 llieru-

486 3113 649 3164 salem
700 3107 1049 3163 fundamenta
1099 3109 1659 3173 vorabit.»Perdam,
1705 3112 1899 3181 inquit,
1952 3114 2048 3166 lm-

484 3203 646 3255 stiuzn
683 3215 844 3253 manu
873 3209 1100 3253 cunctos
1121 3200 1273 3268 regni
1297 3200 1442 3256 illius
1460 3201 1689 3264 cives,et
1713 3201 2046 3258 Hierusalem

482 3302 605 3339 cum
693 3287 845 3355 ipsis.
914 3286 1265 3358 Exploratum
1317 3300 1401 3345 cst
1454 3292 1775 3360 prophetam
1822 3293 1936 3346 lure
1981 3292 2048 3347 de

482 3376 797 3447 Babyloniis
839 3378 1040 3443 dicere,
1087 3380 1177 3447 qui
1216 3377 1552 3434 Hierusalem
1601 3381 1845 3435 demoliti
1898 3388 2045 3446 sunt,

480 3468 710 3523 etJudae
748 3469 945 3523 tribum
991 3472 1259 3538 captivam
1318 3472 1737 3526 transtulerunt.
1778 3470 2046 3526 Czetcrum

482 3563 535 3616 in
567 3564 941 3631 sequentibus,
979 3563 1045 3616 dc
1098 3564 1330 3627 lsraelis,
1364 3565 1417 3617 id
1459 3573 1541 3617 est
1574 3564 1758 3618 decem
1808 3566 2047 3619 tribuum

482 3656 640 3710 malis
675 3657 924 3725 loquens,
966 3656 1222 3727 Assyrios
1276 3664 1334 3710 ut
1371 3672 1465 3726 par
1511 3665 1593 3710 est
1652 3657 1915 3722 nominat,
1958 3658 2047 3725 qui

484 3747 663 3801 tribus
697 3749 818 3802 illas
846 3749 1187 3803 abduxerunt
1234 3750 1498 3819 captivas.
1549 3748 1911 3815 Quamobrem
1958 3763 2050 3818 ap-

485 3845 640 3907 paret
669 3853 831 3889 unam
847 3840 1012 3892 veluti
1034 3840 1340 3894 existimari
1369 3855 1397 3893 a
1430 3841 1690 3910 prOpheta
1731 3840 1913 3910 populi
1962 3856 2052 3895 ea-

482 3929 783 3999 ptivitatem
836 3931 904 3984 ab
956 3931 1197 4001 Assyriis
1251 3946 1314 3985 ac
1355 3931 1664 4001 Babyloniis
1719 3943 1991 4000 peractam
2036 3951 2048 3986 :

483 4033 796 4088 quanquam
844 4034 1034 4088 reapse
1077 4020 1166 4073 alii
1203 4020 1352 4074 fuere
1387 4022 1479 4090 qui
1522 4021 1705 4075 decem
1752 4023 1926 4077 tribus
1966 4038 2053 4077 ce-

484 4121 702 4180 perunt,
766 4111 920 4181 103
968 4111 1179 4182 Assyrii
1227 4113 1478 4168 scilicet:
1513 4112 1791 4181 Babylonii
1845 4121 2047 4177 autem,

486 4198 577 4268 qui
620 4197 773 4253 Iudae
806 4200 1006 4253 tribum
1065 4201 1411 4255 abstulerunt
1438 4219 1452 4255 :
1478 4210 1531 4255 et
1573 4201 1793 4271 quidem
1836 4210 2050 4272 tempus

486 4291 703 4359 aliquod
736 4291 1044 4345 intercessit
1072 4312 1084 4343 :
1116 4294 1195 4345 sic
1230 4302 1412 4346 tamen
1443 4293 1682 4346 universi
1716 4295 2049 4363 populicon-

484 4382 608 4450 tigit
649 4382 905 4450 compleri
955 4383 1346 4452 captivitatem,
1389 4392 1623 4453 ereptam
1657 4400 1686 4438 a
1717 4384 1900 4439 decem
1950 4388 2050 4439 tri-

485 4474 687 4535 bubus,
716 4482 769 4526 et
799 4475 852 4526 in
889 4473 1041 4528 Judzc
1072 4475 1217 4526 tribu
1252 4474 1580 4527 absolutam.
1624 4475 1807 4539 Quare
1838 4482 1892 4528 et
1924 4492 2051 4545 pro-

487 4567 659 4638 phetae
688 4576 977 4621 eventuras
1035 4566 1233 4636 populo
1295 4580 1380 4621 res
1422 4565 1832 4629 denuntiantes,
1891 4566 2053 4620 modo

2148 3018 2325 3087 νόμων
2386 3018 2478 3071 καὶ
2516 3018 2622 3071 τῶν
2677 3017 3109 3089 προσταγμάτων
3161 3016 3268 3071 τῶν
3324 3016 3473 3088 ἐμῶν
3519 3016 3718 3070 οὐθένα

2146 3109 2300 3179 λόγον
2340 3109 2606 3163 ποιεῖσθαι
2635 3108 2918 3179 ἠϐούλοντο
2940 3148 2953 3172 ,
2975 3112 3040 3179 τῇ
3067 3108 3121 3161 δέ
3147 3109 3254 3162 τῶν
3281 3108 3513 3161 εἰδώλων
3544 3126 3718 3179 προσ-

2147 3200 2354 3266 ανείχον
2376 3197 2655 3268 θεραπείᾳ,
2688 3195 2952 3250 ἀκόλουθα
2981 3198 3091 3259 τοῖς
3129 3196 3335 3249 ἑαυτῶν
3360 3195 3716 3267 ἐργαζόμενοι

2150 3289 2403 3358 πατράσι.
2450 3288 2514 3340 Τί
2553 3283 2675 3353 ούνς
2725 3305 2743 3337 ι
2789 3285 3159 3353 Ἐξαποστελῶ
3192 3286 3301 3359 πῦρ
3338 3287 3429 3339 ἐπὶ
3473 3284 3713 3353 Ἰούδαν,

2149 3378 2243 3433 καὶ
2284 3378 2655 3446 καταφάγεται
2691 3377 2914 3448 θεμέλια
2956 3377 3324 3449 Ἰερουσαλήμ.
3373 3396 3391 3428 ι
3440 3379 3716 3446 Ἀφανιῶ,

2150 3470 2300 3538 φησὶ,
2340 3469 2427 3523 διὰ
2445 3470 2553 3521 τῶν
2580 3468 2851 3539 πολεμίων
2872 3468 2996 3532 τούς
3018 3487 3076 3521 τε
3104 3469 3205 3538 τῆς
3237 3469 3508 3539 βασιλείας
3542 3471 3720 3524 ἀπαν-

2150 3577 2247 3622 τας
2280 3560 2527 3629 ἐκείνης,
2575 3560 2669 3612 καὶ
2698 3560 2794 3630 τὴν
2840 3560 3190 3630 Ἰερουσαλὴμ
3238 3563 3331 3613 σὺν
3370 3563 3574 3624 αὐτοῖς.
3612 3562 3722 3615 Εὖ·

2149 3649 2305 3719 δηλον
2347 3650 2402 3703 δὲ
2454 3650 2533 3702 ὅτι
2594 3649 2721 3719 περὶ
2756 3649 2863 3703 τῶν
2905 3649 3259 3703 Βαϐυλωνίων
3302 3649 3473 3701 ταῦτά
3515 3666 3717 3717 φησιν·

2151 3743 2343 3794 ἐκεῖνοι
2372 3740 2481 3811 γὰρ
2505 3742 2603 3811 τήν
2633 3758 2693 3793 τε
2733 3740 3083 3811 Ἰερουσαλὴμ
3110 3741 3440 3811 κατήγαγον,
3469 3740 3563 3793 καὶ
3590 3742 3721 3804 τοὺς

2150 3834 2248 3902 τῆς
2286 3832 2455 3886 Ἰούδα
2484 3832 2654 3902 φυλῆς
2687 3831 2875 3885 ἐλαϐον
2908 3830 3316 3902 αἰχμαλώτουςο
3353 3829 3526 3884 καίτοι
3564 3847 3630 3898 γε
3660 3832 3721 3885 ἐν

2151 3925 2261 3984 τοῖς
2304 3923 2441 3991 μετά
2491 3922 2661 3975 ταῦτα
2706 3921 2775 3974 τὰ
2818 3924 2898 3986 είς
2944 3921 3035 3975 τὸν
3098 3921 3341 3993 Ἰσραὴλ,
3375 3921 3471 3973 εἴτ’
3499 3917 3723 3985 οὖντὰς

2151 4012 2281 4065 δέκα
2338 4012 2542 4081 φυλάς,
2610 4012 2826 4083 μηνύων
2881 4012 3061 4079 κακά,
3119 4013 3225 4065 τῶν
3287 4012 3583 4082 Ἀσσυρίων
3642 4012 3724 4074 ὡς

2152 4106 2300 4167 εἰκὸς
2326 4104 2719 4175 ἐπιμέμνηται,
2749 4106 2907 4176 οἵπερ
2944 4102 3037 4158 οὖν
3074 4104 3269 4168 αὐτοὺς
3313 4104 3406 4157 καὶ
3439 4103 3724 4174 αἰχμαλώο

2153 4212 2279 4258 τους
2326 4194 2580 4257 λαϐόντες
2628 4194 2905 4265 ἀπῆλθον’
2963 4196 3038 4258 ὼς
3086 4195 3241 4267 δῆλον
3295 4192 3432 4248 εἶναι
3475 4197 3554 4248 ὅτι
3588 4195 3723 4264 μίαν

2153 4287 2272 4340 τινὰ
2315 4286 2686 4357 αἰχμαλωσίαν
2724 4290 2937 4357 ἡγεῖται
2972 4288 3072 4357 τὴν
3102 4287 3229 4358 περὶ
3250 4287 3340 4341 τὸν
3370 4287 3494 4340 λαὸν
3523 4287 3627 4339 ὑπό
3659 4304 3723 4340 τε

2161 4375 2454 4447 Ἀσσυρίων
2496 4378 2863 4448 γεγενημένην
2914 4378 3007 4431 καὶ
3053 4377 3163 4431 τῶν
3212 4377 3564 4431 Βαϐυλωνίων
3589 4392 3602 4407 ⁸
3672 4379 3723 4429 εί

2150 4468 2242 4521 καὶ
2265 4468 2437 4538 ἕτεροι
2475 4469 2570 4538 μὲν
2603 4464 2740 4539 ἦσαν
2772 4470 2819 4521 οἱ
2849 4467 2946 4530 τὰς
2973 4469 3103 4521 δέκα
3142 4468 3395 4532 λαϐόντες
3429 4468 3629 4537 φυλὰς,
3672 4469 3725 4519 οἱ

2163 4558 2472 4629 Ἀσσύριοι,
2520 4559 2690 4628 λέγω·
2734 4559 3062 4613 Βαϐυλώνιοι
3089 4560 3145 4613 δὲ
3173 4561 3219 4613 οί
3249 4561 3372 4623 τοὺς
3409 4556 3506 4629 τῆς
3549 4557 3727 4611 Ἰούδα

487 4658 632 4723 illos,
692 4656 855 4710 modo
892 4657 991 4711 hos
1042 4666 1363 4721 memorant,
1420 4657 1548 4727 quia
1598 4658 1757 4710 ambo
1797 4657 2045 4725 populum

2151 4650 2405 4713 λαϐόντες
2428 4649 2599 4720 φυλῆς
2618 4666 2631 4679 ·
2665 4650 2756 4702 καί
2782 4667 2864 4712 τις
2885 4650 2978 4702 καὶ
3007 4649 3193 4721 χρόνος
3220 4651 3277 4701 ἐν
3301 4650 3451 4719 μέσῳ
3475 4649 3691 4717 γεγόνει
3708 4664 3722 4682 ·

487 4763 654 4801 unum
708 4747 1070 4808 constituunt,
1128 4753 1291 4814 atque
1348 4746 1415 4799 ad
1473 4760 1632 4799 unam
1690 4746 2045 4799 communiter

2151 4740 2333 4811 ἐπειδὴ
2359 4740 2450 4793 τοῦ
2474 4741 2673 4803 παντὸς
2701 4740 2830 4793 λαοῦ
2856 4741 2953 4811 τὴν
2981 4740 3351 4811 αἰχμαλωσίαν
3374 4740 3560 4793 τοῦτον
3593 4756 3725 4793 συν-

485 4840 854 4908 captivitatem
884 4838 1117 4892 traducti
1153 4837 1408 4903 fuerunt;
1449 4837 1662 4892 etiamsi
1699 4837 1814 4891 haec
1852 4836 2045 4891 distin-

2151 4831 2248 4901 έϐη
2286 4832 2633 4902 πληρωθῆναι
2697 4832 2787 4884 τὸν
2834 4832 3059 4902 τρόπον’
3106 4830 3419 4903 ἀρξαμένην
3453 4832 3550 4902 μὲν
3612 4833 3725 4885 ἀπὸ

486 4933 590 4986 ctis
622 4929 952 4999 temporibus
987 4929 1233 4999 contigit.

2155 4923 2262 4977 τῶν
2303 4922 2461 4987 δέκα,
2505 4923 2900 4994 περαιωθεῖσαν
2930 4923 2985 4975 δὲ
3016 4925 3094 4988 εἰς
3122 4924 3246 4986 τοὺς
3279 4922 3380 4991 τῆς
3420 4922 3587 4976 Ἰούδα
3618 4942 3725 4991 φυ-

487 5024 583 5095 λῆς
604 5042 616 5055 σ
647 5024 831 5096 διόπερ
858 5025 950 5078 καὶ
975 5026 1022 5077 οἱ
1050 5023 1320 5094 προφῆται
1361 5020 1428 5073 τά
1460 5021 1584 5092 περὶ
1622 5021 1710 5073 τὸν
1741 5020 1866 5073 λαὸν
1900 5019 2130 5089 ἐσόμενα
2172 5015 2601 5083 ἐξαγγέλλοντες,
2639 5015 2767 5069 ποτέ
2804 5016 2901 5085 μὲν
2942 5015 3193 5082 ἐκείνων,
3227 5015 3356 5067 ποτὲ
3389 5014 3445 5068 δὲ
3483 5014 3727 5084 μέμνην-

486 5133 575 5167 ται
605 5115 828 5177 τούτων,
870 5119 944 5182 (p.
988 5113 1132 5183 156.)
1159 5112 1233 5175 ὡς
1261 5111 1582 5182 ἀμφοτέρων
1614 5113 1693 5175 εἰς
1718 5111 1806 5163 τὸν
1840 5109 1964 5163 λαὸν
1993 5107 2402 5170 συντελούντων,
2435 5107 2570 5177 πρὸς
2608 5107 2736 5177 μίαν
2762 5107 2821 5161 τέ
2846 5125 2966 5163 τινα
2985 5107 3078 5160 τοῦ
3105 5106 3281 5161 κοινοῦ
3316 5106 3413 5179 τὴν
3446 5106 3728 5179 αἰχμαλω-

489 5208 609 5261 σίαν
631 5206 1068 5274 ἀναφερομένων,
1100 5204 1200 5258 κᾶν
1227 5206 1275 5257 εί
1299 5200 1639 5273 διῃρημένοις
1666 5220 1779 5265 πως
1801 5202 2011 5270 γεγόνει
2042 5203 2151 5264 τοῖς
2177 5202 2406 5268 καιροῖς.

561 5296 725 5351 Vnus.
749 5296 867 5351 6-8.
897 5328 954 5338 --
976 5316 994 5347 ι
1019 5295 1143 5351 llazc
1161 5297 1291 5350 dicit
1316 5294 1576 5349 Dominus
1614 5311 1627 5347 :
1663 5293 1837 5362 Super
1877 5294 2045 5348 tribus

2221 5290 2369 5360 Στίχ,
2417 5294 2561 5359 ς’-η’.
2600 5318 2670 5329 -
2711 5306 2730 5337 ι
2772 5287 2907 5341 Τάδε
2952 5287 3099 5355 λέγει
3154 5286 3375 5357 Κύριοςο
3440 5285 3561 5339 Ἐπὶ
3600 5288 3726 5349 ταῖς

490 5384 1035 5445 sceleribuslsraelis,
1079 5397 1309 5456 etsuper
1339 5394 1573 5453 quatuor
1607 5397 1715 5436 non
1758 5382 2045 5437 aversabor

2153 5381 2327 5454 τρισὶν
2354 5378 2628 5442 ἀσεϐείαις
2668 5377 2882 5449 Ἰσραὴλ
2910 5378 3004 5431 καὶ
3035 5378 3125 5430 ἐπὶ
3153 5380 3272 5441 ταῖς
3301 5377 3592 5447 τέσσαρσιν
3620 5378 3725 5430 οὐκ

488 5495 635 5535 eum.
661 5497 678 5528 ι
706 5476 998 5548 Postquam
1030 5476 1184 5543 dixit,
1224 5494 1283 5532 se
1312 5478 1433 5532 illos
1474 5482 1695 5546 propter
1737 5474 2045 5527 continuata

2154 5472 2647 5542 ἀποστραφήσομαι
2692 5470 2873 5525 αὐτόν.
2918 5490 2935 5522 ι
2985 5465 3116 5522 Εἶτα
3152 5466 3388 5539 εἰρηκὼς
3444 5469 3525 5521 ὅτι
3578 5468 3723 5537 ὑπὲρ

491 5571 866 5642 peecatajuste
882 5570 1143 5630 aversari,
1166 5578 1354 5624 narrat
1380 5570 1433 5623 in
1458 5566 1809 5637 sequentibus
1833 5565 2045 5620 illorum

2153 5558 2229 5617 ὧν
2275 5562 2674 5633 ἐπιτεταμένως
2731 5561 2959 5630 ὴσέϐουν
3020 5559 3421 5629 ἀποστρέφεται
3474 5558 3719 5624 δικαίως,

496 5663 808 5733 iniquitates
843 5662 1103 5734 plurimas
1139 5681 1150 5716 :
1187 5682 1205 5714 ι
1231 5660 1521 5731 Propterea
1552 5658 1693 5730 quod
1717 5657 2045 5713 vendiderint

2156 5655 2303 5723 λέγει
2351 5652 2586 5722 καθεξῆς
2608 5651 2700 5705 καὶ
2715 5650 2783 5705 τὰ
2802 5650 3003 5705 τούτων
3028 5649 3471 5722 πλημμελήματα
3494 5647 3721 5702 πλεῖστά
