3976 6226
351 226 463 282 257

1404 227 1952 287 COMMENTARIUS
1976 229 2042 285 lN
2077 229 2289 286 AMOSI
2323 229 2475 286 CAP.
2509 231 2574 285 ll.

3484 235 3588 293 258

355 356 422 408 γε
462 341 615 396 ὄντα.
654 359 673 394 ι
738 341 878 396 Ἀνθ’
911 335 987 397 ὧν
1022 343 1278 399 ἀπέδοντο
1321 344 1529 399 δίκαιον
1578 346 1865 416 ἀργυρίου.
1904 365 1915 398 ι

2029 354 2252 417 argento
2281 347 2513 415 justum.
2536 369 2554 399 ι
2587 346 2802 403 Justum
2834 362 2981 403 nunc
3011 362 3121 403 non
3148 348 3280 403 dicit
3313 348 3586 405 hominem

355 431 580 484 Δίκαιον
608 432 668 485 οὐ
698 432 786 485 τὸν
815 434 935 486 κατ’
964 434 1163 507 ἀρετὴν
1188 434 1334 503 λέγει
1357 435 1471 502 νῦν,
1510 436 1646 490 ἀλλὰ
1667 436 1757 490 τὸν
1776 430 1928 508 ᾧπερ

358 522 452 574 ἐπὶ
494 522 594 591 τῆς
624 524 951 595 κινουμένης
980 525 1437 597 ἀμφισϐητήσεως
1472 527 1653 581 δίκαια
1680 530 1888 599 προσῆν
1910 545 1925 562 ο

356 611 448 663 ἵνα
466 612 597 684 είπῃ
624 614 706 666 ὅτι
729 614 1028 683 χρημάτων
1054 616 1397 687 προεδίδοσαν
1422 619 1547 681 τοὺς
1568 622 1682 683 τοῖς
1702 619 1926 685 δικαίοις

355 701 789 772 ὡχυρωμένουςο
830 706 924 759 καὶ
971 705 1250 761 ἐπιτείνων
1292 708 1354 760 τὸ
1399 709 1717 779 λεγόμενον,
1762 729 1781 762 ι
1817 712 1927 765 Καὶ

355 792 570 862 πένητα
603 794 788 847 ἕνεκεν
820 797 1180 867 ὑποδημάτων
1220 800 1327 854 τῶν
1360 800 1669 854 πατούντων
1699 801 1791 855 ἐπὶ
1833 803 1925 856 τὸν

355 884 490 954 χοῦν
535 886 635 955 τῆς
665 888 788 957 γῆς.
835 906 854 938 ι
893 891 1051 959 ’Ᾱχρι
1106 889 1214 960 γὰρ
1270 892 1559 957 τοσούτου,
1614 894 1780 963 φησὶ,
1827 893 1925 965 τὴν

351 977 772 1048 αἰσχροκερδίαν
802 978 1070 1043 ἐξέτειναν
1096 981 1193 1050 τὴν
1231 982 1456 1045 ἑαυτῶν,
1493 981 1631 1034 ὥστε
1677 982 1785 1035 τῶν
1828 1000 1925 1035 πει

352 1066 536 1136 νήτων
562 1068 866 1137 προδιδόναι
887 1070 947 1121 τὸ
973 1070 1180 1123 δίκαιον
1206 1071 1345 1141 ὑπὲρ
1368 1072 1761 1125 εὐτελεστάτων
1788 1071 1925 1142 λημ-

358 1157 549 1228 μάτων
572 1175 585 1186 °
626 1159 782 1211 τοῦτο
819 1160 926 1230 γὰρ
952 1161 1101 1229 δηλοῖ
1128 1161 1206 1227 τὸ,
1235 1181 1253 1213 ι
1290 1162 1647 1232 ὑποδημάτων
1688 1162 1794 1216 τῶν
1822 1181 1923 1216 πα-

352 1251 595 1305 τούντων
630 1254 722 1306 ὲπί
753 1253 841 1307 τὸν
880 1254 1008 1323 χοῦν
1059 1256 1155 1325 τῆς
1192 1256 1326 1325 γῆς,
1369 1275 1388 1307 ι
1432 1257 1564 1327 ὅπερ
1604 1252 1672 1328 ἦν
1704 1256 1921 1328 ἔλεγχος

353 1346 536 1416 σαφὴς
573 1345 667 1397 τοῦ
722 1346 925 1416 μηδένα
975 1347 1130 1415 λόγον
1172 1348 1437 1402 ποιεῖσθαι
1471 1349 1563 1402 τοῦ
1606 1348 1835 1412 δικαίου,
1870 1349 1925 1400 εί

349 1452 417 1501 γε
471 1436 565 1488 καὶ
612 1436 699 1487 ἐπ’
750 1436 989 1489 εὐτελέσι
1043 1438 1182 1490 αὐτά
1232 1438 1479 1510 λήμμασι
1542 1439 1919 1509 διεπράττοντο

349 1526 611 1589 εὐκόλως.
648 1545 665 1575 ι
712 1528 820 1579 Καὶ
848 1526 1179 1592 ὲκονδύλιζον
1226 1530 1305 1593 είς
1334 1530 1570 1599 κεφαλάς
1602 1529 1849 1600 πτωχῶν.
1892 1547 1912 1581 ι

350 1617 475 1669 Τῶν
503 1618 685 1671 αὐτῶν
711 1617 879 1686 λέγει,
914 1619 993 1671 ὃτι
1025 1621 1084 1672 οὐ
1112 1620 1267 1689 μόνον
1293 1621 1389 1673 οὐκ
1423 1622 1698 1690 ὲπήμυνον
1736 1621 1917 1682 αὐτοῖς

347 1708 536 1762 δίκαια
558 1708 820 1776 αἰτοῦσιν,
845 1709 981 1764 ἀλλά
1006 1711 1099 1763 καὶ
1122 1712 1523 1781 προσέπληττον
1543 1713 1729 1776 ἀδεῶς.
1756 1712 1918 1767 Ὅθεν

347 1799 573 1865 ἐπάγειο
600 1819 617 1851 ι
647 1800 758 1853 Καὶ
772 1800 889 1853 ὁδὸν
913 1801 1180 1855 ταπεινῶν
1199 1802 1493 1868 ἐξέκλιναν.
1524 1822 1542 1854 ι
1566 1804 1673 1858 Καὶ
1694 1803 1803 1858 τῶν
1827 1820 1922 1856 πε-

346 1891 687 1961 πραγμένων
708 1878 891 1954 αὐτοῖς
912 1933 925 1954 ,
945 1892 1138 1963 φησὶν,
1172 1892 1346 1963 ὀρθῶς
1379 1894 1639 1963 ἑχόντων,
1673 1895 1691 1962 (
1708 1910 1758 1962 p.
1782 1893 1918 1964 157)
1949 1973 1952 1975 Δ

350 1982 692 2052 μετέτρεπον
734 1985 815 2045 εἰς
854 1984 1160 2039 τούναντίον
1206 1984 1302 2055 τὴν
1342 1985 1557 2053 κρίσιν,
1596 1984 1920 2055 ἀμελοῦντες

344 2072 528 2124 αὐτῶν
566 2072 655 2125 διὰ
688 2074 796 2143 τὴν·
824 2075 1202 2146 ταπεινότητα.
1262 2094 1279 2127 ι
1316 2076 1424 2127 Καὶ
1457 2074 1570 2139 υἰὺς
1612 2076 1707 2129 καὶ
1740 2075 1919 2147 πατὴρ

340 2165 514 2217 αὐτοῦ
576 2166 985 2236 εἰσεπορεύοντο
1038 2169 1170 2239 πρὸς
1222 2167 1321 2238 τὴν
1371 2167 1538 2236 αὐτὴν
1591 2167 1917 2238 παιδίσκην,

344 2255 496 2319 ὅπως
523 2254 876 2326 βεϐηλώσωσι
917 2257 978 2309 τὸ
1002 2257 1170 2327 ὄνομα
1197 2256 1289 2309 τοῦ
1324 2256 1457 2310 Θεοῦ
1484 2256 1660 2309 αὐτῶν
1677 2274 1689 2285 ·
1717 2257 1811 2311 καὶ
1849 2256 1919 2310 τά

346 2346 545 2416 ίμάτια
575 2347 757 2401 αὐτῶν
783 2348 1135 2418 δεσμεύοντες
1166 2349 1415 2418 σχοινίοις
1444 2349 1918 2420 παραπετάσματα

345 2437 573 2491 ἐποίουν
624 2439 860 2508 ἐχόμενα
916 2437 1012 2492 τοῦ
1060 2438 1474 2510 θυσιαστηρίουο
1529 2439 1623 2492 καὶ
1668 2434 1807 2491 οἶνον
1853 2439 1917 2492 ὲκ

347 2529 725 2597 συκοφαντιῶν
766 2529 945 2582 ἔπινον
990 2530 1048 2582 ὲν
1084 2530 1162 2599 τῷ
1204 2528 1337 2600 οἴκῳ
1367 2528 1461 2582 τοῦ
1489 2529 1620 2582 Θεοῦ
1647 2529 1848 2582 αὐτῶν.
1890 2548 1909 2579 ι

346 2620 425 2671 Δι’
459 2620 770 2691 ὑπερϐολὴν
813 2620 1100 2689 ἀσελγείας
1129 2620 1315 2673 οὐδένα
1351 2620 1505 2689 λόγον
1537 2620 1654 2673 οὐδὲ
1682 2621 1787 2673 τῶν
1816 2619 1916 2690 τῆς

346 2709 566 2779 φύσεως
616 2709 926 2780 ποιούμενοι
964 2712 1160 2780 νόμων,
1192 2712 1371 2782 πατήρ
1397 2729 1454 2764 τε
1484 2712 1578 2765 καὶ
1609 2712 1720 2774 υίὸς
1747 2711 1917 2775 ἀδεῶς

348 2801 740 2871 συνεμίγνυντο
792 2804 915 2865 ταῖς
972 2802 1187 2865 αὐταῖς·
1243 2802 1508 2872 τοσαύτης
1571 2802 1915 2874 βλασφημίας

344 2896 628 2964 παραίτιοι
666 2895 938 2964 γινόμενοι
976 2894 1053 2965 τῷ
1096 2894 1248 2965 Θεῷ,
1290 2895 1348 2948 ὃν
1381 2895 1752 2948 ἐπικαλεῖσθαι
1802 2884 1931 2948 ὲδόσὶ

342 3003 473 3039 κων
495 3003 508 3017 .
560 2987 657 3040 καὶ
714 2985 778 3055 δὴ
813 2985 1015 3057 σκηνὰς
1046 2985 1103 3052 ἐξ
1144 2986 1370 3056 ἱματίων
1418 2985 1914 3048 κατασκευάζοντες
1940 3027 1981 3084 C

340 3075 572 3147 πλησίον
618 3076 714 3128 τοῦ
744 3075 1152 3147 θυσιαστηρίου,
1198 3077 1289 3129 καὶ
1338 3076 1458 3129 οὐδὲ
1502 3075 1599 3146 τὴν
1642 3074 1914 3145 ἐγγύτητα

339 3167 731 3238 ἐντρεπόμενοι
758 3167 866 3220 τῶν
893 3168 1063 3235 ἀγίων
1082 3208 1097 3231 ,
1123 3168 1222 3238 τήν
1262 3185 1322 3220 τε
1351 3168 1644 3221 ἀκολασίαν
1687 3166 1913 3237 ὲξεπλή-
1966 3212 1970 3216 .

340 3276 469 3329 ρουν
499 3259 706 3329 ταύτην
724 3276 739 3290 ’
771 3260 866 3313 καὶ
894 3261 954 3312 ἐκ
988 3260 1087 3330 τῆς
1113 3259 1221 3313 τῶν
1255 3262 1497 3332 πενήτων
1533 3260 1791 3329 ἐπηρείας
1817 3256 1912 3321 οὓς

341 3348 705 3419 πολυτρόπως
735 3349 971 3418 ἠδίκουν,
1006 3350 1192 3422 ἑορτήν
1224 3367 1343 3405 τινα
1384 3350 1519 3421 μετά
1551 3350 1719 3421 μέθης
1751 3350 1808 3402 ὲν
1835 3348 1913 3419 τῷ

340 3439 435 3491 τοῦ
469 3439 610 3492 Θεοῦ
634 3438 897 3492 συνίστων
920 3439 1069 3509 οῐκῳ.
1234 3502 1237 3503 ν

413 3528 568 3598 Στίχ.
611 3528 776 3598 (λ’-ιβ’.
805 3558 876 3568 —
912 3548 931 3581 ι
977 3527 1116 3597 Ἐγὼ
1147 3528 1203 3581 δὲ
1239 3528 1409 3599 ὲξῆρα
1450 3528 1543 3582 τὸν
1591 3529 1912 3601 Ἀμοῤῥαῖον

340 3621 404 3674 ἐκ
451 3618 750 3691 προσώπου
785 3620 996 3673 αὐτῶν
1037 3614 1096 3673 οὗ
1123 3615 1191 3690 ἦν
1234 3619 1413 3684 καθὼς
1453 3617 1586 3689 ὕψος
1620 3620 1813 3690 κέδρου
1850 3620 1911 3673 τὸ

341 3711 477 3780 ὕψος
499 3709 689 3773 αὐτοῦ,
724 3712 818 3763 καὶ
847 3710 1062 3780 ἰσχυρὸς
1094 3706 1162 3781 ἦν
1189 3710 1264 3774 ὠς
1292 3709 1420 3779 δρύς
1440 3728 1455 3743 ο
1499 3710 1593 3763 καὶ
1623 3709 1792 3781 ὲξῆρα
1820 3711 1911 3764 τὸν

339 3802 556 3873 καρπὸν
587 3801 753 3854 αὐτοῦ
798 3801 1089 3866 ἐπάνωθεν,
1127 3800 1223 3854 καὶ
1260 3801 1359 3864 τὰς
1404 3800 1558 3872 ῥίζας
1586 3800 1750 3855 αὐτοῦ
1780 3802 1911 3854 ὐπο-

340 3894 591 3949 κάτωθεν
611 3910 625 3923 ·
653 3894 746 3946 καὶ
769 3892 880 3961 ἐγὼ
899 3893 1170 3963 ἀνήγαγον
1197 3893 1341 3963 ὑμᾶς
1372 3896 1436 3946 ὲκ
1472 3895 1573 3962 γῆς
1595 3892 1869 3961 Αἰγύπτου
1895 3909 1907 3922 ·

341 3987 435 4039 καὶ
486 3984 827 4056 περιήγαγον
870 3983 1014 4053 ὑμᾶς
1059 3984 1114 4035 ὲν
1174 3986 1240 4054 τῇ
1270 3984 1462 4054 ἐρήμῳ
1506 3984 1910 4054 τεσσαράκοντα

338 4075 460 4143 ἔτη,
513 4074 610 4129 τοῦ
654 4074 1199 4146 κατακληρονομῆσαι
1244 4076 1342 4146 τὴν
1393 4076 1496 4146 γῆν
1534 4076 1905 4147 Ἀμορραίων⁹

339 4170 434 4221 καὶ
456 4167 648 4221 ἔλαϐον
666 4168 730 4220 ἐκ
752 4167 859 4220 τῶν
878 4166 1009 4221 υἱῶν
1034 4168 1187 4238 ὑμῶν
1210 4169 1289 4231 εἰς
1308 4168 1611 4240 προφήτας,
1658 4170 1751 4238 (p.
1774 4166 1907 4236 158)

339 4260 439 4311 καὶ
476 4261 543 4311 ὲκ
575 4259 683 4311 τῶν
736 4259 1029 4313 νεανίσκων
1082 4258 1235 4329 ὐμῶν
1283 4260 1362 4321 είς
1405 4258 1691 4328 ἁγιασμόν.
1732 4276 1750 4308 ι
1799 4258 1908 4310 Καὶ

2031 438 2231 494 virtute
2278 448 2551 503 ornatum,
2603 439 2697 494 sed
2747 439 2899 493 illum
2942 440 3032 494 cui
3067 439 3121 494 in
3153 439 3325 492 litium
3366 450 3587 495 contro-

2028 528 2205 583 versia
2255 527 2347 596 jus
2414 543 2624 597 aequum
2683 527 3020 599 reddendum
3082 535 3219 584 erat.
3274 528 3364 582 Ait
3426 529 3591 598 igitur

2028 626 2248 688 propter
2286 620 2567 689 pecuniam
2602 619 2844 688 proditos
2882 618 3052 675 fuisse
3077 620 3347 682 homines,
3387 620 3589 689 quibus

2025 711 2253 780 azquitas
2306 710 2445 779 juris
2494 710 2725 765 favebat.
2760 709 3157 780 lntendensque
3204 711 3381 765 adhuc
3427 711 3586 764 verba

2027 802 2102 854 ait
2134 820 2148 856 :
2193 822 2211 853 ι
2238 802 2300 855 Et
2328 817 2620 871 pauperem
2652 808 2871 871 propter
2892 803 3257 857 calceamenta
3282 818 3403 872 quae
3429 811 3586 857 teme

2024 892 2300 959 pulverem
2326 892 2557 947 calcant.
2588 912 2606 945 ι
2640 890 2822 961 Usque
2866 893 3023 955 adeo,
3058 893 3255 962 inquit,
3310 903 3465 961 turpe
3505 893 3583 945 lu-

2024 998 2177 1037 crum
2213 1000 2370 1038 suum
2404 983 2819 1053 ampliaverunt,
2850 992 2909 1037 ut
2940 984 3348 1053 pauperumjus
3367 995 3583 1054 propter

2022 1074 2286 1131 vilissima
2312 1091 2538 1130 munera
2571 1075 2885 1130 venderent.
2908 1074 2963 1128 ld
2987 1078 3129 1131 enim
3160 1077 3371 1131 valeant
3398 1078 3583 1144 verba,

2028 1166 2298 1236 «Propter
2351 1168 2738 1231 calceamenta,
2793 1183 2915 1237 qua:
2952 1175 3109 1221 terra:
3159 1169 3431 1237 pulverem
3470 1170 3582 1224 cal-

2022 1267 2168 1324 cant,
2202 1277 2220 1309 ι
2258 1258 2402 1325 quod
2438 1272 2569 1312 sane
2595 1258 2851 1312 indicium
2901 1258 3245 1312 manifestum
3294 1268 3429 1324 erat,
3458 1262 3582 1314 nul-

2021 1352 2126 1405 lam
2150 1352 2288 1419 aequi
2328 1350 2514 1404 haberi
2561 1350 2849 1413 rationem,
2896 1349 2938 1404 si
2991 1358 3100 1402 tam
3152 1349 3309 1403 facile
3341 1352 3411 1405 ob
3454 1354 3579 1407 vilia

2019 1442 2342 1496 munuscula
2374 1440 2446 1493 ita
2470 1455 2527 1495 se
2556 1441 2833 1509 gerebant.
2872 1458 2889 1490 ι
2917 1439 2978 1492 Et
2999 1456 3177 1509 pugno
3212 1441 3579 1497 verberabant

2018 1535 2192 1604 capita
2220 1549 2538 1604 pauperum.
2566 1552 2583 1584 ι
2621 1532 2885 1602 Loquitur
2917 1533 2982 1586 de
3009 1533 3221 1597 iisdem,
3267 1536 3447 1603 aitque
3468 1552 3577 1589 non

2019 1624 2193 1680 solum
2228 1622 2483 1677 defensos
2523 1636 2631 1675 non
2677 1621 2847 1676 fuisse
2887 1621 2979 1689 jus
3011 1630 3251 1689 petentes
3290 1638 3574 1691 pauperes,

1951 1695 1989 1748 Β
2022 1715 2114 1770 sed
2164 1715 2390 1769 licenter
2444 1714 2604 1768 etiam
2656 1713 2993 1766 verberatos.
3041 1710 3192 1765 Unde
3236 1712 3381 1766 addit
3416 1730 3429 1767 :
3469 1733 3485 1763 σ
3515 1714 3579 1767 Et

2019 1807 2162 1861 viam
2194 1806 2475 1859 humilium
2507 1804 2875 1858 declinabant.
2903 1822 2921 1854 ι
2954 1802 3196 1873 Cumque
3215 1803 3426 1859 illorum
3457 1814 3577 1859 acta

2017 1903 2164 1952 recte
2187 1911 2245 1951 se
2276 1895 2558 1959 baberent,
2588 1892 2919 1947 contrariam
2956 1895 3280 1949 sententiam
3312 1896 3573 1961 tulerunt,

2029 1986 2334 2056 despicatui
2388 1985 2649 2039 habentes
2717 1984 2961 2053 ipsorum
3022 1984 3398 2040 humilitatem.
3469 1985 3578 2040 «Et

2017 2079 2163 2133 filius
2219 2093 2282 2132 ac
2335 2084 2485 2146 pater
2538 2076 2657 2145 ejus
2707 2076 3149 2146 ingrediebantur
3202 2077 3266 2130 ad
3328 2079 3572 2131 eamdem

2016 2170 2272 2239 puellam,
2297 2175 2354 2221 ut
2376 2168 2809 2221 contaminarent
2827 2183 3025 2222 nomen
3058 2166 3149 2221 Dei
3191 2168 3295 2222 sui.
3318 2168 3381 2221 Et
3407 2170 3576 2223 vesti-

2016 2266 2197 2313 menta
2223 2273 2318 2313 sua
2356 2256 2615 2313 funiculis
2642 2258 2949 2326 alligantes,
2988 2257 3144 2328 104
3178 2258 3451 2313 faciebant
3484 2276 3577 2313 vc-

2014 2349 2215 2402 lamina
2250 2348 2403 2417 juxta
2431 2348 2601 2402 altare
2639 2366 2652 2400 :
2688 2355 2741 2401 et
2780 2350 2965 2402 vinum
3002 2348 3067 2404 de
3097 2350 3384 2404 calumniis
3433 2351 3579 2405 bibe-

2016 2437 2146 2493 bant
2184 2439 2239 2493 in
2269 2437 2430 2491 domo
2473 2436 2566 2493 Dei
2600 2437 2705 2493 sui.
2744 2457 2763 2489 ι
2798 2436 3026 2507 Propter
3064 2439 3352 2493 immanem
3394 2440 3577 2493 libidi‘

2014 2546 2158 2594 nem,
2193 2540 2400 2583 natura:
2435 2530 2581 2600 leges
2622 2531 2774 2600 pensi
2831 2545 2942 2584 non
3000 2530 3292 2593 habebant,
3318 2540 3577 2601 paterque

2015 2635 2079 2675 ac
2129 2620 2271 2674 filius
2329 2627 2581 2689 proterve
2627 2620 2825 2675 iisdem
2882 2620 3100 2675 feminis
3164 2620 3573 2676 miscebantur:

2016 2718 2180 2765 tanta:
2236 2725 2295 2766 se
2331 2712 2676 2780 blasphemiae
2732 2709 2873 2779 apud
2919 2709 3088 2765 Deum
3120 2726 3243 2766 reos
3289 2711 3573 2777 facientes,

2013 2817 2173 2871 quem
2206 2802 2462 2856 invocare
2498 2801 2845 2855 videbantur.
2881 2800 3023 2865 Quin
3069 2801 3231 2855 etiam
3266 2803 3571 2871 papiliones

2013 2905 2079 2944 ex
2109 2891 2222 2945 suis
2250 2890 2491 2945 vestibus
2520 2891 2623 2944 sibi
2668 2891 2809 2959 apud
2840 2892 3011 2946 altare
3028 2892 3343 2958 tendebant,
3379 2909 3447 2948 ne
3469 2894 3573 2949 luci

2014 2980 2190 3035 sancti
2237 2979 2453 3049 quidem
2499 2980 2955 3049 propinquitatem
3020 2990 3353 3046 reverentes,
3389 2983 3575 3052 ibique

2014 3072 2155 3125 hanc
2218 3070 2497 3125 libidinem
2566 3072 2880 3140 explebant.
2952 3070 3091 3126 Tum
3156 3072 3223 3128 de
3275 3090 3572 3146 pauperum

2012 3163 2232 3227 damno,
2256 3178 2391 3233 quos
2423 3163 2707 3232 multiplici
2736 3164 3000 3232 injustitia
3043 3166 3328 3227 vexabant.
3375 3168 3574 3222 solem.

2010 3253 2233 3308 nitatem
2269 3254 2373 3307 sibi
2405 3253 2807 3320 quodammodo
2850 3268 2959 3309 non
3018 3255 3136 3310 sine
3167 3256 3391 3326 crapula
3425 3258 3568 3311 intra

2010 3343 2106 3399 Dei
2151 3342 2371 3398 domum
2395 3343 2819 3398 constituebant.

2078 3525 2406 3581 Vsas.9-12.
2424 3555 2496 3566 —
2512 3544 2529 3575 ‹
2554 3526 2618 3578 Et
2644 3534 2825 3581 tamen
2842 3541 2941 3597 ego
2957 3542 3077 3581 sum
3096 3527 3187 3597 qui
3212 3528 3570 3583 exterminavi

2009 3617 2380 3671 Amorrhzeum
2437 3631 2468 3670 a
2523 3616 2662 3672 facie
2701 3632 2915 3681 eorum,
2966 3617 3122 3685 cujus
3152 3617 3382 3671 altitudo
3428 3619 3571 3674 sicut

2009 3708 2158 3761 cedri
2193 3708 2495 3776 proceritas
2533 3718 2670 3773 erat,
2718 3714 2775 3761 et
2802 3707 2968 3767 robur
2996 3716 3055 3760 ut
3102 3723 3343 3777 quercus
3377 3727 3389 3762 :
3434 3712 3567 3765 κώεά

2009 3799 2218 3866 tulique
2285 3796 2520 3852 fructum
2576 3798 2695 3867 ejus
2760 3799 3011 3868 desuper,
3071 3808 3124 3853 et
3181 3799 3394 3856 radices
3446 3802 3566 3871 ejus

2009 3890 2216 3945 subter.
2254 3889 2364 3960 Ego
2395 3906 2514 3946 sum
2543 3891 2635 3960 qui
2669 3906 2763 3945 vos
2782 3892 2848 3945 de
2872 3891 3093 3959 regione
3124 3890 3346 3961 :Egypti
3375 3894 3563 3957 eduxi,

2008 3989 2064 4036 et
2085 3981 2446 4053 quadraginta
2501 3983 2659 4037 annis
2716 3984 2772 4037 in
2824 3982 3040 4037 deserto
3085 3984 3449 4050 circumduxi,
3508 3992 3567 4039 ut

2008 4072 2445 4127 Amorrhmorum
2500 4074 2775 4140 regionem
2820 4072 3194 4143 possideretis.
3247 4075 3569 4145 Assumpsi-

2009 4163 2207 4233 quede
2229 4164 2355 4220 filiis
2390 4164 2590 4219 vestris
2624 4165 2677 4218 in
2710 4165 3023 4233 prophetas,
3076 4173 3129 4219 et
3161 4166 3231 4220 de
3269 4166 3565 4234 juvenibus

2011 4253 2208 4309 vestris
2265 4254 2322 4307 in
2390 4252 3098 4318 sanctiﬁcationem.i\"os,
3150 4254 3389 4323 inquam,
3439 4258 3565 4310 talia

339 4349 512 4403 ταῦτα
543 4348 962 4420 διεπράττεσθε,
996 4349 1106 4404 τῶν
1135 4350 1458 4420 εὐεργεσιῶν
1481 4350 1542 4402 οὐ
1577 4347 1908 4419 μεμνημένοι

2015 4344 2271 4413 patrastis
2323 4344 2709 4398 beneficiorum
2741 4358 2984 4397 meorum
3028 4344 3376 4399 immemores
3419 4363 3433 4399 :
3467 4362 3566 4400 nec

338 4444 447 4493 τῶν
479 4440 655 4511 ἐμῶν,
685 4441 798 4494 οὐθ’
846 4443 928 4496 ὅτι
958 4440 1048 4495 τὸν
1086 4442 1406 4512 Ἀμορραῖον
1443 4440 1613 4503 οὕτως
1646 4439 1816 4509 μέγαν
1844 4456 1902 4491 τε

342 4532 468 4583 ὂντα
497 4533 595 4585 καὶ
620 4532 845 4585 δυνατὸν
892 4530 1169 4592 παντελῶς
1206 4531 1470 4599 ἠφάνισα.
1511 4530 1628 4583 οὐδὲ
1657 4528 1905 4598 λείψανον

340 4620 503 4673 αὐτοῦ
535 4637 594 4671 τι
622 4618 938 4673 καταλιπὼν
964 4619 1055 4672 ἐπὶ
1079 4622 1179 4685 τῆς
1216 4618 1321 4688 γῆς
1341 4634 1355 4649 ·
1385 4619 1491 4671 οὐδ’
1523 4619 1603 4671 ὅτι
1634 4617 1905 4671 δουλεύον-

340 4725 437 4773 τας
460 4711 609 4781 ὑμᾶς
640 4710 905 4780 ἐξήγαγον
942 4708 1003 4773 ἐξ
1033 4708 1305 4777 Αἰγύπτου
1325 4726 1339 4740 ’
1370 4709 1476 4761 οὐδ’
1515 4709 1596 4761 ὅτι
1630 4708 1769 4761 κατὰ
1804 4708 1904 4775 τὴν

341 4799 541 4871 ἔρημον
568 4801 975 4872 τεσσαράκοντα
1017 4801 1160 4871 ὑμᾶς
1189 4799 1281 4871 ἔτη
1314 4799 1568 4870 διέθρεψα
1613 4798 1900 4861 ποικίλως·

342 4892 476 4945 ὥστε
505 4891 607 4963 τὴν
636 4890 746 4945 τῶν
790 4894 1125 4964 Ἀμορραίων
1157 4894 1258 4962 γῆν
1287 4893 1383 4963 τὴν
1404 4892 1556 4944 οὐθὲν
1579 4891 1707 4961 ὑμῖν
1737 4907 1903 4961 προσ-

342 4984 573 5051 ήκουσαν
597 4984 677 5046 εἰς
696 4982 890 5053 κτῆσιν
911 4987 1209 5054 παρασχεῖν
1228 5000 1242 5014 ο
1272 4983 1355 5051 ἐφ’
1378 4976 1459 5045 οἷς
1491 4981 1661 5035 ἅπασι
1685 4998 1900 5052 προφη-

344 5073 494 5143 τικῆς
520 5090 582 5125 τε
607 5073 826 5143 χάριτος
841 5074 1002 5138 ἐνίοις
1034 5072 1185 5143 ὐμῶν
1207 5073 1292 5125 ἐπ’
1322 5072 1557 5141 ὠφελείᾳ
1589 5071 1683 5124 τοῦ
1719 5070 1899 5124 κοινοῦ

347 5164 683 5230 μεταδῶωκα
703 5180 716 5193 ·
733 5163 826 5217 καὶ
840 5163 905 5234 δὴ
922 5164 1014 5216 καί
1032 5180 1180 5226 τινας
1197 5164 1302 5216 τῶν
1323 5165 1380 5216 ὲν
1394 5162 1899 5233 ὑμῖνὲπελεξάμην,

343 5253 411 5315 ὡς
436 5252 499 5305 ἂν
531 5251 939 5322 ὲπιμελεστέρῳ
986 5269 1045 5304 τε
1073 5252 1167 5304 καὶ
1212 5251 1475 5320 κρείττονι
1520 5250 1900 5321 προσανέχοιεν

346 5342 464 5413 βίῳ,
496 5344 699 5413 κόσμον
727 5341 896 5395 ἅπασι
925 5341 1177 5411 φέροντες
1204 5343 1314 5405 τοῖς
1335 5341 1555 5403 λοιποῖς.
1583 5341 1692 5393 Καὶ
1715 5339 1898 5410 ἐπειδὴ

344 5435 506 5487 ταῦτα
547 5425 785 5506 πρόδηλα
833 5435 996 5487 πᾶσιν
1023 5428 1112 5503 ἦν,
1147 5434 1347 5502 ὁμοίως
1387 5431 1573 5484 εἰπών·
1618 5452 1635 5483 ι
1676 5432 1766 5502 Μὴ
1804 5433 1902 5484 οὐκ

347 5524 454 5578 ἔστι
503 5524 817 5591 ταῦτα,υίοὶ
880 5523 1112 5595 Ἰσραὴλ,
1163 5523 1307 5591 λέγει
1358 5521 1588 5591 Κύριος;
1633 5541 1650 5574 ι
1689 5523 1759 5574 Οὐ
1791 5520 1897 5589 γὰρ

347 5614 558 5669 δυνατὸν
577 5615 724 5686 ὑμῖν,
755 5611 938 5683 φησὶν,
967 5610 1242 5683 ἀρνεῖσθαι
1275 5609 1443 5664 ταῦτα
1471 5609 1641 5672 οὕτως
1676 5609 1889 5680 ἔχοντα.

2011 4432 2155 4502 quod
2195 4447 2294 4502 ego
2321 4432 2689 4487 Amorrhaaum
2727 4441 2885 4485 talem
2925 4441 3242 4502 tantumque
3269 4442 3340 4488 ’ac
3379 4443 3568 4503 poten-

2011 4530 2120 4578 tem
2167 4537 2392 4589 prorsus
2437 4521 2827 4585 destruxerim,
2893 4521 3058 4577 nullis
3093 4523 3213 4593 ejus
3271 4525 3476 4580 relictis
3512 4528 3563 4580 in

2012 4620 2155 4667 terra
2181 4613 2428 4682 vestigiis
2462 4631 2473 4665 :
2504 4627 2606 4666 nec
2637 4611 2781 4681 quod
2821 4628 2918 4667 vos
2945 4615 3196 4668 servituti
3222 4618 3565 4685 mancipatos

2011 4703 2076 4757 de
2097 4703 2332 4773 Egypto
2365 4703 2644 4758 eduxerim
2680 4723 2692 4757 :
2722 4719 2819 4758 nec
2855 4706 3014 4759 annis
3035 4706 3394 4776 quadraginta
3426 4710 3565 4761 mul-

2013 4792 2249 4846 tifariam
2281 4808 2377 4848 vos
2412 4794 2465 4847 in
2505 4793 2723 4848 deserto
2751 4795 2977 4849 aluerim
3000 4795 3199 4858 ,donec
3223 4796 3563 4851 Amorrhazo-

2011 4897 2130 4936 rum
2176 4883 2454 4953 regionem
2511 4882 2661 4938 nullo
2709 4884 2947 4938 humano
2998 4885 3119 4952 jure
3159 4886 3223 4939 ad
3261 4901 3356 4941 vos
3407 4888 3567 4954 perti-

2009 4982 2225 5029 nentem
2299 4975 2549 5041 potestati
2628 4983 2821 5029 vestrae
2884 4975 3102 5027 tradidi.
3172 4973 3379 5029 Praeter
3450 4977 3563 5032 haec

2009 5062 2210 5128 omnia,
2244 5065 2534 5119 nonnullos
2566 5064 3066 5131 vestrum,publica:
3101 5064 3347 5119 utilitatis
3373 5081 3560 5132 causa,

2010 5154 2333 5224 prophetica:
2362 5169 2574 5223 quoque
2604 5154 2789 5223 gratiae
2839 5151 2939 5206 feci
2972 5152 3261 5220 participes
3295 5172 3306 5206 :
3334 5154 3564 5225 denique

2008 5253 2061 5299 et
2094 5261 2161 5300 ex
2201 5246 2355 5299 vobis
2382 5246 2593 5314 aliquos
2616 5244 2807 5314 delegi,
2844 5243 2933 5311 qui
2969 5245 3295 5298 accuratiori
3323 5249 3563 5301 meliori-

2008 5350 2113 5404 que
2141 5335 2264 5389 vitm
2295 5338 2475 5405 generi
2513 5335 2732 5397 addicti,
2776 5343 3095 5388 ornamento
3113 5337 3325 5389 caeteris
3357 5345 3557 5391 ess-ent.

2009 5426 2073 5479 Et
2102 5428 2229 5496 quia
2271 5428 2383 5481 haec
2418 5427 2668 5479 omnibus
2698 5427 2984 5493 perspicua
3018 5434 3194 5489 erant,
3227 5428 3428 5492 pariter
3469 5426 3564 5479 ad-

2008 5517 2127 5570 dit:
2164 5533 2182 5564 ι
2206 5515 2459 5584 Nunquid
2500 5529 2606 5567 non
2641 5514 2716 5566 ita
2738 5521 2842 5578 est,
2883 5515 2973 5567 lilii
3009 5512 3251 5577 lsraelis,
3286 5514 3416 5569 dicit
3454 5514 3561 5567 Do-

2008 5606 2272 5661 minus?»
2317 5605 2567 5662 Profecto
2614 5604 2729 5660 hzec
2779 5604 3084 5673 verissima,
3126 5606 3309 5674 negari
3346 5621 3377 5659 a
3408 5605 3564 5661 vobis
