3976 6226
423 256 427 260 ’
451 270 562 324 259

1646 238 1995 298 THEODORI
2034 231 2519 295 MOPSUESTENI

3578 213 3687 271 260

452 383 749 449 nequeunt.
767 371 907 427 Tum
934 366 1311 439 superioribus
1328 368 1696 419 consentanee
1717 355 1869 410 addit
1885 355 2018 408 ειΑι

2150 348 2461 410 Ακολούθως
2504 346 2614 408 τοῖς
2641 340 2934 412 ἀνωτέροις
2956 337 3184 405 ἐπάγει’
3221 352 3239 387 ι
3258 332 3379 389 Καὶ
3408 329 3685 395 ἐποτίζετε

2185 440 2197 449 -
2282 440 2295 449 -
2495 436 2507 449 .
2699 430 2723 449 τ
2902 448 2905 449 ν
2938 430 2963 449 ν.
3001 431 3108 449 --.ρῄ
3140 426 3441 449 ,μμ-,α
3476 422 3644 449 hu“

450 444 557 525 vos
603 466 758 537 105
809 461 1167 519 sanctiﬁcatis
1218 457 1355 513 viris
1412 455 1601 509 vinum
1649 444 2017 519 propinastis:

450 565 506 612 et
540 534 815 624 prophetis
847 548 1156 605 mandastis
1190 546 1476 600 dicentes:
1510 538 1589 594 Ne
1621 534 2016 624 prophetetisai-

454 618 566 699 Vos
601 618 820 712 quidem
879 639 936 693 in
982 637 1212 707 gratiam
1255 645 1433 687 meam
1479 633 1795 683 constanter
1838 618 2021 691 injurii

458 735 664 798 fuistis,
697 732 825 786 dum
857 736 912 784 et
937 726 1187 783 homines
1232 723 1362 776 vitae
1391 717 1599 789 puriori
1633 714 1869 778 deditos,
1901 725 2024 780 par-

458 824 684 893 ticipare
730 824 915 876 vinum
960 815 1249 887 coegistis,
1298 825 1510 867 necnon
1566 808 1772 878 reliqua
1818 802 2022 867 omnia,

466 932 495 970 a
525 916 723 985 quibus
748 911 1046 968 secundum
1084 905 1419 978 propositum
1452 916 1613 958 suum
1642 898 1912 954 abstinere
1931 910 2027 951 vo-

459 1007 644 1062 lebant
676 1004 948 1073 :denique
981 1002 1141 1056 etiam
1181 998 1493 1069 prophetas,
1536 991 1829 1063 quominus
1865 1002 2028 1058 opere

463 1111 564 1151 suo
596 1094 969 1164 fungerentur,
1001 1088 1381 1159 prohibuistis.
1410 1084 1552 1152 Quid
1595 1082 1722 1163 inde
1759 1078 1959 1145 porro?

531 1197 696 1252 Vens.
718 1196 898 1251 t5-l6.
920 1227 989 1237 —-
1013 1214 1030 1246 ι
1055 1195 1396 1263 Quapropter
1410 1207 1537 1247 ecce
1554 1207 1653 1263 ego
1668 1193 1824 1247 volvo
1841 1190 2029 1247 subter

463 1305 579 1353 vos,
609 1288 1060 1358 quemadmodum
1096 1287 1332 1341 volvitur
1353 1284 1655 1353 plaustrum
1688 1280 1887 1351 stipula
1916 1280 2031 1349 ple-

465 1398 613 1434 num.
635 1380 698 1433 Et
717 1381 911 1450 peribit
931 1378 1056 1449 fuga
1076 1393 1104 1431 a
1122 1392 1347 1432 cursore
1372 1393 1387 1430 :
1418 1383 1471 1429 et
1491 1374 1648 1428 fortis
1665 1388 1774 1426 non
1796 1371 2033 1442 posside-

464 1470 544 1525 bit
583 1473 727 1525 vires
773 1454 951 1525 suasf
985 1477 1039 1523 et
1077 1476 1343 1538 pugnator
1379 1480 1487 1520 non
1528 1464 1757 1519 salvabit
1798 1461 2032 1515 animam

465 1576 642 1616 suam:
665 1569 715 1615 et
743 1560 1053 1629 sagittarius
1073 1574 1179 1613 non
1210 1557 1500 1612 sustinebit
1526 1573 1540 1610 :
1564 1562 1617 1609 et
1634 1555 1786 1608 velox
1808 1552 2033 1621 pedibus

2119 440 2245 503 τοὺς
2273 436 2636 510 ήγιασμένους
2671 430 2809 487 οἶνον
2830 449 2844 462 ·
2876 430 2972 484 καλ⁵
2996 431 3109 491 τοῖς
3135 426 3441 497 προφήταις
3475 422 3690 476 ἐνετέλ-

2120 529 2279 583 λεσθε
2320 528 2586 596 λέγοντες·
2631 525 2705 578 Οὑ
2761 522 2836 595 μὴ
2865 517 3297 592 προφητεύσητε.
3336 534 3357 568 ι
3401 512 3689 583 Διεμένετε

2119 622 2229 692 γὰρ
2254 620 2532 691 προδήλως
2562 619 2643 681 εἰς
2678 615 2776 687 τὴν
2804 614 2962 685 χάριν
2980 608 3363 686 ἐξυϐρίζοντες
3392 603 3491 675 τήν
3523 601 3687 673 ἐμὴν,

2122 711 2248 774 τούς
2304 727 2365 763 τε
2438 708 2577 781 πρὸς
2638 705 3024 776 ἀκριϐέστερον
3082 696 3496 769 ἀφωρισμένους
3575 692 3689 763 βίον

2122 801 2524 871 ἀναγκάζοντες
2552 799 2694 852 οῐνου
2722 796 2967 867 μετέχειν
2988 793 3081 847 καὶ
3108 790 3216 844 τῶν
3248 786 3449 842 λοιπῶν
3476 786 3690 839 ὁπόσων

2125 896 2214 950 διά
2237 895 2335 966 τὴν
2357 891 2687 961 ἐπαγγελίαν
2708 887 3007 959 ἀπέχεσθαι
3040 882 3294 937 ἔσπευδον
3320 882 3421 953 τὴν
3444 878 3651 932 οἰκείαν
3670 915 3688 940 ,

2126 987 2221 1042 καὶ
2268 986 2395 1048 τοὺς
2446 982 2728 1055 προφήτας
2774 978 3052 1050 προδήλως
3092 974 3391 1036 κωλύοντες
3438 972 3499 1024 τὸ
3527 970 3691 1041 ἔργον

2127 1077 2366 1133 ἐκτελεῖν
2390 1075 2452 1129 τὸ
2486 1076 2703 1128 οἰκεῖον.
2741 1071 2911 1141 ’Υπέρ
2937 1069 3000 1140 δὴ
3025 1067 3228 1121 τούτων
3256 1065 3338 1129 τίς

2197 1189 2346 1259 Στίχ.
2382 1192 2580 1256 ιγ’-ις’.
2610 1214 2680 1226 ——
2721 1202 2741 1236 ι
2774 1183 2871 1236 Διά
2897 1180 3053 1234 τοῦτο
3085 1180 3191 1233 ἰδοὺ
3224 1176 3333 1247 ἐγὼ
3359 1174 3531 1230 κυλίω
3564 1176 3699 1229 ὑπο-

2130 1278 2279 1331 κάτω
2306 1275 2488 1347 ὑμῶν,
2517 1275 2575 1328 ὃν
2618 1273 2814 1345 τρόπον
2848 1270 3088 1324 κυλίεται
3120 1271 3154 1338 ή
3180 1268 3361 1338 ἅμαξα
3380 1269 3413 1337 ή
3448 1266 3697 1336 γέμουσα

2133 1370 2227 1424 κα)
2239 1370 2414 1441 άμης·
2444 1368 2540 1424 καὶ
2570 1367 2850 1421 ἀπολεῖται
2886 1364 3031 1435 φυγὴ
3060 1366 3124 1418 ἐκ
3148 1362 3420 1434 δρομέως⁶
3453 1362 3541 1429 (p.
3569 1358 3698 1427 159)

2133 1462 2230 1516 ml.
2248 1465 2277 1515 6
2297 1460 2557 1532 κραταιὸς
2574 1459 2734 1530 οὑνμὴ
2759 1460 3002 1530 κρατήσῃ
3022 1456 3119 1526 τῆς
3143 1452 3322 1523 ἰσχύος
3340 1450 3501 1504 αὑτοῦ
3520 1467 3535 1479 '
3559 1450 3655 1503 καὶ
3669 1451 3702 1502 6

2138 1554 2385 1625 μαχητὴς
2417 1552 2477 1605 οὑ
2506 1553 2579 1624 μὴ
2605 1549 2751 1623 σώσῃ
2771 1551 2870 1620 τὴν
2889 1547 3066 1619 ψυχήν
3087 1545 3251 1599 αὑτοῦ
3274 1559 3287 1572 ·
3308 1542 3404 1597 καὶ
3429 1543 3458 1595 6
3472 1541 3701 1609 τοξότης

468 1652 583 1707 suis
608 1665 715 1705 non
745 1650 1076 1705 salvabitur:
1116 1656 1168 1703 et
1192 1661 1359 1717 eques
1390 1661 1499 1700 non
1539 1644 1767 1700 salvabit
1794 1642 2029 1695 animam

2150 1647 2195 1698 >ύ
2228 1645 2300 1715 μή
2327 1645 2532 1714 ὑποστῇ
2556 1660 2570 1673 ·
2599 1642 2689 1696 καὶ
2712 1644 2739 1695 6
2766 1640 2888 1706 ὀξὺς
2908 1644 3018 1703 τοῖς
3044 1638 3199 1691 ποσὶν
3216 1636 3383 1691 αὑτοῦ
3400 1634 3461 1688 οὑ
3488 1633 3565 1705 μὴ
3579 1635 3700 1686 δια-

469 1753 625 1793 suam
659 1755 672 1792 :
708 1745 762 1792 et
791 1736 1005 1792 validus
1034 1751 1142 1790 non
1165 1733 1402 1789 inveniet
1432 1749 1526 1789 cor
1556 1748 1716 1788 suum
1748 1732 1803 1785 in
1831 1741 2026 1801 poten-

469 1828 694 1882 tatibus.
741 1845 760 1879 ι
820 1826 979 1882 Tales
1028 1840 1129 1896 ego
1184 1825 1339 1880 vobis
1385 1839 1576 1895 pcenas
1631 1823 1920 1889 adducam,
1967 1832 2028 1876 ut

470 1917 700 1989 plaustri
732 1919 904 1973 instar
936 1917 1089 1972 valde
1116 1916 1319 1983 onusti,
1349 1924 1404 1971 et
1440 1922 1660 1986 propter
1698 1929 1862 1984 grave
1888 1929 2028 1971 onus

470 2008 829 2077 impositum,
893 2006 1024 2061 dum
1088 2007 1353 2071 trahitur,
1423 2006 1710 2061 stridorem
1794 2005 2027 2069 edentis.

474 2114 691 2168 pressos
750 2112 848 2153 vos
920 2098 1185 2151 malorum
1273 2096 1531 2167 pondere,
1614 2096 1912 2152 ululatibus
1969 2113 2033 2153 ac

472 2191 784 2259 gemitibus,
833 2190 1002 2244 multa
1088 2204 1212 2243 cum
1269 2191 1418 2246 vocis
1487 2191 1858 2255 contentione,
1941 2191 2031 2245 in-

481 2280 706 2348 dulgere
734 2293 873 2350 opus
902 2280 992 2335 sit.
1042 2278 1178 2332 Tum
1214 2294 1388 2350 neque
1415 2280 1668 2351 expedito
1708 2280 1778 2335 ad
1808 2296 2033 2335 cursum

479 2368 664 2439 fugere
710 2370 849 2423 mala
912 2370 1115 2434 licebit,
1147 2386 1326 2441 neque
1365 2371 1494 2426 forti
1533 2387 1646 2427 suae
1675 2373 1819 2429 vires
1850 2375 2038 2444 prode-

477 2466 627 2523 runt,
666 2475 843 2529 neque
869 2459 934 2513 ad
964 2475 1198 2531 pugnam
1225 2462 1532 2533 bellumque
1554 2471 1775 2534 paratus
1810 2467 2037 2520 salutem

479 2552 741 2620 consequi
771 2551 915 2621 potis
944 2552 1089 2606 erit:
1122 2553 1217 2608 sed
1247 2562 1302 2608 et
1347 2542 1641 2625 sagittandi
1688 2558 1897 2625 peritus
1947 2558 2042 2611 im-

480 2640 741 2709 possibile
769 2641 1045 2710 negotium
1091 2641 1312 2697 babebit
1349 2661 1361 2697 :
1403 2659 1576 2712 neque
1604 2646 1649 2699 si
1682 2646 1805 2715 quis
1845 2650 2037 2716 pedum

483 2730 805 2799 pernicitate
831 2731 991 2793 valet,
1018 2731 1248 2785 salutem
1281 2742 1643 2802 consequetur
1674 2753 1686 2788 :
1720 2750 1894 2804 neque
1916 2737 2040 2791 item

480 2831 651 2886 equos
682 2819 883 2885 agitare
920 2819 1115 2873 doctus
1149 2837 1163 2873 :
1198 2827 1471 2888 postremo
1509 2838 1577 2876 ne
1617 2823 1653 2877 ii
1696 2826 1912 2893 quidem
1947 2828 2041 2896 qui

486 2908 602 2960 suis
631 2908 838 2962 viribus
884 2908 1039 2961 valde
1085 2909 1392 2970 confidunt,
1457 2913 1719 2966 rationem
1770 2915 2044 2970 invenient

2135 1735 2312 1805 σωθῇο
2347 1735 2440 1787 καὶ
2477 1734 2505 1786 6
2552 1734 2748 1796 ἱππεὺς
2774 1733 2835 1785 οὐ
2873 1732 2946 1803 μὴ
2993 1729 3141 1801 σώσῃ
3169 1728 3267 1800 τὴν
3293 1726 3468 1797 ψυχὴν
3499 1724 3698 1778 αὑτοῦ*

2136 1826 2229 1881 καὶ
2253 1828 2282 1879 6
2328 1824 2583 1897 κραταιὸς
2621 1823 2680 1876 οὑ
2732 1821 2807 1893 μὴ
2849 1808 2993 1893 εὑρη
3023 1820 3123 1890 τὴν
3163 1819 3389 1890 καρδίαν
3429 1816 3596 1871 αὑτοῦ
3641 1818 3701 1868 ἐν

2136 1917 2487 1979 δυναστείαις.
2525 1934 2543 1967 ι
2581 1914 2844 1977 Τοιαύτας
2874 1913 3003 1983 ὑμῖν
3048 1910 3233 1976 ἐπάξω
3278 1908 3377 1973 τὰς
3408 1907 3701 1978 τιμωρίας,

2138 2009 2278 2062 ὥστε
2300 2008 2453 2079 δίκην
2487 2005 2701 2077 ἀμάξης
2727 2004 2866 2071 άγαν
2894 1999 3328 2073 πεφορτισμένης
3371 1998 3466 2051 καὶ¹
3498 1996 3703 2066 πολλὴν

2139 2101 2205 2153 ἐκ
2244 2099 2337 2152 τοῦ
2392 2098 2590 2169 βάρους
2631 2096 2737 2149 τῶν
2766 2093 3124 2164 ἐπικειμένων
3154 2092 3213 2144 ἐν
3234 2090 3311 2161 τῷ
3330 2087 3583 2143 ’ἕλκεσθαι
3610 2087 3705 2140 τὸν

2140 2188 2365 2261 τρισμὸν
2414 2183 2800 2253 ἀποτελούσης,
2849 2182 3197 2252 πιεζομένους
3240 2175 3499 2248 ὑμᾶςιτῷ
3548 2174 3708 2244 βάρει

2142 2278 2250 2333 τῶν
2277 2277 2481 2342 κακῶν,
2515 2274 2795 2342 ὀλολυγαῖς
2823 2289 2881 2325 τε
2910 2272 3002 2325 καὶ
3036 2271 3356 2339 στεναγμοῖς
3392 2265 3530 2337 μετά
3577 2268 3709 2318 πολ-

2142 2371 2242 2441 λῆς
2284 2368 2579 2440 κεχρῆσθαι
2621 2370 2719 2439 τῆς
2766 2365 3099 2427 ἐπιτάσεως’
3152 2362 3229 2425 ὠς
3274 2361 3407 2433 μήτε
3445 2359 3522 2429 τῷ
3569 2359 3712 2430 πρὸς

2143 2462 2337 2532 δρόμον
2363 2460 2683 2531 ὴκονημένῳ
2708 2456 2936 2524 δυνατὴν
2964 2450 3099 2508 εῖναι
3125 2453 3223 2525 τὴν
3252 2453 3359 2506 ἀπὸ
3385 2451 3493 2505 τῶν
3519 2450 3708 2503 κακῶν

2147 2553 2343 2624 φυγήν,
2379 2553 2513 2623 μήτε
2538 2551 2593 2604 δέ
2623 2548 2826 2620 ἰσχυρῷ
2856 2548 2953 2617 τῆς
2981 2545 3273 2617 περιούσης
3303 2539 3441 2597 εἷναί
3465 2560 3517 2596 τι
3545 2542 3711 2595 δυνά·

2151 2661 2293 2715 μεως
2314 2642 2521 2712 ὄφελος,
2544 2642 2678 2711 μήτε
2705 2639 2780 2709 τῷ
2808 2640 2936 2709 περὶ
2972 2638 3150 2707 μάχην
3185 2636 3279 2689 καὶ
3310 2634 3541 2705 πόλεμον
3571 2652 3646 2687 πα
3656 2651 3715 2705 ρ-

2148 2734 2526 2805 εσκευασμένῳ
2544 2732 2763 2786 δυνατὸν
2778 2724 2917 2785 εἶναι
2939 2730 3184 2783 ἐντεῦθεν
3198 2726 3451 2799 εὑρέσθαι
3470 2726 3593 2779 τινὰ
3617 2742 3717 2777 σω-

2147 2845 2213 2898 τη
2223 2827 2340 2898 ρίαν
2358 2841 2372 2856 ⁶
2405 2826 2770 2881 ἀνυπόστατον
2790 2824 2847 2878 δέ
2869 2818 3006 2877 εἶναι
3035 2822 3096 2875 τὸ
3118 2823 3348 2892 πρᾶγμα
3369 2818 3460 2873 καὶ
3480 2817 3557 2888 τῷ
3587 2817 3717 2887 περὶ

2150 2920 2248 2989 τὴν
2289 2917 2494 2984 τοξείαν
2526 2916 2803 2988 ἐμπείρῳο
2835 2915 2908 2986 μὴ
2933 2912 3190 2967 δύνασθαι
3221 2912 3278 2965 δὲ
3327 2909 3459 2980 μηδέ
3493 2906 3717 2975 ὀξύτητι

484 3011 591 3065 qua
617 2997 909 3051 haerentem
941 2997 1043 3052 sibi
1078 2998 1330 3052 virtutem
1372 3011 1644 3055 exserant.
1680 3001 1777 3059 His
1822 3006 1892 3059 ob
1939 3021 2043 3060 ma-

2152 3008 2326 3061 ποδῶν
2369 3008 2703 3079 κεχρημένον
2755 3004 3006 3077 εὑρέσθαι
3053 3002 3176 3056 τινὰ
3222 2999 3524 3070 σωτηρίαν·
3578 2996 3719 3069 ἀλλά

484 3086 661 3139 lorum
715 3087 1142 3156 magnitudinem
1188 3086 1669 3145 demonstrandam
1704 3092 1888 3160 dictis,
1931 3112 2051 3167 per-

487 3176 561 3244 git
592 3192 789 3246 porro:
829 3194 849 3229 ι
892 3176 987 3232 llle
1018 3179 1108 3247 qui
1137 3177 1319 3233 nudus
1346 3188 1431 3234 est
1461 3180 1548 3236 die
1578 3182 1669 3236 illa
1696 3182 1935 3254 elIugiet,
1967 3188 2049 3241 di-

486 3269 561 3322 cit
582 3268 856 3323 Dominus.
874 3290 891 3321 ι
913 3268 1018 3323 Pro
1035 3285 1099 3323 eo
1118 3284 1180 3322 ac
1202 3270 1349 3324 dicat
1370 3285 1383 3321 :
1404 3270 2047 3347 Pauperrimusquisque,

490 3367 543 3409 et
580 3359 649 3410 ob
677 3365 971 3426 egestatem
1011 3359 1383 3429 vilitatemque
1410 3376 1562 3415 suam
1598 3364 1747 3418 nullo
1795 3366 1847 3419 in
1869 3362 2045 3435 pretio

490 3445 632 3513 apud
658 3448 791 3500 alios
817 3447 1056 3513 habitus,
1096 3450 1182 3503 hic
1212 3450 1361 3506 solus
1389 3451 1563 3505 salute
1593 3453 1853 3521 potietur,
1879 3456 2050 3525 negli-

491 3538 743 3609 gentibus
790 3555 912 3593 eum
968 3540 1434 3609 comprehendere
1490 3542 1710 3596 vilitatis
1747 3558 1913 3601 causa
1950 3545 2050 3601 bo-

494 3632 688 3685 stibus.
726 3629 848 3684 Mox
881 3639 1005 3685 ante
1033 3630 1195 3686 dictis
1229 3630 1512 3700 sequentia
1548 3635 1862 3689 connectit:

2155 3099 2288 3169 μηδὲ
2319 3100 2404 3168 ἐφ’
2448 3099 2629 3152 ἵππων
2653 3095 2914 3165 ⁷ἐλαύνειν
2958 3094 3134 3148 εἰδότα
3153 3108 3167 3123 ·
3211 3092 3337 3155 τούς
3361 3107 3421 3144 τε
3454 3090 3546 3143 ἐπὶ
3572 3089 3722 3159 ἰσχύϊ

2155 3190 2296 3260 μέγα
2339 3188 2689 3261 φρονοῦντας,
2740 3187 2872 3259 μηδὲ
2912 3186 3184 3258 εὑρίσκειν
3222 3183 3370 3246 ὅπως
3398 3181 3464 3235 ἂν
3509 3183 3577 3251 τῇ
3624 3197 3719 3251 με-

2151 3278 2317 3351 νούσῃ
2364 3280 2654 3349 χρήσαιντο
2700 3276 2961 3346 δυνάμειο
3005 3274 3177 3329 ταῦτα
3202 3275 3283 3337 εἰς
3313 3271 3585 3339 ἀπόδειξιν
3618 3270 3717 3323 τοῦ

2154 3367 2415 3437 μεγέθους
2440 3366 2548 3419 τῶν
2590 3364 2775 3419 κακῶν
2808 3362 3075 3435 εἰρηκὼς,
3107 3360 3321 3429 ἐπάγεν
3361 3379 3378 3411 ι
3424 3360 3482 3412 '0
3512 3357 3723 3427 γυμνὸς

2154 3457 2405 3527 φεύξεται
2436 3460 2495 3510 ἐν
2526 3457 2707 3528 ἐκείνῃ
2758 3458 2821 3528 τῇ
2849 3456 3030 3526 ἡμέρᾳ
3050 3493 3065 3517 ,
3094 3452 3240 3521 λέγει
3277 3450 3499 3522 Κύριος.
3537 3467 3555 3500 ι
3602 3450 3724 3501 Ἵνα

2146 3547 2271 3619 εῐπῃ
2307 3550 2398 3618 (p.
2436 3548 2571 3616 160)
2613 3547 2694 3599 ὅτι
2744 3548 2772 3599 6
2798 3544 3120 3607 πενέστατος
3173 3543 3268 3596 καὶ
3308 3542 3374 3595 δι’
3408 3538 3720 3610 ὑπερϐολήν

2147 3639 2376 3708 ἀπορίας
2410 3655 2469 3690 τε
2498 3638 2591 3691 καὶ
2626 3636 2915 3699 εὐτελείας,
2960 3635 3079 3689 οὑδὲ
3106 3635 3163 3688 ἐν
3188 3632 3332 3703 λόγῳ
3372 3633 3486 3694 τοῖς
3510 3631 3726 3694 λοιποῖς

495 3723 773 3794 ὑπάρχων.
821 3716 973 3786 οὗτος
1023 3724 1180 3792 μόνος
1221 3721 1410 3793 εὕρετο
1431 3721 1496 3775 ἂν
1526 3724 1645 3778 τότε
1678 3728 1979 3799 σωτηρίαν,
2008 3730 2349 3802 ἀμελούντων
2375 3732 2536 3786 αὑτοῦ
2561 3733 2659 3802 τῆς
2683 3730 3016 3801 συλλήψεως,
3048 3729 3138 3783 διὰ
3159 3729 3259 3800 τήν
3282 3728 3575 3794 εὐτέλειαν,
3614 3726 3725 3779 τῶν

494 3815 619 3865 πολε
630 3816 783 3883 μίωνο
815 3808 931 3864 εἶτα
962 3813 1310 3865 ἐπισυνάπτει
1338 3813 1451 3875 τοῖς
1480 3813 1816 3884 εἰρημένοιςο

1145 3904 1299 3959 CAP.
1320 3903 1408 3958 Ill.

571 3997 729 4066 106
759 3993 924 4049 Vens.
956 3994 1072 4047 l-6.
1096 4025 1164 4034 —
1196 4014 1214 4046 ι
1238 3995 1436 4050 Audite
1467 3998 1693 4051 verbum
1730 3997 1857 4063 hoc,
1910 4002 2056 4070 quod

500 4088 714 4143 locutus
743 4094 829 4141 est
866 4084 1125 4140 Dominus
1158 4100 1323 4154 super
1360 4101 1478 4149 vos,
1520 4101 1552 4140 ο
1592 4089 1786 4144 domus
1817 4087 2057 4155 lsraelis,

500 4193 554 4237 et
592 4183 850 4235 adversus
889 4193 1108 4232 omnem
1155 4179 1357 4233 tribum
1403 4179 1836 4251 quam'IEgypto
1873 4184 2059 4251 eduxi,

2800 3908 2956 3961 ΚΕΦ.
2972 3944 2977 3953 ι
2993 3908 3068 3961 Γ.

2225 4000 2371 4071 Στίχ.
2400 4000 2553 4065 αὀς’.
2585 4028 2656 4059 —.—
2688 4017 2708 4050 ι
2758 3998 3049 4052 Ἀκούσατε
3091 3998 3183 4053 τὸν
3222 3999 3381 4069 λόγον
3423 4000 3616 4054 τοῦτον
3668 4003 3729 4055 δν

2157 4091 2381 4160 ἐλάλησε
2426 4090 2628 4161 Κύριος
2656 4090 2739 4157 ἐφ’
2774 4089 2936 4158 ὑμᾶς,
2965 4085 3115 4153 οῐκος
3171 4089 3419 4161 Ἰσραήλ,
3457 4091 3552 4143 καὶ
3582 4093 3729 4146 κατά

2157 4180 2337 4249 πάσης
2374 4179 2543 4250 φυλῆς
2578 4175 2947 4253 ἦςνάνήγαγον
2978 4182 3041 4233 ἐκ
3084 4180 3185 4250 τῆς
3210 4181 3488 4250 Αἰγύπτου
3510 4182 3688 4251 λέγων
3711 4201 3726 4216 ·

502 4275 721 4328 dicens:
755 4270 1142 4327 Verumtamen
1173 4284 1271 4325 vos
1294 4272 1527 4341 cognovi
1549 4272 1616 4327 de
1642 4274 1856 4329 cunctis
1885 4276 2043 4329 tribu‘

2159 4269 2306 4340 Πλὴν
2352 4267 2496 4339 ὑμᾶς
2545 4267 2713 4337 ἔγνων
2761 4271 2826 4321 ἐκ
2878 4269 3065 4323 πασῶν
3115 4270 3295 4338 φυλῶν
3330 4273 3429 4341 τῆς
3473 4272 3605 4342 γῆς·
3640 4272 3732 4325 διὰ

504 4366 607 4419 bus
638 4372 835 4429 terrae;
877 4362 1081 4418 ideirco
1116 4362 1353 4417 ulciscar
1386 4379 1549 4433 super
1593 4379 1688 4418 vos
1722 4366 1901 4420 omnia
1935 4381 2043 4436 pec

2161 4360 2317 4414 τοῦτο
2339 4360 2607 4430 ἐκδικήσω
2627 4361 2708 4429 ἐφ’
2724 4360 2863 4430 ὑμᾶς
2886 4360 3063 4424 πάσας
3076 4362 3174 4424 τὰς
3195 4363 3471 4432 ἁμαρτίας
3490 4362 3669 4433 ὑμῶν.
3707 4384 3726 4417 ι

504 4462 625 4507 cata
658 4460 856 4507 vestra.
879 4471 896 4503 ι
935 4452 1120 4522 Neque
1164 4453 1532 4522 perfunctorie
1578 4455 1692 4511 haec
1720 4457 2000 4513 aestimetis
2032 4471 2063 4511 a

508 4543 617 4597 Deo
661 4543 727 4596 de
753 4544 904 4597 vobis
935 4545 1316 4612 pronuntiata;
1371 4561 1495 4600 nam
1527 4547 1621 4616 qui
1651 4563 1746 4602 vos
1788 4562 1977 4603 omnes
1999 4548 2068 4603 de

509 4629 727 4704 Egypti
759 4632 1021 4688 servitute
1045 4634 1316 4700 liberavit,
1347 4637 1679 4708 singularem
1711 4654 1822 4708 prae
1852 4639 2067 4695 cunctis

513 4724 823 4778 hominibus
877 4724 1296 4780 sollicitudinem
1344 4730 1509 4782 vestri
1556 4730 1874 4790 ostendens,
1926 4728 2067 4783 idem

516 4834 665 4872 nunc
720 4831 937 4887 quoque
991 4816 1058 4869 ad
1109 4831 1207 4871 vos
1260 4818 1500 4887 loquitur
1553 4818 1756 4887 justam
1810 4820 2072 4874 minitans

519 4925 757 4980 pinnam.
798 4924 861 4963 eo
891 4910 1034 4978 quod
1073 4909 1269 4978 ingrati
1314 4909 1644 4965 benefactori
1677 4919 1827 4966 tanto
1850 4913 2073 4967 exstite-

519 5002 659 5055 ritis.
700 5000 802 5053 «Si
844 4999 1068 5055 omnino
1123 4999 1476 5055 ambulabunt
1529 5002 1638 5055 duo
1684 5003 1907 5072 pariter,
1941 5003 2072 5072 quin

521 5091 662 5143 inter
693 5106 751 5143 se
795 5098 983 5144 mutuo
1015 5088 1321 5143 revclent‘h
1353 5090 1430 5141 Ad
1467 5089 1735 5144 dictorum
1789 5089 2078 5145 confirma-

518 5180 744 5239 tionem,
779 5177 1370 5249 demonstrandumque
1389 5180 1532 5233 haud
1568 5188 1769 5237 temere
1802 5183 1912 5237 haec
1935 5182 2078 5239 dicta

527 5266 715 5329 fuisse,
747 5269 1015 5322 subnectit
1044 5271 1319 5337 sequentia
1354 5269 1701 5338 huiusmodi:
1735 5271 1793 5325 Si
1832 5274 1947 5326 fieri
1984 5289 2081 5344 po-

525 5366 652 5421 test,
681 5358 875 5427 inquit,
894 5368 953 5412 ut
975 5359 1081 5413 duo
1108 5362 1321 5429 longam
1353 5361 1555 5430 pariter
1579 5363 1900 5419 emetientes
1914 5365 2079 5430 viam,

2166 4450 2315 4521 Μηδὲ
2343 4450 2593 4521 πάρεργα
2612 4492 2626 4514 ,
2657 4452 2822 4521 φησὶ,
2864 4450 3157 4521 ποιήσεσθε
3202 4451 3373 4505 ταῦτα
3396 4452 3461 4523 δὴ
3491 4452 3560 4506 τά
3600 4456 3733 4526 περὶ

2165 4543 2317 4613 ὑμῶν
2364 4543 2792 4613 ἀποπεφασμένα
2819 4543 2969 4613 παρά
2999 4545 3092 4597 τοῦ
3127 4544 3293 4598 Θεοῦο
3324 4546 3507 4617 ἐπειδὴ
3540 4548 3568 4599 6
3592 4548 3733 4600 πάν-

2165 4651 2264 4697 τας
2313 4633 2457 4704 ὑμᾶς
2508 4635 2608 4704 τῆς
2662 4635 2720 4687 ἐν
2758 4634 3027 4705 Αἰγύπτῳ
3076 4635 3317 4699 δουλείας
3378 4636 3730 4703 ἀπαλλάξας,

2167 4725 2437 4796 ἐξαίρετόν
2486 4742 2543 4777 τε
2589 4725 2708 4778 τότε
2758 4725 2907 4796 παρά
2966 4726 3172 4790 πάντας
3228 4727 3547 4798 ἀνθρώπους
3602 4731 3734 4800 περὶ

2169 4818 2313 4886 ὑμᾶς
2344 4817 2442 4887 τήν
2475 4816 2796 4887 κηδεμονίαν
2846 4817 3280 4888 ἐπιδειξάμενος,
3332 4811 3489 4883 οὗτος
3537 4819 3599 4889 δὴ
3642 4822 3737 4874 καὶ

2169 4908 2264 4963 νῦν
2291 4908 2647 4977 ἀποφαίνεται
2677 4908 2848 4961 ταῦτα
2886 4909 3014 4980 περὶ
3052 4910 3206 4979 ὑμῶν
3238 4909 3450 4963 δικαίαν
3496 4911 3738 4966 ἀπειλῶν

2172 4997 2269 5070 τήν
2298 4997 2588 5068 τιμωρίαν,
2635 4997 2774 5068 ὑπὲρ
2819 4992 2893 5051 ὧν
2921 4996 3092 5062 οὕτως
3139 4997 3451 5069 ἀγνώμονες
3484 5002 3611 5072 περί⁵
3648 5004 3740 5055 τὸν

2172 5087 2418 5143 τοσοῦτον
2451 5088 2705 5156 γεγόνατε
2750 5088 3064 5160 εὐεργέτην.
3108 5109 3126 5142 ι
3166 5091 3229 5143 Εἰ
3257 5091 3611 5161 πορεύσονται
3650 5094 3744 5148 δύο

2175 5179 2268 5231 ἐπὶ
2303 5178 2363 5231 τὸ
2390 5178 2519 5231 αὑτδ
2544 5179 2792 5243 καθόλου,
2827 5181 2922 5233 ἐὰν
2954 5180 3027 5252 μή
3056 5181 3393 5253 γνωρίσωσιν
3425 5185 3677 5249 ἑαυτούς.
3723 5208 3739 5238 ι

2176 5272 2271 5334 Εἰς
2305 5269 2588 5340 βεϐαίωσιν
2610 5270 2719 5324 τῶν
2740 5272 3079 5343 εἰρημένων,
3107 5274 3199 5325 καὶ
3229 5273 3500 5341 ἀπόδειξιν
3537 5277 3631 5329 τοῦ
3671 5279 3745 5347 μὴ

2178 5359 2252 5423 ὡς
2308 5359 2492 5429 ἔτυχεν
2546 5361 2793 5431 εἰρῆσθαι
2839 5362 2907 5414 τά
2969 5364 3265 5434 είρημένα,
3321 5367 3512 5435 ἐπάγει
3586 5372 3746 5423 ταυτί

529 5448 759 5501 invicem
796 5450 974 5503 celent
1021 5451 1373 5518 profectionis
1424 5466 1668 5515 causam,
1716 5468 1892 5523 neque
1941 5455 2043 5508 han

2178 5448 2382 5502 τοιοῦτό
2408 5468 2459 5502 τι
2506 5451 2675 5518 λέγων
2695 5467 2708 5481 ’
2731 5452 2794 5503 Εἰ
2822 5454 3087 5524 ἐγχωρεῖ,
3134 5455 3288 5525 φησὶ,
3327 5456 3418 5509 δύο
3443 5459 3585 5511 κατὰ
3614 5477 3747 5513 ταυ-

529 5539 670 5593 inter
701 5554 760 5593 se
786 5541 1205 5604 communicent,
1248 5550 1308 5595 ut
1341 5542 1633 5612 conjuncta
1664 5544 1933 5599 sententia
1980 5545 2043 5600 ite

2181 5543 2269 5595 τὸν
2322 5542 2535 5614 μακρὰν
2598 5542 2856 5607 ἀνύοντας
2910 5542 3026 5597 ὁδὸν
3078 5544 3168 5597 διὰ
3228 5546 3428 5610 παντὸς
3468 5549 3746 5619 ἀλλήλους

532 5631 850 5698 absolvant;
883 5632 929 5688 si
961 5631 1085 5698 hoc,
1135 5632 1376 5702 inquam,
1414 5634 1523 5700 ﬁet,
1557 5642 1669 5689 tum
1700 5635 1865 5691 etiam
1895 5636 2083 5692 hostes

2184 5635 2386 5705 κρύψαι
2433 5638 2531 5707 τῆς
2577 5633 2696 5688 ὁδοῦ
2741 5636 2838 5703 τὴν
2881 5635 3092 5702 αἰτίαν,
3133 5637 3225 5690 καὶ
3269 5638 3343 5709 μὴ
3368 5639 3743 5695 ,κοινώσασθαι
