3976 6226
286 285 388 340 261

1315 272 1860 337 COMMENTARIUS
1887 275 1954 333 IN
1995 272 2203 332 AMOSI
2241 273 2394 333 CAP.
2419 273 2514 330 111.

3426 274 3533 330 262

287 397 521 460 ἐαυτοῦς
567 395 693 466 περὶ
737 395 966 465 ταύτης,
995 395 1090 448 καὶ
1125 393 1191 466 δὴ
1239 396 1331 448 καὶ
1356 396 1509 465 κοινῇ
1551 392 1745 465 γνώμῃ
1771 390 1870 461 τὴν

1981 388 2179 458 absque
2205 386 2300 444 Dei
2340 388 2619 443 voluntate
2641 400 2739 442 vos
2770 386 3172 457 aggredientur.
3219 408 3237 438 ι
3259 386 3316 442 Si
3351 389 3532 460 rugiet

288 486 600 558 ὁδοιπορίαν
662 484 887 551 ἀνύσαι,
941 486 1031 555 (p.
1078 484 1217 555 161)
1266 485 1535 551 ἐνδέξεται
1600 483 1696 537 καὶ
1738 483 1865 545 τοὺς

292 575 585 645 πολεμίους
639 574 714 644 μὴ
763 575 906 628 κατὰ
950 574 1175 645 γνώμην
1223 573 1318 628 τοῦ
1370 574 1505 628 Θεοῦ
1553 573 1728 627 ἐλθεῖν
1778 571 1862 639 ἐφ’

292 663 458 731 ὑμᾶς.
513 679 532 712 ι
570 663 633 714 Εἰ
679 661 962 732 ἐρεύξεται
1003 662 1137 716 λέων
1164 665 1228 717 ἐκ
1267 662 1362 717 τοῦ
1407 662 1612 735 δρυμοῦ
1666 660 1861 727 αὑτοῦ,

293 750 467 819 θήραν
516 751 618 802 οὑκ
666 751 835 820 ἔχων·
885 752 935 803 εἰ
991 750 1149 804 δώσει
1202 752 1439 823 σκύμνος
1482 751 1663 823 φωνὴν
1697 750 1863 804 αὑτοῦ

293 840 527 893 καθόλου
549 879 563 901 ,
610 839 705 893 ἐάν
751 839 825 909 μὴ
852 840 1075 912 ἀρπάσῃ
1095 857 1170 893 τι.
1205 858 1223 890 ι
1263 842 1325 893 Εἰ
1354 840 1656 909 ἐνδέχεται,
1694 838 1860 908 φησὶ,

292 932 485 985 λέοντα
527 932 561 1002 ἢ
610 934 674 985 ἐκ
718 932 817 1001 τῆς
878 932 1114 1002 μάνδρας
1160 931 1349 1002 βοῆσαι
1386 933 1481 1001 τῆς
1522 931 1755 996 οἰκείας,
1789 929 1862 999 μὴ

291 1026 469 1095 θήρας
518 1024 706 1094 ἔχοντα
753 1025 1104 1095 προσδοκίαν·
1152 1026 1201 1077 εἰ
1231 1024 1324 1077 καί
1365 1022 1646 1091 ἑωρακότα
1680 1039 1753 1085 τι,
1790 1018 1864 1090 μὴ

289 1116 570 1186 ἁρπάσαι·
623 1114 717 1168 καὶ
764 1115 872 1185 γὰρ
908 1115 999 1168 καὶ
1042 1112 1278 1185 σκύμνον
1330 1114 1492 1166 πάλιν
1534 1112 1624 1166 τὸν
1681 1112 1865 1166 λέοντα

292 1206 478 1273 λέγει·
512 1206 589 1268 ὡς
618 1206 692 1258 ὅτ’
718 1205 784 1258 ἂν
807 1204 935 1275 εἴπῃ
956 1221 968 1234 ·
1004 1224 1023 1255 ι
1064 1204 1128 1257 Τί
1161 1206 1306 1258 ἐστιν
1339 1204 1643 1277 ἄνθρωπος,
1688 1204 1720 1273 ἢ
1748 1203 1864 1267 υἰὸς

293 1296 624 1365 ἀνθρώπου;
663 1315 680 1346 ι
720 1296 782 1348 Εἰ
829 1296 1009 1349 τοίνυν
1055 1295 1255 1358 ταῦτα,
1292 1297 1474 1366 φησὶν,
1519 1291 1629 1348 οἷόν
1668 1313 1727 1348 τε
1768 1312 1864 1363 γε-

293 1389 517 1450 νέσθαι,
550 1387 820 1456 ἐνδέχεται
848 1388 942 1441 καὶ
973 1388 1062 1441 τὸν
1096 1387 1350 1457 πολέμιον
1377 1388 1466 1440 τὸν
1497 1386 1759 1457 ὑμέτερον
1793 1388 1859 1456 τῇ

294 1479 383 1546 ἐφ’
412 1480 557 1548 ὑμᾶς
594 1479 737 1548 ὁρμῇ
770 1479 1111 1549 χρήσασθαι,
1148 1479 1221 1549 μὴ
1249 1480 1453 1542 πάντας
1495 1480 1638 1549 ὑμᾶς
1679 1478 1865 1547 ὥσπερ

294 1569 421 1622 τινὰ
470 1568 913 1637 συλλαμϐάνοντα
966 1569 1155 1641 θήραν.
1212 1588 1231 1619 ι
1273 1570 1336 1622 Ei
1385 1574 1631 1622 πεσεῖται
1680 1569 1864 1639 ὄρνεον

296 1663 391 1713 ἐπὶ
408 1662 508 1731 τὴν
535 1660 639 1729 γῆν
655 1661 780 1713 ἄνευ
802 1659 1003 1723 ἰξευτοῦ
1021 1677 1036 1690 ·
1054 1662 1102 1713 εἰ
1128 1660 1453 1730 χασθήσεται
1474 1660 1636 1728 παγὶς
1654 1659 1744 1712 ἐπὶ
1763 1659 1864 1728 τῆς

1972 478 2026 532 in
2061 478 2196 533 silva
2220 478 2325 541 leo,
2348 477 2460 533 nisi
2492 475 2744 531 habuerit
2766 475 3039 546 praedam;
3071 476 3115 530 si
3141 475 3290 530 dabit
3315 481 3533 537 catulus

1969 571 2091 638 ejus
2126 584 2315 626 vocem
2368 583 2521 625 suam
2555 566 2798 631 omnino,
2846 567 2952 623 nisi
2991 567 3194 637 aliquid
3226 572 3482 638 rapuerit.
3507 590 3527 623 ι

1973 656 2028 713 Si
2062 658 2175 713 fieri
2208 668 2384 728 potest
2418 667 2476 712 ut
2519 658 2604 712 leo
2632 657 2700 712 de
2746 657 3003 726 spelunca
3034 671 3132 712 sua
3161 658 3379 725 clamet,
3428 662 3532 717 nisi

1973 749 2098 804 ferat
2122 749 2399 818 capiendae
2428 748 2708 802 immineat
2732 764 2747 813 ;
2773 747 2855 802 vel
2882 749 2927 801 si
2958 748 3164 817 aliquid
3188 750 3388 813 videat,
3424 766 3533 805 non

1973 842 2164 911 rapiat.
2200 838 2334 893 Nam
2365 839 2529 895 etiam
2558 834 2822 894 vocabulo
2857 838 3069 891 catulus
3106 839 3312 893 leonem
3351 840 3533 895 denuo

1970 930 2137 984 dicit:
2172 929 2333 984 veluti
2363 929 2453 983 ubi
2480 928 2716 983 dicitur:
2763 945 2781 978 ι
2800 928 2940 993 Quid
2965 939 3047 983 est
3071 928 3251 994 homo,
3275 937 3369 983 aut
3389 928 3533 986 filius

1976 1021 2214 1076 hominis
2227 1019 2369 1073 "-"1'
2387 1039 2405 1072 ι
2426 1019 2482 1074 Si
2503 1035 2652 1089 ergo,
2675 1019 2875 1090 inquit,
2894 1020 3006 1074 haec
3021 1019 3137 1075 fieri
3148 1020 3380 1089 possint,
3403 1030 3535 1077 tunc

1970 1112 2243 1181 continget
2268 1111 2455 1174 etiam,
2484 1117 2545 1164 ut
2585 1111 2760 1165 hostis
2780 1122 2972 1167 vester
3002 1110 3267 1168 adversus
3303 1129 3404 1170 vos
3433 1115 3536 1168 im-

1970 1209 2151 1271 petum
2174 1200 2358 1267 faciat,
2408 1200 2542 1272 quin
2568 1201 2730 1257 simul
2752 1216 2940 1257 omnes
2964 1217 3063 1258 vos
3109 1211 3365 1273 tanquam
3396 1220 3534 1276 prae-

1969 1293 2093 1347 dam
2125 1292 2426 1347 venaticam
2478 1294 2681 1362 capiat.
2722 1312 2739 1345 ι
2765 1294 2821 1348 Si
2865 1294 3022 1349 cadet
3068 1294 3187 1350 avis
3239 1296 3295 1350 in
3327 1303 3534 1351 terram

1970 1386 2175 1453 absque
2195 1398 2403 1453 aucupe
2431 1402 2445 1450 ;
2477 1384 2523 1439 si
2547 1384 2861 1440 demittetur
2884 1385 3112 1454 laqueus
3136 1386 3376 1450 interra,
3402 1387 3533 1457 quin

1971 1474 2179 1543 aliquid
2232 1474 2721 1544 comprehendat.»
2768 1472 2922 1529 Sicut
2950 1475 3115 1538 enim,
3161 1475 3359 1548 inquit,
3408 1492 3535 1532 aves

1971 1566 2039 1619 ab
2062 1565 2363 1635 aucupibus
2396 1565 2511 1634 capi
2542 1566 2751 1629 solent;
2794 1575 2844 1620 et
2882 1566 3060 1635 laquei
3095 1573 3225 1620 tunc
3254 1568 3410 1637 107
3440 1583 3536 1622 ex-

1970 1657 2151 1712 cidere
2188 1671 2311 1710 cum
2341 1656 2545 1725 aliquid
2570 1656 3012 1725 comprehensuri
3041 1664 3202 1711 sunt:
3250 1658 3326 1711 ita
3357 1667 3411 1712 et
3435 1674 3535 1715 vos

295 1753 431 1821 γῆς.
464 1752 592 1806 ἄνευ
620 1750 713 1802 τοῦ
746 1750 1022 1803 συλλαϐεῖν
1056 1768 1127 1802 τι.
1175 1768 1193 1800 ι
1241 1751 1324 1813 Ὠς
1359 1750 1465 1820 γὰρ
1492 1751 1561 1804 τά
1590 1767 1648 1802 τε
1670 1749 1861 1818 ὄρνεα,

1981 1755 2175 1801 .autum
2232 1748 2498 1799 malorum
2559 1747 2763 1816 perpeti
2812 1762 3040 1803 necesse
3093 1748 3219 1811 erit,
3283 1748 3536 1805 hostibus

296 1846 499 1913 φησιν,
550 1841 655 1894 ὑπὸ
710 1842 939 1906 ἰξευταῖς
991 1840 1357 1911 λαμϐάνεσθαι
1419 1841 1638 1894 εἴωθεν·
1694 1840 1755 1894 αἴ
1807 1857 1865 1892 τε

1981 1832 2146 1884 livina
2173 1832 2451 1885 voluntate
2477 1831 2809 1884 irruentibus
2836 1838 2890 1883 et
2926 1828 3535 1899 compreliendentibus,

295 1931 527 1999 παγξδες
566 1928 866 1998 τηνικαῦτα
892 1928 1195 1993 ἐκπίπτειν,
1230 1928 1398 1981 ἐπειδ’
1420 1928 1485 1982 ἄν
1524 1945 1576 1981 τι
1604 1929 1697 1981 καὶ
1746 1927 1863 1980 συλ-

1966 1914 2075 1966 imo
2101 1921 2155 1967 et
2181 1913 2235 1966 in
2264 1913 2633 1982 captivitatem
2667 1928 2761 1966 vos
2792 1911 3208 1968 abducentibus.
3243 1934 3262 1966 ι
3306 1914 3362 1968 Si
3383 1916 3536 1970 clan-

295 2021 598 2092 λαμϐάνειν
645 2020 944 2090 μέλλωσιν,
995 2018 1135 2072 οὕτω
1185 2020 1281 2073 καὶ
1342 2020 1486 2089 ὑμᾶς
1537 2019 1598 2072 τὸ
1650 2018 1870 2071 τοσοῦτο

1981 2005 2051 2064 get
2099 1995 2229 2049 tuba
2272 1995 2324 2047 in
2357 1994 2597 2058 civitate,
2647 2002 2702 2049 et
2730 1995 2966 2064 populus
3002 2011 3110 2049 non
3142 2009 3488 2066 expavescet.
3511 2016 3531 2050 ι

300 2116 481 2184 μεῖναι
528 2112 638 2164 τῶν
698 2110 883 2163 κακῶν
934 2108 1181 2178 ἀνάγκη,
1227 2108 1336 2162 τῶν
1396 2109 1669 2178 πολεμίων
1729 2108 1870 2162 κατά

294 2203 527 2271 γνώμην
572 2200 723 2255 θείαν
769 2202 1029 2256 ἐπιόντων
1066 2219 1124 2254 τε
1170 2201 1262 2255 καὶ
1312 2201 1867 2273 συλλαμϐανομένων,

296 2298 393 2349 καὶ
537 2295 630 2349 καὶ
670 2296 752 2357 εἰς
797 2292 1168 2363 αἰχμαλωσίαν
1201 2295 1517 2362 ἀπαγόντων
1547 2295 1709 2364 ὑμᾶς.
1748 2311 1767 2344 ι
1806 2294 1869 2347 Εἰ

297 2389 542 2458 φωνήσει
592 2385 823 2454 σάλπιγξ
869 2388 928 2438 ἐν
978 2386 1159 2446 πόλει,
1209 2387 1302 2439 καί
1327 2386 1453 2449 λαὸς
1477 2386 1538 2438 οὑ
1573 2386 1869 2456 πτοηθήσε-

294 2498 408 2533 ται.
447 2499 467 2531 ι
505 2480 570 2532 Εἰ
618 2479 884 2547 ἐνδέχεται
919 2478 1109 2549 ἀθρόον
1142 2477 1438 2545 σάλπιγγος
1473 2479 1530 2531 ὲν
1565 2478 1714 2531 πόλει
1742 2477 1868 2547 βοη-

299 2573 494 2642 σάσης,
524 2570 599 2640 μὴ
632 2573 765 2623 πᾶσι
784 2571 1011 2639 πτόησιν
1037 2568 1352 2637 ἐγγενέσθαι
1381 2568 1475 2620 ἐπὶ
1504 2570 1568 2638 τῇ
1592 2567 1698 2620 τῶν
1724 2584 1871 2635 γινο-

302 2661 481 2732 μένων
521 2661 748 2732 ἀδηλία,
797 2658 1065 2725 ἐνδέξεται
1121 2660 1216 2715 καὶ
1267 2660 1409 2730 ὑμᾶς
1453 2658 1734 2731 ἀθορύϐως
1781 2659 1876 2712 καί¹

1970 2078 2024 2131 Si
2060 2079 2173 2132 fieri
2218 2086 2396 2147 potest
2426 2087 2503 2141 ut,
2540 2078 2668 2131 tuba
2704 2078 2757 2130 in
2807 2078 3023 2131 civitate
3062 2079 3367 2149 clangente,
3407 2095 3540 2136 con-

1970 2160 2232 2214 sternatio
2263 2175 2368 2212 non
2406 2160 2616 2212 accidat
2651 2159 2717 2213 iis
2749 2159 2841 2229 qui
2873 2160 2950 2214 rei
2979 2175 3201 2215 causam
3246 2154 3536 2231 ignorant:

1971 2250 2104 2296 tunc
2135 2257 2233 2295 vos
2264 2257 2480 2309 quoque
2511 2242 2759 2311 poteritis
2783 2244 3035 2311 intrepidi
3068 2253 3232 2312 atque
3258 2246 3542 2303 indemnes

1971 2325 2220 2379 bellicam
2244 2325 2434 2378 audire
2460 2326 2666 2378 tubam.
2710 2344 2728 2376 ‹
2750 2323 2805 2380 Si
2831 2327 2936 2379 erit
2959 2342 3199 2381 aerumna
3226 2329 3279 2382 in
3297 2330 3540 2394 civitate.

1972 2421 2136 2475 quam
2158 2405 2419 2460 Dominus
2442 2421 2547 2461 non
2567 2406 2827 2461 effecerit.
2852 2427 2869 2459 ι
2898 2407 3053 2462 Sicut
3076 2411 3179 2464 ista
3202 2412 3544 2481 impossibile

1973 2497 2056 2545 est
2085 2504 2191 2542 non
2223 2496 2347 2543 ante
2372 2488 2520 2542 dicto
2546 2490 2707 2543 modo
2738 2489 2966 2553 fieri,ita
3006 2492 3344 2561 impossibile
3377 2503 3463 2549 est
3488 2505 3544 2552 et

1984 2574 2192 2629 civitati
2222 2582 2418 2629 vestrae
2443 2575 2741 2643 quamlibet
2791 2590 3088 2630 aerumnam
3131 2579 3401 2647 accidere,
3436 2581 3545 2638 nisi

1986 2672 2106 2711 eam
2138 2656 2281 2711 Deus
2309 2658 2464 2712 vobis
2495 2657 2802 2711 adduxerit.

298 2756 554 2819 ἀϐλαϐῶς
581 2757 679 2826 τῆς
709 2755 1004 2826 πολεμικῆς
1031 2756 1257 2808 ἀκοῦσαι
1292 2755 1608 2823 σάλπιγγος.
1650 2772 1668 2805 ι
1717 2755 1777 2807 Εἰ
1803 2756 1953 2807 ἐσται
1983 2752 2151 2806 κακία
2187 2754 2244 2805 ἐν
2272 2753 2445 2818 πόλει,
2475 2754 2493 2818 (
2513 2769 2563 2823 p.
2600 2753 2733 2822 162)
2760 2753 2827 2824 ἢν
2860 2754 3063 2823 Κύριος
3091 2754 3191 2808 οὑκ
3214 2755 3484 2828 ἐποίησεν.
3520 2777 3539 2813 ι

309 2850 399 2912 Ὠς
419 2851 477 2902 δὲ
508 2849 683 2904 ταῦτα
711 2849 966 2903 ἀδύνατον
1001 2850 1074 2919 μὴ
1108 2849 1229 2902 καθ’
1258 2849 1316 2903 ὃν
1346 2849 1449 2920 ἔφη
1471 2848 1723 2917 γενέσθαι
1751 2848 1972 2920 τρόπον,
2004 2848 2175 2911 οὑτως
2202 2848 2457 2901 ἀδύνατον
2482 2849 2575 2900 καί¹
2597 2848 2665 2901 τὰ
2697 2849 2821 2916 περὶ
2852 2848 2948 2918 τὴν
2971 2848 3123 2902 πόλιν
3153 2850 3250 2921 τὴν
3277 2852 3550 2923 ὑμετέραν

303 2943 579 3013 συμϐῆναι
610 2940 776 3003 κακά,
811 2943 887 3012 μὴ
914 2940 1047 2994 Θεοῦ
1070 2940 1440 3008 ἐπαγαγόντος
1470 2941 1618 3010 ὑμῖν.

373 3033 527 3102 Στίχ.
574 3032 707 3096 ζ’-ι’.
738 3060 807 3071 --
846 3048 864 3081 ι
894 3030 1034 3083 Διότι
1086 3030 1159 3101 μὴ
1208 3031 1407 3102 ποιήσῃ
1450 3030 1653 3100 Κύριος
1690 3031 1718 3081 ό
1743 3028 1876 3090 Θεὸς

2055 3025 2223 3081 Vsus.
2271 3027 2423 3081 ’1-10.
2457 3055 2528 3065 -
2567 3028 2967 3092 «Quamobrem
3031 3045 3139 3083 non
3195 3030 3353 3087 faciet
3406 3031 3548 3089 Deus

304 3127 563 3195 πρᾶγμα,
582 3123 677 3176 ἐάν
708 3121 782 3193 μὴ
805 3121 1126 3191 ἀποκαλύψῃ
1154 3120 1398 3173 παιδείαν
1420 3119 1583 3174 αὑτοῦ
1609 3120 1741 3191 πρὸς
1755 3121 1880 3182 τοὺς

301 3215 527 3277 δούλους
555 3212 724 3266 αὑτοῦ
745 3213 867 3275 τοὺς
895 3215 1192 3282 προφήτας.
1222 3231 1240 3262 ι
1271 3213 1347 3264 Οὑ
1373 3211 1549 3265 τοίνυν
1578 3211 1697 3263 οὑδέ
1718 3212 1879 3281 ἡμεῖς

308 3308 488 3377 μάτην
526 3303 902 3375 φθεγγόμεθα,
943 3303 1055 3355 ἀλλ’
1104 3302 1275 3356 ὁπόσα
1314 3302 1445 3365 Θεὸς
1491 3301 1721 3354 δέδωκεν
1750 3302 1879 3370 ἡμῖν

305 3400 516 3451 εἰπεῖν·
557 3396 617 3457 ὃς
661 3394 768 3463 πρὸ
803 3394 909 3446 τῶν
955 3394 1291 3464 πραγμάτων
1334 3392 1577 3463 βούλεται
1623 3392 1689 3445 δι’
1725 3392 1881 3463 ήμῶν

308 3485 615 3558 μηνύεσθαι
654 3484 726 3537 τά
768 3484 1017 3554 ἐσόμενα,
1051 3483 1143 3536 καὶ
1172 3486 1313 3554 ἆπερ
1351 3486 1429 3546 εἰς
1468 3482 1743 3537 παίδευσιν
1787 3484 1884 3535 ἐπ·-

306 3576 463 3640 ἁγειν
499 3571 682 3641 μέλλει
711 3570 807 3640 τὴν
841 3571 1107 3641 ὑμετέραν
1130 3587 1144 3601 ·
1181 3571 1256 3634 ώς
1286 3572 1352 3624 ἂν
1396 3571 1619 3642 εἰδείητε
1649 3571 1755 3624 τῶν
1788 3572 1878 3622 ὲπ·

306 3666 596 3734 αγομένων
628 3663 752 3733 ὑμῖν
790 3661 973 3715 κακῶν
998 3664 1094 3733 τὴν
1126 3663 1321 3726 αἰτίαν,
1361 3665 1490 3733 παρ’
1520 3664 1643 3716 ὅτου
1687 3680 1745 3715 τε
1790 3662 1884 3715 καὶ

310 3755 452 3825 ὑπὲρ
481 3747 558 3806 ὧν
582 3754 880 3821 ἐπάγεσθαι
909 3752 1108 3823 μέλλει.
1141 3772 1160 3805 ι
1180 3754 1329 3806 Λέων
1358 3753 1654 3825 ἐρεύξεται,
1686 3754 1778 3807 καί
1802 3753 1885 3817 τίς

309 3848 371 3900 οὑ
411 3845 824 3916 φοϐηθήσεται;
866 3844 1068 3914 Κύριος
1102 3846 1131 3895 ό
1173 3844 1302 3907 Θεὸς
1342 3844 1601 3915 ἐλάλησε,
1655 3846 1748 3899 κα)⁵
1801 3845 1885 3908 τίς

308 3937 372 3992 οὑ
415 3935 817 4008 «pom-rstica;
851 3954 868 3986 ι
935 3934 1057 3988 Οὑτ’
1103 3931 1193 3987 οὖν
1247 3935 1455 3998 λέοντος
1515 3935 1884 4005 φθεγγομένου

316 4029 479 4098 μέγα,
512 4026 738 4079 δυνατὸν
767 4026 839 4098 μὴ
860 4027 1009 4096 φόϐῳ
1028 4026 1393 4097 λαμϐάνεσθαι
1424 4027 1490 4080 τά
1515 4029 1688 4099 κτήνη
1708 4045 1721 4057 ·
1750 4026 1884 4080 Θεοῦ

315 4138 373 4173 τε
424 4118 885 4188 ἀποφαινομένου,
932 4120 1032 4172 οὑκ
1074 4118 1217 4172 ἔστιν
1259 4121 1405 4189 ἡμᾶς
1451 4119 1524 4189 μὴ
1562 4119 1699 4189 μετά
1737 4119 1887 4182 δέους

317 4210 709 4283 ὑπηρετεῖσθαι
729 4212 836 4272 τοῖς
863 4210 1011 4280 αύτῷ
1031 4210 1291 4264 δοκοῦσιν.
1321 4228 1340 4261 ι
1365 4209 1752 4277 Ἀπαγγείλατε
1778 4209 1887 4280 χώ-

321 4320 440 4373 ραις
459 4305 519 4355 ἐν
535 4300 856 4371 Ἀσσυρίοις,
879 4301 972 4353 καὶ
993 4301 1082 4353 ἐπὶ
1097 4300 1191 4363 τάς
1212 4299 1391 4371 χώρας
1413 4302 1470 4351 ἐν
1498 4303 1566 4371 γῇ
1591 4300 1884 4368 Αἰγύπτου·

1981 3118 2303 3187 quidquam,
2336 3118 2442 3171 nisi
2473 3120 2793 3173 revelaverit
2822 3120 3168 3189 disciplinam
3196 3138 3348 3177 suam
3374 3127 3549 3183 servis

1980 3211 2097 3265 suis
2121 3211 2421 3279 prepbetis.
2451 3229 2469 3260 ι
2506 3209 2688 3280 Itaque
2713 3227 2779 3265 ne
2805 3226 2906 3265 nos
2935 3212 3151 3280 quidem
3183 3221 3384 3269 temere
3405 3218 3550 3285 apud

1981 3316 2076 3355 vos
2118 3301 2415 3369 loquimur,
2452 3301 2546 3355 sed
2599 3316 2721 3371 quae
2753 3300 2897 3356 Deus
2942 3303 3102 3358 nobis
3142 3304 3416 3359 commisit
3464 3308 3551 3360 di-

1981 3392 2186 3456 cenda;
2220 3392 2311 3461 qui
2348 3402 2475 3447 ante
2524 3407 2705 3446 rerum
2737 3400 3013 3457 eventum,
3043 3395 3158 3449 vult
3194 3411 3291 3465 per
3346 3412 3448 3452 nos
3484 3399 3551 3452 si-

1980 3481 2224 3552 gnificari
2280 3481 2483 3545 futura,
2534 3492 2587 3538 et
2619 3498 2740 3552 qua:
2769 3483 2837 3536 ad
2868 3485 3271 3553 correptionem
3304 3495 3545 3542 vestram

1982 3581 2208 3627 acturus
2236 3581 2356 3635 est;
2389 3582 2447 3627 ut
2472 3576 2713 3630 noscatis
2742 3575 3074 3630 indictorum
3113 3578 3378 3632 malorum
3415 3595 3546 3635 cau-

1984 3680 2123 3730 sam,
2150 3672 2203 3720 et
2226 3681 2334 3734 quo
2356 3675 2580 3721 auctore
2610 3673 2666 3720 et
2690 3681 2851 3736 quam
2892 3667 2962 3720 ob
2991 3682 3104 3720 rem
3136 3676 3393 3723 eventura
3420 3671 3547 3729 sint.

1989 3775 2008 3807 ι
2029 3756 2137 3811 Leo
2166 3758 2363 3825 rugiet.
2395 3765 2448 3810 et
2480 3756 2603 3825 quis
2631 3772 2738 3810 non
2762 3756 3010 3811 timebit?
3040 3757 3302 3814 Dominus
3333 3761 3549 3817 locutus

1984 3854 2088 3908 est,
2120 3854 2172 3900 et
2198 3846 2321 3915 quis
2346 3862 2451 3900 non
2475 3845 2818 3915 prophetabit
2837 3846 2860 3898 ?
2880 3865 2898 3895 ι
2925 3845 3035 3902 Nec
3067 3847 3222 3903 leone
3246 3850 3408 3919 igitur
3435 3866 3549 3905 ma.

1985 3953 2145 4008 gnam
2178 3953 2361 3992 vocem
2384 3937 2599 4000 edente,
2624 3938 2738 3993 fieri
2777 3946 2956 4008 potest
2991 3949 3049 3993 ut
3110 3941 3296 3996 bestiae
3333 3958 3439 3997 non
3457 3960 3553 3997 ex-

1987 4038 2311 4097 pavescant:
2368 4044 2543 4099 neque
2568 4028 2680 4085 Deo
2710 4031 3005 4096 revelante,
3042 4031 3155 4086 fieri
3192 4042 3369 4102 potest
3415 4050 3555 4104 quo-

1987 4121 2167 4175 minus
2200 4135 2299 4175 nos
2333 4135 2455 4174 cum
2490 4121 2685 4175 timore
2713 4120 3081 4191 obsequamur
3111 4124 3376 4176 voluntati
3408 4126 3548 4191 ejus.

1994 4232 2010 4264 ι
2034 4213 2367 4267 Annuntiate
2389 4212 2703 4283 regionibus
2721 4212 2862 4283 apud
2881 4213 3159 4284 Assyrios,
3180 4223 3233 4268 et
3256 4216 3553 4283 provinciis

1991 4303 2211 4359 interra
2254 4303 2499 4374 Egypti,
2549 4313 2603 4359 et
2649 4304 2864 4360 dicite:
2917 4304 3334 4375 Congregamini
3390 4323 3554 4375 super

320 4395 413 4447 καὶ
440 4396 629 4445 εἴπατε
653 4407 668 4420 ·
706 4391 1011 4462 Συνάχθητε
1041 4392 1133 4443 ἐπὶ
1167 4392 1231 4445 τὰ
1278 4392 1377 4461 ὅρη
1417 4391 1746 4461 Σαμαρείας,
1797 4392 1877 4445 καῖ

1994 4403 2204 4450 montes
2234 4396 2515 4458 Samarite,
2542 4404 2595 4450 et
2618 4395 2792 4451 videte
2816 4396 3083 4450 mirabilia
3106 4396 3273 4450 multa
3299 4397 3350 4451 in
3376 4400 3553 4453 medio

323 4486 455 4537 ἴδετε
492 4482 786 4553 θαυμαστά
829 4482 995 4535 πολλά
1029 4484 1086 4533 ἐν
1132 4482 1280 4552 μέσῳ
1309 4483 1497 4552 αὐτῆς,
1537 4482 1629 4534 καὶ
1662 4483 1895 4535 καταδυ-

324 4575 576 4628 ναστείαν
620 4575 678 4625 ἐν
721 4574 889 4642 αὑτῇ·
932 4574 1025 4626 καὶ
1077 4573 1175 4625 οὑκ
1220 4574 1360 4641 ἔγνω
1400 4572 1435 4626 ἃ
1480 4572 1630 4626 ἔσται
1656 4574 1896 4627 ἐναντίον

326 4667 511 4736 αὐτῆς,
537 4664 685 4731 λέγει
709 4663 927 4734 Κύριος.
960 4682 977 4713 ι
998 4662 1082 4725 Ὠς
1103 4663 1210 4733 γὰρ
1232 4662 1641 4733 πιστωσάμενος
1664 4663 1725 4715 τὸ
1756 4664 1895 4717 κατά

326 4756 549 4826 γνώμην
573 4753 706 4805 Θεοῦ
736 4754 959 4823 μηνύειν
986 4754 1165 4816 αὑτοῖς
1192 4754 1259 4806 τὰ
1290 4753 1539 4823 ἐσόμενα,
1576 4751 1781 4816 Πάντες
1808 4753 1893 4823 δὴ,

329 4844 803 4916 φησ¹ιν,’Δσσύριοί
836 4860 895 4896 τε
930 4844 1021 4897 καὶ
1045 4844 1327 4911 Αἰγύπτιοι
1355 4845 1517 4914 ἥκετε
1545 4845 1635 4897 ἐπὶ
1671 4844 1767 4915 τὴν
1786 4846 1893 4898 Σα-

332 4937 556 5007 μάρειαν
585 4935 838 5005 ὀψόμενοι
866 4934 1026 5007 ἡλίκῃ
1071 4936 1208 4990 κατά
1237 4935 1344 4987 τῶν
1374 4935 1770 5007 ἀσθενεστέρων
1808 4936 1897 4989 κέ-

330 5044 554 5097 χρηνται
573 5028 639 5096 τῇ
668 5025 955 5095 δυναστείᾳ
973 5045 984 5053 ·
1005 5025 1212 5096 (p.165)
1229 5027 1325 5079 οὑκ
1348 5027 1783 5095 ἀναλογιζόμενοι
1809 5022 1896 5079 οἷα

333 5117 602 5168 πείσονται
633 5115 771 5186 ὑπὲρ
804 5113 1024 5179 τούτων,
1058 5116 1407 5186 ὀργιζομένου
1441 5118 1558 5169 κατ’
1598 5119 1775 5170 αὑτῶν
1803 5118 1895 5171 τοῦ

333 5205 459 5258 Θεοῦ
483 5224 497 5236 ·
527 5204 799 5271 γνώσεσθε
829 5204 935 5274 γάρ
962 5206 1042 5257 ὅτι
1068 5205 1277 5259 δικαίαν
1306 5208 1485 5271 αὑτοῖς
1509 5209 1647 5279 ὑπὲρ
1680 5203 1753 5262 ὧν
1782 5209 1896 5263 δια-

337 5298 655 5366 πράττονται
676 5294 923 5363 τοιαύτην
947 5295 1138 5363 ἐπάγει
1167 5296 1262 5366 τὴν
1289 5298 1549 5369 τιμωρίαν
1570 5316 1581 5327 ·
1611 5298 1895 5369 πεπολιορ-

338 5390 558 5457 κηκότες
597 5387 707 5457 γὰρ
760 5388 955 5450 αὐτοὺς
994 5387 1284 5457 Ἀσσύριοι,
1334 5390 1461 5452 τοὺς
1502 5392 1897 5461 καταπεφευγό-

337 5496 427 5541 τας
452 5482 510 5545 ea
540 5479 722 5532 αὑτῶν
751 5479 843 5531 ἐπὶ
874 5479 970 5549 τὴν
998 5481 1288 5547 Αἴγυπτον,
1320 5480 1634 5545 ἐξείλκυσάν
1668 5500 1726 5537 τε
1756 5485 1896 5538 ἐκεῖ·

406 5678 523 5712 δυ’
563 5678 711 5735 Psal.
755 5693 870 5744 vui,
907 5678 961 5733 5.
1037 5678 1083 5710 ⁸⁸
1115 5676 1242 5734 058.
1284 5693 1358 5747 ιι,
1393 5679 1442 5734 6-

1993 4487 2166 4550 illius,
2201 4495 2254 4540 et
2282 4488 2692 4557 oppressionem
2727 4488 2779 4540 in
2830 4502 2923 4541 ea:
2957 4496 3012 4541 et
3052 4487 3262 4556 ignorat
3306 4505 3426 4558 quae
3460 4490 3558 4543 im-

1991 4578 2201 4633 minent
2230 4593 2415 4632 coram
2446 4580 2584 4649 ipsa,
2616 4580 2691 4631 ait
2716 4578 2995 4635 Dominus.
3017 4598 3035 4632 ι
3071 4579 3366 4651 Quasijam
3395 4582 3554 4637 fidem

1992 4668 2359 4736 impetrasset,
2407 4685 2464 4724 se
2512 4669 2794 4724 voluntate
2849 4668 2940 4724 Dei
3000 4673 3199 4741 populo
3246 4673 3556 4742 significare

1992 4759 2173 4813 futura
2197 4802 2210 4826 ,
2234 4759 2459 4827 Omnes,
2494 4761 2694 4831 inquit,
2726 4761 2936 4832 Assyrii
2974 4769 3137 4832 atque
3174 4762 3434 4832 IEgyptii,
3463 4780 3554 4819 ve-

1991 4851 2103 4904 nite
2121 4849 2442 4916 Samariam,
2472 4862 2524 4907 et
2548 4853 2725 4909 videte
2761 4862 2964 4924 quanta
2992 4856 3063 4910 ibi
3101 4857 3170 4909 sit
3195 4856 3553 4912 inﬁrmiorum

1991 4943 2305 5014 oppressio;
2360 4944 2489 4997 dum
2536 4960 2641 5000 non
2689 4953 2905 5016 reputat
2959 4943 3074 5000 fore
3108 4953 3164 4999 ut
3201 4945 3404 5013 justam
3448 4950 3553 5004 sibi

1992 5042 2214 5105 propter
2245 5049 2343 5089 sua
2377 5033 2620 5090 facinora
2654 5036 2795 5092 Deus
2837 5050 3049 5106 pmnam
3083 5036 3241 5106 108
3270 5037 3430 5092 talem
3463 5040 3559 5094 im-

1995 5135 2177 5194 ponat.
2201 5123 2337 5178 Nam
2361 5141 2484 5179 cum
2502 5127 2712 5198 Assyrii
2738 5143 2854 5182 eam
2874 5126 3225 5190 obsederunt,
3251 5129 3374 5186 illos
3393 5134 3556 5188 etiam

1999 5216 2090 5285 qui
2118 5216 2266 5269 illinc
2292 5216 2358 5270 ad
2380 5215 2667 5288 Egyptios
2695 5217 3064 5287 profugerant,
3110 5220 3347 5274 indidem
3386 5237 3559 5276 retra-

2002 5316 2214 5375 xerunt,
2241 5316 2295 5363 (λι
2320 5311 2460 5379 apud
2496 5312 2667 5379 ipsam
2691 5311 2981 5380 [Egyptum
3015 5314 3345 5381 puniverunt
3372 5333 3383 5368 :
3420 5318 3563 5371 sicut

2000 5400 2161 5454 etiam
2194 5400 2335 5470 apud
2362 5403 2555 5456 Oscam
2586 5400 2840 5455 dicitur“
2857 5443 2871 5467 ,
2893 5404 3037 5472 quod
3058 5423 3074 5455 ι
3096 5402 3167 5457 Ex
3189 5403 3402 5473 [Egypti
3422 5409 3566 5461 cala-

2007 5489 2191 5545 mitate
2219 5490 2533 5560 precedent,
2580 5498 2635 5545 et
2665 5492 2894 5563 excipiet
2946 5510 3039 5547 eos
3072 5495 3351 5564 Memphis,
3386 5504 3441 5549 et
3470 5513 3562 5553 eos
