3966 6222
461 267 568 324 263

1655 264 2007 321 THEODORI
2037 263 2524 321 MOPSUESTENI

3610 261 3713 314 261

469 382 750 438 Machmas
770 383 1355 456 sepeliet.iPr0pterea
1380 384 1543 455 igitur
1564 384 1629 436 ad
1658 398 1753 438 eos
1782 383 2037 452 loquitur,

2146 384 2257 449 Θεν,
2295 385 2389 439 καὶ
2416 384 2504 438 ἐπ’
2531 383 2701 454 αὐτῆς
2737 382 3144 454 ἐτιμωρήσαντο
3173 380 3270 451 τῆς
3301 380 3574 448 Αἰγύπτου
3596 394 3609 405 ·
3643 386 3719 444 ὼς

466 480 525 527 ut
547 488 720 544 pmnae
737 488 849 529 sua:
871 488 1090 529 causam
1113 484 1468 547 cognoscant.
1499 493 1518 547 ι
1542 474 1642 539 Qui
1666 474 2039 539 thesaurizant

466 567 811 634 iniquitatem
834 572 889 620 et
910 566 1183 631 miseriam
1206 568 1260 622 in
1283 567 1594 638 regionibus
1616 568 1750 620 suis.
1766 585 1784 618 ι
1820 564 2037 620 Multam

464 656 609 709 enim
649 652 703 709 et
736 656 1087 710 immodicam
1109 657 1375 712 adversus
1402 672 1669 727 pauperes
1699 657 2041 725 iniquitatem

467 755 856 809 exercuerunt,
892 746 1228 803 multimodis
1255 763 1349 803 eos
1376 747 1674 802 allicientes
1706 746 1946 815 injuriis.

2143 477 2237 528 καὶ
2274 476 2434 546 ’παρά
2485 476 2561 546 τῷ
2617 475 2774 545 Ὠσηέ
2835 491 3019 545 φησιν,
3070 475 3149 526 ὄτι
3196 474 3602 540 Πορεύσονται
3646 472 3719 524 ἐκ

2142 568 2541 634 ταλαιπωρίας
2586 567 2916 633 Αἰγύπτου,
2992 564 3090 617 καὶ
3135 563 3437 627 ἐκδέξεται
3494 560 3720 625 αὐτοὺς

2143 654 2393 723 Μέμφις,
2424 655 2523 709 καὶ
2551 654 2728 724 θάψει
2760 656 2980 721 αὐτοὺς
3009 653 3278 722 Μαχμὰς.
3312 654 3411 705 Διὰ
3433 651 3589 704 τοῦτο
3623 648 3718 705 οὖν

2147 744 2282 813 πρὸς
2315 744 2552 808 ἐκείνους
2595 746 2779 814 φησὶν,
2814 744 2887 807 ὡς
2933 744 2997 797 ἂν
3041 742 3229 813 μαθεῖν
3259 741 3568 810 ὀφείλοντας
3617 740 3716 808 τῆς

463 836 731 908 τιμωρίας
763 838 940 891 αὐτῶν
976 837 1073 896 τὴν
1109 839 1305 895 αἰτίαν.
1347 857 1367 890 ι
1409 839 1473 891 Οἱ
1507 836 1922 908 θησαυρίζοντες
1966 834 2178 888 ἀδικίαν
2227 836 2321 889 καὶ
2355 835 2723 904 ταλαιπωρίαν
2762 838 2817 887 ὲν
2854 836 2973 896 ταῖς
3011 834 3213 903 χώραις
3241 832 3438 886 αὐτῶν.
3483 853 3502 884 ι
3536 833 3713 900 Πολλῇ

468 930 577 994 γάρ
609 948 713 983 τινι
752 932 846 985 καὶ
885 932 1175 1003 ἀμετρήτῳ
1222 931 1515 1003 κέχρηνται
1558 933 1623 1001 τῇ
1670 930 1812 984 κατά
1851 928 1959 983 τῶν
2012 930 2257 998 πενήτων
2312 929 2521 1000 ἀδικία,
2575 929 3084 999 διαφόρωςλαὺτοὺς
3144 928 3551 998 περιϐάλλοντες
3596 932 3715 990 ταῖς

468 1024 779 1096 ἐπηρείαις.

538 1141 705 1199 Vens.
737 1144 820 1205 ll,
857 1145 940 1197 12.
964 1174 1035 1185 --
1076 1163 1093 1195 ι
1117 1143 1412 1214 Propterea
1447 1144 1560 1198 haec
1582 1143 1713 1198 dicit
1739 1144 2036 1199 Dominus:

473 1233 671 1304 Tyrus,
723 1249 777 1290 et
808 1235 861 1288 in
890 1234 1121 1288 circuitu
1156 1242 1300 1287 terra
1337 1244 1430 1288 tua
1463 1236 1817 1298 desolabitur,
1870 1242 1924 1289 et
1950 1235 2042 1289 de—

466 1327 715 1379 trahetur
743 1341 805 1379 ex
840 1334 891 1380 te
923 1324 1184 1379 fortitudo
1214 1332 1327 1389 tua,
1355 1334 1409 1380 et
1431 1326 1759 1396 diripientur
1790 1326 2041 1395 regiones

468 1423 594 1468 tuae.
621 1435 638 1466 ι
679 1414 752 1467 Ea
784 1423 1029 1486 propter,
1062 1416 1262 1485 inquit,
1291 1416 1525 1471 adducet
1564 1417 1716 1473 vobis
1754 1417 2041 1487 Assyrium

471 1504 635 1566 Deus,
693 1504 781 1573 qui
815 1504 1039 1574 Tyrum,
1094 1514 1148 1558 et
1180 1504 1486 1558 universam
1533 1514 1678 1577 tuam
1714 1503 1767 1557 in
1802 1504 2034 1557 circuitu

470 1604 695 1659 terram,
753 1595 805 1647 id
861 1595 1267 1663 est‘proximos
1312 1609 1523 1657 omnes,
1579 1595 1635 1647 in
1688 1594 2034 1649 solitudinem

470 1688 715 1757 rediget:
752 1688 804 1739 in
830 1694 1061 1752 tantum,
1091 1694 1150 1739 ut
1170 1686 1318 1739 nulla
1338 1701 1462 1756 spes
1490 1685 1587 1739 tibi
1616 1686 1821 1753 reliqua
1842 1685 2034 1739 salutis

471 1781 563 1847 sit,
608 1781 699 1833 tali
741 1788 999 1848 tantoque
1034 1780 1186 1833 hoste
1221 1778 1541 1833 obsidente:
1575 1778 1669 1849 qui
1700 1787 1822 1847 post
1854 1778 2036 1832 omnia

470 1872 825 1925 ﬁnitimorum
847 1871 1155 1940 absumpta,
1182 1878 1330 1923 tuam
1361 1885 1575 1940 quoque
1605 1872 1879 1940 regionem
1911 1886 2040 1940 pra:-

465 1959 647 2014 dando
673 1960 1123 2030 depopulabitur,
1148 1967 1206 2013 ut
1232 1960 1366 2013 nihil
1396 1959 1490 2012 tibi
1508 1961 1829 2014 aestimabile
1856 1976 2041 2029 super-

464 2050 708 2105 futurum
751 2054 838 2107 sit.
878 2051 1079 2107 Deinde
1105 2052 1424 2121 gravitatem
1460 2066 1680 2119 quoque
1716 2051 1868 2105 exitii
1893 2052 2039 2121 quod

465 2143 740 2214 patientur
770 2144 1059 2213 signiﬁcat.
1091 2159 1109 2192 ι
1136 2141 1260 2195 Ηιιξο
1286 2142 1417 2196 dicit
1438 2141 1699 2196 Dominus
1727 2158 1741 2197 :
1773 2140 2040 2207 Quemad-

466 2235 688 2290 modum
729 2235 776 2292 si
807 2236 1059 2290 extrahat
1096 2242 1282 2304 pastor
1308 2232 1375 2288 de
1401 2248 1495 2287 ore
1531 2232 1703 2288 leonis
1746 2233 1854 2287 duo
1878 2249 2039 2287 crura

466 2335 562 2379 aut
602 2333 909 2381 extremum
960 2325 1241 2389 auriculae,
1277 2326 1355 2380 sic
1388 2332 1652 2379 eruentur
1675 2324 1768 2379 filii
1801 2322 2035 2391 lsraelis,

466 2417 564 2485 qui
598 2416 842 2470 habitant
865 2413 1145 2479 Samariae,
1177 2431 1242 2470 ex
1270 2416 1498 2470 adverso
1523 2415 1698 2471 tribus
1722 2415 1993 2471 Damasci.
2015 2435 2033 2468 ι

471 2505 670 2571 Tanta,
704 2509 898 2577 inquit,
931 2514 1111 2562 vestra
1137 2507 1225 2561 ﬁet
1246 2508 1425 2570 ruina,
1460 2518 1517 2562 ut
1539 2507 1727 2577 paucis
1748 2506 2037 2562 admodum

465 2600 711 2661 salvatis.
770 2614 858 2654 res
910 2600 1044 2652 nihil
1089 2599 1307 2653 differre
1355 2600 1626 2663 videatur,
1681 2612 1743 2653 ac
1777 2600 1822 2654 si
1857 2615 1957 2654 ove
2008 2614 2039 2653 a

470 2688 626 2742 leone
656 2687 1053 2756 comprehensa
1097 2693 1151 2741 et
1181 2685 1316 2740 adeo
1340 2693 1685 2753 consumpta,
1712 2685 1801 2737 vix
1832 2684 2042 2754 exigua:

465 2780 589 2848 ejus
617 2789 799 2848 partes
834 2793 863 2830 a
898 2785 1115 2847 pastore
1145 2778 1359 2846 possint
1388 2791 1485 2829 ore
1520 2774 1693 2829 leonis
1728 2774 2039 2830 excidentes

465 2869 648 2938 colligi
677 2886 690 2921 :
728 2883 865 2937 quas
897 2867 1119 2936 quidem
1148 2865 1194 2921 is
1218 2865 1539 2925 contemnit,
1574 2872 1760 2932 utpote
1788 2863 2039 2917 excarni-

468 2960 658 3023 ﬁcatas
685 2965 737 3013 et
768 2956 1042 3011 alimonia:
1068 2971 1177 3009 non
1219 2955 1464 3009 idoneas.
1502 2953 1615 3006 lloc
1641 2954 1784 3007 enim
1823 2953 2040 3007 denota-

2209 1138 2355 1207 Στίχ.
2388 1136 2580 1206 ια’-ιβ’.
2612 1167 2680 1176 -
2728 1154 2747 1186 ‹
2770 1135 2868 1188 Διά
2910 1135 3066 1188 τοῦτο
3102 1133 3225 1186 τάδε
3270 1132 3419 1201 λέγει
3452 1134 3653 1204 Κύριος
3682 1136 3715 1189 ὁ

2139 1228 2269 1291 Θεός
2296 1242 2309 1256 ·
2355 1227 2529 1297 Τύρος
2570 1226 2663 1279 καὶ
2705 1224 2965 1277 κυκλόθεν
2996 1224 3123 1295 ήγῆ
3153 1242 3249 1279 σου
3270 1225 3708 1294 ἐρημωθήσεται,

2140 1321 2233 1373 καὶ
2264 1318 2485 1382 κατάξει
2518 1319 2581 1369 ἐκ
2611 1316 2704 1369 σοῦ
2734 1317 2831 1387 τὴν
2861 1315 3011 1386 ἰσχύν
3036 1333 3150 1379 σου,
3187 1316 3280 1367 καὶ
3307 1315 3712 1387 διαρπαγήσον-

2139 1427 2228 1463 ται
2269 1411 2325 1461 αἱ
2359 1410 2531 1480 χὼραί
2572 1426 2685 1462 σου.
2718 1428 2736 1461 ι
2782 1409 2952 1477 ’Υπὲρ
2967 1407 3030 1473 δὴ
3051 1406 3273 1471 τούτων,
3303 1408 3484 1477 φησὶν,
3517 1410 3710 1477 ἐπάγει

2139 1500 2228 1553 τὸν
2265 1501 2544 1571 Ἀσσύριον
2592 1502 2718 1571 ὑμῖν
2750 1503 2778 1553 ὁ
2804 1499 2955 1561 Θεὸς,
3001 1498 3058 1560 ὃς
3096 1499 3268 1569 Τύρον
3312 1516 3371 1552 τε
3406 1500 3499 1552 καὶ
3530 1501 3712 1554 πᾶσάν

2142 1608 2234 1643 σου
2265 1592 2359 1662 τὴν
2409 1590 2796 1661 περικειμένην
2843 1590 2968 1658 γῆν,
3019 1588 3106 1640 ἵνα
3158 1589 3531 1662 εἴπῃ,πάντας
3583 1592 3713 1655 τοὺς

2139 1682 2567 1751 περιοικοῦντας,
2600 1682 2837 1751 ἐρήμους
2869 1680 3197 1750 ἐργάσεται·
3238 1681 3312 1744 ὼς
3340 1682 3603 1751 μηδεμίαν
3625 1683 3714 1734 ἑλ-

2141 1774 2266 1825 πίδα
2301 1772 2432 1842 μηίὲ
2488 1772 2570 1823 σοὶ
2605 1770 2873 1841 σωτηρίας
2916 1771 3293 1839 ὑπολελεῖφθαι
3324 1772 3428 1824 ὑπὸ
3456 1773 3709 1826 τοσούτου

2139 1864 2573 1934 πολιορκουμένῳ
2632 1863 2920 1933 πολεμίου·
2974 1863 3223 1933 (p.164)
3271 1864 3538 1931 ἀφανίσας
3600 1866 3713 1936 γὰρ

2141 1956 2355 2009 ἅπαντα
2375 1955 2442 2007 τὰ
2470 1955 2575 2007 τῶν
2605 1956 2919 2026 περιοίκων,
2953 1955 3167 2008 ἅπασαν
3199 1954 3292 2007 καὶ⁴
3327 1955 3419 2008 σοῦ
3443 1955 3508 2007 δι’
3533 1958 3714 2026 ἁρπα-

2140 2048 2242 2116 γῆς
2270 2047 2551 2115 ποιήσεται
2584 2045 2681 2116 τὴν
2722 2044 2904 2117 χώραν
2924 2063 2936 2076 ·
2993 2047 3069 2109 ὠς
3100 2047 3263 2116 μηδὲν
3304 2046 3713 2118 περιλειφθῆναι

2138 2139 2244 2191 τῶν
2280 2138 2433 2205 λόγου
2479 2156 2593 2201 πως
2638 2137 2802 2201 ἀξίων
2832 2133 2972 2191 εἶναι
3016 2138 3312 2191 δοκούντων
3351 2140 3409 2193 ἐν
3440 2139 3540 2192 σοί.
3580 2136 3713 2191 Εἶτα

2140 2232 2233 2283 καὶ
2265 2232 2362 2300 τῆς
2389 2230 2661 2292 ἀπωλείας
2694 2230 2871 2282 αὐτῶν
2904 2226 2971 2301 ἧς
3004 2232 3399 2302 ὑποστήσονται
3427 2232 3523 2301 τὴν
3552 2232 3718 2302 βαρύ-

2138 2338 2275 2390 τητα
2308 2320 2605 2389 σημαίνων,
2663 2338 2681 2368 ι
2714 2318 2853 2371 Τάδε
2882 2318 3029 2389 λέγει
3047 2322 3269 2394 Κύριος,
3290 2321 3388 2376 Ὃν
3412 2321 3606 2392 τρόπον
3634 2323 3714 2374 ὅτ’

2142 2415 2207 2468 ἂν
2234 2415 2479 2483 ἐκσπάσῃ
2505 2415 2532 2465 6
2564 2412 2766 2483 ποιμὴν
2795 2414 2859 2465 ἐκ
2891 2413 3156 2483 στόματος
3186 2413 3396 2474 λέοντος
3428 2413 3521 2467 δύο
3545 2414 3714 2487 σκέλη

2140 2503 2175 2577 ἦ
2202 2505 2359 2557 λοϐὸν
2381 2504 2561 2565 ὠτίου,
2600 2503 2772 2565 οὕτως
2804 2503 3273 2573 ἐκσπασθὴσονται
3302 2505 3350 2556 οἱ
3374 2505 3716 2574 υίοὶἸσραὴλ

2138 2597 2189 2648 οἱ
2220 2593 2596 2656 κατοικοῦντες
2628 2595 2684 2648 ἐν
2714 2592 2992 2665 Σαμαρείᾳ
3016 2594 3299 2648 κατέναντι
3329 2596 3498 2667 φυλῆς
3528 2599 3720 2666 Δαμα-

2142 2687 2293 2740 σκοῦ.
2324 2707 2341 2737 ι
2398 2685 2644 2755 Τοσαύτη
2691 2686 2798 2755 γάρ
2846 2686 3016 2756 ὑμῶν,
3056 2686 3208 2755 φησὶ,
3237 2689 3520 2759 γενήσεται
3547 2692 3580 2760 ἡ
3607 2692 3717 2743 ἀπ-

2139 2779 2323 2841 ώλεια,
2352 2778 2491 2832 ὥστε
2527 2778 2666 2841 ἄγαν
2693 2776 2887 2844 ὀλίγων
2917 2778 3346 2848 περισωθέντων,
3398 2779 3561 2850 μηδὲν
3600 2783 3715 2834 ἀπ-

2140 2872 2369 2925 εοικὲναι
2389 2870 2448 2923 τὸ
2465 2872 2697 2940 πρᾶγμα
2713 2869 2977 2941 προϐάτου
3001 2869 3293 2939 ληφθέντος
3303 2888 3359 2923 τε
3384 2872 3486 2925 ὑπὸ
3503 2872 3719 2938 λέοντος

2142 2965 2241 3025 καὶ
2269 2962 2742 3024 καταναλωθέντος
2792 2963 2882 3014 ἐπὶ
2914 2961 3185 3028 τοσοῦτον,
3213 2961 3353 3015 ὥστε
3383 2964 3539 3033 μόγις
3580 2964 3720 3033 βραο

466 3058 556 3103 tur
586 3064 682 3118 per
716 3049 824 3102 duo
852 3062 1014 3101 crura
1035 3053 1090 3100 et
1121 3056 1426 3106 extremum
1457 3044 1735 3097 auriculae.
1774 3040 1863 3096 Sic
1886 3042 2037 3095 nimi-

2143 3054 2238 3124 χέα
2268 3051 2387 3105 τινὰ
2419 3051 2558 3122 μέρη
2576 3051 2635 3114 ἐξ
2662 3050 2824 3104 αὑτοῦ
2850 3051 3141 3121 δυνηθῆναι
3168 3052 3259 3105 τὸν
3289 3055 3517 3118 ποιμένα
3546 3057 3716 3107 ἐκπε-

466 3157 589 3196 rum
642 3142 801 3209 pauci
851 3140 1051 3210 Oppido
1094 3147 1147 3193 et
1197 3138 1431 3191 humiles
1476 3153 1541 3190 ex
1575 3136 1675 3193 hoc
1710 3133 1868 3203 109
1898 3134 2036 3187 bello

2143 3143 2388 3198 πτωκὸτα
2413 3139 2505 3193 τοῦ
2538 3141 2799 3209 στόματος
2823 3140 2916 3192 τοῦ
2943 3140 3152 3202 λέοντος
3173 3140 3387 3195 λαϐεῖν·
3419 3146 3513 3195 καὶ
3538 3145 3721 3198 ταῦτά

469 3239 822 3299 supererunt,
854 3231 921 3285 de
956 3231 1065 3286 illis
1106 3245 1299 3299 nempe
1332 3230 1421 3298 qui
1451 3228 1752 3282 Samariam
1792 3226 2039 3279 incolunt

465 3337 533 3375 ex
576 3322 807 3377 adverso
854 3321 1356 3385 Damascenorum;
1419 3336 1559 3390 quos
1595 3320 1818 3388 perinde
1848 3335 1911 3373 ac
1958 3335 2036 3386 se,

468 3415 537 3468 ab
567 3413 815 3468 hostibus
840 3414 1065 3467 mactari
1085 3413 1362 3467 videbunt.
1396 3411 1639 3481 Namque
1661 3420 1713 3464 et
1737 3409 1862 3481 Tyri
1882 3422 2040 3464 antea

465 3524 522 3571 et
551 3531 696 3569 nunc
731 3515 978 3569 Damasci
1014 3513 1279 3578 meminit,
1313 3520 1371 3566 ut
1400 3511 1827 3581 magnitudinem
1868 3510 2040 3564 malo-

465 3624 586 3661 rum
614 3607 902 3673 ostendat;
934 3615 987 3662 et
1019 3605 1163 3674 quod
1190 3619 1349 3658 nemo
1373 3619 1439 3657 ne
1467 3602 1533 3657 de
1555 3602 1797 3656 ﬁnitimis
1820 3600 2035 3670 quidem

464 3702 520 3755 in
542 3701 893 3772 Assyriorum
923 3698 1240 3753 incursione
1264 3697 1479 3752 evadet.
1504 3695 1658 3748 Tunc
1686 3693 1831 3747 enim
1860 3692 2039 3747 evenit

463 3792 610 3861 quod
677 3791 733 3844 in
793 3789 1059 3858 prooemio
1106 3786 1473 3859 patefecerat,
1534 3799 1731 3855 nempe
1795 3784 2038 3837 omnium

465 3882 683 3934 illorum
713 3882 960 3935 exitium.

2136 3252 2221 3304 γε,
2257 3232 2330 3285 ὧν
2351 3232 2595 3301 ὑπερορᾷ
2621 3231 2695 3293 ὡς
2724 3230 2981 3300 ἀσάρκων
3013 3247 3072 3283 τε
3099 3232 3194 3283 καὶ
3223 3232 3358 3302 πρὸς
3387 3235 3591 3305 τροφὴν
3612 3236 3721 3289 οὐκ

2139 3324 2473 3393 ἐπιτηδείων·
2514 3321 2674 3374 τοῦτο
2698 3322 2804 3391 γὰρ
2833 3320 2981 3390 λέγει
3005 3321 3087 3387 τὸ,
3111 3321 3219 3375 δύο
3240 3326 3430 3391 σκέλη
3464 3325 3503 3391 ἡ
3529 3326 3722 3378 λοϐὸν

2137 3419 2312 3471 ὠτίου
2332 3433 2344 3446 ·
2394 3415 2565 3479 οὕτως
2592 3414 2761 3482 ὀλίγοι
2778 3414 2919 3477 τινὲς
2944 3413 3037 3467 καὶ
3063 3412 3293 3477 εὐτελεῖς
3324 3416 3378 3467 ἐν
3398 3415 3475 3485 τῷ
3498 3416 3721 3489 πολέμῳ

2144 3508 2656 3581 περιλειφθήσονται
2697 3506 2890 3575 τούτῳ,
2933 3508 2996 3559 ἐκ
3033 3507 3138 3560 τῶν
3165 3507 3262 3576 τὴν
3296 3508 3605 3578 Σαμάρειαν
3632 3511 3720 3562 οἰ-

2143 3602 2379 3655 κούντων
2422 3600 2708 3652 κατέναντι
2773 3597 2878 3650 τῶν
2930 3598 3340 3668 Δαμασκηνῶν·
3392 3599 3466 3661 ὼς
3515 3600 3722 3670 ὁμοίως

2143 3691 2351 3751 ἑαυτοῖς
2378 3687 2578 3741 ἀπολλυ
2587 3686 2778 3757 μένους
2797 3685 3014 3755 ὄψονται
3036 3686 3141 3739 ὑπὸ
3162 3686 3267 3739 τῶν
3294 3687 3421 3740 πολε
3429 3688 3586 3757 μίων.
3604 3691 3723 3742 Καὶ

2141 3783 2250 3853 γὰρ
2281 3782 2373 3834 καλ⁵
2398 3784 2497 3851 τῆς
2532 3781 2574 3832 Τ
2579 3779 2708 3850 ύρου
2743 3780 3007 3850 πρότερον
3034 3781 3128 3833 καὶ
3161 3779 3254 3835 νῦν
3292 3782 3390 3851 τῆς
3414 3783 3721 3852 Δαμασκοῦ

2146 3875 2363 3945 μνήμην
2401 3873 2716 3940 ἐποιήσατο,
2761 3874 2839 3933 εἰς
2872 3871 3142 3935 ἀπόδειξιν
3171 3872 3264 3924 τοῦ
3312 3873 3576 3943 μεγέθους
3608 3877 3723 3928 τῶν

467 3973 683 4026 κακῶν·
734 3974 813 4025 ὅτι
866 3973 998 4042 μηδέ
1045 3971 1152 4026 τῶν
1198 3972 1488 4041 περιοίκων
1527 3968 1701 4022 ἔνεστί
1753 3986 1872 4023 τινα
1926 3970 1983 4021 ἐν
2026 3970 2091 4039 τῇ
2144 3968 2250 4019 τῶν
2298 3966 2596 4036 Ἀσσυρίων
2638 3964 2811 4035 ἐφόδῳ
2855 3964 3171 4033 διαφυγεῖν·
3231 3966 3305 4035 (p.
3333 3966 3453 4036 165)
3488 3969 3726 4042 καὶγὰρ

464 4065 608 4139 εἶχεν
647 4069 793 4137 αὐτῷ
822 4067 1002 4139 χώραν
1028 4069 1087 4121 τὸ
1119 4069 1409 4138 λεγόμενον
1438 4067 1692 4120 ἁπάντων
1719 4067 1940 4121 ἐκείνων
1965 4069 2020 4118 ἐν
2042 4067 2347 4137 προοιμίοις
2376 4065 2694 4137 δεδηλωκότι
2724 4064 2822 4135 τὴν
2858 4065 3153 4121 ἀπώλειαν.

536 4159 699 4213 Vens.
747 4159 1022 4213 l5-i5.—¢
1059 4158 1406 4223 Sacerdotes,
1446 4159 1631 4213 audite
1665 4167 1719 4213 et
1752 4166 2034 4214 contesta-

465 4252 597 4305 mini
624 4254 676 4304 in
715 4251 875 4305 domo
918 4246 1110 4312 Jacob,
1157 4249 1290 4302 dicit
1320 4248 1581 4304 Dominus
1616 4248 1757 4304 Deus
1787 4251 2039 4319 omnipo-

466 4353 619 4409 tens;
661 4345 789 4412 quia
818 4342 870 4394 in
895 4341 982 4394 die
1017 4356 1124 4410 qua
1162 4340 1395 4393 ulciscar
1428 4348 1483 4395 et
1516 4355 1681 4409 super
1710 4335 1902 4393 altaria
1942 4340 2039 4394 Be-

2215 4159 2358 4228 Στίχ.
2379 4157 2582 4226 ἰγ’-ιε’.
2610 4187 2678 4195 -
2715 4174 2732 4207 ι
2766 4158 3257 4227 Ἱερεῖ;,άκούσατε
3290 4158 3381 4211 καὶ
3411 4160 3727 4229 ἐπιμαρτύ-

2148 4252 2313 4321 ρασθε
2341 4251 2418 4321 τῷ
2446 4251 2574 4316 οἴκῳ
2619 4247 2833 4313 Ἰακὼϐ,
2883 4250 3028 4316 λέγει
3056 4250 3259 4321 Κύριος
3287 4254 3314 4303 6
3346 4251 3477 4313 Θεὸς
3510 4254 3539 4304 6
3581 4266 3727 4304 πανο

2146 4343 2428 4412 τοκράτωρ
2453 4358 2465 4369 ·
2496 4341 2626 4393 διότι
2653 4343 2710 4392 ἐν
2740 4344 2804 4410 τῇ
2833 4341 3014 4411 ἡμέρᾳ
3040 4342 3116 4394 ὅτ’
3144 4341 3209 4394 ἂν
3233 4341 3430 4395 ἐκδικῶ
3464 4342 3729 4407 ἀσεϐείας

464 4434 646 4497 thelis,
716 4443 769 4486 et
825 4430 1187 4486 suﬁ‘odientur
1237 4446 1442 4486 cornua
1504 4431 1717 4493 altaris,
1777 4439 1831 4485 et
1888 4430 2034 4484 humi

2143 4433 2232 4485 τοῦ
2268 4432 2476 4504 Ἰσραὴλ
2518 4434 2602 4483 ἐπ’
2639 4431 2828 4484 αὐτόν·
2880 4433 2971 4483 καὶ
3007 4433 3278 4501 ἐκδικήσω
3321 4434 3411 4486 ἐπὶ
3439 4433 3508 4485 τὰ
3530 4434 3730 4488 θυσια-

466 4522 759 4575 decident:
816 4530 869 4575 et
921 4528 1201 4575 conteram
1256 4529 1418 4591 atque
1463 4521 1764 4590 percutiam
1815 4520 2035 4574 domum

468 4614 744 4682 pinnatam
766 4628 932 4681 super
954 4612 1175 4667 domum
1197 4615 1473 4667 :estivam:
1504 4620 1556 4667 et
1577 4613 1827 4682 peribunt
1843 4613 2038 4666 domus

464 4706 736 4763 eburneaa.
771 4704 996 4771 aliaque
1021 4705 1203 4757 multa:
1229 4704 1663 4774 dissipabuntur,
1696 4704 1831 4757 dicit
1859 4703 2039 4757 Domi-

376 4860 386 4869 .
466 4812 591 4852 nus.
634 4815 653 4847 ι
692 4794 835 4859 Haec,
869 4795 1065 4865 inquit,
1102 4796 1135 4848 ii
1168 4797 1440 4865 praecipue
1484 4795 1709 4848 audiant
1740 4794 1834 4865 qui
1873 4795 2038 4863 impio

466 4887 738 4941 idolorum
759 4884 1063 4939 sacerdotio
1083 4884 1411 4955 funguntur}:
1445 4896 1501 4941 ut
1528 4886 1652 4939 hinc
1672 4886 1784 4955 jam
1804 4887 2035 4951 discant,

465 4977 611 5046 quod
645 4992 769 5031 cum
803 4976 945 5032 Deus
979 4992 1007 5029 a
1042 4977 1243 5046 populo
1274 4991 1465 5045 pmnas
1497 4977 1793 5047 impietatis
1837 4976 2035 5044 exiget,

463 5078 595 5123 tunc
641 5069 824 5122 omnia
872 5070 1034 5122 etiam
1093 5066 1361 5121 idolorum
1415 5068 1606 5121 altaria
1650 5066 2033 5129 suffodientur,

463 5164 586 5217 belli
647 5162 939 5215 ludibrium
995 5161 1205 5215 effecta.
1263 5157 1398 5212 Nam
1434 5159 1602 5212 verbo
1659 5156 1846 5211 Bethel
1892 5157 2035 5210 idola

461 5256 645 5308 dicere
677 5255 868 5315 voluit,
900 5269 929 5307 a
956 5261 1107 5323 parte
1139 5259 1336 5306 totum.
1365 5249 1504 5303 Dicit
1535 5258 1715 5304 autem
1742 5248 2035 5303 suﬁ'ossuin

466 5345 527 5399 iri
569 5360 773 5399 cornua
802 5346 987 5399 altaris
1009 5352 1063 5399 et
1091 5345 1237 5397 humi
1265 5358 1483 5404 casura,
1512 5344 1640 5411 quia
1678 5350 1793 5396 tota
1820 5342 2035 5394 illorum

468 5436 799 5507 magnitudo,
834 5444 887 5489 et
913 5443 1025 5493 tota
1073 5451 1288 5505 pompa.
1336 5448 1499 5505 quam
1545 5450 1575 5486 a
1629 5434 2028 5502 sacrilegorum

463 5527 809 5580 adorantium
859 5541 992 5580 cura
1045 5527 1337 5589 habebant,
1397 5524 1647 5579 funditus
1701 5524 2032 5579 destruetur.

462 5619 596 5673 Nam
622 5628 675 5674 et
716 5620 956 5681 illorum,
986 5619 1179 5686 inquit,
1210 5620 1400 5674 domos
1426 5634 1455 5672 a
1496 5619 1861 5673 fundamentis
1907 5633 2037 5672 cou-

462 5711 680 5764 vellam.
728 5707 899 5767 Porro
932 5708 1212 5780 pinnatam
1242 5710 1373 5766 dicit
1410 5724 1508 5779 pro
1554 5709 1862 5773 hiemalem,
1908 5708 2035 5778 quia

2142 4526 2336 4594 στήρια
2368 4522 2600 4591 Βαιθήλ·
2643 4523 2737 4575 καὶ
2765 4525 3245 4593 κατασκαφήσεται
3268 4524 3334 4577 τά
3378 4525 3589 4595 κέρατα
3626 4530 3728 4582 τοῦ

2140 4614 2520 4683 θυσιαστηρίου
2545 4615 2635 4665 καὶ
2659 4615 2902 4665 πεσεῖται
2924 4614 3017 4683 ἐπὶ
3043 4613 3139 4682 τὴν
3166 4617 3267 4684 γῆν
3287 4631 3299 4643 ·
3328 4617 3419 4668 καὶ
3442 4618 3730 4687 συντρίψω

2139 4692 2232 4758 καὶ
2255 4704 2477 4768 πατάξω
2493 4705 2579 4757 τὸν
2606 4699 2751 4758 οἷκον
2771 4706 2861 4757 τὸν
2887 4705 3216 4775 περίπτερον
3237 4705 3328 4758 ἐπὶ
3350 4706 3440 4758 τὸν
3457 4703 3606 4761 οἷκον
3629 4710 3731 4763 τὸν

2140 4798 2347 4869 θερινόν
2368 4814 2381 4827 ·
2426 4797 2518 4849 καὶ
2553 4797 2875 4849 ἀπολοῦνται
2914 4798 2962 4849 oi
3003 4790 3143 4848 οἶκοι
3176 4799 3224 4849 οἱ
3246 4797 3598 4865 ἐλεφάντινοι,
3627 4803 3733 4854 καὶ

2139 4887 2595 4958 ἀφανισθήσονται
2622 4888 2796 4957 ἕτεροι
2828 4887 3029 4951 πολλοὶ,
3052 4888 3207 4954 λέγει.
3225 4888 3445 4958 Κύριος.
3472 4910 3491 4941 ι
3532 4890 3734 4947 Ταῦτα

2138 4984 2221 5053 δὴ,
2252 4985 2435 5052 φησὶν,
2460 4982 2803 5036 ἀκουέτωσαν
2839 4981 3071 5051 μάλιστα
3103 4983 3318 5035 πάντων
3341 4985 3388 5035 οἱ
3414 4983 3512 5053 τὴν
3542 4986 3729 5056 ἀσεϐῆ

2137 5075 2249 5136 τοῖς
2274 5072 2512 5135 εἰδώλοις
2538 5072 2871 5142 πληροῦντες
2907 5072 3210 5142 ἱερατείαν·
3241 5072 3316 5135 ὡς
3363 5072 3427 5126 ἂν
3467 5075 3737 5128 ἐντεῦθεν

2140 5163 2237 5233 ἤδη
2290 5162 2509 5233 μάθοιεν
2559 5163 2640 5215 ὅτι
2666 5162 2811 5215 ὁπότ’
2856 5162 2921 5215 ἂν
2973 5162 3127 5226 δίκας
3177 5164 3569 5234 είσπράττηται
3622 5168 3733 5237 τῆς

2139 5252 2389 5316 ἀσεϐείας
2426 5255 2517 5306 τὸν
2541 5253 2665 5306 λαὸν
2696 5255 2724 5306 ὁ
2752 5253 2903 5317 Θεὸς,
2938 5255 3032 5308 καὶ
3061 5255 3129 5308 τὰ
3152 5256 3514 5329 θυσιαστήρια
3544 5261 3737 5314 πάντα

2140 5347 2621 5415 κατασκαφήσεται
2646 5344 2897 5409 εἰδώλων,
2934 5345 3091 5416 ἔργον
3113 5346 3205 5399 τοῦ
3236 5348 3469 5418 πολέμου
3502 5352 3739 5421 γινόμε-

2139 5452 2206 5487 να
2230 5452 2243 5465 ·
2277 5435 2337 5487 τὸ
2374 5436 2479 5507 γάρ
2504 5435 2703 5507 Βαιθὴλ
2733 5437 2839 5488 ἀπὸ
2872 5437 3069 5507 μέρους
3101 5438 3375 5511 ἠϐουλήθη
3414 5442 3482 5495 τὰ
3523 5443 3737 5497 εἴδωλα

2140 5526 2328 5576 εἰπεῖν·
2347 5525 2406 5577 τὸ
2434 5525 2510 5587 δὲ,
2537 5545 2554 5576 ι
2587 5528 3082 5597 Κατασκαφήσεται
3103 5528 3170 5582 τὰ
3190 5531 3393 5601 κέρατα
3414 5531 3507 5583 τοῦ
3533 5532 3741 5586 θυσιασ-

2142 5615 2384 5686 στηρίου,
2409 5617 2501 5667 καὶ
2542 5620 2787 5668 πεσεῖται
2821 5618 2913 5669 ἐπὶ
2954 5617 3050 5688 τὴν
3077 5619 3202 5687 γῆν,
3233 5640 3252 5670 ι
3285 5619 3372 5673 ἵνα
3399 5620 3480 5673 ὅτι
3516 5622 3629 5675 πᾶν
3663 5626 3741 5676 τὸ

2144 5705 2369 5776 μέγεθος
2396 5706 2595 5775 αὐτῶν,
2629 5708 2722 5761 καὶ
2766 5709 2916 5761 πᾶσα
2957 5712 2989 5776 ἡ
3029 5710 3353 5779 περιφάνεια
3389 5712 3452 5783 ἦν
3478 5707 3629 5782 εἶχον
3658 5714 3741 5768 ἐκ
