3976 6226
188 226 313 302 εδδ
1297 228 1812 288 COMMENTARZU:

1913 228 1941 282 ι
1982 227 2189 284 AMOSI
2228 206 2379 282 car.
2422 224 2504 281 Iv.
3330 194 3445 280 εδδ

192 363 269 414 ἐκ
296 358 395 428 τῆς
412 353 523 408 τῶν
548 351 757 414 ἀσεϐῶς
786 348 1194 421 θρησκευόντων
1230 346 1412 408 αὐτοῖς
1440 342 1774 413 ἐπιμελείας,
1805 392 1812 404 η

1913 358 1944 395 e
1990 340 2154 395 domo
2202 339 2441 405 loquitur
2492 338 2728 408 undique
2789 339 3150 406 circumsepta
3215 347 3435 407 propter

196 446 632 517 ἀφανισθήσεται
660 441 958 503 παντελῶς.
987 439 1094 491 Καὶ
1112 436 1220 507 γάρ
1247 436 1312 506 δὴ
1340 435 1577 498 καὶτοὺς
1602 434 1781 497 οίκους

1913 431 2097 501 rigoris
2125 438 2404 483 externam
2442 429 2570 482 vim.
2620 427 2745 482 Vult
2778 434 2955 483 autem
3003 427 3204 491 dicere,
3234 427 3437 497 ubique

197 537 389 593 αὐτῶν
412 533 645 596 καθελῶ,
700 532 887 601 φησιν,
918 531 983 582 ὲκ
1026 527 1278 599 βάθρων·
1313 525 1642 597 περίπτερον
1680 524 1780 594 μὲν

1913 539 1940 578 e
1971 522 2355 577 demoliturum
2386 522 2599 584 domos,
2632 520 2705 574 ita
2734 528 2793 575 ut
2820 531 2994 590 neque
3022 520 3219 575 aestiva:
3254 528 3438 591 partes

198 632 316 701 γὰρ
346 629 493 697 λέγει
519 626 614 679 τὸν
644 624 975 697 χειμερινὸν,
1016 624 1091 692 (p.
1124 619 1248 690 166)
1277 620 1354 683 ῶς
1386 618 1779 690 περιϐεϐλημέ-

1920 616 2095 669 larum
2121 624 2457 679 remaneant,
2496 628 2671 682 neque
2702 614 2981 668 hiemales.
3005 612 3115 667 lmo
3139 612 3302 667 etiam
3338 626 3440 665 no-

200 741 298 776 νον
327 718 665 790 πανταχόθεν
700 716 789 770 διὰ
815 716 912 785 τὴν
943 714 1036 768 τοῦ
1067 712 1264 783 κρύους
1288 711 1611 783 προσϐολήν.
1645 709 1779 763 Boii-

1915 707 2097 761 iliores
2130 705 2270 775 apud
2300 720 2394 759 eos
2434 708 2577 759 aedes
2606 720 2829 775 prorsus
2854 704 3129 758 destruam
3157 721 3172 771 ;
3206 702 3259 757 id
3291 704 3443 757 enim

200 814 361 865 λεῖαι
388 813 446 865 δὲ
474 814 670 873 εἰπεῖν,
696 811 782 863 ὅτι
809 808 1022 870 Πάντας
1048 803 1379 874 πανταχόθεν
1412 803 1623 872 ἀφανιῶ
1652 803 1777 867 τοὺς

1913 799 2060 854 nnuit
2091 799 2413 853 vocabulum
2447 798 2738 861 eburneae;
2782 813 2903 867 qua:
2932 798 3059 851 item
3091 797 3277 853 multis
3315 814 3451 857 cum.

198 899 393 961 οἴκους
414 916 425 927 '
462 898 541 960 ὡς
570 898 644 967 μὴ
677 896 923 967 θερινῶν,
962 895 1035 965 μὴ
1062 893 1388 964 χειμερινῶν
1600 894 1658 947 ὲν
1684 892 1780 946 αὺ-

1913 889 2006 944 liis
2058 895 2337 952 corruent,
2384 902 2449 943 eo
2493 888 2636 957 quod
2687 904 2854 943 unum
2909 889 3168 948 adversus
3214 902 3443 950 cunctas

204 991 320 1051 τοῖς
355 987 769 1059 περιλειφθῆναι
787 1004 805 1019 ο
843 987 937 1039 καὶ
965 987 1090 1049 τοὺς
1124 982 1399 1047 ὲπιδόξους
1428 983 1485 1037 δὲ
1504 984 1573 1037 ῖὲν
1600 983 1783 1046 αὐτοῖς

1913 981 2159 1035 Iecretum
2197 976 2293 1034 Dei
2330 979 2495 1032 latum
2524 981 2617 1035 sit.

202 1086 319 1137 τῶν
359 1086 525 1138 οἴκων
565 1082 842 1148 παντελῶς
876 1083 1109 1153 ἀφανιῶ,
1150 1084 1308 1138 τοῦτο
1342 1082 1450 1154 γάρ
1492 1082 1639 1150 λέγει
1683 1079 1808 1142 τοὺς
1845 1076 2236 1146 ἐλεφαντίνους,
2269 1076 2320 1129 οἳ
2349 1075 2484 1147 μετά
2528 1075 2736 1130 πολλῶν
2773 1072 2973 1147 ἑτέρων
3004 1080 3309 1143 πεσοῦνται,
3347 1077 3443 1135 ﬁt:

201 1180 346 1248 μιᾶς
382 1177 706 1246 ἀποφάσεως
730 1175 870 1230 κατὰ
905 1177 1118 1230 πάντων
1142 1174 1514 1249 ἐκφερομένης
1546 1171 1650 1226 ὑπὸ
1675 1168 1768 1225 τοῦ
1794 1156 1949 1222 Θεοῦ.

861 1272 1017 1326 ΚΕΦ.
1056 1278 1131 1325 Δ⁹.

284 1365 434 1435 Στίχ.
462 1370 613 1433 α’ἀγ.
636 1395 704 1405 -
732 1381 753 1415 ι
778 1364 1070 1418 Ἀκούσατε
1091 1362 1183 1416 τὸν
1207 1363 1361 1431 λόγον
1385 1361 1592 1424 τοῦτον,
1612 1360 1784 1432 δαμά-

2522 1282 2672 1337 CAP.
2716 1283 2805 1339 IV.

1956 1375 2118 1431 Vnus.
2161 1374 2531 1444 l-5.—110.
2570 1394 2591 1427 ι
2632 1377 2828 1430 Audite
2853 1376 3074 1430 verbum
3113 1377 3235 1438 hoc.
3271 1394 3448 1435 vat-ca:

208 1458 328 1520 λεις
359 1458 459 1526 τῆς
494 1457 858 1520 Βασανίτιδος,
895 1457 951 1509 αί
990 1458 1082 1509 ἐπὶ
1108 1456 1185 1527 τῷ
1212 1457 1328 1527 δρει
1353 1455 1682 1525 Σαμαρείας,
1731 1450 1786 1507 αἱ

1913 1466 2228 1531 lasanitidis,
2281 1481 2402 1537 qua:
2455 1466 2591 1521 estis
2643 1466 2698 1520 in
2749 1476 2936 1522 monte
2991 1467 3273 1534 Samariaa,
3325 1488 3450 1542 qua:

212 1548 784 1603 καταδυναστεύουσαι
816 1551 1083 1619 πτωχοὺς,
1131 1550 1225 1602 καὶ
1256 1546 1661 1602 καταπατοῦσαι
1692 1545 1786 1598 πέ-

1882 1560 2186 1641 opprimitis
2241 1573 2525 1630 pauperes,
2580 1567 2635 1614 et
2685 1561 3019 1618 conculcatis
3052 1576 3275 1633 egenos,
3326 1580 3451 1635 qua:

208 1659 408 1713 νητας,
443 1642 537 1694 καὶ
565 1642 815 1710 λέγουσαι
863 1645 976 1705 τοῖς
1022 1642 1230 1712 κυρίοις
1274 1640 1499 1694 ἑαυτῶν⁸
1546 1638 1786 1693 Ἑπίδοτε

1913 1652 2071 1706 licitis
2120 1650 2357 1705 dominis
2381 1651 2610 1706 vestris:
2649 1649 2778 1707 Date
2818 1653 2976 1707 nobis
3018 1661 3079 1707 ut
3120 1654 3390 1711 bibamus.
3424 1674 3446 1709 ι

210 1737 349 1804 ἡμῖν
382 1734 530 1796 ὅπως
562 1728 793 1804 πίωμεν.
814 1754 833 1786 ι
880 1734 1157 1787 Ἐντεῦθεν
1187 1734 1373 1804 τρέπει
1403 1734 1538 1805 πρὸς
1564 1732 1663 1795 τὰς
1691 1749 1787 1799 Υυ⁸

210 1832 412 1889 ναίκας
441 1826 535 1879 τὸν
561 1816 816 1895 λόγον,“α“ί
849 1827 984 1897 πρὸς
1015 1827 1292 1896 ἄπρακτον
1318 1826 1410 1880 καὶ
1442 1826 1787 1899 ὑπερήφανον

210 1919 480 1972 νεύσασαι
522 1918 655 1988 βίον,
682 1918 807 1983 τούς
827 1936 885 1971 τε
908 1919 1141 1990 πένητας
1162 1918 1379 1987 ἠδίκουν
1404 1918 1467 1970 ἐκ
1497 1919 1594 1988 τῆς
1632 1932 1788 1985 περι-

212 2010 385 2080 ούσης
405 2007 726 2072 δυναστείας
742 2022 757 2036 ⁸
784 2009 960 2079 τούτῳ
986 2009 1442 2080 συγκεχρημέναι.
1482 2007 1575 2061 καὶ
1600 2007 1663 2078 δὴ
1697 2006 1790 2061 καὶ

216 2103 596 2173 κατάρχωσαι
626 2101 733 2154 τῶν
757 2101 964 2172 ἀνδρῶν
995 2101 1102 2155 τῶν
1124 2101 1358 2164 οἰκείων,
1386 2103 1462 2166 είς
1495 2101 1792 2170 ὑπουργίαν

214 2196 487 2266 ἀπρεπῶν
519 2186 759 2264 ἐχρῶντο
785 2195 1124 2264 πραγμάτων
1146 2212 1161 2227 ο
1188 2189 1298 2249 οἷόν
1323 2211 1375 2247 τι
1398 2195 1490 2248 καὶ
1517 2195 1667 2266 παρά
1698 2193 1796 2263 τῆς

228 2284 475 2347 Ἰεζάϐελ
523 2283 773 2352 ἐφαίνετο
819 2271 1056 2351 γεγονὸς,
1102 2284 1190 2337 ὅτε
1236 2287 1264 2339 ὁ
1316 2285 1414 2355 μὲν
1457 2282 1659 2354 Ἀχαὰϐ
1698 2282 1795 2352 τὴν

221 2378 548 2447 ἀντίρρησιν
602 2375 801 2445 ᾐδέσθη
830 2374 921 2427 τοῦ
954 2374 1231 2428 Ναόουθαὶ
1270 2375 1483 2429 δικαίαν
1508 2371 1670 2428 οὖσαν
1695 2392 1709 2404 ’
1761 2377 1794 2444 ἠ

217 2472 278 2523 δὲ
332 2469 524 2540 μιαρῷ
552 2467 646 2521 καὶ
695 2466 902 2520 ἀναιδεῖ
925 2468 1017 2520 καὶ
1063 2466 1265 2537 φονικῷ
1296 2468 1481 2538 τρόπῳ
1522 2466 1796 2538 χρωμένη.

223 2564 346 2616 om
386 2561 602 2614 ἀνελεῖν
634 2559 847 2629 ὤκνησε
876 2557 967 2612 τόν
992 2558 1292 2621 Ναόουθαὶ,
1324 2559 1399 2622 ὡς
1441 2559 1507 2613 ἂν
1554 2560 1801 2628 ἀφέλοιτο

224 2653 395 2707 αὐτοῦ
422 2654 519 2705 τὸν
548 2651 863 2722 ἀμπελῶνα,
892 2650 951 2705 ὃν
981 2652 1147 2705 είκὸτι
1177 2650 1319 2721 λόγῳ
1349 2650 1546 2704 διδόναι
1579 2651 1677 2704 οὐκ
1702 2651 1797 2719 ﬂv-

229 2746 408 2815 είχετο
428 2762 445 2778 ο
461 2744 620 2797 καλεῖ
641 2744 698 2797 δὲ
723 2743 892 2807 αὑτὰς
919 2743 1175 2814 δαμάλεις
1205 2744 1300 2814 μὲν
1317 2744 1414 2814 τῆς
1438 2743 1796 2807 Βασανίτιδος,

231 2836 308 2897 ὡς
335 2834 405 2888 ἂν
460 2833 669 2905 ἀγρίων
720 2834 949 2905 μάλιστα
980 2836 1074 2908 καὶ
1103 2834 1388 2905 ἀνημέρων
1415 2834 1589 2889 οὐσῶν
1615 2835 1722 2887 τῶν
1746 2836 1805 2887 ἐν

224 2925 428 2995 ’ἐκείνῳ
472 2924 551 2995 τῷ
592 2918 744 2995 τόπῳ
781 2926 1127 2996 τρεφομένων
1179 2925 1462 2996 δαμάλεων
1488 2942 1501 2957 ο
1560 2928 1634 2995 (p.
1682 2927 1803 2995 167)

1890 1741 2099 1795 Abhinc
2160 1740 2227 1794 ad
2283 1740 2538 1796 mulieres
2597 1741 2869 1796 convertit
2932 1756 3274 1809 sermonem,
3331 1760 3454 1815 qua:

1890 1831 2052 1887 inerti
2081 1846 2146 1886 ac
2176 1831 2413 1901 superbo
2440 1831 2564 1885 vitae
2609 1832 2794 1903 generi
2841 1832 3084 1895 intenta,
3122 1835 3457 1905 pauperibus

1893 1922 2123 1993 injurias
2156 1924 2427 1979 faciebant
2454 1923 2805 1994 praepotentis
2835 1938 2955 1979 sua.
2985 1923 3101 1979 Tali
3125 1940 3277 1981 more
3298 1934 3458 1982 uten-

1893 2023 1998 2076 tes.
2022 2022 2078 2070 et
2108 2014 2241 2068 viris
2262 2013 2379 2068 suis
2404 2013 2566 2066 etiam
2590 2011 2949 2079 dominantes,
2978 2013 3064 2068 his
3093 2013 3458 2069 abutebantur

1894 2108 1960 2165 ad
1989 2106 2205 2176 indigna
2253 2105 2515 2176 patranda
2552 2104 2945 2159 auxiliaribus:
2994 2104 3139 2174 quod
3186 2103 3389 2160 factum
3423 2119 3454 2158 a

1892 2196 2140 2255 Jezabele
2168 2197 2439 2267 apparuit,
2487 2210 2612 2250 cum
2635 2196 2924 2250 Acbaabus
2968 2195 3456 2251 contradictionem

1895 2292 2166 2347 reveritus
2198 2297 2302 2356 est,
2350 2288 2535 2357 utpote
2553 2289 2780 2357 justam,
2812 2287 3076 2343 Nabuthis
3103 2305 3118 2355 ;
3153 2289 3245 2343 illa
3278 2297 3459 2345 autem

1898 2383 2130 2447 scelesto
2161 2390 2215 2434 et
2248 2379 2560 2449 impudente
2600 2387 2936 2449 cruentoque
2976 2378 3139 2433 modo
3167 2388 3347 2445 utens,
3391 2396 3460 2434 ne

1898 2473 2146 2528 occidere
2187 2471 2403 2541 quidem
2448 2468 2714 2524 dubitavit
2760 2468 3084 2533 Nabutltem,
3130 2479 3189 2524 ut
3230 2472 3350 2540 ejus
3377 2480 3462 2525 vi-

1902 2580 2058 2619 neam
2097 2569 2406 2633 usurparet,
2441 2577 2604 2631 quam
2644 2562 2734 2616 ille
2760 2576 2914 2631 aequa
2947 2561 3014 2616 de
3058 2576 3224 2629 causa
3264 2577 3464 2617 conce-

1902 2660 2028 2711 dere
2057 2666 2428 2713 recusaverat.
2460 2653 2630 2709 Vocat
2680 2663 2861 2711 autem
2900 2656 3047 2727 ipsas
3076 2672 3271 2712 vaccas
3300 2656 3464 2712 Basa-

1905 2751 2111 2811 nitidis,
2151 2749 2277 2819 quia
2302 2748 2509 2803 feroces
2542 2747 2833 2801 admodum
2861 2763 3121 2817 saavaeque
3149 2749 3465 2805 nutrieban-

1904 2849 1992 2892 tur
2051 2839 2142 2893 illo
2195 2842 2250 2893 in
2308 2838 2430 2893 loco
2475 2834 2836 2903 vace-alam
2885 2848 3171 2908 postquam
3217 2839 3350 2894 dixit
3397 2840 3466 2895 de

1906 2930 2194 2998 iniquitate
2261 2944 2389 3000 erga
2447 2940 2752 2997 pauperes,
2828 2927 3013 2984 addit:
3060 2928 3220 2993 Quae
3278 2930 3468 2985 dicunt

235 3018 478 3089 εἰρηκὼς
506 3018 561 3070 δὲ
592 3017 690 3087 τὴν
728 3019 808 3081 εἰς
832 3018 959 3081 τοὺς
987 3018 1223 3085 πένητας
1252 3018 1431 3071 αὐτῶν
1456 3017 1685 3079 ἀδικίαν,
1707 3020 1804 3071 ὲπ-

1913 3021 2142 3076 dominis
2179 3021 2316 3101 suis,
2375 3014 2504 3074 Date
2539 3018 2707 3081 nobis
2750 3026 2811 3073 ut
2853 3010 3103 3073 bibamus
3141 3036 3374 3101 :nempe
3408 3032 3468 3075 ut

228 3113 415 3179 ·ήγαγε
446 3102 532 3170 τὸ,
582 3102 933 3177 Αἱλέγουσαι
983 3111 1097 3172 τοῖς
1151 3110 1361 3180 κυρίοις
1397 3110 1627 3175 ἑαυτῶν,
1663 3108 1811 3161 Ἐπί-

236 3200 363 3252 δοτε
413 3202 550 3270 ἡμῖν
584 3202 734 3263 ὅπως
763 3202 976 3271 πίωμεν
994 3215 1009 3229 ·
1035 3202 1123 3255 ἴνα
1148 3200 1277 3273 εἴπῃ
1300 3202 1385 3254 ὄτι
1414 3200 1532 3254 οὐδὲ
1554 3204 1664 3263 τοῖς
1694 3200 1813 3253 ἐαυ-

238 3290 350 3342 τῶν
393 3290 681 3360 ἀνδράσιν,
736 3288 828 3352 οὓς
861 3290 1031 3360 ,ἐχρῆν
1077 3290 1153 3353 ῶς
1184 3288 1515 3359 ἡγουμένους
1551 3287 1812 3341 αἰδεῖσθαι

238 3380 330 3433 διὰ
357 3382 461 3450 τὴν
493 3380 596 3449 τῆς
626 3379 840 3449 φύσεως
868 3380 1042 3444 τάξιν,
1071 3378 1323 3433 όκνοῦσαι
1357 3378 1491 3451 πρὸς
1527 3378 1626 3449 τὴν
1656 3377 1813 3431 ἀσέλ-

237 3487 396 3538 γειαν
412 3470 517 3540 τὴν
536 3472 744 3524 ἑαυτῶν
764 3471 1166 3541 ἀποκεχρῆσθαι
1180 3489 1195 3505 ⁸
1222 3472 1379 3541 μόνον
1398 3470 1455 3525 δὲ
1469 3470 1569 3525 οὐκ
1597 3471 1816 3524 ἐπιτάτ-

241 3579 431 3614 τουσαι
447 3561 634 3625 αὐτοῖς
654 3561 863 3615 ἅπαντα
884 3564 1054 3615 ποιεῖν
1069 3562 1346 3632 όπόσαπερ
1366 3562 1431 3616 ἀν
1456 3561 1589 3633 πρὸς
1607 3562 1706 3633 τὴν
1725 3563 1817 3616 αὒ-

246 3654 354 3706 zu‘w
368 3655 663 3722 ἀσέλγειαν
682 3655 935 3725 συνεργῇ.
951 3653 1016 3705 Τί
1031 3644 1153 3717 οὗν;
1180 3671 1199 3704 ι
1223 3652 1437 3723 Ὀμνύει
1461 3652 1661 3725 Κύριος
1676 3652 1817 3707 κατά

248 3742 355 3794 τῶν
382 3744 557 3810 ἁγίων
583 3741 748 3794 αὐτοῦ
770 3781 786 3805 ,
841 3740 977 3795 διότι
1013 3738 1217 3812 ἡμέραι
1248 3743 1493 3812 ἔρχονται
1533 3741 1618 3810 ἐφ’
1651 3742 1816 3812 ὑμᾶς,

252 3836 345 3888 καὶ
369 3834 637 3905 λήψονται
669 3835 812 3904 ὑμᾶς
842 3834 904 3887 ὲν
944 3830 1129 3896 ὅπλοις
1148 3847 1163 3862 ⁶
1223 3833 1317 3887 καὶ
1340 3832 1463 3896 τοὺς
1508 3831 1629 3903 μεθ’
1667 3831 1818 3903 ὑμῶν

254 3931 331 3990 εἱς
351 3926 588 3998 λέϐητας
612 3926 1037 3997 ὑποκαιομένους
1064 3925 1358 3996 ἐμϐαλοῦσι
1374 3942 1389 3955 ·
1418 3926 1511 3979 καὶ
1540 3925 1820 3997 ἐξενεχθή-

256 4021 413 4074 σεσθε
448 4022 674 4091 γυμνοὶ,
715 4022 849 4091 γυνὴ
881 4022 977 4074 καὶ
1011 4022 1040 4073 ό
1067 4021 1205 4091 ἀνὴρ
1252 4019 1510 4075 ἀπέναντι
1542 4021 1782 4092 ἀλλήλων
1801 4037 1817 4053 ·

254 4113 348 4164 καὶ
387 4112 830 4183 ἁπορριφήσεσθε
876 4114 957 4176 είς
983 4112 1041 4165 τὸ
1067 4111 1191 4182 ὅρος
1223 4111 1488 4182 Ἀρμανά,
1530 4111 1677 4181 λέγει
1708 4111 1823 4165 Κό-

261 4220 388 4273 ριος.
418 4222 438 4255 ι
496 4205 853 4275 Ἀπεφήνατο,
883 4204 1064 4274 φησιν.
1091 4205 1119 4256 ό
1148 4203 1299 4269 Θεὸς,
1329 4204 1366 4257 ἃ
1428 4204 1559 4275 μηδὲ
1591 4204 1820 4276 μεταϐο-

259 4295 354 4367 λὴν
378 4295 610 4349 δυνατὸν
648 4295 901 4360 δέξασθαι
928 4313 941 4327 ·
982 4294 1138 4349 τοῦτο
1168 4295 1276 4366 γὰρ
1311 4295 1371 4349 τὸ
1401 4296 1604 4365 ὀμνύει
1640 4296 1815 4367 δηλοῖ’

1908 3109 2192 3181 signiﬁcet,
2227 3092 2349 3166 ilias
2377 3125 2445 3165 ne
2486 3109 2619 3163 viris
2651 3109 2869 3178 quidem
2901 3111 3036 3170 suis,
3087 3098 3249 3179 quos
3274 3120 3333 3165 ut
3380 3128 3472 3166 re-

1909 3210 2092 3258 ctores
2123 3202 2362 3258 revereri
2385 3209 2592 3256 natura:
2624 3201 2738 3270 lege
2773 3203 3078 3267 oportebat.
3114 3202 3470 3258 verecundari

1911 3293 1978 3347 ad
2010 3292 2280 3348 luxuriam
2310 3307 2464 3347 suam
2500 3292 2684 3345 abuti:
2728 3292 2835 3345 illis
2878 3293 3266 3362 propemodum
3300 3295 3481 3369 impes

1909 3392 2097 3440 rantes
2124 3383 2307 3438 omnia
2330 3381 2508 3437 facere
2533 3397 2654 3451 qua
2680 3382 2917 3451 ipsarum
2950 3382 3159 3437 libidini
3196 3382 3468 3438 favebant.

1912 3476 2054 3544 Quid
2080 3476 2267 3547 igitur?
2290 3494 2308 3528 ι
2353 3472 2510 3530 Jurat
2530 3474 2787 3529 Dominus
2806 3490 2899 3544 per
2920 3487 3140 3529 sanctos
3157 3490 3308 3539 suos,
3337 3491 3476 3543 quo—

1914 3569 2059 3624 niam
2093 3568 2211 3622 dies
2232 3568 2457 3622 veniunt
2477 3580 2642 3634 super
2659 3578 2778 3629 vos,
2793 3575 2847 3618 et
2869 3564 3057 3618 tollent
3075 3578 3171 3618 vos
3199 3564 3255 3617 in
3278 3562 3467 3626 armis,

1913 3662 1970 3714 et
1983 3674 2079 3714 eos
2094 3657 2185 3728 qui
2199 3656 2480 3711 vobiscum
2504 3662 2631 3709 sunt
2652 3655 2707 3708 in
2727 3654 2861 3708 ollas
2876 3640 3169 3708 Succensas
3194 3653 3470 3723 injicient:

1916 3760 1970 3806 et
1995 3748 2291 3820 ejiciemini
2310 3747 2672 3810 nudi,mulier
2689 3754 2849 3815 atque
2870 3743 2968 3807 vir,
2990 3760 3173 3821 coram
3198 3745 3428 3803 invicem
3454 3764 3475 3815 ς

1915 3852 1969 3895 et
1997 3836 2358 3910 projiciemini
2397 3839 2451 3891 in
2482 3844 2719 3901 montem
2749 3834 3065 3898 Armanam,
3110 3835 3245 3891 dicit
3290 3835 3474 3891 Domi-

1915 3948 2042 3988 nus.
2076 3950 2095 3983 ι
2134 3928 2379 3985 Decrevit
2430 3927 2692 3983 Dominus
2761 3942 2871 3982 rem
2936 3942 3057 3997 qua:
3112 3927 3309 3981 mutari
3368 3942 3491 3995 non

1919 4030 2130 4095 potest:
2154 4022 2255 4077 hoc
2276 4020 2420 4079 enim
2452 4021 2671 4075 denotat
2700 4018 2921 4073 verbum
2955 4017 3130 4088 cjurat
3158 4034 3173 4083 ;
3206 4037 3225 4071 ο
3265 4030 3476 4088 tempus
3504 4008 3507 4013 ί

1920 4114 2106 4169 adfore
2152 4129 2262 4184 quo
2311 4112 2380 4167 de
2427 4112 2515 4167 his
2566 4126 2758 4181 pmnas
2808 4110 3043 4164 dabitis:
3094 4112 3478 4179 supervenient

1918 4205 2065 4258 enim
2090 4203 2244 4257 vobis
2276 4202 2484 4266 hostes,
2515 4202 2607 4269 qui
2654 4215 2748 4254 vos
2788 4199 3093 4268 eaptivatos
3125 4198 3479 4254 intolerandis

1928 4294 2082 4363 111
2115 4292 2362 4349 irretient
2408 4291 2607 4345 malis:
2656 4291 2780 4361 quia
2813 4304 3006 4358 nempe
3048 4290 3264 4345 cunctis
3312 4289 3482 4345 simul

260 4358 337 4440 ὅτι
359 4388 633 4459 παρέσται
661 4358 849 4459 καιρὸς
884 4388 941 4439 ὲν
969 4379 1014 4454 ᾧ
1038 4358 1258 4440 τούτων.
1276 4358 1474 4439 δώσετε
1494 4386 1648 4450 δίκας
1665 4358 1812 4441 ’.ἐπε

1924 4388 2138 4457 Spoliati
2175 4385 2353 4452 bonis,
2378 4400 2502 4440 cum
2535 4385 2683 4454 pravi
2709 4386 2876 4439 moris
2904 4383 3244 4448 mulieribus,
3276 4391 3334 4439 et
3356 4400 3479 4440 cum

262 4477 569 4532 ελεύσονται
615 4479 722 4549 γάρ
767 4481 895 4549 ὑμῖν
946 4479 1224 4548 πολέμιοι,
1277 4478 1326 4532 οἳ
1378 4478 1629 4543 λαϐόντες
1683 4481 1828 4551 ὑμᾶς

266 4568 659 4639 αἰχμαλώτους,
674 4569 993 4641 ἀνηκέστοις
1004 4566 1296 4638 ἐμϐαλοῦσι
1312 4570 1519 4631 κακοῖς,
1532 4568 1673 4621 ὥστε
1690 4570 1829 4624 κατὰ

266 4661 453 4713 ταυτδν
488 4660 707 4713 πάντων
750 4658 857 4713 τῶν
894 4658 1186 4728 περιόντων
1227 4656 1321 4710 νῦν
1351 4658 1569 4725 ἀγαθῶν
1608 4676 1829 4729 γυμνω-

268 4751 473 4816 θέντας,
515 4750 651 4821 όμοῦ
674 4752 774 4815 τάς
796 4766 857 4804 τε
886 4748 1109 4803 τοιαῦτα
1136 4746 1509 4820 ὲργαξομένας
1545 4752 1826 4818 γυναῖκας,

1923 4477 2390 4534 subservientibus
2440 4475 2507 4530 ad
2562 4474 2895 4546 peccandum
2948 4476 3116 4540 viris,
3166 4475 3366 4547 captivi
3415 4474 3484 4528 ad

1921 4570 2269 4640 Assyriorum
2313 4568 2585 4639 regionem
2648 4564 2941 4621 ducemiui.
3007 4567 3298 4635 Armanam
3357 4580 3486 4621 vero

1924 4661 2056 4716 dicit
2111 4670 2346 4717 montem
2401 4660 2807 4723 Armeniorum,
2861 4661 2953 4730 qui
2994 4667 3125 4714 tunc
3181 4660 3233 4713 in
3282 4658 3487 4714 ditionc

1925 4753 2269 4823 Assyriorum
2304 4761 2441 4807 erat.

272 4846 358 4896 ut
393 4846 521 4907 τοὺς
559 4843 1029 4914 ὑπηρετουμένους
1069 4842 1256 4901 αὐταῖς
1292 4840 1427 4912 πρὸς
1457 4841 1525 4894 τά
1584 4843 1799 4895 τοιαῦτα
1836 4842 2034 4915 ἄνδρας
2070 4845 2443 4917 αἰχμαλώτους
2485 4845 2577 4898 ἐπὶ
2606 4845 2704 4918 τὴν
2731 4845 2838 4899 τῶν
2853 4847 3149 4916 Ἀσσυρίων
3180 4843 3487 4913 ἀπαχθῆναι

271 4936 471 5007 χώραν.
545 4934 791 5005 Ἀρμανά
846 4934 954 5005 γὰρ
990 4932 1052 4986 τὸ
1100 4932 1396 5003 Ἀρμενίων
1433 4932 1557 5003 ὅρος
1608 4934 1779 4999 καλεῖ,
1816 4934 1905 5007 (p.
1941 4934 2075 5007 168)
2116 4939 2252 5008 ὅπερ
2307 4937 2411 4990 ὑπὸ
2443 4938 2542 5007 τὴν
2600 4938 2899 5009 ’Δσσυρίων
2959 4936 3018 4990 ὃν
3056 4934 3316 5005 ἐτύγχανε
3366 4934 3489 4988 τότε

277 5028 558 5098 βασιλείαν.

342 5119 486 5187 Στίχ,
521 5118 667 5180 ἕσς’.
698 5149 763 5158 -
800 5136 820 5169 ι
857 5116 1143 5188 Είσήλθετε
1173 5116 1253 5178 εἰς
1281 5115 1500 5189 Βαιθὴλν
1523 5119 1617 5172 καὶ
1642 5119 1838 5191 ἢνομή·

280 5225 430 5261 σατε·
461 5210 555 5260 καὶ
594 5209 673 5270 είς
699 5207 968 5275 Γάλγαλα,
1011 5207 1104 5260 καὶ
1133 5206 1468 5277 ὲπληθύνατε
1511 5208 1605 5260 τοῦ
1642 5206 1839 5279 ἀσεϐῆ-

278 5316 367 5351 σαι
390 5315 402 5324 ·
440 5299 535 5352 καὶ
583 5298 850 5365 ἠνέγκατε
903 5296 1044 5367 πρωῒ
1074 5296 1261 5361 θυσίας
1294 5298 1469 5369 ὑμῶν.
1500 5300 1593 5353 καὶ
1636 5302 1715 5364 είς
1741 5300 1838 5371 τὴν

284 5390 598 5459 τριημερίαν
624 5388 691 5441 τὰ
719 5387 1195 5457 ἐπιδέκατα.ὐμῶν
1219 5405 1233 5418 ο
1270 5388 1362 5441 καὶ
1393 5388 1700 5457 ἀνέγνωσαν
1736 5390 1840 5455 ἔξω

286 5482 457 5549 νόμον,
489 5482 581 5534 καὶ
620 5480 1013 5533 ἐπεκαλέσαντο
1043 5478 1344 5549 ὁμολογίαν.
1383 5497 1401 5529 ο
1449 5479 1706 5533 Ἐνταῦθα
1744 5484 1839 5536 καὶ

294 5573 408 5641 περὶ
432 5573 498 5624 τὰ
531 5570 722 5624 εἴδωλα
755 5571 935 5631 αὐτοῖς
968 5568 1202 5639 σπουδὴν
1237 5565 1480 5633 ὀνειδίζει
1502 5583 1517 5597 ·
1551 5567 1705 5621 τοῦτο
1730 5568 1839 5642 γὰρ

293 5662 429 5729 ’λέγει
456 5662 531 5728 εἰσ,
571 5683 589 5712 ι
620 5663 712 5724 Ei;
745 5659 947 5729 Βαιθὴλ
970 5660 1061 5711 καὶ
1096 5661 1173 5723 είς
1196 5658 1443 5727 Γάλγαλα
1474 5659 1746 5714 εἰσήλθετε
1766 5679 1779 5693 ο
1815 5681 1837 5715 ι

573 5758 847 5817 Parnm.
882 5755 997 5816 Gn.
1046 5754 1265 5816 LXVI.

2007 5115 2169 5171 Vens.
2208 5113 2426 5168 4ο6.-ι
2466 5113 2733 5171 lntroislis
2767 5116 2821 5169 in
2867 5112 3074 5177 Bethel,
3107 5122 3160 5170 et
3184 5114 3346 5184 impie
3372 5115 3490 5185 egi-

1935 5208 2071 5266 stis:
2109 5207 2163 5260 in
2194 5206 2437 5278 Calgala,
2474 5209 2948 5279 etmultiplicastis
2969 5207 3487 5276 praevaricationum

1934 5298 2210 5354 Attulistis
2241 5315 2399 5354 mane
2425 5301 2675 5355 victimas
2707 5309 2941 5363 vestras,
2969 5300 3024 5354 in
3059 5300 3299 5355 triduum
3340 5299 3492 5355 deci-

1937 5405 2055 5444 mas
2077 5397 2309 5444 vestras.
2341 5389 2406 5445 Et
2434 5392 2682 5462 legerunt
2715 5390 2921 5445 deforis
2944 5391 3139 5471 legem,
3177 5399 3232 5445 et
3267 5390 3494 5444 invoca-

1942 5489 2136 5536 verunt
2164 5480 2582 5537 confessionem.
2620 5500 2638 5532 ι
2679 5480 2792 5535 Hoc
2832 5481 2952 5537 loco
2993 5482 3334 5537 sedulitatem
3362 5496 3496 5552 erga

1947 5572 2091 5628 idola
2120 5571 2226 5627 illis
2256 5572 2564 5641 exprobrat;
2596 5570 2650 5624 id
2679 5573 2823 5627 enim
2847 5573 3027 5627 valent
3044 5574 3229 5633 verba,
3258 5590 3275 5621 ι
3310 5571 3363 5624 in
3397 5562 3505 5624 Βρὲ

1949 5662 2055 5719 tbel
2080 5670 2238 5733 atque
2260 5659 2478 5734 Galgala
2500 5661 2798 5730 introistis;
2836 5682 2854 5716 ι
2890 5664 2963 5719 ita
3002 5662 3268 5717 idolorum
3291 5661 3501 5717 cultum

3148 5757 3190 5816 9
