3976 6226
448 260 453 275 “
513 254 618 313 267

1697 257 2051 316 THEODORI
2080 258 2563 318 MOPSUESTENI

3650 263 3757 319 268

514 371 583 423 de
608 385 759 426 more
782 371 1097 442 signiﬁcans
1131 392 1143 427 :
1172 381 1228 428 et
1262 373 1481 444 quidem
1512 374 1768 430 alacriter
1790 374 2082 430 admodum

2186 402 2251 454 ἐκ
2267 400 2457 454 τούτου
2487 400 2751 464 εἰωθότως
2771 400 2868 472 τὴν
2890 401 3021 474 περὶ
3044 401 3113 455 τὰ
3141 400 3333 456 εἴδωλα
3351 400 3645 471 θεραπείαν
3669 401 3759 472 61;-

517 463 960 529 praavaricantes,
992 464 1262 519 sacriﬁcia
1289 466 1484 522 sedqu
1507 468 1791 525 attulistis.
1821 468 1949 524 Jam
1980 489 1999 521 ι
2029 471 2084 524 in

516 552 756 608 triduum
801 573 820 606 ι
854 555 1009 622 dicit,
1042 557 1125 611 vel
1167 566 1279 613 tres
1314 558 1432 615 dies
1462 560 1771 632 intelligens
1803 561 1876 616 ob
1898 571 2095 617 osten-

515 646 745 700 dendam
780 646 1138 718 frequentiam
1167 665 1276 720 qua
1321 653 1590 712 sacriﬁcia
1638 654 1973 719 offerebant;
2003 655 2087 710 vel

514 738 841 805 peculiarem
891 739 1124 808 aliquem
1175 743 1419 808 modum,
1466 760 1577 815 quo
1615 746 1886 801 sacriﬁcia
1942 746 2084 817 apud

516 828 658 882 idola
690 831 1038 901 peragebant.
1080 832 1212 888 Illuc
1252 845 1432 890 autem
1466 838 1708 891 decimas
1743 852 1963 906 quoque
2009 838 2089 893 in-

513 919 738 984 tulistis,
770 931 824 974 et
866 921 1036 992 legem
1064 923 1355 994 quamdam
1402 941 1502 995 pro
1552 926 1709 981 libito
1745 934 1927 983 vestro
1957 927 2089 997 legi-

513 1011 645 1077 stis;
698 1019 752 1065 et
807 1011 1012 1068 foedera
1064 1031 1233 1085 super
1281 1018 1384 1072 hac
1428 1019 1573 1089 apud
1627 1019 1773 1073 idola
1828 1019 2084 1074 fecistis:

514 1110 675 1171 atque
727 1111 785 1156 ut
837 1107 1152 1160 summatim
1206 1107 1408 1173 dicam,
1456 1111 1638 1164 omnia
1688 1110 1781 1164 illa
1832 1126 1955 1181 quae
1988 1126 2087 1166 vos

512 1191 737 1248 decebat
798 1196 1101 1251 secundum
1158 1198 1399 1254 divinam
1461 1201 1633 1272 iegem
1693 1199 2086 1273 Hierosolymis

513 1293 773 1355 praestare
801 1284 930 1351 Deo,
957 1288 1074 1343 haec
1100 1289 1155 1343 in
1189 1290 1460 1359 praedictis
1490 1293 1624 1348 locis
1664 1308 1791 1364 erga
1824 1294 1987 1358 idola,
2017 1309 2085 1347 ex

516 1378 919 1433 institutionum
948 1396 1191 1435 mearum
1221 1398 1413 1437 norma
1451 1383 1676 1440 fecistis.
1712 1385 1921 1451 Quibus
1956 1402 2088 1455 pra:-

511 1469 657 1522 clare
678 1469 994 1540 subjungit:
1025 1488 1045 1521 ‹
1078 1471 1431 1536 Annuntiate,
1460 1473 1718 1542 quoniam
1745 1474 1860 1528 hzec
1885 1474 2089 1530 dilexe-

512 1567 640 1612 runt
676 1559 768 1613 filii
802 1558 1043 1624 lsraelis,
1069 1560 1203 1616 dicit
1234 1561 1520 1619 Dominus.
1556 1582 1574 1615 ι
1607 1563 1873 1620 Omnibus
1904 1568 2089 1637 explo-

512 1658 687 1705 ratum
736 1652 807 1706 sit
861 1652 1091 1707 istorum
1136 1669 1264 1725 erga
1312 1654 1458 1709 idola
1504 1655 1770 1721 studium,
1822 1666 1881 1710 ut
1924 1658 2087 1713 simul

511 1748 725 1797 constet
748 1741 1102 1811 quamobrem
1129 1756 1319 1811 pinnas
1345 1743 1565 1800 luerint.
1602 1745 1744 1812 Quid
1770 1748 1938 1802 vero?
1968 1766 1987 1798 ‹
2020 1747 2086 1801 Et
2119 1732 2158 1787 Β

510 1846 613 1901 ego
642 1832 786 1891 dabo
817 1834 970 1888 vobis
1001 1842 1277 1904 stuporem
1308 1836 1550 1891 dentium
1585 1837 1641 1891 in
1673 1840 1888 1894 cunctis
1933 1840 2087 1895 urbi-

512 1923 614 1977 bus
636 1923 857 1987 vestris,
888 1932 941 1979 et
971 1924 1324 1996 indigentiam
1353 1942 1553 1997 panum
1587 1928 1643 1981 in
1668 1930 1923 1986 omnibus
1952 1932 2088 1988 locis

509 2017 740 2080 vestris;
774 2025 827 2070 et
852 2031 959 2071 non
990 2018 1337 2073 revertemini
1370 2019 1437 2073 ad
1466 2034 1574 2085 me,
1600 2021 1730 2075 dicit
1750 2020 2030 2079 Dominus.
2061 2046 2080 2077 ι

512 2107 775 2176 Equidem
823 2107 1047 2162 multam
1092 2108 1284 2164 faciam
1339 2110 1507 2167 vestri
1575 2112 1983 2178 contritionem,
2031 2124 2086 2170 et

514 2197 746 2267 plurima
800 2199 1236 2253 necessariarum
1287 2215 1470 2255 rerum
1519 2210 1760 2272 egestate
1799 2219 2080 2273 premam;

513 2305 689 2360 neque
716 2296 899 2345 tamen
932 2289 1140 2345 idcirco
1187 2291 1457 2348 emendati
1497 2293 1564 2348 ad
1600 2310 1686 2349 me
1715 2294 2084 2353 declinabitis.

511 2379 645 2435 Nam
676 2378 919 2436 dentium
947 2388 1227 2453 stuporem
1258 2384 1412 2449 dicit,
1446 2399 1545 2455 pro
1580 2387 1736 2457 112
1769 2389 1917 2459 gravi
1948 2404 2086 2443 con-

512 2472 771 2539 tritione;
830 2474 973 2528 sicut
1043 2475 1206 2531 etiam
1268 2478 1408 2547 apud
1476 2479 1695 2533 beatum
1760 2480 2015 2537 Davidem
2066 2501 2081 2536 :

517 2580 537 2613 ο
575 2562 719 2621 Deus
765 2574 1013 2622 conteret
1069 2567 1260 2624 dentes
1308 2584 1497 2624 eorum
1558 2571 1611 2624 in
1651 2587 1747 2626 ore
1791 2572 2029 2642 ipsorum
2064 2592 2079 2629 :

512 2658 685 2715 molas
714 2659 932 2716 leonum
965 2659 1234 2733 confregit
1264 2660 1528 2719 Dominus
1559 2663 1626 2718 ‘9.
1665 2682 1683 2715 ι
1716 2664 1845 2718 Vult
1873 2666 2082 2721 scilicet

513 2763 781 2805 summam
809 2752 1191 2808 contritionem
1221 2753 1402 2811 dicere
1454 2765 1509 2813 et
1542 2757 1698 2824 quasi
1726 2756 1793 2811 ad
1837 2756 2079 2812 dentium

510 2851 786 2911 stuporem
817 2840 1196 2897 deventuram.

2185 492 2293 544 λῶν
2313 510 2331 524 ·
2357 492 2451 546 καὶ
2482 493 2619 563 μετά
2649 492 2977 563 πολλῆςλμέν
3006 492 3251 561 ὴσεσεῖτε
3282 494 3383 563 τῆς
3414 493 3759 563 προθυμίας·

2185 584 2490 654 προσήγετε
2550 583 2608 637 δὲ
2676 583 2878 654 σπουδῇ
2953 583 3048 637 καὶ
3109 583 3209 647 τὰς
3290 583 3480 646 θυσίας
3500 598 3525 612 ⁶“
3565 583 3625 637 τὸ
3670 584 3750 644 δὲ,

2191 692 2210 723 ι
2248 676 2327 737 είς
2371 674 2470 745 τὴν
2499 674 2844 745 τριημερίαν,
2879 694 2898 726 ι
2934 675 3090 745 ἢΔιά
3120 676 3285 747 τριῶν
3319 676 3559 749 ἡμερῶν,
3586 677 3755 731 εἰπεῖν

2187 761 2471 833 βούλεται,
2517 764 2598 827 είς
2645 763 2876 833 δήλωσιν
2926 763 3021 817 τοῦ
3080 764 3317 835 συνεχῶς
3347 764 3446 834 τὴν
3472 781 3753 835 προσάγω·

2184 855 2288 926 γῆν
2345 855 2453 909 τῶν
2505 855 2705 909 θυσιῶν
2732 856 3023 923 ποιεῖσθαι,
3067 856 3101 927 ἢ
3137 857 3339 927 τρόπον
3373 856 3494 909 τινὰ
3529 855 3649 909 καθ’
3694 857 3756 908 δν

2183 946 2282 1009 τὰς
2318 946 2509 1009 θυσίας
2542 947 2828 1001 ἐπετέλουν
2851 948 2972 1000 τότε
3016 950 3129 1010 τοῖς
3174 946 3434 1010 εἰδώλοις.
3474 946 3668 1000 Δύτόθι
3695 947 3751 999 δὲ

2185 1037 2401 1101 καὶτὰς
2429 1036 2661 1102 δεκάτας
2702 1038 3089 1109 προσεφέρετε,
3139 1041 3234 1092 καὶ
3284 1039 3447 1109 νόμον
3490 1038 3611 1091 τινὰ
3661 1038 3750 1091 ἀν-

2185 1128 2506 1197 εγινώσκετε
2524 1128 2615 1181 τὸν
2638 1128 2765 1199 ὑμῖν
2786 1126 3042 1182 δοκοῦντα
3055 1144 3067 1158 ·
3085 1129 3185 1191 τὰς
3209 1128 3480 1199 συνθήκας
3500 1129 3586 1180 ἐπ’
3609 1127 3756 1196 αὐτῷ

2186 1220 2323 1291 πρὸς
2367 1221 2433 1273 τὰ
2485 1219 2679 1274 είδωλα
2726 1220 3066 1290 ποιούμενοι·
3113 1222 3208 1273 καὶ
3263 1221 3540 1290 συντόμως
3585 1221 3759 1273 εἰπεῖν

2185 1312 2401 1365 ἅπαντα
2430 1309 2495 1382 δὴ
2529 1310 2565 1364 ἃ.
2596 1311 2870 1381 προσῆκον
2895 1307 2965 1381 ἦν
2990 1311 3135 1382 ὑμᾶς
3180 1311 3321 1367 κατά
3344 1312 3435 1365 τὸν
3477 1311 3638 1381 νόμον
3665 1312 3756 1365 τὸν

2186 1402 2327 1456 θεῖον
2380 1404 2472 1456 ἐπὶ
2520 1403 2620 1473 τῆς
2690 1403 3042 1475 Ἰερουσαλὴμ
3089 1404 3441 1475 ἀποπληροῦν
3489 1403 3570 1474 τῷ
3615 1404 3753 1474 Θεῷ,

2184 1490 2357 1544 ταῦτα
2385 1493 2442 1544 ἐν
2467 1495 2577 1556 τοῖς
2599 1494 2953 1564 προρρηθεῖσι
2979 1494 3164 1557 τόποις
3185 1494 3281 1548 καὶ
3309 1494 3437 1565 περὶ
3465 1495 3535 1547 τὰ
3563 1494 3757 1548 εἴδωλα

2187 1584 2328 1637 κατά
2378 1584 2607 1654 μίμησιν
2652 1586 2760 1638 τῶν
2807 1586 2931 1656 ἐμοὶ
2973 1586 3404 1656 διατεταγμένων
3447 1586 3755 1650 ποιοῦντες·

2189 1670 2269 1739 οἷς
2303 1676 2482 1740 καλῶς
2521 1678 2746 1746 ἐπάγει·
2785 1696 2805 1731 ι
2865 1678 3255 1747 Ἀπαγγείλατε
3293 1679 3375 1732 ὅτι
3414 1678 3588 1731 ταῦτα
3622 1680 3758 1749 ὴγάο

2186 1785 2366 1837 πησαν
2403 1770 2452 1821 oi
2500 1769 2607 1823 υἱοὶ
2643 1769 2877 1841 Ἰσραὴλ,
2923 1770 3070 1839 λέγει
3113 1769 3317 1843 Κύριος
3343 1768 3377 1824 ὅ
3403 1770 3553 1833 Θεός.
3594 1791 3613 1823 ι
3656 1772 3758 1825 Γε-

2185 1858 2358 1913 νέσθω
2388 1857 2451 1928 δὴ
2496 1860 2628 1912 πᾶσι
2656 1859 2972 1931 καταφανὴς
3004 1860 3197 1931 αὐτῶν,
3220 1863 3253 1931 ἡ
3288 1861 3416 1932 περὶ
3439 1860 3511 1915 τὰ
3533 1861 3759 1916 τοιαῦτα

2187 1951 2412 2022 σπουδὴ,
2433 1951 2509 2015 ὡς
2533 1952 2599 2005 ἂν
2631 1953 2726 2006 καλ⁸
2748 1954 2887 2025 ὑπὲρ
2921 1954 3041 2007 ὅτου
3076 1953 3276 2007 διδόασι
3313 1953 3487 2018 δίκας,
3524 1954 3601 2024 (p.
3632 1954 3759 2026 169)

2185 2043 2390 2110 γένοιτο
2440 2042 2620 2112 δῆλον.
2652 2044 2717 2096 Τί
2750 2044 2890 2115 γάρ;
2933 2062 2953 2096 ι
2992 2046 3102 2098 Kal.
3130 2045 3240 2114 ἐγὼ
3268 2045 3424 2099 δώσω
3456 2047 3584 2116 ὑμῖν
3621 2063 3758 2119 γομ-

2187 2133 2421 2203 φιασμὸν
2457 2134 2684 2188 ὀδόντων
2717 2137 2775 2188 ἐν
2807 2137 3008 2199 πάσαις
3042 2138 3164 2199 ταῖς
3194 2136 3411 2191 πόλεσιν
3445 2137 3621 2208 ὑμῶν,
3659 2139 3758 2193 καὶ

2185 2225 2388 2279 ἔνδειαν
2420 2225 2599 2294 ἄρτων
2642 2228 2700 2280 ἐν
2742 2229 2877 2280 πᾶσι
2918 2231 3031 2291 τοῖς
3080 2228 3266 2292 τόποις
3308 2229 3481 2298 ὑμῶν,
3532 2232 3626 2284 καί¹
3657 2231 3758 2284 οὐκ

2186 2317 2545 2387 ἐπιστρέψετε
2576 2318 2710 2388 πρός
2752 2336 2842 2389 με,
2872 2319 3018 2388 λέγει
3048 2320 3272 2392 Κύριος.
3319 2339 3337 2370 ι
3378 2322 3489 2375 Καὶ
3529 2323 3638 2392 γὰρ
3663 2324 3759 2375 καὶ

2185 2406 2474 2478 συντριϐὴν
2522 2407 2673 2477 ὑμῶν
2716 2409 3018 2480 ἐργάσομαι
3065 2410 3340 2482 πλείστην,
3389 2412 3483 2465 καὶ
3532 2415 3600 2483 τῇ
3650 2413 3759 2465 τῶν

2183 2498 2494 2566 ἀναγκαίων
2539 2499 2717 2570 ἐνδείᾳ
2765 2500 3076 2571 περιϐαλῶ·
3128 2502 3219 2555 καὶ
3276 2504 3395 2556 οὐδὲ
3446 2504 3539 2556 ἐπὶ
3583 2505 3761 2574 τούτῳ

2187 2588 2644 2658 σωφρονισθέντες
2686 2589 2902 2644 νεύσετε
2946 2592 3081 2661 πρός
3122 2608 3219 2662 με·
3254 2594 3599 2664 γομφιασμδν
3650 2595 3762 2665 γὰρ

2184 2678 2411 2733 ὀδόντων
2438 2681 2538 2749 τὴν
2569 2681 2706 2748 ἀγαν
2736 2681 3025 2754 συντριϐεὴν
3056 2683 3227 2752 λέγει·
3265 2685 3340 2749 ὠς
3365 2686 3458 2739 καὶ
3504 2685 3653 2757 παρὰ
3679 2685 3765 2757 τῷ

2191 2771 2445 2842 μακαρίῳ
2463 2772 2623 2826 Δαυῖδ
2645 2773 2727 2838 τὸ,
2756 2792 2775 2825 ι
2814 2774 2871 2827 Ὀ
2892 2775 3022 2838 θεὸς
3040 2778 3166 2840 τοὺς
3192 2777 3408 2841 ὀδόντας
3437 2777 3616 2832 αὐτῶν
3641 2795 3761 2832 συνο

2188 2862 2366 2932 τρίψει
2397 2863 2455 2917 ἐν
2487 2863 2565 2933 τῷ
2599 2863 2826 2934 στόματι
2858 2866 3060 2929 αὐτῶν,
3089 2866 3187 2931 τὰς
3237 2868 3421 2939 μὼλας
3462 2868 3570 2923 τῶν
3611 2870 3763 2922 λεόν-

510 2959 621 2999 των
649 2941 974 2998 συνέθλασεν
1006 2946 1035 2998 ό
1063 2945 1266 3017 Κύριος
1286 2960 1299 2975 ⁸
1334 2966 1353 2999 ι
1383 2946 1688 3020 βουλομένῳ
1714 2949 1811 3020 τὴν
1832 2949 2272 3021 ὑπερϐάλλουσαν
2298 2957 2473 3010 εἰπεῖν
2502 2957 2811 3030 συντριϐὴν,
2838 2958 2913 3021 ὡς
2944 2958 3069 3030 ἄχρι
3091 2961 3201 3014 τῶν
3232 2962 3458 3017 ὀδόντων
3489 2963 3763 3034 ἐσομένην

511 3037 607 3091 καὶ
631 3036 739 3090 τῶν
766 3037 1033 3107 γομφίων.

584 3123 751 3180 Vens.
784 3125 939 3181 7-10.
968 3156 1040 3165 —-
1072 3144 1092 3177 ι
1131 3125 1198 3181 Et
1239 3141 1341 3197 ego
1393 3127 1648 3198 prohibui
1700 3144 1731 3183 a
1781 3131 1937 3186 vobis
1977 3132 2078 3185 im-

2252 3138 2398 3209 Στίχ.
2448 3140 2600 3205 ζ’.-ι¹.
2637 3172 2708 3183 -
2742 3163 2760 3195 ι
2800 3146 2907 3199 Καὶ
2941 3143 3051 3213 ἐγὼ
3106 3144 3329 3216 ἀνέσχον
3378 3145 3437 3210 ἐξ
3476 3145 3627 3215 ὑμῶν
3662 3147 3765 3200 τὸν

509 3215 685 3280 hrem,
716 3228 843 3270 cum
868 3214 1047 3269 adhuc
1078 3223 1192 3271 tres
1224 3231 1438 3273 menses
1471 3228 1820 3288 superessent
1850 3222 1915 3273 ad
1946 3237 2082 3277 mes-

510 3322 647 3363 sem.
684 3305 749 3360 E‘t
796 3306 979 3377 pluam
1026 3322 1191 3377 super
1242 3322 1407 3362 unam
1462 3309 1762 3371 civitatem,
1809 3318 1864 3366 et
1917 3328 2083 3382 super

509 3399 736 3453 alteram
772 3400 1043 3456 civitatem
1068 3416 1175 3455 non
1194 3400 1374 3471 pluam
1391 3419 1404 3455 :
1421 3416 1663 3470 parsuna
1687 3403 1961 3473 compluta
1975 3414 2077 3467 est,

509 3496 563 3543 et
583 3503 731 3558 pars,
762 3502 925 3559 super
957 3502 1123 3559 quam
1153 3504 1263 3543 non
1301 3489 1436 3558 plui,
1465 3491 1630 3544 aruit.
1664 3488 1730 3544 Et
1758 3493 2082 3547 convenient

509 3578 631 3635 dure
645 3580 897 3635 civitates
919 3579 974 3633 in
1009 3580 1284 3635 civitatem
1305 3593 1466 3634 unam
1497 3588 1560 3637 ut
1578 3580 1766 3637 bibant
1788 3596 2002 3651 aquam,
2029 3595 2081 3640 et

509 3688 619 3727 non
643 3670 1010 3727 satiabuntur.
1059 3670 1123 3725 Et
1165 3685 1263 3728 vos
1292 3671 1359 3727 ad
1402 3687 1487 3727 me
1529 3688 1638 3728 non
1684 3674 1819 3730 estis
1848 3677 2078 3741 reversi,

509 3760 640 3817 dicit
666 3761 951 3819 Dominus.
1009 3780 1030 3815 ι
1078 3761 1337 3818 Subtraxi
1381 3771 1562 3819 autem
1611 3765 1767 3821 vobis
1824 3766 2076 3833 imbrem,

508 3854 862 3924 quamobrem
916 3855 969 3909 in
1023 3855 1313 3909 maximam
1384 3856 1726 3913 sterilitatem
1773 3858 2075 3927 incidistis;

508 3959 634 4000 nam
689 3945 913 4008 locutio,
965 3945 1145 4002 tribus
1195 3955 1322 4001 ante
1353 3963 1588 4003 messem
1624 3950 1924 4006 mensibus.
1974 3952 2078 4007 hoc

509 4035 780 4103 signiﬁcat
824 4054 836 4089 :
890 4036 1088 4090 etenim
1147 4053 1214 4093 eo
1264 4046 1380 4092 toto
1436 4040 1719 4095 intervallo
1765 4044 2078 4100 continuata

510 4127 754 4190 siccitas.
790 4128 1153 4183 universalem
1198 4125 1413 4199 frugum
1456 4131 1587 4185 facit
1620 4134 2079 4206 perniciem,qu:e

508 4234 686 4289 neque
746 4220 817 4273 ali
874 4233 1051 4289 neque
1098 4218 1454 4290 pinguescere
1509 4233 1716 4291 queunt
1766 4242 1780 4279 :
1824 4228 2077 4295 prohibet

507 4310 763 4381 denique,
797 4311 1092 4380 quominus
1122 4312 1317 4368 idonea
1355 4314 1621 4369 armentis
1653 4331 1851 4383 pascua
1880 4334 2077 4389 suppe-

2182 3229 2334 3282 ὑετὸν
2372 3231 2479 3301 πρὸ
2500 3232 2664 3301 τριῶν
2696 3235 2882 3305 μηνῶν
2910 3236 3002 3289 τοῦ
3029 3235 3287 3307 θερισμοῦ
3304 3255 3318 3267 ο
3346 3238 3439 3291 καὶ
3464 3236 3639 3308 βρέξω
3660 3239 3762 3292 ἐπὶ

2182 3322 2334 3374 πόλιν
2364 3322 2512 3393 μίαν,
2550 3325 2641 3377 ἐπὶ
2670 3325 2725 3378 δὲ
2766 3327 2919 3381 πόλιν
2962 3328 3090 3396 μίαν
3120 3329 3184 3381 οὐ
3217 3327 3420 3399 βρέξω·
3453 3330 3608 3399 μερὶς
3656 3330 3760 3398 μία

2183 3412 2354 3483 βραχή
2363 3430 2512 3466 σεται
2528 3456 2541 3478 ,
2561 3415 2655 3468 καὶ
2672 3433 2735 3486 με
2745 3416 2827 3487 ρὶς
2855 3417 2940 3486 ἐφ’
2957 3417 3022 3487 ἢν
3039 3418 3101 3470 οὐ
3119 3418 3312 3489 βρέξω,
3332 3417 3394 3489 ξη
3405 3418 3760 3490 ρανθήσεται·

2181 3504 2275 3557 καὶ
2319 3504 2864 3578 συναθροισθήσονται
2896 3509 3010 3581 (‘27)
3043 3510 3136 3562 δύο
3160 3512 3254 3564 καὶ
3290 3513 3439 3582 spei;
3465 3511 3648 3575 πόλεις
3671 3516 3764 3576 είς

2181 3596 2334 3649 πόλιν
2365 3598 2493 3667 μίαν
2522 3598 2618 3651 τοῦ
2652 3602 2797 3653 πιεῖν
2835 3600 2999 3672 ὕδωρ,
3032 3602 3127 3656 καί⁸
3158 3603 3219 3655 οὐ
3262 3603 3336 3675 μὴ
3367 3604 3760 3675 ἐμπλησθῶσι·

2179 3689 2274 3742 καὶ
2296 3688 2394 3742 οὐκ
2417 3690 2795 3762 ἐπεστράφητε
2819 3694 2954 3763 πρός
2982 3711 3071 3764 με,
3098 3694 3247 3763 λέγει
3276 3694 3497 3767 Κύριος.
3524 3715 3551 3747 ι-
3579 3698 3767 3764 ’Δφεῖο

2179 3778 2270 3833 λον
2300 3780 2357 3834 δέ
2386 3781 2539 3851 ὑμῶν
2574 3784 2667 3836 καί
2717 3783 2808 3836 τὸν
2852 3784 3025 3849 ὑετὸν,
3051 3786 3191 3839 ὥστε
3234 3787 3482 3858 ἀκαρπίᾳ
3527 3805 3764 3859 περιπε-

2180 3874 2293 3925 σεῖν
2326 3874 2558 3947 μεγίστῃ
2576 3891 2591 3906 ·
2620 3874 2682 3928 τὸ
2714 3874 2843 3945 γὰρ,
2874 3894 2893 3925 ι
2919 3876 3025 3947 πρὸ
3053 3877 3222 3946 τριῶν
3252 3879 3436 3950 μηνῶν
3461 3879 3554 3933 τοῦ
3593 3880 3755 3950 θερι-

2180 3963 2339 4034 σμοῦ,
2372 3984 2391 4016 ι
2423 3965 2582 4019 τοῦτο
2627 3965 2808 4036 λέγει·
2844 3968 3030 4039 ἐπειδὴ
3060 3970 3092 4040 ἡ
3122 3972 3186 4024 ἐκ
3216 3971 3336 4026 τότε
3381 3973 3508 4044 ἀχρι
3563 3973 3766 4035 τέλους

2176 4055 2434 4126 γινομένη
2475 4056 2726 4127 ἀϐροχία,
2767 4059 3002 4125 παντελῆ
3049 4060 3148 4130 μὲν
3179 4062 3289 4115 τῶν
3324 4064 3555 4133 καρπῶν
3587 4066 3764 4134 ἐργά-

2177 4140 2329 4206 ζεται
2353 4142 2445 4195 τὸν
2465 4144 2789 4214 ἀφανισμὸν,
2815 4148 2939 4201 οὕτε
2971 4150 3351 4221 ἐκτρέφεσθαι,
3381 4153 3452 4222 (p.
3482 4153 3605 4223 170)
3626 4154 3760 4210 οὔτε

2177 4232 2487 4287 πιαίνεσθαι
2509 4236 2634 4289 οἴων
2658 4254 2717 4290 τε
2757 4238 2955 4293 ὄντων·
2985 4241 3182 4294 κωλύει
3209 4242 3267 4295 δὲ
3302 4244 3395 4297 καὶ
3429 4245 3529 4316 τὴν
3554 4248 3763 4318 ἐπιτη-

2174 4324 2319 4377 δείαν
2348 4328 2459 4389 τοῖς
2488 4328 2703 4398 κτήνεσι
2739 4330 2908 4402 νομὴν
2935 4332 3270 4388 ἀναδίδοσθαι
3298 4336 3361 4389 ἐκ
3392 4337 3491 4407 τῆς
3516 4338 3620 4407 γῆς
3638 4357 3651 4369 ·
3680 4341 3761 4393 τὰ

506 4410 645 4457 tant.
678 4401 904 4474 Reliqua
934 4412 1114 4460 autem
1164 4418 1265 4474 pro
1314 4419 1467 4461 more
1513 4408 1862 4478 contingente
1894 4411 2025 4467 dicit
2056 4430 2071 4467 :

2181 4416 2232 4469 δὲ
2254 4416 2380 4487 ἐξῆς
2417 4419 2524 4473 ἀπὸ
2548 4418 2642 4473 τοῦ
2672 4401 2922 4487 εἰωθότος
2952 4423 3097 4492 λέγει
3115 4442 3129 4455 ·
3160 4428 3344 4498 ἐπειδὴ
3375 4401 3583 4493 ἐνῠταῖςί
3607 4433 3764 4499 ἄγαν

507 4493 635 4563 quia
665 4495 719 4547 in
755 4495 937 4551 nimiis
972 4497 1331 4563 siccitatibus,
1356 4496 1499 4553 aeris
1522 4516 1740 4571 quoque
1772 4519 1914 4573 saepe
1946 4520 2073 4559 con-

508 4582 667 4652 tingit
699 4583 932 4652 aliquem
981 4585 1097 4641 ﬁeri
1143 4588 1441 4653 turbinem,
1472 4599 1526 4647 et
1551 4579 1801 4664 exiguam
1833 4597 2070 4665 plut-iam

509 4672 715 4741 sparsis
744 4673 993 4729 decidere
1037 4676 1194 4745 locis,
1232 4679 1391 4748 cujus
1441 4690 1620 4738 tamen
1658 4685 1807 4738 nulla
1839 4696 1922 4742 est
1944 4702 2073 4759 erga

508 4763 724 4834 frugum
768 4763 1165 4822 incrementum
1226 4770 1455 4828 utilitas.
1517 4773 1637 4829 Non
1680 4774 1898 4830 dabitur
1942 4792 2072 4849 ergo

506 4857 663 4913 vobis
700 4858 824 4912 usui
876 4857 1151 4915 sufﬁciens
1193 4863 1515 4932 pluviarum,
1541 4870 1720 4937 copia,
1754 4870 1849 4925 sed
1878 4862 1965 4925 vix
2000 4879 2075 4927 te-

506 4948 632 5003 nuis
659 4949 921 5019 particula
951 4950 1073 5013 erit,
1124 4959 1185 5005 ut
1224 4954 1364 5009 alius
1412 4958 1629 5026 quidem
1677 4959 1831 5015 locus
1879 4960 2072 5018 hume-

505 5037 643 5093 ctari
665 5038 933 5103 videatur,
956 5040 1096 5096 alius
1122 5042 1348 5096 omnino
1374 5046 1446 5098 sit
1469 5047 1654 5102 aridus
1678 5092 1692 5114 ,
1729 5048 1863 5103 nihil
1890 5048 2074 5120 fruges

500 5126 727 5194 juvante
771 5127 872 5182 hac
904 5130 1101 5200 exigua
1144 5131 1567 5191 ministratione.
1620 5134 1908 5193 Evidenter
1945 5155 2075 5195 vero

511 5216 776 5273 defectum
808 5220 1063 5276 imbrium
1087 5221 1350 5294 depinxit,
1375 5223 1502 5278 dum
1526 5226 1601 5280 ait
1630 5229 1879 5286 civitates
1905 5230 2067 5287 simul

507 5306 643 5363 dias
695 5309 780 5363 vel
829 5317 942 5367 tres
984 5315 1263 5370 turmatim
1318 5316 1562 5372 abituras
1612 5319 1667 5373 in
1734 5321 1932 5391 locum,
1976 5324 2067 5379 ubi

575 5484 621 5517 δ’
654 5483 944 5549 Psal.Lvu.
976 5488 1027 5543 7.

1949 5582 1962 5613 (ι
2053 5570 2067 5587 l

575 5661 687 5731 (‘27)
716 5662 849 5719 Cod.
878 5650 1417 5741 συναθροισθήσεται.

2175 4508 2457 4581 ἀϐροχίαις
2486 4511 2772 4581 συμϐαίνει
2799 4514 2921 4568 τινά
2958 4516 3214 4580 πολλάκις
3241 4520 3484 4587 γίνεσθαι
3522 4540 3762 4595 συστρο-

2178 4599 2283 4670 φὴν
2324 4602 2523 4672 μικρὰν
2564 4604 2659 4657 τοῦ
2692 4606 2879 4678 ἀέρος·
2906 4610 3000 4663 καί
3036 4628 3154 4664 τινα
3192 4613 3345 4666 ὑετὸν
3389 4615 3577 4687 εὐτελῆ
3608 4622 3761 4672 κατά

2175 4706 2328 4753 τινας
2351 4690 2709 4763 διῃρημένους
2731 4696 3010 4765 γίγνεσθαι
3051 4704 3249 4766 τόπους
3269 4721 3283 4735 ·
3319 4697 3396 4759 ὦν
3426 4706 3574 4760 οὐδὲν
3616 4708 3758 4777 ὀφε-

2177 4779 2265 4845 λος
2298 4782 2431 4851 πρὸς
2462 4784 2560 4855 τὴν
2585 4785 2838 4840 σύστασίν
2873 4790 2991 4844 ἐστι
3013 4792 3121 4847 τῶν
3152 4796 3414 4867 καρπῶν·
3440 4799 3502 4850 οὐ
3528 4798 3761 4869 δοθήσε-

2167 4889 2255 4925 ται
2283 4872 2461 4927 τοίνυν
2489 4875 2616 4946 ὑμῖν
2659 4878 2940 4952 αὐτάρκης
2978 4884 3114 4953 πρὸς
3154 4887 3254 4957 τὴν
3294 4888 3478 4958 χρείαν
3506 4891 3616 4943 τῶν
3658 4893 3763 4944 ὑε-

2167 4963 2275 5018 τῶν
2294 4968 2327 5030 ἡ
2358 4967 2607 5037 χορηγία,
2631 4969 2766 5025 ἀλλὰ
2794 4972 2964 5043 βραχύ
2988 4992 3039 5028 τι
3070 4978 3209 5030 κατά
3237 4978 3403 5050 μέρος
3436 4983 3758 5051 γενήσεται·

2168 5054 2244 5117 ὼς
2273 5055 2371 5125 τὴν
2411 5057 2509 5127 μὲν
2546 5058 2720 5113 δοκεῖν
2764 5062 3071 5135 βεόρέχθαι,
3094 5067 3193 5137 τὴν
3219 5068 3277 5122 δέ
3310 5070 3560 5137 καθάπαξ
3604 5069 3759 5128 εἶναι

2171 5145 2339 5218 ξηράν
2360 5164 2374 5178 ·
2406 5151 2517 5209 τοῖς
2546 5154 2775 5222 καρποῖς
2804 5154 2861 5207 δέ
2894 5156 3084 5224 ὄφελος
3112 5159 3177 5212 ἐκ
3191 5159 3291 5229 τῆς
3327 5161 3579 5232 Βραχείας
3610 5182 3757 5218 κατ-

2174 5236 2396 5327 αγωγῆς
2443 5241 2827 5309 προσγίνεσθαι
2865 5247 3031 5318 μηδὲν
3054 5266 3067 5279 ·
3100 5251 3332 5321 μάλιστα
3367 5255 3422 5308 δέ
3450 5255 3619 5322 ἔδειξε
3647 5259 3761 5327 τὴν

2174 5325 2435 5398 ἀδροχίαν
2464 5330 2544 5402 τῷ
2574 5334 2770 5401 εἰπεῖν,
2808 5337 2895 5391 ὅτι
2920 5340 3014 5395 καὶ
3056 5343 3239 5409 πόλεις
3272 5346 3365 5400 ἐπὶ
3387 5346 3447 5401 τὸ
3480 5350 3615 5403 αὐτὸ
3651 5325 3763 5426 δῷ
