3976 6226
188 185 293 255 εσυ

1202 180 1764 239 COMMENTARIVS
1810 179 1877 235 IN
1918 178 2125 235 AMOSI
2159 178 2309 235 CAP.
2352 177 2441 233 IV.

3307 181 3433 271 970:

189 317 242 351 τε
285 297 385 351 καὶ
420 300 563 368 tesi;
610 296 866 358 πολλάκις
915 294 1197 365 γενόμεναι
1239 296 1625 350 ἀπελεύσονται
1675 296 1754 358 είς

1868 309 2051 364 aquam
2110 292 2336 347 inveniri
2381 291 2705 359 didicerint;
2758 307 2942 363 neque
2992 302 3253 363 quantum
3309 298 3414 350 sibi

188 393 347 445 τόπον
373 392 434 442 ὲν
454 384 607 458 ᾧπερ
632 388 850 458 μάθωσι
873 386 1219 459 εὑρίσκεσθαί
1245 404 1359 452 πως
1387 386 1550 459 ὕδωρ.
1578 386 1638 441 ού
1658 387 1757 456 τὴν

193 480 378 552 χρείαν
411 479 625 532 ἃπασαν
671 478 781 530 οὐδ’
813 476 955 529 οὓτω
996 475 1360 546 κομιζόμενοι,
1408 474 1666 546 βραχείας
1698 474 1756 529 δέ

192 588 331 632 τινος
362 569 719 640 ψυχαγωγίας
770 566 1129 630 ἀπολαύοντες
1173 566 1400 620 ἐκεῖθεν.
1456 564 1591 619 Ἀλλ’
1639 565 1759 619 om

194 666 254 716 ἐκ
294 662 501 715 τούτων
544 660 733 715 ἔσεσθε
759 660 991 721 ἑαυτῶν,
1036 658 1190 730 φησὶ,
1242 659 1498 729 βελτίους.
1532 677 1553 711 ι
1596 660 1759 713 Ἐπά-

145 792 154 820 ,
191 754 324 819 ταξα
367 754 513 821 ὑμᾶς
544 754 602 804 ἐν
644 750 889 822 πυρώσει
915 751 1007 804 καὶ
1045 753 1104 805 ἐν
1138 750 1355 821 ἰκτέρῳ,
1386 752 1483 804 καὶ
1526 749 1761 821 ἐπληθύ-

193 863 315 900 vat:
339 845 437 898 τοῦ
464 843 753 913 ἀσεϐῆσαι.
792 862 811 895 ι
846 843 1038 906 Νόσοις
1069 844 1211 914 ὑμᾶς
1233 843 1553 914 περιέϐαλον
1584 842 1763 897 ποικί-

193 940 330 1003 λαις,
363 940 522 1008 ὑμεῖς
562 938 618 990 δὲ
643 937 945 989 ὲπετείνετε
976 935 1073 1006 τὴν
1105 934 1372 990 ἀσέϐειαν.
1413 954 1431 985 ι
1460 934 1566 998 Οὓς
1592 934 1765 1004 ἐπλη-⁴

194 1030 389 1084 θύνατε
446 1031 657 1100 κήπους
713 1026 868 1098 ὑμῶν
922 1027 1015 1080 καὶ
1077 1026 1400 1098 ἀμπελῶνας
1459 1025 1610 1095 ὑμῶν
1668 1026 1762 1079 καὶ

194 1124 442 1186 συκῶνας
461 1121 613 1192 ὑμῶν
629 1122 722 1174 καὶ
745 1119 976 1183 ἐλεῶνας
995 1119 1144 1189 ὑμῶν
1162 1120 1468 1187 κατέφαγεν
1488 1120 1521 1187 ἡ
1544 1119 1758 1189 κάμπη·

193 1214 284 1266 καὶ
309 1214 427 1266 οὔδ’
454 1214 627 1272 οὓτως
646 1208 1013 1280 ἐπεστρέψατε
1039 1210 1173 1279 πρός
1198 1226 1285 1278 με,
1308 1208 1458 1275 λέγει
1483 1207 1705 1279 Κύριος.
1737 1227 1756 1259 ι

196 1286 415 1366 Πάντας
447 1303 602 1372 ὑμῶν
624 1301 864 1371 ἠφάνισα
895 1302 960 1371 τῇ
989 1300 1182 1372 κάμπη
1208 1300 1332 1363 τοὺς
1365 1298 1637 1371 καρπούςο
1669 1317 1764 1369 με-

196 1397 475 1465 μενήκατε
512 1395 569 1447 δὲ
597 1396 648 1447 οί
676 1393 829 1446 αὐτοὶ
855 1392 949 1444 καὶ
977 1390 1167 1455 οὕτως.
1208 1410 1226 1440 ι
1275 1390 1658 1456 Ἐξαπέστειλα
1680 1392 1760 1453 είς

1860 385 1981 440 usui
2028 383 2166 439 fotet
2196 384 2347 438 illinc
2380 391 2771 454 reportaturas,
2805 386 2966 441 breve
3013 387 3123 440 illic
3172 387 3416 444 solamen

1856 485 2128 546 expertas.
2194 475 2382 547 Neque
2443 492 2544 534 vos
2608 476 2815 532 idcirco
2876 478 3131 535 meliores
3190 479 3414 535 ﬁemini.

1864 587 1883 621 ι
1926 567 2177 624 Percussi
2218 583 2316 624 vos
2359 570 2551 643 ardore
2593 579 2647 624 et
2696 571 2977 641 aurugine,
3009 579 3064 625 et
3086 572 3418 641 impietatem

1859 669 2093 716 vestram
2128 661 2552 731 multiplicastis.
2598 680 2618 713 ι
2654 660 2833 717 Variis
2880 676 2977 716 vos
3007 663 3274 718 mortibus
3319 663 3420 717 im-

1858 751 2042 822 plicui,
2077 766 2181 813 vos~
2210 766 2338 807 vero
2374 752 2709 821 impietatem
2756 752 3008 809 auxistis.
3047 770 3067 806 ι
3096 752 3249 821 Quos
3277 756 3419 810 mul-

1861 843 2146 913 tiplicastis
2200 842 2390 900 hortos
2443 850 2675 909 vestros,
2729 852 2786 899 et
2841 846 3028 900 vineas
3085 854 3314 912 vestras,
3362 856 3419 904 et

1860 936 2016 990 ﬁceta
2039 943 2244 998 vestra.
2274 942 2329 992 et
2354 935 2550 992 oliveta
2576 947 2780 1003 vestra,
2819 937 3099 993 devoravit
3134 954 3329 1006 eruca;
3364 950 3421 997 et

1861 1043 1930 1082 ne
1950 1028 2030 1082 sic
2058 1026 2213 1097 113
2241 1028 2460 1096 quidem
2490 1029 2691 1084 reversi
2736 1028 2872 1084 estis
2904 1030 2969 1084 ad
3005 1046 3109 1095 me,
3153 1030 3287 1086 dicit
3314 1030 3422 1086 Do-

1863 1116 2058 1171 minus.
2098 1135 2118 1169 ι
2148 1114 2380 1172 Fructus
2407 1131 2508 1187 ego
2545 1126 2736 1173 omnes
2769 1127 2978 1173 vestros
3014 1134 3181 1174 eruca
3206 1121 3422 1177 absum-

1864 1205 1984 1274 psi;
2019 1221 2114 1261 vos
2146 1213 2327 1261 tamen
2367 1208 2529 1262 iidem
2562 1210 2655 1277 qui
2711 1218 2868 1264 antea
2916 1210 3216 1268 mansiStis.
3247 1231 3271 1263 ί
3314 1215 3421 1267 lm-

1864 1298 1987 1352 misi
2014 1299 2170 1353 vobis
2199 1309 2424 1354 mortem
2455 1300 2510 1353 in
2542 1300 2629 1354 via
2661 1298 2902 1371 Egypti,
2931 1302 3217 1373 occidique
3240 1305 3422 1374 gladio

1859 1388 2088 1458 juvenes
2125 1398 2360 1452 vestros.
2409 1406 2532 1445 cum
2582 1407 2844 1461 equorum
2877 1406 3177 1449 vestrorum
3203 1400 3423 1467 captivi-

196 1490 342 1558 ὑμᾶς
394 1487 622 1540 θάνατον
667 1486 727 1538 ὲν
767 1483 873 1554 ὀδῷ
914 1483 1209 1551 Αἰγύπτου,
1244 1482 1339 1536 καὶ
1381 1483 1677 1535 ἀπέκτεινα
1704 1483 1762 1534 ἐν

1868 1487 2004 1546 tate;
2050 1488 2105 1534 et
2153 1478 2369 1533 traduxi
2416 1481 2594 1550 ignem
2652 1498 2749 1554 per
2779 1493 2959 1538 castra
3005 1496 3181 1541 vestra
3236 1488 3290 1542 in
3340 1490 3419 1542 ira

198 1576 447 1647 ῥομφαίᾳ
490 1574 614 1638 τοὺς
663 1571 975 1635 νεανίσκους
1010 1569 1163 1641 ὑμῶν
1213 1568 1350 1639 μετά
1392 1567 1763 1639 αἰχμαλωσίας

1868 1587 2018 1636 mea;
2050 1580 2105 1627 et
2139 1588 2206 1626 ne
2237 1572 2317 1627 sic
2340 1573 2557 1642 quidem
2607 1577 2807 1632 reversi
2856 1578 2989 1633 estis
3040 1579 3105 1633 ad
3157 1595 3263 1643 me,
3289 1582 3423 1638 dicit

196 1670 386 1722 ἵππων
417 1683 514 1720 σου
533 1684 548 1696 ο
576 1666 653 1734 (p.
689 1664 813 1730 171)
842 1662 935 1717 καὶ
961 1661 1231 1731 ἀνήγαγον
1264 1662 1322 1712 ἐν
1352 1660 1484 1731 πυρὶ
1507 1658 1606 1722 τὰς
1633 1676 1767 1730 παρ-

1873 1662 2150 1719 llominus.
2189 1683 2207 1715 ο
2242 1662 2508 1734 Profugos
2532 1680 2629 1721 vos
2660 1667 2727 1723 ad
2759 1666 3050 1739 Egyptum
3078 1686 3175 1741 spe
3206 1673 3421 1739 salutis,

206 1760 450 1830 εμὸοιλάς
475 1757 630 1828 ὑμῶν
665 1758 724 1809 ἐν
749 1758 816 1827 τῇ
866 1755 1003 1825 ὀργῇ
1040 1770 1161 1824 μου,
1191 1751 1283 1806 καὶ
1322 1752 1431 1805 οὐδ’
1473 1750 1646 1814 οὕτως
1677 1752 1767 1803 ἐπ-

1870 1751 1978 1806 illic
2012 1752 2276 1809 mortibus
2316 1754 2663 1825 aedibusque
2706 1758 2994 1827 implicabo
3034 1781 3048 1815 :
3094 1761 3424 1833 insuperque

200 1851 503 1923 εστρέψατε
530 1846 667 1919 πρός
685 1864 775 1916 με,
803 1845 950 1914 λέγει
977 1846 1198 1918 Κύριος.
1233 1864 1251 1896 ι
1289 1844 1396 1896 Καὶ
1431 1859 1767 1911 καταπεφευ-

1869 1844 2110 1913 reliquos
2137 1859 2329 1901 omnes
2360 1860 2425 1900 ex
2452 1847 2604 1902 vobis
2630 1861 2756 1902 cum
2782 1851 2930 1905 omni
2959 1867 3015 1908 re
3043 1867 3141 1907 sua
3172 1854 3424 1912 familiari

197 1944 361 2011 γότας
388 1942 451 1993 δὲ
494 1941 641 2010 ὑμᾶς
677 1939 770 1992 ἐπὶ
810 1936 907 2008 τὴν
946 1937 1217 2005 Αἴγυπτον
1254 1935 1427 1988 ἐλπίδι
1467 1934 1759 2003 σωτηρίας,

1882 1938 1937 1989 in
1960 1936 2324 2006 captivitatem
2374 1936 2719 1994 abducendus
2748 1941 2950 1996 curabo
2982 1958 2999 1998 :
3033 1954 3265 1999 vestram
3307 1962 3426 2002 om-

198 2034 383 2088 αύτόθι
426 2030 711 2103 τηρεεαλῶ
743 2029 990 2091 θανάτοις
1023 2045 1082 2082 τε
1125 2027 1219 2081 καὶ
1256 2029 1515 2095 σφαγαῖςο
1558 2026 1638 2080 ἔτι
1672 2027 1766 2081 καὶ

1876 2041 2000 2082 nem
2021 2027 2418 2083 multitudinem
2438 2028 2560 2099 igne
2584 2030 2747 2085 veluti
2769 2046 3119 2097 consumens.
3137 2052 3232 2106 per
3258 2038 3427 2093 hosti-

199 2128 319 2191 τοὺς
363 2122 936 2195 περιλιμπανομένους
981 2120 1039 2187 ἐξ
1082 2118 1236 2191 ὑμῶν
1281 2118 1417 2187 μετά
1449 2118 1663 2171 πάντων
1700 2117 1765 2187 δὴ

1868 2118 1970 2173 lem
1998 2119 2451 2187 persecutionem.
2476 2117 2539 2174 Et
2562 2137 2629 2176 ne
2657 2131 2786 2177 tunc
2814 2125 3031 2195 quidem
3065 2130 3420 2199 resipiscetis;

197 2218 299 2271 τῶν
329 2216 647 2288 προσόντων
675 2214 856 2274 αὐτοῖς
882 2212 962 2272 είς
992 2208 1363 2280 αἰχμαλωσίαν
1393 2209 1620 2275 ἀπάγων
1639 2222 1654 2235 ’
1694 2208 1838 2261 ἅπαν
1871 2225 1931 2260 τε
1968 2208 2121 2278 ύμῶν
2157 2209 2218 2261 τὸ
2249 2208 2451 2272 πλῆθος
2476 2209 2664 2282 ὥσπερ
2706 2214 2811 2267 τινὶ
2850 2216 2982 2285 πυρὶ
3021 2220 3426 2276 καταναλίσκων

198 2312 260 2382 τῇ
285 2310 376 2363 διὰ
411 2308 527 2361 τῶν
554 2303 824 2375 πολεμίοιν
850 2302 979 2372 ὑμῖν
1016 2301 1331 2373 ἐπαγομένη
1359 2300 1597 2371 τιμωρίᾳ
1616 2316 1630 2329 ⁸
1675 2302 2028 2371 μετανοήσετε
2054 2300 2111 2355 δὲ
2139 2300 2258 2353 οὐδὲ
2277 2299 2419 2355 τότε.

267 2403 417 2470 Στίχ.
448 2405 640 2465 ια’-ιγ’.
670 2427 740 2437 —
775 2414 793 2447 ι
835 2394 1191 2467 Κατέστρεψα
1221 2394 1364 2461 ὑμᾶς
1397 2392 1578 2456 καθὼς
1638 2409 1765 2445 κατ-

202 2493 456 2564 έστρεψεν
487 2492 519 2543 ὁ
554 2489 687 2552 Θεὸς
734 2488 940 2558 Σόδομα
958 2487 1050 2543 καὶ
1072 2486 1323 2557 Γόμορρα
1345 2503 1358 2515 ·
1400 2485 1494 2537 καὶ
1523 2483 1771 2552 ἐγένεσθε

201 2586 274 2649 ὡς
306 2584 465 2645 δαλὸς
516 2579 919 2650 ἐξεσπασμένος
958 2579 1022 2632 ἐκ
1062 2577 1263 2648 πυρός’
1308 2576 1403 2631 καὶ
1451 2576 1561 2629 οὐδ’
1600 2575 1772 2639 οὕτως

204 2675 572 2747 ἐπεστρέψατε
600 2672 736 2742 πρός
767 2689 855 2741 με,
884 2670 1032 2736 λέγει
1069 2668 1289 2739 Κύριος.
1321 2688 1337 2720 ι
1375 2668 1448 2722 Τὸ
1468 2667 1771 2722 τελευταῖον

204 2768 441 2838 παντελῆ
471 2767 573 2836 τὴν
604 2766 838 2837 ἐρημίαν
886 2765 1014 2833 ὑμῖν
1051 2762 1327 2833 ἐπήγαγον
1376 2759 1770 2831 παραπλησίως

204 2862 455 2931 Σοδόμοις
484 2875 546 2911 τε
579 2859 674 2911 καὶ
714 2855 1040 2927 Γομόρροις’
1071 2853 1212 2907 ὥστε
1242 2853 1389 2923 ὑμᾶς
1427 2851 1582 2921 δίκην
1613 2850 1770 2903 δαλοῦ

206 2948 721 3019 καταπεφλεγμένου
752 2944 1105 3016 πεπυρῶσθαί
1127 2961 1185 2997 τε
1218 2944 1311 2999 καὶ
1351 2942 1772 3013 περιὸεὸλῆσθαι

205 3046 311 3105 τοῖς
353 3040 643 3111 ἐπαχθεῖσι
683 3040 872 3101 κακοῖς
894 3053 909 3066 ⁸
949 3036 1062 3090 ἀλλ’
1089 3036 1209 3089 οὐδὲ
1235 3036 1300 3088 ἐκ
1334 3033 1536 3087 τούτων
1560 3049 1770 3102 σωφρο-

206 3136 391 3203 νισμόν
425 3150 552 3185 τινα
596 3129 883 3199 δεδύνησθε
917 3126 1193 3192 δέξασθαι.
1222 3124 1471 3181 Τοσαῦτα
1512 3122 1768 3194 εἰρηκὼς,

207 3220 277 3279 ὧν
308 3222 658 3294 ἐπαχθέντων
683 3220 865 3284 αὐτοῖς
895 3220 955 3272 ού
988 3219 1238 3288 γεγόνασι
1267 3217 1523 3288 βελτίους,
1550 3216 1766 3284 ἐπάγει·

214 3334 231 3363 ι
266 3313 359 3365 Διὰ
398 3311 563 3363 τοῦτο
603 3307 775 3369 οὕτως
818 3309 1029 3377 ποιήσω
1075 3325 1177 3371 σοι,
1215 3306 1455 3379 Ἰσραήλο
1502 3305 1640 3376 πλὴν
1686 3306 1768 3358 ὅτι

207 3403 371 3466 οὕτως
412 3401 629 3472 ποιήσω
672 3416 774 3463 σοι,
814 3398 1099 3469 ἑτοιμάζου
1145 3397 1236 3450 τοῦ
1274 3395 1646 3450 ἐπικαλεῖσθαι
1678 3396 1769 3449 τὸν

208 3495 332 3547 Θεόν
364 3512 485 3554 σου,
533 3491 781 3562 Ἰσραήλ’
823 3491 956 3544 διότι
1002 3490 1107 3544 ἰδοὺ
1145 3489 1256 3557 ἐγὼ
1282 3489 1514 3558 στερεῶν
1543 3487 1770 3559 βροντὴν

210 3586 297 3638 καὶ
331 3584 538 3647 κτίζων
562 3582 803 3652 πνεῦμα,
839 3582 932 3635 καὶ
968 3580 1319 3649 ἀπαγγέλλων
1342 3582 1421 3643 εἰς
1452 3578 1769 3649 ἀνθρώπους

208 3678 295 3731 τὸν
332 3674 569 3747 Χριστὸν
610 3671 822 3725 αὐτῶν⁸
852 3669 1021 3724 ποιῶν
1052 3669 1244 3740 ὄρθρον
1276 3669 1369 3721 καὶ
1404 3667 1650 3739 ὁμίχλην,
1678 3667 1770 3720 καὶ

210 3768 502 3822 επιΰαίνων
548 3763 640 3817 ἐπὶ
695 3763 763 3816 τά
808 3759 921 3832 ὕψη
967 3760 1068 3830 τῆς
1117 3759 1253 3830 γῆς’
1306 3758 1511 3830 Κύριος
1549 3758 1577 3811 ὁ
1615 3756 1767 3819 Θεὸς,

214 3862 286 3929 (p.
313 3859 413 3912 I72
438 3859 457 3928 )
491 3858 522 3909 ὁ
553 3852 952 3924 Παντοκράτωρ
977 3851 1152 3920 ὄνομα
1185 3848 1350 3919 αύτῷ.
1386 3866 1404 3900 ι
1451 3847 1586 3900 Ἀλλ’
1608 3848 1656 3900 εἰ
1676 3848 1770 3899 καὶ

210 3949 434 4004 Ιιοιοῦτοι
458 3948 719 4015 γεγόνατε
746 3944 875 4013 περὶ
898 3941 1019 4013 ἐμὲ,
1050 3941 1163 3995 ἀλλ’
1183 3941 1353 4009 ἔγωγε
1386 3940 1523 4009 μετά
1541 3938 1638 4009 τὴν
1660 3940 1771 3991 πεῖο

212 4061 306 4114 ραν
333 4041 445 4094 τῶν
475 4038 660 4093 κακῶν
678 4036 921 4097 ἐκείνων,
951 4033 1045 4087 ἐπὶ
1069 4032 1132 4085 τὸ
1153 4035 1396 4102 κρεῖττον
1434 4030 1768 4101 μεταστῆσαι

210 4133 571 4202 βεϐούλευμαι
602 4129 667 4182 τὰ
715 4126 837 4181 καθ’
873 4126 1039 4196 ὑμᾶς,
1075 4124 1230 4193 εἴπερ
1270 4118 1363 4175 οὖν
1408 4121 1529 4175 τότε
1562 4138 1772 4192 σωφρο-

208 4226 447 4296 νέστεροι
491 4224 555 4275 ἐκ
580 4220 689 4274 τῶν
728 4217 993 4272 τοσούτων
1036 4216 1316 4284 γεγονότες
1356 4213 1542 4267 κακῶν
1584 4214 1770 4268 νεῦσαι

210 4318 340 4388 πρὸς
364 4316 465 4385 ἐμὲ
498 4311 868 4383 βουληθείητε·
895 4312 925 4362 ὁ
948 4308 1057 4378 γὰρ
1078 4307 1139 4359 τὸ
1158 4307 1336 4376 ἀέριον
1364 4304 1577 4374 πνεῦμα
1607 4305 1770 4375 μαλαο

208 4410 300 4462 κόν
328 4424 389 4458 τε
416 4407 479 4458 ὃν
504 4404 600 4457 καὶ
624 4400 995 4471 διαλελυμένον
1017 4397 1212 4468 χαῦνόν
1234 4415 1291 4450 τε
1314 4397 1407 4451 καὶ
1431 4397 1619 4467 ἀραιὸν
1642 4414 1771 4450 παν-

1936 2389 2105 2446 Vsus.
2139 2392 2324 2447 "-13.
2356 2422 2425 2432 —
2456 2410 2477 2443 ι
2518 2392 2769 2448 Snbverti
2815 2410 2932 2457 vos.
2977 2397 3120 2452 sicut
3160 2403 3427 2459 subvertit

1868 2481 2011 2539 Deus
2050 2482 2284 2539 Sodoma
2335 2494 2390 2539 et
2432 2483 2753 2549 Gomorrha,
2815 2496 2870 2541 et
2910 2488 3034 2545 facti
3100 2495 3233 2549 estis
3282 2497 3425 2551 sicut

1867 2574 2034 2629 torris
2065 2582 2254 2630 erutus
2287 2575 2355 2630 de
2382 2576 2505 2646 igne
2550 2593 2567 2643 ;
2601 2584 2657 2631 et
2688 2592 2756 2632 ne
2786 2579 2865 2633 sic
2906 2581 3123 2650 quidem
3174 2590 3424 2644 conversi

1866 2666 2002 2720 estis
2032 2664 2240 2729 ad‘me,
2274 2666 2406 2721 dicit
2440 2666 2722 2723 Dominus.
2762 2690 2782 2722 ι
2810 2668 3092 2729 Postremo
3120 2679 3423 2746 generalem

1867 2757 2021 2812 vobis
2049 2757 2354 2813 vastitatem
2383 2759 2537 2814 intuli
2558 2774 2711 2830 atque
2745 2777 2809 2815 ac
2837 2761 3092 2821 Sodomis
3113 2775 3167 2823 et
3196 2767 3428 2825 Gomor—

1868 2848 2020 2910 rbis;
2070 2846 2280 2918 fecique
2311 2863 2429 2912 vos,
2464 2850 2627 2905 torris
2680 2852 2855 2907 instar
2886 2854 3146 2923 ardentis,
3180 2860 3426 2919 molestis

1869 2936 2130 3004 implicari
2156 2944 2211 2991 et
2260 2938 2413 2992 exuri
2436 2934 2867 3007 calamitatibus;
2900 2944 2995 2999 sed
3039 2962 3214 3017 neque
3240 2950 3311 3006 ab
3340 2952 3426 3008 his

1867 3027 2301 3081 emendationem
2347 3028 2582 3098 aliquam
2664 3032 2922 3100 potuistis
2994 3038 3260 3107 accipere.
3331 3040 3451 3097 His

1870 3116 2067 3182 dictis,
2101 3118 2244 3188 quod
2279 3134 2473 3188 nempe
2524 3121 2594 3174 ob
2625 3136 2721 3177 eos
2751 3138 2931 3186 casus,
2986 3142 3093 3182 non
3136 3130 3247 3184 sint
3300 3132 3427 3188 facti

1873 3210 2155 3271 meliores,
2223 3209 2422 3265 addit:
2472 3229 2493 3263 ι
2527 3213 2872 3284 Quapmpter
2923 3217 3002 3271 sic
3064 3217 3253 3274 faciam
3304 3225 3424 3285 tibi.

1870 3302 2031 3355 Israel
2070 3320 2081 3353 :
2113 3310 2397 3375 postquam
2427 3303 2507 3360 sic
2529 3303 2709 3360 fecero
2732 3305 2852 3369 tibi,
2903 3322 3143 3378 praepara
3176 3318 3309 3367 teut
3339 3315 3424 3368 in—

1868 3405 2029 3446 voces
2061 3390 2225 3446 Deum
2265 3401 2440 3455 tuum.
2500 3395 2685 3450 Israel.
2720 3391 2857 3461 Quia
2894 3413 3022 3453 ecce
3054 3416 3154 3469 ego
3202 3403 3425 3461 ﬁrmans

1869 3484 2189 3549 tonitruum,
2214 3493 2267 3541 et
2289 3501 2481 3565 creans
2506 3486 2780 3556 spiritum,
2804 3497 2858 3543 et
2889 3491 3221 3547 annuntians
3252 3492 3427 3546 homi-

1869 3576 2028 3630 nibus
2060 3575 2335 3632 Christum
2359 3593 2546 3632 eorum
2580 3597 2592 3632 :
2623 3578 2826 3634 faciens
2867 3594 3024 3636 mane
3058 3589 3112 3637 et
3149 3583 3447 3645 nebulam.

1866 3678 1921 3722 et
1952 3668 2204 3738 gradiens
2254 3683 2418 3738 super
2468 3670 2679 3725 excelsa
2726 3678 2904 3737 terrae,
2956 3671 3217 3730 Dominus
3260 3675 3422 3743 Deus,

1869 3774 2064 3813 nomen
2104 3760 2152 3814 ei
2184 3758 2557 3830 Omnipotens.
2598 3780 2616 3810 ι
2648 3759 2751 3815 Sed
2784 3776 3090 3831 quanquam
3135 3756 3271 3821 tales
3297 3782 3427 3835 erga

1870 3865 1955 3904 me
1983 3850 2183 3913 fuistis,
2215 3865 2316 3920 ego
2349 3858 2527 3905 tamen
2569 3861 2858 3922 postquam
2922 3855 3011 3908 illa
3045 3856 3183 3909 mala
3216 3860 3421 3927 experti

1870 3940 2101 4002 fueritis,
2135 3955 2221 3997 res
2252 3950 2460 3998 vestras
2486 3943 2539 3996 in
2568 3944 2842 3998 meliorem
2882 3953 3080 3999 statum
3109 3956 3427 4003 convertere

1869 4032 2067 4100 cogito.
2120 4030 2177 4086 Si
2224 4046 2355 4103 ergo
2396 4032 2754 4089 modestiores
2808 4036 2988 4091 abhis
3019 4039 3174 4092 malis
3223 4039 3421 4100 effecti.

1870 4124 2142 4193 respicere
2203 4124 2269 4178 ad
2301 4140 2386 4178 me
2436 4126 2747 4191 volueritis;
2796 4128 2937 4181 sicut
2985 4129 3163 4183 aerius
3201 4130 3425 4197 spiritus

1871 4228 1994 4266 cum
2022 4215 2094 4267 sit
2129 4215 2305 4269 mollis
2334 4224 2385 4268 et
2415 4217 2710 4277 resolutus.
2733 4218 2863 4272 levis
2900 4200 3163 4289 rarusque
3181 4221 3424 4289 omnino,

1870 4305 2223 4361 nihilominus
2259 4306 2398 4360 adeo
2441 4307 2495 4360 in
2550 4308 2817 4363 turbinem
2850 4310 3095 4362 convolvi
3127 4319 3323 4379 potest,
3367 4323 3427 4365 ut

1870 4396 2049 4450 editus
2102 4396 2250 4451 illinc
2280 4398 2503 4451 tonitrui
2542 4396 2724 4467 fragor
2753 4404 2909 4451 terra:
2935 4398 3128 4455 incolis
3156 4399 3249 4453 fiat
3281 4400 3425 4454 into-

207 4496 371 4557 τελῶς
400 4494 500 4547 ἐπὶ
524 4492 777 4545 τοσοῦτον
807 4491 1123 4561 συστρέφειν
1149 4488 1465 4558 δυνάμενος,
1494 4486 1632 4540 ῶστε
1675 4488 1767 4541 καὶ

1875 4488 2147 4554 lerabilis;
2181 4487 2340 4560 1,ιῇ
2383 4490 2455 4543 ita
2505 4491 2667 4544 etiam
2702 4504 2802 4559 ego
2844 4491 3135 4545 maximam
3185 4491 3240 4545 in
3269 4492 3425 4547 vobis

209 4588 295 4640 τὸν
324 4586 534 4639 ἐκεῖθεν
574 4581 1001 4651 ἀποτελούμενον
1037 4579 1240 4633 κτύπον
1275 4580 1372 4649 τῆς
1420 4578 1645 4649 βροντῆς
1677 4580 1764 4632 ἀν-

216 4678 465 4729 ύποιστον
492 4669 629 4727 εἶναι
655 4674 766 4735 τοῖς
789 4671 929 4724 κατά
953 4671 1076 4739 γῆν,
1103 4669 1302 4732 eam;
1325 4669 1382 4722 δὲ
1410 4670 1501 4723 καὶ
1514 4668 1622 4722 τῶν
1650 4669 1769 4721 καθ’

218 4770 353 4837 ὑμᾶς
387 4764 692 4839 μεταϐολὴν
723 4763 1023 4834 ἐργάσομαι
1058 4761 1335 4831 πλείστην,
1379 4762 1443 4813 ἐκ
1487 4760 1594 4813 τῶν
1622 4760 1767 4813 ἀνελ-

219 4860 415 4912 πίστων
460 4856 592 4927 ύμῖν
635 4852 907 4925 σωτηρίαν
953 4852 1220 4920 ἐκφαίνων
1260 4850 1519 4921 μεγίστην
1543 4865 1556 4880 ο
1582 4849 1769 4920 μηνύω

218 4949 274 5001 τέ
301 4966 376 5001 σοι
398 4948 581 5017 Κύρον
615 4945 707 4998 τὸν
739 4942 961 5015 Περσῶν
980 4940 1303 5013 βασιλέα,.ὅς
1331 4940 1458 5011 παρ’
1481 4940 1614 5010 ἐμοῦ
1645 4958 1774 5011 προ-

220 5037 611 5109 χειρισθήσεται
640 5034 732 5089 ἐπὶ
758 5033 934 5094 τοῦτο,
969 5032 1044 5095 ὡς
1080 5031 1146 5085 ἃν
1177 5030 1440 5082 πλείστων
1465 5029 1603 5081 ὅσων
1638 5044 1773 5100 κρα·

220 5131 397 5197 τὴτας,
429 5127 642 5181 λύσειέν
680 5144 738 5178 τε
763 5126 892 5195 ύμῖν
924 5124 991 5177 τὰ
1022 5122 1316 5192 κατέχοντα
1348 5120 1513 5184 κακὰ,
1555 5120 1649 5172 καὶ
1676 5121 1774 5171 ἐπ-

224 5218 444 5271 ανελθεῖν
489 5217 796 5271 κελεύσειεν
834 5215 913 5278 εἰς
945 5213 1013 5266 τὰ
1040 5215 1237 5265 οἰκεῖα·
1268 5212 1297 5263 ὁ
1318 5211 1423 5281 γὰρ
1467 5210 1555 5262 τὸν
1577 5209 1772 5281 ὄρθρον

223 5307 568 5378 ἐργαζόμενος
599 5309 665 5360 ἐκ
696 5306 935 5368 σκότους,
964 5304 1058 5357 καὶ
1084 5303 1308 5374 ὁμίχλην
1338 5301 1682 5355 συνίστασθαί
1712 5319 1771 5354 τε

224 5400 333 5469 ἰῶν,
362 5406 454 5456 καὶ
485 5401 593 5455 ὑπὸ
624 5402 745 5462 ταῖς
785 5399 1062 5462 ἀνατολαῖς
1107 5396 1337 5451 διαλύων
1375 5396 1468 5450 τοῦ
1507 5396 1677 5467 ἡλίου,
1719 5396 1776 5447 ἐν

226 5492 328 5561 ὕψει
356 5513 411 5549 τε
444 5496 541 5550 καὶ
583 5492 842 5564 ὑπεράνω
875 5491 1102 5544 πάντοτε
1146 5489 1425 5560 τυγχάνων
1462 5491 1560 5559 τῆς
1601 5488 1721 5556 γῆς,
1750 5490 1777 5541 ὁ

218 5587 358 5643 dco:
385 5587 629 5643 διαλύσω
668 5586 764 5655 μὲν
808 5584 933 5653 ύμῖν
962 5582 1147 5652 ὥσπερ
1186 5598 1238 5634 τι
1279 5582 1466 5644 σκότος
1496 5580 1592 5641 τὰς
1632 5596 1767 5650 συμ-

1871 4580 2279 4634 conversionem
2340 4594 2521 4635 rerum
2580 4579 2797 4642 faciam,
2826 4595 2891 4635 ex
2943 4580 3219 4649 insperato
3248 4585 3422 4637 maxi-

1870 4686 2018 4725 mam
2045 4672 2199 4726 vobis
2228 4673 2456 4727 salutem
2491 4679 2793 4727 osteulans.
2821 4671 3088 4728 Denuntio
3117 4674 3297 4743 itaque
3323 4674 3421 4729 tibi

1867 4764 2065 4833 Cyrum
2101 4763 2387 4819 Persarum
2416 4779 2616 4834 regem,
2647 4765 2738 4832 qui
2772 4779 2800 4816 a
2834 4765 3145 4820 meidcirco
3165 4765 3414 4833 eligetur,

1870 4864 1949 4919 ut,
1985 4855 2221 4909 maxime
2270 4853 2496 4923 imperio
2551 4855 2775 4923 potitus.
2810 4856 2969 4915 linem
3029 4853 3184 4908 malis
3228 4854 3423 4908 vestris

1870 4947 2131 5017 imponat.
2164 4954 2219 5001 et
2263 4946 2495 5001 reditum
2526 4947 2578 4999 in
2612 4948 2829 5016 propria
2867 4948 3108 5016 imperet.
3158 4943 3289 4998 Nam
3328 4947 3423 5013 qui

1872 5052 2029 5091 mane
2068 5036 2209 5089 facio
2235 5034 2301 5089 de
2336 5037 2596 5091 tenebris.
2637 5045 2691 5090 et
2726 5037 2972 5091 nebulam
3019 5033 3241 5093 conflari
3281 5035 3424 5092 sino.

1868 5142 2029 5195 quam
2056 5135 2177 5180 ortu
2203 5126 2334 5181 solis
2365 5125 2591 5195 dissipo,
2615 5126 2969 5194 sublitnisque
3010 5124 3232 5177 omnino
3262 5139 3427 5195 supra

1869 5224 2071 5270 terram
2109 5216 2343 5277 resideo,
2381 5216 2520 5270 idem
2566 5232 2665 5285 ego
2697 5223 2907 5271 vestras
2954 5229 3227 5269 aerumnas
3269 5217 3425 5285 quasi

1870 5307 2123 5361 tenebras
2146 5305 2409 5376 quasdam
2434 5307 2724 5362 dissolvam
2746 5349 2761 5371 ,
2794 5315 2849 5360 et
2886 5307 3040 5375 quasi
3082 5306 3256 5369 diem,
3302 5323 3430 5375 pro-

1873 5398 2145 5467 speritatis
2174 5398 2505 5468 voluptatem
2534 5397 2726 5450 faciam
2758 5397 3095 5459 illucescere,
3115 5405 3169 5452 et
3195 5399 3394 5466 quamb
3412 5425 3429 5435 -

1874 5489 1962 5543 bet
1990 5487 2146 5542 vobis
2175 5488 2459 5543 molestam
2482 5487 2799 5559 gravitatem
2823 5489 3140 5559 dispellens,
3177 5488 3276 5541 hac
3307 5502 3427 5541 mea

1877 5577 2212 5649 providentia
2269 5580 2447 5650 palam
2479 5595 2563 5636 me
2599 5581 2813 5637 cunctis
2850 5581 3182 5641 superiorem
3241 5588 3431 5636 osten-
