3966 6222
498 266 602 322 27l-

1682 266 1771 323 ΤΗ
1779 267 2025 324 EODORI
2066 266 2543 326 MOPSUESTENI

3632 264 3739 320 272

500 376 625 430 dam
654 395 665 429 :
698 384 819 431 sum
849 377 1049 431 etenim
1079 375 1349 430 Dominus
1381 375 1662 447 factorque
1687 380 1951 435 omnium.
1977 379 2069 435 Sic

2171 382 2341 453 φοράς
2366 399 2381 412 ⁸
2417 382 2635 451 ἐκφανῶ
2653 380 2710 435 δὲ
2740 380 2949 452 ἡμέρας
2968 380 3125 451 δίκην
3142 378 3239 451 τὴν
3267 379 3360 434 ἐπὶ
3380 379 3490 445 τοῖς
3510 377 3737 448 ἀγαθοῖς

504 469 670 538 igitur
694 483 788 537 per
834 469 1162 523 universalia
1207 468 1297 523 illa
1336 482 1367 521 a
1410 482 1470 523 se
1522 470 1683 535 facta,
1723 472 2071 541 pnesentium

503 560 630 614 fecit
686 558 863 614 tidem.
895 557 1012 613 Non
1049 567 1137 615 est
1178 568 1361 615 autem
1401 561 1732 624 mirandum,
1759 562 1905 633 quod
1927 563 2076 618 chri-

503 660 645 705 stmn
663 650 1014 721 appellaverit
1036 650 1259 721 Cyrum;
1279 653 1719 723 quandoquidem
1749 668 1856 708 non
1879 663 2074 712 unctos

502 740 899 806 tantummodo,
951 741 1043 796 sed
1084 742 1287 797 electos
1332 745 1603 813 quoslibet
1635 745 1739 799 hoc
1786 744 2076 816 indigitare

501 831 768 885 vocabulo
799 830 1083 900 Scriptura
1134 831 1288 887 solet.
1348 831 1507 889 Velut
1557 834 1690 888 illud
1759 853 1772 889 :
1828 851 1848 886 ι
1897 832 2076 891 Nolite

502 930 725 992 tangere
761 922 999 977 christos
1023 936 1197 986 meos,
1226 931 1280 978 et
1328 925 1383 979 in
1420 926 1706 996 prophetis
1738 928 1873 981 meis
1906 925 2077 982 nolite

503 1015 786 1088 malignari
815 1015 881 1069 “.
924 1034 943 1067 ι
979 1014 1239 1093 Christos
1274 1018 1419 1072 enim
1450 1019 1553 1073 hoc
1587 1019 1708 1072 loco
1739 1034 1847 1073 non
1877 1025 2075 1073 unctos

502 1107 653 1170 dicit,
682 1106 778 1163 sed
825 1108 1002 1177 ipsum
1033 1105 1426 1173 Abrahamum,
1448 1109 1541 1180 qui
1594 1109 1801 1165 electus
1828 1117 2072 1163 tantum-

503 1201 663 1253 modo
712 1200 734 1253 l'
735 1209 906 1256 uerat.

2171 476 2399 546 ἡδονήν·
2452 475 2631 529 πᾶσάν
2670 492 2729 528 τε
2771 474 3241 545 ἀντιπράττουσαν
3282 472 3412 543 ύμῖν
3460 471 3736 544 βαρύτητα

2170 561 2403 630 ἀφελὼν,
2436 562 2684 627 ἐπιδείξω
2719 562 2807 617 διὰ
2828 562 2928 633 τῆς
2958 561 3088 633 περὶ
3125 563 3268 634 ὑμᾶς
3299 562 3623 633 κηδεμονίας
3643 578 3740 616 σα-

2172 653 2286 722 φῶς
2320 656 2554 724 ἐμαυτὸν
2589 655 2981 726 ὑπερκείμενον
3018 656 3125 708 τῶν
3178 654 3464 709 ἁπάντων·
3506 657 3583 723 (p.
3613 654 3739 725 175)

2172 745 2269 799 an
2299 745 2499 817 Κύριός
2522 763 2581 799 τε
2619 748 2713 801 καὶ
2747 747 2975 818 ποιητὴς
3017 746 3127 800 τῶν
3163 746 3415 800 ἁπάντων
3454 744 3735 815 ὑπάρχων

2171 837 2239 890 δι’
2267 837 2389 891 ὅλου
2434 837 2489 891 δέ
2519 838 2583 891 ἐκ
2616 838 2736 892 τῶν
2772 838 3002 892 καθόλου
3036 839 3177 909 παρ’
3207 836 3370 891 αὐτοῦ
3405 835 3743 906 γιγνομένων

2170 916 2508 983 ἐπιστώσατο
2530 931 2599 983 τὰ
2625 930 2888 1002 παρόντα.
2918 931 2993 983 Ού
3017 928 3327 999 θαυμαστὸν
3360 928 3418 982 δέ
3444 929 3494 981 εί
3520 926 3741 998 χριστὸν

2171 1020 2405 1092 κέκληκε
2460 1023 2551 1076 τὸν
2598 1022 2799 1094 Κῦρον,
2837 1023 2900 1075 ού
2943 1023 3069 1086 τοὺς
3116 1019 3503 1093 κεχρισμένους
3557 1019 3742 1090 μόνον,

2170 1113 2378 1177 πάντας
2406 1114 2463 1168 δὲ
2501 1116 2624 1179 τοὺς
2656 1115 3061 1185 ἐξειλεγμένους
3092 1114 3238 1177 ὅπως
3272 1113 3401 1168 ποτέ
3445 1111 3616 1183 ταύτῃ
3640 1129 3736 1164 κα-

2169 1202 2280 1256 λεῖν
2304 1204 2508 1270 εἰωθὼς
2539 1208 2603 1277 τῇ
2633 1209 2783 1277 φωνῇ
2810 1223 2823 1239 ο
2845 1206 2921 1270 ὡς
2946 1206 3029 1271 τὸ,
3068 1226 3088 1258 ι
3118 1205 3208 1276 Μὴ
3232 1204 3464 1258 ἀπτεοθε
3490 1204 3599 1257 τῶν
3621 1221 3744 1273 χρι-

502 1292 640 1345 στῶν
670 1310 792 1361 μου,
821 1294 912 1345 καὶ
941 1296 999 1347 ἐν
1033 1298 1147 1359 τοῖς
1182 1296 1488 1368 προφήταις
1526 1311 1628 1365 μου
1659 1292 1733 1365 μὴ
1766 1290 2159 1364 πονηρεύεσθεθ
2192 1306 2213 1345 t
2238 1297 2493 1367 χριστοὺς
2518 1299 2626 1370 γὰρ
2663 1298 2895 1354 ἐνταῦθα
2928 1299 2988 1352 ού
3015 1298 3404 1371 κεχρισμένους
3439 1295 3593 1350 καλεί
3615 1296 3744 1358 τοὺς

500 1386 626 1456 περὶ
654 1383 744 1436 τὸν
778 1383 1043 1456 Ἀϐραὰμ,
1073 1387 1149 1451 ὡς
1175 1388 1234 1441 δὲ
1254 1387 1654 1459 ἐξειλεγμένους
1686 1386 1865 1457 μόνον.

1150 1524 1302 1581 CAP.
1349 1525 1410 1579 V.

570 1627 734 1684 Vnus.
772 1629 824 1694 l,
854 1630 911 1685 2.
945 1661 1016 1671 -
1048 1651 1067 1685 ι
1108 1634 1304 1691 Audite
1323 1636 1550 1691 verbum
1582 1638 1748 1705 istud,
1773 1656 1933 1712 quem
1967 1656 2072 1712 ego

500 1721 708 1774 scilicet
769 1736 991 1777 assumo
1041 1740 1208 1795 super
1261 1741 1379 1789 vos.
1429 1728 1705 1798 planctum
1774 1750 1788 1786 :
1873 1731 2072 1789 domus

501 1813 716 1869 lsraelis
743 1815 961 1880 cecidit,
1021 1832 1128 1871 non
1163 1818 1383 1885 adjiciet
1416 1821 1649 1889 amplius
1679 1830 1739 1877 ut
1772 1832 2021 1895 resurgat
2053 1842 2068 1877 :

503 1906 653 1973 virgo
685 1902 901 1958 lsraelis
929 1904 1172 1974 projecta
1197 1914 1279 1961 est
1308 1907 1363 1961 in
1387 1914 1587 1963 terram
1618 1925 1798 1975 suam,
1829 1927 1939 1967 non
1986 1924 2073 1968 est

500 1995 592 2065 qui
623 1994 789 2065 erigat
812 2010 954 2049 eam.
997 2015 1016 2048 ι
1046 1994 1364 2067 Signiticata
1398 2000 1451 2053 in
1481 2001 1913 2069 praecedentibus
1953 2018 2070 2058 ma-

502 2088 676 2141 lorum
728 2088 1020 2151 solutione,
1070 2089 1311 2144 minatur
1364 2092 1561 2147 iterum
1610 2108 1762 2149 more
1782 2110 1884 2149 suo
1919 2097 2075 2166 punio

502 2180 735 2244 tionem;
783 2181 884 2233 bac
914 2179 1133 2250 quidem
1164 2188 1377 2238 terrens
1398 2192 1453 2238 et
1477 2183 1546 2238 ad
1584 2186 1903 2242 modestiam
1929 2203 2076 2242 com-

502 2287 730 2340 ponens,
756 2271 846 2325 illa
879 2282 1058 2327 autem
1089 2272 1157 2327 ad
1192 2275 1562 2343 paenitentiam
1596 2277 1855 2333 invitatis.
1890 2277 2071 2343 Fletu,

502 2364 697 2434 inquit,
748 2364 922 2435 digna:
971 2380 1060 2420 res
1114 2375 1307 2435 vestrae
1337 2376 1465 2423 sunt
1503 2384 1518 2421 :
1561 2369 1716 2439 lapsu
1742 2370 2072 2440 gravissimo

500 2465 720 2525 propter
766 2463 977 2512 vestras
1034 2457 1511 2526 praevaricationes
1556 2462 1865 2528 corruistis,
1926 2463 2073 2518 unde

500 2547 841 2601 sublevatum
880 2546 1036 2618 115
1080 2549 1148 2603 iri
1172 2550 1320 2604 nulla
1359 2567 1511 2622 spes,
1552 2568 1676 2607 cum
1699 2562 1847 2611 tanta
1874 2555 1947 2611 sit
1972 2556 2074 2610 tri-

500 2624 664 2692 stium
712 2653 938 2693 casuum
974 2639 1315 2709 magnitudo.
1351 2660 1369 2693 σ
1416 2641 1711 2713 Propterea
1766 2645 1885 2701 haec
1939 2645 2073 2702 dicit

503 2730 762 2785 Dominus
794 2747 810 2785 :
846 2728 925 2782 Ex
949 2745 1056 2800 qua
1086 2730 1221 2786 urbe
1256 2732 1677 2803 egrediebantur
1710 2736 1875 2802 mille,
1911 2738 2075 2793 relin-

499 2827 735 2888 quentur
759 2818 816 2873 in
866 2832 928 2873 ea
976 2827 1230 2874 centum:
1271 2831 1326 2876 ct
1372 2835 1438 2876 ex
1492 2836 1600 2892 qua
1653 2825 2071 2894 egrediebantur

500 2916 740 2972 centum,
768 2906 1145 2977 relinquentur
1170 2909 1223 2963 in
1249 2924 1311 2965 ea
1338 2910 1524 2966 decem
1553 2911 1740 2969 domui
1766 2912 2003 2971 lsraelis.
2044 2935 2061 2968 ι

501 2996 676 3052 Tanta
703 2999 846 3053 enim
903 2998 1071 3053 vestri
1119 2999 1187 3054 ab
1215 2999 1466 3056 hostibus
1490 3010 1700 3073 strages
1745 3002 1858 3066 ﬁet,
1893 3010 1954 3059 ut
1978 3005 2069 3060 vix

500 3093 714 3141 centum
750 3086 817 3141 de
854 3086 1021 3151 mille,
1064 3086 1155 3142 vix
1178 3090 1365 3145 decem
1397 3090 1465 3145 de
1486 3098 1705 3147 centum
1732 3092 1787 3148 in
1820 3108 2068 3165 unaqua-

501 3192 607 3247 que
647 3175 781 3232 urbe
820 3178 1189 3248 comperiendi
1231 3179 1359 3236 sint.
1402 3200 1421 3233 ι
1464 3181 1753 3254 Propterea
1798 3185 1914 3241 haec
1940 3187 2071 3242 dicit

506 3268 766 3323 Dominus
801 3266 988 3324 domui
1014 3268 1230 3327 lsraelis
1272 3289 1286 3326 :
1321 3271 1561 3338 Qumrite
1593 3289 1703 3337 me,
1745 3284 1797 3331 et
1828 3278 2023 3334 vivetis
2051 3298 2066 3333 :

502 3367 556 3413 et
593 3359 758 3415 nolite
807 3374 1050 3430 quaerere
1095 3361 1302 3428 Betbel,
1359 3363 1499 3419 etin
1537 3363 1758 3435 Ga'lgala
1787 3366 1959 3423 nolite
1985 3369 2069 3423 in—

505 3463 672 3517 Irare,
702 3460 757 3507 et
794 3453 860 3508 ad
883 3462 1103 3531 puteum
1150 3454 1450 3524 juramenti
1481 3472 1552 3512 ne
1576 3459 1907 3523 ascendatis,
1938 3461 2068 3531 quia

502 3540 723 3613 Galgala
779 3543 1051 3614 captivata
1094 3528 1523 3613 Icaptivabuntur
1557 3564 1572 3599 :
1611 3553 1667 3602 et
1719 3545 1904 3603 Betbel
1956 3528 2070 3604 ierit

503 3633 657 3703 quasi
686 3648 796 3688 non
821 3635 1111 3690 exsistens.
1155 3653 1175 3686 ι
1210 3633 1453 3691 Consulo
1473 3635 1638 3706 igitur
1701 3636 1857 3692 vobis
1911 3644 1973 3692 ut
1999 3637 2069 3693 ad

505 3740 590 3779 me
618 3726 895 3795 spectetis,
922 3725 1244 3782 abstineatis
1288 3741 1320 3781 ε
1349 3726 1535 3782 Betbel
1579 3736 1633 3783 et
1660 3725 1901 3800 Galgalis
1944 3738 2001 3785 et
2036 3743 2068 3784 a

503 3825 665 3885 puteo
693 3816 1011 3884 juramenti,
1039 3817 1106 3872 ad
1138 3832 1258 3889 quae
1282 3833 1426 3873 nunc
1452 3820 1803 3884 concurritis,
1848 3820 1990 3875 idola
2015 3828 2072 3875 et

502 3907 775 3961 daemones
809 3906 918 3962 illis
962 3908 1097 3965 locis
1146 3909 1471 3978 adoraturi;
1520 3910 1714 3967 scitote
1749 3912 1915 3977 enim,
1955 3912 2071 3967 hac

501 3997 684 4050 omnia
749 3997 1030 4053 vobiscum
1104 4000 1158 4054 in
1245 3999 1595 4056 solitudinem
1645 4000 1924 4057 redactum
1978 4002 2067 4058 iri.

507 4108 526 4139 ι
564 4088 800 4155 Quaerite
824 4088 1133 4156 Dominum,
1164 4099 1221 4147 et
1250 4094 1440 4149 vivetis
1469 4111 1483 4149 :
1520 4108 1587 4148 ne
1624 4091 1844 4163 Iosephi
1871 4093 2069 4151 domus

501 4180 867 4235 succendatur
891 4190 951 4235 ut
975 4181 1139 4252 ignis,
1166 4182 1259 4253 qui
1285 4181 1509 4238 devoret
1550 4197 1707 4249 eam;
1734 4191 1789 4238 et
1815 4199 1922 4239 non
1961 4184 2066 4240 erit
2096 4221 2140 4278 υ

499 4269 591 4339 qui
607 4271 918 4342 exstinguat
943 4269 1164 4325 domum
1195 4271 1511 4343 (ardentem)
1538 4271 1773 4331 lsraelis.
1800 4294 1819 4328 ι
1839 4274 2066 4333 Omissis

502 4362 630 4423 illis,
666 4361 777 4417 Dco
809 4363 1100 4429 adhaeretc,
1132 4380 1199 4419 ne
1228 4366 1439 4435 punitio
1466 4381 1497 4420 a
1529 4366 1664 4433 Deo,
1694 4370 1852 4439 quasi
1899 4369 2065 4441 ignis,

501 4466 597 4505 vos
644 4468 833 4508 omnes
865 4454 1202 4510 comburat:
1257 4472 1454 4527 neque,
1491 4458 1538 4513 si
1584 4457 1732 4516 Deus
1760 4460 1902 4514 mala
1949 4461 2064 4515 haec

498 4542 654 4597 vobis
722 4543 1027 4611 immiserit,
1094 4546 1337 4603 invenire
1402 4547 1742 4609 defensorem
1792 4550 1947 4606 vobis
1998 4551 2064 4606 li-

499 4632 663 4687 cebit.

569 4943 735 5001 Vsus.
778 4946 984 5000 7-9.'—
1022 4963 1041 4998 ι
1078 4946 1181 5011 Qui
1209 4946 1336 5001 facit
1367 4948 1419 5002 in
1442 4950 1660 5005 excelso
1691 4950 1982 5021 judicium,
2008 4961 2062 5007 et

498 5038 770 5107 justitiam
803 5038 857 5092 in
881 5046 1024 5092 terra
1054 5037 1256 5108 posuit.
1301 5056 1319 5089 ι
1358 5036 1513 5093 Haud
1535 5040 1689 5096 decet
1719 5057 1817 5096 vos
1842 5043 2065 5113 quibus~

504 5131 632 5183 libet
659 5128 755 5184 Dei
803 5129 873 5184 ad
901 5143 998 5185 vos
1048 5118 1211 5185 minis
1252 5130 1336 5185 vel
1393 5132 1847 5199 promissiouibus
1902 5133 2061 5189 ﬁdem

503 5233 701 5287 negare
734 5238 747 5273 :
774 5219 888 5289 ipse
913 5220 1057 5275 enim
1085 5229 1169 5276 est
1198 5221 1289 5290 qui
1312 5221 1579 5292 judicium
1604 5232 1768 5295 atque
1794 5226 2063 5295 justitiam

504 5308 697 5361 tumin
740 5310 956 5365 excelso
986 5322 1223 5374 exercet,
1257 5319 1371 5365 tum
1428 5312 1590 5367 etiam
1630 5316 1683 5369 in
1719 5323 1867 5370 terra
1897 5316 2065 5370 collo-

503 5397 665 5452 cavit.
689 5397 955 5453 Nimirum
980 5400 1144 5456 dicit:
1166 5402 1264 5457 llic
1294 5411 1400 5470 est,
1426 5404 1517 5473 qui
1548 5405 1701 5459 vobis
1735 5406 2065 5476 patientibus

502 5491 757 5559 iujuriam
795 5490 864 5544 ab
914 5491 1164 5550 hostibus
1200 5495 1290 5566 jus
1320 5497 1543 5552 reddere
1575 5505 1792 5568 potest;
1835 5506 1889 5554 et
1940 5498 2061 5553 illos

575 5671 618 5703 '°
661 5671 801 5726 l’sal.
844 5684 950 5724 CIV.
990 5670 1039 5722 5,

2813 1518 2971 1571 ΚΕΦ.
3014 1523 3091 1572 b'.

2240 1631 2390 1703 Στίχ.
2419 1637 2490 1697 α’,
2532 1628 2598 1701 β’.
2620 1657 2689 1671 ---
2721 1647 2741 1681 ι
2787 1627 3082 1683 ’Δκούσατε
3124 1627 3217 1682 τὸν
3245 1627 3403 1698 λόγον
3432 1625 3643 1694 τοῦτον,
3678 1629 3744 1683 ὅν

2171 1722 2282 1792 ἐγὼ
2318 1722 2579 1792 λαμϐάνω
2616 1719 2701 1789 ἐφ’
2727 1720 2871 1797 ὑμᾶς
2904 1719 3132 1791 θρῆνονο
3164 1714 3311 1783 οἶκος
3351 1719 3568 1791 Ἰσραὴλ
3604 1718 3742 1772 ἐπε-

2173 1830 2294 1867 σεν·
2324 1812 2505 1867 οὐκέτι
2533 1812 2607 1883 μὴ
2637 1810 2844 1883 προσθῇ
2873 1810 2966 1864 τοῦ
2988 1810 3287 1882 ἀναστῆναι
3306 1827 3321 1842 °
3356 1811 3623 1885 παρθένος
3639 1812 3740 1865 τοῦ

2183 1903 2397 1977 Ἰσραὴλ
2432 1903 2661 1972 ἔσφαλεν
2709 1902 2801 1956 ἐπὶ
2840 1904 2939 1973 τῆς
2971 1902 3073 1972 γῆς
3122 1902 3290 1973 αὐτῆς
3315 1917 3331 1932 ο
3371 1902 3472 1955 ούκ
3515 1901 3666 1955 ἐστιν
3711 1905 3744 1957 6

2170 1995 2401 2050 ἀνιστῶν
2437 1995 2628 2064 αὑτήν.
2661 2011 2681 2045 ι
2710 1991 2964 2064 Μηνύσας
2990 1992 3079 2046 διὰ
3102 1991 3211 2046 τῶν
3245 1993 3617 2064 προκειμένων
3640 1994 3744 2064 τὴν

2169 2088 2321 2141 λύσιν
2343 2086 2453 2140 τῶν
2473 2085 2680 2150 κακῶν,
2703 2084 2915 2139 ἀπειλεῖ
2940 2084 3103 2139 πάλιν
3127 2084 3306 2149 καθὼς
3331 2084 3489 2139 εἴωθε
3525 2086 3624 2156 τὴν
3660 2103 3745 2138 τι-

2174 2178 2383 2250 μωρίαν
2407 2193 2421 2207 ’
2452 2176 2540 2231 διὰ
2569 2175 2768 2247 ταύτης
2804 2176 2901 2247 μὲν
2930 2175 3109 2245 φοϐῶν
3143 2190 3203 2229 τε
3232 2176 3326 2230 καὶ
3367 2174 3743 2247 σωφρονίζων,

2168 2268 2235 2321 δι’
2265 2266 2472 2321 ἐκείνου
2511 2265 2568 2319 δὲ
2605 2265 2741 2337 πρὸς
2769 2264 3055 2335 μετάνοιαν
3086 2264 3498 2337 ἐκκαλούμενος.
3528 2266 3744 2335 Θρήνου

2168 2359 2255 2432 δὴ.
2292 2359 2475 2431 φησὶν,
2505 2357 2631 2423 ἀξια
2658 2358 2727 2413 τά
2760 2357 2882 2412 καθ’
2921 2358 3098 2429 ὑμᾶς’
3131 2356 3456 2413 πεπτώκατε
3493 2357 3600 2429 γὰρ
3645 2356 3745 2411 διά

2168 2450 2266 2511 τὰς
2317 2448 2523 2511 οἰκείας
2570 2446 2909 2518 παρανομίας
2958 2446 3157 2517 πτῶμα
3206 2447 3479 2518 μέγιστον,
3528 2445 3621 2516 ἀφ’
3673 2437 3741 2499 οὗ

2172 2540 2307 2612 μηδὲ
2346 2538 2499 2593 λύσιν
2535 2538 2742 2592 ἔνεστιν
2780 2538 2999 2607 ἐλπίσαι
3031 2538 3169 2593 κατά
3189 2553 3252 2607 γε
3276 2538 3339 2592 τὸ
3371 2537 3598 2609 μέγεθος
3625 2537 3747 2591 τῶν

2170 2631 2513 2703 συμϐάντων.
2548 2652 2567 2682 ι
2601 2630 2742 2684 Διότι
2768 2630 2894 2685 τάδε
2934 2628 3081 2700 λέγει
3114 2629 3345 2702 Κύριος*
3397 2630 3493 2684 Ἐκ
3529 2628 3745 2693 πόλεος

2168 2721 2231 2789 ἐξ
2250 2715 2318 2794 ἦς
2354 2720 2734 2793 ἐξεπορεύοντο
2772 2720 2952 2792 χίλιοι,
2982 2719 3466 2793 ύπολειφθήσονται
3505 2720 3701 2775 ἑκατόν
3722 2733 3745 2751 ο

2169 2812 2266 2869 καὶ
2304 2811 2363 2879 ἐξ
2390 2806 2457 2884 ἦς
2493 2809 2875 2882 ἐξεπορεύοντο
2906 2809 3120 2876 ἐκατὸν,
3167 2809 3649 2882 ύπολειφθήοονται
3682 2811 3744 2863 ἐν

2092 2882 2138 2943 c
2168 2904 2306 2977 αὐτῇ
2344 2882 2474 2959 δέκα
2518 2903 2596 2975 τῷ
2633 2903 2767 2975 οἴκῳ
2813 2902 3045 2974 Ἰσραήλ.
3081 2920 3102 2955 ι
3139 2901 3387 2973 Τοσαύτη
3431 2900 3539 2973 γὰρ
3583 2901 3747 2972 ὑμῶν

2169 2998 2455 3070 γενήσεται
2500 2995 2606 3050 ὑπὸ
2648 2994 2758 3049 τῶν
2789 2993 3124 3065 πολεμίωνή
3157 2992 3357 3065 σφαγὴ,
3400 2992 3542 3047 ὥστε
3581 2992 3745 3064 μόλις

2172 3089 2269 3160 μὲν
2292 3088 2483 3143 ἑκατὸν
2509 3087 2617 3143 ἀπὸ
2640 3086 2848 3158 χιλίων,
2881 3085 3035 3157 μόλις
3058 3085 3116 3139 δὲ
3143 3084 3275 3139 δέκα
3312 3084 3370 3151 ἐξ
3397 3084 3590 3139 ἑκατὸν
3612 3084 3747 3138 καθ’

2168 3179 2404 3250 ἑκάστην
2452 3182 2527 3250 (p.
2570 3178 2696 3247 174)
2726 3200 2731 3207 ’
2758 3177 3102 3250 εὑρίσκεσθαι
3154 3177 3328 3231 πόλιν.
3364 3194 3384 3229 ι
3419 3177 3566 3230 Διότι
3608 3177 3747 3231 τάδε

2168 3268 2315 3338 λέγει
2358 3269 2560 3340 Κύριος
2588 3266 2724 3341 πρὸς
2753 3267 2848 3322 τὸν
2883 3262 3031 3322 οἷκον
3079 3264 3323 3339 Ἰσραήλ*
3365 3264 3746 3338 Έκζητήσατά

2172 3377 2262 3430 με,
2288 3360 2383 3414 καὶ
2416 3357 2646 3431 ζήσεσθε
2668 3377 2682 3389 ·
2717 3359 2812 3413 καὶ
2845 3358 2918 3431 μὴ
2952 3356 3232 3429 ἐκζητεῖτε
3272 3357 3496 3430 Βαιθὴλ,
3530 3359 3623 3412 καὶ
3656 3361 3746 3423 εἰς

2169 3451 2417 3522 Γάλγαλα
2442 3453 2516 3524 μὴ
2534 3452 2937 3524 εἰσπορεύεσθε,
2958 3452 3050 3506 καὶ
3071 3451 3165 3506 ἐπὶ
3182 3449 3243 3505 τὸ
3263 3450 3438 3523 φρέαρ
3456 3449 3550 3503 τοῦ
3572 3451 3747 3522 ὅρκου

2171 3544 2248 3616 μὴ
2272 3542 2614 3599 ἀναϐαίνετε’
2643 3544 2725 3597 ὅτι
2741 3542 2987 3613 Γάλγαλα
3002 3541 3515 3613 αίχμαλωτευομένη
3539 3541 3749 3611 αίχμα-

2166 3634 2583 3707 λωτευθήσεται,
2608 3635 2702 3689 καὶ
2728 3634 2930 3706 Βαιθὴλ
2957 3634 3106 3688 ἐσται
3130 3635 3205 3697 ὡς
3223 3634 3321 3704 ούχ
3345 3631 3689 3705 ὑπάρχουσα.
3719 3652 3745 3686 ι

2168 3726 2524 3797 Συμϐουλεύω
2550 3726 2728 3780 τοίνυν
2749 3726 2877 3797 ύμῖν
2909 3725 3038 3780 ίδεῖν
3067 3725 3166 3797 μὲν
3192 3725 3327 3795 πρὸς
3354 3725 3473 3795 ἐμὲ,
3496 3725 3749 3796 ἀποστῆ-

2168 3836 2255 3872 ναι
2293 3818 2350 3872 δὲ
2390 3817 2592 3888 Βαιθὴλ
2622 3833 2681 3869 τε
2703 3817 2799 3870 καὶ
2822 3815 3112 3886 Γαλγάλων
3134 3816 3227 3869 καὶ
3258 3814 3354 3869 τοῦ
3384 3815 3615 3887 φρέατος
3638 3818 3757 3870 τοῦ

2168 3909 2354 3983 ὅρκου,
2389 3908 2451 3963 ἐν
2473 3905 2666 3977 οἷσπερ
2702 3906 3025 3978 συν-,τρέχετε
3057 3904 3173 3969 νῦν,
3203 3906 3397 3961 εἴδωλά
3415 3923 3473 3960 τε
3499 3908 3595 3961 καὶ
3618 3907 3747 3962 δαί·

2172 4015 2337 4070 μονας
2361 3997 2749 4069 θεραπεύοντες
2769 3999 2828 4051 ἐν
2846 4000 2955 4061 τοίς
2977 3997 3160 4060 τόποις
3177 3997 3424 4063 ἐκείνοις,
3448 3994 3506 4052 εὖ
3531 3998 3742 4061 εἰδότες

2168 4088 2241 4152 ὼε,
2258 4087 2463 4160 ἐρημία
2493 4087 2585 4140 καὶ
2610 4085 2783 4140 ταῦτα
2797 4085 3024 4159 λήψεται
3051 4085 3227 4139 πάντα
3250 4086 3368 4157 μεθ’
3392 4087 3595 4157 ύμῶν.ι
3619 4087 3745 4141 Ἑκο

2170 4174 2438 4247 ζητήσατε
2479 4175 2570 4227 τὸν
2609 4174 2831 4247 Κύριον,
2871 4174 2966 4227 καὶ
2998 4172 3259 4245 ζήσεσθε’
3290 4174 3436 4237 ὅπως
3479 4174 3555 4246 μὴ
3595 4175 3741 4228 ἀνα-

2168 4266 2357 4339 λάμψῃ
2391 4265 2468 4327 ὡς
2505 4264 2616 4338 πῦρ
2644 4268 2672 4320 6
2716 4262 2861 4328 οἶκος
2898 4264 2992 4317 τοῦ
3037 4264 3252 4335 Ἰωσὴφ,
3299 4266 3391 4318 καὶ
3441 4266 3748 4339 καταφάγῃ

2168 4358 2353 4421 αὐτὸν,
2387 4357 2479 4411 καὶ
2508 4357 2609 4410 ούκ
2650 4356 2801 4410 ἔσται
2830 4357 2857 4407 6
2892 4355 3097 4409 σϐέσων
3128 4354 3218 4408 τὸν
3259 4351 3404 4408 οἷκον
3437 4354 3655 4426 Ἰσραήλ
3714 4376 3737 4408 ι

2181 4449 2465 4520 ’Δφέμενοι
2488 4448 2545 4503 δέ
2564 4446 2785 4512 τούτων,
2817 4446 2936 4518 Θεῷ
2962 4447 3342 4518 προσανέχετε,
3366 4447 3505 4501 ῶστε
3537 4448 3615 4519 μὴ
3636 4449 3746 4520 τὴν

2166 4539 2435 4610 τιμωρίαν
2464 4540 2560 4610 τὴν
2604 4537 2754 4607 παρὰ
2788 4535 2884 4589 τοῦ
2910 4536 3045 4590 Θεοῦ
3073 4536 3228 4608 δίκην
3273 4537 3441 4607 πυρὸς
3486 4538 3746 4602 ἅπαντας

2167 4629 2312 4699 ὑμᾶς
2360 4628 2720 4697 καταφλέξαι⁸
2755 4626 2817 4679 ού
2858 4626 2967 4697 γὰρ
2998 4625 3108 4679 οἷόν
3138 4643 3219 4691 τε,
3239 4626 3409 4680 ταῦτα
3448 4628 3578 4697 ύμῖν
3607 4629 3741 4681 ἐπι-

2164 4723 2471 4792 πέμποντος
2522 4718 2616 4773 τοῦ
2657 4718 2812 4783 Θεοῦ,
2858 4719 3149 4792 εὑρεθῆναι
3196 4719 3289 4772 τὸν
3329 4720 3532 4790 ἀμῦναι
3575 4719 3745 4775 δυνά-

2164 4830 2342 4884 μενον.

2231 4947 2378 5017 Στίχ.
2408 4944 2549 5011 ζ’·-θ”
2582 4976 2647 4989 -
2685 4966 2705 4997 ι
2751 4946 2809 4999 '0
2838 4945 3006 4999 ποιῶν
3040 4947 3118 5009 είς
3142 4945 3272 5016 ὕψος
3308 4942 3499 5018 κρῖμα,
3524 4947 3622 4999 καὶ
3651 4947 3748 5002 δι-

2162 5040 2452 5109 καιοσύνην
2472 5040 2551 5101 εἰς
2573 5037 2675 5108 γῆν
2701 5035 2913 5107 ἔθηκεν.
2956 5057 2975 5089 ι
3013 5038 3147 5091 Οὐδὲ
3173 5038 3279 5109 γὰρ
3307 5039 3555 5090 ἀπιστεῖν
3589 5037 3753 5107 ὑμᾶς

2160 5131 2400 5204 προσῆκε
2450 5130 2557 5183 τινὶ
2597 5128 2704 5182 τῶν
2760 5129 3165 5200 ἀπειλουμένων
3211 5130 3243 5200 ἦ
3289 5129 3754 5200 ὑπισχνουμένων

2162 5225 2289 5293 ύμῖν
2324 5221 2472 5291 παρὰ
2498 5221 2592 5275 τοῦ
2619 5220 2784 5274 Θεοῦο
2817 5220 3001 5291 ἐπειδὴ
3033 5215 3186 5284 οὗτός
3222 5222 3367 5273 ἐστιν
3387 5223 3415 5273 ό
3438 5222 3612 5292 κρῖμα
3635 5222 3755 5274 καὶ

2164 5313 2508 5385 δικαιοσύνην
2542 5315 2618 5376 είς
2661 5311 2793 5381 ’ύψος
2834 5329 2892 5364 τε
2941 5311 3109 5363 ποιῶν
3152 5312 3244 5365 καὶ
3275 5315 3354 5375 εἰς
3382 5315 3486 5381 γῆν
3523 5312 3706 5376 τιθείς
3734 5331 3751 5343 ο

2166 5408 2252 5461 ἵνα
2296 5405 2445 5479 εἴπῃ,
2475 5406 2557 5458 ὅτι
2602 5399 2769 5466 Οὗτός
2812 5404 2957 5455 ἐστιν
2996 5404 3025 5454 ό
3064 5401 3436 5471 ἀδικουμένοις
3472 5401 3603 5470 ὑμῖν
3628 5400 3759 5455 ύπό

2168 5498 2277 5551 τῶν
2311 5497 2579 5569 πολεμίων
2618 5497 2797 5566 κρῖναι
2831 5492 3157 5562 δυνάμενος·
3189 5493 3280 5583 καὶ
3317 5491 3759 5563 τιμωρήσασθαι
