3966 6222
164 368 259 423 373

1140 362 1689 441 COMMENTARIUS
1724 362 1791 419 IN
1831 362 2042 421 AMOSI
2074 364 2225 419 CAP.
2258 364 2318 420 V.

3294 366 3400 421 ξ.ῖέ

172 484 261 555 μὲν
288 483 420 546 τοὺς
447 480 681 536 τοσαῦτα
705 481 835 552 ὑμῖν
855 480 1155 549 ἐπάγοντας
1177 480 1342 545 κακὰ,
1363 479 1531 544 δεῖξαι
1552 479 1610 533 δὲ
1632 479 1732 551 τὴν

1843 476 2053 546 quidem
2081 480 2276 547 punire
2302 480 2393 549 qui
2415 454 2560 534 lania
2583 479 2825 535 inferunt
2843 480 2981 534 mala
3001 479 3406 543 ;demonstrare

168 575 511 646 δικαιοσύνην
548 574 642 626 κα).
659 572 759 645 τὴν
788 572 988 644 κρίσιν,
1023 570 1100 641 (p.
1143 572 1264 640 I75)
1305 573 1371 644 ἢν
1400 571 1541 642 ὑπὲρ
1581 570 1733 641 ὑμῶν

170 668 266 719 τῶν
298 666 395 720 ἐπὶ
421 665 525 735 γῆς
572 665 741 717 ὄντων
780 664 1028 726 ποιεῖται,
1066 662 1305 733 μεγάλην
1338 678 1399 714 τε
1446 656 1609 715 οὖσαν
1642 662 1735 715 καὶ

171 760 366 821 παντὸς
397 758 675 825 γέμουσαν
724 753 1018 825 θαύματος.
1052 753 1162 806 Καὶ
1194 754 1273 817 εἰς
1322 752 1583 811 πίστωσιν
1628 752 1735 807 τῶν

169 849 360 912 αὐτῶν,
394 849 591 917 ἐπάγει
618 847 807 901 πάλιν·
855 866 875 898 ι
918 846 977 900 '0
1005 845 1172 899 ποιῶν
1216 847 1391 900 πάντα
1428 845 1523 899 καὶ
1570 863 1737 915 μετα-

171 938 471 1003 σκευάζων.
512 926 535 988 ιΔ
565 936 675 989 Καὶ
708 935 816 1006 γὰρ
845 935 939 988 καὶ
968 937 1137 988 ποιεῖν
1165 934 1380 988 ἅπαντα
1435 934 1533 988 οὐκ
1583 934 1735 1001 ὄντα,

168 1030 253 1081 καὶ
280 1028 544 1096 γεγονότα
582 1025 937 1098 μταόάλλειν
972 1028 1052 1089 είς
1076 1027 1105 1079 ὅ
1133 1044 1184 1079 τι
1218 1024 1485 1096 βούλεται,
1513 1025 1737 1081 δύναται

169 1120 389 1191 ῥᾳδίως.
422 1139 441 1169 ι
481 1119 585 1171 Καὶ
614 1118 895 1189 ἐκτρέπων
925 1118 1004 1182 είς
1035 1118 1095 1172 τὸ
1120 1116 1262 1188 πρωῒ
1298 1118 1456 1173 σκιὰν
1484 1118 1735 1187 θανάτου,

168 1212 254 1263 καὶ
280 1210 501 1281 ἡμέραν
518 1211 594 1274 είς
622 1211 789 1263 νύκτα
816 1209 1183 1274 συσκοτάζων.
1217 1229 1235 1261 ι
1268 1202 1435 1273 Οὗτος
1461 1210 1742 1276 κινδύνους

167 1302 396 1355 θάνατον
431 1300 729 1367 ἐπάγοντας
752 1300 833 1364 εἰς
859 1300 1194 1370 εὐφροσύνην
1220 1299 1476 1372 λαμπράν
1503 1317 1624 1355 τινα
1645 1299 1738 1354 καὶ

167 1392 349 1460 ἡδεῖαν
384 1389 739 1460 μεταϐάλλειν
787 1388 1095 1460 αὐτάρκης·
1128 1388 1251 1451 τοὺς
1297 1388 1355 1439 ἐν
1397 1386 1738 1457 λαμπρότητι

167 1500 215 1534 τε
247 1478 392 1534 εἶναι
437 1480 748 1544 δοκοῦντας,
775 1480 952 1550 σκότῳ
995 1478 1081 1532 διὰ
1109 1478 1217 1531 τῶν
1246 1478 1539 1549 συμφορῶν
1585 1496 1739 1551 περι-

168 1574 380 1627 ϐάλλειν
419 1572 645 1625 δύναται
680 1572 908 1642 ῥαδίως·
936 1570 1180 1640 βούλεται
1221 1570 1329 1640 γάρ
1369 1569 1646 1624 κάνταῦθα
1674 1571 1740 1623 ἐκ

167 1663 269 1714 τῶν
304 1661 535 1715 καθόλου
577 1660 896 1730 στυστῆσαι,
940 1660 1021 1713 ὅτι
1067 1660 1344 1730 αὐτάρκης
1383 1660 1479 1714 καὶ
1509 1660 1577 1714 τὰ
1619 1661 1739 1713 κατ’

167 1755 364 1817 αὐτοὺς
409 1753 484 1817 ὡς
530 1752 776 1822 βούλεται
824 1751 1172 1822 μεταϐαλεῖν·
1224 1752 1319 1805 καὶ¹
1358 1751 1488 1805 ποτὲ
1532 1752 1630 1821 μὲν
1673 1753 1737 1805 ἐκ

169 1842 460 1912 συμφορῶν
480 1842 558 1906 είς
580 1842 877 1913 εὐημερίαν
907 1841 1187 1912 μετάγειν·
1221 1842 1349 1895 ποτέ
1367 1842 1421 1895 δὲ
1444 1843 1502 1909 ἐξ
1533 1844 1737 1913 εὐημε-
1769 1824 1811 1879 Β

171 1937 283 2007 ρίας
320 1938 401 1999 εἰς
445 1933 735 2005 συμφοράς
786 1933 1064 2005 καθιστᾷν.
1096 1951 1115 1985 ι
1160 1934 1218 1985 '0
1267 1933 1738 2005 προσκαλούμενος

170 2025 221 2077 τὸ
256 2024 404 2095 ὕδωρ
427 2026 534 2096 τῆς
561 2024 858 2096 θαλάσσης,
898 2024 991 2077 καὶ
1024 2025 1227 2094 ἐκχέων
1252 2025 1384 2078 αὐτὸ
1427 2026 1520 2080 ἐπὶ
1573 2042 1738 2096 προσ-

170 2116 312 2169 ώπου
338 2116 441 2186 τῆς
469 2117 599 2186 γῆς,
622 2116 825 2188 Κύριος
852 2116 880 2168 ὀ
905 2116 1055 2178 Θεὸς,
1079 2117 1109 2169 ὁ
1137 2117 1533 2187 Παντοκράτωρ
1571 2117 1739 2187 ὄνομα

170 2208 325 2278 αὐτῷ.
372 2228 392 2258 ι
427 2202 604 2287 Οὗτος
624 2209 654 2261 ό
685 2208 776 2261 καὶ
802 2208 864 2260 τὸ
888 2208 988 2277 τῆς
1018 2208 1285 2280 θαλάττης
1313 2208 1457 2280 ’ύδωρ
1489 2209 1657 2280 αἴρων
1678 2227 1738 2264 τε

171 2300 246 2353 διὰ
276 2300 388 2351 τῶν
436 2299 679 2375 νεφελῶν
718 2299 811 2352 καὶ
854 2298 994 2353 κατὰ
1041 2298 1222 2369 πάσης
1244 2298 1448 2369 ἐκχέων
1484 2301 1583 2370 τῆς
1614 2303 1737 2371 γῆς,

172 2387 445 2457 αὐτάρκης
492 2386 589 2439 καὶ
614 2385 708 2439 νῦν
736 2385 833 2457 τὴν
861 2386 967 2439 τῶν
1009 2388 1305 2459 Ἀσσυρίων
1347 2388 1621 2460 στρατιὰν,
1650 2390 1743 2443 θα-

172 2476 361 2547 λάττης
400 2477 635 2547 μέγεθος
661 2478 1020 2549 μιμουμένην,
1051 2480 1135 2547 ἐφ’
1164 2479 1307 2549 ὑμᾶς
1330 2479 1420 2533 διὰ
1448 2482 1545 2551 τῆς
1574 2482 1741 2552 ὀργῆς

170 2566 346 2637 ἐκχέαι
378 2567 480 2637 τῆς
500 2567 727 2628 οἰκείας,
755 2566 812 2629 ὃς
847 2567 955 2620 τῶν
973 2568 1225 2621 ἁπάντων
1260 2569 1460 2641 Κύριος
1484 2569 1579 2634 ῶν,
1614 2572 1742 2625 αὐτ-

169 2656 337 2730 ἀρκης
379 2658 452 2710 τὰ
508 2658 770 2711 δοκοῦντα
797 2662 985 2712 ποιεῖν.
1020 2677 1037 2709 ι
1084 2660 1142 2712 '0
1162 2660 1383 2732 διαιρῶν
1412 2663 1742 2735 συντριμμὸν

169 2751 250 2800 ἐπ’
283 2752 460 2819 ἰσχὺν,
493 2751 590 2803 καὶ
624 2750 1000 2821 ταλαιπωρίαν
1032 2753 1122 2805 ἐπὶ
1160 2752 1420 2823 ὀχύρωμα
1442 2754 1681 2823 ἐπάγων.
1716 2775 1737 2807 ι

170 2836 331 2906 Οὗτος
362 2843 460 2896 καὶ
507 2842 687 2912 θλίψιν
724 2843 823 2914 τὴν
861 2843 1179 2913 ἐνοχλοῦσαν
1221 2844 1471 2910 διαλύων,
1505 2847 1582 2916 (p.
1618 2847 1741 2918 176)

171 2933 426 3003 ἰσχυροὺς
465 2932 839 3003 ἀπεργάζεται
874 2933 967 2987 καὶ
997 2934 1122 2998 τοὺς
1158 2936 1224 2989 ἐκ
1246 2936 1354 2989 τῶν
1374 2938 1557 2992 κακῶν
1577 2941 1742 3011 ἡσθε-

168 3026 398 3094 νηκότας
414 3042 430 3054 ο
452 3024 829 3097 ταλαιπωρίας
850 3044 907 3079 τε
923 3027 1048 3089 τούς
1071 3027 1210 3095 ἄγαν
1228 3028 1515 3095 δοκοῦντας
1532 3032 1745 3102 μεγάλα

1836 575 2017 620 autem
2059 565 2326 635 justitiam
2386 575 2549 638 atque
2586 567 2877 637 judicium,
2916 570 3061 639 quod
3118 584 3217 639 pro
3249 569 3408 624 vobis

1835 657 2075 729 regionis
2105 658 2269 729 hujus
2319 659 2514 716 incolis
2555 668 2789 725 exseret,
2826 677 3080 733 magnum
3126 666 3406 735 atque‘ex;

1836 748 2043 805 celsum
2075 757 2130 805 et
2160 750 2309 805 omni
2360 752 2710 806 mirabilitate
2758 753 2997 823 plenum.
3029 751 3404 809 Conflrmans—

1836 854 1941 907 que
1971 838 2137 903 dicta,
2160 839 2268 894 ait:
2308 858 2325 891 ι
2357 839 2461 905 Qui
2499 840 2630 894 facit
2666 842 2870 907 omnia,
2889 848 2942 896 et
2972 841 3346 897 transformat.
3377 859 3400 895 ι

1840 928 2045 985 Revera
2086 931 2232 986 enim
2279 933 2568 987 et.omnia
2613 932 2793 988 facere
2819 949 2887 988 ex
2934 933 3125 997 nihilo,
3165 941 3220 989 et
3266 932 3403 987 facta

1837 1030 2224 1088 transmutare,
2277 1033 2336 1077 ut
2390 1025 2552 1095 116
2608 1026 2863 1091 voluerit,
2921 1025 3175 1095 expedite
3201 1032 3400 1094 potest.

1845 1132 1863 1165 ι
1909 1112 2011 1179 Qui
2046 1116 2391 1171 convertitin
2425 1131 2581 1171 mane
2606 1117 2860 1172 tenebras
2894 1116 3106 1179 mortis,
3154 1123 3210 1171 et
3258 1116 3405 1171 diem

1840 1211 1999 1260 nocte
2013 1206 2354 1260 obtenebrat.
2398 1225 2416 1258 ι
2453 1205 2569 1278 Ipse
2591 1215 2768 1278 potest
2801 1207 3047 1261 mortalia
3074 1208 3316 1279 pericula
3346 1207 3404 1261 in

1840 1296 2183 1366 splendidum
2228 1297 2642 1368 jucundumth
2678 1298 2936 1368 gaudium
2965 1307 3321 1364 convertere;
3353 1307 3407 1354 et

1837 1403 1933 1443 eos
1956 1388 2048 1457 qui
2084 1388 2136 1442 in
2164 1389 2451 1459 splendore
2505 1389 2705 1443 versari
2738 1389 3009 1455 videntur,
3039 1404 3404 1444 mrumnarum

1840 1480 2082 1536 tenebris
2114 1480 2276 1536 facile
2310 1482 2562 1537 obruere.
2592 1480 2719 1536 Vult
2748 1483 2893 1538 enim
2919 1482 3022 1536 hoc
3056 1481 3178 1536 loco
3220 1497 3282 1537 ex
3316 1497 3406 1551 ge-

1840 1572 2116 1629 neralibus
2145 1573 2494 1639 concludere,
2533 1587 2695 1642 posse
2730 1570 2896 1627 Deum
2925 1588 3015 1628 res
3040 1587 3258 1642 quoque
3288 1573 3407 1625 illo-

1842 1677 1961 1717 rum
1996 1678 2095 1732 pro
2123 1679 2224 1718 suo
2257 1664 2409 1717 libito
2435 1673 2807 1728 commutare;
2838 1670 2892 1717 et
2921 1663 3081 1717 modo
3107 1679 3173 1719 ex
3208 1678 3407 1718 aerum-

1841 1753 1927 1809 nis
1949 1756 2003 1808 in
2026 1754 2471 1825 prosperitatem,
2491 1753 2653 1808 modo
2674 1764 2860 1809 contra
2885 1768 2950 1808 ex
2974 1754 3330 1824 prosperitate
3351 1753 3406 1807 in

1837 1859 2133 1899 azrumnam
2190 1844 2511 1901 transferre.
2552 1866 2571 1898 ι
2608 1844 2712 1912 Qui
2755 1851 2915 1899 vocat
2964 1859 3160 1915 aquam
3216 1844 3405 1907 maris,

1837 1946 1891 1992 et
1927 1935 2156 1992 ellundit
2181 1922 2344 2008 super
2370 1936 2563 1993 faciem
2598 1945 2776 2001 terrae,
2800 1934 3065 1991 Dominus
3096 1933 3257 2000 Deus,
3307 1950 3409 1989 no-

1839 2043 1960 2082 men
2003 2028 2051 2082 ei
2077 2025 2453 2098 Omnipotens.
2492 2046 2511 2081 ι
2550 2026 2690 2096 Ipse,
2738 2028 2830 2098 qui
2865 2028 3033 2084 maris
3058 2041 3253 2098 aquam
3314 2042 3407 2081 nu-

1838 2118 1997 2174 bibus
2051 2119 2269 2181 attollit,
2298 2126 2353 2174 et
2404 2134 2499 2190 per
2562 2120 2875 2174 universam
2926 2127 3131 2174 terram
3180 2116 3410 2173 effundit

1838 2210 1980 2264 valet
2006 2224 2149 2264 nunc
2178 2209 2343 2263 etiam
2370 2208 2721 2279 Assyriorum
2746 2208 3068 2271 exercitum,
3101 2206 3410 2276 amplitudi-

1839 2319 1962 2359 nem
1999 2303 2168 2358 maris
2191 2303 2512 2364 imitantem,
2536 2309 2728 2356 contra
2750 2316 2847 2356 vos
2878 2300 2957 2354 ira
2985 2314 3083 2356 sua
3109 2298 3406 2359 effundere,

1840 2409 1964 2448 cum
2006 2396 2078 2450 sit
2140 2394 2402 2450 Dominus
2451 2394 2809 2461 universalis,
2872 2402 2929 2448 et
2978 2389 3243 2463 quidquid
3304 2391 3408 2446 sibi

1839 2486 2057 2541 libuerit
2088 2501 2346 2556 peragere
2367 2485 2575 2541 valens.
2605 2503 2624 2536 ι
2671 2483 2775 2551 Qui
2803 2482 2993 2538 dividit
3023 2480 3408 2536 contritionem

1841 2591 2005 2647 super
2035 2575 2429 2639 fortitudinem,
2456 2581 2511 2629 et
2538 2574 2813 2629 miseriam
2865 2588 3030 2642 super
3056 2572 3408 2627 munitionem

1841 2666 2084 2720 adducit.
2130 2685 2148 2715 ι
2178 2663 2298 2735 Ipse
2323 2679 2634 2735 pressuram
2661 2663 2942 2719 molestam
2974 2662 3287 2725 sublevans,
3320 2677 3412 2714 va-

1841 2757 1983 2812 lidos
2015 2756 2188 2812 reddit
2217 2757 2380 2811 etiam
2414 2755 2558 2820 illos,
2593 2754 2684 2824 qui
2719 2752 3122 2823 calamitatibus
3165 2758 3295 2807 sunt
3325 2750 3412 2806 de-

1838 2848 2033 2905 bilitati
2074 2866 2085 2901 :
2124 2847 2475 2917 vicissimque
2533 2845 2714 2902 subita
2773 2844 2991 2901 miseria
3047 2844 3290 2913 complet
3316 2843 3410 2913 qui

1842 2935 2053 3007 magnis
2078 2934 2290 2991 viribus
2311 2935 2515 3004 pollere
2538 2933 2811 2989 videntur.
2846 2930 2896 2989 Is
2925 2947 3053 2987 cum
3080 2932 3278 2995 voluit,
3323 2946 3411 2987 res

1843 3037 2052 3084 vestras
2080 3044 2111 3082 a
2154 3028 2378 3084 meliore
2426 3034 2570 3084 statu
2600 3026 2882 3081 transtulit
2925 3024 2993 3079 ad
3035 3024 3358 3080 deteriorem
3391 3042 3407 3078 :

165 3112 426 3169 δύνασθαι
474 3117 668 3189 ἀθρόον
709 3118 930 3189 πληροῖ·
964 3118 1022 3182 ὃς
1067 3120 1344 3193 βουληθεὶς
1390 3124 1486 3177 καὶ
1525 3124 1591 3178 τὰ
1624 3125 1742 3179 καθ’

1848 3134 2151 3192 rursusque
2179 3119 2225 3175 si
2242 3117 2459 3191 quando
2480 3117 2733 3186 voluerit,
2754 3116 2811 3172 in
2844 3115 3125 3172 meliorem
3157 3114 3314 3171 facile
3336 3129 3414 3170 re-

168 3208 307 3275 ὑμᾶς
346 3208 619 3278 μετέϐαλέ
653 3226 712 3261 τε
746 3211 812 3263 ἐκ
850 3210 944 3263 τοῦ
974 3212 1277 3281 κρείττονος
1302 3214 1394 3267 ἐπὶ
1428 3215 1489 3269 τὸ
1530 3218 1740 3288 χεῖρον·

168 3301 255 3352 καὶ
278 3300 451 3353 πάλιν
485 3302 549 3354 ἐκ
576 3299 670 3352 τοῦ
710 3300 947 3371 χείρονος
977 3302 1069 3354 ἐπὶ
1101 3302 1162 3355 τὸ
1186 3306 1430 3375 κρεῖττον
1466 3306 1745 3376 βουληθεὶς

168 3393 470 3461 μεταϐαλεῖ
489 3392 705 3463 ῥαδίως.

238 3483 388 3552 Στίχ.
436 3489 489 3545 ι’,
516 3489 606 3536 ια’.
638 3510 695 3520 -
728 3502 747 3535 ι
794 3485 1089 3556 Ἐμίσησάν
1122 3488 1181 3539 ἐν
1204 3486 1400 3553 πύλαις
1435 3488 1743 3561 ἐλέγχοντα,

169 3573 258 3625 καὶ
292 3574 461 3642 λόγον
499 3575 645 3627 ὅσιον
684 3575 1049 3641 ἐϐδελύξαντο.
1088 3596 1107 3628 ι
1142 3579 1401 3650 Ἀρχεται
1443 3581 1626 3635 λοιπὸν
1662 3585 1749 3636 ἐν-

164 3666 351 3718 τεῦθεν
378 3666 487 3729 τὰς
518 3668 863 3737 παρανομίας
902 3668 1079 3723 αὐτῶν
1115 3670 1446 3741 ἐξηγεῖσθαι.
1482 3674 1619 3738 Τοὺς
1647 3676 1746 3745 μὲν

160 3750 255 3806 οὖν
296 3757 591 3831 προφήτας
628 3760 687 3810 ἐν
731 3758 1027 3835 διορθώσει¹
1053 3761 1150 3824 τὰς
1186 3763 1528 3835 παρανομίας
1567 3766 1747 3820 αὐτῶν

164 3847 412 3917 ἐλέγχειν
460 3849 961 3919 προσταττομένους
991 3850 1241 3921 ἐμίσουν·
1284 3852 1655 3910 ἐϐδελύττοντο
1690 3856 1748 3910 δὲ

160 3940 257 3992 καὶ
304 3940 596 4011 όπόσαπερ
626 3940 809 4009 ἔλεγον
849 3942 1052 4006 αὐτοῖς,
1096 3944 1548 4015 συμϐουλεύοντες
1583 3950 1748 4019 χωρί-

160 4030 354 4095 ζεσθαι
389 4032 497 4103 μὲν
519 4031 630 4084 τῶν
660 4033 862 4097 κακῶν,
901 4034 1173 4105 αἱρεῖσθαι
1198 4036 1255 4089 δὲ
1298 4036 1366 4090 τὰ
1397 4038 1655 4107 κρείττω·
1686 4039 1749 4093 τὸ

154 4125 213 4175 δέ
240 4126 303 4175 ἐν
333 4123 537 4188 πύλαις
582 4123 726 4176 οὐτω
752 4124 947 4193 φησίν·
984 4125 1143 4190 Ἐθος
1180 4122 1248 4197 ἦν
1289 4128 1349 4181 τὸ
1389 4129 1615 4183 παλαιὸν
1655 4132 1749 4185 καὶ

156 4214 257 4277 τάς
285 4214 402 4267 τῶν
418 4215 861 4282 ἀναγκαιοτάτων
882 4218 1222 4287 πραγμάτων
1242 4218 1434 4287 βουλὰς
1454 4222 1580 4286 τοὺς
1607 4223 1747 4277 κατὰ

156 4308 319 4359 πόλιν
350 4308 409 4359 ἐν
438 4309 561 4369 ταῖς
583 4305 777 4370 πύλαις
804 4308 1100 4361 ποιεῖσθαι·
1128 4310 1219 4362 καὶ
1248 4313 1357 4374 τοῖς
1377 4312 1589 4383 ἐχθροῖς
1616 4332 1745 4385 πρε-

155 4398 526 4470 σεευομένοις
551 4399 677 4470 περί
706 4416 871 4464 τινος,
897 4400 1032 4471 πρὸς
1056 4401 1251 4465 αὐτοὺς
1280 4404 1339 4456 ἐν
1370 4404 1595 4468 ἐκείνοις
1616 4407 1749 4459 dm-

1847 3211 2084 3266 vocabit.

1920 3488 2087 3545 Vens.
2137 3490 2342 3557 10,11.
2385 3520 2458 3531 --
2507 3509 2525 3540 ι
2583 3486 2720 3543 Odio
2776 3483 3085 3539 habuerunt
3145 3482 3200 3537 in
3246 3484 3416 3552 portis

1848 3591 2184 3652 arguentem,
2213 3589 2266 3636 et
2291 3595 2596 3637 sermonem
2615 3585 2865 3634 sanctum
2890 3573 3187 3629 abominati
3210 3582 3360 3629 sunt.
3388 3592 3408 3624 ο

1848 3673 2062 3727 Abhinc
2096 3687 2289 3729 rursus
2318 3670 2509 3742 incipit
2540 3669 2855 3739 iniquitates
2884 3665 3102 3720 illorum
3120 3678 3412 3733 exponere.

1849 3765 2147 3835 Prophetas
2167 3764 2403 3835 quidem,
2434 3769 2656 3831 peccata
2672 3762 2913 3829 ipsorum
2935 3768 3229 3825 coarguere
3256 3762 3418 3823 atque

1850 3857 2138 3915 emendare
2172 3871 2201 3907 a
2223 3853 2331 3909 Deo
2356 3853 2562 3924 jussos,
2585 3850 2813 3905 oderant
2846 3866 2860 3903 :
2889 3854 2944 3902 et
2962 3843 3416 3903 abominabantur

1850 3962 2188 4019 quaecunque
2212 3946 2267 4000 bi
2288 3943 2431 4015 apud
2454 3958 2550 3999 eos
2580 3937 3070 4003 concionabantur,
3140 3935 3412 3991 hortando

1850 4038 1917 4094 ad
1952 4038 2205 4094 vitiorum
2266 4035 2481 4106 fugam,
2540 4040 2595 4089 et
2649 4029 2867 4086 virtutis
2929 4041 3189 4082 amorem.
3245 4026 3417 4095 Dictio

1848 4138 2031 4193 autem
2064 4130 2121 4184 in
2154 4129 2348 4199 portis,
2396 4128 2475 4184 sic
2508 4121 2873 4195 intelligenda.
2900 4119 3015 4175 Mos
3049 4118 3266 4190 priscus
3291 4110 3413 4183 fuit,

1851 4220 2189 4293 gravissimae
2218 4219 2485 4290 cujusque
2505 4218 2583 4273 rei
2607 4212 3039 4272 consultationes
3068 4225 3097 4262 a
3128 4208 3342 4265 civibus
3361 4209 3416 4264 in

1850 4311 2024 4382 portis
2048 4310 2197 4364 urbis
2223 4308 2359 4375 fieri;
2385 4315 2438 4361 et
2457 4306 2694 4362 hostium
2711 4302 2876 4358 etiam
2895 4301 2964 4355 de
2980 4314 3039 4354 re
3061 4298 3241 4366 aliqua
3271 4296 3417 4367 lega-

1851 4400 2116 4462 tionibus,
2137 4400 2180 4468 1
2192 4398 2293 4468 17
2312 4397 2500 4453 iisdem
2520 4397 2573 4450 in
2591 4394 2725 4450 locis
2737 4388 3086 4461 respondere.
3114 4386 3228 4442 lmo
3249 4389 3414 4445 etiam

150 4489 456 4559 κρίνεσθαι
488 4492 605 4552 τοῖς
630 4490 846 4554 τόποις·
875 4494 952 4560 (p.
986 4490 1109 4559 I77)
1151 4493 1245 4546 καὶ
1280 4494 1345 4563 δὴ
1382 4495 1475 4549 καὶ
1502 4494 1600 4560 τὰς
1633 4497 1742 4566 μεί-

1851 4490 2278 4562 majorajudicia
2306 4488 2504 4543 ibidem
2535 4484 2879 4545 exercebant,
2909 4487 2968 4534 ut
2995 4477 3210 4535 cunctis
3227 4479 3416 4536 urbem

150 4583 286 4644 ξονς
330 4581 444 4634 τῶν
494 4581 726 4652 κρίσεων
756 4582 942 4636 αὐτόθι
996 4584 1285 4651 ποιεῖσθαι,
1327 4585 1405 4649 ὡς
1440 4586 1507 4640 ἂν
1544 4587 1742 4642 ἅπασιν

1845 4583 2272 4655 ingredientibus
2282 4582 2365 4637 vel
2379 4578 2780 4652 egredientibus
2794 4580 3023 4629 tractata
3038 4571 3252 4643 negotia
3265 4572 3318 4627 in
3326 4588 3419 4627 no-

149 4670 269 4730 τοῖς
314 4668 462 4721 κατά
490 4667 589 4739 τὴν
625 4669 775 4723 πόλιν
821 4670 1047 4723 εἰσιοῦσι
1080 4689 1137 4725 τε
1184 4674 1278 4726 καὶ
1312 4673 1511 4741 ἐξιοῦσι
1548 4676 1616 4731 δι’
1646 4660 1742 4732 αὐτΖ

1843 4682 2136 4732 tescerent.
2169 4673 2461 4744 Propterea
2488 4672 2679 4728 beatus
2702 4667 2833 4722 dicit
2852 4663 3018 4719 David
3053 4681 3066 4717 :
3099 4682 3118 4714 ι
3145 4661 3263 4718 Νου
3284 4679 3417 4719 con-

147 4758 255 4826 τῆς
300 4762 598 4830 καταφανῆ
633 4761 866 4828 γίγνοιτο
896 4761 965 4815 τὰ
1000 4765 1365 4835 πραττόμενα.
1400 4766 1499 4821 Διὰ
1533 4768 1689 4823 τοῦτο
1718 4772 1742 4825 ὁ

1844 4768 2138 4823 fundentur
2163 4781 2285 4820 cum
2314 4760 2852 4835 loquenturinimicis
2877 4759 2992 4816 suis
3017 4756 3070 4811 in
3102 4758 3276 4829 portis
3293 4756 3337 4787 ἰ
3365 4772 3411 4808 ε»

148 4852 442 4920 μακάριος
491 4850 643 4919 λέγει
679 4853 867 4906 Δαυῖδ·
901 4872 919 4905 ι
959 4855 1034 4907 υύ
1077 4858 1628 4930 καταισχυνθήσονται
1668 4862 1742 4915 ὅτ’

1843 4863 1971 4931 quia
2015 4860 2088 4917 ibi
2130 4857 2515 4927 responsiones
2565 4853 2768 4909 exteris
2809 4853 3033 4908 dabant.
3079 4853 3208 4907 Item
3242 4867 3257 4902 :
3296 4864 3315 4898 ι
3351 4845 3416 4900 Et

146 4939 219 4990 ἂν
255 4938 475 4991 λαλῶσι
498 4943 632 5003 τοῖς
667 4942 878 5013 ἐχθροῖς
928 4944 1105 4997 αὐτῶν
1134 4946 1193 4999 ἐν
1230 4946 1425 5011 πύλαις
1447 4962 1461 4976 ·
1506 4967 1525 5001 ι
1558 4951 1742 5025 ἐπειδὴ

1845 4951 2159 5024 garriebant
2186 4948 2450 5005 adversus
2466 4962 2551 5003 me
2580 4947 2673 5018 qui
2697 4947 2960 5003 sedebant
2999 4945 3051 4999 in
3082 4949 3237 5014 porta
3260 4941 3304 4972 ⁵⁸
3331 4955 3346 5004 ;
3392 4958 3409 4988 ι

146 5029 358 5082 αὐτόθι
374 5031 471 5093 τὰς
490 5032 811 5102 ἀποκρίσεις
824 5035 922 5098 τάς
936 5037 1070 5107 πρὸς
1088 5038 1213 5100 τούς
1229 5038 1420 5106 {Ernest
1449 5042 1742 5096 ἐποιοῦντο·

1846 5033 2034 5113 utpote
2063 5040 2156 5112 qui
2182 5039 2498 5111 plerumque
2524 5037 2635 5093 illic
2660 5049 2835 5094 castus
2869 5052 3001 5093 suos
3029 5035 3227 5090 habere
3266 5031 3411 5086 sole-

146 5142 165 5169 ι
204 5124 331 5175 Καὶ
367 5123 689 5195 saeuum
718 5126 836 5178 κατ’
858 5128 990 5198 ἐμοῦ
1028 5131 1074 5182 οί
1106 5129 1401 5202 καθήμενοι
1430 5135 1488 5187 ὲν
1522 5134 1695 5206 πύλῃ·
1725 5155 1742 5186 ι

1847 5134 1997 5190 bant.
2054 5132 2180 5188 Pari
2219 5146 2366 5188 nunc
2396 5131 2555 5186 modo
2593 5138 2884 5201 arguentes
2916 5131 2969 5183 in
3021 5126 3198 5196 portis
3254 5123 3409 5182 dicit.

144 5213 227 5277 ὡς
274 5214 475 5267 αὐτόθι
520 5215 617 5279 τὰς
660 5217 918 5281 πλείστας
962 5220 1228 5275 εἰωθότων
1264 5223 1441 5277 αὐτῶν
1478 5225 1742 5280 ποιεῖσθαι

1848 5225 2007 5297 quasi
2058 5224 2133 5280 ibi
2162 5232 2417 5297 curarent
2455 5223 2727 5294 prophetae
2758 5220 3061 5276 voluntates
3094 5215 3186 5271 Dei
3217 5213 3412 5286 praedi-

142 5304 450 5366 συνόδους.
498 5306 601 5359 Τὸν
640 5308 797 5361 αὐτὸν
822 5309 886 5381 δὴ
918 5311 1117 5381 τρόπον
1153 5312 1384 5368 ἐνταῦθα
1411 5315 1536 5381 τοὺς
1561 5317 1619 5370 ἐν
1646 5318 1742 5371 πύ-

1855 5332 2014 5381 care,
2040 5316 2133 5371 ubi
2153 5316 2367 5372 cunctis
2389 5331 2510 5387 quae
2538 5314 2856 5370 dicebantur
2878 5308 3163 5364 manifesta
3190 5307 3411 5365 fiebant.

145 5396 278 5461 λαις
314 5397 652 5467 ἐλέγχοντας
692 5398 860 5466 λέγει,
883 5400 959 5464 ὡς
997 5400 1063 5455 ἂν
1100 5402 1205 5456 τῶν
1234 5406 1527 5476 προφητῶν
1564 5407 1742 5462 αὐτόθι

1856 5423 2033 5480 neque
2045 5394 2254 5465 civibus
2276 5416 2509 5473 tantum,
2522 5420 2709 5463 verum
2728 5403 2890 5459 etiam
2906 5402 3110 5457 exteris
3126 5400 3171 5457 si
3195 5397 3413 5469 quando

141 5490 213 5541 τά
245 5486 414 5540 κατὰ
456 5487 681 5559 γνώμην
721 5489 871 5543 θείαν
903 5492 1187 5563 κηρύττειν
1222 5496 1403 5560 αὐτοῖς
1424 5499 1742 5554 ἐσπουδακό-

1860 5499 1928 5555 ad
1958 5500 2145 5555 urbem
2175 5501 2444 5555 venirent.
2472 5497 2673 5553 Deinde
2704 5494 2760 5549 in
2792 5492 3161 5563 sequentibus,
3181 5491 3247 5544 de
3301 5489 3374 5541 ini
3398 5515 3413 5527 -

144 5598 289 5632 των·
335 5580 471 5633 ἔνθα
504 5581 568 5653 δὴ
612 5582 707 5635 καὶ¹
738 5586 898 5657 πᾶᾳιν
940 5585 1146 5653 ἐγίνετο
1183 5589 1464 5661 καταφανῆ
1505 5590 1573 5646 τά
1595 5590 1742 5662 λεγό-

1854 5585 2158 5664 quitatibus
2219 5590 2329 5648 illis
2368 5590 2630 5661 loquitur,
2682 5600 2820 5657 quas
2864 5592 2919 5641 et
2968 5592 3125 5640 antea
3178 5580 3411 5635 dixerat.

223 5760 275 5792 "
326 5759 486 5816 Psal.
529 5776 719 5828 cxxvi,
760 5764 811 5819 5.
890 5766 933 5797 "
974 5764 1116 5823 Psal.
1151 5782 1343 5833 vam,
1391 5767 1473 5822 15.
