3976 6226
459 363 567 419 275

1625 371 1977 429 THEODORI
2019 372 2497 429 MOPSUESTENI

3581 368 3693 425 276

465 501 484 532 ι
527 482 755 549 Idcirco,
787 498 888 553 pro
906 499 972 537 eo
1006 485 1149 554 quod
1204 502 1387 558 pugno
1424 502 1713 559 pauperem
1748 493 2019 561 percutie-

2135 510 2280 563 μενα,
2313 494 2373 547 ού
2412 496 2523 557 τοῖς
2556 492 2774 555 οἰκείοις
2805 495 2983 563 μόνον,
3015 491 3148 546 ἀλλὰ
3193 493 3283 544 καὶ
3320 492 3429 554 τοῖς
3465 490 3692 558 ἔξωθεν,

460 576 693 636 batis,et
722 573 864 628 dona
892 577 1062 631 electa
1088 579 1385 647 accepistis
1417 580 1485 634 ab
1517 595 1604 647 eo,
1627 582 1822 638 domos
1874 584 2021 637 laevi-

459 675 587 737 gato
639 666 812 734 lapide
863 668 1199 733 aedilicastis,
1256 671 1311 724 in
1356 673 1436 727 eis
1494 688 1604 727 non
1646 673 2018 729 h—abitabitis:

460 758 647 811 vineas
662 756 1045 814 desiderabiles
1072 759 1377 829 plantastls,
1407 772 1462 817 et
1490 762 1672 816 viuum
1696 778 1883 817 carum
1913 779 2019 818 non

462 847 679 902 bihetis.
719 868 737 900 ι
780 849 1046 915 Quoniam
1073 853 1213 905 mala
1258 853 1588 922 pauperibus
1618 854 1914 917 indixistis.
1969 864 2024 910 et

462 954 653 993 eorum
672 956 899 1011 quaeque
911 943 1109 1012 optima
1130 946 1455 1014 diripuistis,
1472 947 1722 1018 aedesque
1744 948 2022 1018 speciosas

463 1045 529 1085 ex
565 1032 765 1099 injusta
807 1034 1189 1103 eompilatione
1232 1034 1578 1100 aediﬁcastis,
1603 1051 1817 1091 necnon
1864 1052 2024 1107 agros

465 1119 636 1172 multa
666 1120 952 1175 sedulitate
975 1123 1327 1190 excoluistis;
1363 1126 1531 1194 probe
1560 1128 1756 1181 scitote
1790 1141 1887 1183 vos
1941 1128 2024 1184 his

464 1224 589 1264 cum
624 1212 889 1281 injustitia
908 1214 1192 1283 acquisitis
1213 1230 1322 1270 non
1357 1214 1653 1271 fruituros:
1685 1232 1810 1272 nam
1844 1233 1943 1272 nec
1971 1218 2024 1272 in

467 1300 578 1355 illis
624 1300 873 1357 domibus
926 1305 1335 1373 permanebitis,
1391 1322 1567 1376 neque
1601 1322 1668 1362 ex
1711 1308 2025 1378 hujusmodi

467 1392 611 1461 agris
640 1392 820 1463 Fruges
848 1396 1181 1465 percipietis.

2116 586 2265 650 ὅπως
2305 588 2433 641 ποτὲ
2482 588 2564 650 είς
2597 588 2696 657 τὴν
2745 587 2899 642 πόλιν
2944 586 3388 657 ἀφικνουμένοιςο
3426 580 3545 638 εἶτα
3592 587 3691 638 καὶ

2118 677 2348 748 καθεξῆς
2378 679 2474 743 τὰς
2511 679 2855 750 παρανομίας
2876 678 3047 748 λέγων
3069 679 3298 741 ἐκείνας,
3320 676 3385 738 ἃς
3406 676 3501 730 καὶ
3527 678 3685 746 πρόσ-

2119 764 2210 819 θεν
2259 768 2505 839 εἰρήκειο
2551 786 2571 819 ι
2606 768 2703 820 Διά
2738 768 2894 822 τοῦτο
2935 769 3052 822 ἀνθ’
3099 762 3173 822 ὧν
3220 767 3688 829 κατεκονδυλῖζετε

2120 862 2353 930 πτωχὸν,
2373 863 2465 915 καὶ
2478 861 2625 933 δῶρα
2642 863 2873 916 ἐκλεκτά
2888 862 3136 928 ἐδέξασθε
3153 864 3279 934 παρ’
3301 862 3485 925 αὑτοῦ,
3507 862 3693 924 οἴκους

2119 949 2337 1015 ξεστοὺς
2363 950 2762 1023 ᾠκοδομήσατε,
2792 953 2886 1006 καὶ
2904 953 2964 1005 οὐ
2997 954 3071 1023 μὴ
3096 953 3352 1023 οίκήσητε
3385 952 3443 1003 ἐν
3469 952 3655 1011 αὑτοῖς
3672 966 3690 981 ο

2119 1040 2444 1110 ἀμπελῶνας
2470 1041 2835 1114 ἐπιθυμητοὺς
2857 1042 3209 1112 ἐφυτεύσατε,
3231 1043 3325 1095 καὶ
3346 1042 3407 1095 οὐ
3437 1040 3512 1112 μὴ
3528 1042 3693 1111 πίητε

2120 1129 2211 1183 τὸν
2240 1125 2381 1185 οἶνον
2410 1130 2605 1186 αὐτῶν.
2648 1151 2668 1185 ι
2714 1133 2930 1203 Ἐπειδὴ
2963 1132 3275 1205 ἐπετρίϐετε
3305 1133 3403 1204 μὲν
3421 1135 3531 1195 τοῖς
3552 1149 3696 1185 πτω-

2122 1222 2237 1290 χοῖς
2275 1220 2344 1274 τά
2394 1222 2560 1287 κακά,
2594 1222 2662 1276 τὰ
2700 1222 2959 1277 κάλλιστα
2993 1223 3048 1276 δὲ
3087 1222 3194 1275 τῶν
3232 1224 3358 1293 παρ’
3398 1222 3581 1286 αὐτοῖς
3627 1220 3700 1274 δι’

2126 1312 2388 1383 ἁρπαγῆς
2434 1313 2763 1385 ποιούμενοι,
2815 1315 2996 1378 οίκους
3037 1332 3097 1368 τε
3148 1316 3441 1386 εὐπρεπεῖς
3487 1314 3551 1367 ἐκ
3593 1313 3697 1384 τῆς

2128 1401 2312 1455 ἀδίκου
2346 1405 2782 1459 κατεσκευάσατε
2817 1406 3098 1477 συλλογῆς,
3132 1406 3225 1475 κα.)⁸
3254 1405 3318 1477 δὴ
3356 1406 3448 1458 καλ⁵
3490 1402 3698 1472 ἀγροὺς

471 1472 609 1552 μετά
654 1485 853 1555 πολλῆς
899 1486 1283 1560 ἐξειργάσασθε
1331 1489 1428 1560 τῆς
1464 1491 1807 1561 ἐπιμελείας
1834 1487 1892 1546 εὖ
1933 1491 2045 1545 ίστε
2078 1492 2154 1557 ὡς
2194 1495 2294 1547 ούκ
2336 1496 2669 1549 ἀπολαύσετε
2702 1497 2808 1551 τῶν
2847 1472 3109 1563 οὕτωςέξ
3149 1472 3359 1559 ἀδικίας
3394 1510 3700 1565 περιγεγο-

468 1576 635 1629 νότων
669 1579 827 1647 ὑμῖν)
867 1578 988 1632 οὔτε
1029 1581 1137 1651 γὰρ
1173 1580 1268 1634 ἐπὶ
1289 1581 1398 1635 τῶν
1424 1582 1587 1637 οίκων
1622 1585 1839 1654 μενεῖτε
1866 1583 2107 1648 ἐκείνων,
2142 1587 2265 1641 οὔτε
2297 1588 2395 1658 μὲν
2420 1589 2542 1651 τοὺς
2583 1586 2688 1641 τῶν
2715 1586 2967 1641 τοιούτων
2994 1586 3176 1659 ἀγρῶν
3203 1585 3522 1651 ύποδέξεσθε
3561 1598 3702 1655 καρ-

470 1669 624 1732 πούς.

542 1766 707 1823 Vens.
755 1767 940 1822 1245.
986 1799 1055 1808 —-
1103 1787 1122 1820 ι
1169 1768 1305 1834 Quia
1330 1771 1556 1839 cognovi
1614 1772 1783 1825 multa
1813 1772 2025 1828 scelera

2197 1769 2344 1841 Στίχ.
2393 1768 2579 1839 ιβ’-ιεη
2625 1799 2693 1809 -
2741 1788 2760 1821 ι
2798 1769 2922 1823 Ὅτι
2975 1767 3148 1837 ἔγνων
3196 1766 3396 1829 πολλὰς
3442 1764 3704 1827 ἀσεϐείας

473 1869 674 1919 vestra.
700 1867 757 1915 et
798 1861 983 1931 gravia
1036 1870 1259 1933 peccata
1313 1871 1494 1918 vestra
1548 1883 1562 1919 :
1611 1865 1882 1934 justitiam
1937 1880 2032 1920 vos

473 1952 882 2014 conculcantes,
905 1953 1235 2023 accipientes
1266 1962 1421 2024 pacta
1449 1955 1641 2025 pretia,
1682 1971 1947 2026 pauperes
1978 1958 2032 2012 in

472 2044 653 2113 portis
678 2042 1062 2113 deprimentes.
1117 2064 1137 2097 ι
1167 2043 1321 2099 Haud
1354 2060 1439 2101 me
1467 2046 1599 2101 latet
1631 2046 1921 2101 multitudo
1969 2061 2034 2101 ac

472 2133 790 2203 magnitudo
817 2134 1082 2189 scelerum
1113 2141 1165 2189 et
1197 2143 1544 2206 peccatorum
1577 2142 1905 2199 vestrorum,
1938 2152 2034 2190 ne-

473 2237 581 2292 que
598 2224 741 2292 quod
773 2237 996 2279 munera
1026 2237 1148 2277 cum
1165 2222 1385 2292 justitia
1407 2224 1809 2289 commutastis,
1832 2225 2033 2297 quibus

474 2316 730 2385 acceptis,
758 2328 1056 2384 pauperum
1078 2314 1283 2383 judicia
1316 2323 1507 2369 contra
1524 2317 1801 2371 veritatem
1830 2332 2033 2387 praeva-

473 2404 628 2458 ricati
664 2404 817 2459 estis.
862 2404 1038 2473 Atque
1070 2402 1163 2458 hic
1189 2403 1349 2456 etiam
1394 2400 1673 2473 portarum
1707 2405 2032 2459 mentionem

475 2496 676 2561 intulit,
701 2494 858 2565 juxta
892 2494 1039 2565 quod
1090 2503 1250 2549 antea
1288 2495 1545 2550 diximus.
1592 2513 1612 2546 ι
1649 2494 1774 2550 Ideo
1823 2497 1913 2566 qui
1953 2496 2032 2550 in-

476 2587 690 2659 telligit,
728 2596 972 2657 tempore
1000 2587 1093 2640 illo
1127 2586 1346 2651 tacebit,
1409 2588 1534 2655 quia
1567 2594 1780 2656 tempus
1833 2588 2033 2642 malum

474 2688 577 2734 est.
640 2698 659 2729 ι
703 2677 842 2749 Ergo
874 2693 996 2733 cum
1032 2692 1190 2747 prmia
1238 2678 1522 2731 minaciter
1582 2678 1732 2733 vobis
1779 2677 2033 2749 pra'dicta

476 2770 773 2831 advenerit,
826 2768 865 2822 ii
909 2768 1000 2838 qui
1052 2768 1349 2837 intelligere
1411 2775 1571 2837 prout
1618 2782 1717 2837 par
1762 2768 1920 2841 118
1950 2776 2035 2823 est

475 2858 675 2921 sciunt,
706 2858 969 2912 malorum
988 2856 1150 2911 veluti
1175 2856 1543 2926 magnitudine
1562 2855 1797 2921 attoniti,
1826 2855 2034 2912 malunt

475 2949 747 3005 silentium
777 2948 938 3012 tueri,
964 2956 1178 3016 tempus
1225 2946 1328 3001 hoc
1354 2960 1477 3001 esse
1502 2955 1755 3018 putantes
1778 2963 1889 3016 quo
1942 2947 2033 3001 illa

479 3041 634 3110 longe
677 3047 802 3093 ante
861 3038 1119 3109 praedicta
1184 3045 1445 3092 eventura
1503 3046 1679 3093 erant.
1737 3058 1755 3090 ι
1797 3037 2033 3103 Quzerite

2133 1860 2303 1930 ὑμῶν,
2327 1860 2417 1912 καὶ
2445 1859 2657 1931 ἰσχυραὶ
2680 1861 2733 1913 αἱ
2751 1858 3013 1930 ἁμαρτίαι
3046 1860 3075 1911 ὑ
3085 1857 3218 1929 μῶν,
3250 1856 3701 1918 καταπατοῦντες

2129 1950 2191 2004 τὸ
2214 1950 2438 2015 δίκαιον,
2471 1950 2833 2021 λαμϐάνοντες
2858 1948 3202 2017 άλλάγματα,
3236 1946 3331 2000 καὶ
3362 1946 3602 2014 πένητας
3640 1948 3702 1997 ἐν

2132 2041 2327 2107 πύλαις
2353 2042 2709 2105 ἐκκλίνοντες.
2748 2059 2769 2094 ι
2814 2041 2948 2094 οὐδὲ
2975 2040 3083 2112 γάρ
3114 2058 3180 2112 με
3204 2038 3425 2109 λέληθεν
3453 2038 3518 2090 τὸ
3560 2036 3699 2106 πλῆέ

2134 2134 2225 2197 θος
2251 2134 2345 2187 καὶ
2376 2132 2436 2186 τὸ
2469 2131 2693 2203 μέγεθος
2727 2130 2836 2184 τῶν
2876 2147 2935 2182 τε
2965 2129 3225 2185 ἀσεϐειῶν
3265 2126 3491 2180 καὶτῶν
3519 2127 3710 2196 ἀμαρ-

2130 2224 2259 2278 τιών
2301 2224 2409 2277 τῶν
2442 2222 2722 2293 ὑμετέρων
2742 2239 2755 2252 ”
2784 2220 2896 2275 οὔθ’
2938 2222 3020 2275 ὅτι
3060 2220 3121 2273 τὸ
3152 2220 3359 2273 δίκαιον
3396 2217 3701 2288 ἀντηλλάτ-

2128 2315 2287 2371 τεσθε
2325 2315 2650 2387 χρημάτων
2683 2314 2756 2384 (p.
2790 2312 2912 2381 l78)
2952 2311 2989 2366 ἃ
3041 2311 3189 2383 παρά
3213 2311 3319 2363 τῶν
3370 2310 3703 2365 ἀδικούντων

2136 2406 2511 2477 κομιζόμενοι,
2545 2406 2643 2469 τὰς
2689 2405 2798 2458 τῶν
2830 2404 3076 2476 πενήτων
3106 2403 3317 2474 κρίσεις
3366 2404 3445 2467 είς
3473 2402 3703 2454 τούναν-

2131 2498 2242 2551 τίον
2291 2498 2544 2569 ὲτρέπετε
2595 2497 2697 2566 τῆς
2751 2495 3035 2567 ἀληθείαςο
3068 2492 3341 2549 κάνταῦθα
3372 2492 3429 2546 δέ
3488 2492 3549 2546 τὸ
3592 2511 3611 2542 ι
3639 2492 3710 2545 ἐν

2132 2588 2324 2653 πύλαις
2347 2609 2365 2641 ι
2389 2587 2741 2661 προσέθηκεν.
2762 2586 2974 2642 κατὰτὸ
2991 2586 3219 2659 πρόσθεν
3238 2584 3523 2656 εἰρημένον
3543 2584 3699 2654 ἡμῖν.

2140 2701 2157 2733 ι
2186 2679 2284 2733 Διά
2326 2679 2482 2732 τοῦτο
2518 2680 2546 2731 6
2580 2677 2774 2733 συνιὼν
2801 2680 2859 2732 ἐν
2910 2677 2988 2748 τῷ
3044 2676 3218 2748 καιρῷ
3261 2674 3453 2744 ἐκείνῳ
3489 2672 3702 2740 σιωπή·

2136 2788 2315 2828 σεται·
2337 2770 2417 2825 ὅτι
2444 2771 2631 2842 καιρὸς
2664 2770 2895 2842 πονηρός
2914 2770 3047 2823 ἐστι.
3080 2787 3102 2821 ι
3146 2765 3495 2836 Ἐπαχθείσης
3519 2763 3704 2817 τοίνυν

2131 2861 2231 2932 τῆς
2250 2862 2640 2932 ἀπειλουμένης
2668 2862 2933 2933 τιμωρίας
2965 2862 3110 2931 ὑμῖν,
3136 2860 3371 2920 ἅπαντες
3410 2856 3460 2910 oi
3491 2855 3551 2908 τὸ
3579 2855 3713 2907 δέον

2138 2952 2385 3006 συνιέναι
2420 2947 2523 3006 οἷοί
2568 2970 2629 3007 τε
2683 2952 2856 3016 ὄντες,
2897 2952 3086 3022 ὥσπερ
3120 2950 3557 3019 ἐκπεπληγμένοι
3608 2947 3706 3001 ἐπὶ

2134 3042 2211 3113 τῷ
2250 3042 2469 3112 μεγέθει
2502 3043 2610 3097 τῶν
2643 3042 2848 3106 κακῶν,
2876 3042 3117 3107 ἀξιοῦσιν
3145 3040 3370 3112 ἡσυχίαν
3405 3040 3663 3109 παρεῖναι
3684 3076 3707 3099 ,

481 3132 676 3187 bonum
709 3138 763 3185 et
796 3144 905 3184 non
936 3129 1159 3196 malum,
1185 3135 1245 3182 ut
1272 3129 1500 3195 vivatis;
1534 3136 1587 3184 et
1614 3130 1694 3183 sic
1721 3130 1821 3185 erit
1853 3129 2034 3184 vobis-

2136 3132 2227 3184 τὸν
2259 3131 2449 3202 καιρὸν
2486 3130 2844 3203 ὑπειληφότες
2895 3131 3017 3184 καθ’
3044 3130 3103 3183 ὃν
3153 3127 3370 3182 ἔσεσθαι
3416 3125 3709 3199 πόρρωθεν

479 3237 601 3275 cum
662 3219 918 3276 Dominus
957 3220 1097 3277 Deus
1164 3221 1530 3290 omnipotens.
1584 3219 1738 3275 Sicut
1797 3220 2036 3285 dixistis,

478 3313 624 3369 odite
666 3314 865 3368 malum
914 3321 969 3368 et
1012 3311 1223 3382 diligite
1272 3312 1492 3377 bonum,
1558 3319 1612 3368 et
1650 3311 1919 3367 restituite
1983 3311 2038 3365 in

477 3404 649 3479 portis
698 3403 1010 3473 judicium:
1073 3412 1131 3458 ut
1194 3403 1515 3459 misereatur
1580 3402 1840 3457 Dominus
1897 3401 2039 3458 Deus

477 3497 819 3568 omnipotens
889 3495 1239 3566 reliquiarum
1294 3494 1538 3565 Iosephi.
1574 3513 1593 3545 ›
1658 3492 2038 3549 Verumtamen

478 3586 721 3658 quandiu
759 3594 971 3658 tempus
1029 3595 1300 3658 superest,
1328 3587 1556 3643 consulo
1601 3586 1755 3640 vobis
1788 3585 2040 3639 omnibus

481 3687 542 3733 ut
573 3694 605 3734 a
632 3679 765 3734 vitio
810 3679 1095 3743 recedatis,
1128 3687 1185 3735 et
1218 3681 1470 3735 virtutem
1493 3678 1916 3748 amplectamini.
1947 3676 2053 3733 Sic

478 3771 623 3827 enim
652 3771 811 3845 vobis
832 3772 1110 3843 continget
1155 3771 1517 3842 prosperitate
1574 3771 1704 3837 frui,
1744 3768 1853 3825 Deo
1884 3785 2038 3826 suam

472 3864 768 3927 praestante
814 3862 1060 3926 tutelam,
1122 3869 1405 3932 prapterea
1454 3860 1605 3931 quod
1648 3861 1874 3916 honesto
1918 3867 2037 3916 stu-

480 3950 692 4015 dentes,
718 3966 748 4003 a
768 3951 1034 4008 deteriore
1049 3952 1135 4007 via
1158 3953 1427 4009 resilistis.
1453 3951 1519 4007 Et
1548 3953 1594 4007 si
1619 3960 1800 4008 vetere
1834 3961 2039 4007 mutata

480 4043 746 4099 sententia
794 4045 849 4097 in
913 4044 1086 4113 portis
1144 4059 1293 4099 more
1346 4045 1507 4100 solito
1554 4044 1707 4112 justa.
1759 4046 2041 4103 volueritis

480 4149 735 4190 exercere
784 4135 1009 4205 judicia,
1046 4136 1457 4205 ‘consequemini
1510 4136 1748 4193 divinam
1800 4139 2043 4194 clemen-

479 4226 633 4293 tiam,
670 4241 792 4297 quze
844 4227 1107 4297 plurimos
1146 4236 1384 4282 vestrum
1435 4226 1683 4283 salvabit.
1744 4226 2039 4299 Josephum

480 4325 657 4373 autem
713 4318 801 4373 hic
843 4318 977 4373 dicit
1014 4318 1198 4374 decem
1262 4318 1457 4380 tribus.
1508 4334 1540 4374 a
1580 4321 1848 4391 praecipua
1898 4323 2041 4377 inter

482 4408 625 4475 illas,
653 4407 926 4479 Ephraimi
951 4408 1095 4475 dico,
1113 4409 1208 4479 qui
1234 4408 1376 4465 illius
1400 4409 1620 4481 Josephi
1656 4410 1778 4466 fuit.

2143 3222 2452 3293 μεμήνυται
2478 3223 2672 3277 ταῦτα.
2712 3241 2731 3275 ι
2780 3220 3148 3292 Ἐκζητήσατε
3176 3219 3237 3273 τὸ
3264 3217 3447 3281 καλὸν,
3487 3218 3585 3271 καὶ
3626 3217 3710 3287 μὴ

2138 3315 2200 3367 τὸ
2254 3315 2507 3385 πονηρὸν,
2570 3315 2717 3379 ὅπως
2767 3313 3003 3385 ζήσητεο
3046 3312 3138 3365 καὶ
3190 3310 3340 3363 ἔσται
3380 3310 3496 3380 μεθ’
3546 3309 3708 3378 ὑμῶν

2139 3404 2310 3467 οὕτως
2367 3404 2567 3475 Κύριος
2616 3406 2645 3458 6
2700 3403 2831 3468 Θεὸς
2865 3405 2895 3458 6
2938 3402 3350 3473 παντοκράτωρ,
3392 3400 3454 3453 ὃν
3500 3399 3711 3470 τρόπον

2140 3498 2327 3551 εῐπατε
2350 3515 2365 3530 ·
2403 3498 2806 3569 Μεμισήκαμεν
2832 3497 2902 3551 τὰ
2945 3496 3177 3568 πονηρά,
3215 3496 3309 3549 καὶ
3334 3496 3707 3567 ἠγαπήκαμεν

2140 3588 2209 3643 τὰ
2257 3587 2418 3652 καλὰ,
2478 3588 2574 3642 καὶ
2609 3588 3093 3659 ἀποκαταστήσατε
3147 3588 3205 3641 ἐν
3258 3586 3451 3649 πύλαις
3504 3588 3707 3657 κρῖμα,

2139 3679 2287 3743 ὅπως
2315 3679 2511 3753 ἐλεήσῃ
2539 3679 2743 3750 Κύριος
2768 3682 2797 3733 6
2827 3679 2959 3743 Θεὸς
2982 3679 3011 3731 6
3038 3678 3428 3751 παντοκράτωρ
3455 3679 3584 3741 τοὺς
3606 3696 3709 3732 κα-

2140 3768 2427 3833 ταλοίπους
2457 3769 2552 3823 τοῦ
2592 3770 2813 3841 Ἰωσήφ.
2852 3788 2871 3821 ι
2923 3768 3083 3823 Ἀλλά
3129 3769 3238 3842 γὰρ
3284 3770 3341 3823 ἐν
3371 3770 3479 3838 ὅσῳ
3510 3767 3708 3822 τούτου

2141 3862 2349 3933 καιρὸς,
2407 3860 2755 3933 συμϐουλεύω
2800 3863 2963 3916 πᾶσιν
3004 3864 3302 3931 ἀποστῆναι
3334 3862 3429 3932 μὲν
3460 3860 3557 3913 τοῦ
3587 3860 3708 3931 χεί-

2143 3970 2311 4026 ρονος,
2338 3953 2551 4010 ἑλέσθαι
2573 3952 2629 4006 δὲ
2653 3953 2715 4007 τὸ
2741 3956 2986 4026 κρεῖττον
3005 3970 3020 3983 ο
3053 3952 3197 4006 οὕτω
3225 3952 3332 4025 γάρ
3368 3953 3496 4022 ύμῖν
3532 3968 3710 4028 προσ-

2140 4045 2291 4099 έσται
2321 4043 2427 4098 τῶν
2452 4043 2669 4113 ἀγαθῶν
2700 4045 2734 4117 ἠ
2758 4044 3079 4111 ἀπόλαυσις,
3103 4043 3198 4098 τοῦ
3220 4043 3352 4097 Θεοῦ
3375 4042 3472 4115 τὴν
3493 4041 3710 4096 οἰκείαν

2141 4136 2470 4208 παρέχοντος
2510 4136 2855 4207 κηδεμονίαν,
2899 4136 3039 4207 ὑπὲρ
3072 4129 3148 4190 ὧν
3180 4136 3422 4206 ἑλόμενοι
3443 4134 3514 4188 τὰ
3540 4135 3709 4199 καλὰ,

2140 4228 2521 4300 ἀπεστράφητε
2564 4230 2633 4282 τά
2662 4228 2864 4299 χείρωο
2898 4228 2992 4283 καὶ
3033 4227 3174 4298 εἴγε
3202 4229 3301 4298 τὴν
3335 4226 3576 4281 παλαιὰν
3608 4227 3711 4283 ἀλ-

2140 4319 2398 4387 λάξαντες
2437 4320 2695 4391 γνώμην,
2751 4322 2810 4374 ἐν
2836 4321 2957 4383 ταῖς
2999 4318 3197 4382 πύλαις
3239 4316 3377 4371 κατά
3419 4316 3482 4369 τὸ
3512 4316 3711 4383 εἰωθὸς

2138 4410 2241 4475 τὰς
2274 4412 2480 4482 κρίσεις
2513 4410 2722 4465 ἐθέλετε
2754 4409 3020 4464 ποιεῖσθαι
3055 4409 3289 4471 δικαίας,
3323 4404 3577 4472 τεύξεσθε
3608 4409 3712 4478 τῆς

482 4499 633 4563 θείας
673 4499 1075 4572 φιλανθρωπίας
1116 4502 1524 4575 περισωζούσης
1567 4503 1720 4575 ὑμῶν
1768 4505 1894 4566 τοὺς
1928 4504 2249 4566 πλείστουςο
2298 4504 2385 4574 (p.
2436 4502 2573 4574 n9)
2623 4502 2816 4574 Ἰωσὴφ
2860 4498 2918 4555 δέ
2958 4500 3189 4555 ἐνταῦθα
3236 4500 3333 4565 τάς
3375 4500 3507 4555 δέκα
3558 4499 3713 4570 λέγει

483 4591 673 4663 φυλάς,
702 4593 809 4647 ἀπὸ
843 4594 939 4664 τῆς
967 4593 1274 4666 ἡγουμένης
1306 4597 1365 4648 ἐν
1400 4590 1612 4661 αὐτοῖς,
1637 4596 1736 4675 τῆς
1763 4595 1856 4649 τοῦ
1902 4595 2138 4667 Ἐφραῒμ
2162 4594 2403 4665 λέγωλὸς
2428 4588 2497 4664 ἦν
2518 4594 2633 4658 υίὸς
2663 4593 2756 4647 τοῦ
2793 4594 3007 4666 Ἰωσήφ.

554 4685 717 4740 Vsus.
750 4685 937 4740 16-18.
969 4714 1038 4726 -
1073 4705 1092 4737 ι
1128 4684 1417 4756 Propterea
1456 4686 1585 4741 dicit
1611 4686 1870 4743 Dominus
1899 4686 2035 4742 Deus

2217 4687 2364 4756 Στίχ.
2397 4691 2589 4766 ις’-ιηξ,
2616 4714 2686 4726 -
2716 4703 2735 4736 ι
2771 4686 2869 4739 Διὰ
2914 4685 3072 4738 τοῦτο
3099 4683 3224 4738 τάδε
3267 4684 3413 4754 λέγει
3454 4684 3659 4757 Κύριος
3681 4688 3714 4741 6

481 4777 828 4848 omnipotens
885 4797 899 4832 :
961 4776 1022 4833 In
1049 4780 1307 4835 omnibus
1357 4780 1552 4850 plateis
1582 4780 1944 4849 planctus,et
1989 4782 2046 4835 in

484 4872 736 4927 omnibus
774 4870 877 4927 viis
917 4870 1127 4927 dicetur
1167 4871 1499 4937 lamentatio,
1567 4874 1687 4927 vae!
1712 4874 1831 4927 vae!
1866 4893 1886 4926 ι
1940 4872 2048 4929 Sed

481 4964 609 5035 quia
646 4963 928 5034 praedictas
953 4961 1278 5018 monitiones
1310 4964 1463 5035 pensi
1491 4978 1599 5018 non
1627 4963 1914 5030 habuistis,
1963 4965 2047 5023 lae

483 5056 871 5111 mentationum
897 5069 960 5108 ac
996 5054 1306 5124 planctuum
1343 5057 1499 5125 plena
1536 5054 1642 5113 erit
1693 5055 1825 5110 urbs
1854 5063 1909 5111 et
1957 5070 2048 5111 re-

484 5149 595 5218 gio,
650 5160 869 5219 propter
894 5147 1052 5204 edita:
1079 5146 1145 5201 ab
1179 5146 1427 5203 hostibus
1482 5148 1681 5219 stragis
1710 5148 2043 5219 magnitudi-

485 5255 627 5294 nem.
664 5259 682 5291 ι
717 5239 1007 5297 Vocabitur
1063 5240 1296 5313 agricola
1322 5241 1387 5295 ad
1421 5241 1624 5295 luctum
1669 5249 1723 5296 et
1752 5241 2045 5311 planctum,

485 5342 541 5387 et
586 5330 653 5384 ad
679 5331 799 5387 illos
824 5334 916 5402 qui
942 5332 1221 5389 lamentari
1273 5332 1453 5386 sciunt
1475 5375 1490 5393 .
1530 5343 1585 5388 et
1614 5334 1669 5388 in
1693 5334 1909 5389 cunctis
1945 5333 2048 5388 viis

485 5424 770 5493 planctus;
828 5426 954 5493 quia
976 5426 1219 5480 transibo
1251 5440 1345 5495 per
1375 5424 1610 5480 medium
1642 5425 1745 5489 tui,
1776 5426 1908 5481 dicit
1942 5423 2048 5477 Do-

485 5513 686 5568 minus.
727 5530 746 5565 ι
803 5512 1069 5584 Αμίιεοιω
1117 5516 1279 5571 etiam
1334 5514 1537 5569 omisso
1593 5514 1793 5585 agresti
1857 5527 2039 5591 opere,

487 5603 793 5673 planctibus
840 5604 1003 5658 variis
1059 5613 1113 5659 et
1140 5604 1374 5660 luctibus
1448 5613 1503 5659 et
1566 5604 2043 5660 lamentationibus

488 5696 915 5764 occupabuntur,
963 5695 1163 5751 editam
1202 5697 1361 5752 simul
1397 5702 1639 5768 lugentes
1682 5698 1750 5752 ab
1796 5698 2042 5752 hostibus

430 5796 431 5799 ‘
490 5795 818 5859 stragem,ct
847 5793 1004 5845 terra:
1029 5787 1540 5849 infrubctuosilateut.
1587 5788 1708 5850 llaec
1730 5799 1904 5850 autem
1940 5805 2035 5867 par

2141 4776 2275 4839 Θεὸς
2302 4778 2331 4829 6
2354 4777 2744 4847 παντοκράτωρ
2766 4790 2782 4806 ⁸
2816 4776 2905 4839 Ἐν
2922 4775 3125 4840 πάσαις
3152 4775 3428 4839 πλατείαις
3453 4777 3711 4843 κοπετὸς,

2141 4864 2237 4919 καὶ
2272 4868 2331 4919 ἐν
2378 4850 2587 4927 πάσαις
2607 4868 2728 4928 ταῖς
2778 4865 2916 4928 ὁδοῖς
2957 4864 3251 4935 ῥηθήσεται
3290 4863 3507 4936 θρῆνος,
3530 4866 3711 4932 Οὐαὶ,

2140 4957 2280 5012 οὐαί.
2320 4976 2338 5009 ι
2402 4956 2626 5031 Ἐπειδὴ
2654 4957 2711 5011 δὲ
2755 4958 2816 5011 ού
2849 4959 3053 5021 τούτων
3100 4956 3226 5028 ὑμῖν
3271 4958 3447 5028 λόγος,
3489 4958 3713 5030 θρήνων

2142 5048 2236 5103 καὶΙ
2265 5048 2507 5103 κοπετῶν
2539 5048 2689 5102 ἔσται
2720 5048 2890 5118 μεστά
2909 5049 2977 5103 τά
3003 5066 3069 5111 τε,
3091 5049 3233 5102 κατά
3261 5049 3412 5103 πόλιν
3444 5050 3539 5104 καὶ
3565 5051 3715 5107 κατά

2144 5139 2345 5211 χώραν,
2398 5141 2507 5194 ἀπὸ
2542 5139 2636 5193 τοῦ
2677 5139 2912 5210 πλήθους
2963 5141 3064 5210 τῆς
3094 5142 3384 5213 γινομένης
3441 5142 3546 5195 ὑπὸ
3596 5143 3713 5196 τῶν

2145 5234 2416 5305 πολεμίων
2442 5235 2671 5302 σφαγῆς.
2708 5251 2727 5284 ι
2762 5233 3103 5304 κληθήσεται
3127 5233 3371 5305 γεωργὸς
3396 5234 3478 5298 είς
3510 5234 3713 5298 πένθος

2145 5326 2239 5380 καὶ
2301 5328 2380 5391 είς
2431 5327 2656 5379 κοπετὸν
2710 5325 2802 5387 καὶ
2837 5327 2916 5389 είς
2952 5326 3161 5389 εἰδότας
3212 5325 3409 5398 θρῆνον
3432 5342 3447 5357 ’
3499 5326 3597 5383 καὶ
3649 5328 3714 5380 ὲν

2146 5419 2346 5481 πάσαις
2382 5417 2518 5481 ὁδοῖς
2562 5417 2821 5481 κοπετὸς·
2868 5417 3001 5471 διότι
3038 5416 3380 5488 διελεύσομαι
3421 5417 3510 5477 διὰ
3538 5417 3717 5493 μέσου

2148 5527 2263 5575 σου,
2291 5510 2438 5579 λέγει
2480 5509 2696 5580 Κύριος.
2728 5528 2746 5561 ι
2784 5510 2894 5563 Καὶ
2937 5509 3171 5580 γεωργοὶ
3192 5509 3247 5567 δὲ
3275 5510 3382 5563 τῶν
3417 5510 3559 5573 κατᾴ
3606 5510 3719 5581 γῆν

2148 5604 2406 5675 ἀφέμενοι
2432 5603 2628 5674 ἔργων,
2664 5602 2791 5674 περὶ
2831 5602 3094 5666 κοπετοὺς
3132 5602 3226 5655 καὶ
3254 5603 3421 5673 πένθη
3447 5603 3541 5655 καὶ
3577 5601 3719 5673 θρή-

2148 5714 2254 5749 νων
2304 5694 2763 5767 ἀσχοληθὴσονται
2795 5692 3087 5758 ποικιλίαν,
3136 5695 3235 5765 τήν
3262 5710 3322 5746 τε
3362 5693 3577 5772 σφαγὴν
3603 5696 3721 5760 τῶν

2150 5787 2419 5847 πολεμίων
2458 5786 2550 5840 καί
2596 5785 2689 5856 τῆς
2736 5785 2838 5857 γῆς
2869 5783 2965 5857 τὴν
3014 5784 3293 5856 ἀκαρπίαν
3331 5784 3472 5840 κατά
3514 5788 3729 5847 ταυτὸν,
