3976 6226
258 305 378 361 ετξ

1316 309 1862 368 COMMENTARIUS
1888 310 1952 364 IN
1996 311 2202 367 AMOSI
2237 311 2388 367 CAP.
2435 312 2493 367 V.

3408 314 3514 373 278

265 424 623 496 θρηνοῦντες·
661 422 832 480 ταῦτα
880 428 938 481 δὲ
980 429 1252 482 πείσονται
1297 430 1430 485 Θεοῦ
1467 433 1554 487 διὰ
1602 435 1710 488 τῶν
1738 452 1826 487 πο-

1940 433 2162 500 tientur,
2196 436 2304 491 Deo
2334 454 2427 507 per
2450 438 2655 492 medios
2691 437 2814 491 illos
2855 450 2978 489 cum
3032 440 3273 493 exercitu
3325 437 3515 493 hostili

266 514 475 585 λεμίων
507 518 586 579 εἰς
615 517 813 586 μέσους
834 519 1030 583 αῗτοὺς
1060 522 1335 586 εἰσιόντος,
1373 527 1467 578 καὶ
1501 529 1614 589 τοῖς
1654 526 1838 579 τοσού-

263 625 384 672 τοις
435 610 529 663 καὶ
562 610 904 679 τηλικούτοις
948 613 1363 684 περιϐάλλοντος
1394 621 1603 681 κακοῖς.
1650 637 1668 668 ι
1704 620 1837 672 Οὐαὶ

262 702 319 753 οἰ
369 700 761 771 ἐπιθυμοῦντες
814 702 911 773 τὴν
959 704 1175 776 ἡμέραν
1228 707 1466 778 Κυρίου·
1520 710 1615 763 καὶ
1659 711 1746 765 ἵνα
1783 710 1837 764 τί

263 796 402 865 ὑμῖν
456 795 594 867 αὑτη
652 798 686 865 ὴ
718 796 905 867 ἡμέρα
954 797 1048 850 τοῦ
1101 798 1338 869 Κυρίου;
1389 799 1483 852 καὶ
1536 799 1677 870 αὕτη
1721 802 1836 853 ἐστὶ

262 887 463 950 σκότος
503 888 599 941 καὶ
638 889 699 941 οὑ
737 888 874 957 φῶς.
919 907 938 938 ι
978 888 1192 960 Ἐπειδὴ
1230 890 1338 961 γὰρ
1379 891 1564 943 πολλοὶ
1608 890 1739 961 πρὸς
1776 891 1837 944 τὸ

260 982 451 1048 χεῖρον
476 978 757 1042 παντελῶς
784 980 1237 1052 ἐπιτετραμμένοι,
1265 981 1465 1036 ὡσανεὶ
1495 983 1836 1053 ψευδομένων

260 1076 351 1142 ἐφ’
377 1071 462 1137 οἷς
491 1076 725 1146 ἐμήνυον
751 1074 861 1127 τῶν
891 1075 1204 1146 προφητῶν,
1232 1076 1473 1145 ἐτόλμων
1509 1075 1684 1143 λέγειν
1712 1120 1725 1142 ,
1753 1077 1834 1128 ὃτι

274 1166 511 1219 Ἑλθέτω
537 1166 602 1236 δὴ
631 1166 700 1220 τά
732 1167 879 1220 κακὰ
910 1166 946 1220 ἃ
972 1167 1109 1235 φατὲ
1147 1166 1241 1221 καὶ
1274 1166 1538 1238 μηνύετε,
1579 1168 1628 1220 εἰ
1654 1167 1718 1238 δή
1750 1184 1834 1230 τις

257 1256 501 1325 ἀλήθεια
548 1256 807 1328 πρόσεστι
849 1258 961 1319 τοῖς
1018 1256 1196 1326 λόγοις
1244 1256 1425 1327 ὑμῶν’
1461 1256 1619 1309 τοῦτο
1648 1256 1793 1324 λέγει
1817 1272 1833 1287 ο

270 1350 681 1411 Ἐλεεινότατοι,
713 1350 900 1420 φησὶν,
927 1349 1052 1403 ἐστέ
1099 1350 1198 1421 τὴν
1221 1350 1434 1421 ἡμέραν
1453 1349 1528 1421 (p.
1556 1348 1675 1417 180)
1699 1349 1834 1403 ἐκεί-

256 1457 360 1509 νην
418 1439 838 1509 ἐπιζητοῦντες,
895 1442 965 1512 ἢν
987 1441 1049 1494 οὑ
1104 1441 1447 1505 πιστεύοντες
1491 1441 1831 1507 ἐλεύσεσθαι,

264 1530 479 1599 ὄψεσθε
510 1535 575 1603 τῇ
607 1532 797 1605 πείρᾳ,
838 1532 1065 1604 ζοφερὸν
1093 1534 1219 1604 ὑμῖν
1248 1532 1327 1603 τῷ
1361 1532 1556 1602 πλήθει
1590 1533 1698 1587 τῶν
1731 1551 1827 1587 καο

259 1623 380 1675 κῶν
440 1625 749 1693 ἐπάγουσαν
810 1624 1031 1688 σκότος’
1063 1620 1186 1679 εἶτα
1222 1626 1316 1679 καὶ⁸
1363 1623 1721 1695 ὑποδείγματι
1772 1624 1835 1678 τὸ

258 1714 559 1787 εἰρημένον
584 1716 961 1787 πιστούμενος.

326 1892 477 1961 Στίχ.
506 1891 708 1959 tower.
739 1921 811 1933 —
849 1910 868 1942 ι
910 1894 1006 1946 Ὃν
1042 1892 1241 1963 τρόπον
1266 1891 1361 1945 ἐὰν
1387 1892 1599 1965 ἐκφύγῃ
1624 1893 1828 1963 ἄνθρω-

257 2001 356 2046 πος
382 1986 448 2036 ἐκ
504 1982 794 2053 προσώπου
831 1983 927 2036 τοῦ
962 1983 1190 2046 λέοντος,
1225 1985 1319 2037 καὶ
1358 1985 1573 2057 ἐμπέσῃ
1601 1985 1748 2055 αύτῷ
1792 1988 1825 2055 ὴ

252 2077 495 2144 ἄρκτοςς
525 2076 623 2128 καὶ
665 2076 983 2146 εἰσπηδήσῃ
1002 2078 1081 2139 εἰς
1111 2077 1203 2129 τὸν
1230 2073 1394 2142 οἷκον,
1438 2078 1533 2129 καὶ
1563 2078 1829 2151 ἀπερείσῃ

251 2167 349 2229 τὰς
392 2169 587 2236 χεῖρας
626 2165 792 2218 αὑτοῦ
836 2167 934 2218 ἐπὶ
968 2166 1059 2219 τὸν
1109 2170 1321 2237 τοῖχον,
1361 2168 1456 2221 καὶ
1499 2167 1639 2240 δάκῃ
1667 2168 1828 2220 αὑτὸν

251 2259 371 2328 δφις
389 2274 403 2284 .
429 2258 556 2327 οὐχὶ
590 2258 782 2320 σκότος
814 2259 847 2326 ὴ
879 2256 1064 2330 ἡμέρα
1091 2258 1185 2312 τοῦ
1213 2261 1437 2331 Κυρίου,
1468 2261 1562 2315 καὶ
1589 2262 1650 2313 οὑ
1677 2260 1826 2329 φῶς;

250 2349 343 2401 καὶ
393 2349 596 2416 γνόφος
640 2348 740 2400 οὑκ
786 2347 927 2418 ἔχων
972 2350 1170 2418 φέγγος
1199 2348 1402 2423 αύτῆς;
1441 2371 1460 2403 ι
1511 2352 1590 2405 Δι’
1620 2353 1829 2406 ὑποδεί-

249 2456 463 2509 γματος
514 2438 628 2509 γάρ
658 2439 935 2510 ἠϐουλήθη
977 2441 1076 2510 τῆς
1119 2441 1333 2511 ἡμέρας
1358 2444 1461 2515 τὴν
1488 2444 1828 2515 χαλεπότητα

246 2529 541 2595 ἐπιδεῖξαι.
613 2530 702 2592 Ὠς
760 2529 869 2601 γὰρ
919 2529 974 2582 ετ
1021 2547 1124 2593 τις,
1187 2532 1352 2603 φησὶ,
1401 2534 1521 2587 καθ’
1555 2533 1676 2587 όδὸν
1729 2525 1827 2605 μὲν

246 2617 491 2681 ἀκούσας
517 2618 731 2682 λέοντος
760 2618 978 2687 ἔφοδον,
1014 2621 1105 2673 ἐπὶ
1129 2620 1228 2691 τὴν
1260 2621 1414 2674 πόλιν
1457 2622 1824 2694 καταδράμοι·

246 2709 511 2778 ἐμπεσὼν
535 2710 594 2762 δὲ
621 2712 807 2781 ἀρκτῳ
833 2709 973 2763 κατά
999 2711 1095 2782 τὴν
1119 2712 1271 2765 πόλιν
1308 2713 1434 2776 τοὺς
1458 2714 1827 2783 ἐμπίπτοντας

249 2802 651 2873 λυμαινομένῃ,
676 2804 768 2857 ἐπὶ
790 2804 889 2875 τὴν
915 2803 1092 2857 οἰκίαν
1116 2804 1450 2876 εἰσπηδήσας
1475 2807 1575 2876 τὴν
1595 2807 1824 2871 οἰκείαν,

250 2896 405 2949 λύσιν
437 2894 696 2965 εὑρέσθαι
723 2895 846 2948 τινὰ
864 2894 971 2947 τῶν
992 2894 1176 2949 κακῶν
1206 2893 1399 2969 ἐλπίζῃ
1416 2914 1428 2927 ·
1456 2892 1575 2950 εῐτά
1599 2916 1714 2961 πως
1735 2899 1826 2951 ἐπί

248 3005 355 3041 τινι
413 2988 578 3058 χρεία
626 2986 703 3057 τῷ
762 2987 925 3057 τοίχῳ
982 2988 1345 3058 προσαγαγὼν
1400 2988 1497 3060 τὴν
1537 2993 1694 3060 χεῖρα
1724 2992 1827 3061 τὴν

247 3080 480 3143 οἰνίαν,
519 3078 714 3149 ἁθρόον
752 3077 857 3130 ὑπὸ
883 3077 1061 3145 ὄφεως
1096 3078 1336 3150 δηχθείη,
1366 3080 1465 3132 οὑκ
1508 3081 1720 3153 ἀνάγκη
1747 3081 1827 3152 τῷ

1941 531 2279 593 transeunte;
2341 540 2396 583 et
2453 530 2651 584 talibus
2697 517 2970 599 tantisque
3032 531 3189 585 malis
3226 532 3512 589 obruente.

1945 635 1963 668 ι
1998 616 2088 673 Vae
2116 619 2552 676 desiderantibus
2590 623 2728 676 viam
2784 621 3031 676 Domini!
3062 622 3173 677 Cur
3203 624 3354 678 vobis
3396 624 3511 679 haec

1939 706 2056 763 dies
2107 709 2360 765 Domini?
2393 711 2515 781 lpsa
2554 712 2771 782 quidem
2803 711 2946 766 baud
2969 713 3055 766 lux
3084 720 3189 777 est,
3229 713 3389 783 119
3417 713 3513 771 sed

1938 801 2192 855 tenebrae.
2221 820 2240 852 ι
2264 801 2527 867 Quoniam
2549 803 2702 857 multi
2718 803 3048 872 improbitati
3071 820 3295 875 prorsus
3318 805 3508 871 dediti,

1939 892 2095 960 quasi
2127 891 2260 946 falsa
2303 894 2577 962 propheta:
2603 895 3049 954 vaticinarentur.
3103 896 3284 950 dicere
3334 898 3504 951 aude-

1938 982 2068 1038 bant
2096 1001 2109 1036 :
2146 982 2373 1038 Veniant
2405 999 2535 1037 sane
2557 1000 2676 1054 quae
2712 1000 2808 1039 vos
2862 984 3047 1041 dicitis
3092 1002 3155 1040 ac
3188 988 3507 1057 portenditis

1936 1071 2099 1136 mala,
2132 1071 2176 1126 si
2203 1081 2350 1127 certe
2382 1073 2559 1128 verbis
2584 1074 2781 1129 vestris
2800 1074 3046 1129 veritatis
3077 1075 3281 1144 aliquid
3318 1077 3459 1131 inest
3487 1095 3502 1143 ;

1937 1161 2013 1214 ait
2037 1178 2182 1215 nunc
2209 1164 2472 1233 propheta
2506 1182 2520 1217 :
2567 1163 2903 1220 Miserabiles
2931 1167 3173 1235 apprime
3206 1169 3363 1234 estis;
3409 1170 3503 1239 qui

1936 1251 2079 1307 diem
2110 1253 2254 1307 illam
2275 1255 2547 1325 expetitis,
2572 1271 2733 1326 quam
2756 1264 3037 1310 venturam
3068 1274 3174 1313 non
3197 1260 3503 1326 credentes,

1934 1343 2308 1412 experimento
2356 1344 2613 1400 videbitis
2650 1357 2884 1415 quantas
2930 1348 3083 1403 vobis
3113 1364 3208 1419 per
3234 1351 3499 1404 malorum

1935 1432 2336 1488 multitudinem
2360 1433 2593 1490 adducet
2618 1437 2890 1492 tenebras.
2920 1435 3123 1493 Deinde
3146 1438 3500 1495 similitudine

1934 1525 2098 1580 etiam
2121 1526 2326 1582 dictum
2348 1542 2507 1583 suum
2536 1527 2901 1596 conﬁrmans;

2006 1887 2167 1943 Vens.
2206 1889 2391 1944 19-25.
2434 1909 2527 1940 -ι
2557 1890 3045 1957 Quemadmodum,
3087 1890 3281 1959 inquit,
3314 1890 3359 1943 si
3414 1890 3497 1943 fn-

1928 1980 2041 2051 giat
2074 1981 2235 2036 homo
2264 1996 2294 2035 a
2331 1981 2472 2037 facie
2519 1982 2713 2047 leonis,
2767 1991 2821 2037 et
2856 1989 3111 2037 occurrat
3155 1982 3204 2035 ei
3237 1997 3360 2037 ursa
3398 2024 3412 2044 ,
3444 1989 3498 2035 et

1927 2073 2148 2129 festinet
2199 2074 2408 2146 ingredi
2434 2075 2679 2143 domum,
2721 2084 2774 2132 et
2800 2076 2928 2131 dum
2968 2075 3219 2130 innititur
3250 2076 3499 2130 manibus

1926 2166 2044 2219 suis
2072 2181 2235 2236 super
2283 2166 2563 2236 parietem,
2614 2167 2854 2222 mordeat
2882 2183 3004 2223 eum
3060 2168 3315 2233 coluber;
3357 2184 3497 2223 nun-

1893 2256 2058 2324 -quid
2088 2272 2195 2310 non
2218 2259 2454 2313 tenebrae
2471 2258 2589 2313 dies
2614 2257 2849 2317 Domini.
2873 2268 2927 2313 et
2954 2274 3062 2313 non
3091 2260 3225 2313 lux?
3255 2268 3309 2314 et
3322 2260 3495 2329 caligo

1926 2358 1974 2402 et
2017 2364 2125 2403 non
2165 2349 2424 2420 splendor
2465 2351 2519 2404 in
2565 2351 2669 2405 ea?
2713 2369 2731 2401 ι
2771 2349 2880 2406 Hac
2932 2350 3295 2407 similitudine
3322 2352 3494 2406 voluit

1925 2439 2031 2495 diei
2067 2441 2212 2497 illius
2260 2441 2659 2496 terribilitatem
2706 2442 3013 2498 ostendere.
3064 2441 3260 2506 Veluti,
3296 2443 3492 2512 inquit,

1926 2534 2125 2602 siquis
2183 2534 2237 2587 in
2308 2535 2391 2589 via
2452 2534 2679 2591 audiens
2733 2535 2906 2590 leonis
2951 2534 3251 2600 incursum,
3305 2535 3492 2589 urbem

1923 2638 2117 2678 versus
2185 2622 2476 2694 dilfugiat:
2525 2632 2750 2694 tumque
2797 2625 2851 2679 in
2909 2640 3115 2687 ursam,
3175 2641 3297 2695 qua:
3345 2625 3494 2679 circa

1926 2715 2114 2769 urbem
2159 2723 2512 2771 occurrentes
2551 2716 2807 2779 laniabat,
2853 2718 3120 2780 incidens,
3171 2717 3226 2771 in
3271 2717 3491 2772 domum

1926 2820 2078 2860 suam
2107 2820 2202 2874 spe
2227 2806 2352 2859 mali
2390 2806 2592 2861 vitandi
2626 2815 2904 2877 properet;
2948 2822 3179 2877 moxque
3210 2807 3281 2861 ibi
3313 2822 3496 2863 neces-

1923 2896 2085 2951 sitate
2110 2896 2290 2966 aliqua
2337 2896 2525 2966 parieti
2567 2906 2782 2950 manum
2833 2913 2985 2951 suam
3030 2898 3354 2968 impingens,
3407 2911 3493 2948 re-

1926 2997 2089 3057 pente
2110 3003 2140 3041 a
2161 2988 2386 3043 colubro
2406 2987 2756 3053 mordeatur;
2785 3002 2965 3042 nonne
3012 2988 3158 3053 huic,
3210 2997 3331 3058 post
3381 2998 3495 3043 tan-

1926 3087 2037 3132 tam
2078 3079 2344 3133 malorum
2398 3078 2783 3148 experientiam
2815 3086 3133 3149 tantumque
3166 3080 3489 3148 periculum,

250 3168 481 3239 ειςιούτῳ
530 3168 668 3238 μετὰ
698 3167 966 3238 τοσαύτην
1000 3168 1192 3237 πεῖραν
1234 3168 1419 3222 κακῶν
1463 3170 1557 3222 καὶ
1596 3169 1824 3242 θόρυϐον

1928 3171 2224 3226 inevitabili
2252 3170 2467 3226 demum
2489 3171 2699 3227 colubri
2733 3186 2920 3226 morsu
2966 3172 3097 3236 icto,
3154 3171 3293 3227 diem
3321 3172 3491 3235 illam,

251 3260 544 3324 τοσοῦτον,
596 3260 827 3328 ἀφύκτῳ
885 3261 1326 3331 περιπεπτωκότι
1376 3263 1442 3331 τῇ
1501 3260 1681 3331 πληγῇ
1727 3261 1821 3315 τοῦ

250 3353 451 3419 ὄφεως,
485 3353 675 3414 σκότος
699 3346 835 3404 εἶναι
863 3351 960 3421 τὴν
989 3352 1195 3422 ἑτέροις
1217 3352 1546 3422 φαινομένην
1575 3353 1820 3425 ἡμέρως

251 3443 374 3496 οὐδὲ
396 3444 587 3514 διορᾷν
630 3443 812 3511 μέντοι
841 3443 950 3496 τῶν
988 3443 1271 3513 παρόντων
1298 3445 1363 3497 ἐκ
1397 3444 1506 3496 τῶν
1533 3444 1824 3517 ὀφθαλμῶν

249 3536 450 3602 ὁρῶντι
479 3534 590 3587 τῶν
633 3534 882 3598 οἱκείωνς
924 3539 1001 3603 (p.
1026 3534 1151 3603 181)
1195 3534 1340 3587 οὕτω
1381 3535 1446 3606 δὴ
1485 3537 1579 3588 καὶ
1627 3537 1820 3607 ὑμεῖς,

252 3627 436 3695 φησιν,
473 3624 806 3688 ἀκούσαντες
862 3625 959 3694 μὲν
1006 3625 1341 3695 πανταχόθεν
1383 3625 1492 3679 τῶν
1553 3626 1825 3694 πολεμίων

250 3718 351 3787 τὴν
397 3715 587 3785 ἔφοδον
637 3717 728 3769 ἐπὶ
755 3716 851 3787 τὴν
894 3716 1046 3769 πόλιν
1082 3716 1457 3770 εἰσελεύσεσθε
1481 3733 1495 3747 ’
1532 3718 1595 3769 ἐκ
1636 3716 1695 3769 δὲ
1728 3718 1824 3771 τοῦ

252 3809 374 3861 κατ’
403 3809 582 3878 αὐτὴν
616 3808 844 3879 θορύϐου
864 3809 1313 3879 διαταραχθέντες
1336 3849 1351 3872 ,
1383 3810 1442 3864 ὃν
1475 3810 1690 3881 ἀνάγκη
1716 3810 1824 3863 τῶν

252 3900 530 3965 πολεμίων
553 3898 872 3969 ἐφεστώτων
895 3900 1140 3968 γίνεσθαι
1160 3902 1219 3953 ἐν
1233 3902 1392 3972 αὐτῇ,
1409 3902 1627 3964 εἰςτοίλς
1642 3902 1824 3966 οἴκους

252 3991 627 4046 εἰσελεύσεσθε
668 3992 795 4055 τοὺς
822 3992 1077 4055 οἰκείους,
1113 3992 1398 4063 περιέσται
1428 3992 1484 4044 δὲ
1512 3991 1670 4046 οὑθὲν
1701 3990 1826 4044 οὑδὲ

252 4088 319 4138 ὲκ
350 4086 543 4139 τούτου
581 4084 743 4138 πλέον
774 4085 923 4155 ὑμῖν,
958 4087 1024 4139 ἐκ
1047 4084 1156 4139 τῶν
1185 4085 1370 4156 μυχῶν
1391 4084 1490 4153 τὴς
1513 4084 1691 4147 οἰκίας
1730 4086 1824 4137 ἐπὶ

251 4178 353 4247 τὴν
383 4177 759 4247 αἰχμαλωσίαν
797 4176 1124 4242 ἐξελκόντων
1177 4178 1322 4246 ὑμᾶς
1365 4176 1473 4231 τῶν
1509 4176 1783 4246 πολεμίων
1805 4215 1820 4229 .

254 4268 381 4330 Πῶς
422 4268 489 4338 δὴ
514 4269 630 4330 τοῖς
666 4266 842 4322 ταῦτα
866 4268 1185 4338 πάσχουσιν,
1216 4267 1282 4332 ού,
1311 4265 1501 4342 σκότος
1546 4260 1686 4318 εἰναι
1731 4265 1825 4317 τὸν

252 4361 443 4428 καιρὸν
472 4362 680 4413 ἐκεῖνον
712 4361 954 4429 ἀνάγκης
997 4354 1130 4413 Εἶτα
1154 4361 1233 4422 είς
1259 4357 1358 4430 τὴν
1388 4358 1486 4426 τῆς
1524 4357 1824 4430 μοχθηρίας

252 4453 431 4504 αὑτῶν
460 4452 736 4517 ἀπόδειξιν
761 4452 986 4519 ἐπάγει·
1027 4470 1046 4503 ι
1075 4449 1403 4522 Μεμίσηκα,
1429 4449 1693 4518 ἀπῶσμαι
1727 4449 1824 4511 τὰς

1924 3276 2043 3331 qua:
2079 3262 2291 3317 casteris
2325 3261 2417 3315 lux
2459 3268 2715 3330 apparet,
2776 3261 3029 3316 tenebras
3072 3260 3240 3315 videri
3272 3277 3492 3316 necesse

1922 3353 2046 3407 est?
2098 3354 2172 3410 ita
2203 3360 2263 3405 ut
2297 3352 2432 3405 nihil
2467 3366 2652 3405 coram
2696 3350 2940 3405 oblatum
2977 3363 3197 3422 propter
3226 3352 3489 3406 malorum

1924 3444 2207 3515 angustias
2224 3451 2433 3509 cernat,
2463 3451 2689 3498 mortem
2718 3457 2845 3495 vero
2898 3442 3284 3512 propemodum
3316 3443 3491 3495 oculis

1924 3540 2038 3593 suis
2064 3545 2383 3607 praesentem
2437 3536 2678 3605 spectet?
2724 3534 2814 3589 Sic
2867 3535 3088 3588 omnino
3141 3549 3258 3595 vos,
3291 3533 3487 3603 inquit,

1924 3629 2106 3683 audita
2138 3629 2374 3683 hostium
2408 3641 2818 3696 quaqueversus
2841 3626 3172 3688 incursione,
3202 3626 3267 3679 ad
3298 3627 3488 3681 urbem

1925 3727 2134 3775 vosmet
2172 3720 2472 3788 recipietis:
2537 3720 2606 3772 ibi
2643 3733 2775 3773 vero
2804 3718 3037 3771 tumultu
3066 3718 3288 3780 turbati.
3326 3733 3488 3787 quem

1924 3811 2040 3865 ﬁeri
2091 3809 2501 3863 imminentibus
2555 3807 2803 3862 hostibus
2854 3821 3081 3862 necesse
3148 3818 3255 3872 est,
3295 3806 3489 3861 domos

1924 3907 2131 3954 vestras
2175 3898 2489 3962 introibitis,
2540 3897 2640 3953 sed
2698 3912 2765 3952 ne
2821 3895 2875 3950 id
2906 3895 3123 3965 quidem
3172 3897 3294 3967 plus
3338 3898 3492 3951 vobis

1926 3990 2205 4063 proderit:
2240 4005 2306 4045 ex
2329 3989 2543 4059 angulis
2572 3988 2717 4046 enim
2752 3988 2949 4043 mdium
2998 3995 3277 4043 extractos
3320 3988 3489 4043 abdu-

1924 4090 2050 4139 cent
2082 4096 2182 4137 vos
2208 4081 2393 4135 hostes
2421 4081 2476 4133 in
2501 4079 2903 4148 captivitatem;
2950 4078 3064 4146 jam
3096 4094 3225 4133 vero
3245 4079 3370 4132 talia
3401 4096 3489 4147 pus

1924 4173 2206 4237 tientibus,
2238 4171 2368 4241 quid
2403 4172 2475 4235 ni_
2507 4170 2757 4226 tenebras
2786 4168 2927 4224 diem
2973 4170 3120 4223 illam
3171 4168 3343 4224 videri
3390 4187 3487 4223 ne-

1924 4278 2078 4319 cesse
2101 4263 2206 4317 erit
2251 4263 2273 4315 ‘l
2302 4261 2564 4316 Posthinc
2591 4260 2663 4316 ob
2694 4260 2906 4314 illorum
2954 4255 3359 4330 improbitatem
3393 4261 3488 4315 ἀοι

1925 4354 2354 4416 nionstrandam,
2388 4352 2575 4407 addit:
2615 4370 2635 4404 ι
2665 4351 2799 4416 Odi,
2828 4352 2999 4422 repuli
3022 4352 3345 4407 festivitates
3397 4369 3493 4407 ve—

1926 4455 2090 4509 stras,
2114 4456 2171 4501 et
2207 4442 2315 4500 non
2351 4444 2511 4516 120
2535 4443 2807 4499 odorabor
2845 4446 2899 4498 in
2932 4444 3165 4499 cmtibus
3200 4445 3420 4499 vestris.
3461 4464 3489 4496 ι

253 4546 446 4617 ἑορτὰς
472 4544 650 4614 ὑμῶν,
686 4545 781 4598 καὶ
812 4545 872 4597 οὑ
906 4543 982 4615 μὴ
1022 4541 1311 4614 όσφρανθῶ
1339 4544 1397 4597 ἐν
1426 4544 1547 4605 ταῖς
1576 4542 1822 4613 πανηγύ-

1929 4538 2155 4609 Propter
2184 4553 2395 4591 morum
2427 4543 2732 4591 vestrorum
2772 4536 3193 4605 improbitatem,
3228 4536 3490 4592 solemni-

256 4653 402 4704 ρεσιν
426 4636 604 4704 ὑμῶν.
634 4654 652 4686 ι
689 4635 786 4688 Διὰ
805 4635 862 4689 δὲ
879 4635 976 4706 τὴν
991 4635 1084 4689 τοῦ
1106 4634 1306 4707 τρόπου
1325 4633 1626 4705 μοχθηρίαν
1647 4634 1821 4704 ὑμῶν,

253 4729 346 4780 καὶ
370 4728 471 4790 τὰς
497 4726 689 4798 ἑορτὰς
720 4726 786 4791 ἃς
816 4727 1082 4781 ἐπιτελεῖν
1110 4726 1203 4778 ἐπὶ
1225 4728 1359 4796 τιμῇ
1396 4725 1601 4779 δοκεῖτε
1621 4728 1689 4796 τῇ
1715 4726 1821 4796 ἐμῇ

251 4820 337 4872 διὰ
363 4820 556 4890 μίσους
579 4819 706 4889 ἔχω,
736 4820 829 4872 καὶ
847 4820 909 4873 ού
937 4817 1228 4890 προσίεμαι
1251 4817 1475 4880 ταύτας.
1505 4835 1524 4868 ι
1558 4818 1702 4870 Διότι
1728 4817 1823 4870 ἐὰν

254 4911 517 4980 ἐνέγκητέ
568 4929 658 4981 μοι
701 4911 1129 4981 ὁλοκαυτώματα
1169 4911 1264 4964 καὶ
1306 4909 1498 4973 θυσίας
1530 4908 1682 4979 ὑμῶν
1706 4947 1722 4972 ,
1759 4908 1822 4961 οὑ

262 5002 654 5074 προσδέξομαιο
699 5004 793 5056 καὶ
826 5003 1124 5074 σωτηρίους
1162 4999 1481 5071 ἐπιφανείας
1531 4998 1685 5069 ὑμῶν
1724 4998 1823 5052 οὑκ

255 5094 639 5165 ἐπιϐλέψομαι.
678 5114 698 5146 ι
757 5095 875 5149 Κᾶν
923 5094 1114 5157 θυσίας
1166 5089 1261 5146 οὖν
1306 5092 1339 5158 ἢ
1396 5090 1823 5159 ὁλοκαυτώματα

255 5187 624 5257 προσφέρητε,
650 5187 749 5258 τὴν
779 5188 842 5241 ἐκ
871 5188 969 5258 τῆς
997 5186 1317 5257 ἐπιφανείας
1357 5186 1454 5256 τῆς
1482 5183 1620 5254 ἐμῆς
1649 5200 1821 5252 σωτη-

256 5279 379 5347 ρίαν
412 5279 720 5343 ἐλπίζοντες
740 5279 828 5333 διὰ
845 5281 1051 5333 τούτων
1078 5279 1282 5340 λαϐεῖν,
1303 5276 1423 5331 οὕτε
1442 5275 1683 5346 δέξομαι,
1704 5274 1819 5327 ἀλλ’

256 5372 371 5423 οὐδὲ
404 5372 651 5442 προσέξω
694 5374 805 5435 τοῖς
839 5371 1143 5441 γινομένοις
1181 5371 1337 5432 ὅλως.
1382 5369 1446 5421 Τί
1482 5362 1611 5433 οὖν;
1653 5386 1672 5418 ι
1703 5367 1817 5420 Με-

256 5464 523 5532 τάστησον
578 5466 672 5517 ἀπ’
726 5464 862 5534 ἐμοῦ
909 5460 1043 5535 ἦχον
1093 5464 1243 5535 ᾠδῶν
1292 5479 1385 5515 σου
1411 5501 1425 5524 ,
1473 5461 1565 5514 καὶ
1608 5459 1819 5530 ψαλμὸν

254 5555 499 5632 ὀργάνων
554 5573 645 5608 σου
694 5557 795 5609 οὑκ
827 5556 1149 5629 ἀκούσομαι.
1187 5575 1206 5606 ι
1249 5553 1459 5607 Παῦσαι
1486 5550 1550 5625 δὴ
1588 5553 1680 5607 καὶ
1723 5551 1820 5615 τὰς

258 5650 319 5697 ὲκ
341 5648 453 5699 τῶν
476 5647 703 5717 ψαλμῶν
723 5648 868 5718 ᾠδὰς
908 5650 996 5703 ἐπ’
1015 5651 1135 5720 ἐμοὶ
1158 5646 1496 5717 ποιούμενος,
1531 5643 1652 5701 ἐπεὶ
1686 5643 1821 5714 μηδὲ

260 5737 443 5791 τούτου
473 5757 560 5809 μοι
585 5738 762 5808 λόγος.

1926 4638 2066 4684 tates
2087 4629 2250 4684 etiam
2272 4642 2410 4698 quas
2430 4626 2495 4680 ad
2524 4626 2626 4681 mei
2654 4625 2917 4679 honorem
2941 4624 3219 4681 celebxare
3239 4624 3487 4688 creditis,

1926 4720 2053 4775 odio
2075 4720 2269 4786 babeo,
2309 4733 2485 4788 neque
2524 4732 2618 4773 eas
2639 4716 2872 4787 excipio.
2910 4734 2929 4767 ι
2963 4715 3134 4780 Quod.
3160 4718 3205 4770 si
3234 4716 3368 4770 mihi
3397 4716 3490 4770 ob-

1923 4814 2161 4868 tuleritis
2189 4812 2504 4866 holocausta
2537 4820 2591 4865 et
2617 4809 2887 4865 sacriﬁcia
2915 4818 3118 4873 vestra,
3147 4823 3254 4862 non
3307 4808 3486 4861 susci-

1923 4906 2090 4975 piam,
2113 4912 2166 4960 et
2184 4904 2424 4959 salutare
2444 4911 2767 4972 conspectus
2792 4903 3086 4959 vestrinon
3113 4900 3419 4968 respiciam.
3460 4917 3489 4951 ι.

1927 4993 2150 5049 Etiamsi
2184 4993 2347 5063 igitur
2376 4991 2643 5047 sacriﬁcia
2677 4993 2757 5067 vel
2811 4993 3127 5047 holocausta
3152 4987 3484 5052 obtuleritis,

1921 5087 2151 5141 salutem
2193 5100 2257 5139 ex
2320 5091 2575 5153 respectu
2599 5098 2731 5139 meo.
2759 5089 3041 5152 sperantes
3062 5080 3133 5135 ob
3168 5080 3281 5133 haec
3316 5080 3491 5149 impeq

1916 5185 2083 5242 trare,
2113 5192 2220 5231 non
2245 5176 2548 5238 admittam,
2574 5192 2747 5244 neque
2764 5174 3026 5244 quidquid
3056 5172 3296 5228 feceritis
3328 5173 3480 5242 pensi

1916 5270 2145 5325 habebo.
2181 5268 2321 5335 Quid
2346 5268 2513 5338 ergo?
2558 5286 2577 5319 ι
2619 5266 2878 5321 Transfer
2905 5281 2934 5319 a
2963 5280 3049 5320 me
3079 5265 3315 5321 sonitum
3356 5280 3481 5318 car-

1922 5363 2130 5416 minum
2163 5369 2411 5425 tuorum;
2472 5361 2738 5433 psalmum
2772 5371 3099 5429 organorum
3131 5365 3345 5410 tuorum
3374 5372 3481 5410 non

1920 5451 2158 5525 audiam.
2194 5470 2212 5503 ι
2248 5451 2445 5509 Desine
2470 5450 2803 5522 psalmorum
2833 5450 3076 5503 carmina
3109 5448 3242 5502 mihi
3268 5462 3491 5519 compo-.

1924 5544 2345 5614 nere,quoniam
2373 5559 2440 5599 ne
2471 5545 2585 5599 lucc
2616 5540 2833 5611 quidem
2860 5541 2991 5596 mibi
3020 5540 3175 5596 cordi
3211 5545 3363 5597 sunt.
