3976 6226
313 273 425 337 ira
1517 279 1865 339 Titeooom
1908 262 2392 340 uorsues‘rsm
2516 306 2519 309 -
3462 279 3577 334 sse

390 386 549 445 Vens.
578 386 772 445 24—27.
801 420 869 432 —-
894 407 911 440 ι
955 388 1020 443 Ει
1060 390 1308 446 volvetur
1360 393 1519 463 quasi
1557 409 1697 464 aqua
1745 395 1918 464 μιαί-ι.

2055 398 2204 469 Στίχ.
2234 397 2542 463 κδ’-κζ’.--ι
2567 395 2679 451 Καὶ
2700 396 3088 466 κυλισθήσεται
3106 393 3182 457 ὡς
3204 392 3348 462 ὕδωρ
3368 393 3575 462 κρῖμα,

315 480 481 545 cium,
520 487 572 533 et
601 478 812 549 iustitia
856 481 1016 555 quasi
1058 489 1274 537 torrens
1314 482 1517 540 invius.
1561 504 1580 537 ι
1619 484 1751 539 Dum
1799 502 1894 540 ve-

317 580 486 626 stram
508 571 795 627 considero
819 574 1010 638 vitam,
1040 583 1095 631 et
1122 574 1424 630 secundum
1454 577 1595 631 hanc
1624 577 1894 646 judicium

318 672 498 711 meum
549 657 617 713 de
646 660 798 715 vobis
836 662 1085 729 instituo,
1134 664 1502 733 justissimam
1553 666 1713 721 video
1754 681 1785 720 a
1812 682 1898 722 me

320 751 476 807 vobis
510 752 822 824 impositum
847 756 914 810 iri
943 757 1310 829 punitionem,
1337 775 1500 830 quam
1522 776 1715 832 reapse
1743 763 1900 819 vobis

319 844 572 901 omnibus
617 845 908 912 adducam,
960 852 1117 919 quasi
1183 858 1479 907 torrentem
1541 854 1899 923 amplitudine

329 950 429 990 sua
456 952 683 1006 prorsus
708 940 1307 1001 intransihileni.rNum
1329 942 1541 999 hostias
1558 953 1610 1000 et
1627 946 1901 1000 sacriticia

322 1031 599 1086 obtulistis
628 1031 757 1086 mihi
786 1032 839 1086 in
862 1032 1082 1088 deserto
1106 1034 1467 1105 quadraginta
1500 1036 1682 1100 annis,
1724 1052 1758 1092 ο
1801 1038 1902 1092 do-

323 1137 446 1177 mus
467 1121 718 1179 lsraelis?
750 1144 767 1173 ι
807 1122 964 1190 Quod
1001 1126 1132 1180 nulli
1170 1142 1319 1181 curae
1334 1126 1467 1183 mibi
1502 1127 1738 1183 victimae
1764 1130 1896 1195 sint,

325 1211 452 1269 inde
512 1229 609 1270 vos
654 1216 994 1285 potissimum
1040 1219 1303 1288 poteratis
1354 1234 1706 1290 cognoscere,
1752 1223 1899 1291 quod

322 1303 685 1375 quadraginta
732 1307 891 1362 anuis
939 1306 995 1361 in
1047 1307 1290 1373 deserto,
1325 1308 1463 1365 nihil
1518 1310 1833 1379 hujusmodi
1869 1326 1900 1365 a

325 1395 572 1465 patribus
623 1396 822 1455 vestris
872 1397 1065 1468 exegi:
1116 1407 1171 1452 et
1222 1406 1405 1454 tamen
1425 1414 1527 1471 ego
1582 1410 1902 1471 perpetuam

325 1485 543 1541 illorum
576 1502 766 1543 curam
798 1490 966 1559 gessi.
1008 1508 1027 1540 ι
1063 1489 1129 1545 Et
1160 1489 1460 1548 admisistis
1482 1492 1904 1547 tabernaculum

329 1574 591 1637 Molochi,
623 1584 677 1632 et
716 1577 867 1634 sidus
899 1580 983 1633 dei
1016 1581 1183 1635 vestri
1215 1579 1568 1650 Rhemphan,
1609 1580 1901 1637 simulacra

328 1681 448 1736 qua:
475 1668 629 1725 vobis
658 1670 957 1726 formastis.
991 1669 1056 1724 Et
1111 1671 1439 1728 transferam
1475 1687 1572 1728 vos
1617 1673 1760 1725 ultra
1804 1671 1901 1726 Da-

2005 491 2097 544 καὶ
2122 492 2154 561 ή
2177 488 2490 559 δικαιοσύνη
2513 487 2589 551 ὡς
2618 486 2953 558 χειμάρρους
2980 486 3201 546 ἄϐατος.
3243 503 3263 535 υ
3299 483 3443 554 Πρὸς
3461 484 3579 555 γὰρ

1995 580 2086 636 τὸν
2129 581 2262 651 βίον,
2302 580 2378 650 (p.
2419 578 2544 648 182)
2580 578 2766 649 φησὶν,
2822 577 2967 648 ὁρῶν
3010 575 3104 629 τὸν
3153 574 3443 646 ὑμέτερον,
3475 577 3577 631 καὶ

1999 672 2119 727 κατ’
2153 674 2356 726 ἐκεῖνον
2388 671 2488 740 τὴν
2516 670 2696 742 κρίσιν
2733 667 2840 722 τῶν
2866 666 2991 721 καθ’
3033 667 3176 737 δμᾶς
3212 666 3576 737 ποιούμενος,

1996 765 2107 838 ὁρῶ
2130 764 2473 835 δικαιοτάτην
2501 764 2630 834 ὑμῖν
2664 759 3115 832 ἐπαχθησομένην
3153 759 3253 830 τὴν
3274 758 3573 829 τιμωρίαν,

1999 857 2065 928 ἢν
2088 858 2182 910 καὶ
2206 855 2392 922 ἐπάξω
2424 855 2587 909 πᾶσιν
2631 853 2760 924 ὑμῖν
2779 891 2793 917 ,
2823 850 3128 923 χειμάρρου
3177 848 3333 919 δίκην
3386 849 3573 914 ἀδιεξ-

1998 948 2216 1004 οδεύτου
2261 948 2349 1002 διὰ
2378 947 2438 999 τὸ
2477 945 2707 1017 μέγεθος
2730 942 3027 1005 παντελῶς.
3064 959 3081 991 ι
3113 942 3207 1012 Μὴ
3246 940 3452 1010 σφάγια
3476 942 3580 994 καὶ

2000 1041 2188 1107 θυσίας
2212 1037 2619 1111 προσηνέγκατε
2642 1036 3045 1106 τεσσαράκοντα
3065 1033 3160 1104 ἐτη
3191 1034 3250 1085 ἐν
3268 1034 3336 1103 τῇ
3358 1033 3581 1103 ἐρήμῳ,

2000 1126 2149 1194 οἶκος
2191 1128 2436 1200 ἰσραήλ;
2469 1146 2491 1180 ι
2525 1128 2648 1180 Ὅτι
2681 1126 2790 1197 γὰρ
2816 1122 3007 1197 μηδείς
3036 1140 3125 1194 μοι
3155 1121 3359 1176 θυσιῶν
3393 1122 3578 1189 λόγος,

2003 1222 2213 1278 ἐκεῖθεν
2246 1220 2480 1292 μάλιστα
2512 1218 2710 1273 εἰδέναι
2748 1217 3025 1290 προσῆκον
3072 1210 3140 1286 ἦν
3170 1215 3334 1285 ὑμᾶς,
3375 1214 3470 1283 ἀφ’
3499 1207 3585 1269 ὧν

2001 1314 2095 1384 ἐπὶ
2116 1312 2523 1384 τεσσαράκοντα
2544 1311 2656 1373 τοῖς
2675 1308 2822 1362 ἔτεσι
2843 1307 2985 1362 κατὰ
2998 1306 3098 1377 τὴν
3117 1305 3215 1376 ἑρη
3224 1322 3346 1375 μον,
3365 1304 3587 1359 τοιοῦτο

2005 1378 2102 1478 μὲν
2131 1378 2299 1477 παρὰ-
2317 1403 2424 1457 τῶν
2452 1402 2707 1475 πατέρων
2736 1400 2915 1472 ⁴ᾔτησα
2937 1398 3045 1452 τῶν
3073 1398 3357 1469 ὑμετέρων
3377 1396 3538 1450 οὐδέν
3563 1413 3582 1433 ο

2001 1495 2165 1560 αὐτὸς
2204 1496 2263 1550 δέ
2294 1493 2614 1565 ἐπιμέλειαν
2644 1492 2826 1551 αὐτῶν
2851 1490 2950 1561 τὴν
2978 1490 3360 1560 προσήκουσαν
3386 1486 3585 1541 ποιοὺ-

2004 1605 2165 1659 μενος
2208 1585 2497 1640 διετέλουν.
2536 1602 2556 1636 t
2595 1583 2706 1638 Καὶ
2740 1581 3032 1635 ἀνελάϐετε
3080 1580 3178 1652 τὴν
3230 1579 3436 1651 σκηνὴν
3484 1577 3591 1632 τοῦ

2002 1678 2202 1749 Μολόχ,
2256 1680 2353 1732 καὶ
2408 1678 2471 1730 τὸ
2501 1675 2699 1747 ἄστρον
2751 1673 2848 1727 τοῦ
2900 1672 3035 1745 θεοῦ
3088 1672 3243 1744 ὑμῶν
3301 1672 3587 1743 Ῥεμφὰν,

328 1771 594 1821 mascum,
626 1758 760 1814 dicit
793 1758 1055 1815 Dominus
1095 1759 1259 1825 Deus,
1285 1759 1374 1815 cui
1424 1774 1618 1816 nomen
1643 1760 1902 1832 Omnipo-

2018 1774 2125 1837 τοὺς
2166 1772 2368 1835 τύπους
2407 1769 2500 1834 οὓς
2545 1770 2835 1840 ἐποιήσατε
2887 1768 3136 1830 ἐαυτοῖς·
3172 1766 3266 1818 καὶ
3314 1764 3594 1834 μετοικιῶ

329 1857 472 1903 tens.
514 1866 533 1900 ι
570 1844 678 1904 Vos
705 1856 885 1903 tamen
919 1848 987 1905 de
1016 1850 1303 1906 honestate
1352 1850 1593 1920 cogitare
1627 1852 1899 1918 nolentes,

333 1940 617 1995 sacriﬁciis
638 1939 867 1997 delinire
888 1957 971 1995 me.
993 1944 1245 2019 speratis,
1265 1943 1359 2012 qui
1384 1945 1677 2014 cmteroqui
1698 1946 1901 2000 nullam

335 2034 439 2087 mei
470 2035 735 2089 rationem
772 2035 1005 2103 habetis.
1045 2038 1138 2093 scd
1171 2038 1333 2096 idolis
1372 2041 1621 2097 studiose
1654 2043 1904 2099 adbzere-

335 2127 428 2181 tis.
463 2125 773 2182 Molochum
814 2144 942 2184 vero
972 2129 1103 2185 dicit
1132 2130 1416 2189 adoratum
1456 2134 1523 2190 ab
1543 2136 1623 2191 eis
1653 2134 1855 2190 idolum
1885 2151 1902 2190 ι

336 2217 748 2278 tabernaculum
775 2235 904 2275 vero
927 2220 1179 2288 Molocbi,
1210 2222 1266 2279 id
1310 2234 1395 2282 est
1439 2226 1569 2282 idoli
1620 2230 1903 2297 templum.

339 2308 714 2379 frequentatis,
738 2310 897 2383 eique
920 2328 1107 2369 curam
1123 2316 1438 2390 impenditis
1460 2319 1606 2374 :imo
1624 2326 1679 2374 et
1708 2319 1907 2376 sideris

337 2401 507 2456 cultui
555 2403 784 2479 vacatis,
833 2405 918 2460 cui
953 2404 1049 2461 Dei
1085 2408 1506 2479 appellationem
1557 2410 1906 2467 attribuistis.

343 2491 496 2567 121
529 2492 808 2553 Hebraicae
842 2498 1039 2570 lingua:
1072 2501 1233 2571 periti
1278 2501 1432 2558 aiunt
1457 2503 1601 2558 hunc
1621 2519 1744 2559 esse
1774 2504 1911 2558 luci-

340 2584 536 2640 ferum.
579 2586 719 2652 Quin
758 2589 894 2646 adeo
940 2593 1083 2661 apud
1113 2593 1405 2649 simulacra
1440 2596 1627 2659 etiam,
1664 2611 1786 2666 quae
1820 2612 1910 2651 ve-

340 2678 471 2732 stris
496 2679 750 2735 manihus
771 2679 1105 2747 fabricastis.
1130 2695 1345 2756 tempus
1372 2701 1534 2742 omne
1561 2690 1907 2745 consumitis.

338 2764 593 2823 Jamvero
627 2770 718 2839 qui
762 2771 919 2827 idolis
954 2774 1264 2837 adhaeretis,
1303 2785 1357 2830 et
1381 2776 1585 2830 nullam
1633 2778 1911 2848 religionis

348 2875 479 2915 mea:
506 2862 925 2918 sollicitudinem
979 2866 1191 2935 geritis,
1225 2868 1440 2938 placare
1488 2883 1575 2925 me
1611 2877 1792 2926 tamen
1833 2887 1916 2924 sa-

346 2951 569 3005 criliciis
594 2954 849 3022 speratis,
884 2971 1005 3026 qua:
1037 2957 1173 3013 nihil
1201 2967 1349 3014 certe
1382 2960 1541 3017 vobis
1581 2960 1911 3032 proderunt;

2002 1865 2145 1935 ὑμᾶς
2177 1864 2436 1917 ἐπέκεινα
2477 1858 2773 1931 Δαμασκοῦ
2800 1895 2816 1924 ,
2864 1857 3012 1927 λέγει
3045 1855 3252 1928 Κύριος
3281 1858 3312 1910 ὁ
3342 1855 3515 1918 Θεὸς.
3554 1857 3587 1908 ό

2002 1955 2403 2027 Παντοκράτωρ
2428 1953 2600 2024 ὄνομα
2631 1950 2805 2022 αὐτῷ.
2844 1968 2865 2002 ι
2931 1947 3093 2003 Ἀλλά
3129 1946 3241 2019 γὰρ
3283 1945 3595 2015 συλλογίζεο

2006 2047 2127 2102 σθαι
2152 2046 2214 2100 τὸ
2239 2046 2355 2100 δέον
2374 2047 2434 2100 οὺ
2458 2044 2791 2116 βουλόμενοι,
2813 2041 3027 2105 θυσίαις
3048 2058 3117 2112 με
3146 2039 3593 2111 ἐκμειλίττεσθαι

2006 2138 2362 2212 προσδοκᾶτε,
2422 2135 2615 2207 ἀνδρες
2674 2132 2810 2205 ἐμοῦ
2874 2132 2975 2203 μὲν
3030 2131 3218 2186 οὐδένα
3268 2129 3597 2200 ποιούμενοι

2005 2230 2183 2298 λόγον,
2214 2230 2327 2291 τοῖς
2378 2225 2618 2288 εἰδώλοις
2653 2224 2712 2278 δὲ
2752 2222 3112 2293 προσανέχειν
3154 2220 3553 2283 ἐσπουδακότες
3570 2235 3589 2250 ·

2006 2320 2185 2391 Μολδχ
2207 2319 2314 2391 γὰρ
2344 2317 2560 2372 εἴδωλον
2582 2315 2731 2384 λέγει
2751 2316 2880 2385 παρ’
2899 2316 3085 2378 αὐτοῖς
3113 2312 3591 2384 θρησκευόμενον

2008 2412 2212 2484 σκηνὴν
2248 2410 2305 2463 δέ
2345 2408 2436 2464 τοῦ
2486 2409 2700 2478 Μολόχ,
2725 2408 2812 2461 ἴνα
2844 2407 2997 2477 εἴπῃ,
3031 2406 3115 2459 ὅτι
3152 2404 3457 2476 Περιὲπετε
3489 2402 3597 2457 τοῦ

2008 2504 2224 2559 εἰδώλου
2256 2503 2347 2556 τὸν
2377 2501 2523 2565 ναὸν,
2558 2500 2651 2554 καὶ
2679 2501 2808 2571 περὶ
2839 2498 3030 2552 τοῦτον
3060 2497 3215 2569 ἔχετε
3233 2511 3249 2528 °
3285 2497 3380 2550 καὶ
3395 2496 3462 2567 δὴ
3488 2497 3597 2550 καὶ

2009 2596 2137 2665 περὶ
2155 2594 2350 2662 ἄστρου
2374 2589 2669 2660 θεραπείαν
2696 2586 3027 2659 ἀσχολεῖσθε,
3057 2584 3193 2639 Θεοῦ
3220 2583 3601 2656 προσηγορίαν

2010 2685 2157 2756 αὐτῷ
2200 2681 2646 2756 περιτεθεικότες·
2675 2681 2751 2749 (p.
2775 2679 2917 2747 183)‘
2947 2678 3078 2747 φασὶ
3111 2677 3167 2730 δέ
3195 2676 3286 2730 τὸν
3311 2674 3601 2744 ἑωσφόρον

2011 2778 2151 2831 οὔτω
2180 2774 2320 2830 κατά
2342 2774 2439 2845 τὴν
2477 2771 2745 2843 Ἑϐραίων
2779 2769 3064 2825 καλεῖσθαι
3091 2768 3336 2837 γλῶτταν
3358 2783 3370 2795 ·
3406 2765 3504 2818 καὶ
3527 2765 3603 2836 δὴ

2013 2871 2105 2923 καὶ
2138 2868 2266 2940 περὶ
2298 2866 2369 2919 τὰ
2410 2864 2764 2935 είκονίσματα
2790 2862 2827 2916 ἂ
2857 2865 2976 2925 ταῖς
3000 2860 3213 2915 ἐαυτῶν
3248 2858 3602 2912 κατεσκευά-

2015 2978 2142 3017 σατε
2192 2961 2377 3030 χερσὶ,
2412 2957 2541 3028 περὶ
2589 2954 2764 3010 ταῦτα
2809 2954 2910 3025 τὴν
2954 2945 3137 3007 πᾶσαν
3159 2951 3320 3020 ἄγετε
3355 2949 3559 3020 σχολήν
3580 2966 3596 2978 ·

356 3040 706 3098 abduccmini
774 3046 918 3101 enim
970 3047 1023 3100 in
1066 3048 1182 3104 loca
1214 3064 1244 3103 a
1284 3052 1480 3108 vestris
1508 3052 1731 3109 sedibus
1768 3053 1918 3125 longe

2023 3050 2141 3108 εἶτα
2190 3051 2428 3115 εἰδώλοις
2466 3048 2912 3125 προσανέχοντες,
2963 3046 3057 3100 καὶ
3092 3045 3299 3117 μηδένα
3324 3042 3423 3113 τῆς
3452 3040 3603 3111 ἐμῆς

347 3129 639 3200 distantia;
666 3133 719 3188 id
744 3136 887 3190 enim
923 3137 1188 3195 vocabulo
1224 3139 1473 3196 Damasci
1503 3143 1703 3207 innuit,
1729 3160 1918 3215 nempe

2021 3142 2325 3216 damnatas,
2344 3140 2653 3211 ποιούμενοι
2671 3138 2849 3207 λόγον,
2878 3134 3312 3209 ἐκμειλίττεσθαί
3334 3151 3399 3205 με
3428 3148 3604 3204 xpos—

350 3237 383 3275 a
439 3230 612 3293 parte.
656 3227 911 3296 quaelibet
964 3229 1082 3284 loca
1130 3231 1448 3303 longinqua.
1526 3233 1724 3293 Beatus
1792 3252 1924 3309 ergo

350 3312 659 3385 Stephanus
700 3316 756 3372 iu
800 3328 1115 3376 sanctorum
1146 3326 1518 3394 apostolorum
1561 3327 1813 3391 Actibus,
1848 3340 1929 3386 te-

353 3405 609 3462 stimonio
653 3410 755 3465 hoc
788 3410 844 3465 in
875 3429 1127 3467 sermone
1155 3416 1222 3470 ad
1247 3414 1467 3472 Iudaeos
1492 3426 1670 3482 utens.
1694 3420 1929 3476 transfe-

355 3511 471 3551 ram
498 3514 594 3554 vos
622 3501 763 3556 ultra
787 3501 1140 3575 Babylonem,
1171 3507 1248 3561 ait
1270 3507 1340 3567 ⁸⁸.
1378 3509 1495 3563 loca
1525 3508 1613 3563 hic
1637 3508 1923 3580 designata

358 3594 601 3660 apertius
630 3596 947 3675 nominans.
999 3597 1067 3653 Et
1122 3602 1249 3669 quia
1280 3616 1310 3655 a
1360 3601 1467 3658 Deo
1488 3609 1752 3673 apostatae
1777 3603 1926 3658 circa

358 3679 503 3739 idola
524 3692 735 3757 tempus
766 3690 1033 3758 terebant,
1060 3691 1210 3747 addit
1246 3709 1259 3746 :

2019 3236 2209 3289 δοκᾶτε
2247 3234 2366 3296 ταῖς
2401 3231 2649 3295 θυσίαις,
2682 3223 2759 3285 ὧν
2777 3228 2934 3283 οὺθέν
2977 3228 3106 3299 ὑμῖν
3147 3227 3437 3297 γενήσεται
3468 3224 3603 3291 ὀφε-

2020 3329 2140 3391 λοςο
2176 3324 2554 3396 ἀπαχθήσεσθε
2593 3322 2701 3392 γὰρ
2747 3320 3082 3391 αἰχμάλωτοι
3110 3320 3191 3383 είς
3227 3319 3425 3380 τόπους
3458 3315 3602 3369 πολύ

2022 3437 2086 3491 γε
2114 3419 2223 3472 τῶν
2249 3418 2376 3489 περὶ
2401 3416 2544 3486 ὑμᾶς
2564 3414 2881 3484 ἀφεστῶτας
2906 3411 3118 3465 τόειιιων⁹
3141 3411 3203 3464 τὸ
3230 3409 3359 3480 γὰρ,
3382 3411 3607 3478 «Δαμα-

2026 3510 2180 3577 σκοῦ,
2194 3529 2212 3562 ι
2234 3508 2393 3562 τοῦτο
2413 3507 2562 3575 λέγει
2579 3523 2592 3536 ·
2615 3506 2701 3559 ἴνα
2729 3504 2839 3558 ἀπὸ
2864 3502 3062 3573 μέρους
3075 3501 3203 3565 τοὺς
3219 3500 3357 3568 ἄγαν
3381 3499 3606 3567 ἀπῳκι-

2030 3602 2260 3674 σμένους
2308 3600 2438 3672 εἴπῃ
2458 3599 2651 3661 τόπους
2715 3598 2746 3650 ό
2772 3596 2901 3665 γοῦν
2934 3595 3200 3666 μακάριος
3237 3592 3508 3662 Στέφανος
3542 3591 3608 3642 ἐν

2032 3695 2153 3756 ταῖς
2181 3690 2418 3763 Πράξεσι
2441 3687 2548 3743 τῶν
2581 3685 2750 3755 ἁγίων
2781 3682 3114 3749 ἀποστόλων,
3144 3680 3280 3751 πρὸς
3311 3676 3608 3739 Ἰουδαίους

357 3776 423 3845 τῇ
482 3781 755 3853 μαρτυρίίι
805 3784 976 3857 ταύτῃ
1033 3786 1405 3858 χρησάμενος.
1468 3787 1725 3859 μετοικιῶ
1772 3789 1914 3858 ὑμᾶς
1953 3787 2207 3842 ἐπέκεινα
2239 3784 2546 3847 Βαϐυλῶνος
2588 3782 2728 3853 ἐφη,
2774 3780 2899 3842 τοὺς
2942 3776 3175 3832 ἐνταῦθα
3235 3772 3611 3845 μηνυομένους

361 3874 559 3935 τόπους
590 3872 919 3942 σαφέστερον
943 3874 1178 3947 εἰρηκώς
1204 3876 1338 3946 (28).
1386 3878 1494 3933 Καὶ
1529 3878 1714 3951 ἐπειδὴ
1741 3879 1869 3951 περὶ
1890 3878 2062 3933 ταῦτα
2087 3880 2184 3951 τὴν
2220 3877 2410 3949 σλολὴν
2445 3875 2602 3945 ἔσχον
2636 3870 2950 3942 ἀφεστῶτες
2976 3868 3132 3935 Θεοῦ,
3159 3869 3357 3936 ἐπάγει
3375 3884 3389 3898 ·

1006 3987 1160 4043 CAP.
1197 3989 1285 4045 Vl.

325 4093 329 4099 ·
435 4076 604 4132 Vens.
641 4078 693 4143 l,
724 4075 781 4130 2.
816 4108 887 4120 —
919 4096 939 4130 ι
968 4077 1063 4133 Vae
1097 4083 1575 4137 contemnentibus
1613 4082 1854 4148 Sionem,
1885 4090 1940 4138 et

367 4169 770 4226 conlidentibus
802 4170 857 4225 in
897 4177 1083 4227 monte
1115 4173 1408 4229 Samaria!
1451 4195 1471 4228 ι
1513 4174 1798 4231 Sed‘enim
1842 4192 1939 4231 vos

368 4260 756 4325 infelicissimi,
800 4248 897 4333 (μἶί
934 4261 1152 4318 Sionem
1186 4272 1425 4320 montem
1470 4276 1525 4321 et
1571 4267 1848 4321 excultum
1882 4268 1936 4322 in

368 4352 490 4422 ipso
522 4351 690 4409 Deum
729 4351 1092 4421 deseruistis;
1138 4353 1400 4411 Samariae
1426 4372 1554 4411 vero
1586 4357 1936 4412 constitutis-

371 4460 479 4512 que
525 4445 638 4500 illic
672 4445 835 4502 idolis
882 4446 1199 4504 attenditis!
1238 4467 1258 4501 ι
1300 4446 1718 4505 Vindemiarum
1750 4450 1940 4519 primi-

375 4534 481 4588 tias
527 4535 798 4603 gentium,
831 4544 886 4590 et
935 4536 1169 4606 ingressi
1215 4546 1344 4594 sunt
1383 4537 1487 4593 sibi
1533 4538 1691 4608 ipsis,
1741 4538 1939 4594 domus

375 4626 569 4680 Israel.
624 4644 644 4677 ι
713 4624 833 4681 Non
883 4638 1198 4698 reputantes
1254 4636 1461 4700 quanta
1510 4629 1666 4684 vobis
1715 4630 1944 4685 contulit

380 4715 473 4770 ille
507 4714 605 4784 qui
645 4714 699 4768 in
742 4713 910 4772 Sione
946 4726 1133 4775 monte
1167 4735 1383 4775 omnem
1421 4719 1525 4774 sibi
1560 4719 1801 4775 exhiberi
1829 4722 1947 4775 cul-

379 4817 493 4861 tum
522 4807 690 4876 jussit
714 4805 894 4875 Deus;
924 4826 1026 4865 nec
1050 4812 1195 4881 quod
1227 4812 1487 4882 plurimas
1514 4819 1701 4882 gentos
1730 4825 1946 4866 earum;

379 4912 495 4967 que-
539 4900 818 4971 principes
870 4902 1088 4957 cmdens
1136 4913 1190 4958 et
1244 4908 1472 4958 omnino
1510 4904 1821 4968 destruens,
1872 4904 1951 4956 iu-

379 5005 625 5061 gressum
670 4993 725 5047 in
756 5009 819 5048 ea
867 4994 987 5050 loca
1015 4994 1171 5050 vobis
1215 4996 1621 5064 incolatumque
1652 4996 1945 5049 concessit.

386 5100 406 5132 ι
441 5080 695 5141 Transite
738 5086 795 5139 in
842 5084 1158 5151 Clialanem,
1190 5098 1244 5143 et
1282 5087 1495 5154 videte;
1527 5096 1581 5144 ct
1612 5089 1686 5144 ite
1728 5086 1855 5143 inde
1888 5089 1943 5142 in

458 5247 507 5279 ⁵³
546 5243 666 5303 Act.
707 5263 808 5315 vn,
848 5250 937 5304 45.

460 5405 573 5479 (28)
608 5406 686 5461 Ita
735 5403 1226 5479 Stephanumcum
1273 5401 1475 5479 ᾼιιιοεο
1510 5403 1753 5479 breviter
1790 5402 1945 5479 inge-

392 5471 605 5549 nueque
631 5471 886 5549 conciliat
911 5475 1251 5549 Theodorus.
1281 5471 1465 5527 Placet
1485 5482 1665 5528 autem
1701 5474 1789 5527 bic
1813 5471 1949 5549 Gro-

391 5544 533 5603 tiusE
579 5564 597 5598 ι
650 5546 825 5600 Lucas
871 5561 984 5600 rem
1027 5545 1199 5615 magis
1250 5554 1503 5615 spectans
1546 5559 1709 5615 quam
1758 5544 1944 5615 verba,

393 5618 539 5671 ultra
567 5616 883 5687 Babylonem
917 5615 1028 5675 ait;
1067 5612 1387 5687 rectc,rnam
1416 5614 1715 5687 Assyriaet
1756 5612 1946 5687 Arme-

397 5689 506 5753 nia,
546 5688 601 5743 in
643 5683 803 5759 quam
835 5690 1187 5757 transportati
1233 5686 1452 5740 fuerunt
1494 5683 1767 5749 Israelita,
1808 5683 1949 5737 ultra

2723 3985 2827 4039 ΕΦ.
2872 3985 2964 4039 σε.

2723 3985 2827 4039 ΕΦ.
2929 3991 2964 4037 ⁸.

2100 4083 2242 4152 Στίχ.
2260 4088 2331 4145 α’,
2359 4080 2426 4151 β’.
2441 3987 2814 4155 -σΟὒαίίτοῖς
2836 3985 3173 4142 ἐὲῐυθενοῦσι
3195 4070 3352 4131 Σιὼν,
3378 4070 3473 4123 καὶ
3491 4071 3611 4131 τοῖς

2033 4172 2344 4227 πεποιθόσιν
2393 4170 2485 4224 ἐπὶ
2528 4169 2590 4223 τὸ
2639 4169 2764 4238 ὅρος
2810 4165 3139 4237 Σαμαρείας.
3190 4184 3208 4215 ι
3290 4162 3449 4215 Ἀλλά
3492 4162 3613 4230 γὰρ

2031 4264 2380 4318 ἐλεεινότατοι
2409 4262 2627 4316 πάντων
2653 4259 2796 4323 ἐστέ,
2817 4258 2868 4311 οἳ
2896 4257 2958 4310 τὸ
2990 4256 3088 4326 μὲν
3104 4255 3239 4309 Σιὼν
3250 4255 3372 4326 ὅρος
3399 4254 3493 4305 καὶ
3513 4252 3617 4305 τὸν

1970 4388 2013 4444 D
2041 4358 2099 4408 ἐν
2142 4353 2291 4424 αὐτῷ
2336 4351 2769 4425 θρησκευόμενον
2827 4346 3247 4444 παρεγράψασθε
3305 4344 3479 4444 Θεόνῖ
3539 4347 3613 4415 τῇ

2042 4444 2322 4516 Σαμαρείᾳ
2365 4445 2422 4497 δέ
2457 4442 2550 4496 καὶ
2582 4443 2694 4504 τοῖς
2738 4440 2925 4494 αὐτόθι
2959 4437 3261 4507 ἱδρυμένοις
3312 4436 3613 4506 προσέχετε

2039 4536 2297 4600 εἰδώλοις.
2343 4555 2361 4586 ι
2384 4532 2796 4603 Ἀπετρύγησαν
2821 4531 2995 4600 ἀρχὰς
3020 4526 3210 4591 ἐθνῶν,
3241 4527 3335 4580 καὶ
3360 4524 3617 4594 εἰσῆλθον

2040 4631 2249 4692 ἑαυτοῖς
2272 4667 2287 4691 ,
2327 4624 2473 4690 οἶκος
2522 4623 2616 4679 τοῦ
2665 4623 2901 4695 Ἰσραήλ.
2930 4641 2948 4674 ι
3010 4621 3124 4674 Οὐκ
3156 4618 3613 4688 ἀναλογισάμενοι

2042 4721 2202 4793 ἡλίκα
2224 4717 2494 4789 παρέσχεν
2524 4716 2672 4784 ὑμῖν,
2715 4714 2773 4776 ὃς
2801 4714 2893 4767 ἐπὶ
2916 4711 3009 4765 τοῦ
3032 4710 3169 4765 Σιὼν
3198 4711 3353 4782 ὅρους
3387 4709 3614 4763 ἃπασαν

2042 4810 2188 4881 αὑτῷ
2207 4806 2575 4881 προσάγεσθαι
2598 4805 2693 4875 τὴν
2719 4804 3010 4875 θρησκείαν
3039 4803 3115 4872 (p.
3145 4802 3268 4871 184)
3301 4797 3616 4871 προστάξας

2043 4906 2072 4957 ὁ
2102 4904 2232 4966 Θεός
2251 4918 2264 4932 '
2313 4901 2419 4954 οὐδ’
2452 4900 2535 4952 ὅτι
2566 4898 2793 4950 πλεῖστα
2824 4897 2924 4949 ὅσα
2952 4895 3082 4963 ἔθνη
3110 4910 3171 4947 τε
3212 4894 3307 4946 καὶ
3336 4892 3462 4953 τοὺς
3489 4889 3621 4943 τού-

2045 5014 2153 5051 των
2197 4996 2460 5066 ἀρχοντας
2503 4988 2803 5059 περικόψας
2833 5004 2892 5040 τε
2928 4988 3021 5040 καὶ
3064 4985 3279 5056 ἀφελὼν
3312 4982 3617 5045 παντελῶς,

2020 5088 2144 5159 ¹’τὴν
2192 5088 2249 5139 ἐν
2292 5088 2404 5148 τοῖς
2446 5083 2668 5136 ἐκείνων
2711 5079 2894 5143 τόποις
2932 5079 3138 5134 εἴσοδόν
3168 5095 3229 5131 τε
3276 5077 3370 5131 καί
3399 5075 3620 5147 οἴκησιν

2054 5402 2378 5459 Damascum
2420 5410 2474 5457 et
2507 5400 2836 5472 Babylonem
2884 5407 3034 5454 sunt.
3078 5415 3097 5448 ι
3144 5394 3333 5465 Neque
3367 5392 3625 5472 displicet

2054 5496 2315 5573 Yatablus
2339 5497 2429 5567 qui
2450 5468 2831 5561 interpretatur
2854 5490 3177 5573 Hebraicum
3196 5468 3404 5573 φερε-ιβ
3420 5471 3629 5573 Πρέπιῐὶ

2055 5569 2107 5621 in
2158 5557 2415 5690 regiore'm
2464 5584 2498 5620 a
2550 5557 2719 5618 vestra
2759 5557 3403 5616 remotissimam.'Couf.
3454 5560 3628 5612 etiam

2055 5637 2264 5695 Simon.
2319 5652 2407 5693 ex.
3566 5680 3569 5681 ν
