3966 6222
223 310 341 373 381.

1276 310 1827 369 COMMENTARIUS
1854 308 1919 369 IN
1955 308 2170 367 Αιωει
2206 309 2338 367 CAP
2399 309 2487 366 Vl.

3356 298 3465 360 989

226 431 499 502 παρέσχεν
527 429 675 499 ὑμῖν·
711 429 807 484 καὶ
831 431 1044 494 δεικνὺς
1070 430 1167 500 τῆς
1195 430 1355 511 θείας
1374 432 1584 503 δωρεᾶς
1603 432 1663 484 τὸ
1695 431 1790 502 μὲ-

1906 430 2089 485 Emath
2141 444 2435 501 magnam;
2487 435 2545 485 et
2594 425 2908 485 descendite
2957 424 3112 479 illinc
3153 422 3213 506 in
3264 430 3487 477 terrami

225 520 383 593 γεθος
427 519 628 574 ὁπόσον
672 522 811 584 ἐστὶ,
863 542 883 574 ι
912 522 1141 593 Διάϐητε
1180 522 1383 585 πάντες
1425 524 1521 577 καὶ
1551 523 1688 576 ῖδετε
1717 524 1811 586 εἰς.

225 613 500 682 Χαλάνην,
530 614 625 666 καὶ
663 612 901 667 διέλθετε
930 614 1140 667 ἐκεῖθεν
1169 616 1249 677 εἰς
1280 614 1466 684 Δίθὰμ
1494 614 1593 683 τὴν
1629 614 1801 684 μεγά-

224 706 345 776 λην,
382 703 478 756 καὶ
520 703 799 773 κατάϐητε
843 705 1052 758 ἐκεῖθεν
1078 707 1159 768 εἰς
1195 705 1298 775 γῆν
1323 706 1432 760 τῶν
1465 705 1797 774 ἀλλοφύλων,

224 794 324 863 τὰς
365 793 660 863 κρατίστας
694 796 758 846 ἐκ
790 794 979 848 πασῶν
1019 794 1129 848 τῶν
1168 794 1451 865 βασιλειῶν
1500 794 1715 859 τούτων,
1750 797 1799 848 εἰ

224 883 448 941 τιλείονά
492 886 609 937 ἐστι
638 884 708 937 τὰ
736 887 860 957 ὅρια
885 885 1062 939 αὐτῶν
1102 885 1210 939 τῶν
1250 884 1530 956 ὑμετέρων
1559 885 1741 957 ὁρίων.
1774 905 1795 941 ι

224 976 546 1048 Περιέλθετε
576 977 705 1048 γὰρ,
725 978 877 1049 φησι,
906 978 1014 1031 τῶν
1042 994 1099 1030 τε
1127 977 1437 1047 ἀλλοφύλων
1463 978 1557 1031 καὶ
1586 978 1802 1032 πάντων

221 1069 286 1140 δὴ
314 1069 429 1123 τῶν
454 1070 747 1141 περιοίκων
773 1072 874 1141 τὴν
902 1070 1083 1141 χώραν
1110 1086 1125 1101 ·
1175 1070 1271 1125 καὶ
1301 1068 1366 1141 δὴ
1394 1069 1488 1123 καὶ
1516 1068 1616 1133 τὰς
1644 1069 1803 1140 μεγί-

224 1180 361 1226 στας
403 1162 518 1216 τῶν
545 1165 603 1216 ὲν
633 1164 819 1227 αὐτοῖς
850 1162 1057 1216 πόλεων
1091 1162 1311 1226 ἰδόντες,
1336 1161 1453 1214 δοκι
1462 1162 1669 1232 μάσατε
1697 1162 1799 1233 τῆς

220 1269 280 1315 τε
314 1251 504 1321 χώρας
548 1254 645 1322 τῆς
677 1254 949 1325 ὑμετέρας
982 1252 1042 1306 τὸ
1078 1252 1302 1323 μέγεθος
1348 1253 1445 1307 καὶ
1486 1254 1548 1306 τὸ
1572 1252 1795 1315 πλάτος,

222 1342 317 1407 καὶ
345 1341 410 1415 δὴ
437 1342 532 1394 καὶ
559 1343 657 1413 τῆς
672 1342 894 1395 ἐκείνων
915 1358 929 1371 ·
946 1341 1020 1405 ὡς
1049 1341 1115 1395 ἂν
1146 1342 1211 1395 ὲκ
1242 1341 1592 1411 παραθέσεως
1614 1341 1795 1411 γνοίη-

1894 520 2350 591 alienigenarum,
2380 527 2437 575 et
2466 518 2535 573 ad
2559 520 2763 589 optima
2788 531 3017 588 quaeque
3047 513 3200 583 regni
3228 512 3422 566 borum
3447 528 3466 579 ;

1894 612 1941 671 si
1970 611 2194 668 latiores
2225 610 2442 667 termini
2488 625 2677 667 eorum
2717 608 2967 664 terminis
2996 604 3194 661 vestris
3237 610 3389 658 sunt.
3436 620 3458 653 ι

1895 703 2191 775 Peragrate
2221 703 2380 774 122
2394 702 2562 767 enim,
2582 702 2781 772 inquit,
2810 698 3235 767 alienigenarum
3259 702 3313 749 et
3340 693 3465 749 lini-

1898 797 2157 852 timorum
2204 797 2451 851 omnium
2502 795 2814 866 regionem;
2868 801 2923 847 et
2964 799 3252 861 postquam
3295 786 3471 841 mari-~

1896 904 2017 953 mas
2060 890 2306 959 ipsorum
2338 888 2502 945 urbes
2530 884 2920 947 lustraveritis,
2957 882 3223 938 aestimate
3272 886 3470 934 vestra:

1896 980 2146 1051 regionis
2189 978 2624 1051 magnitudinem
2673 991 2737 1031 ac
2792 973 3139 1030 latitudinem
3191 986 3302 1041 prae
3333 970 3466 1036 illis,

1894 1078 1957 1124 ut
1990 1069 2362 1139 comparando
2406 1068 2672 1131 noscatis,
2708 1072 2968 1136 quantam
3012 1062 3169 1119 vobis
3221 1076 3329 1131 pra:
3358 1060 3470 1119 illis

1892 1160 2150 1216 omnibus
2179 1159 2248 1216 ad
2288 1158 2651 1217 habitandum
2697 1166 2899 1213 terram
2934 1153 3286 1218 concesserit,
3316 1161 3375 1207 ut
3407 1152 3465 1208 in

1895 1265 1960 1307 ea
1996 1251 2235 1321 spatiose
2262 1251 2558 1306 admodum
2590 1250 2760 1304 vitam
2789 1246 3079 1318 degeretis.
3116 1246 3315 1301 Postea
3348 1258 3472 1299 rur-

1900 1358 1996 1399 sus
2026 1343 2306 1414 improbos
2336 1343 2555 1399 illorum
2591 1348 2748 1396 actus
2781 1341 3080 1410 vituperat.

219 1452 279 1493 τε
314 1437 448 1506 ὅσην
494 1438 626 1508 ὑμῖν
666 1438 818 1509 παρὰ
851 1438 1057 1501 πάντας
1099 1437 1341 1501 ὲκείνους
1385 1439 1487 1501 εἰς
1512 1437 1726 1508 οἴκησιν
1764 1436 1963 1497 δέδωκε
2006 1439 2131 1509 γῆν,
2174 1438 2249 1503 ὡς
2288 1438 2355 1493 ἃν
2397 1435 2536 1510 μετὰ
2567 1435 2764 1507 πολλῆς
2802 1433 2889 1489 ἐπ’
2917 1434 3084 1505 αὐτῆς
3114 1430 3348 1500 διάγοιτε
3372 1429 3472 1497 τῆς

222 1532 565 1604 εὐρυχωρίας
588 1549 602 1563 ο
638 1530 757 1586 εἶτα
788 1533 947 1587 πάλιν
975 1532 1219 1597 ὀνειδίζει
1245 1533 1341 1596 τὰς
1377 1533 1608 1597 ἀτόπους
1642 1532 1868 1604 πράξεις
1899 1534 2105 1598 αὐτοῖς.

294 1623 441 1692 Στίχ.
477 1622 622 1694 γ’-η’.
656 1655 730 1664 —
756 1643 775 1675 ι
799 1625 862 1676 Oi
891 1623 1175 1694 ἐρχόμενοι
1220 1624 1302 1687 εἰς
1333 1624 1547 1697 ἡμέραν
1588 1625 1785 1693 κακὴν.

1963 1624 2128 1680 Vens.
2162 1623 2281 1680 5-8.
2308 1654 2378 1665 —
2416 1642 2437 1675 ι
2479 1621 2778 1678 Venientes
2812 1621 2869 1675 in
2905 1619 3053 1675 diem
3087 1616 3310 1677 malam,
3340 1624 3472 1683 pr0«

223 1717 275 1770 οἰ
311 1716 622 1784 ἐγγίζοντες
669 1715 764 1771 καὶ
812 1716 1175 1786 ἐφαπτόμενοι
1219 1715 1510 1770 Σαϐϐάτων
1542 1715 1753 1786 ψευδῶν
1777 1734 1791 1749 ο

222 1811 273 1862 οἰ
299 1809 655 1871 καθεύδοντες
682 1808 776 1861 ἐπὶ
810 1806 1005 1861 κλινῶν
1038 1806 1400 1876 ἐλεφαντίνων
1426 1851 1441 1874 ,
1491 1809 1584 1862 καὶ
1629 1824 1799 1862 κατα-

225 1901 609 1964 σπαταλῶντες
627 1901 720 1953 ἐπὶ
747 1903 867 1964 ταῖς
895 1903 1201 1970 στρωμναῖς
1238 1900 1415 1954 αὐτῶν
1436 1917 1451 1932 ο
1498 1902 1549 1954 οἰ
1590 1900 1796 1955 ὲσθίονε

222 2010 311 2057 τες
360 1992 589 2063 ἐρίφους
632 1993 697 2044 ὲκ
756 1990 1039 2061 ποιμνίων,
1076 1992 1169 2043 καὶ
1220 1990 1491 2061 μοσχάρια
1534 1992 1599 2045 ἑκ
1631 1991 1798 2060 μέσου

226 2084 521 2154 βουκολίων
548 2082 830 2154 γαλαθηνὰ
846 2100 859 2112 '
889 2082 1377 2156 οἰὲπικροτοῦντες
1404 2080 1541 2153 πρὸς
1561 2080 1661 2151 τὴν
1684 2098 1800 2149 φω-

225 2176 316 2246 νὴν
346 2174 457 2227 τῶν
486 2174 760 2246 ὀργάνων,
788 2175 863 2240 ὡς
891 2176 1101 2230 ἑστῶτα
1132 2174 1446 2242 ἐλογίσαντο
1472 2174 1564 2228 καί
1601 2173 1699 2242 οὐχ
1724 2173 1801 2235 ὡς

227 2264 518 2332 φεύγονταθ
551 2264 629 2333 (p.
657 2264 781 2333 l85)
815 2265 864 2317 οἰ
890 2265 1133 2330 πίνοντες
1157 2265 1246 2319 τὸν
1273 2263 1608 2334 διυλισμένον
1636 2259 1797 2325 οἶνον,

226 2357 315 2408 καὶ
336 2357 406 2409 τὰ
437 2354 638 2426 πρῶτα
668 2354 816 2427 μύρα
843 2357 1148 2427 χριόμενον
1180 2357 1272 2409 καὶ
1305 2356 1406 2409 οὐκ
1436 2355 1672 2425 ἔπασχον
1709 2355 1801 2408 ἐπὶ

224 2452 287 2518 τῇ
318 2447 585 2518 συντριϐῇ
624 2446 717 2499 τοῦ
760 2446 973 2519 Ἰωσήφ,
1009 2467 1027 2499 ι
1074 2447 1233 2502 Ἀλλὰ
1255 2446 1365 2518 γὰρ
1391 2447 1547 2517 ὑμεῖς
1570 2448 1650 2510 εἰς
1684 2447 1801 2499 πεῖ-

227 2557 322 2610 ραν
348 2539 647 2592 ἐλεύσεσθε
678 2540 778 2609 τῆς
804 2540 1017 2611 ἡμέρας
1041 2540 1277 2610 ἐκείνης,
1316 2542 1349 2611 ἢ
1390 2539 1643 2610 μέγιστον
1674 2539 1801 2609 ὑμῖν

224 2630 386 2699 ἑσμὸν
418 2631 624 2697 ἐπάγει
655 2631 839 2684 κακῶν
864 2648 877 2662 ·
920 2631 977 2684 οἳ
1020 2629 1088 2684 τὰ
1115 2631 1214 2703 μὲν
1255 2630 1509 2685 Σάϐϐατα
1559 2630 1800 2699 μετιέναι

226 2722 639 2791 προσποιεῖσθε,
673 2723 774 2774 οὐκ
817 2722 1095 2787 εὐσεϐείας
1141 2721 1355 2782 ἕνεκεν.
1406 2721 1519 2774 ἀλλ’
1556 2720 1695 2773 ὥστε
1723 2723 1803 2784 εἰς

226 2812 570 2881 παρανομίαν
600 2812 1050 2883 καταχρήσασθαι
1086 2814 1152 2882 τῇ
1184 2810 1369 2883 ἀργίᾳο
1399 2808 1566 2863 πολὺν
1589 2809 1645 2863 δὲ
1675 2808 1803 2877 ἄχρι

223 2905 329 2959 τῶν
349 2905 553 2958 κλινῶν
579 2905 674 2958 καὶ
698 2905 796 2974 τῆς
826 2906 884 2958 ὲν
905 2905 1094 2969 αὑταῖς
1121 2904 1411 2975 στρωμνῆς
1439 2902 1532 2956 τόν
1556 2918 1615 2954 τε
1645 2900 1805 2953 πλοῦ-

223 3012 311 3049 τον
346 2995 785 3066 ἐπιδεικνύμενοι
819 2996 913 3051 καὶ
959 2996 1055 3068 τὴν
1096 2996 1405 3065 ἀσέλγειαν,
1452 2996 1517 3048 ὲκ
1561 2994 1657 3064 τῆς
1696 2992 1804 3045 τῶν

225 3089 474 3156 πενήτων
505 3088 790 3159 ἁρπαγῆς,
817 3088 1039 3158 ἐρίφους
1079 3105 1140 3141 τε
1179 3089 1275 3142 καὶ
1302 3087 1431 3158 βόας
1462 3087 1554 3141 καὶ
1581 3089 1806 3139 παντοῖα

225 3180 630 3249 κατεσφάττετε
673 3178 786 3243 ζῶα
867 3181 1111 3252 ὀργάνων
1156 3197 1216 3233 τε
1262 3179 1427 3251 ᾠδαῖς
1472 3179 1566 3231 καὶ
1595 3177 1807 3247 κρότοις

224 3272 559 3344 κεχρημένοι
582 3272 803 3343 χειρῶν·
827 3267 966 3325 οἶνόν
991 3289 1051 3326 τε
1076 3271 1449 3344 προσφέρεσθε
1470 3268 1806 3339 διυλισμένον

224 3365 298 3428 ὡς
323 3366 390 3419 ἂν
421 3364 673 3426 πλείονος
715 3364 845 3434 ὑμῖν
892 3362 1248 3435 ἐμφορεῖσθαι
1293 3361 1516 3416 δυνατὸν
1546 3361 1766 3432 ὑπάρχῃ
1791 3376 1803 3388 ο

226 3459 318 3511 καὶ
348 3458 414 3529 δὴ
461 3457 566 3510 καί
594 3455 790 3527 μύροις
818 3454 1181 3526 καταχρίεσθε
1217 3454 1489 3517 ἐκλεκτοῖς
1509 3470 1523 3484 °
1559 3453 1652 3507 καὶ
1679 3451 1809 3505 ταῦ·

223 3565 290 3602 τα
316 3549 382 3617 δὴ
419 3546 704 3618 μετῄειτε,
728 3546 1004 3615 διαμένειν
1034 3547 1162 3615 ὑμῖν
1187 3545 1286 3616 τὴν
1314 3545 1607 3599 ἀπόλαυσιν
1628 3544 1808 3597 αὐτῶν

226 3637 665 3710 προσδοκῶντες,
688 3639 784 3691 καὶ
801 3638 922 3690 οὐδὲ
955 3635 1172 3693 πώποτε
1202 3637 1354 3709 ὑμῶν
1378 3635 1804 3706 ἀποστήσεσθαι,

223 3732 323 3783 οὐκ
354 3728 808 3797 ἀναλογιζόμενοί
855 3746 913 3782 τε
958 3730 1080 3783 οἷαν
1117 3727 1238 3782 τινὰ
1275 3729 1415 3797 ὑπὲρ
1444 3727 1647 3780 τούτων
1674 3728 1804 3783 ὑπο·

226 3824 440 3891 μενεῖτε
484 3821 592 3889 τὴν
637 3820 910 3891 τιμωρίαν
938 3836 950 3847 ·
1004 3820 1296 3890 συντριϐὴν
1333 3820 1441 3890 γὰρ
1469 3819 1561 3872 τοῦ
1614 3818 1809 3888 Ἰωσὴφ

225 3909 507 3963 κάνταῦθα
545 3909 709 3962 πάλιν
744 3910 852 3962 ἀπὸ
880 3909 1078 3980 μέρους
1102 3910 1226 3972 τοὺς
1265 3909 1467 3972 πάντας
1500 3907 1645 3977 λέγει
1673 3924 1686 3938 ο
1723 3908 1810 3960 ἵνα

223 4002 378 4072 εἴπῃ,
410 4002 495 4053 ὅτι
532 4001 629 4063 Εἰς
659 3998 870 4053 ἔννοιαν
902 4001 963 4053 οὐ
1001 4000 1302 4070 λαμϐάνετε
1335 4001 1433 4071 τὴν
1465 4000 1559 4053 νῦν
1596 4014 1808 4068 συντρι-

224 4094 351 4161 Sig»,
386 4093 453 4161 ἣν
475 4090 623 4160 ὑπὲρ
648 4090 850 4143 τούτων
876 4090 1212 4161 ὑπομενεῖτε.
1246 4090 1321 4160 (p.
1348 4090 1471 4157 186)
1506 4089 1633 4142 «Διά
1654 4088 1811 4142 τοῦτο

224 4184 320 4235 νῦν
346 4183 696 4253 αἰχμάλωτοι
724 4183 933 4235 ἔσονται
958 4182 1051 4236 ἀπ’
1076 4182 1248 4253 ἀρχῆς
1270 4182 1567 4246 δυναστῶν,
1598 4182 1691 4234 καὶ
1720 4180 1807 4245 ἐξ·

222 4274 533 4345 αρθήσεται
555 4273 918 4343 χρεμετισμὸς
941 4273 1121 4327 ἵππων
1144 4273 1204 4336 ἐξ
1237 4273 1491 4343 Ἐφραίμ·
1526 4260 1611 4325 ὅτι
1630 4271 1810 4342 ὤμοσε

224 4366 437 4437 Κύριος
466 4364 594 4418 καθ’
637 4362 832 4416 ἑαυτοῦ
858 4361 1031 4431 λέγων
1052 4378 1066 4392 ⁸
1104 4362 1306 4434 Κύριος
1334 4363 1362 4414 ὁ
1388 4362 1517 4425 Θεὸς
1571 4360 1700 4419 τῶν,
1722 4359 1803 4411 δυ·

224 4457 491 4545 ξάμεων,
543 4455 680 4508 διότι
731 4454 1085 4525 βδελύσσομαι
1123 4453 1230 4523 ἐγὼ
1284 4455 1459 4508 πᾶσαν
1508 4453 1604 4522 τὴν
1655 4452 1811 4523 ὓϐριν

235 4541 458 4610 Ἰακὼϐ,
493 4547 593 4600 καὶ
619 4546 719 4609 τὰς
752 4546 935 4616 χώρας
962 4545 1124 4598 αὐτοῦ
1157 4544 1459 4615 μεμίσηκα,
1491 4544 1586 4598 καὶ
1632 4541 1812 4613 ὲξαρῶ

226 4637 382 4688 πόλιν
416 4637 517 4688 σὺν
548 4637 687 4687 πᾶσι
712 4637 821 4698 τοῖς
840 4636 1179 4688 κατοικοῦσιν
1208 4635 1428 4703 αὐτήν.»
1470 4634 1682 4702 Ἐπειδὴ
1705 4633 1811 4703 γὰρ

222 4728 419 4783 Οὐδένα
469 4728 635 4788 λόγον
678 4726 785 4779 τῶν
817 4727 1221 4797 ἀπειλουμένων
1255 4726 1491 4780 ποιεῖσθε

225 4820 397 4890 πεῖρα
422 4817 703 4886 γνώσεσθε
730 4821 835 4870 τῶν
861 4818 1208 4889 μηνυομένων
1238 4817 1335 4889 τὴν
1376 4818 1647 4887 (Ξιλήθειαν⁸
1707 4818 1811 4870 ἁπ-

224 4909 549 4979 αχθήσεσθε
584 4909 694 4979 γὰρ
739 4910 973 4974 ἅπαντες
1004 4911 1333 4980 αἰχμάλωτοι
1385 4910 1487 4962 ὑπὸ
1539 4909 1812 4981 ἀρχόντων

222 5002 465 5071 δύναμιν
532 5001 1014 5072 περιϐεϐλημένων
1076 5000 1315 5072 πολλήν⁶
1375 5000 1514 5053 ὥστε
1576 5000 1669 5052 καὶ
1715 4999 1814 5070 τὴν

225 5091 599 5161 παρασκευὴν
647 5092 776 5160 ὑμῖν
820 5093 920 5163 τὴν
963 5092 1263 5161 πολεμικὴν
1320 5091 1415 5142 σὺν
1464 5094 1574 5153 τοῖς
1628 5090 1814 5153 ἵπποις

224 5183 610 5252 ἀφανισθῆναι
643 5184 939 5247 παντελῶς·
972 5183 1158 5254 ἐπειδὴ
1183 5182 1291 5254 γὰρ
1326 5183 1505 5236 πᾶσαν
1537 5180 1690 5252 ὑμῶν
1719 5184 1815 5248 τὴν

223 5272 590 5340 παρανομίαν
618 5272 955 5341 βδελύττεται
979 5272 1129 5335 Θεὸς,
1163 5274 1227 5340 ἢν
1261 5272 1345 5341 ἐφ’
1380 5270 1533 5343 ὕϐρει
1565 5288 1627 5339 γε
1653 5271 1814 5324 αὐτοῦ

223 5363 487 5433 πληροῦν
514 5366 616 5417 οὑκ
644 5366 868 5430 ὀκνεῖτε,
902 5365 1046 5418 ὥστε
1080 5364 1174 5418 καὶ
1202 5364 1299 5425 τὰς
1331 5363 1511 5426 πόλεις
1539 5363 1691 5433 ὑμῶν
1722 5363 1815 5415 καὶ

1518 4767 1533 4791 ,
1579 4726 1713 4797 αὐτῇ
1746 4727 1823 4802 τῇ,

1898 1717 2225 1788 pinquantes
2268 1724 2324 1772 et
2351 1715 2684 1785 attingentes
2715 1712 2852 1766 falsa
2885 1710 3158 1773 Sabbata;
3195 1704 3474 1761 dormien-

1895 1816 1981 1865 tes
2032 1810 2089 1863 in
2138 1808 2299 1864 lectis
2326 1805 2617 1869 eburneis,
2669 1813 2724 1860 et
2779 1801 3127 1858 lascivientes
3178 1798 3233 1852 in
3286 1796 3473 1851 stratis

1897 1902 2056 1967 suis;
2086 1899 2440 1956 comedentes
2477 1896 2664 1952 baidos
2705 1895 2773 1951 de
2810 1893 3091 1965 gregibus,
3125 1896 3179 1945 et
3210 1890 3474 1943 lactentes

1896 1992 2100 2051 vitulos
2129 1990 2199 2046 de
2240 1990 2421 2045 medio
2463 1995 2871 2052 armentorum;
2917 1982 3241 2054 plaudentes
3284 1976 3351 2032 ad
3376 1992 3476 2031 vo-

1898 2099 2015 2140 cem
2054 2095 2409 2153 organorum,
2443 2078 2603 2150 quasi
2629 2078 2856 2133 stabiles
2886 2090 2976 2130 res
3005 2071 3390 2129 existimarunt
3421 2075 3476 2121 et

1899 2190 2007 2232 non
2047 2172 2304 2243 fugaces;
2351 2171 2604 2227 bibentes
2646 2169 2835 2224 vinum
2875 2164 3220 2226 defaecatum,
3272 2168 3327 2216 et
3361 2174 3470 2213 un-

1901 2266 2126 2337 guentis
2152 2264 2347 2335 primis
2377 2260 2628 2332 peruncti
2652 2277 2667 2325 ;
2697 2269 2751 2314 et
2776 2257 2910 2313 nihil
2931 2255 3280 2327 patiebantur
3307 2264 3475 2318 super

1897 2355 2121 2426 Joseplii
2151 2353 2503 2411 contritione.
2549 2370 2568 2402 ι
2606 2351 2988 2406 Verumtamen
3022 2360 3119 2400 vos
3146 2343 3288 2398 diem
3321 2342 3471 2396 illam

1898 2446 2277 2518 experiemini,
2314 2460 2435 2514 qua:
2480 2442 2779 2501 maximum
2828 2438 2984 2493 vobis
3035 2435 3300 2493 malorum
3344 2447 3476 2487 exa-

1901 2557 2025 2599 men
2049 2538 2281 2595 adducet
2306 2556 2322 2591 :
2347 2535 2441 2607 qui
2473 2534 2708 2590 Sabbata
2732 2531 3027 2587 observare
3049 2523 3341 2583 simulatis,
3366 2538 3475 2578 non

1902 2630 2181 2700 religionis
2215 2629 2414 2700 gratia,
2442 2626 2539 2683 sed
2573 2635 2631 2680 ut
2660 2623 2727 2679 ad
2765 2619 3102 2691 peccandum
3139 2616 3253 2671 otio
3282 2613 3478 2668 abuta-

1900 2724 2073 2788 mini;
2125 2723 2357 2776 multum
2408 2721 2636 2787 insuper
2676 2715 2730 2769 in
2765 2712 2919 2769 lectis
2952 2711 3116 2767 etiam
3176 2706 3476 2776 stratisque

1903 2815 2092 2869 luxum
2123 2811 2517 2880 lasciviamque
2545 2824 2614 2864 ex
2644 2818 2943 2877 pauperum
2976 2802 3171 2871 rapina
3195 2806 3503 2865 ostentan-_

1904 2917 2007 2968 tes,
2042 2904 2319 2960 haedorum
2350 2915 2569 2972 quoque
2596 2914 2662 2952 ac
2690 2897 2877 2963 boum,
2905 2902 2956 2949 et
2988 2890 3233 2961 cujusvis
3261 2888 3480 2953 generis

1906 2994 2222 3054 animalium
2243 2991 2531 3045 macellum
2562 2986 2874 3052 instruitis;
2900 2991 2955 3038 et
2984 2982 3126 3047 inter
3146 2992 3478 3049 organorum

1906 3089 2122 3142 cantica
2153 3094 2207 3139 et
2237 3096 2499 3137 manuum
2532 3080 2757 3151 plausus
2790 3077 2978 3131 vinum
3012 3072 3288 3145 apponitis
3316 3068 3482 3122 defae-

1906 3186 2110 3238 catum,
2157 3190 2266 3245 quo
2315 3174 2498 3229 bibere
2544 3169 2753 3241 largius
2798 3166 3059 3238 possitis;
3106 3163 3339 3232 denique
3380 3176 3482 3212 un-

1907 3269 2122 3338 guentis
2149 3281 2365 3335 quoque
2396 3260 2617 3319 selectis
2645 3258 2932 3330 ungimini.
2959 3256 3085 3309 Haec
3108 3260 3286 3307 autem
3316 3250 3481 3305 facie-

1906 3358 2071 3419 batis,
2104 3362 2389 3425 sperantes
2409 3359 2757 3408 constantem
2785 3348 3004 3402 illorum
3036 3358 3218 3408 usum,
3258 3349 3312 3397 et
3339 3356 3481 3399 nun-

1906 3463 2068 3518 quam
2098 3445 2251 3500 vobis
2271 3444 2619 3509 defuturum;
2650 3455 2749 3496 nec
2777 3445 3035 3508 reputare
3063 3432 3319 3490 voluistis
3342 3447 3480 3500 qua-

1906 3540 1976 3593 lis
2014 3546 2069 3591 et
2113 3545 2315 3608 quanta
2364 3534 2521 3588 vobis
2561 3547 2723 3601 paena
2775 3528 2914 3583 foret
2962 3524 3294 3582 sustinenda.
3345 3521 3479 3573 Nam

1905 3627 2126 3696 Josephi
2157 3624 2546 3679 contritionein
2582 3622 2669 3675 liic
2701 3633 2917 3690 quoque
2956 3615 3090 3669 dicit
3126 3623 3333 3684 partem
3383 3628 3481 3681 pro

1910 3720 2108 3789 lsraele
2144 3725 2291 3782 toto;
2332 3716 2383 3769 id
2424 3723 2532 3778 est,
2583 3714 2640 3767 in
2689 3718 2926 3765 mentem
2975 3706 3131 3761 vobis
3174 3720 3281 3759 non
3332 3705 3481 3757 venit

1908 3808 2278 3868 contritionis,
2309 3820 2473 3876 quam
2498 3819 2640 3859 nunc
2670 3817 2731 3857 ea
2758 3809 2976 3871 propter
3006 3795 3278 3868 patimini.
3308 3812 3326 3844 ι
3358 3793 3482 3848 Ideo

1910 3914 2055 3954 nunc
2090 3896 2288 3967 captivi
2336 3904 2496 3950 erunt
2524 3896 2626 3947 sub
2661 3889 2969 3962 principatu
3003 3889 3395 3957 dynastaruni;
3427 3892 3482 3938 et

1909 3990 2185 4047 auferetur
2239 3988 2484 4042 hinnitus
2532 3997 2798 4055 equorum
2849 3996 2916 4035 ex
2968 3977 3284 4047 Ephraimo.
3344 3974 3482 4041 Quia

1910 4087 2117 4157 juravit
2145 4082 2409 4135 Dominus
2442 4094 2537 4149 per
2587 4075 2937 4144 semetipsum
2958 4071 3185 4125 dicens:
3225 4067 3484 4122 Dominus

1916 4178 2055 4231 Deus
2104 4173 2259 4244 123
2293 4172 2579 4233 virtutum,
2628 4166 2916 4222 abominor
2952 4177 3052 4232 ego
3097 4159 3480 4215 contumeliam

1912 4268 2123 4329 Jacobi,
2179 4275 2234 4321 et
2298 4263 2547 4334 regiones
2611 4258 2854 4327 ejusdem
2914 4254 3025 4319 odi,
3097 4252 3483 4318 destruamque

1913 4361 2101 4415 urbem
2153 4370 2277 4409 eum
2325 4354 2581 4409 omnibus
2624 4347 2991 4405 incolentibus
3044 4345 3239 4413 ipsam.
3286 4360 3306 4393 ι
3345 4340 3484 4407 Quia

1913 4452 2092 4505 minas
2142 4445 2296 4503 ﬂocci
2360 4444 2558 4506 facitis,
2617 4440 2988 4510 experimento
3050 4437 3168 4504 ipso
3220 4448 3486 4504 agnosce-

1915 4545 1987 4599 tis
2010 4540 2423 4613 priedietionum
2452 4537 2770 4598 veritatem;
2794 4529 3085 4600 abigemini
3110 4528 3253 4582 enim
3284 4524 3482 4595 captivi

1915 4646 2107 4685 omnes
2143 4627 2244 4683 sub
2292 4624 2627 4698 principibus
2659 4634 2851 4690 magna
2888 4627 3156 4689 potestate
3207 4615 3481 4686 praeditis;

1914 4739 2084 4794 quare
2114 4721 2292 4775 omnis
2335 4726 2516 4772 vester
2557 4724 2852 4786 apparatus
2896 4712 3127 4767 bellicus
3169 4726 3291 4764 cum
3328 4708 3484 4776 equis

1910 4830 2139 4885 prorsus
2172 4810 2477 4882 disperibit.
2507 4807 2637 4862 Nam
2676 4804 2803 4877 quia
2851 4813 3089 4859 vestram
3128 4815 3344 4854 onmem
3386 4812 3482 4849 nec

1910 4908 2138 4977 quitiam
2188 4903 2533 4958 abominetur
2586 4897 2749 4963 Deus,
2802 4912 2964 4967 quam
3015 4896 3071 4948 in
3114 4893 3236 4959 ejus
3291 4896 3485 4943 contu-

1912 4997 2126 5051 meliam
2168 5006 2549 5053 consummare
2601 5005 2709 5045 non
2758 4987 3042 5049 dubitatis,
3102 4983 3173 5036 ita
3216 4990 3275 5035 ut
3319 4980 3485 5033 nrbes

1912 5104 2064 5158 aeque
2090 5103 2151 5141 ac
2183 5086 2432 5157 regiones
2462 5082 2761 5137 sceleribus
2796 5081 2881 5133 bis
2908 5075 3235 5137 redundent,
3289 5072 3484 5127 merito

1924 5181 2085 5235 urbes
2113 5189 2321 5233 vestras
2362 5190 2553 5230 omnes
2586 5188 2651 5227 ac
2700 5171 2949 5239 regiones
2989 5180 3113 5219 eum
3162 5161 3358 5219 incolis
3387 5178 3484 5214 va-

1922 5272 2109 5326 stabit.
2162 5270 2363 5324 Deinde
2390 5268 2461 5322 ob
2488 5263 2879 5322 ostendendam
2913 5255 3484 5325 solitudinis'magni-

1923 5362 2161 5415 ιυιιὶηιιιη
2192 5361 2300 5413 ait:

224 5455 328 5519 τὰς
360 5455 555 5525 χώρας
579 5457 678 5524 τῆς
711 5424 965 5520 ἀσεϐείας
993 5454 1384 5525 πεπληρῶσθαι
1408 5420 1629 5526 ταύτης,
1671 5454 1891 5515 εἰκότως
1924 5451 2135 5513 ἁπάσας
2171 5448 2322 5520 ὑμῶν
2352 5447 2446 5500 σὺν
2485 5446 2604 5507 ταῖς
2632 5441 2835 5512 χώραις
2866 5439 2965 5503 τὰς
2993 5438 3177 5501 πόλεις
3208 5434 3343 5507 μετὰ
3375 5420 3507 5487 τῶν

223 5545 540 5598 οἰκούντων
570 5544 813 5610 ἁφανιεῖ·
858 5539 976 5596 εἶτα
1002 5542 1080 5603 εἰς
1106 5538 1378 5606 ἀπόδειξιν
1405 5543 1497 5595 τοῦ
1523 5541 1781 5613 μεγέθους
1807 5542 1905 5611 τῆς
1933 5538 2258 5611 ἐρημώσεως
2282 5537 2460 5603 λέγει·

248 5648 253 5649 “
298 5640 471 5707 Στίχ.
503 5635 573 5701 θ’,
608 5634 656 5689 ι’.
699 5668 766 5677 -—
802 5657 819 5687 ι
844 5639 955 5691 Καὶ
985 5637 1136 5691 ἔσται
1164 5637 1257 5691 ἐὰν
1285 5636 1653 5706 ἀπολειφθῶσι
1685 5635 1815 5689 δέκα

222 5728 435 5804 ἇνδρες
478 5732 536 5783 ἐν
563 5729 711 5799 οἰκίᾳ
742 5730 873 5800 μιᾷ,
909 5728 1333 5785 ἀποθανοῦνται·
1370 5729 1463 5781 καὶ
1494 5728 1818 5799 ὑπολειφθή-

1996 5635 2156 5687 Vsus.
2193 5635 2247 5693 9,
2289 5626 2374 5684 10.
2410 5660 2477 5670 -—
2508 5648 2528 5681 ι
2569 5626 2635 5681 Et
2670 5627 2792 5691 erit,
2831 5632 2875 5686 si
2910 5622 3268 5680 remanserint
3298 5621 3509 5677 decem'

1926 5729 2023 5782 viri
2045 5729 2094 5780 in
2116 5740 2219 5780 una
2241 5724 2421 5792 domo,
2450 5714 2785 5786 morientur;
2809 5728 2862 5775 et
2882 5716 3236 5775 remanebunt
3258 5714 3482 5787 reliqui;
