3966 6222
431 283 540 339 885

1618 290 1967 348 τηεοουιιι
2005 254 2483 349 uorsunsrsm

3567 292 3679 350 284

430 416 490 463 et
517 411 737 463 sument
762 404 1049 461 domestici
1075 419 1264 461 eorum
1290 422 1307 474 ;
1342 412 1397 462 et
1427 408 1780 465 conabuntur
1812 408 2004 467 efferre

2124 430 2287 466 τονται
2316 413 2366 465 οἰ
2396 410 2730 473 κατάλοιποι,
2766 409 2861 464 καὶ
2889 409 3146 481 λήψονται
3175 412 3221 463 οἰ
3254 410 3443 465 οἰκεῖοι
3472 413 3675 467 αὐτῶν⁴

436 504 600 557 domo
625 515 754 557 ossa
783 515 1006 565 eorum;
1040 510 1095 554 et
1123 499 1266 553 dicet
1290 498 1358 555 iis
1393 500 1486 570 qui
1516 510 1759 569 praesunt
1782 502 2002 560 domui:

433 593 575 647 Num
606 594 783 647 adhuc
810 590 954 662 apud
982 598 1036 646 te
1065 590 1191 646 est?
1219 589 1284 643 Et
1312 591 1457 647 dicet
1484 609 1498 645 :
1525 591 1901 664 Nequaquam.
1936 594 2003 649 Et

432 685 624 741 dicet:
686 683 846 750 Tace,
895 692 955 738 ut
1002 699 1113 738 non
1158 683 1410 739 nomines
1458 700 1657 741 nomen
1704 685 1940 742 Domini.
1980 706 2000 739 ι

435 776 685 833 Profecto
710 776 797 831 his
822 775 987 831 dictis
1026 776 1169 831 inest
1195 776 1506 833 obscuritas
1532 780 1702 833 multa
1735 780 1802 835 ad
1828 780 2007 851 expla-

434 869 713 935 nandum;
744 867 1063 939 videturque
1086 869 1239 925 locus
1262 870 1459 925 similis
1509 870 1586 925 illi
1619 871 1674 926 in
1714 870 1910 929 Genesi
1938 874 2008 941 “,

436 963 531 1018 ubi
552 962 619 1017 de
649 961 1015 1018 conventione
1043 977 1223 1018 sermo
1253 971 1337 1019 est
1365 962 1569 1019 Labani
1594 973 1648 1020 et
1669 964 1854 1022 Jacobi
1871 966 2013 1022 inter

435 1070 517 1122 se,
546 1056 695 1111 circa
718 1056 898 1110 ovium
915 1063 1125 1126 partus,
1155 1062 1308 1112 utros
1338 1056 1533 1112 horum
1563 1058 1650 1113 hic
1676 1060 1760 1114 vel
1790 1059 1881 1115 ille
1910 1060 2007 1115 ha-

434 1148 622 1214 beret;
652 1162 775 1201 nam
808 1155 959 1202 certe
1002 1153 1056 1201 et
1091 1147 1224 1203 illud
1261 1146 1476 1203 laborat
1519 1150 1576 1204 in
1603 1150 1784 1207 verbis
1818 1151 2014 1207 obscu-

449 1240 632 1304 ritate,
674 1255 774 1296 nec
808 1238 917 1295 nisi
952 1239 1383 1307 interpretando,
1417 1257 1616 1298 sensus
1643 1243 1763 1312 ejus
1791 1241 2015 1298 deduci-

438 1338 532 1383 tur
558 1328 626 1383 ad
655 1330 983 1385 claritatem.
1016 1327 1243 1399 Oportet
1275 1340 1456 1385 autem
1485 1341 1540 1386 et
1565 1331 1854 1405 praesentis
1880 1331 2014 1387 dicti

437 1437 661 1477 sensum
711 1434 1005 1492 exponere,
1046 1421 1283 1477 obscura
1332 1422 1576 1478 dictione
1620 1422 1780 1479 nobis
1809 1422 2014 1478 recita-

437 1522 573 1567 tum.
608 1512 873 1568 Nimirum
904 1513 1020 1568 hac
1048 1514 1123 1568 ait
1158 1514 1441 1584 propheta,
1475 1513 1787 1584 significare
1823 1513 2017 1570 volens

440 1604 729 1657 anaximam
780 1602 897 1659 fore
935 1603 1267 1667 vastitatem.
1315 1602 1451 1658 Nam
1499 1618 1663 1673 saepe,
1706 1603 1906 1676 inquit,
1958 1604 2016 1659 in

441 1695 618 1766 ampla
656 1710 721 1750 ac
745 1710 1037 1751 numerosa
1063 1693 1272 1749 familia
1302 1696 1384 1750 vix
1427 1695 1617 1751 decem
1654 1696 2017 1753 remanebunt

2108 503 2203 556 καὶ
2234 502 2607 573 παραὸιῶνται
2651 500 2745 555 τοῦ
2790 502 3095 570 ἐξενεγκεῖν
3138 500 3208 554 τά
3243 502 3380 555 ὀστά
3404 502 3585 557 αὐτῶν
3612 506 3681 558 ἐκ

2107 592 2201 646 τοῦ
2232 593 2383 646 οἴκου
2402 608 2417 623 ο
2454 590 2556 646 »καὶ
2587 591 2705 662 ἐρεῖ
2730 594 2842 655 τοῖς
2868 590 3230 663 προεστηκόσι
3247 589 3342 642 τοῦ
3362 595 3513 648 οἰκον
3540 613 3556 628 ο
3613 598 3679 650 Εἰ

2108 683 2190 737 ἐτι
2215 684 2451 754 ὑπάρχει
2480 682 2629 755 παρά
2657 683 2739 737 σοί
2766 700 2780 714 ’
2826 684 2922 738 καὶ
2945 686 3091 756 ἐρείο
3126 685 3323 739 Οὐκέτι
3348 702 3363 717 ο
3405 688 3497 740 καὶ
3523 689 3642 759 ἐρεῖ
3662 704 3680 718 ·

2109 777 2245 846 Σιγα
2274 792 2289 809 ·
2349 776 2538 829 ἕνεκεν
2572 774 2669 829 τοῦ
2704 774 2780 848 μὴ
2804 776 3070 847 ὀνομάσαι
3108 777 3168 831 τὸ
3191 778 3363 848 ὄνομα
3394 781 3621 852 Κυρίου.
3657 800 3676 832 ι

2111 869 2187 940 (p.
2211 868 2336 941 187)
2383 870 2539 922 Ἔστι
2577 869 2676 940 μὲν
2701 871 2764 922 ἐκ
2791 869 2891 938 τῆς
2921 870 3215 940 ἑρμηνείας
3248 871 3482 941 ἀσάφεια
3510 872 3688 946 πολλὴ

2111 961 2573 1032 συμπεπλεγμένη
2601 961 2678 1032 τῷ
2712 961 2893 1033 ρητῷ⁶
2928 962 3024 1015 καὶ
3048 963 3307 1035 παρέοικέ
3332 981 3392 1017 τε
3420 963 3497 1035 τῷ
3527 966 3587 1020 ἐν
3614 970 3687 1038 τῇ

2112 1054 2308 1119 κτίσει,
2338 1051 2466 1107 ἔνθα
2493 1052 2624 1124 περὶ
2650 1052 2759 1106 τῶν
2786 1051 3071 1123 συνθηκῶν
3111 1053 3279 1122 λέγει,
3314 1054 3383 1119 ἀς
3412 1056 3601 1111 Λάεαν
3623 1074 3688 1109 τε

2113 1145 2208 1199 καὶ
2250 1143 2444 1199 Ἰακὼὸ
2476 1145 2802 1215 ἐποιήσαντο
2849 1144 2984 1216 πρὸς
3010 1144 3291 1215 ἀλλήλους,
3338 1147 3430 1200 ἐπὶ
3467 1147 3546 1217 τῷ
3575 1147 3687 1200 τῶν

2113 1238 2397 1310 προϐάτων
2422 1238 2492 1292 τὰ
2517 1237 2829 1309 τικτόμενα,
2851 1238 2921 1292 τά
2947 1237 3044 1308 μὲν
3076 1237 3285 1303 τοῦτον,
3310 1237 3380 1291 τὰ
3405 1238 3453 1292 δ’
3479 1240 3691 1293 ἐκεῖνον

2119 1331 2287 1402 ἔχειν·
2319 1332 2440 1385 ἐπεὶ
2468 1331 2686 1385 κάκεῖνο
2712 1329 2922 1399 ἀσαφὲς
2948 1331 3048 1402 μέν
3070 1330 3219 1397 ἐστιν
3258 1332 3317 1384 ἐν
3343 1333 3409 1402 τῇ
3438 1330 3580 1396 λέξει
3605 1348 3621 1363 ’
3660 1333 3691 1385 ό

2112 1421 2172 1475 δὲ
2200 1421 2324 1487 νοῦς
2358 1421 2450 1476 ἐπὶ
2477 1422 2576 1494 τῆς
2622 1423 2915 1495 ἑρμηνείας
2956 1422 3171 1493 δέχεται
3212 1422 3313 1494 τὴν
3350 1424 3648 1493 σαφήνειαν
3672 1440 3687 1453 ·

2114 1512 2327 1583 ἀνάγκη
2373 1512 2431 1566 δέ
2476 1513 2572 1567 καὶ
2621 1512 2811 1568 τούτου
2854 1514 2947 1567 τὸν
2994 1512 3118 1568 νοῦν
3152 1513 3423 1580 ἐκθεῖναι,
3462 1515 3693 1584 ἀσαφῶς

2116 1604 2446 1676 δηλούμενον
2480 1608 2539 1659 ἐν
2562 1609 2628 1678 τῇ
2667 1605 2812 1671 λέξει
2838 1623 2853 1638 ·
2901 1605 3148 1677 βούλεται
3170 1606 3279 1678 γὰρ
3311 1607 3391 1671 εἰς
3419 1607 3695 1674 ἀπόδειξιν

2116 1698 2217 1767 τῆς
2241 1696 2695 1769 καταληψομένης
2723 1698 2921 1761 αὐτοὺς
2957 1698 3193 1770 ἐρημίας
3230 1699 3307 1762 ὡς
3350 1698 3492 1767 ἀγαν
3521 1698 3698 1770 οῦσης

442 1764 713 1853 homines,
742 1789 955 1845 caneris
986 1788 1115 1844 belli
1140 1787 1494 1843 multifariam
1527 1788 1852 1855 interfectis,
1879 1804 2018 1859 quo-

2124 1764 2386 1859 μεγίστης
2404 1764 2562 1849 τοῦτο
2583 1764 2778 1856 εἰπεῖν,
2804 1791 2887 1845 ὅτι
2908 1764 3194 1854 Πολλάκις,
3223 1764 3409 1862 φησιν,
3430 1791 3488 1858 ἐξ
3512 1764 3699 1855 οἰκίας

446 1882 610 1937 modo
658 1893 712 1937 et
751 1882 805 1936 in
846 1881 1223 1952 superioribus
1267 1882 1424 1948 dixit,
1447 1881 1515 1937 de
1554 1891 1771 1938 centum
1831 1881 2019 1937 decem

443 1973 867 2044 superfuturos;
911 1983 964 2030 et
998 1974 1066 2030 de
1092 1974 1262 2040 mille,
1300 1984 1542 2030 centum.
1577 1973 1717 2029 Tum
1763 1974 2017 2040 mortuis,

444 2065 650 2134 inquit,
680 2065 915 2129 caeteris,
949 2065 984 2119 ii
1009 2065 1104 2135 qui
1139 2065 1534 2136 superfuerint,
1553 2066 1797 2121 sedulam
1815 2064 2023 2122 dabunt

441 2172 663 2227 operam
692 2165 752 2211 ut
784 2157 969 2212 omnia
999 2159 1403 2213 exstinctorum
1444 2172 1677 2228 corpora
1722 2174 1845 2229 qua:
1873 2159 2022 2214 intus

418 2244 646 2321 rjacent,
695 2245 923 2301 efferant
965 2262 1029 2301 ac
1063 2247 1359 2316 sepultura:
1398 2249 1637 2303 tradant.
1684 2248 1799 2304 Hoc
1839 2258 2020 2305 autem

443 2340 541 2403 ait,
581 2340 708 2409 quia
739 2339 1077 2395 multimodis
1120 2339 1280 2412 125
1327 2342 1383 2395 in
1427 2342 1570 2397 bello
1615 2352 1827 2413 strages
1860 2343 2015 2407 ﬁunt,

442 2442 496 2487 et
535 2432 683 2487 varie
717 2432 889 2487 occisi
919 2434 974 2488 in
1006 2433 1240 2488 diversis
1284 2433 1483 2488 aedium
1515 2436 1763 2504 partibus
1793 2435 1977 2504 iacent
2006 2454 2020 2490 :

442 2522 753 2594 acciditque
802 2525 1100 2589 interdum,
1159 2534 1219 2580 ut
1265 2525 1373 2581 hoc
1425 2542 1608 2581 rerum
1659 2534 1801 2582 statu
1842 2537 2024 2597 partes

443 2633 663 2688 quoque
694 2619 890 2674 aedium
914 2618 1192 2674 nonnullae
1224 2620 1607 2683 convellantur
1631 2630 1685 2676 et
1716 2622 1771 2676 in
1795 2637 2025 2691 corpora

444 2710 728 2765 decidant.
760 2710 885 2766 ldeo
911 2711 1097 2778 etiam,
1138 2721 1430 2776 conantur,
1464 2712 1640 2778 dixit;
1670 2721 1730 2767 ut
1756 2712 2025 2785 signiticet

445 2802 780 2858 laboriosum
842 2818 943 2860 nec
993 2803 1154 2858 facile
1197 2804 1399 2860 habere
1445 2806 1724 2877 negotium
1774 2821 1870 2862 eos
1926 2806 2024 2877 qui

444 2894 712 2950 cadavera
780 2896 963 2950 omnia
1028 2895 1290 2951 mandare
1356 2899 1652 2967 sepultura:
1720 2899 2016 2955 voluerint.

445 2986 657 3041 Deinde
678 2989 805 3041 ait:
857 2987 1183 3044 lassitudine
1219 2987 1459 3044 confecti
1512 2991 1582 3045 ob
1620 2990 1888 3045 elatorum
1934 3005 2026 3046 ca-

2123 1879 2383 1950 μεγίστης
2405 1880 2829 1953 πολυανθρώπου
2855 1884 3013 1953 μόγις
3033 1883 3516 1954 ὑπολειφθήσονται
3536 1883 3695 1948 δέκα,

2119 1971 2228 2025 τῶν
2268 1972 2469 2027 λοιπῶν
2512 1974 2903 2045 ἀναιρεθέντων
2943 1978 3001 2029 ἐν
3038 1974 3117 2047 τῷ
3145 1976 3364 2046 πολέμῳ
3392 1975 3655 2040 ποικίλως
3679 1993 3696 2006 ο

2120 2060 2229 2119 οἷόν
2258 2082 2311 2119 τι
2337 2066 2432 2120 καὶ
2463 2067 2520 2119 ἐν
2554 2068 2666 2130 τοῖς
2700 2067 2996 2138 ἀνωτέροις
3024 2068 3209 2139 φησὶν,
3250 2067 3331 2119 ὅτι
3365 2068 3428 2119 ἐκ
3462 2067 3559 2137 μὲν
3585 2068 3703 2120 τῶν

2121 2158 2336 2221 ἐκατὸν,
2378 2158 2510 2212 δέκα
2560 2158 2813 2230 μενοῦσιν
2836 2176 2852 2191 ο
2905 2160 3097 2214 ἐκατὸν
3130 2159 3208 2221 δὲ,
3259 2162 3323 2213 ἐκ
3352 2160 3460 2212 τῶν
3485 2159 3698 2230 χιλίων.

2122 2245 2276 2313 Εἶτα,
2309 2250 2493 2320 φησὶν,
2520 2249 2901 2304 ἀποθανόντων
2925 2249 2994 2303 τά
3020 2248 3250 2320 σώματα
3271 2250 3364 2303 καὶ
3393 2249 3539 2302 ἔνδον
3580 2267 3700 2302 κει⁹

2126 2342 2300 2413 μένων
2328 2342 2633 2411 ἐξενεγκεῖν
2678 2360 2739 2395 τε
2785 2343 2879 2396 καὶ
2929 2340 3264 2413 παραδοῦναι
3302 2344 3446 2412 ταφῇ
3474 2358 3488 2371 ·
3538 2340 3705 2393 τοῦτο

2122 2435 2179 2489 δὲ
2205 2435 2351 2504 λέγει
2380 2436 2455 2499 ὡς
2487 2434 2581 2489 καὶ
2616 2433 2711 2488 τοῦ
2742 2434 2980 2506 πολέμου
3016 2433 3391 2504 πολυτρόπους
3416 2426 3704 2496 ποιοῦντος

2122 2526 2221 2591 τάς
2248 2526 2479 2596 σφαγὰς,
2520 2527 2616 2581 καὶ
2642 2525 2754 2580 τῶν
2780 2525 3187 2597 ἀναιρουμένων
3213 2524 3471 2587 ποικίλως
3498 2525 3558 2576 ἐν
3582 2525 3707 2577 δια-

2124 2620 2309 2690 φόροις
2332 2618 2522 2690 μέρεσι
2546 2618 2644 2689 τῆς
2705 2617 2882 2680 οἰκίας
2901 2616 3187 2686 κειμένωψ
3217 2617 3292 2681 ὼς
3317 2619 3375 2670 ἐν
3404 2616 3629 2689 τοιαύτῃ
3646 2617 3705 2670 δὲ

2125 2710 2459 2764 καταστάσει
2509 2711 2604 2764 καί
2638 2727 2802 2764 τινων
2826 2708 2933 2764 τῶν
2961 2710 3062 2779 τῆς
3086 2710 3262 2774 οἰκίας
3304 2710 3484 2781 μερῶν
3531 2727 3707 2764 κατα-

2127 2803 2428 2875 σπωμένων
2454 2820 2519 2856 τε
2552 2803 2650 2857 καί¹
2688 2802 2998 2857 πιπτόντων
3024 2805 3135 2866 τοῖς
3167 2801 3418 2873 σώμασι·
3471 2803 3547 2873 (p.
3578 2802 3707 2871 188)

2124 2894 2205 2948 διὸ
2249 2894 2344 2947 καί¹
2374 2894 2454 2959 τὸ,
2490 2894 2913 2964 παραϐιῶνται,
2950 2889 3103 2948 εἶπεν
3124 2910 3136 2923 ⁶
3177 2894 3390 2957 δεικνὺς
3411 2894 3490 2947 ὅτι
3522 2909 3711 2964 παρα-

2127 2987 2481 3059 6ε6ιασμένον
2528 2988 2622 3041 καὶ
2654 2989 2755 3042 οὐκ
2800 2986 3022 3041 εὔκολον
3068 2986 3404 3058 ἐπιχειροῦσι
3445 2988 3709 3057 πρᾶγμα,

444 3077 705 3133 daverum
730 3078 1159 3144 multitudinem,
1188 3081 1351 3135 verba
1376 3080 1624 3151 quaedam
1655 3083 1875 3147 facient,
1908 3098 2022 3137 mu-

2127 3079 2195 3133 τά
2246 3079 2474 3151 σώματα
2515 3081 2732 3135 ἅπαντα
2773 3079 3089 3151 βουλόμενοι
3135 3082 3279 3151 ταφῇ
3326 3078 3661 3151 παραδοῦναι
3690 3098 3704 3109 ·

446 3177 543 3224 tuo
575 3170 932 3235 altercantes,
963 3187 1092 3225 num
1121 3173 1307 3226 omnia
1335 3181 1621 3243 exportata
1642 3174 1754 3229 sint
1776 3188 2025 3245 corpora,

447 3276 518 3314 an
550 3260 731 3316 adhuc
771 3263 955 3333 aliqua
985 3262 1262 3335 insepulta
1288 3263 1545 3334 iaceant;
1583 3272 1638 3319 et
1677 3264 1895 3334 quidem
1927 3265 2026 3317 de-

447 3354 559 3406 mui
591 3354 945 3422 praesidentes
988 3354 1213 3411 denotat
1241 3354 1364 3411 illos
1392 3355 1485 3426 qui
1519 3371 1585 3411 ex
1633 3358 1891 3413 universo
1926 3371 2029 3409 nu-

448 3460 623 3510 mero,
663 3444 851 3501 decem
882 3457 1298 3504 remanserant:
1326 3448 1484 3520 quasi
1518 3464 1650 3519 ergo
1685 3448 1890 3504 mutuis
1914 3465 2031 3506 ser-

452 3537 707 3592 monibus
747 3537 821 3591 ita
866 3538 1153 3609 loquentes
1197 3539 1525 3595 introducit.
1572 3539 1870 3609 Postquam
1900 3556 2032 3595 vero

449 3639 648 3685 cuncta
680 3629 875 3687 efferre
904 3640 959 3686 et
996 3632 1230 3702 sepelire
1273 3633 1541 3689 cadavera
1583 3633 1881 3704 potuerint,
1915 3641 2029 3689 tum

450 3723 668 3777 demum
695 3724 907 3778 nullum
944 3723 1056 3794 jam
1084 3740 1370 3782 remanere
1402 3725 1470 3782 de
1504 3728 1792 3782 exstinctis
1829 3742 2032 3797 cogno-

451 3821 627 3878 scent,
675 3815 802 3869 dum
851 3816 1019 3870 altum
1067 3816 1262 3871 aedium
1302 3817 1583 3873 silentium
1632 3820 1915 3881 videbunt.
1960 3819 2032 3876 ob

452 3906 766 3961 occisorum
810 3909 1211 3965 multitudinem
1242 3917 1296 3965 et
1335 3910 1731 3980 inquilinornm
1782 3911 2033 3967 solitudi-

452 4012 600 4063 nem,
631 4000 822 4068 paucis
853 3999 1146 4054 admodum
1176 4000 1383 4056 relictis
1414 4002 1469 4055 in
1506 4009 1614 4053 tam
1645 4015 1840 4070 magna
1868 3999 2033 4055 domo

452 4098 714 4161 tantoque
744 4090 1108 4146 habitantium
1146 4106 1396 4147 numero.
1446 4092 1629 4158 Quare
1668 4092 1926 4146 taciturni
1975 4091 2029 4145 in

453 4183 657 4239 talibus
682 4184 961 4253 tantisque
988 4182 1149 4238 malis
1176 4181 1336 4249 ﬁent;
1363 4196 1427 4236 ac
1459 4198 1627 4253 prope
1653 4183 1853 4238 amissa
1875 4197 2030 4245 voce,

453 4285 675 4346 propter
708 4292 966 4333 aerumna:
1012 4291 1280 4332 summam
1313 4278 1658 4349 gravitatem,
1701 4285 1883 4331 mente
1917 4286 2030 4331 tum

452 4367 759 4432 revolvent,
805 4383 1057 4438 quamam
1097 4380 1207 4423 tam
1252 4368 1492 4422 dirorum
1549 4368 1817 4422 malorum
1863 4380 2029 4423 causa

2129 3168 2250 3226 εἷτά
2270 3189 2456 3244 φησιν’
2498 3172 2849 3235 Ἀπειπόντες
2879 3170 3017 3243 πρὸς
3057 3172 3118 3225 τὸ
3164 3170 3275 3223 τῶν
3318 3171 3712 3240 ἐξενεχθέντων

2129 3262 2332 3334 πλῆθος
2380 3263 2590 3335 νεκρῶν
2615 3301 2630 3326 ,
2682 3262 2872 3331 λόγους
2919 3263 2983 3334 δή
3023 3278 3174 3325 τινας
3206 3262 3521 3331 ποιήσονται
3568 3259 3712 3329 πρὸς

2128 3354 2391 3426 ἀλλήλους
2416 3353 2965 3425 διαμφισϐητοῦντες·
3011 3354 3119 3406 εἴτε
3150 3352 3258 3425 ἄρα
3313 3352 3489 3406 πάντα
3519 3350 3713 3420 ἐξενή-

2130 3445 2440 3514 νεγκταιτά
2470 3443 2718 3515 σώματα,
2749 3444 2859 3496 εἴτε
2891 3444 2985 3496 καὶ
3012 3442 3090 3496 ἔτι
3112 3442 3195 3512 εἴη
3227 3443 3453 3514 κείμενα
3482 3443 3671 3509 ἄταφα
3693 3458 3709 3471 ο

2130 3538 2532 3609 προεστηκότας
2556 3533 2663 3604 γὰρ
2706 3535 2804 3606 τῆς
2848 3535 3025 3598 οἰκίας
3071 3533 3268 3598 αὐτοὺς
3315 3533 3443 3597 τοὺς
3488 3533 3715 3586 ύπολειυ

2131 3628 2361 3698 φθέντας
2391 3626 2451 3692 ἐξ
2489 3627 2745 3682 ἀπάντων
2771 3626 2920 3694 λέγει
2942 3628 3070 3690 τοὺς
3107 3626 3257 3691 δέκα,
3290 3620 3402 3678 οἷον
3426 3625 3604 3677 εἰπεῖν
3633 3624 3716 3687 ὡς

2131 3714 2198 3772 ἂν
2224 3718 2361 3788 πρὸς
2392 3716 2653 3786 ἀλλήλους
2680 3717 2941 3787 ἐροῦντας
2970 3733 3031 3769 τε
3063 3715 3266 3769 ταῦτα’
3299 3713 3471 3767 ἐπειδ’
3500 3714 3568 3767 ἂν
3596 3713 3713 3783 γὰρ

2131 3812 2311 3874 αὐτοῖς
2338 3811 2627 3880 ἐγγένηταί
2665 3827 2781 3874 πως
2815 3809 2992 3863 πάντα
3018 3825 3080 3871 τε
3109 3807 3361 3861 ἐκϐαλεῖν
3404 3806 3499 3860 καὶ
3559 3810 3712 3877 ταφῇ

2132 3905 2464 3977 παραδοῦναι
2498 3903 2569 3957 τά
2596 3901 2843 3974 σώματα,
2884 3901 3182 3970 γνώσονται
3218 3902 3315 3973 μὲν
3339 3900 3520 3953 ούκέτι
3548 3899 3716 3962 ὄντας

2130 3996 2374 4067 νεκρούς·
2404 3996 2637 4067 ὁρῶντες
2664 3994 2773 4065 γὰρ
2797 3994 2897 4065 τὴν
2927 3994 3263 4064 κατέχουσαν
3286 3992 3379 4046 τὸν
3414 3988 3562 4045 οἰκον
3588 3993 3718 4061 ἡσυ-

2131 4089 2255 4160 χίαν
2286 4088 2351 4141 ἐκ
2382 4106 2442 4141 τε
2470 4087 2565 4141 τοῦ
2596 4087 2831 4158 πλήθους
2855 4086 2963 4141 τῶν
2989 4086 3344 4141 ἀπολωλότων
3366 4087 3461 4139 καὶ
3480 4085 3583 4155 τῆς
3602 4086 3716 4139 τῶν

2130 4180 2422 4235 οἰκούντων
2463 4180 2719 4252 ἐρημίας,
2751 4180 2891 4248 ἀγαν
2935 4179 3380 4248 ὑπολειφθέντων
3413 4177 3613 4246 ὀλίγων
3652 4179 3718 4244 ἐξ

2131 4272 2306 4335 οἰκίας
2347 4288 2407 4324 τε
2437 4270 2705 4343 τοσαύτης
2735 4271 2828 4324 καί⁵
2866 4270 3104 4341 πλήθους
3139 4270 3248 4324 τῶν
3290 4270 3584 4323 οἰκούντων
3614 4270 3719 4322 αύ-

2133 4366 2233 4438 τήν
2256 4383 2269 4395 ·
2302 4368 2484 4436 σιωπῇ
2516 4365 2574 4419 δέ
2607 4382 2712 4418 τινι
2741 4363 3168 4434 κατασχεθέντες
3196 4364 3289 4415 ἐπὶ
3312 4361 3587 4426 τοσούτοις
3615 4364 3719 4416 καὶ

449 4459 780 4515 exstiterit:
835 4461 982 4531 quod
1031 4478 1261 4534 nempe,
1316 4461 1500 4517 divino
1543 4461 1697 4515 cultu
1750 4461 2022 4532 neglecto,

2130 4457 2471 4530 τηλικούτοις
2511 4449 2760 4525 γεγονόσί
2790 4458 3012 4520 κακοίςο
3044 4456 3137 4508 καὶ
3171 4454 3333 4525 μόνον
3360 4454 3462 4507 ούκ
3494 4454 3727 4525 ἀφωνίᾳ

450 4559 873 4625 contemptoque
906 4556 1233 4613 universalis
1264 4557 1480 4613 Domini
1513 4556 1751 4620 nomine,
1786 4556 1946 4611 idolis
1963 4572 2024 4611 se

451 4644 784 4713 addixerint,
824 4647 1032 4703 idcirco
1067 4651 1183 4704 hazc
1223 4650 1325 4706 sibi
1364 4650 1614 4705 evenisse
1654 4649 1819 4713 mala,
1849 4649 2025 4719 (περιί-

454 4728 695 4804 vitatem,
737 4739 937 4795 aedium
976 4742 1215 4806 ruinam,
1267 4743 1676 4798 interfectorum
1726 4742 2026 4797 multitudi-

451 4845 599 4898 nem,
631 4830 998 4886 habitantium
1029 4834 1405 4890 solitudinem.
1437 4833 1601 4889 Addit
1622 4849 1751 4905 ergo
1776 4834 1930 4905 quasi
1955 4834 2032 4888 ad

452 4923 726 4979 dictorum
764 4924 1235 4980 confirmationem
1266 4942 1282 4980 :

2128 4550 2422 4621 ληφθέντες
2446 4548 2536 4602 διά
2557 4550 2657 4617 τὴν
2698 4546 2805 4600 τῶν
2830 4546 3234 4619 ἐπεληλυθότων
3258 4546 3445 4599 κακῶν
3475 4548 3721 4617 ὑπερδο-

2128 4643 2248 4716 λὴν,
2286 4640 2695 4709 ἀναλογιοῦνται
2727 4638 2849 4690 τότε
2876 4637 2941 4709 δὴ
2971 4637 3078 4691 τῶν
3108 4637 3408 4706 γεγονότων
3439 4637 3720 4691 τοσούτων

2129 4736 2224 4790 καὶ
2245 4731 2579 4804 τηλικούτων
2597 4729 2783 4784 κακῶν
2813 4730 2911 4799 τὴν
2935 4727 3134 4781 αἰτίαν·
3159 4728 3253 4780 καὶ
3275 4728 3355 4780 ὅτι
3383 4726 3524 4798 ὑπὲρ
3547 4721 3623 4779 ὧν
3642 4727 3719 4780 δι’

2130 4827 2388 4901 ἀμελείας
2414 4824 2569 4896 ἔσχον
2595 4822 2693 4895 τὴν
2716 4821 2809 4875 τοῦ
2835 4821 2990 4874 Θείου
3016 4819 3329 4892 θεραπείαν,
3354 4820 3721 4889 ἁπωοάμενοί

2130 4940 2191 4976 τε
2219 4921 2319 4992 τὴν
2349 4916 2644 4989 ὀνομασίαν
2687 4914 2782 4968 τοῦ
2828 4915 3043 4968 πάντων
3076 4911 3304 4983 Κυρίου,
3340 4912 3721 4983 προσανέσχον

452 5021 711 5087 εἰδώλοις,
747 5022 823 5092 (p.
860 5021 982 5092 189)
1008 5020 1180 5074 ταῦτα
1205 5020 1270 5091 δὴ
1308 5020 1491 5085 αὐτοῖς
1528 5021 1823 5093 ἐπελήλυθε
1861 5021 1931 5075 τὰ
1973 5021 2139 5085 κακά,
2173 5013 2520 5089 αἰχμαλωσία
2549 5028 2631 5078 τε,
2664 5011 2757 5063 καὶ
2783 5010 2944 5061 οίκων
2975 5008 3347 5073 κατάπτωσις,
3381 5006 3476 5058 καὶ
3506 5005 3722 5075 πλῆθος

453 5114 869 5185 ἀναιρεθέντων,
902 5115 995 5169 καὶ
1020 5114 1310 5169 οἰκούντων
1342 5114 1563 5187 ἐρημία·
1592 5117 1785 5186 ἐπάγει
1813 5114 1943 5185 γοῦν
1969 5116 2156 5186 ὥσπερ
2188 5114 2268 5176 εἰς
2298 5108 2586 5181 βεϐαίωσιν
2615 5107 2724 5160 τῶν
2750 5101 3074 5174 εἰρημένων·

528 5290 695 5347 Vens.
723 5293 904 5348 11-15.
928 5326 998 5334 -
1028 5312 1047 5346 ι
1081 5294 1210 5351 Ideo
1236 5310 1364 5351 ecce
1394 5292 1654 5350 Dominus
1682 5296 1922 5363 mandat,
1968 5305 2024 5351 et

458 5385 726 5457 percutiet
773 5384 993 5440 domum
1030 5402 1280 5457 magnam
1324 5387 1520 5452 ruinis.
1554 5397 1611 5443 ct
1653 5387 1870 5442 domum
1901 5403 2024 5457 par-

460 5496 580 5532 vam
612 5477 995 5534 scissionibus.
1038 5497 1056 5530 ι
1085 5478 1251 5545 Quasi
1277 5495 1501 5535 causam
1530 5480 1741 5544 dicens,
1770 5495 1870 5533 cur
1907 5488 2027 5533 tan-

461 5574 552 5622 tus
574 5565 791 5623 futurus
828 5566 908 5622 sit'
938 5567 1094 5621 lahor
1118 5576 1460 5628 mortuorum
1505 5585 1733 5641 corpora
1770 5570 2026 5627 efferendi
2080 5580 2085 5583 ‘

530 5775 575 5809 “
629 5774 763 5832 Cen.
824 5792 949 5844 xxx,
989 5775 1076 5830 21.

2200 5295 2349 5366 Στίχ.
2396 5297 2576 5360 ια’-ιγ’.
2629 5318 2696 5331 -
2746 5285 2931 5339 (Διότι
2976 5284 3084 5338 ἰδοὺ
3124 5282 3327 5354 Κύριος
3372 5277 3719 5346 ἐντέλλεται,

2130 5388 2224 5443 καὶ
2266 5384 2500 5450 πατάξει
2526 5381 2618 5435 τὸν
2662 5374 2809 5433 οἷκον
2840 5375 2933 5430 τὸν
2966 5376 3138 5448 μέγαν
3171 5375 3464 5444 θλάσμασι,
3498 5373 3591 5426 καὶ
3618 5373 3723 5426 τὸν

2131 5475 2279 5533 οἰκον
2302 5478 2392 5530 τὸν
2428 5473 2620 5546 μικρὸν
2652 5472 2976 5542 ῥήγμασιν.»
3022 5470 3110 5532 Ὧς
3144 5468 3253 5539 γὰρ
3282 5466 3379 5537 τὴν
3411 5466 3595 5518 αἰτίαν
3620 5462 3722 5515 λέ-

2135 5588 2267 5640 γων,
2298 5569 2364 5623 δι’
2393 5568 2459 5639 ἢν
2491 5563 2744 5627 τοσοῦτος
2768 5563 2919 5615 ἔσται
2947 5560 3107 5625 πόνος
3131 5560 3222 5615 τοῦ
3252 5559 3319 5613 τὰ
3349 5556 3583 5628 σώματα
3602 5555 3723 5611 τῶν
