3976 6226
306 255 438 311 Σ283

1365 273 1905 335 COMMENTARIUS
1938 279 2003 333 IN
2042 281 2246 338 AMOSI
2275 281 2424 337 CAP.
2482 281 2566 338 VI.

3435 280 3541 335 286

326 376 706 472 ἀποθανόντων
735 382 1077 454 ἐξενεχθέντα
1110 390 1473 462 παραδοθῆναι
1498 400 1663 467 ταφῇ,
1693 400 1890 470 Προσέ-

1996 416 2055 456 ac
2093 403 2383 472 sepultura!
2414 401 2680 465 tradendi,
2712 407 2993 470 propterea
3025 398 3187 463 Deus,
3220 400 3417 470 inquit,
3448 401 3544 455 do-

325 468 477 533 ταξε,
508 470 691 539 φησὶν,
718 474 749 525 ό
773 474 928 539 Θεὸς,
960 478 1054 531 καὶ
1072 477 1159 531 διὰ
1185 480 1341 534 τοῦτο
1355 484 1530 538 πάντα
1547 483 1692 540 οἷκον
1716 468 1888 557 μέγαν

327 576 391 611 τε
424 560 559 632 [καὶ]
591 564 808 633 μικρὸν,
854 566 946 619 τὸν
993 568 1090 637 μὲν
1125 576 1372 641 μερικαῖς
1409 576 1717 647 παραδώσει
1761 576 1888 649 βλάο

329 649 471 712 ϐαις·
501 651 659 704 τοῦτο
679 654 784 725 γὰρ
806 655 971 724 λέγει,
992 658 1276 728 ρήγμασι·
1306 663 1396 716 τὸν
1426 665 1480 717 δὲ
1504 670 1615 730 τοῖς
1638 669 1883 723 καθόλου·

327 740 390 792 τὸ
417 743 546 813 γὰρ,
576 745 903 815 (adamat,
933 750 1090 805 τοῦτο
1118 753 1283 823 δηλοῖ·
1314 756 1374 808 οὐ
1407 757 1513 829 γὰρ
1539 758 1694 813 τοῦτο
1717 760 1885 829 λέγει,

327 833 411 885 ὅτι
438 834 533 887 τὸν
569 837 667 905 μὲν
693 838 865 908 μέγαν
897 840 1183 914 θλάσμασι,
1217 847 1307 901 τὸν
1341 848 1397 901 δὲ
1425 851 1617 923 μικρὸν
1646 854 1886 924 ῥήγμασι

328 925 620 980 πατάσσει·
653 929 768 982 ἀλλ’
795 932 877 984 ὅτι
901 932 1023 987 οὔτε
1056 935 1227 1006 μέγας
1254 934 1401 1002 οἰκος
1427 939 1766 1009 διαφεύξεται
1788 945 1887 1017 τὴν

321 1018 623 1087 τιμωρίαν,
651 1018 774 1073 οὔτε
804 1022 1031 1094 βραχύς·
1060 1026 1327 1100 διαφόρως
1357 1030 1434 1096 δὲ,
1478 1032 1528 1085 oi
1557 1034 1655 1103 μὲν
1689 1036 1753 1088 ὲκ
1793 1036 1888 1107 μέ·-

331 1124 463 1177 ρους
493 1109 732 1176 δέξονται
763 1113 858 1185 τὴν
888 1115 1106 1187 βλάϐην,
1129 1120 1178 1171 οἰ
1200 1120 1255 1172 δὲ
1284 1121 1376 1175 καὶ
1408 1124 1886 1196 κατενεχθήσονται

330 1199 613 1264 παντελῶς
636 1219 651 1233 ·
684 1199 772 1256 οἷα
801 1204 864 1276 δὴ
902 1207 1144 1275 γίνεσθαι
1175 1210 1417 1280 πέφυκεν
1453 1216 1513 1267 ὲν
1541 1215 1760 1288 πολέμῳ
1790 1216 1887 1272 καὶ

329 1292 622 1364 πολιορκίᾳ
657 1295 845 1368 πολλῇ.
883 1300 990 1352 Καὶ
1019 1300 1081 1354 τὸ
1106 1301 1212 1357 τῶν
1240 1305 1541 1376 εἰρημένων
1564 1308 1888 1381 ἀναντίρρη-

329 1403 423 1439 τον
444 1387 659 1452 δεικνὺς
678 1391 889 1459 ἐπάγει·
928 1394 1019 1447 «Εἰ
1041 1394 1319 1459 διώξονται
1348 1398 1406 1451 ὲν
1425 1399 1649 1470 πέτραις
1673 1401 1846 1456 ἵπποι.
1861 1420 1880 1454 ι

343 1476 485 1530 Ἀλλ’
506 1478 629 1533 οὔτε
661 1481 862 1544 ἵππους
882 1500 966 1547 τις
985 1485 1122 1539 κατά
1141 1488 1355 1559 πετρῶν
1383 1489 1623 1563 ἐλάσειεν
1653 1489 1740 1555 ἃν,
1771 1490 1885 1545 ἀλλ’

332 1565 463 1620 ῐνθα
494 1574 771 1642 συνεργεῖν
815 1573 906 1627 τὸν
947 1576 1109 1631 τόπον
1163 1578 1443 1649 συμϐαίνει
1474 1579 1551 1651 τῷ
1579 1581 1763 1652 δρόμῳ
1793 1582 1886 1635 ἵπ-

1993 509 2109 549 mos
2138 510 2327 549 omnes
2370 510 2464 549 seu
2500 510 2723 564 magnas
2756 510 2851 549 seu
2877 508 3089 563 parvas,
3122 493 3317 562 partim
3362 493 3543 562 aliquo

1990 582 2318 639 detrimento
2355 584 2576 652 adiciet;
2616 584 2670 639 id
2711 585 2855 637 enim
2888 584 3176 638 denotatur
3200 582 3354 652 125
3380 586 3544 637 verbo

1992 675 2385 741 scissidnibus;
2410 676 2605 745 partim
2630 674 2943 738 universali,
2968 689 3089 727 nam
3128 673 3347 728 verbum
3372 674 3544 729 ruinis

1993 766 2097 820 hoc
2114 766 2262 820 dicit.
2287 764 2471 835 Neque
2493 776 2669 820 tamen
2688 764 2860 820 divise
2878 765 3031 829 dicit,
3054 764 3270 819 domum
3294 779 3543 835 magnam

1993 858 2188 921 ruinis,
2226 872 2445 928 parvam
2482 858 2840 914 scissionibus
2881 858 3181 927 percutiet;
3216 854 3332 919 sed,
3368 870 3546 925 neque

1992 963 2240 1020 magnam
2260 948 2503 1013 domum,
2538 963 2712 1018 neque
2727 947 2972 1017 exiguam
2990 947 3194 1016 absque
3211 959 3367 1016 pmua
3390 943 3505 1000 fore
3526 962 3541 998 :

1992 1050 2245 1096 caeterum
2281 1039 2512 1104 diverse,
2547 1040 2681 1095 alias
2712 1039 2929 1110 quidem
2952 1040 3139 1094 domos
3160 1037 3544 1092 detrimentum

1992 1144 2272 1200 passuras,
2296 1129 2429 1183 alias
2450 1130 2668 1183 omnino
2693 1127 2806 1181 fore
2836 1125 3274 1195 prosternendas,
3302 1133 3463 1196 prout
3488 1124 3543 1179 in

1991 1219 2133 1275 bello
2158 1219 2521 1289 diuturnaque
2554 1217 2833 1273 obsidione
2858 1216 3130 1272 usuvenit.
3171 1214 3237 1269 Et
3272 1216 3544 1270 dictorum

1990 1309 2362 1365 eertitudinem
2385 1307 2695 1374 ostendens,
2738 1306 3005 1362 subdita
3053 1304 3111 1361 Si
3152 1315 3547 1375 persequentur

1993 1403 2046 1455 in
2088 1402 2256 1472 petris
2282 1400 2431 1470 equi.
2466 1418 2485 1451 ι
2514 1399 2679 1454 Nemo
2711 1407 2857 1453 certe
2878 1412 3046 1468 equos
3075 1412 3170 1468 per
3197 1404 3377 1468 petras
3402 1404 3543 1466 aget.

1993 1493 2085 1546 sed
2132 1491 2261 1545 illuc
2289 1490 2469 1560 potius
2504 1489 2593 1544 ubi
2638 1489 2790 1545 locus
2832 1488 3014 1544 faver‘e
3060 1480 3325 1558 equorum
3360 1486 3544 1541 cursui

1992 1591 2187 1655 potest.
2218 1583 2307 1639 Sic
2336 1599 2405 1639 ne
2443 1583 2597 1637 vobis
2630 1582 2847 1653 quidem
2873 1582 2988 1638 haec
3020 1579 3395 1653 contigissent,
3441 1580 3546 1634 nisi

332 1675 474 1711 πων·
507 1659 618 1714 οὔτ’
640 1662 707 1716 ἀν
723 1663 851 1735 ὑμῖν
882 1667 1168 1738 ἐπεγένετο
1195 1669 1384 1733 ταῦτα,
1411 1671 1459 1723 εἰ
1488 1671 1561 1743 μὴ
1584 1670 1681 1742 τὴν
1706 1672 1885 1726 αἰτίαν

1996 1688 2156 1730 causa
2194 1672 2429 1744 patiendi
2470 1689 2533 1727 ea
2574 1689 2667 1742 per
2698 1688 2799 1728 vos
2838 1673 3155 1727 exstitisset.
3192 1688 3211 1722 ι
3264 1669 3321 1725 Si
3358 1672 3549 1725 retice-

328 1752 487 1806 αὐτοὶ
515 1755 815 1826 παρέσχετε
842 1759 937 1811 τοῦ
975 1758 1201 1814 τοιαῦτα
1229 1762 1437 1816 παθεῖν.
1474 1781 1493 1814 ι
1513 1764 1577 1816 Εί
1606 1779 1887 1834 παρασιω-

1996 1767 2123 1821 bunt
2151 1765 2216 1818 ad
2254 1763 2501 1818 feminas.
2544 1782 2561 1814 ι
2601 1761 2784 1832 Neque
2808 1761 3050 1832 profecto
3077 1761 3132 1814 in
3173 1761 3349 1815 medio
3398 1760 3550 1814 femi-

328 1845 597 1914 πήσονται
623 1849 680 1901 ἐν
705 1847 960 1919 θηλείαις.
976 1871 995 1903 ι
1032 1853 1107 1922 (p.
1134 1852 1257 1921 190)
1289 1855 1362 1907 Οὐ
1385 1854 1482 1925 μὲν
1508 1854 1628 1908 οὐδὲ
1653 1856 1711 1910 ὲν
1735 1854 1886 1925 μέσῳ

1996 1872 2181 1912 narum
2207 1856 2331 1927 equi
2355 1857 2655 1926 quiescent,
2682 1854 3039 1925 praesentibus
3068 1853 3173 1907 illis
3198 1869 3317 1922 qua:
3336 1852 3549 1906 illorum

326 1941 560 2010 θηλειῶν
593 1941 746 1995 ἵπποι
766 1942 1065 2010 γεγονότες,
1104 1943 1335 2015 ἡσυχίαν
1378 1944 1650 2013 ἀγάγοιεν,
1685 1960 1889 2013 παρου-

1996 1951 2245 2019 impetum
2277 1949 2558 2003 admittere
2600 1955 2848 2018 possunt.
2902 1944 2995 1999 Sic
3038 1960 3216 2015 neque
3248 1945 3433 1999 hostes
3478 1942 3546 1997 ad

327 2032 438 2084 σῶν
462 2032 574 2085 τῶν
598 2032 851 2099 δέξασθαι
865 2035 963 2105 τὴν
979 2034 1037 2100 ἐξ
1057 2034 1233 2089 αὐτῶν
1248 2037 1423 2107 ὁρμὴν
1448 2036 1573 2089 οἴων
1590 2053 1648 2089 τε
1686 2035 1882 2088 οὐσῶν·

1996 2054 2083 2092 vos
2134 2032 2549 2109 aggrediendum
2593 2036 2796 2091 inertes
2836 2042 3017 2100 erunt,
3063 2034 3261 2090 vestris
3305 2032 3547 2103 peccatis

325 2121 471 2175 ὥστε
490 2122 614 2175 οὐδὲ
648 2123 773 2186 τοὺς
798 2123 1084 2193 πολεμίους
1112 2126 1340 2197 ἡσυχίαν
1362 2127 1590 2194 ἀγαγεῖν
1631 2127 1715 2195 ἐφ’
1759 2127 1887 2196 ὑμῖν

1996 2129 2324 2183 occasionem
2352 2126 2714 2197 praebentibus
2743 2135 2802 2180 ut
2827 2128 2899 2181 ita
2924 2134 3115 2181 contra
3143 2140 3237 2178 vos
3258 2140 3317 2178 se
3337 2130 3546 2194 gerant.

324 2214 573 2276 δυνατὸν,
612 2214 708 2287 τὴν
745 2215 995 2287 ἀφορμὴν
1031 2216 1117 2270 διὰ
1150 2218 1248 2287 τῆς
1290 2218 1631 2289 παρανομίας
1663 2218 1888 2272 δεδωκό-

1996 2241 2011 2274 ι
2039 2221 2176 2288 Quia
2205 2220 2552 2276 convenistis
2582 2220 2635 2273 in
2661 2218 2898 2273 furorem
2924 2217 3214 2287 judicium.
3243 2223 3297 2272 et
3314 2214 3550 2269 fructum

325 2324 436 2359 των
490 2305 643 2377 ὑμῶν
687 2307 781 2361 τοῦ
835 2307 1054 2362 τοιαῦτα
1103 2308 1356 2378 γενέσθαι
1408 2311 1537 2381 παρ’
1585 2310 1762 2363 αὐτῶν
1807 2312 1884 2375 εἰς

1996 2313 2208 2380 iustitia:
2255 2312 2308 2365 in
2340 2309 2779 2365 amaritudinem.
2818 2328 2837 2359 ι
2875 2307 3030 2364 Nunc
3075 2323 3168 2371 en,
3217 2306 3414 2375 inquit,
3464 2322 3553 2359 ve-

328 2398 497 2467 ὑμᾶς.
529 2418 548 2449 ι
580 2399 703 2452 Ὀτι
733 2399 1086 2472 ὲξεστρέψατε
1111 2402 1190 2466 εἰς
1222 2402 1390 2473 θυμὸν
1417 2406 1607 2475 κρῖμα,
1629 2404 1720 2457 καὶ
1746 2421 1885 2475 καρ-

325 2487 429 2539 πὸν
449 2487 796 2557 δικαιοσύνης
822 2490 903 2552 είς
940 2490 1180 2560 πικρίαν.
1215 2508 1234 2543 ι
1275 2489 1388 2543 Νῦν
1416 2490 1546 2561 γὰρ,
1576 2490 1756 2560 φησὶν,
1790 2490 1884 2559 ἀφ’

324 2570 403 2630 ὧν
429 2576 815 2645 διεπράξασθε,
847 2579 1097 2634 πείσεσθε
1164 2580 1408 2645 τοιαῦτα,
1450 2583 1530 2645 εἰς
1559 2580 1725 2653 ὀργὴν
1761 2597 1888 2649 συγ-

326 2670 651 2739 κινήσαντες
678 2670 770 2724 τὸν
803 2669 953 2738 Θεὸν,
985 2671 1124 2726 ῶστε
1156 2672 1336 2745 κρῖναί
1366 2689 1424 2726 τε
1454 2673 1522 2727 τά
1556 2672 1677 2727 καθ’
1710 2672 1884 2743 ὑμᾶς·

326 2760 425 2813 καὶ
472 2761 656 2833 ἐπειδὴ
687 2762 903 2818 δικαίαν
947 2760 1085 2818 οἶδεν
1119 2763 1411 2835 ὑφέξοντας
1452 2765 1551 2836 τὴν
1591 2764 1885 2836 τιμωρίαν.

324 2850 426 2922 τὴν
443 2853 716 2926 τοσαύτην
733 2856 1029 2925 ἐπαγαγεῖν
1049 2857 1175 2927 ὑμῖν
1194 2857 1301 2910 τῶν
1322 2856 1511 2934 κακῶν
1522 2857 1619 2929 τὴν
1642 2856 1884 2927 πικρίαν·

326 2942 478 3011 λέγει
513 2944 571 2997 δὲ
611 2947 771 3000 πάλιν
802 2948 896 3001 καὶ
921 2948 990 3002 τὰ
1020 2950 1149 3019 παρ’
1177 2949 1354 3002 αὐτῶν
1385 2949 1446 3002 οὐ
1479 2948 1704 3012 δεόντως
1745 2947 1892 3016 γινό-

1986 2405 2119 2461 stris
2148 2403 2309 2475 digna
2341 2400 2498 2456 laetis
2524 2401 2640 2456 haec
2670 2400 2971 2470 patiemini,
3009 2398 3119 2455 Deo
3146 2398 3215 2452 ad
3244 2399 3379 2453 iram
3404 2412 3554 2452 com-
3658 2462 3667 2469 '

1987 2505 2136 2552 moto
2187 2504 2247 2550 ut
2286 2494 2493 2564 judicio
2540 2491 2609 2548 de
2648 2492 2803 2547 vobis
2850 2492 3133 2557 decernat,
3175 2497 3230 2546 et
3273 2490 3402 2560 quia
3455 2503 3555 2550 vos

1987 2604 2201 2661 pmnam
2247 2586 2468 2642 meritos
2512 2586 2637 2652 scit,
2674 2586 2813 2640 hanc
2858 2585 3125 2640 malorum
3165 2582 3318 2637 vobis
3355 2581 3554 2642 inferet

1988 2678 2422 2736 amaritudinem.
2468 2675 2591 2732 Mox
2641 2675 2823 2731 denuo
2868 2674 3157 2729 inhoneste
3200 2672 3270 2729 ab
3318 2671 3389 2727 iis
3432 2679 3555 2724 acta

1987 2768 2222 2830 reeitat,
2275 2779 2507 2835 quorum
2567 2778 2735 2819 causa
2790 2760 3052 2833 praedicta
3099 2760 3242 2815 mala
3284 2761 3553 2815 evenient.

1995 2878 2014 2909 ι
2037 2856 2139 2923 Qui
2157 2855 2303 2910 nullo
2318 2856 2457 2908 bono
2475 2852 2639 2907 verbo
2653 2850 2930 2913 lzetamini,
2946 2848 3261 2920 quidicitis:
3282 2846 3471 2902 Nonne
3489 2862 3558 2901 ex

1989 2960 2175 3003 nostra
2207 2943 2525 2999 fortitudine
2550 2957 2755 2998 cornua
2779 2939 3085 2995 habemus?
3118 2957 3136 2990 ι
3163 2936 3557 3008 Prophetarum

330 3053 492 3104 μενα,
534 3037 674 3108 ὑπὲρ
702 3031 777 3091 ὧν
803 3038 868 3109 δὴ
910 3039 979 3093 τά
1007 3039 1379 3113 προρρηθέντα
1418 3038 1761 3093 ἐπελεύσεται
1796 3039 1890 3092 αύ-

1996 3039 2240 3096 consiliis
2286 3053 2395 3093 non
2435 3036 2600 3092 vultis
2646 3034 2972 3098 auscultare,
3000 3031 3091 3103 qui
3140 3046 3239 3085 vos
3274 3040 3558 3102 peccantes

326 3132 440 3192 τοῖς
464 3106 654 3184 κακά(
670 3135 760 3186 σοί
787 3106 1194 3206 εὐφραινόμενοι
1204 3106 1303 3187 ’ἐπ’
1325 3133 1497 3189 οὐδενὶ
1515 3132 1657 3203 λόγῳ
1679 3131 1889 3203 ἀγαθῷ,

1996 3126 2512 3191 cornmonel‘aciunt,
2540 3134 2703 3196 atque
2732 3125 2799 3180 ad
2830 3125 3120 3179 honestum
3153 3128 3430 3183 revocant,
3460 3119 3556 3175 sed

326 3223 377 3273 οἱ
403 3222 689 3289 λέγοντες·
718 3224 832 3277 Ούκ
858 3227 914 3278 ὲν
942 3229 1007 3297 τῇ
1041 3226 1183 3297 ἰσχύϊ
1200 3225 1356 3298 ἡμῶν
1383 3226 1578 3298 ἔχομεν
1602 3226 1838 3297 κέρατα;
1867 3244 1887 3279 ι

327 3315 469 3378 Ταῖς
508 3316 609 3385 μὲν
649 3315 758 3388 γὰρ
785 3318 893 3371 τῶν
918 3318 1207 3390 προφητῶν
1242 3319 1569 3390 συμϐουλαῖς
1610 3320 1894 3391 προσέχειν

329 3408 431 3460 οὐκ
466 3407 678 3461 ἐθέλετε
713 3409 1232 3481 ὑπομιμνησκόντων
1279 3412 1424 3482 ὑμᾶς
1461 3412 1892 3482 ἁμαρτάνοντας,

330 3501 428 3553 καὶ
459 3499 839 3568 ἑπαναγόντων
885 3501 976 3555 ἐπὶ
1001 3502 1062 3555 τὺ
1090 3502 1224 3557 δέον·
1266 3507 1333 3575 τῇ
1360 3504 1416 3557 δὲ
1458 3503 1633 3575 οίκείᾳ
1670 3502 1895 3575 δυνάμει

1990 3223 2187 3279 vestris
2246 3220 2455 3275 viribus
2520 3233 2734 3288 semper
2796 3216 3099 3271 tribuentes
3167 3214 3235 3269 de
3309 3213 3557 3269 hostibus

1991 3314 2207 3372 cunctis
2233 3311 2543 3374 victoriam,
2576 3310 2727 3363 nihili
2755 3306 3045 3363 aestimatis
3082 3306 3355 3362 minarum
3384 3306 3559 3375 gravi-

1991 3418 2177 3472 tatem,
2204 3408 2359 3479 quasi
2393 3420 2537 3460 nunc
2562 3417 2776 3475 quoque
2798 3400 3065 3457 obsistere
3096 3398 3347 3455 hostibus
3382 3398 3561 3453 valea-

1995 3505 2085 3558 tis.
2121 3501 2261 3568 Quid
2287 3498 2456 3571 ergo?

329 3586 679 3659 λογισάμενοι
718 3589 779 3643 τὸ
820 3590 1047 3646 πάντοτε
1095 3592 1308 3647 πάντων
1354 3595 1749 3666 κεκρατηκέναι
1801 3593 1908 3647 τῶν
1952 3591 2192 3664 ἐχθρῶν,
2235 3593 2292 3644 ὲν
2338 3588 2511 3643 οὐδενὶ
2566 3586 2675 3641 τῶν
2735 3584 3137 3656 ἀπειλουμένων
3203 3579 3415 3634 τίθεσθε
3459 3580 3561 3649 τὴν

331 3680 632 3752 βαρύτητα,
660 3683 735 3747 ὡς
767 3683 833 3739 ἂν
859 3685 1151 3756 ἀρκοῦντες
1192 3689 1286 3741 καὶ
1326 3688 1420 3742 νῦν
1444 3690 1754 3759 ἀντιστῆναι
1781 3691 1892 3751 τοῖς
1919 3686 2212 3756 πολεμίοις.
2250 3682 2315 3736 Τί
2341 3678 2468 3747 οὖν;

401 3774 554 3843 Στίχ.
597 3774 677 3827 ιδ’.
699 3804 769 3813 -
796 3793 815 3827 ι
853 3776 996 3829 Διότι
1034 3777 1140 3831 ἰδοὺ
1166 3777 1277 3846 ἐγὼ
1307 3780 1576 3851 ὲπεγείρω
1606 3779 1690 3849 ἐφ’
1718 3778 1893 3848 ὑμᾶς,

331 3860 482 3927 οἶκος
525 3864 759 3936 Ἰσραὴλ,
795 3867 930 3937 φησὶ
958 3868 1157 3939 Κύριος
1184 3870 1213 3921 ὁ
1244 3870 1397 3935 Θεὸς,
1431 3870 1698 3941 στρατιῶν
1721 3869 1891 3933 ἔθνος·

2071 3775 2234 3829 Vsns.
2267 3772 2354 3826 14.
2381 3801 2451 3811 -
2479 3788 2497 3821 ι
2527 3768 2735 3823 Idcirco
2779 3783 2847 3821 en
2896 3779 2996 3836 ego
3045 3760 3251 3818 suscito
3294 3759 3559 3814 adversus

1999 3870 2116 3932 vos,
2157 3865 2353 3921 domus
2396 3861 2637 3924 lsraelis,
2679 3858 2919 3929 gentium
2966 3854 3285 3916 exercitum,
3326 3850 3418 3920 qui
3461 3865 3560 3906 vos

332 3957 431 4009 καὶ
458 3955 805 4025 ἐκθλίψουσιν
836 3958 980 4029 ὑμᾶς
1022 3959 1116 4013 τού
1160 3960 1235 4032 μὴ
1276 3961 1534 4015 εἰσελθεῖν
1568 3963 1648 4026 εἰς
1688 3959 1890 4032 Δίμάθ,

1999 3966 2306 4020 conterent,
2349 3954 2641 4026 quominus
2689 3947 3075 4021 ingrediamini
3127 3947 3181 3998 in
3216 3942 3457 4003 IEmath,
3504 3950 3561 3996 et

337 4048 425 4116 (p.
487 4047 624 4117 191)
672 4050 766 4101 καὶ
818 4048 922 4113 ἕως
961 4049 1053 4103 τοῦ
1103 4052 1401 4123 χειμάρρου
1444 4052 1554 4105 τῶν
1593 4051 1830 4123 δυσμῶν.
1868 4070 1889 4104 ι

2001 4065 2175 4121 usque
2216 4048 2281 4103 ad
2326 4044 2626 4101 occidentis
2677 4048 2993 4096 torrentem.
3032 4056 3051 4089 ι
3119 4036 3279 4104 126
3324 4032 3405 4087 Ob
3462 4032 3560 4085 has

346 4138 517 4209 ’Υπὲρ
539 4138 604 4209 δὴ
625 4139 826 4209 ταύτης
852 4139 1025 4210 ὑμῶν,
1047 4120 1205 4212 φήσιζ
1348 4141 1591 4213 γνώμης,
1619 4144 1649 4197 ὁ
1680 4120 1890 4197 πάντων

1997 4120 2130 4213 ergo
2170 4138 2528 4209 cegitationes
2574 4141 2804 4196 vestras,
2849 4128 3092 4184 omnium
3129 4130 3396 4196 quotquot
3440 4120 3562 4175 ubi-

334 4236 443 4287 τῶν
473 4235 787 4306 ἁπανταχοῦ
830 4235 1070 4289 δυνατῶν
1102 4235 1320 4306 Κύριος,
1354 4237 1607 4308 ἐπεγερεῖ
1642 4238 1768 4299 τοὺς
1799 4253 1890 4289 mc

2000 4248 2108 4303 que
2140 4237 2269 4286 sunt
2314 4224 2618 4298 potentium
2652 4222 2939 4284 Dominus,
2968 4220 3159 4274 hostes
3188 4216 3345 4271 vobis
3385 4214 3564 4271 susci-

333 4326 557 4397 λεμίους
585 4327 748 4397 ὑμῖν,
784 4327 1045 4398 μεγίστην
1086 4326 1383 4391 ὲπάξοντας
1422 4307 1530 4381 τῶν
1572 4326 1757 4381 κακῶν
1799 4327 1890 4399 τὴν

2001 4324 2158 4387 tahit,
2189 4321 2282 4392 qui
2316 4320 2607 4395 maximam
2646 4314 2803 4370 vobis
2828 4313 3092 4367 malorum
3123 4309 3230 4365 vim
3267 4307 3559 4367 adducent,

250 4458 253 4469 .
337 4421 557 4490 πεῖραν,
587 4417 666 4480 ὡς
692 4418 800 4471 ἀπὸ
846 4417 1024 4488 Αἱμάθ
1052 4418 1231 4489 (λέγει
1262 4416 1319 4470 δὲ
1352 4418 1516 4471 τόπον
1558 4418 1719 4491 ὁρίων
1760 4398 1890 4489 προ-

1999 4416 2073 4469 ita
2109 4420 2167 4467 ut
2214 4412 2283 4467 ab
2328 4408 2551 4464 Emath
2584 4405 2744 4478 (dicit
2772 4412 2954 4459 autem
3004 4403 3183 4457 locum
3221 4398 3559 4455 terminalem

337 4513 589 4581 κείμενον
616 4510 723 4565 τῶν
748 4512 929 4574 αὐτοῖς
948 4512 1362 4583 προσηκόντων)
1383 4513 1510 4583 ἀχρι
1533 4490 1765 4583 πέρατος
1792 4511 1890 4565 τῶν

1996 4504 2241 4562 ﬁnitimis
2284 4501 2499 4555 illorum
2544 4494 2841 4568 obiectum)
2890 4508 3069 4564 usque
3113 4492 3181 4547 ad
3238 4490 3426 4545 ﬁnium
3470 4505 3564 4542 ve-

338 4606 501 4676 δρίων
532 4603 688 4674 ὑμῶν
715 4603 956 4668 ἅπαντας
984 4581 1263 4676 περισχεῖν
1285 4581 1350 4657 τὸν
1376 4581 1562 4657 κακόν·
1594 4581 1742 4672 λέγει
1768 4602 1890 4672 γοῦν

1996 4607 2232 4655 strorum
2274 4592 2695 4653 extremitatem,
2742 4587 3066 4642 universalis
3104 4583 3286 4639 futura
3317 4583 3388 4637 sit
3417 4581 3563 4636 cala-

341 4698 396 4747 ἐν
443 4698 566 4758 ταῖς
608 4694 914 4759 Βασιλείαις
948 4695 1075 4765 περὶ
1127 4694 1406 4765 Ἱεροϐοάμ
1432 4694 1525 4747 τοῦ
1577 4696 1763 4759 Ἰωάς,
1808 4694 1893 4763 ἐφ’

340 4780 506 4861 οὗπερ
541 4786 636 4838 καὶ
667 4786 696 4837 ό
727 4787 1008 4856 προφήτης
1041 4783 1260 4852 γέγονεν
1289 4776 1443 4847 οὗτος
1487 4784 1676 4847 αὐτός·
1712 4802 1730 4835 ι
1774 4784 1900 4837 Ἀπ-

342 4879 675 4949 εκατέστησε
705 4878 766 4931 τὺ
798 4879 943 4949 ὄριον
981 4876 1195 4947 Ἰσραὴλ
1226 4876 1333 4929 ἀπὸ
1356 4876 1559 4929 εἰσόδου
1591 4876 1769 4946 Δίμάθ
1794 4876 1900 4940 ἕως

343 4972 438 5037 τῆς
484 4970 761 5042 θαλάσσης
788 4969 891 5038 τῆς
937 4969 1071 5041 πρὸς
1103 4969 1358 5039 ἑσπέραν.
1384 4986 1403 5020 ι
1453 4967 1539 5031 Ὦς
1582 4967 1738 5039 δῆλον
1764 4965 1901 5021 εἶναι

347 5063 423 5115 ὅτι
453 5064 662 5133 πέρατα
685 5062 792 5116 τῶν
831 5060 1234 5132 Ἱσραηλιτικῶν
1258 5060 1420 5129 ὁρίων
1448 5055 1515 5132 ἦν
1548 5060 1615 5114 τὰ
1642 5062 1760 5123 ταῖς
1787 5059 1903 5114 ὀνο-

353 5153 569 5222 μασίαις
611 5153 915 5224 δηλούμενα
957 5151 1217 5214 ταύταις·
1256 5150 1503 5222 βούλεται
1546 5152 1656 5227 γὰρ
1698 5151 1902 5216 εἰπεῖν,

348 5246 425 5297 ὅτι
474 5243 714 5302 Ἐκεῖθεν
745 5243 1046 5315 ἀρξάμενον
1076 5243 1137 5295 τὸ
1174 5242 1340 5296 κακὸν
1382 5242 1587 5305 πάντας
1630 5242 1772 5311 ὑμᾶς
1804 5244 1901 5293 ὲπο

350 5334 643 5397 ελεύσεται,
672 5336 748 5399 ὡς
775 5335 999 5405 μηδενὸς
1027 5332 1343 5404 δυνηθέντος
1369 5332 1476 5385 τῶν
1509 5331 1779 5402 πολεμίων
1804 5330 1903 5394 τάς

351 5427 532 5495 χεῖρας
562 5425 862 5494 διαφυγεῖν,
886 5423 945 5489 ἐξ
966 5424 1144 5477 αὐτῶν
1167 5424 1274 5476 τῶν
1296 5423 1631 5494 πραγμάτων
1654 5421 1901 5491 αἴσθησιν

333 5514 488 5584 ’ὑμᾶς
514 5515 700 5568 λαϐεῖν
720 5557 733 5580 ,
765 5517 847 5569 ὅτι
885 5515 1005 5569 οὔτε
1038 5513 1298 5588 πρότερόν
1331 5532 1383 5568 τι
1417 5513 1554 5568 κατά
1599 5513 1704 5566 τῶν
1742 5512 1897 5567 πολεο

421 5691 468 5723 ³⁸
510 5709 559 5748 ιν
600 5691 712 5767 ιιισε
799 5711 908 5761 xiv,
963 5696 1053 5751 ‘25.

2001 4688 2186 4745 mitas.
2224 4684 2366 4755 Ergo
2413 4682 2656 4751 loquitur
2682 4678 2786 4734 sub
2830 4677 3015 4749 regnis
3056 4673 3366 4731 Jeroboami
3399 4670 3565 4724 Joaso

2003 4779 2195 4852 geniti,
2222 4777 2380 4845 cujus
2418 4787 2610 4843 reapse
2634 4778 2794 4825 aetate
2828 4770 2921 4824 hic
2959 4770 3074 4837 ipse
3100 4764 3362 4835 propheta
3394 4759 3559 4812 vixit:

2010 4849 2029 4925 ξ
2065 4866 2359 4925 Constituit
2387 4863 2765 4936 (Jeroboamus
2788 4859 2934 4915 loasi
2974 4856 3137 4919 ﬁlius)
3174 4855 3310 4908 lines
3346 4849 3562 4903 lsraelis

2005 4963 2074 5018 ab
2103 4958 2328 5015 introitu
2352 4953 2593 5018 IEmath,
2615 4966 2785 5021 usque
2813 4950 2879 5003 ad
2902 4961 3052 5001 mare
3085 4941 3421 4997 occidentale
3439 4939 3507 5005 ⁸⁵,
3539 4957 3560 4991 ι

2009 5056 2083 5111 ita
2132 5058 2192 5107 ut
2249 5054 2463 5105 constet
2512 5047 2646 5102 ﬁnes
2696 5040 3022 5098 lsraeliticos
3057 5034 3267 5098 fuisse,
3322 5031 3415 5102 qui
3475 5031 3564 5086 his

2007 5143 2318 5201 nominibus
2372 5138 2719 5195 denotantur.
2768 5131 2958 5184 Dicere
3001 5133 3180 5180 autem
3236 5124 3376 5187 vult,
3424 5123 3567 5176 mala

2012 5237 2164 5291 illinc
2195 5231 2353 5288 initio
2382 5229 2572 5290 ducto,
2597 5240 2693 5278 vos
2731 5235 2946 5292 quoque
2992 5231 3181 5272 omnes
3223 5221 3565 5284 correptura,

2014 5327 2140 5397 quia
2177 5337 2337 5379 nemo
2370 5319 2610 5374 hostium
2641 5327 2835 5367 manus
2870 5308 3102 5364 evadere
3140 5306 3357 5376 poterit.
3388 5305 3567 5397 Atque

2011 5390 2134 5472 hinc
2165 5430 2229 5469 ex
2267 5412 2429 5466 rebus
2470 5405 2605 5477 ipsis
2635 5399 3005 5471 cognoscetis,
3041 5413 3109 5452 ne
3135 5394 3413 5465 praeterito
3443 5390 3574 5458 qui-

2004 5510 2124 5564 dem
2162 5516 2402 5575 tempore
2438 5496 2733 5569 quidquam
2770 5508 2888 5561 vos,
2932 5492 3138 5561 absque
3181 5485 3278 5543 Dei
3311 5479 3584 5565 potentia.
