3966 6222
358 264 462 321 287

1533 262 1620 319 ΤΗ
1630 258 1880 319 εουοῐιι
1914 255 2143 315 MOPSU
2154 255 2395 312 ESTENI

3474 242 3580 297 εει

361 383 621 437 adversus
652 383 839 438 hostes
873 382 1129 439 valuisse.
1158 380 1299 438 Ecce
1333 381 1477 437 enim
1503 396 1672 447 nunc,
1702 380 1919 436 subtra—

2037 376 2161 445 αίων
2186 374 2308 444 δίχα
2333 372 2433 442 τῆς
2461 370 2609 434 θείας
2642 369 2896 440 ἰσχύσατε
2928 364 3129 438 ῥοπῆς*
3159 360 3253 416 καὶ
3280 358 3375 414 νῦν
3404 360 3461 411 ἐν
3492 375 3571 411 τε-

361 482 451 529 cto
492 475 639 528 illius
670 476 894 537 auxilio.
929 475 985 528 in
1018 482 1169 529 tanta
1208 474 1474 528 malorum
1513 488 1765 545 pressura
1800 487 1923 528 ver-

362 565 579 620 samini.
616 565 714 621 llic
746 566 1021 620 subnectit
1053 565 1316 637 propheta
1346 566 1734 621 revelationem
1761 579 1924 636 quam

361 657 520 724 vidit,
556 658 621 712 ad
652 658 923 714 dictorum
963 673 1191 713 suorum
1222 657 1714 714 confirmationem.

989 853 1142 912 CAP.
1185 854 1296 913 Vll.

444 1005 607 1061 Vens.
642 1007 830 1061 l-3.——
857 1027 874 1059 ι
897 1006 1021 1063 Ηαξο
1049 1011 1288 1065 ostendit
1317 1012 1445 1066 mihi
1475 1011 1732 1069 Dominus
1766 1012 1927 1071 Deus.

362 1095 580 1149 ‘Etecce
612 1094 751 1152 fetus
771 1098 1125 1163 locustarum,
1155 1107 1209 1154 et
1232 1114 1361 1155 ecce
1379 1101 1619 1157 bruchus
1643 1103 1933 1174 unus,Gog

375 1199 490 1238 rex.
528 1184 592 1238 Et
611 1187 735 1248 erit.
758 1186 804 1241 si
847 1188 1196 1258 compleverit
1226 1206 1418 1246 vorare
1446 1192 1627 1247 fenum
1658 1204 1834 1249 terrae.
1868 1193 1935 1250 Et

375 1272 515 1328 dixi:
540 1275 781 1340 Domine,
802 1274 1045 1345 Domine,
1062 1280 1324 1348 propitius
1344 1290 1480 1335 esto.
1502 1280 1634 1348 Quis
1650 1282 1936 1339 suscitabit
2024 1280 2025 1283 “

2028 466 2197 537 σαύτη
2243 464 2408 537 πείρᾳ
2449 462 2745 533 κατέστητε
2782 459 3001 522 κακῶν,
3049 453 3235 523 ἐπειδὴ
3282 451 3382 521 τῆς
3416 448 3585 504 αὐτοῦ

2028 556 2277 628 βοηθείας
2298 554 2401 621 ἔξω
2418 555 2696 624 γεγόνατε·
2714 551 2921 614 τούτοις
2935 546 3269 616 ἀποκάλυψιν
3288 542 3583 615 προστίθη-

2015 664 2111 713 ,σιν
2134 648 2199 718 ἢν
2225 642 2364 701 εἶδεν
2388 648 2417 701 6
2435 646 2714 717 προφήτης
2729 644 2809 707 είς
2832 641 3118 714 βεϐαίωσιν
3134 638 3242 694 τῶν
3260 635 3583 707 εἰρημένων.

2669 858 2825 912 ΚΕΦ.
2860 859 2935 912 Z'.

2105 1012 2252 1081 Στίχ.
2283 1018 2427 1081 αὀγ.
2450 1041 2519 1050 —
2538 1011 2614 1081 (p.
2647 1009 2769 1080 192)
2797 1026 2816 1060 ι
2845 1006 3030 1071 υῦτως
3056 1006 3223 1073 ἐδειξέ
3249 1023 3336 1076 μοι
3356 1005 3583 1075 Κύριος’

2026 1104 2127 1167 ,καὶ
2160 1104 2266 1178 ίδοὺ
2296 1102 2521 1173 ὲπιγονὴ
2548 1101 2783 1171 ἀκρίδων
2813 1098 3081 1170 ἐρχομένη
3113 1096 3328 1167 ἑωθινὴ.
3353 1096 3448 1149 καὶ
3476 1094 3588 1148 ῑδοὺ

2035 1196 2260 1269 βροῦχος
2286 1190 2386 1260 εἷς,
2420 1194 2541 1265 Γὼγ
2568 1195 2597 1246 6
2626 1191 2876 1264 βασιλεύς
2899 1208 2913 1220 ·
2945 1191 3040 1245 καὶ
3068 1190 3238 1252 ἔσται,
3272 1188 3366 1241 ὲάν
3398 1202 3589 1241 συντε-

2034 1289 2166 1361 λέσῃ
2195 1287 2290 1341 τοῦ
2318 1290 2509 1359 φαγεῖν
2535 1286 2626 1339 τὸν
2654 1285 2844 1357 χόρτον
2871 1283 2968 1354 τῆς
3002 1281 3124 1352 γῆς’
3152 1281 3245 1333 καὶ⁹
3273 1275 3423 1333 εἷπον
3440 1294 3452 1307 ’
3486 1277 3593 1331 Κύ-

364 1364 632 1419 Jacobum
649 1367 933 1436 ?quoniam
952 1370 1195 1426 modicus
1211 1381 1310 1427 est.
1328 1370 1673 1438 Pmniteatte,
1690 1373 1933 1439 Domine,

2036 1399 2140 1455 ριε,
2172 1380 2362 1452 Κύριε,
2394 1380 2550 1443 ἵλεως
2574 1375 2731 1447 γενοῦ
2752 1392 2765 1407 ⁸
2795 1374 2880 1438 τίς
2916 1374 3206 1444 ἀναστήσει
3232 1371 3322 1425 τὸν
3373 1366 3590 1433 Ἰακὼϐ,

378 1472 541 1527 super
563 1459 665 1513 hoc
691 1476 705 1511 :
727 1459 844 1515 Non
874 1462 998 1529 erit,
1029 1464 1166 1519 dixit
1192 1464 1452 1522 Dominus
1480 1466 1640 1524 Deus.
1675 1487 1695 1521 ι
1721 1467 1937 1526 Vidisse

2035 1474 2117 1528 ὅτι
2140 1471 2413 1541 ὀλιγοστὸς
2451 1473 2600 1536 ἐστι;
2650 1467 2997 1540 μετανόησον,
3040 1464 3243 1534 Κύριε,
3278 1461 3369 1513 ἐπὶ
3395 1458 3593 1528 τούτῳ.

379 1564 436 1602 se
468 1548 542 1603 ait
570 1551 902 1607 locustarum
928 1554 1365 1626 bruchorumque
1396 1559 1797 1616 multitudinem
1833 1579 1847 1617 :
1884 1568 1938 1616 et

2037 1566 2147 1619 Καὶ
2170 1552 2326 1618 τοῦτο
2354 1563 2413 1616 ού
2450 1560 2525 1632 μὴ
2547 1560 2773 1629 γένοιτο,
2803 1558 2950 1627 λέγει
2980 1555 3202 1626 Κύριος.
3241 1573 3261 1606 ι
3294 1551 3594 1606 Τεθεάσθαι

378 1637 483 1693 illae
517 1638 735 1709 quidem
770 1642 1047 1712 Assyrios.
1094 1644 1150 1698 hi
1188 1661 1317 1701 vero
1361 1645 1684 1720 Babylonios
1711 1649 1937 1704 denota-

2038 1655 2145 1727 γάρ
2184 1654 2416 1725 ἀκρίδων
2456 1669 2515 1705 τε
2558 1652 2652 1705 καὶ⁵
2684 1650 2926 1721 βρούχων
2970 1648 3118 1727 λέγει
3163 1645 3395 1715 πλῆθος,
3427 1636 3501 1696 ὧν
3532 1641 3598 1695 τὸ

378 1730 532 1795 bant,
573 1732 699 1801 quia
727 1733 937 1786 venturi
978 1744 1155 1800 erant,
1201 1743 1257 1790 et
1302 1738 1485 1792 omnia
1524 1740 1680 1808 quasi
1717 1740 1939 1795 locusta:

2167 1720 2272 1800 τὸν-
2289 1743 2601 1814 Ἀσσύριον,
2626 1720 2693 1796 τὸί
2715 1742 2771 1796 δὲ
2795 1742 2885 1795 τὸν
2925 1725 3259 1793 Βαϐυλώνιον
3283 1734 3490 1804 ἐδήλου,
3521 1734 3597 1796 ὡς

380 1832 435 1876 et
461 1823 652 1877 brucbi
689 1825 1093 1894 consumpturi.
1132 1825 1240 1880 Sed
1266 1844 1387 1881 cum
1415 1828 1547 1895 vidi,
1578 1830 1778 1900 inquit,
1807 1830 1939 1885 mul-

2042 1838 2106 1893 ἂν
2132 1836 2573 1907 ἐπελευσομένων
2592 1853 2652 1889 τε
2680 1836 2774 1888 καὶ
2798 1831 3162 1904 ἀφανιούντων
3184 1831 3416 1891 ᾶπαντα,
3442 1826 3601 1899 ἀκρί-

382 1913 671 1968 titudinem
716 1915 877 1969 talem
923 1916 1073 1970 omni
1118 1926 1275 1972 terra:
1319 1918 1518 1974 fructui
1548 1921 1809 1975 vastando
1841 1936 1941 1991 pa-

383 2017 533 2070 rem;
574 2000 886 2073 procidens,
918 2006 1115 2077 inquit,
1145 2008 1357 2064 veniam
1402 2010 1672 2081 postulavi
1700 2010 1943 2082 peccatis

390 2093 546 2163 127
576 2095 781 2150 nostris
825 2096 965 2159 dari,
999 2111 1229 2153 cernens
1259 2100 1587 2169 perditarum
1620 2117 1801 2156 rerum
1843 2118 1943 2156 nu-

390 2186 781 2250 merositatem,
813 2196 866 2243 et
910 2192 1264 2259 superstitum
1299 2192 1643 2263 paucitatem.
1681 2195 1794 2247 lmo
1819 2209 1945 2249 vero

388 2274 456 2331 de
490 2276 842 2346 reliquiarum
868 2294 1086 2352 quoque
1113 2282 1395 2353 desperavi
1427 2284 1623 2348 salute,
1665 2285 1771 2340 nisi
1801 2283 1945 2340 Deus

390 2368 628 2435 peccatis
670 2370 879 2426 nostris
913 2371 1263 2441 propitiatus,
1307 2388 1419 2426 rem
1456 2374 1509 2427 in
1560 2374 1752 2430 melius
1795 2390 1946 2429 com-

390 2465 643 2537 mutaret.
686 2458 1072 2516 Verumtamen
1116 2477 1227 2516 non
1274 2462 1496 2518 admisit
1538 2479 1752 2534 precem
1805 2464 1947 2521 hanc

381 2546 555 2618 ,Deus,
604 2552 732 2620 quia
766 2553 1028 2621 majorem
1083 2560 1430 2623 peccatorum
1484 2563 1797 2610 nostrorum
1848 2572 1951 2611 nu-

394 2655 604 2693 merum
635 2642 986 2707 existimavit,
1021 2658 1183 2714 quam
1229 2654 1291 2699 ut
1321 2645 1750 2700 misericordiam
1792 2647 1951 2701 vellet

2039 1928 2127 1992 δος
2144 1945 2203 1981 τε
2234 1927 2327 1981 καὶ
2359 1926 2586 1998 βρούχου
2615 1926 2801 1993 δίκην·
2852 1924 2992 1978 Ἀλλ’
3022 1922 3097 1987 ὡς
3133 1917 3289 1987 εἶδον,
3337 1920 3489 1991 φησὶ,
3538 1918 3602 1971 τὸ

2036 2016 2242 2088 ,πλῆθος
2272 2014 2541 2087 αὔταρκες
2566 2013 2624 2067 ὃν
2650 2014 2863 2068 ᾶπαντα
2887 2010 3148 2080 ἀφανίσαι
3173 2011 3263 2063 τὸν
3288 2011 3353 2063 ἐκ
3380 2008 3477 2077 τῆς
3496 2010 3602 2077 γῆς

2043 2107 2416 2178 ἀναδιδόμενον
2440 2104 2667 2177 καρπὸν,
2693 2101 3036 2175 προσπεσὼν,
3062 2101 3246 2172 φησὶν,
3275 2101 3451 2171 ᾔτησα
3472 2114 3604 2165 συγ-

2043 2199 2269 2270 γνώμην
2288 2196 2504 2268 δοθῆναι
2522 2199 2633 2259 τοῖς
2656 2195 2957 2265 πταίσμασι
2984 2198 3097 2256 τοῖς
3124 2191 3433 2263 ἡμετέροις,
3461 2189 3606 2260 ὁρῶν

2049 2290 2145 2360 μὲν
2176 2289 2284 2342 τῶν
2313 2285 2659 2359 ἀπολομένων
2691 2285 2751 2339 τὸ
2779 2283 2983 2355 πλῆθος
3001 2322 3016 2348 ,
3056 2284 3197 2353 όρῶν
3224 2281 3281 2334 δέ
3311 2280 3421 2334 τῶν
3450 2297 3607 2348 περι-

2045 2377 2369 2447 λειφθέντων
2420 2377 2517 2448 τὴν
2564 2377 2850 2448 ὀλιγότητα
2875 2391 2889 2405 ·
2956 2375 3272 2429 ἀνέλπιστον
3317 2372 3373 2423 δέ
3423 2371 3609 2424 λοιπὸν

2044 2469 2343 2542 ἡγούμενος
2382 2470 2477 2523 καὶ
2516 2468 2625 2523 τῶν
2675 2465 3055 2541 μεμενηκότων
3087 2464 3186 2537 την
3229 2462 3519 2534 σωτηρίαν,
3557 2463 3611 2515 εί

2052 2562 2128 2633 μὴ
2149 2560 2280 2624 Θεὸς
2306 2561 2460 2623 ἵλεως
2485 2564 2596 2624 τοῖς
2621 2558 2981 2631 ἁμαρτήμασι
3014 2554 3252 2626 γεγονὼς
3281 2558 3391 2618 τοῖς
3411 2554 3613 2624 ἡμετέ-

2046 2670 2187 2724 ροις,
2214 2652 2305 2705 ἐπὶ
2336 2651 2396 2703 τὸ
2428 2653 2668 2722 κρεῖττον
2712 2648 3006 2720 μεταϐάλοι
3041 2648 3112 2701 τά
3144 2647 3440 2718 πράγματα
3461 2661 3474 2673 ·
3508 2644 3612 2696 οὐκ

394 2732 685 2801 impertiri.
717 2732 837 2787 Jam
870 2749 1029 2788 nemo
1079 2734 1307 2790 miretur
1332 2736 1476 2806 quod
1522 2737 1727 2808 Gogum
1770 2753 1939 2809 regem

2052 2744 2266 2810 ἐδέξατο
2292 2742 2367 2806 δὲ,
2399 2741 2552 2812 φησὶ,
2582 2742 2678 2812 τὴν
2706 2740 2887 2812 δέησιν
2917 2738 3119 2811 ταύτην
3158 2738 3189 2791 6
3227 2736 3357 2802 Θεὸς
3376 2774 3392 2798 ,
3422 2733 3614 2804 ἐπειδὴ

396 2833 658 2879 memoret
688 2839 703 2875 ε
737 2825 936 2879 etenim
967 2831 1022 2879 et
1060 2834 1219 2881 antea
1251 2826 1516 2899 Assyriis,
1563 2837 1618 2882 et
1647 2827 1939 2900 Babyloniis

2048 2833 2239 2905 μεῖζον
2273 2832 2498 2904 ἱλασμοῦ
2531 2833 2637 2886 τῶν
2677 2830 3101 2903 ἁμαρτηθέντων
3129 2829 3310 2892 αὐτοῖς
3343 2828 3524 2898 ἠγεῖτο
3552 2826 3616 2877 τὸ

397 2921 605 2981 postea,
645 2914 800 2968 multi
824 2914 891 2969 de
918 2914 1192 2985 Scythicis
1220 2931 1439 2988 quoque
1470 2918 1687 2988 populis
1725 2919 1939 2973 auxilia-

2056 2924 2255 2995 πλῆθος
2276 2940 2288 2954 ·
2320 2925 2381 2978 οὐ
2414 2924 2519 2995 χρὴ
2545 2924 2600 2978 δέ
2630 2923 2931 2995 θαυμάζειν
2957 2924 3006 2976 εί
3036 2917 3156 2976 εἷπε
3176 2962 3191 2987 ,
3231 2941 3250 2974 ι
3290 2919 3412 2989 Γὼγ
3446 2923 3474 2972 ὁ
3516 2918 3613 2986 βα-

398 3018 487 3057 res
539 3005 665 3059 belli
714 3013 887 3073 erant,
935 3021 1171 3076 quorum
1232 3023 1327 3064 rex
1368 3016 1485 3065 erat
1534 3007 1751 3079 Gogus;
1797 3010 1939 3080 cujus

2062 3017 2258 3079 σιλεὺς,
2297 3035 2315 3068 ι
2359 3016 2545 3086 ἐπειδὴ
2584 3014 2679 3068 καὶ
2719 3014 3020 3087 Ἀσσυρίοις
3060 3010 3475 3103 πρότερον,ῗκαλ.
3506 3010 3615 3103 Βα-

399 3092 531 3149 focit
581 3095 908 3151 mentionem
961 3112 1070 3153 non
1126 3106 1388 3169 tanquam
1450 3100 1575 3155 belli
1628 3101 1805 3166 ducis,
1862 3118 1939 3158 set

2063 3107 2338 3171 ϐυλωνίοις
2391 3108 2509 3178 μετ’
2553 3107 2745 3171 ἐκεῖνο,
2800 3105 2983 3159 πολλοὶ
3037 3106 3130 3159 καὶ
3180 3103 3289 3157 τῶν
3335 3100 3615 3153 Σκυθικῶν

398 3191 657 3254 tanquam
711 3188 1094 3257 regnatorihus
1125 3189 1407 3260 suppetias
1449 3189 1690 3247 krentis.
1742 3191 1939 3247 Scimus

2064 3198 2233 3252 ἐθνῶν
2264 3198 2626 3269 συνέπραττον
2656 3198 2734 3261 είς
2759 3197 2850 3253 τὸν
2875 3196 3107 3268 πόλεμον
3131 3213 3145 3227 ·
3171 3187 3353 3263 ὧνπερ
3378 3188 3469 3246 οῦν
3493 3191 3620 3245 ἐϐαρ

401 3283 581 3330 autem
643 3277 925 3349 Assyrium
982 3280 1159 3351 prius,
1221 3289 1277 3337 et
1326 3281 1521 3339 deinde
1582 3282 1934 3356 Babylonium

2068 3288 2277 3342 σίλευεν
2302 3290 2330 3342 ό
2356 3287 2497 3357 Γὼγ,
2524 3283 2693 3361 οὗπερ
2722 3286 3123 3359 ἐμνημόνευσεν
3150 3284 3246 3353 οὐχ
3270 3282 3343 3346 ὼς
3368 3281 3625 3352 ἄρχοντος

401 3368 585 3424 multis
646 3370 1005 3440 imperavisse
1074 3375 1294 3445 populis
1336 3392 1349 3427 :
1391 3389 1530 3445 quos
1598 3390 1787 3432 omnes
1836 3393 1939 3430 cun

2066 3379 2159 3432 τοῦ
2204 3380 2438 3450 πολέμου
2479 3381 2637 3442 τότε,
2692 3377 2805 3432 ἀλλ’
2846 3378 2921 3440 ὡς
2971 3378 3083 3439 τοῖς
3131 3375 3354 3445 ἄρχουσι
3406 3387 3626 3440 συμμα-

403 3461 637 3531 satrapis
665 3463 780 3518 suis
817 3479 913 3519 seu
944 3464 1111 3535 regiis
1144 3464 1504 3535 praefecturis,
1541 3481 1649 3520 non
1679 3474 1763 3522 est
1796 3466 1939 3522 incre

2062 3469 2283 3542 χοῦντος
2302 3487 2315 3501 ο
2346 3471 2407 3523 οὐ
2437 3470 2545 3541 γὰρ
2588 3470 2777 3540 ἄδηλον
2815 3470 2898 3522 ὅτι
2928 3468 3023 3521 καὶ
3054 3468 3081 3520 6
3118 3463 3399 3536 Ἀσσύριος
3430 3462 3627 3532 πρότε-

406 3550 571 3611 dibile
594 3554 737 3609 bello
761 3555 941 3612 socios
971 3557 1308 3615 interfuisse.
1342 3558 1517 3619 Aliam
1560 3573 1752 3616 rursus
1778 3560 1939 3615 recita

2068 3579 2157 3632 ρον
2185 3562 2351 3615 ἐθνῶν
2380 3561 2587 3616 πολλῶν
2604 3560 2843 3632 ἐκράτει,
2868 3559 2941 3630 (p.
2972 3558 3094 3623 195)
3116 3557 3208 3611 καὶ
3233 3554 3347 3626 μετ’
3372 3552 3629 3606 ἐκείνονιό

405 3643 605 3698 abhinc
635 3646 1045 3705 revelationem.

2068 3653 2431 3718 Βαϐυλώνιος·
2468 3652 2559 3716 οὓς
2592 3651 2837 3714 ἅπαντας
2871 3647 3010 3720 μετά
3050 3646 3159 3701 τῶν
3183 3644 3473 3717 σατραπῶν
3513 3643 3624 3695 τῶν

406 3732 643 3799 οἰκείων,
667 3736 766 3790 εἴτ’
793 3734 885 3793 οῦν
907 3739 1211 3809 βασιλειῶν,
1238 3740 1337 3795 οὐκ
1360 3742 1587 3807 ἀπεικὸς
1612 3738 1681 3814 ἦν
1708 3740 1799 3797 καὶ
1832 3745 2088 3814 παρεῖναι
2119 3746 2212 3799 καὶ
2239 3744 2610 3817 συμπράττειν
2649 3743 2844 3806 αὐτοὺς
2874 3740 2954 3812 τῷ
2985 3740 3228 3811 πολέμῳ.
3262 3733 3394 3792 Εῐτα
3414 3736 3579 3791 πάλιν

406 3827 599 3900 ἑτέραν
635 3831 971 3904 ἀποκάλυψιν
1010 3835 1160 3904 λέγει
1177 3853 1191 3867 ⁸

478 3920 647 3978 Vens.
679 3923 795 3978 4-9.
818 3954 888 3965 —-
910 3945 928 3976 ι
966 3926 1056 3982 Sic
1081 3927 1320 3983 ostendit
1352 3929 1483 3984 mihi
1515 3927 1775 3985 Dominus
1808 3927 1939 3986 Deus

2141 3926 2289 3995 Στίχ.
2332 3921 2462 3977 δ’-θ’.
2494 3951 2562 3961 -
2597 3938 2615 3970 ι
2652 3920 2837 3983 Οῦτως
2866 3918 3035 3983 ἐδειξέ
3069 3935 3157 3989 μοι
3190 3916 3390 3986 Κύριος
3420 3915 3450 3966 6
3474 3914 3632 3980 Θεός·

411 4010 477 4065 Et
503 4018 632 4068 ecce
663 4017 877 4072 vocavit
912 4017 1180 4086 judicium
1219 4020 1274 4074 in
1302 4019 1426 4090 igne
1464 4019 1757 4086 Dominus;
1794 4029 1848 4076 et
1880 4022 1939 4077 de

2072 4018 2163 4071 καὶ
2204 4017 2312 4069 ἰδοὺ
2358 4012 2616 4067 ἐκάλεσεν
2662 4011 2759 4082 τὴν
2804 4009 2959 4081 δίκην
2995 4011 3054 4063 ἐν
3087 4009 3219 4079 πυρὶ
3259 4006 3495 4077 Κύριος,
3538 4007 3637 4059 καὶ

410 4101 625 4155 voravit
650 4102 905 4175 abyssum
951 4107 1177 4161 multam
1202 4124 1216 4173 ;
1247 4115 1300 4163 et
1330 4109 1611 4164 devoravit
1641 4118 1869 4180 partem.
1915 4110 1939 4164 Ε

2071 4107 2345 4175 κατέφαγε
2397 4104 2494 4174 τὴν
2542 4102 2775 4157 ἄϐυσσον
2824 4102 2924 4172 τὴν
2970 4099 3168 4171 πολλὴν
3187 4139 3202 4165 ,
3234 4100 3329 4152 καὶ
3360 4097 3637 4165 κατέφαγε

412 4193 525 4247 dixi
553 4209 568 4248 :
602 4193 847 4261 Domine,
884 4197 1071 4253 desine
1091 4199 1273 4255 modo.
1306 4199 1439 4266 Quis
1478 4201 1939 4257 suscitabitJacol

2071 4200 2171 4272 τὴν
2201 4197 2421 4269 μερίδα·
2456 4196 2549 4249 καὶ
2577 4191 2749 4249 εἷπον·
2784 4193 2975 4264 Κύριε,
3001 4193 3235 4245 κόπασον
3267 4191 3330 4261 δή
3349 4206 3363 4221 ·
3389 4190 3471 4253 τίς
3503 4191 3639 4243 ἀνα-ι

414 4284 542 4353 quia
567 4285 813 4343 modicus
833 4288 955 4342 est?
975 4288 1243 4345 Pmniteat
1267 4298 1338 4357 te,
1370 4292 1620 4355 Domine,
1646 4309 1811 4362 super
1838 4294 1938 4347 hoc

2037 4333 2053 4385 |
2081 4291 2265 4356 στήσει
2296 4288 2387 4340 τὸν
2429 4286 2623 4370 Ἰακὼϐ
2655 4286 2737 4338 ὅτι
2778 4283 3049 4352 όλιγοστός
3083 4284 3228 4388 ὲστις
3276 4279 3637 4388 μετανόησον,

415 4374 484 4424 At
506 4372 608 4428 hoc
652 4389 760 4429 non
811 4376 922 4440 ﬁet,
970 4377 1103 4432 dicit
1140 4377 1405 4434 Dominus
1456 4379 1615 4436 Deus.
1646 4399 1665 4433 ι
1701 4379 1846 4442 Vidi,
1891 4382 1939 4434 in

2037 4371 2052 4385 ’
2080 4380 2251 4452 Κύριε
2268 4420 2282 4444 ,
2308 4378 2399 4432 ἐπὶ
2420 4378 2614 4446 τούτῳ.
2637 4407 2705 4417 -
2733 4376 2845 4431 Καὶ
2872 4374 3028 4429 τοῦτο
3058 4374 3117 4427 ού
3140 4372 3213 4444 μὴ
3233 4373 3475 4444 γένηται,
3492 4371 3642 4439 λέγει

416 4462 557 4531 quit,
619 4479 813 4521 rursus
860 4466 1025 4521 Deum
1078 4480 1357 4524 vocantem
1401 4470 1690 4539 judicium,
1740 4487 1848 4542 quo
1893 4488 1939 4527 re

2078 4471 2281 4542 Κύριος
2313 4473 2341 4523 6
2371 4469 2520 4532 Θεός.
2562 4488 2582 4521 ι
2635 4466 2977 4536 Ἐθεασάμην
3004 4465 3132 4537 γὰρ,
3164 4465 3324 4533 φησὶ,
3360 4462 3520 4515 πάλιν
3551 4461 3646 4513 τὸν

419 4553 702 4607 hominum
748 4556 996 4625 judicare
1046 4560 1184 4615 solet
1219 4579 1232 4615 :
1264 4576 1501 4632 namque
1548 4562 1740 4616 horum
1800 4565 1939 4617 omni

2080 4564 2231 4627 Θεὸν,
2271 4562 2535 4616 καλοῦντα
2575 4560 2676 4628 τὴν
2707 4559 2864 4630 δίκην
2911 4558 3032 4612 καθ’
3081 4557 3146 4628 ἢν
3190 4556 3360 4610 ἅπασι
3400 4552 3647 4618 δικάζειν

421 4660 609 4701 severe
640 4655 693 4702 et
723 4650 891 4703 multa
924 4664 1047 4704 cum
1076 4651 1429 4721 inquisitione
1462 4654 1744 4709 scrutandi
1775 4670 1895 4710 mos
1936 4680 1939 4702 ι

2084 4655 2240 4709 εἴωθε
2272 4656 2383 4716 τοῖς
2413 4650 2737 4724 ἀνθρώποις,
2775 4650 2911 4721 μετὰ
2940 4648 3219 4721 ἀκριϐείας
3245 4664 3303 4699 τε
3332 4647 3427 4700 καὶ
3460 4645 3650 4711 ἐξετά-

421 4744 527 4792 est.
571 4737 738 4794 Porro
784 4740 838 4795 in
879 4741 1003 4811 igne
1048 4744 1281 4809 vocavit,
1309 4746 1437 4814 quia
1483 4745 1576 4799 tali
1622 4760 1783 4815 poma
1827 4745 1939 4816 digr

2075 4746 2224 4805 ’σεως
2271 4744 2468 4815 πολλῆς
2510 4743 2581 4797 τά
2628 4742 2747 4797 κατ’
2800 4741 2996 4803 αὐτοὺς
3046 4742 3349 4808 οἰκονομεῖν
3403 4736 3643 4800 εἰωθώς·

424 4828 569 4887 facta
610 4834 967 4890 existimavit.
991 4836 1110 4902 Quo
1160 4837 1283 4908 igne
1335 4839 1701 4893 lsraelitarum
1742 4837 1939 4919 multiti

2087 4838 2310 4893 ἐκάλεσε
2341 4837 2396 4889 δὲ
2421 4838 2479 4888 ὲν
2499 4835 2653 4906 πυρὶ,
2675 4834 2861 4919 ἐπειδὴ
2888 4833 3141 4902 τοιαύτης
3169 4830 3437 4901 τιμωρίας
3461 4831 3652 4899 ἡγεῖτο

425 4923 606 4980 dinem
647 4927 830 4996 (quam
873 4927 1071 4999 abysso
1108 4934 1410 5001 comparat)
1437 4945 1562 4984 cum
1594 4929 1805 4984 absumi
1841 4924 1939 4982 νὶἀε

2083 4931 2152 4986 τὰ
2186 4927 2579 5000 πεπραγμέναο
2608 4928 2701 4996 ἀφ’
2732 4918 2792 4979 οῦ
2827 4925 2911 4996 δὴ,
2940 4925 3092 4995 φησὶ,
3135 4923 3195 4975 τὸ
3228 4922 3337 4975 τῶν
3377 4920 3647 4991 Ἰσραηλι-

428 5030 579 5079 rem,
646 5034 837 5073 rursus
895 5019 1215 5086 exclamavi,
1272 5020 1695 5076 deminutionem
1755 5019 1939 5088 aliqua

2084 5023 2194 5075 τῶν
2247 5019 2449 5090 πλῆθος
2502 5019 2723 5089 άϐύσσῳ
2778 5017 3067 5089 παρεοικὸς
3118 5011 3653 5083 καταναλισκόμενον

431 5110 557 5163 mali
597 5112 898 5179 postulans.
933 5112 1295 5170 Nihilominus
1329 5112 1473 5168 Deus
1508 5129 1617 5169 non
1653 5113 1858 5167 annuit.
1884 5110 1939 5165 St

2091 5112 2234 5176 ἰδὼν,
2267 5110 2427 5164 πάλιν
2457 5110 2655 5180 ἐϐόησα
2683 5108 2933 5176 γενέσθαι
2962 5108 3080 5160 τινὰ
3111 5106 3332 5177 μείωσιν
3356 5103 3522 5157 αἰτῶν
3554 5104 3654 5157 τοῦ

428 5208 539 5279 jam
603 5210 816 5263 tertiam
865 5226 1081 5281 quoque
1125 5217 1312 5265 narrat
1361 5208 1763 5264 revelationem.
1828 5225 1847 5257 ι
1899 5203 1936 5259 5

2089 5202 2260 5259 κακοῦ
2283 5221 2296 5233 ·
2338 5203 2652 5273 ἀπεφήνατο
2674 5201 2729 5253 δὲ
2755 5200 2970 5253 ἔσεσθαι
2998 5197 3153 5251 τοῦτο
3178 5197 3327 5260 Θεός.
3367 5195 3525 5249 Ἀλλά
3555 5197 3656 5248 καὶ

406 5301 669 5371 ostendit
709 5304 840 5357 mihi
877 5303 1136 5359 Dominus
1181 5323 1194 5359 :
1234 5318 1360 5359 ecce
1398 5302 1482 5358 vir
1505 5311 1658 5357 stans
1683 5315 1845 5370 super
1878 5314 1939 5353 mi

2089 5297 2278 5369 τρίτην
2321 5293 2660 5364 ἀποκάλυψιν
2700 5293 2879 5361 λέγει·
2926 5311 2943 5341 ι
2978 5290 3160 5352 Οῦτως
3199 5286 3365 5353 ἔδειξέ
3396 5303 3497 5389 μοι
3538 5284 3659 5389 Κύο

402 5412 555 5463 ,τιιηι
604 5396 1031 5463 adamantinmn,
1071 5407 1125 5453 et
1176 5398 1229 5451 in
1259 5412 1424 5450 manu
1472 5394 1591 5463 ejus
1632 5394 1898 5470 adamas.
1931 5391 1939 5444 1

2095 5407 2237 5462 ριος·
2270 5388 2363 5441 καὶ
2394 5387 2501 5441 ἰδοὺ
2532 5386 2670 5456 ἀνὴρ
2709 5382 2952 5453 ἑστηκὼς
2994 5381 3087 5434 ἐπὶ
3118 5377 3659 5479 τείχουςάδα-μαντί-

437 5486 569 5541 dicit
619 5486 879 5541 Dominus
921 5488 984 5541 ad
1021 5503 1106 5541 me
1150 5507 1161 5541 :
1195 5487 1335 5552 Quid
1378 5494 1437 5541 tu
1473 5483 1640 5547 vides,
1691 5466 1893 5537 Amos‘.5
1935 5482 1939 5533 ἒ

2096 5498 2185 5533 νου
2206 5496 2220 5509 ⁸
2247 5480 2339 5532 καὶ
2366 5480 2423 5531 ἐν
2444 5481 2511 5548 τῇ
2542 5494 2619 5546 χει
2628 5477 2681 5546 pi.
2708 5472 2871 5527 αὑτοῦ
2900 5473 3112 5542 ἀδάμας
3132 5488 3145 5501 ·
3178 5471 3271 5523 καὶ
3299 5466 3419 5522 εἷπε
3446 5466 3657 5553 Κύριος

402 5552 550 5633 “diu
581 5598 591 5633 τ
625 5580 978 5636 adamantcm.
1021 5578 1183 5647 ηε
1207 5578 1268 5632 Et
1294 5576 1431 5633 dixit
1469 5574 1728 5632 Dominus
1773 5573 1839 5628 ad
1872 5589 1939 5628 ω(

2100 5569 2231 5641 πρός
2263 5586 2365 5641 με·
2387 5568 2449 5622 Τί
2476 5570 2537 5621 σὺ
2561 5569 2691 5639 ὁρᾷς
2710 5609 2723 5631 ,
2752 5564 2942 5637 Αμώς;
2978 5563 3084 5617 Καὶ
3113 5556 3270 5616 εἶπα·
3325 5552 3655 5627 Ἀδάμαντα.
