3966 6222
279 290 388 356 289

1309 278 1859 355 COMMENTARIUS
1894 297 1959 353 IN
1997 296 2203 355 auos:
2228 278 2379 355 CAP.
2413 297 2522 352 vn.

3396 274 3500 352 Q96

280 419 391 471 Καὶ
415 412 538 469 εἷπε
562 417 762 486 Κύριος
774 414 912 489 πρὸς
935 414 1001 487 μέ
1020 429 1034 444 ·
1050 411 1179 468 Ἰδοὺ
1195 411 1305 481 ὲγὼ
1321 413 1560 466 ὲντάσσω
1570 413 1850 485 ἀδάμαντα

1958 411 2090 468 Ecce
2117 426 2215 485 ego
2244 394 2463 483 impono
2492 410 2833 468 adamantem
2874 388 2929 466 in
2964 395 3139 468 medio
3168 414 3353 484 populi
3394 413 3500 470 mei

279 506 338 559 ἓν
392 506 542 576 μέσῳ
572 504 700 558 λαοῦ
734 523 836 576 μου
891 504 1104 578 Ἰσραήλ
1124 521 1138 535 ·
1175 503 1359 558 οὐκέτι
1391 504 1464 575 μὴ
1497 503 1717 577 προσθῶ
1748 504 1842 558 τοῦ

281 599 571 671 παρελθεῖν
582 598 744 652 αὐτόν
759 616 775 630 ·
802 597 892 651 καὶ⁴
907 595 1358 667 ἀφανισθήσονται
1384 599 1433 649 οἱ
1450 595 1621 667 βωμοὶ
1637 595 1728 650 τοῦ
1753 596 1845 666 γέ·

280 688 469 751 λωτοςο
485 688 581 741 καὶ
594 689 650 741 αἱ
668 687 879 740 τελεταὶ
907 686 1120 758 Ἰσραὴλ
1135 687 1159 738 ὲ
1166 703 1233 758 ρη
1242 683 1606 756 μωθήσονταιο
1622 686 1698 757 (p.
1720 686 1843 756 194)

282 780 377 831 καὶ
396 779 768 848 ἅναστήσομαι
800 777 891 829 ἐπὶ
904 776 994 829 τὸν
1008 771 1151 829 οἷκον
1174 776 1453 847 Ἱεροὸοὰμ
1466 777 1525 830 ὲν
1544 776 1805 848 ῥομφαία.
1818 795 1837 829 ι

285 870 492 935 Ἐδειξε
516 869 626 937 γάρ
659 866 749 938 μοί
770 884 910 929 τινα,
934 867 1116 935 φησὶν,
1142 868 1228 918 ἐπ’
1248 866 1605 937 ἀδαμαντίνου
1634 867 1847 937 τείχους

281 959 529 1020 ἑστῶτα,
572 956 763 1026 ἔχοντα
796 956 889 1008 ἐπὶ
932 956 1031 1026 τῆς
1079 955 1261 1026 χειρὸς
1309 956 1624 1027 ἀδάμαντα⁶
1670 953 1739 1029 ἦν
1787 958 1846 1011 δὲ

279 1048 455 1101 ταῦτα
499 1048 701 1117 σημεῖα
741 1044 841 1098 τοῦ
880 1042 1111 1115 στερρὰν
1154 1044 1250 1097 καὶ
1284 1043 1476 1098 ἄλυτον
1503 1044 1845 1116 ἐξενηνέχθαι

280 1138 430 1192 κατὰ
454 1137 564 1190 τῶν
595 1135 942 1207 Ἰσραηλιτῶν
966 1133 1118 1207 παρά
1142 1132 1235 1188 τοῦ
1266 1134 1401 1188 Θεοῦ
1426 1134 1525 1206 τὴν
1551 1135 1844 1204 ἀπόφασιν,

281 1230 382 1283 ἆτε
432 1228 524 1282 τοῦ
566 1227 871 1297 ἀδάμαντος
908 1229 974 1295 τῇ
1009 1225 1325 1297 στερρότητι
1357 1225 1427 1279 τὰ
1470 1225 1631 1279 λοιπά
1658 1222 1847 1281 νικῶν-

281 1338 395 1383 τος,
448 1318 604 1373 Μετά
635 1318 820 1389 πάσης
862 1318 1074 1382 τοίνυν,
1130 1317 1298 1387 φησὶ,
1348 1319 1445 1389 τῆς
1494 1319 1847 1391 στερρότητος

279 1412 472 1477 ἐπάξω
497 1410 576 1481 τῷ
612 1409 727 1479 λαῷ
759 1409 829 1461 τά
872 1408 1015 1461 κακά
1035 1451 1049 1474 ,
1079 1408 1261 1461 οὐκέτι
1291 1410 1655 1481 παρατρέχειν
1681 1407 1845 1463 αὐτοῦ

280 1504 381 1565 τὰς
419 1502 765 1573 παρανομίας
803 1498 1157 1569 ἀνεχόμενοςο
1200 1500 1657 1572 ἀφανισθήσονται
1695 1500 1754 1554 δὲ
1798 1500 1845 1554 οἱ

285 1593 461 1663 βωμοὶ
492 1592 728 1655 πάντες,
762 1591 822 1643 ὲν
846 1585 925 1654 οἷς
957 1591 1049 1643 ἐπὶ
1075 1592 1143 1661 τῇ
1184 1591 1292 1644 τῶν
1325 1589 1554 1645 εἰδώλων
1584 1591 1849 1664 θεραπεία

283 1685 388 1755 τὴν
412 1684 604 1756 ήδονὴν
634 1682 968 1754 ἐκαρποῦντο
986 1700 1001 1714 ·
1028 1684 1120 1736 καὶ
1144 1683 1320 1737 πάντα
1347 1683 1434 1754 δὴ,
1476 1684 1628 1755 φησὶ,
1664 1684 1851 1737 συντόο

290 1750 410 1846 μως
433 1750 648 1846 ⁷ἐρημία
690 1750 1120 1845 παραδοθήσεται
1153 1774 1325 1829 ὁπόσα
1356 1750 1453 1827 νῦν
1490 1750 1623 1846 παρ’
1669 1774 1848 1828 αὐτῶν
1879 1750 1922 1807 Β

285 1868 379 1919 ἐπὶ
410 1865 677 1937 θρησκείᾳ
716 1866 829 1919 ’τῶν
867 1864 1139 1936 δαιμόνων
1165 1864 1492 1937 πληροῦται·
1529 1865 1623 1919 καὶ
1649 1865 1715 1936 δὴ
1755 1866 1848 1921 καὶ

285 1959 469 2010 πᾶσαν
500 1957 595 2009 τοῦ
628 1955 997 2027 βασιλεύοντος
1020 1954 1174 2027 ὑμῶν
1199 1955 1293 2011 νῦν
1325 1955 1605 2027 Ἱεροσοάμ
1636 1955 1851 2025 ἀφανιῶ

281 2048 360 2117 τῷ
390 2047 620 2117 πολέμῳ
652 2048 753 2118 τὴν
784 2046 1031 2117 δύναμιν.
1065 2044 1249 2099 Ἔοικε
1289 2046 1347 2101 δὲ
1375 2042 1520 2100 οἷκον
1571 2047 1850 2119 Ἱεροὸοάμ

282 2139 519 2194 ἐνταῦθα
561 2139 665 2209 τὴν
712 2138 984 2209 βασιλείαν
1027 2138 1243 2192 ἅπασαν
1267 2136 1474 2207 λέγειν,
1501 2137 1567 2191 ἐκ
1591 2137 1687 2191 τοῦ
1717 2155 1853 2210 κρα-

281 2232 503 2295 τοῦντος
542 2232 689 2285 ἅπαν
724 2232 972 2302 σημήνας
1008 2230 1068 2283 τὸ
1096 2230 1279 2297 ἔθνος,
1307 2228 1467 2301 δήλου
1496 2245 1560 2298 γε
1586 2229 1735 2294 ὄντος
1774 2229 1852 2294 ὡς

283 2328 343 2377 ἐν
356 2327 471 2387 τοῖς
494 2324 635 2394 μετά
652 2324 744 2376 τὸν
769 2322 1049 2393 Ἱεροϐοάμ
1073 2322 1283 2393 χρόνοις
1304 2323 1339 2393 ή
1364 2320 1472 2375 τῶν
1494 2320 1631 2393 (28')
1665 2322 1854 2377 Ἀσσυ-

285 2416 419 2486 ρίων
445 2415 634 2484 ἔφοδος
655 2415 845 2483 γέγονε
873 2414 1015 2468 κατὰ
1037 2412 1133 2468 τοῦ
1170 2413 1403 2488 Ἰσραήλ.

356 2508 507 2578 Στίχ.
543 2506 695 2575 ﬁer.
729 2535 799 2547 —
825 2505 1061 2560 Τοιαῦτα
1086 2506 1149 2577 δὴ
1176 2504 1271 2560 τοῦ
1298 2506 1578 2577 προφήτου
1608 2522 1854 2576 μεμηνυ-

286 2601 447 2661 κότος
480 2597 867 2652 ἐπελεύσεσθαι
893 2596 972 2667 τῷ
1004 2596 1143 2650 ἔθνει
1180 2594 1273 2650 τοῦ
1317 2596 1531 2668 Ἰσραὴλ
1551 2637 1566 2661 ,
1600 2597 1740 2668 ὑπὲρ
1776 2590 1854 2651 ὧν

286 2691 521 2762 ἧσὲὄουν
548 2709 609 2744 τε
648 2690 743 2745 καὶ
772 2689 1110 2759 παρενόμουν
1137 2688 1414 2751 ποικίλων,
1462 2688 1719 2759 Ἀμεσίας
1743 2691 1771 2742 ό
1796 2690 1854 2743 ὲν

288 2782 490 2853 Βαιθὴλ
526 2778 819 2851 ἱερατεύων
851 2778 945 2832 καὶ
974 2778 1071 2846 τῆς
1103 2775 1369 2846 τοσαύτης
1399 2775 1652 2839 ἀσεϐείας
1688 2776 1853 2847 ἡγού-

292 2892 449 2944 μενος
483 2870 653 2925 παντὶ
691 2870 770 2942 τῷ
803 2868 940 2940 λαῷ,
973 2866 1196 2944 συνιδὼν
1236 2867 1312 2933 ὡς
1350 2868 1442 2921 ἐπὶ
1484 2868 1646 2922 πλέον
1683 2866 1857 2923 ταῦτα

1944 502 2197 572 lsraelis;
2232 519 2577 575 nequaquam
2626 505 2768 560 ultra
2813 503 3006 559 addam
3042 516 3099 558 ut
3130 514 3499 575 pertranseam

1944 608 2091 649 eum.
2138 592 2207 648 Et
2260 594 2611 651 destruentur
2667 609 2775 650 arae
2826 594 2994 658 risus,
3055 604 3109 650 et
3165 594 3499 651 initiationes

1945 682 2165 739 lsraelis
2214 681 2637 751 desolabuntur;
2678 691 2733 740 et
2763 698 3084 756 consurgam
3117 684 3378 740 adversus
3403 685 3501 740 do-

1945 788 2094 828 mum
2123 772 2433 831 Jeroboami
2466 790 2590 830 cum
2631 775 2830 847 gladio.
2864 794 2882 826 ο
2928 773 3325 831 Demonstravit
3366 776 3503 831 mihi

1945 866 2259 935 quemdam,
2301 866 2499 937 inquit,
2546 882 2709 937 super
2755 865 3103 921 adamantin
3150 880 3308 921 muro
3351 876 3503 922 stan-

1944 963 2079 1021 tem,
2129 958 2221 1028 qui
2259 974 2424 1014 manu
2474 959 2601 1014 item
2658 959 3001 1014 adamantem
3052 959 3289 1015 tenebat.
3330 958 3503 1015 Porro

1945 1049 2061 1106 haec
2101 1058 2257 1106 erant
2306 1051 2505 1107 indicia
2547 1050 2718 1106 ﬁrma:
2758 1057 2921 1121 atque
2966 1049 3276 1107 insolubilis
3324 1066 3353 1104 a
3393 1050 3503 1105 Deo

1946 1142 2070 1199 lata:
2124 1144 2386 1199 adversus
2441 1143 2714 1199 lsraelitas
2756 1143 3057 1205 sententia),
3120 1140 3374 1197 nimirum
3419 1143 3499 1196 uti

1949 1234 2174 1291 adamas
2231 1235 2434 1290 duritie
2484 1250 2583 1289 sua
2634 1234 3105 1304 omnia-superat.
3159 1232 3294 1287 Cum
3350 1235 3496 1287 omni

1946 1326 2133 1397 igitur,
2160 1327 2357 1397 inquit,
2387 1326 2645 1386 ﬁrmitate
2681 1326 2944 1381 adducam
2981 1326 3178 1396 populo
3210 1327 3367 1387 mala,
3400 1340 3500 1380 nec

1946 1417 2155 1473 diutius
2184 1417 2535 1473 dissimulare
2576 1424 2794 1487 peccata
2823 1417 2942 1485 ejus
2970 1418 3165 1487 patiar.
3206 1415 3506 1472 Destruen-

1947 1515 2040 1563 tur
2085 1516 2263 1563 autem
2299 1523 2407 1562 arae
2447 1522 2659 1569 omnes,
2714 1506 2855 1576 apud
2907 1523 3042 1577 quas
3084 1506 3225 1561 idola
3274 1506 3506 1561 colendo

1949 1598 2249 1670 voluptatis
2288 1597 2527 1653 fructum
2558 1597 2862 1667 capiebant.
2893 1596 2956 1651 Et
2980 1586 3158 1651 omnia
3186 1606 3253 1651 ut.
3271 1597 3505 1652 breviter

1952 1692 2128 1747 dicam
2167 1691 2406 1745 vastitati
2436 1689 2741 1752 tradentur,
2773 1694 3039 1758 quotquot
3084 1703 3229 1742 nunc
3272 1688 3340 1742 ah
3371 1688 3505 1756 ipsis

1950 1783 2021 1838 ob
2051 1783 2358 1837 daamonum
2411 1782 2681 1835 culturam
2732 1781 2885 1835 iiunt.
2921 1778 3063 1845 Quin
3101 1787 3155 1835 et
3199 1780 3506 1835 universam

1948 1874 2231 1942 regnantis
2260 1886 2406 1927 nunc
2430 1869 2741 1926 Jeroboami
2765 1870 3064 1940 potentiam
3094 1869 3233 1924 bello
3257 1884 3507 1939 pessum-
3618 1942 3619 1945 η

1948 1965 2109 2019 dabo.
2153 1962 2383 2018 Videtur
2404 1971 2581 2018 autem
2615 1961 2704 2016 hic
2730 1961 2950 2016 domum
2983 1958 3289 2016 Jeroboami
3324 1962 3507 2016 dicere

1949 2070 2049 2126 pro
2080 2064 2199 2108 toto
2230 2068 2427 2124 regno;
2462 2069 2528 2109 ex
2559 2052 2805 2124 principe
2838 2063 3052 2122 gentem
3093 2061 3259 2107 totam
3293 2053 3502 2125 signiti-

1950 2160 2102 2201 cans.
2132 2144 2302 2200 Porro
2325 2144 2664 2220 exploratum
2708 2152 2794 2199 est
2828 2144 3135 2200 Jeroboami
3174 2146 3510 2216 temporibus

1951 2238 2200 2293 evenisse
2224 2236 2572 2309 Assyriorum
2593 2236 2995 2306 expeditionem
3020 2245 3211 2293 contra
3234 2238 3511 2295 lsraclcm.

2025 2502 2192 2558 νεικε-
2218 2502 2409 2556 10-15.
2429 2500 2648 2557 -Cum
2682 2501 2797 2556 haec
2827 2502 3089 2573 propheta
3118 2505 3263 2576 genti
3296 2505 3521 2564 Israelis

1954 2606 2213 2651 eventura
2258 2593 2628 2664 praedixisset,
2679 2602 2900 2663 propter
2948 2596 3128 2651 varias
3177 2607 3515 2667 perpetratas

1956 2686 2262 2757 impietates
2284 2694 2445 2755 atque
2467 2686 2761 2756 nequitias,
2784 2687 3029 2741 Amesias
3050 2686 3141 2757 qui
3163 2688 3306 2759 apud
3329 2689 3515 2747 Bethel

1957 2778 2215 2834 sacerdos
2236 2786 2375 2843 erat,
2395 2784 2449 2833 et
2473 2777 2609 2832 tanti
2634 2778 2858 2834 sceleris
2890 2778 3090 2849 populo
3110 2780 3363 2836 universo
3383 2781 3520 2849 dux,

1958 2867 2392 2923 animadvertens
2431 2868 2576 2938 quod
2604 2867 2650 2923 si
2686 2883 2751 2923 ea
2794 2869 3027 2926 ulterius
3050 2871 3311 2941 propheta
3336 2873 3521 2930 dicere

287 2966 443 3038 παρά
467 2964 565 3019 τοῦ
595 2965 875 3036 προφήτου
895 2961 1183 3032 λεγόμενα,
1214 2959 1288 3030 (p.
1317 2960 1440 3031 195)
1464 2960 1857 3032 άμελεστέρους

1958 2966 2225 3030 pergeret,
2284 2959 2569 3029 segniores
2626 2959 2681 3015 in
2734 2959 3003 3016 idolorum
3048 2962 3200 3017 cultu
3256 2963 3519 3035 plurimos

288 3056 428 3112 εἶναι
463 3058 595 3127 περὶ
620 3056 723 3127 τὴν
754 3052 849 3107 τοῦ
882 3052 1099 3106 εἰδώλου
1127 3051 1420 3125 θεραπείαν
1448 3051 1857 3123 παρασκευάσει

1960 3049 2183 3112 faceret,
2235 3048 2440 3119 quippe
2497 3050 2590 3120 qui
2652 3049 3031 3105 vaticiniorum
3080 3050 3359 3121 prapbetae
3402 3052 3517 3122 jam

288 3151 414 3211 τοὺς
443 3147 732 3210 πλείστους
755 3186 770 3211 ,
800 3143 896 3200 άτε
925 3143 1005 3215 τῷ
1031 3142 1181 3215 φόϐῳ
1208 3143 1711 3216 προκατεχομένους
1748 3143 1856 3197 τῶν

1959 3141 2283 3197 tenebantur
2317 3149 2486 3207 metu,
2519 3148 2750 3196 conatus
2795 3148 2881 3197 est
2926 3156 3107 3213 regem
3135 3141 3518 3200 Jeroboamum

292 3239 651 3310 μηνυομένων
684 3236 832 3309 παρὰ
860 3234 953 3289 τοῦ
992 3236 1302 3307 προφήτου,
1333 3237 1589 3307 πειρᾶται
1624 3234 1724 3305 μὲν
1763 3235 1860 3289 αὒ-

290 3328 385 3381 τδν
427 3327 523 3381 τὸν
566 3325 786 3396 βασιλέα
832 3324 1112 3395 Ἰεροὸοὰμ
1157 3326 1248 3378 ἐπὶ
1276 3324 1369 3379 τὸν
1401 3326 1684 3396 προφήτην
1718 3341 1860 3397 παρ-

289 3420 500 3486 οξύναι,
553 3418 629 3481 ὡς
682 3417 905 3470 πλεῖστα
942 3418 1041 3470 ὅσα
1072 3417 1213 3471 κατά
1247 3432 1308 3470 τε
1350 3415 1513 3469 αὑτοῦ
1552 3416 1646 3469 καὶ
1682 3415 1860 3486 πάσης

292 3512 458 3564 αὑτοῦ
488 3510 723 3579 λέγοντα
743 3508 845 3578 τῆς
870 3508 1161 3579 βασιλείας·
1188 3509 1281 3562 καὶ
1303 3508 1386 3561 δτι
1414 3507 1550 3578 μηδὲ
1576 3508 1676 3578 τήν
1694 3507 1861 3578 ἀκοὴν

288 3600 403 3656 οἶόν
439 3619 503 3654 τε
530 3602 849 3669 ὑπενεγκεῖν
879 3598 973 3653 τοῦ
1018 3598 1278 3670 μεγέθους
1312 3598 1420 3652 τῶν
1459 3598 1862 3668 ἀπειλουμένων

291 3696 516 3750 ἔσεσθαι
570 3693 700 3765 παρ’
744 3690 908 3746 αὑτοῦ
931 3708 946 3723 ο
982 3689 1175 3761 μηνύει
1207 3689 1316 3761 γὰρ
1358 3689 1586 3743 θάνατον
1625 3688 1725 3760 μὲν
1767 3686 1862 3742 τοῦ

294 3785 587 3859 βασιλέως,
622 3782 994 3857 αἰχμαλωσίαν
1034 3782 1092 3836 δὲ
1125 3781 1324 3845 παντὸς
1366 3780 1459 3834 τοῦ
1498 3778 1661 3834 λαοῦ·
1698 3775 1768 3852 ἦν
1806 3779 1864 3833 δὲ

292 3882 354 3933 τὺ
384 3880 516 3950 περὶ
553 3876 648 3929 τοῦ
688 3873 949 3945 βασιλέως
980 3872 1261 3946 προδήλως
1293 3870 1484 3942 ψευδὲς
1503 3910 1519 3936 ,
1566 3871 1689 3925 ἐπεὶ
1732 3869 1865 3941 μηδὲ

294 3970 482 4043 εἶρητό
524 3967 630 4021 πού
673 3984 726 4019 τι
760 3965 970 4019 τοιοῦτο
1005 3964 1081 4036 τῷ
1126 3964 1411 4035 προφήτῃ·
1454 3961 1771 4027 συνέπλεξεν
1810 3961 1867 4015 δὲ

292 4062 445 4131 ὅμως
469 4058 609 4112 αὐτὸ
636 4059 702 4127 τῇ
732 4056 860 4125 περὶ
892 4055 983 4108 τὸν
1012 4055 1141 4108 λαὸν
1170 4054 1468 4123 ἀποφάσει,
1494 4052 1569 4116 ὡς
1608 4050 1673 4105 ἂν
1697 4051 1867 4123 τούτῳ

296 4152 500 4221 μᾶλλον
522 4147 881 4218 παροξύνειεν
910 4147 1001 4200 τὸν
1028 4146 1247 4217 βασιλέα
1268 4160 1279 4175 ·
1310 4144 1386 4208 ὼς
1417 4144 1474 4198 δὲ
1503 4144 1604 4197 οὐκ
1632 4143 1755 4214 ἔσχε
1776 4144 1868 4197 τὸν

294 4241 524 4313 βασιλέα
552 4238 874 4308 πειθόμενον
892 4238 921 4289 ὁ
957 4236 1233 4306 Ἀμεσίας,
1258 4233 1509 4287 δείσαντά
1531 4250 1583 4286 τι
1608 4232 1746 4286 κατά
1772 4232 1868 4286 τοῦ

291 4333 585 4403 προφήτου
623 4329 846 4396 ποιῆσαι
889 4328 1079 4392 κακὸν,
1124 4326 1217 4394 ἀφ’
1253 4320 1328 4378 ὧν
1356 4324 1587 4393 ἐγνώκει
1630 4324 1784 4396 παρά
1808 4340 1869 4377 τε

1956 3235 2014 3291 in
2059 3233 2381 3305 prOphetam
2430 3236 2727 3298 concitare,
2772 3233 2932 3304 quasi
2977 3234 3213 3305 plurima
3261 3235 3522 3292 adversus

1958 3329 2134 3398 ipsum
2171 3334 2457 3395 totumque
2487 3339 2715 3396 regnum
2745 3323 3052 3393 dicentem;
3086 3341 3316 3397 quarum
3348 3328 3522 3381 mina-

1958 3434 2081 3474 rum
2108 3432 2178 3473 ne
2200 3416 2390 3473 auditu
2416 3417 2637 3487 quidem
2665 3417 2884 3472 tolerari
2907 3418 3302 3474 immanitatem
3325 3434 3519 3491 posse;

1960 3510 2265 3583 praedicere
2309 3510 2458 3566 enim
2489 3508 2633 3579 regis
2666 3516 2919 3571 mortem,
2964 3518 3018 3563 et
3051 3509 3291 3564 universi
3337 3509 3522 3579 populi

1960 3604 2353 3676 captivitatem.
2430 3599 2779 3656 Manifestum
2840 3600 2893 3655 id
2943 3608 3127 3656 tamen
3181 3601 3521 3657 mendacium

1960 3704 2114 3765 erat,
2166 3695 2236 3749 ad
2288 3708 2472 3764 regem
2503 3690 2664 3762 129
2694 3690 2837 3762 quod
2897 3690 3125 3758 attinet;
3184 3691 3321 3745 nihil
3377 3691 3522 3747 enim

1962 3784 2233 3859 ejusmodi
2268 3784 2531 3855 propheta
2560 3784 2809 3850 dixerat;
2836 3795 3024 3837 verum
3053 3780 3300 3837 Amesias
3328 3780 3383 3837 id
3414 3783 3523 3837 cal-

1962 3876 2072 3932 lide
2110 3873 2274 3930 dictis
2328 3874 2396 3929 de
2438 3872 2637 3944 populo
2680 3862 2967 3942 implicuit,
3022 3879 3083 3927 ut
3126 3884 3309 3944 regem
3344 3874 3519 3943 magis

1964 3972 2331 4037 exasperaret.
2372 3965 2508 4020 Cum
2540 3978 2654 4019 rem
2685 3970 2868 4017 tamen
2910 3962 3025 4033 regi
3072 3976 3183 4017 non
3224 3964 3522 4033 persuade-

1967 4064 2072 4122 ret,
2120 4055 2334 4111 timenti
2388 4053 2709 4125 prOphetam
2753 4051 2968 4116 laedere,
3022 4060 3247 4123 propter
3292 4069 3355 4109 ea
3405 4070 3527 4124 quae

1967 4147 2220 4205 evenisse
2255 4152 2481 4200 noverat
2509 4143 2611 4198 sub
2641 4141 2921 4212 pr0phetis
2950 4142 3175 4211 nuperis
3206 4141 3321 4195 Elia
3363 4152 3527 4212 atque

1969 4240 2193 4296 Elissam
2218 4255 2233 4303 ;
2265 4237 2643 4308 praecipueque
2676 4234 2802 4304 quia
2826 4234 3106 4287 voluntate
3136 4232 3342 4289 Elissaei
3369 4231 3525 4289 Jeum

1969 4344 2129 4387 avum
2181 4343 2343 4385 suum
2377 4328 2446 4382 ob
2495 4325 2865 4381 ulciscendum
2894 4322 3159 4380 Jezabelis
3196 4333 3250 4379 et
3287 4324 3529 4380 Achaabi

305 4424 499 4476 Ἠλίου
553 4418 653 4472 καὶ
709 4417 1009 4471 Ἐλισσαίου
1047 4414 1496 4488 προφητευόντων
1530 4431 1591 4467 τε
1638 4415 1738 4485 ήδη
1777 4416 1860 4469 καλ

1976 4422 2180 4483 scelus,
2212 4418 2278 4473 ad
2305 4432 2530 4488 regnum
2556 4422 2895 4486 assumptum
2929 4414 3156 4481 sciebat,
3185 4415 3327 4485 quod
3358 4416 3530 4486 usque

294 4513 643 4581 γεγονότων·
691 4509 785 4563 καὶ
837 4508 1069 4579 μάλιστα
1106 4508 1293 4579 ἐπειδὴ
1326 4505 1521 4578 γνώμῃ
1557 4506 1649 4559 τοῦ
1698 4507 1871 4559 Ἐλισ-

298 4606 481 4665 σαίου,
525 4598 669 4671 Ἰηοῦ
707 4600 797 4651 τὸν
826 4599 1145 4671 προπάτορα
1182 4598 1273 4652 τὸν
1308 4596 1500 4651 ἑαυτοῦ
1531 4598 1619 4649 ἐπ’
1663 4596 1873 4667 ἐκδικίᾳ

291 4698 400 4764 τῆς
439 4692 684 4758 Ἰεζάϐελ
713 4708 771 4743 τε
800 4693 894 4744 καὶ⁵
941 4690 1144 4761 Ἀχαὰϐ
1186 4689 1530 4761 παρανομίας
1568 4688 1871 4759 παρεληλυ-

294 4790 433 4842 θότα
478 4790 560 4849 εἰς
601 4785 700 4855 τήν
739 4784 1011 4854 βασιλείαν
1036 4782 1301 4852 ὴπίστατο
1324 4821 1339 4845 ,
1388 4783 1424 4851 ή
1471 4781 1565 4834 καὶ
1595 4782 1674 4843 είς
1712 4781 1873 4834 αὑτὸν

294 4879 565 4950 ἐλήλυθεν
597 4876 707 4929 ἀπο
738 4875 845 4927 τῶν
878 4874 1012 4943 πρὸς
1041 4875 1247 4934 ἐκεῖνον
1283 4872 1662 4941 γεγενημένων
1695 4874 1872 4941 ἑπαγ-

295 4967 500 5035 γελιιῖιν
543 4963 698 5035 παρά
735 4962 828 5015 τοῦ
862 4961 994 5014 Θεοῦ
1021 4962 1034 4993 δ
1062 4961 1221 5023 αὐτὸς
1263 4960 1447 5013 λοιπὸν
1475 4962 1543 5030 τῇ
1572 4961 1747 5032 οίκείᾳ
1783 4962 1879 5014 αὺ-
1908 4979 1920 4991 ·

297 5059 496 5129 cassii;
514 5059 652 5126 πρὸς
679 5055 770 5108 τὸν
802 5052 982 5124 ’Δμὼς
1005 5054 1034 5105 ὁ
1067 5051 1323 5122 Ἀμεσίας
1347 5049 1509 5120 φησίν
1530 5067 1542 5081 ·
1575 5069 1597 5103 ι
1636 5052 1696 5105 '0
1714 5052 1877 5123 δρῶν,

296 5149 515 5218 βάδιζε,
545 5144 861 5215 ἐκχώρησον
888 5143 953 5195 σὺ
979 5143 1059 5204 εἰς
1082 5141 1186 5211 γῆν
1224 5139 1412 5202 Ἰούδα,
1438 5140 1531 5192 καὶ
1553 5140 1671 5194 ὲκεῖ
1705 5158 1877 5195 κατα-

292 5240 461 5299 ϐίον,
497 5238 593 5289 καὶ
627 5235 744 5288 ἐκεῖ
777 5230 1207 5303 προφητεύσεις·
1247 5232 1326 5292 είς
1372 5229 1428 5281 δὲ
1456 5228 1659 5300 Βαιθὴλ
1695 5231 1878 5284 οὐκέτι

294 5327 640 5400 προσθήσεις
669 5323 762 5378 τοῦ
792 5321 1167 5394 προφητεῦσαι
1189 5337 1205 5351 '
1236 5321 1319 5373 ὅτι
1339 5319 1581 5390 ἀγίασμα
1612 5321 1873 5391 βασιλέως

292 5424 431 5474 ἐστὶ
464 5420 561 5473 καὶ
586 5413 734 5478 οἶκός
753 5417 869 5468 ἐστι
904 5415 1196 5484 βασιλείας.
1235 5433 1254 5463 ι
1293 5418 1368 5483 (p.
1407 5413 1529 5479 196)
1564 5414 1873 5485 Είρωνικῶς

294 5517 417 5581 ἔφη
451 5512 532 5572 τὸ,
568 5531 587 5562 ι
620 5508 846 5579 δδρῶψ
878 5528 896 5561 ι
927 5511 1114 5581 ἐπειδὴ
1142 5512 1247 5583 γάρ
1272 5511 1446 5573 οὕτως
1490 5508 1716 5562 ἐκάλουν
1747 5509 1874 5572 τοὺς

380 5623 433 5655 ⁸⁸
472 5638 491 5675 ι
527 5620 658 5691 Reg.
700 5636 777 5674 rx.
815 5618 869 5673 9.

378 5716 517 5784 (ἰδ’)
553 5713 686 5770 Cod.
718 5713 916 5783 ἥττων.

1982 4512 2051 4565 ad
2087 4524 2167 4574 se,
2191 4508 2348 4577 juxta
2379 4507 2553 4561 factas
2582 4505 2661 4559 illi
2699 4519 2730 4558 a
2773 4502 2885 4558 Deo
2912 4501 3330 4572 promissiones,
3369 4503 3533 4558 deve-

1969 4614 2158 4667 uerat;
2207 4608 2332 4671 post
2361 4601 2499 4664 hare,
2530 4599 2775 4668 inquam,
2820 4595 3038 4667 propria
3086 4596 3388 4652 instinctus
3434 4611 3534 4651 au-

1932 4688 1939 4689 7
1972 4689 2126 4745 dacia
2166 4690 2240 4743 ita
2276 4690 2394 4759 ipse
2436 4686 2683 4742 Amesias
2732 4700 2857 4740 cum
2887 4685 3091 4741 Am’oso
3128 4686 3531 4756 expostulavit.

1976 4791 1997 4835 ι
2026 4780 2073 4837 Ο
2095 4781 2311 4843 videns,
2339 4793 2524 4849 perge,
2554 4776 2747 4833 recede
2778 4776 2835 4831 in
2864 4777 3138 4849 regionem
3172 4785 3340 4840 tuam,
3377 4784 3431 4830 et
3460 4774 3534 4829 ibi

1972 4864 2119 4937 vive,
2155 4879 2209 4927 et
2232 4871 2307 4925 ibi
2342 4866 2716 4941 prophetabis.
2751 4867 2818 4922 Et
2849 4869 2902 4922 in
2935 4868 3118 4924 Betbel
3163 4881 3272 4920 non
3309 4864 3535 4935 adjicies

1976 4967 2120 5019 ultra
2165 4972 2225 5017 ut
2256 4960 2570 5032 prOphetes,
2611 4960 2738 5030 quia
2788 4958 3148 5015 sanctiﬁcatio
3176 4956 3321 5027 regis
3349 4961 3453 5019 est,
3483 4963 3535 5010 et

1974 5060 2169 5113 domus
2236 5063 2320 5110 est
2367 5051 2542 5123 regni.
2583 5069 2604 5103 ι
2662 5049 2873 5107 lronice
2919 5049 3076 5115 dixit,
3130 5064 3149 5098 ι
3179 5063 3213 5100 o
3257 5044 3467 5100 videns.
3511 5064 3531 5097 ι

1974 5148 2112 5215 Quia
2156 5144 2300 5199 enim
2351 5144 2434 5199 sic
2464 5141 2736 5197 vocabant
2774 5140 3090 5211 prophetas,
3144 5144 3331 5205 utpote
3364 5148 3539 5207 pecua

1976 5240 2144 5294 liares
2176 5235 2441 5307 quasdam
2464 5234 2723 5295 visiones,
2749 5230 2859 5287 Deo
2880 5245 2976 5301 per
3001 5227 3386 5284 revelationem
3410 5244 3536 5297 ope-

1978 5338 2154 5395 rante,
2194 5327 2471 5393 videntes;
2503 5327 2646 5381 sicut
2688 5321 2937 5378 etiamin
2977 5319 3181 5391 Regum
3220 5320 3375 5375 libris
3405 5319 3537 5373 dici-

1981 5420 2153 5482 tur“,
2202 5433 2231 5471 a
2272 5417 2472 5487 p0pulo
2515 5414 2770 5486 appellari
2822 5412 3165 5481 prophetam,
3227 5411 3321 5481 qui
3378 5418 3539 5464 antea

1937 5555 1950 5573 ,
1981 5510 2262 5565 dicebatur
2291 5507 2479 5563 videns
2497 5507 2565 5559 ης
2596 5503 2824 5570 ἰτοηὶνοθ,
2861 5504 3105 5573 inquam,
3132 5501 3287 5567 dicit,
3326 5519 3341 5550 ι
3384 5514 3416 5553 ο
3459 5500 3538 5551 vi-
