  <div class='ocr_page' id='page_1' title='image "/cluster/home/n/w/nwhite01/storage/ocr_20150623/66/hvd.32044020884102/155.png"; bbox 0 0 3966 6222; ppageno 0'>
   <div class='ocr_carea' id='block_1_1' title="bbox 456 220 3669 323">
    <p class='ocr_par' dir='ltr' id='par_1_1' title="bbox 456 220 3669 323">
     <span class='ocr_line' id='line_1_1' title="bbox 456 220 3669 323; baseline -0 -3"><span class='ocrx_word' id='word_1_1' title='bbox 456 264 553 320; x_wconf 70' lang='lat' dir='ltr'>an</span> <span class='ocrx_word' id='word_1_2' title='bbox 1638 263 1990 322; x_wconf 75' lang='lat' dir='ltr'><strong>rusooom</strong></span> <span class='ocrx_word' id='word_1_3' title='bbox 2018 220 2493 323; x_wconf 67' lang='lat' dir='ltr'><strong>norsuasrsm</strong></span> <span class='ocrx_word' id='word_1_4' title='bbox 3560 264 3669 319; x_wconf 66' lang='grc' dir='ltr'>ειη</span> 
     </span>
    </p>
   </div>
   <div class='ocr_carea' id='block_1_2' title="bbox 458 378 2007 452">
    <p class='ocr_par' dir='ltr' id='par_1_2' title="bbox 458 378 2007 450">
     <span class='ocr_line' id='line_1_2' title="bbox 458 378 2007 450; baseline 0.001 -17"><span class='ocrx_word' id='word_1_5' title='bbox 458 379 618 446; x_wconf 83' lang='lat' dir='ltr'><strong>dens,</strong></span> <span class='ocrx_word' id='word_1_6' title='bbox 648 395 669 430; x_wconf 72' lang='grc' dir='ltr'>ι</span> <span class='ocrx_word' id='word_1_7' title='bbox 700 393 820 449; x_wconf 88' lang='lat' dir='ltr'><strong>pro,</strong></span> <span class='ocrx_word' id='word_1_8' title='bbox 853 393 890 434; x_wconf 83' lang='grc' dir='ltr'>ο</span> <span class='ocrx_word' id='word_1_9' title='bbox 914 379 1014 450; x_wconf 83' lang='lat' dir='ltr'>qui</span> <span class='ocrx_word' id='word_1_10' title='bbox 1041 378 1159 435; x_wconf 73' lang='lat' dir='ltr'><strong>bzec</strong></span> <span class='ocrx_word' id='word_1_11' title='bbox 1194 378 1439 446; x_wconf 84' lang='lat' dir='ltr'><strong>nuntias,</strong></span> <span class='ocrx_word' id='word_1_12' title='bbox 1472 380 1561 435; x_wconf 90' lang='lat' dir='ltr'>abi</span> <span class='ocrx_word' id='word_1_13' title='bbox 1582 380 1710 435; x_wconf 88' lang='lat' dir='ltr'><strong>hinc</strong></span> <span class='ocrx_word' id='word_1_14' title='bbox 1738 382 1793 435; x_wconf 92' lang='lat' dir='ltr'>in</span> <span class='ocrx_word' id='word_1_15' title='bbox 1818 388 2007 437; x_wconf 86' lang='lat' dir='ltr'><strong>terram</strong></span> 
     </span>
    </p>
   </div>
   <div class='ocr_carea' id='block_1_3' title="bbox 2106 378 3669 452">
    <p class='ocr_par' dir='ltr' id='par_1_3' title="bbox 2119 378 3669 452">
     <span class='ocr_line' id='line_1_3' title="bbox 2119 378 3669 452; baseline -0.001 -18"><span class='ocrx_word' id='word_1_16' title='bbox 2119 381 2420 452; x_wconf 83' lang='grc' dir='ltr'>προφήτας,</span> <span class='ocrx_word' id='word_1_17' title='bbox 2453 380 2526 443; x_wconf 77' lang='grc' dir='ltr'>ὡς</span> <span class='ocrx_word' id='word_1_18' title='bbox 2555 378 2860 450; x_wconf 77' lang='grc' dir='ltr'>ἐξαιρέτους</span> <span class='ocrx_word' id='word_1_19' title='bbox 2893 380 3042 443; x_wconf 82' lang='grc' dir='ltr'>τινάς</span> <span class='ocrx_word' id='word_1_20' title='bbox 3063 380 3213 450; x_wconf 77' lang='grc' dir='ltr'>ὖψεις</span> <span class='ocrx_word' id='word_1_21' title='bbox 3242 382 3358 434; x_wconf 81' lang='grc' dir='ltr'>κατ’</span> <span class='ocrx_word' id='word_1_22' title='bbox 3390 379 3669 449; x_wconf 76' lang='grc' dir='ltr'>ἐνέργειαν</span> 
     </span>
    </p>
   </div>
   <div class='ocr_carea' id='block_1_4' title="bbox 457 466 2007 545">
    <p class='ocr_par' dir='ltr' id='par_1_4' title="bbox 457 466 2007 545">
     <span class='ocr_line' id='line_1_4' title="bbox 457 466 2007 545; baseline 0.003 -21"><span class='ocrx_word' id='word_1_23' title='bbox 457 466 629 534; x_wconf 70' lang='lat' dir='ltr'><strong>Judaz,</strong></span> <span class='ocrx_word' id='word_1_24' title='bbox 680 486 787 541; x_wconf 89' lang='lat' dir='ltr'>qua</span> <span class='ocrx_word' id='word_1_25' title='bbox 821 479 971 528; x_wconf 78' lang='lat' dir='ltr'><strong>certe</strong></span> <span class='ocrx_word' id='word_1_26' title='bbox 1022 473 1078 527; x_wconf 85' lang='lat' dir='ltr'>in</span> <span class='ocrx_word' id='word_1_27' title='bbox 1111 473 1333 543; x_wconf 80' lang='lat' dir='ltr'>regione</span> <span class='ocrx_word' id='word_1_28' title='bbox 1377 474 1708 535; x_wconf 87' lang='lat' dir='ltr'><strong>constabunt</strong></span> <span class='ocrx_word' id='word_1_29' title='bbox 1744 474 1842 529; x_wconf 92' lang='lat' dir='ltr'><strong>tibi</strong></span> <span class='ocrx_word' id='word_1_30' title='bbox 1890 489 2007 545; x_wconf 70' lang='lat' dir='ltr'><strong>qua:</strong></span> 
     </span>
    </p>
   </div>
   <div class='ocr_carea' id='block_1_5' title="bbox 2106 466 3670 545">
    <p class='ocr_par' dir='ltr' id='par_1_5' title="bbox 2113 468 3670 540">
     <span class='ocr_line' id='line_1_5' title="bbox 2113 468 3670 540; baseline -0.002 -17"><span class='ocrx_word' id='word_1_31' title='bbox 2113 470 2260 523; x_wconf 83' lang='grc' dir='ltr'>θείαν</span> <span class='ocrx_word' id='word_1_32' title='bbox 2302 469 2368 522; x_wconf 85' lang='grc' dir='ltr'>δι’</span> <span class='ocrx_word' id='word_1_33' title='bbox 2405 470 2796 539; x_wconf 69' lang='grc' dir='ltr'>ἀποκαλύψεως</span> <span class='ocrx_word' id='word_1_34' title='bbox 2827 469 3065 539; x_wconf 82' lang='grc' dir='ltr'>ὁρῶντας</span> <span class='ocrx_word' id='word_1_35' title='bbox 3117 468 3282 540; x_wconf 85' lang='grc' dir='ltr'>(καθά</span> <span class='ocrx_word' id='word_1_36' title='bbox 3323 470 3414 522; x_wconf 75' lang='grc' dir='ltr'>καὶ</span> <span class='ocrx_word' id='word_1_37' title='bbox 3456 470 3515 521; x_wconf 87' lang='grc' dir='ltr'>ἐν</span> <span class='ocrx_word' id='word_1_38' title='bbox 3549 472 3670 531; x_wconf 88' lang='grc' dir='ltr'>ταῖς</span> 
     </span>
    </p>
   </div>
   <div class='ocr_carea' id='block_1_6' title="bbox 458 559 2007 631">
    <p class='ocr_par' dir='ltr' id='par_1_6' title="bbox 458 559 2005 625">
     <span class='ocr_line' id='line_1_6' title="bbox 458 559 2005 625; baseline 0.003 -12"><span class='ocrx_word' id='word_1_39' title='bbox 458 559 597 614; x_wconf 88' lang='lat' dir='ltr'><strong>dicis</strong></span> <span class='ocrx_word' id='word_1_40' title='bbox 626 576 641 613; x_wconf 90' lang='lat'><strong>:</strong></span> <span class='ocrx_word' id='word_1_41' title='bbox 667 560 827 615; x_wconf 91' lang='lat' dir='ltr'><strong>modo</strong></span> <span class='ocrx_word' id='word_1_42' title='bbox 871 560 940 617; x_wconf 89' lang='lat' dir='ltr'>ab</span> <span class='ocrx_word' id='word_1_43' title='bbox 971 561 1058 616; x_wconf 86' lang='lat' dir='ltr'>bis</span> <span class='ocrx_word' id='word_1_44' title='bbox 1106 562 1245 617; x_wconf 85' lang='lat' dir='ltr'><strong>locis</strong></span> <span class='ocrx_word' id='word_1_45' title='bbox 1286 562 1542 625; x_wconf 87' lang='lat' dir='ltr'><strong>absistas,</strong></span> <span class='ocrx_word' id='word_1_46' title='bbox 1578 562 1670 618; x_wconf 87' lang='lat' dir='ltr'>ubi</span> <span class='ocrx_word' id='word_1_47' title='bbox 1714 562 1898 617; x_wconf 82' lang='lat' dir='ltr'><strong>omnia</strong></span> <span class='ocrx_word' id='word_1_48' title='bbox 1937 563 2005 617; x_wconf 89' lang='lat' dir='ltr'>ad</span> 
     </span>
    </p>
   </div>
   <div class='ocr_carea' id='block_1_7' title="bbox 2106 559 3666 631">
    <p class='ocr_par' dir='ltr' id='par_1_7' title="bbox 2112 560 3666 631">
     <span class='ocr_line' id='line_1_7' title="bbox 2112 560 3666 631; baseline -0.001 -18"><span class='ocrx_word' id='word_1_49' title='bbox 2112 560 2417 624; x_wconf 83' lang='grc' dir='ltr'>Βασιλεία.ς</span> <span class='ocrx_word' id='word_1_50' title='bbox 2457 561 2646 631; x_wconf 71' lang='grc' dir='ltr'>φησὶν,</span> <span class='ocrx_word' id='word_1_51' title='bbox 2678 562 2759 613; x_wconf 82' lang='grc' dir='ltr'>ὅτι</span> <span class='ocrx_word' id='word_1_52' title='bbox 2792 560 2883 613; x_wconf 82' lang='grc' dir='ltr'>τὸν</span> <span class='ocrx_word' id='word_1_53' title='bbox 2928 561 3211 631; x_wconf 66' lang='grc' dir='ltr'>προφήτην</span> <span class='ocrx_word' id='word_1_54' title='bbox 3247 560 3428 613; x_wconf 84' lang='grc' dir='ltr'>ἐκάλει</span> <span class='ocrx_word' id='word_1_55' title='bbox 3457 562 3486 612; x_wconf 92' lang='grc' dir='ltr'>ὁ</span> <span class='ocrx_word' id='word_1_56' title='bbox 3519 560 3666 623; x_wconf 82' lang='grc' dir='ltr'>λαὸς,</span> 
     </span>
    </p>
   </div>
   <div class='ocr_carea' id='block_1_8' title="bbox 457 648 2007 725">
    <p class='ocr_par' dir='ltr' id='par_1_8' title="bbox 457 649 2007 725">
     <span class='ocr_line' id='line_1_8' title="bbox 457 649 2007 725; baseline 0.006 -22"><span class='ocrx_word' id='word_1_57' title='bbox 457 649 735 706; x_wconf 87' lang='lat' dir='ltr'><strong>lsraelitici</strong></span> <span class='ocrx_word' id='word_1_58' title='bbox 775 652 925 723; x_wconf 92' lang='lat' dir='ltr'><strong>regni</strong></span> <span class='ocrx_word' id='word_1_59' title='bbox 967 652 1061 723; x_wconf 83' lang='lat' dir='ltr'><strong>jus</strong></span> <span class='ocrx_word' id='word_1_60' title='bbox 1108 653 1412 725; x_wconf 86' lang='lat' dir='ltr'><strong>pertinent;</strong></span> <span class='ocrx_word' id='word_1_61' title='bbox 1453 669 1629 723; x_wconf 88' lang='lat' dir='ltr'><strong>neque</strong></span> <span class='ocrx_word' id='word_1_62' title='bbox 1662 654 1759 709; x_wconf 93' lang='lat' dir='ltr'><strong>tibi</strong></span> <span class='ocrx_word' id='word_1_63' title='bbox 1796 654 1877 712; x_wconf 82' lang='lat' dir='ltr'>fas</span> <span class='ocrx_word' id='word_1_64' title='bbox 1919 664 2007 719; x_wconf 86' lang='lat' dir='ltr'>est</span> 
     </span>
    </p>
   </div>
   <div class='ocr_carea' id='block_1_9' title="bbox 2106 648 3662 725">
    <p class='ocr_par' dir='ltr' id='par_1_9' title="bbox 2117 648 3662 723">
     <span class='ocr_line' id='line_1_9' title="bbox 2117 648 3662 723; baseline -0.002 -19"><span class='ocrx_word' id='word_1_65' title='bbox 2117 670 2135 704; x_wconf 82' lang='grc' dir='ltr'>ι</span> <span class='ocrx_word' id='word_1_66' title='bbox 2164 651 2466 723; x_wconf 77' lang='grc' dir='ltr'>ἔμπροσθεν</span> <span class='ocrx_word' id='word_1_67' title='bbox 2485 654 2514 705; x_wconf 88' lang='grc' dir='ltr'>ό</span> <span class='ocrx_word' id='word_1_68' title='bbox 2537 652 2746 722; x_wconf 82' lang='grc' dir='ltr'>βλέπων</span> <span class='ocrx_word' id='word_1_69' title='bbox 2770 652 2837 721; x_wconf 81' lang='grc' dir='ltr'>ι),</span> <span class='ocrx_word' id='word_1_70' title='bbox 2860 652 3156 723; x_wconf 74' lang='grc' dir='ltr'>εἰρωνικῶς</span> <span class='ocrx_word' id='word_1_71' title='bbox 3174 648 3291 705; x_wconf 73' lang='grc' dir='ltr'>εἷπε</span> <span class='ocrx_word' id='word_1_72' title='bbox 3316 651 3394 716; x_wconf 78' lang='grc' dir='ltr'>τὸ,</span> <span class='ocrx_word' id='word_1_73' title='bbox 3427 671 3444 702; x_wconf 81' lang='grc' dir='ltr'>ι</span> <span class='ocrx_word' id='word_1_74' title='bbox 3467 651 3628 720; x_wconf 89' lang='grc' dir='ltr'>ὀρῶν,</span> <span class='ocrx_word' id='word_1_75' title='bbox 3643 670 3662 701; x_wconf 72' lang='grc' dir='ltr'>ι</span> 
     </span>
    </p>
   </div>
   <div class='ocr_carea' id='block_1_10' title="bbox 458 742 2007 817">
    <p class='ocr_par' dir='ltr' id='par_1_10' title="bbox 458 742 2007 817">
     <span class='ocr_line' id='line_1_10' title="bbox 458 742 2007 817; baseline 0.005 -23"><span class='ocrx_word' id='word_1_76' title='bbox 458 742 663 797; x_wconf 86' lang='lat' dir='ltr'><strong>homini</strong></span> <span class='ocrx_word' id='word_1_77' title='bbox 696 743 764 798; x_wconf 89' lang='lat' dir='ltr'>de</span> <span class='ocrx_word' id='word_1_78' title='bbox 805 744 950 799; x_wconf 93' lang='lat' dir='ltr'><strong>tribu</strong></span> <span class='ocrx_word' id='word_1_79' title='bbox 989 744 1141 800; x_wconf 65' lang='lat' dir='ltr'><strong>Iudae</strong></span> <span class='ocrx_word' id='word_1_80' title='bbox 1178 745 1269 801; x_wconf 85' lang='lat' dir='ltr'><strong>hic</strong></span> <span class='ocrx_word' id='word_1_81' title='bbox 1306 746 1593 808; x_wconf 87' lang='lat' dir='ltr'><strong>diversari.</strong></span> <span class='ocrx_word' id='word_1_82' title='bbox 1640 756 1693 802; x_wconf 90' lang='lat' dir='ltr'>et</span> <span class='ocrx_word' id='word_1_83' title='bbox 1730 761 1828 817; x_wconf 90' lang='lat' dir='ltr'>pro</span> <span class='ocrx_word' id='word_1_84' title='bbox 1858 747 2007 803; x_wconf 82' lang='lat' dir='ltr'><strong>libita</strong></span> 
     </span>
    </p>
   </div>
   <div class='ocr_carea' id='block_1_11' title="bbox 2106 742 3668 817">
    <p class='ocr_par' dir='ltr' id='par_1_11' title="bbox 2110 742 3668 815">
     <span class='ocr_line' id='line_1_11' title="bbox 2110 742 3668 815; baseline -0.002 -18"><span class='ocrx_word' id='word_1_85' title='bbox 2110 744 2231 797; x_wconf 73' lang='grc' dir='ltr'>ἀντὶ</span> <span class='ocrx_word' id='word_1_86' title='bbox 2252 743 2367 807; x_wconf 83' lang='grc' dir='ltr'>τοῦ,</span> <span class='ocrx_word' id='word_1_87' title='bbox 2387 746 2415 798; x_wconf 88' lang='grc' dir='ltr'>ό</span> <span class='ocrx_word' id='word_1_88' title='bbox 2436 743 2606 807; x_wconf 75' lang='grc' dir='ltr'>ταῦτα</span> <span class='ocrx_word' id='word_1_89' title='bbox 2624 742 3103 815; x_wconf 83' lang='grc' dir='ltr'>ἐπαγγελλόμενος.</span> <span class='ocrx_word' id='word_1_90' title='bbox 3130 744 3315 796; x_wconf 76' lang='grc' dir='ltr'>’Ἄπιθι</span> <span class='ocrx_word' id='word_1_91' title='bbox 3340 744 3403 814; x_wconf 76' lang='grc' dir='ltr'>δὴ</span> <span class='ocrx_word' id='word_1_92' title='bbox 3422 742 3668 795; x_wconf 73' lang='grc' dir='ltr'>ἐντεῦθεν</span> 
     </span>
    </p>
   </div>
   <div class='ocr_carea' id='block_1_12' title="bbox 456 830 2007 909">
    <p class='ocr_par' dir='ltr' id='par_1_12' title="bbox 456 831 1656 906">
     <span class='ocr_line' id='line_1_12' title="bbox 456 831 1656 906; baseline 0.003 -21"><span class='ocrx_word' id='word_1_93' title='bbox 456 831 629 902; x_wconf 81' lang='lat' dir='ltr'><strong>loqui,</strong></span> <span class='ocrx_word' id='word_1_94' title='bbox 659 841 1015 904; x_wconf 88' lang='lat' dir='ltr'><strong>nostrumque</strong></span> <span class='ocrx_word' id='word_1_95' title='bbox 1052 849 1275 906; x_wconf 84' lang='lat' dir='ltr'><strong>regnum</strong></span> <span class='ocrx_word' id='word_1_96' title='bbox 1312 835 1656 890; x_wconf 74' lang='lat' dir='ltr'><strong>conturbare.</strong></span> 
     </span>
    </p>
   </div>
   <div class='ocr_carea' id='block_1_13' title="bbox 2106 830 3670 909">
    <p class='ocr_par' dir='ltr' id='par_1_13' title="bbox 2110 830 3670 909">
     <span class='ocr_line' id='line_1_13' title="bbox 2110 830 3670 909; baseline -0.004 -19"><span class='ocrx_word' id='word_1_97' title='bbox 2110 839 2189 900; x_wconf 82' lang='grc' dir='ltr'>εἰς</span> <span class='ocrx_word' id='word_1_98' title='bbox 2212 838 2310 908; x_wconf 80' lang='grc' dir='ltr'>τὴν</span> <span class='ocrx_word' id='word_1_99' title='bbox 2343 836 2511 890; x_wconf 84' lang='grc' dir='ltr'>Ἰούδα</span> <span class='ocrx_word' id='word_1_100' title='bbox 2544 839 2676 906; x_wconf 69' lang='grc' dir='ltr'>γῆν,</span> <span class='ocrx_word' id='word_1_101' title='bbox 2717 837 2774 889; x_wconf 88' lang='grc' dir='ltr'>ἐν</span> <span class='ocrx_word' id='word_1_102' title='bbox 2805 831 2926 909; x_wconf 78' lang='grc' dir='ltr'>ᾗδὴ</span> <span class='ocrx_word' id='word_1_103' title='bbox 2959 832 3111 905; x_wconf 80' lang='grc' dir='ltr'>χώρα</span> <span class='ocrx_word' id='word_1_104' title='bbox 3138 830 3247 897; x_wconf 76' lang='grc' dir='ltr'>ἔξει</span> <span class='ocrx_word' id='word_1_105' title='bbox 3276 850 3357 885; x_wconf 90' lang='grc' dir='ltr'>σοι</span> <span class='ocrx_word' id='word_1_106' title='bbox 3378 832 3549 885; x_wconf 77' lang='grc' dir='ltr'>ταῦτα</span> <span class='ocrx_word' id='word_1_107' title='bbox 3578 832 3670 883; x_wconf 70' lang='grc' dir='ltr'>λε-</span> 
     </span>
    </p>
   </div>
   <div class='ocr_carea' id='block_1_14' title="bbox 454 921 3670 1000">
    <p class='ocr_par' dir='ltr' id='par_1_14' title="bbox 454 921 3670 1000">
     <span class='ocr_line' id='line_1_14' title="bbox 454 921 3670 1000; baseline 0 -26"><span class='ocrx_word' id='word_1_108' title='bbox 454 923 688 991; x_wconf 83' lang='grc' dir='ltr'>γόμενα·</span> <span class='ocrx_word' id='word_1_109' title='bbox 738 923 846 977; x_wconf 88' lang='grc' dir='ltr'>τῶν</span> <span class='ocrx_word' id='word_1_110' title='bbox 885 924 940 977; x_wconf 87' lang='grc' dir='ltr'>δὲ</span> <span class='ocrx_word' id='word_1_111' title='bbox 986 926 1215 980; x_wconf 81' lang='grc' dir='ltr'>ἐνταῦθα</span> <span class='ocrx_word' id='word_1_112' title='bbox 1258 926 1435 980; x_wconf 87' lang='grc' dir='ltr'>τόπων</span> <span class='ocrx_word' id='word_1_113' title='bbox 1470 927 1706 997; x_wconf 85' lang='grc' dir='ltr'>ἀπόσχου</span> <span class='ocrx_word' id='word_1_114' title='bbox 1724 967 1739 992; x_wconf 92' lang='grc'>,</span> <span class='ocrx_word' id='word_1_115' title='bbox 1768 926 1953 998; x_wconf 75' lang='grc' dir='ltr'>ἐπειδὴ</span> <span class='ocrx_word' id='word_1_116' title='bbox 1981 928 2280 1000; x_wconf 79' lang='grc' dir='ltr'>ἀφώρισται</span> <span class='ocrx_word' id='word_1_117' title='bbox 2308 928 2487 983; x_wconf 88' lang='grc' dir='ltr'>πάντα</span> <span class='ocrx_word' id='word_1_118' title='bbox 2511 927 2578 980; x_wconf 90' lang='grc' dir='ltr'>τά</span> <span class='ocrx_word' id='word_1_119' title='bbox 2600 926 2783 982; x_wconf 83' lang='grc' dir='ltr'>ἐνθάδε</span> <span class='ocrx_word' id='word_1_120' title='bbox 2801 929 2867 998; x_wconf 81' lang='grc' dir='ltr'>τῇ</span> <span class='ocrx_word' id='word_1_121' title='bbox 2895 925 2989 979; x_wconf 84' lang='grc' dir='ltr'>τοῦ</span> <span class='ocrx_word' id='word_1_122' title='bbox 3036 923 3249 995; x_wconf 84' lang='grc' dir='ltr'>Ἰσραὴλ</span> <span class='ocrx_word' id='word_1_123' title='bbox 3272 923 3533 993; x_wconf 72' lang='grc' dir='ltr'>βασιλείᾳ·</span> <span class='ocrx_word' id='word_1_124' title='bbox 3572 921 3670 976; x_wconf 80' lang='grc' dir='ltr'>καὶ</span> 
     </span>
    </p>
   </div>
   <div class='ocr_carea' id='block_1_15' title="bbox 451 1015 3670 1102">
    <p class='ocr_par' dir='ltr' id='par_1_15' title="bbox 451 1015 3670 1102">
     <span class='ocr_line' id='line_1_15' title="bbox 451 1015 3670 1102; baseline -0 -34"><span class='ocrx_word' id='word_1_125' title='bbox 451 1018 512 1069; x_wconf 89' lang='grc' dir='ltr'>ού</span> <span class='ocrx_word' id='word_1_126' title='bbox 541 1016 758 1088; x_wconf 86' lang='grc' dir='ltr'>θεμιτόν</span> <span class='ocrx_word' id='word_1_127' title='bbox 795 1036 876 1071; x_wconf 88' lang='grc' dir='ltr'>σοι</span> <span class='ocrx_word' id='word_1_128' title='bbox 909 1022 973 1073; x_wconf 92' lang='grc' dir='ltr'>ἐκ</span> <span class='ocrx_word' id='word_1_129' title='bbox 996 1021 1093 1091; x_wconf 79' lang='grc' dir='ltr'>τῆς</span> <span class='ocrx_word' id='word_1_130' title='bbox 1130 1020 1296 1075; x_wconf 85' lang='grc' dir='ltr'>Ἰούδα</span> <span class='ocrx_word' id='word_1_131' title='bbox 1321 1022 1490 1093; x_wconf 81' lang='grc' dir='ltr'>φυλῆς</span> <span class='ocrx_word' id='word_1_132' title='bbox 1517 1021 1629 1075; x_wconf 75' lang='grc' dir='ltr'>ὄντι</span> <span class='ocrx_word' id='word_1_133' title='bbox 1658 1020 1890 1075; x_wconf 82' lang='grc' dir='ltr'>ἐνταῦθα</span> <span class='ocrx_word' id='word_1_134' title='bbox 1925 1022 2176 1093; x_wconf 61' lang='grc' dir='ltr'>παρεῖναί</span> <span class='ocrx_word' id='word_1_135' title='bbox 2200 1040 2272 1102; x_wconf 35' lang='grc' dir='ltr'>,τε</span> <span class='ocrx_word' id='word_1_136' title='bbox 2310 1024 2404 1076; x_wconf 74' lang='grc' dir='ltr'>καὶ</span> <span class='ocrx_word' id='word_1_137' title='bbox 2444 1022 2621 1091; x_wconf 88' lang='grc' dir='ltr'>λέγειν</span> <span class='ocrx_word' id='word_1_138' title='bbox 2652 1020 2721 1075; x_wconf 84' lang='grc' dir='ltr'>τά</span> <span class='ocrx_word' id='word_1_139' title='bbox 2757 1020 3045 1085; x_wconf 78' lang='grc' dir='ltr'>δοκοῦντα,</span> <span class='ocrx_word' id='word_1_140' title='bbox 3074 1019 3448 1087; x_wconf 81' lang='grc' dir='ltr'>διαταράττειν</span> <span class='ocrx_word' id='word_1_141' title='bbox 3478 1033 3537 1070; x_wconf 90' lang='grc' dir='ltr'>τε</span> <span class='ocrx_word' id='word_1_142' title='bbox 3566 1015 3670 1084; x_wconf 76' lang='grc' dir='ltr'>τὴν</span> 
     </span>
    </p>
   </div>
   <div class='ocr_carea' id='block_1_16' title="bbox 454 1110 1374 1187">
    <p class='ocr_par' dir='ltr' id='par_1_16' title="bbox 454 1110 1374 1187">
     <span class='ocr_line' id='line_1_16' title="bbox 454 1110 1374 1187; baseline 0.007 -24"><span class='ocrx_word' id='word_1_143' title='bbox 454 1110 724 1180; x_wconf 78' lang='grc' dir='ltr'>βασιλείαν</span> <span class='ocrx_word' id='word_1_144' title='bbox 762 1113 902 1167; x_wconf 75' lang='grc' dir='ltr'>οὔτω</span> <span class='ocrx_word' id='word_1_145' title='bbox 935 1115 1031 1187; x_wconf 73' lang='grc' dir='ltr'>τὴν</span> <span class='ocrx_word' id='word_1_146' title='bbox 1062 1115 1190 1187; x_wconf 84' lang='grc' dir='ltr'>παρ’</span> <span class='ocrx_word' id='word_1_147' title='bbox 1227 1117 1374 1186; x_wconf 73' lang='grc' dir='ltr'>ἡμῖν.</span> 
     </span>
    </p>
   </div>
   <div class='ocr_carea' id='block_1_17' title="bbox 527 1202 2015 1278">
    <p class='ocr_par' dir='ltr' id='par_1_17' title="bbox 527 1202 2015 1278">
     <span class='ocr_line' id='line_1_17' title="bbox 527 1202 2015 1278; baseline 0.005 -24"><span class='ocrx_word' id='word_1_148' title='bbox 527 1202 693 1258; x_wconf 75' lang='lat' dir='ltr'><strong>Vens.</strong></span> <span class='ocrx_word' id='word_1_149' title='bbox 770 1204 947 1259; x_wconf 76' lang='grc'>14-17.</span> <span class='ocrx_word' id='word_1_150' title='bbox 997 1231 1069 1244; x_wconf 89' lang='grc'><strong><em>-</em></strong></span> <span class='ocrx_word' id='word_1_151' title='bbox 1118 1206 1200 1261; x_wconf 80' lang='lat' dir='ltr'><strong>Ad</strong></span> <span class='ocrx_word' id='word_1_152' title='bbox 1252 1221 1371 1276; x_wconf 50' lang='lat' dir='ltr'><strong>qua!</strong></span> <span class='ocrx_word' id='word_1_153' title='bbox 1414 1205 1675 1277; x_wconf 81' lang='lat' dir='ltr'><strong>prOpheta</strong></span> <span class='ocrx_word' id='word_1_154' title='bbox 1736 1222 1834 1278; x_wconf 90' lang='lat' dir='ltr'>pro</span> <span class='ocrx_word' id='word_1_155' title='bbox 1872 1206 2015 1262; x_wconf 80' lang='lat' dir='ltr'><strong>facta</strong></span> 
     </span>
    </p>
   </div>
   <div class='ocr_carea' id='block_1_18' title="bbox 453 1292 2016 1368">
    <p class='ocr_par' dir='ltr' id='par_1_18' title="bbox 453 1292 2016 1368">
     <span class='ocr_line' id='line_1_18' title="bbox 453 1292 2016 1368; baseline 0.004 -23"><span class='ocrx_word' id='word_1_156' title='bbox 453 1292 555 1346; x_wconf 87' lang='lat' dir='ltr'><strong>sibi</strong></span> <span class='ocrx_word' id='word_1_157' title='bbox 606 1293 790 1348; x_wconf 89' lang='lat' dir='ltr'><strong>divina</strong></span> <span class='ocrx_word' id='word_1_158' title='bbox 840 1296 1172 1351; x_wconf 90' lang='lat' dir='ltr'><strong>revelatione</strong></span> <span class='ocrx_word' id='word_1_159' title='bbox 1230 1297 1509 1367; x_wconf 87' lang='lat' dir='ltr'><strong>respondit</strong></span> <span class='ocrx_word' id='word_1_160' title='bbox 1548 1316 1562 1352; x_wconf 89' lang='lat'>:</span> <span class='ocrx_word' id='word_1_161' title='bbox 1601 1317 1621 1350; x_wconf 78' lang='grc' dir='ltr'>ι</span> <span class='ocrx_word' id='word_1_162' title='bbox 1668 1297 1853 1368; x_wconf 84' lang='lat' dir='ltr'><strong>Neque</strong></span> <span class='ocrx_word' id='word_1_163' title='bbox 1899 1314 2016 1368; x_wconf 86' lang='lat' dir='ltr'><strong>pro-</strong></span> 
     </span>
    </p>
   </div>
   <div class='ocr_carea' id='block_1_19' title="bbox 454 1383 2015 1461">
    <p class='ocr_par' dir='ltr' id='par_1_19' title="bbox 454 1383 2015 1461">
     <span class='ocr_line' id='line_1_19' title="bbox 454 1383 2015 1461; baseline 0.005 -26"><span class='ocrx_word' id='word_1_164' title='bbox 454 1383 614 1451; x_wconf 83' lang='lat' dir='ltr'><strong>pheta</strong></span> <span class='ocrx_word' id='word_1_165' title='bbox 664 1401 833 1451; x_wconf 88' lang='lat' dir='ltr'><strong>eram,</strong></span> <span class='ocrx_word' id='word_1_166' title='bbox 879 1402 1055 1457; x_wconf 89' lang='lat' dir='ltr'><strong>neque</strong></span> <span class='ocrx_word' id='word_1_167' title='bbox 1102 1387 1379 1458; x_wconf 63' lang='lat' dir='ltr'><strong>propheta</strong></span> <span class='ocrx_word' id='word_1_168' title='bbox 1432 1388 1598 1446; x_wconf 82' lang='lat' dir='ltr'><strong>ﬁlius.</strong></span> <span class='ocrx_word' id='word_1_169' title='bbox 1652 1409 1672 1442; x_wconf 77' lang='grc' dir='ltr'>ι</span> <span class='ocrx_word' id='word_1_170' title='bbox 1720 1388 1875 1444; x_wconf 82' lang='lat' dir='ltr'><strong>Haud</strong></span> <span class='ocrx_word' id='word_1_171' title='bbox 1914 1406 2015 1461; x_wconf 79' lang='lat' dir='ltr'>ego</span> 
     </span>
    </p>
   </div>
   <div class='ocr_carea' id='block_1_20' title="bbox 452 1477 2015 1547">
    <p class='ocr_par' dir='ltr' id='par_1_20' title="bbox 452 1477 2015 1547">
     <span class='ocr_line' id='line_1_20' title="bbox 452 1477 2015 1547; baseline 0.005 -19"><span class='ocrx_word' id='word_1_172' title='bbox 452 1477 607 1545; x_wconf 84' lang='lat' dir='ltr'><strong>quasi</strong></span> <span class='ocrx_word' id='word_1_173' title='bbox 648 1485 818 1532; x_wconf 87' lang='lat' dir='ltr'><strong>artem</strong></span> <span class='ocrx_word' id='word_1_174' title='bbox 849 1478 1139 1547; x_wconf 81' lang='lat' dir='ltr'><strong>quamdam</strong></span> <span class='ocrx_word' id='word_1_175' title='bbox 1179 1495 1299 1534; x_wconf 92' lang='lat' dir='ltr'>eam</span> <span class='ocrx_word' id='word_1_176' title='bbox 1345 1495 1456 1535; x_wconf 87' lang='lat' dir='ltr'>rem</span> <span class='ocrx_word' id='word_1_177' title='bbox 1496 1480 1685 1547; x_wconf 89' lang='lat' dir='ltr'><strong>didici,</strong></span> <span class='ocrx_word' id='word_1_178' title='bbox 1718 1497 1818 1536; x_wconf 90' lang='lat' dir='ltr'>nec</span> <span class='ocrx_word' id='word_1_179' title='bbox 1849 1482 2015 1537; x_wconf 83' lang='lat' dir='ltr'><strong>veluti</strong></span> 
     </span>
    </p>
   </div>
   <div class='ocr_carea' id='block_1_21' title="bbox 452 1563 2011 1640">
    <p class='ocr_par' dir='ltr' id='par_1_21' title="bbox 452 1563 2011 1640">
     <span class='ocr_line' id='line_1_21' title="bbox 452 1563 2011 1640; baseline 0.005 -25"><span class='ocrx_word' id='word_1_180' title='bbox 452 1563 819 1619; x_wconf 73' lang='lat' dir='ltr'><strong>luereditatem</strong></span> <span class='ocrx_word' id='word_1_181' title='bbox 868 1580 899 1618; x_wconf 91' lang='lat' dir='ltr'>a</span> <span class='ocrx_word' id='word_1_182' title='bbox 945 1572 1100 1635; x_wconf 89' lang='lat' dir='ltr'><strong>patre</strong></span> <span class='ocrx_word' id='word_1_183' title='bbox 1146 1567 1327 1636; x_wconf 90' lang='lat' dir='ltr'><strong>accepi</strong></span> <span class='ocrx_word' id='word_1_184' title='bbox 1372 1584 1387 1620; x_wconf 89' lang='lat'><strong>:</strong></span> <span class='ocrx_word' id='word_1_185' title='bbox 1431 1582 1555 1620; x_wconf 91' lang='lat' dir='ltr'>nam</span> <span class='ocrx_word' id='word_1_186' title='bbox 1584 1566 1781 1621; x_wconf 66' lang='lat' dir='ltr'><strong>divinae</strong></span> <span class='ocrx_word' id='word_1_187' title='bbox 1825 1567 2011 1640; x_wconf 69' lang='lat' dir='ltr'><strong>gratia:</strong></span> 
     </span>
    </p>
   </div>
   <div class='ocr_carea' id='block_1_22' title="bbox 451 1652 2011 1728">
    <p class='ocr_par' dir='ltr' id='par_1_22' title="bbox 451 1652 2011 1728">
     <span class='ocr_line' id='line_1_22' title="bbox 451 1652 2011 1728; baseline 0.004 -21"><span class='ocrx_word' id='word_1_188' title='bbox 451 1652 554 1708; x_wconf 90' lang='lat' dir='ltr'>hoc</span> <span class='ocrx_word' id='word_1_189' title='bbox 602 1655 877 1725; x_wconf 78' lang='lat' dir='ltr'><strong>negotium</strong></span> <span class='ocrx_word' id='word_1_190' title='bbox 928 1663 1031 1721; x_wconf 86' lang='lat' dir='ltr'><strong>est,</strong></span> <span class='ocrx_word' id='word_1_191' title='bbox 1061 1663 1115 1710; x_wconf 92' lang='lat' dir='ltr'>et</span> <span class='ocrx_word' id='word_1_192' title='bbox 1162 1658 1228 1711; x_wconf 89' lang='lat' dir='ltr'>iis</span> <span class='ocrx_word' id='word_1_193' title='bbox 1270 1673 1409 1728; x_wconf 89' lang='lat' dir='ltr'><strong>quos</strong></span> <span class='ocrx_word' id='word_1_194' title='bbox 1454 1657 1596 1714; x_wconf 90' lang='lat' dir='ltr'><strong>Deus</strong></span> <span class='ocrx_word' id='word_1_195' title='bbox 1631 1658 1860 1714; x_wconf 88' lang='lat' dir='ltr'><strong>voluerit</strong></span> <span class='ocrx_word' id='word_1_196' title='bbox 1885 1674 2011 1714; x_wconf 89' lang='lat' dir='ltr'><strong>con-</strong></span> 
     </span>
    </p>
   </div>
   <div class='ocr_carea' id='block_1_23' title="bbox 2182 1198 3668 1275">
    <p class='ocr_par' dir='ltr' id='par_1_23' title="bbox 2182 1198 3668 1275">
     <span class='ocr_line' id='line_1_23' title="bbox 2182 1198 3668 1275; baseline -0.005 -16"><span class='ocrx_word' id='word_1_197' title='bbox 2182 1205 2330 1275; x_wconf 85' lang='grc' dir='ltr'>Στίχ.</span> <span class='ocrx_word' id='word_1_198' title='bbox 2371 1204 2430 1257; x_wconf 84' lang='grc' dir='ltr'>ιδ’</span> <span class='ocrx_word' id='word_1_199' title='bbox 2440 1202 2553 1267; x_wconf 77' lang='grc' dir='ltr'>-ιζ’.</span> <span class='ocrx_word' id='word_1_200' title='bbox 2578 1233 2646 1246; x_wconf 92' lang='grc'>--</span> <span class='ocrx_word' id='word_1_201' title='bbox 2671 1202 2812 1273; x_wconf 71' lang='grc' dir='ltr'>Πρὸς</span> <span class='ocrx_word' id='word_1_202' title='bbox 2838 1200 2873 1255; x_wconf 76' lang='grc' dir='ltr'>ἃ</span> <span class='ocrx_word' id='word_1_203' title='bbox 2902 1200 2966 1270; x_wconf 86' lang='grc' dir='ltr'>δὴ</span> <span class='ocrx_word' id='word_1_204' title='bbox 2990 1200 3020 1253; x_wconf 84' lang='grc' dir='ltr'>ό</span> <span class='ocrx_word' id='word_1_205' title='bbox 3047 1201 3326 1271; x_wconf 74' lang='grc' dir='ltr'>προφήτης</span> <span class='ocrx_word' id='word_1_206' title='bbox 3359 1198 3496 1252; x_wconf 86' lang='grc' dir='ltr'>κατά</span> <span class='ocrx_word' id='word_1_207' title='bbox 3517 1198 3668 1254; x_wconf 89' lang='grc' dir='ltr'>θείαν</span> 
     </span>
    </p>
   </div>
   <div class='ocr_carea' id='block_1_24' title="bbox 2110 1288 3667 1362">
    <p class='ocr_par' dir='ltr' id='par_1_24' title="bbox 2110 1288 3667 1362">
     <span class='ocr_line' id='line_1_24' title="bbox 2110 1288 3667 1362; baseline -0.006 -11"><span class='ocrx_word' id='word_1_208' title='bbox 2110 1293 2449 1362; x_wconf 81' lang='grc' dir='ltr'>ἀποκάλυψιν</span> <span class='ocrx_word' id='word_1_209' title='bbox 2505 1291 2838 1362; x_wconf 84' lang='grc' dir='ltr'>ἀπεκρίνατο</span> <span class='ocrx_word' id='word_1_210' title='bbox 2879 1289 3085 1343; x_wconf 77' lang='grc' dir='ltr'>ταῦτα’</span> <span class='ocrx_word' id='word_1_211' title='bbox 3136 1306 3155 1339; x_wconf 82' lang='grc' dir='ltr'>ι</span> <span class='ocrx_word' id='word_1_212' title='bbox 3195 1288 3330 1342; x_wconf 77' lang='grc' dir='ltr'>Ούτε</span> <span class='ocrx_word' id='word_1_213' title='bbox 3385 1293 3667 1361; x_wconf 78' lang='grc' dir='ltr'>προφήτης</span> 
     </span>
    </p>
   </div>
   <div class='ocr_carea' id='block_1_25' title="bbox 2110 1380 3667 1459">
    <p class='ocr_par' dir='ltr' id='par_1_25' title="bbox 2110 1380 3667 1459">
     <span class='ocr_line' id='line_1_25' title="bbox 2110 1380 3667 1459; baseline -0.009 -18"><span class='ocrx_word' id='word_1_214' title='bbox 2110 1389 2279 1459; x_wconf 77' lang='grc' dir='ltr'>ήμην,</span> <span class='ocrx_word' id='word_1_215' title='bbox 2331 1384 2455 1440; x_wconf 74' lang='grc' dir='ltr'>οὔτε</span> <span class='ocrx_word' id='word_1_216' title='bbox 2504 1385 2781 1454; x_wconf 80' lang='grc' dir='ltr'>προφήτου</span> <span class='ocrx_word' id='word_1_217' title='bbox 2815 1382 2948 1445; x_wconf 87' lang='grc' dir='ltr'>υἱός.</span> <span class='ocrx_word' id='word_1_218' title='bbox 2987 1400 3006 1433; x_wconf 76' lang='grc' dir='ltr'>ι</span> <span class='ocrx_word' id='word_1_219' title='bbox 3033 1380 3169 1434; x_wconf 75' lang='grc' dir='ltr'>Οὔτε</span> <span class='ocrx_word' id='word_1_220' title='bbox 3219 1381 3325 1451; x_wconf 82' lang='grc' dir='ltr'>γάρ</span> <span class='ocrx_word' id='word_1_221' title='bbox 3358 1381 3433 1444; x_wconf 88' lang='grc' dir='ltr'>ὼς</span> <span class='ocrx_word' id='word_1_222' title='bbox 3470 1382 3667 1450; x_wconf 82' lang='grc' dir='ltr'>τέχνην</span> 
     </span>
    </p>
   </div>
   <div class='ocr_carea' id='block_1_26' title="bbox 2108 1472 3666 1549">
    <p class='ocr_par' dir='ltr' id='par_1_26' title="bbox 2108 1472 3666 1549">
     <span class='ocr_line' id='line_1_26' title="bbox 2108 1472 3666 1549; baseline -0.006 -16"><span class='ocrx_word' id='word_1_223' title='bbox 2108 1479 2233 1533; x_wconf 89' lang='grc' dir='ltr'>τινά</span> <span class='ocrx_word' id='word_1_224' title='bbox 2266 1476 2559 1549; x_wconf 88' lang='grc' dir='ltr'>μεμάθηκα</span> <span class='ocrx_word' id='word_1_225' title='bbox 2590 1475 2812 1544; x_wconf 84' lang='grc' dir='ltr'>ταύτην,</span> <span class='ocrx_word' id='word_1_226' title='bbox 2842 1472 2953 1528; x_wconf 74' lang='grc' dir='ltr'>οὗθ’</span> <span class='ocrx_word' id='word_1_227' title='bbox 2979 1472 3054 1533; x_wconf 85' lang='grc' dir='ltr'>ὡς</span> <span class='ocrx_word' id='word_1_228' title='bbox 3092 1472 3452 1543; x_wconf 82' lang='grc' dir='ltr'>κληρονομίαν</span> <span class='ocrx_word' id='word_1_229' title='bbox 3481 1472 3666 1536; x_wconf 81' lang='grc' dir='ltr'>ἐδεξά-</span> 
     </span>
    </p>
   </div>
   <div class='ocr_carea' id='block_1_27' title="bbox 2117 1564 3666 1643">
    <p class='ocr_par' dir='ltr' id='par_1_27' title="bbox 2117 1564 3666 1643">
     <span class='ocr_line' id='line_1_27' title="bbox 2117 1564 3666 1643; baseline -0.005 -18"><span class='ocrx_word' id='word_1_230' title='bbox 2117 1588 2224 1643; x_wconf 91' lang='grc' dir='ltr'>μην</span> <span class='ocrx_word' id='word_1_231' title='bbox 2279 1569 2436 1624; x_wconf 80' lang='grc' dir='ltr'>τοῦτο</span> <span class='ocrx_word' id='word_1_232' title='bbox 2480 1567 2631 1640; x_wconf 89' lang='grc' dir='ltr'>παρά</span> <span class='ocrx_word' id='word_1_233' title='bbox 2668 1566 2761 1620; x_wconf 82' lang='grc' dir='ltr'>τοῦ</span> <span class='ocrx_word' id='word_1_234' title='bbox 2799 1566 3037 1637; x_wconf 87' lang='grc' dir='ltr'>πατρός·</span> <span class='ocrx_word' id='word_1_235' title='bbox 3081 1565 3267 1636; x_wconf 75' lang='grc' dir='ltr'>ἐπειδὴ</span> <span class='ocrx_word' id='word_1_236' title='bbox 3307 1564 3525 1636; x_wconf 85' lang='grc' dir='ltr'>χάριτός</span> <span class='ocrx_word' id='word_1_237' title='bbox 3549 1566 3666 1617; x_wconf 82' lang='grc' dir='ltr'>ἐστι</span> 
     </span>
    </p>
   </div>
   <div class='ocr_carea' id='block_1_28' title="bbox 2111 1650 3668 1727">
    <p class='ocr_par' dir='ltr' id='par_1_28' title="bbox 2111 1650 3668 1727">
     <span class='ocr_line' id='line_1_28' title="bbox 2111 1650 3668 1727; baseline -0.003 -16"><span class='ocrx_word' id='word_1_238' title='bbox 2111 1660 2172 1711; x_wconf 84' lang='grc' dir='ltr'>τὸ</span> <span class='ocrx_word' id='word_1_239' title='bbox 2214 1656 2373 1727; x_wconf 76' lang='grc' dir='ltr'>ἔργον</span> <span class='ocrx_word' id='word_1_240' title='bbox 2416 1655 2584 1719; x_wconf 83' lang='grc' dir='ltr'>θείας,</span> <span class='ocrx_word' id='word_1_241' title='bbox 2613 1656 2708 1710; x_wconf 73' lang='grc' dir='ltr'>καὶ</span> <span class='ocrx_word' id='word_1_242' title='bbox 2751 1654 3098 1727; x_wconf 81' lang='grc' dir='ltr'>προσγίνεται</span> <span class='ocrx_word' id='word_1_243' title='bbox 3124 1650 3204 1718; x_wconf 73' lang='grc' dir='ltr'>οἷς</span> <span class='ocrx_word' id='word_1_244' title='bbox 3242 1655 3308 1708; x_wconf 81' lang='grc' dir='ltr'>ἂν</span> <span class='ocrx_word' id='word_1_245' title='bbox 3330 1655 3459 1707; x_wconf 80' lang='grc' dir='ltr'>αὐτὸ</span> <span class='ocrx_word' id='word_1_246' title='bbox 3497 1671 3668 1725; x_wconf 77' lang='grc' dir='ltr'>προσ-</span> 
     </span>
    </p>
   </div>
   <div class='ocr_carea' id='block_1_29' title="bbox 451 1744 2007 1828">
    <p class='ocr_par' dir='ltr' id='par_1_29' title="bbox 451 1744 2007 1821">
     <span class='ocr_line' id='line_1_29' title="bbox 451 1744 2007 1821; baseline 0.005 -25"><span class='ocrx_word' id='word_1_247' title='bbox 451 1744 633 1814; x_wconf 85' lang='lat' dir='ltr'><strong>tingit.</strong></span> <span class='ocrx_word' id='word_1_248' title='bbox 667 1762 688 1797; x_wconf 82' lang='grc' dir='ltr'>ι</span> <span class='ocrx_word' id='word_1_249' title='bbox 728 1744 888 1799; x_wconf 81' lang='lat' dir='ltr'><strong>Eram</strong></span> <span class='ocrx_word' id='word_1_250' title='bbox 929 1755 1110 1801; x_wconf 91' lang='lat' dir='ltr'><strong>autem</strong></span> <span class='ocrx_word' id='word_1_251' title='bbox 1149 1749 1430 1818; x_wconf 83' lang='lat' dir='ltr'><strong>caprarins</strong></span> <span class='ocrx_word' id='word_1_252' title='bbox 1482 1764 1601 1819; x_wconf 91' lang='lat' dir='ltr'><strong>ego,</strong></span> <span class='ocrx_word' id='word_1_253' title='bbox 1638 1756 1693 1805; x_wconf 87' lang='lat' dir='ltr'>et</span> <span class='ocrx_word' id='word_1_254' title='bbox 1733 1750 2007 1821; x_wconf 86' lang='lat' dir='ltr'><strong>sycamina</strong></span> 
     </span>
    </p>
   </div>
   <div class='ocr_carea' id='block_1_30' title="bbox 2106 1744 3668 1828">
    <p class='ocr_par' dir='ltr' id='par_1_30' title="bbox 2110 1744 3668 1820">
     <span class='ocr_line' id='line_1_30' title="bbox 2110 1744 3668 1820; baseline -0.003 -17"><span class='ocrx_word' id='word_1_255' title='bbox 2110 1753 2246 1804; x_wconf 89' lang='grc' dir='ltr'>εῖναι</span> <span class='ocrx_word' id='word_1_256' title='bbox 2310 1748 2561 1820; x_wconf 88' lang='grc' dir='ltr'>βούληται</span> <span class='ocrx_word' id='word_1_257' title='bbox 2606 1746 2756 1811; x_wconf 79' lang='grc' dir='ltr'>Θεός.</span> <span class='ocrx_word' id='word_1_258' title='bbox 2792 1764 2811 1798; x_wconf 82' lang='grc' dir='ltr'>ι</span> <span class='ocrx_word' id='word_1_259' title='bbox 2853 1748 3036 1817; x_wconf 85' lang='grc' dir='ltr'>Ἤμην</span> <span class='ocrx_word' id='word_1_260' title='bbox 3076 1746 3134 1800; x_wconf 79' lang='grc' dir='ltr'>δὲ</span> <span class='ocrx_word' id='word_1_261' title='bbox 3162 1746 3377 1810; x_wconf 89' lang='grc' dir='ltr'>αἰπόλος</span> <span class='ocrx_word' id='word_1_262' title='bbox 3421 1744 3531 1813; x_wconf 87' lang='grc' dir='ltr'>ἐγὼ</span> <span class='ocrx_word' id='word_1_263' title='bbox 3569 1747 3668 1799; x_wconf 71' lang='grc' dir='ltr'>καὶ</span> 
     </span>
    </p>
   </div>
   <div class='ocr_carea' id='block_1_31' title="bbox 456 1834 2012 1909">
    <p class='ocr_par' dir='ltr' id='par_1_31' title="bbox 456 1834 2012 1909">
     <span class='ocr_line' id='line_1_31' title="bbox 456 1834 2012 1909; baseline 0.007 -25"><span class='ocrx_word' id='word_1_264' title='bbox 456 1834 735 1888; x_wconf 81' lang='lat' dir='ltr'><strong>vellicans.</strong></span> <span class='ocrx_word' id='word_1_265' title='bbox 776 1853 796 1887; x_wconf 75' lang='grc' dir='ltr'>ι</span> <span class='ocrx_word' id='word_1_266' title='bbox 826 1834 879 1889; x_wconf 98' lang='lat' dir='ltr'>Id</span> <span class='ocrx_word' id='word_1_267' title='bbox 901 1845 985 1890; x_wconf 91' lang='lat' dir='ltr'>est</span> <span class='ocrx_word' id='word_1_268' title='bbox 1013 1836 1301 1905; x_wconf 83' lang='lat' dir='ltr'><strong>pascendis</strong></span> <span class='ocrx_word' id='word_1_269' title='bbox 1329 1839 1508 1906; x_wconf 88' lang='lat' dir='ltr'><strong>capris</strong></span> <span class='ocrx_word' id='word_1_270' title='bbox 1529 1848 1847 1909; x_wconf 77' lang='lat' dir='ltr'><strong>occupatus,</strong></span> <span class='ocrx_word' id='word_1_271' title='bbox 1880 1856 2012 1895; x_wconf 89' lang='lat' dir='ltr'><strong>nec-</strong></span> 
     </span>
    </p>
   </div>
   <div class='ocr_carea' id='block_1_32' title="bbox 459 1924 2011 2000">
    <p class='ocr_par' dir='ltr' id='par_1_32' title="bbox 459 1924 2011 2000">
     <span class='ocr_line' id='line_1_32' title="bbox 459 1924 2011 2000; baseline 0.005 -25"><span class='ocrx_word' id='word_1_272' title='bbox 459 1938 567 1977; x_wconf 92' lang='lat' dir='ltr'>non</span> <span class='ocrx_word' id='word_1_273' title='bbox 623 1931 821 1977; x_wconf 88' lang='lat' dir='ltr'><strong>terram</strong></span> <span class='ocrx_word' id='word_1_274' title='bbox 876 1940 974 1994; x_wconf 90' lang='lat' dir='ltr'>pro</span> <span class='ocrx_word' id='word_1_275' title='bbox 1021 1924 1278 1982; x_wconf 76' lang='lat' dir='ltr'><strong>facultate</strong></span> <span class='ocrx_word' id='word_1_276' title='bbox 1323 1929 1528 1983; x_wconf 89' lang='lat' dir='ltr'><strong>colens.</strong></span> <span class='ocrx_word' id='word_1_277' title='bbox 1580 1927 1866 2000; x_wconf 85' lang='lat' dir='ltr'><strong>Sycamina</strong></span> <span class='ocrx_word' id='word_1_278' title='bbox 1914 1945 2011 2000; x_wconf 90' lang='lat' dir='ltr'>pro</span> 
     </span>
    </p>
   </div>
   <div class='ocr_carea' id='block_1_33' title="bbox 457 2012 2011 2081">
    <p class='ocr_par' dir='ltr' id='par_1_33' title="bbox 457 2012 2011 2081">
     <span class='ocr_line' id='line_1_33' title="bbox 457 2012 2011 2081; baseline 0.007 -15"><span class='ocrx_word' id='word_1_279' title='bbox 457 2012 663 2068; x_wconf 88' lang='lat' dir='ltr'><strong>ticubus</strong></span> <span class='ocrx_word' id='word_1_280' title='bbox 710 2014 862 2081; x_wconf 88' lang='lat' dir='ltr'><strong>dicit,</strong></span> <span class='ocrx_word' id='word_1_281' title='bbox 919 2016 1060 2071; x_wconf 87' lang='lat' dir='ltr'><strong>sicut</strong></span> <span class='ocrx_word' id='word_1_282' title='bbox 1089 2018 1249 2072; x_wconf 91' lang='lat' dir='ltr'><strong>etiam</strong></span> <span class='ocrx_word' id='word_1_283' title='bbox 1274 2019 1462 2075; x_wconf 86' lang='lat' dir='ltr'><strong>beatus</strong></span> <span class='ocrx_word' id='word_1_284' title='bbox 1496 2019 1660 2075; x_wconf 81' lang='lat' dir='ltr'><strong>David</strong></span> <span class='ocrx_word' id='word_1_285' title='bbox 1692 2039 1705 2075; x_wconf 90' lang='lat'><strong>:</strong></span> <span class='ocrx_word' id='word_1_286' title='bbox 1753 2042 1771 2074; x_wconf 84' lang='grc' dir='ltr'>ι</span> <span class='ocrx_word' id='word_1_287' title='bbox 1797 2019 2011 2077; x_wconf 86' lang='lat' dir='ltr'><strong>Occidit</strong></span> 
     </span>
    </p>
   </div>
   <div class='ocr_carea' id='block_1_34' title="bbox 452 2104 2010 2183">
    <p class='ocr_par' dir='ltr' id='par_1_34' title="bbox 452 2104 2010 2183">
     <span class='ocr_line' id='line_1_34' title="bbox 452 2104 2010 2183; baseline 0.009 -28"><span class='ocrx_word' id='word_1_288' title='bbox 452 2104 713 2173; x_wconf 75' lang='lat' dir='ltr'><strong>grandine</strong></span> <span class='ocrx_word' id='word_1_289' title='bbox 745 2107 903 2161; x_wconf 84' lang='lat' dir='ltr'><strong>vitem</strong></span> <span class='ocrx_word' id='word_1_290' title='bbox 956 2122 1167 2172; x_wconf 90' lang='lat' dir='ltr'><strong>eorum,</strong></span> <span class='ocrx_word' id='word_1_291' title='bbox 1214 2110 1372 2182; x_wconf 80' lang='lat'><strong>130</strong></span> <span class='ocrx_word' id='word_1_292' title='bbox 1399 2119 1454 2165; x_wconf 89' lang='lat' dir='ltr'>et</span> <span class='ocrx_word' id='word_1_293' title='bbox 1495 2113 1802 2183; x_wconf 88' lang='lat' dir='ltr'><strong>sycaminos</strong></span> <span class='ocrx_word' id='word_1_294' title='bbox 1821 2130 2010 2169; x_wconf 89' lang='lat' dir='ltr'><strong>eorum</strong></span> 
     </span>
    </p>
   </div>
   <div class='ocr_carea' id='block_1_35' title="bbox 454 2194 2005 2275">
    <p class='ocr_par' dir='ltr' id='par_1_35' title="bbox 454 2194 2005 2275">
     <span class='ocr_line' id='line_1_35' title="bbox 454 2194 2005 2275; baseline 0.007 -28"><span class='ocrx_word' id='word_1_295' title='bbox 454 2195 646 2263; x_wconf 87' lang='lat' dir='ltr'><strong>pruina</strong></span> <span class='ocrx_word' id='word_1_296' title='bbox 666 2194 739 2249; x_wconf 68' lang='grc' dir='ltr'>η.</span> <span class='ocrx_word' id='word_1_297' title='bbox 755 2216 773 2248; x_wconf 72' lang='grc' dir='ltr'>ι</span> <span class='ocrx_word' id='word_1_298' title='bbox 817 2196 970 2252; x_wconf 83' lang='lat' dir='ltr'><strong>Patet</strong></span> <span class='ocrx_word' id='word_1_299' title='bbox 995 2208 1196 2266; x_wconf 88' lang='lat' dir='ltr'><strong>autem,</strong></span> <span class='ocrx_word' id='word_1_300' title='bbox 1213 2215 1335 2255; x_wconf 91' lang='lat' dir='ltr'>cum</span> <span class='ocrx_word' id='word_1_301' title='bbox 1353 2201 1551 2258; x_wconf 83' lang='lat' dir='ltr'><strong>vitibus</strong></span> <span class='ocrx_word' id='word_1_302' title='bbox 1575 2217 1683 2257; x_wconf 89' lang='lat' dir='ltr'>non</span> <span class='ocrx_word' id='word_1_303' title='bbox 1705 2204 2005 2275; x_wconf 83' lang='lat' dir='ltr'><strong>sycamina,</strong></span> 
     </span>
    </p>
   </div>
   <div class='ocr_carea' id='block_1_36' title="bbox 453 2284 2007 2359">
    <p class='ocr_par' dir='ltr' id='par_1_36' title="bbox 453 2284 2007 2359">
     <span class='ocr_line' id='line_1_36' title="bbox 453 2284 2007 2359; baseline 0.006 -21"><span class='ocrx_word' id='word_1_304' title='bbox 453 2284 549 2341; x_wconf 82' lang='lat' dir='ltr'>sed</span> <span class='ocrx_word' id='word_1_305' title='bbox 598 2285 731 2343; x_wconf 76' lang='lat' dir='ltr'><strong>ﬁcus</strong></span> <span class='ocrx_word' id='word_1_306' title='bbox 778 2289 1022 2359; x_wconf 83' lang='lat' dir='ltr'><strong>periisse,</strong></span> <span class='ocrx_word' id='word_1_307' title='bbox 1068 2291 1137 2345; x_wconf 90' lang='lat' dir='ltr'>ab</span> <span class='ocrx_word' id='word_1_308' title='bbox 1184 2307 1251 2346; x_wconf 90' lang='lat' dir='ltr'>eo</span> <span class='ocrx_word' id='word_1_309' title='bbox 1308 2292 1437 2347; x_wconf 91' lang='lat' dir='ltr'><strong>dici.</strong></span> <span class='ocrx_word' id='word_1_310' title='bbox 1496 2291 1832 2349; x_wconf 83' lang='lat' dir='ltr'><strong>Vocabulum</strong></span> <span class='ocrx_word' id='word_1_311' title='bbox 1881 2296 2007 2350; x_wconf 89' lang='lat' dir='ltr'><strong>item</strong></span> 
     </span>
    </p>
   </div>
   <div class='ocr_carea' id='block_1_37' title="bbox 458 2378 2006 2455">
    <p class='ocr_par' dir='ltr' id='par_1_37' title="bbox 458 2378 2006 2455">
     <span class='ocr_line' id='line_1_37' title="bbox 458 2378 2006 2455; baseline 0.007 -26"><span class='ocrx_word' id='word_1_312' title='bbox 458 2396 478 2428; x_wconf 80' lang='grc' dir='ltr'>ι</span> <span class='ocrx_word' id='word_1_313' title='bbox 515 2378 771 2435; x_wconf 84' lang='lat' dir='ltr'><strong>vellicans</strong></span> <span class='ocrx_word' id='word_1_314' title='bbox 815 2398 834 2431; x_wconf 71' lang='grc' dir='ltr'><strong><em>ο</em></strong></span> <span class='ocrx_word' id='word_1_315' title='bbox 879 2396 978 2452; x_wconf 89' lang='lat' dir='ltr'>pro</span> <span class='ocrx_word' id='word_1_316' title='bbox 1026 2382 1263 2439; x_wconf 77' lang='lat' dir='ltr'><strong>sarrieris</strong></span> <span class='ocrx_word' id='word_1_317' title='bbox 1291 2383 1427 2438; x_wconf 91' lang='lat' dir='ltr'><strong>dicit</strong></span> <span class='ocrx_word' id='word_1_318' title='bbox 1453 2391 1509 2439; x_wconf 91' lang='lat' dir='ltr'>et</span> <span class='ocrx_word' id='word_1_319' title='bbox 1535 2399 1701 2455; x_wconf 88' lang='lat' dir='ltr'><strong>opera</strong></span> <span class='ocrx_word' id='word_1_320' title='bbox 1734 2387 2006 2442; x_wconf 78' lang='lat' dir='ltr'><strong>excolens.</strong></span> 
     </span>
    </p>
   </div>
   <div class='ocr_carea' id='block_1_38' title="bbox 454 2467 2011 2546">
    <p class='ocr_par' dir='ltr' id='par_1_38' title="bbox 454 2467 2011 2546">
     <span class='ocr_line' id='line_1_38' title="bbox 454 2467 2011 2546; baseline 0.008 -25"><span class='ocrx_word' id='word_1_321' title='bbox 454 2467 637 2524; x_wconf 82' lang='lat' dir='ltr'><strong>Voluit</strong></span> <span class='ocrx_word' id='word_1_322' title='bbox 682 2480 859 2527; x_wconf 88' lang='lat' dir='ltr'><strong>autem</strong></span> <span class='ocrx_word' id='word_1_323' title='bbox 894 2474 1208 2543; x_wconf 89' lang='lat' dir='ltr'><strong>particulari</strong></span> <span class='ocrx_word' id='word_1_324' title='bbox 1260 2474 1362 2529; x_wconf 88' lang='lat' dir='ltr'>hac</span> <span class='ocrx_word' id='word_1_325' title='bbox 1410 2477 1812 2546; x_wconf 85' lang='lat' dir='ltr'><strong>syeaminorum</strong></span> <span class='ocrx_word' id='word_1_326' title='bbox 1865 2494 2011 2534; x_wconf 90' lang='lat' dir='ltr'><strong>men-</strong></span> 
     </span>
    </p>
   </div>
   <div class='ocr_carea' id='block_1_39' title="bbox 452 2560 2012 2639">
    <p class='ocr_par' dir='ltr' id='par_1_39' title="bbox 452 2560 2012 2639">
     <span class='ocr_line' id='line_1_39' title="bbox 452 2560 2012 2639; baseline 0.008 -27"><span class='ocrx_word' id='word_1_327' title='bbox 452 2560 597 2616; x_wconf 87' lang='lat' dir='ltr'><strong>tione</strong></span> <span class='ocrx_word' id='word_1_328' title='bbox 622 2560 801 2618; x_wconf 86' lang='lat' dir='ltr'><strong>dicere</strong></span> <span class='ocrx_word' id='word_1_329' title='bbox 834 2578 894 2618; x_wconf 84' lang='lat' dir='ltr'>se</span> <span class='ocrx_word' id='word_1_330' title='bbox 924 2565 1211 2634; x_wconf 87' lang='lat' dir='ltr'><strong>pascendis</strong></span> <span class='ocrx_word' id='word_1_331' title='bbox 1251 2567 1432 2636; x_wconf 88' lang='lat' dir='ltr'><strong>capris</strong></span> <span class='ocrx_word' id='word_1_332' title='bbox 1465 2575 1520 2623; x_wconf 90' lang='lat' dir='ltr'>et</span> <span class='ocrx_word' id='word_1_333' title='bbox 1556 2568 1751 2623; x_wconf 86' lang='lat' dir='ltr'><strong>ovibus</strong></span> <span class='ocrx_word' id='word_1_334' title='bbox 1780 2577 1836 2624; x_wconf 90' lang='lat' dir='ltr'>et</span> <span class='ocrx_word' id='word_1_335' title='bbox 1873 2570 2012 2639; x_wconf 89' lang='lat' dir='ltr'><strong>agri-</strong></span> 
     </span>
    </p>
   </div>
   <div class='ocr_carea' id='block_1_40' title="bbox 451 2650 2009 2725">
    <p class='ocr_par' dir='ltr' id='par_1_40' title="bbox 451 2650 2009 2725">
     <span class='ocr_line' id='line_1_40' title="bbox 451 2650 2009 2725; baseline 0.009 -22"><span class='ocrx_word' id='word_1_336' title='bbox 451 2651 676 2706; x_wconf 72' lang='lat' dir='ltr'><strong>cultura:</strong></span> <span class='ocrx_word' id='word_1_337' title='bbox 704 2650 944 2707; x_wconf 85' lang='lat' dir='ltr'><strong>deditum</strong></span> <span class='ocrx_word' id='word_1_338' title='bbox 981 2670 1196 2725; x_wconf 83' lang='lat' dir='ltr'><strong>semper</strong></span> <span class='ocrx_word' id='word_1_339' title='bbox 1227 2654 1420 2712; x_wconf 74' lang='lat' dir='ltr'><strong>fuisse.</strong></span> <span class='ocrx_word' id='word_1_340' title='bbox 1458 2655 1841 2714; x_wconf 86' lang='lat' dir='ltr'><strong>Verumtamen</strong></span> <span class='ocrx_word' id='word_1_341' title='bbox 1864 2658 2009 2717; x_wconf 89' lang='lat' dir='ltr'><strong>Deus</strong></span> 
     </span>
    </p>
   </div>
   <div class='ocr_carea' id='block_1_41' title="bbox 453 2742 2005 2820">
    <p class='ocr_par' dir='ltr' id='par_1_41' title="bbox 453 2742 2005 2820">
     <span class='ocr_line' id='line_1_41' title="bbox 453 2742 2005 2820; baseline 0.008 -27"><span class='ocrx_word' id='word_1_342' title='bbox 453 2757 537 2795; x_wconf 89' lang='lat' dir='ltr'>me</span> <span class='ocrx_word' id='word_1_343' title='bbox 569 2742 637 2796; x_wconf 89' lang='lat' dir='ltr'>ab</span> <span class='ocrx_word' id='word_1_344' title='bbox 674 2743 886 2808; x_wconf 86' lang='lat' dir='ltr'><strong>ovibus,</strong></span> <span class='ocrx_word' id='word_1_345' title='bbox 942 2745 1138 2815; x_wconf 90' lang='lat' dir='ltr'><strong>inquit,</strong></span> <span class='ocrx_word' id='word_1_346' title='bbox 1190 2746 1523 2802; x_wconf 82' lang='lat' dir='ltr'><strong>abstractum</strong></span> <span class='ocrx_word' id='word_1_347' title='bbox 1571 2748 1738 2820; x_wconf 89' lang='lat' dir='ltr'><strong>(unde</strong></span> <span class='ocrx_word' id='word_1_348' title='bbox 1770 2759 2005 2816; x_wconf 87' lang='lat' dir='ltr'><strong>constat,</strong></span> 
     </span>
    </p>
   </div>
   <div class='ocr_carea' id='block_1_42' title="bbox 450 2831 2009 2911">
    <p class='ocr_par' dir='ltr' id='par_1_42' title="bbox 450 2831 2009 2911">
     <span class='ocr_line' id='line_1_42' title="bbox 450 2831 2009 2911; baseline 0.011 -30"><span class='ocrx_word' id='word_1_349' title='bbox 450 2845 574 2882; x_wconf 76' lang='lat' dir='ltr'>enm</span> <span class='ocrx_word' id='word_1_350' title='bbox 625 2831 825 2901; x_wconf 86' lang='lat' dir='ltr'><strong>pariter</strong></span> <span class='ocrx_word' id='word_1_351' title='bbox 871 2848 1064 2903; x_wconf 86' lang='lat' dir='ltr'><strong>capras</strong></span> <span class='ocrx_word' id='word_1_352' title='bbox 1108 2849 1347 2905; x_wconf 84' lang='lat' dir='ltr'><strong>ovesque</strong></span> <span class='ocrx_word' id='word_1_353' title='bbox 1396 2837 1633 2910; x_wconf 80' lang='lat' dir='ltr'><strong>pavisse)</strong></span> <span class='ocrx_word' id='word_1_354' title='bbox 1683 2841 2009 2911; x_wconf 86' lang='lat' dir='ltr'><strong>prOphetare</strong></span> 
     </span>
    </p>
   </div>
   <div class='ocr_carea' id='block_1_43' title="bbox 445 2919 2010 3000">
    <p class='ocr_par' dir='ltr' id='par_1_43' title="bbox 445 2919 2010 3000">
     <span class='ocr_line' id='line_1_43' title="bbox 445 2919 2010 3000; baseline 0.009 -27"><span class='ocrx_word' id='word_1_355' title='bbox 445 2919 632 2988; x_wconf 86' lang='lat' dir='ltr'><strong>jussit,</strong></span> <span class='ocrx_word' id='word_1_356' title='bbox 663 2930 717 2975; x_wconf 87' lang='lat' dir='ltr'>et</span> <span class='ocrx_word' id='word_1_357' title='bbox 762 2924 1015 2981; x_wconf 70' lang='lat' dir='ltr'><strong>omnibus</strong></span> <span class='ocrx_word' id='word_1_358' title='bbox 1054 2926 1383 2997; x_wconf 85' lang='lat' dir='ltr'><strong>signiﬁcare,</strong></span> <span class='ocrx_word' id='word_1_359' title='bbox 1433 2944 1554 2999; x_wconf 66' lang='lat' dir='ltr'><strong>qua:</strong></span> <span class='ocrx_word' id='word_1_360' title='bbox 1603 2932 1802 3000; x_wconf 90' lang='lat' dir='ltr'><strong>populo</strong></span> <span class='ocrx_word' id='word_1_361' title='bbox 1839 2933 2010 2987; x_wconf 91' lang='lat' dir='ltr'><strong>immi-</strong></span> 
     </span>
    </p>
   </div>
   <div class='ocr_carea' id='block_1_44' title="bbox 453 3010 2007 3088">
    <p class='ocr_par' dir='ltr' id='par_1_44' title="bbox 453 3010 2007 3088">
     <span class='ocr_line' id='line_1_44' title="bbox 453 3010 2007 3088; baseline 0.01 -25"><span class='ocrx_word' id='word_1_362' title='bbox 453 3020 614 3065; x_wconf 86' lang='lat' dir='ltr'><strong>neant</strong></span> <span class='ocrx_word' id='word_1_363' title='bbox 664 3028 695 3066; x_wconf 91' lang='lat' dir='ltr'>a</span> <span class='ocrx_word' id='word_1_364' title='bbox 752 3010 861 3068; x_wconf 92' lang='lat' dir='ltr'>Deo</span> <span class='ocrx_word' id='word_1_365' title='bbox 909 3032 923 3067; x_wconf 92' lang='lat'><strong>:</strong></span> <span class='ocrx_word' id='word_1_366' title='bbox 976 3031 1095 3087; x_wconf 69' lang='lat' dir='ltr'><strong>qua:</strong></span> <span class='ocrx_word' id='word_1_367' title='bbox 1153 3018 1369 3088; x_wconf 89' lang='lat' dir='ltr'><strong>quidem</strong></span> <span class='ocrx_word' id='word_1_368' title='bbox 1440 3036 1547 3075; x_wconf 91' lang='lat' dir='ltr'>non</span> <span class='ocrx_word' id='word_1_369' title='bbox 1602 3037 1843 3077; x_wconf 89' lang='lat' dir='ltr'><strong>mearum</strong></span> <span class='ocrx_word' id='word_1_370' title='bbox 1890 3033 2007 3079; x_wconf 89' lang='lat' dir='ltr'><strong>erat</strong></span> 
     </span>
    </p>
   </div>
   <div class='ocr_carea' id='block_1_45' title="bbox 2114 1839 3668 1912">
    <p class='ocr_par' dir='ltr' id='par_1_45' title="bbox 2114 1839 3668 1912">
     <span class='ocr_line' id='line_1_45' title="bbox 2114 1839 3668 1912; baseline -0.004 -17"><span class='ocrx_word' id='word_1_371' title='bbox 2114 1843 2386 1912; x_wconf 82' lang='grc' dir='ltr'>συκάμινα</span> <span class='ocrx_word' id='word_1_372' title='bbox 2413 1840 2610 1905; x_wconf 76' lang='grc' dir='ltr'>κνίζων</span> <span class='ocrx_word' id='word_1_373' title='bbox 2636 1858 2647 1870; x_wconf 89' lang='grc'><strong>·</strong></span> <span class='ocrx_word' id='word_1_374' title='bbox 2690 1858 2709 1892; x_wconf 76' lang='grc' dir='ltr'>ι</span> <span class='ocrx_word' id='word_1_375' title='bbox 2743 1840 2832 1893; x_wconf 88' lang='grc' dir='ltr'>ἶνα</span> <span class='ocrx_word' id='word_1_376' title='bbox 2891 1839 3020 1910; x_wconf 77' lang='grc' dir='ltr'>εῖπῃ</span> <span class='ocrx_word' id='word_1_377' title='bbox 3049 1840 3178 1909; x_wconf 84' lang='grc' dir='ltr'>περί</span> <span class='ocrx_word' id='word_1_378' title='bbox 3204 1840 3373 1909; x_wconf 84' lang='grc' dir='ltr'>νομήν</span> <span class='ocrx_word' id='word_1_379' title='bbox 3399 1855 3460 1890; x_wconf 91' lang='grc' dir='ltr'>τε</span> <span class='ocrx_word' id='word_1_380' title='bbox 3493 1839 3668 1905; x_wconf 75' lang='grc' dir='ltr'>αἰγῶν</span> 
     </span>
    </p>
   </div>
   <div class='ocr_carea' id='block_1_46' title="bbox 2065 1922 3666 2004">
    <p class='ocr_par' dir='ltr' id='par_1_46' title="bbox 2065 1922 3666 2004">
     <span class='ocr_line' id='line_1_46' title="bbox 2065 1922 3666 2004; baseline -0.005 -16"><span class='ocrx_word' id='word_1_381' title='bbox 2065 1922 2069 1927; x_wconf 37' lang='grc'><strong><em>⁷</em></strong></span> <span class='ocrx_word' id='word_1_382' title='bbox 2110 1933 2523 2004; x_wconf 84' lang='grc' dir='ltr'>ἀσχολούμενος,</span> <span class='ocrx_word' id='word_1_383' title='bbox 2581 1932 2677 1986; x_wconf 72' lang='grc' dir='ltr'>καὶ</span> <span class='ocrx_word' id='word_1_384' title='bbox 2698 1931 2762 2002; x_wconf 78' lang='grc' dir='ltr'>δὴ</span> <span class='ocrx_word' id='word_1_385' title='bbox 2789 1932 2886 1984; x_wconf 77' lang='grc' dir='ltr'>καὶ</span> <span class='ocrx_word' id='word_1_386' title='bbox 2928 1932 3069 1985; x_wconf 84' lang='grc' dir='ltr'>κατά</span> <span class='ocrx_word' id='word_1_387' title='bbox 3103 1930 3165 1983; x_wconf 80' lang='grc' dir='ltr'>τὸ</span> <span class='ocrx_word' id='word_1_388' title='bbox 3193 1930 3538 2000; x_wconf 84' lang='grc' dir='ltr'>ἐνδεχόμενον</span> <span class='ocrx_word' id='word_1_389' title='bbox 3565 1928 3666 1999; x_wconf 77' lang='grc' dir='ltr'>τὴν</span> 
     </span>
    </p>
   </div>
   <div class='ocr_carea' id='block_1_47' title="bbox 2110 2020 3719 2095">
    <p class='ocr_par' dir='ltr' id='par_1_47' title="bbox 2110 2020 3719 2095">
     <span class='ocr_line' id='line_1_47' title="bbox 2110 2020 3719 2095; baseline -0.006 -15"><span class='ocrx_word' id='word_1_390' title='bbox 2110 2026 2211 2094; x_wconf 78' lang='grc' dir='ltr'>γῆν</span> <span class='ocrx_word' id='word_1_391' title='bbox 2226 2024 2483 2095; x_wconf 82' lang='grc' dir='ltr'>γεωργῶν</span> <span class='ocrx_word' id='word_1_392' title='bbox 2501 2040 2516 2054; x_wconf 88' lang='grc'><strong>·</strong></span> <span class='ocrx_word' id='word_1_393' title='bbox 2541 2024 2809 2093; x_wconf 82' lang='grc' dir='ltr'>συκάμινα</span> <span class='ocrx_word' id='word_1_394' title='bbox 2828 2022 3040 2093; x_wconf 79' lang='grc' dir='ltr'>μὲνγὰρ</span> <span class='ocrx_word' id='word_1_395' title='bbox 3055 2021 3174 2075; x_wconf 74' lang='grc' dir='ltr'>ἀντὶ</span> <span class='ocrx_word' id='word_1_396' title='bbox 3201 2021 3293 2074; x_wconf 79' lang='grc' dir='ltr'>τοῦ</span> <span class='ocrx_word' id='word_1_397' title='bbox 3324 2020 3462 2074; x_wconf 82' lang='grc' dir='ltr'>σῦκα</span> <span class='ocrx_word' id='word_1_398' title='bbox 3485 2020 3632 2088; x_wconf 80' lang='grc' dir='ltr'>λέγει</span> <span class='ocrx_word' id='word_1_399' title='bbox 3649 2038 3666 2051; x_wconf 75' lang='lat'><strong>-</strong></span> <span class='ocrx_word' id='word_1_400' title='bbox 3716 2020 3719 2021; x_wconf 59' lang='grc'><strong><em>⁷</em></strong></span> 
     </span>
    </p>
   </div>
   <div class='ocr_carea' id='block_1_48' title="bbox 2110 2111 3669 2184">
    <p class='ocr_par' dir='ltr' id='par_1_48' title="bbox 2110 2111 3669 2184">
     <span class='ocr_line' id='line_1_48' title="bbox 2110 2111 3669 2184; baseline -0.004 -15"><span class='ocrx_word' id='word_1_401' title='bbox 2110 2114 2289 2178; x_wconf 84' lang='grc' dir='ltr'>καθὼς</span> <span class='ocrx_word' id='word_1_402' title='bbox 2318 2116 2412 2168; x_wconf 75' lang='grc' dir='ltr'>καὶ</span> <span class='ocrx_word' id='word_1_403' title='bbox 2441 2116 2470 2168; x_wconf 83' lang='grc' dir='ltr'>ὁ</span> <span class='ocrx_word' id='word_1_404' title='bbox 2512 2114 2777 2184; x_wconf 87' lang='grc' dir='ltr'>μακάριος</span> <span class='ocrx_word' id='word_1_405' title='bbox 2827 2112 2989 2165; x_wconf 80' lang='grc' dir='ltr'>Δαυῖδ</span> <span class='ocrx_word' id='word_1_406' title='bbox 3035 2127 3227 2182; x_wconf 83' lang='grc' dir='ltr'>φησιν’</span> <span class='ocrx_word' id='word_1_407' title='bbox 3264 2129 3282 2160; x_wconf 80' lang='grc' dir='ltr'>ι</span> <span class='ocrx_word' id='word_1_408' title='bbox 3324 2111 3669 2163; x_wconf 80' lang='grc' dir='ltr'>Ἀπέκτεινεν</span> 
     </span>
    </p>
   </div>
   <div class='ocr_carea' id='block_1_49' title="bbox 2109 2200 3666 2274">
    <p class='ocr_par' dir='ltr' id='par_1_49' title="bbox 2109 2200 3666 2274">
     <span class='ocr_line' id='line_1_49' title="bbox 2109 2200 3666 2274; baseline -0.003 -18"><span class='ocrx_word' id='word_1_409' title='bbox 2109 2204 2168 2256; x_wconf 86' lang='grc' dir='ltr'>ἐν</span> <span class='ocrx_word' id='word_1_410' title='bbox 2192 2204 2397 2274; x_wconf 74' lang='grc' dir='ltr'>χαλάζῃ</span> <span class='ocrx_word' id='word_1_411' title='bbox 2447 2203 2545 2274; x_wconf 84' lang='grc' dir='ltr'>τὴν</span> <span class='ocrx_word' id='word_1_412' title='bbox 2587 2203 2825 2273; x_wconf 82' lang='grc' dir='ltr'>ἄμπελον</span> <span class='ocrx_word' id='word_1_413' title='bbox 2859 2202 3061 2265; x_wconf 80' lang='grc' dir='ltr'>αὐτῶν,</span> <span class='ocrx_word' id='word_1_414' title='bbox 3088 2202 3183 2254; x_wconf 78' lang='grc' dir='ltr'>καὶ</span> <span class='ocrx_word' id='word_1_415' title='bbox 3208 2200 3307 2263; x_wconf 76' lang='grc' dir='ltr'>τὰς</span> <span class='ocrx_word' id='word_1_416' title='bbox 3336 2200 3666 2269; x_wconf 81' lang='grc' dir='ltr'>συκαμίνους</span> 
     </span>
    </p>
   </div>
   <div class='ocr_carea' id='block_1_50' title="bbox 2109 2286 3668 2366">
    <p class='ocr_par' dir='ltr' id='par_1_50' title="bbox 2109 2286 3668 2366">
     <span class='ocr_line' id='line_1_50' title="bbox 2109 2286 3668 2366; baseline -0.007 -17"><span class='ocrx_word' id='word_1_417' title='bbox 2109 2295 2285 2349; x_wconf 84' lang='grc' dir='ltr'>αὐτῶν</span> <span class='ocrx_word' id='word_1_418' title='bbox 2306 2298 2362 2349; x_wconf 88' lang='grc' dir='ltr'>ἐν</span> <span class='ocrx_word' id='word_1_419' title='bbox 2384 2297 2448 2366; x_wconf 78' lang='grc' dir='ltr'>τῇ</span> <span class='ocrx_word' id='word_1_420' title='bbox 2470 2294 2647 2365; x_wconf 78' lang='grc' dir='ltr'>πάχνη</span> <span class='ocrx_word' id='word_1_421' title='bbox 2664 2310 2677 2323; x_wconf 91' lang='grc'>·</span> <span class='ocrx_word' id='word_1_422' title='bbox 2705 2312 2724 2345; x_wconf 74' lang='grc' dir='ltr'>ι</span> <span class='ocrx_word' id='word_1_423' title='bbox 2775 2291 2851 2362; x_wconf 90' lang='lat' dir='ltr'><strong>(p.</strong></span> <span class='ocrx_word' id='word_1_424' title='bbox 2885 2291 3008 2353; x_wconf 72' lang='lat'>197)</span> <span class='ocrx_word' id='word_1_425' title='bbox 3046 2288 3263 2360; x_wconf 78' lang='grc' dir='ltr'>εὔδηλον</span> <span class='ocrx_word' id='word_1_426' title='bbox 3290 2290 3396 2359; x_wconf 73' lang='grc' dir='ltr'>γάρ</span> <span class='ocrx_word' id='word_1_427' title='bbox 3421 2288 3502 2340; x_wconf 83' lang='grc' dir='ltr'>ὅτι</span> <span class='ocrx_word' id='word_1_428' title='bbox 3529 2286 3668 2357; x_wconf 78' lang='grc' dir='ltr'>μετὰ</span> 
     </span>
    </p>
   </div>
   <div class='ocr_carea' id='block_1_51' title="bbox 2107 2379 3671 2457">
    <p class='ocr_par' dir='ltr' id='par_1_51' title="bbox 2107 2379 3671 2457">
     <span class='ocr_line' id='line_1_51' title="bbox 2107 2379 3671 2457; baseline -0.007 -16"><span class='ocrx_word' id='word_1_429' title='bbox 2107 2388 2215 2441; x_wconf 87' lang='grc' dir='ltr'>τῶν</span> <span class='ocrx_word' id='word_1_430' title='bbox 2241 2386 2500 2457; x_wconf 77' lang='grc' dir='ltr'>ἀμπέλων</span> <span class='ocrx_word' id='word_1_431' title='bbox 2546 2386 2610 2439; x_wconf 86' lang='grc' dir='ltr'>ού</span> <span class='ocrx_word' id='word_1_432' title='bbox 2664 2384 2939 2454; x_wconf 83' lang='grc' dir='ltr'>συκάμινα</span> <span class='ocrx_word' id='word_1_433' title='bbox 2971 2382 3105 2435; x_wconf 86' lang='grc' dir='ltr'>ἀλλά</span> <span class='ocrx_word' id='word_1_434' title='bbox 3147 2383 3317 2443; x_wconf 75' lang='grc' dir='ltr'>συκᾶς</span> <span class='ocrx_word' id='word_1_435' title='bbox 3332 2379 3671 2432; x_wconf 81' lang='grc' dir='ltr'>ἀπολωλέναι</span> 
     </span>
    </p>
   </div>
   <div class='ocr_carea' id='block_1_52' title="bbox 2109 2471 3668 2548">
    <p class='ocr_par' dir='ltr' id='par_1_52' title="bbox 2109 2471 3668 2548">
     <span class='ocr_line' id='line_1_52' title="bbox 2109 2471 3668 2548; baseline -0.006 -16"><span class='ocrx_word' id='word_1_436' title='bbox 2109 2478 2295 2548; x_wconf 84' lang='grc' dir='ltr'>ἐδήλου</span> <span class='ocrx_word' id='word_1_437' title='bbox 2310 2494 2323 2508; x_wconf 74' lang='grc' dir='ltr'>ο</span> <span class='ocrx_word' id='word_1_438' title='bbox 2347 2476 2497 2543; x_wconf 78' lang='grc' dir='ltr'>τὸδὲ,</span> <span class='ocrx_word' id='word_1_439' title='bbox 2521 2495 2541 2527; x_wconf 79' lang='grc' dir='ltr'>ι</span> <span class='ocrx_word' id='word_1_440' title='bbox 2575 2473 2792 2540; x_wconf 79' lang='grc' dir='ltr'>κνίζων,</span> <span class='ocrx_word' id='word_1_441' title='bbox 2814 2494 2832 2527; x_wconf 72' lang='grc' dir='ltr'><strong>ο</strong></span> <span class='ocrx_word' id='word_1_442' title='bbox 2859 2474 2979 2527; x_wconf 80' lang='grc' dir='ltr'>ἀντὶ</span> <span class='ocrx_word' id='word_1_443' title='bbox 3004 2473 3094 2527; x_wconf 83' lang='grc' dir='ltr'>τοῦ</span> <span class='ocrx_word' id='word_1_444' title='bbox 3122 2471 3492 2544; x_wconf 87' lang='grc' dir='ltr'>περισκάλλων</span> <span class='ocrx_word' id='word_1_445' title='bbox 3517 2471 3668 2538; x_wconf 84' lang='grc' dir='ltr'>λέγει</span> 
     </span>
    </p>
   </div>
   <div class='ocr_carea' id='block_1_53' title="bbox 2109 2560 3671 2638">
    <p class='ocr_par' dir='ltr' id='par_1_53' title="bbox 2109 2560 3671 2638">
     <span class='ocr_line' id='line_1_53' title="bbox 2109 2560 3671 2638; baseline -0.007 -17"><span class='ocrx_word' id='word_1_446' title='bbox 2109 2569 2202 2622; x_wconf 81' lang='grc' dir='ltr'>καὶ</span> <span class='ocrx_word' id='word_1_447' title='bbox 2218 2566 2502 2638; x_wconf 87' lang='grc' dir='ltr'>γεωργῶν·</span> <span class='ocrx_word' id='word_1_448' title='bbox 2534 2564 2804 2635; x_wconf 75' lang='grc' dir='ltr'>ἠϐουλήθη</span> <span class='ocrx_word' id='word_1_449' title='bbox 2834 2562 2890 2616; x_wconf 76' lang='grc' dir='ltr'>δὲ</span> <span class='ocrx_word' id='word_1_450' title='bbox 2923 2565 2987 2616; x_wconf 81' lang='grc' dir='ltr'>ἐκ</span> <span class='ocrx_word' id='word_1_451' title='bbox 3016 2563 3211 2633; x_wconf 81' lang='grc' dir='ltr'>μέρους</span> <span class='ocrx_word' id='word_1_452' title='bbox 3225 2561 3332 2613; x_wconf 87' lang='grc' dir='ltr'>τῶν</span> <span class='ocrx_word' id='word_1_453' title='bbox 3358 2560 3671 2629; x_wconf 87' lang='grc' dir='ltr'>συκαμίνων</span> 
     </span>
    </p>
   </div>
   <div class='ocr_carea' id='block_1_54' title="bbox 2109 2652 3671 2728">
    <p class='ocr_par' dir='ltr' id='par_1_54' title="bbox 2109 2652 3671 2728">
     <span class='ocr_line' id='line_1_54' title="bbox 2109 2652 3671 2728; baseline -0.008 -13"><span class='ocrx_word' id='word_1_454' title='bbox 2109 2662 2302 2725; x_wconf 82' lang='grc' dir='ltr'>εἰπεῖν,</span> <span class='ocrx_word' id='word_1_455' title='bbox 2336 2660 2417 2713; x_wconf 84' lang='grc' dir='ltr'>ὅτι</span> <span class='ocrx_word' id='word_1_456' title='bbox 2444 2656 2535 2727; x_wconf 82' lang='grc' dir='ltr'>Τῷ</span> <span class='ocrx_word' id='word_1_457' title='bbox 2555 2657 2739 2728; x_wconf 83' lang='grc' dir='ltr'>νέμειν</span> <span class='ocrx_word' id='word_1_458' title='bbox 2769 2652 2929 2724; x_wconf 72' lang='grc' dir='ltr'>αἶγας</span> <span class='ocrx_word' id='word_1_459' title='bbox 2954 2655 3048 2708; x_wconf 81' lang='grc' dir='ltr'>καὶ</span> <span class='ocrx_word' id='word_1_460' title='bbox 3092 2655 3356 2724; x_wconf 87' lang='grc' dir='ltr'>γεωργεῖν</span> <span class='ocrx_word' id='word_1_461' title='bbox 3383 2653 3671 2723; x_wconf 83' lang='grc' dir='ltr'>προσανεῖ-</span> 
     </span>
    </p>
   </div>
   <div class='ocr_carea' id='block_1_55' title="bbox 2107 2741 3669 2820">
    <p class='ocr_par' dir='ltr' id='par_1_55' title="bbox 2107 2741 3669 2820">
     <span class='ocr_line' id='line_1_55' title="bbox 2107 2741 3669 2820; baseline -0.006 -17"><span class='ocrx_word' id='word_1_462' title='bbox 2107 2767 2199 2820; x_wconf 88' lang='grc' dir='ltr'>χον</span> <span class='ocrx_word' id='word_1_463' title='bbox 2227 2749 2333 2803; x_wconf 89' lang='grc' dir='ltr'>ἀεί.</span> <span class='ocrx_word' id='word_1_464' title='bbox 2381 2747 2539 2801; x_wconf 82' lang='grc' dir='ltr'>Ἀλλά</span> <span class='ocrx_word' id='word_1_465' title='bbox 2569 2764 2635 2817; x_wconf 87' lang='grc' dir='ltr'>με</span> <span class='ocrx_word' id='word_1_466' title='bbox 2667 2746 2775 2800; x_wconf 87' lang='grc' dir='ltr'>τῶν</span> <span class='ocrx_word' id='word_1_467' title='bbox 2804 2745 3107 2816; x_wconf 76' lang='grc' dir='ltr'>προϐάτων,</span> <span class='ocrx_word' id='word_1_468' title='bbox 3131 2745 3315 2813; x_wconf 69' lang='grc' dir='ltr'>φησιν,</span> <span class='ocrx_word' id='word_1_469' title='bbox 3341 2741 3669 2805; x_wconf 70' lang='grc' dir='ltr'>ἀποσπάσας</span> 
     </span>
    </p>
   </div>
   <div class='ocr_carea' id='block_1_56' title="bbox 2107 2828 3670 2909">
    <p class='ocr_par' dir='ltr' id='par_1_56' title="bbox 2107 2828 3670 2909">
     <span class='ocr_line' id='line_1_56' title="bbox 2107 2828 3670 2909; baseline -0.004 -16"><span class='ocrx_word' id='word_1_470' title='bbox 2107 2843 2135 2893; x_wconf 79' lang='grc' dir='ltr'>ὁ</span> <span class='ocrx_word' id='word_1_471' title='bbox 2156 2840 2284 2903; x_wconf 82' lang='grc' dir='ltr'>Θεὸς</span> <span class='ocrx_word' id='word_1_472' title='bbox 2315 2838 2407 2907; x_wconf 84' lang='grc' dir='ltr'>(ὡς</span> <span class='ocrx_word' id='word_1_473' title='bbox 2434 2837 2585 2909; x_wconf 82' lang='grc' dir='ltr'>δῆλον</span> <span class='ocrx_word' id='word_1_474' title='bbox 2605 2832 2741 2890; x_wconf 79' lang='grc' dir='ltr'>εῖναι</span> <span class='ocrx_word' id='word_1_475' title='bbox 2767 2837 2849 2890; x_wconf 80' lang='grc' dir='ltr'>ὅτι</span> <span class='ocrx_word' id='word_1_476' title='bbox 2888 2834 2967 2897; x_wconf 82' lang='grc' dir='ltr'>τὸ,</span> <span class='ocrx_word' id='word_1_477' title='bbox 2996 2853 3014 2885; x_wconf 86' lang='grc' dir='ltr'>ι</span> <span class='ocrx_word' id='word_1_478' title='bbox 3054 2834 3293 2897; x_wconf 83' lang='grc' dir='ltr'>αἰπόλος,</span> <span class='ocrx_word' id='word_1_479' title='bbox 3326 2852 3344 2884; x_wconf 76' lang='grc' dir='ltr'>ι</span> <span class='ocrx_word' id='word_1_480' title='bbox 3385 2828 3555 2896; x_wconf 73' lang='grc' dir='ltr'>εἶπεν,</span> <span class='ocrx_word' id='word_1_481' title='bbox 3589 2834 3670 2896; x_wconf 83' lang='grc' dir='ltr'>ὡς</span> 
     </span>
    </p>
   </div>
   <div class='ocr_carea' id='block_1_57' title="bbox 2109 2922 3668 2998">
    <p class='ocr_par' dir='ltr' id='par_1_57' title="bbox 2109 2922 3668 2998">
     <span class='ocr_line' id='line_1_57' title="bbox 2109 2922 3668 2998; baseline -0.006 -13"><span class='ocrx_word' id='word_1_482' title='bbox 2109 2933 2174 2985; x_wconf 82' lang='grc' dir='ltr'>ἂν</span> <span class='ocrx_word' id='word_1_483' title='bbox 2197 2930 2336 2984; x_wconf 84' lang='grc' dir='ltr'>κατά</span> <span class='ocrx_word' id='word_1_484' title='bbox 2356 2930 2547 2983; x_wconf 84' lang='grc' dir='ltr'>ταυτὸν</span> <span class='ocrx_word' id='word_1_485' title='bbox 2584 2930 2676 2983; x_wconf 68' lang='grc' dir='ltr'>καὶ</span> <span class='ocrx_word' id='word_1_486' title='bbox 2697 2922 2856 2996; x_wconf 77' lang='grc' dir='ltr'>αἶγας</span> <span class='ocrx_word' id='word_1_487' title='bbox 2879 2924 2972 2980; x_wconf 71' lang='grc' dir='ltr'>καὶ</span> <span class='ocrx_word' id='word_1_488' title='bbox 3008 2925 3254 2998; x_wconf 78' lang='grc' dir='ltr'>πρόσατα</span> <span class='ocrx_word' id='word_1_489' title='bbox 3278 2925 3501 2995; x_wconf 81' lang='grc' dir='ltr'>νέμων),</span> <span class='ocrx_word' id='word_1_490' title='bbox 3526 2940 3668 2993; x_wconf 83' lang='grc' dir='ltr'>προ-</span> 
     </span>
    </p>
   </div>
   <div class='ocr_carea' id='block_1_58' title="bbox 2110 3014 3671 3089">
    <p class='ocr_par' dir='ltr' id='par_1_58' title="bbox 2110 3014 3671 3089">
     <span class='ocr_line' id='line_1_58' title="bbox 2110 3014 3671 3089; baseline -0.005 -16"><span class='ocrx_word' id='word_1_491' title='bbox 2110 3020 2361 3089; x_wconf 77' lang='grc' dir='ltr'>φητεύειν</span> <span class='ocrx_word' id='word_1_492' title='bbox 2414 3019 2661 3073; x_wconf 84' lang='grc' dir='ltr'>ἐκέλευσε</span> <span class='ocrx_word' id='word_1_493' title='bbox 2709 3018 2803 3071; x_wconf 76' lang='grc' dir='ltr'>καὶ</span> <span class='ocrx_word' id='word_1_494' title='bbox 2850 3016 3074 3087; x_wconf 75' lang='grc' dir='ltr'>μηνύειν</span> <span class='ocrx_word' id='word_1_495' title='bbox 3106 3014 3275 3069; x_wconf 74' lang='grc' dir='ltr'>ἅπασι</span> <span class='ocrx_word' id='word_1_496' title='bbox 3309 3014 3380 3067; x_wconf 75' lang='grc' dir='ltr'>τά</span> <span class='ocrx_word' id='word_1_497' title='bbox 3405 3015 3531 3084; x_wconf 80' lang='grc' dir='ltr'>περὶ</span> <span class='ocrx_word' id='word_1_498' title='bbox 3572 3014 3671 3065; x_wconf 82' lang='grc' dir='ltr'>τὸν</span> 
     </span>
    </p>
   </div>
   <div class='ocr_carea' id='block_1_59' title="bbox 454 3102 2007 3182">
    <p class='ocr_par' dir='ltr' id='par_1_59' title="bbox 454 3103 2007 3176">
     <span class='ocr_line' id='line_1_59' title="bbox 454 3103 2007 3176; baseline 0.011 -23"><span class='ocrx_word' id='word_1_499' title='bbox 454 3103 646 3155; x_wconf 85' lang='lat' dir='ltr'><strong>virium</strong></span> <span class='ocrx_word' id='word_1_500' title='bbox 684 3112 743 3157; x_wconf 90' lang='lat' dir='ltr'>ut</span> <span class='ocrx_word' id='word_1_501' title='bbox 787 3105 1005 3171; x_wconf 87' lang='lat' dir='ltr'><strong>scirem,</strong></span> <span class='ocrx_word' id='word_1_502' title='bbox 1043 3108 1136 3163; x_wconf 89' lang='lat' dir='ltr'>sed</span> <span class='ocrx_word' id='word_1_503' title='bbox 1181 3109 1352 3163; x_wconf 88' lang='lat' dir='ltr'><strong>solius</strong></span> <span class='ocrx_word' id='word_1_504' title='bbox 1394 3110 1642 3167; x_wconf 90' lang='lat' dir='ltr'><strong>docentis</strong></span> <span class='ocrx_word' id='word_1_505' title='bbox 1672 3110 1789 3176; x_wconf 88' lang='lat' dir='ltr'><strong>Dei,</strong></span> <span class='ocrx_word' id='word_1_506' title='bbox 1818 3113 1889 3168; x_wconf 93' lang='lat' dir='ltr'>ob</span> <span class='ocrx_word' id='word_1_507' title='bbox 1914 3114 2007 3169; x_wconf 91' lang='lat' dir='ltr'><strong>de-</strong></span> 
     </span>
    </p>
   </div>
   <div class='ocr_carea' id='block_1_60' title="bbox 2106 3102 3672 3182">
    <p class='ocr_par' dir='ltr' id='par_1_60' title="bbox 2111 3103 3672 3182">
     <span class='ocr_line' id='line_1_60' title="bbox 2111 3103 3672 3182; baseline -0.004 -18"><span class='ocrx_word' id='word_1_508' title='bbox 2111 3112 2238 3166; x_wconf 84' lang='grc' dir='ltr'>λαὸν</span> <span class='ocrx_word' id='word_1_509' title='bbox 2261 3112 2490 3182; x_wconf 80' lang='grc' dir='ltr'>ἐσόμενα</span> <span class='ocrx_word' id='word_1_510' title='bbox 2524 3113 2651 3181; x_wconf 78' lang='grc' dir='ltr'>παρ’</span> <span class='ocrx_word' id='word_1_511' title='bbox 2676 3109 2838 3163; x_wconf 82' lang='grc' dir='ltr'>αὑτοῦ</span> <span class='ocrx_word' id='word_1_512' title='bbox 2860 3126 2873 3139; x_wconf 89' lang='grc'><strong>·</strong></span> <span class='ocrx_word' id='word_1_513' title='bbox 2907 3108 3050 3179; x_wconf 83' lang='grc' dir='ltr'>άπερ</span> <span class='ocrx_word' id='word_1_514' title='bbox 3072 3109 3171 3161; x_wconf 76' lang='grc' dir='ltr'>οὐκ</span> <span class='ocrx_word' id='word_1_515' title='bbox 3199 3108 3327 3178; x_wconf 85' lang='grc' dir='ltr'>ἐμὸν</span> <span class='ocrx_word' id='word_1_516' title='bbox 3353 3103 3420 3177; x_wconf 73' lang='grc' dir='ltr'>ἦν</span> <span class='ocrx_word' id='word_1_517' title='bbox 3447 3105 3672 3169; x_wconf 82' lang='grc' dir='ltr'>εἰδέναι,</span> 
     </span>
    </p>
   </div>
   <div class='ocr_carea' id='block_1_61' title="bbox 451 3196 2007 3272">
    <p class='ocr_par' dir='ltr' id='par_1_61' title="bbox 451 3196 2007 3272">
     <span class='ocr_line' id='line_1_61' title="bbox 451 3196 2007 3272; baseline 0.01 -28"><span class='ocrx_word' id='word_1_518' title='bbox 451 3196 859 3250; x_wconf 88' lang='lat' dir='ltr'><strong>monstrandam</strong></span> <span class='ocrx_word' id='word_1_519' title='bbox 906 3202 1249 3254; x_wconf 89' lang='lat' dir='ltr'><strong>oraculorum</strong></span> <span class='ocrx_word' id='word_1_520' title='bbox 1297 3202 1601 3258; x_wconf 87' lang='lat' dir='ltr'><strong>veritatem.</strong></span> <span class='ocrx_word' id='word_1_521' title='bbox 1657 3202 1814 3260; x_wconf 85' lang='lat' dir='ltr'><strong>Nunc</strong></span> <span class='ocrx_word' id='word_1_522' title='bbox 1857 3205 2007 3272; x_wconf 83' lang='lat' dir='ltr'><strong>audi,</strong></span> 
     </span>
    </p>
   </div>
   <div class='ocr_carea' id='block_1_62' title="bbox 448 3285 2009 3361">
    <p class='ocr_par' dir='ltr' id='par_1_62' title="bbox 448 3285 2009 3361">
     <span class='ocr_line' id='line_1_62' title="bbox 448 3285 2009 3361; baseline 0.012 -27"><span class='ocrx_word' id='word_1_523' title='bbox 448 3299 569 3351; x_wconf 75' lang='lat' dir='ltr'><strong>qua:</strong></span> <span class='ocrx_word' id='word_1_524' title='bbox 604 3285 670 3338; x_wconf 89' lang='lat' dir='ltr'>ad</span> <span class='ocrx_word' id='word_1_525' title='bbox 718 3294 772 3341; x_wconf 93' lang='lat' dir='ltr'>te</span> <span class='ocrx_word' id='word_1_526' title='bbox 820 3289 1081 3357; x_wconf 85' lang='lat' dir='ltr'><strong>attinent;</strong></span> <span class='ocrx_word' id='word_1_527' title='bbox 1117 3300 1174 3345; x_wconf 91' lang='lat' dir='ltr'>tu</span> <span class='ocrx_word' id='word_1_528' title='bbox 1208 3292 1428 3361; x_wconf 84' lang='lat' dir='ltr'><strong>quidem</strong></span> <span class='ocrx_word' id='word_1_529' title='bbox 1461 3293 1594 3348; x_wconf 89' lang='lat' dir='ltr'><strong>mihi</strong></span> <span class='ocrx_word' id='word_1_530' title='bbox 1637 3295 1863 3351; x_wconf 89' lang='lat' dir='ltr'><strong>mandas</strong></span> <span class='ocrx_word' id='word_1_531' title='bbox 1890 3305 1947 3350; x_wconf 93' lang='lat' dir='ltr'>ut</span> <span class='ocrx_word' id='word_1_532' title='bbox 1976 3314 2009 3353; x_wconf 87' lang='lat' dir='ltr'>a</span> 
     </span>
    </p>
   </div>
   <div class='ocr_carea' id='block_1_63' title="bbox 450 3374 2007 3456">
    <p class='ocr_par' dir='ltr' id='par_1_63' title="bbox 450 3374 2007 3456">
     <span class='ocr_line' id='line_1_63' title="bbox 450 3374 2007 3456; baseline 0.012 -32"><span class='ocrx_word' id='word_1_533' title='bbox 450 3374 823 3444; x_wconf 82' lang='lat' dir='ltr'><strong>prophclando</strong></span> <span class='ocrx_word' id='word_1_534' title='bbox 862 3379 945 3434; x_wconf 87' lang='lat' dir='ltr'>his</span> <span class='ocrx_word' id='word_1_535' title='bbox 977 3380 1031 3434; x_wconf 91' lang='lat' dir='ltr'>in</span> <span class='ocrx_word' id='word_1_536' title='bbox 1065 3382 1199 3438; x_wconf 85' lang='lat' dir='ltr'><strong>locis</strong></span> <span class='ocrx_word' id='word_1_537' title='bbox 1231 3384 1558 3449; x_wconf 88' lang='lat' dir='ltr'><strong>abstineam,</strong></span> <span class='ocrx_word' id='word_1_538' title='bbox 1596 3400 1664 3439; x_wconf 92' lang='lat' dir='ltr'>ne</span> <span class='ocrx_word' id='word_1_539' title='bbox 1696 3386 1903 3456; x_wconf 88' lang='lat' dir='ltr'><strong>plebem</strong></span> <span class='ocrx_word' id='word_1_540' title='bbox 1938 3386 2007 3442; x_wconf 90' lang='lat' dir='ltr'>ad</span> 
     </span>
    </p>
   </div>
   <div class='ocr_carea' id='block_1_64' title="bbox 449 3465 2008 3548">
    <p class='ocr_par' dir='ltr' id='par_1_64' title="bbox 449 3465 2008 3548">
     <span class='ocr_line' id='line_1_64' title="bbox 449 3465 2008 3548; baseline 0.013 -32"><span class='ocrx_word' id='word_1_541' title='bbox 449 3465 548 3520; x_wconf 81' lang='lat' dir='ltr'>has</span> <span class='ocrx_word' id='word_1_542' title='bbox 576 3466 870 3524; x_wconf 89' lang='lat' dir='ltr'><strong>audiendas</strong></span> <span class='ocrx_word' id='word_1_543' title='bbox 894 3470 1171 3529; x_wconf 84' lang='lat' dir='ltr'><strong>doctrinas</strong></span> <span class='ocrx_word' id='word_1_544' title='bbox 1209 3490 1553 3548; x_wconf 86' lang='lat' dir='ltr'><strong>congregem.</strong></span> <span class='ocrx_word' id='word_1_545' title='bbox 1589 3477 1695 3533; x_wconf 89' lang='lat' dir='ltr'><strong>Sed</strong></span> <span class='ocrx_word' id='word_1_546' title='bbox 1734 3479 1881 3534; x_wconf 87' lang='lat' dir='ltr'><strong>scias</strong></span> <span class='ocrx_word' id='word_1_547' title='bbox 1914 3496 2008 3535; x_wconf 86' lang='lat' dir='ltr'><strong>ve-</strong></span> 
     </span>
    </p>
   </div>
   <div class='ocr_carea' id='block_1_65' title="bbox 449 3557 2008 3626">
    <p class='ocr_par' dir='ltr' id='par_1_65' title="bbox 449 3557 2008 3626">
     <span class='ocr_line' id='line_1_65' title="bbox 449 3557 2008 3626; baseline 0.011 -17"><span class='ocrx_word' id='word_1_548' title='bbox 449 3557 563 3622; x_wconf 89' lang='lat' dir='ltr'><strong>lim,</strong></span> <span class='ocrx_word' id='word_1_549' title='bbox 593 3570 786 3615; x_wconf 88' lang='lat' dir='ltr'><strong>cuncta</strong></span> <span class='ocrx_word' id='word_1_550' title='bbox 821 3575 857 3621; x_wconf 85' lang='lat' dir='ltr'>a</span> <span class='ocrx_word' id='word_1_551' title='bbox 900 3579 984 3619; x_wconf 90' lang='lat' dir='ltr'>me</span> <span class='ocrx_word' id='word_1_552' title='bbox 1027 3564 1172 3618; x_wconf 87' lang='lat' dir='ltr'><strong>dicta</strong></span> <span class='ocrx_word' id='word_1_553' title='bbox 1216 3568 1420 3622; x_wconf 81' lang='lat' dir='ltr'><strong>exitum</strong></span> <span class='ocrx_word' id='word_1_554' title='bbox 1470 3568 1743 3624; x_wconf 85' lang='lat' dir='ltr'><strong>habitura.</strong></span> <span class='ocrx_word' id='word_1_555' title='bbox 1775 3569 2008 3626; x_wconf 82' lang='lat' dir='ltr'><strong>Venicnt</strong></span> 
     </span>
    </p>
   </div>
   <div class='ocr_carea' id='block_1_66' title="bbox 449 3648 2004 3733">
    <p class='ocr_par' dir='ltr' id='par_1_66' title="bbox 449 3648 2004 3733">
     <span class='ocr_line' id='line_1_66' title="bbox 449 3648 2004 3733; baseline 0.013 -33"><span class='ocrx_word' id='word_1_556' title='bbox 449 3648 654 3712; x_wconf 81' lang='lat' dir='ltr'><strong>Itosles.</strong></span> <span class='ocrx_word' id='word_1_557' title='bbox 684 3652 775 3722; x_wconf 92' lang='lat' dir='ltr'>qui</span> <span class='ocrx_word' id='word_1_558' title='bbox 803 3664 995 3723; x_wconf 80' lang='lat' dir='ltr'><strong>pra-ter</strong></span> <span class='ocrx_word' id='word_1_559' title='bbox 1029 3657 1201 3711; x_wconf 89' lang='lat' dir='ltr'><strong>multa</strong></span> <span class='ocrx_word' id='word_1_560' title='bbox 1240 3659 1346 3712; x_wconf 88' lang='lat' dir='ltr'><strong>alia</strong></span> <span class='ocrx_word' id='word_1_561' title='bbox 1379 3675 1499 3730; x_wconf 66' lang='lat' dir='ltr'><strong>qua:</strong></span> <span class='ocrx_word' id='word_1_562' title='bbox 1529 3664 1824 3733; x_wconf 80' lang='lat' dir='ltr'><strong>patrabunt</strong></span> <span class='ocrx_word' id='word_1_563' title='bbox 1842 3666 2004 3729; x_wconf 86' lang='lat' dir='ltr'><strong>mala,</strong></span> 
     </span>
    </p>
   </div>
   <div class='ocr_carea' id='block_1_67' title="bbox 450 3744 2006 3820">
    <p class='ocr_par' dir='ltr' id='par_1_67' title="bbox 450 3744 2006 3820">
     <span class='ocr_line' id='line_1_67' title="bbox 450 3744 2006 3820; baseline 0.012 -28"><span class='ocrx_word' id='word_1_564' title='bbox 450 3750 538 3794; x_wconf 90' lang='lat' dir='ltr'>tua</span> <span class='ocrx_word' id='word_1_565' title='bbox 561 3758 776 3814; x_wconf 85' lang='lat' dir='ltr'><strong>quoque</strong></span> <span class='ocrx_word' id='word_1_566' title='bbox 809 3744 1100 3802; x_wconf 86' lang='lat' dir='ltr'><strong>abutentur</strong></span> <span class='ocrx_word' id='word_1_567' title='bbox 1128 3764 1298 3805; x_wconf 78' lang='lat' dir='ltr'><strong>uxore</strong></span> <span class='ocrx_word' id='word_1_568' title='bbox 1345 3752 1399 3806; x_wconf 91' lang='lat' dir='ltr'>in</span> <span class='ocrx_word' id='word_1_569' title='bbox 1429 3752 1605 3808; x_wconf 86' lang='lat' dir='ltr'><strong>media</strong></span> <span class='ocrx_word' id='word_1_570' title='bbox 1642 3754 1798 3820; x_wconf 89' lang='lat' dir='ltr'><strong>urbe,</strong></span> <span class='ocrx_word' id='word_1_571' title='bbox 1846 3756 2006 3811; x_wconf 83' lang='lat' dir='ltr'><strong>inho-</strong></span> 
     </span>
    </p>
   </div>
   <div class='ocr_carea' id='block_1_68' title="bbox 447 3837 2008 3913">
    <p class='ocr_par' dir='ltr' id='par_1_68' title="bbox 447 3837 2008 3913">
     <span class='ocr_line' id='line_1_68' title="bbox 447 3837 2008 3913; baseline 0.012 -29"><span class='ocrx_word' id='word_1_572' title='bbox 447 3841 600 3911; x_wconf 73' lang='lat' dir='ltr'><strong>neste</strong></span> <span class='ocrx_word' id='word_1_573' title='bbox 649 3849 767 3888; x_wconf 90' lang='lat' dir='ltr'>eam</span> <span class='ocrx_word' id='word_1_574' title='bbox 810 3837 1078 3894; x_wconf 71' lang='lat' dir='ltr'><strong>violantes</strong></span> <span class='ocrx_word' id='word_1_575' title='bbox 1123 3857 1136 3893; x_wconf 88' lang='lat'><strong>:</strong></span> <span class='ocrx_word' id='word_1_576' title='bbox 1180 3841 1291 3895; x_wconf 89' lang='lat' dir='ltr'><strong>nati</strong></span> <span class='ocrx_word' id='word_1_577' title='bbox 1345 3845 1421 3896; x_wconf 92' lang='lat' dir='ltr'>tui</span> <span class='ocrx_word' id='word_1_578' title='bbox 1470 3845 1789 3901; x_wconf 89' lang='lat' dir='ltr'><strong>occidentur</strong></span> <span class='ocrx_word' id='word_1_579' title='bbox 1818 3861 2008 3913; x_wconf 81' lang='lat' dir='ltr'><strong>omnes</strong></span> 
     </span>
    </p>
   </div>
   <div class='ocr_carea' id='block_1_69' title="bbox 447 3921 2007 4007">
    <p class='ocr_par' dir='ltr' id='par_1_69' title="bbox 447 3921 2007 4007">
     <span class='ocr_line' id='line_1_69' title="bbox 447 3921 2007 4007; baseline 0.015 -38"><span class='ocrx_word' id='word_1_580' title='bbox 447 3934 571 3972; x_wconf 86' lang='lat' dir='ltr'>cum</span> <span class='ocrx_word' id='word_1_581' title='bbox 613 3921 731 3976; x_wconf 89' lang='lat' dir='ltr'><strong>aliis</strong></span> <span class='ocrx_word' id='word_1_582' title='bbox 761 3924 851 3993; x_wconf 81' lang='lat' dir='ltr'>qui</span> <span class='ocrx_word' id='word_1_583' title='bbox 907 3926 1024 3980; x_wconf 90' lang='lat' dir='ltr'><strong>loca</strong></span> <span class='ocrx_word' id='word_1_584' title='bbox 1067 3928 1172 3982; x_wconf 89' lang='lat' dir='ltr'><strong>ista</strong></span> <span class='ocrx_word' id='word_1_585' title='bbox 1226 3935 1533 3999; x_wconf 84' lang='lat' dir='ltr'><strong>possessuri</strong></span> <span class='ocrx_word' id='word_1_586' title='bbox 1566 3942 1715 3989; x_wconf 88' lang='lat' dir='ltr'><strong>sunt.</strong></span> <span class='ocrx_word' id='word_1_587' title='bbox 1755 3954 1774 3988; x_wconf 82' lang='grc' dir='ltr'>ι</span> <span class='ocrx_word' id='word_1_588' title='bbox 1815 3934 2007 4007; x_wconf 86' lang='lat' dir='ltr'><strong>Tuque</strong></span> 
     </span>
    </p>
   </div>
   <div class='ocr_carea' id='block_1_70' title="bbox 448 4010 2007 4094">
    <p class='ocr_par' dir='ltr' id='par_1_70' title="bbox 448 4010 2007 4094">
     <span class='ocr_line' id='line_1_70' title="bbox 448 4010 2007 4094; baseline 0.013 -32"><span class='ocrx_word' id='word_1_589' title='bbox 448 4010 503 4063; x_wconf 90' lang='lat' dir='ltr'>in</span> <span class='ocrx_word' id='word_1_590' title='bbox 540 4021 686 4065; x_wconf 69' lang='lat' dir='ltr'><strong>terra</strong></span> <span class='ocrx_word' id='word_1_591' title='bbox 732 4013 1007 4069; x_wconf 89' lang='lat' dir='ltr'><strong>immunda</strong></span> <span class='ocrx_word' id='word_1_592' title='bbox 1051 4020 1325 4076; x_wconf 90' lang='lat' dir='ltr'><strong>morieris.</strong></span> <span class='ocrx_word' id='word_1_593' title='bbox 1386 4041 1405 4075; x_wconf 75' lang='grc' dir='ltr'>ι</span> <span class='ocrx_word' id='word_1_594' title='bbox 1462 4022 1544 4076; x_wconf 85' lang='lat' dir='ltr'><strong>Tu</strong></span> <span class='ocrx_word' id='word_1_595' title='bbox 1596 4024 1711 4094; x_wconf 85' lang='lat' dir='ltr'><strong>ipse</strong></span> <span class='ocrx_word' id='word_1_596' title='bbox 1753 4027 2007 4082; x_wconf 88' lang='lat' dir='ltr'><strong>morieris</strong></span> 
     </span>
    </p>
   </div>
   <div class='ocr_carea' id='block_1_71' title="bbox 447 4101 2007 4186">
    <p class='ocr_par' dir='ltr' id='par_1_71' title="bbox 447 4101 2007 4186">
     <span class='ocr_line' id='line_1_71' title="bbox 447 4101 2007 4186; baseline 0.013 -33"><span class='ocrx_word' id='word_1_597' title='bbox 447 4101 589 4170; x_wconf 86' lang='lat' dir='ltr'><strong>apud</strong></span> <span class='ocrx_word' id='word_1_598' title='bbox 617 4111 905 4161; x_wconf 78' lang='lat' dir='ltr'><strong>extraneos</strong></span> <span class='ocrx_word' id='word_1_599' title='bbox 942 4108 1193 4165; x_wconf 88' lang='lat' dir='ltr'><strong>homines</strong></span> <span class='ocrx_word' id='word_1_600' title='bbox 1234 4119 1289 4167; x_wconf 90' lang='lat' dir='ltr'>et</span> <span class='ocrx_word' id='word_1_601' title='bbox 1336 4114 1599 4170; x_wconf 89' lang='lat' dir='ltr'><strong>scelestos</strong></span> <span class='ocrx_word' id='word_1_602' title='bbox 1642 4116 1718 4186; x_wconf 90' lang='lat' dir='ltr'><strong>(id</strong></span> <span class='ocrx_word' id='word_1_603' title='bbox 1745 4118 1888 4173; x_wconf 89' lang='lat' dir='ltr'><strong>enim</strong></span> <span class='ocrx_word' id='word_1_604' title='bbox 1921 4133 2007 4173; x_wconf 57' lang='lat' dir='ltr'>vae</span> 
     </span>
    </p>
   </div>
   <div class='ocr_carea' id='block_1_72' title="bbox 449 4193 2007 4276">
    <p class='ocr_par' dir='ltr' id='par_1_72' title="bbox 449 4193 2007 4276">
     <span class='ocr_line' id='line_1_72' title="bbox 449 4193 2007 4276; baseline 0.013 -30"><span class='ocrx_word' id='word_1_605' title='bbox 449 4193 556 4247; x_wconf 85' lang='lat' dir='ltr'><strong>lent</strong></span> <span class='ocrx_word' id='word_1_606' title='bbox 583 4195 768 4259; x_wconf 85' lang='lat' dir='ltr'><strong>verba,</strong></span> <span class='ocrx_word' id='word_1_607' title='bbox 814 4196 870 4251; x_wconf 91' lang='lat' dir='ltr'>in</span> <span class='ocrx_word' id='word_1_608' title='bbox 914 4205 1059 4253; x_wconf 92' lang='lat' dir='ltr'><strong>terra</strong></span> <span class='ocrx_word' id='word_1_609' title='bbox 1092 4202 1416 4272; x_wconf 84' lang='lat' dir='ltr'><strong>immunda),</strong></span> <span class='ocrx_word' id='word_1_610' title='bbox 1453 4205 1520 4259; x_wconf 88' lang='lat' dir='ltr'>ad</span> <span class='ocrx_word' id='word_1_611' title='bbox 1561 4222 1699 4276; x_wconf 88' lang='lat' dir='ltr'><strong>quos</strong></span> <span class='ocrx_word' id='word_1_612' title='bbox 1722 4223 1845 4262; x_wconf 89' lang='lat' dir='ltr'>cum</span> <span class='ocrx_word' id='word_1_613' title='bbox 1880 4211 2007 4265; x_wconf 84' lang='lat' dir='ltr'><strong>reli-</strong></span> 
     </span>
    </p>
   </div>
   <div class='ocr_carea' id='block_1_73' title="bbox 446 4285 2005 4363">
    <p class='ocr_par' dir='ltr' id='par_1_73' title="bbox 446 4285 2005 4363">
     <span class='ocr_line' id='line_1_73' title="bbox 446 4285 2005 4363; baseline 0.012 -27"><span class='ocrx_word' id='word_1_614' title='bbox 446 4285 568 4353; x_wconf 89' lang='lat' dir='ltr'><strong>quis</strong></span> <span class='ocrx_word' id='word_1_615' title='bbox 596 4288 847 4344; x_wconf 83' lang='lat' dir='ltr'><strong>omnibus</strong></span> <span class='ocrx_word' id='word_1_616' title='bbox 886 4291 1134 4361; x_wconf 85' lang='lat' dir='ltr'><strong>captivus</strong></span> <span class='ocrx_word' id='word_1_617' title='bbox 1160 4292 1399 4350; x_wconf 88' lang='lat' dir='ltr'><strong>duceris.</strong></span> <span class='ocrx_word' id='word_1_618' title='bbox 1448 4294 1543 4350; x_wconf 77' lang='lat' dir='ltr'><strong>liis</strong></span> <span class='ocrx_word' id='word_1_619' title='bbox 1578 4296 1764 4363; x_wconf 90' lang='lat' dir='ltr'><strong>dictis,</strong></span> <span class='ocrx_word' id='word_1_620' title='bbox 1794 4301 2005 4355; x_wconf 83' lang='lat' dir='ltr'><strong>revela-</strong></span> 
     </span>
    </p>
   </div>
   <div class='ocr_carea' id='block_1_74' title="bbox 445 4380 1901 4460">
    <p class='ocr_par' dir='ltr' id='par_1_74' title="bbox 445 4380 1901 4460">
     <span class='ocr_line' id='line_1_74' title="bbox 445 4380 1901 4460; baseline 0.012 -33"><span class='ocrx_word' id='word_1_621' title='bbox 445 4380 644 4432; x_wconf 76' lang='lat' dir='ltr'><strong>tionem</strong></span> <span class='ocrx_word' id='word_1_622' title='bbox 674 4396 888 4452; x_wconf 87' lang='lat' dir='ltr'><strong>quoque</strong></span> <span class='ocrx_word' id='word_1_623' title='bbox 908 4382 994 4438; x_wconf 89' lang='lat' dir='ltr'>his</span> <span class='ocrx_word' id='word_1_624' title='bbox 1018 4385 1086 4439; x_wconf 89' lang='lat' dir='ltr'>de</span> <span class='ocrx_word' id='word_1_625' title='bbox 1109 4384 1267 4440; x_wconf 87' lang='lat' dir='ltr'><strong>rebus</strong></span> <span class='ocrx_word' id='word_1_626' title='bbox 1294 4398 1568 4455; x_wconf 86' lang='lat' dir='ltr'><strong>acceptam</strong></span> <span class='ocrx_word' id='word_1_627' title='bbox 1597 4389 1901 4460; x_wconf 90' lang='lat' dir='ltr'><strong>subjungit.</strong></span> 
     </span>
    </p>
   </div>
   <div class='ocr_carea' id='block_1_75' title="bbox 2106 3196 3673 3271">
    <p class='ocr_par' dir='ltr' id='par_1_75' title="bbox 2106 3196 3673 3271">
     <span class='ocr_line' id='line_1_75' title="bbox 2106 3196 3673 3271; baseline -0.006 -12"><span class='ocrx_word' id='word_1_628' title='bbox 2106 3205 2241 3259; x_wconf 85' lang='grc' dir='ltr'>ἀλλά</span> <span class='ocrx_word' id='word_1_629' title='bbox 2293 3204 2386 3258; x_wconf 81' lang='grc' dir='ltr'>τοῦ</span> <span class='ocrx_word' id='word_1_630' title='bbox 2425 3202 2762 3265; x_wconf 85' lang='grc' dir='ltr'>διδάσκοντος</span> <span class='ocrx_word' id='word_1_631' title='bbox 2812 3202 2973 3271; x_wconf 87' lang='grc' dir='ltr'>μόνου</span> <span class='ocrx_word' id='word_1_632' title='bbox 3004 3198 3158 3262; x_wconf 80' lang='grc' dir='ltr'>Θεοῦ,</span> <span class='ocrx_word' id='word_1_633' title='bbox 3189 3202 3267 3261; x_wconf 77' lang='grc' dir='ltr'>εἷς</span> <span class='ocrx_word' id='word_1_634' title='bbox 3300 3215 3363 3266; x_wconf 88' lang='grc' dir='ltr'>γε</span> <span class='ocrx_word' id='word_1_635' title='bbox 3397 3196 3673 3261; x_wconf 67' lang='grc' dir='ltr'>ἀπόδειξιν</span> 
     </span>
    </p>
   </div>
   <div class='ocr_carea' id='block_1_76' title="bbox 2106 3289 3671 3369">
    <p class='ocr_par' dir='ltr' id='par_1_76' title="bbox 2106 3289 3671 3369">
     <span class='ocr_line' id='line_1_76' title="bbox 2106 3289 3671 3369; baseline -0.007 -19"><span class='ocrx_word' id='word_1_636' title='bbox 2106 3299 2202 3369; x_wconf 81' lang='grc' dir='ltr'>τῆς</span> <span class='ocrx_word' id='word_1_637' title='bbox 2218 3297 2325 3349; x_wconf 89' lang='grc' dir='ltr'>τῶν</span> <span class='ocrx_word' id='word_1_638' title='bbox 2349 3294 2651 3368; x_wconf 83' lang='grc' dir='ltr'>εἰρημένων</span> <span class='ocrx_word' id='word_1_639' title='bbox 2680 3292 2955 3362; x_wconf 82' lang='grc' dir='ltr'>ἀληθείας.</span> <span class='ocrx_word' id='word_1_640' title='bbox 2978 3292 3170 3345; x_wconf 76' lang='grc' dir='ltr'>Ἄκουε</span> <span class='ocrx_word' id='word_1_641' title='bbox 3191 3290 3254 3360; x_wconf 78' lang='grc' dir='ltr'>δὴ</span> <span class='ocrx_word' id='word_1_642' title='bbox 3275 3290 3341 3343; x_wconf 76' lang='grc' dir='ltr'>τά</span> <span class='ocrx_word' id='word_1_643' title='bbox 3374 3289 3499 3357; x_wconf 75' lang='grc' dir='ltr'>περὶ</span> <span class='ocrx_word' id='word_1_644' title='bbox 3530 3306 3671 3341; x_wconf 81' lang='grc' dir='ltr'>σαυ-</span> 
     </span>
    </p>
   </div>
   <div class='ocr_carea' id='block_1_77' title="bbox 2105 3380 3672 3456">
    <p class='ocr_par' dir='ltr' id='par_1_77' title="bbox 2105 3380 3672 3456">
     <span class='ocr_line' id='line_1_77' title="bbox 2105 3380 3672 3456; baseline -0.008 -12"><span class='ocrx_word' id='word_1_645' title='bbox 2105 3389 2227 3444; x_wconf 72' lang='grc' dir='ltr'>τοῦ·</span> <span class='ocrx_word' id='word_1_646' title='bbox 2258 3386 2418 3450; x_wconf 76' lang='grc' dir='ltr'>αὐτὸς</span> <span class='ocrx_word' id='word_1_647' title='bbox 2443 3386 2540 3456; x_wconf 82' lang='grc' dir='ltr'>μὲν</span> <span class='ocrx_word' id='word_1_648' title='bbox 2567 3384 2676 3456; x_wconf 84' lang='grc' dir='ltr'>γάρ</span> <span class='ocrx_word' id='word_1_649' title='bbox 2707 3400 2798 3455; x_wconf 92' lang='grc' dir='ltr'>μοι</span> <span class='ocrx_word' id='word_1_650' title='bbox 2826 3381 3064 3444; x_wconf 84' lang='grc' dir='ltr'>κελεύεις</span> <span class='ocrx_word' id='word_1_651' title='bbox 3101 3382 3402 3448; x_wconf 78' lang='grc' dir='ltr'>ἀποστῆναι</span> <span class='ocrx_word' id='word_1_652' title='bbox 3424 3380 3515 3433; x_wconf 81' lang='grc' dir='ltr'>τοῦ</span> <span class='ocrx_word' id='word_1_653' title='bbox 3530 3397 3672 3450; x_wconf 88' lang='grc' dir='ltr'>προ-</span> 
     </span>
    </p>
   </div>
   <div class='ocr_carea' id='block_1_78' title="bbox 2106 3471 3674 3551">
    <p class='ocr_par' dir='ltr' id='par_1_78' title="bbox 2106 3471 3674 3551">
     <span class='ocr_line' id='line_1_78' title="bbox 2106 3471 3674 3551; baseline -0.006 -18"><span class='ocrx_word' id='word_1_654' title='bbox 2106 3478 2357 3551; x_wconf 80' lang='grc' dir='ltr'>φητεύειν</span> <span class='ocrx_word' id='word_1_655' title='bbox 2383 3475 2635 3536; x_wconf 82' lang='grc' dir='ltr'>ἐνταῦθα,</span> <span class='ocrx_word' id='word_1_656' title='bbox 2655 3475 2730 3539; x_wconf 81' lang='grc' dir='ltr'>ὡς</span> <span class='ocrx_word' id='word_1_657' title='bbox 2760 3474 2826 3528; x_wconf 83' lang='grc' dir='ltr'>ἂν</span> <span class='ocrx_word' id='word_1_658' title='bbox 2848 3474 2922 3543; x_wconf 84' lang='grc' dir='ltr'>μὴ</span> <span class='ocrx_word' id='word_1_659' title='bbox 2948 3472 3145 3543; x_wconf 77' lang='grc' dir='ltr'>δήμους</span> <span class='ocrx_word' id='word_1_660' title='bbox 3168 3473 3259 3524; x_wconf 76' lang='grc' dir='ltr'>ἐπὶ</span> <span class='ocrx_word' id='word_1_661' title='bbox 3289 3471 3385 3541; x_wconf 80' lang='grc' dir='ltr'>τὴν</span> <span class='ocrx_word' id='word_1_662' title='bbox 3404 3473 3674 3541; x_wconf 77' lang='grc' dir='ltr'>ἀκρόασιν</span> 
     </span>
    </p>
   </div>
   <div class='ocr_carea' id='block_1_79' title="bbox 2104 3562 3675 3635">
    <p class='ocr_par' dir='ltr' id='par_1_79' title="bbox 2104 3562 3675 3635">
     <span class='ocr_line' id='line_1_79' title="bbox 2104 3562 3675 3635; baseline -0.006 -11"><span class='ocrx_word' id='word_1_663' title='bbox 2104 3571 2213 3624; x_wconf 84' lang='grc' dir='ltr'>τῶν</span> <span class='ocrx_word' id='word_1_664' title='bbox 2238 3568 2490 3623; x_wconf 87' lang='grc' dir='ltr'>τοιούτων</span> <span class='ocrx_word' id='word_1_665' title='bbox 2521 3566 2832 3635; x_wconf 86' lang='grc' dir='ltr'>συλλέγοιμι</span> <span class='ocrx_word' id='word_1_666' title='bbox 2856 3562 3375 3618; x_wconf 85' lang='grc' dir='ltr'>διδασκαλιῶν.¹Ὶσθι</span> <span class='ocrx_word' id='word_1_667' title='bbox 3406 3562 3462 3614; x_wconf 85' lang='grc' dir='ltr'>δὲ</span> <span class='ocrx_word' id='word_1_668' title='bbox 3492 3564 3675 3616; x_wconf 82' lang='grc' dir='ltr'>πάντα</span> 
     </span>
    </p>
   </div>
   <div class='ocr_carea' id='block_1_80' title="bbox 2104 3654 3674 3732">
    <p class='ocr_par' dir='ltr' id='par_1_80' title="bbox 2104 3654 3674 3732">
     <span class='ocr_line' id='line_1_80' title="bbox 2104 3654 3674 3732; baseline -0.004 -19"><span class='ocrx_word' id='word_1_669' title='bbox 2104 3660 2443 3732; x_wconf 82' lang='grc' dir='ltr'>γενησόμενα</span> <span class='ocrx_word' id='word_1_670' title='bbox 2496 3656 2565 3711; x_wconf 76' lang='grc' dir='ltr'>τά</span> <span class='ocrx_word' id='word_1_671' title='bbox 2618 3655 2846 3728; x_wconf 76' lang='grc' dir='ltr'>ρηθέντα</span> <span class='ocrx_word' id='word_1_672' title='bbox 2896 3656 3024 3726; x_wconf 78' lang='grc' dir='ltr'>παρ’</span> <span class='ocrx_word' id='word_1_673' title='bbox 3079 3655 3245 3726; x_wconf 83' lang='grc' dir='ltr'>ἐμοῦ’</span> <span class='ocrx_word' id='word_1_674' title='bbox 3289 3654 3674 3707; x_wconf 82' lang='grc' dir='ltr'>ἐπελεύσονται</span> 
     </span>
    </p>
   </div>
   <div class='ocr_carea' id='block_1_81' title="bbox 2104 3740 3675 3821">
    <p class='ocr_par' dir='ltr' id='par_1_81' title="bbox 2104 3740 3675 3821">
     <span class='ocr_line' id='line_1_81' title="bbox 2104 3740 3675 3821; baseline -0.003 -19"><span class='ocrx_word' id='word_1_675' title='bbox 2104 3750 2213 3821; x_wconf 81' lang='grc' dir='ltr'>γὰρ</span> <span class='ocrx_word' id='word_1_676' title='bbox 2239 3751 2288 3801; x_wconf 84' lang='grc' dir='ltr'>οἱ</span> <span class='ocrx_word' id='word_1_677' title='bbox 2312 3748 2581 3818; x_wconf 84' lang='grc' dir='ltr'>πολέμιοι,</span> <span class='ocrx_word' id='word_1_678' title='bbox 2607 3746 2656 3800; x_wconf 78' lang='grc' dir='ltr'>οἳ</span> <span class='ocrx_word' id='word_1_679' title='bbox 2685 3745 2821 3817; x_wconf 78' lang='grc' dir='ltr'>πρὸς</span> <span class='ocrx_word' id='word_1_680' title='bbox 2842 3744 3054 3807; x_wconf 81' lang='grc' dir='ltr'>πολλοῖς</span> <span class='ocrx_word' id='word_1_681' title='bbox 3070 3746 3273 3816; x_wconf 85' lang='grc' dir='ltr'>ἐτέροις</span> <span class='ocrx_word' id='word_1_682' title='bbox 3291 3740 3371 3808; x_wconf 74' lang='grc' dir='ltr'>οἷς</span> <span class='ocrx_word' id='word_1_683' title='bbox 3384 3746 3675 3815; x_wconf 77' lang='grc' dir='ltr'>ποιήσουσι</span> 
     </span>
    </p>
   </div>
   <div class='ocr_carea' id='block_1_82' title="bbox 2106 3836 3677 3909">
    <p class='ocr_par' dir='ltr' id='par_1_82' title="bbox 2106 3836 3677 3909">
     <span class='ocr_line' id='line_1_82' title="bbox 2106 3836 3677 3909; baseline -0.004 -14"><span class='ocrx_word' id='word_1_684' title='bbox 2106 3844 2314 3906; x_wconf 78' lang='grc' dir='ltr'>κακοῖς,</span> <span class='ocrx_word' id='word_1_685' title='bbox 2339 3840 2432 3894; x_wconf 72' lang='grc' dir='ltr'>καὶ</span> <span class='ocrx_word' id='word_1_686' title='bbox 2458 3842 2523 3909; x_wconf 78' lang='grc' dir='ltr'>τῇ</span> <span class='ocrx_word' id='word_1_687' title='bbox 2560 3839 2626 3909; x_wconf 82' lang='grc' dir='ltr'>σῇ</span> <span class='ocrx_word' id='word_1_688' title='bbox 2683 3837 2900 3905; x_wconf 85' lang='grc' dir='ltr'>γυναικί</span> <span class='ocrx_word' id='word_1_689' title='bbox 2928 3838 3219 3908; x_wconf 80' lang='grc' dir='ltr'>χρήσονται</span> <span class='ocrx_word' id='word_1_690' title='bbox 3255 3836 3395 3909; x_wconf 74' lang='grc' dir='ltr'>μέσῃ</span> <span class='ocrx_word' id='word_1_691' title='bbox 3427 3839 3494 3906; x_wconf 82' lang='grc' dir='ltr'>τῇ</span> <span class='ocrx_word' id='word_1_692' title='bbox 3516 3836 3677 3889; x_wconf 85' lang='grc' dir='ltr'>πόλει</span> 
     </span>
    </p>
   </div>
   <div class='ocr_carea' id='block_1_83' title="bbox 2104 3926 3677 4002">
    <p class='ocr_par' dir='ltr' id='par_1_83' title="bbox 2104 3926 3677 4002">
     <span class='ocr_line' id='line_1_83' title="bbox 2104 3926 3677 4002; baseline -0.007 -14"><span class='ocrx_word' id='word_1_693' title='bbox 2104 3932 2311 4002; x_wconf 86' lang='grc' dir='ltr'>ἀτίμως</span> <span class='ocrx_word' id='word_1_694' title='bbox 2337 3931 2705 4001; x_wconf 70' lang='grc' dir='ltr'>ἐξυϐρίζοντες</span> <span class='ocrx_word' id='word_1_695' title='bbox 2733 3930 2811 3992; x_wconf 86' lang='grc' dir='ltr'>είς</span> <span class='ocrx_word' id='word_1_696' title='bbox 2833 3928 3001 3998; x_wconf 80' lang='grc' dir='ltr'>αὐτήν</span> <span class='ocrx_word' id='word_1_697' title='bbox 3025 3943 3037 3956; x_wconf 82' lang='lat'><strong><em>°</em></strong></span> <span class='ocrx_word' id='word_1_698' title='bbox 3062 3929 3112 3980; x_wconf 84' lang='grc' dir='ltr'>οί</span> <span class='ocrx_word' id='word_1_699' title='bbox 3137 3928 3201 3980; x_wconf 83' lang='grc' dir='ltr'>ἐκ</span> <span class='ocrx_word' id='word_1_700' title='bbox 3232 3926 3324 3981; x_wconf 78' lang='grc' dir='ltr'>σοῦ</span> <span class='ocrx_word' id='word_1_701' title='bbox 3361 3944 3421 3979; x_wconf 84' lang='grc' dir='ltr'>τε</span> <span class='ocrx_word' id='word_1_702' title='bbox 3452 3928 3677 3997; x_wconf 66' lang='grc' dir='ltr'>σφαγή-</span> 
     </span>
    </p>
   </div>
   <div class='ocr_carea' id='block_1_84' title="bbox 2106 4018 3679 4090">
    <p class='ocr_par' dir='ltr' id='par_1_84' title="bbox 2106 4018 3679 4090">
     <span class='ocr_line' id='line_1_84' title="bbox 2106 4018 3679 4090; baseline -0.005 -13"><span class='ocrx_word' id='word_1_703' title='bbox 2106 4041 2287 4078; x_wconf 85' lang='grc' dir='ltr'>σονται</span> <span class='ocrx_word' id='word_1_704' title='bbox 2316 4023 2510 4085; x_wconf 88' lang='grc' dir='ltr'>πάντες</span> <span class='ocrx_word' id='word_1_705' title='bbox 2548 4022 2644 4076; x_wconf 75' lang='grc' dir='ltr'>σὺν</span> <span class='ocrx_word' id='word_1_706' title='bbox 2689 4021 2902 4084; x_wconf 86' lang='grc' dir='ltr'>πολλοῖς</span> <span class='ocrx_word' id='word_1_707' title='bbox 2954 4019 3181 4090; x_wconf 73' lang='grc' dir='ltr'>ἑτέροις,</span> <span class='ocrx_word' id='word_1_708' title='bbox 3218 4020 3252 4088; x_wconf 77' lang='grc' dir='ltr'><strong>ἡ</strong></span> <span class='ocrx_word' id='word_1_709' title='bbox 3290 4018 3568 4089; x_wconf 84' lang='grc' dir='ltr'>προσοῦσά</span> <span class='ocrx_word' id='word_1_710' title='bbox 3607 4020 3679 4071; x_wconf 63' lang='grc' dir='ltr'>ιιι</span> 
     </span>
    </p>
   </div>
   <div class='ocr_carea' id='block_1_85' title="bbox 2105 4112 3680 4188">
    <p class='ocr_par' dir='ltr' id='par_1_85' title="bbox 2105 4112 3680 4188">
     <span class='ocr_line' id='line_1_85' title="bbox 2105 4112 3680 4188; baseline -0.003 -16"><span class='ocrx_word' id='word_1_711' title='bbox 2105 4137 2188 4173; x_wconf 90' lang='grc' dir='ltr'>σοι</span> <span class='ocrx_word' id='word_1_712' title='bbox 2214 4119 2286 4188; x_wconf 81' lang='grc' dir='ltr'>γῆ</span> <span class='ocrx_word' id='word_1_713' title='bbox 2310 4120 2367 4172; x_wconf 82' lang='grc' dir='ltr'>ἐν</span> <span class='ocrx_word' id='word_1_714' title='bbox 2385 4117 2566 4188; x_wconf 86' lang='grc' dir='ltr'>μέτρῳ</span> <span class='ocrx_word' id='word_1_715' title='bbox 2586 4115 3019 4188; x_wconf 85' lang='grc' dir='ltr'>παραδοθήσεται</span> <span class='ocrx_word' id='word_1_716' title='bbox 3044 4114 3250 4184; x_wconf 71' lang='grc' dir='ltr'>ἑτέροις</span> <span class='ocrx_word' id='word_1_717' title='bbox 3280 4116 3394 4176; x_wconf 90' lang='grc' dir='ltr'>τοῖς</span> <span class='ocrx_word' id='word_1_718' title='bbox 3415 4112 3680 4182; x_wconf 78' lang='grc' dir='ltr'>μέλλουσι</span> 
     </span>
    </p>
   </div>
   <div class='ocr_carea' id='block_1_86' title="bbox 2102 4203 3679 4278">
    <p class='ocr_par' dir='ltr' id='par_1_86' title="bbox 2102 4203 3679 4278">
     <span class='ocr_line' id='line_1_86' title="bbox 2102 4203 3679 4278; baseline -0.004 -14"><span class='ocrx_word' id='word_1_719' title='bbox 2102 4212 2170 4264; x_wconf 83' lang='grc' dir='ltr'>τά</span> <span class='ocrx_word' id='word_1_720' title='bbox 2201 4209 2384 4263; x_wconf 86' lang='grc' dir='ltr'>ἐνθάδε</span> <span class='ocrx_word' id='word_1_721' title='bbox 2422 4209 2690 4278; x_wconf 82' lang='grc' dir='ltr'>κατέχειν.</span> <span class='ocrx_word' id='word_1_722' title='bbox 2720 4226 2737 4257; x_wconf 82' lang='grc' dir='ltr'>ι</span> <span class='ocrx_word' id='word_1_723' title='bbox 2772 4206 2880 4259; x_wconf 74' lang='grc' dir='ltr'>Καὶ</span> <span class='ocrx_word' id='word_1_724' title='bbox 2910 4207 2973 4259; x_wconf 84' lang='grc' dir='ltr'>σὺ</span> <span class='ocrx_word' id='word_1_725' title='bbox 2995 4206 3054 4258; x_wconf 87' lang='grc' dir='ltr'>ἐν</span> <span class='ocrx_word' id='word_1_726' title='bbox 3071 4207 3142 4275; x_wconf 75' lang='grc' dir='ltr'>γῇ</span> <span class='ocrx_word' id='word_1_727' title='bbox 3167 4203 3458 4274; x_wconf 82' lang='grc' dir='ltr'>ἀκαθάρτῳ</span> <span class='ocrx_word' id='word_1_728' title='bbox 3480 4203 3679 4257; x_wconf 82' lang='grc' dir='ltr'>τελευ-</span> 
     </span>
    </p>
   </div>
   <div class='ocr_carea' id='block_1_87' title="bbox 2103 4292 3680 4373">
    <p class='ocr_par' dir='ltr' id='par_1_87' title="bbox 2103 4292 3680 4373">
     <span class='ocr_line' id='line_1_87' title="bbox 2103 4292 3680 4373; baseline -0.006 -18"><span class='ocrx_word' id='word_1_729' title='bbox 2103 4305 2304 4373; x_wconf 81' lang='grc' dir='ltr'>τήσεις.</span> <span class='ocrx_word' id='word_1_730' title='bbox 2334 4319 2350 4352; x_wconf 79' lang='grc' dir='ltr'>ι</span> <span class='ocrx_word' id='word_1_731' title='bbox 2385 4299 2737 4369; x_wconf 77' lang='grc' dir='ltr'>Τελευτήσεις</span> <span class='ocrx_word' id='word_1_732' title='bbox 2760 4298 2817 4351; x_wconf 79' lang='grc' dir='ltr'>δὲ</span> <span class='ocrx_word' id='word_1_733' title='bbox 2867 4295 3028 4359; x_wconf 80' lang='grc' dir='ltr'>αὐτὸς</span> <span class='ocrx_word' id='word_1_734' title='bbox 3055 4294 3181 4367; x_wconf 80' lang='grc' dir='ltr'>παρ’</span> <span class='ocrx_word' id='word_1_735' title='bbox 3229 4292 3542 4361; x_wconf 81' lang='grc' dir='ltr'>ἀλλοφύλοις</span> <span class='ocrx_word' id='word_1_736' title='bbox 3571 4294 3680 4346; x_wconf 85' lang='grc' dir='ltr'>άν-</span> 
     </span>
    </p>
   </div>
   <div class='ocr_carea' id='block_1_88' title="bbox 2107 4382 3678 4462">
    <p class='ocr_par' dir='ltr' id='par_1_88' title="bbox 2107 4382 3678 4462">
     <span class='ocr_line' id='line_1_88' title="bbox 2107 4382 3678 4462; baseline -0.004 -18"><span class='ocrx_word' id='word_1_737' title='bbox 2107 4390 2344 4462; x_wconf 83' lang='grc' dir='ltr'>θρὼποις</span> <span class='ocrx_word' id='word_1_738' title='bbox 2404 4391 2480 4459; x_wconf 90' lang='lat' dir='ltr'><strong>(p.</strong></span> <span class='ocrx_word' id='word_1_739' title='bbox 2516 4387 2636 4459; x_wconf 77' lang='lat' dir='ltr'>I98)</span> <span class='ocrx_word' id='word_1_740' title='bbox 2670 4386 2764 4440; x_wconf 72' lang='grc' dir='ltr'>καὶ</span> <span class='ocrx_word' id='word_1_741' title='bbox 2808 4385 3143 4455; x_wconf 77' lang='grc' dir='ltr'>παρανόμοις</span> <span class='ocrx_word' id='word_1_742' title='bbox 3176 4384 3353 4454; x_wconf 81' lang='grc' dir='ltr'>(τοῦτο</span> <span class='ocrx_word' id='word_1_743' title='bbox 3387 4382 3491 4453; x_wconf 77' lang='grc' dir='ltr'>γὰρ</span> <span class='ocrx_word' id='word_1_744' title='bbox 3518 4382 3678 4451; x_wconf 81' lang='grc' dir='ltr'>λέγει</span> 
     </span>
    </p>
   </div>
   <div class='ocr_carea' id='block_1_89' title="bbox 449 4466 3681 4557">
    <p class='ocr_par' dir='ltr' id='par_1_89' title="bbox 449 4466 3681 4557">
     <span class='ocr_line' id='line_1_89' title="bbox 449 4466 3681 4557; baseline 0.005 -41"><span class='ocrx_word' id='word_1_745' title='bbox 449 4466 769 4540; x_wconf 78' lang='grc' dir='ltr'>«ἀκαθάρτῳ</span> <span class='ocrx_word' id='word_1_746' title='bbox 792 4472 865 4544; x_wconf 69' lang='grc' dir='ltr'>ι),</span> <span class='ocrx_word' id='word_1_747' title='bbox 882 4476 960 4539; x_wconf 82' lang='grc' dir='ltr'>εἰς</span> <span class='ocrx_word' id='word_1_748' title='bbox 990 4475 1081 4540; x_wconf 83' lang='grc' dir='ltr'>οὒς</span> <span class='ocrx_word' id='word_1_749' title='bbox 1116 4478 1254 4547; x_wconf 89' lang='grc' dir='ltr'>μετά</span> <span class='ocrx_word' id='word_1_750' title='bbox 1280 4479 1385 4549; x_wconf 86' lang='grc' dir='ltr'>τῶν</span> <span class='ocrx_word' id='word_1_751' title='bbox 1410 4481 1609 4537; x_wconf 84' lang='grc' dir='ltr'>λοιπῶν</span> <span class='ocrx_word' id='word_1_752' title='bbox 1634 4484 1976 4554; x_wconf 77' lang='grc' dir='ltr'>αἰχμάλωτος</span> <span class='ocrx_word' id='word_1_753' title='bbox 1995 4486 2285 4557; x_wconf 78' lang='grc' dir='ltr'>ἀπαχθήσῃ</span> <span class='ocrx_word' id='word_1_754' title='bbox 2312 4484 2526 4540; x_wconf 87' lang='grc' dir='ltr'>πάντων</span> <span class='ocrx_word' id='word_1_755' title='bbox 2544 4499 2559 4514; x_wconf 77' lang='grc' dir='ltr'><strong><em>ο</em></strong></span> <span class='ocrx_word' id='word_1_756' title='bbox 2576 4480 2747 4535; x_wconf 82' lang='grc' dir='ltr'>ταῦτα</span> <span class='ocrx_word' id='word_1_757' title='bbox 2773 4479 3026 4554; x_wconf 85' lang='grc' dir='ltr'>εἰρηκὼς,</span> <span class='ocrx_word' id='word_1_758' title='bbox 3059 4478 3157 4550; x_wconf 83' lang='grc' dir='ltr'>τὴν</span> <span class='ocrx_word' id='word_1_759' title='bbox 3183 4479 3273 4531; x_wconf 74' lang='grc' dir='ltr'>ἐπὶ</span> <span class='ocrx_word' id='word_1_760' title='bbox 3299 4478 3500 4545; x_wconf 86' lang='grc' dir='ltr'>τούτοις</span> <span class='ocrx_word' id='word_1_761' title='bbox 3519 4483 3681 4552; x_wconf 75' lang='grc' dir='ltr'>αύτῴ</span> 
     </span>
    </p>
   </div>
   <div class='ocr_carea' id='block_1_90' title="bbox 440 4557 1340 4637">
    <p class='ocr_par' dir='ltr' id='par_1_90' title="bbox 440 4557 1340 4637">
     <span class='ocr_line' id='line_1_90' title="bbox 440 4557 1340 4637; baseline 0.018 -29"><span class='ocrx_word' id='word_1_762' title='bbox 440 4557 736 4628; x_wconf 81' lang='grc' dir='ltr'>δειχθεῖσαν</span> <span class='ocrx_word' id='word_1_763' title='bbox 771 4565 1104 4636; x_wconf 78' lang='grc' dir='ltr'>ἀποκάλυψιν</span> <span class='ocrx_word' id='word_1_764' title='bbox 1130 4569 1340 4637; x_wconf 84' lang='grc' dir='ltr'>ἐπάγει.</span> 
     </span>
    </p>
   </div>
   <div class='ocr_carea' id='block_1_91' title="bbox 1049 4658 1382 4715">
    <p class='ocr_par' dir='ltr' id='par_1_91' title="bbox 1049 4658 1382 4715">
     <span class='ocr_line' id='line_1_91' title="bbox 1049 4658 1382 4715; baseline 0.006 -2"><span class='ocrx_word' id='word_1_765' title='bbox 1049 4658 1204 4713; x_wconf 80' lang='lat' dir='ltr'>CAP.</span> <span class='ocrx_word' id='word_1_766' title='bbox 1247 4659 1382 4715; x_wconf 90' lang='lat' dir='ltr'><strong>Vlll.</strong></span> 
     </span>
    </p>
   </div>
   <div class='ocr_carea' id='block_1_92' title="bbox 511 4740 1996 4814">
    <p class='ocr_par' dir='ltr' id='par_1_92' title="bbox 511 4740 1996 4814">
     <span class='ocr_line' id='line_1_92' title="bbox 511 4740 1996 4814; baseline 0.013 -19"><span class='ocrx_word' id='word_1_767' title='bbox 511 4740 674 4799; x_wconf 74' lang='lat' dir='ltr'><strong>Vens.</strong></span> <span class='ocrx_word' id='word_1_768' title='bbox 712 4744 828 4801; x_wconf 75' lang='grc'>1-5-</span> <span class='ocrx_word' id='word_1_769' title='bbox 861 4777 931 4786; x_wconf 90' lang='grc'><strong>-</strong></span> <span class='ocrx_word' id='word_1_770' title='bbox 963 4766 983 4800; x_wconf 81' lang='grc' dir='ltr'>ι</span> <span class='ocrx_word' id='word_1_771' title='bbox 1030 4749 1277 4807; x_wconf 88' lang='lat' dir='ltr'><strong>Ostendit</strong></span> <span class='ocrx_word' id='word_1_772' title='bbox 1323 4754 1467 4810; x_wconf 90' lang='lat' dir='ltr'><strong>enim</strong></span> <span class='ocrx_word' id='word_1_773' title='bbox 1516 4756 1649 4811; x_wconf 86' lang='lat' dir='ltr'><strong>mihi</strong></span> <span class='ocrx_word' id='word_1_774' title='bbox 1691 4757 1996 4814; x_wconf 89' lang='lat' dir='ltr'><strong>Dominus:</strong></span> 
     </span>
    </p>
   </div>
   <div class='ocr_carea' id='block_1_93' title="bbox 438 4841 1998 4922">
    <p class='ocr_par' dir='ltr' id='par_1_93' title="bbox 438 4841 1998 4922">
     <span class='ocr_line' id='line_1_93' title="bbox 438 4841 1998 4922; baseline 0.012 -34"><span class='ocrx_word' id='word_1_775' title='bbox 438 4843 493 4889; x_wconf 89' lang='lat' dir='ltr'>et</span> <span class='ocrx_word' id='word_1_776' title='bbox 517 4851 642 4892; x_wconf 88' lang='lat' dir='ltr'><strong>ecce</strong></span> <span class='ocrx_word' id='word_1_777' title='bbox 677 4853 773 4895; x_wconf 83' lang='lat' dir='ltr'>vas</span> <span class='ocrx_word' id='word_1_778' title='bbox 803 4841 1051 4910; x_wconf 90' lang='lat' dir='ltr'><strong>aucupis.</strong></span> <span class='ocrx_word' id='word_1_779' title='bbox 1091 4841 1157 4896; x_wconf 87' lang='lat' dir='ltr'>Et</span> <span class='ocrx_word' id='word_1_780' title='bbox 1198 4844 1334 4900; x_wconf 79' lang='lat' dir='ltr'><strong>dixit</strong></span> <span class='ocrx_word' id='word_1_781' title='bbox 1380 4847 1640 4909; x_wconf 88' lang='lat' dir='ltr'><strong>Dominus</strong></span> <span class='ocrx_word' id='word_1_782' title='bbox 1669 4851 1799 4905; x_wconf 90' lang='lat' dir='ltr'><strong>mihi</strong></span> <span class='ocrx_word' id='word_1_783' title='bbox 1830 4871 1842 4905; x_wconf 89' lang='lat'><strong>:</strong></span> <span class='ocrx_word' id='word_1_784' title='bbox 1871 4852 1998 4922; x_wconf 91' lang='lat' dir='ltr'><strong>quid</strong></span> 
     </span>
    </p>
   </div>
   <div class='ocr_carea' id='block_1_94' title="bbox 441 4927 2001 5011">
    <p class='ocr_par' dir='ltr' id='par_1_94' title="bbox 441 4927 2001 5011">
     <span class='ocr_line' id='line_1_94' title="bbox 441 4927 2001 5011; baseline 0.013 -33"><span class='ocrx_word' id='word_1_785' title='bbox 441 4934 497 4979; x_wconf 94' lang='lat' dir='ltr'>tu</span> <span class='ocrx_word' id='word_1_786' title='bbox 530 4927 701 4993; x_wconf 87' lang='lat' dir='ltr'><strong>vides,</strong></span> <span class='ocrx_word' id='word_1_787' title='bbox 733 4930 941 4986; x_wconf 86' lang='lat' dir='ltr'><strong>Amos?</strong></span> <span class='ocrx_word' id='word_1_788' title='bbox 972 4930 1037 4988; x_wconf 87' lang='lat' dir='ltr'><strong>Et</strong></span> <span class='ocrx_word' id='word_1_789' title='bbox 1059 4932 1170 4988; x_wconf 78' lang='lat' dir='ltr'><strong>dixi</strong></span> <span class='ocrx_word' id='word_1_790' title='bbox 1208 4935 1356 4993; x_wconf 85' lang='lat' dir='ltr'><strong>:Vas</strong></span> <span class='ocrx_word' id='word_1_791' title='bbox 1389 4942 1636 5011; x_wconf 87' lang='lat' dir='ltr'><strong>aucupis.</strong></span> <span class='ocrx_word' id='word_1_792' title='bbox 1676 4960 1695 4995; x_wconf 70' lang='grc' dir='ltr'>ι</span> <span class='ocrx_word' id='word_1_793' title='bbox 1725 4941 1844 4996; x_wconf 82' lang='lat' dir='ltr'>Iam</span> <span class='ocrx_word' id='word_1_794' title='bbox 1874 4958 2001 4999; x_wconf 86' lang='lat' dir='ltr'><strong>vero</strong></span> 
     </span>
    </p>
   </div>
   <div class='ocr_carea' id='block_1_95' title="bbox 440 5019 2002 5101">
    <p class='ocr_par' dir='ltr' id='par_1_95' title="bbox 440 5019 2002 5101">
     <span class='ocr_line' id='line_1_95' title="bbox 440 5019 2002 5101; baseline 0.011 -29"><span class='ocrx_word' id='word_1_795' title='bbox 440 5019 780 5089; x_wconf 80' lang='lat' dir='ltr'><strong>signiﬁcabat</strong></span> <span class='ocrx_word' id='word_1_796' title='bbox 823 5023 984 5085; x_wconf 78' lang='lat' dir='ltr'><strong>visio,</strong></span> <span class='ocrx_word' id='word_1_797' title='bbox 1017 5023 1134 5079; x_wconf 77' lang='lat' dir='ltr'><strong>{ore</strong></span> <span class='ocrx_word' id='word_1_798' title='bbox 1172 5035 1233 5081; x_wconf 92' lang='lat' dir='ltr'>ut</span> <span class='ocrx_word' id='word_1_799' title='bbox 1270 5030 1446 5086; x_wconf 88' lang='lat' dir='ltr'><strong>instar</strong></span> <span class='ocrx_word' id='word_1_800' title='bbox 1484 5035 1603 5088; x_wconf 86' lang='lat' dir='ltr'><strong>avis</strong></span> <span class='ocrx_word' id='word_1_801' title='bbox 1636 5035 1856 5101; x_wconf 84' lang='lat' dir='ltr'><strong>aucupii</strong></span> <span class='ocrx_word' id='word_1_802' title='bbox 1886 5044 2002 5091; x_wconf 86' lang='lat' dir='ltr'><strong>arte</strong></span> 
     </span>
    </p>
   </div>
   <div class='ocr_carea' id='block_1_96' title="bbox 438 5112 1999 5197">
    <p class='ocr_par' dir='ltr' id='par_1_96' title="bbox 438 5112 1999 5197">
     <span class='ocr_line' id='line_1_96' title="bbox 438 5112 1999 5197; baseline 0.011 -34"><span class='ocrx_word' id='word_1_803' title='bbox 438 5120 626 5179; x_wconf 66' lang='lat' dir='ltr'><strong>captae,</strong></span> <span class='ocrx_word' id='word_1_804' title='bbox 651 5112 941 5168; x_wconf 87' lang='lat' dir='ltr'><strong>universus</strong></span> <span class='ocrx_word' id='word_1_805' title='bbox 970 5112 1136 5170; x_wconf 85' lang='lat' dir='ltr'><strong>Israel</strong></span> <span class='ocrx_word' id='word_1_806' title='bbox 1182 5122 1611 5189; x_wconf 85' lang='lat' dir='ltr'><strong>comprehensus</strong></span> <span class='ocrx_word' id='word_1_807' title='bbox 1640 5133 1802 5195; x_wconf 89' lang='lat' dir='ltr'><strong>atque</strong></span> <span class='ocrx_word' id='word_1_808' title='bbox 1830 5127 1999 5197; x_wconf 90' lang='lat' dir='ltr'><strong>capti-</strong></span> 
     </span>
    </p>
   </div>
   <div class='ocr_carea' id='block_1_97' title="bbox 438 5201 2001 5278">
    <p class='ocr_par' dir='ltr' id='par_1_97' title="bbox 438 5201 2001 5278">
     <span class='ocr_line' id='line_1_97' title="bbox 438 5201 2001 5278; baseline 0.015 -29"><span class='ocrx_word' id='word_1_809' title='bbox 438 5215 539 5254; x_wconf 87' lang='lat' dir='ltr'>vus</span> <span class='ocrx_word' id='word_1_810' title='bbox 567 5201 945 5266; x_wconf 86' lang='lat' dir='ltr'><strong>abduceretur,</strong></span> <span class='ocrx_word' id='word_1_811' title='bbox 970 5206 1102 5274; x_wconf 92' lang='lat' dir='ltr'><strong>quin</strong></span> <span class='ocrx_word' id='word_1_812' title='bbox 1149 5208 1345 5278; x_wconf 90' lang='lat' dir='ltr'><strong>aliquis</strong></span> <span class='ocrx_word' id='word_1_813' title='bbox 1367 5226 1490 5265; x_wconf 91' lang='lat' dir='ltr'>eum</span> <span class='ocrx_word' id='word_1_814' title='bbox 1524 5214 1591 5269; x_wconf 91' lang='lat' dir='ltr'>de</span> <span class='ocrx_word' id='word_1_815' title='bbox 1623 5230 1783 5270; x_wconf 89' lang='lat' dir='ltr'><strong>manu</strong></span> <span class='ocrx_word' id='word_1_816' title='bbox 1812 5224 2001 5272; x_wconf 85' lang='lat' dir='ltr'><strong>tenen-</strong></span> 
     </span>
    </p>
   </div>
   <div class='ocr_carea' id='block_1_98' title="bbox 438 5291 2000 5378">
    <p class='ocr_par' dir='ltr' id='par_1_98' title="bbox 438 5291 2000 5378">
     <span class='ocr_line' id='line_1_98' title="bbox 438 5291 2000 5378; baseline 0.013 -35"><span class='ocrx_word' id='word_1_817' title='bbox 438 5291 573 5345; x_wconf 84' lang='lat' dir='ltr'><strong>tium</strong></span> <span class='ocrx_word' id='word_1_818' title='bbox 609 5293 781 5360; x_wconf 88' lang='lat' dir='ltr'><strong>possit</strong></span> <span class='ocrx_word' id='word_1_819' title='bbox 808 5296 1049 5365; x_wconf 88' lang='lat' dir='ltr'><strong>eripere;</strong></span> <span class='ocrx_word' id='word_1_820' title='bbox 1083 5300 1228 5369; x_wconf 88' lang='lat' dir='ltr'><strong>quod</strong></span> <span class='ocrx_word' id='word_1_821' title='bbox 1271 5303 1317 5357; x_wconf 91' lang='lat' dir='ltr'>si</span> <span class='ocrx_word' id='word_1_822' title='bbox 1352 5314 1546 5373; x_wconf 86' lang='lat' dir='ltr'><strong>captus</strong></span> <span class='ocrx_word' id='word_1_823' title='bbox 1587 5321 1619 5362; x_wconf 91' lang='lat' dir='ltr'>a</span> <span class='ocrx_word' id='word_1_824' title='bbox 1672 5308 1823 5378; x_wconf 78' lang='lat'><strong>131</strong></span> <span class='ocrx_word' id='word_1_825' title='bbox 1849 5309 2000 5364; x_wconf 81' lang='lat' dir='ltr'><strong>visco</strong></span> 
     </span>
    </p>
   </div>
   <div class='ocr_carea' id='block_1_99' title="bbox 439 5382 1999 5462">
    <p class='ocr_par' dir='ltr' id='par_1_99' title="bbox 439 5382 1999 5462">
     <span class='ocr_line' id='line_1_99' title="bbox 439 5382 1999 5462; baseline 0.012 -29"><span class='ocrx_word' id='word_1_826' title='bbox 439 5397 626 5451; x_wconf 89' lang='lat' dir='ltr'><strong>passer</strong></span> <span class='ocrx_word' id='word_1_827' title='bbox 671 5382 931 5454; x_wconf 74' lang='lat' dir='ltr'><strong>attingere</strong></span> <span class='ocrx_word' id='word_1_828' title='bbox 978 5386 1090 5455; x_wconf 88' lang='lat' dir='ltr'><strong>jam</strong></span> <span class='ocrx_word' id='word_1_829' title='bbox 1140 5405 1250 5446; x_wconf 90' lang='lat' dir='ltr'>non</span> <span class='ocrx_word' id='word_1_830' title='bbox 1298 5394 1517 5462; x_wconf 86' lang='lat' dir='ltr'><strong>poterit,</strong></span> <span class='ocrx_word' id='word_1_831' title='bbox 1578 5396 1652 5449; x_wconf 90' lang='lat' dir='ltr'>ita</span> <span class='ocrx_word' id='word_1_832' title='bbox 1692 5412 1814 5452; x_wconf 89' lang='lat' dir='ltr'>cum</span> <span class='ocrx_word' id='word_1_833' title='bbox 1851 5399 1999 5452; x_wconf 86' lang='lat' dir='ltr'><strong>visco</strong></span> 
     </span>
    </p>
   </div>
   <div class='ocr_carea' id='block_1_100' title="bbox 437 5474 1999 5560">
    <p class='ocr_par' dir='ltr' id='par_1_100' title="bbox 437 5474 1999 5560">
     <span class='ocr_line' id='line_1_100' title="bbox 437 5474 1999 5560; baseline 0.011 -32"><span class='ocrx_word' id='word_1_834' title='bbox 437 5474 668 5529; x_wconf 80' lang='lat' dir='ltr'><strong>validior</strong></span> <span class='ocrx_word' id='word_1_835' title='bbox 704 5474 777 5529; x_wconf 84' lang='lat' dir='ltr'>sit</span> <span class='ocrx_word' id='word_1_836' title='bbox 810 5479 1240 5544; x_wconf 81' lang='lat' dir='ltr'><strong>aggredientium</strong></span> <span class='ocrx_word' id='word_1_837' title='bbox 1275 5485 1540 5553; x_wconf 86' lang='lat' dir='ltr'><strong>potentia,</strong></span> <span class='ocrx_word' id='word_1_838' title='bbox 1575 5489 1999 5560; x_wconf 78' lang='lat' dir='ltr'><strong>comprehendet</strong></span> 
     </span>
    </p>
   </div>
   <div class='ocr_carea' id='block_1_101' title="bbox 511 5654 1114 5723">
    <p class='ocr_par' dir='ltr' id='par_1_101' title="bbox 511 5654 1114 5723">
     <span class='ocr_line' id='line_1_101' title="bbox 511 5654 1114 5723; baseline 0.01 -15"><span class='ocrx_word' id='word_1_839' title='bbox 511 5654 555 5686; x_wconf 83' lang='grc'>⁸⁷</span> <span class='ocrx_word' id='word_1_840' title='bbox 596 5654 736 5711; x_wconf 80' lang='lat' dir='ltr'><strong>Psal.</strong></span> <span class='ocrx_word' id='word_1_841' title='bbox 782 5672 991 5723; x_wconf 79' lang='lat' dir='ltr'><strong>uxvn,</strong></span> <span class='ocrx_word' id='word_1_842' title='bbox 1028 5659 1114 5714; x_wconf 73' lang='grc'>47.</span> 
     </span>
    </p>
   </div>
   <div class='ocr_carea' id='block_1_102' title="bbox 2753 4654 3020 4710">
    <p class='ocr_par' dir='ltr' id='par_1_102' title="bbox 2753 4654 3020 4710">
     <span class='ocr_line' id='line_1_102' title="bbox 2753 4654 3020 4710; baseline 0 0"><span class='ocrx_word' id='word_1_843' title='bbox 2753 4657 2907 4710; x_wconf 77' lang='grc' dir='ltr'>ΚΕΦ.</span> <span class='ocrx_word' id='word_1_844' title='bbox 2938 4654 3020 4710; x_wconf 77' lang='lat' dir='ltr'><strong>Il&#39;.</strong></span> 
     </span>
    </p>
   </div>
   <div class='ocr_carea' id='block_1_103' title="bbox 2168 4747 3680 4823">
    <p class='ocr_par' dir='ltr' id='par_1_103' title="bbox 2168 4747 3680 4823">
     <span class='ocr_line' id='line_1_103' title="bbox 2168 4747 3680 4823; baseline -0.007 -16"><span class='ocrx_word' id='word_1_845' title='bbox 2168 4753 2313 4823; x_wconf 86' lang='grc' dir='ltr'>Στίχ.</span> <span class='ocrx_word' id='word_1_846' title='bbox 2349 4757 2498 4819; x_wconf 83' lang='grc' dir='ltr'>α’-γ’.</span> <span class='ocrx_word' id='word_1_847' title='bbox 2536 4781 2604 4791; x_wconf 91' lang='lat'>——</span> <span class='ocrx_word' id='word_1_848' title='bbox 2637 4768 2657 4801; x_wconf 77' lang='grc' dir='ltr'>ι</span> <span class='ocrx_word' id='word_1_849' title='bbox 2691 4748 2898 4812; x_wconf 75' lang='grc' dir='ltr'>Ἐδειξε</span> <span class='ocrx_word' id='word_1_850' title='bbox 2933 4748 3043 4819; x_wconf 91' lang='grc' dir='ltr'>γάρ</span> <span class='ocrx_word' id='word_1_851' title='bbox 3084 4765 3194 4819; x_wconf 87' lang='grc' dir='ltr'>μοι,</span> <span class='ocrx_word' id='word_1_852' title='bbox 3241 4747 3393 4819; x_wconf 70' lang='grc' dir='ltr'>φησὶ,</span> <span class='ocrx_word' id='word_1_853' title='bbox 3426 4748 3636 4819; x_wconf 76' lang='grc' dir='ltr'>Κύριος</span> <span class='ocrx_word' id='word_1_854' title='bbox 3660 4768 3680 4783; x_wconf 74' lang='grc' dir='ltr'><strong>ο</strong></span> 
     </span>
    </p>
   </div>
   <div class='ocr_carea' id='block_1_104' title="bbox 2098 4838 3680 4911">
    <p class='ocr_par' dir='ltr' id='par_1_104' title="bbox 2098 4838 3680 4911">
     <span class='ocr_line' id='line_1_104' title="bbox 2098 4838 3680 4911; baseline -0.008 -11"><span class='ocrx_word' id='word_1_855' title='bbox 2098 4847 2189 4900; x_wconf 77' lang='grc' dir='ltr'>καὶ</span> <span class='ocrx_word' id='word_1_856' title='bbox 2224 4845 2331 4898; x_wconf 81' lang='grc' dir='ltr'>ἰδοὺ</span> <span class='ocrx_word' id='word_1_857' title='bbox 2366 4842 2533 4911; x_wconf 79' lang='grc' dir='ltr'>ἄγγος</span> <span class='ocrx_word' id='word_1_858' title='bbox 2569 4838 2772 4905; x_wconf 78' lang='grc' dir='ltr'>ίξευτοῦ</span> <span class='ocrx_word' id='word_1_859' title='bbox 2794 4858 2807 4870; x_wconf 89' lang='grc'><strong>·</strong></span> <span class='ocrx_word' id='word_1_860' title='bbox 2852 4841 2945 4893; x_wconf 81' lang='grc' dir='ltr'>καὶ</span> <span class='ocrx_word' id='word_1_861' title='bbox 2974 4838 3093 4892; x_wconf 77' lang='grc' dir='ltr'>εἷπε</span> <span class='ocrx_word' id='word_1_862' title='bbox 3141 4839 3343 4910; x_wconf 83' lang='grc' dir='ltr'>Κύριος</span> <span class='ocrx_word' id='word_1_863' title='bbox 3390 4841 3525 4910; x_wconf 88' lang='grc' dir='ltr'>πρός</span> <span class='ocrx_word' id='word_1_864' title='bbox 3559 4860 3633 4910; x_wconf 75' lang='grc' dir='ltr'>με</span> <span class='ocrx_word' id='word_1_865' title='bbox 3664 4860 3680 4872; x_wconf 86' lang='lat'><strong>-</strong></span> 
     </span>
    </p>
   </div>
   <div class='ocr_carea' id='block_1_105' title="bbox 2098 4926 3679 5006">
    <p class='ocr_par' dir='ltr' id='par_1_105' title="bbox 2098 4926 3679 5006">
     <span class='ocr_line' id='line_1_105' title="bbox 2098 4926 3679 5006; baseline -0.004 -16"><span class='ocrx_word' id='word_1_866' title='bbox 2098 4938 2163 4990; x_wconf 89' lang='grc' dir='ltr'>Τί</span> <span class='ocrx_word' id='word_1_867' title='bbox 2197 4937 2260 4989; x_wconf 82' lang='grc' dir='ltr'>σὺ</span> <span class='ocrx_word' id='word_1_868' title='bbox 2291 4934 2525 5006; x_wconf 84' lang='grc' dir='ltr'>βλέπεις,</span> <span class='ocrx_word' id='word_1_869' title='bbox 2569 4929 2785 5001; x_wconf 73' lang='grc' dir='ltr'>Ἀμώςς</span> <span class='ocrx_word' id='word_1_870' title='bbox 2824 4932 2931 4984; x_wconf 82' lang='lat' dir='ltr'><strong>Ka‘t</strong></span> <span class='ocrx_word' id='word_1_871' title='bbox 2946 4926 3125 4983; x_wconf 75' lang='grc' dir='ltr'>εἶπονο</span> <span class='ocrx_word' id='word_1_872' title='bbox 3154 4932 3353 4998; x_wconf 73' lang='grc' dir='ltr'>’Δγγος</span> <span class='ocrx_word' id='word_1_873' title='bbox 3387 4930 3617 4996; x_wconf 77' lang='grc' dir='ltr'>ίξευτοῦ.</span> <span class='ocrx_word' id='word_1_874' title='bbox 3654 4954 3679 4983; x_wconf 73' lang='grc' dir='ltr'><strong>ι</strong></span> 
     </span>
    </p>
   </div>
   <div class='ocr_carea' id='block_1_106' title="bbox 2111 5022 3685 5101">
    <p class='ocr_par' dir='ltr' id='par_1_106' title="bbox 2111 5022 3685 5101">
     <span class='ocr_line' id='line_1_106' title="bbox 2111 5022 3685 5101; baseline -0.004 -18"><span class='ocrx_word' id='word_1_875' title='bbox 2111 5029 2329 5101; x_wconf 81' lang='grc' dir='ltr'>Ἐδήλου</span> <span class='ocrx_word' id='word_1_876' title='bbox 2353 5028 2458 5097; x_wconf 82' lang='grc' dir='ltr'>δέή</span> <span class='ocrx_word' id='word_1_877' title='bbox 2487 5025 2608 5095; x_wconf 76' lang='grc' dir='ltr'>ὄψις</span> <span class='ocrx_word' id='word_1_878' title='bbox 2624 5025 2705 5077; x_wconf 79' lang='grc' dir='ltr'>ὅτι</span> <span class='ocrx_word' id='word_1_879' title='bbox 2732 5024 2884 5094; x_wconf 90' lang='grc' dir='ltr'>δίκην</span> <span class='ocrx_word' id='word_1_880' title='bbox 2909 5022 3094 5094; x_wconf 88' lang='grc' dir='ltr'>ὀρνέου</span> <span class='ocrx_word' id='word_1_881' title='bbox 3123 5022 3329 5087; x_wconf 80' lang='grc' dir='ltr'>ἰξευτοῦ</span> <span class='ocrx_word' id='word_1_882' title='bbox 3370 5023 3685 5092; x_wconf 76' lang='grc' dir='ltr'>ληφθέντος</span> 
     </span>
    </p>
   </div>
   <div class='ocr_carea' id='block_1_107' title="bbox 2098 5113 3687 5189">
    <p class='ocr_par' dir='ltr' id='par_1_107' title="bbox 2098 5113 3687 5189">
     <span class='ocr_line' id='line_1_107' title="bbox 2098 5113 3687 5189; baseline 0.001 -21"><span class='ocrx_word' id='word_1_883' title='bbox 2098 5119 2261 5189; x_wconf 80' lang='grc' dir='ltr'>τέχνῃ</span> <span class='ocrx_word' id='word_1_884' title='bbox 2284 5117 2428 5180; x_wconf 75' lang='grc' dir='ltr'>ἅπας</span> <span class='ocrx_word' id='word_1_885' title='bbox 2448 5118 2477 5169; x_wconf 83' lang='grc' dir='ltr'><strong>ὁ</strong></span> <span class='ocrx_word' id='word_1_886' title='bbox 2521 5114 2737 5187; x_wconf 84' lang='grc' dir='ltr'>Ἰσραὴλ</span> <span class='ocrx_word' id='word_1_887' title='bbox 2773 5114 2877 5166; x_wconf 84' lang='grc' dir='ltr'>ὑπὸ</span> <span class='ocrx_word' id='word_1_888' title='bbox 2904 5113 3013 5166; x_wconf 86' lang='grc' dir='ltr'>τῶν</span> <span class='ocrx_word' id='word_1_889' title='bbox 3038 5114 3309 5183; x_wconf 87' lang='grc' dir='ltr'>πολεμίων</span> <span class='ocrx_word' id='word_1_890' title='bbox 3341 5114 3687 5184; x_wconf 68' lang='grc' dir='ltr'>συλληφθεὶς</span> 
     </span>
    </p>
   </div>
   <div class='ocr_carea' id='block_1_108' title="bbox 2095 5205 3689 5282">
    <p class='ocr_par' dir='ltr' id='par_1_108' title="bbox 2095 5205 3689 5282">
     <span class='ocr_line' id='line_1_108' title="bbox 2095 5205 3689 5282; baseline -0.004 -16"><span class='ocrx_word' id='word_1_891' title='bbox 2095 5212 2434 5282; x_wconf 78' lang='grc' dir='ltr'>αἰχμάλωτος</span> <span class='ocrx_word' id='word_1_892' title='bbox 2493 5207 2903 5279; x_wconf 83' lang='grc' dir='ltr'>ἀπαχθήσεται,</span> <span class='ocrx_word' id='word_1_893' title='bbox 2947 5206 3158 5270; x_wconf 80' lang='grc' dir='ltr'>οὐδενὸς</span> <span class='ocrx_word' id='word_1_894' title='bbox 3183 5205 3342 5259; x_wconf 75' lang='grc' dir='ltr'>αὑτὸν</span> <span class='ocrx_word' id='word_1_895' title='bbox 3368 5205 3478 5258; x_wconf 87' lang='grc' dir='ltr'>τῶν</span> <span class='ocrx_word' id='word_1_896' title='bbox 3533 5225 3689 5260; x_wconf 82' lang='grc' dir='ltr'>κατ-</span> 
     </span>
    </p>
   </div>
   <div class='ocr_carea' id='block_1_109' title="bbox 2094 5293 3687 5373">
    <p class='ocr_par' dir='ltr' id='par_1_109' title="bbox 2094 5293 3687 5373">
     <span class='ocr_line' id='line_1_109' title="bbox 2094 5293 3687 5373; baseline -0.003 -18"><span class='ocrx_word' id='word_1_897' title='bbox 2094 5305 2324 5373; x_wconf 68' lang='grc' dir='ltr'>εχόντων</span> <span class='ocrx_word' id='word_1_898' title='bbox 2356 5301 2701 5371; x_wconf 88' lang='grc' dir='ltr'>ἀφαιρεῖσθαι</span> <span class='ocrx_word' id='word_1_899' title='bbox 2734 5299 2843 5352; x_wconf 82' lang='grc' dir='ltr'>οἴου</span> <span class='ocrx_word' id='word_1_900' title='bbox 2880 5315 2940 5351; x_wconf 90' lang='grc' dir='ltr'>τε</span> <span class='ocrx_word' id='word_1_901' title='bbox 2979 5299 3128 5361; x_wconf 72' lang='grc' dir='ltr'>ὄντος</span> <span class='ocrx_word' id='word_1_902' title='bbox 3152 5314 3166 5327; x_wconf 89' lang='grc'><strong>·</strong></span> <span class='ocrx_word' id='word_1_903' title='bbox 3208 5297 3395 5368; x_wconf 82' lang='grc' dir='ltr'>ὥσπερ</span> <span class='ocrx_word' id='word_1_904' title='bbox 3419 5293 3515 5349; x_wconf 80' lang='grc' dir='ltr'>οὖν</span> <span class='ocrx_word' id='word_1_905' title='bbox 3547 5299 3687 5351; x_wconf 76' lang='grc' dir='ltr'>οὐδὲ</span> 
     </span>
    </p>
   </div>
   <div class='ocr_carea' id='block_1_110' title="bbox 2094 5388 3689 5464">
    <p class='ocr_par' dir='ltr' id='par_1_110' title="bbox 2094 5388 3689 5464">
     <span class='ocr_line' id='line_1_110' title="bbox 2094 5388 3689 5464; baseline -0.004 -16"><span class='ocrx_word' id='word_1_906' title='bbox 2094 5396 2155 5448; x_wconf 78' lang='grc' dir='ltr'>τὸ</span> <span class='ocrx_word' id='word_1_907' title='bbox 2185 5394 2384 5464; x_wconf 66' lang='grc' dir='ltr'>ληφθὲν</span> <span class='ocrx_word' id='word_1_908' title='bbox 2418 5394 2521 5447; x_wconf 86' lang='grc' dir='ltr'>ύπδ</span> <span class='ocrx_word' id='word_1_909' title='bbox 2545 5392 2637 5447; x_wconf 80' lang='grc' dir='ltr'>τοῦ</span> <span class='ocrx_word' id='word_1_910' title='bbox 2664 5392 2772 5458; x_wconf 77' lang='grc' dir='ltr'>ἰξοῦ</span> <span class='ocrx_word' id='word_1_911' title='bbox 2802 5389 3080 5462; x_wconf 85' lang='grc' dir='ltr'>στρουθίον</span> <span class='ocrx_word' id='word_1_912' title='bbox 3111 5390 3410 5459; x_wconf 83' lang='grc' dir='ltr'>ἀποστῆναι</span> <span class='ocrx_word' id='word_1_913' title='bbox 3437 5388 3689 5443; x_wconf 69' lang='grc' dir='ltr'>δυνατὸν</span> 
     </span>
    </p>
   </div>
   <div class='ocr_carea' id='block_1_111' title="bbox 2095 5480 3693 5555">
    <p class='ocr_par' dir='ltr' id='par_1_111' title="bbox 2095 5480 3693 5555">
     <span class='ocr_line' id='line_1_111' title="bbox 2095 5480 3693 5555; baseline -0.002 -15"><span class='ocrx_word' id='word_1_914' title='bbox 2095 5486 2298 5552; x_wconf 80' lang='grc' dir='ltr'>λοιπὸν,</span> <span class='ocrx_word' id='word_1_915' title='bbox 2328 5486 2513 5555; x_wconf 84' lang='grc' dir='ltr'>ἐπειδὴ</span> <span class='ocrx_word' id='word_1_916' title='bbox 2553 5482 2750 5547; x_wconf 80' lang='grc' dir='ltr'>παντὸς</span> <span class='ocrx_word' id='word_1_917' title='bbox 2800 5481 2909 5547; x_wconf 77' lang='grc' dir='ltr'>ἰξοῦ</span> <span class='ocrx_word' id='word_1_918' title='bbox 2942 5480 3305 5552; x_wconf 83' lang='grc' dir='ltr'>δυνατώτερον</span> <span class='ocrx_word' id='word_1_919' title='bbox 3338 5482 3371 5550; x_wconf 75' lang='grc' dir='ltr'><strong>ἡ</strong></span> <span class='ocrx_word' id='word_1_920' title='bbox 3405 5480 3514 5533; x_wconf 87' lang='grc' dir='ltr'>τῶν</span> <span class='ocrx_word' id='word_1_921' title='bbox 3544 5483 3693 5537; x_wconf 49' lang='grc' dir='ltr'>ἐπιε</span> 
     </span>
    </p>
   </div>
  </div>
