3976 6226
219 223 326 279 293

1164 215 1714 275 COMMENTARIUS
1748 215 1815 272 IN
1853 216 2064 274 AMOSI
2096 218 2250 275 CAP.
2277 218 2409 275 "Ill.

3339 223 3444 279 εισι

219 339 392 391 ὀντων
435 335 744 401 δυναστεία,
786 334 1003 400 καθέξει
1054 349 1116 386 τε
1183 334 1378 397 αὐτοὺς
1417 337 1512 389 καὶ
1560 334 1641 397 είς
1692 333 1792 404 τὴν

1906 335 2164 391 ιεηειίιιιε
2202 343 2256 391 et
2284 337 2338 390 in
2362 334 2644 391 servitium
2666 334 2996 407 deportabit.
3034 354 3055 390 ι
3088 335 3151 391 Et
3174 337 3309 394 dixit
3341 340 3444 396 Do-

220 427 601 499 αἰχμαλωσίαν
656 427 874 494 ἀπάξει.
936 427 1159 495 Ἑπάγει
1197 420 1328 495 γοῦν
1346 441 1361 456 '
1430 443 1450 478 ι
1501 425 1610 479 Καὶ
1636 418 1788 478 εἶπεν

219 522 428 591 Κύριος
485 520 622 590 πρός
669 536 737 589 με
764 535 779 548 ·
804 519 968 571 Ἥκει
1012 515 1074 570 τὸ
1096 517 1266 591 πέρας
1298 517 1392 570 ἐπὶ
1419 516 1510 570 τὸν
1530 516 1655 570 λαόν
1685 533 1787 587 μου

229 613 455 685 Ἰσραήλ
477 629 492 643 ο
535 612 720 665 οὐκέτι
769 611 845 681 μὴ
888 609 1106 680 προσθῶ
1149 607 1244 661 τοῦ
1272 608 1558 680 παρελθεῖν
1589 608 1784 661 αὐτόν·

215 704 313 756 καὶ
340 698 580 766 ὀλολύξει
600 700 670 753 τὰ
695 698 1027 770 φατνώματα
1047 698 1140 753 τοῦ
1168 698 1316 754 ναοῦ.
1356 718 1377 752 ι
1406 699 1516 771 Τὴν
1548 698 1656 770 γὰρ
1680 699 1788 753 τῶν

214 792 539 863 δειχθέντων
584 787 705 843 εἷπε
752 789 1011 861 δύναμιν..
1057 790 1220 842 Ἥκει
1275 787 1476 856 τοίνυν,
1520 790 1703 862 φησὶν,
1758 792 1787 845 ὁ

216 884 410 955 καιρὸς
434 881 557 936 καθ’
586 881 645 935 ὃν
673 884 740 952 τῇ
763 880 1005 953 τιμωρία
1051 880 1518 952 παραδοθήσονται
1551 882 1751 946 πάντες
1769 896 1784 911 ⁸

218 979 313 1030 καὶ
341 975 612 1029 παύσεται
653 974 710 1027 δὲ
740 973 859 1044 μετ’
899 974 1122 1027 ἐκείνων
1154 974 1311 1045 καιή
1350 974 1574 1028 ἀσέὸεια
1615 975 1710 1028 καὶ
1749 976 1783 1045 ή

218 1070 320 1138 τῆς
347 1067 605 1131 ἀσεϐείας
626 1068 718 1121 καὶ
746 1068 780 1138 ἡ
802 1068 903 1138 τῆς
928 1066 1270 1138 παρανομίας
1285 1064 1568 1137 ἐπιμέλεια
1584 1066 1783 1137 πάσης

218 1162 283 1213 οὐ
314 1160 427 1231 γὰρ
451 1158 533 1212 ἔτι
550 1158 808 1229 ἀνέξομαι
826 1157 1187 1228 παρατρέχειν
1211 1157 1390 1211 αὐτῶν
1410 1156 1479 1210 τά
1504 1160 1669 1222 κακὰ,
1692 1158 1788 1212 καὶ

217 1255 553 1323 ἀνεκδίκητα
579 1251 802 1305 τοιαῦτα
826 1250 955 1303 ὅντα
978 1250 1099 1319 ὲᾷν·
1137 1248 1343 1320 ἅψηται
1366 1248 1550 1319 μέντοι
1582 1247 1784 1303 καὶτοῦ

216 1345 351 1401 ναοῦ
377 1346 441 1399 τὺ
460 1343 647 1408 κακὸν,
678 1342 864 1413 ἐπειδὴ
893 1342 989 1394 σὺν
1018 1342 1084 1411 τῇ
1129 1341 1346 1395 πάντων
1381 1339 1624 1410 ἀπωλείᾳ
1651 1339 1787 1412 πυρὶ

219 1435 665 1508 παραδοθήσεται
688 1433 784 1486 καὶ
813 1434 1038 1496 ἐκεῖνος.
1071 1431 1241 1501 Δῆλον
1270 1430 1327 1484 δέ
1346 1431 1514 1494 ἐστιν,
1543 1430 1572 1483 ὃ
1593 1430 1788 1485 πολλά-

218 1547 311 1592 κις
341 1529 497 1599 ἔφην,
522 1529 603 1581 ὅτι
628 1528 687 1580 ὲν
717 1527 786 1596 τῇ
815 1524 1041 1596 μηνύσει
1073 1525 1183 1577 τῶν
1203 1522 1410 1589 κακῶν,
1437 1522 1541 1577 κᾶν
1565 1522 1636 1576 τὰ
1660 1523 1787 1595 περὶ

216 1624 317 1675 τὸν
355 1621 571 1692 Ἰσραήλ
602 1620 755 1692 λέγῃ,
801 1620 880 1689 (p.
916 1617 1037 1687 199)
1062 1617 1177 1672 ἀλλ’
1206 1616 1557 1670 ὲπισυνάπτει
1594 1617 1689 1670 καὶ
1717 1614 1788 1669 τὰ

218 1717 321 1786 τῆς
338 1689 506 1767 ’ἰού-δα
525 1689 809 1782 ιρυλῆςτὲπὶ
828 1711 938 1764 τῶν
951 1709 1309 1764 Βαϐυλωνίων
1334 1708 1585 1778 ἐσόμενα,
1616 1706 1706 1761 ὅτε
1730 1707 1794 1778 δὴ
1824 1689 1867 1745 Β

215 1807 317 1858 καὶ
344 1804 442 1874 τὴν
471 1802 825 1874 Ἰερουσαλὴμ
858 1801 1056 1855 ἁλῶναι
1082 1801 1177 1855 καὶ
1197 1798 1288 1852 τὸν
1321 1798 1445 1851 ναὸν
1471 1797 1795 1869 ἐμπρησθῆ-

216 1913 308 1950 ναι
329 1893 545 1964 συνέϐη.
561 1914 579 1945 ι
602 1892 692 1945 Ἐν
711 1892 891 1964 ἐκείνῃ
907 1895 975 1964 τῇ
1002 1892 1204 1964 ἡμέρᾳ,
1224 1891 1369 1959 λέγει
1389 1890 1611 1960 Κύριος,
1634 1889 1797 1953 πολὺς

213 1985 247 2035 ὁ
270 1979 601 2044 πεπτωκὼς
623 1981 681 2031 έν
697 1979 858 2032 παντὶ
884 1980 1032 2049 τόπῳ
1068 1978 1341 2050 ὲπιρῤίψω
1370 1979 1602 2049 σιωπήν.
1628 1997 1645 2031 ι
1664 1977 1798 2031 Τότε

216 2073 303 2141 δὴ,
326 2072 491 2141 φησὶ,
501 2070 671 2134 πολὺς
696 2070 792 2141 μὲν
810 2069 1121 2140 ἅπανταχοῦ
1136 2071 1426 2141 γενήσεται
1443 2068 1687 2133 θάνατος,
1707 2069 1799 2122 καὶ

217 2161 585 2233 ἀναρίθμητοι
617 2160 728 2215 τῶν
758 2160 1064 2216 πιπτόντων
1096 2160 1306 2214 ἔσονται
1340 2162 1397 2216 αἱ
1438 2161 1664 2230 σφαγαὶ,
1687 2160 1796 2213 τῶν

218 2255 322 2322 μὲν
336 2254 723 2326 ἀνῃρημένων,
739 2253 911 2307 τῶνδὲ
921 2251 1273 2323 αίχμαλώτων
1288 2252 1800 2325 ληφθέντωνοσιωπὴ

219 2346 278 2399 δὲ
303 2347 411 2398 ὑπὸ
435 2346 543 2416 τῆς
564 2344 706 2414 ἄγαν
738 2344 971 2417 ἐρημίας
992 2344 1208 2410 καθέξει
1222 2344 1290 2398 τὰ
1311 2344 1506 2399 πάντα.
1531 2339 1666 2398 Εἶτα
1699 2344 1803 2399 πά-

220 2439 307 2491 λιν
324 2437 636 2508 ὑπόμνησιν
654 2436 761 2490 τῶν
776 2436 1127 2507 παρανομιῶν
1151 2430 1225 2491 ὧν
1248 2436 1534 2490 ἐπετέλουν
1548 2437 1802 2494 ποιεῖται.

294 2528 441 2599 Στίχ.
459 2527 613 2582 δ’-ιδ’.
639 2548 737 2581 -ι
760 2527 1050 2581 Ἀκούσατε
1072 2528 1137 2600 δὴ
1173 2527 1368 2590 ταῦτα.
1394 2529 1443 2581 ot
1465 2526 1803 2590 ὲκθλίὸοντες

223 2622 305 2682 εἰς
339 2621 401 2672 τὸ
423 2619 575 2690 πρωϊ
596 2619 827 2690 πένητα,
860 2619 955 2673 καὶ
999 2617 1553 2681 καταδυναστεύοντες
1592 2616 1805 2687 πτωχὸν

228 2714 337 2765 ἀπὸ
355 2712 457 2782 τῆς
487 2713 596 2781 γῆς
622 2728 638 2743 ο
670 2713 719 2765 οἱ
763 2710 1011 2779 λέγοντες
1035 2727 1048 2739 ·
1078 2709 1217 2763 Πότε
1258 2708 1588 2762 διελεύσεται
1611 2710 1640 2763 ὁ
1675 2708 1803 2778 μὴν,

232 2805 325 2858 κα)⁵
356 2804 783 2875 ὲμπολήσομεν;
842 2802 935 2855 καὶ
983 2802 1112 2855 πότε
1151 2798 1271 2870 ἥξει
1315 2799 1383 2853 τὰ
1416 2798 1689 2862 Σάδῦατα,
1713 2797 1807 2849 καὶ

232 2897 517 2967 ἀνοίξομεν
548 2895 877 2966 θησαυροὺς,
904 2893 1000 2947 τοῦ
1033 2893 1255 2963 ποιῆσαι
1274 2890 1467 2962 μικρὸν
1496 2890 1556 2944 τὸ
1588 2889 1805 2961 μέτρον,

234 2992 323 3043 καὶ
350 2988 654 3060 μεγαλῶαι
708 2986 987 3057 σταθμίον,
1019 2986 1114 3041 καὶ
1143 2984 1360 3054 ποιῆσαι
1408 2981 1570 3050 ζυγὸν
1602 2980 1805 3047 ἄδικον,

234 3083 324 3136 τοῦ
355 3080 595 3136 κτᾶσθαι
625 3082 685 3133 ὲν
710 3078 959 3151 ἀργυρίῳ
995 3078 1263 3148 πτωχοὺς,
1297 3076 1391 3129 καὶ
1416 3074 1669 3128 ταπεινὸν
1692 3073 1808 3127 ἀνθ’

237 3176 402 3246 ὑποδη
410 3173 718 3246 μάτων,καὶ
730 3170 837 3225 ἀπὸ
850 3170 1029 3240 πάσης
1038 3169 1289 3241 πράσεως
1300 3168 1326 3219 ὲ
1334 3165 1769 3237 μπορευσόμεθα;
1782 3185 1801 3217 ι

237 3269 419 3322 Ταῦτα
471 3267 559 3338 δὴ,
614 3264 770 3335 φησὶ,
828 3262 1059 3333 μάλιστα
1103 3260 1320 3313 πάντων
1364 3257 1613 3331 εἰρῆσθαι
1671 3256 1809 3327 πρὸς

238 3364 375 3433 ὑμᾶς
405 3360 692 3431 νομίσατε.
716 3356 766 3410 οἳ
788 3356 875 3409 διὰ
902 3354 1100 3418 παντὸς
1114 3353 1210 3425 μὲν
1236 3354 1355 3417 ταῖς
1376 3350 1580 3415 ἀδίκοις
1606 3367 1808 3422 κεχρη-

242 3448 757 3521 μένοινδυναστείαις
782 3446 862 3509 είς
880 3445 979 3517 τὴν
997 3444 1104 3497 τῶν
1134 3444 1379 3515 πενήτων
1420 3442 1652 3506 ἀδικίαν,
1676 3440 1808 3493 ἀνα-

241 3542 495 3612 μένοντες
516 3540 575 3593 se
616 3538 847 3592 ἑκάστου
879 3535 1044 3607 μηνὸς
1064 3534 1162 3607 τὴν
1196 3533 1586 3605 συμπλήρωσιν
1617 3532 1709 3585 ἐπὶ
1729 3530 1808 3602 τῷ

236 3635 328 3695 τάς
359 3629 719 3701 παρανόμους
747 3626 856 3680 τῶν
901 3625 1118 3679 οίκεὶων
1155 3624 1524 3694 δανεισμάτων
1549 3623 1809 3695 ἐργασίας

240 3724 491 3788 συλλέξαι
511 3738 528 3753 ·
567 3720 863 3791 ἀναμένετε
885 3718 942 3772 δὲ
968 3718 1062 3772 καὶ
1092 3716 1163 3770 τὰ
1193 3715 1580 3786 Σάϐϐατα,οὐχ
1613 3716 1701 3769 ἵνα
1731 3713 1809 3785 τῷ

236 3814 352 3885 θεῷ
372 3811 682 3883 ἑορτάσητε
740 3812 798 3862 ὲν
836 3809 1038 3872 αὐτοῖς,
1080 3810 1158 3878 (p.
1180 3806 1307 3878 200)
1337 3804 1449 3860 ἀλλ’
1474 3806 1559 3859 ἵνα
1581 3805 1679 3877 τήν
1710 3806 1809 3875 ὲμ-

239 3906 437 3976 πορίαν
487 3900 883 3971 δαψιλεστέραν
923 3897 1245 3969 ποιήσησθε,
1270 3896 1709 3968 ἀποχρησάμενοι
1733 3895 1813 3968 τῷ

439 3992 545 4063 τῆς
577 3992 789 4063 ἑορτῆς,
806 3988 1111 4061 θησαυρούς
1136 4004 1196 4040 τε
1222 3988 1431 4051 ἑαυτοῖς
1454 3987 1668 4051 ἀδίκους
1690 3987 1815 4042 συλ-

234 4090 455 4160 λέξητε,
522 4086 699 4158 μέτρα
742 4101 803 4137 τε
856 4084 950 4137 καὶ
982 4080 1220 4153 σταθμία
1268 4080 1438 4152 μικρὰ
1477 4080 1572 4134 καὶ
1605 4081 1816 4151 μεγάλα

236 4177 554 4237 ποιοῦντες,
592 4173 667 4236 ώς
703 4172 771 4226 ἂν
791 4172 1069 4242 ἑκατέροις
1097 4171 1234 4242 πρὸς
1266 4168 1364 4241 τήν
1388 4168 1596 4223 ἑαυτῶν
1618 4188 1817 4243 κεχρη-

239 4272 398 4342 μένοι
426 4266 755 4337 καπηλείαν,
778 4261 1066 4334 συλλέξητε
1096 4261 1356 4334 ἀργύριον
1379 4262 1444 4314 ὲκ
1472 4261 1572 4331 τῆς
1589 4261 1697 4315 τῶν
1718 4279 1817 4316 πε-

1896 425 2075 482 minus
2116 427 2247 482 mihi
2299 445 2314 482 :
2362 427 2518 482 Venit
2561 426 2686 483 ﬁnis
2730 443 2895 498 super
2950 430 3207 499 populum
3266 447 3445 487 meum

1894 513 2177 580 lsraelem;
2208 532 2314 571 non
2340 517 2591 587 adjiciam
2615 517 2757 572 ultra
2787 525 2846 573 ut
2893 528 3257 589 pertranseam
3285 537 3444 588 eum;

1893 612 1948 660 et
1986 606 2270 661 ululabunt
2322 607 2599 663 lacunaria
2647 610 2851 678 templi.
2882 630 2901 662 ι
2947 609 3447 668 Demonstratarum

1893 697 2000 753 sibi
2030 713 2212 753 rerum
2244 699 2355 753 vim
2392 699 2545 755 dicit.
2576 699 2733 755 Venit
2776 715 2924 772 ergo,
2957 702 3053 767 ait,
3098 712 3314 773 tempus
3338 718 3448 774 quo

1893 788 1960 844 de
2000 790 2254 845 omnibus
2294 805 2471 860 poena:
2522 800 2824 855 sumentur,
2871 803 2927 847 et
2983 809 3170 849 eorum
3213 796 3449 851 cessabit

1892 881 2118 937 libertas
2145 890 2305 952 atque
2339 884 2613 952 potentia;
2657 886 2927 956 simulque
2968 885 3177 942 desinet
3204 888 3449 955 ipsorum

1891 974 2161 1043 impietas,
2208 982 2264 1029 et
2303 990 2465 1031 omne
2518 976 2937 1046 irreligiositatis
2973 993 3038 1033 ac
3084 980 3291 1048 peccati
3332 987 3451 1036 stu-

1890 1065 2079 1120 dium:
2110 1081 2217 1120 non
2258 1067 2401 1121 enim
2442 1068 2553 1137 jam
2605 1069 2784 1137 patiar
2833 1069 3180 1126 dissimulare
3235 1072 3448 1127 illorum

1891 1157 2212 1226 nequitiam,
2269 1173 2445 1228 neque
2500 1159 2612 1213 haec
2674 1161 2844 1215 inulta
2903 1162 3098 1216 sinam.
3170 1163 3451 1235 Templum

1890 1264 2106 1319 quoque
2134 1251 2358 1321 attinget
2383 1250 2687 1318 calamitas,
2728 1253 2856 1323 quia
2896 1261 2949 1309 et
2996 1254 3172 1324 ipsum
3219 1256 3273 1311 in
3303 1271 3453 1311 com-

1892 1340 2041 1394 muni
2085 1340 2252 1395 exitio
2300 1341 2424 1411 igne
2491 1341 2932 1420 inflammabitur.
2991 1344 3158 1401 Porro
3207 1357 3451 1417 apparet,

1889 1432 2034 1501 quod
2081 1432 2192 1501 jam
2241 1446 2384 1502 saepe
2423 1432 2571 1497 dixi,
2629 1434 2682 1487 in
2738 1434 3089 1505 praedictione
3154 1438 3449 1499 malorum.

1890 1522 2105 1579 etiamsi
2146 1522 2214 1578 de
2252 1522 2450 1579 lsraelc
2496 1523 2567 1579 sit
2607 1539 2808 1591 sermo,
2842 1534 3078 1582 attamen
3121 1542 3151 1580 a
3190 1528 3455 1598 propheta

1891 1612 2141 1669 connecti
2176 1614 2342 1669 etiam
2392 1629 2455 1669 ea
2508 1629 2627 1684 quae
2673 1616 2837 1671 tribui
2884 1615 3036 1671 Judaa
3079 1632 3108 1671 a
3142 1617 3453 1688 Babyloniis

1896 1701 2273 1768 imminebant,
2315 1718 2424 1773 quo
2469 1711 2712 1774 tempore
2760 1714 2813 1759 et
2869 1704 3170 1762 Jerusalem
3225 1710 3344 1778 capi
3399 1717 3456 1764 et

1895 1794 2111 1850 incendi
2146 1794 2405 1864 templum
2434 1795 2680 1865 contigit.
2711 1815 2731 1847 ι
2768 1796 2866 1850 Illa
2886 1797 2994 1861 die,
3019 1797 3151 1853 dicit
3172 1796 3455 1865 Dominus,

1895 1886 2052 1942 multi
2082 1887 2362 1943 cadentes.
2391 1886 2451 1941 ln
2472 1887 2620 1942 omni
2652 1888 2776 1943 loco
2792 1889 3074 1959 projiciam
3104 1889 3399 1945 silentium.
3430 1908 3451 1943 ι

1896 1977 2070 2048 Tunc,
2108 1978 2204 2043 ait,
2241 1980 2444 2049 ubique
2468 1980 2573 2034 erit
2615 1995 2784 2044 mors,
2829 1989 2883 2036 et
2932 1981 3230 2036 innumerae
3257 1982 3458 2036 caden-

1895 2072 2028 2127 tium
2082 2078 2244 2127 erunt
2293 2070 2489 2134 caedes,
2544 2073 2744 2141 partim
2800 2074 3354 2143 occisorum,partim
3401 2074 3457 2128 in

1896 2162 2264 2233 captivitatem
2303 2162 2684 2217 abducturum.
2732 2162 3016 2219 Silentium
3057 2162 3291 2232 denique
3334 2180 3459 2235 pro—

1896 2260 2016 2322 pter
2036 2266 2302 2308 summam
2334 2253 2682 2309 solitudinem
2705 2253 2890 2308 omnia
2912 2254 3220 2324 occupabit.
3257 2253 3460 2310 Deinde

1898 2357 2093 2399 rursus
2119 2342 2491 2413 iniquitatum,
2532 2358 2671 2414 quas
2708 2343 3124 2416 frequentabant
3162 2342 3292 2400 facit
3317 2361 3462 2401 men-

1903 2433 2129 2489 tionem.

1973 2525 2135 2583 Vsns.
2164 2528 2310 2583 4-14.
2329 2557 2400 2568 —
2432 2546 2452 2579 ι
2490 2525 2684 2583 Audite
2706 2527 2842 2589 haec,
2876 2526 2967 2593 qui
2995 2527 3277 2583 conteritis
3303 2544 3462 2583 mane

1902 2632 2189 2689 pauperes,
2216 2627 2271 2675 et
2308 2618 2617 2690 opprimitis
2661 2618 2718 2673 in
2756 2626 2902 2673 terra
2942 2632 3213 2689 egenum;
3261 2620 3351 2689 qui
3378 2620 3464 2673 di-

1902 2710 2027 2767 citis
2063 2729 2076 2765 :
2124 2710 2481 2778 Quandonam
2511 2710 2764 2766 transibit
2808 2710 3032 2775 mensis,
3070 2717 3126 2766 et
3164 2711 3466 2782 negotiabi-

1904 2804 2063 2859 mur?
2104 2803 2460 2871 Quandonam
2509 2804 2728 2859 venient
2750 2801 3008 2881 Sabbata,
3052 2805 3467 2875 aperiemusque

1906 2897 2209 2962 thesauros,
2238 2904 2299 2949 ut
2346 2893 2611 2950 faciamus
2657 2908 2970 2949 mensuram
3005 2909 3250 2964 parvam,
3281 2904 3335 2951 et
3365 2912 3467 2950 au-

1908 3002 2131 3058 geamus
2170 2984 2403 3056 pondus,
2452 2984 2824 3054 faciamusque
2871 2990 3129 3041 stateram
3184 2985 3465 3055 injustam,

1911 3089 1969 3134 ut
2003 3079 2378 3150 possideamus
2422 3077 2655 3148 pecunia
2680 3090 2969 3146 pauperes,
3017 3084 3073 3132 et
3113 3093 3343 3147 egenum
3369 3096 3470 3150 pro

1905 3169 2308 3231 calceamentis,
2344 3176 2399 3223 et
2436 3167 2585 3223 omni
2626 3165 2958 3223 venditionis
2991 3183 3189 3238 genere
3224 3174 3471 3243 negotie-

1906 3261 2059 3316 mur?
2106 3279 2125 3312 ι
2178 3258 2303 3314 llzec
2355 3258 2514 3314 vobis
2563 3258 2799 3314 maxime
2846 3258 2989 3313 dicta
3020 3260 3344 3323 existimate.
3376 3264 3471 3333 qui

1905 3353 2125 3423 injustis
2159 3366 2372 3423 semper
2415 3350 2864 3421 oppressionibus
2908 3366 3173 3421 pauperes
3213 3355 3469 3419 atteritis,

1904 3452 2284 3514 exspectantes
2307 3441 2576 3512 cujusque
2620 3441 2827 3496 mensis
2876 3440 3036 3496 linem
3072 3441 3143 3497 ob
3176 3444 3474 3514 exigendos

1906 3534 2126 3605 iniquos
2176 3548 2470 3589 usurarum
2518 3539 2825 3587 vestrarum
2868 3543 3104 3602 quaestus
3141 3552 3157 3589 :
3191 3535 3282 3604 qui
3317 3535 3473 3605 132

1905 3627 2034 3682 item
2086 3626 2416 3696 exspectatis
2478 3623 2737 3688 Sabbata,
2788 3638 2895 3678 non
2946 3631 3006 3677 ut
3054 3623 3165 3679 Deo
3208 3641 3303 3695 per
3360 3627 3475 3680 haec

1906 3717 2199 3782 feriemini,
2250 3716 2346 3772 sed
2396 3723 2456 3770 ut
2498 3714 2774 3771 utiliorem
2818 3722 3179 3769 mercaturam
3234 3716 3473 3782 faciatis,

1907 3812 2196 3866 abutentes
2238 3806 2415 3863 festali
2467 3812 2744 3875 tempore;
2786 3814 2949 3875 atque
2989 3815 3049 3861 ut
3091 3806 3325 3875 injustas
3357 3811 3477 3866 the-

1909 3918 2105 3961 sauros
2133 3901 2287 3956 vobis
2315 3897 2677 3962 coacervetis,
2711 3902 2763 3951 et
2793 3911 3079 3952 mensuras
3118 3906 3282 3968 atque
3313 3907 3479 3956 state-

1910 4013 2002 4052 ras
2056 4009 2254 4065 parvas
2316 4005 2652 4063 magnasque
2706 3987 2947 4052 faciatis,
3000 3998 3061 4043 ut
3116 3992 3363 4060 utrisque
3420 3991 3477 4046 in

1913 4087 2175 4144 nundinis
2226 4082 2425 4139 vestris
2470 4078 2701 4137 utamini
2734 4095 2884 4150 :quo
2916 4081 3204 4150 pecuniam
3242 4096 3306 4135 ex
3345 4096 3480 4152 pau-

1915 4193 2103 4250 perum
2137 4174 2495 4246 oppressione
2530 4171 2858 4237 corradatis,
2888 4186 2955 4226 ne
2992 4186 3024 4226 a
3052 4171 3332 4227 viliSsimis
3358 4172 3491 4242 qui:

1917 4270 2041 4331 dem.
2103 4266 2425 4323 muneribus
2489 4264 2858 4329 abstinentes;
2930 4260 2983 4316 id
3050 4262 3196 4318 enim
3258 4262 3483 4318 denotat

236 4366 424 4435 νήτων
446 4359 686 4421 ἀδικίας,
713 4356 1012 4427 λημμάτων
1032 4355 1129 4425 μὲν
1148 4354 1270 4410 οὐδὲ
1291 4353 1400 4407 τῶν
1425 4353 1807 4415 εὐτελεστάτων

1919 4362 2109 4425 dictio,
2140 4373 2240 4429 pro
2267 4355 2689 4423 calceamentis;
2722 4362 2886 4423 atque
2917 4368 2983 4407 ex
3007 4352 3247 4423 qualibet
3273 4368 3484 4409 merca—

232 4454 582 4525 ’ἀπεχόμενοι
601 4468 615 4481 ⁸
641 4449 802 4502 τοῦτο
820 4448 928 4518 γὰρ
938 4447 1083 4515 λέγει
1096 4445 1176 4510 τὸ,
1196 4465 1214 4497 ι
1239 4446 1354 4504 ἀνθ’
1373 4445 1733 4516 ὑποδημάτων
1758 4463 1773 4478 ·
1794 4464 1814 4499 ι

236 4547 357 4601 ἀπὸ
401 4543 614 4606 παντὸς
655 4541 713 4595 δὲ
760 4539 1206 4610 συναλλάγματος
1251 4537 1583 4601 σκοποῦντες
1610 4539 1662 4591 τί
1697 4539 1825 4609 ὑμῖν

237 4638 697 4711 προσγενήσεται
718 4632 907 4705 κέρδος
926 4649 940 4663 ·
963 4631 1122 4685 τοῦτο
1145 4629 1254 4702 γὰρ
1282 4630 1429 4699 λέγει
1456 4630 1687 4692 τὸ,ιὰπὸ
1720 4632 1823 4685 πά-

238 4710 350 4805 σης
376 4731 638 4803 πράσεως
658 4710 1325 4798 ὲμπορευσόμεθα.›Κατὰ
1361 4721 1426 4792 δὴ
1444 4721 1646 4792 ταύτης
1673 4720 1827 4792 ὑμῶν

236 4829 347 4900 τῆς
374 4820 759 4894 ὑπηρεφανίας
788 4815 1186 4889 (ὑπερηφανίαν
1205 4813 1314 4885 γὰρ
1341 4812 1594 4885 ὀνομάζει
1618 4814 1717 4883 τὴν
1744 4815 1824 4879 είς

239 4921 379 4981 τοὺς
402 4918 645 4986 πένητας
688 4909 919 4974 ἀδικίαν,
947 4908 1015 4979 ἣν
1062 4903 1377 4977 εἰργάζοντο
1418 4902 1493 4974 μὴ
1519 4902 1825 4971 συλλογιζόο

240 5015 411 5085 μενοι
430 5008 527 5061 τοῦ
542 5004 681 5059 Θεοῦ
698 5004 798 5074 τὴν
816 4998 989 5071 δίκην)
1019 4996 1292 5066 ἀπόφασιν
1318 4995 1574 5085 ἐξήνεγκε
1603 4994 1825 5063 βεσαίαν

234 5084 267 5159 ὁ
300 5102 447 5163 Θεὸς
470 5099 566 5152 καὶ
592 5095 1013 5167 ἀμετάπτωτον·
1043 5088 1105 5141 τὸ
1128 5086 1259 5157 γὰρ,
1298 5105 1317 5137 ι
1346 5084 1534 5156 ὀμνύει
1564 5085 1819 5157 Κύριος,›

232 5195 417 5251 τοῦτο
449 5190 619 5261 δηλοῖ,
636 5189 712 5251 ώς
728 5186 789 5239 ού
803 5180 1114 5254 παραδώσει
1143 5178 1279 5250 λήθῃ
1303 5177 1581 5240 παντελῶς
1604 5176 1675 5229 τὰ
1695 5176 1825 5247 παρ’

234 5286 441 5344 αὐτῶν
490 5281 780 5352 γινόμενα“
820 5275 978 5347 μόνον
1010 5272 1067 5325 δὲ
1116 5269 1238 5339 οὐχὶ
1279 5270 1457 5322 πᾶσαν
1502 5269 1833 5339 συγκινήσας

231 5382 349 5450 τὴν
364 5377 501 5448 γῆν,
527 5369 803 5432 τοσούτοις
831 5368 897 5437 τῇ
927 5364 1034 5418 τῶν
1058 5360 1331 5431 πολεμίων
1353 5359 1527 5430 ἐφόδῳ
1549 5356 1833 5450 περιϐαλεί

232 5447 366 5536 τοῖς
395 5469 613 5531 κακοῖς,
639 5463 783 5516 ῶστε
810 5457 995 5513 πένθει
1021 5450 1349 5522 κατέχεσθαι
1382 5451 1605 5516 πάντας,
1641 5449 1733 5503 ἐπὶ
1756 5447 1833 5519 τῷ

236 5564 486 5640 μεγέθει
504 5559 602 5629 τῆς
625 5551 958 5620 ἐπελθούσης
986 5548 1168 5640 αὐτοῖς
1197 5545 1511 5640 συμφορᾶς·
1544 5543 1699 5640 δίκην
1726 5540 1835 5640 γὰρ

409 5653 530 5710 κατ’
574 5651 849 5719 Αιγυπτον
889 5639 1133 5713 ποταμοῦ
1163 5634 1617 5711 πλημμυροῦντός
1649 5650 1707 5687 τε
1737 5632 1831 5687 καὶ

1920 4464 2043 4509 tura
2104 4450 2308 4522 aliquid
2363 4449 2564 4504 lucrari
2627 4453 2902 4502 curantes.
2954 4444 3008 4499 ld
3054 4445 3255 4515 quippe
3303 4446 3486 4501 valent

1918 4544 2082 4600 verba
2118 4561 2131 4597 :
2163 4540 2310 4597 omni
2350 4536 2681 4594 venditionis
2728 4549 2925 4606 genere
2958 4534 3315 4605 negotiemur.
3364 4533 3486 4590 Jam

1923 4637 2188 4691 adversus
2211 4632 2351 4685 hanc
2372 4637 2606 4684 vestram
2638 4625 2947 4696 superbiam
2980 4624 3314 4696 (superbiam
3339 4624 3487 4679 enim

1924 4725 2171 4781 nominat
2216 4720 2540 4790 injustitiam
2589 4725 2784 4773 contra
2837 4731 3124 4788 pauperes,
3160 4730 3321 4785 quam
3359 4728 3485 4784 per-

1929 4816 2235 4888 petrabant,
2272 4812 2340 4867 de
2363 4810 2455 4866 Dei
2484 4809 2724 4864 vindicta
2770 4823 2879 4862 non
2912 4806 3234 4876 cogitantes)
3271 4805 3487 4858 firmum

1931 4907 2056 4962 tulit
2084 4904 2227 4960 Deus
2256 4903 2538 4958 decretum
2564 4907 2728 4969 atque
2751 4897 3106 4952 immutabile.
3131 4895 3262 4948 Nam
3296 4893 3487 4955 dictio.

1926 4999 2077 5069 jurat
2126 4992 2409 5052 Dominus,
2447 4989 2553 5043 hoc
2597 4986 2884 5059 signiﬁcat,
2918 4982 3062 5053 quod
3105 4981 3327 5036 omnino
3352 4979 3491 5032 obli-

1931 5090 2080 5146 vioni
2128 5102 2236 5142 non
2289 5082 2469 5137 tradet
2512 5080 2652 5137 facta
2708 5080 2924 5134 illorum
2957 5094 2971 5130 :
3002 5074 3112 5129 imo
3163 5081 3277 5127 toto
3322 5070 3492 5127 veluti

1931 5190 2199 5235 terrarum
2233 5174 2365 5230 orbe
2401 5178 2697 5230 commoto,
2748 5168 2915 5222 tantis
2961 5180 3057 5220 eos
3108 5179 3204 5235 per
3252 5162 3492 5218 hostium

1928 5267 2299 5326 incursionem
2330 5264 2527 5318 obruet
2574 5258 2753 5321 malis,
2800 5264 2859 5310 ut
2901 5269 3092 5309 omnes
3134 5254 3188 5308 in
3224 5253 3372 5307 luctu
3405 5249 3493 5304 fu-

1930 5362 2035 5419 turi
2101 5358 2232 5417 sint.
2294 5351 2667 5425 magnitudine
2722 5346 2899 5419 pressi
2949 5345 3298 5400 calamitatis.
3346 5340 3494 5395 More

1930 5450 2074 5507 enim
2110 5444 2416 5518 Egyptiaci
2463 5440 2703 5496 fluminis
2737 5436 3055 5493 inuudantis
3088 5445 3296 5492 et-mox
3343 5446 3495 5499 rece-

1931 5539 2136 5603 dentis,
2187 5536 2407 5591 invadet
2461 5547 2559 5588 vos
2632 5529 2806 5584 hostis
2868 5528 3193 5598 generaliter
3249 5532 3493 5586 vastans,

1938 5628 2511 5703 compreltendensque
2572 5623 2819 5694 captivos
2883 5621 2949 5675 ad
3016 5634 3169 5678 suam
3220 5616 3497 5688 regionem
