3976 6226
464 289 571 348 Ξθδ

1658 280 2007 341 THEODORI
2040 281 2520 340 MOPSUESTEM

3603 268 3720 338 9.96

468 400 794 471 asportabit.
830 398 987 453 Tunc
1020 414 1173 466 vero,
1208 396 1419 470 inquit,
1463 398 1546 454 sol
1584 398 1815 455 meridie
1847 400 2046 455 obscu-

2146 397 2308 451 πᾶλιν
2326 397 2750 470 ὑποχωροῦντος,
2776 395 3129 452 ἐπελεύσεται
3161 370 3223 449 τε
3259 396 3384 467 ὑμῖν
3406 372 3721 469 όπολέμιος

467 504 619 549 ratus
684 492 957 545 videbitur
1025 491 1094 546 iis
1149 492 1245 560 qui
1296 492 1353 545 in
1404 490 1675 562 angustiis
1718 502 2040 555 versantur;

466 583 819 652 tenebrisque
877 597 1070 638 omnes
1137 596 1197 637 se
1257 583 1434 638 teneri
1500 584 1774 653 putabunt
1822 592 2045 652 propter

470 674 736 727 malorum
796 671 1247 741 magnitudinem.
1310 671 1465 727 Tunc
1545 672 1769 728 omissis
1828 673 2043 729 vitiosis

468 763 932 825 solemnitatibus,
986 762 1156 817 luctui
1210 763 1604 819 vacabitiszet
1658 778 1758 834 pro
1801 764 2041 835 antiquis

467 855 724 917 canticis,
744 855 910 925 largo
942 853 1092 909 lletui
1119 853 1472 924 indulgebitis
1502 873 1516 908 :
1556 869 1656 924 pro
1688 855 1839 910 molli
1865 863 2039 923 veste,

468 959 634 999 sacco
666 944 968 1000 induemini
1019 946 1366 1015 praesentium
1416 947 1684 1001 malorum
1729 947 1909 1004 indice
1941 966 1955 1004 :
1987 958 2042 1004 et

471 1045 654 1091 vetere
696 1037 895 1106 capitis
939 1044 1135 1090 ornatu
1174 1036 1401 1099 omisso,
1447 1038 1718 1093 calvitiem
1761 1040 1919 1095 malis
1948 1056 2042 1095 ve-

469 1126 600 1183 stris
626 1142 922 1198 congruam
969 1142 1091 1183 esse
1139 1128 1420 1197 putabitis.
1453 1128 1672 1194 Cuncti,
1704 1138 1766 1186 ut
1797 1137 2042 1186 summa-

468 1221 566 1274 tim
633 1219 835 1283 dicam,
897 1227 1158 1289 tanquam
1216 1220 1272 1274 in
1319 1221 1470 1274 luctu
1525 1220 1712 1277 dilecti
1764 1222 2037 1293 unigeniti

472 1320 694 1381 propter
720 1312 1121 1367 excruciantem
1164 1310 1409 1366 dolorem
1448 1312 1680 1384 degetis,
1718 1314 2040 1369 incumben-

466 1404 606 1473 tium
638 1402 793 1458 vobis
826 1403 1093 1457 malorum
1124 1404 1562 1481 magnitudinem
1614 1406 2036 1476 complorantes.

471 1493 608 1547 Tum
637 1501 693 1549 et
730 1493 835 1548 alia
866 1502 1062 1564 praeter
1096 1494 1210 1549 haec
1259 1503 1542 1560 eventura,
1593 1497 1846 1567 graviora
1882 1496 2037 1568 133
2084 1572 2087 1575 Α

468 1583 649 1637 adhuc
689 1583 1008 1653 signiﬁcans
1054 1584 1337 1655 prapheta,
1376 1582 1634 1651 Venient,
1671 1588 1866 1657 inquit,
1896 1590 2036 1652 dies,

469 1676 673 1744 quibus
713 1690 820 1730 non
868 1677 1094 1745 penuria
1135 1685 1347 1732 tantum
1384 1677 1491 1733 cibi
1524 1687 1795 1750 potusque
1823 1680 2037 1735 labora-

469 1769 623 1831 bitis,
655 1768 749 1824 sed
790 1776 844 1823 et
890 1766 1270 1839 gravissimam
1314 1770 1475 1825 aliam
1530 1772 1811 1843 patiemini
1861 1788 2033 1844 penu-
2069 1759 2111 1816 Β

468 1859 632 1925 riam,
692 1860 819 1928 quia
873 1874 1068 1928 nempe
1122 1861 1334 1915 nullum
1386 1862 1746 1933 impetrabilis
1795 1864 2035 1920 divinum

468 1951 774 2012 oraculum,
807 1966 874 2004 ex
911 1952 1100 2005 eorum
1149 1967 1398 2017 numero,
1442 1970 1564 2024 qua:
1611 1970 1707 2025 per
1748 1957 2039 2027 pr0pbetas

471 2043 586 2096 tieri
617 2044 885 2106 solebant,
927 2042 994 2097 ad
1040 2059 1477 2100 eruninosorum
1527 2048 1805 2103 solatium.
1837 2050 1925 2104 Ait
1956 2052 2038 2105 ni-

470 2132 695 2195 mirum,
734 2134 879 2203 quod
925 2135 1089 2189 etiam
1125 2134 1268 2204 apud
1313 2135 1531 2190 beatum
1579 2135 1773 2193 Oscam
1806 2140 2040 2210 praphe-

472 2235 584 2279 tam
635 2227 882 2282 dicitur:
932 2244 954 2277 ι
1009 2227 1285 2281 Sedebunt
1336 2227 1427 2282 lilii
1465 2228 1680 2286 lsraelis
1722 2231 1841 2288 sine
1890 2248 2037 2305 rege,

471 2318 593 2373 sine
641 2320 983 2388 magistratu,
1032 2321 1154 2375 sine
1209 2320 1503 2385 sacriﬁcio,
1543 2321 1664 2377 sine
1710 2323 1889 2390 altari,
1921 2326 2041 2381 sine

472 2410 800 2475 sacerdotio,
849 2412 970 2467 sine
1016 2412 1304 2469 oraculis:
1349 2434 1365 2464 ι
1418 2414 1617 2484 quibus
1654 2417 1835 2473 verbis
1872 2418 2045 2489 signi-

474 2505 597 2556 ﬁcat
633 2513 827 2557 cuncta
873 2505 987 2559 haec
1030 2506 1363 2575 captivitatis
1413 2506 1753 2578 Babylonica;
1799 2519 2041 2581 tempore

471 2596 645 2650 fuisse
675 2596 914 2650 sublata.
961 2592 1105 2652 Idem
1134 2612 1264 2651 vero
1296 2614 1441 2653 nunc
1494 2601 1757 2671 propheta
1802 2604 2038 2667 nuntiat,

471 2702 669 2756 nempe
719 2705 733 2742 :
789 2690 1052 2743 aerumnis
1107 2692 1417 2757 trademini,
1468 2705 1522 2747 ct
1574 2692 1704 2748 tunc
1752 2696 2041 2763 praphetas

471 2779 746 2848 expetitis,
807 2794 947 2848 quos
992 2794 1138 2834 nunc
1203 2782 1508 2852 negligitis;
1568 2788 1710 2839 scire
1760 2786 2041 2855 cupientes

471 2889 603 2929 num
658 2874 840 2943 aliqua
890 2875 946 2929 in
1000 2877 1195 2932 melius
1252 2880 1608 2933 commutatio
1651 2895 1750 2934 vos
1801 2889 2036 2935 maneat.

476 2982 497 3015 ι
538 2963 1042 3020 Commovebuntur
1088 2981 1245 3035 aqua:
1292 2984 1322 3020 a
1366 2967 1506 3021 mari
1542 2983 1715 3039 usque
1740 2967 1806 3022 ad
1840 2984 1992 3024 mare
2025 2988 2038 3024 :

473 3072 504 3109 a
534 3055 701 3109 borea
734 3056 801 3109 ad
826 3057 1089 3113 orientem
1119 3058 1437 3114 discurrent
1476 3068 1784 3129 quaerentes
1813 3061 2038 3116 verbum

476 3147 711 3212 Domini,
757 3154 936 3217 neque
985 3147 1036 3203 id
1096 3150 1392 3204 invenient.
1437 3166 1457 3202 ι
1503 3149 1561 3204 ld
1603 3161 1709 3215 est,
1739 3153 1921 3207 omnis
1956 3153 2047 3207 illa
2074 3116 2115 3172 ϐ

472 3235 691 3309 lsraelis
724 3238 1009 3294 innumera
1039 3240 1335 3295 multitudo
1378 3243 1613 3311 sparsim
1645 3243 1847 3311 ubique
1876 3244 2049 3313 agita-

473 3329 642 3393 bitur,
679 3340 930 3400 quaerens
986 3347 1056 3386 an
1088 3332 1303 3403 uspiam
1347 3335 1613 3405 propheta
1649 3335 1849 3405 aliquis
1880 3332 2049 3405 appa-

474 3432 611 3488 real,
645 3422 737 3477 Dei
770 3425 1044 3479 voluntate
1076 3426 1341 3481 nuntians
1389 3427 1492 3481 sibi
1541 3435 1845 3493 eventura;
1883 3443 2047 3498 quem

473 3522 655 3570 tamen
703 3525 835 3572 tunc
867 3534 976 3573 non
1011 3518 1315 3574 invenient.
1382 3517 1608 3587 Deinde,
1669 3521 1892 3590 peribit,
1950 3522 2047 3588 ait,

476 3607 723 3664 funditus
769 3610 1033 3681 quidquid
1106 3626 1256 3665 nunc
1313 3611 1837 3681 prastantissimum
1890 3612 2052 3669 vobis

474 3700 689 3755 videtur
718 3712 771 3757 et
792 3701 1161 3758 desiderabile
1182 3703 1465 3772 :peribunt
1498 3713 1694 3759 vestra:
1726 3719 1875 3759 nunc
1901 3706 2048 3760 oumi

473 3809 607 3846 cura
642 3795 935 3849 custodita:
963 3795 1201 3866 virgines
1234 3813 1248 3849 :
1281 3797 1538 3866 peribunt
1567 3796 1731 3851 etiam
1763 3795 2051 3854 formosis-

475 3886 870 3953 simijuvenes.
912 3885 1036 3942 Haec
1062 3895 1242 3942 autem
1273 3904 1437 3958 quam
1488 3889 1560 3943 ob
1602 3902 1827 3945 causam
1872 3890 2047 3960 patie-

478 3976 654 4030 mini?
697 3996 715 4027 ι
748 3974 852 4042 Qui
900 3979 1089 4048 jurant
1144 3994 1240 4049 per
1274 3980 1713 4050 propitiationem
1768 3979 2048 4045 Samaria),

2146 489 2397 553 ἅπαντας
2416 490 2560 565 ὑμᾶς
2578 486 2932 553 ἀπολλὺς,καὶ
2949 487 3013 559 δὴ
3031 487 3124 541 καὶ
3143 486 3322 540 λαόὼν
3338 488 3724 557 αἰχμαλώτους

2142 582 2235 634 ἐπὶ
2257 582 2356 652 τὴν
2377 581 2582 635 οἰκείαν
2601 580 2797 647 ἀπάξει
2828 578 3030 652 χώραν.
3056 581 3188 632 Τότε
3218 579 3300 650 δὴ,
3333 582 3514 650 φησὶν,
3551 583 3581 634 ὁ
3611 582 3719 653 μὲν

2126 674 2289 745 ἥλιος
2321 677 2394 743 (p.
2432 673 2560 741 ΞΜ)
2588 674 2645 726 ὲν
2677 668 2756 741 τῷ
2788 666 3101 743 μεσαιτάτῳ
3127 671 3227 741 τῆς
3257 670 3470 741 ἡμέρας
3498 673 3718 745 ἀφανὴς

2142 760 2280 819 εἶναι
2322 764 2463 830 δόξει
2502 768 2615 828 τοῖς
2658 766 2717 818 ὲν
2760 764 3025 833 ἀνάγκαις
3062 763 3395 817 καθεστῶσι*
3429 765 3616 828 σκότος
3656 766 3718 819 δὲ

2140 856 2385 920 ἅπαντας
2434 855 2561 919 τοὺς
2600 855 2694 909 ἐπὶ
2746 854 2847 924 τῆς
2890 855 2996 925 γῆς
3038 854 3177 921 δόξει
3208 856 3483 924 κατέχειν,
3534 854 3623 908 διὰ
3653 857 3721 908 τὸ

2142 947 2368 1016 μέγεθος
2394 946 2502 1000 τῶν
2528 946 2731 1001 κακῶν.
2762 947 2871 1001 Καὶ
2894 947 2991 1009 τάς
3016 947 3112 1018 μὲν
3140 946 3489 1018 παρανόμους
3518 945 3720 1017 ἑορτάς

2136 1038 2388 1107 ἀφέντες,
2418 1037 2494 1111 τῷ
2528 1039 2712 1093 πένθει
2738 1038 3030 1111 προσέξετε
3056 1055 3069 1069 ’
3114 1039 3234 1091 ἀντὶ
3255 1038 3312 1091 δὲ
3339 1038 3446 1091 τῶν
3469 1037 3719 1092 παλαιῶν

2139 1130 2401 1201 ᾀσμάτων
2436 1130 2617 1201 θρήνῳ
2670 1128 2939 1201 χρήσεσθε
2996 1128 3177 1198 πολλῷ
3199 1146 3212 1160 ·
3247 1129 3368 1182 ἀντὶ
3396 1128 3453 1182 δὲ
3478 1129 3577 1199 τῆς
3607 1146 3719 1198 μα-

2138 1223 2311 1295 λακῆς
2364 1223 2611 1294 ἐσθῆτος,
2662 1224 2864 1277 σάκκον
2904 1221 3264 1293 περιθήσεσθε
3298 1223 3388 1274 ἐπὶ
3420 1220 3496 1291 τῷ
3528 1220 3722 1273 πένθει

2137 1313 2246 1367 τῶν
2297 1314 2582 1385 παρόντων
2618 1312 2836 1366 κακῶν·
2874 1311 2967 1364 τοῦ
3004 1311 3062 1364 δὲ
3110 1309 3337 1364 παλαιοῦ
3378 1309 3584 1380 κόσμου
3612 1307 3721 1377 τῆς

2134 1404 2384 1475 κεφαλῆς
2429 1404 2821 1475 ἀμελήσαντες,
2866 1404 2965 1472 τὴν
3012 1400 3299 1472 ἀφαίρεσιν
3333 1399 3444 1453 τῶν
3486 1400 3719 1471 τριχῶν,

2136 1499 2212 1563 ὡς
2242 1499 2299 1550 ὲν
2324 1496 2596 1559 τοσούτοις
2617 1496 2745 1567 ὑμῖν
2774 1492 3034 1566 ἁρμόζειν
3059 1488 3307 1563 οίήσεσθε
3334 1495 3445 1553 τοῖς
3481 1493 3678 1555 κακοῖς
3702 1508 3717 1521 ·

2136 1591 2373 1654 ἅπαντές
2400 1608 2481 1656 τε,
2524 1589 2804 1659 συντόμως
2836 1588 3031 1647 εἰπεῖν,
3064 1585 3139 1648 ὡς
3169 1585 3261 1637 ἐπὶ
3274 1583 3459 1636 πένθει
3490 1598 3723 1653 μονογε·

2135 1686 2261 1748 νοῦς
2296 1684 2413 1738 υἱοῦ
2446 1682 2807 1754 ἠγαπημένον
2834 1678 3171 1734 διατελέσετε
3193 1677 3298 1730 ὑπὸ
3323 1677 3423 1747 τῆς
3454 1674 3724 1749 κατεχού-

2145 1794 2243 1848 σης
2269 1777 2481 1846 ὀδύνης,
2529 1776 2638 1829 τῶν
2697 1773 3058 1847 περιεχόντων
3106 1771 3329 1833 ἑαυτοὺς
3354 1768 3543 1822 κακῶν
3581 1768 3723 1839 θρη-

2126 1870 2359 1933 ’νοῦντες
2376 1870 2436 1921 τὸ
2472 1867 2728 1938 μέγεθος·
2755 1866 2850 1920 καὶ
2888 1864 2957 1918 τά
3000 1863 3126 1934 ἑξῆς
3161 1862 3218 1915 δὲ
3241 1862 3334 1914 ὲπὶ
3358 1860 3572 1923 τούτοις
3600 1860 3725 1913 ἐσό-

2161 1979 2321 2033 μενα,
2347 1962 2422 2026 ὡς
2443 1959 2717 2032 βαρύτερα
2740 1956 2914 2027 δηλῶν
2937 1959 2965 2011 ὁ
2991 1958 3291 2027 προφήτης,
3327 1972 3346 2005 ι
3373 1953 3722 2024 Παρέσονται

2143 2055 2272 2125 γὰρ,
2310 2054 2495 2124 φησὶν,
2526 2052 2751 2124 ἡμέραι,
2785 2053 2842 2104 ὲν
2861 2047 2949 2114 αἷς
2976 2049 3074 2102 οὐκ
3113 2048 3288 2118 ἐνδείᾳ
3314 2046 3518 2118 τροφῆς
3546 2062 3606 2097 τε
3625 2044 3724 2097 καὶ

2144 2145 2309 2199 ποτοῦ
2339 2142 2723 2217 περιπεσεῖσθε
2760 2142 2940 2213 μόνον,
2972 2138 3106 2193 ἀλλὰ
3142 2139 3250 2208 γὰρ
3282 2136 3383 2206 τὴν
3411 2134 3724 2205 βαρυτάτην

2146 2234 2351 2289 ἔνδειαν
2410 2235 2753 2304 ὑπομενεῖτε,
2808 2230 2929 2283 οὐδὲ
3002 2229 3129 2300 μιᾶς
3185 2230 3367 2297 φωνῆς
3405 2223 3725 2294 ἀξιούμενοι

2146 2326 2318 2391 θείας,
2373 2327 2470 2397 τῆς
2522 2325 2609 2378 διὰ
2656 2321 2954 2395 προφητῶν
3016 2319 3268 2381 εἰωθυίας
3313 2315 3563 2387 γίνεσθαι
3626 2316 3727 2367 ἐπὶ

2143 2415 2468 2489 ψυχαγωγία
2490 2415 2597 2468 τῶν
2619 2418 2675 2468 ὲν
2716 2414 2907 2475 δεινοῖς
2937 2409 3299 2464 καθεστώτων
3318 2447 3332 2461 .
3350 2426 3368 2458 ι
3400 2406 3566 2475 Λέγει
3591 2400 3727 2457 δὲτὸ

2146 2510 2239 2562 καὶ
2268 2508 2418 2580 παρὰ
2436 2508 2512 2579 τῷ
2544 2506 2795 2579 μακαρίῳ
2820 2505 2985 2577 ῥηθὲν
3018 2502 3177 2573 Ὠσηὲ
3206 2500 3282 2571 τῷ
3305 2498 3712 2570 προφήτηΑ58)

2146 2601 2232 2653 ὅτι
2256 2604 2286 2651 ἰ
2318 2599 2662 2670 Καθήσονται
2685 2600 2733 2651 οἱ
2756 2598 2859 2651 υἱοὶ
2903 2594 3116 2665 Ἰσραὴλ
3136 2593 3235 2645 οὐκ
3255 2590 3403 2654 ὄντος
3432 2589 3724 2661 βασιλέως,

2145 2692 2265 2745 οὐδὲ
2305 2691 2455 2755 ὄντος
2498 2691 2778 2762 ἄρχοντος,
2808 2688 2928 2742 οὐδὲ
2972 2686 3137 2755 of:qu
3164 2684 3377 2747 θυσίας,
3411 2684 3532 2735 οὐδὲ
3569 2683 3725 2747 ὄντος

2147 2783 2550 2854 θυσιαστηρίου,
2603 2782 2723 2835 οὐδὲ
2751 2778 3179 2852 ίερατείας,ούδὲ
3213 2777 3409 2847 δήλων·
3439 2795 3458 2827 ι
3480 2776 3558 2846 (p.
3590 2775 3725 2845 20:!)

2147 2879 2203 2929 ὲν
2242 2870 2322 2940 οἷς
2352 2876 2603 2948 σημαίνει
2628 2874 2689 2927 τὸ
2721 2873 2856 2944 μετὰ
2880 2873 2979 2943 τὴν
3012 2870 3385 2942 αἰχμαλωσίαν
3408 2868 3505 2939 τὴν
3531 2871 3588 2921 ὲν
3611 2868 3728 2920 Βα-

2146 2967 2349 3021 ϐυλῶνι
2377 2968 2675 3039 γενομένην
2698 2967 2914 3020 ἅπαντα
2938 2964 3117 3018 αὐτῶν
3144 2962 3506 3036 ἀφαιρεθῆναι
3526 2958 3721 3015 ταῦτα.

2147 3057 2221 3111 Τὸ
2246 3057 2377 3112 αὐτὸ
2413 3057 2476 3126 δὴ
2505 3058 2599 3109 καὶ
2622 3056 2716 3109 νῦν
2748 3057 2776 3108 ό
2799 3057 3083 3126 προφήτης
3104 3053 3275 3124 δηλοῖ,
3293 3044 3374 3105 ὅτι
3397 3050 3727 3124 Παραδοθή-

2151 3147 2309 3200 σεσθε
2353 3150 2464 3210 τοῖς
2520 3146 2709 3206 κακοῖς
2731 3159 2745 3174 ·
2772 3144 2891 3197 τότε
2922 3147 3047 3208 τοὺς
3077 3145 3368 3215 προφήτας
3400 3143 3726 3213 ἐπιζητεῖτε

2147 3233 2221 3293 ὧν
2253 3238 2346 3292 νῦν
2381 3239 2664 3309 ἀμελεῖτε’
2709 3239 2802 3290 καὶ
2844 3237 3237 3309 ἐπιθυμοῦντες
3289 3235 3479 3307 μαθεῖν
3523 3233 3579 3286 εἴ
3600 3251 3728 3288 τινα

2152 3332 2454 3403 μεταδολὴν
2495 3333 2588 3385 ἐπὶ
2633 3333 2693 3386 τὸ
2742 3336 2988 3404 κρεῖττον
3039 3331 3248 3395 δέξεται
3288 3329 3357 3383 τά
3395 3329 3520 3383 καθ’
3550 3330 3725 3400 ὑμᾶς.

2134 3428 2172 3475 ⁴ι
2212 3424 2611 3495 Σαλευθήσεται
2654 3424 2785 3497 γάρ,
2828 3425 2983 3493 φησι,
3010 3424 3080 3477 τά
3106 3422 3275 3476 ῦδατα
3311 3421 3419 3475 ἀπὸ
3444 3419 3729 3492 θαλάσσης

2147 3516 2254 3581 ἕως
2317 3516 2615 3587 θαλάσσης,
2670 3518 2762 3571 καὶ
2795 3516 2901 3569 ἀπὸ
2936 3515 3105 3588 βορρᾶ
3136 3513 3240 3578 ἕως
3268 3512 3543 3567 ἀνατολῶν
3565 3530 3730 3583 περισ-

2147 3609 2478 3681 δραμοῦνται
2532 3608 2820 3681 ζητοῦντες
2869 3609 2960 3663 τὸν
2988 3609 3144 3677 λόγον
3169 3608 3396 3679 Κυρίου,
3425 3607 3518 3659 καὶ
3552 3604 3614 3659 οὐ
3649 3605 3729 3678 μὴ

2148 3700 2382 3772 εὕρωσιν
2410 3701 2595 3756 αὐτόν.
2626 3722 2646 3753 ι
2684 3702 2801 3755 Ἵνα
2825 3701 2953 3775 εἴπῃ
2985 3702 3067 3754 ὅτι
3090 3701 3199 3754 πᾶν
3222 3700 3281 3754 τὸ
3304 3698 3509 3769 πλῆθος
3544 3701 3731 3752 ἐκεῖνο

2148 3794 2242 3848 τοῦ
2294 3794 2512 3867 Ἰσραὴλ
2546 3795 2605 3849 τὸ
2634 3795 2860 3867 ἄπειρον
2918 3795 3176 3859 ποικίλως
3222 3793 3731 3866 διαταραχθήσεται

2148 3886 2487 3956 ἁπανταχοῦ,
2521 3886 2715 3957 ζητοῦν
2755 3887 2858 3940 ποῦ
2882 3906 2965 3952 τις
2986 3890 3272 3958 προφήτης
3303 3889 3552 3957 φανεῖται
3580 3889 3731 3940 κατὰ

2149 3979 2374 4049 γνώμην
2408 3975 2545 4031 Θεοῦ
2586 3978 2804 4049 μηνύων
2831 3980 3011 4044 αὐτοῖς
3044 3980 3112 4033 τὰ
3144 3982 3376 4051 ἐσόμενα
3394 3998 3406 4010 °
3432 3976 3603 4051 οὗπερ
3630 3977 3730 4037 οὗν

476 4066 776 4136 dicuntque
800 4085 826 4135 ,ι
864 4065 1009 4120 Vivit
1044 4066 1187 4123 Deus
1238 4067 1388 4134 Dan;
1436 4078 1490 4123 et
1548 4071 1678 4123 vivit
1722 4071 1863 4125 Deus
1899 4081 2048 4136 tuus,

480 4155 747 4211 Bersabea
794 4173 807 4208 :
862 4164 916 4211 et
973 4157 1192 4221 cadent,
1250 4165 1304 4212 ct
1364 4173 1471 4211 non
1518 4168 1825 4230 resurgent.
1857 4180 1876 4213 ι
1913 4161 2050 4227 Quia

476 4249 750 4303 derelicto
781 4246 890 4303 Deo
919 4249 1163 4302 omnium
1199 4247 1451 4313 Domino,
1482 4249 1744 4306 Samaria
1784 4253 1927 4306 idola
1963 4268 2052 4308 ve-

2149 4072 2210 4124 ού
2240 4071 2516 4138 τεύξονται
2547 4072 2688 4125 τότε.
2719 4069 2873 4136 Εἶτα,
2917 4073 3101 4143 φησιν,
3130 4072 3557 4145 ἀφανισθήσεται
3588 4092 3733 4127 παν-

2150 4163 2318 4227 τελῶς
2341 4166 2449 4218 πᾶν
2472 4166 2499 4218 ὅ
2523 4182 2573 4217 τι
2596 4156 2878 4219 κάλλιστον
2896 4166 3022 4237 ὑμῖν
3040 4166 3285 4235 φαίνεται
3312 4165 3406 4219 νῦν
3434 4160 3526 4221 καὶ
3556 4183 3732 4221 σπου·-

2149 4253 2247 4324 δῆς
2266 4253 2434 4319 ἄξιον.
2478 4254 2826 4309 Ἀπολοῦνται
2858 4259 2957 4327 μὲν
2978 4256 3085 4328 γὰρ
3111 4260 3166 4311 αί
3208 4258 3345 4327 μετά
3376 4257 3573 4327 πολλῆς
3594 4260 3727 4312 ἐπι-

480 4340 659 4394 nerari
706 4342 1053 4404 studuerunt,
1099 4356 1273 4410 eaque
1311 4340 1539 4396 deorum
1590 4343 1913 4400 nominibus
1956 4360 2046 4415 ap-

2156 4346 2375 4417 μελείας
2404 4346 2498 4400 νῦν
2551 4347 3013 4419 παρθενευόμεναι
3057 4350 3188 4420 παρ’
3222 4351 3369 4416 ὑμῖν,
3394 4349 3729 4403 ἀπολοῦνται

479 4430 850 4498 pellaverunt;
886 4432 1009 4486 ideo
1031 4441 1290 4486 corruent
1331 4431 1487 4503 lapsu
1515 4448 1745 4503 prorsus
1779 4435 2046 4506 irrepara-

2152 4439 2207 4492 δὲ
2224 4439 2318 4492 καὶ
2344 4441 2391 4493 οἱ
2409 4439 2500 4492 ἐπὶ
2520 4440 2731 4511 νεότητι
2754 4439 2989 4511 μάλιστα
3019 4439 3439 4516 θαυμαζόμενον
3465 4445 3730 4497 πείσεσθε

479 4518 596 4572 bili.
634 4518 837 4574 Deinde
870 4522 1031 4574 aliam
1069 4522 1261 4576 recitat
1292 4522 1679 4580 revelationem
1715 4540 1729 4576 :

2152 4531 2207 4583 δὲ
2233 4530 2405 4585 ταῦτα
2430 4530 2571 4603 ὑπὲρ
2595 4531 2762 4597 τίνος;
2787 4533 2879 4585 «Οἱ
2902 4532 3193 4602 ὀμνύοντες
3219 4535 3360 4588 κατὰ
3377 4535 3469 4588 τοῦ
3488 4536 3728 4607 ἱλασμοῦ

483 4610 813 4681 Σαμαρείας,
868 4613 963 4667 καὶ
1011 4612 1261 4681 λέγοντες
1285 4630 1300 4646 ⁸
1326 4616 1401 4687 Ζῇ
1435 4617 1464 4669 ό
1496 4616 1615 4679 θεὸς
1644 4618 1771 4684 Δάν,
1807 4619 1900 4674 καὶ
1944 4619 2010 4692 ζῇ
2051 4622 2079 4673 ὁ
2118 4621 2239 4687 θεός
2274 4628 2368 4677 σου
2411 4624 2683 4696 Βερσαόέε
2704 4641 2717 4655 ο
2748 4625 2843 4679 καὶ
2874 4625 3197 4689 πεσοῦνται,
3242 4629 3336 4682 καὶ
3368 4630 3428 4681 οὐ
3476 4630 3553 4699 μὴ
3587 4631 3729 4683 ἀναο

483 4705 680 4757 στῶσιν
707 4705 807 4758 ἔτι.
850 4725 869 4757 ι
900 4707 1070 4779 ’Υπὲρ
1096 4702 1171 4762 ὧν
1193 4710 1421 4780 ἀφέντες
1452 4710 1583 4767 Θεὸν
1610 4712 1699 4766 τὸν
1727 4713 1822 4766 τοῦ
1848 4715 2047 4779 παντὸς
2075 4716 2301 4789 Κύριον,
2330 4719 2397 4772 τὰ
2439 4720 2495 4771 ὲν
2532 4718 2817 4790 Σαμαρείᾳ
2851 4719 3043 4774 εἴδωλα
3075 4702 3399 4791 θεραπεύειν
3437 4720 3727 4783 ἔσπευδον.

478 4799 573 4850 καὶ
611 4794 786 4851 ταῦτα
831 4799 1053 4853 ἐκάλουν
1096 4803 1252 4869 θεούς
1276 4823 1291 4840 ο
1338 4806 1477 4880 ὑπὲρ
1516 4806 1720 4862 τούτων
1756 4810 2048 4867 πεσοῦνται
2083 4814 2285 4884 πτῶμα
2327 4814 2651 4885 ἀδιόρθωτον
2690 4814 2988 4878 παντελῶς.
3026 4812 3159 4868 Εἶτα
3197 4816 3357 4871 πάλιν
3382 4816 3734 4886 ἀποκάλυψιν

478 4892 672 4965 ἑτέραν
704 4893 852 4963 λέγει
874 4912 887 4925 ο

1124 4991 1273 5046 CAP.
1315 4993 1406 5050 1X.

2794 4998 2949 5050 ΚΕΦ.
3001 4995 3077 5049 Θ¹.

558 5076 714 5161 134
738 5077 904 5134 Vens.
953 5080 1064 5135 l-5.
1101 5110 1170 5120 -
1224 5102 1242 5134 ι
1301 5083 1424 5140 Vidi
1474 5086 1758 5143 Dominum
1808 5097 2044 5146 stantem

2200 5070 2373 5160 ⁵ὶ.ἰτ.χ.
2398 5088 2544 5158 α’-γ’.
2576 5120 2643 5133 --
2682 5109 2699 5141 ι
2737 5086 2893 5145 Εἶδον
2943 5090 3033 5144 τὸν
3059 5090 3260 5161 Κύριον
3301 5093 3584 5162 ἐφεστῶτα
3638 5097 3738 5148 ἐπὶ

484 5184 647 5237 super
679 5172 867 5225 altare.
917 5171 982 5228 Et
1024 5175 1161 5229 dixit
1196 5194 1208 5229 :
1243 5174 1476 5233 Percute
1522 5195 1688 5250 super
1729 5183 2046 5252 propitiato-

2148 5183 2242 5235 τοῦ
2272 5182 2656 5253 θυσιαστηρίου
2678 5201 2690 5212 ·
2718 5183 2813 5236 καὶ
2843 5179 2962 5236 εἷπε
2989 5200 3000 5212 ·
3033 5184 3279 5249 Πάταξον
3306 5186 3398 5238 ἐπὶ
3417 5185 3478 5239 τὸ
3512 5185 3738 5259 ἱλαστὴ-

484 5259 648 5321 riutn,
674 5267 728 5310 et
774 5263 1258 5320 commovebuntur
1299 5268 1590 5325 vestibula.
1635 5270 1701 5324 Et
1743 5272 1875 5327 dixit
1914 5293 1926 5327 :
1963 5275 2046 5327 ln-

2156 5292 2289 5345 ριον,
2315 5279 2391 5345 (p.
2433 5276 2561 5346 205)
2594 5277 2689 5330 καὶ
2716 5275 3057 5345 σεισθήσεται
3084 5278 3152 5330 τά
3178 5277 3428 5348 πρόπυλα
3448 5295 3463 5310 ⁸
3497 5279 3595 5332 καὶ
3624 5280 3740 5335 διά-

486 5348 605 5402 cide
637 5347 689 5401 in
723 5351 900 5418 capita
925 5355 1168 5409 omnium
1204 5375 1218 5411 :
1249 5366 1303 5411 et
1332 5358 1571 5429 reliquos
1602 5377 1668 5417 ex
1706 5362 1838 5432 ipsis
1874 5364 2046 5434 gladio

2154 5367 2320 5435 κοψον
2361 5370 2441 5431 εἰς
2471 5368 2713 5437 κεφαλάς
2761 5369 2999 5432 πάντων,
3040 5369 3135 5424 καὶ
3195 5347 3321 5433 τοὺς
3362 5371 3738 5438 καταλοίπους

486 5441 752 5506 occidam,
803 5457 909 5495 non
965 5446 1185 5517 effugiet
1216 5465 1283 5506 ex
1332 5451 1431 5517 eis,
1468 5454 1562 5524 qui
1598 5454 1835 5526 fugerit;
1879 5474 2046 5527 neque

2153 5457 2332 5512 αὐτῶν
2387 5460 2443 5511 ὲν
2499 5460 2744 5530 ῥομφαίᾳ
2805 5458 3112 5512 ἀποκτενῶ·
3163 5461 3222 5512 ού
3269 5460 3343 5531 μή
3392 5460 3634 5533 διαφύγῃ
3669 5463 3740 5530 ἐξ

487 5533 786 5587 salvabitur
828 5549 892 5587 ex
932 5536 1033 5601 eis,
1080 5543 1172 5608 qui
1223 5543 1513 5602 incolumis
1559 5551 1809 5605 evaserit.
1849 5570 1865 5600 ι
1906 5549 2046 5615 Vidi,

2155 5550 2336 5605 αὐτῶν
2369 5550 2605 5621 φεύγων,
2636 5550 2728 5604 καὶ
2760 5550 2821 5604 ού
2857 5551 2931 5623 μὴ
2964 5551 3109 5622 σωθῇ
3140 5551 3198 5619 ἐξ
3236 5552 3415 5607 αὐτῶν
3449 5554 3742 5619 ἀνασωζό-

478 5698 491 5727 “⁴“
562 5706 608 5741 ⁸³
647 5712 771 5767 03c.
816 5713 955 5770 111.8.
