3976 6226
222 320 331 378 237

1259 314 1809 371 (ZOMMENTARll‘S
1850 310 1912 365 IN
1953 311 2160 366 AMOSI
2190 282 2343 369 die.
2385 311 2472 368 lx.

3395 310 3500 366 298

227 453 411 511 μενος.
452 454 472 486 ι
524 433 874 504 Ἐθεασάμην
912 431 1042 503 γὰρ,
1101 431 1286 502 φησιν,
1340 430 1552 485 ἑστῶτα
1580 430 1681 515 μὲν
1712 428 1820 500 πρὸ

1950 427 2127 496 nquit,
2178 434 2416 482 stantem
2462 443 2630 498 super
2678 427 2854 482 altare
2892 398 3099 489 Deum;
3149 438 3315 494 super
3364 423 3500 479 illud

223 525 320 580 τοῦ
351 522 745 593 θυσιαστηρίου
800 521 894 575 τὸν
918 520 1071 585 Θεὸν,
1101 519 1261 591 δῆλον
1282 522 1364 575 δτι
1390 520 1487 574 τοῦ
1521 522 1582 574 ὲν
1626 520 1824 591 Ἰερου-

227 617 441 687 σαλημ’
478 614 708 683 λέγοντα
767 614 827 668 δέ
880 631 968 685 μοι
1018 612 1224 683 πλῆξαι
1266 612 1328 666 τὸ
1368 612 1701 684 ἱλαστήριον,
1735 611 1824 665 ἵνα

228 707 469 781 εἷπῃ,τὺ
512 706 941 778 θυσιαστήριον*
977 705 1292 776 ἱλαστήριον
1337 704 1449 777 γάρ
1489 704 1623 759 αὐτὸ
1670 702 1825 757 καλεῖ

227 800 307 864 ὡς
354 800 449 854 ἐπὶ
504 800 756 870 ἱλασμοῖς
784 796 894 851 τῶν
943 796 1147 851 θυσιιῖιν
1183 795 1644 869 προσαγομένων·
1674 796 1733 849 ὲν
1766 795 1824 848 δὲ

228 893 309 964 τῷ
342 892 706 962 κελευσθῆναι
741 889 984 956 πατάξαι
1024 889 1117 943 τδν
1142 890 1450 961 προφήτην,
1482 891 1709 959 σημεῖον
1729 884 1824 940 τοῦ

231 983 619 1056 πληγήσεσθαι
645 999 708 1036 τε
761 981 895 1036 αὐτὸ
924 982 1016 1035 καὶ
1046 980 1359 1034 πείσεσθαι.
1403 980 1629 1048 Ἐπάγει
1654 977 1788 1049 γοῦν
1807 989 1823 1009 ⁵

237 1096 256 1128 ι
289 1077 401 1130 Καὶ
424 1074 860 1144 σεισθήσεταιτά
884 1072 1137 1143 πρόπυλα
1156 1089 1169 1102 ⁸
1207 1091 1225 1123 ι
1249 1072 1334 1125 ἴνα
1357 1075 1422 1126 ἐκ
1450 1071 1651 1143 μέρους
1673 1072 1823 1144 εἴπῃ,

230 1170 313 1222 δτι
360 1169 512 1229 ἄπας
559 1168 593 1219 ὁ
641 1165 768 1231 ναὸς
825 1163 1309 1235 διασαλευθήσεται
1353 1164 1470 1233 ἅμα
1513 1166 1579 1234 τῇ
1641 1162 1823 1233 πληγῇ

230 1258 410 1330 ταύτῃ
430 1273 443 1286 ·
477 1255 712 1327 ἐπείπερ
734 1256 949 1325 ἀνάγκη
979 1250 1048 1326 ἦν
1076 1257 1352 1308 κοινωνεῖν
1370 1254 1471 1324 τῆς
1502 1252 1706 1324 βλάϐης
1729 1251 1826 1306 τοῦ

232 1350 631 1423 θυσιαστηρίου
649 1348 743 1401 τὸν
771 1345 920 1401 οἷκον
950 1347 1087 1402 ὅλον.
1124 1346 1339 1417 Σημεῖά
1363 1362 1446 1410 τε,
1475 1344 1827 1417 φησὶν,ἕνθες

232 1442 358 1495 τινὰ
396 1443 522 1504 ταῖς
568 1439 828 1495 ἁπάντων
861 1438 1152 1507 κεφαλαῖς,
1181 1437 1258 1502 ὡς
1303 1437 1370 1491 ἂν
1402 1436 1487 1508 εἴη
1537 1435 1827 1507 γνώρισμα

232 1534 328 1587 τοῦ
352 1531 608 1587 ἐντεῦθεν
632 1532 734 1604 ἤδη
758 1528 1242 1600 κατασεσημωθαι
1268 1530 1503 1592 πάντας,
1542 1530 1618 1592 ὡς
1646 1545 1827 1600 παρα-

232 1624 635 1696 δοθησομένους
693 1623 793 1693 μὲν
840 1624 908 1693 τῇ
943 1620 1213 1692 ἀπωλείᾳ,
1234 1619 1444 1683 οὐδενὸς
1465 1619 1522 1672 δὲ
1545 1619 1826 1688 διαφευξο-

1923 518 2176 573 videlicet
2220 519 2366 589 quod
2421 518 2821 590 Hierosolymis
2852 523 3007 582 erat;
3052 523 3106 569 et
3153 513 3502 571 mandantem

1924 609 2057 663 mihi
2092 618 2150 665 ut
2182 610 2625 681 propitiatorium
2650 617 3011 681 perruterem,
3042 606 3189 677 quod
3219 621 3317 676 pro
3345 608 3501 662 altari

1923 700 2090 770 dicit;
2127 704 2567 774 prepitiatorium
2618 718 2815 773 nempe
2872 701 3223 772 appellatum,
3256 699 3384 769 quia
3430 700 3503 753 ibi

1924 795 2196 851 sacrificia
2242 797 2443 852 ﬁebant
2497 796 2566 852 ad
2619 796 3052 868 propitiandum.
3110 792 3268 859 Quod
3322 801 3504 846 autem

1921 887 2151 957 jubetur
2201 888 2468 959 propheta
2524 889 2653 943 illud
2713 895 3021 957 percutere,
3074 885 3339 940 indicium
3387 892 3507 939 erat

1928 980 2044 1035 fore
2071 988 2131 1034 ut
2161 996 2353 1050 reapse
2384 988 2770 1051 percuteretur
2795 988 2850 1033 et
2875 979 3114 1034 caderet.
3139 977 3305 1031 Addit
3327 992 3460 1048 ergo
3490 998 3503 1031 :

1933 1083 1952 1117 ι
1977 1064 2044 1121 Et
2058 1066 2844 1131 commovebunturvestibula,
2869 1090 2887 1121 ι
2922 1076 2980 1123 ιιι
3019 1069 3304 1123 nominata
3355 1077 3515 1135 parte

1928 1158 2079 1213 dicat
2107 1168 2282 1214 totum
2322 1162 2583 1232 templum
2634 1170 2955 1232 quassatum
3005 1159 3072 1215 iri
3129 1161 3231 1214 hac
3280 1175 3509 1230 percus-

1928 1250 2084 1306 sione
2120 1268 2137 1305 :
2173 1265 2400 1307 necesse
2432 1252 2578 1307 enim
2622 1261 2743 1307 erat
2787 1263 2843 1305 ut
2887 1252 3079 1306 altaris
3120 1252 3509 1306 detrimentum

1929 1342 2191 1399 universo
2237 1346 2440 1415 templo
2471 1360 2759 1400 commune
2787 1345 2960 1401 ﬂeret.
3000 1345 3065 1399 Et
3093 1346 3273 1416 signa,
3310 1343 3508 1414 inquit,

1929 1434 1984 1488 in
2031 1434 2278 1488 omnium
2333 1436 2608 1505 capitibus
2656 1452 2817 1508 pone,
2867 1445 2926 1491 ut
2974 1437 3177 1492 iudicia
3225 1436 3355 1497 sint,
3395 1436 3509 1504 jam

1930 1526 2132 1581 abhinc
2165 1542 2360 1583 onmes
2393 1528 2641 1599 signatos
2686 1544 2829 1593 esse,
2888 1538 2940 1582 ul
2985 1529 3155 1583 exitio
3199 1527 3535 1587 tradantur,

1928 1619 2063 1689 quin
2095 1620 2400 1689 periculum
2430 1619 2564 1674 illud
2588 1620 2881 1691 quisquam
2908 1620 3153 1690 effugiat.
3188 1620 3344 1676 Sicut
3365 1618 3511 1673 enim

238 1716 406 1787 μένου
428 1714 523 1767 τὸν
572 1712 820 1766 κίνδυνον
853 1713 1080 1765 ἐκεῖνον.
1125 1708 1214 1773 Ὦς
1246 1710 1356 1782 γάρ
1384 1709 1444 1762 ὲν
1467 1712 1534 1780 τῇ
1563 1709 1827 1781 Αἰγύπτῳ

1955 1728 1988 1766 ιι
2022 1711 2261 1784 Egypto
2289 1712 2505 1782 signum
2532 1708 2679 1767 Deus
2708 1712 2857 1767 dedit
2905 1713 3227 1782 sanguinem
3263 1712 3514 1781 postibus

237 1807 468 1875 σημεῖον
497 1802 698 1855 δέδωκε
750 1800 815 1855 τὸ
859 1799 1085 1854 ἐπὶτῶν
1126 1798 1296 1869 φλιῶν
1322 1797 1419 1853 τοῦ
1451 1799 1704 1870 αἵματος,
1751 1802 1832 1864 είς

1950 1804 2224 1859 lomorum
2275 1803 2493 1867 illitum,
2540 1803 2611 1859 ob
2655 1804 3075 1874 distinguendos
3112 1807 3231 1860 neci
3258 1805 3513 1860 addictos

235 1896 516 1967 διάκρισιν
535 1894 648 1946 τῶν
674 1909 736 1945 τε
774 1890 1164 1961 ἀπολλυμένων
1210 1891 1306 1944 καὶ
1328 1890 1438 1945 τῶν
1470 1889 1793 1962 σωζομένων
1815 1910 1828 1923 ·

238 1987 412 2049 om;
442 1984 685 2039 ἐνταῦθα
724 1982 936 2040 κελεύει
966 1986 1192 2055 σημεῖον
1222 1984 1385 2038 αὐτόν
1404 2002 1457 2038 τι
1490 1985 1584 2038 ἐπὶ
1611 1986 1711 2056 τῆς
1736 2004 1833 2040 κε-

239 2080 414 2151 φαλῆς
439 2079 544 2149 τῆς
573 2079 835 2134 ἀπάντων
861 2079 1086 2148 ποιῆσαι
1104 2077 1245 2131 κατά
1257 2077 1353 2149 τὴν
1370 2076 1718 2147 ἀποκάλυψιν
1733 2079 1835 2151 τὴν

240 2174 411 2238 θείαν,
453 2174 537 2236 είς
561 2171 841 2235 ἀπόδειξιν
894 2170 989 2224 τοῦ
1039 2171 1251 2235 πάντας
1308 2171 1708 2244 παραδεδόσθαι
1756 2171 1836 2243 τῷ

240 2267 492 2337 θανάτῳ’
518 2265 598 2335 (p.
651 2264 781 2335 204)
812 2260 982 2336 οὗπερ
1008 2264 1146 2335 πρὸς
1188 2264 1479 2335 βεσαίωσιν
1510 2265 1727 2337 ἐπάγει,
1753 2266 1837 2320 ὅτι

242 2358 363 2414 Κᾶν
413 2360 500 2421 είς
559 2357 653 2410 τὸν
715 2357 850 2428 ᾅδην
898 2356 1295 2428 κατενεχθῶσιν
1317 2397 1332 2422 ,
1377 2358 1587 2412 ἐκεῖθεν
1642 2358 1838 2422 αὐτοὺς

241 2450 460 2505 ἀνέλκω
486 2468 500 2482 ο
530 2448 635 2502 κᾶν
663 2451 745 2514 εἰς
774 2449 867 2503 τὸν
890 2449 1116 2520 οὐρανὸν
1139 2449 1457 2518 ἀνέλθωσιν,
1494 2452 1613 2505 ἐκεῖ
1637 2452 1839 2515 αὐτοὺς

246 2545 480 2612 κατάγω
504 2557 519 2572 ⁸
557 2542 666 2597 κᾶν
691 2544 772 2606 εἰς
794 2541 893 2605 τὰς
914 2541 1186 2606 διαδύσεις
1202 2542 1448 2615 κρυσῶσι
1479 2542 1575 2598 τοῦ
1600 2544 1837 2615 Καρμή-

243 2637 334 2689 λου
359 2636 476 2698 (ἵνα
526 2635 660 2706 εἴπῃ
706 2632 814 2686 τῶν
846 2633 1009 2704 ὀρῶν,
1041 2636 1106 2687 ἐκ
1156 2634 1357 2707 μέρους
1382 2634 1556 2703 λέγων
1580 2635 1644 2687 τὸ
1673 2635 1836 2704 πᾶν),

248 2726 579 2798 ἀνιχνεύσας
623 2728 821 2790 αὐτοὺς
881 2726 1086 2790 πάντας
1129 2726 1529 2799 παραδώσωτῇ
1560 2726 1840 2798 αἰχμαλω-

251 2819 376 2891 σίᾳ·
416 2821 527 2874 κᾶν
557 2818 652 2872 ἐπὶ
688 2817 751 2872 τὺ
781 2818 943 2889 βάθος
976 2818 1258 2873 ἀπέλθωσι
1287 2819 1387 2889 τῆς
1415 2817 1716 2888 θαλάσσης,
1752 2816 1844 2872 διὰ

251 2914 359 2967 τῶν
388 2912 605 2967 ἐκεῖθεν
633 2912 832 2976 αὐτοὺς
846 2911 1032 2966 ἀπολῶ
1059 2911 1295 2983 θηρίων·
1329 2912 1425 2965 καὶ
1458 2909 1600 2983 μετά
1622 2909 1683 2964 τὸ
1705 2908 1840 2980 πλῆ·

255 3007 346 3070 θος
367 3006 429 3060 δὲ
446 3005 562 3060 τῶν
590 3004 781 3059 κακῶν
804 2998 880 3058 ὧν
900 3003 1178 3058 πείσονται
1209 3003 1413 3068 πάντες
1443 3004 1525 3066 είς
1562 3001 1846 3073 αἰχμαλω-

256 3105 378 3158 σίαν
425 3097 791 3169 ἀπαχθέντες,
840 3097 1149 3190 εκεῖ-κατά
1188 3095 1285 3168 τὴν
1326 3093 1545 3167 ἐντολὴν
1574 3094 1675 3162 τὴν
1707 3092 1847 3164 ἐμὴν
1872 3131 1919 3190 c

257 3193 593 3251 ἀπολοῦνται
620 3190 694 3252 ὡς
733 3188 881 3254 είκός
901 3205 916 3219 ο
937 3182 1022 3253 οἷς
1052 3188 1248 3259 ἐπάγει
1271 3203 1288 3219 ·

328 3375 647 3451 Στίχ.δὀς”.
666 3403 733 3415 -
757 3394 775 3424 ι
800 3373 910 3429 Καὶ
936 3370 1142 3444 στηριῶ
1155 3370 1282 3434 τοὺς
1306 3366 1619 3439 ὀφθαλμούς
1640 3384 1742 3439 μου
1769 3366 1851 3431 είς

262 3474 430 3535 κακά,
467 3472 566 3527 καὶ
590 3470 692 3524 οὐκ
707 3470 786 3532 εἰς
807 3465 1007 3535 ἀγαθά.
1037 3483 1055 3517 ι
1089 3465 1236 3518 Ἀντὶ
1264 3462 1381 3529 τοῦ,
1405 3462 1679 3534 Ἐπιμενῶ
1693 3479 1856 3536 προσ.

261 3560 397 3630 έχων
414 3558 606 3619 αὐτοῖς
625 3595 644 3623 ,
670 3562 768 3633 οὐχ
782 3557 1078 3622 ὦστετινδς
1092 3555 1275 3619 αὐτοῖς
1290 3552 1494 3622 ἀγαθοῦ
1509 3550 1851 3624 μεταδοῦναι,

262 3657 377 3711 ἀλλ’
406 3656 552 3709 ὥστε
576 3655 657 3716 είς
673 3651 934 3706 παντοίαν
956 3649 1153 3713 αὐτοὺς
1175 3644 1515 3717 καταστῆσαι
1536 3647 1731 3716 πεῖραν
1749 3661 1852 3698 καο

267 3748 395 3804 κῶν
413 3741 986 3816 ὲπειδήπερτοιούτων
1006 3740 1232 3803 ιαυτοὺς
1250 3736 1434 3806 ἀξίους
1447 3735 1535 3790 διὰ
1553 3735 1662 3789 τῶν
1679 3734 1857 3807 ἔργων

266 3839 557 3908 ἀπέφηναν
585 3834 698 3887 τῶν
732 3833 969 3887 οἰκείων.
1006 3832 1163 3884 Ἔστι
1192 3828 1321 3900 γάρ,
1357 3828 1513 3899 φησὶ,
1545 3826 1679 3890 Θεὸς
1704 3828 1733 3879 ὁ
1759 3825 1855 3880 τοῦ

270 3928 470 3991 παντὸς
486 3925 719 3995 ποιητής
736 3940 792 3975 τε
804 3922 899 3975 καὶ
915 3920 1139 3993 Κύριος,
1151 3919 1207 3983 ὃς
1228 3920 1445 3972 ἃπασαν
1463 3917 1560 3988 μὲν
1575 3915 1859 3987 αὐτάρκης

271 4017 533 4073 σαλεῦσαι
555 4015 657 4085 τὴν
695 4014 801 4084 γῆν
826 4013 914 4066 διὰ
943 4012 1111 4083 μόνης
1143 4010 1285 4079 ἀφῆς
1303 4026 1318 4040 ο
1348 4008 1406 4062 τὺ
1452 4008 1586 4062 αὐτὸ
1615 4008 1673 4062 δὲ
1698 4008 1860 4061 τοῦτο

270 4111 477 4180 καὶτῆς
490 4110 599 4180 γῆς
615 4107 909 4180 ἐργάσεται
925 4104 1027 4159 ταύ
1035 4102 1429 4171 της,ἀποφάσει
1443 4102 1550 4155 τινὶ
1566 4102 1746 4154 πᾶσαν
1757 4102 1824 4155 αύ
1836 4130 1858 4142 ο

271 4205 364 4275 τὴν
394 4200 648 4257 σαλεύων
680 4199 773 4253 καὶ
798 4196 937 4269 πρὸς
963 4195 1198 4267 ἐρημίαν
1225 4192 1424 4264 πολλὴν
1462 4192 1744 4256 καθιστάς,
1784 4193 1861 4256 ὡς

274 4292 461 4348 πένθει
500 4290 714 4352 πάντας
752 4285 1151 4357 κατασχεθῆναι
1184 4284 1310 4347 τοὺς
1344 4280 1626 4347 οἰκοῦντας
1658 4284 1857 4353 αύτήψ

276 4385 465 4457 ἐπειδὴ
510 4383 669 4453 δίκην
715 4379 811 4433 τοῦ
856 4378 976 4433 κατ’
1017 4378 1289 4446 Αἴγυπτον
1335 4373 1582 4446 ποταμοῦ
1616 4373 1862 4428 ἐπελθὼν

1933 1911 1964 1950 a
2002 1896 2316 1952 salvandis:
2354 1897 2429 1950 ita
2473 1911 2620 1951 uunc
2653 1896 2877 1950 mandat
2910 1900 3184 1967 prophetae
3215 1907 3272 1952 ut
3297 1900 3512 1970 signum

1932 1988 2209 2059 quoddam
2241 1990 2296 2043 in
2330 1989 2512 2059 capite
2555 1988 2801 2043 omnium
2857 1990 3154 2060 imprimat,
3190 1991 3346 2058 juxta
3372 1991 3516 2045 divi-

1933 2096 2061 2137 nam
2111 2081 2520 2146 revelatiouem,
2577 2088 2638 2135 ut
2682 2091 2915 2136 cunctos
2950 2083 3109 2137 morti
3151 2083 3412 2139 traditum
3450 2085 3516 2137 iri

1935 2174 2293 2230 demonstret.
2340 2172 2498 2239 Quod
2555 2181 2615 2227 ut
2667 2174 2976 2238 confirmet,
3028 2174 3180 2228 addit
3229 2194 3243 2229 :
3292 2173 3517 2230 Etiamsi

1938 2282 2116 2337 usque
2132 2268 2198 2322 ad
2230 2265 2507 2322 infernum
2532 2265 2945 2328 descenderint,
2964 2265 3093 2321 inde
3115 2282 3212 2321 eos
3239 2268 3468 2322 educam
3501 2288 3515 2322 :

1937 2365 1992 2413 et
2042 2357 2089 2412 si
2135 2357 2488 2412 ascenderlnt
2524 2371 2700 2426 usque
2732 2357 2787 2411 in
2837 2356 3061 2420 coelum,
3117 2356 3245 2413 Inde
3293 2373 3391 2413 eos
3424 2359 3523 2414 de-

1942 2450 2157 2505 traham
2195 2470 2208 2505 :
2244 2457 2299 2504 et
2342 2449 2390 2505 si
2443 2450 2499 2504 in
2543 2449 2796 2504 cavernis
2831 2449 3242 2505 abscondantur
3282 2449 3518 2507 Carmeli

1941 2543 2017 2616 (id
2044 2551 2130 2600 est
2172 2544 2460 2609 montium,
2506 2550 2713 2615 partem
2764 2543 2954 2599 dicens
2986 2558 3086 2613 pro
3117 2542 3519 2609 universitate),

1941 2652 2045 2708 ego
2077 2651 2176 2691 eos
2208 2637 2489 2706 vestigans
2537 2635 2840 2706 captivitati
2884 2635 3135 2702 tradam;
3164 2644 3219 2690 et
3254 2635 3303 2691 si
3336 2635 3388 2690 in
3414 2654 3526 2690 ma-

1939 2729 2021 2785 ris
2067 2728 2493 2800 profunditatem
2551 2729 2822 2789 abierint,
2865 2728 3060 2783 belluis
3111 2728 3185 2784 ibi
3229 2729 3524 2784 latentibus

1946 2822 2106 2894 135
2149 2838 2493 2879 consumam.
2548 2821 2617 2876 Et
2665 2832 2790 2893 post
2837 2830 2919 2875 tot
2971 2836 3093 2892 quae
3134 2821 3283 2891 passi
3323 2820 3527 2877 fuerint

1946 2914 2109 2980 mala,
2147 2914 2431 2968 turmatim
2489 2928 2682 2970 omnes
2736 2915 2789 2967 in
2850 2913 3223 2982 captivitatem
3280 2912 3524 2979 abducti,

1948 3004 2062 3060 illic
2092 3019 2215 3060 meo
2238 3003 2399 3075 jussu
2434 3004 2632 3059 merito
2671 3004 2947 3073 peribunt.
2978 3002 3075 3058 llis
3110 3002 3300 3058 addit:

2025 3377 2190 3434 Vens.
2233 3378 2351 3434 4-6.
2419 3377 2529 3432 ιΕι
2579 3378 2880 3433 obfirmaho
2926 3379 3119 3435 oculos
3166 3393 3320 3435 meos
3363 3394 3530 3448 super

1954 3471 2076 3527 illos
2107 3471 2161 3525 in
2192 3470 2357 3535 mala,
2382 3478 2435 3526 et
2465 3485 2574 3526 non
2610 3468 2663 3524 in
2700 3472 2838 3525 bona
2891 3491 2907 3522 ι
2938 3470 3045 3524 Pro
3077 3483 3150 3524 eo
3182 3483 3247 3523 ac
3280 3469 3327 3524 si
3347 3469 3526 3526 dicat:

1954 3560 2320 3620 Perseverabo
2341 3563 2453 3618 illis
2488 3563 2718 3628 instare,
2772 3578 2873 3617 nec
2910 3561 3036 3616 honi
3075 3561 3284 3631 aliquid
3330 3561 3533 3629 imper-

1954 3656 2082 3722 tiar,
2098 3655 2192 3711 sed
2220 3669 2317 3710 eos
2345 3669 2507 3709 omne
2528 3654 2795 3708 malorum
2832 3668 3006 3725 genus
3031 3651 3230 3708 faciam
3251 3652 3486 3721 experiri
3515 3669 3531 3717 ;

1955 3746 2397 3819 quandoquidem
2469 3746 2666 3800 horum
2721 3762 2781 3801 se
2846 3746 3045 3817 dignos
3110 3743 3368 3815 operibus
3417 3746 3534 3799 suis

1957 3838 2407 3907 comprobarunt.
2443 3836 2540 3893 Est
2569 3836 2717 3892 enim
2757 3835 2900 3892 Deus
2946 3843 3162 3891 creator
3190 3836 3435 3891 omnium
3472 3853 3536 3891 ac

1959 3928 2242 3995 Dominus,
2270 3928 2363 3999 qui
2395 3928 2709 3984 universum
2735 3935 2913 3997 potest
2930 3927 3011 3981 vel
3042 3928 3159 3982 solu
3194 3935 3342 3983 tactu
3364 3944 3532 3999 quas-

1959 4036 2081 4079 sare
2110 4019 2295 4085 urbem
2326 4028 2623 4075 terrarum.
2656 4020 2833 4089 Atque
2869 4020 2968 4073 hoc
2993 4019 3134 4073 idem
3160 4019 3286 4075 huic
3314 4036 3531 4091 Quoque

1962 4111 2169 4185 regioni
2197 4110 2381 4174 faciet,
2430 4111 2654 4166 decreto
2688 4110 2928 4179 quodam
2967 4119 3134 4164 totam
3177 4113 3526 4170 concutiens.

1961 4215 2124 4275 atque
2153 4204 2209 4258 in
2247 4212 2459 4258 vastam
2486 4202 2846 4258 solitudinem
2884 4202 3163 4273 redigens,
3218 4202 3291 4257 ita
3322 4211 3383 4256 ut
3410 4202 3531 4271 ejus

1963 4297 2155 4352 incola
2179 4310 2373 4350 omnes
2404 4294 2555 4349 luctu
2584 4294 2972 4362 corripiantur.
3010 4294 3141 4348 Nam
3175 4295 3350 4349 instar
3387 4294 3538 4350 ﬂuvii

1966 4388 2297 4462 Atgyptiaci,
2329 4386 2596 4442 invadens
2623 4400 2719 4441 eos
2758 4386 2953 4447 hostis,
2980 4388 3186 4441 multos
3221 4388 3537 4455 ittterﬁcivt,

279 4479 461 4540 αὐτοῖς
477 4479 508 4530 ὀ
536 4474 797 4544 πολέμιος
834 4471 1061 4534 πολλοὺς
1092 4469 1300 4535 ἀνελεῖ,
1320 4469 1415 4523 καὶ
1436 4467 1762 4540 παρασύρας
1782 4469 1848 4530 είς

1968 4492 2019 4540 ct
2054 4482 2299 4551 reliquos
2360 4479 2410 4534 vl
2464 4478 2790 4549 pertrahens
2828 4479 2884 4533 in
2923 4480 3294 4548 captivitatem
3340 4481 3539 4553 abiget.

279 4571 378 4641 τὴν
395 4566 779 4641 αἰχμαλωσίαν
794 4564 992 4629 ἀπάξει
1012 4564 1141 4626 τοὺς
1156 4561 1394 4626 λοιπούς*
1416 4558 1630 4632 (ρ.205)
1654 4555 1774 4613 εἶτα
1785 4561 1865 4623 είς

285 4662 579 4732 βεϐαίωσιν
608 4657 717 4713 τῶν
750 4655 1078 4728 εἰρημένων,
1108 4673 1127 4707 ι
1160 4654 1221 4708 ’0
1244 4652 1540 4723 οἰκοδομῶν
1556 4652 1637 4716 είς
1660 4650 1754 4704 τὸν
1777 4651 1869 4703 οὐκ

289 4755 443 4824 ρανδν
466 4752 567 4823 τὴν
595 4748 863 4804 ἀνάϐασιν
892 4747 1081 4811 αὑτοῦ,
1098 4745 1193 4800 καὶ
1221 4745 1324 4817 τὴν
1351 4743 1683 4813 ἐπαγγελίαν
1702 4738 1868 4795 αὑτοῦ

286 4848 377 4899 ἐπὶ
398 4846 497 4917 τῆς
528 4844 633 4913 γῆς
658 4839 942 4913 θεμελιῶν.
969 4859 989 4893 ι
1015 4831 1206 4902 Οὗτος,
1240 4837 1425 4909 φησὶν,
1448 4838 1478 4890 ὁ
1510 4838 1743 4889 πάντοτε
1771 4834 1871 4905 μὲν

289 4941 349 4993 ἑν
369 4938 588 5012 οὐρανῷ
616 4935 986 5007 δεικνύμενος,
1030 4925 1203 5004 οῦπερ
1232 4930 1404 4986 ἀνεισί
1430 4946 1493 4983 τε
1529 4927 1617 4983 ἀεὶ
1657 4928 1752 4982 καὶ
1795 4927 1869 4981 δι-

291 5032 432 5099 άγει,
451 5031 675 5085 πάντων
695 5026 1114 5099 ὑπερκείμενος,
1128 5025 1343 5080 ἅπαντα
1353 5022 1410 5076 δὲ
1428 5020 1663 5092 βεΰαιῶν
1675 5020 1875 5074 ὁπόσα-

292 5140 399 5194 πιρ
420 5122 486 5176 ἂν
518 5122 613 5175 ἐπὶ
642 5122 746 5191 γῆς
785 5121 959 5173 ποιεῖν
990 5115 1394 5187 ἐπαγγέλληται
1430 5114 1649 5178 πάντως
1667 5130 1682 5145 ο
1722 5108 1876 5176 οὗτος

289 5216 323 5268 ὁ
352 5215 413 5269 τὺ
444 5215 545 5289 μὲν
576 5212 723 5284 ὕδωρ
767 5210 870 5282 τῆς
911 5209 1190 5279 θαλάσσης
1216 5206 1509 5280 λαμϐάνων
1554 5222 1616 5259 τε
1661 5204 1755 5258 καὶ
1784 5204 1876 5257 ἐπὶ

292 5310 397 5377 γῆς
424 5306 634 5378 ὲκχέων
668 5305 885 5374 ἀπάσης
910 5318 926 5333 ο
978 5301 1041 5355 τὸ
1074 5301 1205 5355 αὐτὸ
1243 5300 1301 5355 δὲ
1351 5301 1448 5354 καὶ
1483 5298 1580 5353 νῦν
1610 5298 1877 5369 διαπρατ-

290 5400 542 5470 τόμενος,
571 5398 634 5452 τὸ
664 5397 758 5451 τὸν
802 5395 1087 5467 Ἀσσύριον
1134 5393 1379 5463 θαλάσσῃ
1414 5391 1769 5464 προσεοικότα
1801 5389 1878 5461 τῷ

294 5485 491 5557 πλήθει
534 5486 836 5554 ἐπαγαγεῖν
885 5486 953 5555 τῇ
1002 5485 1075 5554 γῇ
1125 5484 1191 5554 τῇ
1225 5481 1501 5553 ὑμετέρᾳο
1554 5480 1730 5535 ταῦτα
1769 5480 1880 5552 γὰρ

294 5575 435 5647 ἔργα
461 5574 597 5629 Θεοῦ
636 5574 735 5629 τοῦ
766 5575 984 5629 πάντων
1012 5572 1225 5646 Κυρίου
1252 5589 1313 5625 τε
1345 5573 1439 5625 καὶ
1465 5572 1690 5644 ποιητοῦ
1716 5588 1730 5603 ·
1761 5568 1880 5626 εἶτα

298 5666 622 5738 βουλόμενος
648 5667 750 5739 τὴν
777 5665 1172 5738 ἀγνωμοσύνην
1206 5664 1387 5718 αὐτῶν
1414 5665 1478 5717 ὲκ
1506 5663 1605 5736 τῆς
1629 5665 1755 5737 περὶ
1779 5665 1878 5718 αύ-

296 5759 426 5822 τοϋς
458 5758 723 5823 ἐπιδεῖξαι
753 5756 979 5828 γνώμης
1007 5756 1103 5810 τοῦ
1125 5756 1282 5821 Θεοῦ,
1318 5756 1530 5823 ἐπάγει·

582 5854 857 5914 Parum.
897 5852 943 5909 ti
956 5870 1014 5911 ιι.
1061 5848 1257 5913 LXVI.

1969 4571 2105 4627 Tum
2164 4570 2312 4626 dicta
2382 4569 2721 4624 confirmans
2753 4587 2768 4623 :
2806 4567 2949 4635 «Qui
3000 4569 3232 4625 aediﬁcat
3283 4571 3338 4627 in
3406 4575 3546 4628 cwlo

1969 4666 2346 4721 ascensionem
2383 4676 2565 4726 suam,
2617 4670 2673 4716 et
2713 4662 3133 4731 promissionem
3174 4681 3329 4721 suam
3382 4679 3547 4734 super

1970 4764 2171 4812 terram
2225 4751 2436 4811 fundat.
2461 4772 2480 4805 ι
2537 4751 2658 4815 llic,
2705 4752 2803 4816 ait,
2832 4753 2927 4824 qui
2977 4769 3193 4823 semper
3223 4754 3277 4809 in
3320 4755 3461 4809 caelo
3488 4770 3551 4808 sc

1971 4832 2236 4909 ostendit,
2274 4856 2383 4913 quo
2412 4840 2663 4897 ascendit
2691 4840 2883 4913 ibique
2913 4842 3083 4914 degit.
3104 4843 3320 4899 cunctis
3352 4860 3546 4915 super-

1972 4937 2243 5003 eminens,
2296 4933 2481 4990 omnia
2520 4934 2857 4989 eonlirmaus
2890 4951 3236 5005 quaecunque
3291 4935 3347 4989 in
3402 4944 3550 4992 terra

1975 5045 2036 5085 se
2082 5028 2307 5084 omnino
2346 5026 2624 5082 facturum
2670 5027 2990 5098 promiserit
3027 5046 3041 5082 :
3077 5026 3167 5081 hic
3207 5028 3299 5096 qui
3354 5043 3553 5099 aquam

1975 5120 2044 5175 de
2078 5119 2216 5174 mari
2246 5119 2463 5175 extollit
2496 5127 2550 5173 et
2586 5119 2639 5174 in
2676 5120 2995 5175 universam
3033 5126 3235 5173 terram
3270 5117 3498 5175 effundit
3539 5140 3550 5174 :

1977 5210 2120 5267 idem
2159 5226 2307 5265 nunc
2340 5227 2559 5283 quoque
2591 5212 2726 5284 agit,
2758 5211 2888 5266 dum
2934 5209 3248 5280 Assyrium,
3306 5211 3558 5266 multitu-

1977 5304 2104 5359 dine
2134 5318 2233 5359 sua
2273 5318 2424 5360 mare
2462 5310 2839 5376 “aequantem
2889 5300 2944 5356 in
2991 5303 3270 5373 regionem
3318 5311 3557 5359 vestram

1980 5395 2247 5451 immittit.
2302 5394 2443 5452 Sunt
2470 5396 2617 5452 enim
2668 5396 2783 5449 haec
2814 5393 2908 5450 Dei
2957 5410 3120 5465 opera
3166 5394 3382 5451 Domini
3433 5395 3559 5451 unio-

1992 5482 2228 5538 versalis
2267 5491 2324 5539 et
2363 5484 2648 5540 creatoris.
2668 5481 2963 5553 Deinceps,
2989 5492 3048 5537 ut
3077 5500 3143 5539 ex
3179 5484 3280 5538 hac
3310 5482 3402 5539 Dei
3427 5499 3558 5540 seu-

1986 5573 2156 5629 tentia
2199 5574 2511 5630 vecordiam
2549 5572 2921 5630 lsraelitarum
2947 5585 3232 5647 coarguat,
3262 5575 3449 5631 addit:

3169 5855 3242 5914 10
