3976 6226
417 349 519 406 2'39

1610 337 1958 395 THEODOBI
1995 335 2478 392 MOPSUESTENI

3573 337 3685 390 5(ιο

488 460 655 517 Vens.
700 458 751 512 7.
788 487 851 497 --
888 474 906 507 ι
937 455 1200 526 Nunquid
1251 465 1310 509 ut
1360 455 1457 509 lilii
1511 450 1835 523 Ethiopum
1887 464 1986 506 vos

2160 450 2307 520 Στίχ.
2342 449 2405 515 ζ’.
2441 481 2507 492 ——
2569 468 2586 500 ι
2611 449 2720 519 Ούχ
2756 451 2836 514 ῲς
2887 448 2990 501 υἱοὶ
3019 448 3293 502 Αἰθιόπων
3342 449 3502 519 ὑμεῖς
3550 450 3683 501 ἐειτέ

417 554 554 610 estis
579 549 845 615 niihi,lllii
872 547 1126 604 lsraelis?
1150 566 1169 599 ι
1210 544 1352 600 Num
1383 540 1592 602 similes
1615 544 1742 599 liliis
1773 542 1992 597 [Ethio-

420 662 546 713 pum
579 644 725 715 apud
764 657 851 697 me
883 656 982 697 vos
1008 639 1320 705 constitui;
1373 637 1578 709 quibus
1616 652 1719 707 ego
1770 635 1991 706 quidem

421 739 553 794 nihil
583 736 861 807 peculiare
876 732 1184 789 contulisse
1207 732 1420 786 videor.
1456 749 1477 782 ι
1503 727 1697 784 Nonne
1735 727 1991 783 lsraelem

420 829 485 884 de
516 838 659 881 terra
690 823 914 896 Egypti
960 823 1169 878 eduxi?
1198 840 1216 873 ι
1249 820 1437 891 Neque
1465 820 1634 881 enim,
1687 818 1852 873 sicuti
1896 831 1994 872 vos

419 922 485 976 de
510 917 745 990 Egyptu
795 931 1042 977 sumens.
1104 915 1305 969 acerbo
1360 914 1458 967 illo
1515 910 1746 967 servitio
1793 909 2007 969 exemi,

419 1013 653 1081 talisque
681 1023 746 1063 ac
776 1016 941 1063 tanta:
962 1016 1017 1063 et
1039 1008 1174 1062 nihil
1198 1007 1263 1061 ad
1284 1022 1381 1061 vos
1405 1003 1733 1076 pertinentis
1756 1003 1993 1073 regionis

418 1103 670 1159 dominos
702 1099 842 1165 l'eci;
897 1100 972 1154 ita
1005 1114 1105 1169 par
1140 1097 1351 1169 aliquid
1390 1096 1749 1166 Ethiopihus
1794 1092 1995 1149 fecisse

421 1194 569 1251 visus
602 1206 746 1248 sum.
782 1209 801 1241 ι
829 1188 895 1243 Ει
923 1190 1254 1258 alienigenas
1274 1186 1720 1259 deCappadocia,
1755 1196 1809 1241 et
1828 1186 1997 1255 Syros

423 1287 487 1341 de
512 1284 793 1339 Bothroh
853 1281 1119 1337 Bothrum
1174 1281 1425 1335 nonnulli
1459 1280 1613 1334 aiunt
1671 1279 1832 1351 136
1885 1276 1995 1332 dici

418 1391 519 1447 pro
569 1377 638 1432 iis
682 1390 804 1446 quas
857 1390 1004 1430 nunc
1055 1375 1401 1445 appellantur
1450 1373 1623 1433 Carm.
1683 1374 1819 1427 alias
1867 1386 1997 1427 vero

418 1468 687 1522 Charran.
744 1465 856 1537 Ego
915 1480 1045 1521 vero
1097 1469 1200 1520 hac
1275 1464 1547 1535 superﬂua
1606 1464 1997 1535 disquisitione

418 1560 643 1622 omissa,
704 1572 826 1628 quae
879 1557 1018 1612 nihil
1073 1560 1259 1613 sensui
1328 1558 1685 1627 intelligendo
1750 1554 1993 1627 prodest,

417 1648 733 1719 quicunque
754 1648 974 1702 demum
1015 1646 1104 1701 hic
1148 1647 1444 1702 denotctur
1484 1649 1663 1711 locus,
1713 1645 1997 1715 persentis

419 1747 602 1795 textus
632 1734 998 1808 signiﬁcatum
1049 1750 1338 1806 exponam.
1388 1735 1599 1805 Quippe
1644 1736 1789 1789 haud
1822 1733 1990 1789 dicit:

418 1831 765 1903 Alienigenas
825 1842 895 1883 ex
945 1827 1292 1898 Cappadocia
1346 1830 1534 1891 eduxi.
1590 1835 1647 1882 et
1702 1826 1872 1898 Syros
1925 1841 1991 1881 ex

420 1921 653 1987 Botliro;
695 1918 792 1977 sed
824 1922 1162 1975 contrarium
1207 1918 1392 1990 potius
1415 1918 1670 1982 aﬂirmat,
1709 1934 1769 1974 se
1802 1933 1997 1987 nempe

420 2014 629 2070 nullum
661 2011 932 2082 ejusmodi
958 2011 1283 2066 beneﬁcium
1315 2011 1438 2065 aliis
1463 2011 1788 2073 contulisse,
1809 2011 1995 2081 cujus-

420 2102 564 2159 modi
615 2099 916 2167 lsraelitis;
966 2100 1041 2154 ita
1082 2107 1141 2154 ut
1182 2099 1281 2155 hos
1327 2100 1666 2170 oportuisset
1700 2099 1995 2170 gratiorem

422 2211 531 2265 prae
559 2194 771 2251 exteris
801 2192 1046 2248 animum
1081 2209 1212 2264 erga
1246 2192 1414 2249 Deum
1453 2208 1804 2249 conservare.
1824 2192 1993 2246 Nam-

417 2304 526 2359 que
556 2295 611 2342 et
648 2286 781 2341 illud
814 2285 1159 2357 exploratum
1207 2294 1315 2348 est,
1377 2284 1527 2356 quod
1554 2286 1603 2342 si
1638 2284 1782 2341 forte
1827 2284 1993 2340 etiam

421 2380 541 2434 illos
565 2377 682 2448 pari
716 2376 876 2431 modo
925 2377 980 2430 iu
1018 2376 1325 2431 libertatem
1359 2375 1719 2440 vindicasset,
1768 2375 1995 2429 omnino

420 2472 817 2543 providentiam
872 2470 1169 2540 quamdam
1211 2469 1361 2524 circa
1403 2469 1624 2525 eosdem
1671 2467 1996 2524 adhibuisse

417 2566 648 2630 diceret,
704 2562 865 2633 cujus
918 2557 1277 2632 providentiae
1331 2576 1534 2632 scopus
1574 2562 1793 2616 cunctis
1835 2559 1994 2614 facile

418 2665 565 2712 esset
590 2662 927 2724 compertus.
977 2652 1085 2709 Sed
1116 2653 1264 2708 enim
1295 2651 1573 2718 lsraelem,
1630 2669 1741 2708 non
1778 2654 1993 2723 simpli-

418 2748 559 2803 citer
603 2754 816 2801 tantum
861 2761 925 2801 ex
964 2744 1204 2817 Egypto
1243 2744 1454 2810 eduxit,
1503 2744 1599 2800 sed
1652 2745 1822 2800 multa
1860 2759 1994 2801 cura

410 2840 499 2894 illi
555 2839 791 2906 adstitit,
861 2853 974 2908 quo
1021 2837 1279 2892 idoneum
1332 2836 1609 2901 redderet,
1669 2845 1731 2893 ut
1759 2854 1825 2893 ex
1872 2838 1995 2898 ipso

414 2930 570 2989 salus
604 2930 932 2987 universalis
977 2938 1265 2999 appareret
1298 2927 1555 2984 Christus
1603 2928 1885 2985 Dominus.

494 3199 632 3269 Ergo
698 3200 828 3269 quid
891 3198 1109 3254 demum
1174 3197 1343 3254 dicit?
1397 3198 1748 3268 Migraliones
1804 3204 1989 3259 multa:

415 3291 483 3347 de
516 3293 653 3347 locis
699 3293 752 3345 in
795 3292 901 3345 alia
938 3290 1056 3344 loca
1094 3289 1351 3359 luerunt;
1390 3292 1557 3346 veluti
1603 3291 1847 3357 Tharraa,
1897 3295 1992 3365 qui

418 3382 560 3438 beati
612 3381 905 3436 Abrahami
964 3388 1118 3452 pater
1180 3380 1322 3442 fuit.
1395 3383 1598 3454 quique
1648 3384 1715 3439 de
1774 3387 1995 3456 regione

416 3473 797 3528 Chaldaeorum
847 3486 1140 3541 egressus,
1183 3469 1240 3524 in
1283 3468 1529 3525 Charrau
1587 3472 1872 3541 migravit,
1913 3481 1996 3527 at-

416 3580 522 3631 que
553 3564 626 3618 ibi
666 3562 866 3618 deinde
899 3571 1151 3617 mortuus
1194 3572 1297 3618 est.
1370 3560 1526 3617 Unde
1567 3570 1620 3617 et
1660 3565 1888 3636 contigit
1936 3576 1996 3620 ut

419 3661 605 3725 postea
632 3652 977 3708 Abrahauius
1011 3652 1268 3706 transiret
1292 3651 1348 3705 in
1382 3650 1744 3707 Palaestinam.
1765 3652 1996 3709 Constat

417 3747 580 3800 etiam
646 3744 863 3800 beatum
914 3741 1083 3799 Jaeob
1138 3758 1263 3798 cum
1314 3744 1565 3799 universa
1608 3748 1867 3816 progenie
1939 3747 1995 3802 in

419 3834 713 3905 Aigyptum
773 3833 1069 3887 incolatqu
1127 3849 1289 3889 suum
1348 3834 1724 3890 transtulisse.
1806 3833 1995 3892 Simile

420 3923 674 3993 quiddam
698 3929 750 3975 et
774 3922 897 3977 aliis
928 3923 1182 3994 contigit,
1219 3932 1278 3979 ut
1308 3925 1574 3980 credibile
1608 3934 1694 3981 est
1730 3945 1743 3981 :
1771 3934 1827 3982 et
1866 3927 1994 3998 qui-

418 4018 544 4072 dam
576 4013 641 4067 de
671 4011 977 4084 Capadocia
998 4016 1223 4086 egressi,
1250 4024 1303 4070 et
1332 4015 1400 4070 ad
1426 4016 1543 4071 loca
1566 4018 1992 4089 alienigenarum

424 4109 746 4179 migrantes,
778 4105 925 4159 misti
961 4116 1089 4162 sunt
1114 4106 1242 4165 illis.
1298 4123 1533 4178 parsque
1571 4124 1760 4163 eorum
1805 4092 1995 4167 evase-

420 4209 569 4256 runt.
621 4196 695 4253 Ex
736 4196 943 4251 Boxhro
988 4197 1116 4251 item
1161 4199 1227 4251 ad
1284 4198 1452 4270 Syros
1502 4201 1593 4253 alii
1638 4205 1990 4273 transgressi,

418 4291 563 4362 apud
625 4305 720 4345 eos
788 4298 1132 4351 manserunt,
1188 4296 1242 4343 et
1274 4305 1397 4343 eum
1459 4291 1594 4361 ipsis
1648 4296 1988 4350 coaluerunt.

422 4381 624 4437 Valens
654 4382 838 4450 itaque
880 4377 1026 4433 Deus
1078 4379 1265 4434 dicere
1303 4380 1457 4451 137
1500 4383 1703 4437 nemini
1745 4400 1804 4439 se
1840 4393 1993 4439 tanta

431 4473 695 4528 beneficia
733 4471 1008 4542 largitum,
1032 4480 1235 4539 quanta
1286 4470 1566 4537 lsraelitis,
1611 4476 1784 4544 primo
1823 4479 1898 4531 ait
1930 4494 1989 4533 se

421 4581 518 4620 eos
545 4564 687 4617 haud
717 4563 809 4618 illo
843 4562 1035 4617 ordine
1061 4564 1204 4633 apud
1227 4579 1286 4620 se
1309 4564 1588 4630 habuisse,
1630 4582 1739 4636 quo
1769 4567 1989 4624 Ethio-

419 4671 536 4724 pes,
568 4668 596 4706 a
622 4661 775 4723 parte
820 4652 1030 4706 scilicet
1061 4663 1289 4709 cunctas
1328 4663 1519 4725 gentes
1553 4655 1988 4713 denotausztum

419 4748 603 4801 dicere
655 4746 829 4815 pergit
882 4739 959 4800 se'
994 4746 1200 4800 nullius
1250 4762 1436 4817 parem
1493 4763 1735 4817 unquam
1798 4764 1988 4805 curam

419 4836 685 4905 gessisse;
712 4832 871 4891 Solos
898 4835 1040 4890 enim
1063 4851 1162 4891 vos
1186 4834 1423 4908 Egypto
1451 4838 1617 4894 eduxi
1642 4840 1830 4895 multis
1861 4855 1986 4895 cum

419 4923 697 4978 miraculis
727 4932 780 4978 et
814 4925 1091 4992 insperato
1134 4941 1367 4996 prorsus
1411 4928 1603 4998 agendi
1647 4928 1809 4984 modo
1846 4949 1858 4984 :
1890 4930 1987 4984 de-

416 5016 656 5083 duxiun
687 5015 741 5069 in
783 5016 946 5070 talem
986 5024 1305 5087 tantamque
1350 5018 1649 5088 regionem,
1698 5020 1857 5089 cujus
1890 5038 1988 5078 vos

416 5106 669 5160 dominos
717 5105 816 5160 l'eci
862 5121 1173 5177 quanquam
1228 5107 1380 5162 nullo
1434 5109 1560 5178 jure
1588 5111 1654 5165 ad
1691 5126 1789 5167 vos
1824 5114 1992 5181 perti-

418 5194 623 5249 nentis.
652 5192 838 5265 Neque
866 5207 1047 5250 tamen
1077 5197 1142 5248 ad
1167 5198 1483 5267 praedictam
1511 5207 1715 5255 terram
1736 5217 1801 5257 eo
1824 5204 1989 5258 modo

424 5282 775 5352 pervenistis,
808 5301 917 5354 quo
945 5286 1264 5357 alienigenae
1281 5300 1349 5343 ex
1367 5286 1714 5359 Cappadocia
1733 5292 1989 5358 miscelli,

416 5373 502 5428 vel
530 5371 653 5443 Syri
679 5370 747 5427 de
770 5371 992 5440 Bothro,
1017 5384 1286 5433 venerunt
1306 5395 1320 5445 ;
1338 5379 1541 5434 etenim
1562 5379 1615 5434 bi
1633 5381 1986 5453 migrat‘ion'es

487 5484 842 5567 (’29)_§6099v
884 5487 972 5543 hic
1016 5489 1582 5567 intelligereAvidetur
1622 5508 1983 5567 nomenipro-

418 5556 595 5628 prium
616 5556 940 5632 Theodorus
962 5556 1297 5632 probabilius
1321 5561 1573 5625 fortasse,
1610 5579 1771 5632 quam
1797 5556 1983 5621 Hiero-

419 5644 650 5697 nymus,
698 5628 786 5702 qui
830 5630 1211 5702 appellativum
1238 5632 1410 5702 Aapud
1440 5628 1888 5701 LXXjudicabat
1926 5638 1980 5691 in

419 5712 617 5773 comm.
663 5701 729 5751 ad
770 5700 912 5751 hunc
954 5700 1155 5773 locum.
1182 5771 1190 5773 Α
1219 5700 1497 5756 Εη”νιιι·ι)ει
1530 5721 1544 5757 :
1592 5700 1700 5758 Pro
1756 5704 1978 5773 Cyrene,

415 5768 610 5835 Aquila
656 5779 701 5821 et
733 5773 915 5836 quinta
970 5770 1131 5823 editio
1175 5771 1342 5839 ipsum
1405 5775 1609 5827 verbum
1663 5768 1978 5831 Ilebr'nicuui

2095 558 2205 611 μοι,
2242 542 2347 595 υίο)⁸
2389 539 2622 612 Ἰσραὴλ,
2660 540 2805 610 λέγει
2836 539 3072 612 Κύριος;
3098 558 3118 591 ι
3156 540 3230 594 Οὐ
3260 539 3681 611 παραπλησίους

2091 626 2337 698 Δίθίοψιν
2374 628 2578 700 ἐθέμην
2618 630 2762 700 ὑμᾶς
2800 628 3058 700 ὲμαυτῷ;
3109 624 3191 692 οἷς
3235 646 3298 697 γε
3333 629 3453 682 οὐδὲ
3492 630 3684 698 φαίνο-

2096 719 2190 788 μαί
2223 737 2275 773 τι
2308 721 2502 791 νείμας
2549 720 2829 791 ἐξαίρετον
2856 719 2987 790 ἐγώ.
3029 741 3048 771 ε
3077 722 3155 774 Οὐ
3189 720 3281 774 τὸν
3324 720 3540 793 Ἰσραὴλ
3578 724 3681 775 ἀν-

2093 814 2302 881 ήγαγον
2328 814 2393 867 ἐκ
2422 813 2528 882 γῆς
2573 812 2929 881 Δίγύπτου;›
2977 812 3112 865 om
3147 812 3258 883 γὰρ
3304 811 3493 883 ὥσπερ
3530 813 3680 882 ὑμᾶς

2094 903 2202 957 ἀπὸ
2230 903 2329 971 τῆς
2360 903 2637 972 Αἰγύπτου
2661 903 2861 969 λαϐὼν,
2897 904 2998 974 τῆς
3041 920 3101 957 τε
3126 902 3367 967 δουλείας
3391 903 3679 975 ἀπήλλαξα

2094 997 2192 1067 τῆς
2224 998 2425 1068 πικρᾶς
2470 996 2702 1067 ἐκείνης,
2736 999 2832 1050 καὶ
2874 998 2979 1067 γῆς
3030 997 3287 1067 ἀπέφηνα
3317 995 3585 1066 τοσαύτης
3612 1014 3680 1050 τι

2095 1089 2191 1142 καὶ
2215 1088 2467 1157 τοιαύτης
2497 1090 2714 1159 κυρίους
2737 1088 2838 1157 τῆς
2866 1090 2925 1142 οὐ
2948 1088 3332 1161 προσηκούσης
3362 1088 3509 1157 ὑμῖν,
3531 1089 3682 1143 οὓτω

2094 1181 2156 1251 δή
2188 1197 2242 1233 τι
2274 1181 2401 1251 περὶ
2429 1180 2691 1243 Αἰθίοπας
2738 1180 2925 1252 ὧιρθην
2967 1178 3300 1251 πεποιηκώς.
3360 1198 3378 1231 t
3402 1179 3511 1233 Καὶ
3548 1180 3680 1243 τοὺς

2095 1272 2423 1342 ἀλλοφύλους
2448 1273 2512 1326 ὲκ
2534 1272 2952 1336 Καππαδοκίας,
2980 1272 3073 1325 καὶ
3095 1273 3221 1335 τοὺς
3244 1271 3451 1343 Σύρους
3486 1273 3552 1325 ὲκ
3577 1272 3681 1325 Βό-

2097 1365 2226 1437 θρου
2244 1366 2392 1436 (29);
2419 1385 2437 1417 ι
2477 1364 2549 1419 Τὸ
2590 1366 2689 1436 μὲν
2717 1369 2781 1420 ὲκ
2809 1366 3010 1434 Βὸθρου
3030 1367 3107 1435 (p.
3141 1364 3267 1432 206)
3291 1365 3437 1430 τινὲς
3466 1366 3683 1434 ἔφασαν

2096 1457 2368 1526 λέγεσθαι,
2408 1459 2704 1523 τουτέστιν,
2732 1460 2796 1511 ὲκ
2821 1457 3021 1529 Καρῶν
3053 1455 3163 1527 (30)
3185 1456 3287 1527 τῆς
3310 1456 3405 1512 νῦν
3428 1457 3569 1511 οὕτω
3588 1456 3681 1509 λε-

2096 1551 2355 1622 γομένης,
2396 1550 2525 1604 ποτὲ
2581 1550 2639 1603 δὲ
2669 1550 2892 1621 Χαρράν
2920 1568 2934 1581 ο
2986 1550 3246 1622 περιττὴν
3286 1548 3344 1602 δὲ
3381 1545 3547 1603 οὖσαν
3573 1549 3683 1620 τὴν

2095 1642 2476 1713 ἀκριϐολογίαν
2498 1642 2702 1712 ταύτην
2728 1643 2905 1711 ἀφεὶς,
2947 1641 3023 1711 τῷ
3056 1641 3218 1712 μηδὲν
3251 1641 3387 1711 πρὸς
3412 1641 3476 1694 τὸ
3495 1641 3681 1712 νόημα

2099 1734 2390 1797 συντελεῖν,
2421 1734 2569 1797 ὅστις
2594 1734 2723 1787 ποτὲ
2762 1733 2828 1787 ἂν
2856 1735 2885 1787 ὀ
2909 1731 3236 1803 δηλούμενος
3256 1732 3417 1795 τόπος
3445 1734 3502 1785 ὲν
3549 1731 3682 1785 τού-

2093 1843 2206 1889 τοις
2235 1822 2292 1897 ᾗ,
2326 1826 2387 1878 τὸ
2424 1824 2820 1895 σημαινόμενον
2852 1823 2942 1876 ἐπὶ
2971 1821 3065 1875 τοῦ
3109 1822 3378 1893 παρόντος
3412 1821 3523 1892 ἐρῶ
3543 1838 3558 1852 θ
3609 1823 3681 1875 οὐ

2094 1919 2203 1991 γάρ
2246 1919 2407 1971 τοῦτο
2439 1917 2606 1987 λέγει,
2638 1918 2720 1970 ὅτι
2761 1916 2901 1979 Τοὺς
2938 1914 3268 1983 ἀλλοφύλους
3304 1914 3576 1984 ἀνήγαγον
3608 1914 3682 1967 ἐκ

2095 2010 2510 2073 Καππαδοκίας,
2565 2010 2659 2063 καὶ
2700 2009 2825 2071 τοὺς
2851 2007 3056 2078 Σύρους
3092 2009 3157 2060 ὲκ
3197 2007 3397 2077 Βόθρου
3422 2023 3437 2035 ·
3469 2007 3531 2060 τὸ
3563 2008 3683 2081 γὰρ

2096 2103 2334 2159 ἐναντίον
2366 2102 2613 2173 βούλεται
2658 2100 2954 2161 δεικνύναι,
2988 2101 3071 2153 ὅτι
3104 2100 3258 2152 οὐθὲν
3286 2099 3494 2153 τοιοῦτο
3533 2117 3682 2172 παρ-

2097 2198 2327 2268 έσχηκεν
2360 2196 2586 2267 ἑτέροις,
2629 2188 2741 2247 οἷον
2775 2194 2841 2265 δὴ
2879 2192 3109 2257 τούτοις,
3152 2191 3293 2246 ὥστε
3325 2192 3547 2263 μείζονα
3579 2195 3681 2246 καὶ

2095 2289 2247 2358 παρὰ
2269 2288 2472 2342 τούτων
2502 2289 2600 2358 τὴν
2627 2286 3044 2357 εὐγνωμοσύνην
3074 2288 3154 2350 είς
3175 2285 3336 2339 αὑτὸν
3365 2286 3517 2357 παρά
3538 2286 3680 2340 πάν-

2092 2400 2191 2447 τας
2235 2383 2430 2454 χρῖναι
2476 2379 2837 2450 φυλάττεσθαι
2859 2396 2871 2409 ’
2922 2379 3081 2448 δήλου
3112 2395 3177 2447 γε
3208 2377 3361 2441 ὄντος
3393 2378 3678 2443 κάκείνου,

2094 2476 2169 2539 ὡς
2199 2476 2357 2545 εἴπερ
2378 2472 2668 2543 ἀναγαγὼν
2694 2468 2763 2544 ἦν
2791 2473 2886 2525 καὶ
2907 2471 3126 2543 ἑτέρους
3153 2470 3548 2542 παραπλησίως
3560 2470 3685 2523 τούο

2092 2586 2227 2632 τοις,
2252 2569 2467 2631 πάντως
2497 2568 2561 2623 ἄν
2579 2583 2700 2619 τινα
2725 2566 2821 2619 καὶ
2850 2566 3105 2636 πρόνοιαν
3132 2564 3287 2633 ἔλεγε
3312 2563 3443 2634 περὶ
3465 2564 3676 2627 αὐτοὺς

2094 2659 2442 2733 γεγενῆσθαι,
2480 2657 2618 2729 μετὰ
2646 2656 2741 2710 τοῦ
2775 2656 2871 2711 καὶ
2913 2657 3011 2727 τῆς
3061 2654 3315 2728 προνοίας
3344 2654 3435 2708 τὸν
3472 2654 3684 2708 σκοπὸν

2095 2735 2395 2823 εὖγνωστον
2440 2752 2646 2807 ἅπασιν
2684 2746 2823 2803 εἶναι
2849 2765 2863 2779 °
2908 2749 3031 2804 ἐπεὶ
3058 2749 3152 2801 καὶ
3180 2750 3271 2801 τὸν
3315 2748 3530 2819 Ἰσραὴλ
3576 2748 3682 2817 οὐχ

2096 2846 2281 2910 ἁπλῶς
2326 2845 2570 2916 ἀνήγαγε
2596 2843 2695 2914 τῆς
2725 2841 3025 2911 Αἰγύπτου,
3048 2840 3161 2892 ἀλλ’
3192 2839 3332 2893 ὥστε
3358 2841 3445 2893 διὰ
3474 2841 3684 2911 πολλῆς

2094 2938 2323 3008 ἀγαγὼν
2355 2939 2453 3010 τῆς
2490 2934 2829 3008 ἐπιμελείας,
2862 2934 3160 3005 ἐπιτήδειον
3177 2932 3512 3005 ἐργάσασθαι
3540 2933 3682 3003 πρὸς

2096 3031 2157 3084 τὸ
2186 3030 2391 3084 ἐκεῖθεν
2430 3031 2528 3101 τὴν
2568 3028 2821 3083 ἁπάντων
2861 3025 3095 3095 φανῆναι
3122 3025 3413 3096 σωτηρίαν,
3444 3024 3539 3077 τὸν
3575 3026 3681 3077 Δε-

2016 3155 2060 3214 C
2104 3111 2584 3214 πότην-Χριστόν.

2166 3212 2232 3264 Τί
2265 3207 2358 3265 οὖν
2400 3212 2551 3264 ἐστιν
2579 3210 2607 3263 ὅ
2636 3224 2802 3279 φησι;
2842 3208 3213 3270 Μεταστάσεις
3244 3206 3490 3260 πλεῖσται
3516 3207 3683 3277 γεγό·

2094 3320 2216 3355 νασι
2255 3304 2319 3356 ὲκ
2358 3302 2536 3356 τόπων
2578 3302 2656 3364 είς
2685 3301 2915 3363 τόπους·
2950 3294 3061 3352 οἷον
3094 3299 3157 3368 δή
3191 3317 3242 3351 τι
3272 3299 3364 3352 καὶ
3397 3299 3549 3370 παρὰ
3576 3299 3681 3352 τοῦ

2094 3395 2283 3464 Θάρῤα
2328 3391 2422 3445 τοῦ
2465 3390 2672 3462 πατρὸς
2699 3389 2795 3442 τοῦ
2828 3389 3098 3460 μακαρίου
3140 3387 3364 3455 γέγονεν
3400 3388 3678 3459 Ἀϐραὰμ,

2094 3485 2399 3549 ἐξελθόντος
2427 3484 2523 3553 μὲν
2572 3484 2635 3535 ὲκ
2663 3481 2766 3551 γῆς
2789 3481 3092 3543 Χαλδαίων,
3130 3479 3449 3549 ἐληλυθότος
3485 3480 3544 3533 δὲ
3592 3483 3680 3544 εἰς

2094 3576 2341 3649 Χαρρὰν.
2391 3571 2510 3628 εἶτα
2557 3573 3005 3643 τετελευτηκότος
3047 3571 3268 3625 αὐτόθι*
3317 3572 3439 3625 ὅθεν
3471 3571 3536 3643 δὴ
3576 3572 3681 3625 καὶ

2098 3667 2426 3739 μεταστῆναι
2460 3666 2648 3734 γέγονε
2682 3664 2868 3718 λοιπὸν
2891 3665 2982 3717 τὸν
3022 3663 3275 3737 Ἀϐραὰμ
3308 3664 3400 3717 ἐπὶ
3437 3664 3536 3734 τὴν
3559 3665 3678 3716 [Ια-

2094 3759 2371 3828 λαιστίνην
2391 3776 2404 3787 ο
2439 3759 2539 3809 οὐκ
2570 3756 2763 3827 ἄδηλον
2785 3756 2842 3808 δὲ
2883 3756 2958 3816 ὡς
2983 3756 3078 3808 καὶ
3112 3757 3141 3807 ὁ
3171 3756 3437 3827 μακάριος
3473 3753 3682 3808 Ἰακὼϐ

2098 3849 2235 3921 μετά
2274 3851 2492 3904 πάντων
2527 3852 2603 3919 (p.
2630 3849 2757 3917 207)
2795 3847 2904 3899 τῶν
2955 3847 3340 3919 προσηκόντων
3389 3846 3539 3917 αύτῷ
3577 3849 3681 3899 ἐπὶ

2094 3944 2192 4013 τὴν
2218 3943 2484 4011 Αἴγυπτον
2514 3940 2768 4011 μετέστη.
2796 3938 3031 3992 Τοσοῦτο
3058 3938 3118 4007 δή
3150 3955 3201 3991 τι
3217 3939 3405 4007 γέγονε
3427 3938 3521 3990 καὶ
3544 3941 3679 4008 περὲ

2095 4032 2316 4101 ἑτέρους
2341 4030 2416 4094 ὼς
2440 4030 2585 4093 εἰκός
2607 4045 2619 4057 ·
2673 4029 2766 4084 καί
2794 4045 2938 4091 τινες
2961 4029 3025 4081 ὲκ
3063 4027 3459 4089 Καππαδοκίας
3490 4027 3682 4098 ὁρμώ-

2098 4139 2269 4194 μενοι,
2300 4123 2392 4175 ὲπὶ
2418 4121 2544 4184 τοὺς
2568 4120 2766 4182 τόπους
2798 4118 2904 4173 τῶν
2937 4118 3250 4188 ἀλλοφύλων
3279 4118 3676 4189 μεταστάντες,

2093 4212 2531 4283 ἐγκατεμίγησαν
2559 4209 2787 4271 ἐκείνοις
2822 4210 2915 4261 καὶ
2944 4208 3231 4277 γεγόνασιν
3254 4209 3432 4261 αὐτῶν
3468 4208 3638 4277 μέρος
3656 4223 3671 4236 ·

2093 4306 2158 4357 ὲκ
2174 4303 2274 4355 Βόθ
2283 4320 2374 4373 ρου
2391 4318 2449 4353 τε
2466 4300 2624 4354 πάλιν
2638 4300 2717 4362 είς
2734 4298 2939 4371 Σύρους
2953 4300 3128 4370 ἕτεροι
3144 4316 3277 4369 μετα
3286 4298 3675 4369 στάντες,παρ⁹

2093 4395 2275 4456 αὐτοῖς
2297 4409 2357 4445 τε
2385 4390 2676 4463 διέμειναν,
2705 4390 2795 4443 καὶ
2836 4388 2934 4459 τὴν
2979 4388 3255 4458 ἐπιμιξίαν
3288 4388 3537 4452 ἐδέξαντο
3568 4389 3676 4459 τὴν

2018 4508 2066 4566 ι)
2094 4484 2229 4554 πρὸς
2261 4481 2503 4543 ἐκείνους
2526 4497 2538 4511 ο
2594 4478 2916 4549 βουλόμενος
2945 4479 3124 4531 τοίνυν
3158 4480 3326 4531 εἰπεῖν
3356 4480 3384 4531 ὁ
3410 4475 3565 4541 Θεὸς,
3585 4478 3676 4532 ὅτι

2099 4573 2283 4645 μηδενὶ
2322 4569 2544 4624 τοιαῦτα
2595 4566 2911 4639 δεδώρηται,
2950 4567 3110 4620 όποίἀ
3156 4585 3261 4637 περ
3301 4568 3502 4629 αὐτοῖς.
3543 4564 3674 4621 εἷπε

2100 4664 2219 4735 μὲν,
2241 4664 2322 4717 ὅτι
2340 4662 2453 4716 Οὐκ
2482 4662 2539 4713 ὲν
2558 4660 2878 4729 τάξειέσχον
2906 4661 3049 4729 ὑμᾶς
3063 4659 3352 4722 Αἰθιόπων,
3372 4660 3435 4712 ὲκ
3465 4660 3675 4730 μέρους

2095 4756 2162 4810 τὰ
2193 4754 2321 4824 ἔθνη
2360 4752 2678 4823 βουλόμενος
2706 4752 2923 4805 ἅπαντα
2968 4752 3141 4804 εἰπεῖν
3162 4769 3173 4780 ·
3217 4751 3307 4804 καὶ
3340 4751 3421 4804 ὅτι
3463 4752 3675 4822 μηδένα,

2090 4846 2199 4900 τῶν
2232 4843 2411 4898 αὐτῶν
2439 4840 2674 4906 ἀξιώσας
2689 4835 2867 4894 ὦπταί
2891 4857 3041 4896 ποτε
3085 4842 3379 4912 ’Δνήγαγον
3401 4843 3533 4913 γὰρ,
3565 4860 3677 4912 φησ-

2096 4939 2199 4998 σίν,
2232 4936 2374 5006 ὑμᾶς
2399 4934 2591 5005 μόνους
2620 4935 2684 4987 ὲκ
2710 4934 2810 5003 τῆς
2833 4934 3132 5001 Αἰγύπτου,
3171 4933 3309 5003 μετά
3337 4934 3546 4987 πολλῶν
3570 4936 3676 5004 μὲν

2091 5029 2407 5099 θαυμάτων,
2456 5025 2659 5095 πολλῆς
2682 5025 2740 5079 δὲ
2768 5026 3223 5097 παραδοξοποιίας
3241 5043 3253 5055 ·
3274 5026 3476 5095 ἧγαγόν
3499 5044 3557 5078 τε
3589 5028 3676 5091 είς

2091 5125 2192 5194 γῆν
2223 5119 2489 5189 τοσαύτην
2513 5118 2604 5171 καὶ
2628 5117 2980 5189 τηλικαύτην,
3010 5112 3076 5189 ἦς
3106 5118 3251 5187 ὑμᾶς
3279 5118 3535 5187 ἀπέφηνα
3568 5135 3671 5172 κν.

2096 5214 2241 5285 ρίους
2264 5211 2415 5265 οὐδὲν
2445 5209 2573 5279 ὑμῖν
2602 5208 2986 5282 προσηκούσης
3007 5224 3021 5237 ·
3055 5209 3116 5261 οὐ
3152 5209 3257 5279 μὴν
3279 5209 3397 5263 οὐδὲ
3428 5211 3508 5272 είς
3536 5210 3672 5263 ταῦ-

2091 5320 2192 5374 την
2233 5300 2405 5362 οὕτως
2449 5297 2768 5369 ἐληλύθατε,
2803 5296 2991 5365 ὥσπερ
3019 5298 3069 5349 οε
3100 5295 3381 5365 ἀλλόφυλοι
3413 5299 3476 5349 ἐκ
3507 5294 3671 5350 K37.-

2094 5393 2356 5456 παδοκίας
2397 5389 2840 5462 ὲπιμεμιγμένοι,
2875 5390 2908 5460 ἢ
2951 5393 3013 5443 ἐκ
3044 5389 3245 5461 Βόθρου
3273 5392 3384 5452 τοῖς
3432 5388 3629 5459 Σύροις
3658 5406 3673 5419 ο

2090 5515 2378 5576 posuerunt
2404 5504 2562 5560 CIR:
2609 5506 2935 5576 septuaginta
2969 5505 3192 5576 foveam,
3234 5502 3285 5556 id
3328 5513 3406 5555 est
3444 5501 3672 5571 βόθρονε

2097 5577 2383 5632 Theudotio
2412 5577 2697 5643 parietem:
2740 5575 3087 5643 Symmachus
3113 5575 3387 5645 Cyrenem,
3432 5589 3586 5643 quem
3625 5584 3675 5628 et

2092 5665 2186 5701 nos
2215 5649 2267 5700 iu
2298 5650 2393 5698 hnc
2419 5648 2532 5699 loco
2555 5648 2718 5699 secuti
2757 5660 2957 5700 sumus.

2166 5718 2277 5789 (50)
2316 5715 2575 5772 Videlicet
2605 5732 2670 5772 ex
2704 5714 2973 5771 llebi'aico
3009 5724 3131 5807 ﬁtP.
