3976 6226
278 452 377 506 SOI

1277 442 1818 499 COMMENTARIUS
1858 440 1922 495 IN
1963 439 2171 496 AMOSI
2210 439 2359 495 CAP.
2392 440 2479 494 l.\'.

3435 428 3541 484 3U“)

282 560 644 634 μεταστάσεις
676 559 789 629 γάρ
821 574 975 622 τινας
1006 558 1490 629 ύπομεμενήκασιν
1530 559 1751 623 ἐκεῖνοι,
1784 556 1859 609 ού·

1974 555 2240 625 quasdam
2276 554 2549 614 fecerunt,
2608 550 2744 606 nihil
2774 548 3024 604 mirabile
3050 547 3334 608 habentes,
3365 560 3541 616 neque

281 653 372 706 δὲν
416 651 648 721 ἐχούσας
698 649 1032 720 παράδοξον,
1078 648 1200 701 οὐδέ
1237 665 1359 701 τινα
1406 648 1544 719 ἐμὴν
1593 646 1869 717 ἐξαίρετον

282 743 601 812 ἐπιμέλειαν
637 738 930 802 δεικνύσας
967 739 1096 809 περὶ
1128 737 1340 801 αὐτούς
1364 755 1379 768 ·
1423 739 1556 808 πρὸς
1580 737 1659 807 τῷ
1689 737 1784 789 καὶ
1811 736 1868 788 ἐν

284 832 642 905 προσηλύτων
666 829 818 893 τάξει
844 830 1051 896 διάγειν
1078 830 1295 893 αὐτοὺς,
1328 830 1456 898 παρ’
1481 822 1677 897 οἶσπέρ
1697 827 1833 879 εἰσιν
1851 842 1865 857 ·

283 926 429 995 ὑμᾶς
460 923 518 976 δὲ
546 922 705 992 δῆλον
728 921 834 991 μὲν
878 920 994 991 μεθ’
1022 921 1160 975 ὅσων
1203 920 1457 986 ἐξέϐαλον
1501 917 1611 971 τῶν
1657 916 1870 987 θαυμά-

284 1032 392 1067 των
409 1031 422 1044 ·
460 1014 610 1074 ὅπως
637 1012 693 1064 δὲ
726 1011 986 1080 διήγαγον
1005 1010 1104 1080 τὴν
1131 1009 1354 1081 ἔρημον,
1389 1009 1539 1070 ὅπως
1562 1006 1618 1059 δὲ
1646 1007 1870 1077 εἰσήγα-

283 1123 382 1173 γον
430 1107 513 1167 εἰς
553 1103 652 1174 τὴν
700 1103 805 1173 γῆν
848 1101 950 1171 τῆς
993 1100 1344 1168 ἐπαγγελίας,
1385 1098 1461 1169 (p.
1494 1096 1620 1167 208)
1653 1098 1782 1167 ὅσης
1802 1098 1868 1159 ,δὲ

284 1197 432 1267 ὑμᾶς
457 1194 561 1263 γῆς
589 1193 870 1262 πεποίηκα
894 1190 1133 1262 κυρίους,
1166 1190 1412 1252 ἃπαντας
1434 1190 1558 1252 τοὺς
1586 1189 1673 1242 ἐπ’
1698 1189 1867 1259 αὐτῆς

284 1287 555 1358 πρότερον
575 1285 737 1345 ὄντας
764 1280 968 1337 ἀνελών
988 1298 1001 1313 ·
1037 1282 1167 1349 ὅσης
1198 1280 1255 1333 δὲ
1281 1282 1375 1334 καὶ
1395 1279 1669 1334 διετέλεσα
1703 1296 1868 1350 μετα-

284 1379 464 1441 διδοὺς
507 1379 633 1448 ύμῖν
684 1373 999 1444 ἐπιμελείας
1049 1371 1199 1444 παρά
1242 1373 1445 1435 πάντας
1507 1371 1864 1441 ἀνθρώπουςο

287 1471 433 1541 ὑπὲρ
449 1463 523 1522 ὧν
550 1470 691 1537 ἄγαν
713 1466 1018 1536 ὀφείλοντες
1050 1462 1182 1517 αἰδῶ
1202 1480 1291 1535 μοι
1314 1464 1499 1532 νέμειν
1522 1460 1663 1525 τινὰ,
1678 1460 1866 1513 οὐδένα

285 1564 446 1632 λόγον
478 1562 587 1616 τῶν
614 1561 675 1626 ἐξ
705 1559 839 1631 ἐμοῦ
875 1558 1254 1631 γεγενημένων
1302 1559 1381 1621 εἰς
1422 1558 1566 1627 ὑμᾶς
1608 1555 1866 1610 ἐπιδεδει-

285 1653 482 1723 γμένοι
502 1641 777 1721 φαίνεσθε.
807 1650 871 1701 Τί
898 1645 1018 1712 οὗν;

359 1836 507 1905 Στίχ.
542 1839 682 1905 η’-ι’.
711 1864 782 1874 --
806 1851 824 1884 ι
856 1832 984 1885 Ἰδοὺ
1014 1832 1062 1885 οἱ
1084 1829 1353 1900 ὀφθαλμοὶ
1381 1828 1584 1900 Κυρίου
1609 1827 1699 1882 τοῦ
1729 1828 1861 1882 Θεοῦ

1971 647 2140 702 ullum
2179 661 2359 701 meum
2382 657 2495 714 prae
2526 657 2586 698 se
2630 641 2868 697 ferentes
2899 638 3226 709 peculiarem
3261 635 3534 690 favorem:

1970 745 2332 809 praeterquam
2355 735 2500 805 quod
2541 734 2631 790 isti
2667 735 2723 788 in
2765 731 3163 802 proselytorum
3192 726 3383 781 ordine
3408 734 3539 780 sunt

1970 830 2113 898 apud
2169 830 2315 893 illos,
2363 826 2692 897 quibuscum
2759 833 3070 879 versamur.
3123 821 3194 873 At
3238 817 3395 873 enim.
3433 833 3532 874 vos

1968 920 2190 990 quantis
2220 935 2321 990 ego
2353 917 2613 988 prodigiis
2640 912 3377 977 liberaverim,notissimum
3411 918 3526 967 est:

1969 1011 2246 1082 quomodo
2292 1027 2391 1082 per
2445 1010 2725 1066 desertum
2777 1007 3120 1070 deduxerim,
3167 1002 3445 1076 quomodo
3475 1004 3533 1058 in

1969 1103 2298 1172 promissam
2340 1109 2543 1156 terram
2606 1098 3021 1161 introduxerint,
3081 1103 3136 1151 et
3191 1103 3406 1166 quantae
3436 1108 3535 1149 vos

1971 1210 2320 1265 possessores
2384 1193 2625 1264 regionis
2669 1192 2917 1254 fecerim,
2971 1189 3230 1244 omnibus
3258 1188 3353 1257 qui
3385 1186 3532 1242 illam

1968 1296 2129 1339 antea
2163 1284 2476 1340 incolebant
2516 1283 2812 1354 peremptis
2841 1298 2856 1335 :
2883 1287 3145 1350 quantam
3172 1278 3406 1348 denique
3437 1292 3534 1332 vo-

1968 1372 2052 1428 bis
2084 1389 2196 1443 prae
2240 1374 2457 1430 cunctis
2516 1372 2828 1427 hominibus
2880 1379 2935 1424 et
2979 1384 3140 1439 quam
3187 1374 3531 1423 constantem

1967 1480 2154 1520 curam
2191 1464 2571 1536 impenderim.
2608 1464 2852 1531 Quorum
2893 1462 3138 1516 onmium
3178 1474 3368 1522 causa,
3408 1474 3531 1512 cum

1966 1558 2226 1612 eximium
2260 1558 2390 1612 mibi
2422 1557 2697 1613 deberetis
2726 1555 3069 1625 obsequium,
3106 1554 3319 1608 nullum
3353 1564 3532 1607 tamen

1972 1648 2365 1703 beneficiorum
2411 1663 2539 1719 erga
2582 1663 2681 1704 vos
2712 1662 2955 1702 meorum
3004 1653 3309 1715 respectum
3353 1652 3532 1699 osten-

1940 1742 2145 1795 odistis.
2177 1739 2320 1806 Quid
2373 1739 2542 1810 ergo?

2034 1830 2195 1886 Vsus.
2214 1830 2463 1884 8-iO.——t
2484 1828 2620 1883 Ecce
2633 1829 2775 1883 oculi
2799 1827 3009 1883 Domini
3022 1827 3116 1882 Dei
3132 1841 3295 1896 super
3310 1841 3533 1895 regnum

287 1930 381 1983 ἐπὶ
407 1929 509 1999 τὴν
540 1924 816 1997 βασιλείαν
847 1923 944 1993 τὴν
983 1921 1304 1992 ἀμαρτωλόν
1326 1938 1339 1951 ο
1379 1921 1472 1972 καὶ
1494 1919 1670 1991 ὲξαρῶ
1697 1921 1859 1991 αὐτὴν

1970 1937 2225 1992 peccans,
2273 1930 2327 1975 et
2361 1920 2603 1976 auferam
2658 1919 2794 1973 illud
2827 1934 2856 1971 a
2890 1918 3029 1972 facie
3059 1927 3220 1973 terrae
3266 1936 3279 1971 :
3316 1932 3533 1972 verum-

285 2021 395 2074 ἀπὸ
436 2017 730 2090 προσώπου
766 2016 865 2087 τῆς
911 2014 1015 2083 γῆς
1036 2030 1051 2047 ’
1106 2013 1244 2084 πλὴν
1277 2012 1358 2065 ὅτι
1386 2012 1466 2074 εἰς
1497 2010 1647 2073 τέλος
1699 2011 1759 2063 ού
1791 2010 1866 2082 μὴ

285 2110 469 2180 ἑξαρῶ
495 2110 588 2163 τὸν
621 2104 767 2161 οἷκον
808 2104 1023 2168 Ἰακὼϐ,
1060 2102 1208 2171 λέγει
1240 2102 1464 2172 Κύριος.
1495 2120 1512 2152 ι
1568 2100 1738 2171 ’Υπὲρ
1768 2101 1866 2172 μὲν

281 2198 375 2254 οὖν
402 2199 609 2267 ταύτης
630 2197 727 2267 τῆς
745 2193 1135 2265 ἀγνωμοσύνης
1154 2192 1337 2261 ἁφελῶ
1358 2209 1417 2244 τε
1444 2192 1585 2261 ὑμᾶς
1613 2191 1709 2261 τῆς
1740 2191 1863 2262 γῆς,

284 2292 378 2346 καὶ
415 2292 499 2354 εἰς
532 2286 909 2359 αἰχμαλωσίαν
938 2284 1129 2350 ἀπάξω
1150 2282 1248 2351 τὴν
1276 2282 1416 2335 οὕτω
1444 2281 1681 2352 πονηρὰν
1709 2282 1864 2352 βασι-

282 2382 433 2433 λείαν
459 2398 473 2409 ·
493 2379 553 2432 ού
584 2378 687 2448 μὴν
713 2376 974 2445 ἀνέξομαι
1003 2372 1241 2442 παντελῆ
1269 2372 1359 2425 τὸν
1382 2371 1687 2441 ἀφανισμὸν
1709 2372 1738 2423 ύ
1747 2371 1865 2442 μῶν

281 2468 727 2542 ἀπεργάσεσθαι,
790 2465 1138 2536 μεμνημένος
1186 2464 1284 2535 τῆς
1331 2462 1557 2535 γνώμης
1593 2463 1690 2533 τῆς
1726 2464 1864 2535 ἐμῆς

284 2562 402 2632 μεθ’
428 2556 502 2633 ἧς
526 2558 794 2627 τοσαύτην
821 2556 1012 2625 ἔνειμα
1038 2554 1136 2626 τὴν
1158 2553 1493 2623 ἐπιμέλειαν.
1541 2570 1559 2603 ι
1585 2551 1727 2604 Διότι
1752 2552 1861 2605 ἰδοὺ

280 2652 391 2720 ἐγὼ
435 2649 775 2719 ἐντέλλομαι,
822 2650 917 2702 καὶ
960 2649 1211 2719 λικμήσω
1253 2647 1309 2699 δὲ
1348 2642 1494 2700 οἷκον
1540 2644 1753 2717 Ἰσραὴλ
1806 2646 1863 2698 έν

280 2745 418 2797 πᾶσι
447 2744 563 2805 τοῖς
606 2740 836 2805 ἔθνεσιν,
868 2739 926 2792 ὃν
953 2740 1151 2812 τρόπον
1176 2739 1435 2809 λικμᾶται
1467 2740 1523 2791 ὲν
1542 2737 1619 2808 τῷ
1648 2736 1859 2808 λικμῷ·

281 2833 373 2884 καὶ
400 2831 463 2883 ού
494 2830 571 2900 μὴ
599 2828 742 2902 πέσῃ
768 2828 1085 2900 σύντριμμα
1104 2829 1196 2881 ἐπὶ
1215 2829 1313 2898 τὴν
1347 2828 1469 2898 γῆν.
1500 2847 1517 2879 ι
1560 2828 1725 2897 Δίκην
1752 2827 1861 2900 γὰρ

280 2922 390 2975 τῶν
421 2920 750 2990 λικμώντων
796 2918 975 2972 ἀλωνα
1013 2918 1107 2972 καὶ
1140 2918 1477 2990 χωριζὸντων
1518 2918 1613 2973 τοῦ
1656 2918 1859 2990 ἀχύρου

281 3014 369 3066 τὸν
396 3015 567 3076 σῖτον,
604 3010 911 3082 παραδώσω
943 3012 1039 3081 μὲν
1064 3011 1207 3081 ὑμᾶς
1245 3010 1323 3074 εἰς
1344 3011 1717 3082 αἰχμαλωσίαν
1749 3014 1860 3075 τοῖς

282 3102 461 3156 ἔθνεσι
484 3118 498 3130 ·
534 3100 778 3171 παντελῆ
814 3102 872 3154 δὲ
904 3100 1055 3171 ὑμῶν
1095 3104 1187 3156 τὸν
1220 3103 1524 3173 ἀφανισμὸν
1561 3103 1660 3156 ούκ
1691 3103 1859 3174 ἐργά-

1970 2021 2148 2066 tamen
2185 2026 2291 2065 non
2327 2011 2380 2065 in
2420 2011 2581 2064 finem
2607 2009 2851 2064 auferam
2896 2008 3117 2063 domum
3151 2006 3341 2070 Jacob,
3394 2008 3531 2062 dicit

1967 2102 2249 2157 Dominus.
2282 2120 2301 2153 ι
2337 2101 2562 2172 Propter
2601 2101 2750 2156 hunc
2783 2115 2915 2155 sane
2944 2100 3220 2170 ingratum
3267 2100 3532 2162 animum,

1966 2194 2208 2249 auferam
2240 2209 2338 2249 vos
2367 2193 2437 2249 de
2472 2202 2638 2259 terra,
2679 2202 2734 2249 et
2773 2193 2825 2247 in
2858 2194 3221 2263 captivitatem
3264 2190 3527 2260 expellam

1965 2296 2073 2339 tam
2122 2300 2354 2356 nequam
2394 2301 2621 2356 regnum
2655 2302 2671 2352 ;
2717 2300 2827 2340 non
2868 2292 3046 2340 tamen
3098 2285 3273 2355 patiar
3307 2284 3525 2353 plenum

1964 2378 2132 2433 vestri
2208 2378 2583 2434 consummari
2641 2378 2895 2442 exitium,
2967 2392 3176 2432 memor
3231 2377 3528 2431 voluntatis

1964 2486 2117 2533 meae,
2154 2486 2262 2541 qua
2293 2478 2500 2526 tantam
2538 2471 2693 2526 vobis
2736 2485 2924 2525 curam
2973 2468 3232 2539 impendi.
3267 2487 3287 2520 ι
3320 2468 3396 2523 En
3424 2484 3526 2539 ego

1962 2562 2296 2631 prazcipiam,
2325 2570 2379 2615 et
2409 2561 2681 2616 ventilabo
2709 2560 2929 2615 domum
2976 2559 3218 2621 lsraelis,
3257 2559 3523 2629 quemad-

1964 2650 2183 2703 modum
2237 2650 2533 2704 ventilatur
2592 2650 2649 2705 in
2703 2648 3028 2713 ventilabro,
3092 2655 3147 2703 et
3202 2662 3311 2701 non
3368 2648 3526 2702 cadet

1963 2740 2327 2811 fragmentum
2363 2756 2529 2811 super
2559 2750 2785 2796 terram.
2811 2758 2829 2792 ι
2868 2739 2993 2794 Ritu
3042 2739 3415 2795 ventilantium
3467 2738 3520 2791 in

1961 2846 2110 2895 area,
2159 2842 2216 2888 et
2272 2835 2675 2889 secernentium
2719 2848 2749 2887 a
2802 2833 2954 2903 palea
3008 2832 3271 2895 triticum,
3314 2830 3526 2884 tradam

1960 2939 2058 2978 vos
2091 2926 2345 2995 gentibus
2379 2925 2436 2980 in
2462 2926 2828 2995 captivitatem
2852 2924 3033 2991 ;baud
3064 2939 3192 2978 vero
3213 2923 3520 2978 absolutam

1958 3015 2129 3069 vestri
2182 3016 2477 3085 perniciem
2542 3016 2702 3087 138
2745 3014 2962 3081 faciam,
3022 3030 3352 3070 conservans
3400 3015 3524 3069 illos

1960 3122 2099 3177 quos
2149 3107 2289 3162 hanc
2347 3108 2671 3179 impetrandi
2732 3109 2960 3164 salutem
3004 3108 3196 3177 dignos
3241 3107 3521 3178 iudicabo.

287 3212 472 3265 σομαι,
509 3193 833 3265 περισὼζων
870 3191 964 3256 οὓς
1002 3192 1067 3246 ἂν
1108 3193 1289 3261 ἀξίους
1330 3193 1608 3265 δοκιμάσω
1637 3194 1732 3247 τοῦ
1761 3195 1859 3265 τῆς

1967 3216 1984 3247 ι
2022 3196 2214 3252 Gladio
2254 3198 2555 3253 morientur
2599 3213 2789 3254 omnes
2820 3205 3131 3268 peccatores
3179 3198 3358 3267 populi
3395 3199 3521 3260 mei,

284 3285 560 3357 σωτηρίας
586 3283 787 3353 ταύτης
816 3286 1017 3352 τυχεῖν.
1057 3302 1073 3332 ι
1094 3283 1182 3336 Ἐν
1212 3284 1455 3355 ῥομφαίᾳ
1480 3285 1859 3356 τελευτήσουσι

283 3377 484 3436 sine;
524 3370 840 3442 ἁμαρτωλοὶ
872 3370 966 3423 τοῦ
1006 3370 1131 3423 λαοῦ
1167 3388 1289 3441 μου,
1330 3376 1407 3441 (p.
1446 3372 1570 3442 209)
1599 3374 1648 3425 οἰ
1674 3372 1858 3442 λέγονο

282 3484 394 3529 τες,
427 3465 505 3517 Οὐ
541 3464 617 3534 μὴ
647 3462 844 3532 ὲγγίσῃ
870 3462 987 3514 οὐδὲ
1024 3462 1097 3532 μὴ
1124 3462 1252 3534 ἔλθῃ
1276 3463 1359 3533 ἐφ’
1378 3464 1523 3533 ἡμᾶς
1556 3464 1624 3516 τὰ
1650 3465 1813 3520 κακά.
1835 3484 1852 3515 ι

294 3558 536 3625 Ἀφανιῶ
560 3555 669 3625 γάρ
700 3553 778 3624 τῷ
816 3552 1037 3623 πολέμῳ
1064 3554 1191 3616 τοὺς
1221 3553 1356 3623 πρὸς
1389 3553 1448 3605 τὸ
1482 3556 1661 3625 χεῖρον
1683 3555 1861 3608 νεύον-

283 3667 401 3711 τας,
428 3648 529 3702 καὶ
552 3645 654 3699 οὐκ
689 3646 965 3716 οἰομένους
992 3644 1131 3697 κατὰ
1165 3644 1261 3708 τὰς
1289 3645 1396 3696 τῶν
1428 3645 1723 3716 προφητῶν
1754 3664 1859 3717 μη-

286 3742 468 3804 νύσεις
495 3737 884 3791 ἑπελεύσεσθαί
904 3754 956 3789 τι
984 3736 1090 3789 τῶν
1114 3735 1422 3790 λυπούντων
1456 3736 1668 3800 αὐτούς.
1706 3736 1859 3790 Οὓτω

284 3832 368 3885 6.1
388 3832 615 3884 πάντων
640 3828 709 3881 τά
743 3827 1142 3898 ὲπελευσόμενα
1163 3825 1238 3895 τῷ
1260 3826 1373 3897 λαῷ
1421 3825 1662 3896 μηνύσας
1690 3826 1857 3889 κακά,

288 3926 377 3977 ita
404 3922 563 3992 παρὰ
608 3920 717 3974 τῶν
764 3917 1063 3988 ’Δσσυρίων
1089 3918 1214 3986 περί
1263 3916 1359 3979 τὰς
1387 3916 1519 3970 δέκα
1545 3916 1859 3987 συμϐαίνειν

286 4014 485 4085 ἤμελλε
516 4012 712 4083 φυλὰς,
730 4012 825 4065 ἆτε
857 4008 1005 4081 παρά
1030 4008 1138 4061 τῶν
1160 4008 1510 4061 Βαϐυλωνίων
1532 4007 1755 4079 ὕστερον
1781 4011 1859 4073 εἰς

286 4105 407 4166 τοὺς
430 4101 677 4164 λοιποὺς,
725 4097 918 4170 μηνύει
948 4097 1040 4151 καί
1067 4097 1165 4168 τὴν
1194 4097 1285 4151 ὲπὶ
1319 4097 1380 4151 τὸ
1408 4101 1651 4172 κρεῖττον
1681 4098 1859 4152 αὐτῶν

291 4195 404 4263 μετ’
434 4195 613 4247 έκεῖνο
646 4189 966 4262 μεταϐολὴν,
994 4188 1087 4242 καὶ
1116 4188 1276 4259 φησίν
1298 4204 1314 4219 ’

354 4285 504 4354 Στίχ.
540 4289 630 4345 ια’,
670 4280 754 4351 ιβ’.
786 4310 852 4321 --
880 4298 898 4331 ι
934 4280 1022 4333 Ἐν
1052 4282 1118 4351 τῇ
1152 4279 1333 4351 ἡμέρᾳ
1370 4278 1548 4351 ἐκείνῃ
1576 4278 1858 4349 ἀναστήσω

289 4377 378 4447 τὴν
410 4373 619 4444 σκηνὴν
640 4372 802 4425 Δαυῒδ
825 4373 923 4443 τὴν
952 4374 1320 4436 πεπτωκυῖαν,
1342 4372 1437 4425 καί
1457 4370 1857 4441 ἀνοικοδομήσω

289 4467 480 4538 αὐτὴν,
510 4462 694 4526 καθὼς
730 4464 785 4515 αἰ
814 4463 1014 4533 ἡμέραι
1054 4462 1147 4515 τοῦ
1177 4461 1372 4525 αἰῶνος
1398 4477 1409 4489 ·
1451 4462 1597 4524 ὅπως
1629 4459 1857 4533 ἐκζητή-

1961 3289 2054 3358 qui
2107 3289 2295 3344 dicunt
2346 3309 2359 3344 :
2392 3289 2510 3345 Non
2548 3291 3274 3361 appropinquabuntmcque
3309 3292 3526 3346 venient

1961 3395 2126 3450 super
2150 3395 2250 3436 nos
2283 3380 2442 3435 mala.
2466 3399 2483 3431 ι
2519 3380 2667 3436 Bello
2694 3382 2839 3436 enim
2882 3398 2978 3438 eos
3009 3384 3251 3454 perdam,
3295 3388 3387 3457 qui
3419 3391 3522 3444 im-

1963 3472 2218 3542 probitati
2250 3481 2378 3526 sunt
2409 3472 2602 3539 dediti,
2651 3480 2704 3527 et
2735 3487 2840 3526 non
2867 3473 3099 3529 credunt
3123 3476 3239 3531 fore
3268 3486 3328 3532 ut
3366 3480 3522 3549 juxta

1962 3562 2348 3632 prophetarum
2384 3564 2642 3619 vaticinia
2700 3565 2855 3620 triste
2898 3566 3103 3635 aliquid
3151 3568 3252 3623 sibi
3285 3571 3518 3624 eveniat.

1962 3653 2259 3722 Postquam
2309 3653 2391 3707 sic
2446 3653 2732 3719 hactenus,
2806 3664 3064 3711 eventura
3132 3660 3329 3728 populo
3376 3662 3515 3715 mala

1964 3741 2231 3810 prOpheta
2284 3741 2555 3810 praedixit,
2614 3751 2727 3797 tum
2758 3760 2878 3815 quae
2929 3746 2998 3799 ab
3042 3746 3281 3819 Assyriis
3329 3750 3516 3807 decem

1962 3832 2139 3885 tribus
2183 3846 2425 3902 passurae
2462 3842 2637 3900 erant,
2696 3845 2808 3888 tum
2847 3852 2967 3905 qua:
3003 3847 3192 3908 postea
3237 3840 3429 3911 reliqui
3483 3858 3514 3897 a

1963 3922 2297 3992 Babyloniis,
2362 3923 2607 3992 przedicit
2655 3928 2817 3979 etiam
2868 3927 3108 3996 ipsorum
3159 3938 3282 4002 post
3317 3932 3408 3985 illa
3456 3932 3509 3986 iu

1962 4013 2157 4070 melius
2186 4014 2620 4083 conversionem,
2651 4020 2831 4089 aitque
2859 4037 2873 4074 :

2030 4283 2198 4341 Vens.
2232 4284 2317 4352 Η,
2342 4284 2427 4340 12.
2448 4314 2517 4327 ——
2537 4304 2554 4339 ι
2575 4283 2671 4342 Die
2700 4285 2789 4341 illa
2813 4289 3087 4344 suscitabo
3110 4291 3514 4353 tabernaculum

1961 4374 2181 4433 Davidis
2207 4375 2351 4447 quod
2378 4375 2595 4441 cecidit,
2615 4384 2668 4431 et
2700 4378 3041 4434 reaediflcabo
3071 4382 3199 4438 illud
3235 4385 3375 4439 sicut
3404 4389 3522 4445 dies

1960 4467 2166 4530 seculi,
2198 4476 2257 4521 ut
2287 4467 2572 4536 exquirant
2592 4482 2679 4522 me
2708 4470 2897 4539 reliqui
2939 4471 3240 4541 hominum,
3260 4486 3314 4532 et
3328 4491 3517 4550 gentes

294 4556 422 4610 σωσί
460 4572 527 4625 με
551 4556 598 4607 οἰ
630 4553 947 4606 κατάλοιποι
979 4552 1085 4605 τῶν
1112 4549 1432 4624 ἀνθρώπων,
1465 4552 1558 4603 καὶ
1589 4549 1764 4604 πάντα
1788 4550 1854 4603 τά

1964 4570 2170 4618 omnes,
2210 4571 2375 4626 super
2402 4557 2603 4627 quibus
2631 4558 2940 4614 invocatum
2962 4570 3046 4617 est
3079 4578 3274 4621 nomen
3311 4549 3515 4634 meum,

292 4645 414 4716 ἔθνη
444 4645 529 4713 ἐφ’
554 4643 592 4697 ἃ
626 4643 975 4713 ἐπικέκληται
1006 4642 1065 4695 τὸ
1091 4642 1259 4712 ὄνομά
1286 4658 1386 4711 μου
1412 4642 1499 4693 ἐπ’
1523 4640 1681 4702 αὐτὰ,
1706 4639 1853 4708 λέγει

294 4735 491 4806 Κύριος
510 4736 541 4786 ὁ
578 4732 746 4787 ποιῶν
783 4735 957 4788 πάντα
988 4734 1174 4787 ταῦτα.
1197 4752 1216 4785 ι
1271 4734 1430 4787 Ἀλλὰ
1454 4732 1559 4803 γὰρ
1594 4732 1730 4802 μετά
1756 4731 1855 4803 τὴν

290 4822 393 4874 τῶν
424 4822 684 4892 λυπηρῶν
726 4824 919 4893 πεῖραν
958 4821 1241 4892 μεταϐαλῶ
1275 4821 1450 4876 πάντα
1475 4821 1566 4873 ἐπὶ
1593 4821 1651 4874 τὸ
1677 4823 1855 4892 κρεῖτ-

291 4930 399 4976 τον,
441 4914 537 4969 καὶ
576 4911 821 4983 ἁνεγερῶ
858 4911 951 4966 τοῦ
991 4912 1153 4966 Δαυῒδ
1190 4912 1286 4983 τὴν
1327 4914 1674 4965 πεπτωκυῖαν
1711 4912 1858 4982 βασι-

289 5003 472 5057 λείαν·
526 5005 620 5055 καὶ
664 5003 826 5057 πάλιν
874 5001 933 5066 ἐξ
964 5003 1132 5072 αὐτῆς
1176 5004 1473 5074 ἡγούμενον
1501 5001 1655 5055 δώσω
1694 5004 1857 5057 παντί

288 5093 365 5164 τῷ
390 5094 503 5165 λαῷ
526 5111 539 5125 ο
581 5094 656 5157 ὡς
699 5094 776 5165 μὴ
824 5094 983 5165 μόνον
1015 5093 1219 5148 τούτων
1261 5094 1386 5158 τοὺς
1414 5093 1853 5162 ὑπολειφθέντας,

289 5185 421 5239 ἀλλὰ
449 5185 559 5257 γάρ
584 5186 678 5238 καὶ
704 5184 930 5248 πολλοὺς
957 5183 1065 5237 τῶν
1093 5184 1349 5238 ἐναντίων
1379 5185 1483 5238 ὑπὸ
1514 5184 1614 5255 τῆς
1640 5186 1839 5257 γινομέι

289 5293 394 5329 νων
446 5276 757 5347 ἐκπλήξεως
813 5277 1159 5347 κινουμένους
1204 5275 1335 5329 Θεὸν
1384 5276 1717 5347 ὁμολογῆσαι
1762 5275 1853 5329 τὸν

290 5368 382 5421 τοῦ
404 5367 601 5431 παντὸς
632 5369 861 5438 ποιητήν
902 5385 960 5421 τε
988 5368 1082 5421 καὶ
1113 5366 1317 5437 Κύριον
1336 5383 1349 5397 ⁸
1377 5365 1546 5419 ταῦτα
1573 5366 1681 5437 γὰρ
1719 5368 1854 5420 ἀπο-

291 5457 530 5523 φαίνεται
555 5459 584 5510 ὁ
616 5456 711 5509 καὶ
740 5456 876 5526 πρὸς
904 5456 1075 5524 πέρας
1095 5455 1236 5518 ἄξων
1266 5454 1404 5507 αύτά
1429 5454 1584 5518 Θεός’
1622 5455 1854 5509 ἐνταῦθα

291 5548 390 5615 μὲν
423 5544 514 5602 οὖν
538 5547 606 5602 τά
651 5548 795 5601 κατά
834 5548 934 5618 τὴν
968 5547 1223 5600 ἐπάνοδον
1272 5547 1371 5617 τὴν
1404 5546 1510 5599 ἀπὸ
1538 5547 1853 5610 Βαϐυλῶνος

285 5638 453 5704 λέγει,
474 5639 638 5708 ὁτιδὴ
661 5638 881 5707 βασιλέα
908 5640 973 5691 ἐκ
992 5636 1085 5690 τοῦ
1107 5636 1271 5691 Δαυῒδ
1291 5636 1419 5692 ὂντα
1447 5637 1536 5691 τὸν
1550 5638 1852 5709 Ζοροϐάϐελ

288 5728 595 5791 ἐπανιόντες
638 5729 732 5785 ἐπὶ
758 5729 827 5782 τά
876 5731 1049 5783 οἰκεῖα
1098 5729 1328 5800 fuas)on
1378 5730 1614 5793 ἅπαντες
1666 5731 1847 5801 ἔχειν·

291 5824 368 5884 tp.
383 5814 503 5884 910)
519 5820 547 5869 6
566 5816 813 5887 μέντοιγε
828 5818 1093 5888 μακάριος
1126 5818 1377 5882 Ἰάκωϐος
1392 5819 1450 5872 ἐν
1468 5822 1583 5881 ταῖς
1612 5821 1847 5891 ἰίράξεσι

1961 4646 2096 4701 dicit
2140 4644 2403 4703 Dominus
2461 4652 2554 4719 qui
2606 4648 2721 4704 haec
2749 4652 2933 4704 omnia
2977 4652 3125 4707 facit.
3160 4675 3177 4707 ι
3218 4656 3331 4727 Age
3385 4676 3520 4716 vero

1964 4745 2084 4807 post
2104 4737 2478 4793 molestiarum
2512 4740 2947 4810 perpessionem,
3004 4746 3186 4800 omnia
3244 4748 3296 4802 in
3329 4752 3523 4807 melius

1963 4828 2203 4893 mutabo,
2223 4836 2275 4883 et
2305 4838 2635 4898 prostratum
2686 4830 2905 4889 Davidis
2961 4850 3186 4905 regnum
3217 4842 3465 4897 excitabo
3502 4861 3516 4897 :

1963 4931 2262 4987 rursusque
2288 4933 2356 4973 ex
2388 4920 2509 4987 ipso
2542 4920 2683 4975 dabo
2733 4922 2927 4979 ducem
2972 4927 3223 4982 universo
3260 4933 3458 4997 popqu
3502 4952 3514 4987 :

1962 5007 2036 5062 ita
2083 5017 2143 5061 ut
2176 5022 2284 5062 non
2318 5008 2371 5062 bi
2430 5009 2607 5064 solum
2655 5012 2828 5067 ruime
2874 5016 3215 5084 superstites,
3279 5019 3373 5072 sed
3426 5024 3518 5076 alii

1960 5098 2114 5152 multi
2139 5099 2206 5155 de
2237 5114 2466 5155 numero
2504 5104 2929 5168 contrariorum,
2968 5119 3147 5159 rerum
3177 5106 3369 5165 barum
3403 5119 3521 5168 stu-

1959 5203 2087 5253 pore
2106 5190 2363 5259 perculsi,
2393 5189 2559 5246 Deum
2590 5193 2899 5251 confessori
2937 5196 3047 5251 sint
3062 5197 3299 5257 universi
3333 5207 3517 5261 mundi

1956 5275 2216 5335 factorem
2252 5296 2314 5334 ac
2348 5279 2655 5338 Dominum.
2688 5285 2899 5355 Quippe
2930 5284 3044 5340 hac
3078 5288 3254 5357 palam
3278 5292 3521 5351 decernit

1961 5369 2008 5422 is
2038 5368 2131 5438 qui
2162 5369 2352 5425 eadem
2395 5370 2460 5424 ad
2484 5372 2688 5427 exitum
2722 5374 2981 5444 perducet
3011 5376 3173 5435 Deus.
3232 5379 3332 5437 Hic
3356 5382 3520 5453 igitur

1958 5471 2046 5512 res
2070 5458 2214 5512 circa
2247 5460 2476 5515 reditum
2514 5460 2787 5533 Babylone
2811 5465 3049 5534 agendas
3082 5468 3245 5536 dicit;
3273 5479 3327 5525 et
3372 5476 3516 5545 quod

1958 5562 2138 5618 regem
2192 5550 2395 5606 Davide
2436 5551 2728 5607 oriundum
2789 5553 3179 5615 Zorobabelem
3221 5575 3412 5621 omnes
3465 5567 3517 5622 in

1960 5638 2175 5707 propria
2226 5639 2456 5696 reduces
2505 5642 2740 5698 habituri
2789 5647 2920 5702 sint.
2966 5647 3186 5710 Beatum
3220 5653 3516 5720 quinetiam

1955 5730 2214 5787 Jacobum
2264 5732 2319 5786 in
2372 5743 2687 5791 sanctorum
2741 5740 3114 5809 apostolorum
3160 5743 3390 5800 Actibus
3452 5746 3519 5799 de

1954 5822 2172 5879 Christo
2214 5823 2438 5879 Domino
2483 5824 2623 5879 hanc
2674 5831 2918 5886 eamdem
2968 5816 3294 5890 locutionem
3360 5852 3519 5892 usur-
