3966 6222
404 231 509 286 8Ύῖ

1570 250 1612 303 Τ
1621 251 1659 305 ll
1670 251 1915 310 lZODORI
1947 253 2425 315 MOPSUESTENI

480 347 931 422 Quandoquidem
974 371 1102 426 ergo
1152 357 1294 417 Deus
1335 375 1653 435 correptura
1697 368 1966 425 Israelitas
2000 378 2051 432 Α

3544 274 3639 327 308

2161 375 2375 447 Ἐπειδὴ
2401 376 2579 430 τοίνυν
2609 377 2864 443 πολλάκις
2897 379 2984 433 διὰ
3018 370 3127 433 τῶν
3152 382 3442 453 προφητῶν
3469 385 3496 437 ὁ
3520 385 3641 452 Θεὸς

409 437 551 491 mala
601 440 986 508 prephetarum
1037 461 1130 503 ore
1183 464 1327 520 saepe
1379 455 1743 522 przedixerat,
1798 460 1960 529 primt

409 522 624 548 ,...ε,ι,.-,.
666 528 725 548 -L
777 530 825 548 Α,
936 534 969 547 ι.
1040 537 1049 546 .
1315 541 1327 548 .
1443 544 1452 548 -

2083 463 2153 517 τὰ
2189 437 2610 538 καταληψόμενα
2646 469 2770 532 τοὺς
2807 437 3141 541 Ἰσραηλίτας
3319 437 3486 540 ’κακά,

407 522 626 590 quidem
662 528 731 581 ab
764 530 1003 602 Assyriis
1039 537 1361 607 imponenda
1386 586 1400 610 ,
1443 544 1638 600 iterum
1670 564 1700 601 a
1742 548 1977 620 Babylo-

407 615 514 668 niis
532 633 654 670 cum
687 622 975 680 universus
1006 625 1170 683 Israel
1197 632 1429 701 migrare
1454 637 1629 704 patria
1647 639 1834 707 jussus
1859 652 1972 708 est;

404 714 457 796 et
482 708 607 774 quia
632 711 786 768 valde
810 755 823 777 ,
850 725 905 769 ιιι
958 717 1069 772 (Ιίλί
1095 761 1108 784 ,
1137 736 1235 791 per
1259 724 1310 777 id
1350 735 1564 796 tempus
1597 728 1816 785 ldumaai
1850 746 1972 785 cum

406 795 655 855 hostibus
698 817 1123 876 consenserunt,
1164 814 1292 867 dum
1335 795 1581 873 idoneam
1639 822 1779 876 nacti
1816 837 1975 876 occa-

406 888 615 943 sionem
680 909 739 948 se
795 898 1081 956 crederent
1152 906 1414 973 perdendi
1491 911 1735 969 funditus
1784 929 1973 970 omnes

406 979 717 1051 quicunque
750 985 817 1041 de
850 988 1144 1046 Israelitica
1180 995 1349 1064 stirpe
1375 1009 1559 1055 essent
1589 1003 1808 1072 (quain
1841 1014 1974 1059 reet

405 1067 623 1162 ldumtei
674 1075 792 1131 sine
818 1076 983 1133 dubio
1030 1083 1134 1139 Deo
1173 1067 1657 1155 adversabantur;
1686 1094 1776 1162 qui
1813 1093 1972 1148 Jaco-

403 1158 530 1213 hum
574 1162 796 1231 majoris
826 1177 952 1222 natu
1005 1173 1287 1246 privilegio
1317 1178 1574 1248 dignatus
1605 1158 1782 1236 fuerat
1815 1183 1971 1255 142

403 1258 737 1321 cunctosque
755 1256 916 1326 hujus
939 1270 1189 1330 posteros
1211 1269 1475 1336 peculiari
1501 1287 1805 1343 magnaque
1840 1288 1970 1328 cura

402 1344 902 1417 «amplectebatur;
962 1363 1014 1407 et
1084 1357 1238 1427 ipsos
1308 1360 1586 1418 lsraelitas
1646 1380 1972 1436 magnopere

403 1447 633 1524 numero
686 1454 782 1506 par
824 1450 961 1507 erat,
1002 1447 1129 1514 quia
1210 1452 1411 1517 posteri
1469 1452 1589 1521 ejus
1644 1457 1737 1524 qui
1787 1458 1970 1512 divino

402 1523 620 1579 decreto
675 1530 1021 1603 primogeniti
1083 1540 1283 1594 tulerat
1346 1523 1804 1609 benedictionem,
1855 1547 1969 1603 haec

2084 572 2239 626 τερον
2279 556 2378 626 μὲν
2415 557 2520 610 ὐπὸ
2554 559 2867 627 Ἀσσυρίων,
2918 562 3024 615 ὑπὸ
3066 561 3413 616 Βαϐυλωνίων
3445 565 3497 617 δέ
3536 572 3639 637 μετ’

2082 646 2278 711 ἐκεῖνο,
2323 647 2404 700 δτι
2457 663 2516 700 τε
2569 648 2908 718 αἰχμάλωτος
2962 651 3107 714 ἅπας
3153 653 3183 704 ὁ
3226 651 3431 723 Ἰσραὴλ
3469 655 3640 708 τοῦτον

2082 736 2458 809 ἀπαχθήσεται
2505 738 2595 791 τὸν
2644 740 2879 810 τρόπον’
2913 741 3113 812 πολλὴν
3155 740 3232 805 δέ,
3272 742 3345 805 ὡς
3383 743 3528 814 ἔφην,
3558 746 3640 799 ἐπὶ

2079 828 2189 881 τῶν
2232 830 2439 901 καιρῶν
2480 832 2701 885 ἐκείνων
2723 833 2821 901 τὴν
2860 832 3066 885 οἰκείαν
3108 833 3440 899 ἐπεδείξαντο
3468 852 3639 908 συνερ-

2080 920 2203 988 γίαν
2239 921 2551 991 Ἰδουμαῖοι,
2594 922 2784 993 καιρὸν
2839 923 3140 993 ἐπιτήδειον
3178 912 3450 994 εἰληφέναι
3498 927 3639 997 νομί-

2082 1028 2270 1074 σαντες
2315 1014 2395 1075 εἰς
2431 1013 2492 1065 τὸ
2542 1013 2848 1084 πανωλεθρὶ
2879 1013 3084 1079 πάντας
3123 1015 3379 1069 ἀπολέσαι
3425 1017 3544 1081 τοὺς
3583 1018 3641 1071 ἐκ

2077 1100 2177 1169 τῆς
2236 1100 2629 1172 Ἰσραηλιτικῆς
2693 1096 3054 1174 ὡρμημένους
3112 1104 3459 1173 συγγενείας·
3512 1107 3637 1177 ὅπερ

2076 1186 2143 1261 ἦν
2174 1191 2293 1261 Θεῷ
2321 1191 2697 1262 πολεμούντων
2726 1192 3025 1263 προδήλως,
3052 1193 3110 1256 ὃς
3132 1193 3223 1247 τόν
3252 1210 3309 1246 τε
3343 1192 3529 1247 Ἰακὼϐ
3549 1194 3640 1263 τῆς

2076 1283 2184 1335 τῶν
2214 1284 2592 1353 πρωτοτοκίων
2621 1283 2851 1352 ἠξίωσεν
2884 1284 3152 1353 εὐλογίας,
3188 1285 3281 1338 καί
3313 1287 3519 1340 πάντων
3540 1285 3640 1338 τῶν

2077 1374 2282 1428 ἐκεῖθεν
2336 1375 2720 1444 καταγομένων
2783 1375 2982 1446 πολλήν
3051 1393 3173 1429 τινα
3231 1376 3323 1429 καί
3385 1376 3643 1447 ἐξαίρετον

2077 1465 2442 1537 πεποιημένος
2469 1465 2802 1519 διατετέλεκε
2820 1466 2915 1537 τὴν
2946 1466 3262 1537 ἐπιμέλειαν
3281 1485 3295 1499 ’
3341 1468 3559 1539 ἀθυμεῖν
3584 1484 3639 1520 τε

2075 1558 2168 1612 ἐπὶ
2194 1558 2402 1623 τούτοις
2426 1558 2572 1621 είκδς
2608 1554 2677 1629 ἦν
2714 1559 2842 1621 τοὺς
2880 1558 3237 1629 Ἰσραηλίτας,
3269 1560 3319 1612 εί
3347 1561 3409 1612 ἐκ
3440 1559 3529 1612 τοῦ
3551 1560 3643 1631 τὴν

402 1617 745 1687 patiebantur
765 1626 833 1678 ab
856 1626 923 1682 iis
948 1630 1039 1697 qui
1068 1646 1190 1685 cum
1210 1648 1311 1687 suo
1348 1645 1571 1703 parente
1593 1636 1960 1693 benedictione

2074 1650 2322 1717 εὐλογίαν
2354 1617 2461 1703 τιῖιν
2496 1617 2876 1720 πρωτοτοκίων
2915 1617 3059 1703 κᾷτά
3103 1617 3254 1703 θείαν
3288 1617 3642 1720 κομισαμένου

398 1708 583 1763 divina
638 1714 998 1786 exciderant).
1045 1721 1113 1775 ob
1171 1723 1305 1789 haec,
1347 1726 1591 1795 inquam,
1656 1731 1960 1785 necessario

2066 1708 2243 1810 ψῆφον
2275 1708 2655 1811 καταγόμενοι,
2691 1740 2766 1812 (p.
2788 1740 2916 1809 215)
2958 1740 3182 1793 τοιαῦτα
3227 1708 3644 1811 πάσχοιενιπαρὰ

398 1796 542 1855 Deus
594 1803 811 1859 beatum
859 1809 1177 1877 prephetam
1231 1815 1488 1870 excitavit
1545 1817 1812 1883 Abdiam,
1868 1821 1960 1890 qui

2211 1832 2274 1884 ἐκ
2316 1796 2792 1903 τοῦῑτέροπάτορος
2832 1831 3030 1885 οἰκείου
3070 1830 3169 1901 τῆς
3209 1832 3468 1899 εὐλογίας
3515 1832 3640 1884 dm-

397 1892 656 1948 universo
688 1910 787 1951 suo
809 1899 1072 1954 vaticinio
1103 1912 1424 1959 eventuram
1456 1905 1707 1963 ldumaeis
1747 1925 1960 1979 pmnam

378 1979 748 2049 signiﬁcaret,
789 2000 915 2040 cum
968 1986 1077 2044 Deo
1116 1992 1415 2062 aliquando
1460 1996 1636 2050 visum
1690 1996 1827 2052 foret
1874 2015 1962 2055 res

396 2068 765 2130 lsraelitarum
799 2077 853 2131 in
885 2081 1174 2149 pristinam
1204 2088 1624 2155 prosperitatem
1661 2090 1960 2159 vindicare;

395 2182 424 2220 a
470 2169 693 2223 servitio
741 2171 951 2228 scilicet
1005 2176 1281 2245 expedire,
1329 2195 1553 2249 suazque
1595 2182 1786 2251 patriae
1841 2185 1963 2239 red-

395 2258 544 2321 dere,
604 2268 663 2314 ut
728 2260 1103 2337 Hierosolyma
1159 2269 1533 2327 instaurarent
1591 2276 1963 2347 templumque

395 2350 681 2406 reﬁcerent
707 2370 720 2407 :
760 2354 814 2409 in
848 2371 959 2424 quo
988 2362 1226 2418 maxime
1258 2362 1488 2418 decebat
1515 2365 1715 2420 iterum
1736 2382 1962 2439 congre-

394 2441 510 2510 gari
546 2456 661 2506 eos,
706 2454 763 2499 ut
805 2445 878 2500 ibi
913 2449 1170 2518 legitimis
1211 2469 1341 2524 erga
1382 2453 1551 2510 Deum
1607 2459 1963 2529 religionibus

393 2545 772 2601 operarentur.
808 2536 874 2591 Et
905 2541 1122 2608 quidem
1160 2559 1306 2599 nunc
1336 2544 1481 2601 haud
1508 2547 1707 2618 exiguo
1733 2564 1965 2604 moeren-

394 2625 542 2681 tibus
591 2629 788 2684 solatio
856 2639 995 2701 erat:
1039 2633 1235 2692 horum
1305 2648 1597 2692 eventuum
1648 2640 1960 2709 prazdictio;

395 2726 510 2773 tum
539 2735 670 2774 vero
723 2732 846 2790 post
884 2724 1267 2782 vaticiniorum
1317 2729 1525 2784 exitum
1571 2733 1744 2787 multo
1787 2736 1963 2804 magis

370 2807 652 2865 credituri
692 2821 886 2872 crant.
914 2813 1029 2869 haec
1061 2816 1190 2870 olim
1229 2815 1321 2871 Dei
1359 2820 1637 2876 voluntate
1667 2823 1923 2892 praedicta
1946 2869 1962 2889 ,

391 2911 445 2953 et
488 2900 685 2958 deinde
727 2904 892 2959 verba
954 2906 1011 2961 in
1064 2922 1176 2961 rem
1225 2910 1423 2966 collata
1471 2911 1659 2969 fuisse.
1705 2914 1836 2980 Quae
1875 2933 1963 2973 res

394 2998 622 3062 utraque
667 2996 1057 3065 comprobabat
1093 2996 1188 3054 Dei
1219 3016 1351 3071 erga
1392 3018 1487 3058 eos
1520 3008 1957 3079 providentiam;

372 3082 761 3155 Lcertioresque
793 3088 1014 3143 eosdem
1045 3088 1316 3156 faciebat,
1347 3094 1463 3149 haec
1492 3111 1521 3149 a
1560 3096 1668 3153 Deo
1698 3102 1955 3157 vaticinia

392 3173 564 3231 fuisse
600 3176 746 3232 edita
797 3179 976 3249 gentis
1022 3181 1218 3251 gratia,
1244 3185 1324 3255 de
1371 3185 1530 3254 cujus
1584 3189 1957 3251 incolumitate

390 3279 663 3337 magnam,
698 3278 757 3339 ut
786 3285 928 3340 saepe
955 3271 1087 3340 dixi,
1124 3290 1310 3331 curam
1341 3278 1581 3346 gerebat.

2066 1916 2368 1987 ϐληθέντων
2392 1917 2491 1987 τῆς
2531 1918 2710 1982 θείας·
2741 1920 3056 1989 ἀναγκαίως
3094 1919 3187 1972 τὸν
3225 1921 3490 1991 μακάριον
3515 1936 3643 1989 προ-

2065 2010 2240 2079 φήτην
2280 2009 2489 2064 Ἀϐδίαν
2539 2010 2630 2062 ἐπὶ
2675 2009 2847 2080 τούτῳ
2892 2010 3180 2081 κεκίνηκεν
3217 2010 3246 2062 ὀ
3273 2010 3425 2073 Θεὸς,
3464 2010 3537 2073 ὡς
3582 2008 3644 2062 ἂν

2063 2100 2150 2154 διὰ
2196 2100 2373 2170 πάσης
2415 2099 2577 2154 αὐτοῦ
2615 2099 2716 2169 τῆς
2753 2102 3108 2173 προρρήσεως
3140 2101 3239 2172 τὴν
3266 2099 3643 2171 καταληψομέ-

2063 2208 2160 2262 νην
2193 2192 2520 2261 Ἰδουμαίους
2552 2192 2841 2263 μηνύσειεν
2873 2192 3171 2265 τιμωρίανο
3199 2195 3438 2266 ὁπηνίκα
3460 2194 3524 2248 ἂν
3551 2194 3637 2247 ἐπὶ

2062 2284 2123 2338 τὸ
2174 2286 2418 2355 κρεῖττον
2479 2286 2803 2354 μεταγαγεῖν
2867 2284 2937 2338 τὰ
2979 2286 3329 2357 Ἰσραηλιτῶν
3379 2286 3642 2360 δοκιμάσῃ

2062 2376 2213 2440 Θεὸς,
2238 2375 2597 2446 ἐπαναγαγὼν
2615 2394 2674 2429 τε
2706 2376 2904 2440 αὐτούς
2928 2379 2991 2431 ἐκ
3031 2378 3128 2448 τῆς
3153 2380 3532 2449 αἰχμαλωσίας
3554 2378 3643 2433 καὶ

2062 2472 2128 2540 τῇ
2154 2468 2316 2541 χώρᾳ
2346 2468 2508 2523 πάλιν
2552 2467 2835 2532 ἀποδιδοὺς
2877 2472 2942 2540 τῇ
2993 2470 3187 2541 οἰκείᾳ,
3235 2470 3377 2524 ὥστε
3422 2470 3515 2524 καὶ
3553 2469 3647 2540 τὴν

2073 2559 2423 2631 Ἰερουσαλὴμ
2465 2560 2903 2631 ἀνοικοδομῆσαι,
2944 2562 3039 2613 καὶ
3083 2562 3174 2614 τὸν
3224 2561 3353 2615 ναὸν
3406 2563 3464 2613 ἐν
3512 2561 3642 2630 αὐτῇ

2063 2651 2488 2713 κατασκευάσαι,
2536 2652 2594 2703 ἐν
2642 2647 2687 2719 ᾧ
2730 2651 2794 2722 δὴ
2844 2651 3075 2722 μάλιστα
3129 2652 3412 2722 προσῆκεν
3454 2651 3648 2715 αὐτοὺς

2064 2743 2300 2798 συνιέναι
2352 2743 2547 2805 πάλιν,
2604 2743 2713 2813 τὴν
2759 2743 3106 2815 καθήκουσαν
3156 2744 3220 2796 ἐκ
3267 2744 3370 2812 τῆς
3424 2743 3647 2814 νομικῆς

2061 2834 2353 2900 διατάξεως
2384 2832 2835 2905 ἀποπληροῦντας
2860 2834 3047 2887 αὐτόθι
3080 2831 3157 2905 τῷ
3190 2833 3308 2903 Θεῷ
3332 2832 3649 2905 θρησκείαν·

2064 2925 2156 2979 νῦν
2186 2943 2244 2978 τε
2286 2926 2392 2995 γάρ
2421 2925 2481 2979 οὐ
2527 2923 2730 2996 μικρὰν
2759 2926 2792 2993 ἠ
2828 2925 3036 2979 τούτων
3078 2926 3310 2996 μήνυσις
3348 2925 3450 2996 τὴν
3477 2924 3649 2995 ψυχα-

2064 3017 2267 3087 γωγίαν
2307 3017 2594 3087 παρείχετο
2640 3018 2752 3079 τοῖς
2796 3016 3200 3087 ἀδικουμένοις·
3240 3016 3339 3069 καὶ
3378 3015 3519 3084 μετά
3554 3014 3648 3086 τὴν

2060 3110 2168 3164 τῶν
2221 3108 2559 3179 μηνυθέντων
2608 3106 2828 3160 ἔκϐασιν
2849 3147 2864 3169 ,
2913 3107 2993 3159 ἐτι
3029 3106 3225 3177 μᾶλλον
3263 3106 3550 3161 ἐπείθοντο
3590 3105 3650 3158 τὸ

2061 3199 2252 3269 γνώμῃ
2275 3197 2411 3250 Θεοῦ
2434 3196 2597 3251 πάλαι
2639 3213 2698 3249 τε
2743 3196 2909 3249 ταῦτα
2942 3196 3191 3268 εἰρῆσθαι
3213 3212 3227 3225 ⁸
3259 3195 3356 3247 καὶ
3398 3195 3538 3266 πρὸς
3564 3194 3650 3265 ἐρ-

2060 3306 2156 3359 γον
2199 3288 2423 3359 ῢστερον
2474 3286 2850 3355 ἐκϐεϐηκέναι,
2898 3286 3042 3356 ἀπερ
3078 3282 3354 3357 ἦνλάμφω
3389 3286 3493 3355 τῆς
3526 3287 3649 3356 περί

388 3356 583 3421 αὐτοὺς
612 3359 931 3431 κηδεμονίας
961 3362 1175 3433 ἐλεγχος
1204 3366 1296 3419 τοῦ
1330 3367 1465 3422 θεοῦ
1486 3387 1502 3405 ·
1528 3370 1667 3426 ὥστε
1696 3375 1795 3429 οὐκ
1831 3352 2024 3451 ἄδηλον
2047 3352 2199 3435 εἶναι
2218 3379 2299 3432 ὃτι
2324 3352 2634 3447 προμηθείᾳ
2658 3352 2751 3430 τοῦ
2781 3376 2910 3430 λαοῦ
2934 3352 3026 3431 καί
3052 3352 3253 3446 ταύτην
3281 3352 3528 3428 ἑποιεῗτο
3553 3352 3646 3446 τήν

364 3452 619 3521 ,μήνυσιν
640 3470 652 3483 ’
692 3449 755 3508 οὗ
797 3455 861 3525 δὴ
895 3456 1091 3529 πολλὴν
1122 3460 1263 3532 ὑπὲρ
1300 3466 1396 3535 τῆς
1429 3468 1720 3539 σωτηρίας,
1760 3473 1834 3538 c'u;
1869 3449 2125 3539 πολλάκις
2152 3474 2306 3544 ἔφην,
2340 3473 2575 3526 ἐποιεῖτο
2606 3471 2704 3542 τὴν
2732 3472 3048 3542 ἐπιμέλειαν
3075 3473 3103 3524 δ
3135 3471 3288 3534 Θεάς.

459 3544 627 3603 Vsus.
656 3548 706 3602 1.
731 3578 801 3588 -
821 3568 839 3601 ι
875 3549 1028 3607 Visio
1054 3554 1262 3611 Abdiae.
1298 3577 1316 3610 ι
1336 3557 1482 3613 Nihil
1510 3558 1676 3632 hujus'
1701 3570 1951 3624 vocabuli

387 3638 472 3694 vis
498 3638 676 3697 differt
705 3656 733 3697 a
764 3641 1003 3701 dictione
1045 3664 1057 3700 :
1105 3665 1124 3703 ι
1159 3647 1352 3705 Sermo
1388 3649 1623 3708 Domini.
1668 3675 1686 3708 ι
1745 3658 1955 3730 Quippe

388 3745 697 3787 sermonem
746 3732 1030 3805 Scriptura
1080 3740 1315 3808 appellat
1359 3757 1478 3797 eam
1528 3748 1825 3818 virtutem,
1860 3767 1955 3821 per

387 3837 548 3891 quam
591 3825 821 3893 spiritali
859 3843 1084 3888 munere
1128 3833 1377 3888 notitiam
1415 3850 1598 3893 rerum
1640 3839 1953 3899 futurarum

388 3914 665 4005 propheta:
704 3919 1069 3987 excipiebant.
1116 3922 1396 3982 Visionem
1442 3929 1654 3987 scilicet
1683 3933 1818 3989 dicit
1855 3949 1954 4005 pro

387 4003 569 4059 divina
612 4006 977 4074 revelatione,
1009 4012 1168 4080 cujus
1198 4029 1301 4085 ope
1336 4015 1443 4072 illis
1476 4021 1819 4091 contingebat
1845 4003 1870 4087 ,⁷
1895 4033 1955 4078 ut

389 4109 713 4159 arcanorum
749 4101 1034 4155 scientiam
1064 4118 1549 4176 consequerentur.
1583 4109 1715 4165 Nam
1746 4115 1873 4182 quia
1899 4122 1953 4170 et

391 4187 630 4244 theorias
656 4191 922 4260 quasdam
956 4192 1403 4253 inenarrabiliter
1430 4199 1663 4269 spiritali
1701 4218 1865 4273 opera
1894 4204 1948 4261 in

389 4279 624 4334 animam
657 4282 1005 4352 excipiebant
1044 4286 1356 4356 prephetae,
1396 4297 1509 4342 tum
1542 4291 1707 4345 etiam
1745 4293 1948 4349 doctri-

388 4381 514 4421 nam
552 4368 854 4426 futurarum
880 4389 1059 4427 rerum
1091 4381 1350 4445 tanquam
1375 4378 1445 4432 ab
1481 4379 1664 4449 aliquo
1699 4380 1951 4451 loquente

2128 3569 2275 3637 Στίχ.
2304 3573 2371 3620 α’.
2408 3595 2479 3605 -
2516 3583 2534 3616 ι
2576 3566 2804 3635 Ὅρασις
2845 3564 3078 3619 ’Λϐδιοῦ.
3119 3585 3136 3617 ι
3166 3565 3335 3620 Οὐδὲν
3375 3567 3523 3622 κατά
3554 3567 3650 3638 τὴν

2057 3659 2281 3728 δύναμιν
2329 3656 2632 3711 διαλλάττει
2691 3654 2867 3723 τοῦτο,
2923 3658 2998 3727 (p.
3055 3658 3182 3729 216)
3235 3658 3355 3726 τοῦ,
3406 3679 3426 3713 ι
3478 3660 3649 3728 Λόγος

2059 3749 2284 3821 Κυρίου·
2337 3768 2356 3801 ι
2394 3748 2566 3816 Λόγον
2593 3748 2698 3818 γάρ
2734 3764 2792 3801 τε
2825 3749 3029 3817 Κυρίου
3074 3750 3173 3820 τὴν
3210 3751 3499 3823 ἐνέργειαν
3536 3752 3649 3804 ὀνο-

2065 3840 2225 3912 μάζει
2252 3838 2346 3892 τοῦ
2389 3838 2547 3899 Θεοῦ,
2573 3838 2693 3892 καθ’
2736 3839 2803 3909 ῆν
2835 3842 2900 3909 τῇ
2947 3845 3285 3913 πνευματικῇ
3335 3844 3525 3913 χάριτι
3552 3843 3649 3903 τάς

2059 3931 2426 4001 ἀποκαλύψεις
2468 3932 2517 3983 οί
2567 3931 2835 4001 προφῆται
2877 3930 2986 3982 τῶν
3042 3932 3313 4003 ἐσομένων
3369 3934 3645 4004 ἐδέχοντο⁸

2058 4023 2149 4074 καὶ
2187 4021 2373 4092 ὅρασιν
2400 4019 2461 4072 τὸ
2506 4018 2640 4071 αὐτὸ
2673 4017 2736 4087 δὴ
2770 4017 2928 4070 τοῦτο
2969 4019 3122 4073 καλεί
3169 4024 3267 4092 τὴν
3295 4022 3649 4092 ἀποκάλυψιν

2054 4113 2155 4183 τὴν
2193 4111 2361 4175 θείαν,
2417 4110 2539 4164 καθ’
2586 4110 2651 4179 ἣν
2695 4108 2913 4177 ἐγένετο
2956 4111 3139 4175 αὐτοῖς
3165 4112 3273 4165 τῶν
3300 4114 3523 4185 ἀδήλων
3566 4110 3651 4167 δέ·

2056 4203 2241 4275 χεσθαι
2280 4203 2377 4273 τὴν
2415 4201 2647 4269 γνῶσιν·
2684 4199 2869 4271 ἐπειδὴ
2909 4200 3015 4270 γάρ
3062 4203 3153 4256 καὶ
3202 4203 3443 4276 θεωρίας
3492 4204 3645 4267 τινὰς

2055 4297 2379 4369 ἀπορῤήτως
2419 4293 2507 4348 διὰ
2542 4294 2640 4365 τῆς
2669 4294 3042 4365 πνευματικῆς
3081 4296 3363 4366 ἐνεργείας
3407 4299 3503 4351 ἐπὶ
3542 4297 3643 4365 τῆς

2053 4387 2232 4458 ψυχῆς
2278 4386 2521 4456 ἐδέχοντο
2565 4385 2664 4455 τῆς
2712 4385 2917 4448 οἰκείας
2964 4386 3012 4438 οί
3065 4388 3364 4456 προφῆται,
3394 4388 3493 4442 καὶ
3542 4388 3640 4459 τὴν

388 4458 704 4525 audiebant,
755 4478 852 4531 pro
897 4465 1074 4523 sancti
1127 4464 1367 4536 Spiritus
1398 4479 1589 4537 agente
1630 4470 1684 4525 in
1727 4472 1791 4528 iis
1836 4474 1947 4527 vir-

2065 4476 2394 4532 διδασκαλίαν
2416 4475 2523 4528 τῶν
2549 4475 2821 4545 ἐρομένων
2863 4474 2939 4537 ὡς
2973 4478 3123 4546 παρά
3161 4494 3308 4540 τινος
3330 4494 3333 4495 ⁷
3354 4458 3645 4541 λαλοῦν-ος

387 4558 539 4617 tute;
566 4550 773 4606 idcirco
800 4562 854 4609 et
881 4557 1149 4613 visionem
1174 4559 1308 4614 dicit
1341 4560 1623 4631 Scriptura
1659 4572 1713 4620 et
1740 4581 1950 4622 sermo-

388 4654 510 4697 nem
536 4639 747 4695 Domini
771 4659 787 4709 ;
813 4643 923 4698 imo
942 4647 1126 4709 etiam,
1155 4655 1215 4701 ut
1245 4648 1374 4703 mihi
1399 4651 1636 4717 videtur,
1659 4654 1901 4710 auditum
1931 4673 1945 4710 :

384 4740 673 4802 propterea
696 4733 842 4804 quod
877 4735 1032 4808 143
1087 4739 1354 4807 spiritalis
1378 4741 1644 4799 doctrina:
1676 4748 1946 4814 notitiam,

384 4823 680 4879 auditionis
720 4825 1010 4895 cujusdam
1064 4828 1282 4899 instar,
1361 4835 1715 4904 recipiebant.
1769 4838 1949 4905 Quare

383 4911 577 4969 beatus
603 4929 820 4985 quoque
854 4915 1023 4974 Isaias
1054 4921 1320 4990 pr0pheta
1349 4925 1424 4977 ait
1458 4941 1472 4976 :
1513 4944 1531 4977 ‹
1561 4931 1949 5001 nomine,quis

384 5004 618 5059 credidit
654 5005 863 5061 auditui
894 5016 1085 5063 nostro
1115 5010 1200 5064 '3?
1237 5029 1256 5063 ι
1302 5028 1495 5084 nempe
1524 5018 1731 5072 notitiae
1763 5033 1947 5073 rerum

383 5095 543 5151 nobis
603 5096 1123 5164 demonstratarum,
1180 5110 1235 5157 et
1275 5119 1415 5173 quas
1454 5106 1719 5164 divinitus
1769 5108 1947 5163 edocti

384 5202 596 5242 sumus.
625 5188 1153 5248 Convenientissime
1185 5194 1313 5250 item
1353 5196 1547 5252 beatus
1579 5196 1785 5255 Paulus
1805 5200 1948 5255 hanc

383 5277 646 5332 divinitus
686 5282 910 5348 protulit
933 5283 1328 5350 [locutionem:
1375 5305 1393 5336 ι
1436 5286 1595 5343 Fides
1622 5304 1688 5343 ex
1734 5291 1945 5358 auditu,

384 5368 606 5423 auditus
656 5376 836 5425 autem
880 5386 975 5441 per
1016 5375 1245 5431 verbum
1285 5375 1377 5429 Dei
1426 5376 1514 5430 “:
1555 5396 1573 5429 ι
1617 5378 1942 5449 significans

385 5457 529 5515 haud
576 5459 735 5515 aliter
778 5460 1026 5519 accidere
1079 5480 1241 5535 posse
1287 5468 1565 5539 prophetis
1615 5471 1946 5528 auditionem

455 5638 500 5677 ⁸³
538 5638 640 5700 Isa.
680 5657 795 5706 un,
839 5644 883 5699 l.
965 5644 1003 5675 “
1038 5642 1191 5699 llum.
1239 5663 1287 5708 κ,
1337 5648 1412 5704 l7.

2056 4571 2347 4639 ὑπήκουον,
2402 4566 2543 4620 κατά
2581 4567 2680 4636 τὴν
2730 4567 3083 4637 ἐγγινομένην
3123 4568 3308 4632 αὐτοῖς
3358 4571 3649 4640 ἐνέργι.ιαν

2057 4662 2161 4716 ὑπὸ
2190 4660 2285 4714 τοῦ
2314 4659 2626 4729 Πνεύματος
2654 4659 2747 4712 τοῦ
2776 4659 2930 4727 ἁγίου
2952 4676 2965 4690 ⁸
2995 4659 3082 4714 διά
3123 4661 3281 4714 τοῦτο
3325 4665 3423 4716 καὶ
3455 4665 3649 4734 ὅρασιν

2056 4752 2187 4805 αὐτὸ
2219 4751 2312 4804 καὶ
2337 4750 2491 4818 λόγον
2522 4750 2726 4820 Κυρίου
2753 4749 2936 4803 καλεῖ·
2968 4750 3062 4803 καὶ
3086 4749 3252 4822 ἀκοὴν
3281 4751 3343 4806 δὲ
3368 4754 3449 4819 ὡς
3475 4754 3645 4821 εἰκὸς,

2056 4839 2151 4893 ἅτε
2181 4840 2279 4909 τῆς
2307 4838 2679 4909 πνευματικῆς
2718 4837 3080 4905 διδασκαλίας,
3107 4839 3294 4911 ὥσπερ
3336 4843 3480 4915 ἀκοῇ
3518 4861 3644 4907 τινι,

2054 4929 2355 5000 δεχομένων
2382 4929 2478 5001 τὴν
2506 4928 2707 4997 γνῶσιν
2728 4944 2740 4959 ’
2768 4928 2892 4982 ὅθεν
2915 4931 3007 4983 καὶ
3035 4933 3063 4983 ὁ
3097 4931 3368 5003 μακάριος
3410 4936 3644 4997 Ἡσαΐας

2054 5021 2083 5073 ὀ
2153 5023 2433 5094 προφήτης
2476 5024 2611 5097 φησί
2628 5030 2646 5046 ⁸
2696 5043 2714 5077 ι
2761 5023 2932 5097 Κύριε
2956 5057 2979 5092 ,
3007 5022 3090 5085 τίς
3107 5023 3399 5077 ἐπίστευσε
3416 5030 3483 5097 τῇ
3504 5029 3641 5097 ἀκοῇ

2054 5109 2243 5179 ἡμῶνς
2268 5127 2287 5159 ι
2313 5109 2399 5160 ἵνα
2420 5109 2568 5179 εἴπῃ,
2596 5112 2661 5179 τῇ
2693 5111 2889 5179 γνώσει
2903 5112 3009 5163 τῶν
3031 5112 3349 5183 δειχθέντων
3368 5120 3530 5189 ἡμῖν,
3551 5119 3645 5170 καί

2053 5193 2128 5253 ὧν
2161 5199 2513 5270 ἐδιδάχθημεν
2540 5200 2742 5254 θειόθεν
2761 5217 2775 5231 ο
2821 5201 3212 5258 ἀκολουθότατα
3245 5204 3299 5257 δὲ
3350 5209 3447 5261 καὶ
3482 5210 3513 5261 ὁ
3541 5226 3644 5279 μα·

2053 5288 2245 5360 κάριος
2277 5287 2483 5351 Παῦλος
2510 5288 2712 5360 ταύτην
2749 5305 2807 5342 τε
2840 5289 3034 5352 θεῖκῶς
3061 5291 3158 5359 τὴν
3203 5293 3393 5365 φωνὴν
3425 5296 3644 5366 ἐπήγα.

2052 5398 2168 5449 γεν·
2214 5403 2235 5437 ι
2272 5382 2416 5453 ’Λρα
2451 5378 2486 5447 ἠ
2517 5378 2696 5446 πίστις
2737 5379 2797 5446 ἐξ
2827 5383 3021 5455 ἀκοῆς,
3066 5380 3170 5449 ἡδέ
3186 5380 3322 5452 ἀκοὴ
3348 5382 3443 5437 διὰ
3460 5386 3645 5457 ῥῆμα.

2052 5488 2143 5535 τος
2173 5470 2305 5528 Θεοῦ
2323 5489 2368 5525 ἰ
2411 5470 2622 5535 δεικνὺς
2653 5469 2734 5525 δτι
2761 5469 2859 5525 οὐκ
2881 5468 3053 5532 ἄλλως
3079 5468 3301 5525 δυνατὸν
3327 5471 3435 5545 τὴν
3454 5472 3642 5529 τοιαύιι
