3966 6222
282 295 432 352 ὥθ’

1497 299 2044 357 COMMLNTARIUS
2068 300 2133 354 ΙΝ
2157 301 2432 357 ABDIAM.

3408 298 3513 353 510

278 432 377 483 την
410 410 580 483 ἀκοήν
627 412 1007 483 προσγίνεσθαι
1043 417 1153 480 τοῖς
1206 415 1529 487 προφήταις.
1560 415 1674 468 ἀλλ’
1703 413 1737 483 ἢ
1775 413 1863 467 διὰ

1975 414 2301 483 hujusmodi,
2344 415 2451 471 nisi
2502 427 2531 469 a
2586 411 2762 470 sancti
2821 412 3022 467 virtute
3076 409 3335 481 Spiritus.
3393 409 3534 466 Tum

283 505 379 574 τῆς
404 503 503 557 τοῦ
534 504 688 572 ἁγίου
717 504 1027 576 Πνεύματος
1057 505 1364 577 ἐνεργείας⁸
1389 504 1483 558 καὶ
1523 506 1553 559 ό
1597 504 1863 575 μακάριος

280 596 339 650 δέ
367 610 501 665 φησι
523 596 719 649 Δαυῖδ·
787 614 805 647 ι
854 593 1033 647 Κλινῶ
1081 594 1160 656 είς
1216 596 1529 668 παραϐολὴν
1544 596 1604 649 rb
1619 591 1710 659 οὖς
1735 612 1860 665 μου,

284 687 477 750 άνοίξω
505 688 562 739 ἐν
589 685 873 757 ψαλτηρίῳ
908 686 969 740 rb
1002 686 1289 757 πρόϐλημά
1318 680 1751 760 μουίῖναεῖπῃ,
1785 688 1864 741 ὅτι

294 777 549 840 ’Υποθεὶς
576 778 675 848 τὴν
716 778 883 847 ἀκοὴν
911 777 1003 830 καὶ
1048 775 1340 847 δεξάμενος
1368 777 1571 830 θειόθεν
1600 777 1696 850 τὴν
1726 778 1862 847 γνῶ·

284 887 388 931 σιν,
417 868 841 939 διαπορθμεύειν
872 870 985 932 τοῖς
1015 867 1316 939 ἀνθρώποις
1345 867 1453 922 τῶν
1483 869 1865 939 προσηκόντων

283 960 378 1031 τὴν
405 959 773 1013 διδασκαλίαν·
805 958 1082 1012 κάνταῦθα
1106 959 1282 1013 τοίνυν
1306 959 1492 1031 ἐπειδὴ
1518 956 1670 1014 εἶπεν
1698 962 1867 1031 Ὅρα-

284 1066 366 1113 σις
402 1049 636 1113 ’Δεδιοῦ,
676 1052 753 1122 (p.
799 1051 926 1123 217)
954 1050 982 1103 ὃ
1014 1051 1302 1122 προγραφή
1349 1067 1434 1114 τις
1472 1052 1865 1123 παραπλησίως

282 1144 393 1205 τοῖς
419 1142 622 1204 λοιποῖς
649 1137 717 1212 ἦν
747 1140 843 1195 τοῦ
885 1142 1087 1212 βιϐλίου
1119 1142 1347 1214 δήλωσιν
1394 1142 1611 1213 ἔχοντος
1662 1137 1866 1207 οὗτινος

282 1224 350 1299 ἦν
370 1228 445 1281 τὰ
472 1228 759 1298 λεγόμενα,
791 1229 937 1292 ὅπως
965 1247 1025 1282 τε
1054 1229 1147 1283 τοῦ
1188 1228 1413 1284 τοιαῦτα
1437 1231 1615 1299 λέγειν
1638 1232 1866 1304 δύναμιν

282 1318 593 1390 εἰληφότος,
642 1319 866 1391 ἄρχεται
914 1320 1025 1374 τῶν
1072 1320 1175 1391 τῆς
1218 1321 1555 1393 προφητείας
1606 1327 1865 1396 ῥημάτων

280 1409 477 1474 οὕτως’

360 1518 381 1551 ι
428 1499 569 1554 Τάδε
603 1500 749 1569 λέγει
778 1502 981 1574 Κύριος
1013 1506 1041 1556 b
1071 1503 1202 1568 Θεὸς
1233 1508 1300 1577 τῇ
1346 1506 1639 1578 Ἰδουμαίᾳ.
1696 1527 1714 1558 ι
1767 1508 1867 1578 Δη-

286 1590 396 1643 λῶν
426 1592 555 1662 περὶ
582 1584 656 1645 ὧν
676 1595 710 1663 ή
733 1594 1036 1664 προφητεία
1067 1596 1329 1663 γίγνεται.
1370 1616 1387 1649 ι
1435 1598 1629 1670 Ἀκοὴν
1658 1600 1866 1668 ἤκουσα

290 1682 445 1752 παρά
481 1683 575 1736 τοῦ
621 1682 841 1755 Κυρίου.
887 1704 905 1731 ι
945 1685 1065 1739 Τῶν
1098 1687 1154 1738 δὲ
1189 1690 1482 1758 ἐσομένων,
1515 1692 1671 1761 φησὶ,
1729 1691 1866 1745 κατὰ

288 1750 391 1843 τὴν
428 1750 728 1843 Ἰδουμαίαν
745 1775 954 1847 ἀδήλων
975 1778 1073 1847 μὲν
1085 1777 1251 1831 ὄντων
1268 1750 1364 1832 άνθ
1616 1750 1753 1852 μετὰ
1770 1799 1866 1835 πο-
1896 1750 1938 1805 Β

287 1862 384 1917 λὺν
407 1862 466 1917 δὲ
491 1865 766 1935 ἐσομένων
791 1865 884 1920 τὸν
908 1867 1119 1937 χρόνον,
1150 1868 1299 1939 παρὰ
1323 1870 1415 1922 τοῦ
1447 1870 1580 1923 Θεοῦ
1609 1872 1864 1942 δέδεγμαι

287 1953 387 2020 τήν
415 1952 767 2008 διδασκαλίαν
786 1971 799 1985 ⁸
828 1951 947 2010 εἶτα
975 1957 1058 2020 τίς
1096 1959 1270 2029 ἀκοή;
1309 1977 1325 2010 ι
1364 1961 1474 2012 Καὶ
1506 1961 1764 2032 περιοχὴν
1788 1964 1867 2027 είς

287 2046 355 2098 τὰ
380 2044 512 2116 ἔθνη
540 2046 907 2113 ἐξαπέστειλε.
952 2066 973 2100 ι
1020 2050 1289 2121 Περιοχὴν
1316 2051 1461 2120 λέγει
1490 2052 1551 2104 τὸ
1596 2052 1778 2123 κύκλῳ
1815 2070 1866 2105 τι

290 2135 563 2208 περιέχον,
611 2132 721 2191 οἷον
754 2140 932 2209 τεῖχος
973 2140 1008 2211 ἧ
1042 2157 1097 2195 τι
1142 2142 1386 2197 τοιοῦτο⁸
1438 2143 1580 2197 οὕτω
1613 2144 1757 2214 λέγει
1784 2144 1865 2213 rb,

294 2247 316 2279 ι
360 2228 457 2291 Τίς
484 2228 684 2293 ἀπάξει
710 2247 777 2300 με
812 2233 893 2299 είς
924 2232 1079 2287 πόλιν
1125 2232 1390 2305 περιοχῆς
1427 2250 1444 2301 ;
1508 2254 1526 2287 ι
1573 2236 1661 2290 ἵνα
1713 2237 1864 2309 εἴπῃ,

291 2320 387 2383 είς
431 2320 588 2373 πόλιν
635 2322 1064 2393 τετειχισμένην,
1090 2325 1333 2379 τουτέστι
1374 2326 1869 2399 περιεχομένηντῷ

292 2409 460 2481 τείχει
491 2411 678 2482 κύκλῳ
694 2429 709 2443 ο
728 2404 945 2484 Ταύτην
962 2410 1074 2479 οὖν,
1098 2417 1283 2486 φησιν,
1315 2417 1524 2487 ἥκουσα
1545 2419 1643 2489 τὴν
1666 2419 1863 2487 ἀκοὴν,

293 2504 377 2555 ὅτι
423 2500 617 2575 ὥσπερ
651 2518 773 2557 τινα
825 2506 1085 2577 περιοχὴν
1150 2507 1212 2561 τὸ
1267 2509 1595 2579 πρόσταγμα
1670 2509 1869 2577 ἐξαπέ·

294 2592 471 2646 στιιλε
534 2594 596 2646 τὸ
626 2594 825 2648 οἰκεῖον
883 2598 963 2660 είς
992 2597 1059 2651 τὰ
1085 2596 1215 2668 ἔθνη
1244 2600 1270 2648 e‘
1308 2599 1460 2663 Θεὸς,
1495 2599 1738 2665 ἅπαντας
1774 2603 1871 2656 αὐ-

293 2685 421 2748 τοὺς
480 2685 539 2737 ἐν
602 2683 788 2756 κύκλῳ
852 2685 994 2740 κατά
1056 2687 1158 2757 τῆς
1226 2687 1528 2758 Ἰδουμαίας
1573 2689 1865 2759 συλλέγων.

299 2792 321 2826 ι
384 2774 681 2846 ’Δνάστητε
716 2776 810 2829 καὶ
842 2776 1226 2849 ἐξαναστῶμεν
1272 2780 1360 2833 ἐπ’
1390 2779 1560 2851 αὐτὴν
1593 2781 1674 2844 είς
1716 2781 1871 2834 πόλει·

299 2881 421 2935 μον.
465 2886 487 2919 ι
523 2867 680 2920 Κατά
706 2867 1085 2940 ἀποσιώπησιν
1121 2869 1183 2923 rb
1210 2888 1229 2922 ι
1255 2870 1431 2939 λέγων
1473 2889 1492 2922 ι
1526 2873 1746 2933 νοεῖται,
1783 2872 1870 2926 ἵνα

292 2952 330 3029 ᾖ
354 2994 372 3019 ,
411 2957 522 3010 Καὶ
564 2958 827 3028 περιοχὴν
863 2959 942 3022 εἰς
982 2958 1053 3012 τὰ
1091 2958 1216 3031 ἔθνη
1260 2959 1637 3026 ἐξαπέστειλεν
1674 2961 1867 3030 λέγων’

1964 508 2129 561 etiam
2161 508 2356 564 beatus
2387 506 2554 563 David
2586 507 2661 562 ait
2699 525 2712 561 :
2753 525 2770 556 ι
2797 504 3078 559 inclinabo
3110 503 3179 558 ad
3216 502 3535 573 parabolam

1967 581 2152 652 aurem
2198 613 2395 663 meam,
2428 599 2670 669 aperiam
2701 598 2754 651 in
2779 595 3038 667 psalterio
3104 592 3536 664 propositionem

1968 704 2141 743 meam
2186 688 2230 720 ⁸⁸
2270 684 2758 758 ειηθηιρθ,ριιοιη
2805 701 2939 741 aure
2997 684 3223 755 praebita
3270 682 3537 737 divinitus

1968 780 2203 835 hausero
2240 780 2630 850 c0gnitionein,
2671 792 2790 833 eam
2843 791 2972 831 mox
3021 775 3088 829 ad
3125 774 3376 829 homines
3410 787 3539 842 per-

1969 871 2158 936 feram,
2186 881 2244 927 ut
2272 872 2571 926 oﬂiciorum
2608 871 2701 925 fiat
2730 870 3042 940 disciplina.
3071 867 3243 938 igitur
3276 867 3424 938 quod
3451 866 3537 921 hic

1968 963 2171 1017 dicitur
2196 961 2379 1018 «Visio
2402 961 2612 1026 Abdiaz,
2649 979 2668 1014 ι
2697 962 2746 1017 is
2774 967 2859 1016 est
2885 958 3111 1029 quidam
3140 958 3299 1029 (utin
3324 956 3538 1011 caeteris

1968 1054 2248 1123 prophetis
2283 1051 2566 1123 usuvenit)
2608 1050 2801 1105 titulus
2841 1050 3004 1114 libri,
3045 1048 3140 1119 qui
3180 1061 3379 1102 nomen
3420 1046 3539 1115 ejus

1971 1160 2083 1215 prae
2121 1159 2180 1200 se
2212 1143 2317 1199 fert
2355 1158 2385 1197 a
2427 1157 2536 1214 quo
2576 1142 2682 1197 ista
2716 1141 3012 1206 dicuntur,
3048 1139 3323 1209 simulque
3361 1137 3539 1192 innuit

1967 1250 2203 1305 quanam
2248 1241 2440 1289 auctor
2487 1235 2687 1288 virtute
2731 1232 2991 1301 loquendi
3040 1231 3304 1295 imbutus,
3342 1230 3539 1284 verbo-

1970 1341 2090 1380 rum
2124 1326 2568 1395 prnpheticorum
2600 1325 2701 1378 hoc
2728 1324 2942 1377 initium
2976 1322 3175 1377 faciat:

2045 1522 2062 1552 ι
2103 1500 2226 1555 llaec
2274 1501 2409 1555 dicit
2456 1500 2718 1555 Dominus
2754 1499 2898 1555 Deus
2940 1497 3207 1553 ldumazae.
3257 1517 3274 1548 ι
3318 1495 3537 1567 Signifi-

1967 1602 2167 1648 cantur
2210 1594 2266 1657 ii,
2320 1594 2387 1649 de
2429 1593 2632 1663 quibus
2679 1593 2965 1663 prophetia
3009 1591 3087 1646 lit.
3125 1610 3143 1643 ι
3193 1589 3537 1648 Auditioncm

1971 1685 2150 1740 audivi
2204 1701 2232 1737 a
2285 1684 2536 1740 Domino.
2600 1704 2619 1737 ι
2678 1684 2951 1739 Adversos
3033 1683 3280 1738 Idumam
3337 1699 3536 1740 casus.

1967 1792 2200 1831 arcanos
2225 1777 2406 1831 adhuc
2428 1776 2766 1841 hominibus,
2784 1776 2878 1830 sed
2909 1783 3090 1830 tamen
3114 1783 3238 1845 post
3264 1774 3536 1828 diutinum

1965 1875 2182 1939 tempus
2230 1878 2546 1933 eventuros,
2593 1883 2623 1921 a
2665 1866 2774 1922 Deo
2816 1868 3045 1922 edoctus
3074 1880 3214 1920 sum.
3254 1863 3377 1919 lam
3424 1881 3541 1934 qua~

1966 1975 2057 2016 res
2085 1959 2311 2015 audita?
2336 1978 2355 2011 ι
2384 1960 2449 2013 Ει
2471 1966 2686 2029 septum
2710 1961 2851 2013 inter
2870 1966 3058 2030 gentes
3087 1957 3256 2012 misit.
3288 1956 3540 2027 ιερριιιιιι

1966 2052 2099 2107 dicit
2130 2065 2241 2120 quo
2270 2049 2476 2119 aliquid
2510 2048 2981 2111 circumcluditur,
3014 2061 3233 2101 murum
3271 2054 3419 2114 puta,
3452 2054 3543 2097 aut

1969 2136 2172 2206 aliquid
2203 2135 2540 2205 bujusmodi.
2572 2134 2664 2190 Sic
2695 2135 2774 2189 ait.
2797 2135 3081 2206 Scriptura
3107 2153 3123 2189 :
3159 2154 3178 2185 ι
3218 2133 3352 2200 Quis
3377 2134 3541 2188 dedu-

1968 2236 2056 2284 cet
2089 2241 2174 2282 me
2195 2229 2250 2282 in
2274 2228 2463 2282 urbem
2494 2228 2633 2296 septi
2664 2223 2840 2280 “ibid
2866 2234 2950 2281 est
2972 2227 3024 2282 in
3039 2228 3227 2282 urbem
3253 2226 3540 2284 munitam.

1970 2335 2067 2376 seu
2125 2334 2283 2373 muro
2339 2318 2756 2375 circumdatam.
2806 2318 2951 2389 Ergo
2998 2319 3162 2385 hanc,
3217 2317 3313 2383 ait,
3361 2318 3541 2372 audivi

1971 2411 2330 2475 auditionem,
2365 2425 2395 2464 a
2416 2409 2525 2465 Deo
2548 2410 2759 2465 scilicet
2780 2410 3009 2465 missum
3037 2418 3367 2479 praeceptum
3399 2408 3542 2472 eius.

1971 2505 2111 2573 septi
2142 2503 2354 2576 instar,
2384 2502 2451 2557 ad
2484 2512 2710 2559 cunctas
2750 2501 3097 2557 orbiculatim
3133 2508 3321 2572 gentes
3354 2511 3541 2555 contra

1970 2593 2262 2649 ldumaeam
2294 2592 2730 2665 congregandas.
2769 2612 2788 2646 ι
2829 2593 3048 2662 Surgite
3076 2601 3132 2648 et
3170 2592 3544 2648 consistamus

1971 2697 2164 2741 contra
2201 2699 2322 2741 eam
2363 2685 2768 2755 belligerantes.
2809 2702 2829 2735 ι
2868 2684 2983 2740 Sub
3017 2684 3301 2739 reticentia
3342 2683 3545 2738 intelli-

1972 2778 2118 2849 gitur
2156 2795 2174 2829 ι
2208 2776 2418 2841 dicens,
2457 2795 2476 2829 ι
2517 2790 2710 2849 nempe
2738 2784 2952 2846 septum
2990 2776 3132 2831 inter
3159 2782 3345 2845 gentes
3374 2774 3543 2841 misit,

1972 2848 2161 2923 dicens
2199 2886 2212 2922 :
2258 2884 2277 2919 ι
2314 2865 2533 2936 Surgite
2553 2848 2605 2921 et
2627 2867 2999 2922 consistamus
3023 2872 3214 2921 contra
3240 2880 3360 2922 eam
3387 2865 3545 2921 belli-

1972 2968 2242 3030 gerantes.
2290 2977 2310 3011 ι
2359 2957 2644 3028 Tanquam
2686 2957 2733 3012 si
2787 2956 2947 3030 1M
2992 2956 3133 3013 Deus
3179 2957 3293 3013 haec
3342 2958 3546 3013 diceret

301 3065 320 3096 ι
377 3046 671 3119 ’Δνάστητε
704 3049 799 3102 καὶ
845 3048 1230 3120 ἐξαναστῶμεν
1272 3054 1359 3108 ἐπ’
1401 3053 1571 3124 αὐτὴν
1602 3054 1682 3117 είς
1713 3054 1870 3108 πόλε-

1975 3049 2321 3120 jubet-etque,
2369 3059 2425 3104 et
2481 3050 2718 3120 undique
2762 3061 2954 3107 contra
3014 3050 3301 3107 ldumaaam
3358 3059 3547 3123 gentes

300 3152 429 3204 μσνυ
460 3155 480 3189 ι
517 3138 594 3207 (p.
628 3138 755 3207 218)
788 3140 989 3193 ὡσανεὶ
1026 3140 1119 3196 τοῦ
1158 3140 1294 3196 Θεοῦ
1340 3143 1512 3197 ταῦτα
1536 3143 1782 3212 λέγοντός
1813 3162 1870 3199 τε

1975 3142 2271 3211 colligeret,
2323 3140 2436 3194 imo
2481 3141 2605 3195 belli
2640 3141 2862 3212 gerendi
2900 3143 3094 3199 ducem
3147 3159 3206 3199 se
3259 3143 3376 3198 fore
3413 3145 3547 3198 reci-

298 3232 394 3285 καὶ
421 3232 755 3297 κελεύοντος,
784 3235 880 3288 καὶ
916 3235 1253 3306 πανταχὸθεν
1296 3238 1384 3291 ἐπ’
1429 3238 1598 3309 αὐτὴν
1641 3240 1709 3293 τὰ
1746 3239 1870 3310 ἔθνη

1975 3238 2145 3299 peret.
2178 3227 2355 3285 Veluti
2387 3230 2551 3283 etiam
2582 3230 2773 3285 beatus
2799 3230 2967 3287 David
3001 3251 3015 3287 :
3056 3251 3074 3283 ι
3100 3231 3235 3298 Quis
3262 3248 3348 3287 me
3370 3239 3547 3287 trans-

298 3320 651 3391 συλλέγοντος
669 3341 683 3354 ·
722 3325 819 3379 καὶ⁵
847 3325 911 3397 δὴ
956 3328 1050 3383 καὶ
1084 3331 1413 3398 στρατηγεῖν
1435 3331 1620 3395 αὐτοῖς
1658 3331 1870 3402 μέλλον-

1975 3320 2114 3377 feret
2150 3320 2202 3374 in
2246 3321 2433 3375 urbem
2484 3321 2662 3391 septi?
2722 3324 2846 3393 quis
2896 3338 2982 3377 me
3027 3321 3259 3379 deducet
3288 3338 3463 3394 usque
3492 3323 3548 3379 in

296 3427 389 3475 re;
424 3413 486 3465 ἐν
534 3416 646 3477 τοῖς
690 3416 831 3471 κατά
870 3420 970 3488 τῆς
1014 3416 1317 3488 Ἰδουμαίας
1345 3421 1634 3491 πολέμοιςο
1670 3418 1781 3476 οἷόν
1807 3440 1860 3477 τι

1976 3412 2307 3468 Ιᾶιιωιεοιιιῖ
2352 3427 2533 3468 nonne
2578 3421 2672 3476 tu,
2718 3413 2881 3481 Deus,
2908 3414 3002 3486 qui
3055 3430 3156 3471 nos
3204 3415 3491 3487 repulisti?
3525 3434 3543 3467 ι

300 3502 395 3555 καὶ
446 3505 475 3557 b
538 3505 805 3576 μακάριος
857 3507 1053 3561 Δαυῖδ’
1091 3526 1107 3558 ι
1146 3507 1240 3571 Τίς
1271 3509 1467 3575 ἀπάξει
1505 3528 1571 3582 με
1605 3515 1685 3576 είς
1722 3513 1870 3567 πόλιν

1975 3503 2180 3575 Nempe
2232 3504 2325 3569 ait,
2366 3502 2532 3558 Deum
2585 3504 2689 3560 sibi
2734 3504 2927 3561 ducem
2982 3504 3227 3560 futurum
3284 3505 3549 3561 bellorum

300 3595 599 3665 περιοχῆςς
636 3598 729 3653 καὶ
755 3597 838 3661 τίς
879 3598 1137 3668 ὁδηγήσει
1176 3615 1242 3669 με
1272 3598 1376 3662 ἕως
1402 3601 1501 3672 τῆς
1541 3602 1870 3673 Ἰδουμαίας;

1976 3605 2168 3651 contra
2191 3593 2502 3649 ldumaeam.
2537 3594 2693 3651 Hunc
2719 3595 2975 3665 loquendi
3000 3594 3219 3651 modum
3248 3596 3547 3651 observare

301 3684 425 3754 οὐχὶ
471 3688 537 3739 σὺ
573 3688 602 3738 ὁ
643 3686 775 3749 Θεὸς
804 3688 833 3739 δ
877 3688 1238 3759 ἀπωσάμενος
1267 3690 1448 3759 mide;
1477 3714 1497 3750 ι
1524 3689 1770 3761 ῐναεῖπῃ.
1794 3694 1870 3747 ὅτι

1977 3687 2103 3742 licet
2164 3685 2304 3756 apud
2355 3686 2572 3740 beatum
2629 3687 2877 3740 eumdem
2930 3684 3222 3753 Davidem,
3281 3702 3404 3741 cum
3458 3700 3555 3757 per

314 3764 374 3821 Ὀ
398 3771 541 3841 Θεὸς
565 3787 656 3843 μοι
669 3773 881 3841 είςτοὺς
896 3774 1039 3829 κατὰ
1054 3777 1156 3846 τῆς
1181 3777 1481 3849 Ἰδουμαίας
1509 3785 1870 3854 στρατηγήσει

1979 3778 2321 3833 reticentiam
2381 3778 2735 3847 intelligitur,
2778 3797 2795 3829 ι
2834 3778 3023 3834 dicens
3049 3777 3163 3835 evel
3190 3776 3495 3844 «dicentes,
3526 3797 3547 3833 ι

300 3858 608 3930 πολέμους·
661 3862 852 3934 ίδίωμα
889 3864 945 3918 δὲ
985 3867 1145 3922 τοῦτο
1188 3870 1282 3923 καὶ
1316 3872 1467 3944 παρὰ
1501 3872 1581 3939 τῷ
1627 3876 1870 3947 μακαρίῳ

1980 3877 2075 3922 aut
2125 3867 2330 3921 locutio
2375 3867 2666 3936 ejusmodi.
2720 3867 3166 3937 VelutiuQuare
3215 3872 3553 3925 fremuerunt

299 3951 467 4005 Δαυῖδ
505 3952 657 4025 εὖροι
684 3972 768 4018 τις
797 3955 864 4011 ἂν
879 3959 1021 4013 κατὰ
1037 3960 1411 4034 ἀποσιώπησιν
1434 3965 1791 4036 σημαίνεσθαι
1820 3967 1870 4021 rb

1981 3967 2192 4032 gentes,
2226 3966 2281 4015 et
2310 3960 2499 4031 populi
2540 3960 2793 4016 meditati
2838 3973 2967 4017 sunt
2999 3963 3227 4017 inania?
3262 3964 3556 4018 astiterunt

306 4042 522 4111 (λέγων
546 4063 565 4095 ι
582 4044 620 4117 ἢ
644 4064 665 4096 ι
684 4046 929 4115 λέγοντες
954 4070 972 4104 ι
1011 4051 1113 4123 ήτι
1138 4052 1347 4109 τοιοῦτο
1368 4068 1385 4087 ⁶
1427 4049 1540 4111 οἷόν
1598 4055 1724 4111 ἐστι
1789 4061 1870 4121 τὸ1

1980 4068 2138 4123 reges
2191 4061 2370 4117 terra,
2423 4060 2478 4107 et
2531 4054 2807 4125 principes
2851 4063 3223 4111 convenerunt
3272 4055 3326 4109 in
3383 4071 3552 4109 unum

306 4135 462 4189 «Ἵνα
491 4137 547 4189 τί
572 4139 846 4209 ἐφρύαξαν
878 4142 1004 4213 ἔθνη
1043 4144 1136 4199 καὶ
1162 4143 1282 4198 λαοὶ
1311 4144 1645 4216 ἐμελέτησαν
1701 4150 1870 4214 κενά;

1982 4146 2246 4201 adversus
2305 4143 2590 4200 Dominum
2639 4155 2693 4202 et
2758 4148 3019 4205 adversus
3065 4146 3342 4203 Christum
3408 4147 3551 4215 ejus.

300 4232 351 4283 οἱ
385 4228 631 4298 βασιλεῖς
658 4230 755 4301 τῆς
787 4234 911 4303 γῆς,
942 4234 1036 4287 καὶ
1054 4236 1102 4289 oi
1125 4234 1382 4306 ἄρχοντες
1405 4235 1750 4308 συνήχθησαν
1787 4238 1870 4295 ἐπῖ

1982 4237 2367 4306 Dirumpamus
2395 4238 2611 4292 vincula
2642 4254 2857 4307 eorum,
2878 4247 2929 4295 et
2953 4240 3305 4310 projiciamus
3334 4252 3362 4291 a
3396 4238 3555 4293 nobis

301 4319 365 4372 rb
399 4319 537 4373 αὐτὸ
563 4320 705 4373 κατὰ
741 4321 834 4376 τοῦ
865 4322 1069 4394 Κυρίου
1100 4325 1194 4378 καὶ
1226 4324 1367 4379 κατὰ
1389 4324 1482 4378 τοῦ
1519 4326 1755 4396 Χριστοῦ
1780 4328 1870 4381 αὐ-

1982 4329 2169 4400 jugum
2211 4329 2455 4399 ipsorum
2480 4330 2547 4386 ⁸⁷.
2598 4350 2618 4382 ι
2654 4329 2791 4385 Nam
2835 4339 2889 4386 et
2936 4330 3025 4385 hic
3079 4345 3176 4399 per
3218 4330 3555 4384 reticentiam

302 4410 399 4464 τοῦ
422 4427 437 4441 ·
486 4412 873 4483 Διαρρήξωμεν
903 4414 1029 4477 τοὺς
1064 4416 1296 4486 δεσμοὺς
1326 4416 1526 4483 αὐτῶν,
1574 4417 1667 4472 καὶ
1704 4419 1870 4493 ἀπορς

1984 4436 2090 4478 vox
2123 4439 2142 4472 ι
2173 4421 2415 4477 dicentes
2442 4440 2459 4473 ι
2495 4420 2837 4492 intelligitur,
2880 4421 2947 4475 ad
2983 4422 3198 4476 consilii
3236 4421 3559 4491 patefactio-

305 4502 559 4572 ῥίψωμεν
585 4503 676 4572 ἀφ’
707 4504 861 4574 ήμῶν
886 4506 975 4558 τὸν
996 4506 1158 4576 ζυγὸν
1188 4508 1367 4563 αὐτῶν
1384 4526 1396 4539 ’
1436 4528 1454 4562 ι
1495 4509 1589 4564 καὶ
1615 4511 1724 4582 γὰρ
1750 4512 1870 4566 κάν-

1986 4529 2132 4577 nem,
2165 4530 2274 4584 quo
2303 4514 2530 4585 impium
2559 4515 2690 4569 illud
2715 4522 3080 4585 susceperunt
3104 4512 3334 4569 facinus.
3370 4513 3559 4568 Simile

302 4592 483 4645 ταῦθα
525 4592 670 4646 κατά
687 4594 1065 4665 ἀποσιώπησιν
1089 4597 1150 4651 rb
1192 4616 1212 4650 ι
1231 4598 1479 4667 λέγοντες
1517 4618 1535 4650 ι
1560 4604 1781 4665 νοεῖται,
1803 4604 1870 4667 είς

1985 4613 2040 4661 et
2063 4604 2195 4659 illud
2232 4622 2245 4658 :
2285 4621 2304 4655 ι
2350 4603 2429 4659 Ad
2464 4604 2755 4659 Dominum
2790 4620 2915 4659 cum
2958 4604 3254 4660 tribularer
3298 4604 3554 4667 clamavi,

303 4683 543 4757 δήλωσιν
576 4685 675 4755 τῆς
700 4685 946 4757 γνώμης,
973 4689 1090 4758 μεθ’
1120 4684 1188 4761 ἧς
1208 4690 1305 4761 τὴν
1325 4692 1639 4764 παράνομον
1670 4695 1870 4766 ἐκείνηι

1986 4704 2041 4751 et
2078 4694 2356 4750 exaudivit
2396 4711 2503 4751 me.
2545 4693 2798 4759 Domine,
2826 4696 2997 4750 libera
3043 4696 3280 4750 animam
3321 4710 3493 4750 meam
3526 4709 3557 4749 a

304 4773 626 4846 είργάξοντο
668 4777 895 4846 πρᾶξιψ
933 4779 1173 4835 τοιοῦτόν
1217 4783 1336 4835 ἐστι
1390 4784 1482 4836 καὶ
1527 4784 1606 4849 rb,
1672 4803 1691 4836 ι
1742 4786 1870 4858 Πρὸς

1983 4787 2145 4843 labiis
2190 4786 2394 4858 iniquis
2435 4794 2487 4843 et
2519 4802 2549 4841 a
2576 4787 2759 4858 lingua
2784 4786 2993 4843 dolosa.
3026 4806 3045 4839 ι
3086 4786 3185 4842 Hic
3212 4802 3429 4857 quoque
3458 4786 3561 4840 sub

304 4865 509 4937 Κύριον
534 4868 594 4921 ἐν
617 4866 698 4938 τῷ
730 4867 1005 4923 θλίϐεσθαι
1041 4888 1108 4941 με
1146 4871 1442 4944 ἐκέκραξα,
1477 4876 1570 4929 καὶ
1599 4877 1870 4948 είσήκουσι

1985 4877 2265 4933 reticentia
2318 4878 2566 4932 innuitur
2625 4897 2642 4929 ι
2689 4876 2894 4934 dicens.
2955 4897 2975 4932 ι
3023 4877 3291 4932 Nimirum
3354 4895 3367 4930 :
3420 4896 3438 4928 ι
3478 4877 3560 4931 Ad

306 4976 414 5029 μου
437 4975 452 4987 ·
484 4958 676 5028 Κύριε,
711 4959 875 5030 ῥῦσαι
899 4960 998 5032 τὴν
1028 4962 1207 5034 ψυχήν
1245 4982 1345 5035 μου
1387 4967 1496 5021 ἀπὸ
1521 4968 1743 5038 χειλέων
1769 4969 1870 5024 ἀδί·

1984 4967 2273 5024 Dominum
2297 4985 2419 5024 cum
2440 4969 2736 5026 tribularer
2760 4970 3011 5033 clamavi,
3042 4970 3233 5025 dicens
3263 4988 3276 5023 :
3307 4967 3555 5033 Domine,

303 5067 420 5103 κων
442 5049 535 5102 καὶ
550 5050 658 5102 ἀπὺ
677 5050 928 5121 γλώσσης
945 5051 1124 5116 δολίας
1140 5069 1154 5083 ⁸
1186 5072 1205 5106 ι
1227 5055 1368 5108 κατὰ
1382 5056 1761 5131 ἀποσιώπησιν
1777 5060 1886 5132 γὰρ

302 5138 592 5193 κάνταῦθά
629 5157 761 5211 φησι
810 5141 871 5194 rb
902 5161 920 5193 ι
957 5142 1151 5211 λέγων,
1186 5163 1205 5196 ι
1243 5145 1329 5198 ἵνα
1456 5166 1473 5197 ι
1512 5148 1655 5219 Πρὸς
1684 5149 1887 5220 Κύριον

303 5236 364 5285 ὲν
408 5232 489 5301 τῷ
519 5232 797 5287 θλίϐεσθαί
832 5252 903 5305 με
931 5235 1204 5307 ἐκέκραξα
1239 5236 1443 5307 λέγων·
1490 5240 1683 5310 Κύριε,
1728 5241 1888 5311 ῥῦσαι

302 5323 404 5393 τήν
432 5322 615 5393 ψυχήν
637 5341 740 5394 μου
760 5324 869 5377 ἀπὸ
895 5324 1115 5395 χειλέων
1140 5327 1338 5381 ἀδίκων
1375 5330 1469 5383 καὶ
1496 5331 1603 5385 ἀπὸ
1638 5330 1890 5402 γλώσσης

300 5416 525 5477 δολίας·
565 5436 585 5468 ι
617 5417 696 5486 (p.
719 5416 845 5486 219)
871 5418 933 5470 rb
968 5418 1079 5490 γὰρ
1114 5437 1134 5471 ι
1178 5420 1751 5492 είσήκουσέμου,ιδιὰ
1796 5422 1893 5493 μέ-

304 5518 404 5556 σου
455 5504 599 5559 κατά
646 5504 1004 5560 ἀνταπόδοσιν
1046 5508 1260 5579 εἴρηται
1303 5510 1397 5566 τοῦ
1452 5514 1679 5576 παντός’
1718 5513 1892 5577 οὕτως

1982 5060 2154 5117 libera
2190 5061 2425 5115 animam
2468 5076 2643 5116 meam
2693 5077 2724 5116 a
2765 5062 2926 5117 labiis
2966 5060 3171 5130 iniquis
3212 5066 3267 5115 et
3299 5074 3331 5113 a
3373 5060 3558 5130 lingua

1989 5151 2201 5207 dolosa.
2250 5170 2268 5203 ι
2300 5150 2433 5206 Nam
2464 5152 2610 5221 quod
2648 5154 2886 5208 medium
2936 5150 3303 5219 interponitur
3334 5171 3354 5203 ι
3393 5167 3561 5208 exau-
3594 5131 3601 5148 “

1990 5242 2126 5297 divit
2153 5257 2260 5306 me,
2303 5261 2321 5295 ι
2355 5242 2407 5297 id
2435 5244 2653 5314 utrique
2675 5243 2921 5298 membro
2954 5242 3374 5311 responsionem
3409 5242 3561 5299 facit.

1994 5331 2086 5385 Sic
2137 5331 2304 5400 igitur
2357 5331 2461 5386 hoc
2515 5331 2635 5385 loco
2688 5331 2891 5395 dicit,c
2921 5333 3340 5403 congregavisse
3392 5332 3562 5389 Deum

1995 5429 2206 5492 gentes,
2225 5442 2243 5475 ι
2264 5438 2361 5479 ceu
2374 5438 2507 5479 voce
2528 5421 2784 5493 quadam,
2811 5430 3084 5493 praecepto
3117 5439 3239 5487 suo,
3265 5438 3469 5495 easque
3498 5422 3564 5478 ad

1998 5514 2197 5569 bellum
2246 5513 2492 5569 ldumaaa:
2542 5514 2882 5591 inferendum
2924 5515 3308 5571 concitavisse.
3366 5513 3567 5571 Deinde

378 5704 427 5734 ⁵³
472 5699 617 5757 Psal.
680 5719 872 5773 sum,
908 5708 961 5762 5.
1038 5708 1083 5739 “
1136 5705 1416 5775 Psal.cvu,
1461 5707 1544 5761 ll.
1622 5707 1664 5738 ⁸⁷
1706 5706 1849 5762 I’sal.
1886 5723 1943 5773 ιι,
1989 5707 2036 5763 l.
