3966 6222
426 292 522 346 511

1598 294 1945 354 TllEODOlll
1986 298 2468 357 MOl‘SUESTENl

3579 298 3688 359 τις

430 415 571 468 bello
601 413 766 467 veluti
799 413 1023 477 indic‘to,
1067 414 1242 485 pergil
1287 414 1433 485 loqui
1469 423 1661 470 contra
1690 415 1999 472 ldutnaam.

2106 417 2199 474 οὖν
2243 419 2520 475 κάνταῦθα
2563 420 2746 488 λέγει·
2796 436 2816 470 ι
2882 418 3005 473 Ὀτι
3041 406 3327 482 συνέλεξεν
3369 417 3399 471 δ
3441 415 3574 481 Θεὸς
3616 417 3687 471 τὰ

429 502 554 572 ἐθνη
575 544 590 567 ,
614 503 828 576 »ῶσπερ
863 504 969 557 τινὶ
1004 505 1154 575 φωνῇ
1196 504 1274 575 τῷ
1317 506 1647 579 ἐπιτάγματι
1689 507 1769 579 τῷ
1805 510 1988 581 οἰκείῳ
2020 508 2297 581 διεγείρων
2321 510 2518 574 αὐτοὺς
2548 510 2627 573 εἰς
2653 509 2744 564 τὸν
2773 507 2915 563 κατὰ
2954 508 3054 578 τῆς
3076 504 3393 578 Ἴδουμαίας
3426 505 3682 577 πόλεμον·

429 590 548 647 εἶτα
582 594 657 658 ὡς
686 594 776 647 τὸν
810 594 1044 667 πόλεμον
1078 596 1343 667 δηλώσας,
1377 598 1571 666 ἐπάγει
1597 598 1735 672 πρὸς
1759 600 1857 672 τὴν
1897 601 2201 672 Ἰδουμαίαν
2234 602 2426 672 αὐτήν.

502 689 671 747 Vens.
701 690 820 745 2-4.
851 723 919 732 -—
952 709 971 742 ι
1010 689 1151 747 Ecce
1181 693 1460 748 minimam
1487 692 1610 749 dedi
1658 703 1710 749 te
1742 694 1797 750 in
1827 696 2004 765 genti-

429 784 564 849 bus;
607 782 955 838 vehementer
998 791 1308 854 contempta
1343 799 1425 840 es.
1473 804 1492 838 ι
1525 783 1715 857 Magna
1765 786 1880 851 tui,
1918 787 2004 841 in—

430 876 585 943 quit,
614 874 761 929 cade
795 874 970 938 edita,
1007 873 1077 928 ad
1108 874 1377 931 modicam
1410 884 1463 932 te
1488 889 1704 948 gentem
1738 876 2001 948 redigam,

432 966 505 1019 ita
548 972 607 1019 ut
646 965 889 1020 omnium
946 966 1169 1021 minima
1225 968 1345 1031 ﬁas,
1388 968 1668 1038 multaque
1705 969 2002 1040 ignominia

434 1058 640 1113 noteris
665 1074 678 1119 ;
713 1057 952 1112 hostium
984 1074 1213 1114 numero
1243 1074 1525 1130 oppressa,
1554 1067 1719 1132 atque
1749 1061 2002 1118 innume-

431 1150 510 1205 ris
553 1151 713 1206 malis
747 1150 962 1205 obruta.
1001 1148 1259 1217 Quanam
1302 1166 1465 1222 porro
1522 1153 1601 1208 rei
1648 1167 1817 1209 causa
1860 1151 2005 1208 fuit?

439 1263 454 1287 ε
495 1240 756 1311 Superbia
786 1242 967 1297 cordis
1008 1243 1085 1297 tui
1118 1251 1170 1298 te
1198 1243 1393 1298 extulit
1422 1243 1746 1301 incolentem
1781 1246 1998 1316 rupium

436 1330 591 1403 145
631 1348 850 1402 specus,
889 1334 942 1387 in
983 1334 1204 1388 sublimi
1233 1334 1549 1389 habitacula
1583 1341 1843 1400 stantem,
1878 1335 2000 1391 ani-

433 1438 627 1491 moque
668 1433 761 1477 tuo
801 1424 1152 1480 volutantem.
1181 1423 1318 1491 Quis
1360 1441 1445 1480 me
1482 1426 1536 1480 in
1572 1433 1771 1481 terram
1814 1425 1998 1481 detra-

435 1514 560 1568 het?
588 1536 603 1565 ο
654 1515 1105 1586 Quandoquidem
1140 1516 1356 1571 ldumai
1390 1525 1650 1573 montana
1685 1517 1740 1571 in
1780 1517 1998 1589 regione

431 1606 721 1677 degebant,
751 1608 852 1663 hoc
878 1606 993 1663 fere
1015 1609 1185 1662 dicit:
1220 1609 1471 1680 lugentes
1500 1608 1792 1664 admodum
1832 1610 1999 1679 spiri-

432 1707 521 1753 tus
542 1698 706 1769 geris,
731 1698 858 1768 quia
879 1699 1228 1769 scopulorum
1259 1713 1512 1754 recessus
1534 1713 1792 1769 occupas,
1819 1699 2003 1768 ibique

434 1786 734 1854 spatiosam
769 1800 833 1840 ac
860 1785 1173 1849 maximam,
1209 1794 1269 1838 ut
1296 1792 1443 1840 certe
1470 1784 1780 1849 arbitraris,
1813 1788 2003 1842 statio-

433 1892 560 1931 nem
617 1885 813 1931 tenes:
859 1886 913 1932 et
954 1891 1090 1932 sane
1122 1876 1395 1932 neminem
1441 1875 1558 1932 fore
1596 1877 1776 1933 credis
1815 1877 1910 1948 qui
1950 1888 2004 1934 te

439 1967 696 2037 praesenti
737 1966 1102 2038 prosperitate
1131 1966 1367 2037 dejicere
1405 1973 1590 2036 queat.
1636 1967 1999 2032 Quamobrem

433 2074 555 2127 qua
608 2059 750 2113 dicta
787 2070 937 2124 sunt,
987 2058 1240 2129 patieris;
1274 2068 1332 2112 ut
1361 2057 1567 2115 sentias
1608 2058 1809 2114 frustra
1840 2066 2002 2114 temet

436 2149 644 2218 aliquid
670 2164 792 2205 esse
820 2158 1061 2221 putasse,
1087 2149 1255 2203 invita
1280 2147 1375 2204 Dei
1400 2149 1697 2204 voluntate.
1728 2167 1746 2200 ο
1779 2147 2001 2205 Etiamsi

435 2241 628 2310 aquila
659 2240 831 2295 instar
856 2240 964 2295 alta
1006 2250 1159 2311 petas
1182 2279 1197 2304 ,
1233 2248 1288 2295 et
1322 2240 1369 2295 si
1398 2239 1590 2294 mediis
1637 2240 1691 2293 in
1720 2238 1883 2293 astris
1914 2239 2001 2293 ni-

434 2331 564 2385 dum
595 2338 839 2396 statuas,
874 2332 1025 2386 illinc
1059 2345 1158 2403 ego
1209 2339 1261 2387 te
1302 2329 1617 2393 detraham,
1659 2328 1793 2385 dicit
1825 2328 2003 2384 Domi-

436 2439 557 2478 nus.
603 2442 622 2475 ι
659 2423 918 2480 Sublimis
980 2422 1174 2478 feraris
1222 2423 1373 2487 licet,
1433 2423 1628 2494 aquila:
1675 2436 1825 2475 more
1882 2437 2003 2491 qua

434 2521 647 2569 montes
673 2514 1028 2585 supervolare
1058 2512 1250 2585 procul
1278 2511 1451 2581 solet;
1490 2512 1543 2567 in
1575 2510 1770 2567 mediis
1807 2525 2002 2581 quam-

438 2605 517 2661 vis
547 2604 821 2661 sideribus
850 2605 1037 2679 gloria
1064 2613 1173 2660 tua
1203 2603 1521 2675 magnitudo
1563 2611 1616 2659 te
1638 2602 1887 2668 collocat,
1919 2602 2001 2656 vi-

434 2697 588 2752 ribus
609 2696 748 2752 meis
782 2696 1007 2753 minime
1036 2695 1298 2760 obsistes,
1324 2694 1510 2750 statim
1542 2708 1605 2748 ac
1635 2701 1688 2748 te
1710 2693 2002 2749 deturbare

432 2787 675 2842 voluero.

2183 697 2328 768 Στίχ.
2358 696 2500 767 βὀδ’.
2527 725 2601 736 -—
2633 714 2654 748 ι
2706 695 2837 750 Ἰδοὺ
2870 693 3146 762 ὀλιγοστὸν
3163 692 3369 747 δέδωκά
3390 709 3449 745 σε
3477 694 3536 745 ἐν
3568 694 3685 756 τοῖς

2110 790 2353 844 ἔθνεσινο
2395 788 2739 861 ἠτιμωμένος
2770 783 2823 841 εἷ
2874 788 2939 840 σὺ
2983 785 3206 857 σφόδρα.
3256 805 3273 841 ο
3318 784 3524 855 Πολλήν
3561 800 3681 850 σου,

2112 881 2264 951 φησὶ,
2303 878 2391 933 διὰ
2428 879 2538 932 τῶν
2577 876 2851 948 πολεμίων
2893 875 2994 948 τὴν
3036 874 3250 945 σφαγὴν
3286 871 3681 945 ἐργασάμωος.

2108 974 2188 1036 εἰς
2226 971 2437 1040 ὀλίγους
2481 986 2575 1023 σου
2614 968 2928 1041 περιστήσω
2961 966 3023 1019 τὸ
3063 965 3248 1030 ἔθνος*
3285 965 3426 1019 ῶστε
3463 965 3682 1019 πάντων

2108 1065 2397 1128 ἐλάττονας
2440 1060 2579 1119 εἷναι
2624 1065 2720 1118 καὶ
2753 1064 2814 1118 ἐν
2854 1062 3050 1134 ἀτιμίᾳ
3100 1060 3429 1115 καθεστάναι
3474 1059 3678 1131 πολλῇ·

2105 1156 2183 1221 ὡς
2207 1156 2312 1210 ὑπὸ
2341 1156 2553 1210 πολλῶν
2581 1172 2641 1209 τε
2676 1154 3009 1225 πεπολιορκη
3019 1153 3177 1224 μένον
3214 1152 3308 1207 καὶ
3333 1150 3545 1223 μυρίοις
3582 1167 3682 1204 πε-

2109 1245 2431 1316 ριϐληθέντα
2469 1248 2692 1308 κακοίςο
2737 1239 2855 1297 εἶτα
2893 1241 2979 1306 τίς
3033 1243 3068 1311 ἠ
3105 1240 3286 1307 αἰτίας
3327 1258 3346 1292 ι
3393 1239 3457 1293 Ἥ
3510 1239 3681 1307 ύπερ-

2105 1336 2313 1408 ηφανία
2341 1335 2443 1406 τῆς
2465 1334 2694 1406 καρδίας
2725 1350 2818 1387 σου
2865 1331 3035 1402 ἐπῆρε
3058 1346 3118 1383 σε
3139 1325 3584 1399 κατασκηνοῦντα
3619 1328 3680 1379 ἐν

2104 1431 2225 1493 ταῖς
2250 1428 2409 1491 ὀπαῖς
2428 1425 2536 1480 τῶν
2562 1425 2796 1497 πετρῶν.
2832 1422 2982 1494 ὑψῶν
3018 1423 3118 1494 τὴν
3154 1420 3432 1474 κατοικίαν
3472 1416 3637 1472 αὑτοῦ
3659 1433 3675 1447 ’

2104 1520 2277 1589 λέγων
2310 1521 2369 1573 ἐν
2397 1521 2465 1590 τῇ
2502 1516 2698 1588 καρδίᾳ
2728 1514 2921 1570 αὑτοῦ·
2950 1513 3046 1577 Τίς
3084 1530 3152 1584 με
3189 1511 3412 1575 κατάξει
3448 1512 3542 1563 ἐπὶ
3576 1509 3677 1581 τὴν

2104 1611 2242 1682 γῆν;
2277 1629 2299 1664 ο
2331 1608 2544 1679 Ἐπειδὴ
2561 1608 2671 1679 γὰρ
2694 1606 2868 1677 ὄρειον
2886 1603 3064 1677 ᾤκουν
3088 1603 3270 1676 χώραν
3294 1604 3343 1657 οἱ
3370 1603 3676 1672 Ἰδουμαῖοι,

2035 1664 2073 1717 Β
2106 1664 2305 1772 μέλλον
2336 1700 2494 1753 τοῦτο
2510 1664 2674 1768 λένεί.
2714 1664 2795 1752 δτι
2826 1664 3120 1768 Ἀμὲτρωξ
3136 1664 3385 1766 ἐπήρθης
3551 1692 3674 1746 διά-

2102 1809 2271 1856 νοιαν,
2308 1793 2365 1844 ἐν
2395 1790 2719 1845 καταδύσεσι
2756 1789 2854 1860 μὲν
2890 1786 3054 1841 οἰκῶν
3091 1786 3327 1856 πετρῶν,
3374 1784 3572 1855 πολλὴν
3617 1782 3678 1836 δέ

2104 1900 2198 1936 σου
2232 1882 2326 1936 καὶ
2367 1882 2650 1953 μεγίστην,
2681 1882 2758 1945 ὼς
2784 1881 2916 1951 ῷου,
2942 1877 3258 1949 πεποιηκὼς
3294 1876 3395 1948 τὴν
3422 1876 3631 1944 οἴκησιν
3657 1889 3675 1907 ο

2102 1976 2197 2030 καὶ
2214 1975 2279 2045 δὴ
2307 1975 2401 2027 καὶ
2419 1974 2663 2045 οἰόμενος
2690 1973 2787 2027 οὐκ
2822 1974 2886 2028 ἀν
2920 1986 3056 2025 ποτε
3090 1968 3306 2023 ἔσεσθαι
3330 1968 3421 2021 τὸν
3445 1965 3678 2036 δυνάμε-

2102 2067 2191 2121 νόν
2218 2083 2277 2119 σε
2308 2067 2405 2137 τῆς
2426 2064 2735 2136 προσούσης
2766 2062 3016 2117 ἐκϐαλεῖν
3040 2061 3378 2130 εὐπραγίαςο
3425 2057 3565 2127 ύπέρ
3598 2047 3680 2109 ὧν

2101 2158 2164 2229 δὴ
2187 2157 2349 2228 πείσῃ
2373 2157 2442 2211 τὰ
2460 2155 2750 2227 εἰρημένα,
2773 2154 2863 2208 ἵνα
2878 2152 3043 2226 αἴσθῃ
3066 2151 3243 2223 μάτην
3276 2150 3518 2220 οἰόμενος
3536 2142 3678 2200 εἷναί

2100 2267 2152 2303 τι
2190 2248 2339 2312 θείας
2377 2248 2846 2320 ἀντιπραττούσης
2894 2245 3110 2317 βουλῆς.
3159 2243 3235 2314 (p.
3281 2242 3409 2312 220)
3460 2258 3477 2292 ι
3545 2237 3677 2292 Ἐἀν

2105 2338 2473 2411 μετεωρισθῇς
2531 2339 2606 2402 ὡς
2658 2338 2835 2403 ἀετὸς,
2896 2337 2991 2391 καὶ
3038 2335 3132 2388 ἐὰν
3193 2335 3293 2386 ἀνὰ
3355 2334 3514 2403 μέσον
3562 2328 3677 2383 τῶν

2101 2431 2316 2502 ἄστρων
2353 2429 2453 2500 θῇς
2495 2429 2713 2483 νοσσιὰν
2746 2445 2862 2493 σου,
2902 2427 3109 2481 ἐκεῖθεν
3159 2423 3374 2490 κατάξω
3408 2440 3487 2488 σε,
3526 2421 3679 2489 λέγει

2101 2522 2324 2593 Κύριος.
2363 2541 2382 2575 ι
2414 2522 2577 2574 Ὥστε
2610 2520 2711 2575 κᾶν
2740 2519 2895 2574 ἀετοῦ
2917 2519 3072 2589 δίκην
3109 2520 3188 2581 εἰς
3217 2516 3348 2585 ὕψος
3382 2513 3576 2586 ἀρθῇς,
3612 2513 3682 2574 ὃς

2102 2614 2238 2668 πολὺ
2273 2613 2383 2667 τῶν
2417 2611 2561 2683 ὀρῶν
2600 2609 3002 2683 ύπερίπτασθαι
3036 2609 3266 2677 πέφυκε,
3298 2608 3391 2661 καὶ
3421 2609 3479 2660 ἐν
3522 2604 3678 2676 μέσῳ

2100 2705 2210 2759 τῶν
2227 2705 2442 2777 ἄστρων
2460 2704 2548 2759 διὰ
2563 2703 2662 2777 τὴν
2678 2703 2982 2776 ὑπερϐολὴν
2995 2703 3094 2773 τῆς
3111 2697 3461 2772 περιφανείας
3480 2695 3680 2751 σαυτὸν

2102 2797 2480 2867 καταστήσῃς,
2526 2796 2628 2849 οὐκ
2673 2796 2930 2867 ἀρκέσεις
2976 2792 3115 2863 πρὸς
3158 2793 3260 2862 τὴν
3308 2790 3538 2859 δύναμιν
3573 2786 3679 2857 τὴν

2004 2926 2011 2933 ι
2099 2888 2261 2960 ἐμὴν,
2289 2888 2366 2941 ὅτ’
2391 2888 2456 2943 ἄν
2484 2903 2546 2940 σε
2573 2888 2859 2957 κατασπᾷν
2898 2884 3083 2939 ὲθέλω.

508 2970 673 3027 Vens.
709 2969 827 3026 5-7.
852 2997 921 3009 -
953 2985 972 3020 ι
1017 2965 1074 3022 Si
1115 2967 1264 3022 fures
1285 2967 1351 3021 ad
1393 2974 1444 3022 te
1466 2968 1743 3023 venissent
1777 2975 2002 3022 noctur-

2172 2981 2320 3049 Στιχ.
2358 2976 2497 3043 ε’-ζη
2537 3008 2610 3019 -—
2646 2994 2667 3029 ι
2718 2978 2781 3031 Εἰ
2809 2975 3037 3029 κλέπται
3071 2971 3317 3044 εἰσῆλθον
3355 2970 3490 3041 πρὸς
3516 2968 3593 3033 σὲ,
3623 2969 3681 3020 εἰ

435 3065 560 3120 nive
616 3064 888 3125 latrones,
951 3054 1169 3113 ubinam
1222 3058 1463 3127 projecta
1528 3058 1770 3115 fuisses?
1822 3073 2002 3114 nonne

2106 3071 2299 3141 λῃσταὶ
2337 3071 2549 3136 νυκτὸς,
2589 3066 2691 3122 ποῦ
2726 3067 2793 3122 ἂν
2831 3066 3176 3138 ἀπερῤίφης;
3219 3061 3319 3117 ούκ
3346 3063 3411 3116 ἂν
3443 3060 3682 3129 ἔκλεψαν

436 3154 600 3211 furati
639 3160 823 3209 essent
871 3149 1198 3209 suﬂicientia
1221 3150 1369 3205 sibi?
1400 3148 1465 3204 Et
1502 3150 1546 3204 si
1579 3149 2002 3207 Vindemialem

436 3248 505 3302 ad
539 3254 593 3302 te
625 3243 859 3318 ingressi
904 3242 1169 3307 fuissent,
1202 3257 1384 3298 nonne
1419 3241 1516 3297 tibi
1566 3257 1842 3298 racemum
1878 3242 2004 3299 reli-

436 3338 726 3410 quissent?
749 3333 1033 3403 Quomodo
1055 3334 1319 3388 lustratus
1335 3341 1419 3389 est
1445 3331 1611 3399 Esau,
1636 3332 2002 3402 deprehensas»

436 3447 543 3499 que
599 3437 727 3485 sunt
772 3427 987 3483 occulta
1026 3424 1240 3494 ejus?»
1277 3422 1334 3478 Si
1398 3422 1550 3480 fures
1603 3423 1807 3494 aliqui,
1863 3424 2001 3478 clam

436 3532 599 3577 noctu
651 3520 818 3574 furari
873 3516 1021 3573 soliti
1062 3516 1117 3572 in
1170 3514 1393 3568 domum
1445 3522 1596 3569 tuam
1651 3514 2000 3584 irrupissem,

440 3611 628 3681 paucis
672 3609 901 3681 direptis
957 3608 1193 3662 fortasse
1238 3605 1661 3674 discessissent;
1713 3613 1771 3660 tu
1822 3612 2002 3660 tamen

435 3702 858 3773 haudquaquam
888 3698 1097 3755 adibus
1140 3697 1331 3768 pulsus
1367 3695 1599 3763 fuisses;
1635 3696 1743 3751 tuis
1774 3694 1921 3751 enim
1952 3702 2006 3750 te

437 3795 643 3850 laribus
688 3794 723 3847 ii
774 3792 865 3862 qui
917 3790 1065 3845 furto
1098 3788 1456 3845 tumultuario
1500 3787 1709 3858 aliquid
1740 3787 2006 3857 diripiunt

438 3887 676 3956 spoliare
715 3901 823 3939 non
870 3893 1114 3955 possent.
1164 3882 1293 3938 item
1337 3881 1482 3951 siqui
1520 3880 1807 3937 vindemia
1838 3895 2004 3935 causa

439 3981 651 4032 vineam
704 3975 1047 4038 introissent,
1098 3974 1457 4030 nihilominus
1507 3979 1714 4042 partem
1764 3971 2004 4041 aliquam

440 4068 651 4123 fructus
686 4067 741 4121 in
779 4064 884 4120 vite
914 4066 1288 4136 reliquissent.
1338 4062 1722 4119 Verumtamen
1751 4063 1827 4115 rei
1850 4075 2008 4116 nunc

439 4162 538 4216 tibi
576 4168 849 4216 eventura
892 4158 998 4212 alia
1045 4157 1185 4211 ratio
1228 4164 1312 4211 est
1352 4173 1367 4208 :
1413 4154 1798 4224 supervenient
1858 4154 2006 4209 enim

2063 3178 2078 3194 ·
2103 3163 2173 3215 τά
2195 3161 2355 3217 ἰκανά
2388 3160 2606 3225 αύτοῖς;
2635 3158 2729 3212 καὶ
2764 3159 2813 3211 εἰ
2844 3156 3112 3228 τρυγηταὶ
3148 3152 3397 3220 εἰσῆλθον
3417 3151 3553 3223 πρὸς
3590 3151 3679 3211 σὲ,

2102 3255 2204 3308 οὐκ
2256 3253 2323 3307 ἂν
2380 3252 2702 3305 ὑπελίποντο
2768 3248 3115 3317 ἐπιφυλλίδας
3174 3246 3291 3309 πῶς
3352 3242 3683 3315 ἐξερευνήθη

2115 3345 2309 3407 Ἠσαῦ,
2335 3346 2428 3400 καὶ
2467 3342 2779 3415 κατελήφθη
2820 3340 2986 3394 αὑτοῦ
3023 3340 3088 3393 τὰ
3127 3337 3518 3409 κεκρυμμένα;
3561 3353 3580 3386 ι
3610 3334 3683 3387 Εἰ

2107 3437 2204 3508 μὲν
2236 3432 2328 3490 οὖν
2357 3435 2583 3491 κλέπται
2618 3435 2763 3498 τινὲς
2790 3434 2840 3487 οί
2862 3431 3159 3504 λεληθότως
3186 3433 3243 3483 ἐν
3266 3432 3388 3494 ταῖς
3424 3428 3541 3492 νυξὶ
3579 3426 3683 3497 λῃ-

2105 3528 2314 3583 στεύειν
2351 3527 2596 3590 εἰωθότες
2621 3527 2700 3589 εἰς
2732 3524 2829 3596 τὴν
2884 3522 3059 3576 οἰκίαν
3098 3521 3418 3590 ἐπεισῆλθον
3436 3518 3531 3590 τὴν
3557 3517 3683 3587 σὴν,

2103 3619 2313 3691 βραχέα
2345 3618 2466 3671 τινὰ
2507 3616 2784 3681 λαϐόντες,
2820 3614 2982 3685 τυχὸν
3010 3612 3233 3683 ἐξῆλθον
3266 3613 3331 3666 ἀν
3352 3630 3365 3643 ·
3408 3611 3473 3663 σὺ
3492 3609 3551 3662 δὲ
3576 3609 3687 3662 οὐκ

2104 3711 2174 3766 ἂν
2208 3711 2518 3783 ἀπεῤῥίφης
2555 3708 2652 3776 τῆς
2691 3707 2890 3773 οἰκίας,
2935 3704 3124 3776 ἐπειδὴ
3157 3705 3254 3774 τῆς
3304 3700 3569 3773 οἰκήσεώς
3613 3717 3684 3753 σε

2105 3804 2424 3875 ἀποστερεῖν
2464 3803 2512 3855 οἰ
2545 3801 2633 3856 διὰ
2676 3799 2927 3873 λῃστείας
2961 3797 3031 3851 τά
3077 3795 3448 3869 προστυχόντα
3486 3792 3683 3863 ἁφελόο

2110 3911 2260 3966 μενοι
2310 3895 2411 3948 οὐκ
2452 3892 2745 3963 ἠδύναντοο
2787 3890 2883 3945 καὶ
2924 3890 3016 3942 ἐπὶ
3058 3886 3263 3960 τρύγην
3322 3886 3373 3938 δέ
3416 3900 3557 3948 τινες
3597 3884 3689 3947 είς

2106 3987 2408 4058 ἀμπελῶνα
2453 3983 2880 4055 είσεληλυθὰτες,
2912 3983 3146 4044 πάντως
3198 3981 3262 4035 ἄν
3317 3996 3435 4032 τινα
3466 3974 3688 4049 καρπὸν

2107 4080 2397 4134 κατέλιπον
2428 4082 2487 4133 ἐν
2515 4080 2635 4140 ταῖς
2656 4075 2919 4148 ἀμπέλοις
2938 4089 2954 4103 ⁸
2982 4074 3043 4126 τὸ
3069 4073 3126 4127 δέ
3152 4090 3215 4140 γε
3237 4071 3332 4125 νῦν
3354 4088 3433 4123 σοι
3464 4068 3685 4139 συμϐη-

2109 4168 2334 4239 σόμενον
2377 4167 2437 4220 ού
2483 4165 2725 4221 τοιοῦτον
2753 4164 2939 4219 ἔσται⁸
2968 4161 3345 4216 ἐπελεύσονται
3380 4158 3487 4231 γὰρ
3520 4157 3688 4211 πολέ-

438 4257 657 4319 hostes,
690 4253 782 4324 qui
820 4260 1104 4322 tantopere
1152 4248 1233 4304 tui
1274 4250 1584 4319 potientur,
1615 4258 1675 4303 ut
1696 4247 1882 4302 omnia
1913 4256 2003 4302 tua

2113 4276 2225 4330 μιοι
2252 4258 2302 4312 οἳ
2326 4256 2580 4312 τοσοῦτόν
2610 4274 2704 4310 σου
2736 4255 3263 4326 κατακρατήσουσιν,
3297 4251 3436 4305 ὥστε
3463 4250 3686 4304 ἅπαντα

440 4347 692 4407 scrutati,
717 4344 855 4398 nihil
881 4343 1001 4408 tibi,
1029 4340 1377 4398 reconditum
1400 4340 1547 4404 licet,
1577 4340 1852 4396 incolume
1879 4352 2003 4396 esse

2108 4327 2559 4421 ἐξερευνήσαντες
2584 4348 2653 4402 τά
2678 4348 2948 4421 προσόντα
2979 4362 3081 4411 σοι,
3133 4343 3265 4416 μηδέ
3298 4343 3405 4397 τῶν
3430 4357 3685 4411 κεκρυμ-

440 4438 642 4492 sinant.
698 4435 845 4491 Adeo
892 4442 1091 4490 cuncta
1135 4434 1192 4488 in
1234 4447 1424 4488 eorum
1470 4438 1794 4502 potestatem
1843 4431 2007 4488 devev

440 4529 613 4592 nient,
645 4528 739 4597 qui
774 4527 1038 4596 quidquid
1066 4526 1281 4580 libitum
1315 4522 1480 4579 luerit
1508 4522 1853 4594 depopulati,
1888 4533 2004 4580 tum

441 4620 658 4674 demum
728 4617 1045 4673 abscedent.
1101 4616 1306 4672 Deinde
1375 4620 1446 4671 ob
1498 4617 1626 4670 mali
1686 4617 2006 4685 gravitatem

440 4708 821 4766 declarandam
846 4711 923 4763 ait
957 4728 971 4764 :
1010 4727 1029 4760 ι
1061 4710 1249 4778 Usque
1277 4708 1346 4763 ad
1382 4707 1650 4764 terminos
1684 4715 1809 4764 tuos
1846 4707 2010 4763 dimi-

442 4810 630 4857 serunt
658 4808 709 4855 te
734 4800 839 4854 viri
874 4815 1067 4854 omnes
1101 4799 1323 4854 {aderis
1359 4800 1436 4852 tui
1464 4816 1478 4866 ;
1507 4799 1845 4853 obsisterunt
1878 4799 2006 4865 tibi;

442 4896 589 4949 vires
613 4909 742 4949 suas
774 4899 967 4946 contra
1002 4899 1054 4947 te
1093 4892 1467 4947 intenderunt.
1506 4909 1525 4943 ι
1559 4889 1662 4957 Qui
1693 4890 1819 4959 jure
1853 4888 2011 4959 146

443 4986 695 5041 amicitia
744 4984 1029 5054 mutnique
1067 4982 1306 5054 prasidii
1360 4991 1539 5038 tecum
1574 4989 1733 5036 antea
1771 4980 2009 5050 copulati

441 5088 622 5143 erant,
654 5078 838 5135 statim
874 5091 939 5133 ac
965 5076 1293 5132 calamitatis
1328 5082 1435 5130 tua
1460 5075 1778 5145 gravitatem
1821 5089 2009 5128 sense-

443 5170 577 5232 rint,
625 5168 691 5224 ad
737 5167 976 5223 hostium
1026 5175 1210 5238 partes
1252 5166 1595 5231 transibunt;
1640 5179 1877 5234 cumque
1923 5164 2008 5220 his

445 5257 830 5328 conspirantes
855 5258 1058 5314 ﬁnibus
1088 5256 1199 5312 tuis
1228 5266 1281 5312 te
1311 5256 1647 5327 propellent,
1676 5255 1804 5312 dum
1842 5254 2011 5310 hosti-

446 5349 550 5404 bus
587 5346 983 5419 gratiﬁcantur,
1013 5359 1176 5418 atque
1210 5348 1264 5402 in
1287 5346 1654 5417 captivitatem
1688 5348 2006 5403 extrudent.

447 5440 511 5493 lli
543 5440 673 5496 totis
697 5440 905 5495 viribus
930 5441 1388 5503 adversabantur,
1419 5447 1584 5509 atque
1608 5438 1861 5495 hostibus
1885 5455 2010 5509 sup-

448 5532 620 5602 petias
647 5530 842 5587 ferent.
880 5530 936 5586 ld
960 5532 1136 5603 ipsum
1175 5532 1304 5586 alibi
1338 5530 1521 5585 denuo
1555 5529 1727 5584 dicit:
1766 5549 1783 5579 ι
1818 5529 2006 5584 llomi-

451 5640 547 5678 nes
599 5625 678 5678 tui
719 5624 964 5694 pacifici,
1022 5623 1114 5693 qui
1158 5632 1336 5678 tecum
1376 5621 1553 5692 epulis
1591 5621 2007 5685 accumbebant,

453 5712 682 5768 insidias
739 5714 835 5769 tibi
893 5713 1317 5768 collocaverunt.
1372 5711 1528 5767 Nulla
1584 5721 1667 5768 cst
1722 5711 2009 5782 prudentia

2112 4442 2289 4513 μένων
2326 4442 2582 4511 ἀκέραιον
2617 4438 2836 4508 ἀφεῖναί
2874 4455 2928 4492 τι
2976 4436 3128 4509 παρὰ
3178 4436 3289 4489 σοί·
3326 4434 3467 4488 οὕτω
3499 4433 3687 4486 πάντα

2109 4534 2216 4588 ὑπὸ
2245 4534 2346 4607 τὴν
2396 4532 2642 4600 ἐξουσίαν
2677 4531 2829 4585 ἐσται
2873 4529 2971 4602 τὴν
3015 4528 3256 4588 ἐκείνων.
3301 4526 3375 4598 (p.
3422 4524 3548 4595 εει)
3583 4525 3687 4578 καὶ

2110 4625 2287 4680 πάντα
2334 4623 2596 4678 δοκοῦντα
2654 4620 3046 4675 ἀπελεύσονται
3097 4619 3381 4683 λαϐόντεςο
3433 4613 3550 4670 εἶτα
3600 4618 3686 4680 είς

2108 4717 2328 4787 ἔλεγχον
2371 4716 2471 4786 τῆς
2520 4714 2825 4777 ἐπιτάσεως
2883 4712 2977 4766 τοῦ
3037 4710 3239 4766 κακοῦ’
3296 4729 3314 4761 ι
3371 4708 3517 4773 Ἕως
3570 4706 3687 4761 τῶν

2111 4808 2274 4878 ὁρίων
2302 4823 2395 4860 σου
2428 4804 2811 4872 ἐξαπέστειλαν
2844 4820 2903 4857 σε
2929 4803 3128 4865 πάντες
3151 4803 3198 4854 οἱ
3232 4799 3420 4870 ἄνδρες
3444 4798 3539 4868 τῆς
3560 4797 3688 4851 διας

2114 4895 2288 4967 θήκης
2317 4909 2443 4947 σου·
2480 4894 2814 4963 ἀπέστησάν
2850 4909 2951 4957 σοι,
2991 4890 3332 4961 ἠδυνήθησαν
3368 4887 3504 4960 πρὸς
3525 4888 3605 4939 σέ.
3658 4905 3681 4940 ι

2114 4987 2225 5040 Καὶ
2271 4986 2379 5056 γὰρ
2417 4986 2510 5040 καὶ
2555 4988 2603 5040 oi
2647 4986 2910 5058 πρότερον
2947 4984 3235 5053 συνθήκας,
3259 4982 3440 5052 φιλίας
3484 4996 3544 5033 τε
3588 4981 3691 5034 καὶ

2115 5076 2427 5147 συμμαχίας
2446 5075 2658 5146 ἔχοντες
2677 5076 2814 5148 πρὸς
2842 5076 2920 5141 σὲ,
2943 5071 3265 5145 θεασάμενοί
3294 5089 3387 5125 σου
3408 5072 3506 5142 τῆς
3536 5087 3690 5141 συμ-

2114 5168 2287 5236 φορᾶς
2310 5166 2371 5220 τὸ
2407 5166 2653 5237 μέγεθος,
2701 5166 2841 5220 οὕτω
2871 5168 2969 5237 τῆς
3015 5165 3125 5218 τῶν
3169 5163 3420 5217 ἐναντίων
3466 5162 3692 5216 ἔσονται

2117 5260 2331 5330 μοίρας,
2363 5257 2502 5312 ὥστε
2550 5274 2611 5311 σε
2642 5260 2738 5312 σὺν
2770 5259 2998 5320 ἐκείνοις
3027 5257 3243 5311 πάντων
3276 5254 3542 5325 ἐξωθῆναι
3574 5254 3692 5309 τῶν

2111 5350 2273 5419 ὁρίων
2304 5350 2412 5403 τῶν
2439 5350 2567 5414 σῶν,
2589 5352 2771 5422 χάριτι
2802 5348 3199 5420 τῶν“πολεμίων
3228 5350 3321 5403 ἐπὶ
3351 5349 3448 5419 τὴν
3478 5350 3695 5419 αἰχμα-

2114 5442 2314 5497 λωσίαν
2361 5441 2668 5505 ὠθοῦντας·
2728 5442 2777 5495 οἳ
2831 5444 2925 5495 καὶ
2977 5442 3383 5512 ἀντιστήσονταί
3425 5459 3534 5499 σοι.
3590 5445 3690 5499 καὶ

2114 5533 2431 5602 δυνήσονται
2460 5535 2571 5596 τοῖς
2608 5532 2883 5603 πολεμίοις
2911 5532 3351 5603 συμπράττοντες
3393 5530 3507 5595 ταῖς
3533 5534 3691 5595 σοῖς·

2118 5625 2210 5676 καὶ
2236 5624 2297 5676 τὸ
2326 5624 2455 5678 αὐτὸ
2490 5624 2650 5677 πάλιν
2678 5626 2882 5695 ἑτέρως
2923 5624 3121 5691 λέγων·
3163 5643 3181 5675 ι
3228 5624 3449 5693 Ἄνδρες
3478 5623 3698 5691 εἰρηνι-

2119 5715 2203 5768 mi
2236 5731 2328 5768 σου
2358 5716 2404 5767 οἱ
2437 5713 2804 5777 συνεσθίοντὲς
2833 5731 2934 5780 σοι,
2972 5714 3172 5785 ἔθηκαν
3210 5714 3397 5785 ἐνεδρα
3425 5711 3698 5765 ὑποκάτω
