3976 6226
256 270 370 329 ιη

1443 275 2000 336 COMMENTARIUS
2033 274 2105 335 IN
2131 275 2414 337 ωλι.

3416 290 3527 347 διε

253 407 355 448 σου
377 408 395 423 ·
427 390 535 446 οὐκ
563 389 679 446 ἔστι
718 389 969 457 σύνθεσις
998 392 1057 447 ἐν
1084 393 1258 466 αὐτῷ.
1307 414 1327 448 ι
1360 396 1425 450 Οἰ
1453 396 1637 466 φιλίαν
1672 399 1841 452 ἀσπα·

1951 396 2097 467 eius.
2134 416 2153 451 ι
2187 396 2292 464 Qui
2321 407 2500 454 tecum
2531 399 2774 456 amicitia
2796 400 2998 472 juncti,
3023 404 3302 459 communi
3335 420 3524 461 mensa

255 484 478 557 ζόμενοι
494 485 631 557 πρὸς
652 484 714 537 σὲ
740 484 835 539 καὶ
864 485 1008 539 ἀλῶν
1029 503 1112 540 σοι
1142 488 1543 554 κοινωνοῦντες,
1576 491 1730 544 αύτοί
1764 508 1846 546 σοι

254 576 452 648 λόχους
479 576 798 647 ὐφανοῦσιν,
848 578 931 641 εἰς
966 577 1239 635 ἀπώλειαν
1277 581 1522 649 ἄγοντες,
1558 583 1744 652 ἐπειδὴ
1777 582 1846 638 δι’

256 668 707 739 ύπερὸάλλωσαν
750 669 935 723 ἄνοιαν
977 670 1099 724 οὐδὲ
1138 671 1437 744 διακρίνειν
1494 676 1623 740 τοὺς
1678 676 1847 740 ὅντως

256 761 452 830 φίλους
482 760 775 814 ἂπίστασαι
811 760 923 814 τῶν
954 762 1186 832 ἐχθρῶν.

328 853 483 924 Στίχ.
524 855 903 922 ﬂuat—(BV
950 854 1133 927 ἐκείνῃ
1170 858 1237 926 τῇ
1285 856 1490 930 ἡμέρᾳ,
1538 859 1685 928 λέγει
1732 862 1846 915 Κύο

255 960 396 1012 ριος,
426 943 619 998 ἀπολῶ
659 946 857 1014 σοφοὺς
888 945 954 998 ἐκ
998 945 1097 1016 τῆς
1129 946 1455 1017 Ἰδουμαίας,
1499 951 1594 1005 καὶ
1628 950 1845 1008 σύνεσιν

253 1035 315 1100 ἐξ
343 1034 514 1105 ὅρους
565 1034 771 1089 Ἠσαῦ·
822 1036 919 1091 καὶ
945 1038 1342 1110 πτοηθήσονται
1379 1041 1431 1094 οἰ
1467 1044 1708 1115 μαχηταί
1748 1060 1844 1101 σου

252 1126 320 1178 ἐκ
353 1125 597 1196 Θαιμάν,
621 1127 771 1191 ὅπως
798 1127 999 1201 ἐξαρθῇ
1028 1129 1314 1202 ἄνθρωπος
1346 1132 1407 1198 ἐξ
1442 1134 1604 1205 δρους
1645 1135 1840 1202 Ἡσαῦ,

250 1215 342 1270 διά
380 1216 484 1289 τὴν
513 1220 727 1289 σφαγὴν
765 1220 857 1273 καί
883 1221 982 1290 τὴν
1010 1221 1264 1275 ἀσέϐειαν
1306 1224 1406 1295 τὴν
1442 1228 1523 1291 εἰς
1565 1226 1658 1281 τὸν
1691 1228 1843 1282 ἀδελ-

252 1306 358 1375 φόν
392 1322 488 1360 σου
535 1307 763 1362 Ἰακώδο
799 1309 892 1363 καὶ
925 1310 1155 1381 καλύψει
1197 1328 1258 1365 σε
1300 1312 1552 1385 αἰσχύνη,
1600 1314 1678 1383 (p.
1712 1315 1841 1387 993)

252 1415 353 1452 και
387 1398 669 1473 ἐξαρθήσῃ
699 1402 779 1463 εἰς
808 1402 899 1455 τὸν
926 1402 1097 1457 αἰῶνα
1160 1425 1179 1457 ι
1231 1405 1580 1460 ’Δπολοῦνται
1607 1407 1670 1479 δὴ
1705 1406 1842 1462 πάν-

251 1508 345 1554 τες
358 1492 412 1543 οἰ
442 1493 504 1544 ἐν
537 1492 667 1562 ὑμῖν
695 1492 825 1563 περὶ
847 1494 915 1547 τὰ
947 1495 1218 1565 πολεμικά
1245 1498 1398 1566 σοφοί
1430 1515 1488 1551 τε
1511 1500 1605 1552 καὶ
1625 1500 1841 1553 δυνατοί

249 1599 403 1648 τινες
439 1582 735 1654 αὐχοῦντες
774 1582 943 1639 εἶναι·
999 1587 1053 1640 οἵ
1096 1604 1157 1640 τε
1206 1588 1348 1658 μέγα
1386 1588 1710 1659 φρονοῦντες
1749 1592 1843 1645 ἐπὶ

1953 490 2269 555 utebantur,
2325 490 2758 549 machinationes
2798 494 2897 549 tibi
2942 504 3266 551 struxerunt
3308 513 3429 566 quae
3469 500 3524 552 in

1950 583 2249 651 perniciem
2273 582 2696 657 ducerent,quia
2713 602 2811 655 pro
2833 593 2925 640 tua
2954 603 3166 642 summa
3197 589 3428 642 stultitia
3458 605 3526 645 ne

1948 690 2245 745 germanos
2300 677 2521 746 quidem
2564 679 2771 735 amicos
2817 681 2884 734 ab
2930 679 3171 736 inimicis
3211 681 3527 738 discernere

1947 768 2113 824 nosti.

2020 857 2186 915 Vens.
2215 860 2367 914 8-H.
2391 889 2464 903 -
2498 877 2518 911 ι
2561 860 2655 917 Illa
2699 860 2809 926 die,
2858 862 3038 932 inquit
3088 861 3374 927 Dominus,
3402 879 3526 933 pes-

1946 965 2070 1006 sum
2118 950 2262 1008 dabo
2311 952 2587 1021 sapientes
2634 953 2688 1007 in
2735 954 2967 1007 ldumzea
2996 995 3011 1019 ,
3067 954 3405 1009 intellectum
3467 956 3522 1009 in

1947 1052 2132 1100 monte
2163 1043 2306 1100 Esau
2338 1063 2351 1099 :
2382 1044 2576 1100 cadent
2606 1048 2899 1103 bellatores
2938 1048 3015 1102 tui
3064 1064 3094 1104 e
3139 1046 3418 1111 Τίιωιηειιι,
3450 1049 3523 1102 ita

1947 1144 2007 1190 ut
2057 1136 2456 1192 exterminetur
2509 1138 2673 1193 homo
2719 1155 2785 1193 ex
2837 1148 3023 1195 monte
3084 1138 3250 1203 Esau,
3303 1149 3525 1209 propter

1946 1228 2146 1283 eadem
2200 1236 2362 1297 atque
2404 1230 2701 1300 nequitiam
2755 1245 2917 1301 quam
2973 1232 3027 1285 in
3075 1228 3249 1284 Jacob
3296 1230 3523 1285 fratrem

1945 1331 2098 1377 tuum
2149 1324 2440 1380 exseruisti
2475 1342 2488 1376 :
2528 1323 2824 1394 ignominia
2876 1323 3185 1393 oppleberis
3211 1363 3224 1386 ,
3271 1331 3434 1391 atque
3466 1324 3520 1377 in

1944 1419 2209 1466 mtcrnum
2258 1411 2548 1469 deleberis.
2596 1433 2615 1464 ι
2664 1412 2797 1468 Leto
2844 1413 3172 1468 occumbent
3211 1414 3525 1484 quicunque

1946 1505 2087 1572 apud
2116 1519 2213 1560 vos
2240 1506 2318 1559 rei
2351 1504 2557 1561 bellica?
2596 1502 2755 1571 periti
2783 1500 3124 1559 ferunturvel
3150 1504 3520 1561 fortitudinem

1941 1595 2187 1665 iactant;
2237 1597 2439 1667 quique
2490 1598 2690 1669 praeliis
2732 1596 2785 1650 in
2820 1593 3079 1650 Tha'man
3121 1596 3374 1667 pugnatis
3412 1595 3527 1665 glo-

252 1675 383 1737 ταῖς
414 1676 617 1743 μάχαις
651 1675 711 1726 ἐν
735 1674 971 1746 Θαιμὰν,
994 1678 1028 1747 ἡ
1067 1679 1295 1750 μεγίστη
1329 1679 1439 1733 τῶν
1466 1680 1673 1734 πόλεων
1702 1678 1840 1737 εἶναι

1946 1687 2191 1755 riantur,
2225 1704 2347 1759 quae
2390 1689 2626 1743 maxima
2670 1688 2884 1742 videtur
2921 1688 3139 1743 urbium
3181 1695 3522 1749 vestrarum;

249 1768 406 1820 δοκεῖ
428 1768 540 1819 τῶν
574 1768 854 1840 ὑμετέρων
873 1785 888 1800 ’
935 1770 1251 1839 νικηθέντες
1304 1772 1381 1843 τῷ
1406 1773 1558 1845 φόϐῳ
1598 1774 1705 1829 τῶν
1744 1778 1841 1830 ἐπ-

1946 1779 1998 1833 hi
2044 1788 2190 1836 metu
2228 1781 2553 1835 instantium
2586 1780 2858 1834 malorum
2901 1778 3098 1843 fracti,
3130 1781 3345 1833 animos
3381 1779 3525 1832 ultro

252 1854 599 1923 εληλυθότων
656 1858 843 1912 κακῶν
886 1862 965 1923 εἰς
994 1861 1224 1931 πτόησιν
1269 1864 1703 1934 καταστήσονται
1748 1871 1845 1924 καὶ

250 1946 457 2000 δειλίαν
478 1965 494 1978 ο
526 1948 763 2020 τοσαύτη
795 1949 905 2005 τῶν
934 1951 1239 2023 ἀνθρώπων
1279 1955 1523 2010 ἀπώλεια
1556 1962 1843 2031 γενήσεται

250 2038 361 2092 τῶν
392 2039 705 2112 ὑμετέρων,
754 2043 896 2116 ὑπὲρ
931 2036 1009 2097 ὧν
1053 2045 1209 2099 αὐτοί
1240 2049 1366 2112 τοὺς
1414 2050 1678 2120 ἀδελφοὺς
1718 2054 1844 2118 τοὺς

253 2127 420 2191 ἰδίους
451 2132 519 2183 ἐκ
546 2131 642 2185 τοῦ
691 2131 889 2186 Ἰακὼὸ
925 2135 1268 2205 κατάγοντας
1299 2138 1361 2191 τὸ
1399 2138 1573 2207 γένος,
1601 2141 1660 2205 ὃς
1687 2142 1843 2197 ἀδελ-

252 2221 351 2287 φὸς
373 2216 445 2293 ἦν
473 2223 571 2277 τοῦ
603 2225 872 2296 ὑμετέρου
913 2229 1203 2299 προγόνου,
1243 2233 1579 2303 παρανόμοις
1618 2234 1845 2288 ἐκδεδὼ-

250 2332 378 2368 κατε
448 2321 566 2379 ταῖς
614 2322 883 2388 σφαγαῖς⁸
942 2321 1081 2392 ὑπὲρ
1128 2323 1192 2393 δὴ
1248 2323 1452 2379 τούτων
1508 2326 1737 2397 αἰσχύνη
1782 2345 1841 2381 τε

250 2406 671 2481 περιδληθήσῃ,
729 2411 827 2463 καὶ
872 2410 1109 2482 παντελῆ
1156 2411 1257 2483 τὴν
1316 2412 1593 2467 ἀπώλειαν
1634 2414 1842 2484 ὑπομε-

248 2501 381 2563 νεῖς.
438 2520 458 2552 ‹
527 2502 647 2571 ’Διᾷ
690 2498 760 2575 ἧς
801 2504 1014 2575 ἡμέρας
1062 2504 1327 2577 ἀντέστης
1368 2506 1428 2572 ἐξ
1479 2506 1726 2570 ἐναντίας
1781 2507 1841 2560 ἐν

250 2592 438 2665 ἡμέρᾳ
480 2594 1002 2664 αἰχμαλωτευόντων
1033 2596 1338 2667 ἀλλογενῶν
1365 2597 1594 2670 δύναμιν
1638 2597 1802 2655 αὐτοῦ
1821 2613 1839 2630 ο

250 2686 342 2736 καὶ
386 2684 665 2757 ἀλλότριοι
686 2687 935 2759 εἰσῆλθον
956 2691 1037 2753 είς
1071 2688 1246 2752 πύλας
1272 2689 1458 2758 αὐτοῦ,
1497 2690 1591 2744 ἐπὶ
1644 2690 1841 2761 Ἰερου-

254 2778 439 2848 σαλὴμ
472 2778 668 2833 ἔϐαλον
697 2781 955 2853 κλήρους,
987 2777 1165 2838 καῖσὺ
1187 2779 1257 2853 ἧς
1280 2783 1358 2845 ὡς
1386 2778 1469 2847 εἰς
1491 2784 1551 2851 ἐξ
1584 2783 1783 2839 αὐτῶν.
1814 2803 1833 2838 ι

254 2869 373 2920 Τῶν
407 2869 468 2921 δὲ
500 2870 951 2942 ἐπελευσομένων
971 2889 1051 2926 σοι
1072 2874 1260 2927 κακῶν
1291 2874 1352 2939 ἐξ
1382 2874 1592 2928 ἐκείνου
1630 2873 1840 2941 δέδεξαι

252 2964 350 3032 τὴν
373 2963 677 3032 ἀπόφασιν,
715 2964 864 3031 ἐξότε
892 2981 1000 3038 περ
1026 2966 1245 3020 τοιαῦτα
1283 2966 1423 3022 κατὰ
1447 2967 1557 3021 τῶν
1594 2966 1840 3037 ἀδελφῶν

252 3054 600 3126 τετόλμηκας
632 3056 740 3110 τῶν
781 3058 1001 3111 οἰκείων
1023 3075 1038 3089 ·
1070 3059 1161 3112 ὅτε
1195 3058 1297 3129 μὲν
1334 3058 1609 3131 ἀλλότριοι
1643 3060 1838 3124 αὐτοὺς
1866 3098 1908 3157 C

252 3146 636 3217 αἰχμαλώτους
654 3146 980 3219 ἐλάμϐανον,
1004 3149 1068 3201 σὺ
1093 3147 1149 3201 δὲ
1178 3149 1440 3222 ἀντέστης
1468 3151 1527 3215 ἐξ
1555 3152 1802 3214 ἐναντίας
1821 3168 1834 3183 ·

255 3241 337 3291 ἴνα
370 3239 526 3310 ετπῃ·
584 3237 673 3291 Ἐν
701 3242 767 3311 τῇ
812 3238 921 3292 τῶν
942 3238 1151 3312 ἐχθρῶν
1178 3239 1374 3307 ἔταξας
1407 3242 1599 3295 σαυτὸν
1625 3242 1801 3313 μερίδι
1822 3255 1838 3271 ⁸

253 3334 344 3383 καὶ
377 3330 696 3399 ἀλλογενεῖς
734 3330 833 3400 μὲν
865 3331 1046 3384 αὐτῶν
1079 3331 1159 3395 εἷς
1188 3349 1246 3385 τε
1285 3332 1384 3397 τὰς
1429 3332 1622 3395 λοιπὰς
1660 3333 1843 3397 πόλεις

254 3423 532 3495 εἰσῄεσαν,
576 3424 671 3477 καὶ
702 3424 839 3495 πρὸς
877 3427 997 3488 ταῖς
1027 3424 1265 3489 λοιπαῖς,
1296 3427 1393 3479 καὶ
1437 3425 1538 3499 τὴν
1579 3429 1843 3499 Ἰερουσα-

254 3516 400 3585 λήμ·
471 3517 571 3569 καὶ
622 3516 688 3587 δὴ
736 3516 831 3569 καὶ
878 3515 1064 3587 κλήρῳ
1119 3515 1190 3569 τὰ
1249 3517 1436 3571 ἐνόντα
1505 3517 1842 3590 διενείμαντο

254 3609 468 3659 πάντα·
506 3606 575 3660 σὺ
604 3606 661 3660 δὲ
688 3605 992 3670 ἐκοινώνεις
1028 3609 1140 3670 τοῖς
1174 3605 1399 3661 τοιαῦτα
1439 3608 1730 3679 τολμῶσιν.

1943 1871 2377 1941 despondebunt.
2432 1871 2608 1927 Tanta
2667 1873 2757 1927 fiet
2811 1872 3011 1926 civium
3049 1880 3357 1927 vestrorum
3404 1872 3524 1925 cla-

1944 1966 2038 2023 des
2067 1968 2080 2021 !
2114 1975 2399 2039 propterea
2435 1967 2580 2038 quod
2616 1968 2718 2038 ipsi
2766 1968 2965 2022 fratres
2990 1973 3230 2029 vestros,
3266 1980 3329 2018 ex
3356 1961 3525 2018 Jacob

1945 2059 2279 2131 progenitos,
2313 2059 2409 2130 qui
2446 2060 2614 2115 vestri
2664 2058 3033 2131 progenitoris
3074 2071 3367 2128 germanus
3398 2055 3521 2118 fuit,

1944 2148 2234 2204 immeritis
2264 2148 2514 2204 cladibus
2541 2148 2821 2204 alfecistis.
2851 2147 3085 2212 Idcirco,
3113 2146 3360 2216 inquam,
3398 2162 3524 2215 pro-

1944 2240 2043 2293 hro
2075 2239 2490 2305 suﬂ'undemini,
2523 2256 2955 2312 supremumque
2985 2240 3211 2295 exitium
3275 2236 3520 2294 adibitis.

1949 2349 1967 2381 ι
2024 2328 2099 2383 Ex
2150 2346 2259 2401 quo
2312 2330 2401 2385 die
2457 2332 2807 2388 adversarius
2861 2330 3203 2395 constitisti;
3270 2343 3381 2400 quo
3435 2330 3524 2383 die

1942 2421 2259 2493 alienigenae
2318 2421 2374 2476 in
2428 2412 2798 2493 captivitatem
2859 2424 3177 2495 redigebant
3221 2422 3521 2493 potentiam

1941 2512 2109 2583 ejus;
2172 2513 2529 2584 extraneique
2594 2513 3046 2585 ingrediebantur
3110 2522 3300 2585 portas
3369 2512 3520 2583 ejus.

1942 2618 2216 2676 Superque
2246 2604 2624 2678 Hierosolyma
2656 2616 2834 2663 sortes
2858 2606 3182 2673 mittebant;
3218 2613 3277 2659 tu
3301 2620 3523 2676 quoque

1940 2712 2063 2753 eras
2118 2705 2383 2768 tanquam
2425 2714 2570 2755 unus
2617 2714 2683 2754 ex
2727 2699 2858 2755 illis.
2914 2718 2933 2751 ι
2970 2696 3369 2754 Eventurorum
3424 2696 3521 2751 tibi

1942 2789 2211 2843 malorum
2252 2806 2318 2845 eo
2375 2800 2621 2862 tempore
2659 2804 2884 2847 causam
2934 2790 3031 2845 tibi
3077 2786 3407 2851 conciliasti,
3454 2802 3519 2842 ex

1940 2895 2050 2952 quo
2094 2881 2360 2937 adversus
2401 2880 2603 2938 fratres
2656 2890 2784 2938 tuos
2826 2882 2952 2937 talia
2988 2880 3169 2936 facere
3207 2895 3376 2934 ausus
3410 2894 3471 2934 es
3505 2897 3518 2933 :

1941 2989 2065 3028 eum
2104 2975 2354 3030 extranei
2394 2974 2622 3031 servitio
2665 2989 2761 3030 eos
2814 2974 3221 3043 mancipabant,
3262 2970 3419 3043 147
3465 2980 3523 3026 tu

1941 3080 2005 3120 ex
2033 3064 2265 3119 adverso
2294 3066 2624 3121 constiteras
2644 3105 2659 3129 ,
2690 3064 2743 3119 id
2774 3070 2859 3120 est
2888 3072 2940 3119 te
2971 3064 3025 3118 in
3066 3062 3307 3118 hostium
3342 3067 3523 3133 partes

1941 3159 2284 3227 conjeceras.
2319 3157 2523 3226 Utique
2548 3157 2869 3228 alienigena:
2892 3165 3120 3211 cunctas
3152 3156 3336 3219 urbes,
3362 3164 3525 3225 atque

1941 3251 1996 3304 in
2040 3249 2124 3304 his
2173 3249 2581 3321 Hierosolyma,
2631 3257 3070 3318 occupaverunt;
3126 3244 3523 3314 manubiasque

1944 3342 2192 3397 sortibus
2214 3342 2559 3407 diviserunt;
2594 3349 2649 3394 tu
2680 3354 2809 3395 vero
2839 3339 2970 3393 talia
3002 3339 3320 3393 audentium
3354 3336 3525 3409 parti-

1941 3446 2070 3503 ceps
2095 3446 2238 3488 eras.

320 3699 474 3771 Στίχ.
510 3699 693 3771 ιβ’-ιδ’.
722 3729 795 3739 —
825 3718 844 3751 α
886 3700 994 3753 Καὶ
1023 3699 1098 3772 μὴ
1133 3699 1321 3772 ἐπίδῃς
1362 3701 1578 3772 ⁴ἡμέραν
1608 3697 1837 3771 ἀδελφοῦ

2015 3702 2182 3759 Vens.
2240 3700 2426 3757 l2-l4.
2459 3731 2531 3741 —
2565 3718 2583 3751 ι
2620 3698 2808 3769 Neque
2867 3697 3141 3767 despicias
3201 3695 3390 3751 fratris
3443 3696 3522 3751 tui

256 3808 347 3844 σου
379 3793 440 3845 ἐν
466 3792 656 3862 ἡμέρᾳ
699 3791 1012 3862 ἀλλοτρίων*
1071 3804 1151 3862 (ρ.
1179 3792 1311 3862 9'25)
1348 3794 1442 3845 καὶ
1478 3791 1552 3863 μὴ
1586 3794 1837 3865 ἐπίχαιρε

1946 3799 2111 3863 diem,
2167 3796 2221 3851 in
2256 3793 2344 3850 die
2384 3793 2856 3863 alienigenarum;
2890 3804 3071 3859 neque
3111 3788 3309 3844 laeteris
3354 3803 3524 3859 super

254 3882 347 3933 ἐπὶ
368 3883 498 3944 τοὺς
530 3881 682 3943 υἰοὺς
719 3881 889 3934 Ἰούδα
917 3882 975 3936 ὲν
1004 3882 1185 3953 ἡμέρᾳ
1213 3880 1486 3942 ἀπωλείας
1516 3880 1715 3935 αὐτῶνθ
1747 3883 1841 3936 καὶ

1946 3890 2093 3946 ludat
2160 3887 2289 3943 filiis
2326 3887 2379 3940 in
2415 3886 2504 3940 die
2543 3884 2697 3939 ferali
2725 3897 2937 3950 eorum;
2970 3897 3148 3951 neque
3169 3880 3406 3950 superbe
3442 3880 3522 3935 lo-

258 3974 332 4045 μὴ
384 3973 952 4047 μγαλορῤημονήσῃς
1012 3974 1070 4025 ἐν
1128 3973 1313 4044 ἡμέρᾳ
1359 3971 1589 4042 θλίψεως
1638 3972 1840 4026 αὐτῶνο

1946 3981 2133 4053 quaris
2164 3979 2218 4035 in
2248 3978 2337 4033 die
2370 3975 2703 4030 calamitatis
2726 3988 2953 4039 eorum;
2989 3988 3168 4044 neque
3197 3970 3530 4044 ingrediaris

258 4067 393 4136 μηδὲ
415 4066 667 4139 εἰσέλθῃς
694 4069 771 4130 εἰς
806 4065 978 4127 πύλας
997 4064 1139 4118 λαῶν
1160 4066 1217 4118 ἐν
1237 4064 1419 4136 ἡμέρᾳ
1443 4064 1619 4118 πόνων
1639 4067 1838 4119 αὐτῶν

1948 4080 2136 4144 portas
2176 4071 2503 4143 populorum
2536 4067 2592 4121 in
2623 4066 2713 4121 die
2752 4065 2927 4121 cladis
2965 4080 3188 4132 eorum;
3226 4079 3403 4134 neque
3438 4060 3530 4117 de.

256 4160 349 4212 zz".
385 4160 462 4231 μὴ
491 4160 686 4232 ἐπίδῃς
731 4159 826 4212 καὶ
854 4159 918 4211 σὺ
950 4158 1043 4211 ἐπὶ
1084 4157 1183 4231 τὴν
1214 4156 1534 4227 συναγωγὴν
1569 4157 1748 4210 αὐτῶν
1782 4159 1840 4211 ἐν

1946 4164 2150 4235 spicias
2194 4160 2679 4233 congregationem
2722 4174 2915 4215 eorum
2956 4159 3013 4213 in
3053 4156 3141 4212 die
3190 4172 3301 4226 quo
3338 4154 3526 4209 interi-

253 4251 441 4323 ἡμέρᾳ
461 4249 687 4322 ὀλέθρου
718 4249 917 4310 αὐτῶν,
962 4247 1097 4319 μηδέ
1151 4246 1411 4319 συνεπιθῇ
1444 4247 1537 4299 ἐπὶ
1565 4246 1660 4318 τὴν
1682 4246 1839 4301 δύνα-

257 4360 348 4412 μιν
374 4341 559 4394 αὐτῶν
586 4341 643 4392 ἐν
664 4339 846 4412 ἡμέρᾳ
870 4338 1143 4403 ἀπωλείας
1170 4336 1347 4391 αὐτῶν
1372 4355 1385 4369 ’
1425 4338 1560 4410 μηδέ
1610 4339 1839 4411 ἐπιστῇς

1947 4257 2121 4323 bunt;
2162 4269 2341 4323 neque
2378 4252 2657 4308 inveharis
2696 4251 2752 4305 in
2794 4252 3093 4322 potentiam
3123 4264 3311 4304 eorum
3343 4248 3399 4302 in
3433 4246 3524 4302 die

1944 4364 2054 4421 quo
2087 4348 2377 4420 peribunt;
2414 4362 2592 4417 neque
2620 4347 2841 4402 steteris
2872 4348 2924 4400 in
2953 4345 3191 4401 exitibus
3219 4358 3431 4406 eorum,
3465 4348 3526 4396 ut

253 4436 347 4487 ἐπὶ
386 4434 488 4497 τὰς
526 4431 808 4495 διεκϐολὰς
849 4431 1029 4485 αὐτῶν
1062 4430 1437 4503 ὲξολοθρεῦσαι
1468 4430 1593 4495 τοὺς
1630 4432 1841 4485 ἀνασω-

1946 4439 2241 4496 evadentes
2270 4437 2500 4507 perdas;
2534 4451 2708 4507 neque
2737 4434 2919 4505 fugam
2950 4449 3138 4489 eorum
3174 4431 3442 4503 impedias
3468 4430 3525 4485 in

253 4526 516 4595 ζομένους
540 4524 601 4589 ἐξ
624 4523 823 4584 αὐτῶν.
854 4522 987 4595 μηδέ
1037 4521 1362 4594 συγκλείσῃς
1388 4521 1517 4585 τοὺς
1542 4521 1841 4592 φεύγοντας

255 4618 435 4671 αὐτῶν
473 4619 534 4670 ἐν
572 4616 758 4688 ἡμέρᾳ
790 4614 1041 4685 θλίψεως.
1086 4632 1105 4667 ι
1153 4614 1227 4668 Τὸ
1275 4632 1294 4665 ‹
1334 4613 1409 4685 μὴ
1440 4613 1628 4687 ἐπίδῃς
1662 4632 1680 4665 ι
1720 4613 1842 4666 ἀντί

252 4710 371 4774 τοῦ,
400 4711 519 4765 Ἰνα
551 4710 625 4780 μὴ
661 4707 932 4779 ἐφησθῇς,
964 4707 1112 4777 λέγει
1132 4724 1145 4738 ·
1180 4706 1297 4760 Ἵνα
1330 4706 1406 4778 μὴ
1439 4704 1633 4769 ταῦτα,
1666 4707 1831 4777 φησί,

253 4806 436 4873 ποιῇς
458 4799 768 4865 ἀκολούθως
792 4799 903 4872 γάρ
922 4802 1031 4863 τοῖς
1055 4799 1346 4871 ἀνωτέροις
1373 4799 1545 4852 εἰπεῖν
1572 4797 1837 4868 βούλεται,

254 4897 337 4949 ὅτι
387 4894 562 4966 ’Υπὲρ
598 4892 802 4947 τούτων
832 4889 1023 4955 δώσεις
1049 4891 1223 4961 δίκην,
1251 4892 1346 4944 καὶ
1374 4890 1472 4962 τὴν
1496 4890 1841 4961 μηνυομένην

254 4988 552 5058 ἑπομενεῖς
567 4983 838 5056 τιμωρίαν
857 5000 870 5012 ·
904 4982 1092 5054 ἐπειδὴ
1114 4982 1406 5054 ἐπέχαιρες
1426 4983 1547 5044 ταῖς
1564 4979 1660 5034 τοῦ
1686 4980 1841 5034 ἀδελ-

256 5079 359 5147 φοῦ
396 5080 726 5150 συμφοραῖςθ
758 5075 881 5130 καθ’
914 5075 972 5129 δν
1000 5075 1196 5127 ἐκεῖνοι
1234 5072 1423 5144 καιρὸν
1458 5072 1558 5144 τὴν
1596 5072 1702 5125 ὑπὸ
1732 5071 1841 5126 τῶν

253 5171 556 5240 ἀλλοτρίων
588 5168 859 5240 ὑπέμενον
899 5166 1192 5221 ἀπώλειαν·
1228 5165 1324 5219 καὶ
1356 5166 1413 5218 ἐν
1444 5165 1708 5234 ἀνάγκαις
1740 5165 1839 5219 αύ-

252 5264 365 5315 τῶν
400 5261 799 5332 ἐξεταζομένων
825 5260 1094 5330 ἐφθέγγου
1199 5277 1364 5331 ματα,
1381 5253 1468 5313 οἷα
1494 5258 1641 5321 εἰκὸς
1662 5258 1753 5311 ἐπὶ
1772 5258 1838 5330 τῇ

250 5354 444 5407 αὐτῶν
472 5354 733 5425 ἡδόμενος
780 5352 1047 5424 ἀπωλείαο
1108 5353 1168 5406 τὸ
1206 5351 1314 5425 γὰρ
1363 5371 1382 5404 ι
1427 5352 1842 5423 μεγαλορρημο-

252 5450 435 5518 νήσῃς
466 5465 485 5498 ι
516 5444 676 5499 τοῦτο
707 5444 877 5513 λέγει·
909 5444 1004 5498 καί
1026 5444 1087 5496 ἐν
1120 5443 1386 5512 ἀνάγκαις
1414 5442 1583 5496 ὄντων
1616 5442 1841 5495 ἐκείνων

254 5536 469 5607 eis-135:;
504 5538 598 5589 καὶ
622 5536 785 5599 αὐτὸς
823 5535 904 5599 εἰς
932 5535 1029 5606 τὴν
1052 5536 1203 5589 πόλιν
1230 5533 1367 5606 μετὰ
1391 5534 1499 5588 τῶν
1526 5534 1750 5599 λοιπῶν,
1773 5534 1842 5587 τὰ

256 5630 587 5699 ἐνδεχόμενα
626 5629 774 5682 κακὰ
821 5628 1088 5699 διαθήσω-ι
1132 5627 1347 5691 αὐτούς·
1381 5626 1483 5681 κᾶν
1523 5626 1577 5679 εἴ
1613 5644 1756 5690 τινες
1784 5626 1842 5680 δὲ

260 5720 442 5778 αὑτῶν
464 5721 744 5790 διαφυγεῖν
774 5736 888 5782 πως
918 5719 1195 5788 ἠδύναντο,
1231 5718 1330 5791 τὴν
1367 5718 1639 5789 σωτηρίαν
1667 5717 1840 5790 τούτῳ

1945 4529 2035 4584 die
2067 4527 2387 4583 calamitosa
2412 4542 2624 4582 eorum.
2664 4545 2683 4577 ι
2719 4523 2954 4580 Verbum
2987 4544 3004 4576 ι
3040 4523 3312 4594 despicias
3345 4542 3364 4575 ι
3403 4537 3528 4592 pro,

1946 4620 2025 4676 Ne
2060 4617 2372 4685 delecteris,
2403 4623 2656 4688 usurpat,
2710 4616 2764 4671 id
2803 4623 2924 4673 est:
2967 4614 3112 4672 Cave
3154 4615 3284 4670 talia
3331 4612 3523 4668 facias.

1949 4710 2343 4782 Superioribus
2370 4710 2515 4766 enim
2549 4724 2863 4765 consonans
2891 4708 3075 4772 dictis,
3106 4702 3383 4780 significat
3407 4705 3527 4760 fore

1947 4812 2008 4859 ut
2060 4819 2252 4874 pwnas
2300 4819 2399 4874 pro
2452 4803 2539 4857 his
2594 4801 2878 4856 maleficiis
2926 4799 3047 4859 des.
3099 4800 3527 4871 praedictamque

1946 4894 2480 4950 animadversionem
2511 4892 2778 4963 perferas,
2803 4892 2930 4961 quia
2956 4891 3171 4945 laetatus
3194 4906 3254 4945 es
3288 4887 3522 4941 fratrum

1946 4995 2167 5042 tuorum
2202 4984 2451 5041 adversis
2481 4984 2729 5051 casibus,
2764 4998 2875 5053 quo
2907 4990 3151 5053 tempore
3175 4979 3229 5034 hi
3261 4980 3329 5034 ab
3357 4978 3527 5034 hosti-

1945 5080 2050 5136 bus
2099 5079 2461 5133 vastabantur
2505 5096 2519 5133 :
2570 5076 2811 5148 dumque
2858 5073 3128 5146 angustiis
3169 5078 3520 5133 vexarentur.

1944 5172 2111 5228 verba
2150 5170 2459 5238 ell‘utiebas,
2504 5185 2627 5240 quae
2661 5171 2841 5226 solent
2881 5169 2918 5223 ii
2973 5168 3066 5237 qui
3122 5166 3304 5220 alieno
3353 5165 3523 5221 exitio

1947 5264 2203 5334 gaudent.
2265 5262 2379 5318 lloc
2432 5262 2578 5317 enim
2622 5259 2897 5332 significat
2947 5276 2966 5309 ι
3004 5257 3242 5328 superbe
3292 5257 3460 5329 loqui.
3499 5275 3517 5309 ι

1947 5354 2124 5423 Atque
2156 5354 2210 5408 in
2246 5368 2437 5409 eorum
2484 5352 2763 5423 pressuris
2799 5359 2856 5404 tu
2890 5348 3080 5403 urbem
3112 5362 3246 5405 cum
3273 5349 3521 5406 hostibus

1949 5444 2369 5515 ingrediebaris,
2402 5454 2461 5498 ut
2492 5443 2722 5498 fratrum
2755 5441 2967 5496 cladem
3002 5456 3253 5512 augeres.
3285 5438 3441 5506 Quod
3473 5440 3519 5497 si

1948 5536 2040 5606 qui
2087 5536 2227 5591 forte
2258 5536 2399 5589 viam
2434 5534 2574 5603 fuga:
2609 5534 3086 5599 nanciscerentur,
3115 5535 3170 5587 in
3211 5547 3319 5601 qua
3359 5533 3521 5586 unice

1948 5640 2098 5697 spem
2138 5625 2331 5679 salutis
2372 5625 2740 5692 collocabant,
2787 5626 2886 5682 hos
2927 5634 2985 5681 tu
3035 5642 3253 5698 quoque
3293 5625 3521 5696 perdere

1946 5716 2235 5787 satagebas
2263 5732 2276 5783 ;
2304 5717 2527 5789 capiens
2563 5717 2821 5773 nimirum
2869 5718 3155 5791 profugos,
3195 5730 3259 5771 ac
3289 5715 3491 5787 punicn
