3976 6226
444 281 552 339 515
1590 276 1944 335 ἸἮΕωΟΒΙ
1982 277 2041 334 ιτ

2147 277 2470 335 S‘UESTENI
3593 282 3706 342 δίϐ

450 400 597 453 tibus
625 397 869 456 tradens.
902 396 1013 454 Hoc
1036 400 1184 456 enim
1208 400 1500 473 signiﬁcat,
1532 419 1551 453 ι
1578 399 1764 473 Neque
1794 401 2016 458 steteris

2147 401 2438 474 οορίξεσθαι
2487 397 2928 474 προσδοκῶντες,
2990 398 3083 452 καὶ
3130 394 3352 462 τούτους
3409 395 3707 451 ἀπολλύειν

451 491 506 544 in
550 491 791 546 exitibus
824 506 1036 556 eorum,
1072 501 1128 547 ut
1158 493 1450 548 evadentes
1481 493 1695 562 perdas.
1727 508 1904 563 neque
1926 494 2015 547 fu-

2149 492 2441 557 σπούδαξες
2465 532 2482 557 ,
2513 489 3019 563 συλλαμϐανόμενός
3060 504 3121 541 τε
3150 488 3277 551 τοὺς
3305 484 3609 556 φεύγοντας
3642 488 3706 553 ἐξ

449 596 570 648 gini
610 596 798 635 eorum
849 582 1114 651 impedias
1152 583 1205 637 in
1247 582 1336 637 die
1382 583 1708 636 calamitatis
1735 597 1943 637 eorum.
1991 599 2009 633 ι

2147 580 2294 633 ,ὺτῶν
2320 582 2411 633 καὶ
2441 580 2771 651 παραδιδοὺς
2813 577 3076 649 τιμωρίᾳ·
3120 576 3278 629 τοῦτο
3308 574 3418 647 γὰρ
3447 575 3595 644 λέγει
3614 581 3700 640 τὸ.

450 674 629 739 Atque
685 670 879 725 horum
926 671 1197 727 dictorum
1257 671 1532 741 generalis
1578 670 1852 725 sententia
1901 669 2016 723 huc

2188 670 2277 741 Μὴ
2310 672 2535 742 ἐπιστῇς
2562 671 2654 725 ἐπὶ
2674 671 2773 734 τάς
2801 668 3084 731 διεκϐολὰς
3105 666 3284 722 αὐτῶν
3317 665 3702 738 ἐξολοθρεῦσαι

450 766 554 823 est,
586 760 712 829 quia
752 761 982 815 fratrum
1027 770 1245 816 tuorum
1279 760 1644 817 lsraelitarum
1673 760 1842 815 exitio
1865 760 2018 814 leta-

2148 762 2240 824 οὺς
2264 762 2707 831 ἀνασωζομένους
2735 760 2794 827 ἐξ
2820 759 3105 830 αὑτῶν,(ρ.
3129 758 3257 828 εει)
3288 757 3421 829 μηδὲ
3445 757 3702 827 συγκλείο

454 861 541 906 tus
578 868 672 917 es;
723 854 852 923 quia
897 856 1176 924 suppetias
1229 854 1480 909 hostibus
1530 862 1722 907 contra
1765 854 1889 908 illos
1932 862 2017 906 tuo

2147 866 2221 924 rn;
2272 853 2397 917 τοὺς
2423 852 2723 923 φεύγοντας
2768 850 2949 906 αὐτῶν
2978 852 3036 904 ὲν
3072 849 3258 922 ἡμέρᾳ
3296 849 3546 918 θλίψεως·
3576 866 3596 900 ι
3634 848 3704 901 δι’

458 942 603 1004 listi,
643 944 910 1013 malisque
955 945 1269 1001 eorumdem
1310 945 1532 1015 gavisus
1581 959 1679 1010 es;
1716 950 1878 1012 atque
1920 955 2018 996 eos

2147 943 2255 996 ιλων
2281 942 2599 1015 βουλόμενος
2630 945 2821 1009 είπεῖν,
2851 945 2932 998 ὅτι
2981 942 3149 1014 Ὑπὲρ
3183 936 3259 996 ὧν
3289 940 3463 1012 ἧσθης
3513 943 3611 996 ἐπὶ
3632 945 3706 1013 τῇ

458 1046 556 1100 pro
590 1031 852 1089 facultate
882 1046 972 1090 tua
1007 1036 1345 1091 detrimentis
1384 1036 1610 1091 effecisti
1636 1053 1650 1101 ;
1681 1034 1889 1090 idcirco
1920 1047 2017 1102 pa-

2147 1032 2228 1091 ῑῶν
2274 1034 2620 1106 Ἰσραηλιτῶν
2653 1035 2898 1107 ἀπωλείᾳ
2924 1033 3166 1104 ἀδελφῶν
3221 1033 3390 1087 ὄντων
3433 1032 3563 1098 σῶν,
3609 1034 3710 1087 καὶ

460 1131 635 1177 ratum
677 1126 772 1179 tibi
802 1129 915 1181 lues
938 1128 1285 1195 supplicium.
1316 1127 1497 1193 Quare
1524 1126 1675 1181 addit
1701 1144 1715 1179 :

2147 1125 2199 1196 Βὴ
2231 1127 2329 1180 καὶ
2357 1130 2467 1190 τοῖς
2495 1128 2772 1197 πολεμίοις
2820 1123 3163 1198 συνέπραξας
3198 1126 3319 1177 κατ’
3353 1123 3563 1187 αὐτῶν,
3609 1125 3709 1177 καὶ

463 1210 636 1285 ῆσθης
671 1215 763 1267 ἐπὶ
806 1215 919 1276 τοῖς
961 1213 1140 1266 αὐτῶν
1190 1216 1413 1279 κακοῖς,
1464 1214 1741 1284 διαφόροις
1784 1228 1841 1264 τε
1877 1210 2074 1274 αὐτοὺς
2116 1214 2210 1266 καὶ
2256 1216 2415 1279 αὐτὸς
2458 1217 2600 1270 κατά
2648 1217 2749 1285 τὴν
2794 1217 3001 1270 οἰκείαν
3041 1214 3270 1286 δύναμιν
3302 1214 3709 1286 περιϐέϐληκας

463 1309 575 1369 τοῖς
614 1307 800 1367 κακοῖς
819 1344 832 1366 ,
867 1304 1006 1373 ὑπὲρ
1037 1303 1240 1357 τούτων
1270 1304 1333 1375 δὴ
1360 1305 1455 1374 τὴν
1500 1304 1797 1376 μέλλουσαν
1826 1303 2113 1370 ὑπομενεῖς
2141 1305 2428 1377 τιμωρίαν.
2461 1307 2622 1360 Ὅθεν
2647 1308 2873 1375 ἐπάγει·

536 1398 696 1469 148
725 1397 890 1452 Vens.
939 1398 1117 1453 lii-l7.
1151 1428 1218 1438 —
1245 1416 1264 1450 ι
1300 1398 1438 1464 Quia
1469 1414 1637 1469 prope
1668 1406 1750 1453 est
1778 1397 1895 1452 dies
1925 1394 2028 1448 Do.

2197 1399 2344 1470 Στίχ.
2378 1399 2555 1465 ιε’-ιζ’.
2584 1431 2654 1441 —
2703 1418 2723 1452 ι
2759 1400 2902 1454 Διότι
2926 1400 3094 1468 ἐγγὺς
3131 1398 3315 1471 ήμέρα
3358 1398 3566 1469 Κυρίου
3610 1399 3710 1453 ἐπὶ

462 1491 593 1543 mini
624 1505 786 1558 super
814 1506 1004 1544 omnes
1034 1499 1241 1560 gentes.
1275 1490 1406 1556 Quae
1439 1490 1565 1543 aliis
1597 1489 1801 1552 fecisti,
1834 1486 2022 1543 eadem

2147 1490 2300 1544 πάντα
2323 1491 2391 1545 τά
2422 1491 2569 1561 ἔθνη·
2601 1492 2660 1546 ὃν
2681 1493 2881 1562 τρόπον
2909 1491 3194 1563 ἐποίησας,
3220 1488 3366 1543 οὓτω
3402 1488 3557 1543 ἔσται
3588 1506 3697 1545 σοι·

465 1581 561 1634 tibi
622 1578 789 1643 ﬁent;
859 1581 1145 1636 rctributio
1209 1588 1299 1634 tua
1357 1580 1687 1635 retribuetur
1754 1579 1809 1633 in
1862 1582 2027 1647 caput

2147 1582 2184 1635 τὸ
2204 1582 2549 1654 ἀνταπόδομά
2582 1600 2673 1636 σου
2703 1581 3194 1653 ἀνταποδοθήσεται
3225 1597 3308 1634 σοι
3348 1581 3430 1644 είς
3462 1581 3713 1652 κεφαλήν

462 1684 640 1728 tuum.
680 1691 697 1724 ι
733 1672 904 1727 Adest
935 1674 1078 1726 enim
1113 1680 1327 1741 tempus
1360 1688 1469 1742 quo
1512 1672 1655 1728 Deus
1691 1672 1879 1742 puniet
1916 1685 2029 1724 om-

2126 1691 2240 1727 σου.
2280 1693 2298 1725 ι
2340 1676 2501 1728 Ἥκει
2540 1675 2647 1747 γὰρ
2680 1678 2708 1729 ό
2740 1676 2930 1746 καιρὸς
2962 1673 3086 1728 καθ’
3127 1673 3187 1727 ὃν
3218 1673 3464 1737 ἅπαντας
3494 1673 3596 1743 μὲν
3623 1690 3713 1727 τι-

464 1779 565 1818 ncs
623 1763 715 1833 qui
783 1761 1079 1832 aliquando
1139 1762 1398 1818 lsraelitis
1447 1765 1588 1818 male
1641 1762 1908 1818 fecerunt.
1963 1758 2028 1812 Et

2147 1767 2444 1837 ιωρήσεται
2470 1768 2595 1830 τοὺς
2641 1768 2924 1838 ὁτιδήποτε
2975 1765 3329 1836 πεπραχότας
3353 1765 3435 1828 είς
3463 1765 3670 1829 αὐτοὺς
3694 1806 3709 1829 ,

465 1853 681 1923 quidem
717 1852 809 1905 tibi
859 1866 970 1920 prae
1001 1852 1214 1906 caeteris
1252 1867 1467 1921 gravem
1508 1853 1749 1922 imponet
1788 1868 2025 1923 pmnam,

467 1957 764 2013 paremque
795 1942 1072 1996 maleﬁciis
1101 1956 1221 2011 quae
1259 1943 1311 1995 in
1361 1943 1556 1997 fratres
1589 1953 1713 1998 tuos
1750 1944 2030 1998 commisi-

468 2033 561 2087 sti.
616 2050 633 2082 ι
665 2030 806 2098 Quia
857 2030 1315 2102 quemadmodum
1361 2033 1543 2087 bibisti
1586 2049 1747 2103 super
1792 2044 2032 2089 montem

470 2131 721 2178 sanctum
765 2138 968 2190 meum,
1008 2123 1089 2179 sic
1136 2124 1320 2179 bibent
1350 2139 1542 2179 onmes
1586 2126 1768 2196 populi
1801 2128 2029 2180 vinum:

471 2213 655 2267 bibent
686 2220 739 2267 et
768 2213 1101 2280 ascendent;
1130 2222 1398 2284 eruntque
1429 2216 1575 2271 sicut
1615 2231 1723 2271 non
1764 2218 2035 2273 exsisten-

470 2311 573 2358 tes.
608 2322 626 2355 ι
659 2301 793 2357 Nam
830 2311 883 2358 et
919 2306 1034 2375 ipse
1062 2313 1346 2377 propterea
1382 2307 1526 2379 quod
1569 2317 1759 2362 contra
1795 2317 2033 2364 montem

473 2409 651 2449 meum
688 2395 1008 2467 incolasque
1052 2397 1170 2464 ejus
1205 2398 1452 2455 invectus
1494 2414 1574 2466 es,
1621 2400 1892 2469 supplicio
1928 2416 2035 2455 non

471 2486 706 2546 carebis.
741 2489 841 2554 Qui
877 2492 1161 2543 sententiae
1205 2497 1311 2544 tua:
1342 2489 1717 2561 factorumque
1746 2492 2038 2562 participes

474 2575 697 2645 fuerint,
742 2578 901 2633 iidem
936 2594 1111 2649 pinna:
1149 2595 1367 2651 quoque
1397 2582 1535 2636 socii
1583 2590 1765 2647 erunt,
1796 2582 2039 2638 interne-

474 2669 597 2722 civo
638 2671 821 2725 traditi
855 2672 1042 2728 exitio.
1094 2672 1166 2725 ita
1199 2680 1257 2725 ut
1306 2672 1375 2727 ab
1415 2672 1481 2727 iis
1516 2687 1625 2727 non
1655 2672 1907 2728 differant
1945 2674 2038 2745 qui

476 2759 612 2814 nulli
663 2770 811 2816 sunt.
864 2760 998 2815 Nam
1052 2764 1215 2816 verba
1267 2780 1286 2813 ι
1321 2762 1504 2816 bibisti
1539 2783 1558 2816 ι
1606 2772 1662 2819 et
1713 2782 1732 2816 ι
1769 2764 1976 2831 bibent,
2015 2784 2035 2818 ι

474 2848 1005 2903 animadversionem
1042 2850 1350 2920 signiﬁcant
1396 2851 1449 2906 in
1482 2852 1768 2908 ldumteam
1796 2855 2041 2924 aliosque

478 2937 661 2992 hostes
699 2941 1145 3008 expromendam.
1174 2941 1374 3008 Veluti,
1407 2961 1427 2994 ι
1462 2943 1615 2998 Calix
1646 2945 1699 2999 in
1746 2961 1909 2999 manu
1938 2944 2043 3000 Do-

476 3024 609 3079 mini
655 3026 847 3094 plenus
900 3029 1081 3082 misto.
1121 3030 1183 3082 Et
1225 3031 1508 3086 inclinavit
1547 3048 1612 3087 ex
1663 3034 1765 3089 hoc
1804 3035 1859 3088 in
1904 3034 2039 3103 hoc;

2134 1856 2366 1924 μάλιστα
2390 1855 2448 1910 δὲ
2471 1856 2685 1910 πάντων
2714 1855 2938 1927 βαρεῖαν
2966 1854 3157 1920 ἐπάξει
3179 1871 3261 1907 σοι
3288 1852 3384 1923 τὴν
3405 1853 3709 1923 τιμωρίαν,

2133 1948 2390 2015 ἀνάλογόν
2430 1964 2510 2001 σοι
2550 1948 2647 2018 τὴν
2688 1944 2973 2018 συμφορὰν
3017 1945 3239 2013 ἐπάγων
3285 1937 3367 2006 οἷς
3400 1943 3716 2013 πεποίηκας

2133 2039 2251 2093 κατ’
2280 2040 2479 2094 αὐτῶν.
2517 2058 2535 2090 ι
2571 2039 2788 2093 Διότιδν
2818 2039 3019 2110 τρόπον
3052 2036 3207 2100 ἔπιες
3232 2036 3326 2090 ἐπὶ
3360 2036 3423 2089 τὸ
3442 2035 3570 2106 ὅρος
3606 2052 3714 2105 μου

2131 2130 2192 2184 τὸ
2222 2130 2404 2198 ἀγιον,
2440 2130 2652 2184 πίονται
2686 2131 2866 2184 πάντα
2904 2129 2972 2183 τά
3000 2128 3129 2200 έθνη
3162 2124 3325 2182 οἶνον·
3365 2128 3584 2181 πίονται
3617 2129 3718 2180 δαὶ

2133 2222 2512 2293 ἀναϐήσονται,
2547 2224 2641 2276 καὶ
2679 2222 2891 2277 ἔσονται
2922 2220 3106 2284 καθὼς
3137 2221 3237 2291 οὐχ
3285 2220 3649 2291 ὑπάρχοντες.
3690 2237 3710 2272 ι

2135 2314 2305 2377 Αὐτός
2333 2331 2392 2367 τε
2428 2314 2535 2386 γάρ
2567 2314 2708 2385 ὑπὲρ
2736 2305 2814 2368 ὧν
2845 2314 2925 2372 είς
2957 2312 3017 2366 τὸ
3044 2311 3170 2383 δρος
3194 2312 3255 2365 τὸ
3294 2310 3425 2382 ἐμὸν
3455 2312 3585 2374 τοὺς
3631 2310 3717 2364 oi-

2137 2406 2368 2468 κοῦντας
2412 2407 2471 2458 ἐν
2504 2403 2652 2475 αὐτῷ
2690 2404 2917 2458 τοιαῦτα
2959 2402 3332 2474 τετόλμηκας,
3366 2402 3577 2466 δέδεξαι
3602 2400 3717 2471 ,τὴν

2137 2497 2425 2570 τιμωρίαν·
2449 2499 2499 2551 οἱ
2529 2496 2954 2567 κοινωνήσαντές
2978 2496 3039 2549 τέ
3077 2512 3159 2549 σοι
3197 2497 3294 2565 τῆς
3320 2494 3549 2565 γνώμης
3580 2494 3717 2548 ταύ-

2137 2606 2237 2658 της
2274 2587 2505 2643 καὶτῶν
2553 2588 2826 2660 πράξεων,
2876 2588 2951 2651 ὼς
2999 2587 3146 2650 είκδς
3191 2586 3585 2656 κοινωνήσουσι
3620 2584 3721 2655 τῆς

2137 2680 2428 2751 τιμωρίας,
2456 2680 2709 2734 παντελεῖ
2740 2678 3034 2750 ληφθέντες
3063 2677 3331 2749 ἀπωλείᾳ,
3364 2676 3441 2748 (p.
3480 2675 3612 2747 225)
3643 2675 3721 2739 ὼς

2143 2771 2307 2841 μηδὲν
2339 2770 2654 2825 ἀπεοικέναι
2698 2770 2802 2824 τῶν
2832 2770 3084 2837 καθάπαξ
3133 2770 3236 2823 οὐκ
3275 2770 3468 2823 ὄντων·
3516 2766 3581 2821 τὸ
3617 2767 3719 2837 μὲν

2141 2862 2250 2932 γὰρ
2269 2881 2288 2913 ι
2319 2861 2470 2926 ἔπιες
2508 2880 2527 2914 ι
2550 2863 2642 2916 καὶ
2668 2880 2686 2915 ι
2716 2862 2951 2928 πίονται,
2979 2880 2997 2912 ι
3030 2860 3130 2932 τὴν
3158 2858 3589 2932 τιμωρίανδηλοῖ
3615 2857 3718 2927 τὴν

2141 2952 2325 3015 αὐτοῖς
2364 2969 2426 3004 τε
2464 2952 2916 3024 ἐπαχθησομένην
2950 2951 3043 3005 καὶ
3085 2953 3198 3013 τοῖς
3236 2950 3441 3013 λοιποῖς
3465 2963 3479 2976 ·
3522 2948 3601 3012 ὥς
3632 2950 3714 3011 τὸ,

2157 3056 2176 3090 ι
2217 3037 2481 3112 Ποτήριον
2523 3040 2581 3095 ἐν
2627 3038 2773 3112 χειρὶ
2830 3039 3057 3111 Κυρίου,
3072 3040 3217 3093 οῐνου
3232 3039 3493 3111 ἀκράτου,
3508 3037 3718 3108 πλῆρες

478 3126 850 3174 verumtamen
892 3119 991 3174 faex
1038 3122 1157 3189 ejus
1207 3139 1312 3178 non
1360 3135 1443 3179 est
1486 3127 1761 3181 exinanita
1808 3128 2041 3184 :bibent

2147 3134 2506 3205 κεράσματος·
2541 3134 2636 3185 καὶ
2658 3132 2865 3186 ἔκλινεν
2895 3134 2959 3186 ἐκ
2985 3131 3174 3186 τούτου
3205 3133 3285 3195 είς
3306 3129 3490 3186 τοῦτο·
3522 3131 3665 3201 πλὴν
3689 3132 3718 3183 6

476 3220 670 3262 omnes
704 3221 1018 3277 peccatores
1054 3224 1210 3268 terra:
1232 3213 1294 3268 ⁸⁸,
1330 3234 1347 3267 ι
1381 3214 1643 3271 Memorat
1675 3227 1853 3272 autem
1890 3235 2043 3274 mon-

478 3308 585 3354 tem
635 3308 885 3355 sanctum
942 3319 1127 3365 suum,
1190 3306 1513 3375 signiﬁcans
1558 3309 1673 3365 fore
1718 3317 1775 3364 ut
1824 3320 2044 3382 propter

478 3389 712 3444 crimina
770 3392 1035 3449 adversus
1083 3412 1206 3449 eum
1262 3407 1501 3452 montem
1564 3400 1883 3471 incolasque
1925 3402 2045 3472 ejus

480 3488 711 3549 patrata.
766 3497 939 3551 pinna:
978 3484 1201 3539 obnoxii
1249 3488 1378 3541 ﬁant
1407 3487 1623 3545 ldumzni
1652 3510 1665 3545 :
1698 3500 1751 3546 et
1785 3492 1877 3562 qui
1921 3508 2042 3546 cum

478 3586 668 3626 eorum
717 3573 961 3628 consiliis
1020 3575 1290 3646 rebusque
1343 3581 1512 3648 gestis
1571 3583 2043 3652 conspiraverunt,

481 3660 642 3715 iidem
676 3661 743 3716 ad
765 3663 1021 3733 supplicii
1056 3667 1373 3722 societatem
1405 3680 1689 3735 vocentur,
1719 3673 2047 3743 capitalique

480 3752 715 3808 vindicta
760 3757 1075 3824 puniantur.
1118 3779 1136 3810 ι
1168 3759 1223 3814 In
1279 3760 1410 3816 Sion
1444 3773 1623 3819 autem
1675 3773 1857 3821 monte
1897 3768 2047 3824 salus

480 3845 585 3899 erit
608 3854 659 3900 et
695 3848 978 3914 sanctitas,
1010 3861 1063 3905 et
1099 3853 1398 3920 possidebit
1426 3852 1597 3910 Jacob
1625 3857 1717 3925 qui
1762 3872 1820 3912 se
1855 3874 2047 3927 posse-

482 3935 693 3990 derant.
736 3954 755 3988 ι
810 3935 979 3994 Vobis
1030 3942 1212 4010 itaque
1250 3944 1525 4014 sociisque
1558 3947 1912 4002 consiliorum
1959 3964 2049 4004 ve-

484 4031 723 4077 strorum
773 4024 886 4080 tunc
945 4029 1211 4083 accident.
1258 4030 1557 4087 Incolumes
1612 4044 1789 4087 autem
1851 4045 2046 4100 erunt,

484 4120 647 4182 atque
691 4114 837 4167 omni
884 4114 1212 4172 adversitate
1266 4120 1531 4174 carebunt
1573 4122 1626 4175 in
1677 4132 1859 4181 monte
1918 4125 2049 4181 Sion

484 4204 576 4271 qui
605 4212 764 4257 antea
807 4203 962 4259 bellis
999 4210 1434 4275 appetebantur:
1467 4220 1629 4280 atque
1665 4213 1738 4267 ita
1771 4231 1927 4270 mons
1959 4218 2049 4272 ille

487 4301 708 4364 propter
735 4294 929 4349 horum
958 4297 1307 4351 securitatem
1344 4309 1568 4355 sanctus
1597 4303 1871 4357 videbitur
1898 4323 1910 4357 :
1940 4307 2048 4361 imo

485 4400 615 4439 vero
649 4388 861 4442 cunctis
897 4388 1345 4454 dominabuntur,
1385 4391 1500 4461 qui-
1524 4408 1583 4447 se
1631 4403 1790 4448 antea
1828 4395 2045 4451 device-

486 4485 631 4537 rant,
680 4473 850 4530 Jacob
895 4477 1128 4547 posteri;
1179 4478 1379 4548 quibus
1428 4479 1685 4535 nimirum
1729 4498 1827 4538 vos
1874 4501 2048 4556 nuper

486 4563 762 4633 vestrique
796 4567 928 4620 socii
962 4567 1175 4622 molesti
1205 4568 1373 4626 armis
1404 4568 1609 4627 fuistis.

561 4656 721 4711 Vens.
763 4658 951 4713 18-2l.
984 4688 1054 4698 —
1080 4678 1098 4711 ι
1140 4660 1205 4713 Et
1228 4662 1331 4715 erit
1380 4662 1575 4719 domus
1609 4662 1779 4721 Iacob
1808 4664 1972 4735 ignis,
1997 4674 2052 4721 et

484 4747 679 4803 domus
724 4745 923 4819 Ioseph
966 4749 1217 4810 flamma:
1272 4763 1324 4809 et
1374 4754 1568 4810 domus
1614 4754 1755 4810 Esau
1802 4756 2046 4826 stipula:

490 4836 649 4910 149
678 4847 732 4895 et
778 4842 1178 4897 succendentur
1220 4844 1274 4897 in
1320 4845 1421 4907 eis.
1461 4847 1839 4915 vorabuntque
1874 4863 1989 4903 eos.
2026 4867 2045 4900 ι

487 4927 602 4995 Sic,
636 4930 833 5001 inquit,
871 4932 1135 4988 ldumaaos
1162 4950 1352 4990 omnes
1390 4938 1727 5006 superabunt
1765 4937 2047 5005 Israelita,

488 5028 546 5074 ut
576 5020 753 5077 instar
792 5022 936 5093 ignis
966 5025 1221 5094 stipulam
1257 5026 1615 5096 absurncntis,
1657 5028 1875 5083 eosdem
1923 5030 2047 5085 belli

484 5112 537 5166 vi
571 5112 800 5169 deleturi
830 5114 963 5170 sint.
1017 5132 1037 5168 ι
1074 5114 1136 5169 Et
1182 5130 1287 5169 non
1328 5117 1431 5171 erit
1470 5117 1774 5188 flammiger
1819 5119 1872 5173 in
1905 5119 2048 5174 Esau

484 5203 665 5269 domo,
696 5207 821 5275 quia
848 5206 1112 5262 Dominus
1133 5208 1347 5262 locutus
1376 5215 1481 5264 est.
1520 5228 1537 5258 ι
1573 5209 1841 5275 Quoniam
1871 5211 2048 5280 ignem

486 5294 623 5347 dixit
643 5294 893 5353 lsraelem
925 5298 1068 5354 Esau
1105 5297 1239 5361 fore,
1285 5298 1450 5353 veluti
1481 5299 1522 5353 si
1558 5316 1748 5356 omnes
1776 5305 1897 5372 ejus
1919 5318 2049 5371 Opes

488 5383 628 5437 bello
657 5393 802 5440 esset
832 5398 1280 5460 consumpturus,
1312 5388 1515 5443 idcirco
1545 5406 1654 5445 non
1686 5391 1809 5457 erit,
1851 5394 2047 5462 inquit,

486 5468 786 5544 ﬁunmiger
830 5474 886 5528 in
941 5474 1081 5531 Esau
1108 5478 1312 5535 domo:
1349 5477 1402 5534 id
1448 5486 1531 5534 est
1570 5478 1771 5535 nemini
1815 5478 2050 5535 ldummo

565 5689 609 5722 "
648 5687 980 5755 l'saluxxtv.
1024 5692 1073 5747 9.

2142 3226 2367 3298 τρυγίας
2384 3225 2546 3279 αὐτοῦ
2560 3224 2660 3278 οὐκ
2675 3223 2993 3293 ἐξεκενώθη·
3021 3221 3227 3276 πίονται
3255 3220 3454 3284 πάντες
3474 3222 3523 3274 oi
3539 3222 3719 3291 ἀμαρο

2142 3316 2301 3370 τωλοὶ
2327 3316 2425 3384 τῆς
2451 3315 2576 3384 γῆς·
2613 3334 2631 3365 ι
2661 3314 2720 3367 τὸ
2740 3315 2798 3368 δὲ
2821 3333 2839 3366 ι
2862 3314 2956 3367 ἐπὶ
2982 3314 3042 3367 τὸ
3069 3315 3192 3384 ὅρος
3215 3331 3315 3385 μου
3329 3314 3388 3367 τὸ
3400 3313 3609 3381 ἅγιον.»
3634 3314 3719 3368 ἵνα

2144 3404 2293 3475 εἴπῃ·
2333 3404 2502 3473 ’Υπὲρ
2527 3395 2600 3456 ὧν
2621 3404 2699 3465 είς
2713 3402 2774 3454 τὸ
2794 3401 2917 3468 ὅρος
2935 3402 2997 3455 τὸ
3018 3402 3149 3473 ἐμὸν
3175 3403 3255 3465 είς
3279 3420 3337 3455 τε
3352 3404 3479 3462 τοὺς
3508 3401 3720 3456 οίκοῦνο

2144 3509 2243 3556 τας
2266 3494 2322 3545 ἐν
2344 3490 2493 3561 αὐτῷ
2514 3489 2736 3545 τοιαῦτα
2758 3490 3127 3562 τετολμήκατε
3149 3531 3166 3557 ,
3190 3489 3398 3555 δέδεξαι
3422 3491 3520 3563 τὴν
3551 3509 3717 3561 τιμω-

2148 3584 2286 3655 ρίαν·
2325 3586 2373 3637 οἰ
2418 3580 2843 3653 κοινωνήσαντές
2879 3580 2943 3634 τέ
2976 3598 3058 3634 σοι
3096 3582 3195 3651 τῆς
3238 3580 3465 3653 γνώμης
3508 3582 3718 3653 ταύτης

2146 3672 2239 3726 καὶ
2263 3668 2371 3724 τῶν
2399 3669 2677 3741 πράξεων,
2706 3670 2782 3730 ὼς
2811 3667 2956 3732 είκὸς
2986 3669 3370 3737 κοινωνήσουσι
3407 3669 3505 3738 τῆς
3544 3686 3717 3738 τιμωο

2150 3759 2305 3831 ρίας,
2352 3756 2604 3811 παντελεῖ
2643 3754 2937 3824 ληφθέντες
2980 3754 3247 3827 ἀπωλείᾳ.
3304 3772 3321 3806 ι
3399 3755 3486 3808 Ἐν
3539 3755 3597 3809 δὲ
3643 3756 3723 3825 τῷ

2146 3845 2262 3917 δρει
2307 3844 2441 3898 Σιὼν
2495 3843 2642 3896 ἐσται
2690 3841 3007 3912 ήσωτηρία,
3057 3841 3150 3894 καὶ
3197 3840 3351 3894 ἔσται
3395 3842 3573 3910 ἅγιον,
3625 3843 3724 3896 καὶ

2148 3936 2777 4006 κατακληρονομήσουσιν
2827 3933 2855 3985 ὁ
2900 3929 3046 3997 οῐκος
3100 3932 3293 3986 Ἰακὼϐ
3331 3932 3460 3997 τοὺς
3517 3932 3720 4004 κληρο-

2148 4031 2480 4099 νομήσοντας
2537 4024 2752 4087 αὐτούς.
2792 4042 2809 4076 ι
2869 4025 3005 4094 Περὶ
3055 4024 3155 4094 μὲν
3200 4018 3293 4077 οὖν
3336 4024 3477 4093 ὑμᾶς
3518 4040 3581 4075 τε
3629 4023 3725 4077 καὶ

2147 4119 2271 4180 τοὺς
2303 4115 2763 4186 κεκοινωνηκότας
2805 4116 2933 4184 ὑμῖν
2980 4114 3079 4184 τῆς
3120 4114 3367 4185 γνώμης,
3415 4114 3591 4167 ταῦτα
3628 4130 3725 4182 γε-

2148 4209 2388 4277 νήσεται·
2449 4202 2913 4273 περισωθήσονται
2980 4202 3036 4255 δὲ
3093 4203 3187 4255 καὶ
3247 4201 3428 4271 πάσης
3473 4202 3731 4271 ἀνάγκης

2150 4295 2253 4363 ἔξω
2280 4293 2598 4362 γενήσονται
2631 4292 2688 4344 ὲν
2716 4289 2793 4360 τῷ
2827 4290 2940 4361 ὄρει
2966 4290 3044 4361 τῷ
3086 4289 3225 4344 Σιὼν
3260 4291 3526 4362 πρότερον
3556 4290 3727 4342 πολε-

2155 4385 2433 4457 μηθέντες·
2462 4382 2601 4437 ὥστε
2628 4380 2795 4445 ὅντως
2829 4381 2960 4435 αὐτὸ
2988 4381 3078 4435 διὰ
3112 4381 3211 4451 τῆς
3231 4382 3435 4436 τούτων
3466 4382 3727 4454 βοηθείας

2153 4476 2303 4545 ἅγιον
2330 4473 2582 4544 φανῆναι·
2617 4473 2739 4526 ἐπεὶ
2766 4473 2859 4525 καὶ
2886 4472 3087 4536 πάντας
3109 4475 3236 4536 τοὺς
3256 4474 3518 4545 πρότερον
3542 4474 3725 4527 αὐτῶν

2149 4565 2556 4637 κεκρατηκότας
2607 4564 2948 4634 ὑποχειρίους
2984 4563 3197 4631 ἕξουσιν
3236 4564 3283 4619 οί
3330 4564 3590 4633 ἀπόγονοι
3623 4564 3731 4617 τοῦ

2162 4658 2375 4720 Ἰακὼϐ,
2399 4656 2491 4720 οὓς
2508 4657 2821 4727 ἐπολεμεῖτε
2845 4655 2995 4708 ἔνθεν
3015 4656 3175 4725 ὑμεῖς
3202 4654 3341 4725 μετά
3363 4656 3471 4709 τῶν
3494 4655 3722 4709 λοιπῶν.

2218 4749 2364 4819 Στίχ.
2402 4756 2608 4820 ιη’-κα’.
2636 4782 2704 4791 --
2742 4768 2760 4801 ι
2794 4749 2903 4801 Καὶ
2936 4748 3090 4802 ἔσται
3115 4749 3143 4800 ό
3170 4743 3318 4810 οἶκος
3357 4747 3552 4802 Ἰακὼϐ
3586 4747 3722 4819 πῦρ,

2148 4841 2241 4894 καὶ
2263 4842 2290 4893 ὁ
2319 4836 2465 4903 οἶκος
2510 4839 2705 4908 Ἰωσὴφ
2740 4837 2891 4906 φλὸξ,
2915 4839 2942 4890 ὁ
2968 4837 3024 4890 δέ
3050 4832 3197 4899 οἶκος
3236 4835 3407 4890 Ἦσαῦ
3443 4838 3521 4899 είς
3544 4836 3720 4890 καλάρ

2155 4949 2280 5004 μην·
2313 4931 2407 4984 καὶ
2435 4929 2865 4997 ἐκκαυθήσονται
2903 4929 2981 4989 είς
3003 4927 3220 4990 αὐτοὺς,
3251 4928 3345 4980 καὶ
3378 4927 3718 4996 καταφάγον-

2149 5040 2239 5076 ται
2269 5021 2484 5085 αὐτούς.
2518 5040 2536 5071 ι
2581 5020 2656 5090 (p.
2688 5018 2812 5089 29.6)
2843 5018 2997 5071 Οὕτω
3029 5017 3137 5089 γὰρ
3167 5020 3526 5089 κρατήσουσιν
3549 5019 3725 5073 άπάνο

2150 5133 2256 5170 των
2280 5116 2328 5168 οί
2363 5114 2689 5185 Ἰσραηλῖται
2712 5111 2818 5165 τῶν
2853 5109 3180 5181 Ἰδουμαίων.
3206 5109 3346 5163 ὥστε
3367 5110 3520 5179 δίκην
3548 5112 3728 5182 πυρὸς

2152 5205 2403 5276 καλάμην
2430 5203 2809 5265 ἀναλίσκοντος
2854 5200 3100 5262 ἅπαντας
3131 5201 3329 5263 αὐτοὺς
3354 5201 3613 5269 ἀφανίσαι
3644 5202 3731 5271 τῷ

2154 5297 2345 5368 κράτει
2378 5296 2469 5349 τοῦ
2505 5294 2760 5365 πολέμου.
2812 5313 2830 5344 ι
2881 5293 2991 5345 Καὶ
3020 5292 3120 5345 οὐκ
3146 5290 3299 5345 ἔσται
3331 5292 3606 5363 πυρφόρος
3647 5294 3730 5364 τῷ

2153 5387 2288 5456 οἴκῳ
2338 5384 2535 5450 Ἠσαῦ,
2565 5385 2647 5437 ὅτι
2682 5383 2886 5453 Κύριος
2932 5381 3219 5453 ἐλάλησεν.
3274 5400 3294 5433 ι
3347 5379 3565 5449 Ἐπειδὴ
3609 5382 3732 5454 πῦρ

2154 5479 2256 5550 ἐφη
2282 5478 2375 5532 τὸν
2412 5477 2627 5550 Ἰσραὴλ
2656 5476 2871 5531 ἔσεσθαι
2910 5473 2987 5546 τῷ
3027 5473 3220 5542 Ἡσαῦ,
3258 5474 3389 5531 ὡσεὶ
3417 5475 3625 5539 πάντας
3660 5477 3731 5530 ἂν
