3966 6222
184 252 289 308 317

1350 257 1895 315 COMMENTARIUS
1926 260 1991 315 IN
2020 259 2262 317 JONAM.

3339 263 3444 323 5l8

186 371 385 433 αὸτοίδς
426 368 737 424 ἀναλίσκειν
768 370 1030 441 μέλλοντα
1070 371 1148 443 τῷ
1182 373 1435 445 πολέμῳ,
1473 374 1562 428 διὰ
1605 374 1764 430 τοῦτο

1869 378 2050 433 licebit
2080 379 2222 433 male
2249 378 2430 432 facere
2454 376 2721 433 lsraelltis
2745 396 2761 446 ;
2790 377 2887 434 sed
2915 377 2991 433 illi
3022 378 3244 449 quidem
3265 382 3333 437 ab
3360 385 3441 441 his

184 460 281 511 οὐκ
308 460 467 513 ἔσται
495 460 793 530 πυρφόρος,
827 462 978 530 φησὶ,
1001 461 1080 531 τῷ
1106 464 1239 533 οῐκῳ
1282 465 1472 519 Ἠσαῦ·
1506 466 1625 520 ἀντὶ
1648 466 1765 531 τοῦ,

186 550 378 614 οὐθείς
414 550 568 605 ἔσται
596 552 654 605 ἐν
686 552 869 615 αὐτοῖς
894 553 951 625 ὃς
980 554 1241 608 διαθεῖναί
1266 572 1317 608 τι
1336 555 1622 628 δυνήσεται
1643 559 1769 622 τοὺς

197 642 542 711 Ἰσραηλίτας
587 643 777 695 κακόν’
812 643 947 696 ἀλλά
985 644 1262 700 πείσονται
1299 648 1395 717 μὲν
1422 650 1551 720 παρ’
1590 649 1768 703 αὐτῶν

184 730 244 783 οὗ
277 734 347 784 τὰ
376 734 630 801 τυχόντα·
662 731 868 801 ἀμύναι
894 733 950 787 δὲ
980 735 1209 802 ἑαυτοῖς,
1243 737 1276 808 ἢ
1304 737 1526 808 ποιῆσαί
1551 756 1603 792 τι
1633 741 1768 809 πρὸς

187 822 393 894 βλάϐην
432 824 677 888 ἐκείνων,
726 824 786 877 οὑ
825 825 1141 895 δυνήσονται
1171 828 1424 893 καθάπαξ
1448 830 1616 885 οὐδέν’
1643 831 1679 885 ἃ
1704 831 1767 902 δὴ

184 915 365 967 πάντα
397 916 689 984 γενήσεται
723 917 961 981 πάντως,
996 919 1181 989 ἐπειδὴ
1217 918 1348 984 Θεός
1374 923 1520 974 ἐστιν
1556 924 1584 975 6
1629 924 1767 977 ἀπο-

186 1005 501 1074 φηνάμενος
526 1007 797 1073 γενέσθαι’
824 1009 917 1059 καὶ
944 1009 1240 1081 ἐπειδήπερ
1265 1012 1321 1064 ἐν
1340 1015 1451 1076 τοῖς
1475 1013 1767 1084 ἀνωτέροις

185 1095 287 1166 ἔφη
332 1097 420 1149 ὅτι
464 1097 1102 1170 κατακληρονομήσουσιν
1144 1104 1173 1154 6
1208 1099 1355 1167 οἶκος
1406 1103 1601 1158 Ἰακὼϐ
1640 1107 1769 1171 τοὺς

184 1187 844 1258 κατακληρονομὴσοντας
874 1191 1089 1257 αὐτοὺς,
1124 1192 1457 1265 πλατύτερον
1482 1195 1613 1249 αὐτὸ
1644 1196 1767 1266 βου-

182 1278 417 1348 λόμενος
440 1281 635 1342 είπείν,
664 1281 808 1350 λέγει
839 1284 919 1336 ὅτι
941 1285 987 1337 οί
1018 1284 1116 1356 μὲν
1140 1287 1197 1339 ἐν
1218 1286 1405 1356 Ναγὲδ
1440 1288 1767 1359 Ἰσραηλῖται

181 1370 799 1440 κατακληρονομήσουσι
850 1374 976 1437 τοὺς
1022 1376 1396 1446 προσήκοντας
1440 1378 1638 1441 τόπους
1689 1378 1768 1450 τῷ

193 1459 391 1511 Ἡσαῦ·
415 1462 465 1512 οί
497 1463 555 1513 ἐν
580 1461 855 1532 Σιφηλᾷδὲ
880 1465 1003 1527 τοὺς
1028 1464 1135 1517 τῶν
1158 1465 1487 1535 ἀλλοφύλωνο
1506 1468 1765 1538 κομιοῦν-

180 1566 273 1602 ται
306 1551 367 1603 δὶ
402 1554 497 1605 καί
530 1552 624 1622 τὴν
656 1554 863 1607 οἶκείαν
904 1554 1087 1625 χώραν
1123 1555 1198 1620 ὼς
1229 1558 1374 1621 είκός
1397 1577 1411 1589 ·
1446 1558 1494 1612 οί
1538 1560 1636 1630 μὲν
1670 1558 1764 1613 τοῦ

195 1641 447 1711 Ἑτρραῖμ
478 1643 537 1695 τὸ
567 1643 672 1712 τῆς
701 1645 1013 1716 Σαμαρείας
1056 1646 1233 1701 πεδίον
1255 1666 1270 1679 °
1317 1648 1414 1720 τὴν
1446 1636 1765 1704 Γαλααδῖτιν

181 1735 239 1787 δέ
282 1737 311 1788 6
342 1735 626 1806 Βενιαμίνο
666 1736 767 1807 τῆς
799 1754 859 1790 τε
914 1739 1189 1808 μετοικίας
1226 1739 1401 1793 αὐτῶν
1442 1741 1541 1810 τῆς
1572 1742 1663 1794 ἐπὶ
1698 1742 1766 1797 τὰ

182 1829 381 1887 οίκεῖα,
415 1828 556 1897 ἁρχὴ
587 1828 685 1896 μὲν
706 1829 887 1892 αὐτοῖς
906 1831 1190 1899 γενήσεται
1217 1832 1249 1902 ἡ
1276 1831 1569 1902 Σαρεφθῶν
1590 1832 1763 1904 χώραο

182 1918 335 1979 τέλος
365 1916 423 1969 δὲ
465 1919 497 1987 ἡ
550 1918 814 1988 Ἔφραθά·
849 1919 1093 1989 βούλεται
1134 1920 1190 1973 δέ
1229 1922 1403 1973 εἰπεῖν
1430 1922 1511 1975 ὅτι
1555 1924 1765 1987 πάντας

182 2008 293 2060 τῶν
319 2008 647 2062 Χαναναίων
674 2011 800 2072 τοὺς
830 2012 886 2063 ἐν
919 2012 1066 2083 μέσῳ
1095 2013 1380 2077 καθέξουσι
1404 2013 1623 2078 τόπους,
1647 2013 1768 2067 οὖσ-

184 2097 292 2165 ὀτερ
321 2091 417 2148 οὖν
448 2097 543 2149 καὶ
581 2097 846 2169 πρότερον
874 2098 1037 2169 είχον·
1063 2100 1139 2170 (p.
1165 2101 1290 2171 227)
1311 2101 1453 2155 οὕτω
1475 2102 1531 2156 δὲ
1556 2103 1768 2169 καὶτὰς

189 2186 247 2236 ὲν
282 2184 478 2252 Ναγὲϐ
505 2184 688 2248 πόλεις
721 2186 928 2239 ἑαυτῶν
958 2188 1299 2253 ὑποδέξονται
1331 2191 1547 2254 ἁπάσας
1588 2191 1765 2245 ᾶπαν-

184 2292 296 2339 τες,
330 2277 615 2346 συντόμως
641 2280 833 2343 εἰπεῖν,
858 2280 908 2332 οἱ
937 2280 1015 2351 τῷ
1044 2280 1182 2334 Σιὼν
1213 2281 1329 2353 ὄρει
1363 2284 1730 2353 προσήκοντες
1749 2325 1765 2351 ,

186 2370 276 2421 καὶ
300 2369 403 2440 τὴν
424 2370 612 2423 αὐτόθι
645 2371 721 2443 τῷ
749 2372 868 2443 Θεῷ
897 2375 1274 2446 προσήκουσαν
1296 2375 1590 2447 θρησκείαν
1621 2380 1768 2432 ἐκτε-

185 2457 426 2524 λοῦντες·
486 2462 635 2514 αὐτοί
680 2480 740 2515 τε
786 2465 967 2534 πάσης
1008 2464 1283 2530 τεύξονται
1324 2470 1616 2539 σωτηρίας·
1671 2471 1767 2525 καὶ

189 2551 456 2623 μεγίστην
494 2553 615 2607 τινὰ
643 2556 757 2617 τοῖς
782 2554 878 2607 τοῦ
920 2555 1088 2608 Ἡσαῦ
1115 2556 1213 2627 τὴν
1238 2558 1507 2629 τιμωρίαν
1534 2559 1768 2624 ἐπάξου-

188 2660 289 2709 σιν,
341 2644 460 2699 ἀνθ’
492 2640 567 2699 ὧν
608 2646 939 2700 πεπόνθασιν
978 2648 1108 2720 παρ’
1129 2650 1330 2703 αὐτῶνθ
1366 2644 1448 2713 οἷς
1485 2652 1764 2722 ἐπήγαγεν

190 2736 391 2787 ἆπασιν
421 2738 483 2788 ἐν
508 2736 655 2806 αὐτῷ
696 2739 1051 2808 συμπερανας
1080 2739 1178 2811 τὴν
1206 2741 1565 2813 προφητείαν*
1602 2761 1622 2793 ι
1656 2743 1763 2795 Καὶ

188 2826 337 2878 ἔσται
381 2826 461 2896 τῷ
513 2828 703 2899 Κυρίῳ
738 2830 771 2899 ἡ
813 2827 1079 2898 βασιλεία.
1121 2849 1140 2882 ι
1195 2832 1312 2885 Ἵνα
1355 2831 1522 2904 είπῃ,
1556 2832 1638 2885 ὅτι
1671 2833 1760 2887 διὰ

1870 469 2130 538 quaelibet
2168 469 2565 540 perpetientur,
2595 470 2726 540 quin
2766 476 2943 526 tamen
2978 470 3211 539 injurias
3248 473 3441 531 ιιιοίεεί

1868 568 2093 627 queant,
2125 559 2207 613 vel
2239 558 2540 629 quidquam
2567 558 2633 613 ad
2664 560 2881 614 illorum
2910 562 3204 630 perniciem
3237 564 3438 619 moliri.

1870 646 1996 703 Haec
2022 650 2353 704 adamussim
2382 651 2564 703 omnia
2597 649 2761 715 ﬁent;
2789 649 2884 706 Dei
2910 651 3055 705 enim
3098 653 3322 708 oraculo
3358 654 3442 707 l'u-

1869 748 1995 794 tura
2045 740 2167 795 esse
2216 741 2496 795 dicuntur.
2548 740 2616 795 Et
2661 744 2919 811 quoniam
2966 743 3021 796 in
3065 743 3440 813 superioribus

1871 832 2028 894 dixit,
2079 831 2194 885 fore
2221 839 2280 885 ut
2326 831 2525 887 domus
2553 831 2727 887 Jacob
2776 847 2871 887 eos
2914 834 3210 902 possideat,
3246 835 3337 904 qui
3380 850 3440 890 se

1872 920 2267 992 possederant;
2297 922 2624 993 explicatius
2661 924 2774 994 jam
2811 924 2864 978 id
2904 924 3087 979 dicere
3121 925 3310 981 volens
3340 927 3434 991 ait,

1871 1012 2147 1067 Israelitas
2186 1010 2389 1082 Nagebi
2434 1013 2644 1068 incolas
2682 1014 3013 1069 haereditatis
3036 1015 3158 1083 jure
3181 1023 3436 1084 capturos

1873 1103 2152 1173 proximos
2179 1103 2323 1157 Esau
2346 1102 2528 1170 locos;
2555 1102 2787 1173 Siphelaa
2811 1104 2940 1158 item
2966 1104 3111 1159 cives
3138 1103 3431 1167 lsraelitas,

1868 1195 2147 1265 regionem
2176 1194 2602 1265 alienigenarum
2635 1203 2996 1265 occupaturos
3023 1214 3036 1249 :
3076 1206 3431 1266 praeterquam

1867 1283 2013 1354 quod
2046 1284 2277 1356 patriam
2316 1299 2535 1353 quoque
2567 1284 2867 1354 regionem,
2910 1283 2987 1336 uti
3022 1298 3119 1353 par
3158 1290 3264 1347 est,
3300 1283 3439 1338 obti-

1868 1374 2109 1439 nebunt;
2167 1386 2361 1442 nempe
2408 1371 2761 1442 Ephraimitaa
2810 1371 3070 1426 Samaria
3120 1371 3433 1441 planitiem,

1868 1464 2182 1534 Bcnjamitae
2224 1461 2640 1517 Galaaditidem.
2679 1460 2933 1518 Jamvero
2980 1463 3294 1532 postliminii
3342 1478 3433 1516 eoo

1867 1571 1987 1610 rum
2039 1554 2253 1609 initium
2298 1553 2446 1624 regio
2491 1551 2732 1623 Sarepta:
2783 1555 2909 1619 erit,
2959 1556 3083 1610 linis
3130 1553 3431 1623 prrathu.

1867 1646 2071 1714 Nempe
2127 1645 2205 1697 ait
2251 1657 2603 1712 possessuros
2651 1658 2747 1697 eos
2790 1642 3169 1698 intermediam
3219 1657 3433 1697 omnem

1866 1736 2304 1791 Chananmorum
2364 1734 2663 1804 regionem.
2705 1733 2943 1789 Cunctas
2989 1733 3117 1789 item
3179 1733 3436 1788 ﬁnitimas

1866 1828 2073 1899 Nagebl
2108 1828 2273 1883 urbes
2311 1827 2715 1896 recuperabunt
2745 1841 2938 1881 omnes
2975 1827 3050 1892 lii,
3101 1834 3160 1881 ut
3197 1839 3438 1881 summa-

1872 1922 1966 1973 tim
1999 1917 2198 1981 dicam,
2240 1919 2333 1987 qui
2384 1919 2517 1972 Sion
2567 1918 2734 1971 monti
2784 1925 2911 1973 sunt
2952 1918 3205 1988 proximi,
3253 1918 3436 1988 ibique

1875 2011 2174 2083 legitimam
2224 2010 2547 2080 persolvunt
2600 2008 2712 2065 Deo
2758 2010 3096 2081 religionem.
3153 2012 3331 2079 Atque
3378 2009 3434 2065 hi

1874 2118 2145 2160 summam
2175 2103 2406 2158 salutem
2435 2099 2637 2169 adepti,
2662 2100 2926 2155 maximas
2950 2101 3018 2155 ab
3038 2099 3178 2154 Esau
3204 2105 3435 2165 posteris

1873 2193 2199 2261 injuriarum
2233 2198 2477 2246 veterum
2516 2199 2798 2259 reposcent
2828 2204 3039 2260 pasnas.
3071 2190 3279 2256 Quibus
3321 2206 3437 2245 om-

1871 2283 2033 2338 nibus
2061 2282 2210 2337 addit
2236 2280 2537 2352 propbetize
2561 2281 2863 2335 clausulam
2894 2298 2908 2334 :
2943 2299 2961 2331 ι
2990 2280 3056 2334 Et
3075 2282 3179 2335 erit
3210 2281 3436 2336 Domino

1870 2391 2121 2447 regnum.
2155 2394 2173 2426 ι
2204 2373 2474 2428 Videlicet
2505 2382 2618 2428 tum
2654 2372 3021 2429 lsraelitarum
3052 2375 3434 2443 prosperitate,

1869 2477 1984 2524 tum
2035 2470 2327 2538 impiorum
2379 2468 2621 2523 hostium
2669 2465 2957 2537 supplicio,
3000 2463 3141 2519 Deus
3170 2479 3297 2519 vere
3340 2480 3433 2519 rex

1868 2560 2339 2631 comprobabitur,
2393 2559 2769 2628 Dominusque
2816 2567 2870 2611 et
2917 2566 3129 2611 creator
3168 2557 3435 2620 omnium,

1869 2650 1965 2721 qui
2014 2666 2111 2706 seu
2148 2664 2399 2714 suorum,
2436 2665 2531 2705 seu
2577 2648 2744 2704 etiam
2779 2646 3017 2711 illorum,
3050 2646 3144 2715 qui
3184 2645 3436 2700 videntur

1867 2744 2051 2808 alieni,
2079 2758 2177 2813 pro
2205 2758 2318 2798 suae
2342 2741 2641 2799 voluntatis
2669 2738 2918 2806 arbitrio,
2948 2739 3111 2793 vitam
3170 2737 3438 2793 fortunas-

1866 2848 1973 2904 que
2003 2840 2291 2903 temperat.

190 2921 409 2973 πάντων
437 2913 517 2973 ὧν
542 2937 602 2973 τε
627 2916 685 2974 εὖ
718 2922 1021 2993 πάσχουσιν
1057 2925 1383 2996 Ἰσραηλῖται
1410 2927 1504 2979 καὶ
1533 2920 1607 2981 ὧν
1648 2927 2001 2999 ὑπομένουσι,
2031 2928 2191 2992 δίκας
2215 2927 2452 2991 διδόντες
2494 2928 2542 2980 οί
2577 2925 3085 2998 παρανενομηκότες
3111 2925 3190 2988 είς
3217 2924 3434 2987 αὐτοὺς,

190 3015 432 3077 φανεῖται
466 3011 720 3082 βασιλεὺς
738 3015 942 3087 ἀληθὴς
962 3017 991 3068 6
1019 3015 1169 3084 Θεὸς,
1213 3020 1243 3071 6
1271 3017 1474 3091 Κύριός
1510 3036 1570 3072 τε
1608 3022 1703 3073 καὶ
1736 3022 1967 3093 ποιητὴς
1991 3020 2100 3074 τῶν
2129 3020 2407 3087 ἁπάντων,
2446 3020 2566 3073 κατ’
2603 3018 2847 3086 ἐξουσίαν
2870 3017 2906 3072 ἃ
2937 3015 3184 3089 βούλεται
3215 3014 3340 3085 περί
3374 3029 3436 3068 τι

186 3104 307 3166 τοὺς
328 3102 563 3166 οίκείους
599 3106 696 3159 καὶ
724 3108 852 3179 περὶ
878 3108 1003 3171 τοὺς
1029 3107 1339 3179 ἀλλοτρίους
1365 3105 1501 3165 εῖναι
1531 3111 1819 3176 δοκοῦντας
1848 3113 2036 3167 ποιῶν.

205 3314 3408 3354 W

887 3483 1448 3573 EPMHNEIA
1517 3485 1780 3575 ΙΩΝΑ
1855 3488 2082 3574 TOY
2131 3418 2771 3573 HPooHTor.

342 3861 1491 3982 COMMENTARIUS
1587 3863 1734 3978 IN
1829 3860 2296 3978 JONAM
2358 3854 3271 3972 PROPHETAM.

255 4272 350 4341 Εἷς
370 4277 470 4331 καὶ
502 4278 532 4331 6
554 4276 719 4339 αὐτὸς
736 4277 837 4346 τῆς
860 4294 919 4330 τε
937 4277 1178 4343 Παλαιᾶς
1207 4277 1303 4331 καὶ
1327 4277 1474 4341 Νέας
1500 4277 1766 4351 Διαθήκης

1950 4275 2111 4346 150
2144 4273 2298 4330 Unus
2329 4272 2579 4343 idemque
2605 4270 2813 4328 Veteris
2838 4284 2903 4326 ac
2930 4268 3067 4327 Novi
3090 4270 3423 4327 Testamenti

190 4370 450 4440 ὑπάρχων
474 4369 609 4432 Θεὸς
630 4371 658 4422 6
680 4369 958 4440 Δεσπότης
980 4370 1073 4423 καὶ
1101 4369 1338 4440 Ποιητής
1363 4368 1473 4423 τῶν
1490 4370 1768 4436 ἁπάντων,

188 4462 322 4531 πρὸς
351 4462 448 4513 ἕνα
478 4459 686 4514 σκοπὸν
707 4459 871 4530 όρῶν,
897 4461 965 4513 τά
989 4476 1050 4512 τε
1080 4462 1200 4514 κατ’
1216 4459 1431 4531 ἐκείνην
1455 4460 1769 4531 ᾠκονόμησε

190 4555 280 4606 καὶ
322 4552 397 4606 τὰ
432 4553 558 4607 κατ’
598 4552 791 4621 αὐτήνο
825 4550 993 4604 πάλαι
1029 4550 1128 4620 μὲν
1166 4550 1305 4621 ἔχων
1344 4550 1769 4623 βεϐουλευμένον

188 4646 315 4713 παρ’
362 4642 546 4712 ἐαυτῷ
582 4642 647 4696 τὺ
676 4641 776 4712 τὴν
814 4641 1113 4710 μέλλουσαν
1143 4641 1374 4710 ἐκφῆναι
1411 4641 1766 4706 κατάστασιν,

188 4733 261 4802 (p.
296 4733 426 4803 228)
459 4728 646 4804 ἦσπερ
676 4733 777 4802 τὴν
804 4730 978 4801 ἀρχὴν
1016 4733 1072 4784 ἐν
1102 4734 1167 4802 τῇ
1200 4731 1341 4784 κατὰ
1376 4730 1464 4783 τὸν
1497 4732 1770 4802 Δεσπότην

187 4823 421 4891 Χριστὸν
443 4821 718 4887 ἀνέδειξεν
753 4819 1054 4890 οίκονομίᾳ·
1083 4821 1379 4887 ἀναγκαῖον
1417 4820 1474 4873 δὲ
1502 4820 1729 4890 νομίσας
1750 4859 1765 4882 ,

188 4913 246 4963 ἐν
271 4911 444 4981 ταύτῃ
486 4911 652 4981 δὴ.τῇ
681 4908 931 4981 παρούσῃ
954 4909 1118 4977 λέγω,
1148 4909 1410 4980 πρότερον
1440 4910 1584 4979 ἡμᾶς
1619 4909 1769 4977 γενέ-

192 5001 339 5063 σθαι,
369 4996 472 5054 εἷθ’
505 4999 731 5070 ὕστερον
751 5003 830 5063 είς
862 4998 1076 5070 ἐκείνην
1111 5000 1439 5070 μεταστῆναι
1466 4998 1553 5053 διὰ
1574 5002 1669 5069 τῆς
1704 5001 1768 5053 ἐκ

190 5091 402 5161 νεκρῶν
448 5091 821 5154 ἀναστάσεως
876 5090 951 5153 ὡς
998 5089 1063 5143 ἂν
1093 5092 1158 5143 ἐκ
1187 5090 1540 5162 παραθέσεως
1568 5090 1768 5160 μᾶλλον

189 5184 448 5252 γνοίημεν
476 5181 585 5235 τῶν
612 5198 674 5234 τε
702 5181 1137 5252 δειχθησομένων
1160 5181 1221 5235 τὸ
1247 5181 1475 5250 μέγεθος
1520 5182 1763 5250 ἀγαθῶνο

188 5267 289 5326 εἶθ’
320 5273 394 5335 ὡς
426 5272 493 5327 ἂν
522 5272 681 5325 τοῦτο
704 5271 929 5341 γένηται
960 5272 1138 5343 δῆλον,
1162 5273 1255 5325 καὶ
1281 5272 1357 5343 μὴ
1389 5272 1573 5325 καινόν
1603 5290 1654 5325 τι
1684 5289 1768 5325 νο-

194 5363 400 5430 μίζοιτο
433 5363 661 5433 ὕστερον
711 5361 1100 5432 βεὸουλεῦσθαί
1132 5379 1192 5414 τε
1225 5362 1319 5414 καὶ
1354 5361 1765 5431 δεδοκιμακέναι

194 5451 324 5522 περὶ
350 5453 524 5522 ἡμῶν,
559 5452 650 5505 διὰ
687 5450 898 5505 πολλῶν
941 5452 1041 5523 μὲν
1068 5451 1169 5521 ήδη
1200 5451 1292 5504 καὶ⁸
1326 5450 1528 5521 ἐτέρων
1592 5450 1763 5505 ἐναπ-

191 5541 347 5594 έθετο
368 5546 474 5607 τοῖς
493 5541 807 5614 ἀνθρώποις
826 5542 920 5596 τοῦ
946 5542 1215 5596 Δεσπότου
1236 5542 1471 5613 Χριστοῦ
1496 5540 1590 5612 τὴν
1612 5560 1756 5612 παρ-

189 5632 393 5700 ονσέαν,
422 5635 559 5692 ὥστε
595 5634 805 5699 πάντας
854 5634 1135 5699 Ἰουδαίους
1170 5634 1449 5707 πόρρωθεν
1478 5634 1765 5705 ἀπεκδέχε-

1871 4365 2035 4433 Deus,
2071 4364 2334 4419 Dominus
2348 4370 2403 4418 et
2437 4372 2651 4418 creator
2685 4362 2952 4424 omnium,
2983 4376 3092 4416 uno
3139 4375 3303 4431 scopo
3326 4361 3430 4416 sibi

1872 4456 2177 4529 proposito,
2196 4454 2342 4509 illius
2375 4452 2577 4522 pariter
2594 4459 2757 4520 atque
2783 4450 2945 4519 hujus
2966 4449 3224 4518 temporis
3244 4462 3430 4503 curam

1870 4550 2040 4621 gessit
2067 4566 2082 4603 :
2118 4546 2249 4602 olim
2293 4544 2514 4616 quidem
2560 4543 2768 4599 habens
2800 4542 3016 4596 tinuum
3049 4540 3191 4611 apud
3220 4556 3278 4597 se
3304 4557 3433 4612 pro-

1871 4640 2111 4710 positum
2147 4636 2393 4692 futurum
2435 4650 2616 4690 rerum
2647 4640 2848 4689 statum
2893 4632 2961 4686 ad
2991 4634 3195 4687 exitum
3230 4634 3434 4704 perdu-

1870 4727 2065 4793 cendi;
2099 4725 2269 4794 cujus
2314 4725 2528 4778 initium
2559 4720 2761 4776 Christi
2795 4719 3009 4774 Domini
3057 4721 3433 4775 incarnatione

1872 4817 2046 4873 fecit:
2090 4816 2460 4872 necessarium
2522 4824 2701 4868 tamen
2746 4811 3049 4881 judicavit,
3108 4820 3428 4881 praesentem

1870 4916 2031 4965 antea
2074 4907 2443 4965 conditionem
2494 4920 2595 4960 nos
2638 4904 2896 4975 experiri,
2929 4913 3041 4958 tum
3081 4907 3148 4958 ad
3191 4903 3427 4957 futuram

1870 5000 2156 5056 transferri
2187 5014 2284 5069 per
2313 4996 2777 5052 resurrectionem
2803 5010 2833 5049 a
2862 4994 3114 5057 mortuis,
3150 5007 3343 5060 nempe
3370 4998 3431 5044 ut

1868 5110 1936 5150 ex
1958 5092 2369 5163 comparatione
2400 5090 2574 5158 magis
2604 5089 2765 5145 nobis
2795 5090 3159 5143 innotesceret
3196 5083 3429 5153 promis-

1869 5198 2053 5238 sorum
2087 5180 2403 5253 magnitudo
2439 5182 2726 5236 bonorum.
2774 5178 2973 5234 Deinde
3000 5191 3109 5245 quo
3148 5173 3203 5229 id
3251 5173 3434 5229 consi-

1867 5273 2000 5327 lium
2034 5273 2212 5342 palam
2257 5268 2430 5336 ﬁeret,
2468 5286 2643 5340 neque
2672 5267 2876 5338 aliquid
2911 5265 3034 5318 novi
3064 5265 3430 5335 excogitatqu

1866 5371 2054 5434 postea
2087 5363 2475 5432 decretumque
2525 5362 2820 5425 videretur,
2877 5358 3002 5413 aliis
3051 5372 3271 5433 quoque
3307 5370 3404 5426 per

1867 5454 2055 5509 multis
2085 5452 2302 5509 indiciis
2322 5451 2528 5508 Christi
2551 5450 2764 5506 Domini
2796 5450 3088 5507 adventum
3113 5448 3428 5505 hominibus

1871 5544 2251 5616 portenderat,
2306 5543 2381 5599 ita
2449 5553 2507 5599 ut
2564 5541 2736 5597 Judaei
2785 5557 2973 5598 omnes
3028 5542 3173 5598 hunc
3210 5540 3424 5609 jamdiu

1868 5640 2267 5706 exspectarent.
2307 5633 2494 5705 Neque
2544 5633 2598 5688 id
2642 5632 2825 5689 minus
2864 5650 2929 5690 ex
2977 5633 3216 5689 oraculis
3249 5632 3427 5688 Abra~
