3976 6226
530 266 634 323 519

1685 252 2040 313 TilEODOBl
2114 246 2598 309 MOPSUESTENI

3685 240 3796 297 39.0

534 382 697 435 hamo
740 379 1045 453 Davidique
1085 378 1250 436 editis
1285 373 1700 437 conﬁciebatur,
1745 371 1947 443 quibus
1977 384 2105 440 pro-

2230 365 2327 420 rem
2372 363 2595 437 ταύτηνο
2629 358 2843 425 οὐδενὸς
2885 357 2943 413 δὲ
2975 352 3140 429 ἦττον
3168 355 3232 410 ἐκ
3279 372 3340 410 τε
3367 354 3476 411 τῶν
3525 354 3669 409 κατά
3700 354 3797 409 τὸν

534 472 793 538 miserat;
840 471 918 528 illi
959 470 1204 542 quidem,
1238 467 1357 524 fore
1395 472 1457 520 ut
1490 477 1681 519 omnes
1710 468 1901 532 gentes
1941 460 1995 514 in
2028 474 2110 515 se-

537 562 684 617 mine
728 562 852 631 ejus
910 562 1404 624 benedicerentur;
1447 557 1577 611 huic
1613 565 1821 619 autem,
1878 550 1996 611 fore
2052 558 2110 605 ut

537 652 773 719 posteris
833 654 954 722 ejus
1020 658 1341 723 perpetuum
1402 661 1632 718 regnum
1691 644 2107 698 attribueretur.

539 741 671 808 Quae
712 744 900 814 itaque
952 743 1253 798 secundum
1289 739 1475 811 populi
1527 735 1994 793 existimationem
2038 733 2117 787 si-

541 833 872 902 gniﬁcabant
923 834 1099 897 illum,
1146 831 1306 900 cujus
1348 843 1516 884 causa
1561 827 1644 882 ha:
1692 839 1779 880 res
1822 820 2115 880 eﬂiciendte

542 933 722 990 erant,
770 939 833 979 ea
883 939 1077 994 reapse
1119 922 1174 977 in
1228 921 1432 976 Christi
1476 916 1689 974 Domini
1740 915 2117 969 incarnatione

543 1021 825 1083 comperta
853 1021 980 1067 sunt
1018 1013 1224 1067 exitum
1250 1010 1452 1065 habere
1478 1026 1493 1062 :
1531 1006 1585 1061 in
1616 1021 1725 1075 quo
1751 1004 1916 1059 etiam
1944 1002 2116 1075 genti-

545 1105 649 1160 bus
688 1119 815 1160 vere
862 1103 1091 1173 contigit
1126 1101 1399 1161 benedici.
1454 1108 1509 1154 et
1560 1103 1883 1168 perpetuum
1926 1095 2118 1149 incon-

545 1208 881 1263 cussumque
915 1193 1133 1262 generis
1171 1205 1397 1261 regnum
1446 1188 1585 1244 ﬁeri.
1624 1187 1918 1258 Propterea
1953 1186 2114 1240 etiam

547 1283 643 1339 Dei
677 1285 1014 1354 providentia
1046 1284 1193 1338 circa
1218 1281 1476 1353 populum
1509 1279 1678 1335 multa
1705 1277 1831 1342 fuit,
1858 1277 2116 1347 quoniam

547 1390 737 1430 omnes
773 1373 1199 1443 promissionum
1241 1372 1513 1427 dictarum
1555 1384 1850 1434 memores,
1896 1376 2120 1438 exopta-

547 1474 663 1520 tum
721 1465 924 1522 Christi
988 1465 1206 1521 Domini
1278 1462 1738 1534 praestolabantur
1804 1458 2117 1514 adventum.

546 1557 727 1627 Atque
760 1557 874 1611 hinc
915 1571 1083 1613 causa
1126 1554 1248 1619 fuit,
1286 1570 1386 1608 cur
1418 1553 1653 1625 plurima
1699 1553 1754 1606 in
1782 1549 1977 1608 Vetere
2013 1552 2121 1607 Te—

2222 456 2470 529 Ἀὅραάμ
2506 456 2600 510 καὶ
2634 454 2727 508 τὸν
2771 450 2934 506 Δαυῒδ
2967 449 3254 522 εἴργασται
3294 446 3474 513 τοῦτο,
3515 445 3660 517 πρὸς
3698 443 3798 510 οὓς

2210 547 2535 617 ἐπαγγελίας
2567 545 2881 615 ἐποιήσατο,
2919 542 3009 596 τὸν
3040 541 3159 612 μὲν,
3190 541 3272 594 δτι
3354 536 3794 609 ἐνευλογηθήσεο

2211 657 2301 694 ται
2329 642 2387 693 ὲν
2415 638 2490 710 τῷ
2520 637 2793 709 σπέρματι
2819 632 2985 688 αὐτοῦ
3011 633 3189 686 πάντα
3207 631 3276 685 τά
3304 629 3451 701 ἔθνη’
3487 629 3581 683 τὸν
3604 629 3684 692 δὲ,
3708 629 3791 682 ὅτι

2212 730 2435 802 διηνεκῆ
2468 726 2697 800 παρέξει
2722 729 2833 790 τοίς
2862 725 2921 791 ἐξ
2966 721 3131 778 αὐτοῦ
3168 722 3268 794 τὴν
3300 719 3601 792 βασιλείαν·
3645 720 3790 792 άπερ

2212 814 2306 873 οὖν
2338 817 2417 890 τῷ
2452 816 2550 889 μὲν
2583 818 2758 870 δοκεῖν
2807 815 2897 870 τὸν
2940 813 3067 867 λαὸν
3115 813 3317 882 ἐμήνυε
3356 809 3447 863 τὸν
3500 810 3587 879 ἐφ’
3625 803 3797 881 οὗπερ

2213 906 2390 961 ταῦτα
2433 904 2771 978 πληροῦσθαι
2817 902 3071 975 ἤμελλενο
3123 902 3158 972 ή
3208 899 3263 953 δὲ
3303 898 3411 952 τῶν
3450 899 3796 970 πραγμάτων

2218 998 2442 1070 ἀλήθεια
2468 998 2563 1051 ἐπὶ
2589 995 2697 1051 τῶν
2726 993 2868 1048 κατά
2904 994 2994 1047 τδν
3020 992 3296 1062 Δεσπότην
3319 990 3557 1063 Χριστὸν
3587 993 3797 1044 οἰκονο-

2218 1091 2501 1164 μηθέντων
2541 1088 2813 1143 ἐδείκνυτο
2855 1084 3097 1139 λαϐοῦσα
3137 1084 3199 1137 τὸ
3248 1083 3442 1154 πέρας,
3486 1083 3569 1150 ἐφ’
3619 1074 3796 1153 οὗπερ

2218 1185 2313 1239 καὶ
2355 1183 2417 1236 τὸ
2446 1179 2864 1250 ὲνευλογηθῆναι
2907 1177 2977 1231 τὰ
3004 1176 3130 1248 ἔθνη
3160 1176 3382 1245 γέγονεν
3414 1174 3633 1246 ἀληθῶς
3653 1215 3671 1240 ,
3702 1177 3803 1228 καὶ

2218 1274 2437 1345 διηνεκῆ
2462 1272 2518 1327 δὲ
2555 1272 2647 1325 καὶ
2668 1270 2964 1325 ἀσάλευτον
2988 1263 3127 1322 εἶναι
3155 1268 3232 1339 τῷ
3263 1267 3543 1338 σπέρματι
3570 1265 3673 1337 τὴν
3714 1266 3805 1337 βα-

2223 1367 2447 1422 σιλείαν·
2489 1365 2577 1418 διά
2611 1364 2667 1417 δὲ
2690 1362 2845 1417 τοῦτο
2884 1363 2980 1415 καὶ
3015 1362 3049 1432 ἡ
3081 1360 3210 1432 περὶ
3234 1359 3324 1413 τδν
3357 1359 3486 1413 λαὸν
3513 1358 3806 1430 ἐπιμέλεια

2220 1461 2313 1513 τοῦ
2345 1457 2478 1512 Θεοῦ
2514 1456 2681 1527 πολλή
2711 1472 2794 1518 τις
2819 1454 3061 1523 γέγονεν,
3093 1454 3169 1524 (p.
3202 1452 3330 1522 229)
3378 1450 3564 1522 ἐπειδὴ
3607 1450 3812 1515 πάντες

2222 1551 2315 1603 ἐπὶ
2340 1552 2460 1613 ταῖς
2491 1546 2843 1617 ἐπαγγελίαις
2878 1544 3272 1615 φυλαττόμενοι
3298 1546 3420 1607 ταῖς
3462 1543 3812 1615 εἰρημέναις,

548 1656 822 1703 stamento
848 1649 990 1704 Deus
1022 1646 1327 1704 secundum
1354 1644 1625 1715 ejusmodi
1652 1643 2122 1700 administraverit

2230 1645 2326 1716 τὴν
2356 1640 2810 1714 προσδοκωμένην
2833 1637 3137 1711 παρουσίαν
3180 1637 3441 1708 ἀνέμενον
3476 1635 3572 1689 τοῦ
3601 1636 3786 1689 Aea-1:6

550 1741 817 1795 rationem
865 1759 880 1795 ;
925 1740 999 1794 ita
1056 1747 1116 1794 ut
1162 1746 1316 1807 gesta
1370 1738 1465 1793 illa
1523 1744 1637 1791 tum
1692 1736 1812 1807 ejus
1867 1737 2125 1806 temporis

2230 1710 2322 1789 του
2370 1710 2810 1804 Χριστοῦίάλλά
2850 1730 2960 1802 γάρ
3009 1728 3214 1799 ταύτης
3252 1728 3439 1782 ἕνεκεν
3487 1729 3590 1799 τῆς
3628 1727 3815 1792 αἰτίας

555 1828 1052 1897 151|iominibus
1101 1830 1394 1883 maximam
1443 1830 1751 1898 praeberent
1806 1827 2120 1891 utilitatem,

551 1929 668 1975 tum
731 1923 895 1975 etiam
950 1921 1404 1992 signiﬁcationem
1458 1919 1724 1976 baberent
1762 1917 2122 1990 gerendarum

550 2020 737 2082 postea
786 2029 969 2067 rerum
1014 2032 1028 2069 :
1080 2020 1437 2084 praeterquam
1485 2012 1633 2083 quod
1674 2011 1997 2068 excellentia
2048 2011 2124 2065 si-

554 2103 666 2155 mul
715 2117 876 2172 quam
921 2102 1157 2172 plurima
1200 2100 1335 2157 Novi
1384 2117 1496 2172 prae
1543 2100 1739 2156 Vetere
1775 2100 2123 2156 Testamento

553 2192 866 2261 apparitura
898 2201 1036 2247 erat.
1082 2191 1432 2262 Compertum
1477 2199 1563 2247 est
1604 2191 1773 2262 igitur
1806 2192 1910 2247 boc
1939 2190 2121 2257 modo,

555 2289 742 2337 vetera
775 2298 897 2337 esse
920 2291 1108 2353 typum
1140 2282 1432 2353 quemdam
1457 2282 1842 2353 posteriorum,
1874 2297 1983 2338 non
2005 2282 2126 2337 sine

554 2372 736 2443 aliqua
784 2373 1100 2429 earumdem
1142 2373 1469 2439 imitatione,
1515 2379 1728 2429 etcum
1762 2373 1963 2430 idoneo
2002 2374 2122 2430 suis

553 2463 897 2533 temporibus
941 2479 1044 2520 usu
1078 2483 1092 2519 :
1122 2464 1220 2521 sed
1262 2472 1446 2521 tamen
1481 2480 1541 2520 re
1580 2465 1698 2536 ipsa
1741 2464 2124 2520 demonstran-

554 2553 653 2620 tia,
678 2562 1015 2627 quantopere
1044 2555 1137 2610 illa
1165 2556 1530 2626 praesentibus
1562 2556 1776 2612 minora
1805 2555 2032 2613 fuerint.

626 2837 769 2894 Deus
798 2838 966 2909 igitur
990 2853 1054 2894 ex
1083 2838 1316 2911 Egypto
1351 2838 1601 2896 lsraelem
1632 2839 1842 2906 eduxit,
1874 2841 2131 2914 omnique

558 2930 651 2985 illa
675 2931 867 2986 acerba
894 2931 1161 2987 servitute
1183 2933 1487 3002 expedivit;
1511 2934 1766 3002 editaque
1785 2935 1991 3006 ingenti
2017 2938 2132 3005 pri-

558 3023 955 3090 mogenitorum
987 3022 1167 3089 caede,
1213 3023 1341 3078 hinc
1371 3039 1486 3079 rem
1514 3025 1870 3082 lsraeliticam
1911 3026 2134 3096 integrae

559 3111 721 3165 saluti
758 3113 1028 3168 restituit:
1066 3128 1207 3183 quos
1241 3115 1474 3184 populos
1516 3115 1783 3169 miraculo
1827 3116 1992 3172 etiam
2022 3118 2137 3173 dis-

558 3203 903 3267 criminavit,
944 3204 1072 3259 dum
1109 3204 1393 3270 Hebraeos,
1444 3205 1581 3261 nihil
1631 3207 1807 3262 simile
1856 3206 2137 3280 Egyptiis

561 3298 672 3364 pati
704 3296 908 3350 voluit:
943 3296 996 3351 id
1030 3297 1176 3367 quod
1207 3297 1411 3352 accidit
1442 3297 1512 3353 ob
1545 3299 1764 3356 cruoris
1797 3300 1853 3356 in
1889 3302 2140 3371 postibus

558 3388 951 3456 aSpersionem.
1005 3386 1163 3454 Haec,
1216 3389 1469 3460 inquam,
1513 3391 1746 3446 multum
1790 3393 1913 3459 ejus
1960 3396 2138 3451 :etatis

560 3480 822 3535 lsraelitis
841 3481 1268 3536 emolumentum
1285 3483 1864 3558 exhibuerunt,quibus
1885 3488 2133 3558 ejusmo~

554 3565 1081 3627 dibouofruidatum
1113 3571 1235 3628 fuit.
1281 3572 1335 3627 id
1376 3581 1556 3629 autem
1602 3574 1991 3643 portendebat,
2023 3576 2137 3647 typi

559 3659 769 3713 scilicet
818 3661 1014 3726 instar,
1048 3660 1163 3716 fore
1195 3669 1255 3715 ut
1280 3661 1531 3718 Christus
1574 3660 1838 3719 Dominus
1882 3665 2139 3721 liberaret

557 3763 658 3802 nos
688 3747 829 3803 haud
858 3766 921 3805 ex
952 3747 1168 3821 Egypti
1206 3750 1454 3812 servitio,
1484 3749 1579 3806 sed
1605 3751 1797 3807 mortis
1827 3760 1991 3822 atque
2013 3766 2138 3822 pec-

559 3836 699 3891 rati:
731 3837 877 3906 quod
910 3839 1129 3908 quidem
1171 3838 1329 3895 nobis
1367 3838 1619 3895 Christus
1652 3840 1906 3910 przestitit
1935 3841 2136 3912 proprii

558 3928 842 3997 sanguinis
876 3931 1214 3999 aspersione.
1262 3927 1375 3984 Hoc
1424 3931 1569 3985 enim
1603 3930 1694 3986 ille
1733 3945 1835 4002 pro
1880 3931 2138 3989 omnibus

560 4016 703 4080 fuso,
736 4027 789 4072 et
817 4034 951 4073 nece
981 4035 1077 4083 pro
1107 4022 1264 4076 nobis
1286 4021 1455 4086 obita,
1485 4029 1829 4078 mortuorum
1856 4038 2138 4080 resurrec-

559 4105 758 4161 tionem
792 4109 1058 4176 patravit;
1091 4107 1333 4178 fecitque
1358 4118 1416 4164 ut
1444 4126 1545 4166 nos
1568 4112 1715 4166 omni
1746 4112 1849 4166 hac
1877 4113 2145 4169 servitute

557 4198 743 4261 soluti,
771 4199 1198 4258 inmortalitatis
1219 4212 1272 4257 et
1293 4203 1833 4274 incorruptibilitatis
1857 4214 1913 4261 et
1940 4207 2139 4277 impee-

557 4288 753 4343 rautiaa
787 4290 989 4345 bonum
1029 4292 1439 4363 reciperemus:
1482 4309 1592 4365 quo
1631 4296 1943 4367 impetrato,
1990 4299 2136 4355 haud

2230 1828 2457 1881 πλεῖστα
2489 1825 2589 1879 ὃσα
2618 1825 2710 1875 ἐπὶ
2736 1824 2835 1894 τῆς
2862 1823 3104 1885 Παλαιᾶς
3127 1821 3401 1893 Διαθήκης
3434 1819 3575 1873 κατά
3606 1819 3805 1873 τοῦτον

2230 1918 2549 1991 ᾡκονόμησε
2572 1916 2663 1970 τὸν
2688 1916 2908 1985 τρόπον,
2935 1915 3011 1979 ὡς
3034 1914 3100 1969 ἂν
3122 1915 3219 1968 καί
3246 1917 3358 1978 τοῖς
3389 1913 3511 1967 τότε
3548 1914 3819 1984 μεγίστην

2230 2010 2300 2063 τὰ
2341 2009 2601 2079 γινόμενα
2635 2007 2927 2078 παρέχοιτο
2964 2004 3063 2076 τὴν
3102 2004 3389 2073 ὠφέλειαν,
3430 2004 3527 2057 καὶ
3574 2003 3819 2077 μήνυσιν

2229 2118 2352 2155 τινα
2369 2099 2478 2153 τῶν
2502 2098 2844 2170 πραγμάτων
2867 2097 2965 2169 ἔχῃ
2979 2096 3087 2152 τῶν
3110 2096 3334 2168 ὔστερον
3354 2095 3819 2166 δειχθησομένων·

2225 2191 2363 2264 μετά
2406 2189 2499 2245 τοῦ
2527 2192 2619 2245 καί
2660 2189 2761 2261 τὴν
2811 2189 3087 2260 ὑπεροχὴν
3124 2188 3233 2241 τῶν
3279 2188 3548 2257 δευτέρων
3583 2187 3727 2257 πρὸς
3751 2188 3823 2240 τὰ

2221 2285 2463 2358 πρότερα
2490 2282 2743 2354 πλείστην
2768 2281 2889 2335 τινά
2921 2279 3256 2351 φανήσεσθαι
3292 2275 3477 2333 οὖσαν
3530 2278 3826 2349 εὓρίσκετό

2218 2395 2280 2432 τε
2304 2378 2445 2432 κατά
2472 2376 2661 2431 τοῦτον
2688 2374 2781 2429 τὸν
2814 2375 3012 2445 τρόπον
3037 2372 3207 2435 τύπος
3242 2388 3334 2434 τις
3378 2373 3449 2424 τά
3476 2372 3688 2425 παλαιά
3712 2372 3827 2425 τῶν

2222 2470 2472 2544 ὕστερον,
2510 2469 2705 2542 ἔχοντα
2752 2466 2853 2539 μέν
2873 2485 2993 2523 τινα
3028 2466 3261 2539 μίμησιν
3289 2464 3424 2536 πρὸς
3457 2464 3659 2529 ταῦτα,
3685 2466 3827 2536 μετά

2231 2563 2326 2616 τοῦ
2355 2560 2451 2617 καὶ
2488 2560 2677 2633 χρείαν
2708 2560 2766 2613 ὲν
2791 2561 2907 2622 τοῖς
2940 2558 3165 2620 οἰκείοις
3210 2556 3549 2627 παρέχεσθαι
3576 2560 3822 2629 καιροῖς·

2232 2651 2534 2725 δηλούμενα
2558 2650 2615 2704 δὲ
2644 2647 2705 2716 ἐξ
2731 2647 2907 2703 αὐτῶν
2936 2647 3045 2701 τῶν
3071 2646 3415 2719 πραγμάτων
3434 2647 3640 2701 ὁπόσον
3659 2648 3831 2720 ηλάτ-

2235 2760 2434 2798 τωνται
2460 2742 2653 2798 ταῦτα.

2320 2836 2612 2907 Ἐξήγαγεῖ
2640 2832 2740 2906 μὲν
2792 2827 2887 2887 οὖν
2928 2831 3029 2903 τῆς
3074 2830 3356 2901 Αἰγύπτου
3400 2831 3492 2888 τδν
3545 2831 3772 2904 Ἰσραὴλ
3801 2833 3830 2884 δ

2237 2928 2369 2992 Θεὸς
2397 2928 2492 2982 καὶ
2524 2927 2705 2997 πάσης
2732 2927 2831 2997 τῆς
2869 2925 3073 2996 πικρᾶς
3119 2924 3336 2997 ἐκείνης
3381 2925 3667 2997 ἀπήλλαξε
3704 2926 3833 2980 δου-

2238 3021 2407 3085 λείας*
2434 3019 2804 3092 ἐργασάμενος
2828 3017 2885 3073 δὲ
2925 3017 3155 3071 θάνατον
3194 3016 3303 3071 τῶν
3332 3018 3703 3090 πρωτοτόκων
3738 3037 3837 3072 πυ-

2238 3112 2356 3178 λὺν,
2382 3108 2470 3163 διὰ
2496 3108 2655 3164 τοῦτο
2674 3108 2741 3162 τὰ
2762 3108 2870 3161 τῶν
2908 3106 3264 3179 Ἰσραηλιτῶν
3292 3107 3601 3178 περιέσωσε
3626 3125 3837 3162 παντε-

2238 3204 2367 3269 λῶς·
2410 3202 2553 3273 ἅπερ
2592 3195 2684 3254 οὖν
2724 3199 2817 3255 ml
2857 3199 3067 3271 σημείῳ
3099 3198 3333 3270 διέκρινε
3377 3200 3513 3270 πρὸς
3549 3199 3617 3253 τὸ
3658 3202 3834 3271 μηδὲν

2239 3294 2619 3367 παραπλήσιον
2655 3294 2768 3355 τοῖς
2795 3291 3114 3360 Αἰγυπτίοις
3147 3291 3359 3345 παθεῖν’
3390 3287 3457 3361 ἦν
3502 3292 3559 3345 δὲ
3594 3293 3770 3347 τοῦτο
3799 3295 3835 3365 ὴ

2238 3383 2332 3436 ἐπὶ
2358 3381 2466 3434 τῶν
2503 3378 2673 3450 φλιῶν
2703 3378 2799 3432 τοῦ
2838 3378 3072 3450 αἵματος
3100 3379 3298 3451 χρίσιςο
3327 3380 3502 3435 ταῦτα
3530 3380 3586 3433 δὲ
3622 3381 3838 3454 πολλὴν

2243 3473 2341 3544 μὲν
2367 3474 2478 3535 τοῖς
2530 3470 2890 3543 Ἰσραηλίταις
2935 3471 3195 3541 γινόμενα
3245 3472 3366 3525 τότε
3399 3475 3699 3545 παρείχετο
3730 3477 3838 3543 τὴν

2239 3565 2535 3636 ὠφέλειαν,
2564 3566 2675 3628 τοῖς
2706 3579 2769 3632 γε
2800 3563 2895 3617 καὶ
2937 3563 2994 3616 ὲν
3034 3563 3330 3618 ἀπολαύσει
3368 3564 3628 3619 τοιούτων
3692 3570 3832 3621 καθ.

2241 3657 2569 3729 ισταμένοις·
2592 3672 2796 3728 προεση
2805 3655 3027 3727 μαίνετο
3047 3655 3103 3709 δέ
3122 3674 3239 3720 πως
3259 3656 3333 3721 ὡς
3358 3660 3413 3710 ὲν
3438 3658 3635 3723 τύποις
3655 3659 3722 3713 τὸ
3742 3662 3843 3716 καὶ

2237 3749 2329 3802 τὸν
2384 3747 2659 3819 Δεσπότην
2702 3746 2934 3819 Χριστὸν
2992 3746 3165 3812 οὕτως
3210 3749 3361 3819 ἡμᾶς
3410 3750 3841 3820 ἀφαιρήσεσθαι

2237 3839 2298 3893 ού
2329 3839 2428 3910 τῆς
2453 3837 2730 3908 Αἰγύπτου
2763 3837 3030 3901 δουλείας,
3063 3837 3199 3892 ἀλλά
3238 3838 3339 3909 τῆς
3374 3856 3434 3893 τε
3460 3839 3555 3893 τοῦ
3586 3840 3840 3897 θανάτου

2238 3930 2333 3985 καὶ
2364 3930 2463 4001 τῆς
2494 3928 2789 4001 ἁμαρτίας*
2821 3929 2899 3999 (p.
2930 3929 3059 3996 230)
3093 3930 3240 4001 άπερ
3269 3925 3363 3984 οὖν
3405 3932 3536 4001 ἡμῖν
3575 3935 3843 4006 παρέσχε

2236 4025 2303 4094 τῇ
2345 4021 2524 4093 χρίσει
2561 4020 2655 4074 τοῦ
2698 4021 2932 4092 αἵματος
2962 4018 3056 4074 τοῦ
3090 4021 3313 4074 οίκείου’
3348 4021 3506 4075 τοῦτο
3534 4024 3648 4095 γάρ
3686 4025 3844 4098 ὑπὲρ

2237 4114 2495 4169 ἁπάντων
2524 4113 2741 4183 ἐκχέας,
2772 4113 2867 4165 καὶ
2897 4112 2988 4166 τὸν
3015 4111 3242 4167 θάνατον
3273 4114 3514 4176 ὑποστὰς
3545 4115 3639 4167 τὸν
3686 4117 3844 4191 ὑπὲρ

2238 4203 2416 4275 ἡμῶν,
2450 4202 2746 4274 εἰργάσατὸ
2774 4220 2834 4255 τε
2869 4201 2975 4257 τῶν
3008 4202 3215 4274 νεκρῶν
3243 4204 3341 4274 τὴν
3380 4203 3703 4273 ἀνάστασιν,
3740 4210 3845 4263 καὶ

2238 4291 2514 4364 παρέσχεν
2541 4292 2744 4347 ἀπασιν
2768 4294 2906 4364 ἡμῖν
2948 4292 3034 4358 τὸ,
3069 4293 3251 4364 πάσης
3290 4294 3390 4364 τῆς
3417 4294 3659 4350 ἐνταῦθα
3708 4296 3848 4351 Bou-

552 4380 664 4448 jam
697 4383 1022 4451 promissam
1052 4392 1278 4454 terram,
1316 4394 1376 4442 ut
1405 4388 1507 4455 illi,
1535 4389 1922 4457 incoleremus,
1955 4395 2051 4449 sed
2078 4395 2126 4450 in

2240 4382 2390 4448 λείας
2421 4384 2836 4453 ἀπαλλαγεῖσιν,
2867 4384 3264 4456 ἀπεκδέχεσθαι
3288 4385 3388 4457 τῆς
3416 4403 3477 4441 τε
3515 4386 3846 4457 ἀθανασίας

557 4491 724 4548 regno
751 4495 1098 4536 versaremur
1130 4481 1413 4537 caelorum.
1445 4481 1565 4539 Jam
1604 4493 1872 4555 quantum
1912 4487 2027 4544 haec
2061 4489 2126 4545 ab

2232 4476 2326 4531 καὶ
2369 4476 2467 4548 τῆς
2493 4474 2805 4546 ἀφθαρσίας
2843 4476 2940 4530 καὶ
2971 4475 3074 4547 τῆς
3102 4478 3519 4548 ἀναμαρτησίας
3559 4480 3661 4550 τὴν
3696 4482 3846 4537 ἀπόο

558 4569 664 4624 illis
696 4569 987 4625 diﬂ‘erunt!
1018 4569 1286 4626 Israelita.-
1318 4572 1386 4627 ad
1408 4572 1571 4630 breve
1601 4576 1863 4644 temporis
1893 4578 2126 4648 Spatium

2231 4569 2443 4623 λαυσινσ
2472 4565 2589 4639 μεθ’
2633 4560 2708 4621 ὧν
2749 4566 2811 4622 οὐ
2858 4570 2961 4640 γῆν
3001 4568 3337 4637 ἐπαγγελίας
3373 4571 3703 4641 οἰκήσομεν,
3756 4574 3843 4640 ὡς

556 4659 698 4714 bona
731 4660 821 4715 illa
843 4663 1353 4732 consequebantur;
1377 4679 1478 4719 nos
1505 4665 1638 4730 inec,
1665 4681 1788 4737 qua:
1809 4668 1977 4722 multa
1999 4676 2126 4724 sunt

2230 4661 2452 4725 ἐκεῖνοι,
2490 4658 2604 4712 ἀλλ’
2635 4660 2693 4712 ἐν
2722 4661 2791 4730 τῇ
2827 4658 2937 4712 τῶν
2978 4660 3227 4731 οὐρανῶν
3266 4660 3503 4731 ἐσόμεθα
3542 4661 3839 4738 βασιλείᾳ·

555 4760 608 4807 ct
634 4752 891 4818 maxima,
918 4768 1041 4808 cum
1070 4764 1274 4811 aeterna
1305 4756 1541 4812 utilitate
1570 4764 1853 4814 tenemus:
1892 4758 1945 4814 id
1982 4760 2126 4831 quod

2230 4752 2426 4808 ὁπόσον
2452 4749 2509 4807 δὲ
2537 4750 2743 4805 τούτων
2774 4752 2911 4822 πρὸς
2940 4752 3117 4806 ἐκεῖνο
3163 4752 3224 4806 τὸ
3262 4753 3538 4824 διάφορον,
3588 4757 3691 4807 καὶ
3747 4760 3842 4814 δτι

556 4860 620 4899 rx
653 4844 798 4900 omni
828 4859 1007 4901 rerum
1036 4846 1280 4917 ipsarum
1312 4857 1508 4904 natura
1534 4859 1871 4921 compertum
1895 4859 1999 4907 est;
2034 4851 2126 4908 Sic

2232 4843 2456 4899 ἐκείνων
2485 4842 2581 4913 μὶν
2607 4843 2695 4895 ἐπ’
2727 4843 2906 4913 ὀλίγον
2935 4842 3153 4913 ἐγένετο
3188 4842 3248 4896 τδ
3269 4844 3480 4915 κέρδος,
3512 4845 3735 4901 τούτων
3776 4850 3841 4903 δὲ

557 4937 716 4991 etiam
751 4943 1039 5007 peccantes
1080 4938 1135 4992 in
1174 4952 1358 4994 eremo
1391 4939 1664 4996 lsraelitas
1684 4956 1858 5011 poenae
1896 4943 2126 5012 subjecit

2235 4934 2506 5007 μεγίστων
2550 4951 2609 4989 τε
2652 4934 2820 4990 ὅντων
2850 4936 2943 4989 καὶ
2974 4935 3184 4989 πολλῶν
3212 4936 3462 5007 διηνεκὴς
3507 4940 3539 5007 ή
3575 4938 3842 5007 ὠφέλεια

494 5088 501 5095 ,
557 5026 722 5095 Deus,
758 5037 816 5084 ut
850 5028 936 5083 his
968 5029 1135 5084 veluti
1173 5031 1584 5100 exemplaribus
1625 5041 1974 5103 peccatorum
2016 5035 2126 5088 for-

2230 5027 2617 5093 τυῖςολαδοῦσιν
2648 5028 2964 5099 προσέσται,
2995 5029 3054 5093 ἐξ
3082 5028 3261 5082 αὐτῶν
3299 5029 3468 5083 ἅπασι
3495 5029 3656 5101 δῆλον
3694 5036 3840 5090 καθ.

558 5120 816 5176 midinem
846 5120 1005 5176 nobis
1026 5121 1318 5186 incuteret,
1353 5136 1584 5191 quorum
1616 5138 1782 5180 causa
1813 5126 1866 5179 in
1895 5125 2126 5182 deterio-

2231 5122 2429 5192 έστηκε
2476 5120 2585 5173 τῶν
2618 5120 2983 5192 πραγμάτωνο
3015 5120 3157 5173 οὕτω
3192 5121 3287 5173 καὶ
3316 5122 3444 5185 τοὺς
3482 5124 3843 5194 ὲπταικότας

556 5224 671 5263 rem
704 5212 942 5266 solemus
979 5212 1344 5265 conditionem
1379 5211 1639 5270 incidere.

2230 5214 2340 5267 τῶν
2384 5211 2735 5285 Ἰσραηλιτῶν
2766 5212 3059 5285 τιμωρίαις
3097 5211 3363 5266 ἐπέϐαλεν
3408 5213 3501 5266 ἐπὶ
3541 5215 3643 5285 τῆς
3694 5220 3846 5291 ὲρή-

561 5322 684 5375 μου·
713 5305 787 5369 ὡς
821 5308 886 5360 ἂν
915 5308 971 5361 ἕν
998 5325 1106 5363 τισι
1136 5307 1326 5371 τύποις
1350 5308 1620 5364 παιδεύων
1652 5310 1801 5382 ἡμᾶς
1836 5311 2130 5367 δεδοικέναι
2166 5310 2265 5384 τὴν
2286 5311 2583 5384 ἁμαρτίαν,
2607 5309 2683 5373 ὡς
2708 5309 2901 5380 ἱκανήν
2926 5324 2984 5361 τε
3042 5303 3207 5361 οὖσαν
3243 5309 3355 5371 τοῖς
3378 5307 3620 5378 χείροσιν
3667 5312 3846 5385 ἡμᾶς

558 5415 623 5450 πῖ
635 5397 890 5468 ριϐαλεῖν.
1414 5432 1415 5435 η

633 5488 788 5559 152
828 5487 881 5543 Id
923 5491 1070 5561 quod
1115 5492 1307 5550 beatus
1357 5493 1517 5549 docet
1569 5492 1773 5549 Paulus
1829 5494 1956 5551 dum
2011 5495 2122 5551 ait:

2301 5486 2473 5543 Τοῦτο
2495 5486 2551 5540 δὲ
2579 5486 2608 5539 ό
2635 5485 2901 5556 μακάριος
2924 5482 3074 5555 δηλοῖ
3098 5482 3308 5547 Παῦλος
3328 5482 3529 5550 λέγων’
3573 5499 3595 5532 ι
3625 5483 3845 5541 Ταῦτα

565 5599 584 5631 ι
615 5579 738 5635 ἰίιυε
783 5580 965 5636 omnia
1026 5583 1134 5639 illis
1172 5584 1228 5640 in
1270 5585 1507 5658 imagine
1543 5586 1963 5661 contingebant;
1999 5588 2126 5642 scri-

2230 5584 2288 5638 δὲ
2316 5582 2490 5636 πάντα
2516 5578 2677 5633 τύποι
2703 5576 3014 5631 συνέϐαινον
3036 5575 3288 5639 ἐκείνοις·
3330 5573 3545 5645 ἐγράφη
3584 5573 3645 5629 δὲ
3684 5579 3847 5650 πρὸς

560 5680 650 5743 pta
701 5680 876 5727 autem
920 5679 1049 5751 sunt
1088 5672 1155 5728 ad
1200 5677 1558 5735 eruditionem
1606 5689 1871 5746 nostram,
1912 5678 1967 5736 in
1992 5690 2126 5746 quos

2231 5672 2510 5731 νουθεσίαν
2543 5670 2719 5742 ἡμῶν,
2754 5669 2834 5735 εἰς
2859 5667 2953 5733 οὓς
2978 5668 3049 5724 τά
3072 5666 3203 5739 τέλη
3225 5667 3335 5722 τῶν
3367 5662 3579 5721 αἰώνων
3611 5672 3849 5742 κατήν-
