3966 6222
458 365 563 421 ωδ

1616 359 1964 417 TllEODORl
2006 358 2495 416 MOPSUI‘LSTI‘INI

3615 365 3724 421 324

459 495 621 549 quam
661 478 832 534 Jonas
879 477 969 531 hic
1021 485 1125 531 est.
1168 495 1184 527 ο
1234 474 1404 529 Porro
1436 490 1618 530 rerum
1656 474 1889 529 imitatio
1924 474 2029 528 evi-

2141 472 2299 542 δῆλον
2327 474 2408 525 ὅτι
2430 472 2545 524 ἔστι
2583 471 2683 541 μέν
2703 488 2786 535 τις
2809 471 3039 542 μίμησις
3071 471 3177 524 τῶν
3206 475 3566 545 πραγμάτων,
3586 478 3723 532 πολὺ

456 573 649 627 denter
678 580 927 635 constat;
961 584 1274 640 quanquam
1324 570 1493 623 multa
1538 578 1622 624 est
1662 567 1969 637 priscarum
2004 580 2036 620 a

460 665 618 718 novis
642 664 1033 731 discrepantia.
1067 661 1315 716 Profecto
1342 659 1516 715 Judaei
1543 667 1860 728 praesentes,
1889 656 2034 712 haud

458 769 620 810 secus
668 770 830 823 quam
866 755 941 807 illi
986 764 1219 817 veteres,
1259 753 1312 807 in
1359 751 1742 807 incredulitate
1782 763 2037 819 perseve-

460 855 616 910 rant;
647 844 776 897 dum
831 844 1122 898 salutarem
1155 851 1346 912 gentes
1384 840 1654 910 recipiunt
1686 839 2035 909 praedicatio-

459 950 606 989 nem.
654 932 750 988 }lis
794 933 1077 988 evidenter
1107 933 1174 988 de
1206 931 1391 987 causis
1437 930 1582 986 beati
1613 928 1764 983 Jonas
1805 942 2036 998 persona

457 1024 692 1079 excitata
747 1031 852 1078 est.
911 1022 1130 1092 Alioqui
1182 1022 1329 1075 enim
1388 1036 1495 1073 non
1554 1029 1663 1073 tam
1722 1017 2037 1071 incredulus

459 1116 573 1171 Deo
617 1117 951 1187 perstitisset
994 1115 1282 1185 propheta,
1325 1121 1384 1165 ut
1424 1111 1559 1165 nihil
1598 1124 1789 1165 eorum
1835 1108 2039 1164 faceret

459 1224 581 1278 qua:
609 1207 927 1276 jubebatur,
969 1206 1272 1275 praesertim
1320 1218 1488 1273 quum
1521 1200 1587 1256 ad
1634 1208 1725 1265 tot,
1752 1199 2034 1254 hominum

459 1303 756 1355 curandam
785 1300 1016 1355 salutem
1052 1299 1379 1352 mitteretur.
1415 1294 1521 1350 Sed
1556 1307 1732 1362 neque
1762 1292 1834 1346 ita
1868 1291 2039 1346 incre-

458 1389 647 1441 dulum
678 1387 915 1456 experiri
947 1402 1071 1441 eum
1106 1401 1243 1456 Opus
1270 1394 1390 1439 erat
1418 1383 1687 1439 marinam
1716 1382 1861 1436 illam
1889 1381 2039 1436 cala-

458 1478 732 1541 mitatem,
788 1485 912 1533 ceto
966 1477 1225 1531 nimirum
1285 1474 1473 1543 obiici,
1531 1472 1844 1542 prodigiose
1885 1473 2031 1524 intra

462 1569 607 1623 hunc
630 1569 863 1634 servari,
898 1568 1071 1622 multo
1102 1581 1231 1621 vero
1254 1566 1624 1635 prodigiosius
1650 1564 1802 1618 illinc
1828 1563 2034 1618 exitum

459 1661 734 1716 nancisci.
772 1658 986 1729 Quippe
1026 1656 1136 1713 Deo
1166 1657 1367 1713 licebat
1395 1657 1554 1711 aliter
1585 1656 1651 1710 ad
1684 1654 1922 1710 cilicium
1947 1669 2038 1709 co-

457 1771 587 1826 gere
631 1762 950 1810 renuentem
995 1753 1457 1821 incredulumque
1492 1749 1852 1819 prophetam:
1890 1747 2035 1803 sicut

2138 564 2197 618 δὲ
2226 565 2287 618 τὸ
2311 565 2567 636 διάφορον
2609 565 2811 619 τούτων
2868 564 3001 634 πρὸς
3057 564 3237 617 ἐκεῖνα
3272 582 3286 595 '
3320 567 3414 619 καὶ
3442 568 3522 620 ὅτι
3546 585 3719 642 παραυ

2144 658 2390 728 πλησίως
2424 658 2523 728 μὲν
2548 651 2695 711 οῦτοι
2728 660 2841 721 τοῖς
2885 657 3007 710 τότε
3050 656 3322 720 Ἰουδαίοις
3367 660 3724 725 ἀπιστοῦντες

2139 750 2379 821 μενοῦσι,
2424 748 2634 815 δέξεται
2664 748 2720 801 δὲ
2745 749 2811 801 τὰ.
2837 748 2962 819 ἔθνη
3011 747 3108 818 τὴν
3140 750 3203 800 ἐκ
3245 749 3339 802 τοῦ
3370 750 3724 821 κηρύγματος

2138 842 2439 911 σωτηρίαν.
2487 840 2612 893 Ἐπὶ
2656 839 2719 909 δὴ
2762 839 2969 902 τούτοις
3002 839 3188 907 σαφῶς
3219 840 3245 891 ό
3286 842 3554 911 μακάριος
3588 859 3723 912 προ.

2139 931 2397 1002 ϐέϐληται
2444 932 2628 994 Ἰωνᾶς
2658 947 2672 962 ⁸
2705 930 2825 983 οὑδὲ
2872 930 2983 1001 γὰρ
3035 929 3101 982 ἂν
3135 930 3163 982 ό
3212 932 3497 1002 προφήτης
3545 931 3723 996 οὕτως

2137 1022 2348 1093 ἔμεινεν
2372 1022 2601 1092 ἀπειθὴς
2637 1022 2715 1093 τῷ
2743 1021 2882 1091 Θεῷ,
2913 1021 2988 1086 ὼς
3027 1022 3100 1093 μὴ
3147 1023 3365 1076 ἑλέσθαι
3396 1041 3448 1077 τι
3494 1028 3723 1096 ποιῆσαι

2136 1112 2244 1166 τῶν
2271 1113 2576 1184 εἰρημένων
2601 1112 2750 1183 αὑτῷ
2772 1131 2784 1143 ·
2812 1113 2906 1166 καὶ
2933 1113 3106 1167 ταῦτα
3130 1115 3221 1167 ἐπὶ
3244 1115 3487 1187 σωτηρίην⁵
3506 1133 3571 1183 γε
3596 1134 3722 1170 τοσ-

2136 1201 2307 1256 ούτων
2341 1203 2691 1273 πεμπόμενος
2725 1202 3055 1274 ἀνθρώπων·
3089 1204 3208 1257 ἀλλ’
3234 1205 3355 1258 οὐδὲ
3394 1206 3723 1261 ἀπειθοῦντα

2138 1293 2463 1364 πειραθῆναι
2487 1293 2703 1356 πάντως
2723 1292 2830 1345 τῶν
2853 1293 2994 1346 κατὰ
3013 1294 3109 1365 τὴν
3128 1293 3399 1347 θάλατταν
3419 1292 3487 1366 ἦν
3504 1297 3718 1368 ἀνάγκη

2136 1384 2341 1440 κακῶΨ
2362 1384 2502 1438 ὥστε
2519 1386 2612 1438 καὶ⁵
2630 1383 2963 1455 ἐμϐληθῆναι
2990 1387 3165 1456 κήτει,
3198 1385 3291 1439 καὶ
3316 1388 3402 1438 ἐπ’
3423 1386 3535 1457 ('53)
3556 1388 3719 1441 αὑτοῦ

2136 1475 2454 1546 παραδόξως
2475 1476 2736 1545 σωθῆναι,
2760 1478 2854 1530 καὶ
2878 1477 3306 1548 παραδοξότερον
3337 1477 3415 1530 ἔτι
3448 1477 3548 1549 τήν
3577 1480 3720 1533 ὲκεί-

2137 1568 2228 1622 θεν
2252 1569 2508 1623 ἀνάδυσιν
2539 1571 2853 1641 ὑπομεῖναι’
2885 1570 3184 1641 δυναμένου
3214 1587 3277 1637 γε
3309 1570 3404 1623 τοῦ
3435 1570 3571 1624 Θεοῦ
3600 1572 3718 1624 ἑτέ-

2138 1675 2246 1730 ρως
2280 1658 2543 1713 ὀκνοῦντα
2576 1660 2669 1712 καὶ
2700 1659 3027 1715 ἀπειθοῦντα
3068 1660 3161 1713 τὸν
3196 1661 3482 1731 προφήτην
3520 1661 3613 1715 ἐπὶ
3658 1661 3720 1714 τὸ

2135 1749 2252 1804 δέον
2282 1750 2488 1820 ἐγεῖραι
2522 1767 2536 1780 ·
2574 1750 2763 1822 ὥσπερ
2794 1746 2886 1804 οὖν
2933 1749 3095 1805 αὑτδν
3133 1750 3225 1804 ὲπί
3253 1767 3313 1803 τε
3351 1750 3444 1803 τοῦ
3470 1750 3717 1814 Μωσέως

458 1847 529 1901 ab
552 1861 618 1901 eo
648 1845 954 1899 factitatum
989 1844 1241 1898 novimus
1275 1843 1342 1907 ⁷³,
1365 1818 1501 1911 *(ιιιο
1531 1849 1776 1910 tempore
1823 1838 2029 1910 Moyses

2138 1818 2671 1912 ἔγνωμεν-ποιοῦντα
2691 1818 2975 1906 ὀκνοῦντος
3003 1841 3140 1914 πρὸς
3167 1843 3265 1914 τὴν
3291 1842 3594 1913 ὑπουργίαν
3614 1843 3717 1913 τῆς

458 1938 801 2009 apostolatus
825 1936 1193 1991 ministerium
1216 1933 1377 2006 154
1403 1932 1715 1997 devitabat;
1744 1932 2040 2001 itidemque

458 2045 585 2085 cum
614 2028 883 2084 Jeremias
911 2027 1159 2096 ejusdem
1213 2025 1395 2095 operis
1429 2023 1867 2095 magnitudinem
1901 2023 2042 2077 exti-

403 2127 427 2151 '
460 2122 739 2179 mescebat
786 2122 855 2176 ".
897 2120 1065 2176 Plane
1115 2119 1283 2187 igitur
1323 2123 1561 2181 constat,
1614 2116 1827 2171 libitum
1871 2114 2043 2170 fuisse

460 2216 573 2273 Deo
629 2223 742 2270 tam
800 2213 1044 2270 insolitis
1094 2219 1317 2282 tamque
1372 2209 1531 2263 miris
1574 2208 1796 2263 casibus
1839 2205 2033 2261 Jonam

458 2320 738 2371 exercere,
790 2320 901 2375 quo
936 2313 1121 2374 typum
1169 2316 1293 2357 eum
1342 2299 1624 2356 exhiberet
1673 2297 2031 2367 gerendarum

457 2400 515 2453 in
540 2398 762 2454 Christo
803 2394 1037 2450 Domino
1071 2408 1276 2455 rerum,
1316 2392 1391 2446 ita
1424 2398 1483 2446 ut
1525 2390 1667 2444 hanc
1706 2388 1777 2443 ob
1808 2401 2031 2442 causam

458 2503 554 2559 per
588 2496 699 2543 tam
746 2483 1123 2541 incredibilem
1166 2481 1465 2536 novitatem
1507 2478 1797 2541 deductus,
1831 2475 2030 2544 dignus

459 2579 563 2634 title
598 2578 876 2642 evaderet,
905 2581 1194 2645 prapterea
1226 2572 1374 2643 quod
1408 2570 1548 2625 tanti
1586 2570 1771 2641 operis
1797 2569 2027 2639 ﬁguram

457 2676 511 2728 in
540 2670 836 2740 semetipso
863 2670 1105 2740 gerebat.

523 2759 862 2829 Praecipuam
895 2758 1081 2826 itaque
1110 2754 1506 2825 prodigiorum.
1541 2768 1664 2824 quae
1687 2751 1847 2808 beato
1879 2750 2029 2807 Iona

457 2852 800 2914 acciderunt,
847 2863 1072 2904 causam
1104 2847 1246 2901 hanc
1288 2845 1473 2902 dicere
1507 2846 1672 2901 licet:
1722 2843 2024 2914 proximam

456 2945 707 3007 alteram,
731 2955 853 3012 qua:
873 2940 940 2994 de
961 2947 1092 3010 typo
1113 2936 1366 2991 similiter
1394 2942 1600 2990 manat.
1628 2932 1862 2989 Necesse
1881 2933 2026 2988 enim

455 3042 578 3090 erat
605 3032 748 3088 haud
774 3030 1128 3087 mediocriter
1158 3027 1402 3083 animum
1432 3025 1773 3096 despondere
1795 3024 2027 3094 prophe-

458 3136 565 3190 tas,
596 3122 690 3194 qui
718 3121 1063 3177 continenter
1096 3117 1161 3171 ad
1188 3116 1445 3186 populum
1474 3129 1504 3167 a
1526 3114 1635 3168 Deo
1658 3113 1810 3168 missi
1846 3111 2027 3166 futura

457 3213 747 3277 canebant,
787 3206 1254 3279 imponendasqtte
1292 3219 1485 3275 pmnas
1517 3202 1929 3269 minitabantur,
1972 3208 2027 3258 et

456 3305 725 3378 quidquid
759 3304 979 3358 demum
1019 3298 1378 3355 emendandis
1400 3296 1646 3352 moribus
1674 3294 2024 3362 conduceret,

463 3406 656 3462 magna
684 3390 974 3446 sedulitate
1009 3387 1381 3459 praestabant:
1414 3385 1707 3455 ceteroqui
1740 3384 1871 3440 nihil
1900 3398 2027 3453 pro-

462 3484 733 3549 ﬁciebant,
778 3481 1060 3537 obtinente
1105 3479 1474 3534 lsraelitarum
1521 3478 1729 3533 malitia
1763 3476 2026 3532 adversus

454 3593 518 3631 ea
549 3575 730 3633 studia
777 3574 1189 3645 prophetarum,
1238 3586 1379 3643 quos
1410 3570 1555 3626 Deus
1605 3570 1820 3624 illorum
1859 3583 2026 3625 causa

455 3668 808 3721 excitaverat.
858 3663 1224 3731 Quamobrem
1276 3662 1331 3716 hi
1393 3660 1589 3716 merito
1637 3659 1748 3729 jam
1780 3658 2025 3713 inutilem

454 3758 843 3816 existimabant
874 3757 1114 3812 laborem
1148 3769 1329 3815 suum,
1374 3767 1437 3807 ac
1470 3752 1537 3807 de
1579 3751 1743 3806 rebus
1773 3748 2027 3803 humanis

457 3864 686 3922 prorsus
717 3847 1102 3919 desperabant,
1141 3861 1355 3916 nempe,
1399 3844 1527 3914 quia
1570 3840 1773 3897 ethnici
1806 3839 2026 3910 quidem

457 3944 515 3997 in
551 3941 683 3995 vitia
729 3945 1049 3994 constanter
1088 3945 1350 3996 ruerent:
1404 3935 1493 3988 ille
1542 3941 1722 3988 autem
1765 3930 2023 4001 populus,

455 4030 553 4103 qui
582 4029 652 4085 ad
683 4028 921 4084 divinam
946 4027 1247 4097 [videbatur
1286 4025 1533 4081 delectus
1576 4024 1886 4090 scientiam,
1918 4021 2024 4075 im-

458 4124 661 4196 pietate
689 4129 744 4176 et
774 4132 989 4175 morum
1035 4117 1269 4171 colluvie
1313 4113 1459 4169 haud
1503 4114 1736 4169 ethnicis
1783 4111 2022 4166 cederet.

459 4214 685 4270 "malos
730 4212 913 4281 itaque
962 4208 1105 4264 Deus
1148 4208 1444 4279 prophetas
1492 4214 1549 4262 ut
1597 4210 1890 4268 recrearet,
1929 4200 2022 4273 qui

456 4303 704 4360 omnium
744 4302 931 4371 utique
953 4299 1236 4354 hominum
1260 4297 1485 4353 multam
1522 4298 1662 4366 gerit
1696 4309 1910 4358 curam,
1938 4309 2027 4363 pe-

456 4393 723 4449 culiarem
752 4399 939 4447 tamen
964 4388 1363 4461 providentiam
1392 4388 1582 4443 electis
1606 4385 1889 4456 impendit,
1924 4400 2025 4440 sa:-

2135 1934 2476 2004 ἀποστολῆς·
2513 1934 2606 1987 ὲπί
2645 1950 2701 1987 τε
2746 1934 2837 1988 τοῦ
2887 1935 3149 2006 Ἱερεμίου
3187 1935 3476 2004 φεύγοντος
3513 1934 3720 2004 ὁμοίως

2136 2024 2391 2079 κάκείνου
2421 2023 2523 2094 τῆς
2566 2024 2866 2096 ὑπουργίας
2896 2024 2957 2078 τὸ
3017 2024 3245 2095 μέγεθος
3269 2041 3283 2054 ·
3316 2027 3392 2094 (p.
3422 2023 3551 2094 254)
3579 2022 3719 2076 ἀλλά

2137 2116 2245 2189 γὰρ
2276 2116 2364 2170 διὰ
2388 2116 2730 2187 πραγμάτων
2770 2115 2913 2169 οὑτω
2953 2116 3157 2169 καινῶν
3184 2133 3245 2169 τε
3272 2116 3367 2169 καὶ
3397 2114 3717 2185 παραδόξων

2139 2208 2418 2279 προδήλως
2465 2207 2556 2260 τὸν
2614 2206 2881 2277 μακάριον
2919 2207 3102 2260 Ἰωνᾶν
3146 2206 3373 2275 ἀγαγεῖν
3421 2205 3713 2276 ὲὸουλήθη,

2135 2300 2321 2369 ἐπειδὴ
2358 2297 2524 2353 τύπον
2554 2298 2716 2353 αὑτὸν
2745 2297 2853 2351 τῶν
2890 2298 3033 2351 κατὰ
3065 2298 3155 2351 τὸν
3186 2297 3462 2368 Δεσπότην
3482 2298 3715 2368 Χριστὸν

2133 2390 2365 2464 ήμελλεν
2382 2389 2701 2459 ἀποφαίνειν
2728 2406 2742 2419 ·
2766 2389 2841 2453 ὡς
2873 2389 3077 2459 ταύτης
3102 2387 3289 2450 ἕνεκεν
3308 2388 3408 2458 τῆς
3427 2388 3604 2450 αἰτίας
3624 2387 3716 2439 διὸ

2133 2481 2400 2549 τοσαύτης
2453 2483 2680 2535 ἀπίστου
2727 2483 3043 2553 καινότητος
3088 2482 3363 2553 ἐνεχθεὶς,
3398 2481 3716 2548 ἀξιόπιστος

2133 2576 2364 2643 γένοιτο,
2385 2574 2479 2628 τοῦ
2500 2575 2753 2628 τοσούτου
2780 2574 3102 2645 πράγματος
3130 2574 3222 2627 τὸν
3248 2574 3416 2626 τύπον
3436 2572 3716 2641 ὲκφαίνων

2133 2667 2191 2717 ὲν
2213 2664 2380 2735 αὑτῷ.

2203 2756 2627 2827 Προηγουμὲνην
2661 2755 2759 2826 μὲν
2812 2750 2905 2810 οῦν
2950 2753 3058 2809 τῶν
3110 2756 3252 2809 κατά
3298 2755 3391 2809 τὸν
3444 2753 3716 2826 μακάριον

2146 2848 2328 2901 Ἰωνᾶν
2372 2846 2545 2910 οὕτως
2579 2845 2897 2918 παραδόξων
2948 2846 3249 2915 γεγονότων
3295 2846 3497 2917 ταύτην
3535 2846 3717 2901 αἰτίαν

2132 2940 2276 2993 εῐποι
2301 2956 2385 3003 τις
2417 2939 2483 2993 άν
2502 2956 2515 2970 ο
2553 2939 2826 3009 ἑπομένην
2847 2937 2904 2991 δὲ
2929 2938 3187 3008 κάκείνην
3208 2938 3273 2990 ἐκ
3303 2937 3397 2991 τοῦ
3423 2937 3591 2990 τύπου
3612 2937 3715 3008 τὴν

2131 3029 2303 3101 ἀρχὴν
2323 3029 2619 3083 λαϐοῦσαν·
2652 3030 2880 3100 ἀθυμεῖν
2910 3029 3020 3101 γὰρ
3052 3030 3149 3100 οὑχ
3171 3029 3246 3093 ὡς
3272 3029 3461 3100 ἔτυχεν
3499 3028 3714 3097 ἀνάγκτι

2058 3142 2100 3199 c
2131 3124 2256 3185 τοὺς
2281 3125 2561 3193 προφήτας
2592 3117 2661 3193 ἦν
2680 3160 2695 3185 ,
2724 3123 2807 3175 δτι
2850 3121 3087 3192 συνεχῶς
3114 3120 3249 3192 πρὸς
3277 3121 3368 3175 τὸν
3400 3120 3525 3173 λαὸν
3558 3122 3714 3191 παρᾶ

2131 3211 2226 3265 τοῦ
2258 3212 2392 3266 Θεοῦ
2428 3214 2791 3283 πεμπόμενοι,
2810 3212 3041 3283 ὲμήνυόν
3065 3229 3123 3265 τε
3151 3213 3333 3276 αὑτοῖς
3356 3211 3424 3264 τὰ
3455 3211 3714 3281 ἐσόμενα,

2133 3305 2227 3357 καὶ
2282 3303 2380 3367 τὰς
2435 3304 2883 3374 ὲπαχθησομένας
2950 3304 3220 3377 τιμωρίας
3276 3303 3533 3373 ἠπείλουν
3566 3318 3581 3333 '
3616 3305 3713 3356 καῖ

2132 3393 2309 3448 πάντα
2329 3394 2393 3465 δὴ
2426 3394 2493 3447 τὰ
2523 3395 2657 3466 πρὸς
2680 3395 2963 3465 διόρθωσιν
2985 3395 3165 3449 αὐτῶν
3193 3394 3541 3449 συντελοῦντα
3570 3395 3714 3449 κατὰ

2132 3485 2334 3556 πολλῆς
2375 3485 2762 3556 διεπράττοντο
2806 3486 2906 3556 τῆς
2955 3486 3223 3555 σπουδῆς·
3258 3488 3418 3557 ήνυον
3450 3488 3505 3541 δὲ
3548 3486 3710 3540 πλέον

2131 3576 2302 3641 οὐδὲν,
2324 3576 2425 3646 τῆς
2469 3576 2577 3631 τῶν
2622 3576 2969 3649 Ἰσραηλιτῶν
3003 3577 3201 3641 κακίας
3243 3577 3714 3649 ἀντιπραττούσης

2131 3671 2198 3741 τῇ
2230 3668 2317 3723 διὰ
2344 3668 2453 3723 τῶν
2488 3670 2785 3741 προφητῶν
2814 3669 3103 3739 ἐπιμελείᾳ
3129 3670 3280 3741 παρὰ
3303 3670 3397 3723 τοῦ
3422 3670 3557 3723 Θεοῦ
3581 3669 3717 3742 περὶ

2132 3761 2330 3823 αὑτοὺς
2358 3761 2641 3833 γινομένη
2688 3760 2782 3830 ἀφ’
2807 3752 2869 3813 οῦ
2897 3760 2962 3832 δὴ
3003 3761 3098 3813 καὶ
3140 3761 3395 3827 περιττὸν
3439 3761 3515 3825 ὡς
3559 3762 3713 3825 εἰκὸς,

2131 3850 2299 3921 ᾤοντο
2349 3850 2438 3905 τὸν
2483 3851 2690 3905 ἑαυτῶν
2740 3846 2880 3904 εἶναι
2931 3850 3091 3904 πόνον
3125 3868 3139 3882 ’
3173 3853 3265 3906 καὶ
3314 3851 3378 3924 δὴ
3428 3854 3522 3906 καὶ
3572 3852 3714 3923 πρὸς

2131 3941 2439 4009 ἀπόγνωσιν
2471 3943 2708 4012 παντελῆ
2743 3942 2853 3996 τῶν
2900 3941 3253 4013 ἀνθρωπείων
3285 3942 3523 4014 ἐχώρουν
3566 3958 3688 4013 πρα

2130 4032 2389 4102 γμάτων’
2420 4030 2495 4096 ὡς
2532 4032 2639 4086 τῶν
2686 4031 2784 4101 μὲν
2840 4030 3009 4085 ὲθνῶν
3062 4031 3198 4101 πρὸς
3236 4030 3299 4084 τὸ
3337 4035 3518 4103 χεῖρον
3556 4030 3714 4087 ἆπαξ

2131 4122 2415 4187 νευόντων,
2468 4122 2576 4176 τῶν
2624 4122 2919 4176 δοκούντων
2965 4122 3022 4175 δὲ
3059 4123 3285 4193 εἰςντὴν
3318 4121 3520 4190 γνῶσιν
3567 4123 3723 4187 ἐξει-

2131 4215 2317 4285 λέχθαι
2341 4216 2441 4285 τὴν
2475 4213 2643 4279 θείαν,
2668 4216 2743 4284 (p.
2772 4214 2900 4280 2'55)
2934 4214 3086 4268 οὐδὲν
3128 4213 3533 4284 ἐλαττουμένων
3555 4216 3620 4284 τῇ
3649 4231 3716 4268 τε

2130 4307 2353 4377 ἀσεϐείᾳ
2390 4306 2484 4359 καὶ
2508 4308 2573 4377 τῇ
2599 4306 2707 4359 τῶν
2739 4307 2955 4378 τρόπων
2988 4306 3258 4378 μοχθηρίᾳ
3282 4307 3503 4360 ἐκείνων
3523 4324 3537 4338 ο
3562 4305 3715 4362 οὑτω

2129 4399 2196 4470 δὴ
2221 4398 2597 4470 διακειμένους
2637 4398 2834 4462 αὑτοὺς
2878 4399 3276 4469 ψυχαγωγῆσαι
3326 4385 3649 4470 βουλόμενος
3689 4401 3722 4451 ὁ

457 4496 756 4553 penumero
798 4481 1126 4553 signiﬁcavit
1159 4480 1270 4536 illis
1316 4478 1556 4535 futuram
1585 4477 1641 4532 in
1685 4477 1887 4532 Christi
1917 4475 2023 4531 Do-

2134 4489 2292 4553 Θεὸς,
2327 4491 2356 4543 ό
2387 4487 2587 4558 πολλὴν
2624 4488 2724 4559 μὲν
2770 4488 2990 4543 πάντων
3039 4488 3343 4560 ἀνθρώπων
3387 4486 3715 4557 ἐπιμέλειαν

457 4572 592 4628 mini
635 4571 869 4628 adventu
904 4572 1319 4627 conversionem
1362 4570 1725 4625 humanorum
1768 4581 2020 4623 morum:

454 4676 569 4734 quo
598 4671 842 4732 tempore
867 4677 1060 4719 omnes
1090 4661 1289 4718 divina
1320 4662 1509 4733 gratia:
1537 4660 1801 4717 instinctu
1838 4673 1869 4713 a
1891 4660 2027 4714 vitio

455 4752 527 4809 ad
566 4752 825 4808 virtutem
855 4754 1165 4823 respecturi
1211 4761 1390 4809 erant.
1425 4749 1564 4807 Tum
1608 4751 1677 4805 ad
1718 4757 2023 4806 extremum

454 4848 562 4905 hoc
599 4861 819 4919 quoque
864 4846 1185 4902 admirabile
1215 4845 1271 4901 in
1319 4845 1580 4917 propheta
1621 4844 1759 4899 Jona
1788 4842 2025 4913 patravit

454 4952 595 5009 opus
636 4936 706 4993 ad
740 4937 982 4994 omnium
1014 4938 1405 5009 prophetarum
1456 4936 1820 4993 eruditionem
1860 4942 2024 5004 atque

454 5031 712 5088 solatium
739 5047 757 5086 :
784 5045 926 5102 quos
955 5038 1035 5087 re‘
1058 5031 1177 5101 ipsa
1220 5029 1483 5087 certiores
1521 5028 1650 5084 fecit
1683 5027 1753 5085 de
1793 5025 2023 5083 indubio

454 5119 660 5176 Christi
686 5118 843 5191 155
867 5119 1127 5186 adventu,
1157 5126 1215 5176 et
1240 5118 1310 5175 de
1337 5120 1580 5175 omnium
1617 5119 1901 5174 hominum
1929 5132 2025 5188 per

457 5210 511 5265 id
541 5220 759 5281 tempus
791 5211 860 5265 ad
900 5212 1100 5268 bonam
1140 5211 1350 5283 frugem
1382 5211 1593 5278 reditu;
1630 5208 1833 5266 ludatis
1878 5211 2021 5265 inte-

459 5304 559 5357 rim
587 5301 745 5357 valde
769 5303 837 5358 ad
869 5305 1001 5359 vitia
1034 5303 1501 5370 incumbentibus,
1547 5302 1657 5359 Deo
1694 5303 1766 5358 ita
1805 5303 2026 5371 permit-

458 5399 603 5447 tente
625 5391 698 5447 ob
737 5392 1225 5451 demonstrandum
1266 5394 1466 5451 mentis
1508 5395 1761 5449 humana:
1790 5395 2021 5450 liberum

457 5485 743 5541 arbitrium
782 5500 846 5542 ac
873 5486 1262 5558 fragilitatem;
1299 5486 1394 5543 sed
1422 5484 1659 5558 denique
1694 5488 1798 5543 sub
1822 5486 2022 5544 Christi

524 5615 870 5693 ῇξργΕιοάῗιι,
912 5623 937 5678 1
1050 5627 1095 5658 ’⁸
1131 5626 1242 5682 Jer.
1288 5643 1325 5691 ι,
1367 5630 1421 5682 6.

530 5753 642 5820 {33)
683 5753 756 5811 Ita
795 5759 913 5815 cod.
940 5774 1047 5814 non
1075 5761 1185 5818 ὑπ’.

2128 4579 2469 4651 ποιούμενος,
2508 4578 2785 4651 ἐξαίρετον
2811 4579 2869 4633 δέ
2905 4596 3027 4633 τινα
3064 4580 3244 4651 νέμων
3267 4582 3379 4643 τοῖς
3408 4577 3574 4634 αὑτοῦ
3605 4579 3714 4651 τὴν

2126 4670 2474 4741 κηδεμονίαν,
2510 4667 2770 4732 πολλάκις
2803 4668 2903 4739 μὲν
2943 4668 3211 4740 ἐδήλωσεν
3250 4669 3429 4731 αὐτοῖς
3478 4667 3578 4739 τὴν
3612 4668 3714 4721 επὶ

2124 4761 2225 4832 τῆς
2244 4760 2461 4826 δείξεως
2490 4758 2585 4814 τοῦ
2618 4760 2890 4814 Δεσπότου
2928 4760 3165 4831 Χριστοῦ
3193 4760 3568 4830 γενησομένην
3600 4776 3703 4830 με-

2125 4851 2356 4923 ταϐολὴν
2386 4850 2496 4905 τῶν
2518 4851 2872 4924 ἀνθρωπείων
2901 4852 3267 4923 πραγμάτων,
3291 4853 3379 4907 ὅτε
3414 4851 3480 4922 δὴ
3503 4852 3713 4915 πάντες

2125 4944 2357 5016 ήμελλον
2395 4946 2462 4999 ὲκ
2504 4944 2598 4999 τοῦ
2646 4944 2887 5018 χείρονος
2928 4946 3049 5018 θείᾳ
3080 4946 3262 5018 χάριτι
3304 4945 3480 5001 νεύειν
3522 4946 3618 4999 ἐπὶ
3644 4947 3715 4999 τὸ

2125 5038 2373 5108 κρεῖττον
2410 5053 2425 5069 ⁸
2463 5037 2770 5091 τελευταῖον
2797 5037 2855 5092 δὲ
2891 5038 2985 5091 καὶ
3016 5037 3115 5109 τὴν
3163 5037 3463 5108 παράδοξον
3494 5037 3712 5108 ταύτην

2126 5126 2389 5198 ἐργασίαν
2418 5127 2520 5200 τὴν
2554 5127 2698 5183 κατά
2718 5127 2808 5182 τὸν
2841 5128 3127 5200 προφήτην
3175 5129 3360 5183 Ἰωνᾶν
3386 5127 3711 5197 πεποίηται,

2127 5220 2208 5281 είς
2243 5218 2588 5273 διδασκαλίαν
2639 5236 2701 5273 τε
2758 5220 2851 5273 καὶ
2906 5219 3264 5289 ψυχαγωγίαν
3321 5220 3539 5273 πάντων
3594 5219 3713 5271 τῶν

2128 5311 2423 5382 προφητῶν
2463 5312 2531 5365 δι’
2564 5304 2638 5365 ὧν
2686 5311 2868 5381 ἔργοις
2916 5310 3128 5363 ἔπειθεν
3173 5311 3389 5373 αὑτοὺς,
3423 5308 3497 5372 ὡς
3524 5306 3713 5377 άληθῆ

2132 5400 2229 5470 μὲν
2261 5400 2412 5454 ἔσται
2454 5400 2522 5455 τά
2554 5401 2694 5455 κατά
2737 5400 2828 5453 τὸν
2867 5400 3142 5471 Δεσπότην
3184 5400 3415 5472 Χριστόν
3439 5417 3452 5429 ·
3481 5398 3573 5452 καὶ
3623 5399 3715 5451 ὅτι

2131 5491 2329 5557 πάντες
2357 5493 2629 5563 ἄνθρωποι
2646 5492 2769 5564 θείᾳ
2792 5493 2969 5564 χάριτι
2994 5493 3111 5546 τότε
3135 5491 3547 5563 μετελεύσονται
3565 5488 3717 5563 πρὸς
