3966 6222
249 347 359 404 3'35

1418 340 1824 397 COMMENTM

1930 342 1967 396 S
2006 341 2075 396 IN
2118 341 2359 398 JONAM.
3404 349 3512 408 3‘26

246 477 309 513 το
352 461 473 512 δέον
495 476 512 491 ο
545 458 641 512 νῦν
674 459 771 529 μὲν
808 456 1073 511 Ἰουδαίων
1099 455 1388 520 ἀνενδότως
1429 457 1659 526 ἐχόντων
1713 458 1824 527 περ’

1942 456 2253 519 adventum,
2283 471 2392 527 quo
2423 466 2671 527 tempore
2704 474 2859 515 suam
2901 458 3044 515 Deus
3086 460 3317 531 gratiam
3360 473 3512 533 pate-

247 552 346 615 τὴν
373 549 472 603 τοῦ
509 550 751 621 χείρονος
776 548 1009 617 αἵρεσιν,
1041 546 1130 599 διά
1155 547 1216 598 τὸ
1244 548 1546 617 συγχωρεῖν
1573 544 1716 598 οὕτω
1740 544 1824 597 τὸν

1937 546 2186 603 facturus
2228 558 2363 611 erat,
2395 550 2578 603 cuncti
2629 549 2898 615 homines,
2951 550 3042 620 qui
3089 566 3235 605 nunc
3280 567 3509 621 prorsus

248 640 386 692 Θεὸν
407 681 420 699 ,
449 641 531 702 είς
561 640 784 708 ἔλεγχον
816 639 912 708 τῆς
965 637 1310 708 ἀνθρωπίνης
1364 634 1735 707 προαιρέσεώς
1771 651 1824 687 τε

1938 636 2202 708 impietati
2226 639 2394 692 dediti
2418 646 2596 703 erant,
2629 639 2695 692 ad
2720 639 2972 694 virtutem
2999 656 3224 696 cursum
3249 643 3507 697 directuri

249 730 349 781 καὶ
382 729 702 792 ἀσθενείαςο
752 729 847 782 ἐπὶ
899 728 954 781 δὲ
1005 729 1103 798 τῆς
1141 728 1234 781 τοῦ
1284 728 1556 779 Δεσπότου
1592 725 1824 797 Χριστοῦ

1936 739 2111 784 erant.
2150 728 2330 795 Quare
2373 732 2536 785 etiam
2572 732 2763 787 beatus
2799 731 3003 789 Paulus
3033 736 3129 800 ait,
3171 735 3509 791 conclusisse

249 826 561 894 παρουσίας
608 825 693 877 ὅτι
745 824 812 877 ἂν
864 826 962 893 τὴν
995 824 1201 877 οἰκείαν
1254 822 1510 893 βούληται
1561 822 1824 875 δεικνῦναι

1937 820 2104 875 Deum
2151 822 2333 875 omnia
2372 822 2476 875 sub
2523 833 2765 892 peccato,
2808 832 2866 878 ut
2910 825 3012 879 ﬁde
3048 824 3415 895 justiﬁcemur
3437 827 3505 890 ⁷³,

248 918 415 987 χάριν
451 918 482 970 ό
511 916 664 982 Θεὸς,
720 914 976 968 ἁπάντων
1029 912 1331 983 ἀνθρώπων
1377 915 1484 967 τῶν
1542 910 1824 973 διαπαντὸς

1930 913 2247 983 signiﬁcans
2294 916 2752 983 quemadmodum
2781 931 2811 969 a
2858 916 3163 985 majoribus
3196 919 3403 973 nostris
3436 919 3504 974 ad

249 1008 387 1079 πρὸς
438 1007 694 1061 ἀσέϐειαν
744 1007 1032 1068 νευόντων,
1061 1004 1159 1076 τὴν
1193 1006 1287 1057 ἐπὶ
1326 1004 1388 1057 τὸ
1421 1007 1671 1075 κρεῖττον
1704 1003 1824 1072 λαμ-

1931 1003 2189 1058 sectanda
2222 1003 2353 1057 vitia
2395 1004 2639 1059 inclinati
2680 1004 2984 1073 fuerimus;
3017 1022 3127 1076 quo
3170 1009 3378 1063 scilicet
3408 1024 3505 1063 co-

246 1097 525 1150 ϐανόντων
562 1099 768 1169 ῥοπήνο
806 1097 883 1161 ὠς
933 1098 1028 1150 καὶ
1060 1100 1088 1150 ό
1126 1099 1392 1168 μακάριος
1408 1092 1621 1157 Παῦλός
1649 1108 1833 1165 φησιν,

247 1188 331 1241 ὅτι
373 1206 395 1239 ι
444 1188 798 1241 Συνέκλεισεν
831 1190 864 1259 ἡ
892 1187 1082 1260 Γραφὴ
1111 1189 1180 1242 τὰ
1208 1190 1383 1243 πάντα
1406 1188 1509 1240 ὑπὸ
1537 1187 1830 1255 ἁμαρτίαν,

1934 1109 2329 1165 gnosceremus
2354 1097 2532 1165 gratia
2564 1096 2723 1153 nobis
2752 1114 2889 1167 opus
2922 1114 3041 1153 esse
3083 1099 3149 1152 ad
3183 1098 3504 1155 discernen-

1936 1183 2060 1237 dam
2090 1191 2254 1254 atque
2288 1186 2727 1257 anteponendam
2762 1190 2937 1244 cuivis
2974 1191 3049 1244 rei
3082 1191 3362 1245 virtutem.

245 1283 336 1336 ἴνα
358 1284 427 1335 ὲκ
455 1285 688 1347 πίστεως
710 1283 1089 1354 δικαιωθῶμεν
1119 1300 1133 1313 ο
1174 1302 1193 1335 ι
1227 1284 1303 1353 (p.
1333 1282 1460 1353 256)
1482 1283 1696 1345 δεικνὺς
1721 1282 1802 1334 ὅτι
1844 1283 1907 1334 ὲκ
1936 1280 2044 1332 τῶν
2084 1280 2487 1351 προειληφότων
2522 1281 2620 1353 τὴν
2647 1282 2739 1336 ἐπὶ
2769 1284 2830 1336 τὸ
2850 1287 3029 1355 χεῖρον
3064 1284 3172 1337 τῶν
3207 1283 3507 1355 ἀνθρώπων

244 1374 649 1444 ἐπαιδεύθημεν
678 1375 869 1447 ῥοπὴν,
899 1376 983 1428 ἵνα
1010 1374 1269 1446 μάθωμεν
1312 1376 1393 1429 ὅτι
1431 1375 1580 1439 θείας
1621 1375 1838 1445 χάριτος
1884 1372 2115 1442 δεόμεθα
2147 1374 2281 1442 πρὸς
2334 1374 2394 1426 τὸ
2425 1374 2715 1444 διαγνῶναί
2749 1392 2808 1428 τε
2852 1375 2947 1429 καὶ
2984 1374 3260 1446 προθεῖναι
3290 1374 3507 1427 πάντων

241 1467 303 1521 τὸ
336 1470 605 1535 κρεῖττον.

313 1558 524 1612 Τούτου
553 1575 615 1626 γε
641 1558 912 1625 ἀπόδειξιν
945 1559 1193 1630 αὐτάρκη
1228 1557 1530 1630 παρέσχετο
1561 1560 1672 1619 τοῖς
1691 1573 1824 1627 προσ

1999 1556 2240 1621 Quarum
2272 1569 2453 1607 rerum
2482 1552 2730 1607 idoneam
2762 1551 2816 1606 in
2864 1551 3117 1621 praesenti
3159 1550 3506 1605 demonstra-

244 1649 448 1720 φήταις
471 1650 539 1701 τὰ
570 1651 836 1721 παρόντα,
868 1652 924 1702 ἐν
956 1654 1069 1713 τοῖς
1085 1650 1226 1703 κατὰ
1246 1649 1337 1703 τὸν
1375 1650 1556 1702 Ἰωνᾶν
1593 1647 1824 1718 μάλιστα

1930 1649 2129 1701 tionem
2157 1647 2434 1715 prophetis
2450 1646 2716 1710 exhibuit,
2737 1660 2856 1699 eam
2892 1645 3100 1699 scilicet
3129 1658 3293 1712 quam
3321 1642 3376 1697 in
3405 1639 3502 1697 Jo-

242 1738 404 1791 τοῦτο
436 1739 631 1808 χρῆναι
660 1738 935 1809 δειχθῆναι
961 1738 1224 1809 νομίζων’
1252 1738 1312 1801 δς
1354 1739 1526 1791 τύπον
1560 1738 1617 1789 έν
1648 1734 1824 1807 ἑαυτῷ

1931 1754 2012 1793 na:
2064 1738 2337 1808 praecipue
2388 1738 2610 1793 casibus
2660 1736 3071 1806 exprimendam
3114 1735 3358 1797 curavit,
3409 1734 3500 1803 qui

243 1846 365 1881 τινα
399 1830 508 1883 τῶν
546 1829 677 1900 περὶ
705 1830 798 1882 τὸν
834 1830 1110 1900 Δεσπότην
1149 1830 1421 1900 ἐσομένων
1467 1829 1705 1900 παρέσχε
1736 1828 1827 1881 τὸν

245 1920 488 1993 Χμστόν
509 1937 523 1953 ο
559 1920 880 1975 ἀποστέλλει
913 1922 1012 1992 μὲν
1045 1922 1153 1991 γάρ
1184 1920 1348 1975 αὐτὸν
1392 1923 1472 1984 είς
1499 1920 1699 1992 Νινευὴ
1730 1918 1828 1989 τὴν

244 2016 423 2079 πόλιν,
468 2015 712 2086 μεγάλην
768 2011 929 2069 οὖσαν
967 2014 1062 2068 καὶ
1115 2014 1689 2085 πολυανθρωποτάτην,
1734 2013 1828 2065 καὶ

242 2108 349 2162 τῶν
374 2108 437 2160 έν
480 2108 790 2178 ’Δσσυρίοις
845 2105 1091 2177 βασιλίδα
1123 2106 1501 2176 τυγχάνουσαν
1518 2124 1532 2138 ο
1558 2100 1670 2178 ένῇ
1698 2105 1828 2158 πάν-

242 2217 329 2263 τες
359 2198 506 2270 πρὸς
556 2198 813 2252 ἀσέϐειάν
841 2214 903 2251 τε
940 2195 1159 2269 ἐώρων,
1192 2198 1289 2252 κα)⁸
1334 2196 1591 2268 μοχθηρῷ
1650 2214 1822 2268 προσ-

250 2295 477 2362 ανεῖχον
529 2291 651 2361 βίῳ,
682 2293 915 2361 τρυφαῖς
938 2306 998 2342 τε
1031 2290 1124 2343 καὶ
1150 2290 1365 2344 ἀνέσεσι
1391 2291 1484 2343 καὶ
1514 2289 1826 2354 ἀκολασίαις

244 2381 339 2433 καὶ
386 2380 540 2451 πάσῃ
574 2379 842 2444 συζῶντες
894 2380 1207 2453 παρανομίᾳ
1230 2398 1244 2413 ·
1280 2380 1488 2435 κελεύει
1524 2381 1580 2435 δὲ
1602 2379 1699 2451 τὴν
1726 2381 1825 2452 τῆς

243 2472 460 2535 πόλεως
485 2471 723 2542 μηνύσαι
753 2472 1096 2545 καθαίρεσιν,
1134 2476 1183 2526 εί
1214 2474 1287 2544 μὴ
1317 2473 1567 2527 νεύσειαν
1596 2473 1732 2545 πρὸς
1764 2472 1825 2525 τὸ

241 2565 359 2618 δέον
382 2582 399 2596 ’
431 2561 556 2619 εἶτα
587 2565 963 2635 παρεσκεύασε
992 2567 1201 2629 πάντας
1226 2566 1469 2629 ἐκείνους
1500 2565 1693 2638 ἀθρόον
1713 2583 1823 2634 φω-

241 2656 339 2726 νῆς
362 2655 675 2723 ἀκηκοότας
704 2654 797 2708 τοῦ
827 2656 1128 2727 προφήτου,
1164 2654 1222 2709 ὃν
1267 2655 1365 2726 οὐχ
1405 2656 1551 2717 ὅστις
1586 2650 1654 2727 ἦν
1691 2654 1822 2725 ἠπί-

246 2762 464 2808 σταντο,
491 2745 610 2799 ἀλλ’
666 2745 785 2798 οὐδὲ
835 2746 972 2814 μετά
1027 2745 1318 2817 θαυμάτων
1372 2744 1607 2815 φανέντα
1662 2741 1821 2809 εἶδον,

243 2838 386 2890 ὥστε
414 2837 680 2907 ἔκπληξιν
718 2837 881 2889 αὑτοῦ
931 2854 1056 2890 τινα
1086 2837 1270 2891 λαϐεῖν
1290 2853 1304 2866 ⁸
1330 2837 1576 2891 ἐντεῦθεν
1599 2837 1825 2909 μεταθε-

247 2928 447 2993 μένους
478 2927 582 2997 τῆς
626 2927 859 2997 πρόσθεν
884 2925 1110 2998 γνώμης
1135 2927 1245 2982 ἀπὸ
1277 2928 1446 2999 μόνης
1470 2928 1569 2998 τῆς
1598 2927 1824 2998 ἀπειλῆς

244 3019 384 3089 πρρς
417 3019 484 3071 τὸ
514 3021 765 3089 κρεῖττον
800 3018 945 3082 ἰδεῖν,
977 3017 1221 3082 ὲθνικούς
1246 3035 1305 3071 τε
1346 3019 1508 3082 ὂντας
1536 3019 1629 3072 καὶ
1674 3019 1824 3072 οὐδὲν

244 3083 595 3172 διδασκαλίας
634 3104 773 3172 εἶδος
806 3111 887 3172 είς
936 3108 1247 3162 θεοσέϐειαν
1279 3109 1519 3181 ἡκούσης
1559 3110 1820 3181 πρότερον
1850 3094 1891 3155 c

243 3201 623 3269 ἱεδειγμένους
660 3216 675 3232 ο
707 3200 782 3263 ὡς
809 3199 875 3254 ἀν
924 3198 1216 3271 δηλώσειεν
1261 3201 1325 3253 ὲκ
1369 3199 1478 3254 τῶν
1519 3199 1822 3272 παρόντων,

245 3294 323 3360 (ρ.
353 3293 492 3361 237)
532 3292 617 3345 ὅτι
671 3291 816 3346 κατὰ
866 3292 1052 3345 τοῦτον
1088 3293 1181 3344 τὸν
1222 3290 1423 3362 τρόπον
1452 3293 1545 3345 ἐπὶ
1587 3291 1686 3362 τῆς
1728 3291 1823 3344 τοῦ

245 3383 523 3437 Δεσπότω
574 3382 813 3454 Χριστοῦ
865 3384 1169 3455 παρουσίας
1214 3383 1429 3438 ἅπαντα
1479 3385 1548 3439 τά
1583 3384 1709 3455 έθνη
1756 3388 1823 3457 τῇ

242 3474 421 3543 οἰκείᾳ
442 3474 629 3544 χάριτι
659 3473 845 3527 νεῦσαι
881 3476 1297 3547 παρασκευάσει
1322 3476 1456 3548 πρὸς
1478 3475 1538 3528 τὸ
1558 3478 1822 3546 κρεῖττον,

244 3566 348 3618 κᾶν
396 3565 652 3618 ἀπειθεῖν
702 3564 957 3619 ἐθέλωσιν
1001 3568 1241 3621 Ἰουδαῖοι
1282 3570 1348 3638 τῇ
1403 3567 1502 3630 τῆς
1548 3567 1824 3631 εὐσεϐείας

243 3657 580 3727 διῖασκαλίᾳ.

328 3747 615 3801 Ἐντεῦθεν
644 3750 674 3801 ό
711 3747 976 3821 μακάριος
1006 3750 1291 3821 προφήτης
1317 3750 1379 3803 ἐκ
1406 3766 1467 3804 τε
1486 3748 1594 3802 τῶν
1621 3749 1824 3821 παρόν-

245 3859 355 3894 των
388 3840 647 3904 συνειδὼς
676 3841 751 3904 ὡς
778 3842 876 3912 τῆς
922 3843 1156 3913 ἐσχάτης
1177 3843 1314 3907 ἄξιοι
1350 3841 1640 3911 φανοῦνται
1663 3858 1826 3910 τιμω-

250 3934 372 4003 ρίας
415 3932 682 3996 Ἰουδαῖοι,
729 3932 795 3986 ὲκ
841 3934 1109 4005 τοσαύτης
1160 3934 1506 3997 διδασκαλίας
1558 3933 1823 4004 μηδεμίαν

246 4025 532 4095 δεξάμενοι
562 4025 869 4095 διόρθωσιν,
910 4027 958 4079 εί
997 4024 1276 4079 Νινευῖται
1304 4025 1524 4096 ἀσεϐείᾳ
1557 4023 1824 4089 συζῶντες

246 4118 340 4170 καὶ
372 4116 766 4189 στρεφόμενοι,
802 4116 996 4187 ἀθρόον
1031 4118 1097 4170 ὲκ
1139 4116 1422 4187 μηνύσεως
1453 4116 1618 4186 μόνης
1656 4131 1819 4185 μετα·

247 4209 463 4279 θέμενοι
505 4207 777 4276 φαίνοιντο
823 4207 957 4279 πρὸς
983 4207 1045 4259 τὸ
1069 4209 1316 4278 κρεῖττον
1345 4223 1359 4238 ’
1384 4206 1477 4260 καὶ
1510 4206 1592 4259 ὅτι
1621 4206 1823 4260 τούτων

244 4299 308 4369 δὴ
334 4299 476 4369 πρὸς
503 4297 776 4361 ἀπόδειξιν
803 4297 1138 4368 γιγνομένων
1173 4296 1283 4353 τῶν
1323 4297 1462 4350 κατὰ
1500 4296 1592 4350 τὸν
1616 4297 1821 4350 Δεσπό-

1930 1832 2221 1902 quamdam
2262 1845 2445 1884 rerum
2485 1830 2537 1882 in
2565 1829 2785 1884 Christo
2835 1827 3066 1881 Domino
3099 1827 3501 1881 eiiiciendarum

1928 1923 2217 1993 imaginem
2262 1922 2317 1976 in
2367 1936 2427 1975 se
2472 1921 2592 1991 ipso
2642 1921 2895 1990 gestavit.
2951 1919 3119 1973 Mittit
3174 1920 3319 1974 enim
3375 1934 3499 1973 eum

1928 2013 2071 2069 Deus
2102 2014 2155 2067 in
2207 2025 2455 2082 magnam
2492 2011 2683 2065 urbem
2716 2010 2967 2075 Niniven,
3002 2011 3203 2080 populo
3232 2010 3501 2079 copiosis-

1928 2104 2148 2167 simam,
2190 2103 2542 2173 Assyriorum
2586 2100 2791 2171 regiam
2839 2099 3062 2166 sedem;
3115 2099 3273 2169 cujus
3316 2099 3497 2153 cuncti

1927 2194 2074 2249 cives
2117 2208 2227 2247 non
2265 2194 2383 2247 sine
2432 2192 2712 2261 religionis
2758 2186 3072 2261 c0ntemptu
3115 2204 3341 2261 pravum
3376 2189 3500 2243 vitas

1927 2300 2098 2356 genus
2123 2284 2422 2354 agitabant,
2449 2284 2583 2345 otio,
2608 2284 2841 2348 luxuria,
2868 2284 3311 2354 intemperantia,
3337 2290 3502 2353 atque

1925 2376 2258 2431 omnimodis
2311 2374 2465 2430 vitiis
2514 2375 2870 2430 difﬂuentes:
2926 2375 3187 2444 iubetque
3234 2384 3294 2430 ut
3347 2375 3500 2429 urbis

1926 2468 2196 2523 excidium
2242 2468 2478 2531 nuntiet,
2512 2466 2619 2522 nisi
2653 2466 2848 2521 incola:
2887 2465 2954 2520 ad
3000 2465 3235 2521 oﬂicium
3268 2481 3501 2521 conver-

1926 2565 2137 2612 tantur.
2186 2556 2321 2611 Exin
2374 2553 2588 2610 curavit
2636 2553 2800 2617 Deus,
2835 2561 2892 2607 ut
2936 2554 2973 2608 ii
3026 2562 3250 2622 repente
3304 2569 3497 2610 omnes

1924 2650 2112 2705 audita
2156 2647 2439 2718 prophetae
2483 2659 2614 2699 voce
2648 2644 2830 2714 (quem
2858 2651 3016 2697 antea
3060 2644 3285 2699 minime
3332 2659 3499 2700 nove-

1923 2751 2071 2807 rant,
2097 2756 2274 2811 neque
2303 2754 2448 2795 nunc
2471 2736 2735 2808 prodigiis
2758 2736 3149 2792 communitum
3177 2736 3493 2799 cernebant,

1923 2834 1998 2889 ita
2029 2841 2089 2888 ut
2111 2833 2234 2903 ejus
2260 2830 2620 2887 admiratione
2646 2828 2829 2899 aliqua
2860 2828 3486 2899 percellerentur),cura-

1922 2925 2021 2989 vit,
2054 2926 2297 2995 inquam,
2333 2923 2475 2976 Deus
2499 2927 2559 2975 ut
2592 2920 2776 2990 priore
2808 2918 3028 2990 ingenio
3066 2925 3293 2986 mutato,
3320 2919 3497 2974 mina-

1925 3030 2159 3085 rumque
2202 3014 2253 3067 vi
2306 3011 2551 3082 impulsi,
2607 3011 2675 3067 ad
2719 3010 2942 3067 saniora
2992 3010 3220 3065 consilia
3259 3018 3495 3065 mentem

1926 3106 2271 3163 intenderent
2293 3102 2646 3175 quantumvis
2672 3102 2899 3169 ethnici,
2922 3109 2980 3158 et
3015 3101 3106 3171 qui
3152 3100 3357 3155 nullam
3397 3115 3495 3156 ve-

1925 3215 2000 3255 rae
2042 3196 2258 3269 pietatis
2297 3196 2534 3265 speciem
2564 3192 2831 3249 hactenus
2861 3207 2971 3262 prae
3010 3207 3070 3247 se
3097 3192 3356 3247 tulerant.
3388 3190 3496 3247 Res

1924 3302 2055 3360 ergo
2088 3301 2328 3359 praesens
2354 3284 2604 3347 docebat,
2640 3281 2758 3339 fore
2797 3290 2859 3337 ut
2882 3281 3069 3338 eadem
3113 3282 3325 3337 ratione
3346 3282 3496 3337 circa

1924 3378 2140 3433 Domini
2165 3377 2369 3432 Christi
2410 3374 2703 3430 adventum
2747 3372 2935 3444 populi
2971 3387 3184 3436 omnes,
3229 3374 3277 3427 vi
3309 3372 3496 3444 gratiae

1924 3471 2063 3541 ejus,
2121 3469 2189 3525 de
2242 3467 2462 3523 virtutis
2506 3465 2689 3521 studio
2744 3466 3079 3537 cogitarent:
3133 3464 3335 3520 Iudaeis
3368 3466 3495 3521 licet

1924 3563 2203 3619 obstinata
2231 3558 2618 3616 incredulitate
2646 3555 2949 3611 doctrinam
2982 3555 3198 3626 pietatis
3232 3571 3494 3626 respuen-

1924 3654 2092 3709 tibus.

2003 3744 2164 3815 156
2205 3740 2571 3809 Quamobrem
2617 3739 2811 3794 beatus
2837 3740 3096 3807 propheta
3129 3753 3195 3791 ex
3240 3738 3492 3806 praesenti

1923 3855 1983 3893 re
2008 3836 2391 3906 cognoscebat,
2436 3832 2554 3889 iore
2579 3841 2641 3888 ut
2670 3839 2915 3888 extremo
2943 3828 3256 3884 viderentur
3284 3829 3492 3899 suppli-

1924 3931 2012 3985 cio
2039 3928 2188 3999 digni
2212 3926 2406 3991 Judzei,
2437 3925 2532 3996 qui
2569 3933 2724 3979 tanto
2743 3937 2774 3976 a
2800 3920 3116 3993 magisterio
3140 3920 3343 3974 nullam
3370 3919 3492 3973 vita:

1922 4020 2356 4076 emendationem
2385 4021 2809 4079 contraxerant;
2838 4013 2965 4069 dum
2998 4011 3217 4067 interim
3240 4008 3492 4065 Ninivitm

1922 4110 2073 4165 omni
2110 4107 2386 4178 quondam
2434 4105 2782 4175 improbitate
2828 4101 3022 4173 polluti
3054 4116 3118 4156 ac
3157 4100 3491 4162 volutantes,

1924 4203 2108 4259 statim
2139 4201 2256 4256 solo
2290 4196 2698 4269 praedicationis
2720 4204 2930 4250 terrore
2968 4193 3033 4247 ad
3072 4192 3349 4246 meliorem
3377 4189 3492 4244 iru-

1923 4309 2042 4365 gem
2100 4290 2337 4345 traducti
2395 4288 2652 4343 fuissent.
2715 4285 2962 4355 Cumque
3008 4284 3122 4337 haec
3163 4281 3490 4351 intelligeret

244 4407 345 4459 την
403 4390 689 4461 ἐσομένων
746 4388 1013 4459 Χριστὸν,
1043 4390 1105 4442 τὸ
1150 4389 1281 4443 αὑτὸ
1334 4389 1391 4442 δὲ
1437 4389 1590 4443 τοῦτο
1641 4388 1822 4460 πολλῷ

1930 4384 2064 4451 lieri,
2092 4382 2162 4437 ob
2194 4395 2257 4435 ea
2288 4377 2645 4446 signiﬁcanda
2682 4392 2806 4448 quae
2847 4374 2991 4430 circa
3030 4372 3236 4427 Christi
3276 4371 3489 4426 Domini

248 4480 407 4534 πλέον
432 4480 800 4550 συμϐήσεται,
816 4479 966 4532 ὁπότ’
987 4479 1052 4533 ἂν
1078 4480 1146 4533 τά
1181 4480 1281 4549 μὲν
1309 4478 1440 4550 ἔθνη
1469 4481 1535 4550 τῇ
1570 4478 1688 4551 θείᾳ
1721 4495 1823 4532 κα-

248 4572 488 4643 λούμενα
538 4571 721 4642 χάριτι
759 4570 900 4640 ῥέπῃ
930 4568 1067 4640 πρὸς
1092 4568 1191 4640 τὴν
1242 4569 1545 4634 εὐσέϐειαν,
1588 4569 1828 4622 Ἰουδαῖοι

246 4666 303 4718 δὲ
330 4664 578 4733 μένωσιν
602 4660 850 4723 ἀπειθεῖς
883 4660 974 4714 καὶ
1012 4661 1087 4731 μὴ
1123 4659 1399 4730 δεχόμενοι
1421 4660 1515 4714 τὸν
1550 4660 1827 4731 Ἀεσπότην

246 4754 504 4826 Χριστὸν,
524 4744 588 4805 οὗ
617 4751 718 4823 τὴν
746 4752 977 4823 μήνυσιν
1002 4752 1096 4805 καὶ
1126 4752 1223 4822 τὴν
1251 4750 1598 4804 διδασκαλίαν
1622 4750 1827 4806 ἀνωθεν

249 4848 562 4921 φερομένην
592 4842 738 4915 εἶχον
769 4845 899 4915 παρ’
930 4846 1175 4907 ἑαυτοῖς’
1198 4845 1281 4897 ὅτι
1312 4861 1372 4896 τε
1419 4843 1666 4897 ἐντεῦθεν
1699 4843 1828 4915 κλη-

252 4939 468 5011 ρονόμοι
508 4939 611 5009 μὲν
656 4936 1136 5008 ἀποφανθήσονται
1175 4938 1271 5005 τῆς
1302 4934 1576 5006 βασιλείας
1599 4934 1708 4987 τῶν
1735 4935 1826 4987 ού-

251 5035 426 5105 ρανῶν
458 5034 511 5085 oi
557 5030 839 5100 πανταχοῦ
878 5030 982 5100 γῆς
1028 5028 1304 5092 οἰκοῦντες
1347 5028 1657 5099 ἄνθρωποι,
1693 5027 1826 5094 ἔξω·

252 5126 542 5196 σθήσονται
591 5124 650 5177 δὲ
691 5125 791 5195 τῆς
835 5123 1044 5194 δωρεᾶς
1090 5122 1294 5193 ταύτης
1340 5121 1426 5175 διὰ
1474 5119 1571 5192 τὴν
1620 5119 1825 5173 οίκείαν

248 5212 531 5266 ἀπείθειάν
549 5228 609 5265 τε
637 5213 731 5265 καὶ
764 5211 1022 5265 ἀσέϐειαν
1054 5211 1313 5274 Ἰουδαῖοι,
1343 5210 1519 5264 καίτοι
1544 5225 1609 5277 γε
1635 5208 1821 5274 δόξαν·

249 5319 339 5365 τες
369 5303 429 5354 έν
466 5300 708 5371 τοσαύτῃ
742 5298 1063 5370 διδασκαλίᾳ
1104 5298 1199 5352 τοῦ
1248 5298 1554 5370 κρείττονος
1599 5297 1825 5367 γεγενῆ-

252 5394 397 5457 σθαι,
426 5389 746 5458 ἀναγκαίως
782 5389 1005 5461 ⁴ἰχθύμει,
1036 5389 1265 5453 πένθους
1292 5389 1442 5455 ἀξιον
1488 5387 1824 5459 πανταχόθεν

251 5484 391 5552 ὁρῶν
415 5482 476 5535 τὸ
508 5484 763 5554 πρᾶγμα,
794 5483 889 5535 καὶ
920 5481 1203 5551 συναλγῶν
1238 5485 1338 5554 μὲν
1369 5481 1645 5545 Ἰουδαίοις
1683 5481 1825 5534 εἰκό-

250 5589 386 5634 τως.
417 5575 495 5641 (ρ.
552 5572 680 5640 258)
720 5572 975 5639 τοιούτοιν,
1034 5590 1093 5627 τε
1130 5568 1247 5628 οὖσι
1286 5573 1379 5627 καὶ
1418 5571 1653 5627 τοσαῦτα
1702 5571 1828 5642 μέλ-

331 5744 370 5777 ⁸⁶
412 5747 546 5801 Rstn
611 5765 685 5815 λι,
704 5712 812 5805 732.

1928 4478 2214 4532 adventum
2244 4471 2428 4526 futura
2449 4477 2637 4535 erant;
2664 4485 2774 4526 rem
2800 4468 2975 4522 multo
2997 4465 3301 4537 graviorem
3328 4480 3492 4521 even-

1927 4576 2104 4622 turam
2152 4564 2397 4629 videbat,
2440 4577 2563 4616 cum
2616 4559 2823 4615 ethnici
2865 4557 3049 4613 divina
3091 4555 3265 4626 gratia
3317 4556 3492 4610 vocati

1929 4658 1996 4713 ad
2024 4659 2277 4727 pietatem
2308 4653 2678 4711 conﬂuerent:
2707 4649 2911 4705 Iudaeis
2935 4646 3294 4702 nihilominus
3314 4645 3493 4700 incre-

1928 4749 2209 4805 dulitatem
2238 4759 2391 4799 suam
2440 4741 2736 4797 retinentib
2778 4755 2826 4806 ε,
2862 4753 3038 4807 neque
3070 4736 3349 4791 Christum
3388 4736 3495 4789 Do-

1931 4841 2140 4896 minum
2166 4833 2577 4906 recipientibus,
2620 4832 2778 4901 cujus
2813 4828 3108 4899 caeteroqui
3136 4826 3492 4897 signiﬁcatio-

1933 4947 2055 4986 nem
2089 4937 2253 4999 atque
2300 4926 2604 4982 doctrinam
2656 4924 2872 4979 coalitus
2912 4922 3210 4977 immissam
3253 4919 3392 4987 apud
3434 4932 3494 4972 se

1934 5021 2241 5087 habebant;
2292 5026 2454 5088 atque
2492 5016 2621 5070 hinc
2649 5014 2804 5086 regni
2851 5012 3085 5069 omit-stis
3125 5009 3363 5064 heredes
3394 5008 3491 5062 de-

1932 5115 2200 5169 claratum
2236 5110 2301 5165 iri
2334 5108 2607 5171 homines,
2634 5107 2730 5177 qui
2760 5106 2960 5175 ubique
2987 5111 3255 5157 terrarum
3284 5098 3495 5152 habita-

1932 5211 2092 5271 rent;
2139 5202 2419 5258 exclusum
2454 5207 2635 5254 autem
2669 5198 2737 5252 iri
2788 5197 2856 5251 ab
2895 5196 2997 5249 hac
3034 5190 3326 5246 donatione
3370 5206 3468 5259 pro

1932 5304 2053 5367 pler
2085 5309 2239 5350 suam
2283 5291 2716 5345 incredulitatem
2766 5284 3209 5353 impietatemque
3256 5281 3495 5347 Judaros,

1932 5388 2026 5458 qui
2067 5394 2247 5440 tamen
2279 5383 2606 5438 videbantur
2652 5380 2707 5433 in
2751 5386 2860 5432 tam
2898 5375 3100 5449 inclyto
3128 5376 3346 5429 virtutis
3382 5389 3500 5428 ma-

1933 5476 2156 5550 gisterio
2186 5473 2418 5530 versari.
2451 5471 2578 5527 Haec
2609 5468 2923 5525 necessario
2953 5468 3227 5539 prophetae
3257 5467 3496 5519 animum

1932 5568 2297 5645 torquebant,
2369 5566 2675 5621 luctuosum
2758 5576 3151 5633 usquequaque
3220 5557 3495 5629 negotium
