3976 6226
461 321 562 378 5‘27

1646 311 2001 369 TllEODORl
2035 311 2262 369 MOPSU
2277 310 2516 368 ESTENI

3604 316 3709 372 3'23

459 435 757 497 cernentis,
798 433 1079 502 vicemque
1110 430 1422 487 Judzeorum
1452 437 1512 483 ut
1545 444 1643 499 par
1683 440 1802 483 erat
1838 429 2033 483 dolen-

2152 440 2287 482 tonat
2349 429 2674 499 ὑπομένειν·
2702 429 3022 503 ὀδυρόμενος
3069 430 3126 483 δὲ
3181 432 3230 483 εί
3263 432 3357 484 καὶ
3386 431 3481 484 νῦν
3509 433 3575 485 ὲκ
3613 438 3718 505 τῆς

460 527 557 590 tis.
596 527 690 596 qui
738 533 886 578 tanta
921 523 1189 594 dignitate
1230 536 1356 577 cum
1403 531 1609 586 essent,
1656 518 1713 572 in
1759 518 1891 572 talia
1924 518 2041 572 ruio

466 619 577 673 turi
616 624 794 671 erant.
844 615 1058 670 Rursus
1091 614 1357 685 propheta
1405 612 1689 674 mterebat,
1737 610 1866 679 quia
1906 624 2043 679 prm-

467 709 608 765 senti
655 706 1018 762 Ninivitarum
1084 704 1491 775 comparatione
1545 700 1820 771 digniores
1882 714 2043 770 poma

470 799 666 854 ﬁebant
691 796 864 852 Judaﬁ
898 816 910 851 :
952 806 1066 850 tum
1111 797 1165 851 in
1198 804 1478 865 posterum
1525 792 1778 847 districto
1815 791 2042 860 repudio

465 888 778 943 dimittendi
838 894 1016 950 erant.
1067 901 1179 957 prae
1225 884 1452 955 reliquis
1508 882 1711 952 ubique
1772 889 2042 936 terrarum

466 979 859 1034 exsistentihus
894 978 1112 1048 populis
1151 976 1218 1031 ad
1252 975 1532 1046 religionis
1560 989 1701 1028 verse
1733 972 2043 1026 doctrinam

467 1068 795 1123 accessuris.
828 1065 964 1119 Nam
993 1065 1040 1118 si
1087 1066 1280 1121 beatus
1325 1062 1528 1118 Paulus
1558 1062 1705 1131 luget
1733 1075 1921 1115 eorum
1955 1076 2045 1114 re-

461 1159 776 1229 jectionem,
829 1173 893 1212 ac
932 1172 1191 1226 supremo
1242 1172 1302 1213 se
1352 1170 1714 1211 occursurum
1774 1153 2046 1223 supplicio

467 1249 703 1303 libenter
744 1264 933 1304 eorum
981 1263 1148 1304 causa
1181 1248 1278 1311 ait,
1319 1255 1380 1302 ut
1408 1247 1495 1302 his
1522 1247 1587 1301 ad
1625 1244 1863 1300 ollicinm
1891 1260 2046 1299 revo—

467 1341 605 1397 catis
646 1340 882 1396 ediceret
919 1355 1027 1395 non
1071 1340 1319 1394 inutilem
1365 1347 1573 1393 tantam
1614 1336 1707 1392 Dei
1757 1335 2048 1407 providen-

466 1433 598 1487 tiam
627 1450 640 1487 :
685 1451 702 1481 ι
738 1431 878 1485 Vere
925 1432 1071 1485 enim
1125 1431 1180 1485 in
1214 1430 1434 1485 Christo
1467 1429 1609 1491 dico.
1644 1442 1753 1482 non
1786 1427 2043 1490 mentior,

473 1522 848 1577 testimonium
890 1522 1208 1593 perhibente
1257 1520 1391 1576 mihi
1443 1518 1779 1576 conscientia
1826 1532 1945 1574 mea
1989 1516 2044 1570 in

472 1613 679 1683 Spiritu
709 1624 922 1678 sancto.
972 1615 1230 1685 quoniam
1286 1612 1510 1668 tristitia
1560 1619 1643 1665 est
1677 1609 1810 1663 mihi
1851 1622 2044 1679 magna

470 1716 527 1762 et
555 1707 852 1761 continuus
879 1706 1033 1760 dolor
1077 1705 1227 1760 cordi
1271 1719 1412 1760 meo.
1460 1702 1723 1771 Optabam
1765 1699 1909 1754 enim
1944 1712 2045 1769 ego

472 1801 589 1871 ipse
621 1803 914 1857 anathema
952 1817 1075 1858 esse
1113 1818 1143 1856 a
1176 1800 1397 1855 Christo
1446 1814 1545 1869 pro
1592 1795 1855 1851 fratribus
1886 1794 2043 1861 meis,

469 1896 564 1964 qui
603 1907 731 1951 sunt
757 1894 974 1965 cognati
1021 1893 1125 1950 mei
1164 1892 1467 1949 secundum
1503 1904 1748 1951 carnem,
1793 1886 1884 1956 qui
1913 1893 2045 1942 sunt

470 1985 762 2046 lsraelitae:
811 2000 1042 2055 quorum
1083 1984 1239 2055 157
1287 1981 1508 2052 adoptio
1555 1987 1639 2035 est
1679 1979 1733 2033 in
1784 1977 1945 2040 lilios,
1992 1984 2048 2032 et

471 2077 643 2145 gloria
690 2085 745 2131 et
794 2080 1179 2131 testamentum
1231 2082 1286 2129 et
1338 2071 1605 2144 legislatio
1648 2078 1704 2125 et
1752 2069 1935 2123 cultus
1993 2074 2049 2122 et

472 2167 911 2236 promissiones;
960 2181 1194 2237 quorum
1252 2172 1456 2235 patres,
1496 2172 1551 2217 et
1597 2177 1664 2216 ex
1717 2158 1918 2230 quibus
1966 2164 2048 2212 est

472 2259 725 2315 Christus
762 2259 1061 2317 secundum
1097 2272 1341 2318 carnem,
1383 2255 1478 2325 qui
1523 2260 1609 2308 est
1653 2265 1819 2321 super
1857 2247 2043 2303 omnia

474 2350 618 2406 Deus
673 2351 997 2407 benedictus
1047 2349 1103 2403 in
1167 2347 1407 2413 sacula,
1453 2360 1613 2400 amen
1656 2343 1725 2397 ".
1777 2358 1798 2393 ι
1852 2338 2047 2394 Nonne

473 2443 601 2497 hinc
635 2451 873 2508 constat,
920 2441 1215 2513 prophetas
1245 2452 1464 2509 quoque
1497 2434 1687 2491 eadem
1715 2430 1883 2487 animi
1914 2427 2045 2482 atre-

2139 517 2247 572 τῶν
2268 518 2561 572 Νινευῖτῶν
2576 520 2947 590 παραθέσεως,
2964 522 3234 592 τιμωρίας
3254 520 3393 586 ἄξιοι
3415 524 3717 592 φαίνοιντο·

2141 608 2235 661 καὶ
2263 608 2400 677 μετά
2427 607 2586 661 τοῦτό
2609 625 2671 677 γε
2696 609 2931 679 παντελῆ
2952 609 3050 681 τὴν
3075 611 3347 681 ἀποϐολὴν
3367 612 3715 682 ὑπομένοιεν,

2142 697 2439 769 παραθέσει
2462 698 2571 753 τῶν
2601 716 2659 751 τε
2689 700 2995 771 ἁπανταχοῦ
3027 702 3126 771 γῆς
3146 700 3316 755 ὄντων
3346 704 3515 758 ἐθνῶν
3544 722 3718 775 προσ-

2147 787 2285 842 ιέναι
2311 791 2378 859 τῇ
2420 789 2520 860 τῆς
2571 789 2854 853 εὐσεϐείας
2912 790 3214 861 μελλόντων
3266 793 3586 863 διδασκαλία⁵
3616 813 3630 826 ·
3668 797 3719 847 εί

2142 879 2250 951 γάρ
2276 883 2305 934 6
2345 881 2612 950 μακάριος
2656 881 2869 946 Παῦλος
2901 882 3155 955 ὀδύρεται
3209 885 3387 938 αὐτῶν
3417 886 3716 957 ἀποὸολὴν,

2143 972 2240 1024 καὶ
2265 971 2365 1032 τὴν
2395 973 2629 1042 ἐσχάτην
2658 972 2862 1042 ἔφασκε
2892 974 3162 1046 τιμωρίαν
3192 977 3487 1046 ὑπομενεῖν
3518 978 3717 1048 ἡδέως.

2143 1063 2284 1117 ὥστε
2313 1062 2536 1126 τούτους
2574 1064 2710 1135 πρὸς
2735 1064 2796 1117 τὸ
2816 1064 2935 1117 δέον
2968 1065 3195 1128 ἰδόντας.
3225 1066 3299 1137 μὴ
3319 1066 3417 1137 τὴν
3446 1067 3721 1136 τοσαύτην

2143 1154 2230 1207 ἐπ’
2274 1153 2456 1216 αὐτοῖς
2510 1156 2877 1224 γεγενημένην
2914 1154 3230 1225 ἐπιμέλειαν
3259 1156 3411 1226 παρά
3443 1155 3537 1210 τοῦ
3577 1158 3719 1211 Θεοῦ

2145 1244 2404 1315 περιττὴν
2446 1245 2785 1317 ἀποφῆναιοι
2828 1246 3110 1318 Ἀλήθειαν
3156 1248 3264 1319 γὰρ
3311 1250 3449 1317 λέγω
3489 1251 3547 1303 ὲν
3580 1252 3717 1320 Χριο

2147 1334 2277 1405 στῷ,
2312 1337 2373 1389 οὐ
2424 1335 2709 1408 ψεύδομαι,
2743 1340 3239 1411 συμμαρτυρούσης
3280 1358 3370 1410 μοι
3398 1340 3498 1410 τῆς
3537 1358 3719 1394 συνει-

2145 1426 2349 1498 δήσεώς
2381 1445 2483 1498 μου
2533 1430 2590 1481 ὲν
2644 1429 2918 1500 Πνεύματι
2951 1430 3218 1502 ἀγίῳ,ὄτι
3266 1432 3411 1502 λύπη
3461 1449 3553 1503 μοι
3599 1434 3723 1486 ἐστὶ

2149 1518 2361 1589 μεγάλη
2389 1520 2482 1573 καὶ
2512 1520 2849 1585 ἀδιάλειπτος
2879 1521 3037 1593 ὀδύνη
3071 1526 3137 1593 τῇ
3159 1524 3353 1594 καρδίᾳ
3387 1542 3487 1594 μου
3513 1538 3526 1552 ⁸
3554 1526 3723 1596 ηὐχό-

2151 1627 2255 1681 μην
2273 1612 2381 1683 γάρ
2412 1611 2659 1683 ἀνάθεμα
2691 1608 2828 1668 εἶναι
2873 1613 3034 1679 αὐτὸς
3072 1614 3184 1683 ἐγὼ
3211 1616 3319 1668 ἀπὸ
3353 1615 3448 1669 τοῦ
3481 1617 3720 1688 Χριστοῦ

2148 1698 2288 1771 ὑπὲρ
2303 1699 2409 1753 τῶν
2429 1700 2672 1770 ἀδελφῶν
2689 1719 2790 1772 μου
2810 1702 2919 1757 τῶν
2938 1704 3215 1773 συγγενῶν
3239 1723 3339 1775 μου
3357 1706 3497 1760 κατά
3513 1706 3719 1777 σάρκα,

2145 1788 2337 1853 οἵτινές
2365 1792 2501 1844 είσιν
2546 1793 2873 1864 Ἰσραηλῖται
2903 1806 2917 1822 ⁶
2956 1788 3031 1848 ὧν
3073 1795 3105 1865 ή
3133 1794 3372 1849 υἱοθεσία
3402 1797 3497 1849 καὶ
3521 1797 3557 1866 ἡ
3591 1797 3722 1861 δόξα

2147 1880 2240 1933 καὶ
2264 1880 2297 1950 ή
2327 1880 2557 1952 διαθήκη
2588 1887 2681 1938 καὶ
2710 1887 2743 1957 ἡ
2768 1888 3059 1959 νομοθεσία
3088 1890 3181 1945 καὶ
3205 1892 3237 1960 ἠ
3279 1890 3503 1962 λατρεία
3532 1894 3629 1946 καὶ
3660 1895 3719 1946 εί

2148 1972 2467 2040 ἐπαγγελίαι
2486 1990 2499 2003 ⁶
2526 1971 2602 2031 ὧν
2635 1978 2684 2030 οί
2723 1980 2980 2052 πατέρες,
3010 1982 3103 2036 καὶ
3135 1982 3195 2046 ἐξ
3221 1978 3296 2037 ὧν
3321 1985 3351 2036 ό
3395 1986 3625 2054 Χριστὸς
3658 1985 3723 2036 τὸ

2148 2063 2290 2117 κατά
2330 2065 2506 2137 σάρκα
2527 2107 2542 2133 ,
2568 2071 2597 2122 ό
2625 2069 2701 2123 ὢν
2742 2072 2835 2125 ἐπὶ
2889 2073 3108 2127 πάντων
3154 2074 3285 2138 Θεὸς
3316 2074 3607 2145 εὐλογητὸς
3640 2079 3722 2140 εἰς

2146 2154 2272 2218 τοὺς
2295 2155 2704 2230 αίῶνας,ἀμήν’
2743 2180 2763 2214 ι
2800 2163 2919 2227 πῶς
2953 2166 3015 2218 οὐ
3061 2167 3327 2238 πρόδηλον
3359 2171 3441 2222 ὅτι
3478 2168 3578 2238 τὴν
3622 2168 3723 2220 αύ-

2148 2243 2249 2315 τὴν
2285 2245 2497 2316 ἔχοντες
2525 2251 2620 2304 καὶ
2649 2253 2697 2305 oi
2746 2255 3023 2326 προφῆται
3065 2259 3310 2331 γνώμην,
3348 2260 3619 2331 ὠδύροντό
3663 2279 3723 2315 τε

2149 2336 2241 2391 επὶ
2264 2338 2471 2405 τούτοις
2496 2344 2589 2398 καὶ
2611 2344 2871 2417 ἐθρήνουν
2889 2388 2905 2407 .
2953 2351 3063 2404 εἴτε
3100 2352 3209 2405 τῶν
3228 2354 3349 2407 τότε
3385 2354 3724 2424 γιγνομένων

2148 2424 2353 2494 Ξνεκεν,
2385 2430 2493 2486 εἴτε
2526 2434 2751 2490 καὶτῶν
2782 2440 3133 2511 μηνυομένων
3159 2442 3376 2497 ἔσεσθαι
3408 2444 3659 2516 ὕστερον.

473 2535 651 2590 ctione
681 2534 956 2604 praeditos,
998 2532 1329 2603 ingemuisse
1358 2544 1523 2601 super
1556 2527 1645 2583 bis
1685 2532 1851 2594 atque
1885 2519 2114 2583 luxisse.
2150 2518 2265 2577 sive
2296 2523 2366 2579 ob
2398 2541 2461 2581 ea
2500 2542 2620 2598 qua:
2650 2541 2965 2596 evenerant,
3016 2534 3131 2590 sive
3158 2535 3227 2589 ob
3257 2551 3320 2590 ea
3347 2552 3470 2607 qua:
3496 2546 3726 2609 porten-

475 2624 772 2679 debantur?

545 2717 773 2786 Propter
806 2716 909 2770 hoc
952 2713 1132 2785 fugam
1164 2727 1384 2783 quoque
1423 2708 1688 2781 propheta
1723 2701 2042 2764 maturavit,

480 2823 709 2879 sperans
740 2822 799 2862 se
828 2807 1210 2861 necessitatem
1238 2805 1536 2859 vitaturum
1568 2796 1831 2855 faciendae
1860 2793 1926 2848 ad
1947 2791 2045 2846 Ni-

478 2901 676 2955 nivitas
712 2898 1103 2969 praedictionis,
1132 2907 1298 2968 atqne
1332 2898 1457 2950 hinc
1492 2890 1881 2963 impediturum
1909 2900 2048 2956 quo-

480 2992 662 3046 minus
695 3004 757 3044 ca
806 2990 1206 3061 contingerent.
1239 3003 1361 3058 qua
1415 2985 1762 3041 manifestam
1812 2978 2050 3036 Iudaica

477 3083 698 3139 malitim
723 3080 1140 3152 patelactionem
1170 3078 1403 3133 allatura
1432 3083 1607 3131 erant.
1637 3072 1757 3129 Jam
1781 3084 1909 3143 qua
1923 3083 2054 3124 eon-

478 3184 666 3230 secuta
697 3182 845 3237 sunt,
891 3170 1057 3226 dictis
1105 3170 1241 3225 meis
1265 3167 1585 3238 sull'ragium
1619 3161 1849 3219 addunt.
1886 3157 2054 3216 Natu-

477 3281 585 3336 que
621 3264 890 3328 Ninivitaa,
922 3261 1014 3332 qui
1052 3269 1200 3314 tanta
1228 3260 1511 3315 alacritate
1535 3256 1604 3312 ad
1626 3254 1882 3313 virtutem
1909 3265 2057 3308 men-

478 3366 587 3412 tem
621 3362 1027 3416 converterant,
1076 3352 1328 3407 bellicam
1358 3347 1761 3421 expeditionem
1789 3342 2054 3400 adversus

480 3447 756 3503 lsraelitas
812 3443 974 3513 paulo
1044 3451 1170 3512 post
1233 3444 1639 3511 susceperunt;
1719 3432 2055 3504 reliquisque

477 3541 639 3593 etiam
673 3538 728 3592 in
756 3535 1127 3606 captivitatem
1157 3532 1389 3598 abactis,
1416 3544 1634 3587 summa
1663 3528 1715 3582 vi
1742 3526 2052 3581 vastitatem

479 3628 874 3700 Hierosolymis
914 3627 1051 3696 ipsis
1104 3622 1310 3679 inferre
1342 3619 1525 3677 conati
1568 3628 1700 3676 sunt
1733 3636 1748 3673 :
1784 3630 1946 3688 quam
1982 3615 2053 3670 ob

479 3738 591 3777 rem
621 3736 812 3792 pcenas
840 3733 1058 3790 quoque
1082 3716 1350 3772 maximas
1379 3713 1490 3769 Deo
1519 3713 1761 3776 luerunt,
1798 3722 1936 3779 quas
1956 3705 2051 3778 qui

478 3814 800 3886 praedixerat
826 3810 1109 3865 Nahumus
1134 3804 1641 3880 propheta,scriptis
1660 3816 1878 3874 quoque
1901 3814 2053 3854 com—

480 3903 777 3959 mendavit.
828 3902 996 3971 Igitur
1036 3900 1188 3955 Jonze
1240 3897 1542 3970 prophetia,
1590 3906 1802 3950 necnon
1838 3905 1904 3947 ea
1931 3903 2053 3962 qua

480 4011 576 4067 per
613 3994 666 4048 id
699 4003 914 4062 tempus
959 3991 1216 4046 Ninivitis
1242 3990 1580 4047 acciderunt.
1626 3983 2051 4055 signiﬁcationes

480 4083 683 4140 divina:
710 4084 900 4155 gratias
939 4083 1181 4148 fuerunt,
1224 4080 1385 4149 cujus
1433 4077 1672 4147 impulsu
1702 4083 1810 4130 tam
1851 4074 2051 4145 procli-

481 4191 599 4230 vem
624 4174 803 4230 cuncti
837 4174 905 4227 ad
930 4173 1187 4227 virtutem
1216 4168 1631 4225 conversionem
1658 4165 1871 4235 experti
1898 4171 2047 4219 sunt.

480 4266 713 4321 Nahumi
747 4280 876 4321 vero
914 4264 1197 4337 prophetia
1237 4261 1581 4316 demonstrat
1610 4257 1926 4313 earumdem
1954 4255 2050 4310 Ni-

2229 2700 2401 2772 ’Υπὲρ
2433 2703 2542 2776 γὰρ
2583 2706 2771 2760 τούτου
2818 2710 2912 2762 καὶ
2955 2710 3053 2781 τὴν
3080 2711 3256 2781 φυγὴν
3278 2714 3306 2765 ό
3334 2714 3621 2784 προφήτης
3648 2716 3727 2769 εἳ-

2149 2792 2291 2858 λετο,
2320 2795 2563 2867 οἰόμενος
2584 2796 2967 2867 διαφεύξεσθαι
2993 2819 3048 2853 τε
3070 2802 3168 2872 τὴν
3190 2802 3325 2873 :96;
3354 2805 3478 2868 τοὺς
3509 2805 3727 2859 Νινευῖ-

2150 2900 2248 2948 τας
2276 2886 2525 2956 μήνυσιν.
2557 2887 2651 2941 ναὶ
2689 2888 2950 2943 κωλύσειν
2993 2889 3061 2943 τὰ
3090 2892 3337 2946 ἐντεῦθεν
3359 2894 3613 2965 ἐσόμενα.
3642 2898 3723 2967 (ιι.

2072 3011 2125 3081 c
2150 2973 2285 3081 259).
2311 2968 2508 3081 69;th
2529 2977 2593 3049 δὴ
2626 2979 2811 3081 σαφῶς
2850 2983 2884 3052 ἡ
2914 2980 3021 3035 τῶν
3067 2983 3337 3038 Ἰουδαίων
3377 2986 3728 3041 ἐπεδείκνυτο

2155 3068 2322 3125 κακία
2344 3085 2357 3099 ⁸
2384 3069 2601 3143 ῑλεγχος
2627 3072 2685 3126 δὲ
2721 3073 2829 3129 τῶν
2863 3076 3168 3148 είρημινων
3202 3077 3272 3133 τά
3315 3079 3456 3149 μετά
3499 3081 3679 3137 ταῦτα
3708 3099 3723 3112 ·

2153 3159 2430 3216 Νινευῖται
2456 3162 2565 3233 γάρ
2595 3164 2645 3216 oi
2677 3163 2814 3235 μετά
2840 3164 3105 3235 τοσαύτης
3139 3167 3485 3239 ἑτοιμότητος
3508 3170 3609 3241 τὴν
3631 3172 3729 3225 επὶ

2152 3252 2215 3306 τδ
2241 3255 2488 3326 κρεῖττον
2523 3251 2808 3325 δεξάμενοι
2842 3255 3164 3328 μεταϐολὴν.
3198 3254 3639 3331 επεστράτευσάν
3666 3280 3727 3315 τε

2156 3344 2274 3415 μετ’
2297 3344 2359 3399 οὐ
2393 3343 2526 3398 πολὺ
2557 3349 2671 3410 τοῖς
2714 3346 3095 3419 Ἰσραηλίταις,
3112 3349 3207 3403 καὶ
3239 3352 3363 3414 τοὺς
3384 3349 3606 3416 λοιποὺς
3644 3358 3731 3407 αἱ-

2152 3435 2469 3505 χμαλὼτους
2516 3436 2789 3503 λαϐόντες,
2830 3440 3089 3511 πλείστην
3117 3441 3273 3511 ἔσχον
3321 3443 3415 3497 καὶ
3446 3443 3515 3496 τά
3555 3446 3726 3516 Ἰερο-

2155 3525 2361 3598 σόλυμα
2403 3527 2671 3600 πορθῆσαι
2723 3529 2987 3601 σπουδήν·
3023 3530 3163 3603 ὑπὲρ
3194 3528 3269 3586 ὧν
3318 3532 3383 3603 δὴ
3416 3532 3510 3586 καὶ
3551 3551 3730 3603 τιμω-

2156 3618 2275 3687 ρίαν
2325 3617 2569 3684 ὲδὲξαντο
2602 3621 2751 3692 παρὰ
2773 3620 2866 3674 τοῦ
2923 3621 3057 3675 Θεοῦ
3088 3623 3381 3693 μεγίστην.
3414 3624 3481 3694 ἢν
3527 3625 3730 3694 Ναούμ

2150 3712 2180 3763 ὁ
2229 3712 2512 3781 προφήτης
2558 3711 2887 3782 μεμηνυκὼς
2931 3712 3316 3766 καταλέλοιπεν
3356 3715 3412 3766 ὲν
3452 3713 3681 3782 βιελίοις
3711 3731 3727 3745 ⁸

2151 3799 2292 3856 ὥστε
2339 3802 2437 3873 τὴν
2482 3802 2579 3873 μὲν
2626 3802 2721 3855 τοῦ
2768 3804 2923 3858 Ἰωνᾶ
2963 3805 3299 3878 προφητείαν
3322 3844 3337 3869 ,
3368 3807 3463 3859 καὶ
3500 3807 3572 3860 τά
3603 3807 3730 3861 τότε

2152 3895 2282 3963 περὶ
2333 3896 2459 3958 τοὺς
2504 3896 2794 3962 Νινευττας
2844 3898 3123 3965 γεγονότα,
3172 3899 3397 3969 μήνυσιν
3434 3901 3535 3968 τῆς
3577 3899 3735 3963 θείις

2150 3985 2369 4056 χάριτος
2400 3982 2558 4051 εἷναι,
2585 3988 2704 4041 καθ’
2726 3990 2793 4059 ἢν
2821 3987 2964 4042 οὕτω
2988 3989 3176 4060 ῥᾳδίαν
3200 3990 3298 4062 τὴν
3321 3991 3412 4043 ἐπὶ
3444 3991 3503 4044 τὸ
3543 3993 3733 4062 κρεῖτ-

2148 4094 2240 4131 τον
2280 4079 2579 4151 μεταϐολὴν
2620 4080 2865 4145 ἐδέξαντο
2912 4082 3111 4146 πάντες
3133 4101 3144 4112 ·
3188 4084 3287 4153 τὴν
3313 4084 3369 4137 δὲ
3402 4083 3495 4137 τοῦ
3529 4084 3731 4153 Ναούμ

2148 4170 2376 4234 δήλωσιν
2432 4171 2576 4242 εχειν
2628 4173 2726 4244 τῆς
2762 4174 2942 4229 αὐτῶν
2974 4175 3198 4229 ὲκείνων
3250 4175 3587 4246 μοχθηρίαςν
3629 4171 3730 4245 ἀφ’

2147 4257 2215 4335 ἧς
2236 4264 2680 4337 ἑπικεχειρήκασί
2700 4284 2759 4320 τε
2786 4268 3061 4333 τοσούτοις
3089 4272 3299 4333 κακοῖς.
3333 4270 3428 4322 καὶ
3450 4270 3732 4341 τιμωρίαν

483 4358 776 4412 nivitarum
809 4356 1233 4427 improbitatem,
1261 4354 1418 4423 cujus
1448 4352 1704 4407 instinctu
1730 4359 1877 4405 tanta
1906 4350 2047 4404 mala

2152 4356 2292 4427 ὑπὲρ
2331 4358 2582 4412 ἁπάντων
2631 4360 2874 4426 ἐδέξαντο
2906 4361 3004 4432 τὴν
3054 4360 3210 4426 ἀξίαν
3242 4378 3257 4393 ο
3289 4363 3384 4415 καὶ
3419 4360 3592 4415 ταῦτα
3627 4362 3731 4432 μὲν

483 4450 918 4519 capessiverunt,
948 4450 1235 4519 iustasque
1256 4447 1472 4503 demum
1502 4445 1768 4500 scelerum
1806 4442 2049 4498 omnium

482 4554 673 4610 poenas
708 4540 1106 4595 sustinuerunt.
1149 4539 1327 4609 Atque
1359 4538 1493 4602 hazc.
1535 4552 1656 4607 qua:
1704 4536 1865 4591 beato
1900 4532 2053 4590 Jonae

482 4631 611 4687 olim
640 4631 977 4694 acciderunt.
1013 4632 1093 4685 vel
1131 4630 1201 4685 de
1222 4629 1414 4685 eodem
1459 4629 1606 4683 dicta
1646 4635 1796 4688 sunt.
1834 4641 1925 4691 ea,
1962 4626 2048 4680 in-

481 4733 667 4787 quam,
696 4718 876 4772 omnia
895 4717 949 4772 in
969 4716 1117 4772 Novo
1139 4727 1325 4789 postea
1357 4721 1707 4773 Testamento
1726 4716 2051 4781 instaurata,

483 4808 645 4865 sicuti
675 4808 790 4878 jam
848 4807 985 4873 dixi,
1035 4807 1159 4877 jure
1193 4809 1499 4879 meritoque
1549 4808 1738 4864 videre
1785 4816 1890 4863 est.
1941 4809 2054 4878 Age

485 4916 617 4956 vero
649 4916 740 4956 res
773 4900 921 4967 illas,
958 4915 1081 4971 qua:
1108 4908 1240 4955 tunc
1268 4909 1435 4971 gesta:
1457 4900 1747 4970 libelloque
1774 4914 2054 4955 commen-

484 4992 623 5048 datae
652 4992 897 5058 fuerunt,
931 5000 985 5048 et
1012 5008 1133 5062 qua:
1168 4993 1219 5047 ei
1255 4992 1485 5063 tempori
1518 4993 1811 5062 plurimum
1845 4992 2053 5046 emolu-

487 5092 724 5139 mentum
760 5092 923 5156 atque
957 5099 1115 5139 usum
1150 5083 1540 5150 exhibuerunt,
1588 5099 1655 5139 ex
1688 5083 1893 5138 eisdem
1937 5080 2053 5137 sin-

485 5174 718 5243 gillatim
770 5189 1185 5246 cognoscemus,
1234 5189 1466 5244 quarmn
1498 5176 1611 5244 jam
1651 5172 2055 5243 interpretatio-

485 5276 607 5317 nem
643 5261 751 5317 Deo
784 5265 1008 5335 auspice
1039 5263 1442 5335 aggrediemur.

1152 5353 1306 5410 CAP.
1348 5351 1390 5409 Ι.

560 5442 720 5513 158
747 5442 911 5498 Vens.
964 5445 1014 5507 1,
1049 5450 1104 5499 2.
1141 5476 1211 5487 —
1264 5465 1284 5498 ι
1334 5445 1399 5499 Et
1445 5444 1646 5500 factum
1694 5457 1780 5502 est
1831 5444 2054 5501 verbum

490 5534 698 5589 Domini
739 5535 805 5590 ad
837 5534 1030 5590 Jonam
1065 5538 1283 5593 Amathi
1315 5537 1485 5593 ﬁlium
1520 5537 1711 5593 dicens
1743 5556 1757 5591 :
1793 5536 1966 5607 Surge
2003 5544 2057 5589 et

486 5627 622 5682 vade
654 5626 881 5683 Niniven
902 5628 956 5682 in
981 5630 1170 5684 urbem
1205 5645 1479 5705 magnam,
1501 5638 1665 5702 atque
1695 5629 1766 5683 ibi
1794 5628 2056 5700 praedica-

548 5742 602 5777 r"
626 5740 786 5799 Rom.
818 5758 897 5812 xl,
926 5745 948 5799 ί
986 5758 1109 5813 sqq.

2156 4447 2218 4512 ἐξ
2241 4449 2493 4503 ἁπάντων
2529 4451 2636 4503 τὼν
2673 4451 2802 4522 περὶ
2841 4451 2934 4505 τὸν
2985 4452 3255 4524 μακάριον
3298 4454 3481 4506 ’ίωνᾶν
3510 4453 3736 4521 γεγονό-

2152 4554 2263 4591 των
2312 4552 2371 4591 τε
2423 4538 2685 4610 πρότερον
2729 4539 2822 4592 καὶ
2862 4540 3189 4612 είρημένων,
3220 4540 3444 4611 ὕστερον
3478 4542 3571 4594 ἐπὶ
3628 4540 3735 4609 τῆς

2154 4628 2363 4699 Καινῆς
2395 4628 2690 4700 Διαθήκης,
2708 4629 2849 4684 καθά
2881 4630 3114 4702 πρόσθεν
3138 4631 3473 4701 ἐδείκνυμεν,
3503 4631 3735 4694 εἰκότως

2154 4720 2306 4791 γνοίη
2336 4737 2420 4784 τις
2451 4720 2517 4775 ἀν
2536 4738 2550 4752 ·
2578 4721 2647 4775 τὰ
2678 4721 2736 4775 δέ
2763 4738 2825 4791 γε
2850 4723 2968 4776 τότε
2992 4724 3253 4791 γεγονότα
3285 4740 3343 4775 τε
3376 4723 3471 4775 καὶ
3503 4721 3592 4775 διὰ
3630 4724 3736 4791 τῆς

2153 4810 2249 4864 τοῦ
2296 4810 2499 4881 βιΰλίου
2540 4811 2841 4884 δηλούμενα
2897 4813 3244 4883 συγγραφῆς,
3280 4813 3317 4866 ὃ.
3355 4813 3418 4883 δὴ
3456 4813 3553 4866 καὶ
3587 4814 3739 4866 κατά

2155 4900 2247 4954 τὸν
2275 4900 2465 4972 καιρὸν
2513 4904 2715 4956 ἐκεῖνον
2750 4903 3013 4974 μεγίστην
3060 4905 3170 4965 τοῖς
3207 4902 3326 4955 τότε
3351 4904 3452 4972 τήν
3483 4918 3543 4953 τε
3580 4902 3738 4970 ὠφέ-

2155 4991 2305 5046 λειαν
2336 4993 2639 5065 παρέσχετο
2669 4996 2763 5049 καὶ
2794 4994 3006 5065 χρείαν,
3037 4994 3095 5060 ἐξ
3126 4994 3303 5047 αὐτῶν
3328 4992 3591 5063 εἰσόμεθα
3621 4993 3738 5046 τῶν

2152 5084 2298 5138 κατὰ
2328 5086 2512 5156 μέρος,
2532 5081 2716 5158 ὦνπερ
2734 5082 2826 5141 οὖν
2850 5086 2944 5140 καὶ
2979 5086 3268 5155 ἑρμηνείας
3309 5084 3559 5155 ἀψόμεθα
3591 5083 3735 5137 Θεοῦ

2158 5177 2410 5240 διδόντος.

2807 5353 2966 5407 ΚΕΦ.
3000 5354 3077 5409 A'.

2230 5443 2376 5514 Στίχ.
2399 5450 2468 5508 α’,
2495 5442 2636 5514 β’.-
2662 5443 2738 5515 (p.
2768 5444 2898 5515 360)
2925 5464 2943 5496 ι
2967 5444 3078 5500 Καὶ
3098 5443 3313 5513 ἐγένετο
3343 5443 3498 5512 λόγος
3522 5445 3742 5514 Κυρίου

2160 5535 2295 5604 πρὸς
2336 5534 2517 5590 Ἱωνᾶν
2550 5534 2641 5589 τὸν
2677 5534 2771 5590 τοῦ
2817 5533 3013 5605 Ἀμαθὶ⁵
3045 5534 3252 5603 λέγων’
3300 5533 3591 5605 Ἀνάστηθι
3642 5538 3747 5589 καὶ

2162 5625 2453 5700 πορεύθητι
2499 5626 2578 5690 είς
2629 5623 2833 5697 Naevi;
2883 5624 2982 5697 τὴν
3014 5626 3170 5681 πόλιν
3197 5626 3298 5697 τὴν
3343 5624 3610 5697 μεγάλτν.
3643 5629 3750 5681 καὶ
