3976 6226
228 318 336 372 σε)

1286 318 1833 376 COMMENTARIUS
1870 320 1935 375 IN
1974 320 2168 378 ΙΟΝᾸΕ
2206 322 2359 379 CAP.
2389 323 2426 379 Ι.

3382 329 3487 385 330

232 433 472 506 κήρυξον
497 435 554 486 ἐν
587 433 748 503 αὐτῇ,
764 435 847 487 δτι
869 434 1033 505 ἀνέϐη
1067 436 1281 505 κραυγὴ
1304 435 1404 505 τῆς
1428 436 1626 499 κακίας
1644 437 1818 490 αὐτῶν

1926 453 2013 503 ca,
2043 439 2187 507 quod
2218 440 2339 507 ejus
2367 438 2634 494 scelerum
2672 439 2879 494 clamor
2912 440 2977 494 ad
3014 456 3101 496 me
3145 457 3317 512 usque
3352 460 3487 499 con-

233 526 371 594 πρός
406 541 495 594 με.
547 544 566 574 ι
607 525 977 594 Ἀποκάλυψιν
1014 526 1165 579 θείαν
1202 525 1441 591 ἐδέξατο,
1483 528 1667 596 φησὶν,
1705 528 1819 580 ’ἰω-

233 618 333 677 vi;
365 618 396 668 ὁ
432 616 719 685 προφήτης
750 618 851 687 ἐἰς
881 616 1082 686 Νινευὴ
1129 617 1229 686 τὴν
1266 617 1418 670 πόλιν
1464 617 1719 671 ἀπελθεῖν
1756 635 1816 671 τε

233 708 329 759 καὶ
363 704 600 775 κηρύξαι
630 708 689 758 έν
716 706 855 775 αὐτῇ
877 747 891 767 ,
917 706 991 768 ὠς
1037 705 1249 776 μεγάλα
1293 724 1357 773 γε
1400 706 1581 759 αὐτῶν
1637 724 1817 778 παρα-

230 797 566 868 νομούντων,
593 796 688 849 καὶ¹
727 797 953 850 τοιαῦτα
983 791 1069 851 οἷα
1119 798 1279 850 ἱκανὰ.
1324 797 1402 867 τῷ
1436 796 1655 867 μεγέθει
1682 815 1817 866 συγ-

204 887 456 956 ῖκινῆσαι
485 886 575 938 τὸν
609 884 775 937 Θεόνο
817 885 1078 955 μεγίστην
1108 885 1165 938 δὲ
1208 885 1346 952 ἄγαν
1384 881 1547 938 οὖσαν
1590 885 1689 956 τὴν
1715 886 1817 939 πός

232 976 316 1027 λιν
347 975 443 1026 καὶ
469 974 576 1027 ὑπὸ
621 973 862 1042 πλήθους
910 974 1445 1044 στενοχωρουμένην,
1480 976 1574 1029 καὶ
1618 975 1727 1028 τῶν
1759 977 1818 1029 tv

244 1065 555 1135 ’Δσσυρίοις
575 1064 803 1118 ἀπασῶν
827 1066 945 1117 τότε
966 1068 1428 1137 περιφανεστέραν
1445 1062 1630 1127 οὖσαν,
1656 1068 1820 1135 ἀναγ-

232 1162 390 1212 καῖον
416 1154 488 1228 ἧν
514 1157 573 1221 ἐξ
602 1157 771 1226 ἀκοῆς
807 1160 919 1219 τοῖς
953 1158 1094 1211 κατὰ
1123 1158 1221 1227 τὴν
1253 1158 1506 1210 Ἰουδαίαν
1526 1158 1813 1227 ἐγνῶσθαι·

232 1247 357 1301 ὅθεν
382 1247 450 1315 δὴ
470 1246 564 1298 καὶ
590 1246 666 1308 ὡς
697 1247 788 1297 ὲπὶ
816 1246 1099 1317 γνωρίμην
1117 1246 1279 1299 αὑτὸν
1298 1247 1615 1300 ἀποστέλλει
1640 1247 1814 1310 πόλιν,

227 1338 309 1401 ὡς
353 1338 456 1391 οὐκ
486 1337 607 1405 ὕψει
642 1354 708 1405 γε
748 1336 864 1388 ἀλλ’
900 1338 1036 1407 ἀκοῇ
1079 1337 1240 1407 μόνον
1293 1338 1461 1408 αὐτὴν
1495 1339 1696 1392 εἰδόταο
1733 1342 1817 1391 ὲν-

229 1432 408 1485 ταῦθα
442 1434 540 1501 μὲν
567 1427 661 1484 οὖν
706 1430 865 1483 τοῦτο
895 1429 1052 1499 μόνον
1088 1430 1273 1500 φησὶν,
1308 1432 1390 1484 ὅτι
1424 1450 1442 1482 ι
1477 1430 1722 1501 Κήρυξον
1760 1432 1817 1483 ἐν

230 1524 373 1593 αὐτῇ
394 1542 407 1554 α
451 1542 469 1573 ι
496 1522 654 1591 δῆλον
680 1522 736 1574 δὲ
761 1521 839 1584 ὡς
869 1521 959 1573 ἐπὶ
1005 1522 1179 1592 τούτῳ
1207 1538 1270 1589 γε
1304 1522 1603 1591 ἐπέμπετο,
1623 1524 1712 1575 ἐπὶ
1739 1521 1817 1592 τῷ

230 1618 326 1666 καὶ
356 1614 458 1684 τὴν
485 1615 869 1683 καταστροφὴν
908 1614 1200 1683 ἀπειλῆσαι
1249 1617 1314 1683 τῇ
1352 1615 1503 1667 πόλει
1524 1654 1537 1677 ,
1579 1616 1670 1666 καὶ
1699 1633 1815 1667 νου·

230 1704 463 1773 θετῆσαι
518 1706 644 1766 τοὺς
694 1704 975 1767 οἰκοῦντας
1024 1707 1266 1769 ἅπαντας
1336 1706 1471 1776 πρὸς
1529 1706 1816 1776 μετάνοιαν

1918 526 2215 581 scenderit.
2253 544 2270 577 ι
2306 525 2622 590 Oraculum,
2655 528 2857 598 inquit,
2890 530 3133 585 divinum
3162 528 3332 589 Jonas
3361 550 3489 604 pro-

1916 617 2076 688 pheta
2115 618 2347 687 accepit,
2381 626 2442 672 ut
2474 619 2651 674 abiret
2695 620 2753 673 in
2790 622 2978 676 urbem
3020 621 3274 687 Niniven,
3306 625 3493 695 ibique

1916 707 2279 776 praedicaret;
2317 708 2475 776 cujus
2507 709 2657 763 cives
2694 717 2977 780 tantopere
3011 720 3232 781 tamque
3251 714 3493 783 graviter

1918 796 2237 864 peccabant,
2277 805 2336 849 ut
2380 794 2478 851 Dei
2512 798 2855 853 iracundiam
2901 803 3318 858 commoverint.
3368 800 3491 858 Jam

1917 902 2041 939 cum
2078 887 2170 940 illa
2205 886 2337 942 urbs
2379 888 2615 941 maxima
2644 897 2792 944 esset
2823 896 2879 944 et
2916 891 3118 960 populo
3146 891 3490 947 confertissi-

1918 994 2027 1043 ma,
2054 986 2219 1047 atque
2246 980 2666 1051 Assyriacarum
2699 982 2943 1036 omnium
2974 983 3367 1049 illustrissima,
3395 998 3491 1040 ne-

1917 1086 2071 1125 cesse
2098 1079 2217 1126 erat
2249 1087 2369 1126 eam
2401 1070 2545 1126 fama
2579 1072 2783 1130 Iudaeis
2818 1075 3126 1131 innotuisse
3169 1094 3183 1130 :
3232 1091 3403 1146 quare
3436 1082 3491 1132 et

1918 1159 2062 1215 Deus
2099 1161 2420 1230 prophetam
2452 1162 2621 1217 veluti
2656 1163 2722 1218 ad
2757 1165 3035 1234 cognitam
3073 1166 3261 1219 urbem
3301 1166 3489 1233 mittit,

1917 1251 2061 1306 haud
2104 1252 2222 1306 visu
2264 1260 2445 1307 tamen
2481 1254 2576 1308 sed
2623 1255 2811 1310 auditu
2856 1258 3235 1312 tantummodo
3282 1267 3489 1312 notam.

1919 1338 2017 1392 Hic
2043 1347 2222 1393 autem
2250 1356 2417 1394 unum
2457 1342 2556 1396 hoc
2590 1341 2746 1405 dicit,
2790 1359 2984 1413 nempe
3018 1353 3077 1397 ιιι
3108 1346 3160 1399 in
3194 1361 3257 1400 ea
3289 1346 3490 1414 praedi-

1916 1432 2023 1480 cet.
2062 1426 2226 1494 Atqui
2268 1426 2492 1495 insuper
2525 1439 2741 1484 constat
2774 1431 3003 1486 missum
3041 1448 3165 1487 eum
3216 1434 3385 1489 fuisse
3423 1433 3491 1487 ad

1919 1515 2282 1570 minitandum
2336 1533 2556 1588 quoque
2601 1521 2721 1575 urbi
2751 1521 3047 1588 excidium,
3084 1523 3490 1578 admonendos-

1917 1621 2024 1674 que
2078 1605 2290 1663 incolas
2327 1623 2541 1672 omnes,
2597 1618 2657 1664 ut
2704 1610 2771 1665 de
2803 1613 3119 1682 pmuitentia
3165 1615 3489 1683 Cogitarent,

1920 1714 2018 1752 "cu
2056 1697 2101 1751 si
2143 1697 2246 1752 hoc
2275 1708 2436 1768 pacto
2468 1701 2622 1755 urbis
2651 1703 2990 1757 eversionem
3035 1704 3252 1758 vitaturi
3287 1715 3490 1759 essent.

230 1796 387 1847 ίδεῖν.
413 1795 492 1857 ὡς
520 1794 667 1847 οὕτω
690 1812 753 1861 γε
792 1793 1184 1864 κερδανοῦντας
1217 1796 1315 1864 τῆς
1360 1795 1568 1858 πόλεως
1593 1796 1689 1862 τὴν
1720 1812 1817 1847 κα-

1924 1789 2114 1843 Solent
2145 1790 2291 1843 enim
2325 1790 2526 1844 divinae
2556 1789 2854 1860 Scriptura:
2881 1793 3049 1847 multa
3082 1795 3379 1865 congestim
3410 1795 3494 1849 di-

228 1888 553 1957 ταστροςοήν
576 1902 591 1916 ·
613 1887 712 1955 τῆς
745 1885 893 1949 θείας
938 1887 977 1937 Γ
983 1886 1160 1956 ραφῆς
1192 1886 1262 1939 τὰ
1292 1886 1463 1940 πολλά
1507 1888 1820 1957 συντέμνειν

225 1977 513 2039 εἰωθυίας,
532 1978 611 2028 ὅτ’
633 1976 700 2029 ἂν
724 1979 837 2037 τοῖς
857 1976 1286 2043 ἀναγινώσκουσι
1309 1977 1376 2029 τὰ
1404 1978 1670 2033 ἀκόλουθα
1698 1979 1821 2030 συλ-

226 2066 549 2134 λογίζεσθαι
579 2067 804 2119 δυνατὺν
827 2066 1042 2139 ὑπάρχῃ
1063 2085 1075 2099 ο
1095 2068 1216 2119 οὔτε
1239 2068 1346 2137 γὰρ
1372 2069 1555 2139 ἐπειδὴ
1590 2069 1820 2121 ἐνταῦθα

226 2152 371 2220 εἴτε,
408 2174 427 2205 ι
468 2155 725 2225 Κήρυξον
763 2156 821 2207 ὲν
858 2155 1018 2224 αὐτῇ.
1052 2173 1069 2204 ι
1107 2155 1392 2207 ἀπέστειλε
1421 2157 1509 2207 τὸν
1539 2159 1820 2227 προφήτην

226 2246 389 2300 τοῦτο
428 2247 596 2314 μόνον
655 2241 827 2296 εἰπὼν
857 2243 885 2293 ὁ
920 2243 1068 2304 Θεὸς,
1112 2245 1185 2311 (p.
1222 2243 1344 2310 241)
1375 2244 1469 2297 καὶ
1514 2245 1574 2296 ού
1605 2244 1820 2310 διδάξας

224 2338 257 2389 δ
283 2352 338 2387 τι
383 2335 521 2386 ποτὲ
570 2331 805 2404 κηρύξαι
851 2332 1125 2401 προσῆκον
1166 2327 1234 2400 ἦν
1283 2332 1475 2393 αὑτόν;
1509 2330 1622 2385 οὔθ’
1647 2334 1723 2385 ὅτ’
1754 2333 1820 2387 ἂν

200 2414 390 2496 λέγῃ,
429 2443 448 2473 ι
489 2424 614 2475 Ἔτι
645 2424 795 2491 τρεῖς
835 2419 1058 2489 ἡμέραι,
1101 2421 1194 2472 καὶ
1229 2421 1430 2489 Νινευὴ
1461 2422 1819 2491 κατασκαφὴ-

230 2534 420 2574 σεται,
459 2536 477 2566 ι
516 2515 695 2566 ἐκεῖνο
727 2512 886 2582 μόνον
918 2514 1088 2563 εἰπεῖν
1113 2513 1142 2563 ὁ
1182 2513 1468 2582 προφήτης
1508 2512 1817 2580 ἐκελεύσθη,

231 2609 345 2663 ἀλλ’
369 2607 519 2660 ὥστε
539 2608 608 2675 τῇ
637 2603 867 2673 μηνύσει
893 2602 993 2671 τῆς
1017 2604 1397 2673 καταστροφῆς
1422 2603 1693 2672 βελτίονας
1725 2603 1821 2656 αὑ-

232 2702 356 2761 τοὺς
412 2695 842 2766 ἀπεργάσασθαι
876 2710 892 2724 ο
933 2694 1123 2747 ἐλπίδα
1151 2694 1415 2756 λαϐόντας
1436 2693 1552 2755 τοῦ,
1584 2696 1632 2745 εί
1656 2710 1821 2762 μετα-

236 2790 550 2860 μεληθεὴν,
588 2787 844 2857 κερδᾶναι
872 2785 967 2853 τὴν
1006 2784 1237 2853 ἀπειλήν
1258 2800 1272 2813 ⁸
1304 2784 1425 2836 ἐπεὶ
1452 2783 1547 2836 καὶ
1566 2784 1819 2854 περιττὸν

232 2881 299 2954 ἧν
325 2883 586 2937 ἀπειλεῖν
628 2882 727 2952 τὴν
770 2878 1176 2950 καταστροφὴν,
1207 2880 1256 2931 εί
1300 2877 1552 2946 γενέσθαι
1601 2879 1819 2944 πάντως

233 2974 406 3045 αὐτὴν
429 2973 625 3042 ἐχρῆν,
648 2971 806 3024 οὐθὲν
823 2970 921 3040 τῆς
955 2969 1186 3039 ἀπειλῆς
1234 2969 1442 3040 κέρδος·
1483 2968 1625 3023 ὥστε
1655 2970 1688 3041 ἥ
1725 2987 1819 3039 με·

230 3066 641 3133 ταδαλομένους
688 3063 822 3131 γοῦν
878 3062 1134 3133 κερδᾶναι
1177 3061 1275 3134 τὴν
1320 3062 1621 3134 τιμωρίαν,
1663 3063 1695 3133 ἢ
1746 3062 1819 3133 μὴ

238 3156 704 3227 μεταϐαλομένοις
732 3154 953 3216 δικαίως
972 3154 1139 3223 αὐτὴν
1162 3154 1490 3224 ἐπαχθεῖσαν
1515 3154 1663 3225 παρά
1685 3154 1818 3206 Θεοῦ

236 3254 301 3304 ἐκ
323 3251 421 3319 τῆς
455 3246 636 3300 α’)τῶν
665 3244 972 3299 δείκνυσθαι
1007 3243 1225 3306 κακίας.

307 3339 459 3408 Στίχ,
512 3344 584 3404 γ.
634 3364 705 3375 --
750 3333 936 3388 Ταῦτα
980 3334 1035 3386 δὲ
1092 3333 1184 3386 καὶ
1226 3334 1256 3384 ὁ
1306 3333 1593 3402 προφήτης
1645 3330 1820 3393 εἰδὼς,

237 3429 518 3498 Θαρσεῖς,
569 3429 767 3496 φησιν,
807 3427 1030 3494 ἔφυγεν
1073 3423 1141 3476 ἐκ
1190 3422 1515 3490 προσώπου
1558 3422 1781 3488 Κυρίου
1807 3438 1819 3450 ·

237 3523 338 3573 οὑκ
366 3520 436 3573 ἄν
464 3536 531 3587 γε
561 3518 721 3570 τοῦτο
750 3514 1061 3585 πεποιηκὼς
1094 3517 1142 3567 εί
1167 3514 1263 3583 τὴν
1294 3511 1671 3583 καταστροφὴν
1703 3514 1822 3563 ἐσο-

241 3609 412 3679 μένην
449 3609 673 3669 πάντως
693 3606 980 3676 ἠπίστατο,
1012 3604 1106 3657 καὶ
1132 3602 1223 3656 ἐπὶ
1251 3602 1424 3673 τούτῳ
1453 3619 1515 3670 γε
1555 3600 1826 3655 ἀπεστάλ-

238 3700 350 3765 θαι,
376 3699 456 3761 ὡς
481 3697 549 3751 ἀν
581 3697 867 3767 μηνύσειεν
903 3695 1059 3764 μόνον
1089 3694 1344 3762 ἐσόμενον
1384 3691 1446 3743 τὸ
1472 3689 1693 3744 τοσοῦτο
1725 3706 1826 3742 κα-

240 3793 355 3853 κὸν,
389 3789 613 3852 οὐθενὸς
661 3788 917 3857 ἐσομένου
960 3784 1212 3849 καθάπαξ
1261 3783 1525 3854 βελτίονος
1555 3780 1823 3835 ἐντεῦθεν.

241 3884 478 3953 Θαρσεῖς
505 3881 567 3933 δὲ
593 3881 646 3931 ot
677 3880 774 3949 μὲν
804 3877 1012 3946 ἔφασαν
1037 3876 1293 3945 λέγεσθαι
1322 3875 1422 3945 τὴν
1450 3872 1683 3944 Ταρσὸν,
1718 3871 1826 3924 ἀπὸ

242 3972 340 4039 τῆς
366 3968 511 4020 κατὰ
538 3966 637 4035 τὴν
662 3966 967 4035 ὲκφωνησιν
986 3966 1302 4033 έγγυτητος,
1322 3963 1399 4025 ὡς
1427 3963 1590 4025 ἔοικε,
1614 3963 1817 4031 πλανη-

244 4062 450 4122 θέντες.
495 4056 710 4123 Ταρσὸς
757 4055 854 4125 μὲν
897 4054 1005 4121 γὰρ
1052 4053 1468 4124 παραθαλασσία
1517 4053 1670 4115 πόλις
1717 4054 1817 4105 οὐκ

244 4152 391 4203 ἔστιν
412 4166 427 4178 ·
458 4149 561 4216 τὴν
586 4147 643 4199 δὲ
666 4144 1034 4216 προσηγορίαν
1062 4144 1264 4208 ταύτην
1282 4147 1361 4207 είς
1387 4144 1616 4215 δήλωσιν
1646 4162 1816 4216 παρα-

256 4240 573 4293 θαλασσίων
609 4238 818 4290 πόλεων
851 4237 1037 4289 εἴωθεν
1065 4238 1098 4305 ή
1130 4235 1249 4288 θεία
1275 4235 1450 4303 λέγειν
1479 4236 1668 4307 Γραφή
1692 4254 1707 4268 ο
1743 4238 1818 4299 ὼς

247 4330 397 4399 παρά
432 4330 513 4398 τῷ
563 4328 816 4398 μακαρίῳ
860 4326 1019 4380 Δαυῖδ
1049 4328 1128 4389 τὸ,
1173 4327 1275 4380 Ἐν
1317 4328 1605 4395 πνεύματι
1638 4328 1819 4394 βιαίῳ

244 4420 607 4488 συντρίψεις
647 4417 831 4470 πλοῖα
867 4415 1118 4484 Θαρσεῖς
1138 4432 1149 4445 ·
1186 4416 1322 4484 ὅπερ
1348 4412 1442 4469 οὖν
1472 4417 1562 4469 ἐπὶ
1594 4418 1692 4486 μὲν
1718 4419 1819 4488 τῆς
1855 4451 1899 4506 D

247 4508 691 4581 παραθαλασσίου
731 4510 842 4578 (54)
883 4509 1087 4570 πόλεως
1111 4508 1203 4561 καὶ
1236 4509 1364 4578 παρ’
1393 4508 1561 4578 αὐτὴν
1589 4508 1817 4579 ἐχούσης

253 4605 462 4656 ἑστῶτα
488 4605 559 4654 τὰ
587 4603 746 4655 πλοῖα
779 4604 853 4670 (p.
893 4602 1021 4665 232)
1063 4601 1311 4668 λέγεσθαι
1345 4600 1584 4662 δυνατὸν,
1627 4602 1721 4654 ἐπὶ
1760 4602 1817 4654 δὲ

246 4694 343 4762 τῆς
373 4693 771 4761 ἀπῳκισμένης
797 4692 919 4743 ὅσον
948 4707 1049 4758 περ
1083 4691 1116 4759 ἡ
1140 4691 1349 4759 Ταρσὸς
1373 4690 1661 4757 ἀφεστῶσα
1690 4691 1814 4760 φαί-

250 4803 398 4838 νεται
440 4784 544 4852 τῆς
587 4783 884 4852 θαλάσσης.
933 4780 1182 4850 οὐδαμῶς
1223 4781 1520 4851 ἁρμόττον
1561 4782 1736 4853 ἕτεροι
1762 4783 1819 4835 δὲ

249 4879 347 4943 τὴν
391 4875 571 4928 Ῥόδον
596 4874 803 4941 ἔφασαν
827 4892 840 4904 ·
870 4874 983 4925 ἀλλ’
1007 4873 1180 4942 ἔγωγε
1206 4874 1381 4926 πᾶσαν
1404 4871 1502 4941 τὴν
1539 4872 1821 4943 ἀκριϐολο-

249 4966 375 5030 γίαν
408 4967 617 5035 ταύτην
650 4963 909 5033 περιττὴν
949 4957 1086 5015 εἶναι
1116 4962 1251 5033 πρὸς
1276 4961 1337 5013 τὸ
1359 4960 1715 5031 προκείμενον
1742 4979 1820 5014 νο-

255 5058 419 5127 μίζω,
452 5058 546 5110 ἀτε
571 5054 668 5107 τοῦ
703 5044 843 5107 κατά
867 5054 959 5106 τὸν
986 5054 1269 5124 προφήτην
1302 5050 1630 5120 διηγήματος
1660 5052 1822 5123 ὲρρωο

255 5151 422 5220 μένου
456 5149 521 5217 δὴ
568 5148 787 5209 πάντως
816 5145 1042 5215 ὁμοίως,
1071 5145 1262 5214 ἥντινα
1281 5141 1475 5211 δήποτε
1501 5141 1555 5194 εί
1574 5158 1655 5204 τις
1683 5139 1821 5196 εἷναι

251 5241 465 5310 νομίζοι
488 5241 589 5307 τὴν
622 5238 777 5290 πόλιν
800 5253 815 5266 ·
859 5234 1256 5305 ἑπισημαντέον
1298 5234 1358 5287 δὲ
1393 5236 1568 5287 ἐκεῖνο
1601 5234 1817 5303 μᾶλλον,

251 5333 340 5383 ὅτι
362 5332 460 5383 οὑκ
483 5325 659 5391 εἶπεν,
700 5329 941 5395 Ἕφυγεν
982 5327 1047 5378 ἑκ
1073 5324 1163 5378 τοῦ
1198 5325 1354 5388 Θεοῦ,
1376 5325 1490 5379 ἀλλ’
1528 5327 1621 5379 Ἐκ
1638 5341 1823 5394 προσ-

249 5420 421 5474 ώπου
468 5420 722 5486 Κυρίου·
751 5417 814 5468 οὐ
856 5416 964 5487 γὰρ
1013 5415 1146 5469 Θεὸν
1203 5416 1420 5484 φεύγειν
1459 5417 1488 5469 ὁ
1539 5418 1821 5488 προφήτης

358 5575 406 5604 ’⁷
434 5574 575 5630 Psal.
614 5588 781 5633 van,
813 5571 865 5624 8~

327 5709 442 5779 (34)
475 5709 547 5762 ita
584 5709 672 5761 hic
705 5704 824 5760 cod.
862 5722 957 5757 ιου.
993 5708 1059 5757 At
1090 5719 1252 5773 supra
1296 5720 1361 5756 ια.

588 5798 859 5855 Ρηιιοι.
897 5793 1013 5852 Gn.
1049 5793 1263 5852 LXVI.

1921 1895 2071 1943 cere,
2108 1881 2546 1951 quotiescunque
2580 1881 2888 1950 legentibus
2918 1883 3207 1937 ratiocinio
3237 1884 3495 1954 colligere

1920 1974 2307 2043 consequentia
2356 1974 2506 2029 licet.
2559 1973 2749 2043 Neque
2793 1990 2927 2030 sane
2972 1990 3098 2030 cum
3135 1976 3189 2031 in
3238 1977 3493 2046 praesenti

1920 2061 2081 2123 dixit,
2110 2079 2132 2113 ι
2158 2058 2408 2129 Ριιαιόίοε,
2432 2081 2451 2114 ι
2480 2063 2582 2119 boc
2611 2081 2718 2120 uno
2741 2066 2907 2121 verbo
2934 2069 3248 2137 prophetam
3286 2069 3495 2124 instru-

1920 2162 2066 2205 ctum
2099 2152 2247 2206 misit
2277 2150 2444 2212 Deus.
2478 2150 2610 2219 quin
2643 2151 2807 2206 simul
2853 2153 3095 2217 doceret,
3139 2172 3389 2225 quaenam
3421 2160 3495 2214 ab

1922 2256 1988 2296 eo
2017 2242 2274 2311 posthinc
2325 2240 2669 2310 przedicanda
2712 2251 2919 2297 essent.
2955 2243 3139 2314 Neque
3171 2262 3295 2302 cum
3331 2247 3494 2313 dixit,

1919 2354 1937 2386 ι
1962 2335 2093 2391 Tres
2112 2336 2286 2389 adhuc
2306 2336 2439 2398 dies,
2468 2338 2522 2386 et
2544 2329 2732 2386 Ninive
2750 2332 3105 2397 subvertetur,
3131 2354 3147 2385 ι
3169 2335 3219 2390 id
3255 2347 3497 2393 tantum-

1920 2422 2080 2477 modo
2111 2424 2375 2493 propheta
2406 2424 2591 2480 dicere
2614 2426 2807 2494 jussus
2838 2426 2960 2492 fuit,
2987 2427 3079 2483 sed
3108 2426 3240 2481 dare
3268 2443 3493 2498 operam

1922 2522 1980 2565 ut
2026 2513 2378 2582 praadictioue
2430 2514 2630 2569 excidii
2663 2515 2732 2569 ad
2789 2517 3061 2572 saniorem
3114 2531 3210 2571 eos
3259 2529 3494 2572 mentem

1922 2612 2237 2670 revocaret;
2281 2620 2377 2674 spe
2407 2606 2614 2669 oblata,
2662 2608 2708 2662 si
2740 2609 2889 2677 ipsos
2934 2608 3242 2679 pmniteret,
3276 2607 3393 2663 fore
3437 2615 3497 2661 ut

1920 2696 2098 2749 minas
2131 2695 2318 2751 irritas
2354 2696 2668 2752 redderent.
2700 2698 2917 2768 Alioqui
2948 2699 3141 2754 inutile
3173 2698 3368 2755 fuisset
3399 2698 3499 2752 mi-

1920 2789 2083 2843 nitari
2137 2789 2387 2853 exitium,
2435 2789 2480 2844 si
2530 2789 2584 2844 id
2627 2790 2943 2845 necessario
2984 2800 3305 2845 eventurum
3356 2797 3495 2845 erat.

1920 2877 2019 2931 Hic
2050 2886 2167 2931 erat
2191 2894 2321 2949 ergo
2354 2878 2624 2932 minarum
2674 2878 2907 2941 fructus,
2950 2894 3144 2948 nempe
3173 2886 3233 2934 ut
3262 2880 3347 2934 vel
3382 2894 3499 2950 pm-

1920 2972 2158 3025 nitentes
2186 2971 2448 3024 ultionem
2479 2971 2799 3039 eﬂ'ugerent,
2837 2969 2920 3025 vel
2953 2971 3264 3041 pertinaces
3288 2985 3496 3039 cogno-

1921 3071 2139 3116 scerent
2175 3062 2327 3131 juste
2361 3061 2598 3116 inﬂictas
2626 3075 2655 3115 a
2686 3060 2797 3116 Deo
2830 3075 3021 3131 poenas
3050 3062 3122 3118 ob
3150 3062 3292 3117 hanc
3322 3063 3496 3133 ipsam

1924 3155 2138 3208 illorum
2169 3154 2601 3224 improbitatem.

1998 3328 2157 3399 159
2193 3328 2359 3383 Vens.
2404 3328 2457 3381 5.
2492 3358 2559 3370 -—
2604 3327 2832 3391 Harum,
2892 3327 3091 3399 inquit,
3138 3342 3321 3381 rerum
3370 3341 3497 3397 pro-

1925 3417 2085 3486 pheta
2118 3433 2345 3481 gnarus,
2391 3438 2408 3470 ι
2436 3416 2670 3490 fugiebat
2695 3435 2723 3474 a
2756 3418 2887 3474 facie
2911 3418 3115 3473 Domini
3146 3416 3198 3470 in
3230 3414 3448 3471 Tharsis
3473 3436 3490 3468 ι

1923 3506 2096 3561 Porro
2138 3508 2191 3562 id
2224 3509 2449 3561 omnino
2482 3524 2589 3561 non
2624 3508 3004 3571 factitavisset,
3047 3510 3091 3562 si
3123 3508 3347 3562 exitium
3381 3508 3501 3559 sine

1924 3598 2093 3653 dubio
2122 3598 2367 3652 futurum
2401 3608 2607 3660 nosset,
2652 3610 2703 3651 et
2754 3601 2798 3652 si
2850 3600 3007 3653 unice
3044 3598 3108 3650 ad
3136 3598 3498 3651 calamitatem

1925 3691 2282 3744 nuntiandum
2311 3693 2512 3744 missus
2541 3690 2754 3751 fuisset,
2793 3692 2863 3742 ita
2890 3698 2947 3742 ttt
2978 3690 3115 3743 nihil
3148 3688 3275 3741 boni
3303 3701 3501 3741 conse-

1926 3790 2209 3847 queretur.
2252 3779 2371 3833 Jam
2422 3779 2651 3834 Tharsis
2698 3779 2947 3832 nonnulli
2996 3779 3147 3831 aiunt
3193 3775 3502 3847 signiﬁcare

1927 3868 2184 3929 Tarsum,
2227 3868 2465 3922 nominis
2492 3868 2898 3937 propinquitate
2946 3875 3001 3920 ιιι
3030 3867 3247 3921 videtur
3268 3863 3499 3935 decepti.

1927 3960 2137 4014 Tarsus
2163 3959 2307 4013 enim
2348 3957 2493 4012 haud
2541 3967 2626 4012 est
2659 3961 2934 4013 maritima
2976 3960 3106 4013 urbs
3142 3976 3154 4013 :
3193 3958 3289 4012 illo
3318 3967 3502 4012 autem

1928 4051 2147 4105 nomine
2174 4050 2478 4104 maritimas
2511 4049 2675 4104 urbes
2705 4050 2995 4120 designare
3029 4050 3311 4119 Scriptura
3341 4049 3501 4110 solet,
3544 4116 3567 4127 ί

1928 4141 2099 4195 veluti
2134 4140 2275 4209 apud
2313 4140 2533 4193 beatum
2564 4138 2819 4193 Davidcm
2855 4158 2870 4197 :
2912 4159 2928 4191 ι
2962 4138 3136 4195 Vento
3174 4139 3349 4195 valido
3378 4155 3505 4193 con—

1931 4244 2075 4286 teres
2110 4247 2277 4285 naves
2301 4230 2529 4285 Tharsis
2558 4231 2599 4261 ⁷⁷
2627 4250 2641 4285 :
2679 4249 2697 4282 ι
2734 4230 2787 4283 id
2816 4230 2959 4302 quod
2982 4231 3049 4287 dc
3067 4233 3341 4286 maritima
3368 4232 3504 4287 urbe

1928 4338 2098 4378 naves
2139 4322 2283 4391 apud
2318 4337 2375 4376 se
2406 4321 2642 4378 habente
2675 4321 2782 4376 dici
2808 4332 3023 4392 potest;
3057 4332 3277 4377 remotae
3300 4330 3502 4386 autem,

1928 4431 2027 4470 ceu
2059 4414 2266 4468 Tarsus
2296 4421 2400 4478 est,
2438 4426 2467 4465 a
2491 4415 2768 4478 mari,uon
2815 4413 3087 4483 congruit.
3120 4412 3223 4466 Alii
3248 4410 3504 4467 Rhodum

1930 4506 2271 4575 intelligunt.
2330 4503 2441 4573 Ego
2488 4518 2616 4557 vero
2667 4518 2883 4557 omnem
2938 4503 3078 4558 hanc
3134 4503 3503 4557 curiositatem

1935 4598 2196 4653 existimo
2251 4608 2735 4663 supervacaneam,
2784 4608 2847 4647 ac
2890 4594 3167 4663 prephetaa
3226 4594 3503 4648 historiam

1930 4701 2085 4754 eque
2117 4685 2350 4746 firmam,
2395 4682 2697 4752 quamlibet
2720 4682 2955 4751 quisque
2982 4684 3254 4739 civitatem
3280 4683 3503 4752 cegitet.

1933 4776 2067 4829 illud
2104 4775 2283 4843 potius
2319 4773 2791 4827 animadversione
2820 4772 3043 4843 dignum
3078 4783 3185 4835 est,
3215 4771 3359 4844 quod
3398 4785 3503 4823 non

1934 4867 2153 4930 dixerit,
2201 4864 2364 4935 Fugit
2409 4879 2439 4915 a
2489 4862 2620 4925 Deo,
2659 4863 2777 4928 sed,
2809 4882 2842 4917 α
2874 4865 3012 4930 facie
3055 4865 3283 4919 Domini.
3320 4861 3507 4929 Neque

1930 4959 2073 5014 enim
2105 4958 2367 5026 propheta
2413 4970 2473 5010 sc
2514 4970 2542 5008 a
2586 4954 2697 5009 Deo
2742 4954 2930 5027 lugere
2967 4958 3313 5028 opinabatur,
3340 4975 3502 5029 quem

1929 5052 2172 5105 omnium
2232 5048 2521 5103 Dominum
2581 5059 2992 5119 creatoremque
3057 5049 3284 5113 sciebat,
3342 5061 3505 5122 atque

1927 5142 2133 5211 ubique
2160 5147 2487 5211 praesentem
2535 5141 2810 5195 credebat.
2845 5139 2949 5194 Sed
2980 5140 3234 5207 quoniam
3281 5141 3334 5196 in
3370 5140 3503 5198 Sion

1929 5240 2114 5287 monte
2145 5233 2461 5286 universum
2509 5231 2611 5285 sibi
2657 5234 2865 5286 cultum
2909 5231 3150 5285 adhiberi
3202 5230 3345 5288 Deus
3378 5234 3503 5305 jus-

1929 5333 2096 5387 serat,
2122 5324 2377 5393 Opinione
2408 5319 2644 5392 quadam
2683 5320 2887 5376 Judaeis
2933 5322 3204 5388 immissa,
3240 5326 3396 5395 quasi
3430 5324 3504 5378 ibi

1929 5414 2212 5477 incoleret,
2274 5429 2541 5485 suumque
2604 5412 2804 5468 ibidem
2883 5423 3165 5469 asnectum
3238 5416 3505 5471 revclarct

3109 5792 3180 5851 11
