3966 6222
463 309 560 370 Kal

1612 305 1702 362 ΤΗ
1713 305 1965 362 EODORI
1992 305 2223 363 MOPSU
2232 303 2473 362 ESTENI

3595 303 3705 364 δῖοί

462 430 656 502 (quare
698 434 753 484 et
793 424 1169 496 Hierosolyma
1220 430 1275 476 et
1322 420 1470 491 regio
1527 420 1708 475 omnis
1755 420 2027 489 promissa

2160 419 2285 482 55:0,
2315 420 2531 473 πάντων
2570 416 2731 471 αὐτὸν
2758 416 3033 487 Δεσπότην
3062 415 3158 471 καὶ
3190 416 3415 488 ποιητὴν
3451 412 3589 472 εἶναι
3613 433 3704 471 νου

463 520 750 579 dleebatur
797 519 869 573 ob
907 532 1025 573 eam
1081 529 1306 569 causam
1360 511 1652 567 tentorium
1693 508 1807 573 Dei,
1856 524 1955 564 ceu
1986 509 2033 564 si

465 617 609 669 hanc
640 612 950 666 universam
978 615 1271 678 occuparet
1295 604 1531 659 incolatu
1559 618 1661 657 suo
1696 600 1859 665 Deus,
1887 616 2037 655 eam-

465 705 697 772 demque
726 702 904 757 oculis
973 701 1390 770 perlustraret);
1433 696 1641 751 idcirco
1682 708 1713 747 a
1747 693 1888 749 facie
1929 692 2040 747 Do—

467 796 599 849 mini
642 795 847 866 fugisse
882 792 1200 862 prophetam
1231 791 1305 843 ait
1339 788 1641 857 Scriptura,
1672 789 1768 857 qui
1797 800 2039 841 excesse-

466 895 553 941 rat
613 901 677 940 ea
747 884 987 955 regione,
1050 882 1102 936 in
1163 896 1270 949 qua
1333 886 1506 935 semet
1551 878 1695 933 Deus
1743 877 2035 933 revelahat.

466 977 670 1047 Nempe
703 977 786 1030 his
821 975 1004 1029 verbis
1046 973 1100 1027 in
1141 973 1299 1025 aliam
1346 970 1595 1039 quamvis
1635 977 1900 1023 remotam
1931 978 2041 1022 ter-

470 1086 585 1123 ram
620 1069 917 1123 secessisse
952 1066 1216 1135 propheta
1249 1062 1452 1117 dicitur
1486 1080 1497 1115 :
1532 1061 1624 1130 qui
1655 1076 1844 1130 reapse
1877 1061 1948 1115 ita
1982 1075 2041 1115 se

352 1156 355 1157 ⁷
469 1166 734 1227 gesserat,
762 1172 859 1212 ceu
891 1155 936 1210 si
970 1155 1026 1209 in
1052 1153 1272 1224 judaica
1306 1153 1529 1222 regione
1560 1152 1798 1206 manenti
1825 1152 2043 1221 appari—

471 1261 629 1305 turns
653 1250 878 1305 omnino
926 1247 1066 1302 Deus
1105 1253 1270 1307 esset,
1305 1258 1471 1313 seque
1509 1243 1575 1297 ad
1613 1243 1767 1312 jussa
1798 1240 2041 1296 facienda

469 1344 812 1395 excitaturus
838 1355 852 1393 :
882 1350 1068 1392 contra
1116 1336 1160 1390 si
1206 1335 1392 1405 procul
1437 1336 1609 1397 lleret,
1651 1333 1949 1387 cariturum
1985 1348 2044 1387 se

472 1432 721 1487 molestia
770 1430 1021 1498 sperabat
1068 1445 1080 1480 :
1123 1426 1282 1495 160
1318 1424 1476 1495 quasi
1531 1425 1788 1478 nimirum
1831 1423 1954 1478 aliis
1990 1424 2042 1477 in

474 1524 612 1577 locis
646 1521 788 1577 Deus
811 1527 984 1575 semet
1008 1518 1253 1572 revelare
1283 1530 1391 1569 non
1428 1520 1726 1584 pateretur.
1762 1512 1940 1583 Atque
1970 1512 2044 1565 ita

470 1609 666 1674 Judaei,
701 1611 828 1665 dum
871 1609 1069 1679 captivi
1112 1607 1507 1666 detinerentur,
1538 1604 1886 1658 victimarum
1909 1617 2047 1672 quo-

473 1719 579 1772 que
604 1703 685 1756 vel
715 1701 961 1771 cujusvis
1001 1698 1281 1770 religionis
1332 1697 1444 1751 Deo
1476 1695 1794 1751 exhibendae
1836 1694 2043 1748 nullum

477 1799 715 1849 fructum
757 1808 878 1848 esse
915 1793 1179 1861 putabant
1212 1808 1225 1844 :
1268 1805 1366 1843 ceu
1418 1789 1463 1841 si
1509 1786 1651 1841 Deus
1685 1786 1793 1840 illis
1824 1786 1879 1839 in
1912 1785 2046 1837 locis

475 1901 650 1954 neque
700 1898 963 1953 apparere
1021 1897 1196 1951 neque
1245 1880 1504 1932 honorem
1566 1877 1882 1946 religiosum
1939 1874 2045 1930 sibi

476 1976 777 2030 adhibitum
807 1974 1004 2028 soleret
1036 1972 1336 2026 admittere.
1384 1968 1743 2038 Perspicuum
1773 1981 1939 2036 porro
1962 1973 2047 2022 est

476 2067 795 2137 prophetam
859 2064 925 2119 ad
976 2063 1029 2117 id
1088 2063 1362 2133 negotium
1414 2060 1704 2131 torpuisse,
1759 2066 2045 2127 propterea

476 2157 620 2227 quod
655 2172 777 2211 eum
810 2155 952 2211 Deus
984 2154 1202 2225 quidem
1237 2169 1343 2207 non
1368 2152 1487 2205 sine
1512 2151 1771 2222 praeclara
1803 2165 1898 2219 spe
1920 2149 2049 2202 mit-

478 2250 626 2303 tebat
659 2249 857 2317 (neque
902 2247 1048 2302 enim
1086 2246 1249 2299 unius
1292 2244 1492 2298 excidii
1550 2257 1714 2297 causa
1770 2240 2056 2294 nuntiandi

482 2339 745 2402 misisset,
784 2338 892 2394 nisi
942 2338 1070 2391 hinc
1108 2350 1325 2406 quoque
1371 2335 1498 2389 boni
1536 2332 1740 2402 aliquid
1775 2332 2059 2386 moliretur

480 2430 836 2499 extundere);
878 2429 974 2484 sed
1016 2438 1198 2482 tamen
1226 2426 1349 2503 ipse
1384 2426 1539 2480 valde
1575 2425 1873 2480 absurdum
1902 2431 2060 2491 puta-

482 2524 596 2586 bat,
630 2522 675 2576 si
711 2521 849 2576 forte
897 2521 1061 2575 homo
1102 2518 1284 2574 subito
1328 2517 1717 2587 superveniens
1751 2514 1837 2570 his
1865 2514 1959 2585 qui
1994 2528 2054 2568 se

482 2623 641 2668 antea
672 2628 782 2667 non
824 2621 1110 2675 noverant,
1143 2611 1403 2666 continuo
1436 2608 1726 2664 nebulonis
1767 2605 2053 2674 cujusdam

482 2712 538 2755 rt
568 2702 918 2757 circulatoris
968 2699 1165 2753 famam
1198 2698 1590 2753 contraheret:
1638 2694 1690 2749 id
1737 2693 1882 2763 quod
1913 2693 2060 2761 ipse-

485 2800 595 2848 met
652 2794 706 2845 in
771 2789 1236 2861 consequentibus
1308 2804 1433 2843 mox
1507 2786 1856 2843 sermonibus
1921 2783 2057 2838 satis

484 2880 746 2937 ostendit.

2140 512 2330 582 μίζων,
2361 512 2455 564 καὶ
2487 510 2761 580 πανταχοῦ
2797 511 3050 581 παρεῖναι
3083 508 3353 563 πιστεύων
3372 526 3387 540 ’
3431 510 3614 582 ἐπειδὴ
3646 511 3705 564 δὲ

2136 602 2228 654 ἐπὶ
2258 600 2352 654 τοῦ
2384 601 2523 654 Σιὼν
2571 602 2730 673 ὅρους
2773 601 2991 655 ἃπασαν
3018 600 3166 671 αύτῷ
3195 600 3566 671 προσάγεσθαι
3608 603 3710 669 τὴν

2137 694 2391 765 λατρείαν
2426 693 2756 764 προσέταξεν
2783 695 2812 745 6
2841 693 2995 756 Θεὸς,
3029 692 3281 747 ὑπόνοιαν
3321 692 3594 756 Ἰουδαίοις
3620 694 3710 745 ἐν-

2136 784 2398 848 τεθεικὼς
2423 784 2499 849 ὡς
2527 784 2714 838 αὐτόθι
2741 801 2805 853 γε
2836 784 2932 838 καὶ
2956 784 3119 838 οἰκῶν
3150 786 3242 837 καὶ
3268 785 3366 855 τὴν
3389 783 3713 852 ἐπιφάνειαν

2140 876 2458 947 ποιούμενος
2478 876 2579 947 τὴν
2606 876 2826 931 οἰκείαν·
2858 877 2951 930 καὶ
2981 877 3241 946 σκήνωμα
3262 876 3319 928 δέ
3345 876 3440 929 τοῦ
3467 875 3602 929 Θεοῦ
3626 875 3715 929 διά

2139 970 2341 1041 ταύτην
2375 969 2471 1041 τὴν
2514 970 2695 1023 αἰτίαν
2727 970 2762 1040 ἦ
2795 987 2853 1023 τε
2882 970 3037 1032 πόλις
3080 968 3433 1039 Ἰερουσαλὴμ
3473 968 3713 1037 ἐλέγετο,

2142 1058 2234 1113 καὶ
2263 1060 2296 1129 ή
2323 1059 2397 1129 γῆ
2423 1059 2480 1111 δέ
2509 1061 2657 1112 πᾶσα
2689 1058 2787 1129 τῆς
2814 1054 3163 1126 ἐπαγγελίας,
3234 1057 3309 1119 ὡς
3338 1056 3403 1111 ἂν
3430 1057 3488 1111 ἐν
3525 1057 3718 1128 ἁπάσῃ

2141 1167 2200 1203 τε
2227 1148 2504 1211 οἰκοῦντος
2531 1148 2626 1201 τοῦ
2660 1146 2795 1200 Θεοῦ
2827 1147 2920 1200 καὶ
2954 1149 3132 1200 πᾶσαν
3161 1145 3331 1215 αὐτὴν
3375 1144 3680 1215 ἐφορῶντος
3699 1160 3714 1173 ’

2141 1240 2229 1293 διὰ
2255 1238 2411 1292 τοῦτο
2439 1240 2504 1291 ἐκ
2536 1236 2825 1308 προσώπου
2857 1234 2950 1291 τοῦ
2981 1234 3184 1305 Κυρίου
3212 1231 3541 1301 πεφευγέναι
3569 1230 3720 1297 λέγει

2142 1330 2235 1383 τὸν
2292 1330 2598 1400 προφήτην,
2649 1327 2740 1380 τὸν
2798 1327 2897 1397 τῆς
2951 1325 3134 1397 χώρας
3198 1323 3413 1393 ἐκείνης
3461 1322 3520 1374 ἐν
3574 1316 3721 1393 ᾗπερ

2144 1423 2379 1474 ἐποιεῖτο
2413 1419 2511 1490 τὴν
2539 1418 2746 1472 οἰκείαν
2778 1416 3098 1486 ἐπιφάνειαν
3130 1416 3158 1467 6
3186 1413 3319 1478 Θεὸς
3348 1413 3606 1474 ἐκϐάντα,
3639 1413 3720 1473 εἰς

2146 1514 2338 1583 ἑτέραν
2369 1510 2489 1564 τινὰ
2518 1510 2613 1563 καὶ
2653 1508 3048 1579 ἀπῳκισμένην
3079 1504 3263 1577 χώραν
3292 1503 3544 1558 ἀπελθεῖν
3578 1501 3725 1555 οὕτω

2146 1603 2319 1675 δηλῶν
2354 1621 2369 1634 ·
2413 1602 2572 1656 τοῦτο
2605 1601 2715 1672 γὰρ
2742 1602 2770 1653 6
2800 1599 3085 1668 προφήτης
3118 1596 3311 1650 ἐποίειο
3344 1594 3419 1658 ὡς
3461 1594 3589 1663 ἄχρι
3620 1590 3725 1660 μὲν

2148 1697 2206 1748 ἐν
2272 1694 2452 1763 ἐκείνῃ
2507 1692 2657 1762 διῆγε
2703 1694 2773 1762 τῇ
2831 1690 2982 1760 χώρᾳ
3035 1685 3454 1756 ἐπιφαινομένου
3503 1684 3725 1744 πάντως

2151 1785 2227 1853 (p.
2251 1782 2379 1853 245)
2425 1780 2575 1851 αὐτῷ
2610 1780 2705 1833 τοῦ
2736 1778 2869 1834 Θεοῦ
2912 1779 3005 1833 καὶ
3034 1776 3389 1847 διεγείροντος
3434 1772 3595 1827 αὑτὸν
3635 1772 3725 1839 ἐφ’

2149 1876 2285 1946 ὅπερ
2324 1874 2572 1928 ἐϐούλετο
2591 1888 2604 1902 ⁶
2648 1874 2697 1926 εἰ
2724 1872 2779 1925 δὲ
2812 1872 3001 1942 πόρῤω
3027 1870 3254 1939 γένοιτο,
3286 1865 3583 1938 κερδαίνων
3622 1864 3727 1933 τὴν

2152 1964 2429 2033 ἐνόχλησιν
2457 1962 2699 2031 ἐκείνην·
2736 1960 2810 2023 ὼς
2843 1960 2909 2013 ἂν
2944 1958 3075 2029 μηδὲ
3111 1954 3489 2025 ἐπιφαίνεσθαι
3515 1954 3572 2005 ἐν
3600 1953 3726 2006 ἐτέ-

2155 2072 2270 2126 ροις
2292 2055 2477 2115 τόποις
2505 2053 2828 2123 ἀνεχομένου
2857 2050 2951 2103 τοῦ
2977 2050 3151 2103 Θείουο
3179 2047 3322 2101 οὕτω
3352 2047 3445 2100 καὶ
3483 2045 3726 2098 Ἰουδαῖοι

2152 2147 2246 2198 ἐπὶ
2289 2146 2388 2215 τῆς
2430 2143 2807 2213 αἰχμαλωσίας
2838 2142 2991 2204 ὄντες
3013 2181 3028 2204 ,
3081 2139 3339 2210 περιττὰς
3372 2140 3600 2210 ἡγοῦντο
3626 2138 3729 2191 καὶ

2152 2236 2250 2299 τὰς
2298 2236 2487 2298 θυσίας
2537 2236 2629 2289 καὶ
2673 2235 2773 2305 τὴν
2801 2233 3055 2303 λατρείαν
3087 2232 3303 2285 ἃπασαν
3349 2231 3449 2299 τὴν
3484 2229 3562 2300 τῷ
3604 2228 3729 2297 Θεῷ

2155 2325 2591 2396 προσαγομένην,
2626 2325 2700 2389 ὡς
2740 2324 2909 2378 αὐτοῦ
2962 2324 3037 2395 μὴ
3081 2322 3461 2390 ἐπιφαίνεσθαι
3508 2321 3567 2372 ἐν
3612 2323 3729 2383 τοῖς

2156 2420 2271 2470 ἐκεῖ
2295 2417 2499 2481 τόποις,
2538 2418 2672 2488 μηδέ
2707 2416 2958 2487 δέχεσθαι
2993 2414 3063 2468 τὰ
3093 2414 3280 2467 αύτόθι
3324 2415 3403 2476 εἰς
3430 2412 3530 2482 τὴν
3560 2410 3730 2464 αὐτοῦ

2156 2508 2504 2581 πληρούμενα
2530 2508 2701 2583 τιμὴν
2727 2506 3069 2577 ἀνεχομένου·
3103 2505 3261 2575 δῆλος
3284 2504 3340 2558 δέ
3368 2500 3435 2573 ἦν
3460 2504 3489 2555 ό
3518 2502 3735 2571 προφή-

2156 2616 2254 2669 της
2282 2598 2417 2669 πρδς
2443 2597 2504 2649 τὸ
2537 2599 2768 2668 πρᾶγμα
2803 2595 2976 2648 ὀκνῶν
2998 2636 3013 2661 ,
3060 2595 3149 2647 διὰ
3177 2595 3238 2647 τὸ
3272 2595 3498 2664 συνορᾷν
3532 2592 3627 2662 μὲν
3655 2590 3735 2653 ὡς

2157 2684 2249 2736 ἐπί
2269 2701 2407 2736 τισιν
2439 2685 2597 2738 αὐτὸν
2618 2683 2936 2737 ἀποστέλλει
2966 2685 3183 2747 πάντως
3212 2686 3473 2755 χρησταῖς
3495 2680 3733 2735 ἐλπίσιν·

2162 2776 2263 2829 ούκ
2294 2776 2358 2830 άν
2385 2793 2447 2844 γε
2476 2777 2567 2828 ἐπὶ
2599 2776 2661 2846 δὴ
2698 2776 2864 2845 μόνης
2894 2776 3111 2845 πέμψας
3144 2775 3303 2829 αὐτὸν
3331 2771 3737 2844 καταστροφῆς.

2166 2870 2212 2921 εἰ
2250 2869 2322 2937 μή
2352 2885 2406 2919 τι
2440 2868 2534 2920 καί⁵
2576 2867 2778 2936 ἀγαθὸν
2809 2866 3058 2920 ἐντεῦθεν
3095 2869 3398 2936 οἰκονομεῖν
3443 2865 3699 2917 ἐϐούλετο
3720 2878 3735 2893 ·

484 2974 592 3030 τῶν
629 2973 769 3040 ἄγαν
802 2972 860 3027 δέ
921 2970 1137 3025 ἀτόπων
1185 2964 1323 3021 εἶναι
1398 2966 1626 3037 νομίσας
1672 2964 1720 3017 εἰ
1773 2960 1987 3031 πρῶτον
2059 2957 2367 3029 ἀνθρώποις
2413 2957 2594 3027 ὀφθεὶς
2636 2960 2745 3021 τοῖς
2802 2959 2861 3010 ού
2917 2957 3178 3028 πρότερον
3240 2957 3397 3009 αὑτὸν
3444 2951 3743 3023 ἐπισταμέ·

484 3084 617 3132 νοις,
650 3066 778 3122 εὐθύ
812 3082 956 3129 τινος
980 3062 1214 3133 ψεύστου
1246 3062 1340 3114 καὶ
1362 3058 1674 3122 ἀπατεῶνος
1698 3055 2057 3123 ἀπενέγκοιτο
2084 3052 2259 3118 δόξανο
2287 3054 2443 3108 τοῦτο
2486 3054 2541 3107 δὲ
2582 3054 2672 3107 καὶ
2699 3053 2860 3117 αὐτὸς
2901 3056 2958 3107 ἐν
2992 3054 3103 3115 τοῖς
3161 3051 3451 3123 μετέπειτα
3491 3052 3579 3105 διά
3626 3050 3743 3105 τῶν

486 3158 702 3212 οἰκείων
733 3155 907 3228 δηλῶν
936 3154 1187 3225 φαίνεται
1217 3151 1498 3224 ῥημάτων.

558 3249 728 3307 Vens.
773 3223 892 3303 L6.
921 3223 993 3288 έ-
1029 3246 1143 3300 llac
1194 3223 1263 3300 de
1303 3258 1470 3298 causa
1524 3239 1810 3297 descendit
1855 3237 2058 3308 Joppeu

2239 3235 2386 3304 Στίχ.
2418 3234 2556 3298 δ’-ς’.
2606 3260 2675 3271 —-
2699 3229 2923 3296 Κατέϐη
2955 3228 3053 3298 μὲν
3082 3223 3174 3281 οὖν
3200 3228 3279 3289 εἰς
3314 3225 3411 3297 τὴν
3457 3225 3681 3294 Ἰόππην
3716 3227 3748 3278 ὁ

490 3345 777 3416 prOpheta,
805 3340 1254 3411 deprehensaque
1281 3338 1405 3393 navi
1446 3335 1675 3391 Tharsis
1716 3348 1908 3388 versus
1943 3340 2063 3386 ten-

490 3439 671 3503 dente,
710 3436 934 3490 naulum
986 3432 1217 3488 exsolvit
1270 3429 1630 3484 contumaciae
1669 3441 1801 3487 suae,
1843 3431 1897 3479 et
1941 3438 2063 3477 cum

491 3527 704 3597 reliqua
735 3526 891 3580 turba
941 3522 1315 3579 conscendens
1352 3518 1581 3574 Tharsis
1623 3516 1933 3587 navigabat,
1967 3527 2063 3567 ceu

494 3621 541 3673 si
573 3619 646 3673 ibi
672 3617 852 3672 divina
883 3616 1134 3671 molestia
1166 3614 1299 3668 liber
1327 3618 1473 3668 esset
1502 3609 1739 3671 futurus,
1766 3607 1894 3677 quia
1923 3603 2068 3657 Deus

496 3711 690 3765 alienis
713 3710 768 3763 in
797 3708 1113 3779 regionibus
1145 3704 1368 3760 minime
1406 3703 1509 3758 sibi
1537 3713 1870 3755 occursurus
1900 3704 2065 3759 esset,

494 3819 672 3874 neque
698 3804 1084 3857 necessitatem
1124 3799 1255 3854 certi
1293 3796 1399 3852 loci
1423 3794 1655 3849 adeundi
1688 3790 2067 3861 impositurus.

493 3891 615 3947 Jam
652 3892 743 3946 ubi
787 3892 843 3945 in
895 3891 1066 3945 altum
1116 3899 1441 3958 progressus
1491 3883 1610 3947 fuit,
1664 3877 1961 3935 declaravit
1992 3875 2069 3930 illi

495 3982 642 4039 Deus
680 3998 843 4053 quam
891 3980 1140 4035 inutilem
1178 3991 1453 4048 quamque
1499 3974 1721 4029 stultam
1763 3969 1943 4038 fugam
1978 3980 2071 4020 ca-

494 4073 851 4148 pessivisset;
888 4071 1193 4142 graviorem
1241 4069 1383 4122 enim
1438 4076 1790 4119 commovens
1826 4065 2067 4119 ventum,

497 4147 704 4222 tantam
738 4168 793 4218 in
835 4163 973 4219 mari
1003 4160 1259 4216 conﬂavit
1294 4155 1609 4226 procellam,
1638 4161 1697 4205 ut
1723 4147 1945 4217 infringi
1974 4161 2073 4201 na-

496 4262 582 4315 vis
607 4257 1033 4330 periclitaretur,
1082 4266 1203 4320 quaa
1237 4250 1342 4305 vim
1379 4248 1640 4301 ﬂuctuum
1688 4258 1795 4297 non
1843 4240 2068 4296 ferebat.

498 4352 642 4405 Hinc
668 4364 839 4420 pavor
871 4345 1209 4416 navigantes,
1262 4349 1320 4395 ut
1366 4355 1464 4410 par
1511 4344 1649 4400 erat,
1693 4332 1991 4403 corripuit,
2019 4337 2073 4385 et

502 4442 645 4513 apud
675 4455 835 4496 suum
881 4438 1113 4510 quisque
1157 4433 1423 4489 creditum
1479 4430 1659 4491 deum,
1704 4440 1863 4497 quem
1897 4422 2073 4493 patria

2167 3328 2450 3398 προφήτης
2480 3322 2681 3393 ταύτης
2709 3321 2871 3373 ἕνεκα
2902 3319 2999 3389 τῆς
3029 3317 3225 3380 αἰτίας⁹
3264 3315 3447 3369 αύτόθι
3475 3314 3531 3367 δέ
3556 3314 3744 3367 πλοῖον

2169 3420 2261 3471 ἐπὶ
2298 3417 2530 3487 Θαρσεῖς
2568 3413 2729 3467 ἀπιὸν
2762 3409 2955 3481 εὑρὼν,
2986 3409 3078 3461 τόν
3109 3425 3167 3461 τε
3202 3406 3389 3477 μισθὸν
3408 3405 3609 3459 δέδωκε
3637 3405 3746 3473 τῆς

2167 3508 2422 3570 ἀπονοίας
2448 3546 2460 3568 ,
2498 3505 2592 3558 καὶ
2630 3503 2804 3574 ἐμϐἀς
2839 3502 2977 3572 μετά
3000 3501 3107 3552 τῶν
3138 3497 3338 3551 λοιπῶν
3386 3499 3459 3567 (p.
3482 3496 3609 3565 244)
3644 3496 3747 3548 ἐπὶ

2167 3599 2401 3669 Θαρσεῖς
2446 3594 2693 3659 ἐξέπλει*
2736 3593 2812 3663 ὡς
2847 3592 2914 3646 ἂν
2941 3590 3126 3644 αὐτόθι
3170 3588 3268 3659 τὴν
3303 3587 3581 3657 ἐνόχλησιν
3613 3586 3748 3655 μέλ-

2167 3689 2273 3742 λων
2303 3687 2567 3741 ἐκκλίνειν
2597 3684 2693 3754 τὴν
2721 3683 2889 3747 θείαν,
2928 3681 3027 3734 ούκ
3060 3677 3479 3748 ἐπιφαινομένου
3505 3693 3562 3729 τε
3592 3674 3749 3744 αὑτῷ

2169 3784 2228 3834 ἐν
2271 3780 2567 3850 ἀλλοτρίοις
2610 3778 2795 3839 τόποις
2839 3774 2933 3828 τοῦ
2988 3773 3143 3835 Θεοῦ,
3182 3773 3274 3825 καὶ
3303 3770 3613 3837 ἐπείγοντος
3643 3769 3749 3821 ἐπὶ

2168 3873 2230 3925 τὸ
2258 3870 2616 3944 προκείμενον
2639 3866 2913 3920 ἀπελθεῖν·
2936 3862 3133 3933 ,ἐπειδὴ
3158 3862 3214 3915 δέ
3249 3860 3389 3915 κατὰ
3417 3859 3515 3929 τήν
3541 3857 3750 3913 θάλατ-

2169 3981 2267 4016 ταν
2297 3963 2510 4031 ἐγένετο
2540 3958 2738 4023 πλέων,
2767 3957 2921 4027 δῆλον
2948 3955 3110 4007 αὐτὸν
3148 3953 3258 4005 οἷον
3298 3951 3411 4023 (55)
3446 3952 3475 4004 ό
3500 3949 3629 4011 Θεὸς
3658 3949 3753 4003 ὅτι

2171 4072 2235 4107 πε
2248 4054 2429 4123 ριττήν
2460 4068 2583 4103 τινα
2609 4049 2701 4103 καὶ
2733 4045 2962 4118 ματαίαν
2994 4043 3231 4115 ὑπέμενε
3264 4042 3363 4112 τὴν
3389 4039 3587 4108 φυγὴν,
3613 4054 3754 4107 σφο-

2169 4145 2297 4215 δρὸν
2346 4140 2561 4211 πνεῦμα
2608 4139 2855 4207 κινήσας,
2898 4134 3147 4188 τοσοῦτον
3181 4132 3273 4186 ἐπὶ
3323 4132 3421 4201 τῆς
3469 4129 3755 4200 θαλάσσης

2171 4236 2466 4308 εἰργάσατο
2506 4233 2598 4287 τὸν
2632 4231 2896 4292 κλύδωνα,
2933 4229 3072 4282 ὥστε
3105 4227 3198 4281 καὶ
3238 4223 3585 4295 συντριϐῆναι
3628 4240 3759 4275 κιν-

2172 4328 2413 4382 δυνεύειν
2446 4325 2506 4378 τὸ
2532 4323 2713 4376 πλοῖον
2742 4322 2800 4375 ού
2844 4320 3009 4392 φέρον
3036 4316 3144 4371 τῶν
3173 4316 3432 4386 κυμάτων
3455 4314 3552 4383 τὴν
3580 4312 3715 4381 βίαν
3735 4327 3757 4346 ⁸

2176 4418 2336 4488 φόϐος
2382 4418 2445 4468 ἐκ
2487 4413 2678 4466 τούτου
2726 4413 2847 4473 τοὺς
2890 4412 2948 4463 ἐν
2993 4407 3141 4477 αὑτῷ
3172 4406 3391 4475 εἴληφεν
3438 4403 3513 4465 ὼς
3556 4401 3715 4464 εἰκός
3740 4417 3755 4430 ο

502 4490 645 4513 νιν-’-
675 4490 835 4496 --π-ν-
887 4490 1061 4510 “.ι”’““ι⁷
1649 4490 1653 4491 ν
1723 4490 1737 4497 ,
1900 4490 1915 4493 -

502 4531 769 4600 religione
819 4532 1069 4593 colebat,
1118 4539 1358 4597 praesens
1403 4523 1526 4577 vita:
1569 4518 1866 4574 discrimen
1913 4513 2058 4569 elatis

2175 4508 2400 4569 ἕκαστός
2428 4524 2487 4559 τε
2514 4505 2649 4575 πρὸς
2679 4503 2739 4555 ὃν
2767 4504 2951 4572 ἡγεῖτο
2990 4500 3126 4561 θεὸν,
3163 4498 3257 4551 καὶ
3298 4490 3450 4566 ᾧπερ
3480 4493 3763 4565 θρησκεύ-

505 4573 769 4600 manu"...
821 4573 1069 4593 ww-..”
1120 4573 1355 4597 rm"---
1637 4573 1646 4574 η

504 4621 840 4679 clamoribus
868 4620 1281 4690 deprecabatur.
1316 4613 1453 4667 Tum
1502 4627 1562 4667 se
1605 4609 1916 4664 intendente
1946 4618 2058 4674 pro-

2178 4619 2260 4654 ειν
2286 4598 2489 4663 εἰώθει,
2517 4573 2583 4666 τῇ
2614 4596 2762 4664 φωνῇ
2798 4590 3132 4661 κεχρημένος
3160 4587 3479 4657 ἀπαλλαγὴν
3506 4585 3625 4655 ᾔτει
3653 4581 3758 4636 τοῦ

505 4714 666 4780 cella,
699 4712 947 4768 sarcinas
981 4724 1199 4780 quoque
1231 4710 1499 4777 quotquot
1546 4701 1817 4770 imposita:
1860 4696 2075 4751 fuerant

507 4803 575 4860 de
608 4817 758 4858 more
787 4802 842 4856 in
868 4816 1017 4856 mare
1060 4798 1358 4869 jaciehant,
1403 4794 1447 4849 si
1500 4791 1639 4847 forte
1681 4804 1848 4845 onere
1904 4788 2077 4841 levata

509 4895 664 4953 navis
711 4893 1014 4966 perieulum
1071 4890 1344 4945 evaderet.
1397 4886 1492 4942 His
1537 4884 1688 4938 addit
1744 4880 2078 4949 Scriptura:

514 4985 734 5042 «Jonas
788 4994 970 5039 autem
1028 4983 1081 5036 in
1142 4981 1411 5036 sentinam
1471 4977 1625 5031 navis
1673 4971 2078 5032 descenderat,

509 5075 700 5145 ibique
745 5073 1020 5129 dormiens
1047 5070 1199 5141 161
1237 5067 1517 5123 stertebat.
1558 5084 1575 5117 ι
1611 5062 1728 5117 Νοη
1768 5060 1910 5131 quod
1958 5066 2081 5128 post

511 5174 843 5221 commotam
890 5168 1267 5233 tempestatem
1302 5159 1357 5212 in
1392 5156 1649 5211 inferiora
1680 5154 1836 5207 navis
1875 5149 2081 5206 dormi-

513 5262 647 5310 tum
675 5254 1018 5310 descenderit
1048 5273 1061 5307 :
1095 5258 1243 5308 esset
1293 5249 1438 5321 enim
1486 5245 1802 5305 ridiculum,
1848 5242 1894 5297 si
1927 5248 2078 5294 tanta

514 5343 925 5416 perturbatione
975 5350 1181 5404 coorta,
1234 5337 1560 5405 cunctisque
1599 5334 1667 5389 de
1713 5333 1890 5389 salute
1929 5330 2076 5401 peri—

515 5436 855 5498 clitantibus,
902 5434 1019 5503 ipse
1067 5445 1260 5487 somno
1300 5445 1359 5485 se
1413 5425 1731 5481 tradidisset
1764 5442 1776 5478 :
1808 5432 2079 5477 verumta-

517 5542 642 5583 men
692 5526 744 5581 id
798 5531 985 5595 egerat
1038 5524 1220 5579 statim
1271 5534 1335 5576 ac
1373 5519 1557 5576 navim
1624 5514 1984 5581 conscendit;
2029 5519 2085 5567 at

589 5705 797 5779 (55pm
837 5703 968 5761 Cod.

2176 4691 2437 4763 παρόντος
2483 4685 2734 4757 γενέσθαι
2781 4683 3024 4735 κινδύνου
3050 4698 3064 4712 °
3117 4676 3521 4747 ἐπιτεινομένου
3553 4675 3611 4727 δὲ
3648 4675 3759 4727 τοῦ

2174 4783 2442 4843 κλύδωνος
2463 4821 2477 4840 ,
2526 4778 2618 4831 καὶ
2644 4777 2714 4829 τὰ
2744 4775 2933 4827 ἐνόντα
2964 4771 3041 4842 τῷ
3075 4771 3243 4840 πλοίῳ
3276 4768 3412 4821 κατά
3443 4766 3505 4819 τὸ
3556 4766 3763 4828 εἰωθὸς

2175 4875 2286 4934 τοῖς
2314 4867 2730 4941 χειμαζομένοις
2770 4862 3081 4935 ἀπέρριψαν
3120 4863 3200 4923 είς
3235 4860 3334 4929 τὴν
3365 4857 3661 4920 θάλασσαν,
3710 4856 3772 4909 ετ

2178 4981 2295 5026 πως
2315 4957 2603 5027 κουφισθέν
2629 4955 2878 5024 διαφύγοι
2906 4954 2996 5006 τὸν
3023 4952 3263 5004 κίνδυνον
3292 4950 3352 5001 τὸ
3382 4948 3586 5001 πλοῖον.
3619 4946 3768 5000 Τού-

2184 5072 2298 5117 τοις
2338 5051 2553 5118 ἐπάγει·
2614 5066 2630 5098 ι
2671 5046 2847 5107 Ἰωνᾶς
2876 5044 2931 5095 δὲ
2963 5040 3165 5110 κατέϐη
3198 5040 3276 5103 εἰς
3307 5038 3402 5109 τὴν
3447 5036 3640 5107 κοίλην
3660 5034 3768 5089 τοῦ

2185 5145 2391 5208 πλοίου,
2419 5140 2513 5193 καὶ
2538 5136 2824 5190 ἐκάθευδεν
2865 5135 2981 5186 ἐκεῖ
3021 5133 3114 5185 καὶ
3153 5130 3397 5201 ἔρεγχεν.
3437 5146 3455 5178 ι
3518 5127 3635 5196 Οὐχ
3678 5127 3770 5178 ὄτι

2189 5236 2325 5309 μετὰ
2351 5233 2413 5287 τὸ
2442 5233 2621 5285 ἐκεῖνα
2649 5226 2899 5297 γενέσθαι
2923 5226 3002 5286 εἰς
3030 5224 3089 5277 τὸ
3123 5222 3303 5276 πλοῖον
3327 5216 3604 5273 κατελθὼν
3628 5217 3777 5271 ἐκά-

2186 5308 2391 5381 θευδενο
2424 5322 2628 5392 γελοῖον
2665 5318 2775 5387 γὰρ
2806 5318 2855 5369 εί
2887 5315 3132 5385 ταραχῆς
3163 5311 3431 5381 τοσαύτης
3459 5308 3776 5379 γενομένης

2188 5419 2284 5472 καὶ
2316 5417 2531 5471 πάντων
2574 5410 2701 5482 περὶ
2743 5410 2841 5479 τῆς
2882 5407 3154 5477 σωτηρίας
3195 5402 3609 5458 κινδυνευόντων
3656 5400 3775 5471 τῆς

2190 5507 2413 5573 οἰκείας,
2446 5507 2525 5567 εἰς
2564 5502 2729 5556 ὕπνον
2761 5497 2952 5553 ἐαυτὸν
2983 5498 3189 5560 ἐκεῖνος
3218 5494 3385 5548 ἐδίδου
3410 5508 3423 5521 ·
3477 5489 3616 5545 ἀλλά
3647 5490 3781 5560 γὰρ
