3976 6226
190 296 300 357 353

1253 296 1797 355 COMMENTARIUS
1832 297 1903 353 ΙΝ
1930 296 2123 355 IGNE
2161 297 2313 354 CAP.
2358 312 2394 352 ι.

3338 295 3445 350 554

194 418 352 474 τοῦτο
380 418 482 489 μὲν
515 415 678 479 εὐθὺς
726 415 923 478 ἐπιϐάς
962 416 1226 488 πεποίηκε
1256 417 1351 470 τοῦ
1394 417 1577 472 πλοίου
1605 434 1616 446 ·
1652 418 1685 486 ἡ
1720 415 1774 468 δὲ

1891 412 2164 485 Scriptura
2211 422 2498 486 postquam
2529 414 2825 486 procellam
2859 414 3124 480 narravit,
3170 421 3448 484 postremo

195 508 386 579 Γραφὴ
432 507 503 559 τὰ
530 505 670 559 κατὰ
696 504 787 558 τὸν
824 504 1065 559 κλύδωνα
1095 506 1472 577 διηγησαμένη
1492 545 1508 569 ,
1552 505 1775 576 ὕστερον

1897 521 1997 561 nco
2035 506 2196 570 dixit,
2241 522 2364 576 quae
2407 508 2673 579 propheta
2705 508 2889 578 pridre
2930 515 3173 577 tempore
3218 504 3444 560 fecerat.

197 601 445 669 ἐπήγαγε
475 598 546 650 τά
575 598 726 667 παρὰ
754 597 847 650 τοῦ
875 598 1151 668 προφήτου
1181 599 1298 650 κατ’
1328 600 1532 650 ἐκεῖνον
1555 600 1630 667 (p.
1648 596 1774 665 24:3)

1891 597 2060 667 Pergit
2099 612 2266 666 porro
2302 598 2508 662 dicere,
2553 606 2612 654 ut
2643 600 2980 670 gubernator
3007 598 3075 654 ad
3125 597 3446 669 prophetam

198 690 465 758 γενόμενα
487 688 579 741 τὸν
608 686 821 757 καιρόν·
848 689 928 740 ὅτι
960 706 1018 741 τε
1046 691 1075 742 ό
1109 690 1361 759 πρωρεῦς
1377 688 1455 752 ὡς
1487 690 1544 742 ἐν
1564 690 1776 760 ταραχῇ

196 779 437 849 τοσαύτῃ
458 778 794 832 καθεύδοντα
820 778 911 831 τὸν
942 781 1226 851 προφήτην
1252 781 1378 833 ἰδεῖν
1405 779 1775 851 ἀπεληλυθὼς,

195 870 444 940 διήγειρέ
477 886 534 921 τε
563 868 750 934 αὐτὸν,
780 870 875 922 καὶ
902 869 1207 940 ἐθαύμαζεν
1235 870 1316 923 ὅτι
1350 869 1604 923 τοσούτου
1632 886 1777 937 γινο-

199 957 364 1028 μένου
429 957 644 1021 κακοῦ,
706 957 972 1028 μηδεμίαν
1034 958 1284 1027 αἴσθησιν
1339 958 1451 1028 ἔχοι
1496 957 1603 1010 τῶν
1644 975 1778 1011 κατ-

195 1049 434 1119 εχόντων
456 1049 655 1112 αὐτοὺς
681 1048 889 1112 κακῶν,
920 1048 1033 1102 ἀλλ’
1060 1050 1135 1114 ὡς
1162 1050 1316 1121 ἀδείᾳ
1345 1049 1510 1120 πολλῇ
1533 1049 1779 1104 καθεύδει

194 1155 253 1190 τε
290 1138 388 1189 καί
421 1140 629 1206 pena-
666 1136 1051 1208 ὑπεμίμνησκε
1085 1139 1141 1192 δέ
1170 1140 1332 1193 αὑτὸν
1362 1141 1666 1194 ἀναστάντα
1689 1139 1781 1193 τὸν

197 1228 321 1281 θεὸν
348 1226 538 1281 καλεῖν
565 1230 658 1280 τὸν
695 1229 846 1293 ἴδιον,
881 1231 934 1282 εί
960 1248 1075 1294 πως
1100 1231 1191 1284 ὑπ’
1232 1232 1394 1284 αὐτοῦ
1425 1231 1551 1298 γοῦν
1581 1231 1781 1284 διασω-

200 1319 370 1373 θεῖεν.

264 1412 423 1481 Στίχ.
471 1411 605 1476 ζ’-θ¹.
651 1440 722 1451 -
749 1405 851 1463 Ὧν
894 1412 950 1464 δὲ
991 1416 1019 1465 ό
1058 1412 1155 1481 μὲν
1191 1418 1474 1483 προφήτης
1514 1413 1667 1467 οὐδὲν
1705 1414 1782 1467 δι-

190 1503 537 1573 επράττετο·
578 1502 787 1555 τοιοῦτο
827 1502 1089 1573 σφαλερὸν
1138 1497 1275 1555 εἶναι
1315 1502 1547 1573 νομίζων
1573 1504 1782 1573 δεήσεις

193 1592 498 1661 προσάγειν
530 1591 705 1661 τούτῳ
735 1587 903 1663 οὗπερ
932 1593 1213 1661 πεφεύγει.
1254 1594 1586 1646 Ἐπετείνετο
1609 1594 1664 1646 δὲ
1689 1593 1782 1645 τοῦ

193 1680 472 1743 κλύδωνος
519 1681 581 1732 τὸ
625 1680 796 1733 κακόν
823 1697 835 1708 ·
865 1680 1194 1750 ἐδοκίμασαν
1222 1679 1406 1733 λοιπὸν
1450 1680 1635 1751 κλήρῳ
1667 1681 1784 1734 δια-

191 1770 400 1837 γνῶναι
433 1770 525 1822 τὸν
550 1769 647 1822 τοῦ
669 1770 930 1840 παρόντος
958 1772 1129 1823 αἴτιον
1167 1769 1357 1823 κακοῦ·
1389 1769 1546 1822 τοῦτο
1577 1770 1635 1823 δέ
1665 1770 1788 1841 ἐδή-

192 1863 287 1914 λου
334 1861 415 1932 μὴ
457 1861 637 1913 κοινὸν
667 1860 809 1913 κατὰ
845 1862 1024 1930 πάσης
1064 1860 1338 1931 Θαλάσσης
1370 1855 1507 1913 εἶναι
1550 1859 1637 1912 τὸν
1672 1877 1783 1929 χει-

196 1953 369 2023 μῶνα,
394 1952 536 2005 ἀλλᾶ
551 1953 682 2023 περὶ
698 1952 829 2004 αὑτό
863 1968 924 2017 γε
952 1952 1114 2021 μόνον
1140 1950 1199 2004 τὸ
1232 1951 1412 2003 πλοῖον
1441 1952 1540 2023 τὴν
1568 1950 1629 2003 σύ
1638 1968 1783 2020 μπα-

194 2063 291 2098 σαν
320 2045 576 2115 ταραχὴν
607 2044 894 2098 κινεῖσθαν
924 2045 1017 2112 ἀφ’
1044 2039 1211 2114 οὗπερ
1237 2045 1286 2096 οί
1312 2045 1369 2096 ἐν
1396 2043 1543 2113 αὐτῷ
1570 2042 1781 2110 λογιζό-

194 2152 346 2203 μενοι
374 2135 479 2204 τὴν
500 2134 707 2197 αἰτίαν,
724 2134 915 2205 κλήρῳ
935 2132 1313 2202 διαγινώσκειν
1338 2133 1428 2186 τὸν
1446 2134 1615 2187 αἴτιον
1635 2132 1785 2186 ἐϐού-

192 2228 344 2280 λοντο
369 2228 482 2278 τῶν
503 2226 712 2279 κακῶνο
734 2227 895 2296 τυχὸν
914 2227 1008 2281 καὶ
1024 2226 1117 2279 τοῦ
1138 2226 1404 2279 Δεσπότου
1427 2224 1560 2277 Θεοῦ
1582 2225 1783 2296 ταύτην

191 2320 375 2381 αὐτοῖς
412 2318 818 2387 έμεεὸληκότος
857 2316 956 2388 τὴν
992 2318 1257 2382 διάνοιαν,
1284 2317 1363 2381 ὡς
1391 2317 1457 2371 ἂν
1481 2318 1785 2379 ἀκολούθως

190 2410 261 2461 τά
288 2410 461 2461 λοιπά
483 2425 549 2476 γε
577 2407 867 2479 πραχθείη·
890 2410 940 2461 οἱ
963 2410 1059 2478 μὲν
1077 2409 1184 2479 γάρ
1208 2411 1510 2481 ἐχρήσαντο
1528 2412 1639 2472 τοῖς
1663 2409 1785 2480 κλή-

196 2517 329 2569 ροιςο
366 2500 650 2552 ἐδείκνυτο
679 2500 736 2552 δὲ
765 2502 793 2552 ὁ
831 2500 1097 2570 μακάριος
1135 2500 1321 2561 Ἰωνᾶς
1347 2499 1457 2551 τῶν
1487 2497 1785 2567 γεγονότων

193 2592 388 2655 αἴτιος·
426 2591 515 2660 ἐφ’
546 2584 593 2658 ᾧ
612 2590 676 2661 δὴ
702 2591 795 2643 καὶ
818 2588 1193 2660 θαυμάσαντες
1223 2589 1273 2642 oi
1302 2591 1545 2643 ναυτικοὶ
1575 2588 1783 2653 λοιπὸν,

195 2685 245 2735 εί
275 2682 497 2735 τοιοῦτό
532 2699 586 2735 τι
622 2680 1010 2751 πεπραγμένον
1041 2680 1191 2750 αὐτῷ
1231 2679 1486 2749 τυγχάνοι
1524 2678 1662 2733 ὥστε
1692 2680 1786 2733 καὶ⁵

196 2774 455 2829 τοσοῦτον
482 2773 746 2843 γεννῆσαι
780 2773 969 2836 κακὸν,
1013 2770 1151 2843 μετὰ
1196 2771 1428 2841 σφοδρᾶς
1472 2770 1571 2841 τῆς
1612 2772 1786 2824 ἐπιτι-

200 2868 426 2937 μήσεως
452 2865 553 2917 καὶ
598 2864 878 2934 μονονουχὶ
909 2861 1207 2933 δικαστικῷ
1239 2862 1422 2915 λοιπὸν
1456 2862 1785 2933 κεχρημένοι

199 2958 272 3028 τῷ
302 2961 577 3028 σχήματι,
614 2959 691 3025 (p.
719 2955 848 3023 εδδ)
890 2954 966 3017 ὡς
989 2954 1055 3008 ἂν
1089 2953 1221 3024 πρὸς
1247 2954 1532 3024 ἄνθρωπον
1560 2953 1786 3005 καταδε-

195 3046 533 3115 δικασμένον
578 3045 679 3115 ἥδη
731 3043 808 3113 τῷ
855 3044 1040 3115 κλήρῳ
1086 3042 1493 3113 διαλεγόμενοι,
1541 3044 1783 3114 ἀπῄτουν

202 3138 399 3209 μαθεῖν
427 3138 458 3190 δ
474 3137 529 3189 τί
555 3152 661 3205 περ
688 3134 836 3206 αύτῷ
860 3135 1243 3205 πεπραγμένον
1266 3136 1372 3205 εἴη,
1401 3134 1451 3187 τί
1472 3135 1527 3188 δέ
1548 3135 1641 3189 καὶ
1662 3136 1783 3188 ἐπι-

200 3229 450 3299 τήδευμα
478 3226 689 3297 μετῄει,
716 3225 837 3279 ὅθεν
860 3243 917 3279 τε
950 3225 1178 3297 ἔρχοιτο,
1210 3226 1305 3278 καὶ
1341 3226 1462 3279 ὅποι
1500 3243 1607 3297 περ
1633 3227 1787 3281 ἄπει-

201 3337 303 3383 σιν,
353 3320 425 3371 ἐκ
472 3319 632 3381 ποίας
676 3336 735 3372 τε
772 3319 1006 3389 ὁρμᾶται
1050 3317 1265 3387 χώρας,
1310 3317 1404 3371 καὶ
1449 3310 1597 3384 ᾧτινι
1645 3317 1786 3371 ἔθνει

201 3413 456 3483 προσῆκε
475 3410 587 3464 τῶν
606 3408 927 3479 ἀνθρώπων·
955 3408 1091 3479 πρὸς
1114 3407 1208 3472 οὓς
1236 3408 1420 3476 σαφῶς
1441 3407 1783 3478 ἀπεκρίνετο·

205 3524 227 3555 c
249 3504 453 3567 Δοῦλος
488 3501 698 3572 Κυρίου
738 3499 847 3569 ἐγώ
876 3502 1008 3570 εἰμι,
1046 3501 1140 3553 καὶ
1171 3500 1375 3571 Κύριον
1403 3498 1494 3553 τὸν
1527 3499 1657 3553 Θεὸν
1692 3499 1786 3553 τοῦ

197 3593 444 3665 οὐρανοῦ
472 3591 590 3661 ἐγὼ
622 3590 873 3659 σέϐομαι,
902 3590 960 3654 ὃς
995 3589 1216 3661 ἐποίησε
1261 3589 1360 3660 τὴν
1389 3589 1664 3643 θάλασσαν
1693 3589 1788 3643 καὶ

198 3686 302 3755 τὴν
329 3685 530 3755 ξηράν.
560 3702 579 3735 ι
625 3682 713 3744 Ὠς
739 3681 843 3751 γὰρ
882 3680 1105 3734 ἐκείνων
1139 3679 1269 3752 περὶ
1311 3679 1504 3733 εἴδωλα
1534 3680 1785 3751 ἐχόντων,

198 3777 367 3840 αὐτὸς
411 3776 474 3827 τὸ
504 3774 608 3844 τῆς
648 3775 851 3837 οίκείας
880 3772 1177 3846 θρησκείας
1206 3771 1480 3843 ἐξαίρετον
1518 3772 1787 3843 ἐδήλωσεν

202 3869 379 3922 εἰπὼν
423 3869 509 3920 ὅτι
556 3866 738 3929 δοῦλος
779 3864 864 3935 είη
910 3865 1004 3917 τοῦ
1050 3862 1184 3917 Θεοῦ
1211 3863 1494 3926 ,τουτέστι
1538 3861 1789 3933 φροντίδα

198 3960 347 4029 ἔχων
380 3961 565 4012 πᾶσαν
590 3958 687 4028 τῆς
717 3956 1010 4028 θεραπείας
1039 3954 1414 4026 ἐπιμελεῖσθαι
1446 3954 1541 4007 τοῦ
1581 3952 1745 4008 αὑτοῦ
1772 3969 1786 3982 ·

197 4050 262 4101 οὐ
294 4050 410 4120 γὰρ
438 4047 504 4118 δὴ
542 4046 683 4100 κατὰ
715 4046 777 4100 τὸ
805 4046 982 4099 κοινὸν
1022 4041 1162 4111 εἶπε,
1199 4046 1445 4112 Δοῦλος,
1475 4045 1597 4099 καθ’
1635 4046 1664 4098 δ
1696 4045 1789 4098 καὶ

196 4144 332 4204 τοὺς
371 4139 580 4201 ναύτας
610 4135 677 4208 ἦν
722 4138 933 4207 ἀνάγκη
976 4136 1193 4199 δούλους
1242 4132 1380 4190 εἶναι
1409 4137 1503 4189 τοῦ
1535 4136 1669 4190 Θεοῦ
1698 4138 1789 4191 ὑπ’

198 4234 375 4288 αὐτοῦ
411 4230 726 4299 γεγονότας·
756 4224 874 4282 εἶτα
900 4228 994 4281 καὶ
1018 4228 1079 4280 τὸ
1112 4228 1309 4293 ἰδιάζον
1329 4227 1501 4296 λέγων
1531 4227 1624 4281 τοῦ
1653 4228 1787 4281 Θεοῦ

198 4326 262 4378 ὃν
304 4323 613 4394 ἐθρήσκευε
641 4358 655 4380 ,
702 4319 807 4371 Τὸν
839 4317 931 4371 τοῦ
973 4319 1194 4382 παντὸς,
1238 4318 1391 4389 φησὶ,
1424 4318 1649 4389 ποιητὴν
1679 4317 1790 4384 ἐγὼ

1878 688 2170 743 videndum
2211 689 2442 751 venerit,
2485 689 2579 759 qui
2624 689 2676 742 in
2725 698 2877 744 tanta
2923 689 3166 744 omnium
3208 688 3465 758 trepida-'

1878 779 2027 831 tione
2061 778 2405 844 doriebat;
2444 794 2681 849 emnque
2723 780 3067 842 excitaverit,
3111 778 3450 845 miratusque

1881 868 2065 929 fuerit,
2095 868 2240 939 quod
2277 870 2330 923 in
2362 884 2428 923 eo
2467 870 2751 937 procinctu
2789 872 2999 925 nullum
3038 871 3153 939 ipse
3189 870 3449 940 ingruen-

1882 960 2016 1013 tium
2060 959 2328 1013 malorum
2360 974 2582 1014 sensum
2615 962 2953 1030 perciperet;
3007 958 3102 1015 sed
3136 959 3296 1011 veluti
3322 973 3450 1027 pro-

1886 1051 2054 1105 funda
2116 1051 2415 1105 securitate
2470 1058 2710 1105 stertens
2760 1051 3042 1106 dormiret.
3106 1050 3248 1120 Ergo
3299 1050 3449 1103 illum

1882 1142 2185 1205 admonuit,
2229 1150 2287 1195 ut
2316 1142 2705 1212 expergiscens
2742 1142 2903 1197 deum
2948 1157 3107 1196 suum
3149 1142 3450 1207 invocaret,

1883 1236 1926 1290 si
1956 1234 2095 1289 forte
2124 1234 2197 1288 ab
2227 1248 2295 1289 eo
2321 1240 2694 1288 servarentur.

1955 1408 2124 1465 Vens.
2158 1411 2272 1466 7—9.
2299 1440 2359 1449 —
2388 1408 2493 1465 Sed
2524 1409 2668 1465 enim
2698 1425 2820 1464 cum
2849 1409 3109 1481 propheta
3144 1408 3280 1463 nihil
3300 1408 3452 1476 ejus-

1885 1500 2032 1554 modi
2082 1508 2285 1571 agerrt,
2341 1500 2468 1571 quia
2517 1500 2755 1553 intutum
2805 1500 3152 1555 existimabat
3195 1499 3452 1569 precibus

1885 1608 2009 1647 eum
2056 1593 2360 1647 obtundere
2404 1607 2433 1644 a
2475 1606 2585 1661 quo
2624 1590 2896 1660 fugiebat;
2929 1606 3166 1660 cumque
3206 1592 3289 1646 vis
3324 1598 3455 1645 tem-

1888 1684 2114 1752 pestatis
2152 1691 2499 1754 augesceret,
2551 1684 2909 1739 decreverunt
2953 1691 3149 1745 nautae,
3200 1684 3454 1753 quisnam

1823 1771 1863 1825 Β
1889 1782 2037 1829 esset
2064 1774 2184 1842 ejus
2217 1775 2346 1828 mali
2377 1783 2591 1838 auctor,
2628 1775 2823 1830 sortito
2848 1775 3158 1843 exquirere.
3190 1773 3328 1827 Hinc
3359 1788 3454 1829 sa-

1885 1863 1957 1917 tis
1998 1862 2351 1933 iutelligimus
2394 1862 2539 1918 haud
2579 1865 2897 1934 generalem
2944 1865 3113 1920 fuisse
3154 1872 3266 1920 toto
3312 1864 3454 1917 mari

1886 1955 2200 2025 procellam,
2248 1954 2340 2011 sed
2381 1957 2527 2013 circa
2573 1957 2704 2012 illud
2749 1972 2916 2011 unum
2969 1955 3242 2026 navigium
3284 1953 3457 2008 unda-

1885 2061 2006 2100 rum
2047 2046 2338 2116 strepitum
2362 2048 2655 2106 deszevisse
2691 2067 2705 2103 :
2741 2064 2849 2119 qua
2878 2064 2937 2104 re
2973 2047 3040 2101 ad
3067 2046 3454 2117 suspicandam

1886 2150 2108 2189 causam
2170 2139 2428 2192 commoti
2493 2147 2693 2201 nautae,
2748 2138 3078 2193 calamitatis
3136 2136 3255 2205 ejus
3302 2150 3457 2190 reum

1886 2225 1986 2279 sibi
2040 2225 2463 2283 discernendum
2515 2230 2758 2284 sortibus
2798 2235 3124 2299 putaverunt
3174 2247 3187 2281 :
3227 2225 3460 2281 Domino

1888 2318 2122 2373 fortasse
2166 2317 2276 2373 Deo
2314 2319 2454 2374 hanc
2495 2322 2603 2376 illis
2633 2320 3017 2391 cogitationem
3059 2320 3362 2389 ingerente,
3399 2326 3458 2371 ut

1884 2417 2293 2479 consequenter
2316 2412 2529 2482 reliqua
2555 2418 2968 2483 peragerentur.
3000 2410 3141 2481 Ergo
3172 2425 3294 2467 cum
3324 2424 3459 2464 nau-

1886 2506 1954 2551 tre
1984 2507 2162 2553 sortes
2193 2499 2482 2568 iecissent,
2514 2501 2707 2556 beatus
2744 2498 2912 2555 Jonas
2957 2499 3243 2570 praesentis
3272 2499 3461 2553 adver.

1886 2589 2066 2644 sitatis
2120 2605 2291 2645 causa
2344 2591 2754 2647 demonstratus
2811 2602 2914 2647 est.
2965 2589 3019 2644 ld
3074 2590 3215 2660 quod
3264 2590 3460 2645 deinde

1886 2685 2065 2733 nautae
2103 2680 2389 2742 mirantes,
2441 2679 2716 2750 quodnam
2766 2680 2976 2735 scilicet
3011 2679 3102 2734 ille
3147 2686 3259 2734 tam
3296 2695 3461 2750 grave

1888 2766 2107 2824 facinus
2133 2769 2470 2833 admisisset,
2506 2778 2564 2825 ut
2588 2770 2727 2824 tanti
2762 2770 2890 2824 mali
2923 2778 3117 2826 auctor
3146 2773 3458 2835 exsisteret,

1884 2867 1937 2909 et
1970 2855 2084 2925 jam
2120 2858 2427 2913 vehementi
2476 2858 2859 2929 objurgatione
2891 2874 2955 2914 ac
2996 2875 3164 2931 prope
3206 2860 3461 2929 judiciali

1887 2945 2127 3002 formula
2182 2957 2416 3015 utentes,
2465 2959 2629 3020 atque
2678 2949 2955 3005 hominem
3016 2966 3114 3006 ceu
3157 2951 3269 3021 jam
3312 2961 3461 3009 sorte

1885 3038 2202 3094 damnatum
2271 3052 2599 3112 arguentes,
2672 3042 2936 3096 certiores
2998 3042 3111 3097 fieri
3169 3044 3459 3109 volebant,

1891 3130 2152 3199 quidnam
2184 3133 2299 3202 ipse
2340 3139 2631 3202 patrasset,
2675 3148 2841 3203 quam
2874 3142 3045 3189 artem
3090 3135 3460 3205 proﬁteretur,

1891 3222 2036 3276 unde
2082 3221 2478 3292 digrederetur,
2527 3237 2763 3293 quonam
2820 3225 3086 3291 tenderet,
3125 3243 3232 3296 qua
3285 3231 3461 3299 patria

1890 3312 2160 3367 oriundus
2190 3322 2356 3377 esset,
2395 3314 2478 3370 vel
2507 3314 2597 3368 cui
2628 3314 2911 3370 hominum
2932 3318 3079 3388 genti
3103 3318 3299 3375 affinis.
3331 3319 3462 3387 Qui-

1890 3402 1993 3457 bus
2038 3403 2129 3458 ille
2174 3412 2361 3473 aperte
2402 3404 2688 3475 respondit
2728 3423 2743 3460 :
2782 3424 2801 3458 ι
2839 3405 3041 3462 Servus
3098 3407 3311 3463 Domini
3364 3426 3465 3481 ego

1889 3510 2032 3557 sum,
2062 3493 2348 3549 Dominum
2384 3495 2552 3551 Deum
2574 3498 2699 3553 coeli
2726 3498 2868 3563 colo,
2911 3498 3002 3567 qui
3039 3499 3196 3570 162
3230 3515 3380 3555 mare
3408 3512 3463 3555 ct

1892 3584 2102 3638 aridam
2138 3583 2284 3640 fecit.
2318 3604 2337 3636 ι
2371 3585 2507 3641 Nam
2541 3588 2670 3657 quia
2705 3588 2782 3642 illi
2818 3587 3120 3642 idololatraa
3146 3598 3324 3656 erant,
3369 3607 3464 3661 pe-

1891 3672 2155 3728 culiarem
2184 3673 2301 3742 ipse
2328 3674 2645 3744 religionem
2689 3690 2845 3730 suam
2876 3675 3199 3743 declaravit,
3238 3677 3369 3735 dum
3403 3697 3463 3735 se

1894 3762 1985 3817 Dei
2046 3778 2263 3817 servum
2309 3763 2483 3829 dixit;
2534 3766 2841 3821 studiosum
2887 3781 3080 3838 nempe
3117 3784 3466 3841 summopere

1891 3856 2094 3917 cultus.
2132 3855 2224 3925 qui
2261 3870 2384 3909 eum
2433 3856 2680 3918 decebat,
2733 3859 3048 3927 praestandi.
3084 3858 3271 3931 Neque
3318 3868 3464 3923 enim

1892 3942 2131 4012 generali
2163 3943 2399 4014 quadam
2454 3946 2666 4001 ratione
2715 3963 2773 4002 se
2810 3948 2946 4003 dixit
2978 3967 2998 4000 ι
3037 3965 3278 4017 servum,
3317 3973 3336 4004 ι
3375 3969 3467 4008 cu.

1886 4030 2129 4099 jusmodi
2178 4032 2315 4088 alios
2359 4048 2576 4103 quoque
2616 4043 2812 4092 nautas
2861 4052 2999 4107 opus
3033 4048 3151 4093 erat
3200 4040 3294 4097 Dei
3341 4058 3465 4097 esse

1894 4137 2103 4187 servos,
2129 4138 2158 4176 a
2196 4139 2305 4195 quo
2331 4124 2549 4180 fuerant
2581 4128 2775 4182 creati.
2809 4128 3014 4185 Deinde
3039 4138 3094 4186 et
3131 4132 3461 4202 singularem

1895 4213 2171 4268 notionem
2194 4214 2366 4269 edidit
2391 4215 2512 4284 ejus
2540 4215 2630 4271 Dei
2656 4218 2743 4272 cui
2773 4228 2891 4274 erat
2912 4221 3170 4290 devotus;
3203 4224 3460 4279 nimirum

1894 4306 1967 4359 ait
2017 4320 2077 4361 se
2138 4307 2316 4363 colere
2357 4307 2523 4364 Deum
2586 4324 2615 4363 a
2651 4327 2761 4381 quo
2811 4314 3030 4378 cmlum,
3076 4323 3241 4378 terra,
3289 4330 3461 4381 mare,

201 4415 467 4484 σέϐομαι,
519 4410 580 4475 ὃς
627 4408 721 4463 καὶ
760 4408 989 4481 ούρανοῦ
1016 4410 1109 4463 καί
1138 4409 1410 4472 θαλάσσης
1445 4410 1539 4462 καὶ
1573 4409 1787 4463 πάντων

1896 4411 2093 4467 resque
2118 4412 2309 4454 omnes
2337 4409 2534 4455 creatae
2562 4400 2800 4457 fuerunt.

202 4509 443 4579 ποιητής
471 4508 643 4559 ἐστιν.

278 4606 437 4674 Στίχ.
470 4608 628 4671 ι’-ιῇ
674 4632 741 4642 —-
778 4601 1151 4675 Ἐφοόήθησαν
1181 4603 1231 4655 οί
1275 4603 1465 4675 ἄνδρες
1497 4602 1796 4673 ἀκηκοότες

201 4693 409 4753 ταῦτα,
433 4691 508 4754 ὡς
534 4692 599 4743 ἂν
623 4689 719 4743 τοῦ
744 4690 958 4744 πάντων
986 4689 1209 4759 ποιητοῦ
1235 4690 1354 4743 κατ’
1377 4690 1556 4743 αὐτῶν
1579 4707 1795 4760 κεκινη-

205 4785 383 4854 μένου
412 4799 427 4811 ·
460 4782 582 4835 ὅθεν
627 4782 723 4835 καὶ
765 4783 857 4835 τὸν
906 4783 1186 4853 προφήτην
1232 4781 1493 4852 ἠρώτωνο
1528 4781 1592 4833 Τί
1639 4781 1796 4834 τοῦτο

202 4875 520 4944 ἐποίησαςς
552 4874 646 4927 καὶ
669 4874 964 4945 ἐπειδήπερ
991 4872 1232 4942 ἔγνωσαν
1262 4872 1422 4926 αὐτὸν
1450 4874 1515 4926 ἐκ
1540 4871 1635 4925 τοῦ
1659 4870 1794 4925 Θεοῦ

202 4964 550 5031 πεφευγέναι
606 4965 705 5036 τὴν
753 4965 1057 5035 ὑπόμνησιν
1098 4961 1411 5016 ἐκκλίνοντα
1440 4963 1537 5034 τὴν
1567 4961 1794 5027 ἐκεῖθεν,

203 5054 339 5109 εἶτα
382 5055 463 5125 τῷ
512 5055 735 5125 παρόντι
766 5057 860 5108 σὺν
888 5056 1070 5117 αὐτοῖς
1102 5055 1578 5126 περιπεπτωκέναι
1618 5053 1794 5124 κακῷ,

206 5148 291 5214 (p.
320 5144 457 5215 247)
487 5144 563 5207 ὡς
594 5144 661 5197 ἂν
690 5144 841 5214 γνοίη
873 5144 1147 5215 πανταχοῦ
1180 5145 1421 5217 παρόντα
1447 5162 1506 5198 τε
1530 5145 1621 5198 τὸν
1642 5143 1795 5209 Θεὸν,

203 5235 311 5288 καὶ
338 5235 546 5304 ὁμοίως
577 5234 885 5304 ἁπανταχοῦ
910 5234 978 5288 τὰ
1004 5235 1265 5289 δοκοῦντα
1292 5236 1672 5308 ἐργαζόμενον,
1704 5234 1800 5288 καὶ.

207 5327 363 5395 μηδὲ
414 5319 521 5377 οἷόν
559 5342 621 5379 τε
648 5320 785 5377 εἶναι
812 5329 1000 5394 φυγεῖν
1028 5327 1118 5380 τὸν
1149 5327 1391 5381 τοιοῦτον
1416 5345 1430 5358 ·
1473 5326 1609 5397 πρὸς
1638 5326 1799 5380 αὐτὸν

203 5414 275 5485 δὴ
305 5416 503 5469 λοιπὸν
532 5414 625 5469 τὸν
658 5416 943 5487 προφήτην
977 5417 1137 5485 φασίν
1157 5436 1170 5449 ·
1231 5436 1250 5468 ι
1278 5417 1343 5469 Τί
1369 5433 1449 5469 σοι
1478 5417 1795 5487 ποιήσομεν,

208 5508 313 5560 καὶ
346 5504 584 5559 κοπάσει
620 5506 654 5575 ή
686 5505 926 5559 θάλασσα
957 5507 1048 5574 ἀφ’
1083 5507 1272 5577 ἡμῶνς
1307 5526 1326 5559 ι
1396 5506 1490 5559 Ἐκ
1533 5505 1639 5577 γὰρ
1690 5508 1799 5560 τῶν

207 5595 538 5667 εἰρημένων
568 5598 637 5650 τὰ
670 5597 798 5666 περὶ
823 5596 985 5650 αὑτὸν
1017 5598 1335 5664 ἐγνωκότες.
1365 5598 1459 5651 καὶ
1482 5597 1563 5651 ὃτι
1591 5599 1801 5668 ὑπηρέ-

202 5702 318 5759 της
355 5701 423 5738 τε
455 5686 550 5740 καὶ
599 5676 884 5757 προφήτης
927 5686 1041 5738 ἐστὶ
1067 5684 1160 5739 τοῦ
1202 5686 1358 5753 Θεοῦ,
1388 5687 1483 5740 καὶ
1515 5687 1579 5758 δὴ
1610 5687 1702 5742 καὶ
1731 5687 1801 5741 τὰ

1966 4589 2133 4647 Vens.
2182 4594 2597 4663 moli—Quo
2635 4597 2841 4665 audito,
2915 4613 3254 4672 expaverunt
3288 4605 3467 4661 homi-

1896 4700 2033 4747 nes,
2094 4688 2240 4755 quod
2304 4688 2559 4742 nimirum
2614 4690 2884 4746 universae
2944 4701 3154 4750 natura!
3212 4698 3464 4752 conditor

1897 4787 2089 4831 contra
2130 4792 2189 4833 se
2222 4786 2532 4835 commotus
2574 4781 2788 4837 fuisset.
2823 4782 3189 4849 Quamobrem
3227 4789 3463 4858 prophe—

1898 4876 2007 4922 tam
2058 4869 2502 4937 sciscitabantur,
2546 4873 2821 4944 quodnam
2865 4878 3072 4932 crimen
3118 4880 3463 4946 patravisset.

1905 4958 2023 5013 11οτ
2065 4960 2155 5014 ubi
2194 4961 2337 5016 hunc
2368 4960 2552 5033 fugere
2581 4980 2611 5019 a
2644 4964 2754 5021 Deo
2775 4980 3164 5038 cognoverunt,
3205 4976 3369 5039 atque
3394 4972 3465 5026 ab

1898 5049 2018 5119 ejus
2048 5052 2509 5110 admonitionibus
2534 5055 2839 5123 declinare;
2880 5057 3109 5126 ideoque
3140 5058 3195 5113 in
3224 5074 3468 5129 praesen-

1903 5148 2012 5195 tem
2063 5155 2188 5195 cum
2224 5141 2361 5212 ipsis
2402 5144 2766 5203 calamitatem
2809 5148 3127 5212 incurrisse,
3164 5157 3223 5203 ut
3262 5165 3468 5221 cogno-

1900 5241 2080 5287 sceret
2124 5231 2292 5288 Deum
2336 5234 2535 5305 ubique
2575 5237 2858 5301 interesse,
2903 5237 3166 5309 nulloque
3208 5240 3330 5295 loco
3356 5258 3465 5297 non

1901 5336 2000 5377 sua
2048 5323 2247 5392 placita
2298 5323 2496 5389 facere.
2524 5343 2700 5397 neque
2733 5328 2843 5383 fieri
2894 5344 3079 5399 posse,
3123 5341 3185 5387 ut
3218 5335 3470 5387 mortalis

1900 5414 2189 5483 quisquam
2240 5417 2309 5471 ab
2349 5418 2469 5487 ejus
2509 5427 2776 5489 potestate
2821 5419 3101 5489 discedat;
3142 5424 3466 5493 prophetam

1901 5504 2097 5561 deinde
2142 5514 2318 5561 nauta:
2363 5510 2664 5579 rogabant:
2708 5529 2728 5561 ‹
2757 5510 2895 5577 Quid
2945 5511 3044 5567 tibi
3097 5513 3359 5583 faciemus
3410 5522 3471 5568 ut

1901 5610 2052 5650 mare
2103 5595 2260 5650 nobis
2317 5598 2579 5652 sedetur?
2623 5618 2642 5651 ι
2704 5598 2839 5654 Nam
2899 5617 2963 5655 ex
3028 5602 3196 5677 dictis
3248 5607 3469 5674 cognita

1904 5688 2141 5765 hominis
2166 5703 2419 5759 persona,
2463 5704 2656 5760 nempe
2680 5694 2824 5764 quod
2855 5694 3093 5751 famulus
3122 5702 3174 5751 et
3206 5697 3469 5767 propheta
