4054 6238
504 369 611 425 $35

1695 369 2042 425 'l‘llEODOlll
2083 369 2567 427 MOPSUESTENI

3656 372 3762 428 336

492 480 603 539 Dei
648 492 823 549 esset;
876 500 998 540 cum
1031 484 1171 539 facta
1229 499 1449 555 quoque
1494 485 1674 540 verbis
1722 495 2087 543 consentanea

2196 490 2491 560 πράγματα
2515 487 2803 556 συνᾴδοντα
2825 490 2935 552 τοῖς
2960 488 3269 559 λεγομένοις
3290 488 3609 557 ἐγνωκότες,
3633 496 3767 561 παρ’

511 579 932 648 comperissent,
976 578 1044 632 ab
1072 591 1136 632 eo
1175 576 1389 632 discere
1418 578 1731 639 voluerunt,
1777 578 1911 646 quid
1958 594 1989 631 a
2030 594 2089 634 se

513 668 627 723 ﬁeri
662 677 934 739 oporteret
965 672 1036 724 ob
1064 669 1457 739 impetrandam
1504 669 1794 740 praesentis
1831 669 1956 722 mali
2007 668 2090 722 fu-

513 775 657 830 gam.
700 757 870 812 Porro
920 758 1070 812 addit
1128 756 1451 827 Scriptura,
1503 772 1653 811 mare
1707 756 2088 811 vehementius

513 851 803 913 ferbuisse,
840 849 1147 919 ﬂuctusque
1180 849 1418 917 majores
1449 849 1751 915 extulisse;
1788 856 2088 917 tempesta-

514 941 582 995 tis
626 940 837 995 scilicet
884 940 1272 993 incrementum
1325 938 1664 1007 signiﬁcans,
1718 939 1878 1007 cujus
1921 953 2088 993 causa

514 1046 626 1083 rem
674 1030 948 1099 negligere
978 1035 1157 1082 nauta:
1192 1043 1297 1081 non
1335 1035 1609 1097 poterant.
1644 1027 1851 1082 Deinde
1891 1028 2042 1082 addit
2071 1048 2084 1082 :

516 1137 536 1168 ι
570 1117 823 1187 Dixitque
859 1119 937 1171 cis
968 1113 1370 1174 Jonas.Tollite
1394 1132 1479 1170 me
1514 1126 1569 1171 et
1606 1115 1775 1185 jacite
1816 1117 1872 1170 in
1915 1132 2084 1178 mare,

513 1206 658 1273 qvod
692 1205 837 1258 illico
874 1205 1030 1258 vobis
1077 1205 1392 1259 sedabitur:
1440 1206 1565 1259 novi
1605 1206 1749 1260 enim
1790 1206 2085 1275 procellam

516 1292 787 1365 ingentem
831 1296 969 1348 hanc
1000 1297 1105 1349 mei
1139 1311 1305 1350 causa
1348 1296 1503 1351 vobis
1540 1299 1855 1351 excitatam.
1890 1318 1909 1350 ι
1957 1298 2084 1368 Ego,

514 1386 713 1455 inquit,
753 1387 947 1440 horum
998 1387 1153 1440 vobis
1203 1388 1357 1457 origo
1407 1390 1673 1442 malorum
1722 1405 1886 1443 sum:
1921 1405 2089 1459 quare

514 1476 718 1532 suadeo
765 1486 822 1529 ut
865 1492 948 1531 me
1000 1478 1054 1531 in
1096 1476 1426 1546 profundum
1479 1481 1770 1548 mergatis,
1814 1495 1924 1549 quo
1970 1495 2087 1550 po:-

510 1581 611 1620 nas
644 1567 765 1621 dem
805 1568 978 1637 culpa
1028 1583 1161 1622 mea:
1212 1569 1264 1621 in
1315 1568 1506 1633 Deum,
1560 1586 1763 1639 vosque
1803 1571 1954 1625 necis
2005 1572 2087 1624 la-

511 1672 654 1725 queo
699 1658 1083 1727 expediamini.
1141 1657 1526 1713 Verumtamen
1586 1660 1663 1712 illi
1719 1661 2087 1730 periculosum

516 1748 671 1819 163
700 1748 1075 1802 existimantes
1111 1748 1272 1801 talem
1315 1748 1489 1801 virum
1528 1748 1731 1817 Deique
1763 1747 2086 1803 familiarem

2191 581 2357 633 αὐτοῦ
2406 580 2598 650 μαθεῖν
2642 579 3009 652 ἐϐουλήθησαν
3052 582 3104 634 τί
3149 581 3212 652 δὴ
3261 584 3535 653 προσῆκεν
3568 581 3766 646 αὐτοὺς

2190 671 2587 741 διαπράξασθαι
2617 673 2711 725 καὶ
2738 672 3113 743 ἀπαλλαγῆναι
3147 674 3239 726 τού
3275 673 3540 744 παρόντος
3566 671 3763 726 κακοῦ.

2190 767 2296 819 Kal.
2321 766 2531 833 ἐπάγει⁹
2563 766 2643 818 ὅτι
2675 786 2692 815 ι
2731 766 2788 818 ’11
2813 766 3055 819 Θάλασσα
3081 765 3369 835 ἐπορεύετο
3396 766 3489 819 καὶ
3516 764 3767 837 ἐξήγειρε

2196 857 2395 925 μᾶλλον
2432 856 2691 908 κλύδωνα·
2724 876 2741 907 ι
2773 856 2983 918 δεικνὺς
3016 857 3095 909 ὅτι
3124 855 3438 926 προσθήκην
3470 855 3556 907 ἀεὶ
3578 854 3646 906 τὰ
3669 853 3763 906 τοῦ

2189 946 2455 1016 χειμῶνος
2504 948 2732 1016 ἐδέχετο,
2761 947 2837 1009 ὡς
2880 947 2945 1000 ἂν
2998 946 3070 1018 μὴ
3116 948 3170 1000 ἐν
3205 945 3432 1017 ἀμελείᾳ
3461 946 3508 997 οἱ
3539 944 3678 998 κατὰ
3703 944 3766 997 τὸ

2191 1037 2369 1089 πλοῖον
2405 1037 2545 1089 θεῖεν
2585 1037 2645 1089 τὸ
2678 1038 2977 1108 γινόμενον.
3032 1032 3165 1091 Εἶτά
3206 1055 3336 1107 φησι
3361 1052 3375 1065 ’
3418 1055 3435 1086 ι
3466 1036 3577 1088 Καὶ
3610 1034 3766 1087 εἶπεν

2204 1130 2388 1193 Ἰωνᾶς
2414 1131 2548 1201 πρὸς
2581 1130 2793 1193 αὐτούς’
2828 1131 3028 1200 Ἀρατε
3060 1130 3153 1181 καὶ
3179 1128 3439 1198 ἐμϐάλετέ
3470 1144 3536 1197 με
3562 1128 3641 1190 είς
3666 1126 3767 1196 τῆν

2191 1221 2499 1285 θάλασσαν,
2547 1221 2639 1274 καὶ
2674 1221 2900 1274 κοπάσει
2932 1223 2964 1290 ἡ
2997 1220 3236 1274 Θάλασσα
3266 1220 3357 1288 ἀφ’
3390 1219 3542 1287 ὑμῶν
3568 1235 3581 1247 ’
3631 1217 3766 1270 διότι

2190 1310 2400 1379 ἔγνωκα
2429 1311 2537 1380 ἐγὼ
2568 1313 2649 1364 ὅτι
2676 1312 2741 1364 δι’
2772 1312 2870 1381 ἐμὲ
2903 1314 2932 1363 ὀ
2955 1312 3159 1363 κλύδων
3186 1303 3339 1372 οὗτος
3367 1312 3393 1362 ὁ
3424 1309 3593 1379 μέγας
3614 1308 3767 1359 ἐστὶν

2189 1403 2273 1469 ἐφ’
2306 1403 2469 1472 ὑμᾶς.
2497 1422 2515 1455 ι
2565 1402 2706 1470 Ἐγὼ
2735 1404 2830 1472 μὲν
2860 1402 2988 1471 γὰρ,
3026 1402 3180 1470 φησὶ,
3216 1401 3419 1453 τούτων
3446 1400 3615 1461 αἴτιος
3635 1399 3768 1466 ὑμῖν

2189 1495 2305 1562 είμι
2334 1493 2442 1545 τῶν
2472 1493 2657 1547 κακῶν
2682 1511 2695 1523 ·
2750 1491 3101 1563 συμϐουλεύω
3130 1492 3185 1544 δέ
3217 1493 3347 1562 ύμῖν
3393 1492 3547 1560 ῥῖψαί
3581 1509 3648 1561 με
3683 1493 3767 1553 είς

2187 1582 2286 1653 τὴν
2310 1582 2605 1648 θάλασσαν,
2641 1583 2715 1646 ὼς
2753 1583 2818 1636 ἂν
2846 1583 2957 1651 ἐγὼ
2983 1583 3132 1652 δοίην
3160 1583 3315 1644 δίκας
3342 1583 3480 1651 ὑπὲρ
3514 1581 3549 1635 ἃ
3576 1582 3765 1651 ἦμαρ-

2188 1692 2278 1727 τον
2306 1675 2384 1737 είς
2412 1674 2563 1738 Θεὸν,
2595 1676 2744 1728 αύτοί
2772 1692 2830 1727 τε
2867 1674 3019 1727 λύσιν
3047 1674 3152 1727 τῶν
3182 1674 3515 1742 κατεχόντων
3546 1671 3765 1725 λάϐοιτε

2190 1766 2374 1820 κακῶν
2401 1784 2413 1797 ·
2470 1768 2585 1819 ἀλλ’
2630 1767 2825 1820 ἐκεῖνοί
2866 1783 2929 1835 γε
2982 1766 3246 1836 σφαλερὸν
3284 1761 3421 1818 εἶναι
3450 1764 3767 1834 νομίζοντες

515 1846 569 1895 in
607 1856 756 1895 mare
800 1851 1003 1896 temere
1047 1842 1307 1910 abjicere,
1348 1842 1551 1895 dabant
1586 1850 1807 1896 strenue
1836 1856 2081 1910 operam,

2193 1858 2353 1927 ἄνδρα
2394 1856 2644 1911 τοσοῦτον
2691 1857 2783 1910 καὶ
2829 1856 2947 1929 Θεῷ
2982 1856 3325 1927 προσήκοντα
3370 1856 3448 1917 είς
3492 1854 3766 1907 θάλατταν

512 1934 557 1985 si
608 1932 719 1987 tieri
753 1942 936 2002 posset
970 1940 1027 1986 ut
1076 1933 1142 1986 ad
1182 1932 1311 1986 litus
1349 1933 1525 1986 navim
1575 1934 1930 2001 appellentes,
1960 1947 2085 2001 pro-

511 2024 724 2091 plietam
763 2031 1119 2093 exponerent.
1178 2022 1283 2077 Sed
1338 2040 1461 2078 cum
1517 2023 1568 2077 id
1625 2025 1845 2095 assequi
1884 2025 2082 2093 nequi-

512 2115 739 2179 vissent,
774 2114 1101 2185 graviorque
1125 2115 1294 2169 maris
1313 2122 1479 2169 aestus
1505 2115 1677 2178 ﬁeret,
1703 2116 1911 2184 prmfati
1939 2115 2082 2184 apud

513 2206 679 2259 Deum
723 2206 824 2271 rei,
872 2220 1035 2274 quam
1073 2206 1250 2259 acturi
1301 2213 1479 2267 erant,
1533 2206 1967 2268 excusationem,
2010 2207 2082 2259 ita

512 2297 727 2351 demum
752 2296 1069 2366 prophetam
1105 2295 1160 2349 in
1184 2310 1333 2350 mare
1355 2295 1692 2365 dejecerunt.

583 2584 749 2641 Vens.
787 2584 978 2640 M-lti.
1013 2614 1080 2624 -——
1120 2584 1333 2653 Quippe
1356 2583 1432 2636 ait
1462 2581 1782 2649 Scriptura:
1827 2598 1845 2631 ι
1884 2581 2081 2636 Excla«

510 2681 799 2728 mavernnt
828 2673 894 2725 ad
926 2671 1213 2725 Dominum
1251 2690 1263 2725 :
1290 2668 1366 2725 Ne
1396 2685 1699 2740 pereamus,
1732 2668 1980 2734 Domine,
2014 2672 2084 2725 ob

512 2765 675 2833 hujus
704 2762 940 2817 hominis
971 2763 1157 2826 vitam,
1197 2775 1370 2829 neque
1417 2761 1735 2831 sanguinem
1788 2760 2082 2814 innocuum

513 2857 671 2911 nobis
702 2856 958 2925 imputes,
988 2854 1117 2923 quia
1149 2858 1225 2916 tu,
1263 2851 1509 2914 Domine,
1541 2862 1701 2923 prout
1735 2852 1829 2907 tibi
1868 2853 2079 2906 libitum

512 2949 612 3001 fuit
647 2962 759 3001 rem
784 2946 1022 3015 gessisti.
1062 2964 1079 2995 ι
1116 2943 1192 2997 Ne
1234 2958 1446 3013 paenas,
1486 2944 1762 3012 inquiunt,
1815 2943 1881 2997 de
1923 2943 2083 2999 nobis

511 3050 720 3097 sumas,
747 3032 898 3101 quasi
943 3032 1212 3086 hominem
1242 3031 1452 3099 justum
1494 3031 1613 3084 sine
1637 3046 1803 3084 causa
1836 3031 1889 3084 in
1935 3045 2084 3085 mare

508 3127 838 3199 jecerimus;
880 3126 1038 3179 nobis
1068 3124 1210 3177 ettim
1230 3137 1558 3193 magnopere
1585 3124 1640 3177 in
1667 3124 1809 3178 votis
1840 3131 1955 3178 erat
1988 3124 2083 3177 ho-

2193 1948 2376 2010 ἁπλῶς
2409 1949 2705 2018 ἐκρίπτειν,
2738 1948 3099 2017 ἐφιλονείκουν
3128 1948 3180 1998 εἴ
3205 1964 3319 2009 πως
3345 1941 3455 1999 οἷόν
3473 1963 3530 1997 τε
3553 1946 3644 1998 ἐπὶ
3662 1944 3767 2016 τὴν

2192 2041 2293 2108 γῆν
2329 2039 2729 2103 ἐπανελθόντες,
2775 2039 2947 2101 οὕτως
2979 2037 3069 2091 τοῦ
3121 2038 3306 2090 πλοίου
3341 2037 3431 2089 τὸν
3482 2037 3770 2108 προφήτην

2191 2125 2503 2194 ἐξαγαγεῖν·
2567 2127 2661 2196 (ρ.
2696 2125 2840 2195 248)
2894 2125 3080 2196 ἐπειδὴ
3131 2125 3187 2177 δέ
3241 2125 3397 2178 τοῦτο
3441 2127 3610 2178 ποιεῖν
3657 2126 3766 2177 οὐκ

2188 2218 2449 2287 ὴδύναντο
2495 2216 2868 2288 ἐπιτεινούσης
2910 2218 3093 2279 αὐτοῖς
3136 2217 3225 2269 τὸν
3262 2216 3502 2286 χειμῶνα
3532 2216 3631 2286 τῆς
3662 2216 3767 2268 θα-

2189 2310 2424 2381 λάσσης,
2477 2309 2943 2378 ἀπολογησάμενοι
2984 2309 3060 2377 τῷ
3100 2308 3217 2378 Θεῷ
3244 2308 3386 2379 ὑπὲρ
3414 2303 3473 2360 οὗ
3500 2308 3560 2380 δὴ
3591 2312 3767 2380 πράτ-

2188 2418 2303 2452 τειν
2347 2400 2609 2471 ἧμελλον,
2660 2399 2801 2453 οὔτω
2832 2402 2897 2470 τῇ
2943 2399 3186 2473 θαλάσσῃ
3229 2400 3323 2453 τὸν
3360 2401 3642 2471 προφήτην
3670 2402 3763 2452 ἐν-

2191 2491 2401 2545 έϐαλον.

2259 2580 2407 2649 Στίχ.
2435 2580 2629 2643 ιδ’-ις’.
2656 2612 2724 2620 -
2745 2580 2905 2649 Λέγει
2931 2581 3040 2653 γὰρ
3068 2580 3261 2644 οὕτως·
3298 2580 3435 2633 «Καὶ
3463 2580 3767 2650 ἀνεϐόησαν

2191 2671 2325 2742 πρὸς
2355 2671 2556 2742 Κύριον
2601 2671 2696 2724 καὶ
2740 2667 2919 2724 εἶπανο
2955 2672 3257 2743 Μηδαμῶς,
3291 2672 3481 2743 Κύριε,
3521 2673 3593 2743 μὴ
3625 2672 3769 2725 ἀπο-

2189 2759 2405 2828 λώμεθα
2438 2759 2621 2811 ἕνεκεν
2648 2762 2747 2829 τῆς
2775 2759 2952 2830 ψυχῆς
2982 2760 3071 2813 τοῦ
3100 2760 3386 2830 ἀνθρώπου
3415 2759 3623 2823 τούτου,
3663 2760 3772 2812 καὶ

2193 2850 2266 2921 μὴ
2291 2850 2431 2920 δῴης
2464 2852 2546 2918 ἐφ’
2576 2850 2724 2920 ἡμᾶς
2752 2845 2890 2919 αἷμα
2915 2850 3123 2904 δίκαιον
3144 2869 3156 2884 ·
3196 2851 3327 2903 διότι
3363 2852 3447 2915 σὺ,
3480 2849 3665 2919 Κύριε,
3702 2850 3773 2902 ὃν

2188 2942 2384 3011 τρόπον
2412 2941 2631 2994 ἐϐούλου
2660 2943 2981 3012 πεποίηκας.
3010 2962 3029 2994 ι
3066 2942 3156 3012 Μὴ
3178 2943 3285 3013 γάρ
3308 2942 3392 3012 δὴ,
3424 2943 3575 3011 φησι,
3596 2959 3773 3011 τιμω-

2194 3032 2314 3103 ρίαν
2343 3033 2472 3103 ἡμῖν
2500 3034 2809 3104 ἐπαγάγῃς,
2841 3033 2916 3096 ὼς
2947 3033 3011 3087 ἂν
3040 3034 3244 3086 δίκαιον
3273 3034 3447 3103 μάτην
3478 3033 3772 3102 ῥίπτουσιν

2191 3125 2269 3186 είς
2300 3123 2591 3188 θάλασσαν,
2623 3126 2806 3195 ἐπειδὴ
2833 3126 2962 3196 ἡμῖν
2992 3127 3091 3195 μὲν
3116 3122 3183 3196 ἦν
3217 3126 3343 3194 περὶ
3372 3125 3622 3178 πλείστου
3652 3141 3765 3176 σωκ

511 3219 709 3274 minem
734 3232 1098 3272 conservare:
1140 3216 1235 3270 sed
1276 3216 1433 3269 aliter
1462 3215 1557 3269 tibi
1589 3215 1763 3270 visum
1805 3215 1930 3271 inde
1952 3230 2083 3270 con-

2193 3214 2345 3284 θῆναι
2370 3214 2461 3267 τὸν
2487 3216 2672 3285 ἄνδρα·
2707 3216 2765 3268 ού
2795 3217 2981 3285 γέγονε
3008 3217 3066 3269 δέ
3093 3216 3269 3281 τοῦτο,
3302 3218 3375 3280 ὡς
3400 3204 3541 3268 ἐοικέ
3569 3233 3649 3267 σοι
3684 3215 3769 3287 μὴ

510 3318 641 3375 stat,
675 3310 819 3380 quod
867 3317 1027 3362 aucta
1061 3307 1323 3377 procella,
1352 3306 1500 3359 haud
1551 3322 1652 3361 nos
1694 3307 1867 3362 sivisti
1923 3307 2086 3361 saluti

512 3401 749 3457 hominis
779 3400 1083 3455 consulere.
1118 3398 1214 3454 llis
1244 3414 1341 3469 pro
1375 3414 1433 3452 se
1467 3398 1609 3467 apud
1636 3397 1807 3452 Deum
1849 3414 2088 3468 perora-

511 3493 601 3552 tis.
630 3491 823 3545 Jonam
873 3491 1008 3544 mari
1046 3498 1388 3555 merserunt;
1425 3496 1587 3558 atque
1646 3489 1791 3543 illico
1837 3491 2088 3559 prolaellae

512 3581 892 3636 omnisfervor
915 3583 1156 3651 quievit:
1183 3580 1328 3635 unde
1359 3589 1411 3634 et
1441 3580 1587 3649 gravi
1620 3589 1830 3635 terrore
1852 3581 2087 3650 correpti

512 3684 637 3729 sunt
670 3681 937 3738 vectores,
968 3674 1204 3744 supremi
1241 3671 1453 3725 Domini
1503 3672 1742 3739 potentia
1766 3673 1965 3741 agnita.
1995 3671 2085 3741 qui

512 3780 662 3819 mare
687 3780 787 3833 pro
819 3764 972 3818 libito
999 3773 1402 3827 commoverat,
1443 3763 1740 3834 eodemque
1776 3780 1897 3815 mox
1936 3763 2088 3818 libito

513 3856 759 3926 quietum
795 3856 1143 3925 praestiterat.
1194 3855 1332 3909 Exin
1368 3856 1605 3921 additur,
1644 3853 1787 3924 quod
1826 3872 1843 3903 ι
1892 3862 1944 3907 et
1980 3852 2086 3905 Do-

514 3949 663 4001 mino
721 3947 1167 4009 sacriﬁcaverint,
1218 3956 1270 4002 et
1323 3957 1444 4002 vota
1494 3949 1866 4015 conceperint.
1898 3963 1916 3995 ι
1968 3942 2087 3997 Non

516 4039 659 4109 quod
689 4038 759 4092 ibi
794 4039 974 4092 statim
998 4037 1230 4091 Domino
1262 4055 1416 4093 sacra
1448 4038 1709 4100 fecerint;
1740 4052 1914 4104 neque
1942 4035 2087 4090 enim

518 4130 572 4183 in
612 4128 736 4182 navi
773 4128 984 4183 hostias
1022 4128 1257 4181 oblaturi
1287 4136 1441 4182 erant
1478 4148 1490 4182 :
1535 4127 1628 4181 scd
1676 4124 1956 4195 Scriptura
2009 4126 2087 4180 si-

516 4220 754 4291 gniﬁcat,
788 4229 1032 4275 vectores
1070 4218 1193 4273 illos
1216 4220 1374 4287 plane
1412 4218 1478 4272 ab
1501 4218 1660 4271 idolis
1682 4216 1970 4279 defecisse,
2006 4232 2091 4271 se-

515 4326 622 4379 que
656 4309 745 4366 Dei
778 4310 946 4365 cultui
981 4307 1293 4375 addixisse;
1329 4308 1433 4364 lide
1469 4307 1615 4373 data,
1651 4323 1709 4362 se
1739 4308 1992 4377 deinceps
2032 4309 2085 4362 in

516 4404 637 4471 ejus
665 4402 925 4457 famulatu
969 4402 1204 4463 futuros,
1233 4402 1552 4471 debitasque
1596 4399 1843 4455 victimas
1888 4400 2087 4455 immo-

517 4496 747 4550 laturos.
780 4496 835 4550 ld
866 4499 1008 4550 enim
1045 4495 1316 4565 signiﬁcat
1346 4502 1469 4547 vota
1493 4491 1802 4561 concipere.

2189 3306 2378 3359 δοκοῦν
2398 3347 2413 3370 ,
2450 3308 2540 3375 ἀφ’
2573 3300 2647 3360 ὧν
2671 3309 3074 3379 ἐπιτεινόμενος
3109 3310 3137 3362 ό
3169 3308 3373 3362 κλύδων
3404 3310 3575 3361 ποιεῖν
3606 3308 3767 3378 ἡμᾶς

2188 3397 2255 3451 τά
2286 3400 2363 3460 είς
2396 3400 2666 3468 σωτηρίαν
2692 3399 2785 3452 τοῦ
2816 3400 3103 3471 ἀνθρώπου
3130 3401 3229 3454 οὐκ
3256 3400 3342 3453 εἴα
3365 3418 3378 3431 ’
3412 3399 3551 3453 οὕτω
3583 3416 3641 3451 τε
3668 3400 3767 3452 διὰ

2188 3488 2394 3539 τούτων
2446 3488 2967 3559 ἀπολογησάμενοι
3012 3490 3092 3556 τῷ
3140 3489 3261 3555 Θεῷ
3316 3491 3424 3543 τῶν
3475 3489 3769 3559 ῥημάτων,

2189 3577 2440 3633 ἐνέϐαλον
2482 3579 2571 3632 τὸν
2618 3579 2797 3634 Ἰωνᾶν
2846 3583 2926 3644 είς
2952 3582 3048 3652 τὴν
3082 3582 3386 3635 θάλασσαν’
3417 3581 3511 3633 καὶ
3544 3580 3708 3642 εὐθὺς
3735 3581 3771 3632 ὁ

2189 3668 2393 3721 κλύδων
2422 3670 2564 3731 ἄπας
2590 3669 2864 3725 ἐπαύσατο
2886 3689 2900 3701 ·
2944 3672 3084 3725 ὥστε
3118 3672 3212 3727 καὶ
3242 3673 3388 3743 φόϐῳ
3413 3673 3632 3742 μεγάλῳ
3656 3689 3769 3726 κα·

2187 3761 2515 3831 τασχεθῆναι
2552 3762 2675 3824 τοὺς
2706 3764 2900 3833 ἄνδρας
2920 3806 2933 3827 ,
2978 3764 3345 3835 θεασαμένους
3376 3763 3475 3836 τὴν
3510 3763 3771 3828 ἐξουσίαν

2187 3852 2280 3904 τοῦ
2313 3854 2527 3906 πάντων
2556 3855 2781 3925 Κυρίου,
2807 3854 2865 3917 ὃς
2895 3856 2985 3907 καὶ
3016 3856 3332 3927 συνεκίνησε
3360 3856 3457 3926 τὴν
3483 3855 3769 3909 θάλασσαν

2189 3943 2263 4005 ὡς
2292 3944 2540 3997 ἐϐούλετο
2563 3985 2577 4007 ,
2624 3946 2718 3998 καὶ
2750 3946 3028 4016 βουληθεὶς
3058 3948 3225 4016 αὐτὴν
3271 3947 3397 4000 εὐθὺ
3441 3947 3533 4000 καὶ
3579 3962 3773 4015 παρα-

2189 4036 2377 4105 χρῆμα
2405 4038 2584 4089 πᾶσαν
2618 4039 2697 4100 είς
2729 4039 2968 4110 γαλήνην
3006 4038 3349 4109 μετέστησεν.
3385 4034 3517 4092 Εἶτα
3541 4040 3769 4105 ἐπάγει,

2188 4130 2268 4181 ὅτι
2310 4149 2326 4178 ι
2361 4130 2467 4181 Καὶ
2493 4128 2690 4182 ἔθυσαν
2722 4131 2799 4199 τῷ
2846 4131 3035 4202 Κυρίῳ
3081 4133 3173 4184 καὶ
3216 4130 3447 4201 ηὔξαντο
3490 4132 3651 4202 εὐχάς
3681 4150 3697 4162 °
3745 4154 3766 4185 ›

2187 4219 2284 4287 οὐχ
2312 4220 2391 4272 ὅτι
2425 4220 2574 4290 παρὰ
2609 4222 2747 4273 αὐτὰ
2773 4221 2970 4276 ἔθυσαν
2992 4224 3069 4292 τῷ
3097 4222 3285 4295 Κυρίῳ
3316 4222 3489 4290 λέγων
3509 4240 3522 4254 ο
3566 4224 3627 4275 ού
3651 4226 3775 4296 γάρ

2189 4311 2281 4363 ἐπὶ
2317 4309 2409 4364 τοῦ
2441 4311 2627 4364 πλοίου
2665 4312 2855 4375 θυσίας
2888 4312 3119 4383 ἤμελλον
3169 4313 3434 4366 ἐπιτελεῖν
3460 4330 3473 4341 ·
3522 4311 3635 4365 ἀλλ’
3674 4314 3779 4369 ἵνα

2190 4401 2319 4471 εἴπῃ
2366 4400 2446 4452 ὃτι
2490 4400 2598 4453 τῶν
2647 4402 2878 4456 εἰδώλων
2930 4401 3205 4465 παντελῶς
3253 4402 3580 4465 ἀποστάντες
3604 4441 3620 4463 ,
3671 4403 3780 4455 άν-

2191 4493 2381 4550 έθεσαν
2429 4497 2624 4559 αὐτοὺς
2670 4499 2734 4565 τῇ
2764 4493 2856 4547 τοῦ
2909 4492 3043 4546 Θεοῦ
3089 4494 3345 4564 λατρεία,
3395 4491 3619 4562 (p.249)
3668 4494 3781 4547 καὶ

517 4590 814 4657 ὑπέσχοντο
836 4589 927 4642 τοῦ
958 4589 1143 4642 λοιποῦ
1168 4591 1264 4659 τῆς
1292 4589 1453 4642 αὑτοῦ
1482 4586 1724 4647 δουλείας
1752 4584 2088 4650 άνθέξεσθαι,
2125 4588 2272 4647 αύτῷ
2307 4606 2365 4641 τε
2394 4592 2486 4643 καὶ
2517 4591 2616 4652 τὰς
2646 4587 2993 4658 καθηκούσας
3030 4587 3320 4658 προσάξειν
3348 4585 3535 4649 θυσίας
3558 4602 3575 4618 ⁸
3603 4586 3782 4639 τοῦτο

517 4685 625 4754 γὰρ
652 4683 799 4751 λέγει
830 4683 912 4747 τὸ,
946 4683 1217 4747 Ηῦξαντο
1255 4683 1455 4752 εὐχάς.

1172 4774 1324 4828 CAP.
1348 4774 1411 4829 Il.

590 4864 736 4918 Vens
762 4863 872 4916 1-7.
901 4892 971 4902 -
999 4860 1168 4916 Porro
1196 4863 1363 4919 Jonas
1388 4865 1521 4918 marl
1548 4867 1734 4934 perdiu
1759 4862 2085 4937 jactabatur,

520 4953 695 5008 donec
736 4951 880 5007 Deus
902 4959 1023 5006 ceto
1073 4951 1263 5021 grandi
1300 4953 1603 5019 mandavit,
1650 4962 1711 5008 ut
1762 4951 2085 5020 naufragum

522 5047 842 5101 devoraret:
896 5043 1054 5112 cujus
1104 5043 1158 5096 in
1200 5052 1387 5097 ventre
1428 5052 1540 5099 tres
1590 5045 1706 5101 dies
1736 5044 1938 5100 mansit
1964 5052 2099 5097 tres-

523 5152 629 5205 que
648 5144 839 5191 noctes
874 5135 1224 5204 incorruptus
1256 5133 1415 5202 plane
1446 5136 1748 5205 propheta:
1789 5137 1860 5189 ita
1897 5143 1957 5188 ut
1981 5135 2097 5203 ipse

525 5229 736 5281 mirans
759 5241 913 5280 suam
945 5226 1089 5280 intra
1124 5235 1299 5279 cetum
1319 5225 1748 5281 incolumitatem
1784 5233 1837 5280 et
1859 5225 2091 5295 integri-

523 5325 713 5380 tatem,
763 5314 922 5387 164
970 5316 1098 5370 dum
1140 5317 1213 5369 ibi
1247 5330 1345 5369 ceu
1386 5316 1442 5369 in
1492 5316 1819 5371 domuncula
1861 5317 2096 5387 quadam

527 5418 639 5463 tute
663 5407 834 5477 degit,
866 5422 1165 5462 conversus
1196 5407 1263 5461 ad
1299 5422 1489 5477 preces
1535 5417 1640 5472 est,
1691 5424 1829 5480 quas
1863 5424 1928 5465 ex
1984 5408 2090 5463 ceti

526 5509 714 5556 ventre
749 5498 815 5553 ad
843 5497 1011 5552 Deum
1058 5498 1197 5554 l‘udit
1229 5518 1241 5555 :
1274 5515 1505 5570 quarum
1535 5516 1757 5571 precum
1791 5504 1903 5555 haec
1926 5501 2091 5556 verba

529 5598 659 5645 sunt
682 5606 695 5645 :
718 5608 735 5642 ι
766 5590 1010 5646 Clamavi
1046 5588 1114 5644 ad
1141 5588 1432 5645 Dominum
1462 5590 1627 5646 Deum
1660 5607 1859 5655 meum,
1888 5591 1978 5661 qui
2006 5605 2092 5646 me

526 5680 841 5735 exaudivit:
877 5679 1133 5734 emissam
1167 5679 1235 5734 de
1267 5690 1458 5737 ventre
1500 5682 1660 5737 inferi
1690 5681 1945 5736 clamoris
1987 5678 2088 5735 mei

528 5783 714 5825 vocem
745 5769 1083 5826 auscultasti.
1121 5788 1138 5819 ι
1177 5768 1513 5827 Gravissima
1543 5788 1799 5843 pressura
1824 5771 2087 5835 irretitus,

2842 4769 2998 4821 ΚΕΦ.
3042 4768 3117 4821 B'.

2266 4863 2410 4933 Στίχ.
2446 4864 2578 4926 α’-ξ.
2605 4892 2673 4900 ——
2713 4862 2767 4914 '0
2804 4863 2899 4932 μὲν
2927 4859 3019 4915 οὖν
3062 4862 3242 4923 Ἰωνᾶς
3273 4860 3364 4913 ἐπὶ
3394 4859 3642 4912 πλεῖστον
3675 4861 3787 4913 ἐίιτῖ⁵

2195 4952 2295 5021 τῆς
2329 4951 2601 5023 θαλάσσης
2633 4952 2856 5027 ἐφέρετο
2880 4970 2895 4984 ’
2945 4951 3243 5022 προσέταξε
3273 4952 3330 5004 δέ
3372 4952 3403 5003 ὁ
3441 4951 3575 5013 Θεὸς
3606 4953 3789 5021 κήτει

2198 5043 2416 5114 μεγάλῳ
2458 5044 2548 5097 ἐπὶ
2576 5044 2674 5114 τῆς
2713 5044 2985 5115 θαλάσσης
3036 5044 3332 5115 φερόμενον
3358 5047 3645 5097 καταπιεῖν
3675 5045 3791 5097 τὸν
3832 5112 3835 5113 ν

2207 5133 2407 5197 ἰωνᾶν,
2439 5129 2607 5206 οὗπερ
2642 5135 2700 5186 ἐν
2730 5137 2798 5203 τῇ
2830 5134 3005 5205 κοιλία
3034 5136 3180 5206 τρεῖς
3211 5135 3423 5205 ἡμέρας
3460 5151 3518 5187 τε
3547 5134 3645 5186 καὶ
3670 5134 3789 5187 νύ-

2194 5242 2326 5288 κτας
2371 5225 2666 5295 πεποίηκεν
2708 5226 3028 5296 ἀδιάφθορος
3057 5225 3334 5286 παντελῶς
3376 5226 3404 5277 ὁ
3432 5227 3732 5295 προφήτης
3768 5242 3803 5273 οη

2195 5314 2333 5368 ὥστε
2372 5316 2467 5368 καὶ
2498 5315 2657 5369 αὐτὸν
2685 5316 3041 5385 θαυμάσαντα
3063 5358 3076 5381 ,
3127 5316 3206 5368 ὃτι
3241 5331 3346 5383 περ
3388 5313 3630 5385 ἀϐλαϐὴς
3676 5315 3797 5370 ἐπὶ

2197 5406 2288 5460 τοῦ
2330 5407 2527 5477 κήτους
2574 5404 3052 5476 πεφύλακταινκαὶ
3100 5406 3422 5477 ἀδιάφθορος
3465 5406 3795 5474 παντελῶς,

2198 5499 2273 5563 ὼς
2320 5501 2377 5554 ἐν
2426 5501 2653 5571 οἰκίσκῳ
2695 5498 2823 5553 τινί
2854 5500 2991 5570 μετὰ
3039 5500 3239 5571 πολλῆς
3286 5501 3621 5570 τυγχάνοντα
3671 5486 3813 5569 τῆξ

2198 5590 2515 5660 ἀσφαλείας,
2540 5592 2630 5643 ἐπὶ¹
2660 5592 2965 5662 προσευχὴν
2993 5593 3261 5663 τραπῆναι
3283 5632 3296 5652 ,
3332 5591 3399 5662 ἣν
3424 5593 3487 5644 ἐκ
3529 5592 3627 5663 τῆς
3664 5610 3817 5649 χοι-ν

2197 5681 2317 5746 λίας
2336 5682 2429 5735 τοῦ
2460 5685 2657 5753 κήτους
2673 5681 2951 5753 ἀνέπεμπε
2974 5683 3049 5754 τῷ
3075 5684 3211 5754 Θεῷ.
3243 5684 3323 5737 Τὰ
3342 5683 3397 5737 δὲ
3413 5682 3514 5754 τῆς
3534 5673 3823 5756 προσευε-

2198 5769 2299 5841 χῆς
2330 5772 2547 5843 ῥήματα
2572 5772 2756 5825 τοῦτον
2784 5772 2897 5841 ἔχει
2924 5772 3013 5852 τὸν
3040 5772 3236 5842 τρόπον
3256 5788 3271 5806 ·
3325 5790 3344 5824 ι
3366 5772 3598 5843 Ἐϐόησα
3629 5768 3809 5844 πρὸς·
