  <div class='ocr_page' id='page_1' title='image "/cluster/home/n/w/nwhite01/storage/ocr_20150623/66/hvd.32044020884102/178.png"; bbox 0 0 4054 6238; ppageno 0'>
   <div class='ocr_carea' id='block_1_1' title="bbox 297 329 406 387">
    <p class='ocr_par' dir='ltr' id='par_1_1' title="bbox 297 329 406 387">
     <span class='ocr_line' id='line_1_1' title="bbox 297 329 406 387; baseline -0.028 0"><span class='ocrx_word' id='word_1_1' title='bbox 297 329 406 387; x_wconf 71' lang='lat'><strong>357</strong></span> 
     </span>
    </p>
   </div>
   <div class='ocr_carea' id='block_1_2' title="bbox 1364 335 2532 395">
    <p class='ocr_par' dir='ltr' id='par_1_2' title="bbox 1364 335 2532 395">
     <span class='ocr_line' id='line_1_2' title="bbox 1364 335 2532 395; baseline 0.002 -3"><span class='ocrx_word' id='word_1_2' title='bbox 1364 335 1916 392; x_wconf 74' lang='lat' dir='ltr'><strong>COMMENTARIUS</strong></span> <span class='ocrx_word' id='word_1_3' title='bbox 1952 335 2019 390; x_wconf 83' lang='lat' dir='ltr'><strong>1N</strong></span> <span class='ocrx_word' id='word_1_4' title='bbox 2042 336 2235 393; x_wconf 69' lang='grc' dir='ltr'><strong>«ΙΟΝΑΞ</strong></span> <span class='ocrx_word' id='word_1_5' title='bbox 2274 339 2427 393; x_wconf 85' lang='lat' dir='ltr'><strong>CAP.</strong></span> <span class='ocrx_word' id='word_1_6' title='bbox 2468 338 2532 395; x_wconf 79' lang='lat' dir='ltr'><strong>li.</strong></span> 
     </span>
    </p>
   </div>
   <div class='ocr_carea' id='block_1_3' title="bbox 3459 336 3563 390">
    <p class='ocr_par' dir='ltr' id='par_1_3' title="bbox 3459 336 3563 390">
     <span class='ocr_line' id='line_1_3' title="bbox 3459 336 3563 390; baseline 0.01 -1"><span class='ocrx_word' id='word_1_7' title='bbox 3459 336 3563 390; x_wconf 72' lang='grc'><strong>538</strong></span> 
     </span>
    </p>
   </div>
   <div class='ocr_carea' id='block_1_4' title="bbox 300 450 1883 527">
    <p class='ocr_par' dir='ltr' id='par_1_4' title="bbox 300 450 1883 525">
     <span class='ocr_line' id='line_1_4' title="bbox 300 450 1883 525; baseline 0.003 -21"><span class='ocrx_word' id='word_1_8' title='bbox 300 450 511 521; x_wconf 75' lang='grc' dir='ltr'><strong>Κύριον</strong></span> <span class='ocrx_word' id='word_1_9' title='bbox 540 451 630 515; x_wconf 71' lang='grc' dir='ltr'><strong>τὸν</strong></span> <span class='ocrx_word' id='word_1_10' title='bbox 653 451 782 505; x_wconf 77' lang='grc' dir='ltr'><strong>Θεὸν</strong></span> <span class='ocrx_word' id='word_1_11' title='bbox 812 469 938 523; x_wconf 87' lang='grc' dir='ltr'><strong>μου,</strong></span> <span class='ocrx_word' id='word_1_12' title='bbox 979 454 1071 506; x_wconf 77' lang='grc' dir='ltr'><strong>καὶ</strong></span> <span class='ocrx_word' id='word_1_13' title='bbox 1108 454 1393 524; x_wconf 66' lang='grc' dir='ltr'><strong>είσήκομσέ</strong></span> <span class='ocrx_word' id='word_1_14' title='bbox 1425 471 1548 525; x_wconf 72' lang='grc' dir='ltr'><strong>μουο</strong></span> <span class='ocrx_word' id='word_1_15' title='bbox 1580 458 1645 509; x_wconf 88' lang='grc' dir='ltr'><strong>ἐκ</strong></span> <span class='ocrx_word' id='word_1_16' title='bbox 1677 456 1883 519; x_wconf 76' lang='grc' dir='ltr'><strong>κοιλίας</strong></span> 
     </span>
    </p>
   </div>
   <div class='ocr_carea' id='block_1_5' title="bbox 1986 450 3565 527">
    <p class='ocr_par' dir='ltr' id='par_1_5' title="bbox 1987 454 3565 527">
     <span class='ocr_line' id='line_1_5' title="bbox 1987 454 3565 527; baseline -0.002 -18"><span class='ocrx_word' id='word_1_17' title='bbox 1987 464 2150 526; x_wconf 88' lang='lat' dir='ltr'><strong>atque</strong></span> <span class='ocrx_word' id='word_1_18' title='bbox 2185 457 2239 511; x_wconf 93' lang='lat' dir='ltr'><strong>in</strong></span> <span class='ocrx_word' id='word_1_19' title='bbox 2266 457 2399 527; x_wconf 84' lang='lat' dir='ltr'><strong>ipsis</strong></span> <span class='ocrx_word' id='word_1_20' title='bbox 2434 460 2648 521; x_wconf 81' lang='lat' dir='ltr'><strong>inferis,</strong></span> <span class='ocrx_word' id='word_1_21' title='bbox 2674 456 2980 527; x_wconf 91' lang='lat' dir='ltr'><strong>desperatis</strong></span> <span class='ocrx_word' id='word_1_22' title='bbox 3010 456 3221 511; x_wconf 73' lang='lat' dir='ltr'><strong>scilicet</strong></span> <span class='ocrx_word' id='word_1_23' title='bbox 3248 454 3426 517; x_wconf 88' lang='lat' dir='ltr'><strong>malis,</strong></span> <span class='ocrx_word' id='word_1_24' title='bbox 3449 470 3565 509; x_wconf 13' lang='lat' dir='ltr'><strong>veri</strong></span> 
     </span>
    </p>
   </div>
   <div class='ocr_carea' id='block_1_6' title="bbox 298 542 1882 616">
    <p class='ocr_par' dir='ltr' id='par_1_6' title="bbox 298 542 1882 616">
     <span class='ocr_line' id='line_1_6' title="bbox 298 542 1882 616; baseline 0.004 -23"><span class='ocrx_word' id='word_1_25' title='bbox 298 542 430 613; x_wconf 66' lang='grc' dir='ltr'><strong>ᾅδου</strong></span> <span class='ocrx_word' id='word_1_26' title='bbox 458 543 710 613; x_wconf 77' lang='grc' dir='ltr'><strong>κραυγῆς</strong></span> <span class='ocrx_word' id='word_1_27' title='bbox 747 558 850 610; x_wconf 88' lang='grc' dir='ltr'><strong>μου</strong></span> <span class='ocrx_word' id='word_1_28' title='bbox 876 544 1132 612; x_wconf 80' lang='grc' dir='ltr'><strong>ῆκουσας,</strong></span> <span class='ocrx_word' id='word_1_29' title='bbox 1161 544 1345 611; x_wconf 84' lang='grc' dir='ltr'><strong>φωνῆς</strong></span> <span class='ocrx_word' id='word_1_30' title='bbox 1375 560 1497 613; x_wconf 89' lang='grc' dir='ltr'><strong>μου.</strong></span> <span class='ocrx_word' id='word_1_31' title='bbox 1522 564 1540 597; x_wconf 70' lang='grc' dir='ltr'><strong>ι</strong></span> <span class='ocrx_word' id='word_1_32' title='bbox 1593 546 1681 598; x_wconf 88' lang='grc' dir='ltr'><strong>Ἐν</strong></span> <span class='ocrx_word' id='word_1_33' title='bbox 1712 546 1882 616; x_wconf 84' lang='grc' dir='ltr'><strong>βαρυ-</strong></span> 
     </span>
    </p>
   </div>
   <div class='ocr_carea' id='block_1_7' title="bbox 300 631 1885 708">
    <p class='ocr_par' dir='ltr' id='par_1_7' title="bbox 300 631 1885 708">
     <span class='ocr_line' id='line_1_7' title="bbox 300 631 1885 708; baseline 0.003 -23"><span class='ocrx_word' id='word_1_34' title='bbox 300 646 443 704; x_wconf 79' lang='grc' dir='ltr'><strong>τάτῃ</strong></span> <span class='ocrx_word' id='word_1_35' title='bbox 460 631 641 700; x_wconf 75' lang='grc' dir='ltr'><strong>θλίψει</strong></span> <span class='ocrx_word' id='word_1_36' title='bbox 665 634 947 702; x_wconf 77' lang='grc' dir='ltr'><strong>τυγχάνων</strong></span> <span class='ocrx_word' id='word_1_37' title='bbox 971 634 1063 686; x_wconf 76' lang='grc' dir='ltr'><strong>καὶ</strong></span> <span class='ocrx_word' id='word_1_38' title='bbox 1086 634 1142 686; x_wconf 83' lang='grc' dir='ltr'><strong>ἐν</strong></span> <span class='ocrx_word' id='word_1_39' title='bbox 1166 634 1313 703; x_wconf 82' lang='grc' dir='ltr'><strong>αὐτῷ</strong></span> <span class='ocrx_word' id='word_1_40' title='bbox 1333 652 1397 701; x_wconf 89' lang='grc' dir='ltr'><strong>γε</strong></span> <span class='ocrx_word' id='word_1_41' title='bbox 1422 636 1498 706; x_wconf 84' lang='grc' dir='ltr'><strong>τῷ</strong></span> <span class='ocrx_word' id='word_1_42' title='bbox 1525 636 1624 708; x_wconf 75' lang='grc' dir='ltr'><strong>ᾅδῃ</strong></span> <span class='ocrx_word' id='word_1_43' title='bbox 1646 637 1885 706; x_wconf 87' lang='grc' dir='ltr'><strong>γεγονὼς</strong></span> 
     </span>
    </p>
   </div>
   <div class='ocr_carea' id='block_1_8' title="bbox 301 723 1886 798">
    <p class='ocr_par' dir='ltr' id='par_1_8' title="bbox 301 723 1886 798">
     <span class='ocr_line' id='line_1_8' title="bbox 301 723 1886 798; baseline 0.005 -24"><span class='ocrx_word' id='word_1_44' title='bbox 301 726 367 794; x_wconf 76' lang='grc' dir='ltr'><strong>τῇ</strong></span> <span class='ocrx_word' id='word_1_45' title='bbox 400 723 510 775; x_wconf 83' lang='grc' dir='ltr'><strong>τῶν</strong></span> <span class='ocrx_word' id='word_1_46' title='bbox 538 724 720 776; x_wconf 84' lang='grc' dir='ltr'><strong>κακῶν</strong></span> <span class='ocrx_word' id='word_1_47' title='bbox 742 723 1067 792; x_wconf 80' lang='grc' dir='ltr'><strong>ἀπογνώσει,</strong></span> <span class='ocrx_word' id='word_1_48' title='bbox 1100 725 1301 795; x_wconf 75' lang='grc' dir='ltr'><strong>ἐϐόησα</strong></span> <span class='ocrx_word' id='word_1_49' title='bbox 1329 745 1388 779; x_wconf 88' lang='grc' dir='ltr'><strong>τε</strong></span> <span class='ocrx_word' id='word_1_50' title='bbox 1419 728 1555 798; x_wconf 87' lang='grc' dir='ltr'><strong>πρὸς</strong></span> <span class='ocrx_word' id='word_1_51' title='bbox 1587 730 1645 781; x_wconf 89' lang='grc' dir='ltr'><strong>σέ</strong></span> <span class='ocrx_word' id='word_1_52' title='bbox 1673 729 1766 781; x_wconf 70' lang='grc' dir='ltr'><strong>καὶ</strong></span> <span class='ocrx_word' id='word_1_53' title='bbox 1786 730 1886 782; x_wconf 88' lang='grc' dir='ltr'><strong>οὐκ</strong></span> 
     </span>
    </p>
   </div>
   <div class='ocr_carea' id='block_1_9' title="bbox 300 812 1883 886">
    <p class='ocr_par' dir='ltr' id='par_1_9' title="bbox 300 812 1883 886">
     <span class='ocr_line' id='line_1_9' title="bbox 300 812 1883 886; baseline 0.001 -20"><span class='ocrx_word' id='word_1_54' title='bbox 300 814 577 883; x_wconf 76' lang='grc' dir='ltr'><strong>ἀπέτυχον</strong></span> <span class='ocrx_word' id='word_1_55' title='bbox 610 813 718 865; x_wconf 83' lang='grc' dir='ltr'><strong>τῶν</strong></span> <span class='ocrx_word' id='word_1_56' title='bbox 746 815 1035 882; x_wconf 82' lang='grc' dir='ltr'><strong>αἰτήσεων.</strong></span> <span class='ocrx_word' id='word_1_57' title='bbox 1087 832 1107 864; x_wconf 74' lang='grc' dir='ltr'><strong>ι</strong></span> <span class='ocrx_word' id='word_1_58' title='bbox 1147 812 1486 885; x_wconf 68' lang='grc' dir='ltr'><strong>’Λπέρριψάς</strong></span> <span class='ocrx_word' id='word_1_59' title='bbox 1522 834 1587 886; x_wconf 91' lang='grc' dir='ltr'><strong>με</strong></span> <span class='ocrx_word' id='word_1_60' title='bbox 1635 819 1713 879; x_wconf 87' lang='grc' dir='ltr'><strong>είς</strong></span> <span class='ocrx_word' id='word_1_61' title='bbox 1746 816 1883 886; x_wconf 86' lang='grc' dir='ltr'><strong>βάθη</strong></span> 
     </span>
    </p>
   </div>
   <div class='ocr_carea' id='block_1_10' title="bbox 302 904 1880 976">
    <p class='ocr_par' dir='ltr' id='par_1_10' title="bbox 302 904 1880 976">
     <span class='ocr_line' id='line_1_10' title="bbox 302 904 1880 976; baseline 0.002 -18"><span class='ocrx_word' id='word_1_62' title='bbox 302 906 533 975; x_wconf 75' lang='grc' dir='ltr'><strong>καρδίας</strong></span> <span class='ocrx_word' id='word_1_63' title='bbox 591 904 911 974; x_wconf 73' lang='grc' dir='ltr'><strong>Θαλάσσης,</strong></span> <span class='ocrx_word' id='word_1_64' title='bbox 969 907 1059 958; x_wconf 76' lang='grc' dir='ltr'><strong>καὶ</strong></span> <span class='ocrx_word' id='word_1_65' title='bbox 1110 906 1345 976; x_wconf 85' lang='grc' dir='ltr'><strong>ποταμοί</strong></span> <span class='ocrx_word' id='word_1_66' title='bbox 1414 924 1480 976; x_wconf 90' lang='grc' dir='ltr'><strong>με</strong></span> <span class='ocrx_word' id='word_1_67' title='bbox 1535 907 1880 961; x_wconf 84' lang='grc' dir='ltr'><strong>ἐκύκλωσαν·</strong></span> 
     </span>
    </p>
   </div>
   <div class='ocr_carea' id='block_1_11' title="bbox 302 998 1883 1069">
    <p class='ocr_par' dir='ltr' id='par_1_11' title="bbox 302 998 1883 1069">
     <span class='ocr_line' id='line_1_11' title="bbox 302 998 1883 1069; baseline 0.003 -21"><span class='ocrx_word' id='word_1_68' title='bbox 302 998 504 1058; x_wconf 81' lang='grc' dir='ltr'><strong>πάντες</strong></span> <span class='ocrx_word' id='word_1_69' title='bbox 552 998 601 1048; x_wconf 90' lang='grc' dir='ltr'><strong>οἱ</strong></span> <span class='ocrx_word' id='word_1_70' title='bbox 639 998 1006 1067; x_wconf 84' lang='grc' dir='ltr'><strong>μετεωρισμοί</strong></span> <span class='ocrx_word' id='word_1_71' title='bbox 1039 1013 1131 1049; x_wconf 88' lang='grc' dir='ltr'><strong>σου</strong></span> <span class='ocrx_word' id='word_1_72' title='bbox 1172 998 1267 1051; x_wconf 76' lang='grc' dir='ltr'><strong>καὶ</strong></span> <span class='ocrx_word' id='word_1_73' title='bbox 1308 999 1375 1052; x_wconf 78' lang='grc' dir='ltr'><strong>τά</strong></span> <span class='ocrx_word' id='word_1_74' title='bbox 1406 999 1630 1069; x_wconf 82' lang='grc' dir='ltr'><strong>κύματά</strong></span> <span class='ocrx_word' id='word_1_75' title='bbox 1663 1016 1757 1052; x_wconf 89' lang='grc' dir='ltr'><strong>σου</strong></span> <span class='ocrx_word' id='word_1_76' title='bbox 1798 1001 1883 1053; x_wconf 85' lang='grc' dir='ltr'><strong>ἐπ’</strong></span> 
     </span>
    </p>
   </div>
   <div class='ocr_carea' id='block_1_12' title="bbox 300 1088 1885 1162">
    <p class='ocr_par' dir='ltr' id='par_1_12' title="bbox 300 1088 1885 1162">
     <span class='ocr_line' id='line_1_12' title="bbox 300 1088 1885 1162; baseline 0.002 -21"><span class='ocrx_word' id='word_1_77' title='bbox 300 1090 402 1160; x_wconf 73' lang='grc' dir='ltr'><strong>ἐμὲ</strong></span> <span class='ocrx_word' id='word_1_78' title='bbox 428 1088 665 1160; x_wconf 80' lang='grc' dir='ltr'><strong>διῆλθον.</strong></span> <span class='ocrx_word' id='word_1_79' title='bbox 695 1108 715 1140; x_wconf 76' lang='grc' dir='ltr'><strong>ι</strong></span> <span class='ocrx_word' id='word_1_80' title='bbox 770 1089 1143 1157; x_wconf 81' lang='grc' dir='ltr'><strong>’Δποφυγόντα</strong></span> <span class='ocrx_word' id='word_1_81' title='bbox 1172 1090 1281 1161; x_wconf 87' lang='grc' dir='ltr'><strong>γάρ</strong></span> <span class='ocrx_word' id='word_1_82' title='bbox 1319 1091 1418 1159; x_wconf 84' lang='grc' dir='ltr'><strong>τὴν</strong></span> <span class='ocrx_word' id='word_1_83' title='bbox 1458 1092 1759 1162; x_wconf 75' lang='grc' dir='ltr'><strong>ὑπουργίαν</strong></span> <span class='ocrx_word' id='word_1_84' title='bbox 1787 1093 1885 1161; x_wconf 76' lang='grc' dir='ltr'><strong>τὴν</strong></span> 
     </span>
    </p>
   </div>
   <div class='ocr_carea' id='block_1_13' title="bbox 302 1180 1883 1252">
    <p class='ocr_par' dir='ltr' id='par_1_13' title="bbox 302 1180 1883 1252">
     <span class='ocr_line' id='line_1_13' title="bbox 302 1180 1883 1252; baseline 0.001 -19"><span class='ocrx_word' id='word_1_85' title='bbox 302 1182 425 1252; x_wconf 79' lang='grc' dir='ltr'><strong>σὴν,</strong></span> <span class='ocrx_word' id='word_1_86' title='bbox 454 1182 720 1250; x_wconf 73' lang='grc' dir='ltr'><strong>ἐμπεσεῖν</strong></span> <span class='ocrx_word' id='word_1_87' title='bbox 752 1196 811 1232; x_wconf 82' lang='grc' dir='ltr'><strong>τε</strong></span> <span class='ocrx_word' id='word_1_88' title='bbox 842 1182 909 1250; x_wconf 76' lang='grc' dir='ltr'><strong>τῇ</strong></span> <span class='ocrx_word' id='word_1_89' title='bbox 936 1180 1175 1252; x_wconf 79' lang='grc' dir='ltr'><strong>θαλάττῃ</strong></span> <span class='ocrx_word' id='word_1_90' title='bbox 1206 1182 1533 1251; x_wconf 81' lang='grc' dir='ltr'><strong>πεποίηκας,</strong></span> <span class='ocrx_word' id='word_1_91' title='bbox 1565 1183 1659 1235; x_wconf 77' lang='grc' dir='ltr'><strong>καὶ</strong></span> <span class='ocrx_word' id='word_1_92' title='bbox 1688 1181 1883 1235; x_wconf 82' lang='grc' dir='ltr'><strong>πολλοῦ</strong></span> 
     </span>
    </p>
   </div>
   <div class='ocr_carea' id='block_1_14' title="bbox 300 1268 1885 1344">
    <p class='ocr_par' dir='ltr' id='par_1_14' title="bbox 300 1268 1885 1344">
     <span class='ocr_line' id='line_1_14' title="bbox 300 1268 1885 1344; baseline 0.001 -18"><span class='ocrx_word' id='word_1_93' title='bbox 300 1290 452 1336; x_wconf 90' lang='grc' dir='ltr'><strong>τινος</strong></span> <span class='ocrx_word' id='word_1_94' title='bbox 483 1272 809 1343; x_wconf 87' lang='grc' dir='ltr'><strong>πειραθῆναι</strong></span> <span class='ocrx_word' id='word_1_95' title='bbox 835 1271 927 1323; x_wconf 79' lang='grc' dir='ltr'><strong>τοῦ</strong></span> <span class='ocrx_word' id='word_1_96' title='bbox 971 1273 1238 1336; x_wconf 76' lang='grc' dir='ltr'><strong>κλύδωνος</strong></span> <span class='ocrx_word' id='word_1_97' title='bbox 1265 1290 1278 1303; x_wconf 87' lang='grc'><strong>·</strong></span> <span class='ocrx_word' id='word_1_98' title='bbox 1328 1274 1416 1340; x_wconf 85' lang='grc' dir='ltr'><strong>ὐφ’</strong></span> <span class='ocrx_word' id='word_1_99' title='bbox 1445 1268 1505 1326; x_wconf 79' lang='grc' dir='ltr'><strong>οὗ</strong></span> <span class='ocrx_word' id='word_1_100' title='bbox 1542 1274 1607 1344; x_wconf 85' lang='grc' dir='ltr'><strong>δὴ</strong></span> <span class='ocrx_word' id='word_1_101' title='bbox 1633 1273 1770 1341; x_wconf 83' lang='grc' dir='ltr'><strong>ἄγαν</strong></span> <span class='ocrx_word' id='word_1_102' title='bbox 1791 1291 1885 1327; x_wconf 85' lang='grc' dir='ltr'><strong>τα-</strong></span> 
     </span>
    </p>
   </div>
   <div class='ocr_carea' id='block_1_15' title="bbox 303 1362 1885 1434">
    <p class='ocr_par' dir='ltr' id='par_1_15' title="bbox 303 1362 1885 1434">
     <span class='ocr_line' id='line_1_15' title="bbox 303 1362 1885 1434; baseline 0.001 -19"><span class='ocrx_word' id='word_1_103' title='bbox 303 1363 644 1433; x_wconf 81' lang='grc' dir='ltr'><strong>ραττομένης</strong></span> <span class='ocrx_word' id='word_1_104' title='bbox 682 1362 781 1429; x_wconf 84' lang='grc' dir='ltr'><strong>τῆς</strong></span> <span class='ocrx_word' id='word_1_105' title='bbox 819 1362 1088 1432; x_wconf 79' lang='grc' dir='ltr'><strong>θαλάττης</strong></span> <span class='ocrx_word' id='word_1_106' title='bbox 1135 1364 1394 1433; x_wconf 81' lang='grc' dir='ltr'><strong>ποταμῶν</strong></span> <span class='ocrx_word' id='word_1_107' title='bbox 1438 1364 1595 1434; x_wconf 88' lang='grc' dir='ltr'><strong>δίκην</strong></span> <span class='ocrx_word' id='word_1_108' title='bbox 1637 1363 1885 1417; x_wconf 78' lang='grc' dir='ltr'><strong>ἐντεῦθεν</strong></span> 
     </span>
    </p>
   </div>
   <div class='ocr_carea' id='block_1_16' title="bbox 301 1453 1886 1525">
    <p class='ocr_par' dir='ltr' id='par_1_16' title="bbox 301 1453 1886 1525">
     <span class='ocr_line' id='line_1_16' title="bbox 301 1453 1886 1525; baseline 0.001 -20"><span class='ocrx_word' id='word_1_109' title='bbox 301 1454 531 1524; x_wconf 71' lang='grc' dir='ltr'><strong>ἐπέρρει</strong></span> <span class='ocrx_word' id='word_1_110' title='bbox 569 1470 658 1522; x_wconf 87' lang='grc' dir='ltr'><strong>μοι</strong></span> <span class='ocrx_word' id='word_1_111' title='bbox 689 1453 796 1507; x_wconf 80' lang='grc' dir='ltr'><strong>τῶν</strong></span> <span class='ocrx_word' id='word_1_112' title='bbox 836 1455 1095 1524; x_wconf 83' lang='grc' dir='ltr'><strong>κυμάτων</strong></span> <span class='ocrx_word' id='word_1_113' title='bbox 1122 1455 1191 1507; x_wconf 83' lang='grc' dir='ltr'><strong>τὰ</strong></span> <span class='ocrx_word' id='word_1_114' title='bbox 1221 1453 1408 1508; x_wconf 74' lang='grc' dir='ltr'><strong>ὕδατα.</strong></span> <span class='ocrx_word' id='word_1_115' title='bbox 1453 1458 1529 1524; x_wconf 90' lang='lat' dir='ltr'><strong>(p.</strong></span> <span class='ocrx_word' id='word_1_116' title='bbox 1562 1456 1688 1525; x_wconf 73' lang='grc'><strong>250)</strong></span> <span class='ocrx_word' id='word_1_117' title='bbox 1723 1473 1741 1505; x_wconf 76' lang='grc' dir='ltr'><strong>ι</strong></span> <span class='ocrx_word' id='word_1_118' title='bbox 1776 1455 1886 1508; x_wconf 73' lang='grc' dir='ltr'><strong>Καὶ</strong></span> 
     </span>
    </p>
   </div>
   <div class='ocr_carea' id='block_1_17' title="bbox 301 1540 1883 1617">
    <p class='ocr_par' dir='ltr' id='par_1_17' title="bbox 301 1540 1883 1617">
     <span class='ocr_line' id='line_1_17' title="bbox 301 1540 1883 1617; baseline 0.001 -22"><span class='ocrx_word' id='word_1_119' title='bbox 301 1543 413 1611; x_wconf 79' lang='grc' dir='ltr'><strong>ἐγὼ</strong></span> <span class='ocrx_word' id='word_1_120' title='bbox 445 1540 599 1595; x_wconf 76' lang='grc' dir='ltr'><strong>εἷπον</strong></span> <span class='ocrx_word' id='word_1_121' title='bbox 625 1560 638 1573; x_wconf 89' lang='grc'><strong>·</strong></span> <span class='ocrx_word' id='word_1_122' title='bbox 679 1544 964 1614; x_wconf 77' lang='grc' dir='ltr'><strong>Ἀπῶσμαι</strong></span> <span class='ocrx_word' id='word_1_123' title='bbox 995 1545 1055 1609; x_wconf 82' lang='grc' dir='ltr'><strong>ἐξ</strong></span> <span class='ocrx_word' id='word_1_124' title='bbox 1088 1544 1384 1613; x_wconf 86' lang='grc' dir='ltr'><strong>ὀφθαλμῶν</strong></span> <span class='ocrx_word' id='word_1_125' title='bbox 1414 1563 1508 1598; x_wconf 90' lang='grc' dir='ltr'><strong>σου</strong></span> <span class='ocrx_word' id='word_1_126' title='bbox 1531 1563 1544 1576; x_wconf 89' lang='grc'><strong>·</strong></span> <span class='ocrx_word' id='word_1_127' title='bbox 1578 1543 1684 1617; x_wconf 85' lang='grc' dir='ltr'><strong>ἆρα</strong></span> <span class='ocrx_word' id='word_1_128' title='bbox 1715 1563 1883 1617; x_wconf 85' lang='grc' dir='ltr'><strong>προσ-</strong></span> 
     </span>
    </p>
   </div>
   <div class='ocr_carea' id='block_1_18' title="bbox 302 1634 1885 1705">
    <p class='ocr_par' dir='ltr' id='par_1_18' title="bbox 302 1634 1885 1705">
     <span class='ocr_line' id='line_1_18' title="bbox 302 1634 1885 1705; baseline 0.003 -19"><span class='ocrx_word' id='word_1_129' title='bbox 302 1634 457 1705; x_wconf 81' lang='grc' dir='ltr'><strong>θήσω</strong></span> <span class='ocrx_word' id='word_1_130' title='bbox 500 1634 593 1686; x_wconf 76' lang='grc' dir='ltr'><strong>τοῦ</strong></span> <span class='ocrx_word' id='word_1_131' title='bbox 618 1634 906 1703; x_wconf 66' lang='grc' dir='ltr'><strong>ἐπιϐλέψαι</strong></span> <span class='ocrx_word' id='word_1_132' title='bbox 929 1636 1064 1704; x_wconf 85' lang='grc' dir='ltr'><strong>πρὸς</strong></span> <span class='ocrx_word' id='word_1_133' title='bbox 1087 1637 1211 1690; x_wconf 82' lang='grc' dir='ltr'><strong>ναὸν</strong></span> <span class='ocrx_word' id='word_1_134' title='bbox 1232 1637 1323 1689; x_wconf 82' lang='grc' dir='ltr'><strong>τὸν</strong></span> <span class='ocrx_word' id='word_1_135' title='bbox 1344 1638 1498 1705; x_wconf 70' lang='grc' dir='ltr'><strong>ἅγιόν</strong></span> <span class='ocrx_word' id='word_1_136' title='bbox 1524 1656 1615 1691; x_wconf 89' lang='grc' dir='ltr'><strong>σου</strong></span> <span class='ocrx_word' id='word_1_137' title='bbox 1638 1655 1651 1704; x_wconf 90' lang='grc'><strong>;</strong></span> <span class='ocrx_word' id='word_1_138' title='bbox 1688 1658 1706 1690; x_wconf 76' lang='grc' dir='ltr'><strong>ι</strong></span> <span class='ocrx_word' id='word_1_139' title='bbox 1750 1638 1885 1691; x_wconf 82' lang='grc' dir='ltr'><strong>Ὑπὸ</strong></span> 
     </span>
    </p>
   </div>
   <div class='ocr_carea' id='block_1_19' title="bbox 301 1728 1887 1803">
    <p class='ocr_par' dir='ltr' id='par_1_19' title="bbox 301 1728 1887 1803">
     <span class='ocr_line' id='line_1_19' title="bbox 301 1728 1887 1803; baseline 0.004 -24"><span class='ocrx_word' id='word_1_140' title='bbox 301 1729 434 1796; x_wconf 78' lang='grc' dir='ltr'><strong>γοῦν</strong></span> <span class='ocrx_word' id='word_1_141' title='bbox 461 1729 561 1796; x_wconf 85' lang='grc' dir='ltr'><strong>τῆς</strong></span> <span class='ocrx_word' id='word_1_142' title='bbox 585 1728 696 1779; x_wconf 85' lang='grc' dir='ltr'><strong>τῶν</strong></span> <span class='ocrx_word' id='word_1_143' title='bbox 723 1728 908 1781; x_wconf 87' lang='grc' dir='ltr'><strong>κακῶν</strong></span> <span class='ocrx_word' id='word_1_144' title='bbox 922 1729 1230 1800; x_wconf 79' lang='grc' dir='ltr'><strong>ἀμηχανίας</strong></span> <span class='ocrx_word' id='word_1_145' title='bbox 1258 1730 1618 1802; x_wconf 87' lang='grc' dir='ltr'><strong>ἐκϐεϐλῆσθαι</strong></span> <span class='ocrx_word' id='word_1_146' title='bbox 1641 1735 1739 1803; x_wconf 83' lang='grc' dir='ltr'><strong>τῆς</strong></span> <span class='ocrx_word' id='word_1_147' title='bbox 1761 1749 1887 1803; x_wconf 81' lang='grc' dir='ltr'><strong>προ-</strong></span> 
     </span>
    </p>
   </div>
   <div class='ocr_carea' id='block_1_20' title="bbox 1989 546 3565 619">
    <p class='ocr_par' dir='ltr' id='par_1_20' title="bbox 1989 546 3565 619">
     <span class='ocr_line' id='line_1_20' title="bbox 1989 546 3565 619; baseline -0.002 -16"><span class='ocrx_word' id='word_1_148' title='bbox 1989 563 2138 614; x_wconf 82' lang='lat' dir='ltr'><strong>sans,</strong></span> <span class='ocrx_word' id='word_1_149' title='bbox 2198 551 2428 604; x_wconf 82' lang='lat' dir='ltr'><strong>clamavi</strong></span> <span class='ocrx_word' id='word_1_150' title='bbox 2480 549 2547 603; x_wconf 91' lang='lat' dir='ltr'><strong>ad</strong></span> <span class='ocrx_word' id='word_1_151' title='bbox 2580 559 2672 615; x_wconf 90' lang='lat' dir='ltr'><strong>te;</strong></span> <span class='ocrx_word' id='word_1_152' title='bbox 2712 564 2889 619; x_wconf 87' lang='lat' dir='ltr'><strong>neque</strong></span> <span class='ocrx_word' id='word_1_153' title='bbox 2926 547 3081 601; x_wconf 89' lang='lat' dir='ltr'><strong>irrita</strong></span> <span class='ocrx_word' id='word_1_154' title='bbox 3120 546 3222 601; x_wconf 79' lang='lat' dir='ltr'><strong>fuit</strong></span> <span class='ocrx_word' id='word_1_155' title='bbox 3269 547 3565 616; x_wconf 77' lang='lat' dir='ltr'><strong>postulatio</strong></span> 
     </span>
    </p>
   </div>
   <div class='ocr_carea' id='block_1_21' title="bbox 1988 637 3566 710">
    <p class='ocr_par' dir='ltr' id='par_1_21' title="bbox 1988 637 3566 710">
     <span class='ocr_line' id='line_1_21' title="bbox 1988 637 3566 710; baseline -0.003 -18"><span class='ocrx_word' id='word_1_156' title='bbox 1988 654 2128 693; x_wconf 90' lang='lat' dir='ltr'><strong>mea.</strong></span> <span class='ocrx_word' id='word_1_157' title='bbox 2168 658 2186 690; x_wconf 76' lang='grc' dir='ltr'><strong>ι</strong></span> <span class='ocrx_word' id='word_1_158' title='bbox 2224 639 2514 710; x_wconf 87' lang='lat' dir='ltr'><strong>Projecisti</strong></span> <span class='ocrx_word' id='word_1_159' title='bbox 2544 655 2633 695; x_wconf 89' lang='lat' dir='ltr'><strong>me</strong></span> <span class='ocrx_word' id='word_1_160' title='bbox 2658 642 2712 693; x_wconf 92' lang='lat' dir='ltr'><strong>in</strong></span> <span class='ocrx_word' id='word_1_161' title='bbox 2747 637 3076 709; x_wconf 81' lang='lat' dir='ltr'><strong>profundum</strong></span> <span class='ocrx_word' id='word_1_162' title='bbox 3103 637 3272 692; x_wconf 89' lang='lat' dir='ltr'><strong>maris</strong></span> <span class='ocrx_word' id='word_1_163' title='bbox 3309 651 3425 700; x_wconf 89' lang='lat' dir='ltr'><strong>cor,</strong></span> <span class='ocrx_word' id='word_1_164' title='bbox 3466 653 3566 689; x_wconf 91' lang='lat' dir='ltr'><strong>un-</strong></span> 
     </span>
    </p>
   </div>
   <div class='ocr_carea' id='block_1_22' title="bbox 1988 725 3565 797">
    <p class='ocr_par' dir='ltr' id='par_1_22' title="bbox 1988 725 3565 797">
     <span class='ocr_line' id='line_1_22' title="bbox 1988 725 3565 797; baseline -0.001 -16"><span class='ocrx_word' id='word_1_165' title='bbox 1988 728 2177 797; x_wconf 87' lang='lat' dir='ltr'><strong>daeque</strong></span> <span class='ocrx_word' id='word_1_166' title='bbox 2212 744 2297 783; x_wconf 88' lang='lat' dir='ltr'><strong>me</strong></span> <span class='ocrx_word' id='word_1_167' title='bbox 2316 731 2749 795; x_wconf 86' lang='lat' dir='ltr'><strong>concluserunt;</strong></span> <span class='ocrx_word' id='word_1_168' title='bbox 2785 742 2975 782; x_wconf 89' lang='lat' dir='ltr'><strong>omnes</strong></span> <span class='ocrx_word' id='word_1_169' title='bbox 3000 735 3166 782; x_wconf 84' lang='lat' dir='ltr'><strong>aestus</strong></span> <span class='ocrx_word' id='word_1_170' title='bbox 3213 728 3289 781; x_wconf 91' lang='lat' dir='ltr'><strong>tui</strong></span> <span class='ocrx_word' id='word_1_171' title='bbox 3338 725 3565 780; x_wconf 87' lang='lat' dir='ltr'><strong>lluctus-</strong></span> 
     </span>
    </p>
   </div>
   <div class='ocr_carea' id='block_1_23' title="bbox 1988 816 3565 888">
    <p class='ocr_par' dir='ltr' id='par_1_23' title="bbox 1988 816 3565 888">
     <span class='ocr_line' id='line_1_23' title="bbox 1988 816 3565 888; baseline -0.003 -17"><span class='ocrx_word' id='word_1_172' title='bbox 1988 834 2094 887; x_wconf 87' lang='lat' dir='ltr'><strong>que</strong></span> <span class='ocrx_word' id='word_1_173' title='bbox 2116 834 2282 887; x_wconf 84' lang='lat' dir='ltr'><strong>super</strong></span> <span class='ocrx_word' id='word_1_174' title='bbox 2312 836 2398 874; x_wconf 89' lang='lat' dir='ltr'><strong>me</strong></span> <span class='ocrx_word' id='word_1_175' title='bbox 2429 821 2785 874; x_wconf 90' lang='lat' dir='ltr'><strong>transierunt.</strong></span> <span class='ocrx_word' id='word_1_176' title='bbox 2818 839 2835 870; x_wconf 75' lang='grc' dir='ltr'><strong>ι</strong></span> <span class='ocrx_word' id='word_1_177' title='bbox 2880 818 2985 883; x_wconf 88' lang='lat' dir='ltr'><strong>Qui</strong></span> <span class='ocrx_word' id='word_1_178' title='bbox 3033 818 3258 888; x_wconf 79' lang='lat' dir='ltr'><strong>perfuga</strong></span> <span class='ocrx_word' id='word_1_179' title='bbox 3306 832 3455 872; x_wconf 89' lang='lat' dir='ltr'><strong>eram</strong></span> <span class='ocrx_word' id='word_1_180' title='bbox 3496 816 3565 871; x_wconf 86' lang='lat' dir='ltr'><strong>ab</strong></span> 
     </span>
    </p>
   </div>
   <div class='ocr_carea' id='block_1_24' title="bbox 1989 906 3564 975">
    <p class='ocr_par' dir='ltr' id='par_1_24' title="bbox 1989 906 3564 975">
     <span class='ocr_line' id='line_1_24' title="bbox 1989 906 3564 975; baseline -0.002 -12"><span class='ocrx_word' id='word_1_181' title='bbox 1989 909 2296 963; x_wconf 87' lang='lat' dir='ltr'><strong>obedientia</strong></span> <span class='ocrx_word' id='word_1_182' title='bbox 2324 918 2437 975; x_wconf 89' lang='lat' dir='ltr'><strong>tua,</strong></span> <span class='ocrx_word' id='word_1_183' title='bbox 2478 909 2686 964; x_wconf 78' lang='lat' dir='ltr'><strong>curasti</strong></span> <span class='ocrx_word' id='word_1_184' title='bbox 2723 908 2863 962; x_wconf 91' lang='lat' dir='ltr'><strong>utin</strong></span> <span class='ocrx_word' id='word_1_185' title='bbox 2896 923 3048 962; x_wconf 76' lang='lat' dir='ltr'><strong>mare</strong></span> <span class='ocrx_word' id='word_1_186' title='bbox 3084 908 3405 972; x_wconf 88' lang='lat' dir='ltr'><strong>inciderem,</strong></span> <span class='ocrx_word' id='word_1_187' title='bbox 3457 906 3564 961; x_wconf 84' lang='lat' dir='ltr'><strong>ibi-</strong></span> 
     </span>
    </p>
   </div>
   <div class='ocr_carea' id='block_1_25' title="bbox 1987 997 3561 1073">
    <p class='ocr_par' dir='ltr' id='par_1_25' title="bbox 1987 997 3561 1073">
     <span class='ocr_line' id='line_1_25' title="bbox 1987 997 3561 1073; baseline -0.003 -19"><span class='ocrx_word' id='word_1_188' title='bbox 1987 1018 2092 1071; x_wconf 90' lang='lat' dir='ltr'><strong>que</strong></span> <span class='ocrx_word' id='word_1_189' title='bbox 2110 1002 2381 1073; x_wconf 84' lang='lat' dir='ltr'><strong>ingentem</strong></span> <span class='ocrx_word' id='word_1_190' title='bbox 2417 1002 2693 1070; x_wconf 83' lang='lat' dir='ltr'><strong>experirer</strong></span> <span class='ocrx_word' id='word_1_191' title='bbox 2732 999 3027 1068; x_wconf 81' lang='lat' dir='ltr'><strong>procellam</strong></span> <span class='ocrx_word' id='word_1_192' title='bbox 3057 1013 3069 1048; x_wconf 90' lang='lat'>:</span> <span class='ocrx_word' id='word_1_193' title='bbox 3102 1014 3209 1068; x_wconf 87' lang='lat' dir='ltr'><strong>qua</strong></span> <span class='ocrx_word' id='word_1_194' title='bbox 3229 997 3357 1051; x_wconf 90' lang='lat' dir='ltr'><strong>dum</strong></span> <span class='ocrx_word' id='word_1_195' title='bbox 3390 1012 3561 1057; x_wconf 88' lang='lat' dir='ltr'><strong>mare,</strong></span> 
     </span>
    </p>
   </div>
   <div class='ocr_carea' id='block_1_26' title="bbox 1989 1089 3565 1162">
    <p class='ocr_par' dir='ltr' id='par_1_26' title="bbox 1989 1089 3565 1162">
     <span class='ocr_line' id='line_1_26' title="bbox 1989 1089 3565 1162; baseline -0.006 -15"><span class='ocrx_word' id='word_1_196' title='bbox 1989 1095 2227 1148; x_wconf 82' lang='lat' dir='ltr'><strong>numinis</strong></span> <span class='ocrx_word' id='word_1_197' title='bbox 2254 1093 2448 1156; x_wconf 89' lang='lat' dir='ltr'><strong>instar,</strong></span> <span class='ocrx_word' id='word_1_198' title='bbox 2482 1093 2736 1162; x_wconf 88' lang='lat' dir='ltr'><strong>agitatur,</strong></span> <span class='ocrx_word' id='word_1_199' title='bbox 2781 1104 2881 1160; x_wconf 81' lang='lat' dir='ltr'><strong>ego</strong></span> <span class='ocrx_word' id='word_1_200' title='bbox 2912 1089 3132 1157; x_wconf 86' lang='lat' dir='ltr'><strong>quidem</strong></span> <span class='ocrx_word' id='word_1_201' title='bbox 3157 1103 3418 1157; x_wconf 91' lang='lat' dir='ltr'><strong>aquarum</strong></span> <span class='ocrx_word' id='word_1_202' title='bbox 3451 1103 3565 1141; x_wconf 81' lang='lat' dir='ltr'><strong>vor-</strong></span> 
     </span>
    </p>
   </div>
   <div class='ocr_carea' id='block_1_27' title="bbox 1987 1176 3564 1254">
    <p class='ocr_par' dir='ltr' id='par_1_27' title="bbox 1987 1176 3564 1254">
     <span class='ocr_line' id='line_1_27' title="bbox 1987 1176 3564 1254; baseline -0.004 -16"><span class='ocrx_word' id='word_1_203' title='bbox 1987 1186 2188 1239; x_wconf 90' lang='lat' dir='ltr'><strong>ticihus</strong></span> <span class='ocrx_word' id='word_1_204' title='bbox 2223 1198 2634 1254; x_wconf 76' lang='lat' dir='ltr'><strong>quaquaversus</strong></span> <span class='ocrx_word' id='word_1_205' title='bbox 2666 1182 2954 1234; x_wconf 89' lang='lat' dir='ltr'><strong>obruebar.</strong></span> <span class='ocrx_word' id='word_1_206' title='bbox 2996 1199 3012 1230; x_wconf 77' lang='grc' dir='ltr'><strong>ι</strong></span> <span class='ocrx_word' id='word_1_207' title='bbox 3056 1179 3119 1232; x_wconf 72' lang='lat' dir='ltr'><strong>lit</strong></span> <span class='ocrx_word' id='word_1_208' title='bbox 3142 1194 3241 1248; x_wconf 80' lang='lat' dir='ltr'><strong>ego</strong></span> <span class='ocrx_word' id='word_1_209' title='bbox 3272 1178 3382 1232; x_wconf 80' lang='lat' dir='ltr'><strong>dixi</strong></span> <span class='ocrx_word' id='word_1_210' title='bbox 3414 1196 3427 1231; x_wconf 89' lang='lat'><strong>:</strong></span> <span class='ocrx_word' id='word_1_211' title='bbox 3456 1176 3564 1231; x_wconf 85' lang='lat' dir='ltr'><strong>Re-</strong></span> 
     </span>
    </p>
   </div>
   <div class='ocr_carea' id='block_1_28' title="bbox 1983 1270 3564 1347">
    <p class='ocr_par' dir='ltr' id='par_1_28' title="bbox 1983 1270 3564 1347">
     <span class='ocr_line' id='line_1_28' title="bbox 1983 1270 3564 1347; baseline -0.005 -16"><span class='ocrx_word' id='word_1_212' title='bbox 1983 1278 2161 1347; x_wconf 87' lang='lat' dir='ltr'><strong>jectus</strong></span> <span class='ocrx_word' id='word_1_213' title='bbox 2193 1292 2313 1331; x_wconf 87' lang='lat' dir='ltr'><strong>sum</strong></span> <span class='ocrx_word' id='word_1_214' title='bbox 2342 1276 2532 1346; x_wconf 83' lang='lat' dir='ltr'><strong>procul</strong></span> <span class='ocrx_word' id='word_1_215' title='bbox 2580 1273 2756 1327; x_wconf 90' lang='lat' dir='ltr'><strong>oculis</strong></span> <span class='ocrx_word' id='word_1_216' title='bbox 2801 1274 2926 1326; x_wconf 89' lang='lat' dir='ltr'><strong>tuis.</strong></span> <span class='ocrx_word' id='word_1_217' title='bbox 2966 1270 3105 1323; x_wconf 66' lang='lat' dir='ltr'><strong>Nunt</strong></span> <span class='ocrx_word' id='word_1_218' title='bbox 3160 1272 3339 1324; x_wconf 85' lang='lat' dir='ltr'><strong>denuo</strong></span> <span class='ocrx_word' id='word_1_219' title='bbox 3371 1270 3564 1324; x_wconf 81' lang='lat' dir='ltr'><strong>videbo</strong></span> 
     </span>
    </p>
   </div>
   <div class='ocr_carea' id='block_1_29' title="bbox 1987 1361 3561 1437">
    <p class='ocr_par' dir='ltr' id='par_1_29' title="bbox 1987 1361 3561 1437">
     <span class='ocr_line' id='line_1_29' title="bbox 1987 1361 3561 1437; baseline -0.006 -15"><span class='ocrx_word' id='word_1_220' title='bbox 1987 1370 2244 1437; x_wconf 86' lang='lat' dir='ltr'><strong>templum</strong></span> <span class='ocrx_word' id='word_1_221' title='bbox 2299 1376 2547 1422; x_wconf 90' lang='lat' dir='ltr'><strong>sanctum</strong></span> <span class='ocrx_word' id='word_1_222' title='bbox 2600 1363 2797 1417; x_wconf 83' lang='lat' dir='ltr'><strong>tuum?</strong></span> <span class='ocrx_word' id='word_1_223' title='bbox 2850 1382 2867 1413; x_wconf 78' lang='grc' dir='ltr'><strong>ι</strong></span> <span class='ocrx_word' id='word_1_224' title='bbox 2926 1361 3023 1417; x_wconf 86' lang='lat' dir='ltr'><strong>His</strong></span> <span class='ocrx_word' id='word_1_225' title='bbox 3081 1378 3167 1416; x_wconf 89' lang='lat' dir='ltr'><strong>me</strong></span> <span class='ocrx_word' id='word_1_226' title='bbox 3228 1362 3387 1415; x_wconf 86' lang='lat' dir='ltr'><strong>malis</strong></span> <span class='ocrx_word' id='word_1_227' title='bbox 3437 1377 3561 1415; x_wconf 88' lang='lat' dir='ltr'><strong>cum</strong></span> 
     </span>
    </p>
   </div>
   <div class='ocr_carea' id='block_1_30' title="bbox 1986 1455 3563 1531">
    <p class='ocr_par' dir='ltr' id='par_1_30' title="bbox 1986 1455 3563 1531">
     <span class='ocr_line' id='line_1_30' title="bbox 1986 1455 3563 1531; baseline -0.006 -18"><span class='ocrx_word' id='word_1_228' title='bbox 1986 1459 2241 1531; x_wconf 82' lang='lat' dir='ltr'><strong>expedire</strong></span> <span class='ocrx_word' id='word_1_229' title='bbox 2298 1459 2623 1527; x_wconf 83' lang='lat' dir='ltr'><strong>nequirem,</strong></span> <span class='ocrx_word' id='word_1_230' title='bbox 2676 1457 2956 1511; x_wconf 82' lang='lat' dir='ltr'><strong>exclusum</strong></span> <span class='ocrx_word' id='word_1_231' title='bbox 3025 1470 3111 1508; x_wconf 91' lang='lat' dir='ltr'><strong>me</strong></span> <span class='ocrx_word' id='word_1_232' title='bbox 3166 1455 3485 1522; x_wconf 88' lang='lat' dir='ltr'><strong>reputabam</strong></span> <span class='ocrx_word' id='word_1_233' title='bbox 3533 1469 3563 1504; x_wconf 87' lang='lat' dir='ltr'><strong>a</strong></span> 
     </span>
    </p>
   </div>
   <div class='ocr_carea' id='block_1_31' title="bbox 1987 1544 3564 1621">
    <p class='ocr_par' dir='ltr' id='par_1_31' title="bbox 1987 1544 3564 1621">
     <span class='ocr_line' id='line_1_31' title="bbox 1987 1544 3564 1621; baseline -0.003 -17"><span class='ocrx_word' id='word_1_234' title='bbox 1987 1551 2326 1621; x_wconf 84' lang='lat' dir='ltr'><strong>providentia</strong></span> <span class='ocrx_word' id='word_1_235' title='bbox 2358 1557 2484 1615; x_wconf 87' lang='lat' dir='ltr'><strong>tua;</strong></span> <span class='ocrx_word' id='word_1_236' title='bbox 2527 1548 2842 1617; x_wconf 87' lang='lat' dir='ltr'><strong>nullamque</strong></span> <span class='ocrx_word' id='word_1_237' title='bbox 2896 1556 3153 1616; x_wconf 59' lang='lat' dir='ltr'><strong>praeterea</strong></span> <span class='ocrx_word' id='word_1_238' title='bbox 3198 1560 3349 1615; x_wconf 92' lang='lat' dir='ltr'><strong>spem</strong></span> <span class='ocrx_word' id='word_1_239' title='bbox 3417 1544 3564 1599; x_wconf 76' lang='lat' dir='ltr'><strong>lme-</strong></span> 
     </span>
    </p>
   </div>
   <div class='ocr_carea' id='block_1_32' title="bbox 1988 1638 3562 1709">
    <p class='ocr_par' dir='ltr' id='par_1_32' title="bbox 1988 1638 3562 1709">
     <span class='ocr_line' id='line_1_32' title="bbox 1988 1638 3562 1709; baseline -0.005 -12"><span class='ocrx_word' id='word_1_240' title='bbox 1988 1645 2134 1708; x_wconf 87' lang='lat' dir='ltr'><strong>bam,</strong></span> <span class='ocrx_word' id='word_1_241' title='bbox 2178 1643 2293 1699; x_wconf 83' lang='lat' dir='ltr'><strong>fore</strong></span> <span class='ocrx_word' id='word_1_242' title='bbox 2329 1652 2386 1695; x_wconf 93' lang='lat' dir='ltr'><strong>ut</strong></span> <span class='ocrx_word' id='word_1_243' title='bbox 2427 1641 2484 1695; x_wconf 92' lang='lat' dir='ltr'><strong>in</strong></span> <span class='ocrx_word' id='word_1_244' title='bbox 2538 1641 2799 1709; x_wconf 86' lang='lat' dir='ltr'><strong>templum</strong></span> <span class='ocrx_word' id='word_1_245' title='bbox 2836 1650 2987 1693; x_wconf 92' lang='lat' dir='ltr'><strong>tuum</strong></span> <span class='ocrx_word' id='word_1_246' title='bbox 3019 1653 3271 1693; x_wconf 84' lang='lat' dir='ltr'><strong>reversus</strong></span> <span class='ocrx_word' id='word_1_247' title='bbox 3328 1638 3562 1707; x_wconf 83' lang='lat' dir='ltr'><strong>legitima</strong></span> 
     </span>
    </p>
   </div>
   <div class='ocr_carea' id='block_1_33' title="bbox 1988 1728 3565 1804">
    <p class='ocr_par' dir='ltr' id='par_1_33' title="bbox 1988 1728 3565 1804">
     <span class='ocr_line' id='line_1_33' title="bbox 1988 1728 3565 1804; baseline -0.004 -17"><span class='ocrx_word' id='word_1_248' title='bbox 1988 1733 2346 1804; x_wconf 84' lang='lat' dir='ltr'><strong>perlungerer</strong></span> <span class='ocrx_word' id='word_1_249' title='bbox 2412 1731 2697 1801; x_wconf 80' lang='lat' dir='ltr'><strong>religione.</strong></span> <span class='ocrx_word' id='word_1_250' title='bbox 2773 1728 2982 1799; x_wconf 84' lang='lat' dir='ltr'><strong>Quippe</strong></span> <span class='ocrx_word' id='word_1_251' title='bbox 3035 1729 3187 1782; x_wconf 88' lang='lat' dir='ltr'><strong>illinc</strong></span> <span class='ocrx_word' id='word_1_252' title='bbox 3247 1728 3565 1799; x_wconf 81' lang='lat' dir='ltr'><strong>longissime</strong></span> 
     </span>
    </p>
   </div>
   <div class='ocr_carea' id='block_1_34' title="bbox 300 1817 1883 1894">
    <p class='ocr_par' dir='ltr' id='par_1_34' title="bbox 300 1820 1883 1894">
     <span class='ocr_line' id='line_1_34' title="bbox 300 1820 1883 1894; baseline 0.004 -23"><span class='ocrx_word' id='word_1_253' title='bbox 300 1820 452 1883; x_wconf 86' lang='grc' dir='ltr'><strong>νοίας</strong></span> <span class='ocrx_word' id='word_1_254' title='bbox 481 1820 644 1890; x_wconf 79' lang='grc' dir='ltr'><strong>ᾤμην</strong></span> <span class='ocrx_word' id='word_1_255' title='bbox 682 1820 783 1889; x_wconf 87' lang='grc' dir='ltr'><strong>τῆς</strong></span> <span class='ocrx_word' id='word_1_256' title='bbox 815 1821 932 1891; x_wconf 83' lang='grc' dir='ltr'><strong>σῆς,</strong></span> <span class='ocrx_word' id='word_1_257' title='bbox 971 1824 1065 1874; x_wconf 83' lang='grc' dir='ltr'><strong>καὶ</strong></span> <span class='ocrx_word' id='word_1_258' title='bbox 1094 1822 1353 1894; x_wconf 73' lang='grc' dir='ltr'><strong>οὐδεμίαν</strong></span> <span class='ocrx_word' id='word_1_259' title='bbox 1387 1820 1530 1893; x_wconf 81' lang='grc' dir='ltr'><strong>εἶχον</strong></span> <span class='ocrx_word' id='word_1_260' title='bbox 1556 1824 1745 1877; x_wconf 87' lang='grc' dir='ltr'><strong>ἐλπίδα</strong></span> <span class='ocrx_word' id='word_1_261' title='bbox 1771 1824 1883 1877; x_wconf 79' lang='grc' dir='ltr'><strong>λοι-</strong></span> 
     </span>
    </p>
   </div>
   <div class='ocr_carea' id='block_1_35' title="bbox 1986 1817 3550 1894">
    <p class='ocr_par' dir='ltr' id='par_1_35' title="bbox 1986 1817 3550 1894">
     <span class='ocr_line' id='line_1_35' title="bbox 1986 1817 3550 1894; baseline -0.005 -16"><span class='ocrx_word' id='word_1_262' title='bbox 1986 1826 2227 1888; x_wconf 88' lang='lat' dir='ltr'><strong>aberam,</strong></span> <span class='ocrx_word' id='word_1_263' title='bbox 2263 1822 2605 1894; x_wconf 80' lang='lat' dir='ltr'><strong>gravissimis</strong></span> <span class='ocrx_word' id='word_1_264' title='bbox 2634 1822 2929 1890; x_wconf 88' lang='lat' dir='ltr'><strong>implicitus</strong></span> <span class='ocrx_word' id='word_1_265' title='bbox 2954 1819 3381 1874; x_wconf 82' lang='lat' dir='ltr'><strong>calamitatibus.</strong></span> <span class='ocrx_word' id='word_1_266' title='bbox 3427 1838 3444 1869; x_wconf 66' lang='grc' dir='ltr'><strong>ι</strong></span> <span class='ocrx_word' id='word_1_267' title='bbox 3471 1817 3550 1873; x_wconf 89' lang='lat' dir='ltr'><strong>Ol-</strong></span> 
     </span>
    </p>
   </div>
   <div class='ocr_carea' id='block_1_36' title="bbox 302 1911 1885 1986">
    <p class='ocr_par' dir='ltr' id='par_1_36' title="bbox 302 1911 1885 1986">
     <span class='ocr_line' id='line_1_36' title="bbox 302 1911 1885 1986; baseline 0.002 -23"><span class='ocrx_word' id='word_1_268' title='bbox 302 1912 511 1963; x_wconf 77' lang='grc' dir='ltr'><strong>πὺντοῦ</strong></span> <span class='ocrx_word' id='word_1_269' title='bbox 547 1911 841 1981; x_wconf 81' lang='grc' dir='ltr'><strong>γενόμενος</strong></span> <span class='ocrx_word' id='word_1_270' title='bbox 870 1913 928 1964; x_wconf 88' lang='grc' dir='ltr'><strong>ὲν</strong></span> <span class='ocrx_word' id='word_1_271' title='bbox 956 1912 1034 1983; x_wconf 84' lang='grc' dir='ltr'><strong>τῷ</strong></span> <span class='ocrx_word' id='word_1_272' title='bbox 1055 1912 1168 1983; x_wconf 80' lang='grc' dir='ltr'><strong>ναῷ</strong></span> <span class='ocrx_word' id='word_1_273' title='bbox 1200 1931 1291 1967; x_wconf 89' lang='grc' dir='ltr'><strong>σου</strong></span> <span class='ocrx_word' id='word_1_274' title='bbox 1320 1914 1397 1984; x_wconf 82' lang='grc' dir='ltr'><strong>τῷ</strong></span> <span class='ocrx_word' id='word_1_275' title='bbox 1431 1914 1569 1985; x_wconf 85' lang='grc' dir='ltr'><strong>ἁγίῳ</strong></span> <span class='ocrx_word' id='word_1_276' title='bbox 1594 1914 1690 1985; x_wconf 82' lang='grc' dir='ltr'><strong>τὴν</strong></span> <span class='ocrx_word' id='word_1_277' title='bbox 1720 1914 1885 1986; x_wconf 84' lang='grc' dir='ltr'><strong>καθή-</strong></span> 
     </span>
    </p>
   </div>
   <div class='ocr_carea' id='block_1_37' title="bbox 300 2004 1882 2077">
    <p class='ocr_par' dir='ltr' id='par_1_37' title="bbox 300 2004 1882 2077">
     <span class='ocr_line' id='line_1_37' title="bbox 300 2004 1882 2077; baseline 0.001 -22"><span class='ocrx_word' id='word_1_278' title='bbox 300 2019 498 2055; x_wconf 80' lang='grc' dir='ltr'><strong>κουσαν</strong></span> <span class='ocrx_word' id='word_1_279' title='bbox 523 2004 783 2056; x_wconf 86' lang='grc' dir='ltr'><strong>ἀποτῖσαί</strong></span> <span class='ocrx_word' id='word_1_280' title='bbox 813 2021 894 2057; x_wconf 88' lang='grc' dir='ltr'><strong>σοι</strong></span> <span class='ocrx_word' id='word_1_281' title='bbox 928 2004 1225 2076; x_wconf 83' lang='grc' dir='ltr'><strong>θρησκείαν</strong></span> <span class='ocrx_word' id='word_1_282' title='bbox 1244 2022 1256 2036; x_wconf 77' lang='grc'><em>’</em></span> <span class='ocrx_word' id='word_1_283' title='bbox 1288 2006 1382 2058; x_wconf 82' lang='grc' dir='ltr'><strong>ἆτε</strong></span> <span class='ocrx_word' id='word_1_284' title='bbox 1418 2006 1606 2077; x_wconf 70' lang='grc' dir='ltr'><strong>πόρρω</strong></span> <span class='ocrx_word' id='word_1_285' title='bbox 1635 2023 1692 2058; x_wconf 92' lang='grc' dir='ltr'><strong>τε</strong></span> <span class='ocrx_word' id='word_1_286' title='bbox 1718 2005 1882 2058; x_wconf 77' lang='grc' dir='ltr'><strong>αὐτοῦ</strong></span> 
     </span>
    </p>
   </div>
   <div class='ocr_carea' id='block_1_38' title="bbox 296 2096 1881 2167">
    <p class='ocr_par' dir='ltr' id='par_1_38' title="bbox 296 2096 1881 2167">
     <span class='ocr_line' id='line_1_38' title="bbox 296 2096 1881 2167; baseline 0.001 -20"><span class='ocrx_word' id='word_1_287' title='bbox 296 2096 609 2164; x_wconf 75' lang='grc' dir='ltr'><strong>τυγχάνων,</strong></span> <span class='ocrx_word' id='word_1_288' title='bbox 638 2096 733 2147; x_wconf 72' lang='grc' dir='ltr'><strong>καὶ</strong></span> <span class='ocrx_word' id='word_1_289' title='bbox 761 2096 1081 2165; x_wconf 76' lang='grc' dir='ltr'><strong>βαρυτάτοις</strong></span> <span class='ocrx_word' id='word_1_290' title='bbox 1114 2098 1646 2167; x_wconf 85' lang='grc' dir='ltr'><strong>περιεστοιχισμένος</strong></span> <span class='ocrx_word' id='word_1_291' title='bbox 1676 2099 1881 2159; x_wconf 89' lang='grc' dir='ltr'><strong>κακοῖς.</strong></span> 
     </span>
    </p>
   </div>
   <div class='ocr_carea' id='block_1_39' title="bbox 303 2184 1883 2258">
    <p class='ocr_par' dir='ltr' id='par_1_39' title="bbox 303 2184 1883 2258">
     <span class='ocr_line' id='line_1_39' title="bbox 303 2184 1883 2258; baseline 0.004 -23"><span class='ocrx_word' id='word_1_292' title='bbox 303 2204 320 2235; x_wconf 76' lang='grc' dir='ltr'><strong>ι</strong></span> <span class='ocrx_word' id='word_1_293' title='bbox 344 2184 659 2256; x_wconf 83' lang='grc' dir='ltr'><strong>Περιεχύθη</strong></span> <span class='ocrx_word' id='word_1_294' title='bbox 689 2203 777 2256; x_wconf 87' lang='grc' dir='ltr'><strong>μοι</strong></span> <span class='ocrx_word' id='word_1_295' title='bbox 809 2186 955 2258; x_wconf 78' lang='grc' dir='ltr'><strong>ὕδωρ</strong></span> <span class='ocrx_word' id='word_1_296' title='bbox 980 2187 1084 2250; x_wconf 75' lang='grc' dir='ltr'><strong>ἕως</strong></span> <span class='ocrx_word' id='word_1_297' title='bbox 1118 2187 1294 2258; x_wconf 69' lang='grc' dir='ltr'><strong>ψυχῆς</strong></span> <span class='ocrx_word' id='word_1_298' title='bbox 1334 2205 1457 2257; x_wconf 90' lang='grc' dir='ltr'><strong>μου.</strong></span> <span class='ocrx_word' id='word_1_299' title='bbox 1491 2207 1509 2239; x_wconf 70' lang='lat' dir='ltr'><strong>i</strong></span> <span class='ocrx_word' id='word_1_300' title='bbox 1570 2188 1748 2258; x_wconf 79' lang='grc' dir='ltr'><strong>Αὐτῆς</strong></span> <span class='ocrx_word' id='word_1_301' title='bbox 1782 2204 1883 2257; x_wconf 86' lang='grc' dir='ltr'><strong>μου</strong></span> 
     </span>
    </p>
   </div>
   <div class='ocr_carea' id='block_1_40' title="bbox 295 2278 1882 2353">
    <p class='ocr_par' dir='ltr' id='par_1_40' title="bbox 295 2278 1882 2353">
     <span class='ocr_line' id='line_1_40' title="bbox 295 2278 1882 2353; baseline 0.002 -24"><span class='ocrx_word' id='word_1_302' title='bbox 295 2279 391 2349; x_wconf 85' lang='grc' dir='ltr'><strong>τῆς</strong></span> <span class='ocrx_word' id='word_1_303' title='bbox 419 2278 605 2349; x_wconf 61' lang='grc' dir='ltr'><strong>ψυχῆς</strong></span> <span class='ocrx_word' id='word_1_304' title='bbox 649 2278 910 2331; x_wconf 85' lang='grc' dir='ltr'><strong>καθίκετο</strong></span> <span class='ocrx_word' id='word_1_305' title='bbox 957 2278 1065 2331; x_wconf 90' lang='grc' dir='ltr'><strong>τῶν</strong></span> <span class='ocrx_word' id='word_1_306' title='bbox 1102 2279 1610 2350; x_wconf 82' lang='grc' dir='ltr'><strong>περικεχυμένωνή</strong></span> <span class='ocrx_word' id='word_1_307' title='bbox 1650 2282 1882 2353; x_wconf 86' lang='grc' dir='ltr'><strong>ταραχή.</strong></span> 
     </span>
    </p>
   </div>
   <div class='ocr_carea' id='block_1_41' title="bbox 300 2369 1884 2440">
    <p class='ocr_par' dir='ltr' id='par_1_41' title="bbox 300 2369 1884 2440">
     <span class='ocr_line' id='line_1_41' title="bbox 300 2369 1884 2440; baseline 0.003 -19"><span class='ocrx_word' id='word_1_308' title='bbox 300 2389 319 2421; x_wconf 78' lang='grc' dir='ltr'><strong>ι</strong></span> <span class='ocrx_word' id='word_1_309' title='bbox 342 2370 620 2433; x_wconf 82' lang='grc' dir='ltr'><strong>Ἀϐυσσος</strong></span> <span class='ocrx_word' id='word_1_310' title='bbox 647 2369 928 2422; x_wconf 83' lang='grc' dir='ltr'><strong>ἐκύκλωσέ</strong></span> <span class='ocrx_word' id='word_1_311' title='bbox 959 2387 1024 2439; x_wconf 89' lang='grc' dir='ltr'><strong>με</strong></span> <span class='ocrx_word' id='word_1_312' title='bbox 1051 2370 1275 2440; x_wconf 81' lang='grc' dir='ltr'><strong>ἐσχάτη.</strong></span> <span class='ocrx_word' id='word_1_313' title='bbox 1303 2388 1321 2421; x_wconf 69' lang='grc' dir='ltr'><strong>ι</strong></span> <span class='ocrx_word' id='word_1_314' title='bbox 1361 2370 1433 2422; x_wconf 81' lang='grc' dir='ltr'>Τὸ</span> <span class='ocrx_word' id='word_1_315' title='bbox 1466 2370 1769 2426; x_wconf 84' lang='grc' dir='ltr'><strong>τελευταῖον</strong></span> <span class='ocrx_word' id='word_1_316' title='bbox 1793 2372 1884 2425; x_wconf 81' lang='grc' dir='ltr'><strong>ὐπ’</strong></span> 
     </span>
    </p>
   </div>
   <div class='ocr_carea' id='block_1_42' title="bbox 295 2459 1883 2532">
    <p class='ocr_par' dir='ltr' id='par_1_42' title="bbox 295 2459 1883 2532">
     <span class='ocr_line' id='line_1_42' title="bbox 295 2459 1883 2532; baseline -0.001 -18"><span class='ocrx_word' id='word_1_317' title='bbox 295 2460 463 2530; x_wconf 80' lang='grc' dir='ltr'><strong>αὐτῆς</strong></span> <span class='ocrx_word' id='word_1_318' title='bbox 493 2460 806 2531; x_wconf 84' lang='grc' dir='ltr'><strong>κατεπόθην</strong></span> <span class='ocrx_word' id='word_1_319' title='bbox 839 2460 934 2529; x_wconf 88' lang='grc' dir='ltr'><strong>τῆς</strong></span> <span class='ocrx_word' id='word_1_320' title='bbox 964 2459 1222 2514; x_wconf 87' lang='grc' dir='ltr'><strong>ἀϐύσσου.</strong></span> <span class='ocrx_word' id='word_1_321' title='bbox 1269 2478 1287 2510; x_wconf 83' lang='grc'><strong><em>‹</em></strong></span> <span class='ocrx_word' id='word_1_322' title='bbox 1319 2461 1446 2513; x_wconf 87' lang='grc' dir='ltr'><strong>Ἔδυ</strong></span> <span class='ocrx_word' id='word_1_323' title='bbox 1481 2464 1514 2531; x_wconf 88' lang='grc' dir='ltr'><strong>ή</strong></span> <span class='ocrx_word' id='word_1_324' title='bbox 1541 2462 1749 2532; x_wconf 82' lang='grc' dir='ltr'><strong>κεφαλή</strong></span> <span class='ocrx_word' id='word_1_325' title='bbox 1783 2478 1883 2531; x_wconf 89' lang='grc' dir='ltr'><strong>μου</strong></span> 
     </span>
    </p>
   </div>
   <div class='ocr_carea' id='block_1_43' title="bbox 295 2539 1886 2622">
    <p class='ocr_par' dir='ltr' id='par_1_43' title="bbox 295 2539 1886 2622">
     <span class='ocr_line' id='line_1_43' title="bbox 295 2539 1886 2622; baseline 0.001 -17"><span class='ocrx_word' id='word_1_326' title='bbox 295 2553 373 2614; x_wconf 84' lang='grc' dir='ltr'><strong>είς</strong></span> <span class='ocrx_word' id='word_1_327' title='bbox 416 2551 663 2622; x_wconf 86' lang='grc' dir='ltr'><strong>σχισμάς</strong></span> <span class='ocrx_word' id='word_1_328' title='bbox 715 2552 907 2618; x_wconf 77' lang='grc' dir='ltr'><strong>ὀρέων.</strong></span> <span class='ocrx_word' id='word_1_329' title='bbox 944 2539 977 2602; x_wconf 68' lang='grc' dir='ltr'><strong>ι’</strong></span> <span class='ocrx_word' id='word_1_330' title='bbox 1016 2551 1329 2605; x_wconf 82' lang='grc' dir='ltr'><strong>Διαλάττειν</strong></span> <span class='ocrx_word' id='word_1_331' title='bbox 1375 2569 1435 2605; x_wconf 86' lang='grc' dir='ltr'><strong>τε</strong></span> <span class='ocrx_word' id='word_1_332' title='bbox 1478 2553 1627 2605; x_wconf 77' lang='grc' dir='ltr'><strong>οὐδὲν</strong></span> <span class='ocrx_word' id='word_1_333' title='bbox 1669 2553 1886 2607; x_wconf 80' lang='grc' dir='ltr'><strong>ἐδόκουν</strong></span> 
     </span>
    </p>
   </div>
   <div class='ocr_carea' id='block_1_44' title="bbox 295 2641 1883 2716">
    <p class='ocr_par' dir='ltr' id='par_1_44' title="bbox 295 2641 1883 2716">
     <span class='ocr_line' id='line_1_44' title="bbox 295 2641 1883 2716; baseline 0.001 -22"><span class='ocrx_word' id='word_1_334' title='bbox 295 2643 520 2714; x_wconf 80' lang='grc' dir='ltr'><strong>ἐμαυτῷ</strong></span> <span class='ocrx_word' id='word_1_335' title='bbox 555 2641 651 2696; x_wconf 79' lang='grc' dir='ltr'><strong>τοῦ</strong></span> <span class='ocrx_word' id='word_1_336' title='bbox 702 2643 759 2694; x_wconf 89' lang='grc' dir='ltr'><strong>ἐν</strong></span> <span class='ocrx_word' id='word_1_337' title='bbox 810 2641 1139 2714; x_wconf 81' lang='grc' dir='ltr'><strong>διαιρέσεσιν</strong></span> <span class='ocrx_word' id='word_1_338' title='bbox 1194 2643 1365 2714; x_wconf 77' lang='grc' dir='ltr'><strong>ὀρέων</strong></span> <span class='ocrx_word' id='word_1_339' title='bbox 1417 2642 1745 2713; x_wconf 77' lang='grc' dir='ltr'><strong>βαρυτάταις</strong></span> <span class='ocrx_word' id='word_1_340' title='bbox 1786 2645 1883 2716; x_wconf 89' lang='grc' dir='ltr'><strong>λη-</strong></span> 
     </span>
    </p>
   </div>
   <div class='ocr_carea' id='block_1_45' title="bbox 296 2728 1885 2805">
    <p class='ocr_par' dir='ltr' id='par_1_45' title="bbox 296 2728 1885 2805">
     <span class='ocr_line' id='line_1_45' title="bbox 296 2728 1885 2805; baseline 0 -16"><span class='ocrx_word' id='word_1_341' title='bbox 296 2736 545 2804; x_wconf 79' lang='grc' dir='ltr'><strong>φθέντος,</strong></span> <span class='ocrx_word' id='word_1_342' title='bbox 582 2728 704 2786; x_wconf 74' lang='grc' dir='ltr'><strong>εἶτα</strong></span> <span class='ocrx_word' id='word_1_343' title='bbox 738 2734 846 2787; x_wconf 87' lang='grc' dir='ltr'><strong>τῶν</strong></span> <span class='ocrx_word' id='word_1_344' title='bbox 880 2736 1050 2805; x_wconf 81' lang='grc' dir='ltr'><strong>ὁρέων</strong></span> <span class='ocrx_word' id='word_1_345' title='bbox 1086 2735 1179 2787; x_wconf 76' lang='grc' dir='ltr'><strong>ἐπὶ</strong></span> <span class='ocrx_word' id='word_1_346' title='bbox 1203 2735 1398 2787; x_wconf 87' lang='grc' dir='ltr'><strong>ταυτὸν</strong></span> <span class='ocrx_word' id='word_1_347' title='bbox 1427 2735 1885 2804; x_wconf 83' lang='grc' dir='ltr'><strong>συνεληλυθότων,</strong></span> 
     </span>
    </p>
   </div>
   <div class='ocr_carea' id='block_1_46' title="bbox 294 2823 1889 2895">
    <p class='ocr_par' dir='ltr' id='par_1_46' title="bbox 294 2823 1889 2895">
     <span class='ocr_line' id='line_1_46' title="bbox 294 2823 1889 2895; baseline 0.005 -22"><span class='ocrx_word' id='word_1_348' title='bbox 294 2826 552 2895; x_wconf 76' lang='grc' dir='ltr'><strong>οὐδεμίαν</strong></span> <span class='ocrx_word' id='word_1_349' title='bbox 582 2824 875 2893; x_wconf 84' lang='grc' dir='ltr'><strong>ἀποφυγῆς</strong></span> <span class='ocrx_word' id='word_1_350' title='bbox 913 2825 1219 2894; x_wconf 81' lang='grc' dir='ltr'><strong>εὐρίσκοντι</strong></span> <span class='ocrx_word' id='word_1_351' title='bbox 1245 2823 1430 2876; x_wconf 79' lang='grc' dir='ltr'><strong>λοιπὸν</strong></span> <span class='ocrx_word' id='word_1_352' title='bbox 1464 2826 1673 2880; x_wconf 82' lang='grc' dir='ltr'><strong>ἐλπίδα.</strong></span> <span class='ocrx_word' id='word_1_353' title='bbox 1702 2845 1718 2877; x_wconf 76' lang='grc' dir='ltr'><strong>ι</strong></span> <span class='ocrx_word' id='word_1_354' title='bbox 1746 2828 1889 2880; x_wconf 87' lang='grc' dir='ltr'><strong>Κατ-</strong></span> 
     </span>
    </p>
   </div>
   <div class='ocr_carea' id='block_1_47' title="bbox 295 2912 1881 2988">
    <p class='ocr_par' dir='ltr' id='par_1_47' title="bbox 295 2912 1881 2988">
     <span class='ocr_line' id='line_1_47' title="bbox 295 2912 1881 2988; baseline 0.001 -18"><span class='ocrx_word' id='word_1_355' title='bbox 295 2916 426 2988; x_wconf 83' lang='grc' dir='ltr'><strong>έϐην</strong></span> <span class='ocrx_word' id='word_1_356' title='bbox 458 2920 540 2981; x_wconf 84' lang='grc' dir='ltr'><strong>είς</strong></span> <span class='ocrx_word' id='word_1_357' title='bbox 567 2916 696 2985; x_wconf 84' lang='grc' dir='ltr'><strong>γῆν,</strong></span> <span class='ocrx_word' id='word_1_358' title='bbox 734 2912 802 2987; x_wconf 83' lang='grc' dir='ltr'><strong>ἦς</strong></span> <span class='ocrx_word' id='word_1_359' title='bbox 841 2918 888 2969; x_wconf 77' lang='grc' dir='ltr'><strong>οἱ</strong></span> <span class='ocrx_word' id='word_1_360' title='bbox 941 2916 1127 2987; x_wconf 61' lang='grc' dir='ltr'><strong>μοχλολ⁵</strong></span> <span class='ocrx_word' id='word_1_361' title='bbox 1156 2917 1324 2988; x_wconf 88' lang='grc' dir='ltr'><strong>αὐτῆς</strong></span> <span class='ocrx_word' id='word_1_362' title='bbox 1358 2916 1577 2988; x_wconf 83' lang='grc' dir='ltr'><strong>κάτοχοι</strong></span> <span class='ocrx_word' id='word_1_363' title='bbox 1608 2918 1836 2975; x_wconf 81' lang='grc' dir='ltr'><strong>αἰώνιοι.</strong></span> <span class='ocrx_word' id='word_1_364' title='bbox 1862 2939 1881 2972; x_wconf 73' lang='grc' dir='ltr'><strong>ι</strong></span> 
     </span>
    </p>
   </div>
   <div class='ocr_carea' id='block_1_48' title="bbox 296 3003 1889 3081">
    <p class='ocr_par' dir='ltr' id='par_1_48' title="bbox 296 3003 1889 3081">
     <span class='ocr_line' id='line_1_48' title="bbox 296 3003 1889 3081; baseline 0.003 -21"><span class='ocrx_word' id='word_1_365' title='bbox 296 3003 427 3060; x_wconf 73' lang='grc' dir='ltr'><strong>Εἶτα</strong></span> <span class='ocrx_word' id='word_1_366' title='bbox 462 3006 678 3059; x_wconf 85' lang='grc' dir='ltr'><strong>ἐκεῖθεν</strong></span> <span class='ocrx_word' id='word_1_367' title='bbox 722 3006 991 3072; x_wconf 72' lang='grc' dir='ltr'><strong>διεδέξατο</strong></span> <span class='ocrx_word' id='word_1_368' title='bbox 1023 3024 1090 3077; x_wconf 90' lang='grc' dir='ltr'><strong>με</strong></span> <span class='ocrx_word' id='word_1_369' title='bbox 1140 3007 1200 3059; x_wconf 84' lang='grc' dir='ltr'><strong>τὸ</strong></span> <span class='ocrx_word' id='word_1_370' title='bbox 1236 3007 1402 3077; x_wconf 80' lang='grc' dir='ltr'><strong>κῆτος</strong></span> <span class='ocrx_word' id='word_1_371' title='bbox 1427 3049 1440 3074; x_wconf 91' lang='grc'><strong>,</strong></span> <span class='ocrx_word' id='word_1_372' title='bbox 1495 3009 1588 3061; x_wconf 74' lang='grc' dir='ltr'><strong>καὶ</strong></span> <span class='ocrx_word' id='word_1_373' title='bbox 1632 3010 1734 3081; x_wconf 87' lang='grc' dir='ltr'><strong>γῆν</strong></span> <span class='ocrx_word' id='word_1_374' title='bbox 1766 3028 1889 3065; x_wconf 85' lang='grc' dir='ltr'><strong>τινα</strong></span> 
     </span>
    </p>
   </div>
   <div class='ocr_carea' id='block_1_49' title="bbox 294 3094 1886 3171">
    <p class='ocr_par' dir='ltr' id='par_1_49' title="bbox 294 3094 1886 3171">
     <span class='ocr_line' id='line_1_49' title="bbox 294 3094 1886 3171; baseline 0 -20"><span class='ocrx_word' id='word_1_375' title='bbox 294 3101 463 3151; x_wconf 75' lang='grc' dir='ltr'><strong>οἰκεῖν</strong></span> <span class='ocrx_word' id='word_1_376' title='bbox 520 3098 773 3161; x_wconf 80' lang='grc' dir='ltr'><strong>ἐδόκουν,</strong></span> <span class='ocrx_word' id='word_1_377' title='bbox 832 3096 893 3161; x_wconf 81' lang='grc' dir='ltr'><strong>ἐξ</strong></span> <span class='ocrx_word' id='word_1_378' title='bbox 942 3094 1011 3168; x_wconf 88' lang='grc' dir='ltr'><strong>ἦς</strong></span> <span class='ocrx_word' id='word_1_379' title='bbox 1043 3099 1344 3167; x_wconf 79' lang='grc' dir='ltr'><strong>ἀποφυγεῖν</strong></span> <span class='ocrx_word' id='word_1_380' title='bbox 1400 3098 1478 3169; x_wconf 79' lang='grc' dir='ltr'><strong>τῷ</strong></span> <span class='ocrx_word' id='word_1_381' title='bbox 1533 3102 1886 3171; x_wconf 79' lang='grc' dir='ltr'><strong>κατεχομένῳ</strong></span> 
     </span>
    </p>
   </div>
   <div class='ocr_carea' id='block_1_50' title="bbox 857 3191 953 3208">
    <p class='ocr_par' dir='ltr' id='par_1_50' title="bbox 857 3191 953 3208">
     <span class='ocr_line' id='line_1_50' title="bbox 857 3191 953 3208; baseline 0 -7"><span class='ocrx_word' id='word_1_382' title='bbox 857 3191 953 3208; x_wconf 32' lang='grc' dir='ltr'><strong>ρᾲ-</strong></span> 
     </span>
    </p>
   </div>
   <div class='ocr_carea' id='block_1_51' title="bbox 1987 1912 3566 1984">
    <p class='ocr_par' dir='ltr' id='par_1_51' title="bbox 1987 1912 3566 1984">
     <span class='ocr_line' id='line_1_51' title="bbox 1987 1912 3566 1984; baseline -0.004 -14"><span class='ocrx_word' id='word_1_383' title='bbox 1987 1918 2122 1972; x_wconf 64' lang='lat' dir='ltr'><strong>fusae</strong></span> <span class='ocrx_word' id='word_1_384' title='bbox 2161 1916 2294 1969; x_wconf 87' lang='lat' dir='ltr'><strong>mihi</strong></span> <span class='ocrx_word' id='word_1_385' title='bbox 2319 1925 2449 1970; x_wconf 91' lang='lat' dir='ltr'><strong>sunt</strong></span> <span class='ocrx_word' id='word_1_386' title='bbox 2480 1930 2634 1984; x_wconf 70' lang='lat' dir='ltr'><strong>aqua:</strong></span> <span class='ocrx_word' id='word_1_387' title='bbox 2680 1930 2853 1984; x_wconf 87' lang='lat' dir='ltr'><strong>usque</strong></span> <span class='ocrx_word' id='word_1_388' title='bbox 2880 1914 2947 1967; x_wconf 88' lang='lat' dir='ltr'><strong>ad</strong></span> <span class='ocrx_word' id='word_1_389' title='bbox 2975 1913 3234 1965; x_wconf 88' lang='lat' dir='ltr'><strong>animam.</strong></span> <span class='ocrx_word' id='word_1_390' title='bbox 3263 1930 3283 1963; x_wconf 85' lang='grc'><strong><em>›</em></strong></span> <span class='ocrx_word' id='word_1_391' title='bbox 3323 1912 3566 1965; x_wconf 76' lang='lat' dir='ltr'><strong>Circum-</strong></span> 
     </span>
    </p>
   </div>
   <div class='ocr_carea' id='block_1_52' title="bbox 1987 2003 3563 2074">
    <p class='ocr_par' dir='ltr' id='par_1_52' title="bbox 1987 2003 3563 2074">
     <span class='ocr_line' id='line_1_52' title="bbox 1987 2003 3563 2074; baseline -0.004 -12"><span class='ocrx_word' id='word_1_392' title='bbox 1987 2009 2252 2062; x_wconf 84' lang='lat' dir='ltr'><strong>stantium</strong></span> <span class='ocrx_word' id='word_1_393' title='bbox 2303 2007 2573 2059; x_wconf 89' lang='lat' dir='ltr'><strong>malorum</strong></span> <span class='ocrx_word' id='word_1_394' title='bbox 2616 2015 2858 2061; x_wconf 87' lang='lat' dir='ltr'><strong>terrores</strong></span> <span class='ocrx_word' id='word_1_395' title='bbox 2884 2004 2951 2059; x_wconf 89' lang='lat' dir='ltr'><strong>ad</strong></span> <span class='ocrx_word' id='word_1_396' title='bbox 2991 2005 3165 2074; x_wconf 86' lang='lat' dir='ltr'><strong>ipsam</strong></span> <span class='ocrx_word' id='word_1_397' title='bbox 3198 2003 3440 2056; x_wconf 79' lang='lat' dir='ltr'><strong>animum</strong></span> <span class='ocrx_word' id='word_1_398' title='bbox 3468 2019 3563 2073; x_wconf 89' lang='lat' dir='ltr'><strong>pc-</strong></span> 
     </span>
    </p>
   </div>
   <div class='ocr_carea' id='block_1_53' title="bbox 1987 2094 3559 2167">
    <p class='ocr_par' dir='ltr' id='par_1_53' title="bbox 1987 2094 3559 2167">
     <span class='ocr_line' id='line_1_53' title="bbox 1987 2094 3559 2167; baseline -0.004 -14"><span class='ocrx_word' id='word_1_399' title='bbox 1987 2105 2364 2153; x_wconf 85' lang='lat' dir='ltr'><strong>netraverunt.</strong></span> <span class='ocrx_word' id='word_1_400' title='bbox 2397 2116 2414 2147; x_wconf 74' lang='grc'><strong>(</strong></span> <span class='ocrx_word' id='word_1_401' title='bbox 2439 2098 2546 2151; x_wconf 90' lang='lat' dir='ltr'><strong>lma</strong></span> <span class='ocrx_word' id='word_1_402' title='bbox 2569 2113 2654 2151; x_wconf 91' lang='lat' dir='ltr'><strong>me</strong></span> <span class='ocrx_word' id='word_1_403' title='bbox 2695 2097 2915 2150; x_wconf 77' lang='lat' dir='ltr'><strong>vallavit</strong></span> <span class='ocrx_word' id='word_1_404' title='bbox 2952 2097 3208 2167; x_wconf 88' lang='lat' dir='ltr'><strong>abyssus.</strong></span> <span class='ocrx_word' id='word_1_405' title='bbox 3254 2114 3272 2146; x_wconf 71' lang='grc' dir='ltr'><strong>ι</strong></span> <span class='ocrx_word' id='word_1_406' title='bbox 3314 2094 3559 2164; x_wconf 82' lang='lat' dir='ltr'><strong>Denique</strong></span> 
     </span>
    </p>
   </div>
   <div class='ocr_carea' id='block_1_54' title="bbox 1986 2188 3568 2260">
    <p class='ocr_par' dir='ltr' id='par_1_54' title="bbox 1986 2188 3568 2260">
     <span class='ocr_line' id='line_1_54' title="bbox 1986 2188 3568 2260; baseline 0 -19"><span class='ocrx_word' id='word_1_407' title='bbox 1986 2191 2201 2260; x_wconf 86' lang='lat' dir='ltr'><strong>gurgite</strong></span> <span class='ocrx_word' id='word_1_408' title='bbox 2237 2189 2531 2257; x_wconf 85' lang='lat' dir='ltr'><strong>absorptus</strong></span> <span class='ocrx_word' id='word_1_409' title='bbox 2556 2204 2698 2241; x_wconf 83' lang='lat' dir='ltr'><strong>sum.</strong></span> <span class='ocrx_word' id='word_1_410' title='bbox 2745 2206 2761 2238; x_wconf 79' lang='grc' dir='ltr'><strong>ι</strong></span> <span class='ocrx_word' id='word_1_411' title='bbox 2804 2189 2979 2257; x_wconf 77' lang='lat' dir='ltr'><strong>Caput</strong></span> <span class='ocrx_word' id='word_1_412' title='bbox 3013 2203 3194 2243; x_wconf 91' lang='lat' dir='ltr'><strong>meum</strong></span> <span class='ocrx_word' id='word_1_413' title='bbox 3242 2188 3296 2240; x_wconf 91' lang='lat' dir='ltr'><strong>in</strong></span> <span class='ocrx_word' id='word_1_414' title='bbox 3341 2188 3568 2241; x_wconf 85' lang='lat' dir='ltr'><strong>lissuras</strong></span> 
     </span>
    </p>
   </div>
   <div class='ocr_carea' id='block_1_55' title="bbox 1988 2278 3568 2335">
    <p class='ocr_par' dir='ltr' id='par_1_55' title="bbox 1988 2278 3568 2335">
     <span class='ocr_line' id='line_1_55' title="bbox 1988 2278 3568 2335; baseline -0.001 -1"><span class='ocrx_word' id='word_1_415' title='bbox 1988 2284 2254 2335; x_wconf 87' lang='lat' dir='ltr'><strong>montium</strong></span> <span class='ocrx_word' id='word_1_416' title='bbox 2289 2281 2588 2334; x_wconf 80' lang='lat' dir='ltr'><strong>demissum</strong></span> <span class='ocrx_word' id='word_1_417' title='bbox 2620 2287 2723 2333; x_wconf 91' lang='lat' dir='ltr'><strong>est.</strong></span> <span class='ocrx_word' id='word_1_418' title='bbox 2762 2300 2779 2331; x_wconf 84' lang='grc'><strong>›</strong></span> <span class='ocrx_word' id='word_1_419' title='bbox 2824 2278 2973 2333; x_wconf 85' lang='lat' dir='ltr'><strong>Nihil</strong></span> <span class='ocrx_word' id='word_1_420' title='bbox 3005 2280 3138 2333; x_wconf 88' lang='lat' dir='ltr'><strong>mihi</strong></span> <span class='ocrx_word' id='word_1_421' title='bbox 3168 2280 3388 2334; x_wconf 86' lang='lat' dir='ltr'><strong>dill&#39;crre</strong></span> <span class='ocrx_word' id='word_1_422' title='bbox 3421 2279 3568 2334; x_wconf 86' lang='lat' dir='ltr'><strong>vide-</strong></span> 
     </span>
    </p>
   </div>
   <div class='ocr_carea' id='block_1_56' title="bbox 1986 2368 3566 2442">
    <p class='ocr_par' dir='ltr' id='par_1_56' title="bbox 1986 2368 3566 2442">
     <span class='ocr_line' id='line_1_56' title="bbox 1986 2368 3566 2442; baseline -0.004 -13"><span class='ocrx_word' id='word_1_423' title='bbox 1986 2374 2087 2429; x_wconf 88' lang='lat' dir='ltr'><strong>bar</strong></span> <span class='ocrx_word' id='word_1_424' title='bbox 2109 2375 2177 2427; x_wconf 89' lang='lat' dir='ltr'><strong>ab</strong></span> <span class='ocrx_word' id='word_1_425' title='bbox 2210 2373 2278 2427; x_wconf 91' lang='lat' dir='ltr'><strong>iis</strong></span> <span class='ocrx_word' id='word_1_426' title='bbox 2317 2373 2409 2442; x_wconf 90' lang='lat' dir='ltr'><strong>qui</strong></span> <span class='ocrx_word' id='word_1_427' title='bbox 2450 2372 2506 2425; x_wconf 90' lang='lat' dir='ltr'><strong>in</strong></span> <span class='ocrx_word' id='word_1_428' title='bbox 2542 2371 2794 2425; x_wconf 87' lang='lat' dir='ltr'><strong>cavernis</strong></span> <span class='ocrx_word' id='word_1_429' title='bbox 2839 2372 3105 2425; x_wconf 90' lang='lat' dir='ltr'><strong>montium</strong></span> <span class='ocrx_word' id='word_1_430' title='bbox 3148 2372 3430 2424; x_wconf 86' lang='lat' dir='ltr'><strong>altissimis</strong></span> <span class='ocrx_word' id='word_1_431' title='bbox 3469 2368 3566 2423; x_wconf 82' lang='lat' dir='ltr'><strong>de-</strong></span> 
     </span>
    </p>
   </div>
   <div class='ocr_carea' id='block_1_57' title="bbox 1989 2460 3567 2525">
    <p class='ocr_par' dir='ltr' id='par_1_57' title="bbox 1989 2460 3567 2525">
     <span class='ocr_line' id='line_1_57' title="bbox 1989 2460 3567 2525; baseline 0 -12"><span class='ocrx_word' id='word_1_432' title='bbox 1989 2461 2252 2524; x_wconf 89' lang='lat' dir='ltr'><strong>tinentur,</strong></span> <span class='ocrx_word' id='word_1_433' title='bbox 2293 2461 2367 2515; x_wconf 88' lang='lat' dir='ltr'><strong>ita</strong></span> <span class='ocrx_word' id='word_1_434' title='bbox 2409 2467 2467 2514; x_wconf 85' lang='lat' dir='ltr'><strong>ut</strong></span> <span class='ocrx_word' id='word_1_435' title='bbox 2507 2461 2832 2516; x_wconf 88' lang='lat' dir='ltr'><strong>coeuntibus</strong></span> <span class='ocrx_word' id='word_1_436' title='bbox 2862 2460 2916 2513; x_wconf 91' lang='lat' dir='ltr'><strong>in</strong></span> <span class='ocrx_word' id='word_1_437' title='bbox 2972 2475 3032 2515; x_wconf 92' lang='lat' dir='ltr'><strong>se</strong></span> <span class='ocrx_word' id='word_1_438' title='bbox 3080 2461 3381 2525; x_wconf 86' lang='lat' dir='ltr'><strong>montibus,</strong></span> <span class='ocrx_word' id='word_1_439' title='bbox 3418 2462 3567 2514; x_wconf 82' lang='lat' dir='ltr'><strong>nulla</strong></span> 
     </span>
    </p>
   </div>
   <div class='ocr_carea' id='block_1_58' title="bbox 1988 2550 3566 2622">
    <p class='ocr_par' dir='ltr' id='par_1_58' title="bbox 1988 2550 3566 2622">
     <span class='ocr_line' id='line_1_58' title="bbox 1988 2550 3566 2622; baseline -0.003 -15"><span class='ocrx_word' id='word_1_440' title='bbox 1988 2568 2114 2622; x_wconf 87' lang='lat' dir='ltr'><strong>spes</strong></span> <span class='ocrx_word' id='word_1_441' title='bbox 2155 2551 2420 2608; x_wconf 84' lang='lat' dir='ltr'><strong>evadendi</strong></span> <span class='ocrx_word' id='word_1_442' title='bbox 2474 2551 2687 2620; x_wconf 88' lang='lat' dir='ltr'><strong>reliqua</strong></span> <span class='ocrx_word' id='word_1_443' title='bbox 2741 2552 2832 2605; x_wconf 90' lang='lat' dir='ltr'><strong>sit.</strong></span> <span class='ocrx_word' id='word_1_444' title='bbox 2880 2570 2899 2601; x_wconf 73' lang='grc' dir='ltr'><strong>ι</strong></span> <span class='ocrx_word' id='word_1_445' title='bbox 2948 2550 3215 2606; x_wconf 88' lang='lat' dir='ltr'><strong>Descendi</strong></span> <span class='ocrx_word' id='word_1_446' title='bbox 3268 2552 3413 2605; x_wconf 82' lang='lat' dir='ltr'><strong>intra</strong></span> <span class='ocrx_word' id='word_1_447' title='bbox 3463 2554 3566 2605; x_wconf 85' lang='lat' dir='ltr'><strong>liu-</strong></span> 
     </span>
    </p>
   </div>
   <div class='ocr_carea' id='block_1_59' title="bbox 1988 2642 3565 2713">
    <p class='ocr_par' dir='ltr' id='par_1_59' title="bbox 1988 2642 3565 2713">
     <span class='ocr_line' id='line_1_59' title="bbox 1988 2642 3565 2713; baseline -0.003 -15"><span class='ocrx_word' id='word_1_448' title='bbox 1988 2659 2159 2709; x_wconf 91' lang='lat' dir='ltr'><strong>mum,</strong></span> <span class='ocrx_word' id='word_1_449' title='bbox 2196 2643 2355 2713; x_wconf 89' lang='lat' dir='ltr'><strong>cujus</strong></span> <span class='ocrx_word' id='word_1_450' title='bbox 2382 2651 2567 2699; x_wconf 89' lang='lat' dir='ltr'><strong>vectes</strong></span> <span class='ocrx_word' id='word_1_451' title='bbox 2608 2651 2810 2697; x_wconf 62' lang='lat' dir='ltr'><strong>aiterna</strong></span> <span class='ocrx_word' id='word_1_452' title='bbox 2838 2643 3140 2697; x_wconf 85' lang='lat' dir='ltr'><strong>retinacula</strong></span> <span class='ocrx_word' id='word_1_453' title='bbox 3179 2652 3328 2697; x_wconf 91' lang='lat' dir='ltr'><strong>sunt.</strong></span> <span class='ocrx_word' id='word_1_454' title='bbox 3373 2663 3391 2695; x_wconf 72' lang='grc' dir='ltr'><strong>ι</strong></span> <span class='ocrx_word' id='word_1_455' title='bbox 3429 2642 3565 2697; x_wconf 90' lang='lat' dir='ltr'><strong>Tum</strong></span> 
     </span>
    </p>
   </div>
   <div class='ocr_carea' id='block_1_60' title="bbox 1987 2736 3567 2808">
    <p class='ocr_par' dir='ltr' id='par_1_60' title="bbox 1987 2736 3567 2808">
     <span class='ocr_line' id='line_1_60' title="bbox 1987 2736 3567 2808; baseline -0.004 -16"><span class='ocrx_word' id='word_1_456' title='bbox 1987 2737 2061 2792; x_wconf 91' lang='lat' dir='ltr'><strong>ibi</strong></span> <span class='ocrx_word' id='word_1_457' title='bbox 2094 2753 2180 2792; x_wconf 89' lang='lat' dir='ltr'><strong>me</strong></span> <span class='ocrx_word' id='word_1_458' title='bbox 2218 2737 2431 2808; x_wconf 82' lang='lat' dir='ltr'><strong>excepit</strong></span> <span class='ocrx_word' id='word_1_459' title='bbox 2481 2746 2658 2803; x_wconf 85' lang='lat' dir='ltr'><strong>cetus,</strong></span> <span class='ocrx_word' id='word_1_460' title='bbox 2717 2736 2864 2790; x_wconf 88' lang='lat' dir='ltr'><strong>intra</strong></span> <span class='ocrx_word' id='word_1_461' title='bbox 2911 2750 3070 2803; x_wconf 87' lang='lat' dir='ltr'><strong>quem</strong></span> <span class='ocrx_word' id='word_1_462' title='bbox 3128 2742 3329 2789; x_wconf 88' lang='lat' dir='ltr'><strong>terram</strong></span> <span class='ocrx_word' id='word_1_463' title='bbox 3385 2748 3567 2802; x_wconf 41' lang='lat' dir='ltr'><strong>quam.</strong></span> 
     </span>
    </p>
   </div>
   <div class='ocr_carea' id='block_1_61' title="bbox 1987 2825 3565 2892">
    <p class='ocr_par' dir='ltr' id='par_1_61' title="bbox 1987 2825 3565 2892">
     <span class='ocr_line' id='line_1_61' title="bbox 1987 2825 3565 2892; baseline -0.004 -9"><span class='ocrx_word' id='word_1_464' title='bbox 1987 2829 2114 2883; x_wconf 89' lang='lat' dir='ltr'><strong>dam</strong></span> <span class='ocrx_word' id='word_1_465' title='bbox 2156 2828 2382 2884; x_wconf 89' lang='lat' dir='ltr'><strong>videbar</strong></span> <span class='ocrx_word' id='word_1_466' title='bbox 2429 2829 2705 2892; x_wconf 89' lang='lat' dir='ltr'><strong>incolere,</strong></span> <span class='ocrx_word' id='word_1_467' title='bbox 2758 2825 2902 2882; x_wconf 91' lang='lat' dir='ltr'><strong>unde</strong></span> <span class='ocrx_word' id='word_1_468' title='bbox 2941 2826 3175 2881; x_wconf 87' lang='lat' dir='ltr'><strong>evadere</strong></span> <span class='ocrx_word' id='word_1_469' title='bbox 3213 2826 3432 2880; x_wconf 88' lang='lat' dir='ltr'><strong>detento</strong></span> <span class='ocrx_word' id='word_1_470' title='bbox 3471 2826 3565 2877; x_wconf 85' lang='lat' dir='ltr'><strong>ho-</strong></span> 
     </span>
    </p>
   </div>
   <div class='ocr_carea' id='block_1_62' title="bbox 1988 2915 3566 2989">
    <p class='ocr_par' dir='ltr' id='par_1_62' title="bbox 1988 2915 3566 2989">
     <span class='ocr_line' id='line_1_62' title="bbox 1988 2915 3566 2989; baseline -0.001 -17"><span class='ocrx_word' id='word_1_471' title='bbox 1988 2919 2122 2972; x_wconf 86' lang='lat' dir='ltr'><strong>mini</strong></span> <span class='ocrx_word' id='word_1_472' title='bbox 2185 2934 2416 2989; x_wconf 90' lang='lat' dir='ltr'><strong>prorsus</strong></span> <span class='ocrx_word' id='word_1_473' title='bbox 2469 2934 2580 2971; x_wconf 90' lang='lat' dir='ltr'><strong>non</strong></span> <span class='ocrx_word' id='word_1_474' title='bbox 2641 2918 2860 2972; x_wconf 87' lang='lat' dir='ltr'><strong>licebat.</strong></span> <span class='ocrx_word' id='word_1_475' title='bbox 2927 2916 3235 2988; x_wconf 57' lang='lat' dir='ltr'><strong>Cateroqui</strong></span> <span class='ocrx_word' id='word_1_476' title='bbox 3274 2915 3566 2970; x_wconf 88' lang='lat' dir='ltr'><strong>incolumis</strong></span> 
     </span>
    </p>
   </div>
   <div class='ocr_carea' id='block_1_63' title="bbox 1988 3008 3561 3079">
    <p class='ocr_par' dir='ltr' id='par_1_63' title="bbox 1988 3008 3561 3079">
     <span class='ocr_line' id='line_1_63' title="bbox 1988 3008 3561 3079; baseline -0.004 -14"><span class='ocrx_word' id='word_1_477' title='bbox 1988 3011 2137 3067; x_wconf 87' lang='lat' dir='ltr'><strong>intus</strong></span> <span class='ocrx_word' id='word_1_478' title='bbox 2178 3011 2364 3065; x_wconf 87' lang='lat' dir='ltr'><strong>divino</strong></span> <span class='ocrx_word' id='word_1_479' title='bbox 2404 3018 2539 3064; x_wconf 90' lang='lat' dir='ltr'><strong>nutu</strong></span> <span class='ocrx_word' id='word_1_480' title='bbox 2580 3024 2800 3075; x_wconf 86' lang='lat' dir='ltr'><strong>servor,</strong></span> <span class='ocrx_word' id='word_1_481' title='bbox 2842 3023 3157 3079; x_wconf 83' lang='lat' dir='ltr'><strong>quanquam</strong></span> <span class='ocrx_word' id='word_1_482' title='bbox 3202 3009 3406 3062; x_wconf 77' lang='lat' dir='ltr'><strong>exitum</strong></span> <span class='ocrx_word' id='word_1_483' title='bbox 3447 3008 3561 3059; x_wconf 85' lang='lat' dir='ltr'><strong>nul-</strong></span> 
     </span>
    </p>
   </div>
   <div class='ocr_carea' id='block_1_64' title="bbox 1991 3102 2455 3157">
    <p class='ocr_par' dir='ltr' id='par_1_64' title="bbox 1991 3102 2455 3157">
     <span class='ocr_line' id='line_1_64' title="bbox 1991 3102 2455 3157; baseline -0.002 -2"><span class='ocrx_word' id='word_1_484' title='bbox 1991 3102 2101 3156; x_wconf 93' lang='lat' dir='ltr'><strong>lum</strong></span> <span class='ocrx_word' id='word_1_485' title='bbox 2144 3105 2455 3157; x_wconf 89' lang='lat' dir='ltr'><strong>nanciscor.</strong></span> 
     </span>
    </p>
   </div>
   <div class='ocr_carea' id='block_1_65' title="bbox 293 3188 3568 3265">
    <p class='ocr_par' dir='ltr' id='par_1_65' title="bbox 293 3188 3568 3265">
     <span class='ocr_line' id='line_1_65' title="bbox 293 3188 3568 3265; baseline -0.001 -21"><span class='ocrx_word' id='word_1_486' title='bbox 293 3192 523 3247; x_wconf 73' lang='grc' dir='ltr'><strong>δυνατὸν</strong></span> <span class='ocrx_word' id='word_1_487' title='bbox 554 3189 807 3261; x_wconf 82' lang='grc' dir='ltr'><strong>οὐδαμῶς</strong></span> <span class='ocrx_word' id='word_1_488' title='bbox 849 3190 1089 3260; x_wconf 81' lang='grc' dir='ltr'><strong>ὑπῆρξεν</strong></span> <span class='ocrx_word' id='word_1_489' title='bbox 1112 3206 1125 3219; x_wconf 81' lang='lat'><strong><em>°</em></strong></span> <span class='ocrx_word' id='word_1_490' title='bbox 1168 3189 1409 3261; x_wconf 82' lang='grc' dir='ltr'><strong>ἀϐλαϐὴς</strong></span> <span class='ocrx_word' id='word_1_491' title='bbox 1452 3191 1548 3257; x_wconf 81' lang='grc' dir='ltr'><strong>μὲν</strong></span> <span class='ocrx_word' id='word_1_492' title='bbox 1583 3190 1728 3244; x_wconf 76' lang='grc' dir='ltr'><strong>ἕνδον</strong></span> <span class='ocrx_word' id='word_1_493' title='bbox 1756 3195 1821 3263; x_wconf 81' lang='grc' dir='ltr'><strong>τῇ</strong></span> <span class='ocrx_word' id='word_1_494' title='bbox 1853 3191 1971 3264; x_wconf 87' lang='grc' dir='ltr'><strong>θείᾳ</strong></span> <span class='ocrx_word' id='word_1_495' title='bbox 2023 3196 2247 3265; x_wconf 77' lang='grc' dir='ltr'><strong>προνοίᾳ</strong></span> <span class='ocrx_word' id='word_1_496' title='bbox 2280 3193 2701 3265; x_wconf 79' lang='grc' dir='ltr'><strong>φυλαττόμενος,</strong></span> <span class='ocrx_word' id='word_1_497' title='bbox 2745 3192 2841 3262; x_wconf 77' lang='grc' dir='ltr'><strong>τὴν</strong></span> <span class='ocrx_word' id='word_1_498' title='bbox 2875 3189 3082 3244; x_wconf 79' lang='grc' dir='ltr'><strong>ἐκεῖθέν</strong></span> <span class='ocrx_word' id='word_1_499' title='bbox 3110 3205 3170 3241; x_wconf 88' lang='grc' dir='ltr'><strong>τε</strong></span> <span class='ocrx_word' id='word_1_500' title='bbox 3201 3188 3418 3243; x_wconf 73' lang='grc' dir='ltr'><strong>ἔκδυσιν</strong></span> <span class='ocrx_word' id='word_1_501' title='bbox 3450 3189 3568 3260; x_wconf 69' lang='grc' dir='ltr'><strong>ἥτις</strong></span> 
     </span>
    </p>
   </div>
   <div class='ocr_carea' id='block_1_66' title="bbox 303 3282 1098 3352">
    <p class='ocr_par' dir='ltr' id='par_1_66' title="bbox 303 3282 1098 3352">
     <span class='ocr_line' id='line_1_66' title="bbox 303 3282 1098 3352; baseline -0.004 -15"><span class='ocrx_word' id='word_1_502' title='bbox 303 3285 368 3338; x_wconf 79' lang='grc' dir='ltr'><strong>ἂν</strong></span> <span class='ocrx_word' id='word_1_503' title='bbox 396 3284 622 3351; x_wconf 81' lang='grc' dir='ltr'><strong>γένοιτο</strong></span> <span class='ocrx_word' id='word_1_504' title='bbox 664 3284 762 3352; x_wconf 83' lang='grc' dir='ltr'><strong>οὐχ</strong></span> <span class='ocrx_word' id='word_1_505' title='bbox 804 3282 1098 3352; x_wconf 82' lang='grc' dir='ltr'><strong>εὑρίσκων.</strong></span> 
     </span>
    </p>
   </div>
   <div class='ocr_carea' id='block_1_67' title="bbox 359 3370 1883 3450">
    <p class='ocr_par' dir='ltr' id='par_1_67' title="bbox 359 3372 1883 3447">
     <span class='ocr_line' id='line_1_67' title="bbox 359 3372 1883 3447; baseline 0 -20"><span class='ocrx_word' id='word_1_506' title='bbox 359 3375 518 3444; x_wconf 79' lang='grc' dir='ltr'><strong>Στίχ.</strong></span> <span class='ocrx_word' id='word_1_507' title='bbox 542 3380 726 3443; x_wconf 82' lang='grc' dir='ltr'><strong>η’-ια’.</strong></span> <span class='ocrx_word' id='word_1_508' title='bbox 758 3403 831 3413; x_wconf 90' lang='grc'><strong><em>-</em></strong></span> <span class='ocrx_word' id='word_1_509' title='bbox 864 3392 883 3425; x_wconf 80' lang='grc' dir='ltr'><strong>ι</strong></span> <span class='ocrx_word' id='word_1_510' title='bbox 923 3374 1033 3425; x_wconf 68' lang='grc' dir='ltr'><strong>Καὶ</strong></span> <span class='ocrx_word' id='word_1_511' title='bbox 1070 3372 1329 3445; x_wconf 84' lang='grc' dir='ltr'><strong>ἀναϐήτω</strong></span> <span class='ocrx_word' id='word_1_512' title='bbox 1359 3374 1423 3425; x_wconf 86' lang='grc' dir='ltr'><strong>ἐκ</strong></span> <span class='ocrx_word' id='word_1_513' title='bbox 1453 3374 1659 3444; x_wconf 80' lang='grc' dir='ltr'><strong>φθορᾶς</strong></span> <span class='ocrx_word' id='word_1_514' title='bbox 1697 3376 1729 3444; x_wconf 86' lang='grc' dir='ltr'>ἡ</span> <span class='ocrx_word' id='word_1_515' title='bbox 1771 3374 1883 3447; x_wconf 81' lang='grc' dir='ltr'><strong>ζωή</strong></span> 
     </span>
    </p>
   </div>
   <div class='ocr_carea' id='block_1_68' title="bbox 1986 3370 3571 3450">
    <p class='ocr_par' dir='ltr' id='par_1_68' title="bbox 2065 3370 3571 3445">
     <span class='ocr_line' id='line_1_68' title="bbox 2065 3370 3571 3445; baseline -0.012 -13"><span class='ocrx_word' id='word_1_516' title='bbox 2065 3373 2221 3445; x_wconf 81' lang='lat'><strong>165</strong></span> <span class='ocrx_word' id='word_1_517' title='bbox 2256 3370 2418 3427; x_wconf 73' lang='lat' dir='ltr'><strong>Vens.</strong></span> <span class='ocrx_word' id='word_1_518' title='bbox 2452 3372 2605 3426; x_wconf 79' lang='lat' dir='ltr'><strong>8-H.</strong></span> <span class='ocrx_word' id='word_1_519' title='bbox 2632 3400 2701 3410; x_wconf 92' lang='lat'><strong>-—</strong></span> <span class='ocrx_word' id='word_1_520' title='bbox 2737 3388 2756 3421; x_wconf 72' lang='grc' dir='ltr'><strong>ι</strong></span> <span class='ocrx_word' id='word_1_521' title='bbox 2782 3370 3002 3425; x_wconf 90' lang='lat' dir='ltr'><strong>Utinam</strong></span> <span class='ocrx_word' id='word_1_522' title='bbox 3038 3383 3095 3424; x_wconf 92' lang='lat' dir='ltr'><strong>se</strong></span> <span class='ocrx_word' id='word_1_523' title='bbox 3123 3378 3365 3439; x_wconf 84' lang='lat' dir='ltr'><strong>emergat</strong></span> <span class='ocrx_word' id='word_1_524' title='bbox 3393 3385 3425 3423; x_wconf 84' lang='lat' dir='ltr'><strong>a</strong></span> <span class='ocrx_word' id='word_1_525' title='bbox 3454 3385 3571 3423; x_wconf 73' lang='lat' dir='ltr'><strong>cor-</strong></span> 
     </span>
    </p>
   </div>
   <div class='ocr_carea' id='block_1_69' title="bbox 294 3464 1881 3537">
    <p class='ocr_par' dir='ltr' id='par_1_69' title="bbox 294 3464 1881 3537">
     <span class='ocr_line' id='line_1_69' title="bbox 294 3464 1881 3537; baseline 0.001 -19"><span class='ocrx_word' id='word_1_526' title='bbox 294 3484 394 3536; x_wconf 75' lang='grc' dir='ltr'><strong>μου</strong></span> <span class='ocrx_word' id='word_1_527' title='bbox 422 3467 569 3537; x_wconf 79' lang='grc' dir='ltr'><strong>πρὸς</strong></span> <span class='ocrx_word' id='word_1_528' title='bbox 605 3466 685 3527; x_wconf 86' lang='grc' dir='ltr'><strong>σὲ,</strong></span> <span class='ocrx_word' id='word_1_529' title='bbox 720 3464 916 3535; x_wconf 86' lang='grc' dir='ltr'><strong>Κύριε,</strong></span> <span class='ocrx_word' id='word_1_530' title='bbox 943 3466 971 3517; x_wconf 85' lang='grc' dir='ltr'>ὁ</span> <span class='ocrx_word' id='word_1_531' title='bbox 991 3464 1121 3527; x_wconf 82' lang='grc' dir='ltr'><strong>Θεός</strong></span> <span class='ocrx_word' id='word_1_532' title='bbox 1157 3482 1280 3534; x_wconf 87' lang='grc' dir='ltr'><strong>μου.</strong></span> <span class='ocrx_word' id='word_1_533' title='bbox 1323 3484 1341 3517; x_wconf 70' lang='grc' dir='ltr'><strong>ι</strong></span> <span class='ocrx_word' id='word_1_534' title='bbox 1382 3465 1541 3517; x_wconf 83' lang='grc' dir='ltr'><strong>Ἀλλά</strong></span> <span class='ocrx_word' id='word_1_535' title='bbox 1573 3467 1683 3535; x_wconf 86' lang='grc' dir='ltr'><strong>γάρ</strong></span> <span class='ocrx_word' id='word_1_536' title='bbox 1714 3468 1881 3536; x_wconf 87' lang='grc' dir='ltr'><strong>μόνης</strong></span> 
     </span>
    </p>
   </div>
   <div class='ocr_carea' id='block_1_70' title="bbox 290 3556 1881 3628">
    <p class='ocr_par' dir='ltr' id='par_1_70' title="bbox 290 3556 1881 3628">
     <span class='ocr_line' id='line_1_70' title="bbox 290 3556 1881 3628; baseline 0.001 -18"><span class='ocrx_word' id='word_1_537' title='bbox 290 3558 386 3628; x_wconf 81' lang='grc' dir='ltr'><strong>τῆς</strong></span> <span class='ocrx_word' id='word_1_538' title='bbox 446 3558 554 3628; x_wconf 75' lang='grc' dir='ltr'><strong>σῆς</strong></span> <span class='ocrx_word' id='word_1_539' title='bbox 598 3560 717 3610; x_wconf 85' lang='grc' dir='ltr'><strong>ἐστι</strong></span> <span class='ocrx_word' id='word_1_540' title='bbox 765 3556 1046 3626; x_wconf 83' lang='grc' dir='ltr'><strong>δυνάμεως</strong></span> <span class='ocrx_word' id='word_1_541' title='bbox 1090 3558 1189 3625; x_wconf 89' lang='grc' dir='ltr'><strong>τῆς</strong></span> <span class='ocrx_word' id='word_1_542' title='bbox 1238 3556 1650 3627; x_wconf 77' lang='grc' dir='ltr'><strong>ὑπειλημμένης</strong></span> <span class='ocrx_word' id='word_1_543' title='bbox 1694 3558 1881 3613; x_wconf 80' lang='grc' dir='ltr'><strong>αὐτόθι</strong></span> 
     </span>
    </p>
   </div>
   <div class='ocr_carea' id='block_1_71' title="bbox 294 3645 1881 3719">
    <p class='ocr_par' dir='ltr' id='par_1_71' title="bbox 294 3645 1881 3719">
     <span class='ocr_line' id='line_1_71' title="bbox 294 3645 1881 3719; baseline 0.001 -18"><span class='ocrx_word' id='word_1_544' title='bbox 294 3649 507 3719; x_wconf 76' lang='grc' dir='ltr'><strong>φθορᾶς</strong></span> <span class='ocrx_word' id='word_1_545' title='bbox 556 3647 864 3714; x_wconf 78' lang='grc' dir='ltr'><strong>ἀπαλλάξαι</strong></span> <span class='ocrx_word' id='word_1_546' title='bbox 920 3664 1022 3717; x_wconf 87' lang='grc' dir='ltr'><strong>μου</strong></span> <span class='ocrx_word' id='word_1_547' title='bbox 1056 3647 1154 3718; x_wconf 85' lang='grc' dir='ltr'><strong>τὴν</strong></span> <span class='ocrx_word' id='word_1_548' title='bbox 1197 3645 1365 3718; x_wconf 74' lang='grc' dir='ltr'><strong>ζωήν.</strong></span> <span class='ocrx_word' id='word_1_549' title='bbox 1425 3650 1496 3719; x_wconf 87' lang='lat' dir='ltr'><strong>(p.</strong></span> <span class='ocrx_word' id='word_1_550' title='bbox 1552 3648 1680 3717; x_wconf 74' lang='grc'><strong>251)</strong></span> <span class='ocrx_word' id='word_1_551' title='bbox 1725 3669 1741 3701; x_wconf 78' lang='grc' dir='ltr'><strong>ι</strong></span> <span class='ocrx_word' id='word_1_552' title='bbox 1795 3650 1881 3703; x_wconf 87' lang='grc' dir='ltr'><strong>Ἐν</strong></span> 
     </span>
    </p>
   </div>
   <div class='ocr_carea' id='block_1_72' title="bbox 290 3736 1880 3810">
    <p class='ocr_par' dir='ltr' id='par_1_72' title="bbox 290 3736 1880 3810">
     <span class='ocr_line' id='line_1_72' title="bbox 290 3736 1880 3810; baseline 0.001 -21"><span class='ocrx_word' id='word_1_553' title='bbox 290 3738 369 3808; x_wconf 79' lang='grc' dir='ltr'><strong>τῷ</strong></span> <span class='ocrx_word' id='word_1_554' title='bbox 414 3739 703 3791; x_wconf 87' lang='grc' dir='ltr'><strong>ἐκλείπειν</strong></span> <span class='ocrx_word' id='word_1_555' title='bbox 736 3737 829 3790; x_wconf 87' lang='grc' dir='ltr'><strong>ἀπ’</strong></span> <span class='ocrx_word' id='word_1_556' title='bbox 865 3736 997 3808; x_wconf 82' lang='grc' dir='ltr'><strong>ἐμοῦ</strong></span> <span class='ocrx_word' id='word_1_557' title='bbox 1026 3736 1126 3807; x_wconf 80' lang='grc' dir='ltr'><strong>τὴν</strong></span> <span class='ocrx_word' id='word_1_558' title='bbox 1157 3737 1334 3810; x_wconf 74' lang='grc' dir='ltr'><strong>ψυχήν</strong></span> <span class='ocrx_word' id='word_1_559' title='bbox 1386 3756 1487 3809; x_wconf 86' lang='grc' dir='ltr'><strong>μου</strong></span> <span class='ocrx_word' id='word_1_560' title='bbox 1510 3780 1524 3802; x_wconf 94' lang='grc'><strong>,</strong></span> <span class='ocrx_word' id='word_1_561' title='bbox 1554 3738 1649 3791; x_wconf 82' lang='grc' dir='ltr'><strong>τοῦ</strong></span> <span class='ocrx_word' id='word_1_562' title='bbox 1678 3739 1880 3809; x_wconf 85' lang='grc' dir='ltr'><strong>Κυρίου</strong></span> 
     </span>
    </p>
   </div>
   <div class='ocr_carea' id='block_1_73' title="bbox 293 3827 1878 3900">
    <p class='ocr_par' dir='ltr' id='par_1_73' title="bbox 293 3827 1878 3900">
     <span class='ocr_line' id='line_1_73' title="bbox 293 3827 1878 3900; baseline 0.001 -19"><span class='ocrx_word' id='word_1_563' title='bbox 293 3828 607 3899; x_wconf 70' lang='grc' dir='ltr'><strong>ἐμνήσθην.</strong></span> <span class='ocrx_word' id='word_1_564' title='bbox 656 3848 675 3878; x_wconf 79' lang='grc'><em>›</em></span> <span class='ocrx_word' id='word_1_565' title='bbox 710 3827 919 3897; x_wconf 73' lang='grc' dir='ltr'><strong>Μικροῦ</strong></span> <span class='ocrx_word' id='word_1_566' title='bbox 954 3828 1063 3899; x_wconf 81' lang='grc' dir='ltr'><strong>γάρ</strong></span> <span class='ocrx_word' id='word_1_567' title='bbox 1092 3831 1272 3897; x_wconf 76' lang='grc' dir='ltr'><strong>ἀφιεὶς</strong></span> <span class='ocrx_word' id='word_1_568' title='bbox 1311 3832 1375 3900; x_wconf 81' lang='grc' dir='ltr'><strong>τῇ</strong></span> <span class='ocrx_word' id='word_1_569' title='bbox 1409 3830 1615 3900; x_wconf 88' lang='grc' dir='ltr'><strong>ἀπορίᾳ</strong></span> <span class='ocrx_word' id='word_1_570' title='bbox 1649 3830 1746 3899; x_wconf 86' lang='grc' dir='ltr'><strong>τὴν</strong></span> <span class='ocrx_word' id='word_1_571' title='bbox 1775 3830 1878 3897; x_wconf 72' lang='grc' dir='ltr'><strong>ψυ-</strong></span> 
     </span>
    </p>
   </div>
   <div class='ocr_carea' id='block_1_74' title="bbox 290 3918 1881 3993">
    <p class='ocr_par' dir='ltr' id='par_1_74' title="bbox 290 3918 1881 3993">
     <span class='ocr_line' id='line_1_74' title="bbox 290 3918 1881 3993; baseline 0.003 -24"><span class='ocrx_word' id='word_1_572' title='bbox 290 3920 412 3989; x_wconf 76' lang='grc' dir='ltr'><strong>χὴν,</strong></span> <span class='ocrx_word' id='word_1_573' title='bbox 448 3921 559 3989; x_wconf 77' lang='grc' dir='ltr'><strong>τὴν</strong></span> <span class='ocrx_word' id='word_1_574' title='bbox 590 3918 691 3988; x_wconf 78' lang='grc' dir='ltr'><strong>σὴν</strong></span> <span class='ocrx_word' id='word_1_575' title='bbox 713 3919 875 3989; x_wconf 72' lang='grc' dir='ltr'><strong>ᾔτουν</strong></span> <span class='ocrx_word' id='word_1_576' title='bbox 910 3919 1178 3990; x_wconf 83' lang='grc' dir='ltr'><strong>βοήθειαν.</strong></span> <span class='ocrx_word' id='word_1_577' title='bbox 1221 3940 1238 3972; x_wconf 76' lang='grc' dir='ltr'><strong>ι</strong></span> <span class='ocrx_word' id='word_1_578' title='bbox 1278 3922 1388 3974; x_wconf 73' lang='grc' dir='ltr'><strong>Καὶ</strong></span> <span class='ocrx_word' id='word_1_579' title='bbox 1414 3921 1558 3974; x_wconf 75' lang='grc' dir='ltr'><strong>ἔλθοι</strong></span> <span class='ocrx_word' id='word_1_580' title='bbox 1592 3921 1728 3991; x_wconf 85' lang='grc' dir='ltr'><strong>πρὸς</strong></span> <span class='ocrx_word' id='word_1_581' title='bbox 1763 3922 1881 3993; x_wconf 81' lang='grc' dir='ltr'><strong>σὲή</strong></span> 
     </span>
    </p>
   </div>
   <div class='ocr_carea' id='block_1_75' title="bbox 291 4009 1880 4081">
    <p class='ocr_par' dir='ltr' id='par_1_75' title="bbox 291 4009 1880 4081">
     <span class='ocr_line' id='line_1_75' title="bbox 291 4009 1880 4081; baseline 0.002 -20"><span class='ocrx_word' id='word_1_582' title='bbox 291 4009 584 4079; x_wconf 70' lang='grc' dir='ltr'><strong>προσευχὴ</strong></span> <span class='ocrx_word' id='word_1_583' title='bbox 625 4026 726 4079; x_wconf 88' lang='grc' dir='ltr'><strong>μου</strong></span> <span class='ocrx_word' id='word_1_584' title='bbox 770 4011 849 4072; x_wconf 86' lang='grc' dir='ltr'><strong>είς</strong></span> <span class='ocrx_word' id='word_1_585' title='bbox 889 4009 1015 4063; x_wconf 83' lang='grc' dir='ltr'><strong>ναὸν</strong></span> <span class='ocrx_word' id='word_1_586' title='bbox 1054 4010 1207 4078; x_wconf 74' lang='grc' dir='ltr'><strong>ἅγιόν</strong></span> <span class='ocrx_word' id='word_1_587' title='bbox 1252 4028 1366 4064; x_wconf 91' lang='grc' dir='ltr'><strong>σου.</strong></span> <span class='ocrx_word' id='word_1_588' title='bbox 1408 4030 1426 4061; x_wconf 75' lang='grc' dir='ltr'><strong>ι</strong></span> <span class='ocrx_word' id='word_1_589' title='bbox 1464 4013 1637 4075; x_wconf 84' lang='grc' dir='ltr'><strong>Αὐτός</strong></span> <span class='ocrx_word' id='word_1_590' title='bbox 1677 4011 1737 4064; x_wconf 83' lang='grc' dir='ltr'><strong>τέ</strong></span> <span class='ocrx_word' id='word_1_591' title='bbox 1779 4029 1880 4081; x_wconf 89' lang='grc' dir='ltr'><strong>μου</strong></span> 
     </span>
    </p>
   </div>
   <div class='ocr_carea' id='block_1_76' title="bbox 285 4098 1880 4174">
    <p class='ocr_par' dir='ltr' id='par_1_76' title="bbox 285 4098 1880 4174">
     <span class='ocr_line' id='line_1_76' title="bbox 285 4098 1880 4174; baseline 0.004 -24"><span class='ocrx_word' id='word_1_592' title='bbox 285 4098 438 4162; x_wconf 76' lang='grc' dir='ltr'><strong>δέξαι</strong></span> <span class='ocrx_word' id='word_1_593' title='bbox 462 4101 569 4169; x_wconf 76' lang='grc' dir='ltr'><strong>τὴν</strong></span> <span class='ocrx_word' id='word_1_594' title='bbox 594 4100 901 4169; x_wconf 82' lang='grc' dir='ltr'><strong>προσευχὴν</strong></span> <span class='ocrx_word' id='word_1_595' title='bbox 928 4102 985 4153; x_wconf 87' lang='grc' dir='ltr'><strong>ἐν</strong></span> <span class='ocrx_word' id='word_1_596' title='bbox 1014 4100 1092 4171; x_wconf 83' lang='grc' dir='ltr'><strong>τῷ</strong></span> <span class='ocrx_word' id='word_1_597' title='bbox 1119 4101 1229 4173; x_wconf 70' lang='grc' dir='ltr'><strong>ναῷ</strong></span> <span class='ocrx_word' id='word_1_598' title='bbox 1258 4102 1541 4166; x_wconf 86' lang='grc' dir='ltr'><strong>καθεστὼς</strong></span> <span class='ocrx_word' id='word_1_599' title='bbox 1568 4104 1645 4173; x_wconf 81' lang='grc' dir='ltr'><strong>τῷ</strong></span> <span class='ocrx_word' id='word_1_600' title='bbox 1674 4104 1880 4174; x_wconf 83' lang='grc' dir='ltr'><strong>οἰκείῳ,</strong></span> 
     </span>
    </p>
   </div>
   <div class='ocr_carea' id='block_1_77' title="bbox 286 4191 1883 4267">
    <p class='ocr_par' dir='ltr' id='par_1_77' title="bbox 286 4191 1883 4267">
     <span class='ocr_line' id='line_1_77' title="bbox 286 4191 1883 4267; baseline 0.004 -25"><span class='ocrx_word' id='word_1_601' title='bbox 286 4191 451 4244; x_wconf 72' lang='grc' dir='ltr'><strong>οὐθέν</strong></span> <span class='ocrx_word' id='word_1_602' title='bbox 495 4208 562 4243; x_wconf 84' lang='grc' dir='ltr'><strong>σε</strong></span> <span class='ocrx_word' id='word_1_603' title='bbox 615 4192 716 4261; x_wconf 82' lang='grc' dir='ltr'><strong>τῆς</strong></span> <span class='ocrx_word' id='word_1_604' title='bbox 768 4192 1105 4258; x_wconf 82' lang='grc' dir='ltr'><strong>διαστάσεως</strong></span> <span class='ocrx_word' id='word_1_605' title='bbox 1143 4195 1251 4247; x_wconf 88' lang='grc' dir='ltr'><strong>τῶν</strong></span> <span class='ocrx_word' id='word_1_606' title='bbox 1294 4196 1474 4247; x_wconf 88' lang='grc' dir='ltr'><strong>τόπων</strong></span> <span class='ocrx_word' id='word_1_607' title='bbox 1522 4195 1751 4266; x_wconf 86' lang='grc' dir='ltr'><strong>ἀμύνειν</strong></span> <span class='ocrx_word' id='word_1_608' title='bbox 1793 4214 1883 4267; x_wconf 90' lang='grc' dir='ltr'><strong>μοι</strong></span> 
     </span>
    </p>
   </div>
   <div class='ocr_carea' id='block_1_78' title="bbox 286 4282 1884 4355">
    <p class='ocr_par' dir='ltr' id='par_1_78' title="bbox 286 4282 1884 4355">
     <span class='ocr_line' id='line_1_78' title="bbox 286 4282 1884 4355; baseline 0.003 -20"><span class='ocrx_word' id='word_1_609' title='bbox 286 4283 642 4351; x_wconf 77' lang='grc' dir='ltr'><strong>κωλυούσης.</strong></span> <span class='ocrx_word' id='word_1_610' title='bbox 676 4301 692 4332; x_wconf 77' lang='grc' dir='ltr'><strong>ι</strong></span> <span class='ocrx_word' id='word_1_611' title='bbox 726 4282 1129 4354; x_wconf 81' lang='grc' dir='ltr'><strong>Φυλασσόμενοι</strong></span> <span class='ocrx_word' id='word_1_612' title='bbox 1153 4285 1357 4354; x_wconf 87' lang='grc' dir='ltr'><strong>μάταια</strong></span> <span class='ocrx_word' id='word_1_613' title='bbox 1384 4285 1479 4337; x_wconf 72' lang='grc' dir='ltr'><strong>καὶ</strong></span> <span class='ocrx_word' id='word_1_614' title='bbox 1510 4284 1704 4355; x_wconf 74' lang='grc' dir='ltr'><strong>ψεύδη,</strong></span> <span class='ocrx_word' id='word_1_615' title='bbox 1735 4285 1884 4339; x_wconf 86' lang='grc' dir='ltr'><strong>ἒλεον</strong></span> 
     </span>
    </p>
   </div>
   <div class='ocr_carea' id='block_1_79' title="bbox 285 4373 1884 4447">
    <p class='ocr_par' dir='ltr' id='par_1_79' title="bbox 285 4373 1884 4447">
     <span class='ocr_line' id='line_1_79' title="bbox 285 4373 1884 4447; baseline 0.002 -21"><span class='ocrx_word' id='word_1_616' title='bbox 285 4374 474 4426; x_wconf 85' lang='grc' dir='ltr'><strong>αὐτῶν</strong></span> <span class='ocrx_word' id='word_1_617' title='bbox 511 4373 902 4441; x_wconf 81' lang='grc' dir='ltr'><strong>ἐγκατέλιπον.</strong></span> <span class='ocrx_word' id='word_1_618' title='bbox 945 4394 963 4425; x_wconf 75' lang='grc' dir='ltr'><strong>ι</strong></span> <span class='ocrx_word' id='word_1_619' title='bbox 996 4377 1058 4427; x_wconf 80' lang='lat' dir='ltr'><strong>Oi</strong></span> <span class='ocrx_word' id='word_1_620' title='bbox 1090 4376 1187 4445; x_wconf 77' lang='grc' dir='ltr'><strong>μὲν</strong></span> <span class='ocrx_word' id='word_1_621' title='bbox 1219 4376 1327 4446; x_wconf 79' lang='grc' dir='ltr'><strong>γάρ</strong></span> <span class='ocrx_word' id='word_1_622' title='bbox 1360 4377 1460 4446; x_wconf 81' lang='grc' dir='ltr'><strong>τὴν</strong></span> <span class='ocrx_word' id='word_1_623' title='bbox 1492 4376 1749 4447; x_wconf 84' lang='grc' dir='ltr'><strong>ναυτικὴν</strong></span> <span class='ocrx_word' id='word_1_624' title='bbox 1786 4394 1884 4447; x_wconf 85' lang='grc' dir='ltr'><strong>με-</strong></span> 
     </span>
    </p>
   </div>
   <div class='ocr_carea' id='block_1_80' title="bbox 281 4462 1881 4537">
    <p class='ocr_par' dir='ltr' id='par_1_80' title="bbox 281 4462 1881 4537">
     <span class='ocr_line' id='line_1_80' title="bbox 281 4462 1881 4537; baseline 0.004 -24"><span class='ocrx_word' id='word_1_625' title='bbox 281 4462 499 4523; x_wconf 83' lang='grc' dir='ltr'><strong>τιόντες</strong></span> <span class='ocrx_word' id='word_1_626' title='bbox 546 4462 834 4534; x_wconf 83' lang='grc' dir='ltr'><strong>ἐργασίαν,</strong></span> <span class='ocrx_word' id='word_1_627' title='bbox 887 4464 1061 4517; x_wconf 85' lang='grc' dir='ltr'><strong>καίτοι</strong></span> <span class='ocrx_word' id='word_1_628' title='bbox 1100 4480 1162 4531; x_wconf 90' lang='grc' dir='ltr'><strong>γε</strong></span> <span class='ocrx_word' id='word_1_629' title='bbox 1202 4464 1439 4527; x_wconf 77' lang='grc' dir='ltr'><strong>εἰδώλοις</strong></span> <span class='ocrx_word' id='word_1_630' title='bbox 1493 4466 1881 4537; x_wconf 83' lang='grc' dir='ltr'><strong>προσέχοντες,</strong></span> 
     </span>
    </p>
   </div>
   <div class='ocr_carea' id='block_1_81' title="bbox 283 4554 1882 4630">
    <p class='ocr_par' dir='ltr' id='par_1_81' title="bbox 283 4554 1882 4630">
     <span class='ocr_line' id='line_1_81' title="bbox 283 4554 1882 4630; baseline 0.002 -23"><span class='ocrx_word' id='word_1_631' title='bbox 283 4561 378 4610; x_wconf 73' lang='grc' dir='ltr'><strong>καὶ</strong></span> <span class='ocrx_word' id='word_1_632' title='bbox 409 4558 552 4627; x_wconf 72' lang='grc' dir='ltr'><strong>περὶ</strong></span> <span class='ocrx_word' id='word_1_633' title='bbox 585 4557 686 4628; x_wconf 80' lang='grc' dir='ltr'><strong>τὴν</strong></span> <span class='ocrx_word' id='word_1_634' title='bbox 714 4556 932 4626; x_wconf 84' lang='grc' dir='ltr'><strong>ἀπάτην</strong></span> <span class='ocrx_word' id='word_1_635' title='bbox 964 4556 1178 4627; x_wconf 85' lang='grc' dir='ltr'><strong>ἐκείνην</strong></span> <span class='ocrx_word' id='word_1_636' title='bbox 1212 4554 1576 4627; x_wconf 74' lang='grc' dir='ltr'><strong>ἠσχολημένοι</strong></span> <span class='ocrx_word' id='word_1_637' title='bbox 1602 4597 1617 4621; x_wconf 90' lang='grc'><strong>,</strong></span> <span class='ocrx_word' id='word_1_638' title='bbox 1649 4558 1882 4630; x_wconf 76' lang='grc' dir='ltr'><strong>ἠϐουλή-</strong></span> 
     </span>
    </p>
   </div>
   <div class='ocr_carea' id='block_1_82' title="bbox 283 4646 1884 4721">
    <p class='ocr_par' dir='ltr' id='par_1_82' title="bbox 283 4646 1884 4721">
     <span class='ocr_line' id='line_1_82' title="bbox 283 4646 1884 4721; baseline 0.002 -22"><span class='ocrx_word' id='word_1_639' title='bbox 283 4649 462 4721; x_wconf 75' lang='grc' dir='ltr'><strong>θησάν</strong></span> <span class='ocrx_word' id='word_1_640' title='bbox 521 4649 631 4719; x_wconf 87' lang='grc' dir='ltr'><strong>μού</strong></span> <span class='ocrx_word' id='word_1_641' title='bbox 678 4665 800 4700; x_wconf 88' lang='grc' dir='ltr'><strong>τινα</strong></span> <span class='ocrx_word' id='word_1_642' title='bbox 848 4646 1176 4717; x_wconf 84' lang='grc' dir='ltr'><strong>ποιήσασθαι</strong></span> <span class='ocrx_word' id='word_1_643' title='bbox 1222 4648 1425 4717; x_wconf 75' lang='grc' dir='ltr'><strong>φειδῶο</strong></span> <span class='ocrx_word' id='word_1_644' title='bbox 1481 4649 1792 4720; x_wconf 81' lang='grc' dir='ltr'><strong>νικηθέντες</strong></span> <span class='ocrx_word' id='word_1_645' title='bbox 1825 4650 1884 4703; x_wconf 78' lang='grc' dir='ltr'><strong>δὲ</strong></span> 
     </span>
    </p>
   </div>
   <div class='ocr_carea' id='block_1_83' title="bbox 1983 3460 3567 3537">
    <p class='ocr_par' dir='ltr' id='par_1_83' title="bbox 1983 3460 3567 3537">
     <span class='ocr_line' id='line_1_83' title="bbox 1983 3460 3567 3537; baseline -0.003 -16"><span class='ocrx_word' id='word_1_646' title='bbox 1983 3470 2235 3537; x_wconf 78' lang='lat' dir='ltr'><strong>ruptione</strong></span> <span class='ocrx_word' id='word_1_647' title='bbox 2258 3467 2366 3519; x_wconf 86' lang='lat' dir='ltr'><strong>vita</strong></span> <span class='ocrx_word' id='word_1_648' title='bbox 2394 3480 2511 3520; x_wconf 88' lang='lat' dir='ltr'><strong>mea</strong></span> <span class='ocrx_word' id='word_1_649' title='bbox 2536 3466 2603 3518; x_wconf 90' lang='lat' dir='ltr'><strong>ad</strong></span> <span class='ocrx_word' id='word_1_650' title='bbox 2634 3473 2707 3530; x_wconf 93' lang='lat' dir='ltr'><strong>te,</strong></span> <span class='ocrx_word' id='word_1_651' title='bbox 2734 3461 2957 3517; x_wconf 87' lang='lat' dir='ltr'><strong>Domine</strong></span> <span class='ocrx_word' id='word_1_652' title='bbox 2993 3461 3134 3518; x_wconf 88' lang='lat' dir='ltr'><strong>Deus</strong></span> <span class='ocrx_word' id='word_1_653' title='bbox 3158 3477 3312 3517; x_wconf 90' lang='lat' dir='ltr'><strong>meus</strong></span> <span class='ocrx_word' id='word_1_654' title='bbox 3335 3464 3348 3514; x_wconf 83' lang='lat' dir='ltr'><strong>l</strong></span> <span class='ocrx_word' id='word_1_655' title='bbox 3380 3481 3399 3513; x_wconf 72' lang='grc' dir='ltr'><strong>ι</strong></span> <span class='ocrx_word' id='word_1_656' title='bbox 3440 3460 3567 3516; x_wconf 72' lang='lat' dir='ltr'><strong>Tuae</strong></span> 
     </span>
    </p>
   </div>
   <div class='ocr_carea' id='block_1_84' title="bbox 1984 3553 3567 3631">
    <p class='ocr_par' dir='ltr' id='par_1_84' title="bbox 1984 3553 3567 3631">
     <span class='ocr_line' id='line_1_84' title="bbox 1984 3553 3567 3631; baseline -0.004 -17"><span class='ocrx_word' id='word_1_657' title='bbox 1984 3560 2230 3631; x_wconf 81' lang='lat' dir='ltr'><strong>profecto</strong></span> <span class='ocrx_word' id='word_1_658' title='bbox 2260 3557 2638 3612; x_wconf 89' lang='lat' dir='ltr'><strong>tantummodo</strong></span> <span class='ocrx_word' id='word_1_659' title='bbox 2661 3556 2880 3610; x_wconf 88' lang='lat' dir='ltr'><strong>virtutis</strong></span> <span class='ocrx_word' id='word_1_660' title='bbox 2897 3562 3002 3618; x_wconf 87' lang='lat' dir='ltr'><strong>est,</strong></span> <span class='ocrx_word' id='word_1_661' title='bbox 3034 3570 3063 3606; x_wconf 89' lang='lat' dir='ltr'><strong>a</strong></span> <span class='ocrx_word' id='word_1_662' title='bbox 3088 3555 3264 3608; x_wconf 81' lang='lat' dir='ltr'><strong>tenaci</strong></span> <span class='ocrx_word' id='word_1_663' title='bbox 3286 3553 3378 3607; x_wconf 88' lang='lat' dir='ltr'><strong>illo</strong></span> <span class='ocrx_word' id='word_1_664' title='bbox 3399 3554 3567 3608; x_wconf 77' lang='lat' dir='ltr'><strong>exitio</strong></span> 
     </span>
    </p>
   </div>
   <div class='ocr_carea' id='block_1_85' title="bbox 1983 3645 3568 3721">
    <p class='ocr_par' dir='ltr' id='par_1_85' title="bbox 1983 3645 3568 3721">
     <span class='ocr_line' id='line_1_85' title="bbox 1983 3645 3568 3721; baseline -0.006 -14"><span class='ocrx_word' id='word_1_665' title='bbox 1983 3654 2194 3721; x_wconf 82' lang='lat' dir='ltr'><strong>eripere</strong></span> <span class='ocrx_word' id='word_1_666' title='bbox 2242 3650 2480 3703; x_wconf 89' lang='lat' dir='ltr'><strong>animam</strong></span> <span class='ocrx_word' id='word_1_667' title='bbox 2534 3662 2731 3701; x_wconf 89' lang='lat' dir='ltr'><strong>meam.</strong></span> <span class='ocrx_word' id='word_1_668' title='bbox 2774 3666 2791 3697; x_wconf 77' lang='grc' dir='ltr'><strong>ι</strong></span> <span class='ocrx_word' id='word_1_669' title='bbox 2820 3646 2957 3699; x_wconf 87' lang='lat' dir='ltr'><strong>Cum</strong></span> <span class='ocrx_word' id='word_1_670' title='bbox 2999 3646 3112 3714; x_wconf 84' lang='lat' dir='ltr'><strong>jam</strong></span> <span class='ocrx_word' id='word_1_671' title='bbox 3167 3660 3253 3699; x_wconf 86' lang='lat' dir='ltr'><strong>me</strong></span> <span class='ocrx_word' id='word_1_672' title='bbox 3286 3645 3568 3700; x_wconf 85' lang='lat' dir='ltr'><strong>desereret</strong></span> 
     </span>
    </p>
   </div>
   <div class='ocr_carea' id='block_1_86' title="bbox 1983 3738 3566 3813">
    <p class='ocr_par' dir='ltr' id='par_1_86' title="bbox 1983 3738 3566 3813">
     <span class='ocr_line' id='line_1_86' title="bbox 1983 3738 3566 3813; baseline -0.003 -15"><span class='ocrx_word' id='word_1_673' title='bbox 1983 3744 2213 3813; x_wconf 87' lang='lat' dir='ltr'><strong>spiritus</strong></span> <span class='ocrx_word' id='word_1_674' title='bbox 2266 3755 2442 3806; x_wconf 90' lang='lat' dir='ltr'><strong>meus,</strong></span> <span class='ocrx_word' id='word_1_675' title='bbox 2483 3739 2699 3793; x_wconf 91' lang='lat' dir='ltr'><strong>Domini</strong></span> <span class='ocrx_word' id='word_1_676' title='bbox 2746 3752 2954 3791; x_wconf 88' lang='lat' dir='ltr'><strong>memor</strong></span> <span class='ocrx_word' id='word_1_677' title='bbox 2989 3738 3087 3790; x_wconf 83' lang='lat' dir='ltr'><strong>l&#39;ui.</strong></span> <span class='ocrx_word' id='word_1_678' title='bbox 3118 3756 3135 3788; x_wconf 77' lang='grc' dir='ltr'><strong>ι</strong></span> <span class='ocrx_word' id='word_1_679' title='bbox 3184 3738 3321 3790; x_wconf 77' lang='lat' dir='ltr'><strong>Cum</strong></span> <span class='ocrx_word' id='word_1_680' title='bbox 3361 3740 3474 3807; x_wconf 83' lang='lat' dir='ltr'><strong>jam</strong></span> <span class='ocrx_word' id='word_1_681' title='bbox 3510 3742 3566 3793; x_wconf 91' lang='lat' dir='ltr'><strong>in</strong></span> 
     </span>
    </p>
   </div>
   <div class='ocr_carea' id='block_1_87' title="bbox 1984 3830 3563 3904">
    <p class='ocr_par' dir='ltr' id='par_1_87' title="bbox 1984 3830 3563 3904">
     <span class='ocr_line' id='line_1_87' title="bbox 1984 3830 3563 3904; baseline -0.004 -16"><span class='ocrx_word' id='word_1_682' title='bbox 1984 3834 2253 3904; x_wconf 88' lang='lat' dir='ltr'><strong>angustiis</strong></span> <span class='ocrx_word' id='word_1_683' title='bbox 2305 3833 2542 3885; x_wconf 90' lang='lat' dir='ltr'><strong>animam</strong></span> <span class='ocrx_word' id='word_1_684' title='bbox 2599 3844 2834 3900; x_wconf 81' lang='lat' dir='ltr'><strong>agerem,</strong></span> <span class='ocrx_word' id='word_1_685' title='bbox 2897 3838 3044 3881; x_wconf 88' lang='lat' dir='ltr'><strong>tuam</strong></span> <span class='ocrx_word' id='word_1_686' title='bbox 3104 3830 3323 3897; x_wconf 88' lang='lat' dir='ltr'><strong>poposci</strong></span> <span class='ocrx_word' id='word_1_687' title='bbox 3380 3844 3563 3897; x_wconf 85' lang='lat' dir='ltr'><strong>opem.</strong></span> 
     </span>
    </p>
   </div>
   <div class='ocr_carea' id='block_1_88' title="bbox 1990 3918 3559 3987">
    <p class='ocr_par' dir='ltr' id='par_1_88' title="bbox 1990 3918 3559 3987">
     <span class='ocr_line' id='line_1_88' title="bbox 1990 3918 3559 3987; baseline -0.003 -12"><span class='ocrx_word' id='word_1_688' title='bbox 1990 3942 2008 3975; x_wconf 71' lang='grc' dir='ltr'><strong>ι</strong></span> <span class='ocrx_word' id='word_1_689' title='bbox 2036 3921 2229 3977; x_wconf 82' lang='lat' dir='ltr'><strong>Veniat</strong></span> <span class='ocrx_word' id='word_1_690' title='bbox 2250 3922 2458 3974; x_wconf 87' lang='lat' dir='ltr'><strong>utinam</strong></span> <span class='ocrx_word' id='word_1_691' title='bbox 2481 3919 2547 3972; x_wconf 89' lang='lat' dir='ltr'><strong>ad</strong></span> <span class='ocrx_word' id='word_1_692' title='bbox 2572 3920 2693 3972; x_wconf 91' lang='lat' dir='ltr'><strong>tein</strong></span> <span class='ocrx_word' id='word_1_693' title='bbox 2719 3920 2979 3987; x_wconf 89' lang='lat' dir='ltr'><strong>templum</strong></span> <span class='ocrx_word' id='word_1_694' title='bbox 2998 3926 3149 3971; x_wconf 91' lang='lat' dir='ltr'><strong>tuum</strong></span> <span class='ocrx_word' id='word_1_695' title='bbox 3170 3918 3345 3972; x_wconf 84' lang='lat' dir='ltr'><strong>oratio</strong></span> <span class='ocrx_word' id='word_1_696' title='bbox 3368 3921 3516 3973; x_wconf 79' lang='lat' dir='ltr'><strong>mea!</strong></span> <span class='ocrx_word' id='word_1_697' title='bbox 3540 3940 3559 3971; x_wconf 76' lang='grc' dir='ltr'><strong>ι</strong></span> 
     </span>
    </p>
   </div>
   <div class='ocr_carea' id='block_1_89' title="bbox 1983 4007 3565 4081">
    <p class='ocr_par' dir='ltr' id='par_1_89' title="bbox 1983 4007 3565 4081">
     <span class='ocr_line' id='line_1_89' title="bbox 1983 4007 3565 4081; baseline -0.001 -17"><span class='ocrx_word' id='word_1_698' title='bbox 1983 4010 2102 4081; x_wconf 88' lang='lat' dir='ltr'><strong>Ipse</strong></span> <span class='ocrx_word' id='word_1_699' title='bbox 2129 4010 2389 4081; x_wconf 79' lang='lat' dir='ltr'><strong>excepisti</strong></span> <span class='ocrx_word' id='word_1_700' title='bbox 2439 4023 2630 4079; x_wconf 86' lang='lat' dir='ltr'><strong>preces</strong></span> <span class='ocrx_word' id='word_1_701' title='bbox 2657 4022 2806 4061; x_wconf 88' lang='lat' dir='ltr'><strong>meas</strong></span> <span class='ocrx_word' id='word_1_702' title='bbox 2834 4016 2927 4061; x_wconf 95' lang='lat' dir='ltr'><strong>tuo</strong></span> <span class='ocrx_word' id='word_1_703' title='bbox 2958 4007 3021 4071; x_wconf 12' lang='lat' dir='ltr'><strong>in,</strong></span> <span class='ocrx_word' id='word_1_704' title='bbox 3041 4008 3241 4076; x_wconf 89' lang='lat' dir='ltr'><strong>templo</strong></span> <span class='ocrx_word' id='word_1_705' title='bbox 3278 4009 3565 4076; x_wconf 86' lang='lat' dir='ltr'><strong>residens;</strong></span> 
     </span>
    </p>
   </div>
   <div class='ocr_carea' id='block_1_90' title="bbox 1983 4099 3564 4170">
    <p class='ocr_par' dir='ltr' id='par_1_90' title="bbox 1983 4099 3564 4170">
     <span class='ocr_line' id='line_1_90' title="bbox 1983 4099 3564 4170; baseline -0.002 -11"><span class='ocrx_word' id='word_1_706' title='bbox 1983 4105 2122 4159; x_wconf 86' lang='lat' dir='ltr'><strong>nihil</strong></span> <span class='ocrx_word' id='word_1_707' title='bbox 2169 4115 2220 4160; x_wconf 89' lang='lat' dir='ltr'><strong>te</strong></span> <span class='ocrx_word' id='word_1_708' title='bbox 2271 4106 2519 4158; x_wconf 85' lang='lat' dir='ltr'><strong>locorum</strong></span> <span class='ocrx_word' id='word_1_709' title='bbox 2572 4099 2854 4164; x_wconf 85' lang='lat' dir='ltr'><strong>distantia,</strong></span> <span class='ocrx_word' id='word_1_710' title='bbox 2890 4101 3183 4170; x_wconf 86' lang='lat' dir='ltr'><strong>quominus</strong></span> <span class='ocrx_word' id='word_1_711' title='bbox 3225 4100 3358 4154; x_wconf 90' lang='lat' dir='ltr'><strong>mihi</strong></span> <span class='ocrx_word' id='word_1_712' title='bbox 3392 4100 3564 4156; x_wconf 81' lang='lat' dir='ltr'><strong>ferres</strong></span> 
     </span>
    </p>
   </div>
   <div class='ocr_carea' id='block_1_91' title="bbox 1986 4190 3563 4267">
    <p class='ocr_par' dir='ltr' id='par_1_91' title="bbox 1986 4190 3563 4267">
     <span class='ocr_line' id='line_1_91' title="bbox 1986 4190 3563 4267; baseline -0.003 -18"><span class='ocrx_word' id='word_1_713' title='bbox 1986 4211 2167 4266; x_wconf 89' lang='lat' dir='ltr'><strong>opem,</strong></span> <span class='ocrx_word' id='word_1_714' title='bbox 2218 4191 2523 4267; x_wconf 85' lang='lat' dir='ltr'><strong>prohibuit.</strong></span> <span class='ocrx_word' id='word_1_715' title='bbox 2577 4190 2720 4258; x_wconf 63' lang='lat' dir='ltr'><strong>«Qui</strong></span> <span class='ocrx_word' id='word_1_716' title='bbox 2755 4191 3094 4245; x_wconf 86' lang='lat' dir='ltr'><strong>vanitatibus</strong></span> <span class='ocrx_word' id='word_1_717' title='bbox 3146 4191 3279 4245; x_wconf 89' lang='lat' dir='ltr'><strong>dant</strong></span> <span class='ocrx_word' id='word_1_718' title='bbox 3338 4205 3563 4259; x_wconf 88' lang='lat' dir='ltr'><strong>operam</strong></span> 
     </span>
    </p>
   </div>
   <div class='ocr_carea' id='block_1_92' title="bbox 1986 4280 3557 4355">
    <p class='ocr_par' dir='ltr' id='par_1_92' title="bbox 1986 4280 3557 4355">
     <span class='ocr_line' id='line_1_92' title="bbox 1986 4280 3557 4355; baseline -0.005 -17"><span class='ocrx_word' id='word_1_719' title='bbox 1986 4296 2149 4355; x_wconf 86' lang='lat' dir='ltr'><strong>atque</strong></span> <span class='ocrx_word' id='word_1_720' title='bbox 2203 4283 2528 4346; x_wconf 85' lang='lat' dir='ltr'><strong>mendaciis,</strong></span> <span class='ocrx_word' id='word_1_721' title='bbox 2588 4280 3021 4335; x_wconf 86' lang='lat' dir='ltr'><strong>misericordiam</strong></span> <span class='ocrx_word' id='word_1_722' title='bbox 3077 4281 3557 4349; x_wconf 65' lang='lat' dir='ltr'><strong>dereliquerunt.»</strong></span> 
     </span>
    </p>
   </div>
   <div class='ocr_carea' id='block_1_93' title="bbox 1986 4369 3557 4443">
    <p class='ocr_par' dir='ltr' id='par_1_93' title="bbox 1986 4369 3557 4443">
     <span class='ocr_line' id='line_1_93' title="bbox 1986 4369 3557 4443; baseline -0.001 -16"><span class='ocrx_word' id='word_1_723' title='bbox 1986 4373 2051 4427; x_wconf 83' lang='lat' dir='ltr'><strong>Hi</strong></span> <span class='ocrx_word' id='word_1_724' title='bbox 2075 4375 2167 4443; x_wconf 86' lang='lat' dir='ltr'><strong>qui</strong></span> <span class='ocrx_word' id='word_1_725' title='bbox 2196 4373 2471 4426; x_wconf 87' lang='lat' dir='ltr'><strong>nauticam</strong></span> <span class='ocrx_word' id='word_1_726' title='bbox 2501 4373 2666 4426; x_wconf 87' lang='lat' dir='ltr'><strong>vitam</strong></span> <span class='ocrx_word' id='word_1_727' title='bbox 2690 4379 2948 4426; x_wconf 80' lang='lat' dir='ltr'><strong>exercent</strong></span> <span class='ocrx_word' id='word_1_728' title='bbox 2977 4378 3031 4423; x_wconf 87' lang='lat' dir='ltr'><strong>et</strong></span> <span class='ocrx_word' id='word_1_729' title='bbox 3065 4369 3203 4425; x_wconf 89' lang='lat' dir='ltr'><strong>idola</strong></span> <span class='ocrx_word' id='word_1_730' title='bbox 3237 4371 3557 4435; x_wconf 85' lang='lat' dir='ltr'><strong>observant,</strong></span> 
     </span>
    </p>
   </div>
   <div class='ocr_carea' id='block_1_94' title="bbox 1985 4452 3566 4537">
    <p class='ocr_par' dir='ltr' id='par_1_94' title="bbox 1985 4452 3566 4537">
     <span class='ocr_line' id='line_1_94' title="bbox 1985 4452 3566 4537; baseline -0.001 -16"><span class='ocrx_word' id='word_1_731' title='bbox 1985 4478 2148 4537; x_wconf 90' lang='lat' dir='ltr'><strong>atque</strong></span> <span class='ocrx_word' id='word_1_732' title='bbox 2179 4464 2451 4536; x_wconf 86' lang='lat' dir='ltr'><strong>ejusmodi</strong></span> <span class='ocrx_word' id='word_1_733' title='bbox 2484 4452 2870 4518; x_wconf 78' lang='lat' dir='ltr'><strong>fraudulentiis</strong></span> <span class='ocrx_word' id='word_1_734' title='bbox 2908 4472 3124 4528; x_wconf 83' lang='lat' dir='ltr'><strong>vacant,</strong></span> <span class='ocrx_word' id='word_1_735' title='bbox 3154 4472 3415 4533; x_wconf 75' lang='lat' dir='ltr'><strong>aptarunt</strong></span> <span class='ocrx_word' id='word_1_736' title='bbox 3444 4469 3566 4536; x_wconf 87' lang='lat' dir='ltr'><strong>qui-</strong></span> 
     </span>
    </p>
   </div>
   <div class='ocr_carea' id='block_1_95' title="bbox 1986 4555 3563 4627">
    <p class='ocr_par' dir='ltr' id='par_1_95' title="bbox 1986 4555 3563 4627">
     <span class='ocr_line' id='line_1_95' title="bbox 1986 4555 3563 4627; baseline 0.001 -16"><span class='ocrx_word' id='word_1_737' title='bbox 1986 4558 2111 4612; x_wconf 91' lang='lat' dir='ltr'><strong>dem</strong></span> <span class='ocrx_word' id='word_1_738' title='bbox 2151 4558 2281 4610; x_wconf 79' lang='lat' dir='ltr'><strong>niihi</strong></span> <span class='ocrx_word' id='word_1_739' title='bbox 2308 4555 2713 4627; x_wconf 88' lang='lat' dir='ltr'><strong>quodammodo</strong></span> <span class='ocrx_word' id='word_1_740' title='bbox 2751 4570 2979 4625; x_wconf 83' lang='lat' dir='ltr'><strong>parcere</strong></span> <span class='ocrx_word' id='word_1_741' title='bbox 3008 4572 3020 4607; x_wconf 91' lang='lat'><strong>:</strong></span> <span class='ocrx_word' id='word_1_742' title='bbox 3056 4566 3435 4611; x_wconf 83' lang='lat' dir='ltr'><strong>verumtamen</strong></span> <span class='ocrx_word' id='word_1_743' title='bbox 3463 4561 3563 4612; x_wconf 87' lang='lat' dir='ltr'><strong>ad-</strong></span> 
     </span>
    </p>
   </div>
   <div class='ocr_carea' id='block_1_96' title="bbox 1985 4648 3566 4711">
    <p class='ocr_par' dir='ltr' id='par_1_96' title="bbox 1985 4648 3566 4711">
     <span class='ocr_line' id='line_1_96' title="bbox 1985 4648 3566 4711; baseline -0.001 -5"><span class='ocrx_word' id='word_1_744' title='bbox 1985 4651 2246 4706; x_wconf 85' lang='lat' dir='ltr'><strong>versitate</strong></span> <span class='ocrx_word' id='word_1_745' title='bbox 2284 4649 2434 4711; x_wconf 81' lang='lat' dir='ltr'><strong>victi,</strong></span> <span class='ocrx_word' id='word_1_746' title='bbox 2476 4649 2544 4701; x_wconf 88' lang='lat' dir='ltr'><strong>de</strong></span> <span class='ocrx_word' id='word_1_747' title='bbox 2569 4650 2842 4702; x_wconf 88' lang='lat' dir='ltr'><strong>sententia</strong></span> <span class='ocrx_word' id='word_1_748' title='bbox 2882 4664 2981 4701; x_wconf 91' lang='lat' dir='ltr'><strong>sua</strong></span> <span class='ocrx_word' id='word_1_749' title='bbox 3015 4648 3410 4705; x_wconf 89' lang='lat' dir='ltr'><strong>decesserunt:</strong></span> <span class='ocrx_word' id='word_1_750' title='bbox 3445 4667 3566 4706; x_wconf 84' lang='lat' dir='ltr'><strong>cer-</strong></span> 
     </span>
    </p>
   </div>
   <div class='ocr_carea' id='block_1_97' title="bbox 281 4737 1883 4812">
    <p class='ocr_par' dir='ltr' id='par_1_97' title="bbox 281 4737 1877 4812">
     <span class='ocr_line' id='line_1_97' title="bbox 281 4737 1877 4812; baseline 0.001 -19"><span class='ocrx_word' id='word_1_751' title='bbox 281 4741 389 4793; x_wconf 75' lang='grc' dir='ltr'><strong>ὐπὺ</strong></span> <span class='ocrx_word' id='word_1_752' title='bbox 421 4742 544 4793; x_wconf 81' lang='grc' dir='ltr'><strong>τῶν</strong></span> <span class='ocrx_word' id='word_1_753' title='bbox 587 4738 808 4804; x_wconf 80' lang='grc' dir='ltr'><strong>κακῶν,</strong></span> <span class='ocrx_word' id='word_1_754' title='bbox 862 4741 962 4809; x_wconf 84' lang='grc' dir='ltr'><strong>τῆς</strong></span> <span class='ocrx_word' id='word_1_755' title='bbox 1006 4737 1230 4810; x_wconf 81' lang='grc' dir='ltr'><strong>γνώμης</strong></span> <span class='ocrx_word' id='word_1_756' title='bbox 1262 4739 1581 4811; x_wconf 85' lang='grc' dir='ltr'><strong>ἀπέστησαν</strong></span> <span class='ocrx_word' id='word_1_757' title='bbox 1632 4742 1877 4812; x_wconf 83' lang='grc' dir='ltr'><strong>ἐκείνης,</strong></span> 
     </span>
    </p>
   </div>
   <div class='ocr_carea' id='block_1_98' title="bbox 1986 4737 3564 4812">
    <p class='ocr_par' dir='ltr' id='par_1_98' title="bbox 1989 4739 3564 4811">
     <span class='ocr_line' id='line_1_98' title="bbox 1989 4739 3564 4811; baseline -0.002 -14"><span class='ocrx_word' id='word_1_758' title='bbox 1989 4744 2157 4797; x_wconf 89' lang='lat' dir='ltr'><strong>tiores</strong></span> <span class='ocrx_word' id='word_1_759' title='bbox 2193 4741 2322 4795; x_wconf 83' lang='lat' dir='ltr'><strong>facti</strong></span> <span class='ocrx_word' id='word_1_760' title='bbox 2359 4740 2506 4794; x_wconf 88' lang='lat' dir='ltr'><strong>haud</strong></span> <span class='ocrx_word' id='word_1_761' title='bbox 2547 4739 2651 4793; x_wconf 86' lang='lat' dir='ltr'><strong>sibi</strong></span> <span class='ocrx_word' id='word_1_762' title='bbox 2690 4740 2855 4792; x_wconf 86' lang='lat' dir='ltr'><strong>vitam</strong></span> <span class='ocrx_word' id='word_1_763' title='bbox 2906 4740 3338 4811; x_wconf 79' lang='lat' dir='ltr'><strong>superfuturam,</strong></span> <span class='ocrx_word' id='word_1_764' title='bbox 3396 4743 3503 4796; x_wconf 90' lang='lat' dir='ltr'><strong>nisi</strong></span> <span class='ocrx_word' id='word_1_765' title='bbox 3533 4758 3564 4794; x_wconf 88' lang='lat' dir='ltr'><strong>a</strong></span> 
     </span>
    </p>
   </div>
   <div class='ocr_carea' id='block_1_99' title="bbox 279 4828 1882 4903">
    <p class='ocr_par' dir='ltr' id='par_1_99' title="bbox 279 4828 1882 4903">
     <span class='ocr_line' id='line_1_99' title="bbox 279 4828 1882 4903; baseline 0 -18"><span class='ocrx_word' id='word_1_766' title='bbox 279 4832 530 4903; x_wconf 74' lang='grc' dir='ltr'><strong>ὁρῶντες</strong></span> <span class='ocrx_word' id='word_1_767' title='bbox 565 4832 667 4882; x_wconf 82' lang='grc' dir='ltr'><strong>οὐκ</strong></span> <span class='ocrx_word' id='word_1_768' title='bbox 706 4832 763 4881; x_wconf 90' lang='grc' dir='ltr'><strong>ἐν</strong></span> <span class='ocrx_word' id='word_1_769' title='bbox 801 4831 985 4891; x_wconf 86' lang='grc' dir='ltr'><strong>αὐτοῖς</strong></span> <span class='ocrx_word' id='word_1_770' title='bbox 1014 4828 1228 4898; x_wconf 82' lang='grc' dir='ltr'><strong>βιωτὸν,</strong></span> <span class='ocrx_word' id='word_1_771' title='bbox 1271 4831 1318 4881; x_wconf 90' lang='grc' dir='ltr'><strong>εί</strong></span> <span class='ocrx_word' id='word_1_772' title='bbox 1354 4830 1428 4901; x_wconf 85' lang='grc' dir='ltr'><strong>μὴ</strong></span> <span class='ocrx_word' id='word_1_773' title='bbox 1460 4832 1558 4900; x_wconf 89' lang='grc' dir='ltr'><strong>τῆς</strong></span> <span class='ocrx_word' id='word_1_774' title='bbox 1583 4831 1882 4902; x_wconf 83' lang='grc' dir='ltr'><strong>ἐγγύτητος</strong></span> 
     </span>
    </p>
   </div>
   <div class='ocr_carea' id='block_1_100' title="bbox 278 4919 1885 4994">
    <p class='ocr_par' dir='ltr' id='par_1_100' title="bbox 278 4919 1885 4994">
     <span class='ocr_line' id='line_1_100' title="bbox 278 4919 1885 4994; baseline 0 -18"><span class='ocrx_word' id='word_1_775' title='bbox 278 4924 668 4991; x_wconf 78' lang='grc' dir='ltr'><strong>ἀπαλλαγεῖεν</strong></span> <span class='ocrx_word' id='word_1_776' title='bbox 699 4921 799 4991; x_wconf 85' lang='grc' dir='ltr'><strong>τῆς</strong></span> <span class='ocrx_word' id='word_1_777' title='bbox 831 4921 994 4991; x_wconf 83' lang='grc' dir='ltr'><strong>ἐμῆς.</strong></span> <span class='ocrx_word' id='word_1_778' title='bbox 1034 4939 1053 4971; x_wconf 75' lang='grc' dir='ltr'><strong>ι</strong></span> <span class='ocrx_word' id='word_1_779' title='bbox 1105 4919 1246 4989; x_wconf 82' lang='grc' dir='ltr'><strong>Ἐγὼ</strong></span> <span class='ocrx_word' id='word_1_780' title='bbox 1279 4920 1334 4974; x_wconf 83' lang='grc' dir='ltr'><strong>δὲ</strong></span> <span class='ocrx_word' id='word_1_781' title='bbox 1362 4922 1502 4992; x_wconf 87' lang='grc' dir='ltr'><strong>μετὰ</strong></span> <span class='ocrx_word' id='word_1_782' title='bbox 1531 4927 1713 4994; x_wconf 82' lang='grc' dir='ltr'><strong>φωνῆς</strong></span> <span class='ocrx_word' id='word_1_783' title='bbox 1741 4924 1885 4977; x_wconf 82' lang='grc' dir='ltr'><strong>αἰνέ-</strong></span> 
     </span>
    </p>
   </div>
   <div class='ocr_carea' id='block_1_101' title="bbox 280 5010 1887 5084">
    <p class='ocr_par' dir='ltr' id='par_1_101' title="bbox 280 5010 1887 5084">
     <span class='ocr_line' id='line_1_101' title="bbox 280 5010 1887 5084; baseline -0.002 -15"><span class='ocrx_word' id='word_1_784' title='bbox 280 5031 424 5078; x_wconf 84' lang='grc' dir='ltr'><strong>σεως</strong></span> <span class='ocrx_word' id='word_1_785' title='bbox 452 5016 560 5067; x_wconf 76' lang='grc' dir='ltr'><strong>καὶ</strong></span> <span class='ocrx_word' id='word_1_786' title='bbox 584 5012 1025 5084; x_wconf 78' lang='grc' dir='ltr'><strong>ἐξομολογήσεως</strong></span> <span class='ocrx_word' id='word_1_787' title='bbox 1050 5010 1196 5065; x_wconf 89' lang='grc' dir='ltr'><strong>θύσω</strong></span> <span class='ocrx_word' id='word_1_788' title='bbox 1220 5029 1325 5075; x_wconf 89' lang='grc' dir='ltr'><strong>σοι,</strong></span> <span class='ocrx_word' id='word_1_789' title='bbox 1357 5013 1456 5065; x_wconf 81' lang='grc' dir='ltr'><strong>ὅσα</strong></span> <span class='ocrx_word' id='word_1_790' title='bbox 1475 5012 1726 5084; x_wconf 83' lang='grc' dir='ltr'><strong>ηὐξάμην</strong></span> <span class='ocrx_word' id='word_1_791' title='bbox 1756 5015 1887 5066; x_wconf 84' lang='grc' dir='ltr'><strong>ἀπο-</strong></span> 
     </span>
    </p>
   </div>
   <div class='ocr_carea' id='block_1_102' title="bbox 276 5102 1883 5176">
    <p class='ocr_par' dir='ltr' id='par_1_102' title="bbox 276 5102 1883 5176">
     <span class='ocr_line' id='line_1_102' title="bbox 276 5102 1883 5176; baseline -0.001 -16"><span class='ocrx_word' id='word_1_792' title='bbox 276 5104 442 5159; x_wconf 80' lang='grc' dir='ltr'><strong>δώσω</strong></span> <span class='ocrx_word' id='word_1_793' title='bbox 474 5122 567 5158; x_wconf 90' lang='grc' dir='ltr'><strong>σοι</strong></span> <span class='ocrx_word' id='word_1_794' title='bbox 596 5107 675 5168; x_wconf 87' lang='grc' dir='ltr'><strong>είς</strong></span> <span class='ocrx_word' id='word_1_795' title='bbox 708 5104 976 5173; x_wconf 79' lang='grc' dir='ltr'><strong>σωτήριον</strong></span> <span class='ocrx_word' id='word_1_796' title='bbox 1004 5102 1081 5173; x_wconf 81' lang='grc' dir='ltr'><strong>τῷ</strong></span> <span class='ocrx_word' id='word_1_797' title='bbox 1108 5104 1318 5174; x_wconf 83' lang='grc' dir='ltr'><strong>Κυρίῳ.</strong></span> <span class='ocrx_word' id='word_1_798' title='bbox 1360 5123 1378 5154; x_wconf 73' lang='grc' dir='ltr'><strong>ι</strong></span> <span class='ocrx_word' id='word_1_799' title='bbox 1418 5104 1578 5157; x_wconf 85' lang='grc' dir='ltr'><strong>Ἀλλά</strong></span> <span class='ocrx_word' id='word_1_800' title='bbox 1610 5104 1718 5176; x_wconf 86' lang='grc' dir='ltr'><strong>γὰρ</strong></span> <span class='ocrx_word' id='word_1_801' title='bbox 1745 5121 1883 5158; x_wconf 89' lang='grc' dir='ltr'><strong>παν-</strong></span> 
     </span>
    </p>
   </div>
   <div class='ocr_carea' id='block_1_103' title="bbox 278 5196 1883 5268">
    <p class='ocr_par' dir='ltr' id='par_1_103' title="bbox 278 5196 1883 5268">
     <span class='ocr_line' id='line_1_103' title="bbox 278 5196 1883 5268; baseline -0.002 -16"><span class='ocrx_word' id='word_1_802' title='bbox 278 5200 522 5268; x_wconf 79' lang='grc' dir='ltr'><strong>ταχόθεν</strong></span> <span class='ocrx_word' id='word_1_803' title='bbox 564 5197 704 5268; x_wconf 77' lang='grc' dir='ltr'><strong>μόνῃ</strong></span> <span class='ocrx_word' id='word_1_804' title='bbox 752 5198 818 5266; x_wconf 79' lang='grc' dir='ltr'><strong>τῇ</strong></span> <span class='ocrx_word' id='word_1_805' title='bbox 850 5197 1034 5265; x_wconf 87' lang='grc' dir='ltr'><strong>χάριτι</strong></span> <span class='ocrx_word' id='word_1_806' title='bbox 1066 5198 1132 5265; x_wconf 84' lang='grc' dir='ltr'><strong>τῇ</strong></span> <span class='ocrx_word' id='word_1_807' title='bbox 1165 5198 1229 5267; x_wconf 80' lang='grc' dir='ltr'><strong>σῇ</strong></span> <span class='ocrx_word' id='word_1_808' title='bbox 1262 5196 1556 5266; x_wconf 73' lang='grc' dir='ltr'><strong>φυλαχθεὶς</strong></span> <span class='ocrx_word' id='word_1_809' title='bbox 1582 5236 1597 5260; x_wconf 91' lang='grc'><strong>,</strong></span> <span class='ocrx_word' id='word_1_810' title='bbox 1641 5197 1737 5249; x_wconf 72' lang='grc' dir='ltr'><strong>καὶ</strong></span> <span class='ocrx_word' id='word_1_811' title='bbox 1783 5196 1883 5268; x_wconf 82' lang='grc' dir='ltr'><strong>τὴν</strong></span> 
     </span>
    </p>
   </div>
   <div class='ocr_carea' id='block_1_104' title="bbox 274 5287 1885 5360">
    <p class='ocr_par' dir='ltr' id='par_1_104' title="bbox 274 5287 1885 5360">
     <span class='ocr_line' id='line_1_104' title="bbox 274 5287 1885 5360; baseline -0.001 -17"><span class='ocrx_word' id='word_1_812' title='bbox 274 5291 626 5360; x_wconf 76' lang='grc' dir='ltr'><strong>ἀπαλλαγὴν</strong></span> <span class='ocrx_word' id='word_1_813' title='bbox 657 5289 755 5341; x_wconf 75' lang='grc' dir='ltr'><strong>τοῦ</strong></span> <span class='ocrx_word' id='word_1_814' title='bbox 796 5287 1027 5341; x_wconf 85' lang='grc' dir='ltr'><strong>θανάτου</strong></span> <span class='ocrx_word' id='word_1_815' title='bbox 1067 5288 1283 5350; x_wconf 85' lang='grc' dir='ltr'><strong>λαϐὼν,</strong></span> <span class='ocrx_word' id='word_1_816' title='bbox 1320 5288 1521 5359; x_wconf 78' lang='grc' dir='ltr'><strong>ὕμνους</strong></span> <span class='ocrx_word' id='word_1_817' title='bbox 1556 5307 1615 5342; x_wconf 89' lang='grc' dir='ltr'><strong>τε</strong></span> <span class='ocrx_word' id='word_1_818' title='bbox 1658 5291 1751 5342; x_wconf 77' lang='grc' dir='ltr'><strong>καὶ</strong></span> <span class='ocrx_word' id='word_1_819' title='bbox 1795 5288 1885 5341; x_wconf 87' lang='grc' dir='ltr'><strong>εὐ-</strong></span> 
     </span>
    </p>
   </div>
   <div class='ocr_carea' id='block_1_105' title="bbox 277 5374 1883 5455">
    <p class='ocr_par' dir='ltr' id='par_1_105' title="bbox 277 5374 1883 5455">
     <span class='ocr_line' id='line_1_105' title="bbox 277 5374 1883 5455; baseline -0.001 -19"><span class='ocrx_word' id='word_1_820' title='bbox 277 5383 588 5455; x_wconf 70' lang='grc' dir='ltr'><strong>χαριστίας</strong></span> <span class='ocrx_word' id='word_1_821' title='bbox 620 5382 866 5435; x_wconf 85' lang='grc' dir='ltr'><strong>ἀποτίσω</strong></span> <span class='ocrx_word' id='word_1_822' title='bbox 912 5399 1036 5449; x_wconf 89' lang='grc' dir='ltr'><strong>σοι,</strong></span> <span class='ocrx_word' id='word_1_823' title='bbox 1069 5383 1207 5452; x_wconf 82' lang='grc' dir='ltr'><strong>ὑπὲρ</strong></span> <span class='ocrx_word' id='word_1_824' title='bbox 1234 5374 1307 5438; x_wconf 84' lang='grc' dir='ltr'><strong>ὧν</strong></span> <span class='ocrx_word' id='word_1_825' title='bbox 1338 5385 1402 5454; x_wconf 79' lang='grc' dir='ltr'><strong>τῇ</strong></span> <span class='ocrx_word' id='word_1_826' title='bbox 1438 5381 1665 5453; x_wconf 77' lang='grc' dir='ltr'><strong>προνοίᾳ</strong></span> <span class='ocrx_word' id='word_1_827' title='bbox 1701 5382 1883 5434; x_wconf 84' lang='grc' dir='ltr'><strong>διασέ-</strong></span> 
     </span>
    </p>
   </div>
   <div class='ocr_carea' id='block_1_106' title="bbox 279 5474 1881 5548">
    <p class='ocr_par' dir='ltr' id='par_1_106' title="bbox 279 5474 1881 5548">
     <span class='ocr_line' id='line_1_106' title="bbox 279 5474 1881 5548; baseline 0.001 -20"><span class='ocrx_word' id='word_1_828' title='bbox 279 5490 521 5544; x_wconf 82' lang='grc' dir='ltr'><strong>σωσμαι</strong></span> <span class='ocrx_word' id='word_1_829' title='bbox 557 5477 625 5545; x_wconf 78' lang='grc' dir='ltr'><strong>τῇ</strong></span> <span class='ocrx_word' id='word_1_830' title='bbox 659 5477 749 5545; x_wconf 74' lang='grc' dir='ltr'><strong>σῇ.</strong></span> <span class='ocrx_word' id='word_1_831' title='bbox 788 5474 867 5526; x_wconf 67' lang='lat' dir='ltr'><strong>Ta</strong></span> <span class='ocrx_word' id='word_1_832' title='bbox 913 5475 1010 5544; x_wconf 80' lang='grc' dir='ltr'><strong>μὲν</strong></span> <span class='ocrx_word' id='word_1_833' title='bbox 1041 5475 1105 5545; x_wconf 80' lang='grc' dir='ltr'><strong>δὴ</strong></span> <span class='ocrx_word' id='word_1_834' title='bbox 1142 5475 1243 5543; x_wconf 80' lang='grc' dir='ltr'><strong>τῆς</strong></span> <span class='ocrx_word' id='word_1_835' title='bbox 1280 5475 1445 5546; x_wconf 81' lang='grc' dir='ltr'><strong>εὐχῆς</strong></span> <span class='ocrx_word' id='word_1_836' title='bbox 1475 5475 1568 5528; x_wconf 82' lang='grc' dir='ltr'><strong>τοῦ</strong></span> <span class='ocrx_word' id='word_1_837' title='bbox 1601 5477 1881 5548; x_wconf 80' lang='grc' dir='ltr'><strong>προφήτου</strong></span> 
     </span>
    </p>
   </div>
   <div class='ocr_carea' id='block_1_107' title="bbox 280 5563 1882 5639">
    <p class='ocr_par' dir='ltr' id='par_1_107' title="bbox 280 5563 1882 5639">
     <span class='ocr_line' id='line_1_107' title="bbox 280 5563 1882 5639; baseline 0.002 -22"><span class='ocrx_word' id='word_1_838' title='bbox 280 5567 527 5638; x_wconf 72' lang='grc' dir='ltr'><strong>ῥήματα</strong></span> <span class='ocrx_word' id='word_1_839' title='bbox 558 5563 753 5617; x_wconf 75' lang='grc' dir='ltr'><strong>ταῦτα·</strong></span> <span class='ocrx_word' id='word_1_840' title='bbox 782 5564 843 5616; x_wconf 81' lang='grc' dir='ltr'><strong>τὸ</strong></span> <span class='ocrx_word' id='word_1_841' title='bbox 868 5564 924 5617; x_wconf 82' lang='grc' dir='ltr'><strong>δὲ</strong></span> <span class='ocrx_word' id='word_1_842' title='bbox 954 5565 1116 5637; x_wconf 86' lang='grc' dir='ltr'><strong>κῆτος</strong></span> <span class='ocrx_word' id='word_1_843' title='bbox 1138 5566 1409 5635; x_wconf 88' lang='grc' dir='ltr'><strong>Πνεύματι</strong></span> <span class='ocrx_word' id='word_1_844' title='bbox 1434 5567 1562 5639; x_wconf 83' lang='grc' dir='ltr'><strong>θείῳ</strong></span> <span class='ocrx_word' id='word_1_845' title='bbox 1584 5567 1673 5621; x_wconf 82' lang='grc' dir='ltr'><strong>τὸν</strong></span> <span class='ocrx_word' id='word_1_846' title='bbox 1699 5569 1882 5621; x_wconf 82' lang='grc' dir='ltr'><strong>’ἰωνᾶν</strong></span> 
     </span>
    </p>
   </div>
   <div class='ocr_carea' id='block_1_108' title="bbox 277 5654 1881 5726">
    <p class='ocr_par' dir='ltr' id='par_1_108' title="bbox 277 5654 1881 5726">
     <span class='ocr_line' id='line_1_108' title="bbox 277 5654 1881 5726; baseline 0.002 -19"><span class='ocrx_word' id='word_1_847' title='bbox 277 5657 374 5708; x_wconf 75' lang='grc' dir='ltr'><strong>ἐπὶ</strong></span> <span class='ocrx_word' id='word_1_848' title='bbox 406 5658 524 5724; x_wconf 79' lang='grc' dir='ltr'><strong>τὴν</strong></span> <span class='ocrx_word' id='word_1_849' title='bbox 556 5655 731 5726; x_wconf 79' lang='grc' dir='ltr'><strong>ξηράν</strong></span> <span class='ocrx_word' id='word_1_850' title='bbox 758 5656 985 5725; x_wconf 76' lang='grc' dir='ltr'><strong>ῆμεσεν,</strong></span> <span class='ocrx_word' id='word_1_851' title='bbox 1023 5654 1203 5719; x_wconf 88' lang='grc' dir='ltr'><strong>καθὼς</strong></span> <span class='ocrx_word' id='word_1_852' title='bbox 1241 5656 1415 5710; x_wconf 82' lang='grc' dir='ltr'><strong>ἐδόκει</strong></span> <span class='ocrx_word' id='word_1_853' title='bbox 1441 5658 1598 5710; x_wconf 80' lang='grc' dir='ltr'><strong>τοῦτο</strong></span> <span class='ocrx_word' id='word_1_854' title='bbox 1628 5659 1881 5725; x_wconf 82' lang='grc' dir='ltr'><strong>γενέσθαι</strong></span> 
     </span>
    </p>
   </div>
   <div class='ocr_carea' id='block_1_109' title="bbox 278 5745 1882 5817">
    <p class='ocr_par' dir='ltr' id='par_1_109' title="bbox 278 5745 1882 5817">
     <span class='ocr_line' id='line_1_109' title="bbox 278 5745 1882 5817; baseline 0.001 -18"><span class='ocrx_word' id='word_1_855' title='bbox 278 5747 358 5816; x_wconf 76' lang='grc' dir='ltr'><strong>τῷ</strong></span> <span class='ocrx_word' id='word_1_856' title='bbox 382 5745 517 5816; x_wconf 80' lang='grc' dir='ltr'><strong>Θεῷ</strong></span> <span class='ocrx_word' id='word_1_857' title='bbox 541 5762 555 5775; x_wconf 82' lang='lat'><strong>&#39;</strong></span> <span class='ocrx_word' id='word_1_858' title='bbox 580 5747 678 5817; x_wconf 81' lang='grc' dir='ltr'><strong>τῆς</strong></span> <span class='ocrx_word' id='word_1_859' title='bbox 708 5746 818 5816; x_wconf 83' lang='grc' dir='ltr'><strong>γὰρ</strong></span> <span class='ocrx_word' id='word_1_860' title='bbox 838 5746 1073 5816; x_wconf 81' lang='grc' dir='ltr'><strong>ἐσχάτης</strong></span> <span class='ocrx_word' id='word_1_861' title='bbox 1097 5746 1243 5800; x_wconf 74' lang='grc' dir='ltr'><strong>ἐστὶν</strong></span> <span class='ocrx_word' id='word_1_862' title='bbox 1268 5746 1452 5810; x_wconf 88' lang='grc' dir='ltr'><strong>ἀνοίας</strong></span> <span class='ocrx_word' id='word_1_863' title='bbox 1481 5747 1747 5801; x_wconf 87' lang='grc' dir='ltr'><strong>τοσούτων</strong></span> <span class='ocrx_word' id='word_1_864' title='bbox 1777 5746 1882 5801; x_wconf 90' lang='grc' dir='ltr'><strong>τῶν</strong></span> 
     </span>
    </p>
   </div>
   <div class='ocr_carea' id='block_1_110' title="bbox 1992 4828 3563 4899">
    <p class='ocr_par' dir='ltr' id='par_1_110' title="bbox 1992 4828 3563 4899">
     <span class='ocr_line' id='line_1_110' title="bbox 1992 4828 3563 4899; baseline -0.001 -14"><span class='ocrx_word' id='word_1_865' title='bbox 1992 4847 2111 4886; x_wconf 90' lang='lat' dir='ltr'><strong>mea</strong></span> <span class='ocrx_word' id='word_1_866' title='bbox 2159 4847 2217 4885; x_wconf 90' lang='lat' dir='ltr'><strong>se</strong></span> <span class='ocrx_word' id='word_1_867' title='bbox 2251 4830 2450 4884; x_wconf 83' lang='lat' dir='ltr'><strong>vicinia</strong></span> <span class='ocrx_word' id='word_1_868' title='bbox 2484 4829 2858 4898; x_wconf 82' lang='lat' dir='ltr'><strong>sejungerent.</strong></span> <span class='ocrx_word' id='word_1_869' title='bbox 2918 4847 2936 4879; x_wconf 71' lang='grc' dir='ltr'><em>ς</em></span> <span class='ocrx_word' id='word_1_870' title='bbox 2965 4828 3077 4899; x_wconf 82' lang='lat' dir='ltr'><strong>Ego</strong></span> <span class='ocrx_word' id='word_1_871' title='bbox 3105 4847 3235 4887; x_wconf 90' lang='lat' dir='ltr'><strong>vero</strong></span> <span class='ocrx_word' id='word_1_872' title='bbox 3264 4846 3388 4884; x_wconf 89' lang='lat' dir='ltr'><strong>cum</strong></span> <span class='ocrx_word' id='word_1_873' title='bbox 3433 4846 3563 4884; x_wconf 85' lang='lat' dir='ltr'><strong>voce</strong></span> 
     </span>
    </p>
   </div>
   <div class='ocr_carea' id='block_1_111' title="bbox 1986 4919 3563 4991">
    <p class='ocr_par' dir='ltr' id='par_1_111' title="bbox 1986 4919 3563 4991">
     <span class='ocr_line' id='line_1_111' title="bbox 1986 4919 3563 4991; baseline 0.001 -16"><span class='ocrx_word' id='word_1_874' title='bbox 1986 4920 2166 4975; x_wconf 89' lang='lat' dir='ltr'><strong>laudis</strong></span> <span class='ocrx_word' id='word_1_875' title='bbox 2197 4930 2360 4989; x_wconf 89' lang='lat' dir='ltr'><strong>atque</strong></span> <span class='ocrx_word' id='word_1_876' title='bbox 2392 4919 2653 4989; x_wconf 70' lang='lat' dir='ltr'><strong>praeconii</strong></span> <span class='ocrx_word' id='word_1_877' title='bbox 2688 4920 3013 4973; x_wconf 88' lang='lat' dir='ltr'><strong>sacrilicabo</strong></span> <span class='ocrx_word' id='word_1_878' title='bbox 3061 4922 3185 4975; x_wconf 84' lang='lat' dir='ltr'><strong>tibi:</strong></span> <span class='ocrx_word' id='word_1_879' title='bbox 3219 4934 3563 4991; x_wconf 70' lang='lat' dir='ltr'><strong>quaecunque</strong></span> 
     </span>
    </p>
   </div>
   <div class='ocr_carea' id='block_1_112' title="bbox 1985 5014 3554 5083">
    <p class='ocr_par' dir='ltr' id='par_1_112' title="bbox 1985 5014 3554 5083">
     <span class='ocr_line' id='line_1_112' title="bbox 1985 5014 3554 5083; baseline -0.001 -14"><span class='ocrx_word' id='word_1_880' title='bbox 1985 5016 2107 5069; x_wconf 89' lang='lat' dir='ltr'><strong>vovi</strong></span> <span class='ocrx_word' id='word_1_881' title='bbox 2144 5015 2375 5078; x_wconf 88' lang='lat' dir='ltr'><strong>solvam,</strong></span> <span class='ocrx_word' id='word_1_882' title='bbox 2431 5029 2531 5083; x_wconf 92' lang='lat' dir='ltr'><strong>pro</strong></span> <span class='ocrx_word' id='word_1_883' title='bbox 2569 5014 2748 5068; x_wconf 90' lang='lat' dir='ltr'><strong>salute</strong></span> <span class='ocrx_word' id='word_1_884' title='bbox 2804 5023 3044 5083; x_wconf 88' lang='lat' dir='ltr'><strong>recepta,</strong></span> <span class='ocrx_word' id='word_1_885' title='bbox 3098 5014 3217 5078; x_wconf 91' lang='lat' dir='ltr'><strong>tibi,</strong></span> <span class='ocrx_word' id='word_1_886' title='bbox 3255 5014 3505 5069; x_wconf 90' lang='lat' dir='ltr'><strong>Domine.</strong></span> <span class='ocrx_word' id='word_1_887' title='bbox 3537 5036 3554 5067; x_wconf 76' lang='grc' dir='ltr'><strong>ι</strong></span> 
     </span>
    </p>
   </div>
   <div class='ocr_carea' id='block_1_113' title="bbox 1988 5105 3559 5177">
    <p class='ocr_par' dir='ltr' id='par_1_113' title="bbox 1988 5105 3559 5177">
     <span class='ocr_line' id='line_1_113' title="bbox 1988 5105 3559 5177; baseline 0.001 -17"><span class='ocrx_word' id='word_1_888' title='bbox 1988 5106 2251 5177; x_wconf 87' lang='lat' dir='ltr'><strong>Equidem</strong></span> <span class='ocrx_word' id='word_1_889' title='bbox 2276 5114 2367 5159; x_wconf 88' lang='lat' dir='ltr'><strong>tua</strong></span> <span class='ocrx_word' id='word_1_890' title='bbox 2390 5106 2504 5161; x_wconf 91' lang='lat' dir='ltr'><strong>sola</strong></span> <span class='ocrx_word' id='word_1_891' title='bbox 2533 5105 2710 5176; x_wconf 86' lang='lat' dir='ltr'><strong>gratia</strong></span> <span class='ocrx_word' id='word_1_892' title='bbox 2741 5114 2995 5161; x_wconf 85' lang='lat' dir='ltr'><strong>servatus</strong></span> <span class='ocrx_word' id='word_1_893' title='bbox 3028 5112 3082 5159; x_wconf 88' lang='lat' dir='ltr'><strong>ct</strong></span> <span class='ocrx_word' id='word_1_894' title='bbox 3112 5113 3286 5159; x_wconf 88' lang='lat' dir='ltr'><strong>morte</strong></span> <span class='ocrx_word' id='word_1_895' title='bbox 3315 5117 3559 5176; x_wconf 88' lang='lat' dir='ltr'><strong>ereptus,</strong></span> 
     </span>
    </p>
   </div>
   <div class='ocr_carea' id='block_1_114' title="bbox 1991 5195 3559 5270">
    <p class='ocr_par' dir='ltr' id='par_1_114' title="bbox 1991 5195 3559 5270">
     <span class='ocr_line' id='line_1_114' title="bbox 1991 5195 3559 5270; baseline 0 -17"><span class='ocrx_word' id='word_1_896' title='bbox 1991 5199 2221 5270; x_wconf 82' lang='lat' dir='ltr'><strong>hymnos</strong></span> <span class='ocrx_word' id='word_1_897' title='bbox 2274 5198 2371 5252; x_wconf 86' lang='lat' dir='ltr'><strong>tibi</strong></span> <span class='ocrx_word' id='word_1_898' title='bbox 2412 5206 2467 5252; x_wconf 89' lang='lat' dir='ltr'><strong>et</strong></span> <span class='ocrx_word' id='word_1_899' title='bbox 2518 5199 2817 5267; x_wconf 84' lang='lat' dir='ltr'><strong>gratiarum</strong></span> <span class='ocrx_word' id='word_1_900' title='bbox 2872 5196 3116 5249; x_wconf 81' lang='lat' dir='ltr'><strong>actiones</strong></span> <span class='ocrx_word' id='word_1_901' title='bbox 3165 5195 3412 5262; x_wconf 90' lang='lat' dir='ltr'><strong>reddam,</strong></span> <span class='ocrx_word' id='word_1_902' title='bbox 3467 5201 3559 5270; x_wconf 90' lang='lat' dir='ltr'><strong>qui</strong></span> 
     </span>
    </p>
   </div>
   <div class='ocr_carea' id='block_1_115' title="bbox 1992 5288 3560 5360">
    <p class='ocr_par' dir='ltr' id='par_1_115' title="bbox 1992 5288 3560 5360">
     <span class='ocr_line' id='line_1_115' title="bbox 1992 5288 3560 5360; baseline -0.001 -15"><span class='ocrx_word' id='word_1_903' title='bbox 1992 5308 2137 5345; x_wconf 79' lang='lat' dir='ltr'><strong>curae</strong></span> <span class='ocrx_word' id='word_1_904' title='bbox 2168 5299 2274 5345; x_wconf 73' lang='lat' dir='ltr'><strong>tua:</strong></span> <span class='ocrx_word' id='word_1_905' title='bbox 2314 5291 2547 5346; x_wconf 89' lang='lat' dir='ltr'><strong>salutem</strong></span> <span class='ocrx_word' id='word_1_906' title='bbox 2596 5297 2875 5360; x_wconf 86' lang='lat' dir='ltr'><strong>acceptam</strong></span> <span class='ocrx_word' id='word_1_907' title='bbox 2912 5288 3048 5343; x_wconf 85' lang='lat' dir='ltr'><strong>fero.</strong></span> <span class='ocrx_word' id='word_1_908' title='bbox 3090 5288 3269 5359; x_wconf 88' lang='lat' dir='ltr'><strong>Atque</strong></span> <span class='ocrx_word' id='word_1_909' title='bbox 3313 5290 3430 5344; x_wconf 69' lang='lat' dir='ltr'><strong>haec</strong></span> <span class='ocrx_word' id='word_1_910' title='bbox 3460 5290 3560 5344; x_wconf 82' lang='lat' dir='ltr'><strong>fuit</strong></span> 
     </span>
    </p>
   </div>
   <div class='ocr_carea' id='block_1_116' title="bbox 1990 5381 3559 5453">
    <p class='ocr_par' dir='ltr' id='par_1_116' title="bbox 1990 5381 3559 5453">
     <span class='ocr_line' id='line_1_116' title="bbox 1990 5381 3559 5453; baseline 0 -18"><span class='ocrx_word' id='word_1_911' title='bbox 1990 5383 2266 5453; x_wconf 74' lang='lat' dir='ltr'><strong>prepheta:</strong></span> <span class='ocrx_word' id='word_1_912' title='bbox 2307 5383 2503 5437; x_wconf 87' lang='lat' dir='ltr'><strong>oratio.</strong></span> <span class='ocrx_word' id='word_1_913' title='bbox 2542 5383 2708 5437; x_wconf 88' lang='lat' dir='ltr'><strong>Cetus</strong></span> <span class='ocrx_word' id='word_1_914' title='bbox 2740 5390 2921 5435; x_wconf 88' lang='lat' dir='ltr'><strong>autem</strong></span> <span class='ocrx_word' id='word_1_915' title='bbox 2950 5396 2979 5434; x_wconf 87' lang='lat' dir='ltr'><strong>a</strong></span> <span class='ocrx_word' id='word_1_916' title='bbox 3007 5390 3202 5437; x_wconf 87' lang='lat' dir='ltr'><strong>sancto</strong></span> <span class='ocrx_word' id='word_1_917' title='bbox 3232 5381 3437 5453; x_wconf 86' lang='lat' dir='ltr'><strong>Spiritu</strong></span> <span class='ocrx_word' id='word_1_918' title='bbox 3472 5384 3559 5451; x_wconf 83' lang='lat' dir='ltr'><strong>in-</strong></span> 
     </span>
    </p>
   </div>
   <div class='ocr_carea' id='block_1_117' title="bbox 1984 5474 3559 5538">
    <p class='ocr_par' dir='ltr' id='par_1_117' title="bbox 1984 5474 3559 5538">
     <span class='ocr_line' id='line_1_117' title="bbox 1984 5474 3559 5538; baseline -0.002 -8"><span class='ocrx_word' id='word_1_919' title='bbox 1984 5477 2215 5532; x_wconf 89' lang='lat' dir='ltr'><strong>stinctus</strong></span> <span class='ocrx_word' id='word_1_920' title='bbox 2246 5474 2436 5530; x_wconf 85' lang='lat' dir='ltr'><strong>Jonam</strong></span> <span class='ocrx_word' id='word_1_921' title='bbox 2476 5476 2530 5529; x_wconf 91' lang='lat' dir='ltr'><strong>in</strong></span> <span class='ocrx_word' id='word_1_922' title='bbox 2567 5475 2750 5529; x_wconf 88' lang='lat' dir='ltr'><strong>littore</strong></span> <span class='ocrx_word' id='word_1_923' title='bbox 2778 5474 3039 5538; x_wconf 78' lang='lat' dir='ltr'><strong>evomuit,</strong></span> <span class='ocrx_word' id='word_1_924' title='bbox 3065 5475 3226 5531; x_wconf 88' lang='lat' dir='ltr'><strong>sicuti</strong></span> <span class='ocrx_word' id='word_1_925' title='bbox 3251 5475 3361 5529; x_wconf 91' lang='lat' dir='ltr'><strong>Deo</strong></span> <span class='ocrx_word' id='word_1_926' title='bbox 3382 5475 3559 5529; x_wconf 87' lang='lat' dir='ltr'><strong>visum</strong></span> 
     </span>
    </p>
   </div>
   <div class='ocr_carea' id='block_1_118' title="bbox 1984 5565 3560 5636">
    <p class='ocr_par' dir='ltr' id='par_1_118' title="bbox 1984 5565 3560 5636">
     <span class='ocr_line' id='line_1_118' title="bbox 1984 5565 3560 5636; baseline -0.002 -15"><span class='ocrx_word' id='word_1_927' title='bbox 1984 5574 2102 5621; x_wconf 86' lang='lat' dir='ltr'><strong>erat</strong></span> <span class='ocrx_word' id='word_1_928' title='bbox 2132 5574 2188 5619; x_wconf 90' lang='lat' dir='ltr'><strong>ut</strong></span> <span class='ocrx_word' id='word_1_929' title='bbox 2215 5567 2383 5621; x_wconf 83' lang='lat' dir='ltr'><strong>ﬁeret.</strong></span> <span class='ocrx_word' id='word_1_930' title='bbox 2424 5565 2664 5620; x_wconf 83' lang='lat' dir='ltr'><strong>Summae</strong></span> <span class='ocrx_word' id='word_1_931' title='bbox 2693 5567 2837 5621; x_wconf 90' lang='lat' dir='ltr'><strong>enim</strong></span> <span class='ocrx_word' id='word_1_932' title='bbox 2870 5567 3100 5622; x_wconf 64' lang='lat' dir='ltr'><strong>insaniae</strong></span> <span class='ocrx_word' id='word_1_933' title='bbox 3141 5567 3300 5632; x_wconf 75' lang='lat' dir='ltr'><strong>foret,</strong></span> <span class='ocrx_word' id='word_1_934' title='bbox 3336 5573 3460 5636; x_wconf 88' lang='lat' dir='ltr'><strong>post</strong></span> <span class='ocrx_word' id='word_1_935' title='bbox 3481 5574 3560 5619; x_wconf 86' lang='lat' dir='ltr'><strong>tot</strong></span> 
     </span>
    </p>
   </div>
   <div class='ocr_carea' id='block_1_119' title="bbox 1983 5657 3559 5731">
    <p class='ocr_par' dir='ltr' id='par_1_119' title="bbox 1983 5657 3559 5731">
     <span class='ocr_line' id='line_1_119' title="bbox 1983 5657 3559 5731; baseline -0.001 -18"><span class='ocrx_word' id='word_1_936' title='bbox 1983 5660 2131 5714; x_wconf 88' lang='lat' dir='ltr'><strong>circa</strong></span> <span class='ocrx_word' id='word_1_937' title='bbox 2175 5657 2363 5714; x_wconf 87' lang='lat' dir='ltr'><strong>Jonam</strong></span> <span class='ocrx_word' id='word_1_938' title='bbox 2412 5669 2625 5729; x_wconf 86' lang='lat' dir='ltr'><strong>patrata</strong></span> <span class='ocrx_word' id='word_1_939' title='bbox 2675 5660 2960 5725; x_wconf 86' lang='lat' dir='ltr'><strong>miracula,</strong></span> <span class='ocrx_word' id='word_1_940' title='bbox 3004 5660 3383 5731; x_wconf 69' lang='lat' dir='ltr'><strong>praecipueque</strong></span> <span class='ocrx_word' id='word_1_941' title='bbox 3437 5674 3559 5731; x_wconf 78' lang='lat' dir='ltr'><strong>post</strong></span> 
     </span>
    </p>
   </div>
   <div class='ocr_carea' id='block_1_120' title="bbox 1986 5748 3554 5820">
    <p class='ocr_par' dir='ltr' id='par_1_120' title="bbox 1986 5748 3554 5820">
     <span class='ocr_line' id='line_1_120' title="bbox 1986 5748 3554 5820; baseline -0.001 -16"><span class='ocrx_word' id='word_1_942' title='bbox 1986 5758 2249 5805; x_wconf 88' lang='lat' dir='ltr'><strong>retentam</strong></span> <span class='ocrx_word' id='word_1_943' title='bbox 2282 5748 2424 5803; x_wconf 90' lang='lat' dir='ltr'><strong>intra</strong></span> <span class='ocrx_word' id='word_1_944' title='bbox 2446 5750 2549 5803; x_wconf 86' lang='lat' dir='ltr'><strong>ceti</strong></span> <span class='ocrx_word' id='word_1_945' title='bbox 2580 5751 2791 5806; x_wconf 87' lang='lat' dir='ltr'><strong>viscera</strong></span> <span class='ocrx_word' id='word_1_946' title='bbox 2820 5752 3005 5817; x_wconf 88' lang='lat' dir='ltr'><strong>vitam,</strong></span> <span class='ocrx_word' id='word_1_947' title='bbox 3037 5751 3313 5820; x_wconf 83' lang='lat' dir='ltr'><strong>prophetae</strong></span> <span class='ocrx_word' id='word_1_948' title='bbox 3338 5750 3554 5806; x_wconf 82' lang='lat' dir='ltr'><strong>demum</strong></span> 
     </span>
    </p>
   </div>
  </div>
