4054 6238
517 301 621 358 3Z9
1712 313 2071 373 TREODOBI
2098 319 2583 383 MOPSUESTENI
3656 335 3760 392 540

520 415 708 468 codem
742 430 805 469 cx
848 423 971 471 ceto
1000 416 1205 473 exitum
1242 418 1483 476 humano
1515 421 1736 494 ingenio
1784 427 2100 501 intelligibi-

2159 438 2330 507 ιπερὶ
2373 442 2535 493 αὐτὸν
2566 441 2882 513 παραδόξως
2928 446 3245 512 γεγονότων,
3289 462 3381 499 και
3417 447 3649 517 μάλιστα
3698 466 3760 517 γε

521 506 652 565 lem,
693 515 787 559 aut
815 516 1003 560 nostra
1038 522 1172 563 voce
1200 510 1597 579 explicabilem,
1625 525 1897 586 reputare.

2203 528 2417 583 πάντων
2444 531 2542 601 τῆς
2569 534 2626 587 ἐν
2651 506 2730 603 τῷ
2769 506 3245 605 κήτει-σωτηρίας,
3282 537 3358 607 (p.
3397 506 3541 606 2'52)
3567 539 3667 608 τὴν
3700 506 3767 591 έκ

522 596 615 650 τοῦ
639 599 848 699 Ξιήτους
899 600 1074 665 ἔξοδον
1113 602 1588 700 πολυπραγμονεῖν
1628 608 1723 663 τοῦ
1754 613 2057 682 προφήτου,
2090 616 2335 693 λογισμῷ
2371 641 2431 676 τε
2468 596 2673 679 οίεσθαι
2701 596 3136 698 καταλαμϐάνειν
3172 596 3642 700 ἀνθρωπίνῳίκαῖ
3673 629 3765 682 διά

523 691 703 757 φωνῆς
726 691 825 759 τῆς
853 691 1124 761 ἡμετέρας
1156 692 1334 761 λέγειν
1355 695 1501 759 ὅπως
1524 698 1762 765 ἐγένετο.

1176 781 1330 837 CAP.
1359 782 1453 837 Ill.

2850 795 3008 847 ΚΕΦ.
3048 795 3087 846 Γ
3088 802 3122 849 '.

596 862 759 917 Vens.
794 865 910 921 1-4.
937 895 1004 907 --
1036 867 1155 923 1am
1192 871 1285 925 ubi
1324 872 1385 926 in
1415 874 1594 930 littore
1625 878 1886 947 propheta
1921 883 2092 945 stetit,

2269 882 2419 951 Στίχ.
2445 880 2586 934 α’-δ⁹.
2614 911 2682 920 -
2703 882 2901 935 Μέντοι
2930 899 2992 949 γε
3024 882 3155 945 Θεὸς
3185 882 3278 934 ἐπὶ
3297 882 3397 952 τῆς
3422 883 3595 952 ξηρᾶς
3611 899 3767 952 γεγο-

526 970 741 1009 rursum
766 956 907 1013 Deus
932 963 1187 1032 praecepit
1218 965 1294 1018 illi
1325 974 1384 1019 ut
1408 965 1635 1023 Niniven
1671 970 1796 1034 iret,
1827 972 1990 1043 idque
2020 974 2095 1029 ibi

2200 969 2313 1023 νότι
2340 969 2419 1040 τῷ
2448 970 2704 1042 προφήτῃ
2740 969 2900 1023 πάλιν
2929 970 3183 1024 ἀπελθεῖν
3205 972 3285 1034 είς
3306 972 3406 1042 τὴν
3435 972 3636 1042 Νινευὴ
3667 989 3762 1025 κε-

526 1046 849 1113 przedicaret
878 1051 1023 1117 quod
1045 1052 1218 1107 eidem
1244 1064 1404 1110 antea
1449 1057 1503 1110 in
1536 1060 1809 1116 mandatis
1852 1062 2094 1119 dederat.

2200 1060 2366 1124 λεύει,
2391 1061 2485 1115 καὶ
2508 1062 2743 1133 κηρύξαι
2775 1062 2839 1133 δὴ
2870 1064 3052 1116 ἐκεῖνα
3078 1061 3114 1116 ἃ
3146 1063 3375 1134 πρόσθεν
3400 1063 3547 1133 αὐτῷ
3578 1064 3768 1134 εἴρητο

532 1135 684 1191 Unde
717 1142 1060 1206 potissimum
1110 1144 1545 1213 demonstratur,
1582 1150 1742 1222 166
1776 1153 1918 1207 haud
1960 1155 2096 1209 sim~

2201 1147 2330 1218 παρ’
2370 1147 2535 1201 αὑτοῦ
2558 1167 2572 1179 υ
2622 1150 2714 1218 ἀφ’
2748 1145 2808 1204 οὗ
2838 1150 2902 1221 δὴ
2950 1150 3184 1220 μάλιστα
3232 1150 3502 1205 δείκνυται
3547 1154 3630 1205 δτι
3662 1153 3764 1223 οὐχ

527 1228 743 1295 pliciter
768 1228 919 1285 Jona:
944 1231 1108 1286 Deum
1135 1236 1482 1293 mandavisse
1513 1248 1571 1293 ut
1602 1242 1923 1310 praedicaret
1943 1245 2103 1300 :cAd-

2200 1237 2387 1300 ἁπλῶς
2411 1233 2565 1291 εἶπεν
2585 1238 2735 1310 αύτῷ
2755 1239 3093 1309 κηρύττεινσι
3110 1240 3230 1292 Ἔτι
3252 1244 3400 1310 τρεῖς
3416 1240 3640 1312 ἡμέραι,
3668 1243 3765 1294 κιιή⁵

528 1319 636 1370 huc
670 1326 781 1373 tres
827 1319 965 1384 dies,
1000 1330 1054 1376 et
1089 1321 1281 1381 Ninive
1318 1328 1669 1395 subvertetur
1702 1350 1721 1383 ι
1768 1334 2100 1404 (quanquam

2201 1325 2405 1397 Νινευὴ
2437 1329 2984 1399 καταστραφήσεταιο
3032 1348 3051 1380 ι
3086 1330 3136 1382 εί
3169 1329 3263 1383 καὶ
3298 1331 3438 1400 μετά
3471 1333 3766 1403 συντομίας

526 1410 581 1465 id
621 1412 859 1466 breviter
910 1414 988 1468 sic
1036 1415 1250 1470 videtur
1293 1415 1577 1489 Scriptura
1623 1422 1855 1493 dicere);
1903 1440 2094 1481 verum

2200 1415 2334 1469 αύτδ
2361 1415 2538 1486 λέγειν
2581 1416 2753 1481 οὕτως
2803 1420 2836 1488 ἡ
2873 1418 2993 1471 θεία
3023 1418 3173 1472 δοκεῖ
3206 1420 3395 1491 Γραφή
3422 1438 3433 1451 ⁸
3465 1421 3579 1475 ἀλλ’
3621 1422 3764 1475 ὥστε

525 1501 689 1554 etiam
724 1509 782 1555 ut
806 1503 1093 1558 minaciter
1123 1521 1243 1575 quae
1266 1517 1527 1563 eventura
1551 1522 1708 1566 erant
1738 1514 2092 1582 signiﬁcaret,

2200 1507 2295 1558 καὶ
2337 1505 2577 1577 δηλῶσαι
2611 1508 2693 1560 ὅτι
2731 1507 2949 1560 ἀπειλεί
2974 1506 3144 1560 ταῦτα
3178 1508 3568 1579 συμσησεσθαι,
3603 1512 3651 1563 εί
3688 1510 3766 1582 μὴ

526 1588 632 1643 nisi
673 1591 999 1658 pmnitentes
1050 1595 1198 1650 cives
1227 1610 1259 1648 a
1308 1598 1455 1653 vitiis
1484 1600 1830 1656 recederent.
1888 1602 2095 1659 idcirco

2203 1597 2622 1668 μεταμεληθεῖεν
2652 1599 2984 1660 ἀποστάντες
3009 1598 3101 1651 τοῦ
3135 1597 3403 1668 χείρονος·
3446 1599 3528 1652 διό
3576 1616 3763 1670 φησιν·

526 1680 635 1733 ait:
679 1681 961 1736 «Praedica
1006 1683 1081 1737 ibi
1130 1685 1595 1755 praedicationem,
1650 1691 1718 1748 de
1763 1708 1870 1762 qua
1912 1702 2093 1750 tecum

2168 1726 2174 1767 ι
2205 1706 2223 1737 ι
2261 1686 2509 1759 Κήρυξον
2540 1689 2596 1739 ἐν
2621 1688 2760 1759 αὐτῇ
2784 1688 2926 1742 κατά
2951 1688 3011 1741 τὸ
3037 1692 3298 1760 κηρυγμα
3324 1688 3386 1740 τὸ
3409 1688 3716 1761 ἔμπροσθεν
3737 1691 3769 1744 ὃ

527 1778 688 1825 antea
722 1773 935 1828 locutus
973 1790 1114 1829 sum.
1143 1796 1163 1829 ι
1201 1776 1410 1844 Quibus
1460 1783 1643 1838 verbis
1673 1784 1983 1841 universam
2017 1787 2097 1840 illi

2204 1776 2313 1845 ἐγὼ
2364 1776 2602 1847 ἐλάλησα
2640 1777 2775 1847 πρὸς
2828 1778 2916 1830 σέ·
2962 1797 2980 1829 ι
3020 1777 3238 1831 ἅπασαν
3285 1778 3433 1849 αὐτῷ
3484 1783 3769 1850 σημαίνων

527 1864 832 1917 doctrinam
884 1866 1083 1934 innuit,
1135 1884 1240 1939 qua
1297 1873 1581 1940 superiore
1612 1890 1867 1933 sermone
1894 1892 2095 1947 praece~

2202 1868 2299 1939 τὴν
2328 1868 2675 1922 διδασκαλίαν
2718 1872 2783 1940 ἢν
2809 1869 3069 1935 ἐπέταξεν
3107 1872 3165 1925 ἐν
3205 1874 3316 1933 τοῖς
3354 1873 3583 1941 πρόσθεν
3616 1874 3772 1943 αὐτῷ

530 1961 682 2022 perat
713 1962 772 2007 ut
797 1953 1063 2013 Ninivitas
1097 1958 1384 2016 imbueret.
1422 1959 1593 2017 Porro
1622 1976 1802 2019 autem
1835 1967 2099 2035 propheta

2202 1958 2341 2029 πρὸς
2376 1958 2501 2021 τοὺς
2531 1958 2816 2021 Νινευῖτας
2845 1958 3193 2029 ποιήσασθαι.
3242 1959 3301 2011 '0
3334 1958 3431 2028 μὲν
3458 1958 3521 2029 δὴ
3552 1961 3768 2030 προφή-

528 2042 864 2113 experientia
896 2059 1077 2099 rerum
1124 2049 1234 2115 jam
1281 2049 1529 2107 eruditus
1564 2052 1860 2107 festinabat
1894 2064 1952 2107 ut
2005 2057 2098 2109 Dei

2202 2067 2302 2119 της
2328 2050 2423 2103 ἀτε
2449 2051 2517 2121 τῇ
2545 2049 2710 2120 πείρᾳ
2737 2048 2922 2102 λοιπὸν
2946 2048 3331 2119 σωφρονισθείς
3355 2049 3609 2118 ἠπείγετο
3630 2049 3772 2120 πρὸς

526 2133 704 2202 jussis
742 2135 1162 2206 obtemperaret.
1218 2137 1308 2193 Ait
1361 2156 1487 2195 vero
1535 2141 1817 2214 Scriptura
1862 2163 1883 2195 ι
1910 2146 2097 2200 urbem

2205 2141 2381 2210 πέρας
2412 2141 2639 2208 ἀγαγεῖν
2666 2138 2736 2191 τὰ
2778 2140 2931 2210 παρά
2974 2138 3069 2191 τοῦ
3116 2137 3251 2191 Θεοῦ
3311 2138 3722 2211 προσταχθέντα
3752 2154 3767 2167 ·

534 2224 683 2276 illam
721 2224 891 2279 fuisse
923 2227 1214 2281 maximam
1246 2244 1430 2284 coram
1464 2231 1605 2287 Deo:
1631 2252 1650 2285 ι
1710 2250 1901 2304 nempe
1932 2235 2101 2307 signi-

2208 2232 2357 2299 λέγει
2389 2231 2446 2284 δὲ
2480 2232 2561 2283 ὅτι
2581 2232 2647 2301 «ἡ
2677 2230 2831 2293 πόλις
2858 2226 2925 2301 ἦν
2958 2230 3190 2299 μεγίστη
3221 2231 3300 2303 τῷ
3320 2231 3488 2303 Θεῷοι
3513 2230 3595 2283 ῖνα
3637 2228 3778 2300 εἴπῃ

532 2314 680 2377 licat,
713 2329 832 2369 eam
854 2315 1037 2370 divina
1064 2318 1405 2386 providentia
1435 2320 1605 2377 fuisse
1630 2335 1884 2377 auctam:
1940 2336 2102 2395 atque

2206 2321 2287 2373 ὅτι
2313 2323 2380 2391 τῇ
2409 2319 2528 2391 θείᾳ
2559 2320 2789 2392 προνοίᾳ
2813 2321 2890 2383 εἰς
2917 2319 3143 2390 μέγεθος
3172 2319 3464 2389 αὐξηθεῖσα
3490 2334 3502 2345 °
3526 2318 3599 2381 ὡς
3624 2318 3773 2371 διδά-

534 2405 609 2458 ita
648 2420 751 2461 nos
782 2406 962 2472 docet,
1007 2409 1303 2478 quominus
1337 2411 1631 2467 humanum
1672 2415 1967 2486 quidquam
2002 2433 2100 2487 pu-

2207 2412 2347 2477 ξειεν
2371 2410 2436 2465 ἂν
2469 2412 2613 2482 ἡμᾶς
2647 2411 2812 2482 μηδὲν
2855 2410 3063 2464 οἴεσθαι
3088 2410 3309 2463 δυνατὸν
3336 2405 3475 2462 εἶναι
3505 2409 3647 2462 κατά
3673 2408 3772 2460 τὸν

535 2506 712 2552 temus
745 2495 802 2550 in
844 2497 1070 2567 gloriam
1097 2502 1282 2556 venire
1311 2518 1495 2573 posse,
1547 2505 1657 2559 nisi
1713 2506 1763 2560 id
1797 2505 1940 2561 Deus
1971 2523 2101 2560 cura

2210 2502 2320 2572 βίον
2350 2504 2425 2573 (p.
2451 2502 2578 2571 255)
2601 2501 2787 2557 τοῦτον
2820 2503 2899 2564 είς
2926 2501 3281 2572 περιφάνειαν
3308 2499 3664 2568 καταστῆναι,
3694 2496 3776 2567 μὴ

533 2602 633 2642 sua
654 2588 925 2659 dignetur.
963 2607 982 2642 ι
1009 2589 1136 2645 Erat
1166 2602 1370 2657 autem,
1394 2595 1594 2666 inquit,
1622 2597 1787 2651 veluti
1811 2598 1914 2652 iter
1937 2600 2100 2651 trium

2207 2595 2340 2648 Θευῦ
2379 2596 2711 2666 παρέχοντος
2738 2595 2836 2665 τὴν
2867 2595 3073 2647 οίκείαν
3106 2592 3452 2665 κηδεμονίαν.
3506 2610 3525 2643 ι
3561 2587 3665 2643 Ἦν
3693 2590 3773 2655 δὲ,

534 2680 747 2734 dierum
772 2698 785 2735 :
809 2699 831 2733 ι
867 2681 1017 2736 haud
1043 2699 1177 2739 sane
1207 2685 1514 2755 intelligens
1546 2696 1750 2742 tantam
1784 2689 1907 2760 ejus
1934 2690 2105 2744 fuisse

2210 2686 2394 2757 φησὶν,
2425 2686 2555 2737 ὡσεὶ
2574 2688 2615 2754 ἡ
2638 2684 2832 2753 πορεία
2857 2682 2980 2737 ὀδοῦ
3003 2684 3224 2755 ημερῶν
3265 2682 3453 2753 τριῶν.
3493 2703 3511 2733 ι
3552 2681 3685 2750 Οὖχί
3713 2678 3779 2731 τὸ

535 2770 971 2840 longitudinem;
1006 2774 1099 2828 sed
1129 2775 1277 2845 quod
1329 2783 1410 2829 tot
1440 2777 1633 2833 diebus
1683 2793 1823 2848 opus
1867 2789 2009 2835 esset
2036 2781 2103 2833 ad

2214 2780 2383 2849 μῆκος
2409 2778 2576 2848 αὐτῆς
2600 2775 2853 2830 τοσοῦτον
2881 2771 3021 2829 εἶναι
3047 2775 3240 2843 λέγων,
3265 2773 3379 2827 ἀλλ’
3398 2773 3473 2835 ὡς
3502 2770 3776 2824 τοσούτων

537 2874 656 2912 eam
695 2860 1159 2929 circumeundam,
1200 2873 1362 2935 atque
1390 2866 1458 2920 ad
1484 2868 1724 2936 ejusdem
1756 2872 2013 2939 speciem,
2057 2872 2104 2927 si

2212 2868 2430 2940 ἡμερῶν
2447 2868 2703 2939 δεομένου
2724 2866 2820 2920 τοῦ
2844 2867 3022 2920 πᾶσαν
3050 2864 3217 2935 αὐτὴν
3246 2863 3617 2936 ἐκπεριελθεῖν
3631 2879 3692 2914 τε
3715 2864 3778 2915 ἐν

538 2949 663 3017 quis
715 2949 895 3013 vellet,
951 2952 1169 3007 curiose
1226 2954 1649 3010 observandam.
1690 2955 1888 3013 Subdit
1942 2975 2101 3032 ergo:

2213 2960 2397 3031 κύκλῳ
2430 2960 2524 3013 καὶ
2548 2959 2787 3013 κατιδεῖν
2808 2960 2895 3012 οἶα
2922 2959 3007 3021 τίς
3035 2958 3183 3011 ἐστιν
3217 2955 3538 3027 βουλομένου
3567 2956 3781 3023 σαφῶς.

545 3058 564 3089 ι
586 3039 867 3109 Coepitque
892 3039 1061 3098 Jonas
1082 3046 1334 3115 progredi
1359 3047 1501 3100 intra
1522 3049 1708 3102 urbem
1734 3052 1892 3119 quasi
1915 3051 2107 3108 itinere
2136 3070 2146 3117 ι

2182 3102 2184 3118 λ
2228 3052 2454 3119 Ἐπάγει
2479 3049 2609 3119 γοῦν
2632 3065 2645 3078 ·
2678 3070 2697 3102 ι
2739 3051 2849 3104 Καὶ
2878 3049 3081 3120 ἤρξατο
3118 3049 3299 3110 Ἰωνᾶς
3331 3047 3426 3100 τοῦ
3457 3045 3783 3118 εἰσπορεύεο

542 3130 705 3185 unius
736 3132 860 3185 diei.
888 3150 906 3183 ι
950 3132 1146 3188 Narrat
1174 3136 1403 3201 scilicet,
1437 3138 1755 3207 prophetam
1795 3141 1986 3197 urbem
2019 3143 2107 3197 in-

2216 3140 2339 3194 σθαι
2381 3141 2460 3202 είς
2506 3138 2604 3209 τὴν
2655 3138 2809 3191 πόλιν
2854 3138 2986 3190 ὡσεὶ
3029 3135 3253 3208 πορείαν
3292 3134 3505 3205 ἡμέρας
3552 3134 3681 3203 μιᾶς
3707 3146 3722 3160 ⁸
3757 3149 3783 3184 ι

542 3236 810 3290 gressum,
841 3232 1004 3294 atque
1036 3225 1090 3279 in
1126 3226 1372 3297 ejusdem
1393 3236 1546 3297 parte
1564 3229 1796 3298 quadam
1815 3232 2111 3302 praedicare

2214 3230 2297 3281 ἴνα
2321 3229 2468 3299 εἴπῃ,
2502 3229 2585 3281 ὃτι
2612 3225 2971 3297 είσεληλυθὼς
3002 3228 3081 3291 είς
3102 3226 3200 3295 τὴν
3228 3223 3383 3277 πόλιν
3410 3226 3438 3277 ό
3465 3223 3786 3294 προφήτης.

539 3324 751 3378 orsum,
792 3312 1113 3369 circumisse
1145 3315 1353 3378 tandiu,
1409 3317 1583 3372 donec
1609 3332 1774 3371 unam
1827 3320 1992 3375 veluti
2026 3322 2110 3376 in-

2216 3319 2308 3372 καὶ
2352 3320 2494 3373 κατά
2524 3335 2667 3383 τινος
2716 3319 2919 3390 μέρους
2964 3317 3268 3388 ἀρξάμενος
3298 3315 3399 3385 τῆς
3444 3314 3649 3377 πόλεως
3688 3314 3787 3367 ἐκ·

542 3404 776 3473 sumpsit
804 3404 969 3471 diem,
996 3406 1299 3475 praelicans
1319 3415 1481 3478 atque
1502 3406 1687 3465 dicens
1713 3427 1726 3463 :
1751 3426 1769 3461 ι
1783 3410 1973 3467 Adhuc
1997 3421 2109 3470 tres

2215 3414 2430 3485 περιῄει
2475 3429 2530 3464 τε
2579 3411 2765 3481 αὐτὴν,
2796 3411 2891 3464 καὶ
2922 3410 3055 3463 ὡσεὶ
3108 3410 3237 3479 μίαν
3268 3410 3480 3479 ἡμέραν
3514 3405 3789 3476 πεποίηκε

542 3492 680 3561 dies,
713 3502 767 3549 et
810 3493 1003 3551 Ninive
1050 3498 1467 3565 subverteturp
1505 3507 1560 3554 et
1585 3500 1795 3570 reliqua
1848 3517 2109 3572 quaecun-

2216 3502 2500 3571 κηρύττων
2528 3517 2586 3553 τε
2614 3501 2706 3553 καὶ
2729 3499 2925 3567 λέγων,
2949 3499 3033 3551 ὅτι
3067 3517 3086 3549 ι
3127 3498 3245 3550 Ἔτι
3272 3499 3419 3567 τρεῖς
3457 3493 3661 3564 ἡμέραι
3684 3492 3790 3545 καὶ

544 3599 651 3652 que
684 3586 751 3641 ab
778 3601 843 3641 eo
879 3586 987 3642 dici
1022 3604 1120 3658 par
1149 3598 1268 3645 erat
1316 3591 1371 3645 in
1414 3590 1648 3660 singulis
1680 3592 1831 3648 urbis
1863 3596 2111 3665 partibus

2216 3592 2413 3663 Νινευὴ
2453 3590 2998 3664 καταστραφήσεται,
3047 3607 3065 3640 ι
3102 3588 3193 3640 καὶ
3215 3586 3282 3640 τὰ
3316 3585 3478 3638 λοιπά
3519 3583 3584 3654 δὴ
3610 3582 3793 3635 ὁπόσα

547 3675 612 3728 ad
643 3677 845 3731 civium
879 3679 1269 3735 eruditionem.

2218 3682 2394 3750 λέγειν
2422 3681 2583 3734 αὑτὸν
2608 3679 2943 3733 καθέκαστον
2969 3679 3133 3750 μέρος
3155 3677 3253 3747 τῆς
3275 3676 3478 3737 πόλεως
3504 3674 3641 3745 πρὸς
3658 3672 3794 3737 τοὺς

2212 3772 2480 3841 παρόντας
2519 3771 2611 3824 ἐπὶ
2637 3768 2953 3837 διδασκαλίᾳ
2999 3768 3106 3820 τῶν
3134 3766 3441 3820 ἀκουόντων
3476 3761 3796 3825 ἀκολούθως

2213 3861 2359 3912 ἐνῆν.

2213 3879 2225 3911 ε

624 3950 787 4004 Vens.
812 3952 933 4007 5-9.
960 3982 1030 3993 -—-
1063 3952 1158 4010 His
1194 3955 1342 4010 addit
1368 3976 1381 4011 :
1415 3974 1434 4008 ι
1459 3955 1525 4011 Ει
1556 3960 1902 4014 crediderunt
1927 3960 2119 4015 incolae

2213 3879 2430 4021 ενξζζίχ.
2470 3951 2603 4004 ε’-θ’.
2632 3979 2700 3988 -
2740 3947 2964 4010 Τούτοις
2994 3948 3225 4016 ἐπάγει·
3266 3964 3283 3997 ι
3327 3944 3437 3999 Καὶ
3460 3943 3800 3997 ἐπίστευσαν

550 4026 803 4094 Ninivitte
827 4040 957 4097 Deo.
982 4062 1001 4095 ι
1040 4043 1231 4113 εωριιι
1280 4060 1375 4115 per
1426 4049 1743 4117 prophetam
1776 4050 1831 4104 in
1881 4050 2115 4121 quadam

2214 4046 2264 4097 ot
2288 4043 2477 4115 ἀνδρες
2508 4043 2712 4112 Νινευὴ
2740 4041 2817 4112 τῷ
2844 4039 2963 4111 Θεῷ
2987 4055 3001 4070 '
3041 4060 3059 4092 ι
3091 4041 3304 4102 δεικνὺς
3338 4039 3419 4091 δτι
3445 4040 3510 4090 ἐκ
3557 4035 3651 4089 τοῦ
3687 4035 3792 4106 pit-

550 4130 704 4187 urbis
737 4140 890 4202 parte
924 4133 1324 4202 praedicatione,
1372 4137 1622 4193 celeriter
1649 4139 1941 4194 admodum
1973 4142 2116 4196 inter

2226 4152 2350 4206 pou;
2376 4134 2477 4205 τῆς
2502 4134 2709 4196 πόλεως
2734 4131 3045 4203 ἀρξαμένου
3085 4130 3180 4184 τοῦ
3209 4131 3487 4201 προφήτου
3515 4126 3799 4181 ποιεῖσθαι

550 4235 743 4277 omnes
772 4222 979 4279 diditus
1013 4238 1194 4279 sermo
1227 4225 1601 4295 signiﬁcatur;
1633 4228 1710 4282 ita
1738 4239 1796 4283 ut
1836 4231 1992 4302 vulgo
2015 4232 2115 4285 ho-

2221 4227 2283 4279 τὸ
2322 4227 2584 4296 κήρυγμα
2604 4264 2618 4287 ,
2663 4225 2743 4287 είς
2782 4222 3029 4285 ἅπαντάς
3066 4239 3125 4275 τε
3156 4224 3185 4274 ὁ
3220 4220 3373 4288 λόγος
3406 4218 3612 4288 διεδόθη
3647 4216 3804 4286 μετά

554 4313 728 4370 mines
775 4325 982 4368 certam
1032 4331 1097 4371 ex
1141 4316 1306 4371 dictis
1354 4318 1721 4388 suscipientes
1764 4324 2116 4386 sententiam,

2226 4315 2422 4369 πολλοῦ
2445 4316 2539 4369 τοῦ
2573 4315 2768 4386 τάχους
2789 4331 2803 4343 ο
2852 4314 2945 4366 καὶ
2976 4313 3041 4384 δὴ
3076 4313 3272 4376 πάντες
3301 4308 3663 4381 ἀναμφίὸολον
3696 4309 3801 4363 ἐπὶ

554 4406 889 4458 consternati
952 4419 1279 4476 magnopere
1331 4407 1552 4464 monitis
1601 4409 2155 4504 obtemperaverint.1

2225 4411 2335 4471 τοῖς
2367 4406 2677 4477 λεγομένοις
2708 4405 2807 4475 τὴν
2832 4404 3057 4475 γνώμην
3104 4402 3385 4473 δεξάμενοι
3426 4400 3564 4505 μετά
3594 4398 3804 4505 unum?

556 4490 841 4554 Praeterea,
882 4495 1025 4563 qttod
1072 4494 1324 4549 Ninivila:
1370 4496 1518 4553 cives
1540 4497 1650 4554 Deo
1678 4500 2029 4565 crediderint,
2067 4503 2119 4557 id
2150 4490 2157 4504 ⁴

2224 4498 2317 4551 τού
2370 4496 2535 4567 φόϐου
2579 4499 2693 4559 τοῖς
2731 4495 3043 4565 λεγομένοις
3095 4493 3370 4546 ἐπείθοντο
3396 4508 3407 4521 ·
3444 4491 3687 4544 δείκνυσι
3741 4490 3812 4544 δὲ

560 4581 696 4635 satis
719 4581 939 4645 indicat,
993 4583 1137 4638 haud
1178 4585 1500 4655 simpliciter
1546 4588 1751 4645 dixisse
1781 4592 2118 4661 prophetam,

2225 4593 2319 4645 καὶ
2346 4590 2427 4655 τὸ,
2457 4609 2477 4641 ι
2499 4589 2857 4643 Ἐπίστευσαν
2884 4590 2933 4641 οἱ
2964 4587 3151 4658 ἄνδρες
3172 4585 3377 4656 Νινευὴ
3401 4584 3479 4655 τῷ
3505 4582 3645 4653 Θεῷ,
3665 4602 3683 4633 ι
3716 4584 3807 4636 ὅτι

562 4692 579 4722 ι
606 4672 795 4727 Adhuc
847 4680 958 4729 tres
1013 4675 1167 4742 dies,
1207 4677 1365 4749 167
1399 4686 1451 4733 et
1485 4677 1676 4735 Ninive
1708 4683 2073 4739 subvertctur.
2100 4703 2118 4735 ι

2224 4679 2327 4749 οὐχ
2350 4678 2533 4741 ἁπλῶς
2555 4679 2711 4731 τοῦτο
2734 4678 2893 4748 μόνον
2914 4676 3117 4744 ἔλεγεν,
3138 4676 3221 4729 δτι
3243 4692 3262 4726 ι
3277 4676 3395 4728 Ἔτι
3424 4675 3570 4744 τρεῖς
3591 4673 3810 4743 ἡμέραι

557 4762 743 4834 Neque
780 4765 920 4818 enim
957 4766 1028 4821 ob
1061 4766 1203 4822 hanc
1238 4783 1400 4823 unam
1451 4771 1699 4825 voculam
1750 4773 1975 4829 credere
2013 4772 2124 4829 Deo

2228 4770 2319 4821 καὶ
2342 4768 2548 4839 Νινευὴ
2586 4767 3103 4838 καταστραφήσεται
3129 4780 3143 4795 ·
3184 4784 3204 4816 ι
3244 4764 3304 4816 ού
3338 4764 3446 4834 γὰρ
3483 4763 3591 4816 ἀπὸ
3629 4762 3811 4832 μόνης

560 4866 831 4926 poterant,
877 4857 923 4913 si
954 4857 1117 4913 homo
1161 4861 1479 4931 peregrinus
1509 4863 1754 4934 ipsisque
1780 4879 2007 4935 prorsus
2041 4865 2127 4921 in-

2225 4862 2430 4933 ταύτης
2458 4862 2556 4932 τῆς
2584 4860 2766 4930 φωνῆς
2797 4857 3073 4912 πιστεύειν
3112 4851 3257 4927 εἶχον
3280 4856 3359 4926 τῷ
3378 4854 3519 4925 Θεῷ,
3558 4854 3636 4923 (p.
3667 4852 3811 4921 254)

559 4952 810 5018 cognitus
848 4948 1072 5004 exitium
1117 4949 1356 5007 minatus
1386 4963 1551 5017 esset,
1606 4954 1742 5009 nihil
1772 4963 1952 5011 autem
1987 4972 2127 5027 pra:-

2226 4954 2416 5025 ἀνδρὸς
2440 4954 2591 5019 ξένου
2624 4951 2719 5007 καὶ
2737 4950 3017 5021 ἀγνώστου
3040 4951 3224 5011 αὐτοῖς
3250 4944 3526 5008 παντελῶς
3550 4944 3650 5015 τὴν
3704 4964 3815 5000 κα-

562 5048 710 5093 terea
761 5040 1095 5096 addidisset:
1136 5056 1312 5111 neque
1354 5044 1629 5101 docuisset
1674 5047 1970 5114 auditores,
2018 5064 2127 5118 quo

2228 5044 2528 5116 ταστροφὴν
2552 5044 2651 5117 μὲν
2694 5042 3069 5105 ἀπειλοῦντος,
3116 5037 3496 5110 προστιθέντος
3527 5036 3584 5089 δέ
3621 5036 3811 5100 οὐδὲν,

565 5130 812 5186 mittente
842 5132 1103 5188 venisset.
1151 5132 1261 5188 Sed
1296 5135 1439 5189 enim
1473 5139 1810 5208 exploratum
1840 5147 1945 5205 est,
2001 5155 2130 5211 pro—

2226 5138 2334 5192 οὐδ’
2357 5138 2447 5207 ὑφ’
2472 5138 2594 5190 ὅτου
2620 5152 2724 5207 περ
2751 5131 3157 5202 ἀπεσταλμένος
3184 5131 3271 5199 εἴη
3301 5127 3647 5189 διδάσκοντος
3669 5127 3814 5188 τοὺς

564 5220 779 5288 plietam
824 5230 877 5277 et
907 5222 1000 5280 Dei
1045 5226 1356 5282 meminisse
1400 5229 1643 5283 omnium
1671 5228 1910 5300 Domini,
1966 5241 2021 5288 et
2070 5247 2131 5290 se

2227 5228 2523 5290 ἀκούοντας
2542 5243 2556 5257 ·
2593 5226 2709 5281 ἀλλ’
2741 5222 2961 5293 εὔδηλον
2987 5221 3069 5274 ὅτι
3098 5219 3192 5273 καὶ
3224 5217 3361 5271 Θεοῦ
3390 5216 3671 5287 ἐμέμνητο
3704 5215 3813 5270 τοῦ

565 5328 794 5367 missum
843 5315 912 5369 ab
938 5332 1004 5369 eo
1029 5317 1472 5375 conﬂrmavisse:
1528 5332 1584 5376 et
1617 5323 1948 5392 praeconium
1976 5325 2128 5380 exitii

2230 5319 2446 5374 πάντων
2469 5316 2708 5387 Κυρίου,
2737 5313 2830 5367 καί
2859 5308 3194 5365 ἀπεστάλθαι
3230 5307 3384 5376 ἔλεγε
3420 5305 3550 5375 παρ’
3588 5303 3768 5357 αὐτοῦ
3799 5317 3818 5336 ⁶

566 5402 780 5467 fecisse,
834 5412 999 5473 atque
1048 5408 1117 5462 ad
1155 5409 1535 5479 pmniteutiam
1582 5427 1704 5468 esse
1746 5413 2127 5469 adhortatum:

2230 5411 2325 5464 καὶ
2362 5408 2423 5461 τὸ
2465 5410 2729 5479 κήρυγμα
2776 5402 3012 5456 ἐποιεῖτο
3041 5400 3141 5471 τῆς
3186 5398 3608 5468 καταστροφῆς,
3661 5394 3819 5465 πρὸς

566 5509 796 5563 quarum
846 5510 1027 5551 rerum
1076 5500 1267 5554 notitia
1304 5501 1529 5568 imbuti,
1587 5504 1780 5560 merito
1827 5506 1961 5563 dicti
2004 5515 2135 5563 sunt

2235 5499 2595 5571 μεταμέλειαν
2621 5496 2816 5557 αὐτοὺς
2836 5490 3265 5561 ἐκκαλούμενος·
3302 5482 3488 5559 ὦνπερ
3524 5481 3619 5540 οὖν
3649 5484 3823 5551 δεξά-

568 5586 868 5644 credidisse
912 5585 1060 5656 Deo;
1113 5592 1272 5662 cujus
1318 5593 1595 5650 decretum
1654 5596 2134 5668 magisteriumque

2236 5609 2384 5664 μενοι
2424 5590 2522 5660 τὴν
2552 5585 2917 5650 διδασκαλίαν,
2956 5582 3177 5645 εἰκότως
3228 5578 3511 5668 πιστεύειν
3546 5574 3826 5668 ἐλέγοντο

569 5677 923 5747 excipientes,
959 5681 1235 5751 prophetae
1266 5699 1395 5742 voce
1421 5665 1845 5754 nuntiatuni,ﬁad
1875 5665 2128 5745 virtutem

2235 5682 2313 5753 τῷ
2345 5681 2494 5753 Θεῷο
2526 5674 2586 5734 οὗ
2628 5679 2727 5749 τήν
2768 5693 2827 5731 τε
2866 5675 3139 5744 ἀπόφασιν
3179 5672 3271 5727 καὶ
3308 5671 3408 5742 τὴν
3447 5665 3823 5725 διδασκαλίαι
