3976 6226
218 226 313 281 541

1260 227 1813 285 COMMENTARIUS
1849 227 1915 283 IN
1950 226 2146 283 ΙΟΝΑΞ
2176 227 2326 301 CAP.
2367 227 2458 283 IV.

3366 228 3474 286 διε

216 336 504 407 δεξάμενοι
540 340 682 395 κατά
734 341 834 413 τὴν
882 341 975 395 τοῦ
1012 342 1288 414 προφήτου
1336 344 1518 414 φωνὴν
1560 344 1697 413 πρὸς
1736 344 1835 405 τὸ,

1938 340 2268 410 esipuerunt,
2305 339 2382 393 ita
2414 347 2471 393 ut
2505 339 2689 394 multae
2722 338 3166 408 vehementisque
3196 342 3468 410 pteniten-

218 430 469 496 κρεῖττον
514 424 690 483 εἶδον·
729 430 869 484 ὥστε
910 431 1005 484 καὶ
1034 431 1232 502 πολλήν
1268 449 1390 485 τινα
1418 433 1512 485 καὶ
1551 432 1799 486 σύντονον

219 517 323 587 τὴν
360 520 731 588 μεταμέλειαν
782 521 1185 585 ὲπιδείξασθαμ
1239 524 1491 593 νηστείαν
1546 523 1655 594 γάρ
1698 523 1802 576 άνά

221 608 319 677 τὴν
342 610 499 664 πόλιν
526 611 824 682 ἐκήρυξαν,
843 613 918 676 ῶς
938 631 1091 683 φησι,
1118 615 1211 667 καὶ
1242 614 1479 677 σάκκους
1502 616 1700 677 πάντες
1720 616 1801 667 ὲνο

223 698 518 767 δυσάμενοι
544 700 731 768 μικροί
750 718 813 753 τε
835 702 928 753 καὶ
948 701 1190 771 μεγάλοι,
1212 700 1451 770 πενθικῷ
1472 700 1802 771 κεχρημένοι

223 787 303 857 τῷ
334 790 597 858 σχήματι,
625 790 752 843 ἵλεω
779 791 1030 859 γενέσθαι
1057 792 1147 844 τὸν
1181 791 1311 845 Θεὸν
1341 793 1525 855 αὐτοῖς
1557 790 1799 861 ἐξῄτουν

229 878 415 948 ἐπειδὴ
445 879 505 933 δὲ
545 880 640 932 καὶ
669 880 797 951 ἄχρι
840 880 933 934 τοῦ
971 881 1233 951 βασιλέως
1261 882 1535 953 ἐληλυθὼς
1567 883 1595 934 6
1626 881 1802 949 λόγος,

224 966 345 1018 ινὸδὲ
368 968 582 1029 ἐκεῖνος
607 968 888 1038 ἀμελήσας
909 970 1155 1038 φαίνεται
1175 969 1268 1023 τοῦ
1290 970 1612 1041 πράγματος
1632 986 1645 1001 ’
1668 969 1805 1023 ἀλλά

229 1058 407 1125 μικρά
444 1057 543 1109 τοῦ
588 1057 869 1126 βασιλικοῦ
902 1062 1193 1130 φροντίσας
1220 1060 1528 1131 ἀξιώματος
1552 1101 1565 1125 ,
1614 1062 1705 1114 τόν
1747 1077 1807 1113 τε

227 1141 423 1212 θρόνον
469 1144 632 1211 ἀφεὶς
677 1147 769 1198 τὸν
809 1148 1027 1209 οἰκεῖον,
1062 1149 1156 1201 καὶ
1187 1147 1284 1218 τὴν
1311 1148 1592 1219 βασιλικὴν
1618 1148 1809 1218 στολὴν

228 1233 568 1303 ἀπορρίψας,
600 1234 801 1289 σάκκον
828 1237 921 1289 καί
944 1236 1107 1300 αὐτὸς
1136 1237 1514 1308 περιθέμενος,
1547 1241 1639 1292 ent
1672 1257 1806 1292 67:0-

229 1322 321 1375 δοῦ
373 1323 744 1393 καθεζόμενος
795 1324 1059 1378 διετέλειο
1121 1327 1526 1397 προστάγματά
1574 1346 1632 1381 τε
1685 1328 1811 1398 ἑξῆς

232 1414 388 1483 παρά
396 1430 459 1466 τε
472 1414 567 1466 τοῦ
582 1414 842 1483 βασιλέως
857 1417 948 1468 καὶ
966 1415 1075 1469 τῶν
1087 1419 1208 1470 κατ’
1224 1418 1289 1470 αύ
1298 1419 1395 1489 τὴν
1411 1418 1521 1489 (56)
1537 1420 1813 1490 ἀρχόντων

234 1503 462 1574 ἒξετέθη
496 1504 590 1557 τοῦ
623 1504 697 1575 μή
733 1508 859 1569 τοὺς
886 1506 1205 1579 ἀνθρώπους
1246 1508 1426 1579 μόνον,
1459 1508 1593 1562 ἀλλά
1626 1510 1717 1563 καὶ
1748 1510 1816 1563 τά

1898 434 1989 488 tiae
2017 434 2173 504 signa
2207 432 2494 488 ediderint.
2533 432 2811 502 Jejunium
2856 434 3001 488 enim
3026 448 3125 502 per
3165 434 3466 501 civitatem,

1900 531 1959 578 ut
2009 525 2103 591 ait,
2138 524 2472 589 indixerunt,
2520 540 2848 595 saccumque
2894 525 3076 580 omnis
3106 532 3238 582 aetas
3265 526 3461 590 induit.

1900 612 2116 682 lugubri
2139 613 2325 669 habitu
2353 614 2446 669 Dei
2472 615 2811 670 clementiam
2830 616 3200 684 implorantes.
3228 614 3473 686 Cumque

1902 702 1971 757 ad
2028 704 2205 774 ipsum
2259 720 2434 774 usque
2474 719 2654 774 regem
2698 720 2879 761 sermo
2930 706 3261 772 devenisset,
3319 720 3389 760 ne
3426 704 3474 760 is

1903 793 2124 863 quidem
2149 810 2263 849 rem
2295 796 2448 864 parvi
2478 795 2606 850 fecit
2630 812 2645 861 ;
2672 796 2767 851 sed
2800 797 2947 866 regia
2977 807 3154 864 spreta
3187 795 3471 865 dignitate,

1904 886 2105 941 throno
2133 888 2348 955 relicto,
2397 890 2673 961 regalique
2705 900 2855 945 veste
2883 891 3114 959 abiecta,
3167 905 3389 945 saccum
3418 899 3478 947 et

1907 974 2027 1045 ipse
2056 975 2256 1044 induit,
2309 989 2473 1048 atque
2502 980 2557 1034 in
2606 983 2791 1035 cinere
2818 980 2960 1036 sedit
2985 998 2997 1033 :
3041 982 3415 1051 scriptumque
3444 995 3477 1035 ι

1908 1082 2034 1138 rege
2060 1069 2300 1125 edictum
2336 1080 2420 1125 est
2452 1078 2506 1126 et
2538 1087 2569 1126 a
2602 1074 2840 1127 civitatis
2879 1072 3237 1142 principibus,
3274 1080 3334 1127 ut
3367 1088 3478 1127 non

1909 1158 2085 1212 solum
2118 1158 2391 1224 homines,
2420 1176 2608 1215 verum
2639 1163 2802 1216 etiam
2842 1161 3090 1230 jumenta
3121 1161 3337 1215 illorum
3367 1175 3485 1214 ser-

1909 1247 2044 1302 vitio
2071 1248 2286 1304 addicta
2314 1253 2462 1305 omni
2492 1252 2692 1321 pabulo
2720 1261 2959 1323 potuque
2987 1259 3261 1308 carerent.
3296 1250 3483 1322 Neque

1913 1340 2177 1395 hactenus
2221 1341 2437 1396 illorum
2470 1344 2786 1412 pmnitentia
2811 1345 2996 1412 stetit;
3053 1343 3149 1398 sed
3179 1343 3325 1399 omni
3359 1351 3485 1399 ante

1915 1437 2051 1482 actae
2076 1428 2200 1482 vitae
2225 1429 2491 1485 maleficio
2515 1430 2741 1493 omisso,
2776 1432 3091 1500 mutuisque
3116 1428 3369 1499 imposito
3398 1428 3484 1482 in-

1914 1519 2076 1591 juriis
2121 1519 2245 1586 fine,
2279 1535 2608 1592 magnopere
2635 1522 2945 1591 sperabant,
2978 1521 3095 1576 fore
3128 1529 3187 1574 ut
3210 1521 3326 1591 ipse
3355 1534 3488 1589 quo-

235 1595 376 1665 πρὸς
411 1596 720 1666 ὑπηρεσίαν
751 1598 931 1661 αὐτοῖς
964 1600 1275 1670 τεταγμένα
1308 1600 1424 1663 ζῶα
1466 1602 1725 1664 παντοίας
1755 1619 1813 1654 τε

1938 1626 2027 1678 lue
2053 1609 2195 1664 Deus
2219 1612 2491 1679 pmnitens
2517 1612 2784 1680 perlatum
2813 1611 3089 1665 decretum
3121 1610 3369 1664 funditus
3395 1624 3492 1663 an-

236 1685 446 1754 τροφῆς
470 1687 563 1737 καὶ
588 1687 751 1739 ποτοῦ
771 1687 1044 1757 διαμένειν
1073 1690 1231 1752 έκτός
1250 1705 1263 1719 ·
1290 1690 1382 1742 καὶ
1409 1690 1468 1743 ού
1501 1690 1662 1761 μέχρι
1690 1689 1811 1743 τού-

1938 1702 2179 1769 .iquaret.
2219 1719 2237 1751 ι
2264 1700 2401 1765 Quis
2424 1700 2595 1766 enim,
2637 1701 2813 1770 inquit
2844 1701 3146 1770 Scriptura,
3179 1699 3331 1755 novit
3360 1714 3489 1753 num

236 1792 346 1828 των
377 1778 456 1844 (p.
483 1776 613 1845 855)
636 1777 871 1848 ἔστησαν
888 1780 985 1849 τὴν
1015 1780 1397 1850 μεταμέλειαν,
1426 1780 1561 1833 ἀλλὰ
1588 1781 1696 1851 γὰρ
1721 1781 1815 1833 καὶ

1938 1796 2054 1845 “orte
2087 1792 2406 1845 immutetur
2441 1792 2826 1862 mitigeturque
2852 1790 3016 1855 Deus,
3048 1800 3212 1859 atque
3252 1790 3323 1844 ab
3353 1797 3491 1845 azstu

237 1867 347 1922 τῶν
382 1868 556 1921 πάλαι
598 1870 783 1932 κακῶς
824 1871 1004 1933 αὐτοῖς
1042 1870 1428 1941 πραττομένων
1462 1870 1815 1936 ἀποστάντες,

1938 1880 2119 1933 'uroris
2155 1882 2241 1935 sui
2266 1882 2504 1946 recedat,
2537 1883 2698 1938 nobis
2723 1882 3128 1937 incolumibus?
3155 1898 3173 1932 ι
3207 1878 3339 1945 Quae
3363 1894 3496 1936 sane

240 1960 426 2028 πάσης
446 1975 508 2011 τε
540 1958 641 2028 τῆς
662 1961 740 2023 εἰς
771 1960 991 2028 ἑτέρους
1012 1959 1225 2022 ἀδικίας
1248 1960 1577 2030 χωρίσαντες
1599 1960 1815 2024 αὐτοὺς,

1938 1967 2025 2021 lici
2057 1969 2128 2021 ab
2153 1970 2235 2024 eis
2261 1985 2367 2023 non
2412 1977 2727 2040 potuerunt,
2765 1970 2868 2024 nisi
2902 1968 3237 2039 propheticis
3267 1966 3497 2021 vocibus

242 2049 451 2118 σφόδρα
484 2066 549 2117 γε
583 2051 843 2120 ἀνέμενον
868 2050 929 2103 τὸ
968 2050 1063 2103 καὶ
1090 2050 1181 2103 τὸν
1208 2050 1338 2103 Θεὸν
1374 2050 1459 2119 ἐφ’
1493 2046 1574 2113 οἷς
1606 2052 1820 2121 ἀπεφή-

1938 2056 2154 2111 'uissent
2188 2058 2397 2113 edocti:
2456 2059 2510 2113 id
2555 2059 2701 2128 quod
2755 2072 2947 2127 reapse
2991 2057 3193 2111 factum
3232 2054 3499 2124 propheta

242 2155 371 2190 νατο
403 2140 531 2191 κατ’
560 2138 740 2191 αὐτῶν
780 2139 1115 2208 μεταγνόντα
1146 2138 1303 2192 λῦσαι
1334 2139 1428 2209 τὴν
1448 2139 1819 2209 ἐξενεχθεῖσαν

1938 2149 2079 2203 licit.
2114 2148 2232 2204 Jam
2265 2160 2557 2221 postquam
2585 2167 2680 2207 eos
2709 2150 2961 2223 cognovit
2993 2148 3135 2205 Deus
3162 2148 3309 2203 vitiis
3333 2148 3501 2203 omis-

243 2229 528 2297 ἀπόφασιν
556 2229 835 2292 παντελῶς
859 2248 873 2261 ο
922 2248 940 2281 ι
972 2229 1069 2292 Τίς
1103 2229 1229 2301 γάρ,
1267 2227 1599 2301 φησὶν,οῖδεν
1644 2232 1691 2283 εἰ
1726 2249 1819 2301 με-

245 2321 505 2390 τανοήσει
537 2321 633 2373 καὶ⁵
660 2320 1138 2393 παρακληθήσεται
1175 2322 1204 2373 6
1237 2321 1390 2385 Θεὸς,
1419 2322 1514 2374 καὶ
1542 2323 1821 2393 ἀποστρέο

1926 2240 2003 2294 sis
2026 2239 2093 2292 ad
2117 2240 2371 2295 virtutem
2392 2243 2635 2305 tendere,
2664 2242 2941 2297 decretum
2971 2241 3084 2311 ipse
3110 2253 3328 2309 quoque
3355 2235 3500 2306 quod

1927 2329 1982 2383 in
2017 2344 2112 2385 eos
2143 2331 2344 2385 tulerat
2370 2333 2676 2403 abrogavit.

243 2410 335 2481 ψει
370 2412 483 2464 ἀπὸ
512 2412 684 2481 όργῆς
721 2411 892 2482 θυμοῦ
920 2412 1103 2476 αὑτοῦ,
1133 2414 1227 2466 καὶ
1267 2414 1326 2465 ού
1376 2413 1450 2483 μὴ
1480 2412 1845 2481 ἀπολώμεθα;
1879 2436 1897 2468 ι
1940 2418 2084 2491 άπερ
2117 2418 2210 2476 οὖν
2246 2424 2345 2494 οὐχ
2375 2419 2489 2477 οἷόν
2522 2442 2580 2478 τε
2615 2425 2794 2492 λέγειν
2822 2424 3018 2485 αὐτοὺς
3052 2420 3126 2491 μὴ
3168 2421 3232 2472 ὲκ
3261 2418 3368 2471 τῶν
3407 2416 3502 2471 τού
3584 2422 3603 2429 ⁸

246 2508 535 2577 προφήτου
594 2506 1002 2577 δεδιδαγμένους
1049 2508 1268 2575 φωνῶν·
1325 2507 1483 2561 τοῦτο
1549 2508 1612 2578 δὴ
1671 2510 1763 2561 καί
1808 2514 2135 2584 γεγενῆσθαί
2183 2534 2349 2588 φησιν
2401 2521 2429 2571 6
2488 2521 2811 2591 προφήτης’
2870 2519 2962 2571 καὶ
3021 2515 3318 2586 ἐπειδήπερ
3365 2508 3504 2565 εἶδεν

250 2595 448 2656 αὐτοὺς
476 2595 508 2645 6
534 2593 668 2657 Θεὸς
688 2596 1029 2659 ἀποστάντας
1061 2597 1160 2666 μὲν
1187 2596 1297 2650 τῶν
1327 2596 1606 2668 χειρόνων,
1643 2597 1941 2664 νεύσαντας
1968 2602 2024 2654 δὲ
2057 2606 2190 2674 πρὸς
2214 2607 2275 2659 τὸ
2304 2611 2571 2678 κρεῖττον,
2601 2609 2756 2663 ἔλυσε
2787 2609 2879 2662 καὶ
2905 2607 3066 2670 αὐτὸς
3088 2606 3191 2675 ’τὴν
3232 2602 3503 2671 ἀπόφασιν

251 2686 429 2754 ἥνπερ
461 2682 557 2737 οὖν
583 2684 888 2757 ἐξενηνόχει
915 2687 1037 2739 κατ’
1070 2687 1269 2743 αὐτῶν.

911 2778 1066 2830 ΚΕΦ.
1102 2781 1175 2831 Δ’.

325 2868 475 2938 Στίχ.
510 2866 653 2922 α’-δ’.
680 2898 749 2908 --
782 2888 799 2918 ι
865 2869 986 2921 Ἐπὶ
1019 2868 1229 2931 τούτοις
1269 2869 1511 2941 ἐλυπήθη
1531 2910 1545 2935 ,
1576 2869 1764 2939 φησιν,
1798 2870 1828 2921 6

2007 2864 2167 2935 168
2202 2864 2365 2921 Vens.
2400 2868 2511 2921 1-4.
2537 2782 2992 2939 ffflislzestis,
3023 2870 3199 2941 pergit
3220 2866 3505 2939 Scriptura

269 2961 455 3022 Ἰωνᾶς
501 2960 683 3029 λύπην
741 2959 983 3029 μεγάλην
1027 2960 1121 3013 καὶ
1164 2960 1450 3031 συνεχύθη.
1492 2979 1509 3011 ι
1554 2959 1830 3020 Εἰκότως·

1938 2953 2136 3016 dicere,
2176 2971 2431 3027 magnum
2479 2961 2754 3013 contraxit
2785 2958 2956 3015 Jonas
2988 2975 3305 3023 maerorem,
3348 2959 3510 3030 eique

256 3051 642 3120 διεταράττετο
668 3050 777 3119 γὰρ
808 3050 884 3111 ὡς
930 3049 1245 3113 ἀπατεῶνος
1282 3050 1375 3102 καὶ⁵
1398 3048 1636 3117 ψεύστου
1671 3045 1832 3110 δόξαν

262 3141 479 3211 μέλλων
527 3140 900 3211 ἀποφέρεσθαι
944 3142 1074 3210 παρ’
1116 3141 1303 3203 αὐτοῖς
1327 3181 1341 3205 ,
1382 3140 1462 3193 ὅτι
1501 3141 1529 3191 6
1572 3138 1669 3208 μὲν
1706 3136 1837 3190 εἴσω

259 3232 432 3304 τριῶν
461 3231 690 3302 ἡμερῶν
721 3231 1013 3301 ἠπείλησεν
1043 3230 1260 3284 ἔσεσθαι
1291 3230 1392 3301 τὴν
1415 3228 1798 3298 καταστροφήν
1819 3245 1832 3258 ·

262 3322 485 3389 ἐγένετο
524 3322 582 3374 δὲ
613 3322 763 3375 οὐδέν
780 3337 793 3350 °
827 3318 945 3374 εἶτα
974 3324 1066 3374 καὶ
1093 3322 1227 3391 πρὸς
1253 3320 1344 3374 τὸν
1372 3321 1502 3373 Θεὸν
1530 3319 1838 3388 ἀποϐλέψας

264 3414 454 3482 ἔλεγεν
479 3429 493 3440 ·
533 3432 554 3464 ι
589 3414 701 3483 Ούχ
723 3408 866 3466 οὗτοι
891 3414 940 3465 οἰ
971 3411 1119 3481 λόγοι
1151 3429 1250 3482 μου
1283 3408 1422 3483 ἦσαν
1451 3410 1531 3463 ἔτι
1557 3411 1707 3473 ὄντος
1739 3427 1839 3479 μου

266 3507 322 3557 ὲν
354 3507 424 3574 τῇ
454 3506 529 3573 γῇ
560 3520 696 3573 μου;
742 3504 830 3556 διὰ
858 3503 1014 3555 τοῦτο
1056 3502 1379 3573 προέφθασα
1406 3501 1500 3555 τοῦ
1542 3503 1732 3569 φυγεῖν
1762 3502 1841 3563 εἰς

270 3594 543 3663 Θαρσεῖς,
572 3594 706 3646 διότι
745 3593 915 3662 ἔγνων
946 3595 1026 3646 ὅτι
1054 3595 1117 3646 σὺ
1142 3594 1389 3663 ὲλεήμων
1422 3588 1474 3646 εἰ
1498 3594 1590 3645 καὶ
1638 3592 1844 3660 οἰκτίρ-

276 3703 415 3754 μων,
460 3684 813 3754 μακρόθυμος
853 3684 946 3735 καὶ
979 3683 1267 3745 πολυέλεος
1294 3685 1387 3735 καὶ
1437 3681 1711 3751 μετανοῶν
1753 3682 1844 3733 ἐπὶ

272 3775 391 3832 ταῖς
423 3773 666 3833 κακίαις.
721 3791 739 3823 ι
772 3769 966 3838 Σαφῶς
1009 3771 1114 3841 γάρ
1146 3770 1412 3839 ἐδήλωσεν
1446 3770 1527 3821 ὅτι
1563 3767 1723 3820 τοῦτο
1753 3766 1846 3818 καὶ

274 3865 371 3932 τῆς
402 3864 584 3932 φεγῆς
611 3860 760 3931 αὐτῷ
786 3860 1006 3929 γέγονεν
1055 3861 1245 3922 αἴτιον,
1287 3858 1363 3928 (ρ.
1410 3856 1536 3929 956)
1562 3857 1624 3909 τὸ
1650 3855 1847 3908 εἰδέναι

274 3954 357 4004 ὅτι
386 3951 767 4020 φιλάνθρωπος
812 3949 908 4011 ῶν,
966 3951 1014 4001 εἰ
1051 3946 1519 4019 μεταϐαλομένους
1569 3946 1700 4010 ῐδοι,
1749 3945 1848 4015 τὴν

279 4042 558 4109 ἀπόφασιν
592 4040 810 4104 πάντως
854 4039 1072 4104 ἀλλάξει
1108 4038 1208 4107 τὴν
1252 4038 1456 4090 οἰκείαν
1481 4051 1494 4064 ⁶
1544 4037 1626 4088 ὅτι
1664 4052 1725 4087 τε
1762 4035 1849 4086 ὲν-

282 4132 469 4185 τεῦθεν
508 4130 660 4200 αὐτῷ
697 4129 993 4201 περιέσται
1013 4128 1073 4181 τὸ
1115 4126 1349 4196 ψεύστου
1396 4126 1539 4189 τινὸς
1569 4127 1663 4179 καὶ
1710 4125 1851 4177 ἀπα-

281 4223 481 4285 τεῶνος
530 4221 686 4286 δόξαν
737 4220 920 4274 λαϐεῖν
980 4221 1109 4291 παρ’
1165 4218 1348 4283 αὐτοῖς
1374 4236 1389 4251 ο
1443 4217 1564 4271 ὅθεν
1617 4217 1845 4283 ἐπάγει⁴

290 4334 309 4365 ι
350 4280 871 4375 Καὶ-νῦνξΔέσποτα
896 4280 1087 4382 Κύριε,
1115 4310 1248 4364 λάϐε
1280 4280 1376 4381 τήν
1402 4308 1580 4379 ψυχήν
1626 4280 1849 4378 μουνάτε
1882 4280 1926 4336 D

284 4405 416 4474 ἐμοῦ
438 4444 454 4467 ,
484 4405 568 4456 ὅτι
592 4404 753 4456 καλόν
795 4420 882 4472 μοι
913 4403 973 4456 τὸ
1014 4403 1304 4456 ἀποθανεῖν
1349 4418 1417 4472 με
1456 4400 1655 4471 μᾶλλον
1688 4398 1721 4468 ἢ
1754 4396 1852 4468 ζῇν

290 4514 374 4565 με.
413 4515 431 4546 ι
470 4496 573 4547 Διά
607 4495 663 4547 δὲ
688 4495 878 4548 τούτου
898 4537 913 4559 ,
940 4495 1096 4565 φησι,
1125 4495 1216 4547 τὸν
1243 4494 1471 4548 θάνατον
1495 4490 1853 4561 αἰρετώτερον

287 4586 453 4656 κρινῶ
500 4585 598 4638 τοῦ
647 4587 783 4655 μετά
826 4585 983 4655 δόξης
1016 4585 1273 4655 τοιαύτης
1306 4583 1406 4655 ζῇν
1448 4583 1599 4653 παρὰ
1627 4584 1740 4643 τοῖς
1770 4580 1856 4633 ἀν-

288 4675 544 4745 θρώποις.
563 4675 625 4729 Ὀ
651 4676 747 4745 μὲν
772 4672 864 4730 οὖν
892 4675 1023 4740 Θεὸς
1051 4678 1080 4729 6
1107 4676 1202 4730 καὶ
1228 4675 1361 4746 πρὸς
1381 4674 1507 4735 τοὺς
1536 4670 1858 4743 μετανοοῦν-

286 4764 386 4828 τας
437 4763 827 4836 φιλάνθρωπος
872 4766 969 4817 καὶ
1011 4767 1125 4828 τοῖς
1176 4764 1398 4827 οἰκείοις
1444 4763 1650 4832 ἥμερος
1696 4761 1857 4827 ἄγαν,

293 4855 656 4926 ἔντρεπτικῶς
713 4855 985 4925 ἐπιτιμῶν
1032 4855 1110 4926 τῷ
1162 4856 1416 4927 προφήτῃ
1464 4852 1659 4922 φησιν’
1719 4870 1738 4902 ι
1799 4851 1861 4903 Εἰ

299 4948 496 5020 σφόδρα
541 4947 891 5018 λελύπησαι;
939 4967 959 5000 ι
1010 4948 1132 5001 ἀντὶ
1184 4949 1279 5001 τοῦ
1305 4989 1320 5011 ,
1365 4948 1588 5008 Ἔοικας
1626 4943 1857 5013 ἀθυμεῖν

297 5039 559 5091 τοσούτων
622 5039 984 5108 σεσωσμένων
1002 5056 1017 5071 ο
1053 5040 1172 5092 δέον
1200 5038 1525 5109 ἀντισηκοῦν
1557 5039 1623 5107 τῇ
1653 5033 1857 5106 ὑπολή-

297 5130 385 5196 ψει
404 5131 464 5199 τῇ
495 5129 695 5182 σαυτοῦ
719 5131 817 5199 τὴν
837 5129 1054 5183 πάντων
1078 5130 1371 5201 σωτηρίαν,
1389 5129 1482 5182 καὶ
1505 5126 1861 5199 αἱρετώτερον

300 5221 532 5290 νομίζειν
560 5220 725 5273 αὐτόν
755 5238 814 5273 σε
842 5222 1079 5274 τοιοῦτον
1110 5220 1508 5291 ὑποληφθῆναι,
1538 5220 1570 5291 ἢ
1594 5217 1861 5272 τοσούτων

302 5311 570 5364 ἀπώλειαν
602 5311 955 5379 γεγενῆσθαι.

370 5401 513 5470 Στίχ.
548 5401 697 5470 ε’-η’.
736 5431 807 5442 —
856 5404 913 5455 ὐ
957 5404 1012 5456 δὲ
1054 5404 1340 5474 προφήτης
1390 5401 1723 5473 ἐξεληλυθὼς
1770 5402 1868 5473 τῆς

372 5584 482 5654 (36)
515 5585 593 5639 Ita
620 5584 741 5640 cod.

1936 3044 2151 3099 animus
2175 3047 2525 3114 perturbatus
2545 3056 2647 3102 est.
2679 3068 2697 3099 ι
2732 3047 2917 3119 Neque
2943 3048 3234 3103 immerito.
3265 3047 3511 3103 Timebat

1936 3132 2080 3186 enim
2115 3149 2185 3189 ne
2213 3134 2338 3187 vani
2360 3143 2413 3189 et
2442 3136 2720 3191 mendacis
2741 3137 3051 3206 opinionem
3075 3135 3218 3207 apud
3243 3135 3512 3192 Ninivitas

1938 3223 2279 3292 acquireret:
2341 3227 2779 3296 quandoquidem
2833 3228 2950 3297 ipse
2991 3228 3212 3298 quidem
3264 3227 3509 3282 futurum

1939 3315 2179 3370 minatus
2206 3325 2324 3370 erat
2354 3318 2496 3371 intra
2528 3326 2639 3372 tres
2662 3318 2779 3372 dies
2806 3317 3077 3373 excidium
3103 3336 3119 3385 ;
3172 3318 3309 3372 nihil
3334 3326 3511 3374 autem

1940 3404 2067 3459 inde
2085 3414 2441 3461 consecutum
2463 3417 2567 3462 est.
2599 3406 2720 3460 Mox
2753 3405 2920 3460 Deuin
2961 3407 3267 3476 suspiciens
3295 3407 3472 3461 aiebat
3497 3425 3510 3458 :

1947 3512 1966 3547 ι
2008 3494 2199 3551 Nonne
2229 3497 2315 3551 hic
2338 3507 2455 3551 erat
2477 3513 2657 3552 sermo
2687 3512 2860 3561 meus,
2894 3496 3023 3550 dum
3052 3497 3231 3552 adhuc
3254 3498 3308 3551 in
3344 3500 3516 3567 patria

1942 3587 2163 3655 regione
2211 3589 2499 3642 versarer?
2560 3589 2791 3657 ideoque
2824 3589 3004 3658 fugam
3040 3591 3093 3642 in
3143 3589 3370 3643 Tharsis
3401 3604 3516 3642 ma-

1944 3684 2251 3731 turaveram
2278 3695 2292 3744 ;
2324 3678 2450 3747 quia
2490 3684 2544 3732 te
2573 3678 2894 3732 clementem
2931 3693 3185 3732 noveram
3214 3686 3268 3732 et
3300 3679 3519 3733 miseri-

1945 3768 2189 3828 cordem,
2218 3768 2508 3836 patientem
2533 3766 2826 3821 admodum
2849 3776 2903 3822 et
2936 3767 3329 3837 indulgentem,
3356 3776 3519 3836 atque

1947 3857 2333 3914 obliviscendis
2368 3857 2584 3927 injuriis
2634 3856 2870 3912 facilem.
2899 3877 2919 3910 ι
2955 3857 3250 3927 Perspicue
3294 3858 3521 3912 demon—

1947 3957 2087 4004 strat
2118 3948 2259 4003 hanc
2294 3949 2396 4003 sibi
2430 3947 2569 4016 fugae
2600 3962 2825 4002 causam
2865 3949 3059 4015 fuisse,
3090 3950 3213 4018 quia
3248 3957 3517 4005 mutatum

1950 4042 2015 4095 iri
2042 4040 2319 4097 decretum
2352 4049 2598 4103 noverat,
2638 4041 2686 4095 si
2739 4039 2882 4097 Deus
2929 4041 3388 4096 clementissimus
3414 4040 3504 4092 im.

1951 4132 2151 4186 mutari
2184 4132 2407 4189 vidisset
2453 4132 2733 4199 homines;
2795 4147 2855 4187 se
2885 4147 3012 4186 vero
3042 4131 3251 4187 fallacis
3286 4131 3519 4185 hominis

1954 4238 2017 4277 ac
2042 4223 2347 4294 deceptoris
2405 4222 2602 4277 famam
2672 4233 3090 4291 aucupaturutn.
3169 4223 3349 4286 Quare
3405 4221 3516 4273 ait:

1964 4331 1981 4361 ι
2006 4310 2183 4377 Nunc,
2213 4320 2403 4380 potens
2437 4309 2686 4375 Domine,
2720 4311 2973 4379 spiritum
3014 4308 3144 4361 mihi
3174 4309 3345 4377 eripe,
3395 4305 3522 4376 quia

1961 4404 2097 4459 mori
2120 4403 2251 4457 mihi
2280 4418 2444 4472 quam
2467 4404 2649 4458 vivere
2670 4403 2843 4457 satius
2868 4409 2968 4456 est.
3002 4419 3022 4453 ι
3060 4399 3361 4469 Optabilior
3382 4400 3523 4453 enim

1963 4495 2115 4557 mihi,
2179 4495 2372 4563 inquit,
2423 4509 2570 4549 mors
2611 4502 2714 4557 est,
2769 4507 2930 4562 quam
2982 4493 3038 4546 in
3085 4491 3189 4544 hac
3247 4491 3527 4545 hominum

1962 4587 2216 4656 opinione
2263 4586 2485 4641 versari.
2525 4584 2662 4640 Tum
2694 4584 2839 4640 Deus
2882 4584 3262 4655 ptenitentium
3298 4590 3527 4645 amator,

1965 4680 2188 4746 suisque
2218 4676 2507 4730 admodum
2541 4677 2707 4737 mitis,
2762 4677 3021 4755 pudorem
3052 4674 3202 4730 Jonas
3237 4673 3527 4733 incutiens,

1966 4765 2237 4836 increpuit
2266 4768 2487 4822 dicens:
2530 4786 2547 4818 ι
2568 4763 2706 4820 Num
2738 4768 2835 4822 tibi
2882 4781 3209 4838 magnOpere
3240 4764 3385 4819 dolet
3413 4763 3531 4815 ani-1

1968 4875 2089 4916 mus
2111 4861 2169 4913 ?»
2198 4859 2402 4930 Nempe
2418 4875 2648 4915 interere
2664 4859 2888 4923 videris,
2908 4858 3056 4930 quod
3086 4864 3234 4911 tanta
3252 4853 3529 4908 hominum

1969 4952 2257 5007 multitudo
2283 4961 2604 5008 conservata
2627 4954 2718 5008 sit.
2747 4952 2909 5022 Atqui
2940 4950 3166 5006 deberes
3190 4958 3530 5002 communem

1966 5044 2195 5098 salutem
2223 5043 2360 5113 aequi
2396 5043 2635 5114 bonique
2662 5043 2949 5098 consulere
2972 5054 3083 5110 prae
3111 5038 3250 5092 fama
3276 5044 3401 5100 tua;
3433 5035 3531 5087 tui-

1967 5146 2071 5201 que
2102 5132 2339 5189 nominis
2358 5134 2651 5199 maculam,
2682 5145 2845 5204 quam
2872 5138 2950 5184 tot
2972 5128 3250 5182 hominum
3282 5125 3530 5191 exitium,

1968 5224 2145 5279 malle.

2040 5403 2208 5460 Vsus.
2238 5405 2357 5463 5-8.
2391 5437 2457 5446 --
2488 5403 2641 5463 Tunc
2721 5403 2856 5459 urbe
2919 5400 3179 5473 propheta
3250 5413 3528 5473 egressus,

3963 1440 3965 1535 ἰ

3964 2672 3965 2755 ἰ

3964 2806 3965 2895 ἰ

3964 3052 3965 3123 ι

3964 3180 3965 3261 ἰ

3964 3452 3965 3525 ι
