4054 6238
498 272 604 331 τιὲὸ

1694 276 2041 333 THEODORI
2073 274 2552 333 MOPSUESTENI

3635 276 3703 329 ὅιί
3720 274 3743 329 ί

492 383 678 422 coram
727 364 949 428 resedit,
1010 362 1279 436 tuguriolo
1333 363 1405 418 ibi
1455 375 1820 421 constructo:
1858 369 1911 421 in
1956 384 2059 437 quo

2168 367 2392 431 πόλεως,
2441 365 2728 428 ἐκαθέζετο
2756 365 3109 435 κατάντικρυ,
3143 364 3347 436 σκηνὴν
3376 363 3553 435 ἐαυτῷ
3577 368 3744 435 ποιή-

497 476 743 525 manens,
786 457 1030 529 nunquid
1063 465 1325 528 praeterea
1369 459 1572 513 civitati
1606 459 1776 525 ﬁeret,
1812 461 2070 516 observa-

498 550 626 602 bat:
676 549 947 601 minarum
989 547 1132 599 enim
1183 546 1502 614 gravitatem
1550 563 1732 602 secum
1784 558 2065 618 reputans,

498 629 845 682 existimabat
878 629 1003 681 hinc
1036 628 1242 697 aliquid
1274 638 1719 683 consecuturum.
1753 629 1870 683 Mox
1901 631 2068 700 jussit

496 709 639 764 Deus
671 720 729 763 ut
771 712 1054 765 cucurbita
1082 721 1301 778 repente
1329 719 1455 763 nata
1480 713 1755 779 tugurium
1783 720 1975 772 totum,
2011 715 2063 767 in

494 807 605 861 quo
651 792 914 860 propheta
955 793 1293 856 versabatur,
1332 792 1521 846 umbra
1558 794 1867 861 obtegeret:
1907 794 2067 864 169

495 890 663 943 quare
704 872 873 928 Jonas
910 875 1134 943 putabat
1170 874 1458 944 quamdam
1496 890 1555 929 se
1602 874 1820 928 domum
1868 877 2066 931 habere

495 957 764 1011 densitate
793 955 1044 1010 foliorum
1079 956 1520 1027 circumseptam.
1550 955 1614 1008 Et
1637 958 1855 1025 quidem
1904 973 2064 1027 poma

494 1053 709 1109 quoque
745 1037 944 1091 aﬂ'atim
980 1039 1219 1107 undique
1237 1039 1598 1108 dependentia
1622 1042 1914 1093 maximam
1946 1042 2066 1093 aui-

493 1135 583 1175 mo
626 1122 935 1189 praebebant
978 1120 1420 1176 oblectationem.
1466 1122 1595 1186 His,
1644 1124 1894 1191 inquam,
1936 1140 2064 1193 pro-

493 1204 654 1274 pheta
706 1217 1035 1271 magnopere
1091 1204 1390 1257 latabatur.
1458 1203 1561 1257 Sed
1626 1208 1769 1257 enim
1822 1206 1949 1259 dum
2001 1223 2066 1260 eo

493 1285 780 1347 miraculo,
823 1285 1007 1353 reique
1041 1297 1258 1353 aspectu
1299 1294 1459 1353 atque
1522 1302 1622 1340 usu
1659 1285 1879 1348 fruitur,
1936 1290 2063 1341 dum

492 1367 661 1421 multa
723 1365 795 1419 ob
846 1366 899 1419 id
958 1367 1230 1436 voluptate
1307 1368 1689 1436 perfunditur,
1754 1378 1916 1440 atque
1964 1370 2067 1424 hac

492 1448 596 1501 sibi
661 1448 997 1501 recreatione
1058 1449 1250 1502 beatus
1295 1450 1551 1515 videtur;
1598 1451 1784 1505 divino
1848 1460 2067 1521 repente

492 1538 625 1583 nutu
688 1530 1024 1584 vermiculus
1093 1531 1291 1599 plantae
1352 1532 1609 1596 innatus,
1687 1534 1828 1586 hanc
1878 1534 2067 1589 confe-

493 1612 618 1665 stim
672 1613 918 1681 eorrupit
956 1620 1119 1681 atque
1157 1613 1472 1666 exsiccavit.
1534 1611 1652 1666 Jam
1695 1615 1840 1667 hunc
1868 1616 2067 1669 vermi-

2170 477 2288 525 σας,
2314 460 2407 513 καὶ
2440 458 2543 511 ὑπὸ
2573 457 2775 528 ταύτην
2801 458 3023 526 διάγων,
3054 458 3212 527 ἄχρις
3252 457 3347 509 ίδοι
3380 457 3436 508 τί
3475 473 3603 510 ποτε
3634 459 3746 527 ἄρα

2167 549 2373 617 γένοιτο
2399 548 2559 601 πλέον
2579 548 2707 619 περὶ
2728 546 2824 617 τὴν
2847 548 3017 601 πόλιν·
3049 548 3146 618 τῆς
3165 547 3274 617 γὰρ
3306 547 3533 616 ἀπειλῆς
3561 547 3620 599 τὸ
3644 548 3745 616 μέ-

2170 639 2329 706 γεθος
2354 639 2801 710 ἀναλογιζόμενος
2824 637 3168 708 ύπελάμὸανέ
3189 654 3242 689 τι
3258 637 3318 689 τὸ
3334 638 3491 706 τυχὸν
3509 637 3600 690 καὶ
3622 636 3742 688 ἔσε-

2172 728 2294 782 σθαι
2326 728 2462 799 μετὰ
2490 728 2674 781 τοῦτο·
2714 723 2831 781 εἶτα
2860 727 3188 799 προσέταξεν
3211 729 3238 779 6
3259 726 3388 790 Θεὸς
3410 726 3742 779 κολόκυνθαν

2170 819 2362 889 ἀθρόον
2396 821 2711 888 ἐκφυεῖσαν,
2749 819 2966 872 ἃπασαν
3000 818 3095 888 τὴν
3126 817 3329 887 σκηνὴν
3361 820 3417 869 ὲν
3442 811 3590 889 ᾗπερ
3612 813 3681 885 ἦν
3709 819 3741 869 6

2166 908 2450 978 προφήτης
2496 906 2781 977 πληρῶσαι
2817 908 2972 967 σκιᾶς
2994 922 3009 935 '
3047 912 3064 974 (
3089 923 3140 975 p.
3167 906 3267 960 257
3294 906 3311 975 )
3342 906 3416 969 ὡς
3448 907 3543 959 καὶ
3575 905 3741 956 αὑτὸν

2164 997 2340 1050 δοκεῖν
2369 998 2543 1060 οἰκίας
2571 997 2712 1059 τινὸς
2740 998 2947 1068 σκέπην
2976 996 3119 1067 ἔχειν
3148 996 3225 1066 τῷ
3253 996 3445 1066 πλήθει
3471 996 3576 1048 τῶν
3605 996 3736 1064 φύλα

2169 1087 2275 1140 λων
2295 1103 2308 1116 ⁸
2340 1088 2432 1140 καὶ
2457 1088 2521 1159 δὴ
2550 1088 2644 1141 καὶ
2686 1088 2776 1140 τὸν
2803 1089 3012 1158 καρπὸν
3050 1087 3385 1157 πανταχόθεν
3426 1088 3618 1160 ἀθρόον
3647 1088 3742 1140 ὲκ-

2170 1176 2537 1249 κρεμάμενον,
2577 1177 2835 1247 πλείστην
2863 1177 2984 1230 τινὰ
3012 1178 3270 1247 παρέχειν
3298 1176 3445 1246 αὐτῷ
3473 1178 3571 1246 τὴν
3596 1177 3738 1245 ψυχ-

2166 1267 2446 1336 αγωγίαν·
2500 1263 2601 1339 ἧσε
2651 1267 2808 1321 τοῦτο
2854 1269 2943 1321 τὸν
2988 1270 3272 1338 προφήτην
3312 1266 3385 1329 ὡς
3428 1268 3573 1327 εἰκὸς
3610 1283 3740 1336 τερ-

2168 1358 2366 1426 φθέντα
2391 1356 2469 1428 τῷ
2493 1359 2777 1430 παραδόξῳ
2801 1360 2896 1427 τῆς
2922 1376 2980 1411 τε
3012 1359 3137 1421 θέας
3166 1359 3260 1410 καὶ
3299 1358 3398 1427 τῆς
3425 1358 3611 1427 χρείας
3640 1358 3738 1411 τοῦ

2166 1448 2446 1517 γεγονότος
2469 1466 2484 1480 ο
2512 1449 2585 1512 ὡς
2608 1449 2664 1501 δὲ
2700 1450 2899 1521 πολλὴν
2933 1451 3026 1503 ἐπὶ
3057 1450 3134 1519 τῷ
3177 1448 3461 1520 πράγματι
3489 1449 3587 1519 τὴν
3615 1449 3741 1519 ἡδο-

2166 1538 2261 1608 νὴν
2289 1538 2437 1607 ἔσχε,
2466 1540 2557 1591 καὶ
2588 1539 2860 1609 ἁρκοῦσάν
2904 1556 3026 1594 τινα
3061 1539 3376 1611 κομίζεσθαι
3425 1538 3526 1609 τὴν
3565 1539 3741 1609 ψυχα-

2166 1628 2373 1696 γωγίαν
2422 1628 2671 1681 ἐντεῦθεν
2709 1629 2922 1697 ἐδόκει,
2955 1630 3148 1700 ἀθρόον
3190 1630 3352 1681 πάλιν
3397 1629 3737 1698 ὲπιτάγματι

491 1693 673 1746 culum
695 1692 976 1763 Scriptura
999 1694 1322 1747 matutinum
1343 1704 1520 1758 vocat,
1540 1706 1597 1748 ut
1613 1695 1877 1766 signiticet
1896 1712 2059 1766 genus

2169 1692 2294 1787 θείω
2322 1716 2537 1789 σκώληξ
2580 1718 2881 1786 ὲγγεγονὼς
2906 1692 2982 1788 τῷ
3022 1692 3172 1787 φυτῷ
3201 1719 3344 1771 ἅπαν
3378 1692 3737 1787 ἁθρόονναύτὸ

491 1782 760 1850 serpentis
793 1782 1065 1834 matutino
1098 1789 1341 1851 tempore
1376 1782 1486 1837 Deo
1515 1786 1729 1839 volente
1777 1786 1831 1838 in
1869 1787 2063 1841 arbore

491 1868 678 1935 geniti,
714 1867 853 1922 hanc
879 1869 1097 1937 penitus
1128 1871 1499 1925 exsiccavisse
1524 1889 1536 1923 :
1593 1872 1668 1925 ita
1695 1879 1756 1925 ut
1785 1881 1907 1926 orto
1935 1889 2059 1927 mox

490 1954 624 2016 sole,
658 1953 953 2009 vehemens
986 1955 1040 2008 in
1096 1953 1289 2009 Jonam
1320 1957 1518 2013 solaris
1544 1956 1774 2013 flamma:
1812 1959 2064 2013 inciderit

490 2039 696 2094 radius.
746 2039 929 2111 Pergit
977 2040 1258 2111 Scriptura
1302 2043 1523 2099 dicere:
1567 2044 1871 2115 «Praecepit
1920 2045 2061 2101 Deus

488 2126 706 2196 spiritui
734 2128 917 2183 calido
942 2131 1118 2184 urenti
1150 2139 1209 2184 ut
1234 2132 1448 2187 saeviret
1476 2133 1530 2186 in
1559 2132 1711 2187 Jonas
1735 2143 1931 2202 caput;
1967 2134 2059 2202 qui

487 2214 670 2268 animo
712 2216 1009 2271 concidens
1033 2217 1147 2287 jam
1193 2219 1360 2272 vitam
1409 2222 1720 2289 respuebat.
1746 2239 1767 2272 ι
1810 2221 1887 2273 lta
1935 2236 2061 2276 vero

486 2300 844 2371 intelligimus
887 2302 1031 2357 haud
1059 2316 1383 2359 consuetum
1424 2305 1570 2359 hunc
1609 2305 1779 2361 fuisse
1799 2308 2059 2373 calorem,

487 2386 583 2441 sed
620 2386 892 2442 flammam
929 2389 1307 2459 gravissimam
1343 2390 1530 2446 divino
1565 2393 1796 2447 consilio
1852 2394 2062 2448 immis-

487 2486 640 2539 sam;
672 2474 829 2543 cujus
858 2488 1026 2529 causa
1049 2477 1309 2544 majorem
1346 2478 1509 2532 solito
1548 2479 1762 2547 patiens
1791 2480 2059 2550 propheta

485 2574 729 2624 sensum,
766 2564 1137 2619 vehementius
1171 2565 1492 2634 angebatur,
1530 2582 1831 2638 parumque
1853 2569 2059 2635 aberat,

486 2649 620 2718 quin
648 2650 811 2703 vitam
838 2651 1111 2706 amitteret
1137 2652 1189 2706 vi
1224 2654 1447 2707 caloris.
1479 2651 1594 2708 lloc
1617 2655 1760 2709 enim
1792 2655 2061 2725 significat

490 2753 511 2788 ε
540 2737 699 2790 vitam
746 2739 1061 2808 respuebat.
1090 2759 1107 2790 ι
1146 2741 1235 2793 Ait
1276 2741 1438 2810 igitur
1474 2741 1623 2797 Deo:
1665 2762 1682 2793 ι
1707 2742 1895 2798 Melius
1928 2746 2058 2798 mihi

484 2828 625 2880 mori
654 2842 819 2895 quam
878 2829 1121 2883 vivere.)
1158 2828 1371 2893 Quibus
1416 2830 1599 2886 verbis
1650 2831 1752 2884 hoc
1793 2832 2058 2901 quodam-

487 2913 649 2967 modo
678 2914 890 2969 aiebat:
945 2914 1209 2969 Malorum
1269 2916 1398 2969 mihi
1435 2919 1681 2971 solamen
1733 2918 1847 2972 haec
1878 2921 2059 2989 planta

486 2997 621 3065 fuit;
669 2999 764 3054 sed
793 3000 977 3055 eadem
1011 3016 1135 3055 mox
1171 3000 1390 3055 defecit.
1430 3001 1541 3072 Ego
1578 3017 1707 3058 vero
1742 3012 1936 3073 praeter
1979 3005 2059 3060 fa-

2167 1807 2441 1876 ἁνήλωσέν
2463 1824 2523 1859 τε
2549 1809 2640 1859 καὶ
2674 1809 2932 1878 ἐξήρανεν
2972 1807 3244 1869 παντελῶς
3268 1824 3282 1839 ⁸
3314 1807 3374 1858 τὸ
3400 1806 3507 1876 γὰρ
3537 1826 3552 1856 ι
3593 1804 3740 1858 σκώ-

2165 1897 2289 1967 ληκι
2321 1899 2514 1969 ὲωθινῇ
2548 1917 2567 1949 ι
2601 1897 2769 1966 λέγει,
2792 1898 2877 1951 ἵνα
2895 1898 3022 1969 είπῃ
3049 1898 3131 1950 ὅτι
3160 1896 3327 1950 ἕωθεν
3349 1894 3738 1967 προστάγματι

2165 1985 2290 2056 θείῳ
2325 1985 2540 2057 σκώληξ
2580 1986 2775 2057 ἀθρόον
2821 1986 3043 2055 ὲκφυεὶς
3071 1987 3163 2037 ἐπὶ
3192 1984 3285 2037 τοῦ
3327 1984 3493 2052 φυτοῦ
3523 1982 3735 2054 ἀπεξή-

2166 2092 2324 2146 ρανεν
2360 2077 2536 2129 ὄιπαψ
2566 2075 2708 2129 ὥστε
2742 2076 3121 2138 ἀνατείλαντος
3167 2073 3261 2128 τοῦ
3308 2074 3456 2143 ἡλίου
3505 2073 3734 2143 σφοδρο-

2162 2169 2329 2237 τάτην
2363 2167 2511 2240 αύτῷ
2545 2167 2637 2220 τοῦ
2691 2167 2917 2238 ἡλιακοῦ
2974 2168 3255 2228 καύσωνος
3296 2166 3576 2217 ἐπιπεσεῖν
3632 2163 3735 2234 τὴν

2162 2258 2373 2313 ἀκτῖνα.
2416 2257 2580 2325 Λέγει
2618 2258 2769 2325 γοῦν,
2807 2259 2890 2311 ὅτι
2927 2277 2943 2308 ι
2984 2255 3320 2327 Προσέταξεν
3352 2258 3379 2308 6
3407 2255 3538 2318 Θεὸς
3567 2254 3735 2308 πνεύ-

2166 2366 2295 2419 ματι
2346 2347 2622 2409 καύσωνος
2678 2346 3011 2416 συγκαίοντι,
3056 2346 3151 2400 καὶ
3179 2343 3448 2409 ἐπάταξεν
3495 2346 3587 2397 ἐπὶ
3630 2345 3735 2415 τὴν

2163 2439 2403 2510 κεφαλὴν
2458 2439 2627 2503 Ἰωνᾶ,
2662 2439 2756 2491 καὶ
2787 2436 3133 2508 ὠλιγοψύχει,
3168 2436 3263 2491 καὶ
3297 2436 3593 2504 ἀπελέγετο
3629 2436 3734 2507 τὴν

2161 2529 2336 2600 ψυχὴν
2376 2528 2539 2583 αὐτοῦ
2563 2546 2575 2559 ο
2622 2548 2641 2580 ι
2675 2528 2887 2591 δεικνὺς
2915 2528 2996 2582 ὃτι
3034 2528 3093 2580 ού
3128 2527 3268 2580 κατά
3306 2527 3368 2579 τὸ
3394 2526 3582 2587 εἰωθὸς
3606 2525 3734 2578 οὐδὲ

2161 2622 2189 2672 6
2223 2620 2438 2673 καύσων
2466 2620 2701 2686 ἐγένετο,
2737 2617 2872 2671 ἀλλὰ
2913 2617 3295 2688 προστάγματι
3339 2615 3467 2685 θείῳ
3498 2614 3735 2686 βαρυτά-

2161 2725 2260 2779 την
2293 2706 2439 2776 αύτῷ
2483 2706 2579 2776 τὴν
2619 2705 2793 2773 φλόγα
2822 2704 3089 2775 ἐπεμψεν,
3144 2707 3219 2767 ὡς
3264 2704 3329 2757 ἂν
3375 2703 3594 2774 μείζονα
3633 2703 3732 2756 τοῦ

2164 2799 2470 2869 συμϐάντος
2498 2798 2594 2867 τὴν
2615 2796 2865 2865 αἴσθησιν
2895 2796 3073 2850 λαϐὼν
3102 2795 3180 2847 ἐτι
3211 2794 3409 2865 μᾶλλον
3439 2793 3733 2861 ἀλγήσειεν

2159 2891 2187 2941 6
2228 2888 2541 2958 προφήτης,
2593 2885 2789 2955 μικροῦ
2832 2884 2963 2954 γοῦν
3012 2884 3228 2953 ἀφιέναι
3274 2883 3373 2952 τὴν
3409 2882 3586 2953 ψυχὴν

2159 2977 2253 3031 τοῦ
2283 2981 2556 3038 καύσωνος
2595 2975 2917 3029 κινδυνεύων
2940 2994 2953 3007 ·
2984 2975 3142 3028 τοῦτο
3164 2975 3271 3045 γάρ
3298 2976 3413 3025 ἐστι
3444 2972 3526 3039 τὸ,
3563 2990 3581 3023 ι
3617 2971 3735 3023 Καὶ

606 3052 620 3065 ,
1432 3052 1534 3072 ευ-
1591 3052 1701 3058 η--
1742 3052 1924 3073 Γπ---
1979 3052 2033 3060 -_

485 3100 627 3138 mam
655 3086 967 3156 pessimam,
993 3088 1194 3142 caloris
1218 3102 1438 3159 quoque
1467 3089 1767 3144 molestiam
1790 3102 1843 3147 et
1870 3091 2059 3149 discri-

2164 3074 2459 3141 ἁπελέγετο
2492 3071 2590 3143 τὴν
2610 3071 2784 3141 ψυχὴν
2812 3071 2996 3125 αὑτοῦ.
3041 3091 3060 3124 ι
3095 3072 3239 3141 Ἔφη
3273 3069 3407 3140 πρὸς
3440 3068 3530 3121 τὸν
3554 3066 3688 3119 Θεόν
3714 3084 3731 3098 ο

485 3185 609 3226 men
651 3176 846 3242 patior.
879 3173 1077 3239 Quidni
1110 3176 1273 3245 igitur
1294 3173 1433 3229 mori
1453 3175 1634 3229 malim
1657 3192 1820 3246 quam
1850 3180 2052 3249 vivere,

2166 3187 2185 3220 ι
2224 3168 2395 3221 Καλόν
2434 3185 2523 3237 μοι
2551 3167 2611 3219 τὸ
2646 3165 2993 3237 ἀποθανεῖνῆ
3022 3165 3141 3237 ζῇν.
3188 3185 3207 3217 ι
3242 3165 3317 3234 (p.
3355 3161 3481 3232 258)
3506 3159 3732 3215 Τοιοῦτό

484 3264 579 3327 qui
612 3260 777 3313 tantis
805 3261 1079 3315 obtundor
1113 3261 1318 3317 malis?

2161 3283 2208 3319 τι
2236 3265 2430 3333 λέγων,
2452 3265 2535 3317 ὅτι
2557 3264 2927 3332 Ψυχαγωγίαν
2946 3265 3067 3317 τινὰ
3092 3263 3197 3316 τῶν
3224 3260 3549 3330 συνεχόντων
3571 3257 3734 3322 ἔδοξα

486 3354 670 3409 κακῶν
696 3355 840 3426 ἔχειν
865 3358 925 3411 τὸ
953 3358 1118 3425 φυτόν
1138 3374 1151 3388 ο
1182 3355 1299 3410 εἶτα
1333 3359 1525 3430 ἀθρόον
1552 3358 1612 3412 τὸ
1649 3360 1747 3429 μὲν
1776 3360 2130 3432 ἀπελήλυθεν,
2163 3362 2274 3429 ἐγὼ
2304 3361 2361 3413 δὲ
2387 3363 2454 3431 τῇ
2483 3360 2754 3430 μοχθηρίᾳ
2779 3361 2876 3431 τῆς
2907 3358 3225 3429 ὑπολήψεως
3265 3355 3729 3427 προσεκτησάμην

486 3443 578 3497 τοῦ
598 3443 875 3508 καύσωνος
900 3447 998 3517 τὴν
1022 3446 1299 3519 βαρύτητα
1331 3447 1536 3501 καὶτὸν
1562 3449 1877 3519 ἐνοχλοῦντα
1900 3452 2141 3506 κίνδυνον
2166 3449 2435 3504 ἐντεῦθεν·
2467 3450 2582 3513 πῶς
2623 3447 2715 3503 οὖν
2753 3452 2811 3502 οὐ
2847 3449 2941 3503 τοῦ
2979 3450 3076 3520 ζῇν
3101 3449 3309 3519 βέλτιον
3331 3445 3392 3499 τδ
3414 3446 3729 3509 ἀποθανεῖν,

484 3535 532 3586 εί
552 3536 823 3599 τοσούτοις
856 3536 1102 3609 μέλλοιμι
1127 3539 1374 3593 παλαίειν
1406 3542 1631 3604 κακοῖςς
2508 3604 2515 3611 ε

557 3628 724 3685 Vens.
767 3631 922 3686 9—H.
947 3661 1017 3672 —
1038 3632 1405 3698 Quamobrem
1439 3632 1518 3686 ait
1553 3633 1633 3687 illi
1663 3633 1811 3689 Deus
1838 3652 1891 3689 ει
1912 3633 2053 3687 Num

2224 3629 2371 3699 Στίχ.
2414 3630 2578 3681 θ’-ια’.
2617 3657 2683 3669 -ο
2714 3628 2804 3680 Διὸ
2840 3628 2902 3698 δή
2950 3644 3081 3697 φησι
3132 3626 3265 3698 πρὸς
3299 3628 3458 3681 αὑτὸν
3486 3629 3513 3680 ό
3552 3629 3684 3690 Θεός
3708 3646 3726 3660 ο

484 3726 544 3773 tu
594 3736 924 3791 magnopere
974 3736 1177 3777 maeres
1216 3735 1436 3793 propter
1471 3724 1860 3779 cucurbitam?
1891 3743 1911 3776 ι
1946 3740 2056 3794 quo

2161 3737 2176 3770 ι
2211 3719 2272 3772 Ei
2304 3719 2504 3790 σφόδρα
2531 3718 2830 3789 λελύπησαι
2860 3718 2951 3771 ἐπὶ
2984 3721 3048 3789 τῇ
3090 3717 3421 3786 κολοκύνθη;
3461 3738 3479 3768 ι
3519 3718 3726 3770 Τούτου

414 3818 422 3825 ’
485 3813 887 3881 respondente,
929 3827 988 3868 se
1026 3814 1330 3870 mortiferis
1371 3816 1497 3885 angi
1542 3814 1828 3872 doloribus
1876 3816 2056 3887 (adeo

2161 3809 2206 3862 Ξὲ
2256 3809 2529 3874 εἰπόντος,
2587 3809 2691 3871 ἕως
2739 3807 2967 3861 θανάτου
3014 3807 3299 3861 λυπεῖσθαι
3344 3806 3535 3873 (οὕτως
3573 3808 3727 3877 αὐτῷ

480 3901 781 3971 jucundam
823 3904 1024 3959 fecerat
1065 3906 1343 3976 praplieta:
1377 3910 1632 3963 arborem
1670 3909 1845 3975 Deus,
1879 3908 2056 3964 idem-

2161 3900 2245 3949 καὶ
2291 3899 2553 3969 ἐράσμιον
2584 3898 2748 3961 ἔδειξε
2770 3898 2830 3950 τὸ
2862 3898 3025 3966 φυτὸν
3046 3900 3075 3951 6
3103 3897 3254 3962 Θεὸς,
3277 3899 3371 3951 καλ⁸
3398 3900 3497 3968 τὴν
3527 3898 3618 3949 ἐπὶ
3648 3902 3724 3969 τῇ

486 4009 593 4063 que
622 4001 832 4047 tantam
863 3994 930 4048 de
958 3995 1106 4048 illius
1132 3997 1301 4050 exitio
1329 3998 1607 4051 tristitiam
1635 4007 1918 4053 creaverat
1944 4039 1959 4063 ,
1992 4009 2053 4053 ut

2161 3989 2399 4059 ἀπωλείᾳ
2440 3989 2532 4041 τοῦ
2577 3987 2744 4056 φυτοῦ
2776 3987 2950 4058 λύπην
2988 3988 3133 4058 αύτῷ
3164 3988 3386 4059 μείζονα
3424 3990 3726 4059 πεποίηκεν

485 4083 589 4140 hoc
627 4084 878 4153 exemplo
916 4099 1207 4140 maerorem
1248 4086 1487 4142 hominis
1511 4087 1578 4142 de
1610 4088 1845 4144 civitatis
1876 4089 2053 4144 salute

2161 4078 2503 4147 ἐγγενέσθαι,
2550 4079 2643 4131 ἐπὶ
2674 4078 2751 4149 τῷ
2782 4079 3076 4149 παραθέσει
3132 4080 3391 4148 μειζόνως
3431 4080 3591 4133 αὐτοῦ
3622 4079 3726 4149 τὴν

483 4174 908 4243 injustissimum
965 4177 1347 4244 coargueret);
1412 4176 1597 4231 subdit
1647 4174 1790 4231 Deus
1837 4193 1849 4228 :
1895 4178 2054 4247 1'70

2161 4170 2252 4221 ἐπὶ
2280 4173 2347 4239 τῇ
2395 4170 2636 4239 σωτηρία
2677 4169 2774 4238 τῆς
2805 4170 3009 4232 πόλεως
3042 4170 3218 4240 λύπην
3244 4171 3456 4239 ἐλέγξαι
3485 4172 3726 4225 κάκιστα

491 4284 511 4319 ι
529 4265 683 4321 Tune
702 4272 983 4334 tantopere
1014 4266 1317 4320 cucurbitae
1332 4281 1499 4321 causa
1518 4281 1738 4330 moeros,
1758 4267 1848 4337 qui
1874 4267 2048 4322 eidem

2161 4259 2577 4330 γεγενημένην),
2604 4260 2814 4327 ἐπάγει·
2850 4278 2867 4309 ι
2894 4256 3025 4312 Εἶτα
3058 4261 3120 4312 σὺ
3147 4263 3265 4331 μὲν,
3294 4262 3443 4331 φησὶ,
3468 4261 3726 4315 τοσοῦτον

483 4358 667 4412 excole
677 4357 794 4411 udae
809 4357 1017 4411 nullum
1038 4357 1278 4413 laborem
1297 4357 1647 4427 impendisti?
1663 4373 1771 4413 una
1787 4359 1931 4413 enim
1953 4375 2052 4413 nov

2161 4350 2296 4419 ὑπὲρ
2325 4351 2422 4419 τῆς
2462 4350 2788 4421 κολοκύνθης
2833 4350 3095 4421 ἦλγησας,
3141 4353 3326 4405 οὐδένα
3365 4354 3606 4422 κάματον
3642 4356 3727 4415 εἰς

484 4455 569 4501 rte
598 4454 817 4515 repente
859 4456 1007 4510 nata,
1053 4448 1205 4503 illico
1234 4462 1341 4501 una
1374 4456 1535 4504 nocte
1570 4448 1851 4503 interitum
1892 4465 2052 4518 passa

483 4542 606 4600 est;
637 4551 721 4589 me
760 4550 887 4589 vero
926 4551 1025 4590 cur
1057 4540 1229 4608 magis
1261 4554 1369 4593 non
1395 4536 1578 4593 decuit
1609 4539 1860 4595 miserari
1892 4537 2045 4593 Nini-

484 4642 616 4690 ven,
656 4628 790 4680 tanti
832 4628 1014 4697 populi
1055 4629 1361 4693 civitatem,
1405 4636 1464 4682 ut
1502 4629 1786 4684 duodecim
1827 4631 1900 4684 ibi
1942 4631 2054 4685 sint

485 4714 757 4787 myriades
780 4716 1082 4783 hominum,
1099 4718 1192 4788 qui
1215 4718 1401 4773 laevam
1420 4734 1449 4771 a
1472 4718 1697 4773 dextera
1712 4735 1820 4773 non
1846 4720 2053 4776 discer-

485 4808 669 4862 nunt?
696 4829 713 4861 ι
742 4808 903 4862 Pueri
935 4809 1197 4863 nimirum
1229 4809 1472 4865 infantes
1508 4810 1849 4879 intelligendi
1881 4819 2052 4875 sunt,

484 4900 577 4971 qui
605 4915 798 4970 reapse
828 4901 972 4954 laeva:
993 4900 1306 4971 dextraeque
1330 4902 1625 4957 discrimen
1654 4901 1860 4955 nullum
1883 4916 2054 4969 agno.

486 5000 688 5048 scunt:
726 4992 930 5062 quique
969 4992 1039 5046 ob
1077 4993 1256 5047 aetatis
1299 4993 1670 5049 infirmitatem
1707 4993 1859 5046 nulla
1892 4992 1958 5047 de
1996 5008 2053 5047 re

481 5081 730 5155 judicare
771 5089 1021 5157 queunt;
1080 5080 1314 5151 ideoque
1368 5098 1436 5136 ne
1474 5082 1646 5151 culpa:
1699 5080 1919 5151 quidem
1956 5082 2054 5136 ob-

486 5170 635 5224 noxii
666 5169 924 5235 fuerunt,
956 5178 1116 5226 aetate
1146 5170 1389 5226 nondum
1424 5172 1687 5241 patiente.
1734 5169 1827 5226 Sic
1866 5180 2050 5227 autem

487 5258 631 5315 Deus
660 5260 877 5316 locutus
907 5270 990 5316 est
1004 5262 1073 5316 ob
1088 5262 1467 5317 declarandam
1499 5262 1796 5315 incolarum
1816 5263 2051 5331 c0piam.

492 5345 585 5403 tibi
620 5349 766 5404 enim
798 5349 1087 5405 infantium
1117 5360 1304 5408 tantus
1329 5359 1448 5407 erat
1478 5366 1741 5406 numerus
1763 5392 1776 5415 ,
1809 5360 2053 5421 quantus

492 5439 706 5495 demum
730 5439 1039 5495 adulterum
1062 5443 1384 5513 cogitandus
1407 5444 1525 5498 est?
1542 5440 1657 5496 Jam
1683 5442 1898 5499 czeteris
1921 5457 2055 5511 pra:-

491 5530 797 5596 termissis,
839 5529 981 5585 Deus
1015 5532 1329 5587 lactentium
1370 5534 1693 5589 memoravit
1726 5547 2012 5588 numerum
2035 5570 2050 5595 ,

492 5634 723 5689 quorum
778 5619 897 5677 sine
947 5620 1113 5677 dubio
1149 5631 1372 5693 propter
1422 5625 1788 5680 innocentiam
1836 5624 2049 5680 nullum

2154 4441 2254 4510 τὴν
2281 4442 2538 4493 σύστασιν
2559 4442 2725 4509 αὐτῆς
2749 4441 3105 4508 είσενεγκὼν;
3136 4445 3194 4494 ὲν
3218 4445 3369 4496 νυκτὶ
3397 4444 3504 4513 γὰρ
3527 4445 3726 4513 ἀθρόον

2153 4534 2439 4599 γεγονυῖα,
2490 4532 2682 4602 ἀθρόον
2727 4535 2784 4584 ὲν
2838 4533 2995 4584 νυκτὶ
3039 4533 3133 4584 καὶ
3184 4533 3281 4603 τὴν
3335 4534 3609 4587 ἀπώλειαν
3641 4536 3726 4587 δέ-

2153 4622 2370 4674 δεκται·
2424 4623 2545 4692 ἐμοὶ
2578 4623 2634 4675 δὲ
2680 4623 2796 4687 πῶς
2848 4624 2907 4675 ού
2962 4623 3182 4679 πλείονα
3239 4625 3505 4695 ἁρμόττον
3553 4626 3726 4691 φειδὼ

2154 4713 2356 4784 Νινευὴ
2401 4714 2500 4784 τῆς
2552 4714 2756 4777 πόλεως
2798 4715 2961 4786 ἔχειν,
3010 4716 3111 4785 τῆς
3157 4715 3297 4769 οὕτω
3328 4716 3610 4784 μεγίστης,
3646 4717 3726 4779 ὡς

2154 4802 2359 4857 δώδεκα
2395 4804 2657 4873 μυριάδας
2686 4806 2855 4876 αὐτὴν
2889 4808 3054 4859 οἰκεῖν
3076 4804 3377 4876 ἀνθρώπων
3418 4806 3519 4858 ούκ
3552 4808 3726 4881 ἔγνω-

2155 4896 2325 4949 κότων
2357 4894 2559 4965 δεξιάῆ
2589 4896 2883 4968 άριστερά;
2918 4918 2936 4950 ι
2965 4899 3050 4950 ἵνα
3089 4897 3241 4967 εἴπῃ,
3270 4896 3523 4965 Νηπίωνο
3545 4895 3727 4947 τοιού-

2154 5003 2278 5049 τους
2323 4985 2431 5056 γὰρ
2472 4986 2573 5039 ούκ
2615 4988 2920 5054 ἐγνωκότας
2976 4988 3123 5054 δεξιά
3150 4987 3184 5057 ἢ
3227 4985 3489 5059 ἀριστερὰ
3538 4986 3723 5054 λέγει,

2154 5077 2278 5138 τοὺς
2301 5076 2388 5129 διὰ
2422 5077 2717 5148 νηπιότητα
2747 5079 2846 5130 οὐκ
2873 5080 3069 5148 ἀκριὸἦ
3106 5078 3215 5131 τῶν
3242 5077 3580 5148 πραγμάτων
3602 5077 3725 5131 διά-

2156 5182 2330 5235 κρισιν
2376 5166 2618 5235 ἔχοντας,
2650 5168 2771 5220 οὐδὲ
2821 5169 2879 5221 ὲν
2909 5169 3203 5238 ἁμαρτίαις
3236 5169 3363 5221 ποτὲ
3396 5168 3469 5230 ὡς
3497 5167 3693 5235 γεγονό
3714 5194 3726 5205 ο

2152 5273 2271 5321 τας,
2316 5257 2409 5309 άτε
2438 5258 2535 5326 τῆς
2578 5258 2793 5327 ἡλικίας
2817 5260 2879 5311 οὐ
2910 5259 3202 5329 δεχομένης
3241 5260 3427 5311 τοῦτο’
3458 5258 3546 5327 (p.
3577 5258 3723 5327 259)

2153 5344 2300 5412 λέγει
2331 5345 2427 5415 μὲν
2460 5346 2568 5417 γὰρ
2604 5347 2731 5399 αὐτὸ
2764 5349 2842 5411 είς
2890 5347 3159 5412 ἀπόδειξιν
3186 5346 3279 5398 τοῦ
3322 5346 3561 5416 πλήθους
3612 5345 3725 5401 τῶν

2153 5435 2441 5490 οἰκούντων
2477 5436 2574 5507 τὴν
2608 5438 2760 5491 πόλιν
2780 5455 2793 5467 ·
2835 5438 2961 5491 ἔνθα
2986 5437 3093 5509 γάρ
3122 5437 3343 5490 τοσοῦτο
3376 5437 3484 5490 τῶν
3510 5438 3725 5507 νηπίων

2152 5522 2221 5597 ἦν
2260 5529 2321 5581 τὸ
2353 5529 2553 5600 πλῆθος
2573 5571 2586 5593 ,
2620 5532 2783 5584 πόσον
2824 5532 2889 5601 δὴ
2921 5531 2981 5583 τὸ
3011 5531 3117 5584 τῶν
3148 5530 3371 5583 τελείων
3417 5530 3725 5601 ἀνθρώπων

2156 5613 2255 5687 ἧνς
2283 5618 2418 5681 Τοὺς
2446 5618 2503 5670 δέ
2532 5637 2591 5687 γε
2626 5619 2842 5689 λοιποὺς
2887 5620 3128 5684 ἅπαντας
3156 5620 3481 5692 παραλιπὼν
3508 5622 3537 5673 6
3563 5620 3726 5685 Θεὸς,
