4054 6238
265 291 375 349 35$

1262 289 1809 349 COMMENTARIUS
1846 290 1912 348 IN
1945 291 2257 348 MICHEIE
2295 290 2455 346 CAP.
2487 292 2530 346 Ι.

3420 295 3528 352 3M

264 409 357 460 τὸν
403 406 517 459 τῶν
563 408 770 477 νηπίων
817 405 968 463 εἶπεν
1007 409 1272 480 ἀριθμόν·
1321 412 1370 464 οἳ
1408 410 1858 481 ὁμολογουμένως

1973 418 2080 464 erat
2116 423 2294 479 poenae
2329 409 2606 465 meritum.
2656 406 2826 463 Nemo
2870 414 3023 462 certe
3066 405 3268 461 dixerit
3316 407 3530 477 simpli-

267 497 590 564 ἐφαίνοντο,
642 500 742 550 οὐκ
791 498 940 563 ὄντες
988 499 1127 565 ἄξιοι
1162 500 1258 553 τοῦ
1309 519 1360 554 τι
1406 501 1575 556 κακὸν
1629 500 1849 566 παθεῖν,

268 586 363 638 ἇτε
399 585 539 655 μηδὲ
565 587 944 656 ἡμαρτηκότες
978 606 1030 640 τι
1070 590 1234 652 τέως·
1291 590 1350 642 ού
1397 589 1506 660 γὰρ
1534 591 1618 659 δὴ,
1667 593 1850 660 φησιν,

268 675 446 737 εἴποις
490 675 559 728 ἂν
602 677 683 728 ὅτι
731 679 825 729 καὶ⁹
868 679 1116 731 τοσοῦτον
1173 681 1404 751 ἀριθμὸν
1450 682 1656 752 νηπίων
1700 682 1854 735 ούθὲν

269 768 676 837 ἡμαρτηκότων
721 768 1018 823 ἀπολέσθαι
1059 770 1334 840 προσῆκον
1377 768 1473 842 ἦν’
1504 772 1644 825 ὥστε
1676 773 1779 827 κᾶν
1805 774 1854 826 εί

273 856 348 926 μὴ
378 855 487 907 τῶν
521 856 747 909 τελείων
781 858 967 924 φειδὼ,
997 858 1127 926 γοῦν
1162 859 1270 913 τῶν
1310 862 1517 931 νηπίων
1550 863 1852 933 μνησθῆναι

274 944 475 1014 μᾶλλον
503 947 693 1016 ἐχρῆν,
718 948 811 1000 ἐπὶ
836 948 915 1017 τῷ
940 949 1102 1018 μηδὲν
1132 949 1299 1002 κακὸν
1326 951 1421 1019 τὴν
1448 952 1601 1005 πόλιν
1636 953 1849 1007 παθεῖν.

272 1033 594 1106 Προσέθηκε
621 1034 681 1086 δὲ
706 1034 789 1099 τὸ,
840 1053 859 1085 ι
901 1037 995 1088 κα)⁸
1023 1038 1194 1107 κτήνη
1238 1038 1436 1093 πολλά’
1479 1057 1498 1090 ι
1535 1039 1609 1099 ὡς
1655 1039 1719 1093 ἂν
1759 1041 1853 1093 καὶ

270 1122 475 1177 τούτων
526 1124 781 1177 ἁϐλαδῶν
828 1126 1191 1195 φυλάττεσθαι
1250 1128 1573 1196 ὀφειλόντων
1630 1129 1854 1193 δικαίως

268 1218 378 1278 τοῖς
405 1217 502 1268 ἐπὶ
554 1216 658 1285 τῆς
700 1215 910 1279 πόλεως
945 1216 1362 1288 διασωζομένοις
1394 1217 1502 1272 τῶν
1528 1217 1852 1287 ἀνθρώπων.

1957 501 2101 555 cium
2144 500 2497 570 parvulorum
2536 507 2741 552 tantam
2782 496 3187 553 multitudinem
3219 513 3375 567 aequo
3404 498 3529 567 jure

1956 591 2128 646 fuisse
2164 592 2518 660 perdendam.
2552 590 2917 658 Quamobrem
2947 589 3163 645 etiamsi
3198 589 3339 644 forte
3367 592 3529 644 adul-

1958 689 2140 735 torum
2188 682 2337 735 nulla
2384 681 2581 736 fuisset
2626 680 2947 743 miseratio,
2986 679 3289 749 puelloruin
3341 683 3530 750 utique

1959 773 2279 827 meminisse
2316 772 2603 841 oportuit,
2658 786 2769 840 quo
2817 772 2953 826 nihil
3003 772 3131 826 ntali
3182 771 3302 825 urbi
3353 773 3527 827 lieret.

1958 862 2175 929 Atljecit
2216 861 2359 915 Deus
2383 901 2397 923 ,
2434 880 2452 911 ‹
2488 869 2543 914 ει
2573 862 2821 929 iumenta
2867 860 3074 927 multa;
3111 881 3129 913 ι
3161 876 3261 915 ceu
3315 862 3361 916 si
3417 878 3531 917 me-

1959 952 2066 1005 rito
2101 952 2216 1005 haec
2249 967 2469 1021 quoque
2503 953 2711 1007 servari
2744 952 3037 1005 incolumia
3075 951 3429 1019 debuissent,
3461 954 3530 1008 ob
3622 1012 3623 1015 η

1958 1042 2197 1109 civium,
2230 1044 2433 1113 quibus
2461 1052 2578 1099 erat
2613 1043 2884 1113 parcitum
2905 1083 2921 1109 ,
2953 1043 3421 1099 commoditatem.

274 1430 3506 1466 mm”

842 1633 1407 1720 EPMHNEIA
1478 1634 1868 1720 MIXAIG

2032 1639 2260 1726 ΤΟΥ
2330 1640 2969 1728 ΠΡΟΦΗΤΟΥ.

274 2048 1426 2169 COMMENTARIUS
1538 2058 1680 2167 IN
1790 2059 2501 2174 MlCH/EAM
2610 2058 3525 2173 PROPHETAM.

936 2512 1092 2565 ΚΕΦ.
1134 2514 1205 2567 A'.

338 2597 495 2669 Στίχ.
535 2606 613 2665 α’,
648 2599 715 2668 β’.
752 2601 1208 2673 -Παραπλήσια
1245 2602 1362 2669 τοῖς
1401 2605 1529 2677 περί
1579 2623 1638 2659 τε
1705 2609 1861 2677 Ὠσηὲ

274 2690 364 2741 καὶ
410 2689 602 2758 ’Δμὼς
646 2691 741 2743 καὶ
784 2693 911 2755 τοὺς
957 2693 1175 2757 λοιποὺς
1206 2696 1398 2749 ὁπόσοι
1435 2698 1611 2751 ταυτα
1651 2698 1859 2763 τούτοις

274 2784 715 2850 προεφήτευσαν,
762 2783 919 2854 δῆλός
962 2786 1078 2838 ἐστι
1112 2786 1208 2838 καὶ
1254 2788 1282 2838 6
1335 2788 1605 2859 μακάριος
1653 2806 1866 2861 προφη-

273 2872 443 2925 τεύων
473 2875 721 2944 Μιχαίας
740 2892 754 2905 ο
787 2877 855 2930 τὰ
887 2880 993 2948 γὰρ
1021 2880 1151 2949 περὶ
1177 2878 1268 2933 τὸν
1301 2879 1427 2934 λαὸν
1453 2882 1687 2952 ἐσόμενα
1714 2882 1865 2950 παρὰ

272 2979 328 3015 τε
366 2963 485 3017 τῶν
524 2966 829 3036 ’Δσσυρίων
869 2969 961 3020 καὶ
994 2968 1102 3021 τῶν
1131 2969 1487 3025 Βαϐυλωνίων
1520 2974 1863 3043 πνευματικῇ

274 3055 595 3126 κινούμενος
638 3060 704 3127 τῇ
735 3058 916 3129 χάριτι
961 3061 1054 3113 καὶ
1101 3061 1262 3123 αὐτὸς
1308 3064 1697 3133 προαγορεύειν
1747 3081 1866 3116 πει-

276 3150 458 3216 ρᾶται,
506 3148 677 3211 εὐθὺς
702 3150 766 3201 ὲκ
802 3151 1100 3221 προοιμίων
1148 3154 1326 3207 κοινὸν
1372 3156 1500 3225 περ)⁵
1533 3155 1733 3217 παντὸς
1770 3153 1864 3206 τοῦ

285 3238 512 3309 Ἰσραὴλ
544 3242 562 3309 (
584 3255 640 3309 p.
665 3240 807 3309 260)
835 3241 1159 3312 ποιούμενος
1190 3244 1283 3296 τὸν
1309 3245 1487 3313 λόγον,
1521 3246 1630 3299 τῶν
1653 3262 1712 3298 τε
1739 3238 1868 3298 δέκα

273 3329 416 3399 λέγω
461 3330 674 3399 φυλῶν,
712 3323 787 3385 ὧν
814 3332 914 3401 τὴν
942 3333 1256 3406 Σαμάρειαν
1289 3338 1537 3407 ἐξάρχειν
1565 3336 1864 3402 συνέὅαινε,

274 3426 365 3475 καὶ
394 3424 513 3476 τῶν
544 3423 642 3476 δύο
670 3417 852 3494 ὧνπερ
896 3420 989 3477 οὖν
1030 3427 1062 3496 ἡ
1104 3427 1460 3499 Ἰερουσαλὴμ
1493 3432 1708 3500 ἠγεῖτο⁸
1745 3430 1864 3498 φαί-

275 3531 425 3567 νεται
455 3516 521 3568 δὲ
547 3515 648 3568 καὶ
682 3516 822 3568 κατὰ
872 3518 997 3581 τοὺς
1024 3520 1223 3582 αὐτοὺς
1253 3522 1477 3591 καιροὺς
1512 3520 1870 3591 προφητεύων

277 3610 544 3671 ἐκείνοις,
575 3608 859 3661 τουτέστιν
906 3611 965 3662 ὲν
997 3611 1238 3683 ἡμέραις
1278 3611 1515 3682 ’ίωάθαμ
1566 3612 1659 3665 καὶ
1697 3612 1872 3682 Ἀχαζ

275 3701 368 3752 καὶ
408 3698 665 3763 Ἐζεκίου
696 3698 803 3751 τῶν
844 3699 1105 3769 βασιλέων
1166 3701 1356 3755 Ἰούδα.
1405 3719 1425 3753 ι
1472 3703 1560 3756 Ἐν
1606 3702 1714 3775 γὰρ
1743 3702 1871 3755 ταύ-

276 3808 393 3856 ταις
428 3794 559 3853 ταῖς
603 3792 840 3860 ἡμέραις
883 3791 1209 3862 γεγενῆσθαι
1266 3794 1423 3862 λόγον
1456 3794 1661 3864 Κυρίου
1733 3787 1866 3859 φησὶ

276 3884 413 3955 πρὸς
438 3885 692 3953 Μιχαίαν
723 3887 813 3940 τὸν
839 3887 1173 3958 Μοραῖθίτην
1192 3903 1203 3913 ·
1238 3904 1256 3935 ι
1292 3885 1567 3937 τουτέστιν
1593 3883 1871 3954 ἐνεργείας

276 3976 678 4044 τετευχηκέναι
712 3975 880 4038 θείας.
923 3977 1079 4038 Τίνος
1113 3975 1328 4039 ἓνεκενς
1371 3990 1391 4023 ι
1437 3973 1610 4044 ’Υπὲρ
1641 3968 1716 4027 ὧν
1764 3968 1872 4026 εἶδε

278 4069 408 4137 περὶ
441 4067 769 4136 Σαμαρείας
808 4067 903 4120 καὶ
940 4069 1069 4137 περὶ
1109 4050 1501 4135 Ἰερουσαλήμο
1540 4086 1559 4116 ι
1595 4066 1681 4118 ἴνα
1710 4064 1871 4139 εἴπῃ,

278 4159 496 4221 Παντὸς
554 4157 655 4210 τοῦ
710 4157 1106 4228 Ἰσραηλιτικού
1149 4155 1311 4219 λαοῦ,
1353 4156 1456 4226 τῆς
1491 4174 1552 4209 τε
1601 4156 1874 4226 βασιλείας

276 4249 385 4302 τῶν
416 4249 561 4301 δέκα
601 4247 803 4315 φυλῶν,
837 4248 931 4299 καὶ
973 4248 1071 4318 τῆς
1122 4247 1229 4299 τῶν
1270 4246 1365 4299 δύο
1407 4240 1593 4318 ὦνπερ
1624 4246 1874 4316 ἡγεῖσθαι

276 4340 376 4409 τὴν
417 4338 599 4392 Ἰούδα
650 4338 929 4391 συνέϐαινε
964 4339 1158 4408 φυλὴν,
1190 4338 1298 4391 τῶν
1347 4340 1411 4390 ὲκ
1453 4337 1548 4390 τοῦ
1603 4337 1875 4408 μακαρίου

277 4431 446 4483 Δαυῖδ
478 4429 629 4482 κατὰ
660 4431 757 4500 τὴν
798 4429 933 4499 πρὸς
960 4429 1121 4481 αὑτὸν
1145 4429 1518 4500 γεγενημένην
1548 4427 1876 4497 ἐπαγγελίαν

282 4522 688 4591 βασιλευόντων
728 4522 896 4591 αὐτῆς
917 4538 931 4550 ·
985 4520 1126 4589 ὑπὲρ
1156 4520 1219 4590 δὴ
1262 4520 1465 4573 τούτων
1491 4521 1587 4575 καὶ
1614 4520 1721 4574 τῶν
1749 4520 1879 4590 περὶ

280 4614 485 4676 αὐτοὺς
515 4613 794 4681 ἐσομένων
816 4611 1066 4681 ἐνεργείᾳ
1089 4611 1209 4680 θείᾳ
1231 4611 1333 4681 τὴν
1360 4612 1700 4681 ἀποκάλυψιν
1727 4611 1879 4675 δεξά-

284 4720 447 4772 μενος
496 4704 526 4753 6
558 4700 800 4769 Μιχαίας
842 4699 989 4767 λέγει
1025 4699 1197 4751 ταῦτα
1219 4742 1234 4762 ,
1266 4700 1409 4770 ἅπερ
1444 4697 1539 4754 οὖν
1584 4705 1753 4754 εἰπεῖν
1787 4702 1880 4753 ἐπὶ

280 4793 378 4861 τῆς
401 4789 814 4856 ἀποκαλύψεως
852 4787 1101 4859 ἐδιδάχθη
1132 4791 1228 4858 τῆς
1257 4789 1425 4852 θείας,
1458 4789 1760 4859 ἀρξάμενος
1788 4789 1879 4842 ού-

277 4900 407 4944 uo;-
461 4902 479 4933 ι
551 4879 890 4943 Ἀκούσατε,
944 4879 1064 4933 λαοὶ
1105 4880 1337 4942 πάντες,
1370 4879 1579 4947 λόγους.
1642 4900 1660 4931 ι
1724 4880 1881 4933 Ἀκο-

280 4973 495 5037 λούθως
523 4973 587 5027 τὸ
617 4992 637 5024 ‹
681 4972 799 5025 λαοὶ
825 4972 1047 5034 πάντες,
1092 4989 1110 5021 ι
1149 4970 1237 5022 ἵνα
1268 4971 1417 5040 εἴπῃ,
1455 4972 1569 5033 Πᾶς
1598 4972 1626 5022 6
1666 4971 1877 5041 Ἰσραὴλ

278 5071 308 5121 6
358 5072 486 5130 ταῖς
542 5066 640 5118 δύο
683 5064 983 5134 βασιλείαις
1030 5064 1360 5135 προσήκων·
1418 5061 1542 5115 ὅθεν
1594 5064 1875 5132 ἐπήγαγε·

287 5180 305 5211 ι
354 5162 473 5213 Καὶ
534 5156 854 5229 προσεχέτω
897 5157 931 5225 ἡ
975 5155 1048 5223 γῆ
1089 5155 1184 5205 καὶ
1217 5158 1414 5215 πάντες
1460 5156 1509 5205 οἱ
1554 5155 1611 5207 ὲν
1642 5154 1812 5225 αὐτῇ·
1854 5172 1873 5205 ι

279 5256 573 5309 τουτέστιν
613 5252 648 5319 ἡ
704 5246 1073 5320 Ἰσραηλιτικὴ
1125 5247 1278 5317 χώρα
1333 5248 1511 5299 πᾶσα·
1553 5248 1648 5299 είτ’
1692 5244 1786 5300 οὖν
1832 5248 1881 5299 oi

282 5350 497 5418 ταύτην
536 5343 838 5407 οἰκοῦντες,
875 5340 1081 5395 ἀνωθεν
1110 5341 1173 5391 ὲκ
1198 5339 1297 5409 τῆς
1329 5339 1463 5409 πρὸς
1488 5339 1615 5402 τοὺς
1640 5338 1882 5409 πατέρας

284 5438 633 5506 ἐπαγγελίας
679 5435 775 5487 τοῦ
827 5434 964 5486 Θεοῦ
1009 5433 1299 5503 δεδομένης
1344 5432 1546 5494 αὐτοῖς.
1604 5432 1691 5502 (p.
1736 5430 1880 5501 261)

291 5549 311 5581 ο
348 5530 468 5582 Καὶ
494 5529 649 5581 ἔσται
687 5526 894 5597 Κύριος
923 5527 950 5577 6
973 5523 1104 5586 Θεὸς
1137 5524 1193 5574 ὲν
1232 5524 1360 5591 ὑμῖν
1388 5524 1466 5585 είς
1509 5522 1822 5593 μαρτύριον.
1859 5543 1878 5573 ο

286 5620 620 5685 διαλέγεται
642 5617 698 5669 δὲ
714 5657 730 5680 ,
770 5616 955 5685 φησὶν,
983 5613 1114 5684 ὑμῖν
1137 5611 1204 5665 δι’
1234 5612 1390 5683 ἡμῶν
1414 5614 1442 5664 ὁ
1470 5612 1621 5676 Θεὸς,
1646 5612 1883 5683 διαμαρ-

293 5714 491 5786 τυρίαν
532 5712 657 5768 τινὰ
700 5708 835 5783 περὶ
871 5707 979 5762 τῶν
1011 5705 1285 5778 ἐσομένων
1313 5705 1661 5775 ποιούμενοςο
1697 5703 1883 5775 ἐπειδὴ

2639 2518 2789 2573 CAP.
2833 2518 2871 2572 Ι.

2038 2608 2200 2665 Vitas.
2238 2610 2289 2673 l,
2313 2607 2675 2662 2.—-Similia
2705 2607 2862 2663 Oscae
2894 2611 3166 2664 etAmoso
3206 2618 3260 2663 et
3292 2611 3536 2681 reliquis,

1964 2710 2231 2771 quotquot
2265 2701 2349 2755 his
2380 2700 2529 2769 paria
2560 2702 3042 2770 prophetaveruut,
3066 2709 3286 2770 apparet
3322 2703 3537 2757 beatum

1964 2811 2183 2865 quoque
2219 2793 2508 2847 vaticinari
2549 2792 2848 2845 Michmam.
2889 2791 3100 2844 Etenim
3142 2802 3400 2846 eventura
3443 2809 3539 2863 po-

1965 2887 2095 2956 pulo
2136 2885 2206 2940 ab
2236 2885 2477 2957 Assyriis
2521 2895 2684 2954 atque
2718 2885 2869 2953 171
2914 2884 3227 2955 Babyloniis
3270 2886 3541 2954 spirituali

1967 2985 2246 3047 permotus
2276 2977 2448 3048 gratia
2482 2978 2599 3046 ipse
2630 2991 2846 3046 quoque
2876 2975 3167 3045 praedicere
3198 2977 3407 3041 nititur,
3433 2986 3545 3032 sta-

1967 3072 2061 3125 tim
2088 3072 2154 3124 ab
2179 3070 2404 3125 exordio
2434 3084 2775 3124 communem
2810 3070 2877 3124 de
2908 3069 3165 3123 universo
3200 3068 3398 3122 lsraele
3433 3083 3545 3123 ser-

1968 3178 2180 3217 monem
2229 3163 2555 3227 instituens,
2610 3160 2676 3216 de
2722 3161 2991 3221 tribubus.
3027 3160 3272 3229 inquam,
3318 3158 3542 3221 decem,

1968 3266 2197 3321 quarum
2236 3252 2388 3322 regni
2435 3257 2597 3319 caput
2642 3256 2759 3303 erat
2803 3246 3081 3307 Samaria,
3130 3253 3183 3299 et
3224 3247 3290 3299 de
3334 3246 3546 3301 duabus

1969 3357 2199 3412 quarum
2225 3341 2540 3410 metropolis
2572 3339 2927 3393 Hierusalem.
2957 3337 3111 3393 Patet
3142 3347 3321 3391 autem
3354 3336 3545 3391 iisdem

1970 3433 2171 3502 quibus
2200 3431 2510 3500 superiores
2541 3429 2950 3499 prophetavisse
2980 3427 3319 3497 temporibus
3340 3471 3354 3492 ,
3383 3427 3434 3480 id
3464 3436 3548 3481 est

1971 3523 2165 3585 diebus
2188 3520 2458 3575 Joathami
2485 3561 2499 3585 ,
2532 3518 2765 3573 Acbaazi
2785 3559 2799 3583 ,
2837 3525 2892 3573 et
2923 3517 3127 3571 Ezecize
3156 3531 3337 3586 regum
3358 3514 3547 3579 Iuda);

1970 3614 2171 3669 etenim
2210 3631 2227 3663 ι
2250 3613 2336 3667 liis
2362 3613 2554 3666 diebus
2586 3612 2661 3664 ait
2690 3610 2892 3664 factum
2927 3623 3047 3662 esse
3076 3608 3299 3661 verbum
3332 3602 3549 3658 Domini

1973 3706 2040 3759 ad
2077 3704 2354 3759 Miebzeam
2397 3701 2781 3763 Moraithitem,
2816 3719 2833 3749 ι
2861 3698 2914 3751 id
2953 3704 3036 3751 est
3077 3711 3137 3749 se
3175 3694 3413 3747 divinant
3453 3708 3550 3745 ex-

1978 3807 2184 3869 pertum
2211 3809 2333 3850 esse
2360 3792 2752 3863 operationem.
2776 3789 2919 3843 Cur?
2945 3804 2963 3837 ι
2992 3786 3075 3840 0b
3105 3800 3165 3839 ea
3184 3799 3303 3854 quae
3324 3784 3456 3835 vidit
3482 3782 3550 3837 de

1977 3888 2220 3943 Samaria
2246 3896 2299 3941 et
2326 3882 2681 3941 Hierusalem,
2710 3898 2729 3931 ι
2754 3879 2820 3933 de
2854 3878 3111 3932 universo
3147 3874 3358 3929 scilicet
3379 3869 3552 3926 Israe-

1975 3981 2122 4034 litico
2151 3977 2385 4049 populo,
2419 3990 2513 4029 seu
2549 3971 2615 4026 de
2652 3972 2840 4026 decem
2884 3971 3121 4023 tribuum
3164 3981 3364 4037 regno,
3399 3972 3453 4018 et
3484 3962 3553 4017 de

1973 4074 2186 4128 duabus
2210 4084 2437 4140 quarum
2469 4066 2833 4136 principatum
2861 4063 3081 4117 tenebat
3108 4062 3225 4131 ipsa
3253 4057 3405 4112 Juda:
3447 4058 3550 4109 tri-

1975 4165 2098 4230 bus,
2134 4163 2277 4219 beati
2313 4161 2535 4215 Davidis
2565 4158 2795 4228 posteris
2820 4156 2975 4226 juxta
3008 4153 3099 4208 Dei
3135 4150 3464 4223 promissum
3496 4149 3550 4202 in

1974 4270 2038 4309 ea
2059 4252 2409 4321 regnantibus
2434 4269 2448 4303 :
2474 4248 2541 4303 de
2562 4248 2761 4317 quibus
2793 4259 3091 4313 eorumque
3118 4243 3302 4301 rebus,
3331 4246 3553 4307 accepta

1976 4343 2237 4401 divinitus
2266 4340 2599 4396 revelatione
2626 4337 2877 4392 Michaeas
2903 4339 3017 4389 haec
3048 4333 3214 4397 dicit,
3248 4344 3369 4399 quae
3396 4328 3506 4383 Deo
3530 4367 3545 4390 ,

1977 4442 2036 4489 ut
2089 4433 2361 4494 diximus,
2411 4429 2692 4483 revelaute
2735 4426 3030 4489 didicerat,
3085 4423 3165 4477 sic
3218 4420 3552 4474 exordiens:

1983 4544 2002 4577 ‹
2046 4522 2241 4578 Audite
2297 4520 2500 4584 verba,
2563 4516 2751 4589 populi
2806 4529 3017 4569 omnes.
3073 4531 3091 4565 ι
3132 4513 3551 4570 Consentanee.

1986 4636 2001 4666 ‹
2030 4612 2207 4686 populi
2228 4624 2433 4673 omnes,
2462 4628 2479 4659 ι
2508 4617 2563 4661 ut
2591 4608 2894 4661 universum
2924 4603 3167 4658 lsraelcm
3199 4605 3418 4659 denotet
3459 4601 3551 4671 qui

1979 4710 2047 4762 ad
2107 4719 2275 4775 regna
2328 4704 2439 4757 duo
2498 4701 2827 4771 pertinebat.
2885 4697 3245 4763 Quamobrem
3302 4693 3551 4747 addidit:

1984 4817 2002 4850 ι
2036 4797 2402 4865 Attendatque
2439 4804 2606 4855 terra,
2637 4802 2690 4847 et
2729 4807 2918 4846 omnes
2949 4790 3040 4859 qui
3077 4789 3129 4841 in
3163 4802 3223 4840 ea
3256 4793 3403 4847 sunt,
3441 4802 3458 4833 ι
3497 4782 3552 4835 id

1952 4898 2063 4945 est
2096 4887 2395 4943 Israelitica
2432 4893 2545 4938 tota
2575 4885 2761 4953 regio,
2818 4887 2931 4938 sive
2975 4882 3094 4948 ejus
3148 4877 3371 4936 incola»,
3420 4888 3559 4940 quo-

1979 4997 2100 5037 rutn
2157 4980 2249 5033 illa
2300 4976 2552 5047 patribus
2605 4976 2794 5030 divino
2848 4973 3118 5047 promisso
3169 4966 3370 5020 tradita
3428 4962 3550 5015 fuit.

1986 5092 2005 5127 (
2036 5073 2104 5126 Et
2151 5071 2255 5126 erit
2302 5068 2563 5122 Dominus
2616 5066 2759 5122 Deus
2805 5066 2957 5119 vobis
3006 5064 3057 5115 in
3096 5056 3496 5114 testimonium.
3533 5072 3554 5104 ι

1989 5164 2258 5234 Loquitur
2289 5161 2448 5214 vobis
2486 5174 2582 5229 per
2617 5175 2719 5214 nos
2756 5155 2929 5218 Deus,
2967 5147 3343 5207 testimonium
3382 5145 3561 5214 quod-

1990 5258 2112 5313 dam
2148 5255 2312 5309 rebus
2346 5252 2551 5306 futuris
2581 5250 2759 5314 dans;
2794 5263 2859 5301 ex
2894 5259 3001 5312 quo
3040 5257 3138 5295 vos
3172 5256 3316 5309 saepe
3355 5240 3419 5293 ad
3463 5239 3562 5291 1η)⁴

1989 5355 2144 5403 nesta
2181 5346 2539 5405 adhortatus,
2580 5342 2785 5395 nullam
2821 5338 2873 5389 in
2910 5333 3106 5386 melius
3148 5330 3565 5401 conversionem

1990 5438 2289 5510 perspexit.
2331 5435 2512 5501 Quare
2553 5438 2778 5501 apparet
2820 5427 2970 5479 illum
3014 5424 3234 5495 quidem
3277 5418 3412 5473 nihil
3468 5432 3562 5469 ve-

1991 5508 2116 5586 stra:
2145 5527 2401 5582 utilitatis
2431 5539 2603 5579 causa
2633 5536 2743 5576 non
2779 5518 3069 5579 molitum,
3104 5531 3199 5569 vos
3226 5525 3356 5565 vero
3392 5508 3562 5562 nihilo

1993 5618 2245 5673 meliores
2294 5615 2408 5669 ﬁeri
2455 5612 2723 5673 voluisse,
2770 5608 2863 5664 sed
2914 5608 3053 5660 mala
3099 5606 3153 5659 in
3186 5618 3283 5657 vos
3319 5607 3562 5655 tantum-

1990 5708 2155 5765 modo
2177 5720 2528 5779 provocasse.
2553 5723 2572 5757 σ
2597 5702 2864 5760 Dominus
2890 5701 2957 5757 de
2980 5700 3142 5755 domo
3170 5702 3359 5751 sancta
3388 5706 3489 5748 sua
3548 5711 3558 5739 9
