4054 6238
519 298 627 356 ΞΠ

1720 298 2071 360 THEODORI
2092 302 2569 361 MOPSUESTENI

3654 301 3762 357 348

522 414 898 470 Necessarium
921 414 1347 470 additamentum
1377 434 1395 467 ι
1422 424 1639 485 sancta;
1664 437 1684 469 ι
1711 435 1833 473 nam
1851 421 1974 491 quia
1995 436 2086 492 ge-

2190 422 2447 485 πολλάκις
2476 423 2603 492 ὑμῖν
2629 422 2698 474 τά
2741 423 3089 491 προσήκοντα
3114 418 3432 488 διαλεχθεὶς,
3472 419 3592 473 οὐδὲ
3623 421 3759 489 μίαν

525 506 756 560 neratim
798 520 985 560 omnes
1019 507 1332 576 alloquitur,
1366 509 1567 564 multus
1591 517 1768 563 autem
1794 521 1912 565 erat
1942 513 2089 581 apud

522 598 711 652 decem
743 595 917 650 tribus
961 595 1228 651 idolorum
1275 600 1491 663 cultus,
1538 600 1698 668 cujus
1738 615 1904 656 causa
1944 602 2088 658 fanis

522 690 687 741 etiam
723 688 1055 742 constructis
1076 727 1091 749 ,
1125 688 1401 743 daemones
1433 691 1733 747 honoribus
1762 693 1963 749 divinis
1990 709 2087 747 co-

522 777 714 832 lendos
758 779 1042 842 curabant,
1071 788 1217 834 recte
1263 782 1397 836 dixit
1427 800 1441 835 :
1480 784 1635 853 172
1667 802 1686 836 ι
1716 784 1974 840 Dominus
2017 787 2085 843 de

522 866 684 921 domo
706 874 896 922 sancta
923 883 1044 931 sua,
1070 887 1088 920 ι
1116 869 1497 926 demonstrans
1523 888 1581 926 se
1611 874 1678 926 ad
1709 889 1899 929 omnes
1928 890 2082 930 com-

522 957 761 1011 muniter
788 959 947 1011 verba
981 957 1188 1021 facere,
1221 960 1292 1013 ob
1322 961 1373 1013 id
1406 976 1435 1013 a
1470 961 1579 1016 Deo
1608 963 1810 1018 missus
1840 964 1932 1032 qui
1964 964 2084 1018 Hie-

522 1048 812 1117 rosolymis
870 1049 1087 1102 domum
1149 1049 1310 1103 habet
1360 1067 1551 1118 suam,
1607 1068 1771 1122 quam
1829 1066 2078 1110 sanctam

519 1145 740 1204 propter
773 1136 992 1190 insitam
1026 1137 1076 1191 ei
1107 1138 1361 1193 virtutem
1396 1140 1604 1195 deﬁnit.
1655 1140 1851 1198 Postea
1900 1145 2078 1215 pergit

519 1231 729 1285 dicere:

2191 514 2489 585 μεταϐολὴν
2533 512 2855 584 δεξαμένους
2896 513 2988 565 ἐπὶ
3016 512 3076 564 τὸ
3106 513 3350 579 κρεῖττον
3380 506 3518 564 εἶδεν
3538 527 3552 541 ⁸
3580 511 3658 575 ὡς
3690 512 3759 566 ἀν

2187 606 2426 675 φαίνοιτο
2454 606 2483 657 ὁ
2521 604 2619 674 μὶν
2663 604 2839 657 πάντα
2874 602 2942 655 τὰ
2977 600 3112 672 πρὸς
3143 601 3413 671 ὑμετέραν
3443 601 3759 671 πεποιηκὼς

2182 696 2482 765 ὠφέλειαν,
2525 695 2682 763 ὑμεῖς
2719 692 2775 745 δὲ
2807 692 2955 745 οὐδὲν
2984 691 3308 762 θελήσαντες
3356 691 3562 744 ἑαυτῶν
3599 692 3757 759 γενέ-

2191 785 2313 838 σθαι
2348 784 2620 855 βελτίους,
2661 780 3085 851 ὲφελκυσάμενοι
3124 781 3180 833 δὲ
3223 781 3378 851 μόνον
3422 782 3506 849 ἐφ’
3531 783 3754 842 ἑαυτοὺς

2188 876 2255 929 τά
2283 875 2447 930 κακά.
2473 892 2492 924 ι
2525 872 2725 943 Κύριος
2754 871 2812 938 ἐξ
2837 870 2987 924 οἰκου
3010 872 3165 940 ἀγίου
3197 870 3380 924 αὐτοῦ.
3413 890 3431 922 ι
3461 871 3757 939 Ἀναγκαία

2188 966 2221 1033 ή
2262 964 2573 1035 προσθήκην
2620 962 2805 1032 ἐπειδὴ
2846 962 2954 1033 γάρ
2986 962 3121 1032 πρὸς
3161 962 3408 1025 ἅπαντας
3449 965 3603 1033 κοινῇ
3637 963 3755 1015 δια-

2186 1055 2439 1122 λέγεται,
2493 1052 2662 1123 πολλὴ
2702 1052 2759 1106 δὲ
2808 1047 2874 1123 ἦν
2920 1054 2953 1123 ἡ
2988 1054 3115 1124 περὶ
3155 1054 3223 1106 τά
3262 1053 3456 1107 εἴδωλα
3479 1053 3588 1106 τῶν
3625 1053 3759 1107 δέκα

2186 1144 2369 1215 φυλῶν
2396 1143 2680 1215 Θεραπεία,
2712 1144 2797 1211 ἐφ’
2897 1144 2990 1195 καὶ
3018 1144 3201 1206 οῐκους
3229 1145 3756 1205 κατασκευάσαντες,

2187 1236 2263 1298 ὼς
2313 1234 2469 1297 θεοὺς
2514 1234 2601 1287 διὰ
2648 1234 2757 1287 τῶν
2811 1232 3042 1287 εἰδώλων
3083 1233 3406 1304 θεραπεύειν
3458 1234 3759 1305 ἐπειρῶντο

519 1323 644 1385 τοὺς
661 1323 934 1392 δαίμονας,
960 1324 1135 1388 καλῶς
1155 1325 1457 1396 προσέθηκε
1480 1328 1560 1387 τὸ,
1600 1348 1617 1380 ι
1644 1330 1846 1400 Κύριος
1880 1328 1941 1394 ἐξ
1961 1328 2110 1382 οῐκου
2147 1329 2301 1397 ἀγίου
2332 1326 2516 1381 αὑτοῦ·
2558 1347 2576 1379 ι
2605 1326 2776 1397 δηλῶν
2797 1328 2879 1380 ὅτι
2908 1331 3059 1398 κοινῇ
3110 1328 3246 1397 πρὸς
3298 1328 3542 1391 ἅπαντας
3586 1330 3756 1380 ποιεῖ-

517 1428 606 1464 ται
653 1414 777 1475 τοὺς
815 1413 1031 1481 λόγους,
1062 1415 1210 1485 παρά
1236 1416 1367 1468 Θεοῦ
1396 1416 1568 1471 ταῦτα
1595 1421 1766 1473 εἰπεῖν
1803 1418 2208 1488 ἀπεσταλμένος
2249 1417 2342 1470 τοῦ
2383 1418 2440 1469 ὲν
2472 1415 2822 1487 Ἰερουσαλήμ
2866 1416 2957 1469 τὸν
3004 1410 3153 1469 οἷκον
3184 1415 3400 1486 ἔχοντος
3442 1416 3535 1469 τὸν
3584 1415 3749 1467 ίδιονο

517 1509 574 1561 ὃν
602 1510 693 1560 καὶ
727 1508 880 1576 ἅγιον
907 1510 993 1563 διά
1019 1511 1119 1580 τῆς
1145 1513 1420 1581 ἐνεργείας
1447 1514 1693 1585 ἀπέφηνε
1717 1516 1815 1585 τῆς
1838 1516 2063 1578 οἰκείας.
2110 1511 2242 1567 Εἶτα
2273 1514 2367 1566 καὶ
2401 1512 2743 1582 προστίθησιο

595 1594 760 1651 Vens.
797 1597 917 1652 3-5.
943 1628 1011 1636 —
1035 1618 1053 1649 ι
1092 1601 1228 1664 Quia
1262 1615 1389 1655 ecce
1422 1602 1683 1659 Dominus
1712 1604 1985 1674 egreditur
2015 1605 2083 1659 de

519 1692 640 1744 loco
670 1706 771 1745 suo
801 1709 813 1744 :
848 1699 901 1745 et
933 1692 1230 1747 descendet
1278 1704 1443 1766 atque
1480 1700 1741 1754 ascendet
1789 1716 1957 1771 super
1987 1718 2085 1757 ex-

2257 1603 2407 1672 Στίχ.
2436 1601 2574 1669 γ’-ε’.
2601 1629 2673 1641 —-
2702 1619 2721 1650 ι
2754 1600 2898 1653 Διότι
2940 1599 3047 1653 ἰδοὺ
3076 1598 3279 1670 Κύριος
3307 1597 3659 1668 ἐκπορεύεται
3694 1601 3762 1652 ὲκ

2187 1689 2279 1744 τοῦ
2327 1690 2491 1743 τόπου
2535 1688 2732 1743 αὑτοῦ·
2782 1691 2877 1743 καὶ
2906 1690 3273 1761 καταϐήσεται
3311 1690 3405 1743 καὶ
3443 1691 3760 1759 ἐπιϐήσεται

517 1780 663 1834 celsa
696 1788 876 1835 terrae.
910 1780 975 1834 Et
995 1786 1481 1841 commovebuntur
1498 1803 1709 1846 montes
1732 1792 1915 1847 subter
1937 1808 2083 1859 eum,

2189 1780 2279 1833 ἐπὶ
2300 1780 2368 1833 τά
2397 1780 2505 1850 ὕψη
2534 1780 2633 1849 τῆς
2661 1781 2764 1850 γῆς
2790 1796 2802 1808 ⁸
2838 1781 2930 1834 καί⁵
2958 1781 3345 1852 σαλευθήσεται
3384 1783 3453 1836 τὰ
3489 1783 3592 1853 ὅρη
3622 1784 3762 1836 bno-

515 1877 571 1924 et
604 1870 772 1925 valles
805 1871 1107 1940 liquescent
1140 1874 1282 1928 sicut
1310 1891 1433 1931 cera
1462 1892 1489 1931 a
1522 1878 1658 1934 facie
1688 1880 1852 1951 ignis,
1874 1890 1929 1936 et
1950 1883 2086 1938 sicut

2192 1871 2432 1925 κάτωθεν
2469 1871 2659 1924 αὐτοῦ’
2706 1872 2797 1924 καί¹
2831 1874 2885 1924 αἱ
2916 1871 3160 1936 κοιλάδες
3200 1875 3526 1944 τακήσονται
3554 1874 3629 1938 ὡς
3656 1891 3763 1946 κη-

519 1975 661 2030 aqua
695 1976 816 2030 quae
861 1962 1103 2017 decurrit
1148 1964 1201 2018 in
1248 1981 1504 2037 praeceps.
1540 1988 1558 2021 ι
1586 1968 1893 2027 Procedens
1939 1974 2086 2028 enim

517 2069 582 2106 ex
615 2053 707 2107 illo
729 2094 742 2113 ,
779 2054 986 2123 inquit,
1025 2066 1208 2112 monte
1245 2057 1389 2115 Deus
1412 2099 1427 2125 ,
1462 2060 1817 2118 habitationis
1856 2079 1970 2119 sua:
2006 2065 2088 2119 lo-

518 2156 645 2195 cum
685 2146 965 2211 ostendit,
1013 2161 1246 2215 eumque
1278 2149 1548 2204 universae
1594 2151 1965 2205 lsraelitarum
2002 2168 2089 2207 re-

524 2235 674 2303 gioni
710 2237 983 2289 dominari
1027 2238 1198 2300 dicit,
1241 2255 1404 2307 quam
1456 2242 1715 2310 propheta
1764 2243 2084 2313 alloquitur.

517 2323 875 2378 Conturbabit
897 2336 1077 2381 autem
1097 2344 1349 2398 proceres
1377 2331 1498 2400 ejus
1523 2350 1537 2399 ;
1571 2333 1671 2388 hos
1698 2333 1845 2387 enim
1875 2342 2089 2388 montes

518 2418 590 2471 ob
622 2432 775 2470 suam
807 2419 1157 2480 eminentiam
1193 2423 1466 2491 appellat;
1500 2439 1709 2479 necnon
1749 2433 1804 2480 et
1850 2426 2089 2494 reliquos

520 2521 711 2562 omnes
742 2526 756 2562 :
794 2524 919 2562 nam
951 2509 1121 2564 valles
1148 2512 1380 2567 classem
1416 2513 1697 2567 hominum
1737 2515 2087 2568 humiliorum

518 2600 783 2652 nominat.
814 2598 967 2654 Patet
997 2608 1187 2655 autem
1224 2602 1363 2656 haud
1396 2602 1615 2658 divisim
1656 2604 1837 2658 dicere
1876 2611 2089 2659 montes

520 2697 828 2743 commotos
855 2698 909 2743 et
940 2691 1261 2759 liquefactas
1294 2693 1460 2747 valles
1482 2732 1497 2756 ,
1531 2692 1625 2747 sed
1659 2692 1925 2749 Hebraico
1950 2695 2090 2749 idio-

520 2778 684 2832 tislno
728 2794 890 2846 quem
941 2794 1084 2848 saepe
1134 2779 1453 2846 docuimus,
1501 2797 1597 2851 per
1648 2782 1918 2838 diaeresin)
1956 2783 2090 2838 dicit

522 2881 843 2932 commune,
875 2867 1022 2936 quod
1055 2884 1247 2938 nempe
1280 2885 1471 2925 omnes
1504 2886 1760 2941 proceres
1794 2874 2090 2944 reliquam-

522 2973 630 3025 que
661 2957 872 3026 plebem
917 2958 1100 3010 divina
1141 2959 1220 3011 ira
1257 2960 1545 3029 corripiet,
1596 2976 1945 3017 commovens
1992 2964 2089 3018 de-

522 3055 850 3116 struensque
878 3062 1016 3102 cerae
1043 3062 1194 3103 more
1231 3050 1340 3120 igni
1381 3049 1652 3105 admota-3:
1697 3053 2089 3124 pertrahetque

2193 1962 2285 2031 ρὸς
2330 1961 2436 2014 ἀπὸ
2492 1961 2784 2031 προσώπου
2826 1964 2996 2034 πυρὸς
3050 1963 3134 2033 (p.
3184 1963 3324 2032 262)
3372 1965 3465 2016 καὶ
3506 1964 3580 2027 ὡς
3614 1964 3763 2036 ὕδωρ

2192 2054 2629 2123 καταφερόμενον
2676 2054 2734 2104 ὲν
2777 2054 3094 2107 καταϐάσει.
3130 2074 3149 2106 ι
3198 2054 3412 2122 Προϊὼν
3437 2056 3544 2128 γὰρ
3571 2058 3636 2109 ὲκ
3660 2055 3761 2111 τοῦ

2188 2144 2345 2211 ϐρους
2397 2143 2641 2207 ἐκείνου,
2683 2146 2880 2215 φησὶν,
2940 2147 2967 2198 ό
3014 2144 3173 2210 Θεὸς,
3220 2146 3317 2216 τῆς
3361 2146 3624 2217 οἰκήσεως
3657 2147 3762 2217 τῆς

2188 2235 2390 2296 οἰκείας
2433 2234 2595 2287 τόπον
2641 2235 2943 2305 ἀπέφηνεν,
2979 2237 3194 2306 ἀπάσης
3226 2236 3326 2307 μὲν
3352 2240 3761 2309 κατακρατήσει

2189 2323 2287 2392 τῆς
2316 2324 2416 2393 γῆς
2439 2323 2535 2393 τῆς
2574 2324 2993 2394 ἰσραηλιτικῆς,
3038 2324 3233 2392 λέγων,
3277 2325 3414 2396 πρὸς
3439 2326 3505 2395 ήν
3541 2329 3569 2379 ὁ
3603 2327 3762 2394 λόγος

2190 2413 2367 2484 αὐτῷ,
2404 2415 2460 2465 ὲν
2501 2417 2710 2485 ταραχῇ
2742 2413 2799 2465 δὲ
2842 2416 2967 2477 τοὺς
2993 2416 3049 2466 έν
3076 2415 3211 2484 αὐτῇ
3242 2418 3572 2487 καταστήσει
3596 2416 3761 2469 δυνα-

2188 2504 2342 2568 τοὺς,
2385 2503 2606 2567 τούτους
2638 2506 2746 2576 γὰρ
2773 2506 2872 2577 ὅρη
2913 2504 3002 2557 διά
3040 2506 3102 2557 τὸ
3149 2506 3413 2577 ὑπερέχον
3452 2506 3627 2569 καλεῖ,
3662 2509 3763 2560 καὶ

2188 2596 2312 2657 τοὺς
2339 2595 2557 2657 λοιποὺς
2579 2595 2637 2648 δὲ
2679 2596 2951 2658 ἅπαντας·
2984 2596 3232 2659 κοιλάδας
3277 2597 3384 2667 γάρ
3412 2600 3537 2661 τοὺς
3562 2615 3762 2651 ταπει-

2189 2681 2441 2752 νοτέρους
2483 2683 2775 2753 ὀνομάζει,
2819 2683 2975 2754 δίκην
3025 2685 3195 2755 κηροῦ
3236 2687 3369 2756 πυρὶ
3408 2687 3761 2757 προσωμιλη-

2190 2772 2345 2835 κότος
2374 2774 2786 2828 καταναλίσκων
2814 2774 3010 2839 αὐτούς
3030 2793 3045 2807 ·
3072 2775 3233 2845 δήλου
3266 2794 3328 2845 γε
3355 2777 3505 2840 ὄντος
3536 2779 3617 2831 ὅτι
3651 2777 3757 2833 οὐκ

2190 2863 2428 2927 ἐκείνους
2481 2864 2582 2935 μὲν
2639 2864 2958 2919 σαλεύεσθαι
3024 2865 3206 2935 λέγει,
3259 2867 3355 2931 τάς
3406 2867 3654 2930 κοιλάδας
3694 2867 3754 2921 δὲ

2189 2952 2467 3023 τήκεσθαι,
2495 2953 2632 3008 ἀλλά
2653 2954 2793 3008 κατά
2825 2954 2885 3007 τὸ
2920 2954 3115 3025 ἰδίωμα
3133 2957 3194 3009 τὸ
3227 2956 3531 3028 Ἐϐραῖκδν,
3563 2957 3592 3010 δ
3625 2956 3759 3009 πολ·

2190 3042 2345 3108 λάκις
2371 3043 2760 3114 ἀπεδείξαμεν,
2794 3044 2935 3099 κατά
2965 3045 3226 3117 διαίρεσιν
3257 3046 3428 3116 λέγων
3451 3047 3511 3100 τὸ
3556 3048 3758 3111 κοινὸν,

526 3136 595 3188 ad
632 3152 847 3206 pugnam
882 3139 1054 3192 instar
1101 3153 1255 3209 aquae
1298 3141 1639 3196 vehementis
1680 3142 1982 3212 impetuose
2018 3159 2083 3198 ex

2190 3138 2270 3191 ὅτι
2315 3134 2520 3199 πάντας
2557 3137 2651 3190 καί⁵
2690 3137 2947 3200 δυνατοὺς
2980 3140 3072 3191 καὶ
3109 3138 3199 3193 τὸν
3244 3139 3424 3192 λοιπὸν
3461 3140 3628 3210 δῆμον
3651 3141 3759 3193 ἐπα

525 3229 637 3283 alto
665 3229 731 3282 ad
762 3230 1022 3284 inferiora
1050 3233 1280 3289 ruentis.
1314 3232 1518 3288 llorum
1553 3245 1735 3290 autem
1770 3252 1936 3292 causa
1960 3246 2081 3293 est:

529 3339 548 3372 ι
578 3319 809 3390 Pr0pter
839 3323 1019 3378 scelus
1050 3322 1220 3378 Jacoh
1250 3326 1363 3380 hanc
1392 3327 1573 3380 omnia
1593 3367 1608 3391 ,
1640 3336 1695 3381 et
1727 3339 1945 3398 propter
1970 3346 2089 3401 pec-

520 3420 708 3465 catum
762 3413 954 3467 domus
1005 3414 1238 3470 lsraelis.
1291 3435 1308 3468 ι
1345 3415 1465 3471 Mox
1519 3417 1711 3474 addit:
1748 3439 1766 3470 ι
1801 3421 2086 3485 Quodnam

523 3504 708 3558 scelus
734 3501 945 3558 Jacob?
976 3521 1157 3561 nonne
1191 3505 1483 3562 Samaria?
1533 3508 1598 3562 Et
1637 3510 1912 3579 quodnam
1960 3526 2084 3581 peo-

521 3604 704 3647 catum
737 3595 934 3650 domus
961 3594 1113 3650 Iuda:
1139 3597 1162 3649 ἰ
1195 3612 1376 3652 nonne
1408 3596 1744 3654 Hierusalem
1768 3599 1790 3652 ?
1821 3619 1839 3651 ι
1866 3599 2085 3654 Illorum

521 3686 740 3755 quidem
776 3686 1064 3742 manifesta
1097 3697 1213 3742 erat
1242 3689 1491 3760 impietas
1528 3691 1621 3761 qui
1658 3689 1917 3747 Samaria:
1950 3708 2087 3747 con-

520 3775 883 3845 gregabantur
918 3777 984 3831 ad
1021 3777 1291 3833 idolorum
1328 3780 1535 3834 cultum
1561 3821 1576 3845 ,
1617 3782 1779 3850 cujus
1816 3785 2089 3854 praecipue

520 3880 689 3920 causa
727 3866 838 3921 illic
867 3867 1129 3924 aediﬁcata
1172 3869 1295 3924 fana
1328 3871 1621 3928 habebant.
1659 3873 1765 3928 Sed
1800 3884 1855 3929 et
1882 3874 2076 3929 borum

523 3956 789 4025 iniquitas
818 3958 965 4011 haud
999 3960 1178 4015 minus
1207 3964 1531 4026 constabat,
1566 3965 1657 4034 qui
1693 3964 2084 4037 Hierosolymis

521 4046 779 4115 templum
819 4048 960 4115 apud
1002 4064 1060 4103 se
1091 4048 1388 4116 habentes,
1426 4052 1528 4107 hoc
1562 4055 1851 4123 despecto,
1874 4057 1943 4111 ab
1972 4057 2085 4111 ido-

519 4135 694 4189 lorum
743 4136 893 4189 cultu
948 4152 1057 4191 non
1109 4138 1476 4195 abstinebant.
1525 4143 1727 4199 Deinde
1772 4148 2085 4215 punitiones

518 4238 585 4276 en
592 4240 623 4276 ll
630 4239 844 4280 [ιιετειηε
876 4243 889 4279 ζ

2191 3226 2466 3280 ελεύσεται
2506 3230 2539 3298 ή
2571 3227 2706 3299 ὀργὴ
2741 3229 2774 3299 ή
2808 3228 2946 3296 θεία,
2983 3228 3280 3283 σαλεύουσά
3321 3246 3382 3282 τε
3429 3230 3622 3293 αὐτοὺς
3658 3232 3760 3284 καὶ

2192 3316 2527 3385 ἀφανίζουσα
2558 3317 2712 3387 δίκην
2747 3316 2917 3390 κηροῦ
2951 3319 3086 3388 πυρί
3117 3319 3618 3390 προσωμιληκότος⁸
3651 3336 3758 3373 κα-

2192 3410 2457 3463 τασπάσει
2486 3427 2543 3462 τε
2570 3411 2763 3473 αὐτοὺς
2799 3413 2876 3473 εἰς
2902 3412 3190 3481 τιμωρίαν,
3223 3412 3376 3482 δίκην
3405 3411 3592 3473 ὓδατος
3620 3427 3756 3479 σφο-

2192 3499 2321 3569 δροῦ
2370 3517 2428 3553 τε
2472 3499 2565 3552 καὶ
2617 3500 2873 3569 ῥαγδαίου
2929 3500 2987 3568 ἐξ
3035 3500 3203 3570 ὖψους
3234 3502 3325 3553 ἐπὶ
3373 3501 3441 3555 τά
3472 3502 3761 3572 κατώτερα

2185 3590 2504 3660 φερομένου.
2545 3590 2608 3643 Ἠ
2639 3590 2695 3643 δὲ
2724 3590 2928 3643 τούτων
2962 3592 3110 3643 αἰτία
3133 3631 3148 3655 ,
3185 3609 3204 3642 ι
3242 3592 3320 3643 Δι’
3351 3591 3606 3645 ἀσέϐειαν
3648 3593 3757 3644 Ἰα-

2184 3681 2298 3736 κὼϐ
2326 3681 2502 3735 πάντα
2531 3680 2703 3733 ταῦτα
2721 3722 2735 3744 ,
2764 3682 2858 3734 καὶ
2880 3682 2946 3734 δι’
2971 3680 3241 3751 ἁμαρτίαν
3265 3682 3412 3734 οτκου
3450 3680 3687 3752 Ἰσραήλ.
3728 3701 3750 3732 ι

2187 3767 2321 3825 Εἶτα
2355 3771 2567 3839 ἐπάγει⁹
2604 3789 2621 3821 ι
2658 3771 2752 3834 Τίς
2774 3774 2807 3841 ή
2837 3771 3056 3824 ἀσέϐεια
3106 3770 3334 3837 Ἰακώϐς
3364 3772 3462 3842 οὐχ
3492 3773 3524 3842 ή
3570 3772 3758 3842 Σαμά-

2190 3879 2341 3935 pata;
2373 3864 2467 3917 καὶ
2497 3862 2579 3925 τίς
2604 3864 2637 3932 ἡ
2668 3863 2912 3933 ἁμαρτία
2931 3862 3080 3916 οἴκου
3123 3862 3325 3928 Ἰούδα;
3355 3864 3454 3934 οὐχ
3486 3864 3519 3933 ὴ
3558 3864 3758 3934 Ἰερου-

2191 3954 2405 4025 σαλήμ;
2440 3973 2458 4005 ι
2502 3954 2755 4006 Ἐκείνων
2783 3970 2842 4005 τε
2876 3953 2982 4024 γάρ
3005 3956 3037 4024 ή
3064 3953 3288 4007 ἀσέϐεια
3310 3954 3446 4025 δήλη
3475 3955 3534 4007 ἐν
3563 3955 3755 4022 Σαμά-

2194 4045 2315 4115 ρείᾳ.
2336 4043 2738 4113 συλλεγομένων
2787 4044 2879 4095 ἐπὶ
2907 4046 2973 4113 τῇ
3024 4044 3132 4098 τῶν
3170 4045 3402 4098 εἰδώλων
3443 4045 3752 4118 θεραπείᾳ,

2190 4131 2251 4189 οῦ
2295 4135 2359 4205 δὴ
2409 4135 2640 4204 μάλιστα
2686 4136 2810 4197 τοὺς
2859 4135 2952 4187 ἐπὶ
3001 4134 3172 4204 τούτῳ
3221 4137 3755 4207 κατεσκευασμένους

2191 4227 2334 4297 εἶχον
2375 4224 2559 4288 ναούς*
2597 4226 2691 4277 καὶ⁴
2731 4223 2932 4278 τούτων
2964 4225 3021 4278 δὲ
3046 4228 3080 4294 ἡ
3122 4226 3435 4297 παρανομία
3460 4228 3558 4297 οὐχ
3586 4221 3754 4296 ἦττον

517 4313 669 4382 δήλη,
695 4316 742 4366 οἱ
773 4312 872 4384 τήν
906 4314 1257 4387 Ἰερουσαλὴμ
1290 4316 1501 4387 ἔχοντες
1527 4318 1585 4371 ἐν
1622 4319 1852 4385 ἑαυτοῖς,
1881 4322 2116 4393 (p.263)
2156 4322 2274 4377 οὐδὲ
2315 4319 2409 4372 τὸν
2458 4314 2581 4369 ναὸν
2621 4316 2994 4386 αἰσχυνόμενοι
3030 4316 3129 4385 τῆς
3170 4317 3277 4369 τῶν
3316 4317 3546 4371 εἰδώλων
3589 4319 3753 4371 ἀπείο

516 4419 670 4472 χοντο
716 4403 1033 4473 θεραπείας·
1083 4403 1201 4460 εἶτα
1257 4407 1355 4470 τάς
1398 4409 1667 4479 τιμωρίας
1723 4411 2222 4485 ἀπαριθμούμενος’

594 4492 749 4562 173
774 4490 938 4547 Vens.
964 4494 1079 4549 6-9.
1101 4525 1170 4537 -—
1207 4515 1226 4549 ι
1268 4495 1332 4551 Et
1360 4512 1557 4568 ponam
1589 4497 1890 4555 Samariam
1926 4504 2082 4571 quasi

2253 4502 2405 4572 Στίχ.
2433 4509 2514 4566 ς’·-
2541 4498 2605 4556 θ’.
2630 4529 2697 4539 -
2724 4518 2742 4551 ι
2778 4498 2887 4551 Καὶ
2910 4496 3143 4568 θήσομαι
3167 4499 3474 4569 Σαμάρειαν
3496 4502 3575 4562 είς
3604 4502 3752 4554 ortm-

519 4596 803 4649 pomorum
834 4585 1161 4649 custodiam,
1186 4597 1239 4643 et
1258 4590 1416 4658 quasi
1445 4589 1831 4658 plantationem
1865 4608 2039 4649 vinea:
2067 4612 2080 4648 :

520 4681 575 4726 et
598 4672 878 4726 detraham
910 4675 963 4728 in
1006 4679 1318 4748 voraginem
1367 4680 1573 4750 lapides
1610 4682 1730 4751 ejus
1782 4691 1836 4737 et
1888 4682 2086 4738 funda—

521 4771 703 4818 menta
741 4764 861 4832 ejus
908 4766 1176 4822 revelabo.
1230 4789 1250 4822 ι
1292 4771 1636 4826 Constituam
1682 4771 1982 4829 Samariam
2032 4775 2086 4828 in

522 4856 866 4912 solitudinem
886 4867 1113 4925 vastam,
1146 4864 1220 4915 ita
1255 4871 1315 4916 ut
1340 4865 1515 4934 campi
1568 4866 1743 4920 instar
1775 4866 1830 4919 in
1852 4881 1915 4920 ea
1945 4867 2088 4936 agri-

521 4948 751 5015 coletur,
779 4958 834 5004 et
855 4951 1069 5019 tuguria
1096 4951 1169 5007 ibi
1192 4952 1319 5008 (iant
1342 4956 1412 5011 ob
1433 4971 1714 5025 pomorum
1741 4957 2043 5013 custodiam
2073 4978 2085 5012 :

523 5040 726 5093 ctenim
767 5053 869 5109 ego
898 5040 1124 5094 aedilicia
1154 5041 1272 5111 ejus
1300 5046 1483 5099 omnia
1515 5045 1794 5101 destruam
1828 5062 1858 5100 a
1891 5047 2091 5101 funda-

523 5129 721 5184 mentis
741 5142 1021 5196 evertens,
1054 5147 1119 5186 ex
1150 5148 1258 5201 quo
1280 5133 1368 5187 illa
1397 5135 1579 5189 omnia
1609 5145 1921 5206 sequentur.
1953 5155 1972 5188 ι
2023 5136 2089 5190 Et

524 5219 706 5271 omnia
745 5222 1015 5290 sculptilia
1063 5223 1183 5292 ejus
1229 5225 1606 5280 concidentnr.
1668 5246 1688 5279 ι
1722 5228 1877 5282 Tunc
1923 5229 2084 5282 etiam

528 5321 788 5361 vanorum
818 5312 1158 5379 opificiorum
1176 5327 1399 5368 suorum
1419 5315 1691 5370 excidium
1721 5326 1968 5380 cernent,
1992 5319 2089 5373 de-

524 5396 635 5451 ieta
670 5398 877 5454 scilicet
897 5413 1119 5458 cernent
1172 5405 1240 5458 ab
1274 5406 1521 5463 hostibus
1549 5408 2091 5478 quaelabricaverant

529 5487 695 5542 idola.
729 5507 747 5539 ι
775 5490 838 5544 Et
876 5504 1063 5548 omnes
1114 5497 1389 5554 mercedes
1413 5499 1530 5568 ejus
1600 5498 1723 5569 igne
1776 5499 2095 5557 comburen-

530 5585 638 5631 tur.
684 5597 701 5629 ι
739 5579 1004 5637 Exuretur
1036 5584 1158 5653 igne
1187 5597 1412 5645 ornatus
1455 5590 1631 5644 omnis
1664 5589 1822 5648 idolis
1856 5592 2090 5649 circum-

535 5668 742 5737 positus
775 5680 935 5743 atque
987 5675 1220 5743 templis,
1258 5693 1416 5750 quem
1462 5681 1535 5737 illi
1582 5683 1734 5754 quasi
1786 5683 2086 5740 mercedem

2188 4593 2510 4664 ροφυλάκιον
2540 4590 2731 4661 ἀγροῦ,
2775 4590 2866 4642 καὶ
2905 4589 2985 4651 είς
3020 4589 3242 4657 φυτείαν
3274 4590 3623 4658 ἀμπελῶνοςο
3658 4593 3753 4645 καὶ

2186 4688 2519 4741 κατασπάσω
2544 4687 2623 4747 είς
2674 4685 2803 4753 χάος
2834 4684 2960 4745 τοὺς
3000 4683 3179 4747 λίθους
3220 4685 3407 4754 αὐτῆς,
3441 4683 3536 4736 καὶ
3565 4683 3634 4736 τά
3665 4683 3755 4737 θε-

2191 4779 2350 4847 μέλια
2373 4775 2541 4845 αὐτῆς
2567 4772 2922 4842 ἀποκαλύψω.
2954 4793 2973 4825 ι
2998 4775 3340 4843 Καταστήσω
3361 4774 3415 4827 δὲ
3441 4775 3755 4844 Σαμάρειαν

2189 4869 2266 4929 εἰς
2287 4867 2566 4935 ἐρήμωσιν
2594 4861 2815 4931 πολλὴν,
2838 4861 2978 4915 ὥστε
2998 4861 3181 4932 χώρας
3201 4862 3355 4931 δίκην
3371 4864 3754 4933 γεωργεῖσθαι,

2190 4956 2393 5026 σκηνάς
2437 4971 2498 5007 τε
2523 4954 2610 5006 ἐπ’
2644 4953 2814 5023 αὐτῆς
2862 4952 3029 5007 θεῖναι
3077 4954 3169 5007 ἐπὶ
3215 4953 3429 5025 φυλακῇ
3468 4954 3577 5007 τῶν
3615 4973 3755 5026 καρ-

2190 5046 2343 5099 πῶνο
2377 5043 2589 5113 ἀφανιῶ
2636 5044 2745 5115 γὰρ
2789 5044 2967 5115 αὐτῆς,
3003 5044 3098 5107 τάς
3143 5044 3430 5115 οἰκοδομάς
3475 5046 3757 5111 παντελῶς

2188 5139 2253 5190 ὲκ
2305 5135 2519 5207 βάθρων
2564 5136 2734 5199 αὑτάς
2787 5136 3138 5199 ἀνασπάσας·
3185 5136 3277 5204 ἀφ’
3308 5132 3369 5190 οὗ
3416 5136 3478 5206 δὴ
3536 5138 3757 5201 πάντως

2187 5227 2376 5297 ἕψεται
2423 5228 2668 5281 κάκεῖνα.
2706 5244 2725 5279 ι
2758 5228 2869 5281 Καὶ
2915 5228 3088 5281 πάντα
3114 5227 3183 5281 τά
3216 5227 3428 5295 γλυπτά
3456 5228 3626 5298 αὐτῆς
3656 5245 3758 5283 κα-

2187 5317 2500 5388 τακόψουσι.
2539 5337 2558 5370 ι
2588 5318 2721 5371 Τότε
2756 5317 2820 5389 δὴ
2865 5319 2960 5372 καὶ
2990 5318 3100 5371 τῶν
3132 5320 3378 5388 ματαίων
3423 5319 3603 5372 πόνων
3629 5321 3759 5372 ἑαυ-

2190 5406 2299 5459 τῶν
2342 5406 2559 5476 δψονται
2603 5406 2701 5477 τὴν
2735 5406 3029 5468 ἀπώλειαν,
3064 5406 3464 5477 καθαιρούμενα
3498 5407 3602 5460 ὑπὸ
3644 5407 3761 5460 τῶν

2193 5496 2464 5567 πολεμίων
2511 5495 2743 5568 ὁρῶντες
2793 5495 2829 5549 ἃ
2879 5496 3288 5550 κατεσκεύασαν
3335 5495 3546 5554 εἴδωλα.
3585 5515 3604 5549 ι
3646 5497 3761 5550 Καὶ

2193 5588 2371 5641 πάντα
2395 5586 2463 5640 τά
2494 5585 2816 5656 μισθώματα
2846 5586 3017 5655 αὐτῆς
3045 5587 3420 5657 ἐμπρήσουσιν
3446 5587 3506 5638 ὲν
3536 5585 3691 5656 πυρί.
3734 5604 3755 5638 ι

2201 5673 2383 5733 Πάντα
2408 5676 2496 5732 τὸν
2527 5677 2725 5749 κόσμον
2763 5676 2853 5730 τὸν
2882 5678 3258 5748 περικείμενον
3290 5679 3400 5740 τοῖς
3427 5693 3485 5730 τε
3519 5674 3761 5744 εἰδώλοις
