3976 6226
248 264 356 322 διο

1289 278 1840 342 COMMENTARIUS
1875 287 1945 344 ΙΝ
1985 289 2295 350 MlCHEA-J
2330 295 2483 353 CAP.
2522 298 2568 354 Ι.

3405 307 3511 363 350

254 382 512 484 καὶλτοῖς
542 386 686 484 ναοῖς
731 384 1051 454 ἀφανιοῦσιν
1097 389 1157 443 ἐν
1190 396 1343 464 πυρὶ,
1387 396 1446 448 δν
1492 397 1681 470 ὥσπερ
1714 403 1835 455 τινὰ

1945 409 2226 477 quamdam
2271 410 2611 468 daemonibus
2669 414 3070 484 persolvebant.
3122 435 3142 469 ι
3196 415 3259 471 Et
3327 422 3508 474 omnia

260 471 454 540 μισθὸν
481 472 695 527 ἐτέλουν
726 478 841 538 τοῖς
880 476 1115 547 δαίμοσι.
1147 499 1166 531 ι
1201 482 1310 534 Καὶ
1332 484 1509 539 πάντα
1532 488 1600 541 τὰ
1640 490 1835 544 εἴδωλα

256 563 433 632 αὐτῆς
462 564 699 634 θήσομαι
731 567 814 628 εἰς
840 567 1142 638 ἀφανισμόν
1166 585 1179 598 ο
1212 571 1345 625 διότι
1373 576 1438 627 ἐκ
1468 577 1837 649 μισθωμάτων

254 653 468 723 πόρνης
496 657 793 723 συνήγαγε,
846 656 941 708 καὶ
973 660 1037 710 ἐκ
1072 660 1439 732 μισθωμάτων
1481 666 1685 738 πόρνης
1715 686 1839 723 συν-

251 741 512 811 έστρεψε.
549 761 569 793 ι
592 744 833 815 Πορνικῇ
864 746 972 816 γὰρ
1000 748 1332 819 χρησάμενοι
1354 751 1566 825 γνώμῃ.
1590 757 1685 810 καὶ
1705 759 1838 812 ἀπο-

254 832 486 896 στάντες
515 834 616 902 μέν
647 833 805 903 ἐμοῦ,
851 836 1137 901 νεύσαντες
1164 838 1221 892 δέ
1246 841 1380 911 πρὸς
1402 843 1472 896 τά
1497 844 1711 909 εἴδωλα,
1751 865 1838 916 μι-

254 922 524 993 σθώματά
554 940 673 975 τινα
693 924 796 994 τῆς
822 927 1376 999 ἐαυτῶνάθροίζοντες
1388 934 1663 1006 πορνείας,
1681 954 1839 1008 προσ-

255 1015 455 1083 έφερον
483 1016 667 1067 ἐκεῖνα
699 1018 767 1085 τῇ
809 1016 917 1068 τῶν
951 1016 1180 1071 εἰδώλων
1202 1018 1487 1092 θεραπείᾳ,
1517 1024 1553 1076 ἃ
1573 1024 1635 1095 δὴ
1661 1028 1838 1081 πάντα

253 1104 399 1155 κατά
448 1106 648 1157 ταυτὸν
697 1106 932 1174 ἀφανιῶ.
968 1127 986 1158 ι
1009 1108 1234 1163 Ἕνεκεν
1275 1111 1464 1166 τούτου
1491 1114 1711 1184 κόψεται
1743 1120 1838 1171 καὶ

256 1192 433 1262 θρηνή
444 1211 549 1257 σει,
565 1194 887 1264 πορεύσεται
903 1198 1225 1263 ἀνυπόδετος
1238 1202 1331 1254 καὶ⁵
1350 1206 1555 1273 γυμνή.
1578 1225 1597 1255 ι
1620 1209 1693 1276 (p.
1710 1208 1836 1277 9.64)

266 1285 355 1336 Ἐν
387 1284 611 1354 θρήνοις
647 1286 800 1339 ἐσται
828 1290 923 1341 καὶ
963 1294 1212 1353 κοπετοῖς
1257 1294 1605 1368 αἰχμαλωσίᾳ
1653 1316 1807 1369 παρα

252 1374 473 1427 δοθεῖσα
509 1377 776 1448 μεγίστῃ·
806 1378 963 1432 τοῦτο
1001 1381 1107 1452 γὰρ
1154 1372 1300 1450 λέγει
1339 1384 1418 1451 τό,
1459 1406 1477 1437 ι
1524 1391 1705 1460 γυμνὴ
1744 1393 1839 1445 καὶ

254 1464 609 1530 ἀνυπόδετος,
654 1485 674 1517 ι
711 1468 796 1520 ὅτι
847 1469 1017 1533 οὕτως
1050 1472 1396 1542 αἰχμάλωτος
1440 1479 1835 1551 ἁπαχθήσεται,

256 1558 463 1619 παντὸς
519 1559 882 1631 ἀφαιρεθεῖσα
934 1560 1027 1614 τοῦ
1077 1564 1367 1633 προσόντος
1420 1568 1557 1639 αὐτῇ
1609 1572 1836 1641 κόσμου.

261 1667 279 1697 ι
319 1648 620 1717 Ποιήσεται
656 1651 884 1703 κοπετὸν
932 1652 1007 1716 ὠς
1041 1652 1371 1724 δρακόντων,
1406 1660 1499 1711 καὶ
1545 1661 1737 1725 πένθος
1763 1664 1839 1727 ὡς

1936 499 2078 553 idola
2107 501 2226 571 ejus
2259 518 2456 573 ponam
2485 505 2538 559 in
2590 504 2969 574 perditionem,
3022 506 3150 577 quia
3193 525 3256 563 ex
3298 525 3508 566 merce-

1937 586 2097 644 dibus
2124 591 2427 647 meretricis
2448 595 2813 664 congregavit,
2842 602 2899 650 et
2928 610 2994 649 ex
3026 596 3368 651 mercedibus
3393 612 3508 652 me-

1938 679 2152 734 retricis
2186 683 2472 737 convertit.
2506 702 2524 733 ι
2557 681 2857 738 Meretricia
2882 692 3060 739 mente
3090 699 3120 738 a
3144 700 3229 739 me
3249 685 3509 741 receden«

1939 777 2041 833 tes,
2070 779 2123 822 et
2150 769 2217 823 ad
2260 771 2400 825 idola
2453 773 2794 840 accedentes,
2844 775 3122 830 mercedes
3146 776 3409 844 quasdam
3439 791 3509 832 ex

1939 859 2181 927 ipsorum
2211 869 2597 917 coacervantes
2628 862 3010 931 fornicatione,
3039 865 3307 919 idolorum
3337 866 3509 921 cultui

1938 946 2237 1002 oti'erebant
2269 965 2283 1000 :
2309 963 2428 1018 quae
2450 964 2550 1019 ego
2569 951 2751 1004 omnia
2772 951 2933 1006 simul
2963 951 3295 1021 disperdam.
3322 971 3341 1004 ι
3373 951 3510 1008 Pro-

1940 1045 2060 1108 pter
2099 1038 2200 1092 boc
2238 1038 2454 1108 planget
2492 1048 2548 1094 et
2587 1040 2987 1108 lamentabitur,
3032 1042 3130 1096 ibit
3180 1043 3510 1100 discalceata

1937 1136 1992 1183 et
2021 1128 2185 1182 nuda.
2226 1146 2244 1179 ι
2299 1127 2358 1182 lu
2387 1128 2639 1186 lamentis
2689 1132 2793 1185 erit
2827 1140 2882 1186 et
2910 1132 3151 1187 luctibus
3202 1135 3509 1204 captivitati

1940 1219 2186 1273 maximas
2207 1218 2432 1287 tradita;
2457 1219 2508 1273 id
2529 1222 2673 1275 enim
2701 1222 3009 1291 signiﬁcant
3040 1222 3204 1277 verba
3236 1241 3255 1275 ι
3292 1224 3434 1279 nuda
3455 1235 3512 1281 et

1939 1309 2299 1375 discalceata;
2343 1329 2359 1361 ι
2404 1325 2597 1380 nempe
2636 1311 2781 1381 quod
2816 1312 2920 1367 hoc
2958 1312 3120 1367 modo
3158 1316 3368 1383 captiva
3417 1315 3510 1369 ab-

1938 1398 2187 1464 ducetur,
2238 1401 2386 1454 omni
2435 1416 2535 1455 suo
2582 1413 2901 1458 ornamento
2951 1404 3203 1473 spoliata.
3256 1423 3275 1455 ι
3329 1403 3512 1461 Faciet

1939 1490 2212 1559 planctum
2239 1490 2734 1559 quasidraconum,
2773 1501 2827 1547 et
2859 1494 3064 1547 luctum
3089 1495 3247 1564 quasi
3280 1495 3510 1551 ﬁliarum

1940 1579 2263 1633 sirenarum.
2312 1596 2330 1628 ι
2369 1576 2539 1633 Verba
2566 1581 2720 1649 quasi
2752 1582 3045 1635 draconum
3075 1591 3130 1636 et
3180 1582 3509 1647 sirenarum,

1940 1668 2019 1721 ait
2048 1668 2349 1723 secundum
2406 1669 2794 1722 nonnullorum
2831 1670 3072 1737 fabulas;
3118 1671 3297 1726 dicere
3330 1672 3516 1728 volens

257 1739 582 1809 θυγατέρων
633 1743 938 1828 σειρηνωνο
990 1744 1071 1795 ὅτι
1115 1746 1522 1818 κατεκράτησεν
1567 1753 1598 1818 ἡ
1655 1752 1837 1824 πληγὴ

1945 1756 2059 1811 fore
2110 1766 2168 1809 ut
2203 1756 2294 1810 illa
2324 1772 2444 1827 qua
2490 1759 2543 1811 in
2574 1758 2774 1814 fabulis
2812 1760 2953 1827 apud
2990 1733 3512 1828 multosjactantur,

255 1829 463 1899 αὐτῆς.
498 1829 633 1883 διότι
664 1826 829 1900 ἦλθεν
851 1832 954 1895 ἕως
1001 1831 1190 1898 Ἰούδα,
1213 1836 1305 1887 καὶ
1334 1836 1508 1906 ἥψατο
1531 1839 1635 1902 ἕως
1666 1841 1838 1911 πύλης

1945 1848 2045 1918 ipsi
2070 1863 2126 1903 re
2151 1863 2276 1902 vera
2312 1850 2639 1913 sustineant,
2666 1848 2792 1903 dum
2813 1864 2914 1918 ego
2947 1863 3161 1918 gravem
3201 1850 3267 1903 iis
3300 1865 3513 1918 poenam

253 1918 386 1971 λαοῦ
422 1936 531 1987 μου
563 1919 668 1983 ἐως
702 1922 1073 1992 Ἰερουσαλήμ.
1104 1942 1123 1974 ι
1155 1923 1227 1976 Τὸ
1262 1944 1280 1976 ι
1315 1926 1389 1988 ώς
1410 1927 1714 1997 δρακόντων
1744 1935 1837 1986 καὶ

1945 1936 2237 2005 imponam,
2269 1951 2390 2004 qua:
2421 1950 2451 1989 a
2479 1935 2727 1990 Samaria
2764 1937 3052 2005 incipiens,
3075 1934 3139 1988 ad
3173 1934 3364 1989 ludam
3394 1953 3515 2006 per-

256 2009 530 2077 σειρήνων
561 2029 581 2060 ι
607 2010 753 2078 λέγει
770 2012 912 2063 κατὰ
938 2011 995 2064 τὸ
1013 2012 1472 2085 μυθολογούμενον
1491 2019 1621 2090 παρ’
1644 2021 1832 2084 ἐνίοις·

1945 2025 2143 2090 veniet,
2165 2034 2221 2081 et
2256 2027 2429 2096 ipsam
2472 2028 2700 2097 attinget
2732 2026 3106 2093 Hierusalem;
3163 2028 3419 2096 quoniam
3461 2037 3518 2082 et

256 2098 415 2151 τοῦτο
468 2099 796 2170 βουλόμενος
831 2104 1024 2166 εἰπεῖν,
1062 2102 1141 2155 ὅτι
1182 2105 1365 2158 ἐκεῖνα
1393 2105 1455 2177 δὴ
1488 2111 1556 2161 τὰ
1592 2110 1650 2162 ἐν
1688 2110 1843 2184 μύθῳ

1951 2117 2092 2171 banc
2123 2129 2397 2187 postremo
2432 2118 2714 2188 Babylonii
2742 2127 3025 2188 ceperunt.

254 2192 410 2283 παρὰ
436 2192 552 2245 τῶν
582 2191 793 2283 πολλῶν
831 2191 1118 2283 λεγόμενα,
1157 2195 1244 2248 ἐπ’
1273 2198 1453 2250 αὐτῶν
1479 2200 1806 2270 ὑπομενοῦσι
1838 2206 1945 2259 τῶν
1983 2207 2177 2278 ἔργων,
2200 2208 2277 2278 τῷ
2308 2208 2529 2278 βαρεῖαν
2556 2210 2739 2272 αὐτοῖς
2769 2209 3068 2279 ἐπαχθῆναι
3099 2211 3228 2281 παρ’
3258 2210 3391 2279 ἐμοῦ
3418 2211 3516 2283 την

194 2304 203 2311 ’
255 2281 495 2351 πληγὴν.
535 2283 657 2350 ἥτις
687 2281 795 2334 ἀπὸ
832 2282 932 2351 τῆς
966 2282 1278 2354 Σαμαρείας
1316 2286 1600 2359 ἀρξαμένη
1627 2291 1720 2342 ἐπὶ
1753 2292 1845 2347 τὸν
1881 2295 2082 2349 Ἰούδαν
2127 2297 2506 2367 μετελεύσεται
2546 2298 2824 2368 ἁπτομένη
2871 2298 2965 2351 καὶ
2997 2298 3095 2367 τῆς
3138 2281 3513 2368 Ἰερουσαλήμο

257 2374 377 2427 ἐπεὶ
401 2373 664 2441 κάκείνην
691 2371 917 2443 ὕστερον
944 2368 1085 2428 εἷλον
1114 2374 1461 2431 Βαϐυλώνιοι.

326 2465 482 2535 Στίχ.
530 2473 687 2534 ι’-ιγ”.
718 2495 789 2505 --
826 2486 844 2518 t
884 2468 947 2519 Οἱ
978 2470 1036 2521 ἐν
1066 2468 1193 2533 Γέθ,
1218 2469 1294 2540 μὴ
1331 2471 1718 2541 μεγαλύνεσθε,
1753 2477 1844 2530 καὶ

2020 2475 2178 2546 174
2208 2474 2374 2532 Vens.
2409 2477 2587 2532 10—13.
2617 2505 2687 2516 —
2725 2495 2744 2528 ι
2788 2474 2891 2541 Qui
2925 2477 2979 2529 in
3003 2475 3162 2538 Getb,
3196 2475 3364 2528 nolite
3396 2489 3515 2527 ma-

257 2559 306 2611 οἰ
329 2560 388 2610 ὲν
414 2559 637 2627 ’Δκεὶμ,
660 2558 735 2628 μὴ
760 2558 1158 2629 ἀνοικοδομεῖτε
1187 2560 1247 2625 ἐξ
1261 2561 1409 2615 οἴκου
1436 2566 1840 2632 καταγέλωτα.»

1945 2568 2230 2636 gniticari;
2268 2576 2323 2621 et
2379 2567 2472 2635 qui
2508 2567 2563 2620 in
2608 2567 2785 2631 Acim,
2849 2565 3018 2620 nolite
3067 2562 3398 2618 reaedillcare
3449 2579 3518 2618 ex

271 2647 397 2701 Ἐπὶ
427 2648 558 2710 τοὺς
607 2649 920 2719 περιοίκους
949 2650 1056 2704 τῶν
1086 2651 1253 2705 ἐθνῶν
1299 2654 1491 2724 τρέπει
1528 2656 1620 2709 τὸν
1649 2657 1806 2726 λόγον
1830 2676 1844 2693 ·

1945 2660 2187 2715 domoin
2240 2658 2434 2713 risum.
2491 2677 2510 2709 ι
2557 2655 2846 2711 Finitimos
2897 2654 3125 2725 populos
3157 2653 3242 2708 bic
3285 2653 3513 2722 respicit

264 2741 393 2806 περὶ
420 2734 496 2794 ῶν
526 2741 621 2793 καὶ
641 2741 669 2792 ὀ
702 2741 971 2811 μακάριος
1014 2742 1193 2811 ’Δμὼς
1216 2743 1341 2814 ἐφη,
1369 2745 1445 2809 ὡς
1470 2747 1540 2800 τὰ
1565 2749 1707 2803 αὑτά
1733 2756 1844 2814 τοῖς

1945 2765 2143 2814 sermo,
2175 2755 2242 2804 de
2283 2748 2485 2818 quibus
2533 2748 2695 2801 etiam
2741 2746 2933 2800 beatus
2971 2746 3137 2799 Oseas
3161 2743 3366 2806 aiebat,
3392 2741 3509 2796 fore

277 2832 644 2901 Ἰσραηλίταις
701 2833 1038 2903 πεισομένων
1082 2836 1188 2888 ὑπὸ
1231 2835 1339 2888 τῶν
1396 2838 1695 2908 ’Δσσυρίων
1739 2842 1841 2893 κά-

1948 2855 2007 2899 ut
2034 2845 2182 2915 paria
2214 2842 2472 2899 lsraelitis
2503 2842 2536 2895 ii
2562 2855 2779 2911 quoque
2806 2840 2876 2895 ab
2899 2838 3138 2909 Assyriis
3179 2844 3516 2907 paterentur.

265 2922 457 2974 κείνων
473 2938 487 2952 ·
512 2924 576 2976 Οί
606 2922 807 2985 τοίνυν,
834 2923 1019 2993 φησὶν,
1048 2927 1105 2977 ἐν
1128 2926 1362 2989 ἐκείναις
1387 2929 1504 2990 ταῖς
1529 2928 1736 2993 πόλεσι,
1768 2930 1842 3001 μὴ

1948 2935 2050 3001 Qui
2071 2948 2220 3004 ergo,
2250 2934 2443 3003 inquit,
2472 2933 2525 2986 in
2568 2932 2793 2986 urbibus
2833 2930 2943 2985 illis
2967 2927 3286 2987 versamini,
3318 2942 3386 2979 ne
3425 2940 3519 2978 su-

267 3012 482 3081 μεγάλα
518 3015 787 3081 φρονεῖτε,
812 3013 911 3076 τὰς
935 3012 1140 3065 τούτων
1163 3015 1394 3085 ὁρῶντες
1418 3019 1721 3088 συμφορὰς,
1744 3036 1845 3088 μη-

264 3102 321 3155 δὲ
355 3102 530 3171 πολὴν
569 3102 658 3154 ἐπ’
690 3102 872 3165 αὐτοῖς
924 3104 1166 3175 ἐγείρετε
1199 3106 1431 3173 γέλωτα.
1468 3125 1484 3158 ι
1527 3108 1635 3177 Γῆν
1671 3125 1842 3162 κατα·
1871 3089 1913 3145 C

267 3194 551 3247 σπάσασθε
577 3196 655 3256 εἰς
680 3195 1054 3263 καταγέλωτα.
1087 3216 1106 3249 υ
1152 3197 1442 3268 Ἀρμόττον
1468 3198 1575 3268 γὰρ
1600 3200 1727 3269 ὑμῖν
1754 3218 1847 3253 κα-

264 3285 651 3340 τασπάσασθαι
682 3286 849 3352 κόνιν,
884 3286 955 3356 (ι)⁴
986 3287 1111 3358 265)
1153 3289 1289 3360 ὑπὲρ
1319 3282 1393 3341 ὦν
1417 3289 1623 3359 ἑτέροις
1658 3289 1843 3343 ἔσεσθε

265 3377 461 3445 γέλως.
502 3376 629 3439 Πῶς
682 3377 778 3430 καὶ
830 3377 952 3431 τίνα
1004 3378 1094 3431 τὸν
1138 3379 1376 3449 τρόπονς
1418 3398 1437 3430 ι
1474 3379 1847 3450 Κατοικούσης

268 3465 471 3528 καλῶς,
520 3464 731 3517 καθελῶ
761 3465 862 3527 τὰς
903 3465 1083 3528 πόλεις
1124 3467 1310 3536 αύτῆς.
1347 3485 1366 3517 ι
1403 3467 1590 3530 Ὅπως
1632 3469 1741 3539 γὰρ
1777 3469 1843 3523 ἂν

268 3556 533 3626 νομίσητε
563 3551 623 3608 εὖ
650 3555 748 3619 τὰς
781 3556 962 3620 πόλεις
986 3559 1153 3610 οἰκεῖν
1179 3557 1277 3621 τὰς
1322 3557 1459 3622 ἰδίας
1480 3558 1556 3622 ώς
1588 3560 1645 3612 ἐν
1672 3562 1848 3629 ἀσφα-

267 3644 348 3697 λεῖ
370 3645 738 3708 καθεστῶτες,
762 3644 959 3714 ὄψεσθε
981 3645 1169 3699 πασῶν
1192 3646 1289 3716 τὴν
1319 3646 1659 3718 καθαίρεσιν.
1687 3668 1706 3700 ι
1734 3651 1848 3704 Οὐκ

269 3737 461 3805 ἐξῆλθε
522 3736 850 3789 κατοικοῦσα
890 3738 1056 3790 Αἰνάν
1099 3737 1359 3806 κόψεσθαι
1388 3731 1534 3791 οἷκον
1592 3740 1847 3809 ἐχόμενον

268 3828 460 3894 αὐτῇς.
511 3847 531 3879 ι
786 3828 1046 3890 κάκεῖνοι,
1079 3830 1263 3897 φησὶν,
1293 3828 1525 3898 ὁρῶντες
1575 3831 1637 3883 ἐκ
1667 3832 1847 3899 γειτό-

270 3935 376 3971 νων
421 3919 586 3980 ὄντας
618 3919 743 3981 τοὺς
785 3917 1139 3989 Ἰσραηλίτας,
1174 3920 1267 3971 καὶ
1312 3918 1574 3983 τοιούτοις
1619 3937 1848 3990 περιπε-

274 4010 565 4073 πτωκότας
600 4013 815 4075 κακοῖς,
841 4011 942 4063 οὐκ
965 4010 1337 4082 ἐϐουλήθησαν
1366 4012 1720 4082 προελθόντες
1740 4013 1849 4065 τῶν

274 4100 438 4159 ἰδίων.
478 4100 804 4170 κοινωνῆσαι
845 4099 938 4152 τοῦ
982 4100 1212 4164 πένθους
1257 4102 1462 4167 αὐτοῖς,
1496 4101 1747 4171 ἡδόμενοι
1793 4100 1851 4154 δὲ

275 4192 364 4243 ἐπὶ
398 4193 524 4253 ταῖς
576 4194 881 4262 συμφοραῖς
917 4190 1098 4246 αὐτῶν
1143 4191 1411 4245 διετέλουν
1470 4193 1737 4245 κάκεῖνοι.
1786 4192 1851 4245 Τί

272 4277 393 4344 οὗν;
449 4299 467 4333 ι
505 4280 756 4351 Λήψεσθε
808 4281 866 4347 ἐξ
914 4281 1067 4351 ὑμῶν
1119 4281 1334 4352 πληγὴν
1388 4280 1598 4350 ὀδύνης.
1646 4301 1665 4334 ι
1712 4282 1849 4336 Ἀλλ’

1948 3027 2210 3097 perbiatis
2235 3026 2363 3080 dum
2398 3022 2763 3079 lsraelitarum
2808 3034 3082 3075 (erumnas
3107 3016 3388 3086 spectatis,
3421 3031 3519 3069 ne-

1946 3134 2052 3187 que
2085 3118 2254 3170 altum
2283 3116 2611 3170 cachinnum
2641 3112 2913 3184 superbis
2956 3109 3249 3165 extollatis.
3292 3125 3310 3157 ι
3350 3104 3518 3160 Terra

1951 3206 2225 3276 aspergite
2265 3205 2594 3261 derisionem
2641 3212 2898 3258 vestram.
2935 3220 2954 3254 ι
2997 3200 3307 3268 Congruum
3367 3199 3519 3251 vobis

1945 3298 2217 3366 aspergite
2262 3296 2564 3365 pulverem,
2600 3294 2726 3363 quia
2760 3292 2976 3346 caeteris
3017 3290 3150 3343 risui
3184 3289 3358 3342 eritis.
3383 3287 3515 3350 Cur,

1949 3395 2042 3440 aut
2068 3383 2377 3455 quomodo?
2404 3403 2422 3435 ι
2461 3383 2743 3438 Destruam
2778 3380 3029 3435 civitates
3056 3379 3197 3447 ejus,
3224 3394 3343 3446 qua:
3382 3378 3520 3431 bene

1945 3477 2176 3533 babitat.
2218 3495 2237 3527 ι
2275 3475 2379 3542 Qui
2409 3475 2545 3530 bene
2569 3472 2792 3527 creditis
2820 3470 3073 3525 civitates
3104 3478 3316 3523 vestras
3363 3467 3519 3521 habi-

1947 3579 2082 3632 tare,
2130 3568 2288 3639 quasi
2318 3576 2436 3622 tuto
2462 3566 2514 3619 in
2546 3566 2665 3619 loco
2706 3562 3012 3623 constituti,
3049 3561 3241 3614 harum
3273 3558 3517 3611 omnium

1947 3659 2371 3715 destructionem
2427 3654 2699 3710 videbitis.
2751 3672 2769 3704 ι
2805 3652 2920 3706 Νοιι
2963 3660 3047 3707 est
3090 3668 3307 3721 egressa
3367 3651 3520 3705 babi-

1948 3753 2113 3806 tatrix
2150 3749 2367 3811 Euan,
2407 3747 2692 3816 deplorare
2730 3744 2951 3797 domum
2992 3743 3292 3812 proximam
3328 3742 3452 3795 sibi.
3494 3759 3513 3793 ι

1948 3837 2029 3891 Illi
2084 3835 2301 3907 quidem
2348 3834 2591 3889 videntes
2644 3832 2979 3901 propinquos
3029 3846 3161 3886 suos
3212 3829 3515 3891 lsraelitas,

1948 3927 2113 3982 tantis
2161 3925 2320 3980 malis
2368 3936 2615 3985 mersos,
2663 3921 2749 3976 bis
2802 3923 3138 3991 gratulantes
3181 3921 3517 3989 perstabant.

1948 4017 2086 4084 Quid
2114 4015 2275 4086 ergo?
2305 4033 2322 4066 ι
2359 4012 2654 4082 Accipietis
2684 4027 2749 4066 ex
2791 4011 2945 4066 vobis
2993 4011 3200 4079 plagam
3225 4009 3451 4061 doloris.
3494 4026 3513 4058 ι

1951 4108 2054 4164 Sed
2072 4108 2198 4178 quia
2222 4105 2414 4160 alienis
2440 4119 2548 4157 non
2578 4101 2939 4157 condoluistis
2961 4100 3140 4161 malis,
3165 4099 3265 4167 ipsi
3303 4113 3521 4167 quoque

1949 4200 2199 4254 acerbam
2239 4195 2572 4265 accipientes
2595 4193 2829 4262 plagam,
2861 4206 3052 4259 prunas
3087 4189 3345 4259 improba:
3374 4187 3522 4241 illius

1949 4287 2149 4342 mentis
2174 4285 2397 4350 dabitis,
2429 4299 2535 4353 qua
2558 4282 2751 4337 alienis
2765 4280 2935 4351 gavisi
2966 4280 3098 4334 estis
3134 4278 3309 4332 malis.
3340 4295 3359 4329 ι
3390 4277 3523 4343 Quis

276 4371 464 4443 ἐπειδὴ
493 4374 608 4433 τοῖς
634 4370 932 4441 ἀλλοτρίοις
959 4372 1019 4424 ού
1045 4371 1415 4443 συνηλγήσατε
1447 4374 1657 4436 κακοῖς,
1689 4373 1844 4427 αὐτοὶ

1955 4375 2114 4431 faciet
2163 4375 2430 4430 bonorum
2472 4373 2708 4437 initium,
2737 4372 2781 4424 si
2814 4369 3021 4423 habitet
3056 4370 3109 4422 in
3139 4367 3460 4422 doloribus?
3496 4385 3515 4416 ι

276 4461 485 4532 πληγὴν
510 4462 773 4532 ὀδυνηρὰν
799 4460 1101 4531 δεξάμενοι,
1125 4461 1279 4531 δίκην
1308 4461 1506 4514 δώσετε
1527 4462 1625 4532 τῆς
1650 4462 1852 4534 μοχθη-

278 4555 370 4622 ρᾶς
395 4551 625 4623 γνώμης
653 4552 888 4621 ἐκείνης,
920 4552 1041 4605 καθ’
1072 4552 1139 4622 ἢν
1178 4556 1291 4616 τοῖς
1322 4552 1623 4624 ἀλλοτρίοις
1660 4554 1851 4624 ἐφήδε-

278 4642 366 4695 σθε
395 4646 611 4705 κακοῖς.
650 4660 669 4693 ι
709 4642 804 4704 Τίς
835 4642 1037 4712 ἤρξατο
1061 4644 1139 4704 εἰς
1167 4641 1343 4710 ἀγαθὰ
1374 4644 1698 4715 κατοικούση
1731 4643 1849 4695 όδύ-

276 4750 402 4798 νας;
441 4754 461 4786 ι
496 4735 605 4786 Καὶ
649 4732 759 4803 γάρ
790 4733 909 4787 οὐδὲ
936 4729 1046 4787 οἷόν
1076 4750 1134 4786 τε
1165 4733 1370 4802 ἀγαθοῦ
1417 4752 1560 4798 τινος
1598 4735 1843 4804 μετέχειν

278 4828 398 4888 τοὺς
428 4830 486 4878 ἐν
513 4823 728 4886 ὀδύναις
757 4824 1041 4886 οἰκοῦντας
1061 4863 1076 4887 ,
1118 4825 1206 4878 διά
1245 4825 1306 4878 τὸ
1338 4824 1563 4895 μέγεθος
1606 4825 1712 4877 τῶν
1744 4827 1844 4878 ἐπ-

280 4917 599 4987 ενεχθέντων
649 4916 834 4978 αὐτοῖς
888 4915 1096 4970 κακῶν.
1144 4913 1275 4969 Εἶτα
1328 4920 1406 4981 είς
1452 4917 1722 4983 ἀπόδειξιν
1752 4917 1845 4971 τοῦ

280 5008 532 5079 ῥηθέντος
560 5026 576 5041 ’
619 5028 638 5060 ι
683 5008 807 5061 Ὀτι
858 5007 1062 5078 κατέϐη
1112 5009 1258 5063 καικά
1298 5009 1448 5080 παρά
1498 5010 1701 5080 Κυρίου
1756 5010 1851 5062 ἐπὶ

282 5101 471 5164 πύλαις
515 5097 895 5171 Ἰερουσαλὴμ,
939 5098 1110 5169 ψόφος
1154 5099 1413 5169 ἁρμάτων
1451 5100 1545 5153 καὶ
1590 5100 1845 5153 ἱππευόν-

1878 4422 1929 4482 D

1954 4464 2205 4520 Profecto
2250 4464 2363 4517 fieri
2400 4463 2608 4531 nequit,
2659 4467 2719 4515 ut
2767 4460 2803 4513 ii
2840 4459 3023 4528 aliquo
3064 4458 3208 4511 bono
3242 4456 3518 4520 fruantur,

1950 4558 2043 4627 qui
2080 4556 2133 4609 in
2168 4554 2446 4610 doloribus
2472 4560 2779 4613 versantur,
2811 4549 3163 4603 incumbente
3185 4548 3319 4617 ipsis
3348 4547 3523 4600 malo-

1949 4664 2069 4703 rum
2106 4650 2264 4702 mole.
2298 4645 2418 4699 Mox
2452 4644 2597 4698 dicta
2639 4642 2973 4696 confirmans
3005 4656 3019 4692 :
3054 4658 3073 4691 ι
3110 4640 3247 4706 Quia
3289 4640 3519 4692 descenv

1948 4740 2143 4793 derunt
2171 4737 2306 4790 mala
2340 4749 2370 4787 a
2396 4732 2623 4786 Domino
2684 4730 2735 4783 in
2768 4738 2952 4800 portas
2998 4727 3359 4790 Hierusalem,
3388 4732 3523 4779 stre-

1952 4832 2098 4901 pitus
2122 4843 2377 4882 curruum
2405 4833 2453 4879 et
2478 4824 2775 4892 equitatus.
2819 4842 2838 4875 ι
2862 4823 3058 4885 Tanta,
3078 4818 3279 4888 inquit,
3307 4818 3519 4886 ingruet

1953 4923 2008 4974 in
2035 4934 2223 4974 omnes
2259 4918 2337 4970 ira
2371 4914 2483 4978 Dei,
2522 4922 2580 4968 ut
2627 4929 2696 4968 ne
2719 4910 3115 4981 Hierosolymis
3144 4907 3361 4975 quidem
3394 4920 3521 4974 par-

1954 5011 2184 5067 cendum
2214 5009 2307 5073 sit,
2332 5007 2589 5062 curribus
2612 5015 2666 5062 et
2715 5007 2958 5077 equitatu
2989 5011 3043 5059 et
3078 5001 3224 5058 omni
3254 5000 3436 5054 hostili
3467 5000 3517 5052 vi

1954 5102 2213 5156 obsessis.

275 5212 403 5249 των.
436 5215 454 5248 ι
479 5195 729 5265 Τοσαύτη
754 5194 882 5265 γάρ,
913 5195 1098 5264 φησὶν,
1126 5194 1219 5247 ἐπὶ
1241 5194 1447 5258 πάντας
1481 5194 1632 5248 ἔσται
1670 5198 1703 5267 η
1742 5197 1879 5267 ὀργὴ
1918 5195 2010 5249 τοῦ
2048 5194 2203 5260 Θεοῦ,
2236 5194 2376 5247 ὥστε
2415 5191 2549 5264 μηδὲ
2594 5192 2691 5263 τῆς
2734 5185 3083 5259 Ἰερουσαλὴμ
3120 5184 3242 5237 τότε
3271 5180 3523 5250 γενέσθαι

283 5288 444 5355 φειδὼ
471 5288 851 5359 κυκλουμένης
882 5287 985 5341 ὑπό
1005 5305 1065 5341 τε
1099 5287 1359 5359 ἁρμάτων
1389 5288 1483 5340 καὶ
1517 5288 1697 5340 ἵππων
1721 5289 1816 5342 καὶ
1849 5288 2028 5359 πάσης
2058 5287 2156 5357 τῆς
2181 5286 2440 5357 πολεμίας
2466 5287 2666 5355 χειρός.

356 5383 495 5452 Στίχ.
517 5388 704 5451 ιγ’-ιε’.
720 5410 789 5423 -
812 5383 887 5452 (p.
905 5382 1033 5452 266)
1063 5375 1198 5437 Εἶτα
1226 5382 1557 5452 ἀποστρέφει
1580 5381 1671 5436 τὸν
1692 5380 1849 5451 λόγον

286 5473 382 5525 ἐπὶ
406 5473 500 5544 τὴν
528 5473 727 5542 Λάχεις
755 5472 908 5525 πόλιν
934 5468 1097 5527 οὖσαν
1124 5474 1222 5543 τῆς
1262 5472 1433 5526 Ἰούδα
1455 5471 1729 5541 βασιλείας
1756 5475 1850 5527 καὶ

288 5560 491 5613 πολλῶν
543 5561 897 5633 παρανομιῶν
954 5562 1175 5633 μεστὴν,
1227 5562 1320 5615 καί
1366 5577 1560 5631 φησιν·
1591 5581 1609 5612 ι
1648 5565 1846 5617 K110:-

292 5650 460 5708 κοῦσα
488 5654 707 5725 Λάχεις,
735 5653 975 5725 ἀρχηγὸς
1013 5654 1286 5725 ἁμαρτίας
1314 5652 1457 5722 αὕτη
1496 5654 1612 5706 ἐστὶ
1656 5656 1725 5724 τῇ
1757 5652 1849 5706 θυ-

2028 5381 2193 5437 Vsns.
2217 5380 2401 5435 15-15.
2442 5408 2512 5419 -
2542 5377 2735 5433 Postea
2787 5386 3091 5429 sermonem
3142 5369 3414 5426 convertit
3448 5367 3517 5423 ad

1954 5476 2153 5531 Lachis
2182 5476 2369 5529 urbem
2409 5470 2558 5542 regni
2587 5467 2763 5530 Iudae,
2790 5473 3138 5536 peccatorum
3169 5460 3525 5515 multitudine

1954 5565 2367 5629 redundantem,
2408 5563 2627 5631 aitque:
2657 5577 2675 5610 ι
2713 5557 2845 5624 Quae
2875 5556 3086 5610 habitas
3118 5551 3330 5614 Lachis,
3371 5551 3526 5619 prin-

1954 5670 2080 5727 ceps
2111 5656 2314 5727 peccati
2347 5656 2458 5710 haec
2479 5659 2562 5707 est
2585 5649 2709 5706 illia:
2745 5648 2956 5714 Sionis;
2977 5646 3105 5717 quia
3139 5641 3195 5698 in
3219 5649 3274 5696 te
3295 5640 3524 5695 inventa
