4054 6238
505 254 604 313 εει

1687 260 2036 318 THEODORI
2072 260 2553 323 MOPSUESTENI

3639 275 3748 330 552

509 376 638 422 sunt
662 367 869 423 scelera
901 366 1139 424 lsraelis.
1180 388 1198 421 ι
1224 368 1371 426 Scito
1407 379 1460 428 et
1494 381 1572 437 tu,
1602 376 1808 444 inquit,
1830 392 1951 446 quae
1974 376 2070 432 tibi

2178 380 2337 464 γατρὶ
2394 380 2564 434 Σιών·
2592 382 2673 435 ὅτι
2701 382 2759 433 ἐν
2810 382 2891 433 σοι⁵
2938 380 3239 453 εὑρέθησαν
3276 386 3330 436 αί
3376 385 3621 440 άσέϐειαι
3649 388 3749 441 τοῦ

514 459 669 528 175
697 458 947 514 evenient
991 461 1168 525 mala,
1213 478 1335 532 quae
1370 464 1583 520 malitia:
1620 467 1729 520 dux
1751 467 1904 523 fuisti
1954 468 2073 522 urbi

509 549 845 605 Hierusalem
894 552 1062 623 (nam
1124 551 1288 607 filiam
1328 553 1506 610 Sionis
1568 558 1709 612 hanc
1768 559 2070 630 nominat),

510 640 645 692 nihil
672 640 1251 698 differensaSamaria
1298 648 1493 703 mentis
1541 656 1646 703 tua:
1698 652 2073 721 perversitate.

516 749 535 781 ι
581 729 871 801 Propterea
914 736 1070 791 dabis
1117 739 1433 794 emissarios
1472 756 1636 809 super
1705 742 2074 796 haereditatem

512 819 669 881 Getli.
703 823 893 878 domos
922 842 1086 881 vanas
1135 846 1149 881 :
1209 830 1402 885 domus
1456 847 1717 887 vanorum
1753 832 1806 886 in
1848 847 2075 886 vacuum

513 911 667 966 factm
695 922 821 967 sunt
855 916 1073 986 regibus
1110 917 1347 975 lsraelis.
1386 940 1404 973 ι
1439 920 1733 991 Eapropter
1773 931 1829 976 tu
1859 939 2077 994 quoque

511 1002 879 1072 captivitatem
930 1011 1208 1075 sustines;
1260 1027 1385 1064 nam
1423 1030 1442 1063 ‹
1496 1012 1650 1067 dabis
1701 1014 2015 1070 emissarios
2052 1035 2070 1067 ι

513 1090 643 1145 dicit
667 1110 782 1162 pro,
820 1094 979 1149 Mittis
1008 1100 1061 1150 in
1093 1100 1481 1168 captivitatem,
1518 1102 1593 1155 tui
1623 1117 1789 1157 causa
1813 1104 1963 1172 paria
1994 1105 2077 1158 in-

512 1180 647 1233 colis
702 1180 836 1235 Geth
881 1199 1129 1251 passura,
1188 1190 1402 1244 cunctis
1460 1206 1581 1260 quae
1631 1191 1698 1244 ad
1748 1193 2076 1263 impietatem

510 1270 752 1324 struxisti
799 1272 1041 1329 aedificiis
1078 1278 1172 1330 tibi
1204 1280 1596 1346 pereuntibus;
1622 1283 2076 1350 quemadmodum

512 1361 652 1427 apud
686 1361 981 1418 Samariam
1008 1383 1221 1437 quoque
1241 1370 1448 1440 dejecta
1471 1380 1598 1427 sunt
1631 1372 1754 1428 fana
1782 1375 2074 1431 idolorum.

516 1469 533 1499 ι
582 1450 762 1521 Usque
796 1457 859 1508 ad
885 1457 1123 1513 haeredes
1152 1470 1273 1515 tuos
1300 1470 1353 1516 te
1382 1464 1668 1518 adducam.
1712 1485 1730 1516 ι
1770 1464 1893 1520 Haec
1928 1474 2079 1536 pate-

509 1543 605 1607 ris,
635 1560 719 1598 me
748 1547 842 1599 tibi
879 1549 1062 1605 hostes
1102 1554 1423 1619 adducente,
1469 1557 1559 1625 qui
1595 1556 1670 1610 tui
1709 1566 1868 1612 erunt
1907 1560 2079 1617 luere-

509 1633 624 1688 des.
680 1654 698 1686 ι
741 1638 872 1703 Qua:
917 1641 1127 1696 habitas
1178 1643 1392 1712 Lachis,
1462 1648 1748 1709 haeredilas
1790 1666 1963 1718 usque
2011 1651 2075 1705 ad

2192 468 2425 540 Ἰσραήλ.
2467 490 2486 524 ι
2522 472 2659 525 Ἰσθι
2691 472 2754 541 δὴ
2802 473 2895 524 καὶ
2926 473 3012 535 σὺ,
3050 474 3205 542 φησὶ,
3243 474 3311 527 τὰ
3356 475 3751 547 συμϐησόμενά

2179 577 2261 614 σοι
2309 562 2541 632 κακά,ῆ
2588 566 2654 633 τῇ
2702 564 3052 633 Ἰερουσαλὴμ
3108 564 3406 635 (θυγατέρα
3453 566 3560 637 γὰρ
3605 567 3749 621 Σιὼν

2176 651 2379 722 ταύτην
2411 653 2687 722 ὀνομάζει)
2736 654 2957 724 ἡγεμὼν
2999 652 3142 724 ἦσθα
3176 655 3284 709 τῶν
3330 658 3538 722 κακῶν,
3591 660 3746 712 οὐδὲν

2177 741 2563 795 διαλλάττουσα
2595 743 2703 796 τῶν
2736 745 2862 814 περὶ
2889 744 2985 815 τὴν
3028 746 3340 815 Σαμάρειαν
3372 750 3434 818 τῇ
3463 749 3564 818 τῆς
3613 751 3747 803 ἀσε-

2179 832 2327 895 ϐείας
2357 833 2569 904 γνώμῃ.
2611 851 2631 885 ι
2662 833 2760 886 Διὰ
2788 833 2947 887 τοῦτο
2969 834 3157 897 δώσεις
3188 834 3747 907 ἑξαποστελλομένους

2178 922 2281 985 ἕως
2304 923 2667 994 κληρονομίας
2682 924 2804 991 Γὲθ,
2829 924 3011 989 οἴκους
3030 927 3288 997 ματαίους
3305 944 3319 960 ο
3340 925 3477 981 οἶκοι
3504 932 3749 999 ματαίων

2178 1017 2258 1078 εἰς
2286 1015 2439 1067 κενὸν
2474 1016 2720 1083 ἐγένοντο
2748 1019 2860 1078 τοῖς
2885 1016 3192 1086 βασιλεῦσιν
3230 1019 3465 1090 Ἰσραήλ.
3508 1040 3526 1072 ›
3572 1022 3749 1090 ’Υπὲρ

2177 1105 2241 1175 δὴ
2273 1104 2476 1159 τούτων
2496 1106 2593 1175 τὴν
2618 1106 2789 1177 αὐτὴν
2818 1106 3195 1175 αἰχμαλωσίαν
3223 1108 3511 1178 ὑπομένεις
3533 1112 3627 1163 καὶ¹
3658 1111 3745 1163 σύ·

2177 1194 2238 1247 τὸ
2269 1195 2376 1264 γὰρ
2405 1212 2422 1244 ι
2453 1193 2643 1257 δώσεις
2669 1193 3242 1266 ὲξαποστελλομένους,
3277 1215 3295 1247 ι
3313 1196 3459 1264 λέγει
3485 1199 3606 1252 ἀντί
3628 1200 3745 1263 τοῦ,

2191 1284 2560 1347 ’Δποστέλλεις
2590 1287 2672 1347 εἰς
2716 1286 3109 1366 αἰχμαλωσίαν,
3146 1286 3206 1350 ἐξ
3247 1288 3444 1357 ἑαυτῆς
3487 1288 3556 1341 τά
3606 1290 3748 1343 αὐτὰ

2182 1376 2280 1446 μὲν
2316 1376 2612 1445 πεισομένη
2645 1379 2756 1438 τοῖς
2783 1377 2881 1446 τὴν
2901 1377 2938 1429 Γ
2942 1377 2999 1430 ὲθ
3034 1378 3295 1443 οἰκοῦσιν,
3327 1380 3543 1432 πάντων
3568 1380 3623 1433 δέ
3665 1399 3749 1434 σοι

2178 1464 2286 1517 τῶν
2319 1464 2404 1516 ἐπ’
2431 1464 2655 1535 ἀσεϐείᾳ
2686 1466 3206 1535 κατεσκευασμένων
3240 1468 3402 1520 οἴκων
3442 1468 3750 1538 διαφθειρο-

2182 1554 2385 1624 μένων·
2415 1555 2581 1625 ὂνπερ
2607 1556 2669 1626 δὴ
2698 1557 2898 1625 τρόπον
2928 1559 3020 1609 καὶ
3051 1560 3100 1609 oi
3130 1558 3270 1611 κατὰ
3300 1560 3397 1629 τὴν
3434 1559 3748 1629 Σαμάρειαν

2178 1642 2541 1714 διεφθάρησαν
2585 1638 2722 1697 οἴκοι
2752 1644 2858 1698 τῶν
2909 1645 3162 1699 εἰδώλων.
3209 1665 3228 1697 ι
3275 1646 3419 1710 Ἕως
3464 1648 3590 1711 τοὺς
3614 1648 3749 1719 κλη-

510 1727 756 1781 Odollam
820 1732 1018 1798 veniet,
1059 1736 1229 1805 gloria
1281 1739 1401 1792 filia:
1444 1737 1645 1795 Sionis.
1686 1762 1702 1791 ι
1758 1741 1819 1795 lli
1882 1741 2074 1800 Lachis

2180 1736 2439 1806 ρονόμους
2485 1736 2678 1804 ἀγάγω
2714 1753 2828 1790 σου.
2867 1756 2885 1787 ι
2931 1736 3256 1807 ’Υπομένεις
3292 1737 3355 1807 δὴ
3391 1738 3565 1791 ταῦτα
3610 1739 3747 1807 ἐμοῦ

509 1818 682 1887 ipsam
727 1823 1005 1891 tenebunt,
1052 1836 1106 1880 et
1162 1846 1333 1899 usque
1375 1832 1443 1884 ad
1484 1829 1736 1888 ‘Odollam
1785 1837 2074 1891 extendent

2178 1828 2302 1889 τοὺς
2331 1826 2621 1895 πολεμίους
2649 1827 2891 1895 ἄγοντος,
2926 1827 2976 1879 οἳ
3012 1829 3120 1881 τῶν
3152 1828 3258 1880 σῶν
3287 1829 3505 1897 ἀγαθῶν
3534 1829 3751 1882 ἔσονται

510 1909 880 1967 Ιιωιτεᾶὶιαιοηι
912 1930 1086 1979 suam.
1119 1919 1170 1973 id
1206 1928 1290 1975 est
1342 1930 1511 1976 totam
1560 1924 1909 1993 occupabunt
1946 1943 2074 1996 pro-

2178 1918 2518 1989 κληρονόμοι.
2557 1936 2577 1969 ι
2624 1908 2964 1972 Κατοικοῦσα
3011 1920 3232 1990 Λάχεις,
3275 1920 3606 1991 κληρονομία
3642 1922 3752 1985 ἓως

510 2001 731 2054 missam
753 2002 1054 2073 regionem.
1083 2010 1145 2064 Et
1164 2025 1327 2080 super
1356 2012 1493 2078 haec,
1527 2014 1617 2068 illa
1648 2016 1808 2071 etiam
1832 2017 2074 2087 gloriosa

2191 2009 2449 2079 Ὀδολλὰμ
2470 2008 2608 2077 ἥξει,
2634 2009 2760 2075 δόξα
2786 2011 2884 2080 τῆς
2915 2010 3181 2079 θυγατρὸς
3206 2010 3362 2065 Σιών,
3399 2030 3418 2063 ι
3449 2012 3512 2063 Οἳ
3540 2013 3632 2065 καὶ
3651 2012 3750 2082 τὴν

511 2100 732 2161 propter
759 2097 1032 2151 conditum
1057 2101 1109 2154 in
1149 2116 1211 2156 ea
1246 2104 1524 2173 templum,
1552 2107 1797 2176 capietur
1818 2107 2074 2162 Hierusa-

2178 2101 2376 2170 Λάχεις
2410 2104 2718 2173 κτήσονται,
2754 2102 2847 2153 καὶ
2878 2101 3035 2172 ἄχρις
3073 2101 3335 2172 Ὀδολλὰμ
3365 2103 3465 2172 τὴν
3493 2102 3751 2173 κληρονο-

511 2179 637 2238 lem.
1804 2232 1807 2233 ν
2188 2193 2317 2264 μίαν
2348 2194 2626 2247 ὲκτενοῦσι
2675 2192 2773 2263 τὴν
2819 2194 3054 2247 οἰκείαν·
3093 2192 3176 2246 ῐνα
3217 2194 3366 2266 εῐπῃ,
3392 2195 3576 2249 Πᾶσαν
3620 2193 3751 2247 καθ-

511 2278 686 2344 έξουσι
727 2282 824 2353 τὴν
872 2284 976 2354 γῆν
1018 2285 1118 2355 τῆς
1157 2287 1518 2356 ἐπαγγελίας·
1552 2288 1626 2359 (p.
1661 2288 1788 2360 267)
1836 2289 1969 2359 πρὸς
2008 2282 2090 2351 οἷς
2139 2286 2231 2339 καὶ
2275 2287 2308 2356 ἡ
2348 2285 2592 2351 ἐπίδοξος
2632 2281 2768 2339 εἶναι
2812 2285 3042 2339 δοκοῦσα
3085 2284 3173 2338 διὰ
3208 2285 3299 2337 τὸν
3333 2285 3391 2337 ὲν
3437 2286 3573 2356 αὐτῇ
3621 2286 3751 2339 ναὸν

509 2375 843 2447 ληφθήσεται
877 2380 909 2449 ή
948 2380 1323 2453 Ἰερουσαλήμ.

578 2471 832 2526 Nonnulli
876 2474 1146 2540 dixerunt,
1183 2478 1296 2533 haec
1336 2480 1479 2549 loqui
1521 2480 1836 2551 prophetam
1887 2488 2074 2535 contra

2244 2470 2400 2534 Τινὲς
2427 2470 2483 2523 δὲ
2514 2469 2719 2538 ἔφασαν
2742 2470 2877 2540 πρὸς
2904 2470 3002 2540 τὴν
3031 2470 3229 2540 Λάχεις
3259 2471 3434 2540 λέγειν
3454 2470 3626 2524 ταῦτα
3653 2470 3748 2522 τὸν

508 2560 725 2627 Lachis,
763 2566 889 2633 quia
918 2580 1094 2634 regem
1123 2567 1422 2623 Amessiam
1463 2570 1736 2624 occiderat
1769 2589 1781 2623 :
1815 2584 1939 2623 nam
1970 2571 2074 2639 pri-

2178 2560 2481 2631 προφήτην,
2509 2558 2584 2621 ὡς
2608 2559 2697 2611 τὸν
2741 2558 3030 2628 Ἀμεσσίαν
3054 2558 3346 2611 ἀνελοῦσαν
3369 2560 3457 2612 τὸν
3486 2558 3745 2628 βασιλέα·

510 2667 598 2706 ιιιο
624 2653 891 2721 ejusmodi
934 2657 988 2709 in
1019 2658 1106 2711 illa
1147 2659 1281 2713 urbe
1310 2658 1522 2714 facinus
1568 2660 1668 2714 fuit
1698 2662 1901 2730 prpprii
1933 2662 2074 2725 regis

2178 2649 2361 2721 ἐπειδὴ
2385 2648 2541 2703 τοῦτο
2570 2649 2782 2720 πρῶτον
2814 2649 3081 2720 ἐτολμήθη
3112 2653 3243 2721 παρ’
3267 2653 3449 2713 αὐτοῖς
3468 2650 3529 2703 τὸ
3548 2652 3749 2703 οἰκεῖον

509 2744 822 2811 occidendi;
862 2761 984 2799 cum
1026 2749 1167 2817 apud
1217 2749 1402 2805 decem
1460 2752 1699 2806 tribuum
1751 2768 1972 2822 regnum
2023 2754 2074 2807 id

2178 2743 2379 2797 ἀνελεῖν
2410 2744 2651 2813 βασιλέα,
2685 2744 2947 2814 πρότερόν
2985 2761 3045 2812 γε
3087 2746 3145 2795 ὲν
3179 2746 3243 2813 τῇ
3276 2743 3381 2795 τῶν
3411 2743 3540 2795 δέκα
3568 2741 3749 2809 φυλῶν

511 2850 655 2903 saepe
689 2836 801 2904 jam
842 2838 1150 2894 accidisset.
1193 2842 1352 2909 Atqui
1395 2842 1498 2897 hoc
1544 2852 1716 2897 totum
1765 2844 2072 2899 fabulosum

2180 2833 2425 2904 βασιλείᾳ
2451 2834 2639 2887 τούτου
2667 2834 2947 2901 γεγονότος
2980 2833 3239 2897 πολλάκις
3257 2850 3270 2862 ·
3303 2834 3417 2885 ἔστι
3443 2833 3499 2885 δὲ
3542 2850 3749 2886 παντα-

511 2926 817 2995 falsumque
841 2928 1023 2983 videre
1060 2938 1174 2993 est,
1206 2930 1274 2983 ab
1313 2931 1381 2987 iis
1423 2933 1783 3000 excogitatum
1814 2934 1907 3003 qui
1950 2950 2074 3004 pro-

2180 2923 2335 2993 χόθεν
2369 2924 2533 2994 μῦθον
2567 2927 2659 2977 καὶ
2700 2925 2925 2994 πλάσμα
2956 2924 3017 2977 τὸ
3058 2924 3218 2994 ῥηθὲν
3264 2925 3411 2987 ἰδεῖν,
3445 2924 3750 2994 ηὑρημένον

510 3017 724 3087 phetica
764 3019 928 3072 verba
962 3034 1069 3073 non
1111 3020 1509 3076 intellexerunt.
1539 3021 1672 3075 Nam
1723 3038 1824 3078 nec
1869 3025 2074 3094 primus

2180 3015 2289 3067 ἀπὸ
2339 3015 2445 3068 τῶν
2489 3015 2589 3086 τὴν
2653 3016 2996 3087 προφητικὴν
3041 3016 3101 3068 οὐ
3154 3015 3487 3085 νενοηκότων
3533 3018 3745 3083 φωνήν·

508 3105 663 3163 Judae
684 3108 858 3163 tribus
887 3125 1071 3179 regum
1110 3111 1387 3166 Amessias
1428 3112 1731 3179 proditione
1768 3091 1885 3167 fuit—
1908 3115 2074 3168 inter-

2178 3103 2299 3157 οὕτε
2327 3106 2433 3175 γὰρ
2477 3106 2766 3177 Ἀμεσσίας
2803 3107 3017 3178 πρῶτος
3059 3110 3123 3160 ἐκ
3169 3107 3277 3161 τῶν
3313 3107 3412 3177 τῆς
3449 3106 3616 3159 ’ἰούδα
3646 3105 3749 3175 βα-

511 3210 755 3269 emptus;
804 3215 931 3253 nam
968 3198 1164 3256 Joasus
1205 3210 1358 3271 pater
1401 3203 1520 3272 ejus
1561 3211 1720 3258 antea
1771 3204 1873 3259 hoc
1917 3205 2074 3261 modo

2179 3196 2536 3250 σιλευσάντων
2565 3196 2739 3267 φυλῆς
2769 3198 2829 3262 ἐξ
2856 3198 3146 3268 ἐπιϐουλῆς
3168 3198 3428 3270 ἀνῃρέθη,
3472 3197 3625 3259 Ἰώας
3653 3197 3748 3250 τοῦ

511 3293 690 3346 fuerat
718 3292 1052 3358 exstinctus,
1083 3301 1141 3345 ut
1182 3292 1386 3362 Regum
1420 3295 1647 3349 historia
1687 3297 1852 3350 tradit
1889 3297 1955 3361 ⁷⁸,
1994 3298 2079 3352 di-

511 3396 641 3436 cens
673 3400 687 3435 :
721 3401 739 3433 ι
781 3382 1194 3438 lnsurrexerunt
1231 3386 1372 3438 servi
1414 3384 1583 3447 Joasi,
1614 3396 1668 3441 et
1705 3388 2080 3456 conjuratione

511 3477 568 3532 in
590 3490 712 3530 eum
753 3482 980 3538 structa,
1018 3487 1405 3544 percusserunt
1428 3492 1551 3531 eum
1588 3495 1601 3530 :
1641 3496 1660 3529 ι
1696 3494 1833 3547 quos
1860 3480 2076 3548 quidem

510 3567 630 3635 ipse
676 3566 972 3630 Aniessias,
1024 3566 1169 3620 illius
1203 3566 1366 3631 filius,
1422 3582 1592 3636 regno
1638 3572 1839 3637 potitus
1892 3576 2077 3639 postea

511 3655 672 3724 cepit,
703 3662 906 3723 patrem
932 3670 1088 3709 suum
1113 3654 1380 3710 ulciscens
1406 3671 1420 3708 :
1450 3657 1515 3710 de
1538 3672 1648 3725 quo
1666 3658 1869 3726 ipsoait
1894 3656 2079 3726 Scrip-

510 3754 633 3799 tura
661 3759 674 3797 :
704 3748 770 3798 ht
802 3745 1002 3798 factum
1031 3753 1135 3809 est,
1169 3755 1451 3815 postquam
1479 3762 1705 3817 regnum
1737 3749 1790 3802 in
1818 3749 2079 3803 Amessia:

512 3849 673 3887 manu
702 3836 1081 3889 confirmatum
1134 3836 1257 3899 fuit,
1291 3839 1561 3905 percussit
1603 3853 1790 3894 servos
1823 3855 1952 3894 suos
1984 3839 2075 3910 qui

511 3923 686 3992 ipsius
727 3924 885 3992 176
920 3934 1303 3992 percusserant
1344 3926 1410 3977 ⁷³.
1466 3918 1731 3980 Praeterea
1771 3930 2074 3985 Amessiam

512 4030 622 4069 non
674 4016 926 4067 videntur
972 4014 1168 4068 Lacbis
1231 4016 1377 4069 cives
1426 4017 1712 4071 occidisse.
1779 4018 1869 4074 Sic
1932 4023 2075 4075 enim

512 4107 775 4176 scriptum
806 4112 889 4159 est
926 4123 938 4157 :
989 4104 1053 4157 Et
1093 4106 1336 4158 revoluta
1387 4117 1471 4159 est
1516 4108 1772 4161 contritio
1817 4111 2077 4169 adversus

510 4200 812 4253 Amessiam
877 4198 931 4251 in
979 4196 1337 4263 Hierusalem,
1404 4199 1495 4267 qui
1559 4199 1695 4271 fugit
1755 4202 1810 4255 in
1858 4202 2072 4258 Lachis.

510 4290 772 4360 Missique
828 4297 957 4344 sunt
1009 4297 1131 4359 post
1159 4303 1282 4341 eum
1335 4289 1583 4345 homines
1616 4292 1682 4344 ad
1724 4290 1941 4358 Lachis,
1983 4295 2075 4363 qui

511 4382 686 4449 ipsum
742 4382 814 4434 ibi
873 4382 1279 4444 interfecerunt,
1346 4381 1727 4451 sublatumque
1798 4385 1852 4437 in
1909 4401 2072 4454 equo,

509 4470 901 4541 Hierosolymis
928 4474 1277 4541 sepelierunt.
1332 4471 1408 4525 Ex
1437 4490 1544 4542 quo
1572 4475 1860 4530 manifeste
1886 4485 2074 4532 osten-

509 4560 658 4615 ditur
701 4565 1111 4618 consurrexisse
1177 4566 1436 4620 adversus
1502 4582 1625 4621 eum
1675 4568 1940 4637 quosdam
2004 4571 2072 4626 de

509 4650 922 4722 Hierosolymis.
976 4654 1379 4725 fugientemque
1429 4657 1482 4709 in
1514 4656 1708 4712 Lachis
1751 4661 1933 4715 missis
1981 4662 2070 4716 ho—

508 4744 748 4797 minibus
778 4745 1065 4799 occidisse.
1089 4744 1180 4798 Sic
1202 4762 1331 4816 ergo
1352 4748 1575 4802 evidens
1608 4749 1787 4803 fabula
1818 4753 2067 4806 convicta

507 4844 611 4890 est.
650 4835 818 4889 Porro
846 4835 1040 4890 Lachis
1062 4837 1320 4904 propheta
1358 4840 1671 4908 alloquitur,
1722 4841 1775 4893 in
1811 4842 1928 4910 ejus
1971 4858 2071 4896 no-

506 4929 671 4994 mine,
702 4936 958 4996 tanquam
993 4930 1045 4981 in
1079 4939 1257 4998 parte,
1284 4945 1371 4985 res
1401 4930 1553 4985 Iudae
1582 4948 1750 5003 regno
1782 4944 2069 4993 eventuras

506 5035 738 5075 narrans
768 5038 781 5073 :
810 5019 1262 5089 quemadmodum
1288 5028 1341 5073 et
1373 5022 1439 5075 de
1461 5022 1705 5077 Samaria
1740 5024 2069 5094 locutuscst;

509 5120 692 5180 utpote
721 5114 811 5179 qui
833 5111 898 5166 de
934 5120 1161 5180 utroque
1191 5112 1353 5166 simul
1403 5126 1572 5179 regno
1606 5124 1659 5168 et
1693 5115 1957 5169 visionem
1988 5118 2069 5170 vi-

508 5202 664 5256 derat
699 5212 753 5255 et
784 5203 1121 5271 loquebatur,
1174 5202 1318 5256 sicut
1354 5203 1595 5257 vaticinii
1636 5206 1918 5260 exordium
1951 5222 2076 5276 per-

509 5292 696 5361 spicue
724 5293 980 5347 ostendit.
1009 5290 1127 5346 Jam
1158 5292 1225 5347 de
1255 5291 1452 5347 Lachis
1480 5293 1560 5347 sic
1603 5294 1775 5365 pergit
1813 5298 2073 5366 propheta

507 5382 687 5438 dicere
719 5406 732 5442 :

586 5471 744 5525 Vens.
801 5470 885 5524 16.
934 5500 1006 5511 -
1049 5489 1068 5522 ι
1135 5472 1450 5527 Decalvator
1498 5479 1552 5527 et
1607 5474 1857 5531 tondetor
1910 5492 2074 5547 super

575 5647 624 5680 "
648 5645 713 5701 ιν
747 5648 877 5720 Reg.
914 5663 1011 5716 ιιι,
1040 5648 1111 5705 20
1217 5650 1263 5682 "
1292 5648 1358 5703 IV
1388 5648 1519 5720 Reg.
1548 5665 1659 5714 nv,
1688 5649 1737 5705 5.

2178 3288 2383 3357 πατρὸς
2429 3288 2594 3341 αὑτοῦ
2645 3289 2909 3359 πρότερον
2947 3290 3323 3360 ἀναιρεθέντος
3371 3288 3561 3351 οὕτως,
3596 3287 3674 3351 ὡς
3710 3291 3748 3360 ἡ

2176 3378 2284 3431 τῶν
2299 3378 2593 3432 Βασιλειῶν
2615 3379 2824 3449 ἰστορία
2845 3380 2993 3449 δηλοῖ
3013 3378 3262 3447 λέγουσα,
3281 3380 3361 3432 ὅτι
3382 3397 3401 3429 ‹
3425 3379 3750 3449 Ἀνέστησαν

2177 3470 2225 3521 οἰ
2259 3468 2434 3522 δοῦλοι
2481 3469 2574 3521 τοῦ
2626 3468 2796 3533 Ἱώας,
2845 3470 2938 3522 καὶ
2987 3471 3249 3540 ἐποίησαν
3295 3470 3610 3539 σύνδεσμον,
3654 3470 3751 3523 καὶ¹

2180 3563 2418 3634 συνῆψαν
2437 3564 2521 3615 ἐπ’
2539 3561 2697 3616 αὑτὸν
2706 3603 2720 3627 ,
2739 3563 2832 3615 καὶ
2844 3562 3117 3627 ἐπάταξαν
3130 3562 3311 3617 αὐτόν·
3331 3561 3539 3632 οὕσπερ
3551 3557 3645 3614 οὖν
3658 3563 3752 3614 καὶ

2192 3654 2482 3723 Ἀμεσσίας
2511 3656 2538 3705 ὁ
2564 3652 2752 3706 τούτου
2776 3654 2889 3716 υίὸς
2914 3652 3196 3724 παρελθὼν
3227 3655 3304 3715 εἰς
3339 3656 3436 3724 τὴν
3467 3652 3747 3722 βασιλείαν

2177 3740 2320 3797 εἷλεν
2373 3743 2616 3815 ὕστερον,
2653 3744 2742 3797 τὸν
2789 3745 2947 3813 φόνον
2992 3743 3219 3797 ἐκδικῶν
3256 3743 3350 3796 τοῦ
3398 3745 3604 3814 πατρὸς
3653 3743 3750 3795 τοῦ

2177 3836 2374 3889 οἰκείου
2397 3854 2412 3868 ·
2465 3836 2593 3907 περὶ
2644 3830 2705 3888 οῦ
2743 3836 2836 3888 καὶ
2868 3834 3032 3888 αὐτοῦ
3067 3852 3236 3905 φησι·
3276 3836 3385 3887 Καὶ
3432 3836 3648 3903 ἐγένετο
3676 3835 3752 3897 ὡς

2177 3926 2518 3996 ὲκραταιώθη
2544 3928 2577 3997 ἠ
2607 3926 2853 3995 βασιλεία
2886 3928 2944 3979 έν
2977 3929 3041 3997 τῇ
3077 3928 3223 3997 χειρὶ
3268 3927 3581 3996 Ἀμεσσίου,
3617 3927 3753 3977 ἑπά-

2176 4019 2302 4084 ταξε
2324 4020 2450 4082 τοὺς
2480 4020 2675 4083 παῖδας
2699 4021 2863 4074 αὐτοῦ
2893 4023 3018 4083 τοὺς
3049 4020 3391 4087 πατάξαντας
3420 4021 3511 4073 τὸν
3534 4022 3749 4092 πατέρα

2177 4112 2371 4165 αὐτοῦ·
2415 4114 2509 4165 καὶ
2556 4114 2646 4166 τὸν
2694 4113 2984 4183 Ἀμεσσίαν
3030 4114 3088 4167 δὲ
3119 4114 3216 4182 οὺχ
3253 4116 3300 4166 οἰ
3336 4114 3393 4166 ὲν
3428 4113 3626 4183 Λάχεις
3660 4115 3751 4165 ἀν-

2176 4204 2383 4267 ελόντες
2417 4203 2712 4272 φαίνονται·
2740 4204 2886 4271 λέγει
2907 4203 3014 4274 γὰρ
3035 4204 3225 4266 οὕτως·
3265 4205 3373 4256 Καὶ
3402 4205 3746 4273 συνεστράφη

2177 4294 2487 4365 σύντριμμα
2516 4294 2608 4347 ὲπὶ
2658 4295 2946 4365 Ἀμεσσίαν
2976 4297 3031 4347 ὲν
3072 4294 3455 4366 Ἰερουσαλήμ·
3498 4295 3593 4347 καὶ
3618 4294 3750 4362 ἔφυ-

2176 4401 2270 4451 γεν
2299 4384 2378 4446 εἰς
2404 4385 2619 4452 Λάχεις,
2646 4384 2740 4437 καὶ
2763 4384 3109 4437 ἐθανάτωσαν
3134 4384 3294 4436 αὑτὸν
3320 4387 3462 4436 ἐκεῖ·
3489 4387 3583 4437 καὶ
3606 4381 3643 4455 ἦ
3653 4401 3748 4455 ραν

2178 4475 2270 4527 ἐπὶ
2292 4474 2386 4527 τδν
2415 4475 2612 4540 ἵππον,
2656 4475 2730 4544 (p.
2761 4474 2887 4543 268)
2933 4476 3027 4528 καὶ
3059 4475 3233 4545 ἐτάφη
3270 4476 3328 4527 ὲν
3367 4475 3745 4546 Ἰερουσαλήμ·

2180 4564 2364 4633 σαφῶς
2389 4564 2637 4635 δηλώσας
2665 4567 2745 4617 ὅτι
2778 4566 3154 4635 ἐπανέστησαν
3181 4565 3328 4635 αὐτῷ
3357 4582 3502 4627 τινες
3532 4567 3628 4618 ἐπὶ
3654 4568 3749 4635 τῆς

2187 4657 2558 4727 Ἰερουσαλὴμ,
2590 4657 2639 4709 οἳ
2698 4658 3079 4725 καταφυγόντα
3110 4658 3188 4718 εἰς
3230 4657 3328 4726 τὴν
3364 4656 3564 4725 Λάχεις
3618 4657 3751 4708 ἀπο-

2176 4748 2479 4810 στείλαντες
2508 4747 2736 4801 ἀνεῖλον.
2772 4748 2939 4799 Τοῦτο
2966 4748 3063 4817 μὲν
3090 4744 3181 4799 οὖν
3214 4747 3470 4816 ἄντικρυς
3499 4748 3751 4814 φαίνεται

2175 4839 2432 4909 πλάσμα·
2463 4839 2598 4910 πρὸς
2648 4839 2704 4891 δὲ
2740 4840 2838 4909 τὴν
2889 4841 3087 4909 Λάχεις
3113 4839 3143 4889 ὁ
3191 4839 3475 4907 προφήτης
3514 4840 3750 4890 ποιεῖται

2173 4930 2265 4982 τὸν
2310 4931 2486 4996 λόγον,
2527 4929 2586 4995 ἐξ
2638 4932 2851 5001 ἐκείνης
2876 4932 2949 4993 ὼς
2985 4930 3091 4981 ἀπὸ
3123 4929 3321 4999 μέρους
3372 4931 3440 4982 τά
3474 4930 3605 4998 περὶ
3650 4928 3750 4999 τὴν

2189 5020 2357 5075 Ἰούδα
2383 5022 2655 5091 βασιλείαν
2679 5024 3063 5092 συμϐησόμενα
3091 5022 3263 5089 λέγων
3280 5038 3292 5050 ·
3312 5023 3478 5090 ὅνπερ
3504 5015 3598 5071 οὖν
3621 5019 3751 5089 τρό-

2173 5131 2273 5167 πον
2312 5116 2403 5168 καὶ
2431 5115 2499 5169 τὰ
2525 5117 2649 5185 περὶ
2679 5115 2989 5184 Σαμάρειαν
3012 5109 3161 5165 εἶπεν
3181 5129 3193 5140 ·
3230 5111 3305 5174 ώς
3334 5110 3474 5180 ὑπὲρ
3508 5110 3753 5178 ἀμφοτέ-

2177 5222 2284 5275 ρων
2332 5207 2426 5259 καὶ
2461 5205 2740 5274 ἑωρακὼς,
2778 5206 2870 5256 καὶ
2923 5203 3116 5271 λέγων,
3166 5201 3307 5254 καθὰ
3352 5200 3414 5252 τὸ
3458 5200 3752 5269 προοίμιον

2174 5293 2363 5363 ἐδήλου
2432 5294 2651 5361 σαφῶς·
2704 5293 2839 5364 πρὸς
2894 5295 2958 5364 ἢν
3020 5292 3324 5347 ἀκολουθῶν
3380 5293 3409 5344 ὁ
3463 5290 3753 5361 προφήτης

2174 5386 2349 5455 ἑαυτῷ
2383 5402 2516 5455 φησι
2535 5403 2548 5417 ·

2250 5477 2398 5548 Στίχ.
2436 5478 2894 5549 ις¹.-«,Ξύρησαι
2922 5477 3017 5531 καὶ
3048 5478 3227 5547 κεῖραι
3257 5475 3347 5527 ἐπὶ
3372 5472 3437 5526 τὰ
3466 5487 3631 5526 τεκνα
3654 5487 3753 5525 σου
