4054 6238
283 345 390 398 553

1270 337 1816 399 COMMENTARIUS
1853 337 1921 395 IN
1958 336 2265 398 MICHEE
2300 334 2451 399 CAP.
2496 345 2562 399 ll.

3429 342 3541 398 σει

283 458 350 511 τὰ
380 452 661 525 τρυφερά·
698 452 1033 524 ἐμπλάτυνον
1060 452 1159 525 τὴν
1194 454 1419 525 ξύρησίν
1449 474 1543 509 σου
1573 458 1649 520 ὡς
1682 456 1860 520 ἀετὸς,

1975 456 2107 511 lilios
2133 458 2395 513 delicatos
2423 466 2583 513 tuos:
2627 453 2790 510 dilata
2850 453 3125 507 calvitium
3160 460 3335 521 tuum,
3389 455 3537 510 sicut

283 550 366 601 ὅτι
404 545 911 617 ῂχμαλωτεύθησαν
960 546 1067 599 ἀπὸ
1116 547 1232 601 σοῦ.
1282 566 1300 598 ι
1339 547 1562 601 Πενθείν
1604 548 1712 620 γάρ
1760 563 1863 611 σοι,

285 640 470 709 φησὶν,
506 637 776 711 ἁρμόττον
800 637 897 708 τὴν
923 637 1297 708 αἰχμαλωσίαν
1338 639 1447 690 τῶν
1476 638 1583 691 σῶν
1607 651 1622 665 ’
1648 637 1703 691 οἳ
1733 638 1866 707 πρό-

283 745 442 799 τερον
492 728 591 797 μὲν
623 727 699 789 ὡς
750 729 807 778 ὲν
849 729 1066 790 οἰκείοις
1109 727 1243 797 μετὰ
1302 727 1503 797 πολλῆς
1542 727 1724 797 διῆγον
1765 728 1867 795 τῆς

284 819 520 889 τρυφῆς,
548 818 643 870 νῦν
680 818 737 869 δὲ
779 818 886 869 τῶν
916 821 1014 888 τῆς
1035 818 1409 888 αἰχμαλωσίας
1447 819 1865 890 πειραθήσονται

286 911 473 962 κακῶν
492 927 503 937 ο
524 909 585 960 τὸ
604 909 681 971 δὲ,
725 928 741 958 ι
775 908 1045 962 Πλάτυνον
1066 909 1164 979 τὴν
1194 909 1418 981 ξύρησίν
1436 927 1529 963 σου
1554 910 1630 973 ὠς
1654 908 1859 971 ἀετὸς,›

290 1000 460 1068 λέγει,
494 1000 684 1069 ἐπειδὴ
711 1000 928 1052 ἅπαντα
955 998 1094 1052 κατὰ
1139 1000 1328 1073 καιρὸν
1365 1001 1687 1053 ἀποϐάλλειν
1718 1000 1867 1053 τουτὶ

287 1092 347 1142 τὸ
378 1092 566 1162 ὄρνεον
606 1090 676 1142 τὰ
709 1091 884 1141 οἰκεῖα
930 1089 1144 1157 λέγεται
1171 1091 1362 1160 πτερά.
1396 1085 1528 1143 Εἶτα
1573 1090 1666 1142 καὶ
1696 1089 1865 1157 λέγει,

290 1183 437 1235 κατὰ.
462 1182 523 1234 τὸ
550 1180 758 1244 εἰωθὸς,
791 1180 901 1233 τῶν
925 1180 1109 1233 κακῶν
1139 1181 1236 1251 τὴν
1270 1181 1469 1253 αἰτίαν.

944 1273 1100 1324 ΚΕΦ.
1143 1272 1217 1323 Β’.

360 1365 513 1432 Στίχ.
569 1369 716 1431 αὀγ’.
764 1393 833 1403 -
873 1381 892 1413 ι
937 1364 1211 1430 Ἐγένοντο
1248 1364 1585 1435 λογιζόμενοι
1643 1365 1865 1428 κόπους.

290 1454 383 1506 καὶ
437 1454 794 1525 ἐργαζόμενοι
838 1454 984 1505 κακὰ
1017 1457 1075 1506 ὲν
1105 1456 1224 1517 ταῖς
1272 1456 1479 1518 κοίταις
1522 1454 1698 1507 αὐτῶν
1725 1472 1738 1486 ·
1774 1455 1869 1507 καὶ

291 1546 409 1607 ἅμα
454 1546 522 1613 τῇ
574 1544 755 1613 ἡμέρᾳ
806 1543 1121 1595 συνετέλουν
1170 1544 1342 1597 αὐτὰ·
1384 1563 1403 1595 ι
1456 1545 1528 1614 (p.
1581 1543 1708 1613 269)
1748 1544 1869 1597 ἀντὶ

289 1636 408 1697 τοῦ,
445 1636 727 1687 Διετέλουν
756 1635 1009 1698 τοιαύτας
1034 1638 1090 1687 ἐν
1121 1636 1331 1700 ἑαυτοῖς
1362 1636 1753 1708 συστρέφοντες
1778 1636 1868 1688 ὲν-

290 1727 461 1789 νοίας,
496 1728 590 1793 ἀφ’
628 1722 703 1779 ὧν
741 1726 959 1790 τούτους
988 1728 1199 1788 ἑαυτοῖς
1223 1727 1596 1798 ἀπεγέννησαν
1623 1727 1749 1790 τοὺς
1774 1727 1869 1779 κό-

292 1835 448 1883 πους,
477 1818 875 1880 ἀνατυποῦντες
908 1818 1004 1884 μὲν
1026 1820 1117 1872 ἐπὶ
1149 1820 1244 1889 τῆς
1267 1819 1449 1887 κοίτης
1473 1817 1574 1886 τῆς
1599 1816 1733 1880 ἰδίας
1761 1816 1867 1869 τῶν

291 1910 510 1964 ἀτόπων
547 1910 647 1981 τὴν
686 1910 981 1981 ἐργασίαν·
1011 1911 1221 1981 ἡμέρας
1250 1910 1306 1961 δὲ
1343 1910 1660 1980 γενομένης,
1698 1908 1869 1978 πέρας

289 2004 396 2063 τοῖς
426 2001 724 2071 μοχθηροῖς
751 1999 929 2053 αὐτῶν
950 2000 1281 2063 ἐπιτιθέντες
1304 1999 1650 2069 βουλεύμασι.
1679 2017 1698 2050 ‹
1726 1998 1869 2049 Διότι

290 2091 387 2142 οὐκ
418 2085 563 2159 ἦραν
592 2090 731 2159 πρὸς
765 2091 856 2142 τὸν
898 2090 1029 2142 Θεὸν
1077 2091 1263 2161 χεῖρας
1305 2089 1482 2143 αὐτῶν
1508 2105 1522 2120 ’
1551 2089 1646 2142 καὶ
1676 2087 1872 2140 ἐπεθύ-

293 2196 424 2250 μουν
457 2181 688 2250 ἀγροὺς,
725 2180 820 2233 καὶ
861 2179 1159 2251 διήρπαζον
1201 2180 1491 2251 ὀρφανοὺς,
1544 2179 1639 2233 καὶ
1688 2178 1870 2239 οἴκους

289 2256 775 2334 κατεὼνάστευον,
806 2272 901 2324 καὶ
933 2271 1229 2340 διήρπαζον
1256 2271 1444 2345 ἄνδρα,
1471 2270 1566 2324 καὶ
1600 2270 1692 2323 τὸν
1724 2265 1871 2321 οἷκον

289 2362 474 2425 αὐτοῦ,
499 2362 673 2432 ἄνδρα
708 2363 802 2415 καὶ
822 2363 921 2432 τὴν
942 2362 1304 2433 κληρονομίαν
1326 2361 1513 2415 αὐτοῦ.
1549 2379 1568 2411 ι
1600 2361 1745 2431 Πρὸς
1773 2361 1872 2430 μὲν

289 2453 395 2522 γάρ
426 2452 565 2504 Θεὸν
589 2453 801 2522 ἀφορᾷν
825 2453 926 2505 οὐκ
957 2452 1255 2516 ἐϐούλοντο,
1285 2452 1405 2505 οὐδέ
1431 2469 1553 2505 τινα
1579 2451 1734 2519 λόγον
1762 2450 1870 2504 τῶν

292 2546 419 2615 παρ’
447 2543 621 2596 αὐτοῦ
651 2542 1157 2614 νενομοθετημένων
1192 2542 1491 2596 ποιεῖσθαι·
1524 2542 1652 2614 περὶ
1686 2541 1742 2594 δὲ
1768 2540 1872 2603 τὰς

289 2633 395 2689 τῶν
416 2634 723 2704 ἀλλοτρίων
747 2634 1038 2703 ἐπιθυμίας
1071 2633 1413 2704 ἠσχολοῦντο,
1440 2634 1535 2688 καὶ
1567 2628 1673 2687 τῶν
1697 2634 1870 2703 ἀπρο-

296 2729 641 2781 στασιάστων
678 2728 773 2780 καὶ
804 2729 1051 2798 πενήτων
1082 2725 1381 2798 διήρπαζον
1409 2727 1478 2779 τὰ
1498 2727 1772 2796 κτήματα,
1794 2725 1873 2787 είς

292 2820 491 2872 ἄτοπον
517 2822 589 2889 τῇ
620 2818 831 2871 ἑαυτῶν
859 2817 1329 2887 κατακεχρημένοι
1363 2815 1672 2886 δυναστείᾳ.
1705 2833 1725 2866 ι
1776 2817 1873 2867 Διά

292 2909 447 2962 τοῦτο
479 2911 612 2964 τάδε
665 2910 812 2978 λέγει
861 2910 1092 2981 Κύριοςο
1134 2910 1262 2963 Ἰδοὺ
1311 2907 1422 2977 ἐγὼ
1462 2908 1748 2977 λογίζομαι
1780 2906 1875 2959 ἐπὶ

290 3002 384 3071 τὴν
414 3002 595 3072 φυλὴν
624 3002 828 3072 ταύτην
861 3002 1023 3065 κακὰ,
1042 3000 1102 3066 ἐξ
1117 2996 1191 3054 ῶν
1211 3002 1270 3053 οὐ
1292 3000 1366 3071 μὴ
1385 3001 1553 3071 ἄρητε
1582 3001 1709 3062 τοὺς
1737 3014 1874 3070 τρα-

1968 545 2170 614 aquila.
2205 547 2461 615 quoniam
2513 546 2710 615 captivi
2745 543 2963 598 abducti
2992 550 3121 597 sunt
3149 558 3213 597 ex
3237 550 3308 598 te.
3354 562 3372 594 ι
3426 542 3538 597 Lu-

1967 652 2092 706 gere
2120 638 2263 691 enim
2296 645 2347 692 te
2372 644 2584 706 oportet
2609 636 2974 706 captivitatem
2993 647 3229 698 tuorum,
3256 637 3347 706 qui
3376 646 3537 693 antea

1974 737 2229 795 tanquam
2262 727 2317 781 in
2375 728 2547 796 patria
2604 726 2833 781 delicate
2875 728 3147 790 vivebant,
3204 744 3349 783 nunc
3406 746 3538 784 vero

1970 818 2297 885 captivitatis
2334 819 2472 870 mala
2504 818 2819 887 gustabunt.
2846 819 2986 882 Jam,
3023 836 3040 869 ι
3065 817 3230 873 Dilata
3257 820 3535 873 calvitium

1970 916 2119 961 tuum
2157 915 2215 961 ut
2255 910 2457 977 aquila,
2490 928 2508 959 ι
2543 910 2635 975 ait,
2667 910 2794 979 quia
2822 909 2938 962 ham
2976 911 3092 965 avis
3115 920 3265 964 certo
3294 919 3540 980 tempore

1969 1008 2196 1055 cunctas
2248 1017 2377 1056 suas
2430 1001 2663 1070 abjicerc
2718 1001 2951 1055 traditur
3000 1016 3211 1071 pmnas.
3271 1003 3537 1073 Deinceps

1970 1106 2120 1146 more
2147 1107 2247 1147 suo
2280 1106 2500 1148 causam
2530 1094 2794 1147 malorum
2828 1095 3039 1147 recitat.

2638 1273 2789 1332 CAP.
2833 1277 2920 1330 lli.

2040 1363 2204 1420 Vens.
2234 1367 2344 1421 1-5.
2374 1396 2437 1405 -
2469 1384 2489 1418 ι
2522 1365 2672 1421 Facti
2711 1376 2837 1421 sunt
2866 1367 3167 1437 cogitantes
3202 1369 3435 1429 labores.
3483 1375 3539 1423 et

1969 1466 2258 1526 operantes
2287 1458 2425 1511 mala
2459 1457 2514 1511 in
2546 1458 2817 1513 cubilibus
2867 1459 3001 1521 suis,
3028 1466 3081 1513 et
3120 1461 3239 1514 luce
3274 1461 3539 1515 matutina

1970 1550 2423 1604 consummabant
2456 1565 2538 1605 ea.
2593 1568 2611 1601 ι
2650 1550 2707 1604 id
2741 1560 2850 1614 est,
2895 1551 2993 1605 has
3030 1552 3211 1604 animo
3252 1554 3541 1606 versabant

1971 1639 2350 1707 cogitationes,
2382 1640 2523 1694 unde
2564 1641 2694 1709 ipsis
2728 1641 2779 1693 hi
2815 1641 2952 1709 parti
2983 1650 3111 1694 sunt
3141 1641 3378 1703 labores,
3405 1642 3542 1696 ima-

1971 1731 2217 1799 ginantes
2255 1733 2309 1784 in
2344 1731 2481 1785 lecto
2531 1746 2631 1785 suo
2661 1741 2940 1801 protervos
2972 1739 3143 1795 actus,
3181 1741 3233 1786 et
3265 1749 3385 1787 mox
3418 1733 3542 1787 illu-

1972 1828 2223 1874 cescente
2253 1819 2340 1873 die
2363 1820 2589 1874 consilia
2620 1820 2862 1888 improba
2893 1820 2945 1873 in
2967 1836 3077 1875 rem
3110 1821 3537 1876 conferentibus.

1980 1930 1998 1961 ι
2035 1910 2299 1976 Quoniam
2333 1925 2438 1964 non
2467 1910 2779 1965 extulerunt
2810 1910 2873 1962 ad
2902 1909 3067 1963 Deum
3091 1926 3284 1966 manus
3312 1927 3461 1975 suas,
3489 1919 3544 1965 et

1973 2001 2364 2071 concupiebant
2387 2017 2567 2071 agros,
2593 2010 2645 2056 et
2668 2000 2995 2069 diripiebant
3025 2002 3196 2055 virum
3228 2017 3291 2057 ac
3319 2003 3539 2057 domum

1973 2091 2112 2159 ejus,
2144 2091 2338 2154 virum,
2373 2092 2529 2160 177
2566 2091 2807 2161 inquam,
2843 2099 2895 2144 et
2935 2091 3295 2146 haereditatem
3333 2091 3473 2161 ejus.
3516 2110 3537 2143 ι

1973 2180 2219 2251 Namque
2250 2182 2313 2235 ad
2349 2181 2516 2234 Deum
2547 2182 2819 2251 respicere
2850 2182 3123 2243 nolebant,
3168 2198 3342 2254 neque
3376 2183 3540 2236 ullam

1975 2272 2356 2326 mandatorum
2388 2271 2507 2341 ejus
2539 2273 2804 2327 rationem
2834 2273 3125 2336 habebant,
3156 2284 3207 2327 et
3240 2273 3428 2328 alienae
3464 2273 3539 2328 rei

1975 2364 2289 2429 inhiabant,
2328 2371 2382 2418 et
2440 2378 2736 2432 pauperum
2782 2379 2844 2417 ac
2893 2365 3197 2435 patrocinio
3240 2365 3544 2418 carentium

1975 2453 2258 2509 facultates
2285 2454 2631 2523 diripiebant,
2666 2454 2903 2523 potentia
2944 2469 3043 2509 sua
3089 2454 3157 2507 ad
3203 2456 3543 2524 iniquitatem

1976 2544 2279 2598 abutentes.
2319 2562 2337 2595 ι
2388 2542 2681 2613 Propterea
2740 2544 2856 2598 haec
2899 2543 3029 2597 dicit
3054 2543 3310 2597 Dominus
3360 2543 3545 2597 :Ecce

1975 2648 2075 2704 ego
2103 2634 2282 2703 cogito
2309 2647 2473 2703 super
2503 2634 2703 2688 tribum
2736 2632 2893 2687 istam
2910 2634 3072 2698 mala,
3097 2647 3161 2686 ex
3196 2632 3398 2701 quibus
3432 2645 3545 2685 non

1977 2729 2235 2783 auferetis
2291 2729 2429 2783 colla
2481 2736 2679 2791 vestra,
2728 2736 2782 2782 et
2828 2741 2938 2781 non
2980 2725 3327 2781 ambulabitis
3377 2725 3546 2780 erecti

1976 2820 2179 2883 subito,
2209 2819 2335 2889 quia
2396 2820 2594 2872 malum
2627 2827 2840 2888 tempus
2887 2828 2989 2872 est.
3030 2837 3046 2868 ι
3086 2816 3311 2887 Promer
3365 2824 3547 2872 vestra

1977 2909 2091 2962 haec
2113 2909 2341 2963 consilia
2387 2917 2441 2961 et
2475 2916 2649 2971 actus,
2695 2909 2858 2962 talem
2884 2907 3038 2962 vobis
3069 2921 3281 2975 poenam
3312 2905 3548 2973 edicam,

1976 3014 2041 3053 ex
2075 3014 2181 3068 qua
2212 2999 2484 3068 respirare
2510 2998 2663 3053 vobis
2691 3013 2801 3051 non
2859 2998 3081 3063 licebit;
3117 2998 3210 3051 sed
3240 2998 3391 3051 curvi
3427 3010 3549 3050 om-

290 3093 491 3162 χήλους
514 3093 695 3164 ὑμῶν,
728 3093 824 3145 καὶ
848 3093 909 3145 ού
937 3093 1011 3164 μὴ
1040 3092 1343 3163 ’πορευθῆτε
1372 3092 1522 3162 ὀρθοί
1544 3107 1558 3122 ο
1590 3089 1871 3159 ἐξαίφνης,

1977 3096 2109 3144 nino
2157 3091 2446 3145 manebitis
2474 3096 2530 3144 et
2572 3090 2740 3144 humo
2777 3090 2936 3159 proni
2977 3088 3078 3144 sub
3110 3088 3548 3142 incumbentium

289 3184 366 3237 ὅτι
401 3185 604 3255 καιρὸς
628 3185 860 3255 πονηρός
899 3187 1063 3237 ἐστιν.
1100 3202 1119 3235 ι
1162 3183 1332 3253 ’Υπὲρ
1358 3183 1422 3253 δὴ
1466 3181 1670 3236 τούτων
1716 3181 1871 3250 ὑμῶν

1976 3182 2242 3235 malorum
2281 3180 2536 3251 pondere.

288 3276 395 3330 τῶν
423 3294 486 3329 τε
541 3276 923 3345 βουλευμάτων
965 3276 1057 3328 καὶ
1082 3275 1188 3328 τῶν
1226 3274 1477 3344 πράξεων
1526 3272 1778 3342 τοιαύτην
1811 3273 1940 3342 ὑμῖν
1966 3272 2167 3324 ὲποίσω
2193 3271 2482 3343 τιμωρίαν,
2524 3272 2617 3339 ἀφ’
2644 3267 2712 3342 ἦς
2756 3272 2878 3324 οὐδὲ
2920 3271 3212 3326 ἀνανεῦσαι
3247 3268 3372 3341 ὑμῖν
3398 3271 3549 3323 ἔσται

288 3368 547 3424 δυνατόν·
593 3367 895 3435 διαμενεῖτε
933 3364 990 3417 δὲ
1041 3363 1485 3433 συγκεκαμμένοι
1520 3359 1795 3424 παντελῶς
1859 3360 1952 3413 καὶ
1982 3360 2133 3413 κάτω
2171 3360 2418 3423 νεύοντες
2459 3360 2566 3413 ὑπὸ
2608 3360 2706 3413 τοῦ
2742 3362 3003 3431 μεγέθους
3042 3361 3152 3414 τῶν
3190 3361 3558 3433 ἐπικειμένων·

292 3476 497 3514 κακῶν.

358 3554 516 3621 Στίχ.
548 3547 615 3613 δ’,
638 3554 700 3600 ε’.
726 3576 798 3587 -
836 3564 854 3597 ι
895 3543 984 3598 Ἑν
1008 3547 1075 3615 τῇ
1112 3543 1299 3615 ἡμέρα
1336 3540 1515 3613 ἐκείνῃ
1538 3539 1874 3612 ληφθήσεται

290 3646 373 3714 ἐφ’
418 3644 577 3712 ὑμᾶς
638 3635 923 3709 παραϐολὴ
971 3636 1067 3688 καὶ
1099 3633 1499 3705 θρηνηθὴσεται
1555 3632 1770 3703 θρῆνος,
1816 3632 1876 3683 έν

295 3736 449 3807 μέλει
475 3732 768 3799 λεγόντων·
809 3726 1166 3797 Ταλαιπωρίᾳ
1198 3723 1743 3794 ὲταλαιπωρήσαμεν,
1779 3738 1876 3792 με-

295 3830 373 3895 ρὶς
410 3824 552 3879 λαοῦ
584 3840 687 3894 μου
723 3818 1107 3891 κατεμετρήθη
1137 3818 1211 3885 (p.
1240 3816 1367 3887 270)
1399 3818 1457 3868 ὲν
1500 3813 1749 3885 σχοινίῳι
1782 3813 1878 3866 καὶ

289 3920 389 3974 οὐκ
431 3912 508 3987 ἦν
540 3916 571 3967 ὸ
604 3912 863 3966 κωλύσων
893 3910 1055 3963 αὑτὸν
1093 3904 1189 3961 τοῦ
1224 3905 1600 3976 ἀποστρέψαι’
1627 3908 1675 3958 οἱ
1716 3903 1879 3975 ἀγροὶ

293 4008 449 4079 ὑμῶν
480 4004 940 4075 διεμετρήθησαν.
975 4019 995 4053 ι
1030 4000 1165 4053 Τότε
1197 3996 1264 4069 δὴ
1297 3996 1493 4069 θρῆνος
1524 3998 1651 4068 ὑμῖν
1688 3995 1879 4064 ὀδυνη-

294 4101 384 4170 ρὸς
403 4096 670 4169 ἁρμόσει*
687 4095 749 4146 τὸ
768 4094 873 4165 γὰρ
902 4111 920 4143 ι
939 4093 997 4144 ὲν
1019 4091 1169 4161 μέλει
1192 4108 1209 4140 ι
1231 4089 1390 4142 τοῦτο
1410 4088 1579 4157 λέγει.
1608 4089 1707 4141 Ὃν
1726 4088 1880 4157 ποιή-

293 4190 455 4243 σεσθε
472 4187 572 4258 τὴν
588 4185 797 4238 ἑαυτῶν
809 4184 836 4235 θ
845 4182 1128 4254 ρηνοῦντες
1137 4179 1765 4251 τα).αιπωρίαν,δρῶντες
1777 4178 1876 4250 τὴν

295 4277 494 4348 μερίδα
539 4275 641 4344 τὴν
664 4272 889 4335 οἰκείαν,
920 4270 1162 4323 τουτέστι
1194 4269 1291 4340 τὴν
1322 4270 1451 4339 ὑμῖν
1494 4270 1873 4341 προσήκουσαν

292 4368 393 4436 γῆν
423 4364 538 4419 ὑπὸ
583 4359 878 4431 ἀλλοτρίων
925 4358 1294 4429 κατεχομένην
1331 4375 1390 4410 τε
1434 4360 1532 4412 καὶ
1568 4357 1875 4429 διαιρουμέ-

292 4474 391 4525 νην
411 4454 638 4515 οὐδενὸς
651 4452 802 4514 ὄντος
830 4449 924 4503 τοῦ
956 4447 1183 4503 κωλύειν
1201 4449 1374 4502 ταῦτα
1403 4450 1700 4521 γιγνόμενα
1717 4451 1873 4503 δυνα-

2049 3534 2217 3591 Vens.
2248 3536 2303 3599 4,
2342 3536 2395 3590 5.
2430 3565 2501 3575 —-
2533 3552 2552 3586 ι
2593 3535 2687 3588 Illa
2719 3535 2808 3589 die
2846 3542 3094 3589 sumetur
3137 3549 3300 3602 super
3331 3550 3429 3589 vos
3453 3550 3551 3604 pa.

1980 3627 2188 3688 rabola,
2226 3632 2282 3680 et
2320 3625 2571 3693 planctus
2605 3625 2891 3693 plangetur
2913 3625 2967 3677 in
3004 3624 3243 3687 cantico,
3268 3624 3501 3679 dicendo
3532 3645 3555 3681 ι,

1982 3718 2199 3773 Miseria
2228 3717 2414 3771 miseri
2454 3714 2579 3769 facti
2612 3730 2840 3769 sumus:
2878 3730 3002 3783 pars
3045 3715 3230 3784 populi
3266 3716 3369 3769 mci
3399 3715 3557 3771 funi-

1982 3810 2105 3865 culo
2133 3808 2380 3861 dimensa
2416 3814 2519 3867 est,
2573 3816 2625 3859 et
2656 3819 2762 3858 non
2806 3814 2921 3859 erat
2949 3805 3043 3874 qui
3078 3804 3386 3874 prohiberet
3424 3820 3557 3859 eum

1976 3910 2036 3954 ut
2072 3905 2425 3954 averteretur.
2456 3895 2581 3966 Agri
2634 3895 2795 3950 vestri
2854 3894 3014 3950 divisi
3055 3893 3296 3950 fuerunt.
3337 3914 3356 3946 ι
3389 3894 3556 3949 Tunc

1974 4003 2072 4043 vos
2101 3987 2296 4040 acerba
2334 3983 2643 4042 lamentatio
2668 3982 2877 4038 decebit
2899 4000 2913 4038 :
2938 3999 3060 4039 nam
3092 4003 3110 4036 ι
3134 3981 3400 4039 canticum
3423 4002 3440 4035 ι
3492 3984 3553 4039 id

1974 4078 2215 4141 denotat,
2272 4076 2417 4144 quod
2446 4076 2737 4130 cantabitis
2775 4082 3012 4129 vestram
3051 4076 3394 4144 deplorantes
3448 4077 3550 4128 mi-

1976 4169 2195 4232 seriam,
2236 4166 2542 4237 portioncm
2575 4175 2813 4219 vestram
2863 4165 3133 4229 videntes,
3168 4166 3222 4220 id
3248 4174 3333 4219 est
3378 4165 3545 4219 vestri

1976 4262 2118 4330 juris
2150 4259 2442 4331 regionem,
2493 4256 2561 4310 ab
2605 4256 2798 4311 alienis
2849 4266 3167 4325 occupatam
3204 4264 3367 4324 atque
3407 4256 3550 4310 divi-

1980 4367 2119 4415 sam,
2160 4349 2379 4405 nemine
2424 4347 2477 4401 id
2532 4347 2819 4415 prohibere
2849 4348 3096 4411 valente;
3131 4357 3185 4400 et
3217 4360 3376 4416 agros
3407 4360 3548 4415 quos
3661 4387 3666 4391 .

1980 4450 2343 4514 praepotentcr
2374 4438 2762 4503 obtinueratis,
2796 4438 2953 4492 vobis
2976 4445 3193 4507 ereptos
3235 4444 3542 4495 cernentes.

296 4549 479 4617 μένου,
496 4544 630 4609 τούς
647 4562 704 4600 τε
717 4543 915 4617 ἀγροὺς
927 4543 956 4595 ὑ
965 4542 1081 4611 μῶν
1094 4541 1187 4605 οὒς
1204 4544 1267 4595 ὲκ
1290 4542 1598 4607 πλεονεξίας
1622 4548 1872 4617 κατεσχή-

1983 4542 2037 4588 et
2071 4532 2208 4586 alios
2267 4530 2520 4585 dominos
2570 4528 2914 4582 vestra'sibi
2969 4528 3288 4595 partientes.
3344 4526 3550 4581 Deinde

292 4655 449 4704 κατε,
465 4635 709 4708 δρῶντες
724 4636 756 4686 ὑ
764 4635 877 4703 μῶν
902 4634 999 4703 μὲν
1017 4634 1470 4704 ἀφαιρουμένους,
1490 4634 1548 4686 ὲν
1568 4634 1797 4709 διανομῇ
1823 4639 1880 4693 δὲ

291 4730 508 4799 ἑτέροις
538 4723 1018 4796 παραδιδομένους.
1039 4721 1173 4778 Εἶτα
1196 4725 1389 4793 ἐπάγει
1409 4741 1423 4755 ο
1459 4726 1588 4780 «Διὰ
1609 4726 1767 4781 τοῦτο
1783 4731 1883 4782 οὐκ

291 4822 449 4874 ἔσται
482 4837 571 4872 σοι
596 4814 807 4888 βάλλων
835 4818 1066 4888 σχοινίον
1090 4818 1297 4888 κλήρῳ.
1330 4836 1350 4869 ι
1399 4816 1617 4891 Ἐπειδὴ
1652 4820 1713 4873 τὸ
1740 4838 1883 4891 σχοι-

293 4911 405 4963 vim
434 4912 534 4962 ἐπὶ
563 4909 672 4979 τῆς
699 4908 1104 4980 διαμετρήσεως
1133 4908 1289 4961 εἴωθε
1319 4907 1519 4975 λέγειν,
1546 4909 1653 4962 ἀπὸ
1683 4910 1791 4963 τῶν
1823 4913 1881 4963 ἐν

291 5002 373 5072 τῷ
396 5005 622 5073 μετρεῖν
656 5003 767 5064 τοῖς
789 5000 1014 5070 σχοίνοις
1030 4999 1383 5069 κεχρημένων
1402 5014 1416 5029 ·
1439 4998 1513 5062 ὡς
1530 5000 1606 5053 ὅτ’
1625 5002 1688 5054 ἂν
1709 5001 1843 5072 λέγῃ
1861 5020 1877 5034 -

301 5111 321 5143 ι
343 5092 570 5162 Σχοινία
594 5091 864 5143 ὲπέπεσόν
890 5107 979 5160 μοι
1006 5093 1063 5143 ὲν
1080 5092 1192 5153 τοῖς
1220 5090 1553 5159 κρατίστοιςο
1578 5109 1597 5143 ι
1616 5091 1701 5144 ἵνα
1729 5093 1878 5165 εἴπῃ,

294 5183 377 5235 ὅτι
408 5181 756 5252 Διεμετρήθη
799 5197 889 5250 μοι
916 5182 1008 5233 καὶ
1050 5180 1313 5250 ὲπέλαχεν
1342 5184 1402 5237 ὲν
1433 5181 1619 5253 κλήρῳ
1655 5182 1715 5235 τὸ
1744 5183 1877 5236 κάλ-

292 5270 478 5324 λιστον
520 5271 692 5339 μέρος
728 5270 826 5339 τῆς
858 5268 995 5340 γῆς·
1026 5269 1185 5323 τοῦτο
1224 5270 1393 5339 λέγει,
1432 5271 1515 5323 ὅτι
1547 5270 1778 5340 Ὀψεσθε
1809 5272 1882 5324 τὰ

294 5362 544 5432 ὑμέτερα
595 5361 818 5433 ἑτέρους
857 5360 955 5431 μὲν
987 5361 1364 5432 λαμϐάνοντας
1398 5362 1493 5414 καὶ
1518 5359 1880 5432 ,διαμετροῦν-

1980 4624 2174 4681 addit:
2208 4641 2229 4675 ι
2272 4622 2398 4678 ldeo
2426 4636 2533 4675 non
2572 4620 2677 4674 erit
2703 4617 2858 4673 vobis
2887 4619 3093 4685 jaciens
3126 4619 3179 4673 in
3232 4617 3552 4673 haereditate

1980 4713 2305 4769 funiculum.
2368 4730 2388 4762 ι
2440 4708 2708 4775 Quoniam
2761 4706 3035 4762 funiculus
3104 4707 3159 4761 in
3207 4706 3553 4762 dimensione

1979 4806 2083 4860 dici
2116 4804 2274 4862 solet.
2330 4802 2455 4869 quia
2484 4801 2578 4853 illo
2612 4806 2841 4852 utuntur
2886 4798 3135 4854 homines
3157 4797 3229 4852 ad
3254 4798 3549 4852 dimetien-

1979 4898 2140 4961 dum;
2172 4894 2318 4947 velut
2346 4893 2423 4945 ait
2466 4888 2801 4945 Psalmista:
2839 4907 2859 4940 ι
2898 4887 3149 4943 Funiculi
3176 4887 3309 4940 mihi
3337 4886 3555 4939 cecide—

1982 4997 2109 5042 runt
2136 4986 2189 5040 in
2219 4982 2438 5053 optimis
2461 4980 2544 5044 ⁵⁰ς
2612 4999 2630 5032 ι
2657 4993 2722 5033 ac
2787 4981 2834 5035 si
2858 4977 3370 5035 dicat:Dimcnsum
3415 4973 3550 5028 mihi

1954 5147 1963 5153 _
1981 5081 2103 5142 fuit,
2133 5087 2186 5132 et
2211 5076 2415 5145 Optima
2437 5080 2597 5127 terra:
2618 5086 2745 5142 pars
2765 5068 3066 5125 hzereditati
3093 5066 3320 5135 obtigit;
3343 5064 3553 5119 idcirco

1982 5172 2097 5224 ait:
2130 5167 2276 5221 Bona
2320 5174 2498 5220 vestra
2547 5163 2783 5219 cernetis
2824 5160 2892 5214 ab
2921 5158 3043 5211 aliis
3075 5155 3194 5223 capi
3231 5162 3392 5225 atque
3436 5155 3551 5210 dis-

1982 5257 2359 5327 tribui;vobis
2380 5266 2556 5311 autem
2592 5255 2726 5308 nihil
2765 5266 2887 5307 esse
2916 5247 3209 5316 reliquum.
3270 5243 3359 5300 Sic
3385 5246 3556 5315 igitur

1982 5366 2144 5407 nemo
2166 5350 2308 5403 inter
2326 5362 2425 5402 vos
2446 5347 2552 5401 erit
2579 5345 2671 5415 qui
2727 5339 3042 5396 dimetiatur
3079 5337 3162 5391 vel
3228 5346 3430 5391 sortem
3472 5335 3554 5403 ja—

291 5423 417 5516 τας,
449 5423 716 5521 ὑμέτερον
737 5451 794 5503 δὲ
823 5423 881 5517 ἐξ
914 5423 1165 5504 ἁπάντων
1192 5452 1434 5521 ὑπάρχον
1466 5423 1646 5503 ούδένλ
1673 5423 1872 5519 ὲνὺμῖν

1985 5443 2114 5505 ciat,
2135 5440 2261 5508 quia
2286 5445 2466 5491 vestra
2511 5434 2692 5487 omnia
2736 5428 3071 5488 auferentur,
3113 5435 3167 5480 ct
3195 5426 3371 5480 aliena
3401 5423 3553 5478 ﬁent.

291 5536 387 5594 οὖν
412 5516 592 5604 οὐδεὶς
612 5516 767 5594 έσται
794 5541 1024 5613 μετρῶν,
1049 5543 1169 5596 οὐδὲ
1422 5540 1629 5595 ϐάλλων
1646 5558 1659 5568 ⁸
1692 5516 1872 5611 ἐπειδὴ

1987 5530 2119 5591 Vos,
2141 5531 2384 5601 inquam,
2411 5542 2480 5582 ex
2500 5533 2579 5579 tot
2596 5522 2793 5593 opibus
2819 5518 3024 5575 nullius
3048 5516 3124 5572 rei
3153 5516 3556 5587 possessionem

356 5719 407 5751 ⁸⁸
446 5715 587 5773 Psal.
628 5731 715 5782 xv,
742 5716 801 5775 6.
