4054 6238
483 325 592 384 355

1641 327 1987 387 THEODORI
2024 331 2502 388 MOPSUESTENI

3633 322 3736 381 530

487 439 811 500 retinebitis,
843 441 935 495 sed
962 440 1144 496 omnia
1173 441 1225 494 in
1263 439 1490 494 aliorum
1526 440 1686 511 1'78
1716 442 2052 496 dominatum

2159 445 2339 497 πάντα
2373 445 2469 514 μὲν
2511 442 2661 513 ὑμῶν
2705 441 3161 512 ἀφαιρηθήσεται,
3210 440 3362 492 ἔσται
3388 439 3442 492 δὲ
3490 439 3697 510 ἐτέρων
3722 451 3733 461 ⁸

485 530 721 584 transire
745 529 1033 584 videbitis:
1064 529 1222 588 alios.
1279 528 1525 598 inquam,
1575 546 1672 599 pro
1698 547 1799 587 suo
1833 533 2056 599 quzesito

485 619 628 689 jure,
653 623 790 676 bona
816 630 993 676 vestra
1023 623 1164 676 inter
1195 637 1254 676 se
1285 623 1545 678 tribuere.

558 903 724 957 Vens.
755 904 807 967 6,
835 905 885 959 7.
914 935 982 945 —
1034 925 1052 956 ι
1090 905 1146 959 ln
1177 905 1415 960 Ecclesia
1474 905 1685 959 Domini
1735 908 1899 962 nolite
1931 908 2057 964 ﬂere

485 995 763 1064 lacrymis,
794 1011 968 1064 neque
996 997 1366 1066 lacrymentur
1394 1014 1558 1066 super
1612 999 1728 1062 his;
1762 1015 1868 1052 non
1912 1001 2054 1053 enim

487 1085 705 1151 abjiriet
754 1088 1040 1153 opprobria
1075 1087 1165 1154 qui
1190 1087 1324 1140 dicit
1367 1107 1379 1141 :
1413 1087 1612 1143 Domus
1641 1088 1806 1144 Jacob
1832 1091 1896 1144 ad
1923 1092 2055 1146 iram

487 1174 799 1238 provocavit
825 1175 1084 1242 Spiritum
1115 1174 1348 1228 Domini.
1392 1195 1409 1226 ι
1443 1175 1617 1230 Nolite
1652 1193 1781 1245 ergo
1805 1180 1856 1231 in
1901 1181 2056 1233 εαξιί-

486 1260 589 1314 bus
622 1263 818 1316 vestris
847 1263 1133 1332 lacrymari
1159 1263 1278 1319 sine
1321 1266 1659 1332 paenitentia,
1689 1267 1781 1321 sed
1811 1269 2056 1324 dolentes

486 1353 860 1405 tantummodo
894 1352 960 1407 de
991 1354 1254 1408 malorum
1286 1366 1587 1409 vestrorum
1636 1359 1902 1426 gravitate
1954 1375 1970 1416 :
2003 1368 2057 1414 et

484 1455 608 1492 cum
656 1440 762 1494 Deo
810 1443 1197 1511 propemodum
1262 1448 1677 1514 expostulando,
1735 1450 1978 1503 dicentes
2039 1469 2053 1504 :

487 1528 604 1582 Non
651 1546 749 1586 nos
779 1533 877 1585 soli
916 1531 1080 1586 Deum
1135 1533 1488 1597 irritavimus,
1515 1552 1688 1605 neque
1728 1555 1824 1593 nos
1849 1549 2055 1594 tantum

485 1634 647 1688 pave
700 1637 796 1675 nos
837 1623 1122 1690 gessimus.
1163 1623 1300 1688 Quid
1330 1625 1352 1675 ?
1395 1625 1590 1677 Caeteri
1621 1627 1835 1694 quidem
1869 1643 1968 1696 pro
1994 1630 2057 1681 li-

485 1709 598 1762 bito
634 1725 730 1764 nos
767 1719 982 1772 vexant,
1007 1725 1104 1764 nos
1127 1725 1253 1762 vero
1274 1711 1373 1764 soli
1401 1712 1642 1778 passivi?
1671 1713 1833 1780 Atqui
1863 1729 1926 1766 ex
1971 1714 2056 1769 his

2158 535 2249 584 καὶ
2296 534 2450 601 ὑμεῖς
2490 534 2588 601 μὲν
2635 535 2698 584 ἐκ
2746 530 2955 584 πολλῶν
3010 531 3299 600 κτημάτων
3336 529 3518 580 ἔσεσθε
3559 529 3739 599 κύριοι

2157 623 2393 686 οὐδενὸς,
2435 629 2518 690 (p.
2560 623 2696 692 2'71)
2737 621 2935 690 ὄψεσθε
2983 621 3038 674 δὲ
3074 621 3213 673 αὐτὰ
3246 620 3348 671 ὑπὸ
3392 619 3489 689 τὴν
3533 621 3738 689 ἐτέρων

2157 714 2452 783 γιγνόμενα
2471 714 2785 766 δεσποτείαν
2805 754 2820 778 ,
2845 714 2938 766 καὶ
2964 711 3182 782 ἐτέρους
3211 712 3328 763 κατ’
3353 710 3602 775 ἐξουσίαν
3629 711 3738 763 δια-

2161 805 2493 872 νεμομένους
2522 804 2588 856 τά
2625 803 2884 874 ὑμέτερα.

2229 894 2374 963 Στίχ.
2402 901 2475 957 ς’,
2499 892 2562 956 ζ’.
2582 923 2646 932 ——
2674 911 2692 944 ι
2717 895 2802 946 Ἐν
2837 891 3127 962 Ἐκκλησία
3153 892 3353 962 Κυρίου
3379 891 3453 961 μὴ
3470 891 3737 960 δακρύετε

2157 984 2436 1054 δάκρυσιν,
2490 985 2623 1054 μηδὲ
2672 984 3054 1054 δακρυέτωσαν
3102 983 3194 1034 ἐπὶ
3243 981 3480 1043 τούτοις·
3522 982 3582 1034 οὐ
3627 981 3737 1050 γὰρ

2158 1075 2437 1128 ἀπώσεται
2465 1076 2640 1144 ὀνείδη
2679 1075 2878 1140 λέγων·
2923 1070 3083 1136 Οἶκος
3123 1073 3313 1125 Ἰακὼϐ
3385 1071 3738 1142 παρώργισεν

2158 1165 2380 1234 Πνεῦμα
2438 1166 2680 1236 Κυρίου.
2727 1183 2744 1216 ι
2799 1164 2891 1234 Μὴ
2948 1165 3126 1216 τοίνυν
3186 1165 3456 1226 συνιόντες
3505 1163 3736 1232 δάκρυσι

2158 1257 2426 1327 κέχρησθε
2475 1259 2534 1309 οὐ
2583 1256 2962 1326 μεταμελείας.
3000 1256 3116 1308 ἀλλ’
3157 1253 3447 1321 ἀλγοῦντες
3503 1255 3600 1323 μὲν
3640 1253 3736 1305 ἐπὶ

2156 1348 2234 1416 τῷ
2267 1347 2486 1416 μεγέθει
2517 1347 2624 1400 τῶν
2663 1346 3082 1417 συμϐεϐηκότων
3131 1346 3259 1416 ύμῖν
3288 1345 3492 1404 κακῶν,
3533 1344 3735 1414 τρόπον

2155 1437 2214 1488 δέ
2255 1454 2371 1489 τινα
2408 1437 2502 1488 καὶ
2545 1436 2782 1488 αἰτίασιν
2833 1435 3196 1506 προσάγοντες
3227 1432 3304 1503 τῷ
3336 1432 3472 1502 Θεῷ,
3501 1433 3595 1486 καὶ⁸
3642 1432 3734 1482 λέ-

2157 1545 2366 1596 γοντες,
2390 1529 2468 1580 ὅτι
2491 1529 2602 1597 Οὐχ
2623 1530 2782 1598 ἡμεῖς
2812 1527 2969 1597 μόνον
2992 1527 3125 1579 Θεὸν
3147 1525 3596 1596 παρωργίσαμεν,
3611 1524 3735 1576 οὐδὲ

2160 1620 2286 1688 παρ’
2332 1617 2490 1687 ἡμῶν
2521 1617 2693 1687 μόνων
2733 1616 2802 1668 τὰ
2843 1617 3018 1670 ἄτοπα
3069 1615 3404 1685 πέπρακται.
3437 1615 3502 1664 Τί
3544 1613 3733 1682 δήποτ’

2157 1706 2278 1773 οὗν;
2312 1711 2487 1780 ἕτεροι
2544 1711 2641 1779 μὲν
2692 1708 2761 1760 τά
2813 1707 3069 1761 δοκοῦντα
3129 1706 3376 1759 ποιοῦσιν
3427 1707 3505 1766 εἰς
3557 1705 3734 1773 ἡμᾶς,

483 1801 665 1854 verbis
719 1801 923 1852 nullam
977 1814 1072 1852 vos
1137 1800 1420 1852 utilitatem
1469 1801 1724 1868 capietis;
1758 1817 1932 1871 neque
1981 1803 2051 1857 ob

2156 1801 2310 1868 ἡμεῖς
2338 1799 2393 1851 δὲ
2423 1801 2701 1868 πάσχομεν
2739 1798 2930 1866 μόνον;
2961 1798 3095 1850 Οὐδὲ
3123 1796 3231 1864 γάρ
3261 1795 3410 1847 ἔσται
3444 1812 3516 1858 τι,
3543 1793 3733 1862 φησὶν,

485 1889 627 1944 hanc
678 1891 950 1958 querelam
1001 1889 1240 1942 vitabilis
1287 1890 1552 1944 malorum
1604 1893 2052 1960 experimentum,

482 1987 648 2048 atque
672 1995 699 2032 a
728 1979 1096 2034 maledicendo
1119 1981 1188 2033 ob
1223 1984 1655 2049 supervenientia
1704 1984 1840 2036 mala
1871 1999 2056 2038 cessa-

485 2070 634 2123 hitis.
675 2069 819 2132 Hzec,
863 2071 1058 2138 inquit,
1097 2070 1264 2124 nolite
1286 2068 1482 2124 facere.
1527 2090 1544 2120 ι
1589 2069 1644 2124 Si
1677 2073 1758 2126 lue
1787 2081 1915 2126 sunt
1969 2088 2059 2126 or—

485 2163 794 2216 dinationes
817 2163 956 2229 ejus,
990 2177 1168 2216 nonne
1192 2162 1314 2215 boni
1340 2170 1465 2216 sunt
1488 2178 1768 2217 sermones
1786 2163 1906 2231 ejus
1933 2179 2055 2218 cum

486 2254 626 2322 ipso,
660 2256 896 2322 rectique
917 2253 1256 2323 procedunt?
1283 2273 1298 2303 ι
1326 2253 1458 2307 Illud
1478 2255 1658 2322 potius
1692 2255 2054 2317 considerate,

486 2346 652 2400 Deum
681 2347 770 2414 qui
799 2346 923 2399 talia
949 2347 1100 2399 vobis
1135 2345 1338 2408 intulit,
1364 2345 1495 2398 nihil
1515 2345 1759 2398 debitum
1783 2346 2055 2412 omisisse;

486 2439 579 2492 sed
607 2446 660 2492 et
691 2437 896 2491 idoneis
946 2437 1126 2492 verbis
1179 2451 1276 2491 vos
1307 2452 1430 2492 esse
1474 2437 1794 2498 allocutum,
1825 2444 1880 2489 et
1917 2451 2060 2504 saepe

483 2527 716 2580 officium
764 2527 1034 2589 docuisse,
1088 2537 1141 2581 et
1188 2527 1380 2581 futura:
1429 2542 1603 2596 preme
1647 2528 1997 2596 praedictione
2028 2544 2057 2582 a

484 2617 765 2672 maleﬁciis
797 2633 892 2672 vos
923 2618 1196 2672 retrahere
1222 2618 1482 2672 voluisse.
1532 2621 1599 2671 At
1642 2633 1739 2672 vos
1777 2618 1938 2672 dictis
1971 2635 2061 2670 au-

481 2709 718 2763 scultare
754 2717 1066 2774 renuentes,
1116 2709 1406 2764 verborum
1445 2709 1535 2762 Dei
1588 2709 1974 2763 rectitudinem
2006 2721 2059 2763 et

482 2799 790 2868 aequitatem
814 2799 1102 2854 manifeste
1135 2801 1558 2869 comprobastis,
1601 2801 1692 2869 qui
1727 2800 1903 2869 primo
1934 2802 2058 2869 qui-

483 2888 606 2944 dem
640 2889 930 2944 emendare
949 2905 1045 2945 vos
1074 2890 1247 2943 voluit
1270 2890 1714 2959 praedictionibus
1752 2907 1768 2952 ;
1793 2891 1886 2945 sed
1911 2899 2062 2960 post—

480 2995 646 3047 quam
675 2995 782 3033 non
815 2981 1254 3048 obtemperastis,
1275 2981 1589 3036 necessario
1622 2982 1776 3035 vobis
1803 2997 1910 3035 non
1945 2997 2062 3052 poe-

483 3069 779 3125 nitentihus
821 3072 1101 3125 veritatem
1123 3071 1389 3128 dictorum
1417 3088 1637 3128 suorum
1662 3074 2060 3143 comprobavit.

2157 1890 2222 1942 ὲκ
2262 1888 2463 1941 τούτων
2507 1888 2614 1941 τῶν
2658 1887 2915 1957 ῥημάτων
2947 1887 3136 1955 δφελος
3166 1887 3326 1956 ὑμῖν,
3358 1885 3480 1938 οὐδὲ
3527 1887 3590 1937 ἐκ
3631 1883 3736 1950 τῆς

2158 1982 2446 2044 αἰτιάσεως
2491 1980 2692 2050 ταύτης
2720 1979 3070 2046 διαφεύξεσθε
3130 1978 3228 2048 μὲν
3258 1978 3365 2029 τῶν
3409 1976 3592 2029 κακῶν
3635 1974 3735 2042 τὴν

2159 2076 2373 2142 πεῖραν,
2403 2071 2675 2126 παύσεσθε
2703 2071 2758 2124 δὲ
2787 2072 2877 2123 ἐπὶ
2914 2073 3022 2134 τοῖς
3056 2069 3456 2140 συμϐεϐηκόσιν
3474 2065 3736 2128 όνειδιζόσι

2163 2181 2311 2233 μενοι
2355 2166 2575 2224 κακοῖς·
2605 2162 2774 2214 ταῦτα
2819 2163 2918 2231 μὲν
2943 2157 3054 2225 οὖν,
3092 2161 3243 2230 φησὶ,
3292 2161 3366 2228 μὴ
3411 2160 3634 2210 ποιεῖτε.
3666 2158 3735 2209 Τί

2158 2254 2250 2317 δέ;
2292 2274 2309 2305 ‹
2345 2256 2406 2307 El
2448 2253 2617 2307 ταῦτα
2661 2253 3066 2324 ἐπιτηδεύματα
3109 2252 3272 2306 αὑτοῦ
3325 2253 3495 2312 ἐστιν,
3527 2251 3645 2318 οὐχὶ
3682 2249 3734 2302 οί

2159 2346 2306 2413 λόγοι
2333 2345 2498 2398 αὑτοῦ
2529 2345 2684 2398 καλοί
2722 2347 2826 2397 εἰσι
2874 2345 2989 2414 μετ’
3028 2344 3212 2406 αὑτοῦ,
3245 2344 3339 2396 καὶ
3371 2342 3519 2412 ὀρθοὶ
3563 2343 3736 2394 πεπόο

2163 2455 2410 2508 ρευνται;
2444 2456 2460 2489 ι
2499 2438 2705 2489 Ἐκεῖνο
2724 2437 2779 2489 δέ
2807 2436 3004 2506 μᾶλλον
3026 2435 3384 2503 ἀποϐλέψατε,
3403 2436 3484 2486 ότι
3512 2437 3538 2486 ό
3559 2432 3737 2485 ταῦτα

2162 2529 2382 2596 ἐπάγων
2418 2531 2544 2598 ὑμῖν
2575 2527 2726 2590 Θεὸς,
2761 2526 2913 2580 οὐδὲν
2942 2526 3306 2597 παραλέλοιπε
3343 2527 3448 2578 τῶν
3475 2527 3734 2579 δεόντων·

2161 2621 2295 2674 ἀλλὰ
2341 2621 2435 2674 καὶ
2485 2618 2665 2686 λόγοις
2720 2618 2986 2689 ἐχρήσατο
3039 2620 3148 2680 τοῖς
3209 2619 3542 2688 προσήκουσι
3598 2619 3738 2689 πρὸς

2163 2713 2334 2782 ὑμᾶς⁸
2372 2713 2464 2764 καὶ
2495 2709 2731 2775 ἐδίδαξεν
2771 2711 2915 2779 ὑμᾶς
2939 2709 3196 2771 πολλάκις
3223 2709 3259 2762 ἃ.
3295 2709 3374 2762 δεῖ
3401 2711 3570 2762 ποιεῖν
3591 2725 3602 2735 ·
3638 2712 3739 2761 καὶ

2161 2807 2226 2873 τῇ
2267 2803 2493 2872 μηνύσει
2522 2803 2621 2872 τῆς
2657 2800 2952 2872 μελλούσης
3000 2802 3266 2871 τιμωρίας
3310 2801 3615 2869 ἀποστῆσαι
3635 2801 3739 2870 τῆς

2164 2895 2541 2964 κακοπραγίας
2572 2895 2719 2962 ὑμᾶς
2772 2891 3081 2961 ἠϐουλήθη·
3116 2892 3274 2962 ὑμεῖς
3305 2891 3361 2943 δὲ
3407 2892 3504 2944 οὐκ
3547 2892 3738 2961 ἐθελήο

2165 3004 2354 3049 σαντες
2387 2986 2674 3056 προσέχειν
2703 2986 2814 3046 τοῖς
2842 2984 3184 3052 λεγομένοις,
3215 2985 3299 3052 (p.
3329 2983 3465 3053 272)
3499 2983 3608 3036 τῶν
3634 2984 3735 3036 τοῦ

2165 3077 2298 3129 Θεοῦ
2341 3075 2511 3140 λόγων
2548 3074 2643 3144 τὴν
2669 3072 2932 3142 ὀρθότητα
2966 3074 3059 3124 καὶ
3097 3072 3192 3141 τὴν
3220 3072 3612 3142 δικαιοκρισίαν
3637 3075 3741 3124 ἐπ-

479 3163 714 3226 ιδείξατε
745 3166 945 3233 σαφῶς,
969 3167 1017 3219 οἳ
1053 3169 1311 3238 πρότερον
1340 3168 1436 3236 μὲν
1462 3168 1605 3238 ὑμᾶς
1637 3168 1876 3236 βελτιοῦν
1903 3169 2188 3238 ἠϐούλοντο
2235 3174 2300 3242 τῇ
2350 3170 2595 3240 μηνύσει,
2640 3167 2823 3237 ἐπειδὴ
2853 3166 2911 3218 δέ
2938 3169 3036 3220 οὐκ
3081 3167 3387 3238 ἐπείσθητε,
3423 3169 3735 3235 ἀναγκαίως

480 3255 611 3322 ὑμῖν
643 3252 704 3303 οὐ
748 3253 1166 3324 μεταμεληθεῖσι
1207 3256 1304 3325 τὴν
1338 3255 1596 3324 ἀλήθειαν
1639 3257 1920 3321 ἐπέδειξαν
1948 3258 2046 3329 τὴν
2083 3260 2309 3314 οἰκείαν.

551 3343 715 3398 Vens.
750 3346 975 3400 8-10.—
1000 3347 1198 3402 Deinde
1232 3349 1496 3416 amplians
1519 3349 1902 3412 invectionem,
1930 3352 2040 3404 ait:

2219 3352 2365 3421 Στίχ.
2411 3357 2545 3420 ἠ’-ι’.
2582 3379 2638 3389 -
2670 3345 2800 3403 Εἶτα
2822 3349 2914 3401 καὶ
2944 3347 3198 3401 ἐκτείνων
3230 3348 3327 3418 τὴν
3364 3348 3696 3418 κατηγορίαν
3715 3365 3731 3378 ·

489 3452 507 3484 ι
547 3433 611 3486 Et
667 3443 822 3488 antea
860 3437 1090 3505 populus
1145 3453 1295 3490 meus
1334 3455 1456 3492 cum
1524 3440 1805 3494 inimicitia
1851 3443 2050 3497 restitit

479 3533 666 3577 contra
704 3541 888 3594 pacem
940 3543 1114 3580 suam.
1161 3546 1180 3579 ι
1217 3527 1319 3582 Sed
1359 3544 1453 3583 vos
1490 3529 1601 3597 jam
1633 3531 1760 3583 olim
1810 3532 2048 3586 inimici-

480 3613 608 3666 tiam
625 3617 934 3682 quamdam,
955 3616 1312 3685 hostilemque
1337 3618 1598 3674 adversus
1616 3635 1700 3673 me
1724 3623 2046 3675 sententiam

480 3706 820 3776 suscepistis,
851 3707 1072 3761 obedire
1095 3708 1256 3763 dictis
1283 3710 1556 3773 noluistis,
1576 3719 1876 3781 vestraeque
1902 3715 2050 3781 pacis

480 3798 672 3868 magis,
696 3813 858 3866 quam
893 3797 1115 3852 alterius
1145 3799 1455 3868 cujuslibet,
1489 3800 1783 3855 adversarii
1808 3803 2050 3856 exstitis-

481 3889 573 3941 tis.
608 3887 746 3957 Ergo
773 3896 964 3942 vestra:
1009 3890 1369 3944 contumaciae
1402 3890 1611 3944 lucrum
1649 3891 1809 3961 179
1829 3894 2050 3958 cepistis

481 3990 719 4044 praesens
783 3975 998 4028 bellum.
1061 3994 1080 4026 ι
1119 3974 1318 4030 Pellem
1381 3977 1954 4044 ejnscxcoriaverunt,
1994 3989 2052 4033 ut

482 4081 631 4135 spem
665 4066 960 4134 eriperent,
989 4067 1368 4120 contritionem
1404 4069 1547 4122 belli.
1589 4087 1606 4119 ι
1647 4067 1924 4138 Quidquid
1949 4071 2051 4124 fuit

481 4155 620 4224 apud
662 4170 928 4224 pauperes
965 4156 1264 4225 eripuistis,
1319 4172 1645 4227 omnemque
1692 4159 1906 4213 illorum
1957 4163 2051 4216 bo-

483 4261 606 4299 nam
638 4261 785 4314 spem
807 4246 1164 4315 prazcidistis:
1199 4261 1360 4316 quam
1392 4248 1462 4301 ob
1487 4264 1707 4303 causam
1729 4249 1851 4304 belli
1885 4251 2049 4319 hujus

482 4337 864 4390 contritionem
883 4337 1146 4391 adversus
1165 4353 1258 4391 vos
1277 4339 1621 4393 concitastis.
1651 4339 1780 4405 Cur,
1809 4341 1892 4395 vel
1915 4357 2052 4410 quo-

483 4427 689 4479 modo?
725 4445 742 4476 ι
785 4427 1075 4496 Propterea
1108 4429 1275 4483 duces
1312 4429 1493 4497 populi
1523 4431 1624 4484 mei
1656 4431 1947 4497 ejicientur
1983 4447 2048 4487 ex

482 4516 690 4570 aedibus
716 4519 1032 4572 deliciarum
1069 4535 1311 4584 suarum,
1342 4532 1559 4590 propter
1589 4524 1758 4576 malas
1792 4524 2052 4580 adiuven-

483 4607 662 4659 tiones
694 4620 823 4662 suas
843 4608 1001 4675 ejecti
1034 4617 1181 4663 sunt.
1220 4629 1238 4662 ι
1272 4610 1469 4665 Cuncti
1501 4613 1592 4681 qui
1641 4614 1934 4682 principari
1969 4616 2049 4668 vi-

482 4697 680 4749 dentur
716 4712 814 4751 sua
836 4697 889 4751 in
922 4700 1177 4768 populum
1204 4701 1593 4768 dominatione,
1623 4712 1676 4756 et
1702 4705 1756 4759 in
1785 4721 2048 4774 pauperes
2081 4699 2124 4754 Ι)

481 4788 788 4856 iniquitate,
815 4789 1102 4857 ejicientur
1123 4792 1372 4848 domibus
1395 4794 1448 4847 in
1487 4795 1688 4862 quibus
1710 4797 2046 4850 deliciaban-

480 4889 587 4943 tur,
621 4881 708 4934 ubi
741 4880 1003 4950 plurimas
1049 4897 1344 4952 pauperum
1392 4900 1522 4954 opes
1553 4897 2043 4954 coacervaverant;

476 4979 532 5026 et
571 4972 712 5026 hanc
763 4974 1021 5043 nequitiae
1054 4990 1166 5028 sua:
1196 4991 1408 5044 poenam
1463 4979 1634 5040 luent,
1667 4979 1810 5047 quod
1858 4993 2043 5032 earum

476 5081 655 5120 rerum
679 5081 939 5136 possessu
961 5069 1234 5130 excident,
1259 5084 1394 5135 quas
1440 5069 1643 5137 injuste
1669 5071 2042 5126 obtinuerant.

477 5155 616 5220 Quid
673 5158 845 5226 ergo?
897 5176 913 5208 ι
980 5157 1344 5227 Propinquate
1407 5161 1683 5214 montibus
1729 5161 1972 5216 aeternis.
2018 5178 2036 5210 ι

478 5249 651 5320 Surge
707 5261 760 5305 et
819 5254 1190 5322 proﬁciscere,
1243 5255 1372 5322 quia
1430 5269 1536 5308 non
1570 5257 1656 5310 hic
1700 5256 1793 5310 tibi
1824 5257 2041 5325 requies

475 5354 698 5410 pr0pter
747 5343 1149 5399 immunditiam
1207 5360 1219 5394 :
1266 5346 1509 5414 corrupti
1567 5347 1695 5402 estis
1717 5347 2035 5418 putredine:

477 5430 716 5502 fugistis,
791 5435 1007 5488 nemine
1089 5443 1465 5504 persequente.
1518 5430 1685 5487 Vobis
1743 5437 1924 5503 itaque
1979 5451 2046 5490 ne

476 5521 749 5591 pugnandi
770 5523 990 5591 quidem
1018 5524 1282 5579 adversus
1311 5526 1497 5579 hostes
1527 5531 1820 5592 praetextus
1852 5541 2047 5594 super-

474 5610 600 5673 erit,
630 5613 886 5679 quoniam
913 5614 997 5668 his
1021 5629 1048 5666 a
1067 5613 1176 5668 Deo
1197 5616 1268 5669 ob
1287 5615 1586 5685 nequitiam
1605 5623 1840 5669 vestram
1863 5616 2045 5669 traditi

477 5697 678 5755 fuiStis.
711 5699 1132 5758 Proﬁciscimini
1159 5719 1289 5774 ergo
1313 5705 1377 5761 ad
1434 5705 1668 5762 hostium
1697 5705 1853 5763 fines.
1903 5720 2044 5774 quos

2164 3458 2182 3491 ι
2224 3440 2332 3491 Καὶ
2354 3437 2659 3508 ἔμπροσθεν
2682 3439 2709 3489 ό
2738 3435 2862 3498 λαός
2895 3453 2993 3505 μου
3019 3439 3096 3498 είς
3116 3436 3312 3506 ἔχθραν
3340 3437 3567 3506 ἀντέστη
3598 3455 3736 3490 κατ-

2157 3531 2336 3582 έναντι
2368 3530 2465 3598 τῆς
2497 3529 2718 3599 εἰρήνης
2746 3527 2926 3580 αὑτοῦ.
2959 3547 2978 3578 ι
3019 3527 3202 3596 Ὑμεῖς
3227 3527 3283 3580 δὲ
3309 3527 3510 3582 ἄνωθεν
3532 3528 3735 3599 ἔχθραν

2157 3622 2274 3674 τινὰ
2300 3621 2392 3673 καὶ
2416 3619 2678 3688 πολεμίαν
2706 3617 2930 3687 γνώμην
2947 3619 3150 3670 εἵλεσθε
3178 3619 3312 3689 πρὸς
3342 3620 3459 3688 ἐμὲ.
3481 3619 3735 3672 πείθεσθε

2161 3714 2258 3782 μὲν
2281 3714 2390 3774 τοῖς
2421 3708 2732 3780 λεγομένοις
2757 3709 2855 3761 οὐκ
2886 3709 3175 3772 ἐθέλοντες,
3201 3708 3560 3778 πολεμοῦντες
3581 3710 3634 3762 δὲ
3660 3714 3732 3781 τῇ

2156 3805 2332 3874 οἰκεία
2347 3805 2536 3874 εἰρήνῃ
2565 3802 2760 3872 μᾶλλον
2787 3801 2927 3872 ἥπερ
2955 3801 3126 3871 ἑτέρῳ
3146 3801 3246 3868 τῆς
3272 3799 3400 3866 γοῦν
3450 3800 3733 3863 ἀπειθείας

2156 3897 2251 3963 τῆς
2290 3894 2497 3947 ἑαυτῶν
2538 3893 2724 3962 κέρδος
2765 3892 3019 3963 εἰλήφατε
3069 3893 3157 3943 τὸν
3201 3892 3438 3960 παρόντα
3475 3893 3731 3962 πόλεμον.

2163 4003 2180 4033 ι
2213 3985 2320 4055 Τὴν
2345 3984 2506 4054 δοράν
2537 3981 2700 4036 αὐτοῦ
2732 3982 3022 4051 ἐξέδειραν,
3050 3981 3143 4034 τοῦ
3188 3983 3476 4051 ἀφελέσθαι
3517 3985 3730 4046 ἐλπίδα,

2159 4075 2489 4145 συντριμμδν
2522 4075 2778 4146 πολέμου.
2807 4092 2824 4124 ι
2849 4075 3031 4126 Πάντα
3062 4073 3132 4124 τὰ
3164 4074 3418 4142 περιόντα
3434 4079 3544 4137 τοῖς
3565 4077 3732 4144 πένη-

2159 4183 2242 4217 σιν
2272 4166 2593 4236 ἀφῃρεῖσθε,
2619 4164 2711 4218 καὶ
2744 4167 2923 4217 πᾶσαν
2952 4163 3131 4217 αὐτῶν
3165 4164 3375 4233 ἀγαθὴν
3405 4164 3732 4230 ἐξεκόπτετε

2157 4257 2372 4311 ἐλπίδα·
2406 4258 2546 4327 ὑπὲρ
2571 4253 2644 4310 ὧν
2682 4257 2745 4326 δὴ
2778 4255 2870 4308 τοῦ
2904 4255 3169 4323 παρόντος
3211 4255 3444 4325 πολέμου
3471 4256 3570 4325 τὴν
3599 4274 3732 4309 συν-

2156 4347 2346 4418 τριϐὴν
2381 4348 2500 4400 καθ’
2535 4347 2742 4400 ἑαυτῶν
2791 4348 3139 4417 κεκινήκατε.
3188 4346 3308 4409 Πῶς
3354 4347 3449 4400 καὶ
3488 4347 3608 4398 τίνα
3636 4349 3734 4399 τὸν

2155 4439 2380 4508 τρόπονς
2408 4457 2425 4489 ι
2455 4438 2551 4490 Διά
2580 4439 2736 4490 τοῦτο
2763 4440 2810 4490 oi
2837 4437 3128 4507 ἡγούμενοι
3154 4437 3246 4489 τοῦ
3273 4436 3402 4490 λαοῦ
3429 4454 3528 4506 μου
3550 4439 3733 4510 ἀπορ-

2159 4531 2477 4599 ῥιφήσονται
2536 4533 2599 4582 ἐκ
2637 4529 2746 4581 τῶν
2797 4529 2982 4582 οίκιῶν
3033 4529 3243 4599 τρυφῆς
3297 4529 3497 4581 αὐτῶν·
3527 4529 3618 4582 διά
3662 4532 3733 4584 τὰ

2156 4620 2368 4689 πονηρὰ
2402 4619 2802 4690 ἐπιτηδεύματα
2829 4618 3009 4671 αὐτῶν
3041 4617 3372 4688 ἐξώσθησαν.
3409 4637 3428 4669 ι
3457 4619 3732 4684 Ἅπαντες

2151 4711 2258 4780 γὰρ
2288 4712 2335 4762 οἱ
2368 4709 2616 4780 ἐξάρχειν
2652 4709 2934 4774 δοκοῦντες
2965 4711 3052 4763 διὰ
3087 4710 3184 4779 τὴν
3222 4709 3535 4762 δυναστείαν
3564 4711 3623 4761 ἐν
3652 4711 3732 4779 τῷ

2152 4798 2264 4866 λαῷ
2296 4799 2436 4869 ὑπὲρ
2466 4801 2563 4868 τῆς
2591 4801 2670 4862 είς
2709 4801 2832 4861 τοὺς
2855 4801 3091 4869 πένητας
3119 4799 3348 4862 ἀδικίας,
3389 4798 3731 4870 ἐξωσθήσον-

2151 4907 2239 4943 ται
2271 4889 2378 4941 τῶν
2407 4891 2568 4941 οἴκων
2601 4884 2683 4950 οἷς
2707 4889 3034 4958 ἐνετρύφων,
3065 4887 3292 4941 πλοῦτον
3325 4891 3387 4941 ἐκ
3419 4889 3526 4941 τῶν
3562 4892 3732 4960 πενή-

2149 4999 2257 5034 των
2316 4981 2662 5048 συλλέγοντες
2717 4981 3001 5033 πλεῖστον·
3040 4981 3116 5051 (ρ.
3154 4981 3283 5048 273)
3333 4982 3383 5032 οἶ
3433 4982 3525 5033 καὶ
3570 4981 3730 5044 δίκας

2149 5073 2244 5142 τῆς
2286 5071 2564 5142 μοχθηρᾶς
2613 5071 2862 5141 πράξεως
2914 5071 3164 5132 δώσουσι.
3197 5073 3258 5122 τὸ
3310 5071 3413 5134 ἔξω
3467 5071 3728 5138 γενέσθαι

2147 5161 2349 5215 τούτων
2381 5160 2715 5223 δεσποτείας,
2746 5159 2782 5212 ἃ
2810 5160 2995 5222 κακῶς
3023 5161 3482 5229 προσεκτήσαντο.
3512 5160 3575 5210 Τί
3596 5156 3724 5222 οὗνς

2155 5271 2173 5302 ι
2219 5250 2500 5318 Ἐγγίσατε
2539 5250 2721 5320 ὄρεσιν
2769 5249 3028 5309 αἰωνίοις.
3068 5267 3086 5299 ι
3139 5250 3424 5319 Ἀνάστηθι
3478 5251 3571 5302 καὶ
3626 5267 3725 5302 πο-

2149 5335 2329 5406 ρεύου,
2362 5337 2443 5388 ὅτι
2471 5336 2570 5388 οὐκ
2610 5335 2724 5387 ἔστι
2756 5353 2836 5387 σοι
2867 5335 3005 5404 αῦτη
3039 5337 3342 5399 ἀνάπαυσις
3369 5338 3553 5390 ἕνεκεν
3583 5339 3725 5392 ἀκα-

2143 5426 2402 5498 θαρσίας·
2436 5426 2763 5498 διεφθάρητε
2815 5426 3019 5496 φθορᾷ·
3057 5427 3473 5496 κατεδιώχθητε,
3508 5428 3724 5491 οὐδενὸς

2140 5518 2444 5580 διώκοντος.
2477 5518 2590 5587 Οὐχ
2631 5516 3013 5569 ὑπολέλειπται
3047 5518 3224 5570 τοίνυν
3273 5519 3400 5586 ὑμῖν
3455 5517 3573 5568 οὐδὲ
3610 5520 3718 5586 μά-

2141 5628 2242 5681 χης
2281 5610 2416 5679 πρὸς
2443 5610 2568 5671 τοὺς
2594 5608 2884 5680 πολεμίους
2919 5609 3210 5679 πρόφασις,
3239 5610 3341 5662 ὑπὸ
3373 5609 3508 5662 Θεοῦ
3536 5626 3721 5680 παρα-

2140 5701 2442 5770 δεδομένοις
2470 5699 2557 5752 διὰ
2587 5699 2684 5768 τὴν
2735 5699 3033 5769 μοχθηρίαν
3061 5700 3160 5758 τὴν
3201 5699 3407 5753 οἰκείαν
3428 5717 3440 5730 ·
3469 5698 3632 5752 ἀπιτε
3656 5699 3719 5752 δὲ
