4054 6238
283 315 392 373 $57

1258 305 1810 364 COMMENTARIUS
1844 304 1912 360 IN
1949 305 2262 364 HICHIEE
2297 310 2446 366 CAP.
2495 309 2580 365 lil.

3431 311 3539 368 358

286 430 379 482 ἐπὶ
408 426 482 480 τά
515 426 641 497 δρια
671 423 779 478 τῶν
802 422 1101 495 πολεμίων,
1129 421 1164 476 ἀ
1188 422 1470 494 πόρρωθεν
1509 423 1637 491 ὑμῖν
1671 420 1867 491 ηὐτρέ-

1980 426 2142 481 multo
2168 433 2329 482 antea
2357 427 2511 482 vobis
2536 424 2746 497 paravit
2797 423 2960 487 Deus,
3002 431 3061 478 ut
3092 423 3200 477 illic
3227 424 3427 494 captivi
3458 428 3538 480 in-

285 532 444 568 πισεν
486 516 517 567 ό
549 513 701 575 Θεὸς,
732 512 807 574 ὡς
845 511 912 564 ἂν
951 510 1088 582 μετά
1127 510 1502 581 αἰχμαλωσίας
1534 509 1769 579 οἱκοίητε
1808 510 1866 561 ἐν

284 604 504 668 αὐτοῖς’
534 606 717 673 τυχεῖν
745 603 852 672 γάρ
876 618 936 653 σε
956 602 1056 671 τῆς
1083 600 1315 653 ἐνταῦθα
1350 599 1728 662 ἀναπαύσεως,
1758 597 1867 650 τῶν

287 696 596 749 ἀδυνάτων·
657 692 845 763 ἐπειδὴ
907 691 1047 762 ὑπὲρ
1099 683 1177 745 ὧν
1240 689 1550 760 ἀκαθαρσίᾳ
1610 687 1867 756 ωνεζῆτε

290 785 457 854 πολλῇ
489 783 636 836 κατά
659 799 719 835 τε
762 781 859 850 τὴν
887 781 1163 846 ἀσέϐειαν,
1193 778 1336 833 κατά
1371 795 1430 830 τε
1456 778 1553 850 τὴν
1587 778 1696 830 τῶν
1724 777 1867 847 πρά⁴

292 878 423 941 ξεων
465 875 790 947 μοχθηρίαν,
836 876 903 944 τῇ
937 872 1046 926 τῶν
1082 871 1357 941 πολεμίων
1407 869 1674 938 διαφθορᾷ
1729 884 1870 937 παρ-

291 969 507 1037 εδόθητε
562 970 641 1031 εἰς
686 968 752 1037 ἣν
781 963 1190 1026 συνελαύνεσθε,
1234 963 1335 1016 οὐκ
1380 959 1681 1031 ἀνθρώπων
1726 958 1869 1027 ὑμᾶς

292 1060 640 1127 ἀπαγόντων,
670 1056 805 1110 ἀλλά
843 1055 977 1108 Θεοῦ
1022 1053 1116 1107 τοῦ
1157 1053 1254 1124 τὴν
1287 1050 1557 1123 τιμωρίαν
1586 1050 1870 1122 ὁρίσαντος

290 1147 496 1217 ταύτην
529 1146 679 1216 ὑμῖν.

363 1236 513 1306 Στίχ.
541 1242 729 1304 ια’-ιγ’.
760 1264 830 1274 --
857 1233 966 1287 Kal
994 1233 1091 1304 τὴν
1114 1232 1293 1286 αἰτίαν
1319 1231 1494 1300 λέγων
1521 1230 1620 1301 τῆς
1643 1227 1751 1282 τῶν
1782 1245 1873 1281 πε⁸

296 1330 628 1400 πραγμένων
683 1328 865 1388 αὐτοῖς
918 1326 1251 1395 διαφθορᾶς,
1313 1342 1333 1375 ι
1395 1322 1619 1393 Πνεῦμα
1675 1320 1870 1391 ἔστησε

292 1420 524 1489 ψευδές*
580 1437 599 1469 ι
653 1417 842 1486 γέγονε
892 1417 949 1469 δέ
983 1433 1088 1481 σοι,
1134 1417 1288 1486 φησὶ,
1326 1417 1544 1468 πάντων
1594 1411 1764 1465 αἴτιον
1811 1410 1873 1463 τὸ

296 1510 574 1563 πιστεύειν
613 1512 681 1579 τῇ
720 1508 828 1561 τῶν
859 1505 1320 1579 ψευδοπροφητῶν
1359 1505 1564 1575 ἀπάτῃ.
1605 1522 1624 1555 ι
1684 1502 1872 1556 Ἑστά-

297 1601 418 1667 λαξέ
446 1618 529 1653 σοι
558 1601 637 1664 εἰς
664 1595 805 1652 οἶνον
849 1600 943 1653 καί
986 1598 1256 1669 μέθυσμα.
1297 1617 1314 1649 ι
1356 1596 1596 1649 Ἐκείνου
1628 1593 1736 1665 γὰρ
1765 1595 1873 1646 ἀπ-

1967 519 2191 585 colatis;
2214 534 2342 573 nam
2366 526 2420 573 te
2449 518 2551 572 hoc
2578 519 2698 572 loco
2726 517 2933 571 diutius
2955 516 3257 584 quiescere.
3283 517 3537 586 impossi-

1968 611 2075 666 bile
2103 618 2221 676 est;
2251 608 2691 679 quandoquidem
2736 615 2956 678 propter
2986 608 3107 661 vitae
3139 613 3332 661 vestra:
3360 608 3536 677 impu-

1970 704 2184 757 ritatem
2259 702 2375 757 sive
2438 699 2742 770 irreligiose
2808 699 2923 753 sive
2985 698 3229 767 improbe
3303 698 3535 765 agendo,

1971 793 2222 848 hostibus
2284 791 2482 849 vestris
2539 791 2607 844 ad
2664 790 2959 859 perniciem
3010 789 3191 842 traditi
3241 789 3409 848 estis,
3468 787 3536 840 ad

1969 898 2132 953 quam
2163 881 2473 945 ducemini;
2518 881 2661 935 haud
2694 880 3007 934 hominibus
3054 895 3148 933 vos
3173 880 3532 942 trahentibus,

1972 974 2065 1030 sed
2096 975 2218 1043 ipso
2249 975 2356 1029 Deo
2386 974 2478 1044 qui
2509 974 2650 1028 hanc
2673 973 2827 1027 vobis
2849 986 3062 1041 poenam
3090 971 3348 1026 decrevit.

2042 1257 2208 1312 Vens.
2246 1256 2442 1309 11-15.
2464 1285 2533 1295 -
2554 1255 2690 1307 Tum
2722 1267 2941 1307 causam
2972 1252 3291 1321 corrupti-he
3320 1250 3536 1305 illorum

1972 1350 2163 1405 dicens
2196 1366 2208 1401 :
2246 1365 2263 1398 ι
2298 1345 2536 1415 Spiritus
2562 1386 2577 1411 ,
2622 1345 2796 1414 inquit
2822 1385 2838 1405 ,
2879 1344 3071 1398 statuit
3111 1343 3474 1396 mendacium.
3510 1362 3530 1393 ι

1972 1441 2150 1497 Causa
2187 1440 2284 1494 tibi
2315 1440 2509 1493 horum
2550 1437 2792 1490 omnium
2838 1435 2973 1495 fuit.
3020 1436 3175 1488 fidem
3217 1435 3536 1487 adhibuisse

1975 1535 2238 1589 falsorum
2300 1531 2684 1602 prophetarum
2748 1528 2946 1582 fraudi.
2985 1547 3002 1577 ι
3038 1526 3273 1580 Stillavit
3326 1525 3422 1579 tibi
3480 1526 3537 1579 in

1973 1626 2156 1679 vinum
2189 1631 2242 1678 et
2271 1622 2611 1677 ebrietatem.
2641 1638 2660 1671 ›
2691 1618 2765 1671 Ex
2802 1618 2894 1671 illo
2931 1618 3023 1670 tibi
3074 1617 3357 1672 instillavit
3396 1616 3537 1669 hanc

298 1692 556 1756 εστὰλαξέ
583 1709 666 1744 σοι
695 1691 919 1760 ταυτηνὶ
937 1691 1035 1760 τὴν
1062 1690 1353 1761 τιμωρίαν,
1370 1689 1461 1757 ἀφ’
1485 1682 1551 1758 ἦς
1581 1686 1872 1756 μεθύοντος

304 1782 607 1805 r---..1_,---__
639 1780 787 1805 -123.-.
843 1782 904 1805 _:
938 1779 1173 1805 μ.-..ἹῘ..
1207 1779 1599 1805 ---..ι..λ..-..λρ
1626 1777 1732 1805 -.Ὗιη
1766 1794 1833 1805 ιι..

1980 1713 2314 1783 punitionem
2340 1750 2354 1768 .
2387 1724 2494 1778 qua
2530 1707 2703 1761 factus
2734 1720 2793 1760 es
2820 1706 2973 1759 ebrio
3003 1704 3197 1757 similis
3220 1744 3234 1767 ,
3267 1703 3538 1757 malorum

299 1782 607 1851 διενήνοχας
636 1780 811 1845 οὐδὲν,
843 1782 908 1849 τῇ
937 1779 1177 1851 ποικιλίᾳ
1206 1779 1599 1850 περιαγόμενος
1626 1777 1732 1830 τῶν
1766 1794 1865 1829 κα-

302 1873 437 1924 κῶν·
467 1871 750 1939 ἐδείξαμεν
782 1877 857 1940 (p.
897 1870 1022 1937 274)
1055 1869 1111 1922 δὲ
1136 1871 1226 1922 καὶ
1252 1869 1476 1940 ἑτέρωθι
1495 1869 1575 1921 ὅτι
1605 1868 1695 1921 τὸν
1720 1864 1869 1921 οἶνον

300 1961 389 2012 ἐπὶ
417 1964 517 2031 τῆς
539 1959 808 2031 τιμωρίας
836 1959 1002 2026 λέγει.
1037 1978 1055 2010 ι
1094 1960 1201 2013 Kal
1223 1959 1374 2013 ἔσται
1402 1961 1465 2012 ἐκ
1488 1959 1589 2028 τῆς
1613 1958 1871 2026 σταγόνος

298 2051 389 2103 τοῦ
421 2049 554 2104 λαοῦ
591 2049 779 2102 τούτου
827 2049 1191 2119 συναγόμενος
1227 2050 1618 2119 συναχθήσεται
1677 2047 1869 2102 Ἰακὼϐ

298 2146 392 2197 σὺν
422 2144 613 2196 πᾶσιν.
652 2162 670 2192 ι
713 2143 808 2195 Ἐκ
835 2141 891 2194 δὲ
915 2142 1114 2213 ταύτης
1147 2146 1244 2213 τῆς
1275 2144 1458 2205 κακῶς
1491 2144 1619 2213 ὑμῖν
1649 2144 1870 2211 ἐγγενο-

300 2236 465 2306 μένης
488 2236 711 2305 ἀπάτης
744 2237 852 2287 τῶν
878 2234 1335 2305 ψευδοπροφητῶν
1355 2277 1371 2300 ,
1395 2236 1632 2298 ἅπαντες
1662 2236 1742 2298 εἰς
1770 2235 1870 2304 τὴν

296 2327 580 2397 παροῦσαν
611 2324 936 2397 ἡθροίσθητε
966 2323 1232 2395 τιμωρίαν
1252 2365 1267 2389 ,
1301 2325 1367 2395 ἣν
1397 2324 1645 2395 οὐδαμῶς
1676 2326 1871 2394 διαφυ-

295 2420 408 2484 γεῖν
454 2418 586 2485 ὑμῖν
623 2415 865 2467 δυνατόν.
913 2432 931 2465 ι
994 2414 1373 2484 Ἐκδεχόμενος
1411 2414 1697 2485 ἐκδέξομαι
1746 2418 1871 2480 τοὺς

298 2508 661 2570 καταλοίπους
698 2506 793 2559 τοῦ
848 2504 1081 2575 Ἰσραὴλ,
1116 2506 1207 2558 ἐπὶ
1229 2505 1291 2557 τὸ
1326 2506 1458 2558 αὐτὸ
1506 2505 1741 2577 θήσομαι
1773 2507 1871 2577 τὴν

295 2599 649 2669 ἀποστροφὴν
672 2597 868 2651 αὐτῶν.
913 2616 930 2648 ι
966 2597 1248 2660 ’Δπαντας
1268 2596 1445 2650 τοίνυν
1474 2598 1640 2668 ὑμᾶς,
1667 2598 1793 2663 τούς
1812 2617 1871 2653 τε

298 2692 567 2762 πρότερον
610 2689 912 2758 ληφθέντας
961 2688 1063 2742 ὑπὸ
1092 2688 1201 2742 τῶν
1242 2688 1570 2760 Ἀσσυρίων,
1606 2690 1701 2742 καὶ
1746 2691 1874 2754 τοὺς

295 2781 552 2852 ὕστερον,
583 2775 837 2848 ἀναμενῶ
862 2781 928 2849 τῇ
958 2778 1193 2850 τοσαύτῃ
1225 2777 1679 2849 παραδιδομένους
1705 2797 1876 2850 τιμω-

299 2873 411 2944 ρίᾳ,
438 2874 522 2935 εἰς
544 2872 612 2942 ήν
630 2870 770 2923 κατά
792 2870 985 2922 ταυτὸν
1010 2869 1120 2923 τῶν
1144 2870 1323 2923 τόπων
1349 2869 1744 2942 ἀφαιρηθέντες
1768 2871 1876 2926 τῶν

294 2963 540 3027 οἰκείων,
572 2961 1060 3033 ἀποστραφήσεσθε
1090 2962 1169 3023 εἰς
1201 2961 1573 3031 αἰχμαλωσίαν
1602 2962 1878 3033 ἀπαγόμε,

1970 1806 2246 1859 variorum
2276 1799 2624 1856 multitudine
2652 1798 3036 1852 circumactus.
3068 1794 3134 1848 Et
3163 1794 3379 1864 quidem
3411 1792 3540 1848 alibi

1970 1911 2072 1951 nos
2100 1894 2475 1951 ostendimus.
2514 1892 2697 1944 vinum
2730 1889 2838 1943 dici
2880 1904 2908 1941 a
2947 1888 3229 1957 Scriptura
3265 1886 3538 1940 interdum

1972 2002 2073 2058 pro
2104 1986 2405 2056 punitione.
2445 1983 2607 2053 180
2637 2000 2654 2033 ι
2678 1981 2743 2035 Et
2773 1982 2878 2035 erit
2899 2022 2913 2045 ,
2958 1980 3024 2033 de
3056 1978 3200 2033 stilla
3228 1978 3411 2047 populi
3441 1977 3543 2030 hu-

1968 2078 2093 2146 jus,
2134 2074 2559 2143 congregatione
2596 2071 3014 2141 congregabitnr
3048 2067 3217 2122 Jacob
3257 2083 3379 2121 cum
3419 2082 3540 2119 om-

1971 2168 2156 2221 nibus.
2188 2185 2207 2217 ι
2237 2164 2322 2220 Ob
2360 2166 2501 2217 hanc
2540 2172 2720 2216 autem
2763 2163 2899 2215 male
2939 2161 3095 2214 vobis
3135 2159 3464 2215 insinuatam
3510 2172 3542 2211 a

1973 2255 2127 2310 falsis
2180 2252 2461 2323 prophetis
2512 2250 2799 2312 fraudem,
2840 2250 3027 2303 cuncti
3077 2250 3238 2303 simul
3288 2250 3354 2302 ad
3402 2248 3544 2303 hanc

1973 2344 2153 2398 adacti
2203 2358 2416 2411 pinnam
2465 2339 2679 2401 fuistis,
2735 2352 2897 2406 quam
2946 2353 3055 2392 non
3103 2338 3234 2391 licet
3283 2337 3543 2406 effugere.

1980 2457 1997 2489 ι
2012 2435 2370 2506 Suscipiendo
2387 2433 2684 2502 suscipiam
2702 2430 2940 2497 reliquos
2955 2429 3066 2483 lsra
3078 2429 3198 2491 clis,
3214 2428 3268 2482 in
3292 2428 3343 2481 id
3364 2429 3543 2497 ipsum

1975 2542 2172 2598 ponam
2207 2525 2543 2580 aversionem
2575 2537 2785 2577 eorum.
2826 2539 2844 2572 ι
2872 2518 3113 2574 Cunctos
3142 2534 3273 2588 ergo
3303 2533 3398 2572 vos
3428 2526 3544 2573 tum

1976 2625 2131 2672 antea
2159 2623 2349 2685 captos
2379 2614 2449 2668 ab
2475 2613 2717 2682 Assyriis
2736 2651 2751 2674 ,
2785 2618 2897 2663 tum
2948 2616 3135 2677 postea
3159 2648 3173 2671 ,
3216 2608 3547 2677 exspectabo

1974 2710 2068 2766 tali
2099 2722 2273 2778 prona:
2300 2704 2640 2760 contraditus
2659 2744 2675 2764 .
2704 2702 2771 2756 ad
2797 2717 2959 2771 quam
2992 2700 3233 2771 propriis
3265 2700 3439 2756 avulsi
3469 2716 3549 2755 se-

1976 2801 2138 2856 dibus
2176 2796 2533 2857 avertemini,
2579 2796 2634 2849 in
2667 2793 3035 2863 captivitatem
3078 2792 3311 2862 abrepti.
3343 2811 3361 2843 ‹
3393 2791 3550 2846 Sient

1977 2906 2108 2946 oves
2140 2889 2196 2944 in
2229 2887 2620 2950 tribulatione,
2650 2884 2807 2954 quasi
2841 2900 3031 2954 greges
3062 2884 3116 2938 in
3145 2884 3549 2949 medioeubilis

1979 2982 2064 3037 sui
2090 3022 2105 3043 ,
2137 2979 2393 3037 exsilient
2416 2993 2481 3033 ex
2513 2976 2846 3031 hominibus.
2876 2994 2894 3026 ι
2914 2974 3125 3030 Tantus
3155 2975 3307 3029 vobis
3335 2978 3552 3045 ingruct

295 3072 396 3107 νοι.
446 3071 470 3106 α
528 3052 617 3115 Ὡς
651 3051 898 3122 πρόϐατα
926 3052 984 3104 ἐν
1014 3049 1210 3118 θλίψει,
1251 3050 1325 3114 ὠς
1371 3052 1595 3121 ποίμνια
1636 3055 1695 3107 ἐν
1728 3053 1877 3124 μέσῳ

1980 3087 2149 3143 pavor
2193 3071 2262 3126 ab
2301 3069 2539 3124 hostium
2569 3067 2791 3123 incursu
2814 3110 2827 3132 ,
2857 3075 2918 3120 ut
2959 3065 3101 3119 haud
3136 3066 3430 3121 dissimiles
3465 3066 3551 3119 fu-

294 3147 491 3214 κοίτης
523 3143 703 3197 αὐτῶν
744 3142 1058 3208 ἐξαλοῦνται
1097 3142 1156 3209 ἐξ
1194 3141 1514 3213 ἀνθρώπιον.
1570 3164 1589 3196 ι
1643 3144 1878 3197 Τοσοῦτο

296 3236 405 3308 γὰρ
440 3236 576 3305 ὑμῖν
609 3236 927 3305 ἐμπεσεῖται
956 3234 1072 3297 δέος
1120 3234 1186 3287 ἐκ
1223 3234 1320 3304 τῆς
1357 3236 1545 3304 ἐφόδου
1577 3236 1686 3289 τῶν
1721 3236 1880 3289 πολε-

300 3326 467 3395 μίων,
525 3323 667 3378 ὥστε
717 3323 884 3394 μηδὲν
933 3324 1078 3394 ὑμᾶς
1125 3323 1442 3379 ἀπεοικέναι
1478 3325 1798 3397 προϐάτων,
1842 3324 1880 3379 θ.

298 3414 639 3469 καθεύδοντα
661 3413 856 3483 ἀθρόον
878 3413 1198 3476 ἐπιστάντος
1223 3412 1410 3479 λύκου,
1443 3417 1522 3478 εἰς
1547 3417 1792 3487 ταραχήν
1819 3432 1878 3468 τε

299 3505 671 3558 καθίστανται
711 3504 803 3556 καὶ
833 3502 984 3567 δέος,
1036 3504 1165 3571 περὶ
1196 3503 1294 3572 τῆς
1326 3503 1597 3575 σωτηρίας
1642 3504 1880 3572 ἀγωνίαν

300 3593 734 3664 ἀναγκαζόμενα
761 3595 857 3664 τῆς
888 3593 1110 3655 οἰκείας.
1158 3611 1177 3645 ι
1243 3593 1500 3663 Ἀνάϐηθι
1529 3594 1616 3648 διὰ
1654 3594 1754 3664 τῆς
1790 3611 1882 3648 κο-

302 3686 409 3755 πῆς
469 3684 586 3754 πρὸ
633 3681 922 3753 προσώπου
975 3682 1188 3737 αύτῶν·
1237 3682 1490 3752 διέκοψαν
1531 3686 1623 3738 καὶ
1670 3685 1883 3755 διῆλθον

305 3776 512 3847 πύλην,
546 3776 642 3828 καὶ
662 3774 880 3844 ἐξῆλθον
898 3775 964 3827 δι’
989 3775 1178 3843 αὐτῆς·
1206 3774 1302 3829 καὶ
1328 3775 1547 3846 ἐξῆλθεν
1573 3778 1601 3828 ό
1630 3776 1883 3845 βασιλεὺς

304 3867 489 3920 αὐτῶν
529 3865 637 3936 πρὸ
663 3863 952 3933 προσώπου
980 3865 1180 3919 αὐτῶν.
1224 3883 1243 3917 ι
1295 3864 1513 3936 Ἐπειδὴ
1550 3865 1657 3937 γάρ
1694 3868 1743 3920 οἰ
1778 3867 1884 3921 Βα-

304 3957 566 4012 ϐυλώνιοι
599 3956 692 4008 ἐπὶ
737 3955 868 4009 πολὺ
903 3956 1001 4027 τὴν
1055 3956 1412 4028 Ἰερουσαλὴμ
1445 3958 1881 4030 πολιορκοῦντες,

306 4050 382 4118 (ρ.
415 4048 555 4115 275)
586 4048 941 4117 μηχανήμασι
972 4046 1068 4118 τὴν
1093 4048 1246 4101 πόλιν
1268 4048 1522 4113 λαϐόντες
1556 4050 1801 4122 διένεμον
1825 4052 1886 4105 τὸ

306 4142 522 4210 τεῖχος,
566 4137 709 4191 οὕτω
746 4155 807 4190 τε
843 4138 940 4208 τὴν
973 4140 1053 4202 είς
1090 4137 1190 4209 τὴν
1236 4138 1387 4194 ¹ιτιόλιν
1432 4139 1636 4194 εἷσοδον
1674 4142 1888 4206 ἑαυτοῖς

309 4228 891 4302 πραγματευσάμενοι,
925 4229 1168 4293 ἅπαντας
1202 4230 1339 4300 μετά
1368 4229 1463 4283 τοῦ
1509 4230 1769 4301 βασιλέως
1799 4233 1888 4288 διὰ

306 4321 407 4390 τῆς
447 4317 639 4388 πύλης
682 4319 773 4372 ἐπὶ
816 4319 915 4388 τὴν
963 4320 1337 4390 αἰχμαλωσίαν
1391 4320 1694 4393 ἐξήγαγον⁹
1730 4325 1888 4379 τοῦτο

1980 3164 2087 3218 turi
2120 3162 2242 3217 sitis
2271 3162 2456 3215 ovium
2482 3175 2603 3230 quae
2629 3158 2994 3219 dormientes,
3039 3157 3283 3212 irruente
3330 3164 3553 3222 repente

1979 3253 2142 3322 lupo,
2177 3252 2413 3306 tumultu
2449 3260 2503 3305 et
2527 3253 2974 3305 consternatione
3006 3250 3320 3314 turbantur,
3361 3248 3429 3303 de
3464 3264 3555 3303 sa-

1979 3343 2090 3398 lute
2113 3357 2211 3398 sua
2237 3341 2514 3411 trepidare
2539 3350 2761 3395 coacta).
2785 3360 2803 3392 ι
2834 3340 3082 3395 Ascende
3108 3355 3205 3409 per
3231 3340 3554 3394 divisionem

1981 3441 2108 3489 ante
2142 3433 2335 3488 faciem
2369 3448 2558 3487 eorum
2586 3450 2601 3498 ;
2634 3432 2943 3487 diviserunt
2976 3440 3031 3487 et
3059 3432 3397 3487 transierunt
3431 3446 3555 3501 por-

1980 3529 2093 3577 tam
2119 3561 2135 3585 ,
2166 3530 2221 3577 et
2254 3537 2350 3591 per
2378 3536 2500 3577 eam
2532 3531 2887 3593 excesserunt
2913 3541 2927 3576 :
2956 3531 3009 3576 et
3044 3538 3137 3576 rex
3166 3538 3354 3577 eorum
3390 3523 3557 3577 exivit

1983 3621 2110 3669 ante
2148 3614 2317 3683 ipsos.
2352 3631 2371 3663 ›
2396 3612 2693 3683 Postquam
2741 3612 3023 3683 Babylonii
3071 3612 3409 3667 Hierusalem
3461 3612 3555 3667 diu

1983 3704 2351 3768 obsederunt,
2393 3712 2812 3775 expugnataque
2842 3704 3059 3759 demum
3102 3705 3238 3758 urbe
3282 3702 3556 3758 machinis

1983 3796 2186 3851 mmnia
2218 3795 2557 3859 diviserunt,
2592 3801 2756 3864 atque
2786 3794 3037 3864 ingressu
3090 3794 3194 3851 sibi
3242 3794 3517 3864 patefacto
3539 3836 3557 3859 ,

1985 3892 2216 3941 cunctos
2240 3898 2349 3939 una
2377 3899 2502 3939 cum
2534 3900 2659 3954 rege
2687 3899 2785 3954 per
2823 3892 3037 3955 portam
3083 3886 3135 3939 in
3181 3885 3557 3955 captivitatem

1986 3976 2353 4046 expulerunt;
2390 3974 2495 4030 hoe
2530 3975 2605 4029 ait
2634 3994 2646 4029 :
2683 3975 2961 4039 Ascende,
3002 3975 3126 4031 vide
3156 3991 3373 4030 murum
3405 3982 3561 4031 tuum

1986 4065 2255 4131 divisum,
2289 4080 2450 4135 quem
2482 4065 2671 4119 hostes
2700 4064 3056 4120 demolientes
3084 4080 3282 4119 vanam
3316 4067 3411 4119 tibi
3446 4081 3565 4135 spe-

1987 4164 2162 4211 ratam
2196 4157 2267 4211 ab
2300 4158 2403 4211 hoc
2434 4156 2664 4210 salutem
2680 4155 3009 4211 Ieﬂ‘ecerunt.
3037 4154 3305 4211 Omnibus
3332 4156 3473 4210 enim
3507 4156 3562 4210 in

1988 4247 2125 4302 urbe
2157 4246 2577 4317 superstitibus,
2614 4258 2737 4316 post
2771 4247 3078 4301 occisorum
3126 4256 3361 4315 stragem
3394 4247 3563 4316 capti-

1989 4337 2152 4401 vatis,
2181 4352 2279 4409 per
2309 4345 2521 4409 portam
2539 4352 2700 4408 quam
2723 4352 2972 4393 reserare
2990 4337 3269 4400 noluistis,
3289 4337 3561 4400 exierunt,

308 4410 494 4478 λέγει⁹
536 4408 835 4500 Ἀνιθι-δὴ,
869 4411 1021 4478 φησὶ,
1068 4410 1161 4463 καί.
1192 4410 1291 4481 ὅρα
1331 4409 1390 4465 τὸ
1429 4412 1607 4483 τεῖχός
1646 4430 1739 4467 σου
1780 4413 1879 4467 δια-

1998 4408 2272 4500 praeeunte
2314 4430 2371 4484 in
2415 4430 2783 4499 captivitatem
2816 4430 2908 4483 illo
2938 4428 3029 4499 qui
3061 4441 3216 4484 antea
3242 4445 3337 4483 rex
3374 4444 3563 4485 eorum

307 4496 690 4569 τετμημένον,
719 4495 748 4547 ὃ
783 4496 1133 4565 διακόψαντες
1170 4499 1219 4551 οἰ
1254 4499 1502 4570 πολέμιοι
1537 4502 1772 4571 ματαίαν
1806 4520 1889 4557 σοι

308 4591 407 4661 τήν
432 4586 893 4660 ὑποπτευομένην
920 4589 1166 4644 ἐντεῦθεν
1186 4592 1485 4661 ἀσφάλειαν
1505 4596 1886 4666 πεποιήκασιν⁸

310 4680 573 4743 ἅπαντας
600 4678 711 4751 γὰρ
736 4681 858 4743 τοὺς
886 4681 942 4731 ἐν
971 4682 1035 4751 τῇ
1064 4680 1213 4734 πόλει
1244 4682 1381 4750 μετὰ
1405 4683 1505 4754 τήν
1538 4683 1646 4739 τῶν
1674 4703 1893 4741 πεπτω-

311 4772 489 4825 κότων
531 4769 851 4845 ἀναίρεσιν)
881 4769 970 4822 διὰ
1014 4770 1116 4840 τῆς
1162 4771 1355 4842 πύλης,
1400 4773 1467 4843 ῆν
1521 4775 1743 4844 ἀνάγειν
1793 4778 1894 4832 οὐκ

1995 4537 2119 4581 esse
2141 4522 2446 4578 videbatur.
2471 4520 2537 4575 At
2554 4520 2696 4575 enim
2719 4521 2994 4589 quomodo
3012 4520 3125 4576 haec
3147 4520 3332 4575 hostes
3351 4528 3568 4591 patrare

1998 4612 2306 4682 poterunt?
2332 4629 2350 4663 ι
2386 4610 2649 4665 Dominus
2675 4610 2785 4664 dux
2832 4609 3045 4663 illorum
3090 4612 3214 4665 erit.
3250 4629 3268 4661 ι
3305 4610 3568 4666 Dominus

1996 4698 2345 4769 imperatoris
2395 4699 2515 4753 vice
2560 4697 2808 4768 fungitur
2855 4697 2998 4767 apud
3051 4699 3304 4757 inimicos
3332 4708 3562 4757 vestros.

1999 4784 2203 4842 Deinde
2233 4800 2334 4841 cur
2363 4785 2481 4840 haec
2509 4786 2809 4855 patiantur,
2845 4802 3039 4842 rursus
3066 4789 3159 4843 ait.

313 4860 635 4925 ἐϐούλεσθε,
670 4835 925 4923 λαϐόντες
954 4833 1605 4934 αίχιλαλώτουξέξήλθον,
1636 4833 2201 4945 τιιροηγουμένςκινῖεξς⁷
2231 4833 2776 4945 -
2795 4833 3326 4946 ὲᾷἆιλὲῖςξιῖἓιιτῶν
3370 4875 3568 4945 πρότε-
3624 4833 3632 4843 .

318 4968 409 5022 ρον
471 4950 785 5015 δοκοῦντος.
840 4952 949 5004 Kal
989 4951 1106 5015 πῶς
1164 4953 1335 5009 ταῦτα
1393 4956 1617 5025 ποιῆσαι
1665 4956 1983 5028 δυνήσονται
2023 4965 2072 5018 οἰ
2123 4965 2405 5037 πολέμιοι;
2455 4985 2474 5017 ι
2528 4966 2585 5019 '0
2626 4966 2683 5019 δὲ
2724 4967 2929 5039 Κύριος
2978 4967 3241 5037 ἡγήσεται
3288 4966 3503 5020 αὐτῶνθ
3541 4984 3564 5020 ι

316 5043 509 5114 ἐπειδὴ
556 5040 691 5103 Θεὸς
740 5041 925 5105 αὐτοῖς
972 5041 1029 5095 ὲν
1074 5042 1186 5106 τοῖς
1231 5041 1351 5096 καθ’
1385 5044 1537 5115 ὑμῶν
1582 5052 1878 5120 στρατηγεῖ
1926 5053 2222 5125 πολεμίοις.
2274 5051 2407 5110 Εἶτα
2434 5056 2530 5109 καὶ
2578 5055 2721 5127 ὑπὲρ
2764 5050 2839 5110 ὧν
2874 5056 3041 5109 ταῦτα
3077 5055 3353 5108 πείσονται
3410 5058 3571 5112 πάλιν

316 5134 521 5189 λέγων’

322 5284 350 5307 γ,
979 5230 1136 5287 κει».
1180 5232 1250 5287 ιν.

387 5318 552 5389 Στίχ.
593 5316 733 5371 α’-δ’.
755 5349 822 5359 -
852 5337 871 5370 ι
906 5320 1016 5373 Kal
1039 5321 1185 5391 ἐρεῖο
1220 5322 1508 5375 Ἀκούσατε
1539 5322 1624 5394 δὴ,
1652 5322 1708 5377 al
1739 5322 1907 5396 ἀρχαὶ

319 5408 415 5464 τοῦ
462 5408 668 5463 Ἰακὼϐ
688 5448 704 5473 ,
734 5410 829 5463 καὶ
860 5410 910 5463 οἰ
940 5411 1258 5465 κατάλοιποι
1306 5412 1453 5465 οἴκου
1509 5413 1727 5483 Ἰσραήλ
1746 5431 1760 5446 ο
1808 5415 1907 5487 οὐχ

322 5501 461 5571 ὑμῖν
505 5502 628 5554 ἐστι
651 5499 746 5555 τοῦ
783 5502 987 5571 γνῶναι
1020 5502 1081 5556 τὺ
1112 5505 1320 5575 κρῖμα;
1369 5521 1389 5556 ι
1426 5504 1739 5574 Συμπράξει
1775 5507 1906 5578 γὰρ,

2550 5237 2702 5307 ιει
2741 5235 2894 5291 CAP.
2935 5234 3020 5289 ιιι.

2073 5325 2239 5381 Vens.
2272 5325 2389 5380 1-4.
2421 5355 2484 5367 --
2514 5345 2533 5377 ι
2565 5326 2628 5379 Et
2654 5327 2836 5382 dicet:
2886 5327 3117 5393 Audite,
3165 5331 3446 5402 principes
3478 5331 3572 5387 Ja-

2004 5414 2129 5480 cob,
2146 5423 2200 5472 et
2221 5416 2417 5486 reliqui
2440 5417 2896 5474 domuslsraelis:
2924 5420 3168 5489 nunquid
3195 5437 3300 5476 non
3328 5432 3571 5481 vestrum

2006 5515 2092 5565 est
2135 5522 2465 5578 cognoscere
2507 5507 2825 5576 judicium?
2863 5528 2882 5561 ι
2917 5510 3301 5576 Auxiliabitur,
3359 5514 3569 5585 inquit,

325 5591 494 5663 φησὶ,
541 5590 664 5646 καθ’
712 5591 866 5663 ὑμῶν
897 5595 1009 5658 τοῖς
1052 5595 1357 5666 πολεμίοις,
1403 5597 1603 5662 ταύτας
1644 5597 1770 5668 ύμῖν
1810 5597 1877 5651 τὰ

2012 5595 2215 5653 vestris
2263 5593 2554 5659 hostibus;
2589 5594 2688 5649 has
2736 5595 2893 5651 vobis
2940 5596 3207 5666 objiciens
3248 5612 3473 5661 causas,
3513 5607 3570 5653 et

328 5682 525 5746 αἰτίας
554 5682 795 5753 ἐπάγων.
830 5685 927 5742 καὶ
960 5686 1095 5758 πρὸς
1124 5686 1365 5752 ἅπαντας
1398 5686 1524 5753 τούς
1550 5705 1609 5745 τε
1654 5686 1909 5759 ἐξάρχον-

2014 5686 2229 5744 cunctis
2274 5684 2618 5758 principibus
2670 5686 2904 5753 vestris,
2958 5695 3007 5742 et
3058 5688 3325 5757 reliquis,
3383 5688 3571 5745 dicens
