  <div class='ocr_page' id='page_1' title='image "/cluster/home/n/w/nwhite01/storage/ocr_20150623/66/hvd.32044020884102/189.png"; bbox 0 0 4054 6238; ppageno 0'>
   <div class='ocr_carea' id='block_1_1' title="bbox 475 300 2076 395">
    <p class='ocr_par' dir='ltr' id='par_1_1' title="bbox 475 300 2076 395">
     <span class='ocr_line' id='line_1_1' title="bbox 475 300 2076 395; baseline -0.016 -1"><span class='ocrx_word' id='word_1_1' title='bbox 475 338 579 395; x_wconf 66' lang='grc' dir='ltr'><strong>τεο</strong></span> <span class='ocrx_word' id='word_1_2' title='bbox 1459 300 1468 304; x_wconf 73' lang='grc'><strong><em>“</em></strong></span> <span class='ocrx_word' id='word_1_3' title='bbox 1639 317 1990 375; x_wconf 77' lang='grc' dir='ltr'>τιιεουοκι</span> <span class='ocrx_word' id='word_1_4' title='bbox 2028 316 2076 370; x_wconf 69' lang='grc' dir='ltr'>-ιι</span> 
     </span>
    </p>
   </div>
   <div class='ocr_carea' id='block_1_2' title="bbox 2179 300 3724 395">
    <p class='ocr_par' dir='ltr' id='par_1_2' title="bbox 2181 300 3724 372">
     <span class='ocr_line' id='line_1_2' title="bbox 2181 300 3724 372; baseline -0.005 -1"><span class='ocrx_word' id='word_1_5' title='bbox 2181 315 2261 372; x_wconf 86' lang='lat' dir='ltr'><strong>SU</strong></span> <span class='ocrx_word' id='word_1_6' title='bbox 2275 314 2517 371; x_wconf 72' lang='lat' dir='ltr'><strong>ESTENI</strong></span> <span class='ocrx_word' id='word_1_7' title='bbox 3613 300 3724 356; x_wconf 65' lang='grc'><strong>560</strong></span> 
     </span>
    </p>
   </div>
   <div class='ocr_carea' id='block_1_3' title="bbox 478 416 2076 513">
    <p class='ocr_par' dir='ltr' id='par_1_3' title="bbox 478 435 2043 513">
     <span class='ocr_line' id='line_1_3' title="bbox 478 435 2043 513; baseline -0.013 -6"><span class='ocrx_word' id='word_1_8' title='bbox 478 448 731 507; x_wconf 79' lang='lat' dir='ltr'><strong>debuisse</strong></span> <span class='ocrx_word' id='word_1_9' title='bbox 757 458 853 499; x_wconf 83' lang='lat' dir='ltr'><strong>vos</strong></span> <span class='ocrx_word' id='word_1_10' title='bbox 882 441 1125 513; x_wconf 88' lang='lat' dir='ltr'><strong>apprime</strong></span> <span class='ocrx_word' id='word_1_11' title='bbox 1153 438 1390 495; x_wconf 81' lang='lat' dir='ltr'><strong>oﬂicium</strong></span> <span class='ocrx_word' id='word_1_12' title='bbox 1419 443 1661 493; x_wconf 82' lang='lat' dir='ltr'><strong>vestrum</strong></span> <span class='ocrx_word' id='word_1_13' title='bbox 1695 435 2043 497; x_wconf 82' lang='lat' dir='ltr'><strong>discernere,</strong></span> 
     </span>
    </p>
   </div>
   <div class='ocr_carea' id='block_1_4' title="bbox 2179 416 3730 513">
    <p class='ocr_par' dir='ltr' id='par_1_4' title="bbox 2182 416 3730 501">
     <span class='ocr_line' id='line_1_4' title="bbox 2182 416 3730 501; baseline -0.01 -16"><span class='ocrx_word' id='word_1_14' title='bbox 2182 448 2247 494; x_wconf 87' lang='grc' dir='ltr'><strong>ας</strong></span> <span class='ocrx_word' id='word_1_15' title='bbox 2276 433 2333 483; x_wconf 83' lang='grc' dir='ltr'><strong>ἐν</strong></span> <span class='ocrx_word' id='word_1_16' title='bbox 2363 432 2494 501; x_wconf 87' lang='grc' dir='ltr'>ύμῖν</span> <span class='ocrx_word' id='word_1_17' title='bbox 2520 428 2613 482; x_wconf 89' lang='lat' dir='ltr'><strong>xui</strong></span> <span class='ocrx_word' id='word_1_18' title='bbox 2641 426 2766 489; x_wconf 73' lang='grc' dir='ltr'>τοὺς</span> <span class='ocrx_word' id='word_1_19' title='bbox 2798 422 3015 483; x_wconf 66' lang='grc' dir='ltr'>λοιποὺς</span> <span class='ocrx_word' id='word_1_20' title='bbox 3038 420 3230 488; x_wconf 84' lang='grc' dir='ltr'>λέγων,</span> <span class='ocrx_word' id='word_1_21' title='bbox 3258 419 3339 471; x_wconf 85' lang='grc' dir='ltr'>ὃτι</span> <span class='ocrx_word' id='word_1_22' title='bbox 3364 419 3585 473; x_wconf 77' lang='grc' dir='ltr'>Πάντων</span> <span class='ocrx_word' id='word_1_23' title='bbox 3622 416 3730 487; x_wconf 80' lang='grc' dir='ltr'>μά-</span> 
     </span>
    </p>
   </div>
   <div class='ocr_carea' id='block_1_5' title="bbox 477 506 2076 596">
    <p class='ocr_par' dir='ltr' id='par_1_5' title="bbox 477 506 2048 596">
     <span class='ocr_line' id='line_1_5' title="bbox 477 506 2048 596; baseline -0.012 -2"><span class='ocrx_word' id='word_1_24' title='bbox 477 506 670 595; x_wconf 78' lang='lat' dir='ltr'><strong>vitinm</strong></span> <span class='ocrx_word' id='word_1_25' title='bbox 699 506 972 594; x_wconf 55' lang='lat' dir='ltr'><strong>aversari;</strong></span> <span class='ocrx_word' id='word_1_26' title='bbox 1006 534 1263 583; x_wconf 72' lang='lat' dir='ltr'><strong>virtutem</strong></span> <span class='ocrx_word' id='word_1_27' title='bbox 1296 526 1589 596; x_wconf 89' lang='lat' dir='ltr'><strong>amplecti,</strong></span> <span class='ocrx_word' id='word_1_28' title='bbox 1631 524 1888 593; x_wconf 83' lang='lat' dir='ltr'><strong>quoniam</strong></span> <span class='ocrx_word' id='word_1_29' title='bbox 1933 522 2048 576; x_wconf 64' lang='lat' dir='ltr'><strong>haec</strong></span> 
     </span>
    </p>
   </div>
   <div class='ocr_carea' id='block_1_6' title="bbox 2179 506 3728 596">
    <p class='ocr_par' dir='ltr' id='par_1_6' title="bbox 2186 506 3728 591">
     <span class='ocr_line' id='line_1_6' title="bbox 2186 506 3728 591; baseline -0.011 -16"><span class='ocrx_word' id='word_1_30' title='bbox 2186 540 2304 575; x_wconf 90' lang='grc' dir='ltr'>ιστα</span> <span class='ocrx_word' id='word_1_31' title='bbox 2341 523 2485 591; x_wconf 77' lang='grc' dir='ltr'>ὑμᾶς</span> <span class='ocrx_word' id='word_1_32' title='bbox 2518 520 2683 589; x_wconf 71' lang='grc' dir='ltr'>ἐχρῆν</span> <span class='ocrx_word' id='word_1_33' title='bbox 2712 516 3008 585; x_wconf 77' lang='grc' dir='ltr'>διακρίνειν</span> <span class='ocrx_word' id='word_1_34' title='bbox 3048 512 3109 564; x_wconf 84' lang='grc' dir='ltr'><strong>τδ</strong></span> <span class='ocrx_word' id='word_1_35' title='bbox 3139 510 3290 572; x_wconf 86' lang='grc' dir='ltr'>δέον,</span> <span class='ocrx_word' id='word_1_36' title='bbox 3326 508 3418 562; x_wconf 88' lang='lat' dir='ltr'><strong>xui</strong></span> <span class='ocrx_word' id='word_1_37' title='bbox 3456 506 3728 579; x_wconf 79' lang='grc' dir='ltr'>ἀποστρέ-</span> 
     </span>
    </p>
   </div>
   <div class='ocr_carea' id='block_1_7' title="bbox 480 614 2047 694">
    <p class='ocr_par' dir='ltr' id='par_1_7' title="bbox 480 614 2047 694">
     <span class='ocr_line' id='line_1_7' title="bbox 480 614 2047 694; baseline -0.013 -11"><span class='ocrx_word' id='word_1_38' title='bbox 480 629 662 684; x_wconf 84' lang='lat' dir='ltr'><strong>omnia</strong></span> <span class='ocrx_word' id='word_1_39' title='bbox 692 639 794 694; x_wconf 76' lang='lat' dir='ltr'><strong>ego</strong></span> <span class='ocrx_word' id='word_1_40' title='bbox 825 638 919 675; x_wconf 89' lang='lat' dir='ltr'><strong>vos</strong></span> <span class='ocrx_word' id='word_1_41' title='bbox 946 621 1236 675; x_wconf 80' lang='lat' dir='ltr'><strong>docuerant</strong></span> <span class='ocrx_word' id='word_1_42' title='bbox 1266 626 1381 671; x_wconf 89' lang='lat' dir='ltr'><strong>tum</strong></span> <span class='ocrx_word' id='word_1_43' title='bbox 1429 616 1562 685; x_wconf 73' lang='lat' dir='ltr'><strong>legis</strong></span> <span class='ocrx_word' id='word_1_44' title='bbox 1612 614 2013 668; x_wconf 72' lang='lat' dir='ltr'><strong>constitutione</strong></span> <span class='ocrx_word' id='word_1_45' title='bbox 2033 650 2047 673; x_wconf 94' lang='lat'><strong>,</strong></span> 
     </span>
    </p>
   </div>
   <div class='ocr_carea' id='block_1_8' title="bbox 482 700 2053 781">
    <p class='ocr_par' dir='ltr' id='par_1_8' title="bbox 482 700 2053 781">
     <span class='ocr_line' id='line_1_8' title="bbox 482 700 2053 781; baseline -0.014 -9"><span class='ocrx_word' id='word_1_46' title='bbox 482 728 594 773; x_wconf 89' lang='lat' dir='ltr'><strong>tum</strong></span> <span class='ocrx_word' id='word_1_47' title='bbox 629 715 752 769; x_wconf 89' lang='lat' dir='ltr'><strong>aliis</strong></span> <span class='ocrx_word' id='word_1_48' title='bbox 784 726 904 781; x_wconf 71' lang='lat' dir='ltr'><strong>qua:</strong></span> <span class='ocrx_word' id='word_1_49' title='bbox 932 725 1077 777; x_wconf 69' lang='lat' dir='ltr'><strong>saape</strong></span> <span class='ocrx_word' id='word_1_50' title='bbox 1107 708 1178 760; x_wconf 90' lang='lat' dir='ltr'><strong>ob</strong></span> <span class='ocrx_word' id='word_1_51' title='bbox 1208 708 1356 760; x_wconf 90' lang='lat' dir='ltr'><strong>hunc</strong></span> <span class='ocrx_word' id='word_1_52' title='bbox 1388 706 1548 759; x_wconf 82' lang='lat' dir='ltr'><strong>linem</strong></span> <span class='ocrx_word' id='word_1_53' title='bbox 1576 704 1742 758; x_wconf 82' lang='lat' dir='ltr'><strong>edixi.</strong></span> <span class='ocrx_word' id='word_1_54' title='bbox 1778 720 1795 752; x_wconf 76' lang='grc' dir='ltr'><strong>ι</strong></span> <span class='ocrx_word' id='word_1_55' title='bbox 1830 700 1936 753; x_wconf 81' lang='lat' dir='ltr'><strong>Vos</strong></span> <span class='ocrx_word' id='word_1_56' title='bbox 1963 714 2053 751; x_wconf 87' lang='lat' dir='ltr'><strong>au—</strong></span> 
     </span>
    </p>
   </div>
   <div class='ocr_carea' id='block_1_9' title="bbox 480 790 2054 866">
    <p class='ocr_par' dir='ltr' id='par_1_9' title="bbox 480 790 2054 866">
     <span class='ocr_line' id='line_1_9' title="bbox 480 790 2054 866; baseline -0.013 -3"><span class='ocrx_word' id='word_1_57' title='bbox 480 817 590 863; x_wconf 79' lang='lat' dir='ltr'><strong>tem</strong></span> <span class='ocrx_word' id='word_1_58' title='bbox 618 806 743 860; x_wconf 88' lang='lat' dir='ltr'><strong>odio</strong></span> <span class='ocrx_word' id='word_1_59' title='bbox 775 805 990 857; x_wconf 83' lang='lat' dir='ltr'><strong>habetis</strong></span> <span class='ocrx_word' id='word_1_60' title='bbox 1024 802 1225 854; x_wconf 88' lang='lat' dir='ltr'><strong>bonum</strong></span> <span class='ocrx_word' id='word_1_61' title='bbox 1248 838 1261 860; x_wconf 94' lang='lat'><strong>,</strong></span> <span class='ocrx_word' id='word_1_62' title='bbox 1293 806 1346 851; x_wconf 88' lang='lat' dir='ltr'><strong>et</strong></span> <span class='ocrx_word' id='word_1_63' title='bbox 1377 796 1630 866; x_wconf 84' lang='lat' dir='ltr'><strong>appetitis</strong></span> <span class='ocrx_word' id='word_1_64' title='bbox 1657 795 1857 846; x_wconf 84' lang='lat' dir='ltr'><strong>malum</strong></span> <span class='ocrx_word' id='word_1_65' title='bbox 1879 830 1893 854; x_wconf 90' lang='lat'><strong>,</strong></span> <span class='ocrx_word' id='word_1_66' title='bbox 1931 790 2054 844; x_wconf 84' lang='lat' dir='ltr'><strong>diri-</strong></span> 
     </span>
    </p>
   </div>
   <div class='ocr_carea' id='block_1_10' title="bbox 484 882 2055 968">
    <p class='ocr_par' dir='ltr' id='par_1_10' title="bbox 484 882 2055 968">
     <span class='ocr_line' id='line_1_10' title="bbox 484 882 2055 968; baseline -0.013 -16"><span class='ocrx_word' id='word_1_67' title='bbox 484 899 613 968; x_wconf 87' lang='lat' dir='ltr'><strong>pitis</strong></span> <span class='ocrx_word' id='word_1_68' title='bbox 639 909 826 951; x_wconf 90' lang='lat' dir='ltr'><strong>eorum</strong></span> <span class='ocrx_word' id='word_1_69' title='bbox 856 892 1024 962; x_wconf 83' lang='lat' dir='ltr'><strong>pelles</strong></span> <span class='ocrx_word' id='word_1_70' title='bbox 1049 894 1282 955; x_wconf 82' lang='lat' dir='ltr'><strong>desuper</strong></span> <span class='ocrx_word' id='word_1_71' title='bbox 1306 887 1386 941; x_wconf 91' lang='lat' dir='ltr'><strong>eis</strong></span> <span class='ocrx_word' id='word_1_72' title='bbox 1407 927 1421 948; x_wconf 86' lang='lat'><strong>,</strong></span> <span class='ocrx_word' id='word_1_73' title='bbox 1445 895 1497 941; x_wconf 90' lang='lat' dir='ltr'><strong>et</strong></span> <span class='ocrx_word' id='word_1_74' title='bbox 1530 899 1723 938; x_wconf 90' lang='lat' dir='ltr'><strong>carnes</strong></span> <span class='ocrx_word' id='word_1_75' title='bbox 1745 899 1811 937; x_wconf 82' lang='lat' dir='ltr'><strong>ex</strong></span> <span class='ocrx_word' id='word_1_76' title='bbox 1839 882 2055 936; x_wconf 86' lang='lat' dir='ltr'><strong>ossibus</strong></span> 
     </span>
    </p>
   </div>
   <div class='ocr_carea' id='block_1_11' title="bbox 485 975 2058 1041">
    <p class='ocr_par' dir='ltr' id='par_1_11' title="bbox 485 975 2058 1041">
     <span class='ocr_line' id='line_1_11' title="bbox 485 975 2058 1041; baseline -0.01 -1"><span class='ocrx_word' id='word_1_77' title='bbox 485 1003 695 1041; x_wconf 67' lang='lat' dir='ltr'><strong>eorum.</strong></span> <span class='ocrx_word' id='word_1_78' title='bbox 730 1004 748 1037; x_wconf 75' lang='grc' dir='ltr'><strong>ι</strong></span> <span class='ocrx_word' id='word_1_79' title='bbox 782 984 892 1038; x_wconf 79' lang='lat' dir='ltr'><strong>Vos</strong></span> <span class='ocrx_word' id='word_1_80' title='bbox 940 997 1070 1037; x_wconf 89' lang='lat' dir='ltr'><strong>vero</strong></span> <span class='ocrx_word' id='word_1_81' title='bbox 1121 978 1461 1034; x_wconf 88' lang='lat' dir='ltr'><strong>contrarium</strong></span> <span class='ocrx_word' id='word_1_82' title='bbox 1507 975 1770 1029; x_wconf 69' lang='lat' dir='ltr'><strong>doctrinae</strong></span> <span class='ocrx_word' id='word_1_83' title='bbox 1820 984 2058 1041; x_wconf 67' lang='lat' dir='ltr'><strong>acceptae</strong></span> 
     </span>
    </p>
   </div>
   <div class='ocr_carea' id='block_1_12' title="bbox 488 1066 2060 1143">
    <p class='ocr_par' dir='ltr' id='par_1_12' title="bbox 488 1066 2060 1143">
     <span class='ocr_line' id='line_1_12' title="bbox 488 1066 2060 1143; baseline -0.011 -10"><span class='ocrx_word' id='word_1_84' title='bbox 488 1079 667 1133; x_wconf 85' lang='lat' dir='ltr'><strong>facitis</strong></span> <span class='ocrx_word' id='word_1_85' title='bbox 690 1121 703 1143; x_wconf 95' lang='lat'><strong>,</strong></span> <span class='ocrx_word' id='word_1_86' title='bbox 736 1083 1051 1131; x_wconf 82' lang='lat' dir='ltr'><strong>aversantes</strong></span> <span class='ocrx_word' id='word_1_87' title='bbox 1086 1073 1287 1126; x_wconf 87' lang='lat' dir='ltr'><strong>bonum</strong></span> <span class='ocrx_word' id='word_1_88' title='bbox 1312 1108 1325 1131; x_wconf 94' lang='lat'><strong>,</strong></span> <span class='ocrx_word' id='word_1_89' title='bbox 1362 1075 1742 1137; x_wconf 83' lang='lat' dir='ltr'><strong>perpetrantes</strong></span> <span class='ocrx_word' id='word_1_90' title='bbox 1775 1066 1949 1127; x_wconf 88' lang='lat' dir='ltr'><strong>mala,</strong></span> <span class='ocrx_word' id='word_1_91' title='bbox 1984 1072 2060 1116; x_wconf 83' lang='lat' dir='ltr'><strong>to-</strong></span> 
     </span>
    </p>
   </div>
   <div class='ocr_carea' id='block_1_13' title="bbox 489 1158 2061 1237">
    <p class='ocr_par' dir='ltr' id='par_1_13' title="bbox 489 1158 2061 1237">
     <span class='ocr_line' id='line_1_13' title="bbox 489 1158 2061 1237; baseline -0.011 -13"><span class='ocrx_word' id='word_1_92' title='bbox 489 1181 710 1237; x_wconf 88' lang='lat' dir='ltr'><strong>tamque</strong></span> <span class='ocrx_word' id='word_1_93' title='bbox 743 1175 979 1221; x_wconf 82' lang='lat' dir='ltr'><strong>vestram</strong></span> <span class='ocrx_word' id='word_1_94' title='bbox 1030 1166 1084 1216; x_wconf 93' lang='lat' dir='ltr'><strong>in</strong></span> <span class='ocrx_word' id='word_1_95' title='bbox 1131 1176 1395 1231; x_wconf 86' lang='lat' dir='ltr'><strong>pauperes</strong></span> <span class='ocrx_word' id='word_1_96' title='bbox 1441 1158 1868 1224; x_wconf 87' lang='lat' dir='ltr'><strong>humilioresque</strong></span> <span class='ocrx_word' id='word_1_97' title='bbox 1905 1169 2061 1208; x_wconf 81' lang='lat' dir='ltr'><strong>exer-</strong></span> 
     </span>
    </p>
   </div>
   <div class='ocr_carea' id='block_1_14' title="bbox 487 1244 2059 1325">
    <p class='ocr_par' dir='ltr' id='par_1_14' title="bbox 487 1244 2059 1325">
     <span class='ocr_line' id='line_1_14' title="bbox 487 1244 2059 1325; baseline -0.011 -10"><span class='ocrx_word' id='word_1_98' title='bbox 487 1270 680 1317; x_wconf 88' lang='lat' dir='ltr'><strong>centes</strong></span> <span class='ocrx_word' id='word_1_99' title='bbox 709 1257 1088 1325; x_wconf 83' lang='lat' dir='ltr'><strong>iniquitatem,</strong></span> <span class='ocrx_word' id='word_1_100' title='bbox 1121 1260 1353 1306; x_wconf 89' lang='lat' dir='ltr'><strong>cunctas</strong></span> <span class='ocrx_word' id='word_1_101' title='bbox 1381 1264 1570 1303; x_wconf 89' lang='lat' dir='ltr'><strong>eorum</strong></span> <span class='ocrx_word' id='word_1_102' title='bbox 1604 1244 1944 1300; x_wconf 87' lang='lat' dir='ltr'><strong>multimodis</strong></span> <span class='ocrx_word' id='word_1_103' title='bbox 1974 1245 2059 1298; x_wconf 90' lang='lat' dir='ltr'><strong>di-</strong></span> 
     </span>
    </p>
   </div>
   <div class='ocr_carea' id='block_1_15' title="bbox 488 1335 2061 1421">
    <p class='ocr_par' dir='ltr' id='par_1_15' title="bbox 488 1335 2061 1421">
     <span class='ocr_line' id='line_1_15' title="bbox 488 1335 2061 1421; baseline -0.012 -15"><span class='ocrx_word' id='word_1_104' title='bbox 488 1352 740 1421; x_wconf 83' lang='lat' dir='ltr'><strong>ripienda</strong></span> <span class='ocrx_word' id='word_1_105' title='bbox 772 1346 1085 1401; x_wconf 73' lang='lat' dir='ltr'><strong>facultates.</strong></span> <span class='ocrx_word' id='word_1_106' title='bbox 1119 1342 1261 1409; x_wconf 89' lang='lat' dir='ltr'><strong>Quid</strong></span> <span class='ocrx_word' id='word_1_107' title='bbox 1294 1340 1464 1410; x_wconf 76' lang='lat' dir='ltr'><strong>ergo?</strong></span> <span class='ocrx_word' id='word_1_108' title='bbox 1493 1357 1511 1389; x_wconf 75' lang='grc' dir='ltr'><strong>ι</strong></span> <span class='ocrx_word' id='word_1_109' title='bbox 1546 1337 1701 1391; x_wconf 90' lang='lat' dir='ltr'><strong>Sicut</strong></span> <span class='ocrx_word' id='word_1_110' title='bbox 1735 1336 1923 1405; x_wconf 90' lang='lat' dir='ltr'><strong>populi</strong></span> <span class='ocrx_word' id='word_1_111' title='bbox 1956 1335 2061 1389; x_wconf 90' lang='lat' dir='ltr'><strong>mei</strong></span> 
     </span>
    </p>
   </div>
   <div class='ocr_carea' id='block_1_16' title="bbox 489 1430 2064 1502">
    <p class='ocr_par' dir='ltr' id='par_1_16' title="bbox 489 1430 2064 1502">
     <span class='ocr_line' id='line_1_16' title="bbox 489 1430 2064 1502; baseline -0.011 -5"><span class='ocrx_word' id='word_1_112' title='bbox 489 1458 684 1497; x_wconf 87' lang='lat' dir='ltr'><strong>carnes</strong></span> <span class='ocrx_word' id='word_1_113' title='bbox 737 1438 1129 1501; x_wconf 82' lang='lat' dir='ltr'><strong>comederunt,</strong></span> <span class='ocrx_word' id='word_1_114' title='bbox 1178 1445 1230 1487; x_wconf 83' lang='lat' dir='ltr'><strong>ct</strong></span> <span class='ocrx_word' id='word_1_115' title='bbox 1275 1433 1444 1502; x_wconf 86' lang='lat' dir='ltr'><strong>pelles</strong></span> <span class='ocrx_word' id='word_1_116' title='bbox 1484 1431 1532 1484; x_wconf 86' lang='lat' dir='ltr'><strong>ei</strong></span> <span class='ocrx_word' id='word_1_117' title='bbox 1579 1430 1974 1489; x_wconf 82' lang='lat' dir='ltr'><strong>detraxerunt,</strong></span> <span class='ocrx_word' id='word_1_118' title='bbox 2010 1434 2064 1481; x_wconf 88' lang='lat' dir='ltr'><strong>et</strong></span> 
     </span>
    </p>
   </div>
   <div class='ocr_carea' id='block_1_17' title="bbox 490 1520 2063 1590">
    <p class='ocr_par' dir='ltr' id='par_1_17' title="bbox 490 1520 2063 1590">
     <span class='ocr_line' id='line_1_17' title="bbox 490 1520 2063 1590; baseline -0.01 -1"><span class='ocrx_word' id='word_1_119' title='bbox 490 1550 618 1589; x_wconf 87' lang='lat' dir='ltr'><strong>ossa</strong></span> <span class='ocrx_word' id='word_1_120' title='bbox 647 1531 1119 1590; x_wconf 86' lang='lat' dir='ltr'><strong>comminuerunt,</strong></span> <span class='ocrx_word' id='word_1_121' title='bbox 1147 1534 1201 1581; x_wconf 91' lang='lat' dir='ltr'><strong>et</strong></span> <span class='ocrx_word' id='word_1_122' title='bbox 1229 1525 1592 1580; x_wconf 86' lang='lat' dir='ltr'><strong>conciderunt</strong></span> <span class='ocrx_word' id='word_1_123' title='bbox 1615 1524 1757 1576; x_wconf 84' lang='lat' dir='ltr'><strong>sicut</strong></span> <span class='ocrx_word' id='word_1_124' title='bbox 1782 1536 1978 1576; x_wconf 89' lang='lat' dir='ltr'><strong>carnes</strong></span> <span class='ocrx_word' id='word_1_125' title='bbox 2008 1520 2063 1573; x_wconf 92' lang='lat' dir='ltr'><strong>in</strong></span> 
     </span>
    </p>
   </div>
   <div class='ocr_carea' id='block_1_18' title="bbox 492 1612 2062 1683">
    <p class='ocr_par' dir='ltr' id='par_1_18' title="bbox 492 1612 2062 1683">
     <span class='ocr_line' id='line_1_18' title="bbox 492 1612 2062 1683; baseline -0.01 -4"><span class='ocrx_word' id='word_1_126' title='bbox 492 1625 700 1683; x_wconf 84' lang='lat' dir='ltr'><strong>lebete.</strong></span> <span class='ocrx_word' id='word_1_127' title='bbox 734 1630 788 1676; x_wconf 89' lang='lat' dir='ltr'><strong>et</strong></span> <span class='ocrx_word' id='word_1_128' title='bbox 821 1623 966 1676; x_wconf 86' lang='lat' dir='ltr'><strong>sicut</strong></span> <span class='ocrx_word' id='word_1_129' title='bbox 992 1634 1211 1673; x_wconf 87' lang='lat' dir='ltr'><strong>carnem</strong></span> <span class='ocrx_word' id='word_1_130' title='bbox 1259 1618 1316 1671; x_wconf 90' lang='lat' dir='ltr'><strong>in</strong></span> <span class='ocrx_word' id='word_1_131' title='bbox 1344 1616 1450 1669; x_wconf 86' lang='lat' dir='ltr'><strong>olla</strong></span> <span class='ocrx_word' id='word_1_132' title='bbox 1480 1632 1493 1668; x_wconf 89' lang='lat'><strong>:</strong></span> <span class='ocrx_word' id='word_1_133' title='bbox 1543 1616 1625 1669; x_wconf 91' lang='lat' dir='ltr'><strong>sic</strong></span> <span class='ocrx_word' id='word_1_134' title='bbox 1671 1614 1738 1666; x_wconf 91' lang='lat' dir='ltr'><strong>ad</strong></span> <span class='ocrx_word' id='word_1_135' title='bbox 1771 1612 2062 1665; x_wconf 88' lang='lat' dir='ltr'><strong>Dominum</strong></span> 
     </span>
    </p>
   </div>
   <div class='ocr_carea' id='block_1_19' title="bbox 490 1698 2064 1779">
    <p class='ocr_par' dir='ltr' id='par_1_19' title="bbox 490 1698 2064 1779">
     <span class='ocr_line' id='line_1_19' title="bbox 490 1698 2064 1779; baseline -0.009 -12"><span class='ocrx_word' id='word_1_136' title='bbox 490 1712 839 1775; x_wconf 87' lang='lat' dir='ltr'><strong>clamabunt,</strong></span> <span class='ocrx_word' id='word_1_137' title='bbox 887 1710 982 1779; x_wconf 89' lang='lat' dir='ltr'><strong>qui</strong></span> <span class='ocrx_word' id='word_1_138' title='bbox 1029 1723 1136 1761; x_wconf 92' lang='lat' dir='ltr'><strong>non</strong></span> <span class='ocrx_word' id='word_1_139' title='bbox 1182 1704 1437 1761; x_wconf 80' lang='lat' dir='ltr'><strong>exaudiet</strong></span> <span class='ocrx_word' id='word_1_140' title='bbox 1471 1718 1599 1767; x_wconf 89' lang='lat' dir='ltr'><strong>eos,</strong></span> <span class='ocrx_word' id='word_1_141' title='bbox 1632 1710 1949 1770; x_wconf 80' lang='lat' dir='ltr'><strong>avertetque</strong></span> <span class='ocrx_word' id='word_1_142' title='bbox 1983 1698 2064 1753; x_wconf 82' lang='lat' dir='ltr'><strong>fa-</strong></span> 
     </span>
    </p>
   </div>
   <div class='ocr_carea' id='block_1_20' title="bbox 2153 596 3728 679">
    <p class='ocr_par' dir='ltr' id='par_1_20' title="bbox 2153 596 3728 679">
     <span class='ocr_line' id='line_1_20' title="bbox 2153 596 3728 679; baseline -0.01 -16"><span class='ocrx_word' id='word_1_143' title='bbox 2153 610 2347 679; x_wconf 87' lang='grc' dir='ltr'>φεσθαι</span> <span class='ocrx_word' id='word_1_144' title='bbox 2380 610 2477 679; x_wconf 82' lang='grc' dir='ltr'>μὲν</span> <span class='ocrx_word' id='word_1_145' title='bbox 2508 609 2567 661; x_wconf 83' lang='grc' dir='ltr'>τὸ</span> <span class='ocrx_word' id='word_1_146' title='bbox 2593 610 2795 676; x_wconf 90' lang='grc' dir='ltr'>χεῖρον,</span> <span class='ocrx_word' id='word_1_147' title='bbox 2831 600 3103 673; x_wconf 80' lang='grc' dir='ltr'>αἱρεῖσθαι</span> <span class='ocrx_word' id='word_1_148' title='bbox 3144 599 3199 651; x_wconf 84' lang='grc' dir='ltr'><strong>δέ</strong></span> <span class='ocrx_word' id='word_1_149' title='bbox 3229 600 3288 651; x_wconf 76' lang='grc' dir='ltr'><strong>τδ</strong></span> <span class='ocrx_word' id='word_1_150' title='bbox 3320 600 3564 669; x_wconf 89' lang='grc' dir='ltr'>κρεῖττον</span> <span class='ocrx_word' id='word_1_151' title='bbox 3587 634 3601 659; x_wconf 90' lang='grc'><strong>,</strong></span> <span class='ocrx_word' id='word_1_152' title='bbox 3632 596 3728 649; x_wconf 83' lang='grc' dir='ltr'><strong>ἀτε</strong></span> 
     </span>
    </p>
   </div>
   <div class='ocr_carea' id='block_1_21' title="bbox 2153 688 3729 767">
    <p class='ocr_par' dir='ltr' id='par_1_21' title="bbox 2153 688 3729 767">
     <span class='ocr_line' id='line_1_21' title="bbox 2153 688 3729 767; baseline -0.011 -12"><span class='ocrx_word' id='word_1_153' title='bbox 2153 702 2407 755; x_wconf 85' lang='grc' dir='ltr'>ἁπάντων</span> <span class='ocrx_word' id='word_1_154' title='bbox 2441 700 2539 767; x_wconf 77' lang='grc' dir='ltr'>μὲν</span> <span class='ocrx_word' id='word_1_155' title='bbox 2569 698 2727 750; x_wconf 79' lang='grc' dir='ltr'>τοῦτο</span> <span class='ocrx_word' id='word_1_156' title='bbox 2773 695 2903 765; x_wconf 86' lang='grc' dir='ltr'>παρ’</span> <span class='ocrx_word' id='word_1_157' title='bbox 2933 691 3066 762; x_wconf 80' lang='grc' dir='ltr'>ἐμοῦ</span> <span class='ocrx_word' id='word_1_158' title='bbox 3097 690 3494 759; x_wconf 81' lang='grc' dir='ltr'><strong>δεδιδαγμένων</strong></span> <span class='ocrx_word' id='word_1_159' title='bbox 3535 688 3627 740; x_wconf 86' lang='grc' dir='ltr'><strong>διά</strong></span> <span class='ocrx_word' id='word_1_160' title='bbox 3668 704 3729 739; x_wconf 87' lang='grc' dir='ltr'><strong>τε</strong></span> 
     </span>
    </p>
   </div>
   <div class='ocr_carea' id='block_1_22' title="bbox 2153 778 3729 862">
    <p class='ocr_par' dir='ltr' id='par_1_22' title="bbox 2153 778 3729 862">
     <span class='ocr_line' id='line_1_22' title="bbox 2153 778 3729 862; baseline -0.01 -18"><span class='ocrx_word' id='word_1_161' title='bbox 2153 794 2252 862; x_wconf 81' lang='grc' dir='ltr'>τῆς</span> <span class='ocrx_word' id='word_1_162' title='bbox 2292 792 2521 862; x_wconf 79' lang='grc' dir='ltr'><strong>νομικῆς</strong></span> <span class='ocrx_word' id='word_1_163' title='bbox 2572 788 2865 851; x_wconf 80' lang='grc' dir='ltr'><strong>διατάξεως</strong></span> <span class='ocrx_word' id='word_1_164' title='bbox 2907 786 2999 839; x_wconf 87' lang='lat' dir='ltr'><strong>xui</strong></span> <span class='ocrx_word' id='word_1_165' title='bbox 3038 783 3147 837; x_wconf 92' lang='grc' dir='ltr'><strong>τῶν</strong></span> <span class='ocrx_word' id='word_1_166' title='bbox 3188 782 3421 845; x_wconf 76' lang='grc' dir='ltr'>λοιπῶν,</span> <span class='ocrx_word' id='word_1_167' title='bbox 3452 779 3627 833; x_wconf 84' lang='grc' dir='ltr'>όπόσα</span> <span class='ocrx_word' id='word_1_168' title='bbox 3665 778 3729 849; x_wconf 80' lang='grc' dir='ltr'>δὴ</span> 
     </span>
    </p>
   </div>
   <div class='ocr_carea' id='block_1_23' title="bbox 2158 870 3732 954">
    <p class='ocr_par' dir='ltr' id='par_1_23' title="bbox 2158 870 3732 954">
     <span class='ocr_line' id='line_1_23' title="bbox 2158 870 3732 954; baseline -0.01 -18"><span class='ocrx_word' id='word_1_169' title='bbox 2158 883 2292 954; x_wconf 76' lang='grc' dir='ltr'>πρὸς</span> <span class='ocrx_word' id='word_1_170' title='bbox 2334 882 2491 934; x_wconf 78' lang='grc' dir='ltr'>τοῦτο</span> <span class='ocrx_word' id='word_1_171' title='bbox 2535 880 2808 949; x_wconf 74' lang='grc' dir='ltr'>πεποίηκα</span> <span class='ocrx_word' id='word_1_172' title='bbox 2841 875 3119 937; x_wconf 84' lang='grc' dir='ltr'>πολλάκις,</span> <span class='ocrx_word' id='word_1_173' title='bbox 3163 874 3238 945; x_wconf 90' lang='lat' dir='ltr'><strong>(p.</strong></span> <span class='ocrx_word' id='word_1_174' title='bbox 3271 872 3398 940; x_wconf 71' lang='grc'>276)</span> <span class='ocrx_word' id='word_1_175' title='bbox 3431 872 3524 924; x_wconf 73' lang='grc' dir='ltr'>ἐπὶ</span> <span class='ocrx_word' id='word_1_176' title='bbox 3556 870 3732 939; x_wconf 77' lang='grc' dir='ltr'>τούτῳ</span> 
     </span>
    </p>
   </div>
   <div class='ocr_carea' id='block_1_24' title="bbox 2157 962 3731 1041">
    <p class='ocr_par' dir='ltr' id='par_1_24' title="bbox 2157 962 3731 1041">
     <span class='ocr_line' id='line_1_24' title="bbox 2157 962 3731 1041; baseline -0.01 -14"><span class='ocrx_word' id='word_1_177' title='bbox 2157 974 2214 1027; x_wconf 86' lang='grc' dir='ltr'><strong>δέ</strong></span> <span class='ocrx_word' id='word_1_178' title='bbox 2246 972 2467 1026; x_wconf 72' lang='grc' dir='ltr'>καὶτῶν</span> <span class='ocrx_word' id='word_1_179' title='bbox 2491 971 2767 1041; x_wconf 81' lang='grc' dir='ltr'><strong>ἀρχόντων</strong></span> <span class='ocrx_word' id='word_1_180' title='bbox 2790 972 2867 1034; x_wconf 79' lang='grc' dir='ltr'><strong>είς</strong></span> <span class='ocrx_word' id='word_1_181' title='bbox 2888 970 2983 1041; x_wconf 82' lang='grc' dir='ltr'>τὴν</span> <span class='ocrx_word' id='word_1_182' title='bbox 3008 968 3257 1036; x_wconf 76' lang='grc' dir='ltr'><strong>ἐξουσίαν</strong></span> <span class='ocrx_word' id='word_1_183' title='bbox 3279 962 3731 1036; x_wconf 79' lang='grc' dir='ltr'>παρεληλυθότων</span> 
     </span>
    </p>
   </div>
   <div class='ocr_carea' id='block_1_25' title="bbox 2157 1054 3734 1133">
    <p class='ocr_par' dir='ltr' id='par_1_25' title="bbox 2157 1054 3734 1133">
     <span class='ocr_line' id='line_1_25' title="bbox 2157 1054 3734 1133; baseline -0.008 -15"><span class='ocrx_word' id='word_1_184' title='bbox 2157 1064 2384 1133; x_wconf 86' lang='grc' dir='ltr'>ταύτην.</span> <span class='ocrx_word' id='word_1_185' title='bbox 2420 1084 2435 1115; x_wconf 80' lang='grc' dir='ltr'><strong>ι</strong></span> <span class='ocrx_word' id='word_1_186' title='bbox 2470 1064 2532 1116; x_wconf 87' lang='grc' dir='ltr'><strong>Οἱ</strong></span> <span class='ocrx_word' id='word_1_187' title='bbox 2560 1063 2605 1116; x_wconf 89' lang='grc' dir='ltr'>δ’</span> <span class='ocrx_word' id='word_1_188' title='bbox 2636 1063 2715 1115; x_wconf 73' lang='grc' dir='ltr'>ἔτι</span> <span class='ocrx_word' id='word_1_189' title='bbox 2740 1062 3021 1133; x_wconf 77' lang='grc' dir='ltr'>μισοῦντες</span> <span class='ocrx_word' id='word_1_190' title='bbox 3046 1060 3115 1114; x_wconf 86' lang='grc' dir='ltr'>τὰ</span> <span class='ocrx_word' id='word_1_191' title='bbox 3137 1059 3297 1119; x_wconf 84' lang='grc' dir='ltr'>καλὰ,</span> <span class='ocrx_word' id='word_1_192' title='bbox 3322 1057 3415 1110; x_wconf 90' lang='lat' dir='ltr'><strong>xui</strong></span> <span class='ocrx_word' id='word_1_193' title='bbox 3446 1054 3734 1126; x_wconf 76' lang='grc' dir='ltr'>ζητοῦντες</span> 
     </span>
    </p>
   </div>
   <div class='ocr_carea' id='block_1_26' title="bbox 2158 1143 3732 1225">
    <p class='ocr_par' dir='ltr' id='par_1_26' title="bbox 2158 1143 3732 1225">
     <span class='ocr_line' id='line_1_26' title="bbox 2158 1143 3732 1225; baseline -0.008 -18"><span class='ocrx_word' id='word_1_194' title='bbox 2158 1156 2227 1208; x_wconf 80' lang='grc' dir='ltr'><strong>τά</strong></span> <span class='ocrx_word' id='word_1_195' title='bbox 2251 1154 2481 1225; x_wconf 83' lang='grc' dir='ltr'>πονηρὰ,</span> <span class='ocrx_word' id='word_1_196' title='bbox 2504 1153 2841 1224; x_wconf 80' lang='grc' dir='ltr'>ἁρπάζοντες</span> <span class='ocrx_word' id='word_1_197' title='bbox 2858 1151 2929 1205; x_wconf 79' lang='grc' dir='ltr'><strong>τὰ</strong></span> <span class='ocrx_word' id='word_1_198' title='bbox 2947 1153 3189 1222; x_wconf 85' lang='grc' dir='ltr'>δέρματα</span> <span class='ocrx_word' id='word_1_199' title='bbox 3212 1148 3388 1203; x_wconf 71' lang='grc' dir='ltr'>αὐτῶν</span> <span class='ocrx_word' id='word_1_200' title='bbox 3404 1146 3511 1199; x_wconf 81' lang='grc' dir='ltr'>ἀπὸ</span> <span class='ocrx_word' id='word_1_201' title='bbox 3533 1143 3732 1206; x_wconf 72' lang='grc' dir='ltr'>αὐτῶν,</span> 
     </span>
    </p>
   </div>
   <div class='ocr_carea' id='block_1_27' title="bbox 2160 1236 3731 1315">
    <p class='ocr_par' dir='ltr' id='par_1_27' title="bbox 2160 1236 3731 1315">
     <span class='ocr_line' id='line_1_27' title="bbox 2160 1236 3731 1315; baseline -0.008 -16"><span class='ocrx_word' id='word_1_202' title='bbox 2160 1248 2255 1299; x_wconf 79' lang='lat' dir='ltr'><strong>xui</strong></span> <span class='ocrx_word' id='word_1_203' title='bbox 2284 1246 2381 1308; x_wconf 77' lang='grc' dir='ltr'><strong>τὰς</strong></span> <span class='ocrx_word' id='word_1_204' title='bbox 2423 1245 2634 1315; x_wconf 83' lang='grc' dir='ltr'>σάρκας</span> <span class='ocrx_word' id='word_1_205' title='bbox 2664 1244 2843 1297; x_wconf 82' lang='grc' dir='ltr'>αὐτῶν</span> <span class='ocrx_word' id='word_1_206' title='bbox 2886 1244 2992 1296; x_wconf 81' lang='grc' dir='ltr'>ἀπὸ</span> <span class='ocrx_word' id='word_1_207' title='bbox 3021 1242 3135 1295; x_wconf 87' lang='grc' dir='ltr'><strong>τῶν</strong></span> <span class='ocrx_word' id='word_1_208' title='bbox 3165 1240 3337 1293; x_wconf 82' lang='grc' dir='ltr'>ὀστῶν</span> <span class='ocrx_word' id='word_1_209' title='bbox 3371 1237 3565 1292; x_wconf 76' lang='grc' dir='ltr'>αὐτῶν.</span> <span class='ocrx_word' id='word_1_210' title='bbox 3613 1256 3631 1288; x_wconf 73' lang='grc' dir='ltr'><strong>ι</strong></span> <span class='ocrx_word' id='word_1_211' title='bbox 3670 1236 3731 1289; x_wconf 82' lang='grc' dir='ltr'>Οἱ</span> 
     </span>
    </p>
   </div>
   <div class='ocr_carea' id='block_1_28' title="bbox 2161 1327 3736 1405">
    <p class='ocr_par' dir='ltr' id='par_1_28' title="bbox 2161 1327 3736 1405">
     <span class='ocr_line' id='line_1_28' title="bbox 2161 1327 3736 1405; baseline -0.009 -15"><span class='ocrx_word' id='word_1_212' title='bbox 2161 1328 2217 1390; x_wconf 79' lang='grc' dir='ltr'>δὲ</span> <span class='ocrx_word' id='word_1_213' title='bbox 2244 1336 2554 1389; x_wconf 82' lang='grc' dir='ltr'>τούναντίον</span> <span class='ocrx_word' id='word_1_214' title='bbox 2585 1327 2660 1388; x_wconf 84' lang='grc' dir='ltr'>ὧν</span> <span class='ocrx_word' id='word_1_215' title='bbox 2685 1333 2997 1405; x_wconf 74' lang='grc' dir='ltr'><strong>ἐδιδάχθητε</strong></span> <span class='ocrx_word' id='word_1_216' title='bbox 3028 1328 3442 1401; x_wconf 80' lang='grc' dir='ltr'>διαπράττεσθε,</span> <span class='ocrx_word' id='word_1_217' title='bbox 3469 1330 3736 1397; x_wconf 83' lang='grc' dir='ltr'>ἀποστρε-</span> 
     </span>
    </p>
   </div>
   <div class='ocr_carea' id='block_1_29' title="bbox 2164 1416 3737 1497">
    <p class='ocr_par' dir='ltr' id='par_1_29' title="bbox 2164 1416 3737 1497">
     <span class='ocr_line' id='line_1_29' title="bbox 2164 1416 3737 1497; baseline -0.008 -18"><span class='ocrx_word' id='word_1_218' title='bbox 2164 1426 2386 1497; x_wconf 79' lang='grc' dir='ltr'>φόμενοι</span> <span class='ocrx_word' id='word_1_219' title='bbox 2433 1426 2530 1496; x_wconf 88' lang='grc' dir='ltr'><strong>μέν</strong></span> <span class='ocrx_word' id='word_1_220' title='bbox 2559 1426 2629 1478; x_wconf 81' lang='grc' dir='ltr'><strong>τὰ</strong></span> <span class='ocrx_word' id='word_1_221' title='bbox 2651 1424 2793 1479; x_wconf 88' lang='grc' dir='ltr'><strong>καλά</strong></span> <span class='ocrx_word' id='word_1_222' title='bbox 2813 1464 2827 1487; x_wconf 92' lang='grc'><strong>,</strong></span> <span class='ocrx_word' id='word_1_223' title='bbox 2857 1422 3211 1495; x_wconf 78' lang='grc' dir='ltr'>ἐργαζόμενοι</span> <span class='ocrx_word' id='word_1_224' title='bbox 3234 1421 3291 1473; x_wconf 80' lang='grc' dir='ltr'>δὲ</span> <span class='ocrx_word' id='word_1_225' title='bbox 3328 1419 3397 1472; x_wconf 85' lang='grc' dir='ltr'><strong>τά</strong></span> <span class='ocrx_word' id='word_1_226' title='bbox 3424 1418 3614 1488; x_wconf 84' lang='grc' dir='ltr'>χείρω,</span> <span class='ocrx_word' id='word_1_227' title='bbox 3643 1416 3737 1468; x_wconf 86' lang='lat' dir='ltr'><strong>xui</strong></span> 
     </span>
    </p>
   </div>
   <div class='ocr_carea' id='block_1_30' title="bbox 2166 1508 3735 1586">
    <p class='ocr_par' dir='ltr' id='par_1_30' title="bbox 2166 1508 3735 1586">
     <span class='ocr_line' id='line_1_30' title="bbox 2166 1508 3735 1586; baseline -0.008 -16"><span class='ocrx_word' id='word_1_228' title='bbox 2166 1518 2346 1571; x_wconf 79' lang='grc' dir='ltr'>πᾶσαν</span> <span class='ocrx_word' id='word_1_229' title='bbox 2376 1519 2457 1579; x_wconf 89' lang='grc' dir='ltr'><strong>εἱς</strong></span> <span class='ocrx_word' id='word_1_230' title='bbox 2481 1517 2603 1578; x_wconf 80' lang='grc' dir='ltr'>τοὺς</span> <span class='ocrx_word' id='word_1_231' title='bbox 2628 1514 2868 1586; x_wconf 85' lang='grc' dir='ltr'>πένητάς</span> <span class='ocrx_word' id='word_1_232' title='bbox 2890 1532 2948 1566; x_wconf 81' lang='grc' dir='ltr'><strong>τε</strong></span> <span class='ocrx_word' id='word_1_233' title='bbox 2975 1515 3069 1567; x_wconf 87' lang='lat' dir='ltr'><strong>xui</strong></span> <span class='ocrx_word' id='word_1_234' title='bbox 3089 1511 3498 1581; x_wconf 79' lang='grc' dir='ltr'><strong>εὐτελεστέρους</strong></span> <span class='ocrx_word' id='word_1_235' title='bbox 3526 1508 3735 1560; x_wconf 81' lang='grc' dir='ltr'>ἀδικίαν</span> 
     </span>
    </p>
   </div>
   <div class='ocr_carea' id='block_1_31' title="bbox 2166 1600 3736 1677">
    <p class='ocr_par' dir='ltr' id='par_1_31' title="bbox 2166 1600 3736 1677">
     <span class='ocr_line' id='line_1_31' title="bbox 2166 1600 3736 1677; baseline -0.007 -17"><span class='ocrx_word' id='word_1_236' title='bbox 2166 1607 2597 1677; x_wconf 81' lang='grc' dir='ltr'>ἐπιδεικνύμενοι</span> <span class='ocrx_word' id='word_1_237' title='bbox 2620 1606 2697 1677; x_wconf 82' lang='grc' dir='ltr'>τῷ</span> <span class='ocrx_word' id='word_1_238' title='bbox 2729 1606 2906 1659; x_wconf 73' lang='grc' dir='ltr'>πάντα</span> <span class='ocrx_word' id='word_1_239' title='bbox 2946 1604 3014 1658; x_wconf 88' lang='grc' dir='ltr'><strong>τά</strong></span> <span class='ocrx_word' id='word_1_240' title='bbox 3053 1604 3324 1675; x_wconf 82' lang='grc' dir='ltr'>προσόντα</span> <span class='ocrx_word' id='word_1_241' title='bbox 3350 1603 3531 1662; x_wconf 75' lang='grc' dir='ltr'>αὐτοῖς</span> <span class='ocrx_word' id='word_1_242' title='bbox 3572 1600 3736 1665; x_wconf 82' lang='grc' dir='ltr'>ἀφαι-</span> 
     </span>
    </p>
   </div>
   <div class='ocr_carea' id='block_1_32' title="bbox 2171 1689 3740 1767">
    <p class='ocr_par' dir='ltr' id='par_1_32' title="bbox 2171 1689 3740 1767">
     <span class='ocr_line' id='line_1_32' title="bbox 2171 1689 3740 1767; baseline -0.006 -19"><span class='ocrx_word' id='word_1_243' title='bbox 2171 1697 2379 1767; x_wconf 86' lang='grc' dir='ltr'>ρεῖσθαι</span> <span class='ocrx_word' id='word_1_244' title='bbox 2423 1695 2702 1758; x_wconf 77' lang='grc' dir='ltr'>ποικίλως.</span> <span class='ocrx_word' id='word_1_245' title='bbox 2732 1695 2796 1748; x_wconf 86' lang='grc' dir='ltr'>Τί</span> <span class='ocrx_word' id='word_1_246' title='bbox 2825 1691 2959 1761; x_wconf 81' lang='grc' dir='ltr'>οὖν;</span> <span class='ocrx_word' id='word_1_247' title='bbox 3006 1714 3023 1746; x_wconf 80' lang='grc' dir='ltr'><strong>ι</strong></span> <span class='ocrx_word' id='word_1_248' title='bbox 3067 1697 3163 1747; x_wconf 86' lang='grc' dir='ltr'>Ὃν</span> <span class='ocrx_word' id='word_1_249' title='bbox 3202 1693 3398 1764; x_wconf 84' lang='grc' dir='ltr'>τρόπον</span> <span class='ocrx_word' id='word_1_250' title='bbox 3431 1689 3740 1758; x_wconf 74' lang='grc' dir='ltr'>κατέφαγον</span> 
     </span>
    </p>
   </div>
   <div class='ocr_carea' id='block_1_33' title="bbox 490 1781 2076 1867">
    <p class='ocr_par' dir='ltr' id='par_1_33' title="bbox 490 1793 2067 1867">
     <span class='ocr_line' id='line_1_33' title="bbox 490 1793 2067 1867; baseline -0.008 -12"><span class='ocrx_word' id='word_1_251' title='bbox 490 1804 627 1856; x_wconf 87' lang='lat' dir='ltr'><strong>ciem</strong></span> <span class='ocrx_word' id='word_1_252' title='bbox 660 1817 812 1854; x_wconf 78' lang='lat' dir='ltr'><strong>suam</strong></span> <span class='ocrx_word' id='word_1_253' title='bbox 843 1800 911 1853; x_wconf 91' lang='lat' dir='ltr'><strong>ab</strong></span> <span class='ocrx_word' id='word_1_254' title='bbox 943 1799 1077 1867; x_wconf 90' lang='lat' dir='ltr'><strong>ipsis</strong></span> <span class='ocrx_word' id='word_1_255' title='bbox 1107 1806 1350 1865; x_wconf 89' lang='lat' dir='ltr'><strong>tempore</strong></span> <span class='ocrx_word' id='word_1_256' title='bbox 1376 1796 1466 1848; x_wconf 92' lang='lat' dir='ltr'><strong>illo</strong></span> <span class='ocrx_word' id='word_1_257' title='bbox 1486 1834 1499 1857; x_wconf 91' lang='lat'><strong>,</strong></span> <span class='ocrx_word' id='word_1_258' title='bbox 1526 1794 1787 1863; x_wconf 89' lang='lat' dir='ltr'><strong>quoniam</strong></span> <span class='ocrx_word' id='word_1_259' title='bbox 1817 1793 2067 1860; x_wconf 87' lang='lat' dir='ltr'><strong>nequiter</strong></span> 
     </span>
    </p>
   </div>
   <div class='ocr_carea' id='block_1_34' title="bbox 2179 1781 3740 1867">
    <p class='ocr_par' dir='ltr' id='par_1_34' title="bbox 2179 1781 3740 1858">
     <span class='ocr_line' id='line_1_34' title="bbox 2179 1781 3740 1858; baseline -0.004 -19"><span class='ocrx_word' id='word_1_260' title='bbox 2179 1787 2266 1851; x_wconf 78' lang='grc' dir='ltr'>τὰς</span> <span class='ocrx_word' id='word_1_261' title='bbox 2295 1787 2503 1858; x_wconf 83' lang='grc' dir='ltr'>σάρκας</span> <span class='ocrx_word' id='word_1_262' title='bbox 2526 1787 2621 1840; x_wconf 80' lang='grc' dir='ltr'><strong>τοῦ</strong></span> <span class='ocrx_word' id='word_1_263' title='bbox 2650 1786 2777 1839; x_wconf 88' lang='grc' dir='ltr'>λαοῦ</span> <span class='ocrx_word' id='word_1_264' title='bbox 2813 1804 2938 1857; x_wconf 90' lang='grc' dir='ltr'>μου,</span> <span class='ocrx_word' id='word_1_265' title='bbox 2963 1787 3055 1839; x_wconf 88' lang='lat' dir='ltr'><strong>xui</strong></span> <span class='ocrx_word' id='word_1_266' title='bbox 3085 1786 3151 1839; x_wconf 88' lang='grc' dir='ltr'><strong>τά</strong></span> <span class='ocrx_word' id='word_1_267' title='bbox 3174 1787 3415 1857; x_wconf 82' lang='grc' dir='ltr'>δέρματα</span> <span class='ocrx_word' id='word_1_268' title='bbox 3439 1783 3617 1835; x_wconf 79' lang='grc' dir='ltr'>αὐτῶν</span> <span class='ocrx_word' id='word_1_269' title='bbox 3645 1781 3740 1834; x_wconf 78' lang='grc' dir='ltr'>ἀπ’</span> 
     </span>
    </p>
   </div>
   <div class='ocr_carea' id='block_1_35' title="bbox 490 1881 2068 1961">
    <p class='ocr_par' dir='ltr' id='par_1_35' title="bbox 490 1881 2068 1961">
     <span class='ocr_line' id='line_1_35' title="bbox 490 1881 2068 1961; baseline -0.008 -17"><span class='ocrx_word' id='word_1_270' title='bbox 490 1900 719 1961; x_wconf 75' lang='lat' dir='ltr'><strong>egerunt</strong></span> <span class='ocrx_word' id='word_1_271' title='bbox 744 1892 800 1942; x_wconf 91' lang='lat' dir='ltr'><strong>in</strong></span> <span class='ocrx_word' id='word_1_272' title='bbox 830 1887 1308 1942; x_wconf 83' lang='lat' dir='ltr'><strong>adinventionibus</strong></span> <span class='ocrx_word' id='word_1_273' title='bbox 1336 1885 1472 1938; x_wconf 90' lang='lat' dir='ltr'><strong>suis.</strong></span> <span class='ocrx_word' id='word_1_274' title='bbox 1500 1902 1518 1933; x_wconf 70' lang='grc' dir='ltr'><strong>ι</strong></span> <span class='ocrx_word' id='word_1_275' title='bbox 1552 1883 1689 1949; x_wconf 83' lang='lat' dir='ltr'><strong>Quia</strong></span> <span class='ocrx_word' id='word_1_276' title='bbox 1721 1897 1838 1944; x_wconf 87' lang='lat' dir='ltr'><strong>vos,</strong></span> <span class='ocrx_word' id='word_1_277' title='bbox 1872 1881 2068 1949; x_wconf 89' lang='lat' dir='ltr'><strong>inquit,</strong></span> 
     </span>
    </p>
   </div>
   <div class='ocr_carea' id='block_1_36' title="bbox 492 1970 2072 2043">
    <p class='ocr_par' dir='ltr' id='par_1_36' title="bbox 492 1970 2072 2043">
     <span class='ocr_line' id='line_1_36' title="bbox 492 1970 2072 2043; baseline -0.006 -13"><span class='ocrx_word' id='word_1_278' title='bbox 492 1977 675 2030; x_wconf 86' lang='lat' dir='ltr'><strong>omnia</strong></span> <span class='ocrx_word' id='word_1_279' title='bbox 718 1975 1054 2043; x_wconf 80' lang='lat' dir='ltr'><strong>pauperibus</strong></span> <span class='ocrx_word' id='word_1_280' title='bbox 1094 1972 1415 2042; x_wconf 88' lang='lat' dir='ltr'><strong>eripuistis,</strong></span> <span class='ocrx_word' id='word_1_281' title='bbox 1454 1970 1602 2023; x_wconf 88' lang='lat' dir='ltr'><strong>varie</strong></span> <span class='ocrx_word' id='word_1_282' title='bbox 1642 1970 1764 2025; x_wconf 82' lang='lat' dir='ltr'><strong>illos</strong></span> <span class='ocrx_word' id='word_1_283' title='bbox 1810 1970 2072 2023; x_wconf 83' lang='lat' dir='ltr'><strong>fraudan-</strong></span> 
     </span>
    </p>
   </div>
   <div class='ocr_carea' id='block_1_37' title="bbox 493 2061 2071 2134">
    <p class='ocr_par' dir='ltr' id='par_1_37' title="bbox 493 2061 2071 2134">
     <span class='ocr_line' id='line_1_37' title="bbox 493 2061 2071 2134; baseline -0.004 -16"><span class='ocrx_word' id='word_1_284' title='bbox 493 2073 611 2129; x_wconf 89' lang='lat' dir='ltr'><strong>tes,</strong></span> <span class='ocrx_word' id='word_1_285' title='bbox 671 2067 1044 2134; x_wconf 83' lang='lat' dir='ltr'><strong>Opprimenles</strong></span> <span class='ocrx_word' id='word_1_286' title='bbox 1098 2073 1260 2133; x_wconf 90' lang='lat' dir='ltr'><strong>atque</strong></span> <span class='ocrx_word' id='word_1_287' title='bbox 1314 2069 1698 2125; x_wconf 88' lang='lat' dir='ltr'><strong>conterentes,</strong></span> <span class='ocrx_word' id='word_1_288' title='bbox 1760 2061 1882 2115; x_wconf 92' lang='lat' dir='ltr'><strong>ideo</strong></span> <span class='ocrx_word' id='word_1_289' title='bbox 1931 2061 2071 2114; x_wconf 81' lang='lat' dir='ltr'><strong>facta</strong></span> 
     </span>
    </p>
   </div>
   <div class='ocr_carea' id='block_1_38' title="bbox 495 2150 2073 2221">
    <p class='ocr_par' dir='ltr' id='par_1_38' title="bbox 495 2150 2073 2221">
     <span class='ocr_line' id='line_1_38' title="bbox 495 2150 2073 2221; baseline -0.003 -14"><span class='ocrx_word' id='word_1_290' title='bbox 495 2154 737 2208; x_wconf 90' lang='lat' dir='ltr'><strong>hostium</strong></span> <span class='ocrx_word' id='word_1_291' title='bbox 776 2152 1095 2207; x_wconf 89' lang='lat' dir='ltr'><strong>incursione</strong></span> <span class='ocrx_word' id='word_1_292' title='bbox 1127 2152 1453 2207; x_wconf 86' lang='lat' dir='ltr'><strong>invocabitis</strong></span> <span class='ocrx_word' id='word_1_293' title='bbox 1482 2151 1705 2221; x_wconf 88' lang='lat' dir='ltr'><strong>quidem</strong></span> <span class='ocrx_word' id='word_1_294' title='bbox 1741 2150 2073 2205; x_wconf 86' lang='lat' dir='ltr'><strong>necessitate</strong></span> 
     </span>
    </p>
   </div>
   <div class='ocr_carea' id='block_1_39' title="bbox 496 2240 2068 2314">
    <p class='ocr_par' dir='ltr' id='par_1_39' title="bbox 496 2240 2068 2314">
     <span class='ocr_line' id='line_1_39' title="bbox 496 2240 2068 2314; baseline -0.004 -16"><span class='ocrx_word' id='word_1_295' title='bbox 496 2253 777 2314; x_wconf 87' lang='lat' dir='ltr'><strong>premente</strong></span> <span class='ocrx_word' id='word_1_296' title='bbox 806 2243 975 2298; x_wconf 88' lang='lat' dir='ltr'><strong>Deum</strong></span> <span class='ocrx_word' id='word_1_297' title='bbox 998 2282 1013 2305; x_wconf 89' lang='lat'><strong>,</strong></span> <span class='ocrx_word' id='word_1_298' title='bbox 1049 2243 1259 2296; x_wconf 88' lang='lat' dir='ltr'><strong>nullum</strong></span> <span class='ocrx_word' id='word_1_299' title='bbox 1296 2250 1476 2296; x_wconf 90' lang='lat' dir='ltr'><strong>tamen</strong></span> <span class='ocrx_word' id='word_1_300' title='bbox 1512 2240 1878 2310; x_wconf 88' lang='lat' dir='ltr'><strong>impetrabitis</strong></span> <span class='ocrx_word' id='word_1_301' title='bbox 1910 2240 1979 2292; x_wconf 90' lang='lat' dir='ltr'><strong>ab</strong></span> <span class='ocrx_word' id='word_1_302' title='bbox 2003 2255 2068 2293; x_wconf 90' lang='lat' dir='ltr'><strong>eo</strong></span> 
     </span>
    </p>
   </div>
   <div class='ocr_carea' id='block_1_40' title="bbox 498 2330 2071 2401">
    <p class='ocr_par' dir='ltr' id='par_1_40' title="bbox 498 2330 2071 2401">
     <span class='ocr_line' id='line_1_40' title="bbox 498 2330 2071 2401; baseline -0.003 -14"><span class='ocrx_word' id='word_1_303' title='bbox 498 2334 765 2387; x_wconf 75' lang='lat' dir='ltr'><strong>auxilium</strong></span> <span class='ocrx_word' id='word_1_304' title='bbox 795 2352 807 2386; x_wconf 90' lang='lat'>:</span> <span class='ocrx_word' id='word_1_305' title='bbox 844 2334 953 2387; x_wconf 90' lang='lat' dir='ltr'><strong>imo</strong></span> <span class='ocrx_word' id='word_1_306' title='bbox 985 2349 1053 2387; x_wconf 89' lang='lat' dir='ltr'><strong>ne</strong></span> <span class='ocrx_word' id='word_1_307' title='bbox 1085 2333 1360 2401; x_wconf 83' lang='lat' dir='ltr'><strong>respicere</strong></span> <span class='ocrx_word' id='word_1_308' title='bbox 1388 2331 1609 2400; x_wconf 82' lang='lat' dir='ltr'><strong>quidem</strong></span> <span class='ocrx_word' id='word_1_309' title='bbox 1656 2345 1754 2385; x_wconf 88' lang='lat' dir='ltr'><strong>vos</strong></span> <span class='ocrx_word' id='word_1_310' title='bbox 1798 2330 1973 2391; x_wconf 83' lang='lat' dir='ltr'><strong>volet,</strong></span> <span class='ocrx_word' id='word_1_311' title='bbox 2015 2337 2071 2384; x_wconf 88' lang='lat' dir='ltr'><strong>et</strong></span> 
     </span>
    </p>
   </div>
   <div class='ocr_carea' id='block_1_41' title="bbox 499 2421 2072 2490">
    <p class='ocr_par' dir='ltr' id='par_1_41' title="bbox 499 2421 2072 2490">
     <span class='ocr_line' id='line_1_41' title="bbox 499 2421 2072 2490; baseline -0.003 -11"><span class='ocrx_word' id='word_1_312' title='bbox 499 2425 834 2479; x_wconf 89' lang='lat' dir='ltr'><strong>instantibus</strong></span> <span class='ocrx_word' id='word_1_313' title='bbox 894 2424 1118 2477; x_wconf 90' lang='lat' dir='ltr'><strong>omnino</strong></span> <span class='ocrx_word' id='word_1_314' title='bbox 1178 2422 1337 2477; x_wconf 90' lang='lat' dir='ltr'><strong>malis</strong></span> <span class='ocrx_word' id='word_1_315' title='bbox 1394 2421 1728 2485; x_wconf 88' lang='lat' dir='ltr'><strong>contradet,</strong></span> <span class='ocrx_word' id='word_1_316' title='bbox 1786 2429 2072 2490; x_wconf 83' lang='lat' dir='ltr'><strong>propterea</strong></span> 
     </span>
    </p>
   </div>
   <div class='ocr_carea' id='block_1_42' title="bbox 499 2512 2075 2587">
    <p class='ocr_par' dir='ltr' id='par_1_42' title="bbox 499 2512 2075 2587">
     <span class='ocr_line' id='line_1_42' title="bbox 499 2512 2075 2587; baseline -0.004 -15"><span class='ocrx_word' id='word_1_317' title='bbox 499 2517 643 2587; x_wconf 89' lang='lat' dir='ltr'><strong>quod</strong></span> <span class='ocrx_word' id='word_1_318' title='bbox 681 2525 790 2571; x_wconf 85' lang='lat' dir='ltr'><strong>tam</strong></span> <span class='ocrx_word' id='word_1_319' title='bbox 824 2515 1046 2585; x_wconf 80' lang='lat' dir='ltr'><strong>indigna</strong></span> <span class='ocrx_word' id='word_1_320' title='bbox 1067 2556 1083 2579; x_wconf 86' lang='lat'><strong>,</strong></span> <span class='ocrx_word' id='word_1_321' title='bbox 1115 2525 1335 2583; x_wconf 88' lang='lat' dir='ltr'><strong>tamque</strong></span> <span class='ocrx_word' id='word_1_322' title='bbox 1366 2514 1524 2582; x_wconf 85' lang='lat' dir='ltr'><strong>plena</strong></span> <span class='ocrx_word' id='word_1_323' title='bbox 1554 2512 1836 2581; x_wconf 72' lang='lat' dir='ltr'><strong>injustitim</strong></span> <span class='ocrx_word' id='word_1_324' title='bbox 1862 2512 2075 2581; x_wconf 90' lang='lat' dir='ltr'><strong>operari</strong></span> 
     </span>
    </p>
   </div>
   <div class='ocr_carea' id='block_1_43' title="bbox 498 2604 2073 2678">
    <p class='ocr_par' dir='ltr' id='par_1_43' title="bbox 498 2604 2073 2678">
     <span class='ocr_line' id='line_1_43' title="bbox 498 2604 2073 2678; baseline -0.003 -16"><span class='ocrx_word' id='word_1_325' title='bbox 498 2626 597 2663; x_wconf 83' lang='lat' dir='ltr'><strong>vos</strong></span> <span class='ocrx_word' id='word_1_326' title='bbox 644 2610 911 2678; x_wconf 76' lang='lat' dir='ltr'><strong>cognovit.</strong></span> <span class='ocrx_word' id='word_1_327' title='bbox 966 2607 1082 2661; x_wconf 81' lang='lat' dir='ltr'><strong>Jam</strong></span> <span class='ocrx_word' id='word_1_328' title='bbox 1134 2617 1422 2676; x_wconf 87' lang='lat' dir='ltr'><strong>postquam</strong></span> <span class='ocrx_word' id='word_1_329' title='bbox 1469 2605 1607 2658; x_wconf 88' lang='lat' dir='ltr'><strong>dixit</strong></span> <span class='ocrx_word' id='word_1_330' title='bbox 1656 2620 1778 2673; x_wconf 70' lang='lat' dir='ltr'><strong>quae</strong></span> <span class='ocrx_word' id='word_1_331' title='bbox 1809 2604 2073 2667; x_wconf 81' lang='lat' dir='ltr'><strong>fecerint,</strong></span> 
     </span>
    </p>
   </div>
   <div class='ocr_carea' id='block_1_44' title="bbox 504 2695 2071 2767">
    <p class='ocr_par' dir='ltr' id='par_1_44' title="bbox 504 2695 2071 2767">
     <span class='ocr_line' id='line_1_44' title="bbox 504 2695 2071 2767; baseline -0.004 -14"><span class='ocrx_word' id='word_1_332' title='bbox 504 2699 663 2767; x_wconf 77' lang='lat'><strong>182</strong></span> <span class='ocrx_word' id='word_1_333' title='bbox 692 2708 747 2753; x_wconf 87' lang='lat' dir='ltr'><strong>et</strong></span> <span class='ocrx_word' id='word_1_334' title='bbox 775 2713 894 2767; x_wconf 61' lang='lat' dir='ltr'><strong>quas</strong></span> <span class='ocrx_word' id='word_1_335' title='bbox 923 2697 1033 2751; x_wconf 90' lang='lat' dir='ltr'><strong>sint</strong></span> <span class='ocrx_word' id='word_1_336' title='bbox 1061 2704 1344 2765; x_wconf 81' lang='lat' dir='ltr'><strong>prapterea</strong></span> <span class='ocrx_word' id='word_1_337' title='bbox 1369 2698 1583 2765; x_wconf 85' lang='lat' dir='ltr'><strong>passuri</strong></span> <span class='ocrx_word' id='word_1_338' title='bbox 1607 2736 1621 2759; x_wconf 94' lang='lat'><strong>,</strong></span> <span class='ocrx_word' id='word_1_339' title='bbox 1645 2695 1773 2764; x_wconf 89' lang='lat' dir='ltr'><strong>quia</strong></span> <span class='ocrx_word' id='word_1_340' title='bbox 1807 2695 2071 2749; x_wconf 83' lang='lat' dir='ltr'><strong>falsorum</strong></span> 
     </span>
    </p>
   </div>
   <div class='ocr_carea' id='block_1_45' title="bbox 499 2786 2075 2861">
    <p class='ocr_par' dir='ltr' id='par_1_45' title="bbox 499 2786 2075 2861">
     <span class='ocr_line' id='line_1_45' title="bbox 499 2786 2075 2861; baseline -0.002 -19"><span class='ocrx_word' id='word_1_341' title='bbox 499 2791 891 2861; x_wconf 86' lang='lat' dir='ltr'><strong>prophetarum</strong></span> <span class='ocrx_word' id='word_1_342' title='bbox 912 2788 1093 2842; x_wconf 85' lang='lat' dir='ltr'><strong>verbis</strong></span> <span class='ocrx_word' id='word_1_343' title='bbox 1118 2787 1488 2850; x_wconf 90' lang='lat' dir='ltr'><strong>crediderunt,</strong></span> <span class='ocrx_word' id='word_1_344' title='bbox 1504 2794 1693 2840; x_wconf 89' lang='lat' dir='ltr'><strong>contra</strong></span> <span class='ocrx_word' id='word_1_345' title='bbox 1718 2788 1868 2855; x_wconf 89' lang='lat' dir='ltr'><strong>ipsos</strong></span> <span class='ocrx_word' id='word_1_346' title='bbox 1894 2786 2075 2841; x_wconf 86' lang='lat' dir='ltr'><strong>denuo</strong></span> 
     </span>
    </p>
   </div>
   <div class='ocr_carea' id='block_1_46' title="bbox 501 2877 1895 2949">
    <p class='ocr_par' dir='ltr' id='par_1_46' title="bbox 501 2877 1895 2949">
     <span class='ocr_line' id='line_1_46' title="bbox 501 2877 1895 2949; baseline -0.003 -15"><span class='ocrx_word' id='word_1_347' title='bbox 501 2881 672 2935; x_wconf 86' lang='lat' dir='ltr'><strong>falsos</strong></span> <span class='ocrx_word' id='word_1_348' title='bbox 702 2880 994 2949; x_wconf 84' lang='lat' dir='ltr'><strong>prophetas</strong></span> <span class='ocrx_word' id='word_1_349' title='bbox 1022 2893 1331 2934; x_wconf 80' lang='lat' dir='ltr'><strong>sermonem</strong></span> <span class='ocrx_word' id='word_1_350' title='bbox 1363 2878 1666 2940; x_wconf 87' lang='lat' dir='ltr'><strong>convertit,</strong></span> <span class='ocrx_word' id='word_1_351' title='bbox 1699 2886 1753 2930; x_wconf 88' lang='lat' dir='ltr'><strong>et</strong></span> <span class='ocrx_word' id='word_1_352' title='bbox 1785 2877 1895 2930; x_wconf 88' lang='lat' dir='ltr'><strong>ait:</strong></span> 
     </span>
    </p>
   </div>
   <div class='ocr_carea' id='block_1_47' title="bbox 2167 1873 3742 1949">
    <p class='ocr_par' dir='ltr' id='par_1_47' title="bbox 2167 1873 3742 1949">
     <span class='ocr_line' id='line_1_47' title="bbox 2167 1873 3742 1949; baseline -0.004 -18"><span class='ocrx_word' id='word_1_353' title='bbox 2167 1880 2348 1931; x_wconf 77' lang='grc' dir='ltr'>αὐτῶν</span> <span class='ocrx_word' id='word_1_354' title='bbox 2373 1878 2667 1949; x_wconf 80' lang='grc' dir='ltr'>ἐξέδειραν,</span> <span class='ocrx_word' id='word_1_355' title='bbox 2699 1880 2793 1931; x_wconf 89' lang='lat' dir='ltr'><strong>xui</strong></span> <span class='ocrx_word' id='word_1_356' title='bbox 2820 1878 2889 1931; x_wconf 81' lang='grc' dir='ltr'>τὰ</span> <span class='ocrx_word' id='word_1_357' title='bbox 2912 1880 3047 1931; x_wconf 83' lang='grc' dir='ltr'>ὀστᾶ</span> <span class='ocrx_word' id='word_1_358' title='bbox 3073 1878 3249 1931; x_wconf 78' lang='grc' dir='ltr'>αὐτῶν</span> <span class='ocrx_word' id='word_1_359' title='bbox 3274 1875 3621 1937; x_wconf 85' lang='grc' dir='ltr'>συνέθλασαν,</span> <span class='ocrx_word' id='word_1_360' title='bbox 3649 1873 3742 1926; x_wconf 89' lang='lat' dir='ltr'><strong>xui</strong></span> 
     </span>
    </p>
   </div>
   <div class='ocr_carea' id='block_1_48' title="bbox 2169 1965 3742 2039">
    <p class='ocr_par' dir='ltr' id='par_1_48' title="bbox 2169 1965 3742 2039">
     <span class='ocr_line' id='line_1_48' title="bbox 2169 1965 3742 2039; baseline -0.004 -17"><span class='ocrx_word' id='word_1_361' title='bbox 2169 1969 2430 2039; x_wconf 79' lang='grc' dir='ltr'>ἐμέρισαν</span> <span class='ocrx_word' id='word_1_362' title='bbox 2459 1970 2535 2031; x_wconf 89' lang='grc' dir='ltr'>ὼς</span> <span class='ocrx_word' id='word_1_363' title='bbox 2568 1971 2778 2039; x_wconf 88' lang='grc' dir='ltr'>σάρκας</span> <span class='ocrx_word' id='word_1_364' title='bbox 2824 1970 2904 2031; x_wconf 74' lang='grc' dir='ltr'>εἰς</span> <span class='ocrx_word' id='word_1_365' title='bbox 2951 1969 3186 2037; x_wconf 81' lang='grc' dir='ltr'>λέϐητα,</span> <span class='ocrx_word' id='word_1_366' title='bbox 3237 1968 3328 2018; x_wconf 88' lang='lat' dir='ltr'><strong>xui</strong></span> <span class='ocrx_word' id='word_1_367' title='bbox 3371 1966 3445 2028; x_wconf 84' lang='grc' dir='ltr'>ὡς</span> <span class='ocrx_word' id='word_1_368' title='bbox 3476 1966 3612 2035; x_wconf 86' lang='grc' dir='ltr'>κρέα</span> <span class='ocrx_word' id='word_1_369' title='bbox 3662 1965 3742 2026; x_wconf 85' lang='grc' dir='ltr'><strong>είς</strong></span> 
     </span>
    </p>
   </div>
   <div class='ocr_carea' id='block_1_49' title="bbox 2168 2057 3744 2131">
    <p class='ocr_par' dir='ltr' id='par_1_49' title="bbox 2168 2057 3744 2131">
     <span class='ocr_line' id='line_1_49' title="bbox 2168 2057 3744 2131; baseline -0.003 -18"><span class='ocrx_word' id='word_1_370' title='bbox 2168 2060 2371 2131; x_wconf 77' lang='grc' dir='ltr'>χύτραν</span> <span class='ocrx_word' id='word_1_371' title='bbox 2397 2102 2411 2126; x_wconf 92' lang='grc'><strong>,</strong></span> <span class='ocrx_word' id='word_1_372' title='bbox 2449 2060 2622 2123; x_wconf 71' lang='grc' dir='ltr'>οὓτως</span> <span class='ocrx_word' id='word_1_373' title='bbox 2671 2060 3029 2131; x_wconf 83' lang='grc' dir='ltr'>κεκράξονται</span> <span class='ocrx_word' id='word_1_374' title='bbox 3066 2060 3200 2129; x_wconf 78' lang='grc' dir='ltr'>πρὸς</span> <span class='ocrx_word' id='word_1_375' title='bbox 3238 2059 3440 2129; x_wconf 81' lang='grc' dir='ltr'>Κύριον</span> <span class='ocrx_word' id='word_1_376' title='bbox 3465 2096 3480 2120; x_wconf 96' lang='grc'><strong>,</strong></span> <span class='ocrx_word' id='word_1_377' title='bbox 3517 2058 3610 2109; x_wconf 88' lang='lat' dir='ltr'><strong>xui</strong></span> <span class='ocrx_word' id='word_1_378' title='bbox 3640 2057 3744 2109; x_wconf 69' lang='grc' dir='ltr'>οὐκ</span> 
     </span>
    </p>
   </div>
   <div class='ocr_carea' id='block_1_50' title="bbox 2171 2149 3742 2221">
    <p class='ocr_par' dir='ltr' id='par_1_50' title="bbox 2171 2149 3742 2221">
     <span class='ocr_line' id='line_1_50' title="bbox 2171 2149 3742 2221; baseline -0.001 -20"><span class='ocrx_word' id='word_1_379' title='bbox 2171 2150 2550 2204; x_wconf 87' lang='grc' dir='ltr'>είσακούσεται</span> <span class='ocrx_word' id='word_1_380' title='bbox 2595 2150 2795 2214; x_wconf 77' lang='grc' dir='ltr'>αὐτῶν,</span> <span class='ocrx_word' id='word_1_381' title='bbox 2838 2152 2933 2203; x_wconf 91' lang='lat' dir='ltr'><strong>xui</strong></span> <span class='ocrx_word' id='word_1_382' title='bbox 2982 2150 3314 2221; x_wconf 72' lang='grc' dir='ltr'>ἀποστρέψει</span> <span class='ocrx_word' id='word_1_383' title='bbox 3352 2149 3414 2201; x_wconf 82' lang='grc' dir='ltr'>τὸ</span> <span class='ocrx_word' id='word_1_384' title='bbox 3454 2149 3742 2218; x_wconf 85' lang='grc' dir='ltr'>πρόσωπον</span> 
     </span>
    </p>
   </div>
   <div class='ocr_carea' id='block_1_51' title="bbox 2175 2234 3743 2311">
    <p class='ocr_par' dir='ltr' id='par_1_51' title="bbox 2175 2234 3743 2311">
     <span class='ocr_line' id='line_1_51' title="bbox 2175 2234 3743 2311; baseline 0.002 -20"><span class='ocrx_word' id='word_1_385' title='bbox 2175 2237 2339 2291; x_wconf 77' lang='grc' dir='ltr'>αὑτοῦ</span> <span class='ocrx_word' id='word_1_386' title='bbox 2373 2240 2466 2293; x_wconf 77' lang='grc' dir='ltr'>ἀπ’</span> <span class='ocrx_word' id='word_1_387' title='bbox 2509 2240 2688 2293; x_wconf 83' lang='grc' dir='ltr'>αὐτῶν</span> <span class='ocrx_word' id='word_1_388' title='bbox 2716 2241 2775 2292; x_wconf 86' lang='grc' dir='ltr'><strong>ἐν</strong></span> <span class='ocrx_word' id='word_1_389' title='bbox 2807 2240 2887 2311; x_wconf 84' lang='grc' dir='ltr'><strong>τῷ</strong></span> <span class='ocrx_word' id='word_1_390' title='bbox 2917 2241 3094 2311; x_wconf 82' lang='grc' dir='ltr'>καιρῷ</span> <span class='ocrx_word' id='word_1_391' title='bbox 3121 2241 3342 2310; x_wconf 84' lang='grc' dir='ltr'>ἐκείνῳ,</span> <span class='ocrx_word' id='word_1_392' title='bbox 3372 2240 3485 2292; x_wconf 83' lang='grc' dir='ltr'>ἀνθ’</span> <span class='ocrx_word' id='word_1_393' title='bbox 3512 2234 3587 2292; x_wconf 81' lang='grc' dir='ltr'>ὧν</span> <span class='ocrx_word' id='word_1_394' title='bbox 3613 2243 3743 2294; x_wconf 65' lang='lat'><strong>€7.0-</strong></span> 
     </span>
    </p>
   </div>
   <div class='ocr_carea' id='block_1_52' title="bbox 2176 2330 3747 2402">
    <p class='ocr_par' dir='ltr' id='par_1_52' title="bbox 2176 2330 3747 2402">
     <span class='ocr_line' id='line_1_52' title="bbox 2176 2330 3747 2402; baseline 0.001 -20"><span class='ocrx_word' id='word_1_395' title='bbox 2176 2330 2507 2400; x_wconf 88' lang='grc' dir='ltr'>νηρεύσαντο</span> <span class='ocrx_word' id='word_1_396' title='bbox 2559 2334 2616 2383; x_wconf 90' lang='grc' dir='ltr'><strong>ἐν</strong></span> <span class='ocrx_word' id='word_1_397' title='bbox 2662 2335 2775 2395; x_wconf 89' lang='grc' dir='ltr'>τοῖς</span> <span class='ocrx_word' id='word_1_398' title='bbox 2830 2332 3258 2402; x_wconf 79' lang='grc' dir='ltr'>ἐπιτηδεύμασιν</span> <span class='ocrx_word' id='word_1_399' title='bbox 3300 2331 3476 2384; x_wconf 81' lang='grc' dir='ltr'>αὐτῶν</span> <span class='ocrx_word' id='word_1_400' title='bbox 3518 2332 3603 2384; x_wconf 82' lang='grc' dir='ltr'>ἐπ’</span> <span class='ocrx_word' id='word_1_401' title='bbox 3641 2334 3747 2386; x_wconf 63' lang='lat' dir='ltr'><strong>ub-</strong></span> 
     </span>
    </p>
   </div>
   <div class='ocr_carea' id='block_1_53' title="bbox 2179 2421 3747 2495">
    <p class='ocr_par' dir='ltr' id='par_1_53' title="bbox 2179 2421 3747 2495">
     <span class='ocr_line' id='line_1_53' title="bbox 2179 2421 3747 2495; baseline -0.001 -22"><span class='ocrx_word' id='word_1_402' title='bbox 2179 2424 2310 2485; x_wconf 90' lang='grc' dir='ltr'>τοῖς.</span> <span class='ocrx_word' id='word_1_403' title='bbox 2354 2440 2373 2472; x_wconf 72' lang='grc' dir='ltr'><strong>ι</strong></span> <span class='ocrx_word' id='word_1_404' title='bbox 2418 2421 2633 2493; x_wconf 79' lang='grc' dir='ltr'>Ἐπειδὴ</span> <span class='ocrx_word' id='word_1_405' title='bbox 2668 2422 2807 2495; x_wconf 82' lang='grc' dir='ltr'>γὰρ,</span> <span class='ocrx_word' id='word_1_406' title='bbox 2849 2424 3049 2493; x_wconf 68' lang='grc' dir='ltr'>φησιν,</span> <span class='ocrx_word' id='word_1_407' title='bbox 3093 2422 3252 2492; x_wconf 80' lang='grc' dir='ltr'>ὑμεῖς</span> <span class='ocrx_word' id='word_1_408' title='bbox 3300 2422 3477 2475; x_wconf 86' lang='grc' dir='ltr'>πάντα</span> <span class='ocrx_word' id='word_1_409' title='bbox 3524 2422 3590 2474; x_wconf 76' lang='grc' dir='ltr'><strong>τὰ</strong></span> <span class='ocrx_word' id='word_1_410' title='bbox 3636 2421 3747 2474; x_wconf 90' lang='grc' dir='ltr'><strong>τῶν</strong></span> 
     </span>
    </p>
   </div>
   <div class='ocr_carea' id='block_1_54' title="bbox 2182 2512 3751 2583">
    <p class='ocr_par' dir='ltr' id='par_1_54' title="bbox 2182 2512 3751 2583">
     <span class='ocr_line' id='line_1_54' title="bbox 2182 2512 3751 2583; baseline 0.001 -19"><span class='ocrx_word' id='word_1_411' title='bbox 2182 2515 2429 2581; x_wconf 84' lang='grc' dir='ltr'>πενήτων</span> <span class='ocrx_word' id='word_1_412' title='bbox 2459 2514 2776 2583; x_wconf 76' lang='grc' dir='ltr'>ἀφῃρεῖσθε,</span> <span class='ocrx_word' id='word_1_413' title='bbox 2808 2514 3069 2577; x_wconf 77' lang='grc' dir='ltr'>ποικίλως</span> <span class='ocrx_word' id='word_1_414' title='bbox 3098 2513 3291 2575; x_wconf 78' lang='grc' dir='ltr'>αὐτοὺς</span> <span class='ocrx_word' id='word_1_415' title='bbox 3323 2512 3627 2575; x_wconf 74' lang='grc' dir='ltr'>ἀδικοῦντες</span> <span class='ocrx_word' id='word_1_416' title='bbox 3655 2515 3751 2566; x_wconf 87' lang='lat' dir='ltr'><strong>xui</strong></span> 
     </span>
    </p>
   </div>
   <div class='ocr_carea' id='block_1_55' title="bbox 2184 2603 3752 2676">
    <p class='ocr_par' dir='ltr' id='par_1_55' title="bbox 2184 2603 3752 2676">
     <span class='ocr_line' id='line_1_55' title="bbox 2184 2603 3752 2676; baseline 0.001 -20"><span class='ocrx_word' id='word_1_417' title='bbox 2184 2603 2444 2673; x_wconf 81' lang='grc' dir='ltr'>ἄρχοντες</span> <span class='ocrx_word' id='word_1_418' title='bbox 2464 2607 2560 2659; x_wconf 77' lang='grc' dir='ltr'>καὶ</span> <span class='ocrx_word' id='word_1_419' title='bbox 2588 2604 2986 2676; x_wconf 70' lang='grc' dir='ltr'>συντρίϐοντες,</span> <span class='ocrx_word' id='word_1_420' title='bbox 3013 2606 3099 2659; x_wconf 76' lang='grc' dir='ltr'>διὰ</span> <span class='ocrx_word' id='word_1_421' title='bbox 3122 2605 3279 2658; x_wconf 78' lang='grc' dir='ltr'>τοῦτο</span> <span class='ocrx_word' id='word_1_422' title='bbox 3305 2606 3399 2675; x_wconf 84' lang='grc' dir='ltr'>τῆς</span> <span class='ocrx_word' id='word_1_423' title='bbox 3429 2605 3617 2674; x_wconf 78' lang='grc' dir='ltr'>ἐφόδου</span> <span class='ocrx_word' id='word_1_424' title='bbox 3640 2604 3752 2657; x_wconf 84' lang='grc' dir='ltr'><strong>τῶν</strong></span> 
     </span>
    </p>
   </div>
   <div class='ocr_carea' id='block_1_56' title="bbox 2181 2698 3753 2770">
    <p class='ocr_par' dir='ltr' id='par_1_56' title="bbox 2181 2698 3753 2770">
     <span class='ocr_line' id='line_1_56' title="bbox 2181 2698 3753 2770; baseline 0.003 -21"><span class='ocrx_word' id='word_1_425' title='bbox 2181 2698 2457 2768; x_wconf 86' lang='grc' dir='ltr'>πολεμίων</span> <span class='ocrx_word' id='word_1_426' title='bbox 2480 2700 2807 2770; x_wconf 77' lang='grc' dir='ltr'>γιγνομένης</span> <span class='ocrx_word' id='word_1_427' title='bbox 2834 2701 3095 2753; x_wconf 86' lang='grc' dir='ltr'>καλέσετε</span> <span class='ocrx_word' id='word_1_428' title='bbox 3125 2701 3224 2770; x_wconf 86' lang='grc' dir='ltr'>μὲν</span> <span class='ocrx_word' id='word_1_429' title='bbox 3254 2701 3357 2753; x_wconf 83' lang='grc' dir='ltr'><strong>ύπὺ</strong></span> <span class='ocrx_word' id='word_1_430' title='bbox 3384 2701 3482 2769; x_wconf 74' lang='grc' dir='ltr'>τῆς</span> <span class='ocrx_word' id='word_1_431' title='bbox 3508 2700 3753 2770; x_wconf 78' lang='grc' dir='ltr'>ἀνάγκης</span> 
     </span>
    </p>
   </div>
   <div class='ocr_carea' id='block_1_57' title="bbox 2179 2789 3749 2863">
    <p class='ocr_par' dir='ltr' id='par_1_57' title="bbox 2179 2789 3749 2863">
     <span class='ocr_line' id='line_1_57' title="bbox 2179 2789 3749 2863; baseline 0.003 -22"><span class='ocrx_word' id='word_1_432' title='bbox 2179 2790 2268 2841; x_wconf 73' lang='grc' dir='ltr'>τὸν</span> <span class='ocrx_word' id='word_1_433' title='bbox 2295 2789 2448 2853; x_wconf 81' lang='grc' dir='ltr'>Θεὸν,</span> <span class='ocrx_word' id='word_1_434' title='bbox 2482 2790 2738 2860; x_wconf 72' lang='grc' dir='ltr'>οὐδεμιᾶς</span> <span class='ocrx_word' id='word_1_435' title='bbox 2758 2791 2813 2843; x_wconf 83' lang='grc' dir='ltr'><strong>δέ</strong></span> <span class='ocrx_word' id='word_1_436' title='bbox 2840 2791 3093 2857; x_wconf 79' lang='grc' dir='ltr'>τεύξεσθε</span> <span class='ocrx_word' id='word_1_437' title='bbox 3119 2793 3219 2862; x_wconf 81' lang='grc' dir='ltr'>τῆς</span> <span class='ocrx_word' id='word_1_438' title='bbox 3244 2791 3451 2845; x_wconf 88' lang='grc' dir='ltr'>ἐκεῖθεν</span> <span class='ocrx_word' id='word_1_439' title='bbox 3480 2791 3749 2863; x_wconf 79' lang='grc' dir='ltr'><strong>βοηθείας⁹</strong></span> 
     </span>
    </p>
   </div>
   <div class='ocr_carea' id='block_1_58' title="bbox 2168 2880 3752 2955">
    <p class='ocr_par' dir='ltr' id='par_1_58' title="bbox 2168 2880 3752 2955">
     <span class='ocr_line' id='line_1_58' title="bbox 2168 2880 3752 2955; baseline 0.001 -22"><span class='ocrx_word' id='word_1_440' title='bbox 2168 2880 2304 2934; x_wconf 72' lang='grc' dir='ltr'>ἀλλὰ</span> <span class='ocrx_word' id='word_1_441' title='bbox 2346 2881 2443 2950; x_wconf 84' lang='grc' dir='ltr'>μὲν</span> <span class='ocrx_word' id='word_1_442' title='bbox 2493 2882 2543 2933; x_wconf 81' lang='grc' dir='ltr'><strong>εί</strong></span> <span class='ocrx_word' id='word_1_443' title='bbox 2602 2882 2736 2952; x_wconf 89' lang='grc' dir='ltr'><strong>μηδέ</strong></span> <span class='ocrx_word' id='word_1_444' title='bbox 2797 2882 3159 2953; x_wconf 75' lang='grc' dir='ltr'>προσϐλέπειν</span> <span class='ocrx_word' id='word_1_445' title='bbox 3211 2884 3340 2954; x_wconf 83' lang='grc' dir='ltr'>ύμῖν</span> <span class='ocrx_word' id='word_1_446' title='bbox 3389 2884 3752 2955; x_wconf 78' lang='grc' dir='ltr'>αἱρούμενος,</span> 
     </span>
    </p>
   </div>
   <div class='ocr_carea' id='block_1_59' title="bbox 503 2960 3759 3047">
    <p class='ocr_par' dir='ltr' id='par_1_59' title="bbox 503 2960 3759 3047">
     <span class='ocr_line' id='line_1_59' title="bbox 503 2960 3759 3047; baseline 0.001 -23"><span class='ocrx_word' id='word_1_447' title='bbox 503 2960 780 3033; x_wconf 73' lang='grc' dir='ltr'>παντελῶς</span> <span class='ocrx_word' id='word_1_448' title='bbox 810 2970 867 3022; x_wconf 86' lang='grc' dir='ltr'>δὲ</span> <span class='ocrx_word' id='word_1_449' title='bbox 895 2972 1006 3032; x_wconf 91' lang='grc' dir='ltr'>τοῖς</span> <span class='ocrx_word' id='word_1_450' title='bbox 1035 2968 1351 3036; x_wconf 83' lang='grc' dir='ltr'>κατέχουσιν</span> <span class='ocrx_word' id='word_1_451' title='bbox 1379 2967 1619 3030; x_wconf 82' lang='grc' dir='ltr'>ἐκδιδοὺς</span> <span class='ocrx_word' id='word_1_452' title='bbox 1643 2969 1851 3031; x_wconf 80' lang='grc' dir='ltr'>κακοῖς,</span> <span class='ocrx_word' id='word_1_453' title='bbox 1892 2968 2076 3039; x_wconf 77' lang='grc' dir='ltr'>ἐπειδὴ</span> <span class='ocrx_word' id='word_1_454' title='bbox 2135 2970 2362 3025; x_wconf 80' lang='grc' dir='ltr'>τοιαῦτα</span> <span class='ocrx_word' id='word_1_455' title='bbox 2394 2971 2568 3026; x_wconf 77' lang='grc' dir='ltr'>ἄτοπα</span> <span class='ocrx_word' id='word_1_456' title='bbox 2608 2974 2703 3025; x_wconf 88' lang='lat' dir='ltr'><strong>xui</strong></span> <span class='ocrx_word' id='word_1_457' title='bbox 2761 2974 3027 3045; x_wconf 83' lang='grc' dir='ltr'>τοσαύτης</span> <span class='ocrx_word' id='word_1_458' title='bbox 3085 2974 3296 3038; x_wconf 82' lang='grc' dir='ltr'>ἀδικίας</span> <span class='ocrx_word' id='word_1_459' title='bbox 3332 2976 3505 3046; x_wconf 87' lang='grc' dir='ltr'>μεστά</span> <span class='ocrx_word' id='word_1_460' title='bbox 3544 2993 3759 3047; x_wconf 78' lang='grc' dir='ltr'>πεπραο</span> 
     </span>
    </p>
   </div>
   <div class='ocr_carea' id='block_1_60' title="bbox 503 3059 3758 3139">
    <p class='ocr_par' dir='ltr' id='par_1_60' title="bbox 503 3059 3758 3139">
     <span class='ocr_line' id='line_1_60' title="bbox 503 3059 3758 3139; baseline 0.002 -22"><span class='ocrx_word' id='word_1_461' title='bbox 503 3065 621 3135; x_wconf 87' lang='grc' dir='ltr'>χόσι</span> <span class='ocrx_word' id='word_1_462' title='bbox 653 3066 730 3133; x_wconf 87' lang='lat' dir='ltr'><strong>(p.</strong></span> <span class='ocrx_word' id='word_1_463' title='bbox 755 3063 881 3128; x_wconf 73' lang='lat'><strong>277)</strong></span> <span class='ocrx_word' id='word_1_464' title='bbox 909 3060 1144 3114; x_wconf 86' lang='grc' dir='ltr'>σύνοιδεν</span> <span class='ocrx_word' id='word_1_465' title='bbox 1175 3060 1335 3130; x_wconf 87' lang='grc' dir='ltr'>ὑμῖν·</span> <span class='ocrx_word' id='word_1_466' title='bbox 1366 3059 1605 3130; x_wconf 75' lang='grc' dir='ltr'>εἰρηκὼς</span> <span class='ocrx_word' id='word_1_467' title='bbox 1648 3060 1707 3113; x_wconf 80' lang='grc' dir='ltr'>δὲ</span> <span class='ocrx_word' id='word_1_468' title='bbox 1730 3061 1767 3114; x_wconf 82' lang='grc' dir='ltr'><strong>ἀ</strong></span> <span class='ocrx_word' id='word_1_469' title='bbox 1819 3078 1880 3114; x_wconf 91' lang='grc' dir='ltr'><strong>τε</strong></span> <span class='ocrx_word' id='word_1_470' title='bbox 1912 3061 2197 3133; x_wconf 76' lang='grc' dir='ltr'>ἔπραττον,</span> <span class='ocrx_word' id='word_1_471' title='bbox 2234 3066 2328 3119; x_wconf 84' lang='lat' dir='ltr'><strong>xui</strong></span> <span class='ocrx_word' id='word_1_472' title='bbox 2367 3063 2403 3119; x_wconf 83' lang='grc' dir='ltr'>ἃ</span> <span class='ocrx_word' id='word_1_473' title='bbox 2467 3067 2744 3122; x_wconf 82' lang='grc' dir='ltr'>πείσονται</span> <span class='ocrx_word' id='word_1_474' title='bbox 2797 3068 2936 3139; x_wconf 81' lang='grc' dir='ltr'>ὑπὲρ</span> <span class='ocrx_word' id='word_1_475' title='bbox 2986 3067 3221 3135; x_wconf 85' lang='grc' dir='ltr'>τούτων,</span> <span class='ocrx_word' id='word_1_476' title='bbox 3262 3071 3372 3133; x_wconf 88' lang='grc' dir='ltr'>τοῖς</span> <span class='ocrx_word' id='word_1_477' title='bbox 3410 3067 3519 3121; x_wconf 88' lang='grc' dir='ltr'><strong>τῶν</strong></span> <span class='ocrx_word' id='word_1_478' title='bbox 3567 3069 3758 3139; x_wconf 73' lang='grc' dir='ltr'>ψευδο·</span> 
     </span>
    </p>
   </div>
   <div class='ocr_carea' id='block_1_61' title="bbox 506 3152 3578 3231">
    <p class='ocr_par' dir='ltr' id='par_1_61' title="bbox 506 3152 3578 3231">
     <span class='ocr_line' id='line_1_61' title="bbox 506 3152 3578 3231; baseline 0.001 -20"><span class='ocrx_word' id='word_1_479' title='bbox 506 3156 798 3229; x_wconf 82' lang='grc' dir='ltr'>προφητῶν</span> <span class='ocrx_word' id='word_1_480' title='bbox 825 3152 1251 3216; x_wconf 84' lang='grc' dir='ltr'>πεπιστευκότες</span> <span class='ocrx_word' id='word_1_481' title='bbox 1288 3152 1487 3219; x_wconf 87' lang='grc' dir='ltr'>λόγοις,</span> <span class='ocrx_word' id='word_1_482' title='bbox 1529 3152 1616 3204; x_wconf 82' lang='grc' dir='ltr'><strong>ἐπ’</strong></span> <span class='ocrx_word' id='word_1_483' title='bbox 1661 3154 1860 3217; x_wconf 77' lang='grc' dir='ltr'>αὐτοὺς</span> <span class='ocrx_word' id='word_1_484' title='bbox 1889 3155 2051 3208; x_wconf 86' lang='grc' dir='ltr'>πάλιν</span> <span class='ocrx_word' id='word_1_485' title='bbox 2083 3158 2208 3222; x_wconf 81' lang='grc' dir='ltr'>τοὺς</span> <span class='ocrx_word' id='word_1_486' title='bbox 2240 3157 2690 3229; x_wconf 80' lang='grc' dir='ltr'>ψευδοπροφήτας</span> <span class='ocrx_word' id='word_1_487' title='bbox 2724 3160 2916 3231; x_wconf 84' lang='grc' dir='ltr'>τρέπει</span> <span class='ocrx_word' id='word_1_488' title='bbox 2947 3160 3036 3213; x_wconf 78' lang='grc' dir='ltr'><strong>τὸν</strong></span> <span class='ocrx_word' id='word_1_489' title='bbox 3075 3159 3228 3229; x_wconf 86' lang='grc' dir='ltr'>λόγον</span> <span class='ocrx_word' id='word_1_490' title='bbox 3248 3202 3261 3223; x_wconf 93' lang='grc'><strong>,</strong></span> <span class='ocrx_word' id='word_1_491' title='bbox 3298 3159 3391 3213; x_wconf 86' lang='grc' dir='ltr'><strong>καί</strong></span> <span class='ocrx_word' id='word_1_492' title='bbox 3421 3176 3578 3230; x_wconf 85' lang='grc' dir='ltr'>φησι·</span> 
     </span>
    </p>
   </div>
   <div class='ocr_carea' id='block_1_62' title="bbox 581 3244 2076 3323">
    <p class='ocr_par' dir='ltr' id='par_1_62' title="bbox 581 3244 2076 3316">
     <span class='ocr_line' id='line_1_62' title="bbox 581 3244 2076 3316; baseline 0 -15"><span class='ocrx_word' id='word_1_493' title='bbox 581 3247 743 3304; x_wconf 77' lang='lat' dir='ltr'><strong>Vsus.</strong></span> <span class='ocrx_word' id='word_1_494' title='bbox 776 3248 973 3302; x_wconf 85' lang='lat'><strong>5-7.-—</strong></span> <span class='ocrx_word' id='word_1_495' title='bbox 1003 3268 1022 3299; x_wconf 77' lang='grc' dir='ltr'><strong>ι</strong></span> <span class='ocrx_word' id='word_1_496' title='bbox 1052 3246 1177 3302; x_wconf 69' lang='lat' dir='ltr'><strong>Haec</strong></span> <span class='ocrx_word' id='word_1_497' title='bbox 1205 3245 1341 3299; x_wconf 84' lang='lat' dir='ltr'><strong>dicit</strong></span> <span class='ocrx_word' id='word_1_498' title='bbox 1371 3244 1636 3299; x_wconf 90' lang='lat' dir='ltr'><strong>Dominus</strong></span> <span class='ocrx_word' id='word_1_499' title='bbox 1656 3261 1821 3315; x_wconf 88' lang='lat' dir='ltr'><strong>super</strong></span> <span class='ocrx_word' id='word_1_500' title='bbox 1845 3247 2076 3316; x_wconf 85' lang='lat' dir='ltr'><strong>prophe—</strong></span> 
     </span>
    </p>
   </div>
   <div class='ocr_carea' id='block_1_63' title="bbox 2179 3244 3765 3323">
    <p class='ocr_par' dir='ltr' id='par_1_63' title="bbox 2250 3250 3765 3323">
     <span class='ocr_line' id='line_1_63' title="bbox 2250 3250 3765 3323; baseline 0.001 -21"><span class='ocrx_word' id='word_1_501' title='bbox 2250 3251 2398 3319; x_wconf 87' lang='grc' dir='ltr'>Στίχ.</span> <span class='ocrx_word' id='word_1_502' title='bbox 2434 3250 2567 3315; x_wconf 49' lang='lat' dir='ltr'><strong>etC.</strong></span> <span class='ocrx_word' id='word_1_503' title='bbox 2599 3276 2669 3291; x_wconf 71' lang='grc' dir='ltr'><strong>-ο</strong></span> <span class='ocrx_word' id='word_1_504' title='bbox 2708 3270 2728 3302; x_wconf 73' lang='grc' dir='ltr'><strong>ι</strong></span> <span class='ocrx_word' id='word_1_505' title='bbox 2764 3251 2899 3303; x_wconf 80' lang='grc' dir='ltr'>Τάδε</span> <span class='ocrx_word' id='word_1_506' title='bbox 2929 3252 3076 3320; x_wconf 81' lang='grc' dir='ltr'>λέγει</span> <span class='ocrx_word' id='word_1_507' title='bbox 3119 3250 3323 3322; x_wconf 79' lang='grc' dir='ltr'>Κύριος</span> <span class='ocrx_word' id='word_1_508' title='bbox 3355 3251 3445 3303; x_wconf 79' lang='grc' dir='ltr'>ἐπὶ</span> <span class='ocrx_word' id='word_1_509' title='bbox 3474 3252 3596 3314; x_wconf 77' lang='grc' dir='ltr'>τοὺς</span> <span class='ocrx_word' id='word_1_510' title='bbox 3628 3267 3765 3323; x_wconf 63' lang='grc' dir='ltr'>προ.</span> 
     </span>
    </p>
   </div>
   <div class='ocr_carea' id='block_1_64' title="bbox 505 3338 2084 3410">
    <p class='ocr_par' dir='ltr' id='par_1_64' title="bbox 505 3338 2084 3410">
     <span class='ocr_line' id='line_1_64' title="bbox 505 3338 2084 3410; baseline -0.001 -17"><span class='ocrx_word' id='word_1_511' title='bbox 505 3350 629 3404; x_wconf 87' lang='lat' dir='ltr'><strong>tas,</strong></span> <span class='ocrx_word' id='word_1_512' title='bbox 676 3340 767 3410; x_wconf 92' lang='lat' dir='ltr'><strong>qui</strong></span> <span class='ocrx_word' id='word_1_513' title='bbox 810 3339 1078 3396; x_wconf 89' lang='lat' dir='ltr'><strong>seducunt</strong></span> <span class='ocrx_word' id='word_1_514' title='bbox 1117 3339 1378 3409; x_wconf 90' lang='lat' dir='ltr'><strong>populum</strong></span> <span class='ocrx_word' id='word_1_515' title='bbox 1424 3354 1643 3401; x_wconf 88' lang='lat' dir='ltr'><strong>meum,</strong></span> <span class='ocrx_word' id='word_1_516' title='bbox 1701 3338 1793 3408; x_wconf 91' lang='lat' dir='ltr'><strong>qui</strong></span> <span class='ocrx_word' id='word_1_517' title='bbox 1833 3339 2084 3393; x_wconf 86' lang='lat' dir='ltr'><strong>mordent</strong></span> 
     </span>
    </p>
   </div>
   <div class='ocr_carea' id='block_1_65' title="bbox 505 3428 2089 3499">
    <p class='ocr_par' dir='ltr' id='par_1_65' title="bbox 505 3428 2089 3499">
     <span class='ocr_line' id='line_1_65' title="bbox 505 3428 2089 3499; baseline -0.001 -14"><span class='ocrx_word' id='word_1_518' title='bbox 505 3430 763 3485; x_wconf 88' lang='lat' dir='ltr'><strong>dentibus</strong></span> <span class='ocrx_word' id='word_1_519' title='bbox 789 3431 905 3485; x_wconf 83' lang='lat' dir='ltr'><strong>suis</strong></span> <span class='ocrx_word' id='word_1_520' title='bbox 928 3470 944 3494; x_wconf 91' lang='lat'><strong>,</strong></span> <span class='ocrx_word' id='word_1_521' title='bbox 975 3439 1029 3484; x_wconf 89' lang='lat' dir='ltr'><strong>et</strong></span> <span class='ocrx_word' id='word_1_522' title='bbox 1059 3431 1356 3499; x_wconf 65' lang='lat' dir='ltr'><strong>praedicant</strong></span> <span class='ocrx_word' id='word_1_523' title='bbox 1392 3429 1473 3483; x_wconf 89' lang='lat' dir='ltr'><strong>eis</strong></span> <span class='ocrx_word' id='word_1_524' title='bbox 1519 3444 1746 3498; x_wconf 88' lang='lat' dir='ltr'><strong>pacem;</strong></span> <span class='ocrx_word' id='word_1_525' title='bbox 1788 3429 1941 3497; x_wconf 84' lang='lat' dir='ltr'><strong>atqui</strong></span> <span class='ocrx_word' id='word_1_526' title='bbox 1974 3428 2089 3483; x_wconf 71' lang='lat' dir='ltr'><strong>haec</strong></span> 
     </span>
    </p>
   </div>
   <div class='ocr_carea' id='block_1_66' title="bbox 506 3519 2087 3589">
    <p class='ocr_par' dir='ltr' id='par_1_66' title="bbox 506 3519 2087 3589">
     <span class='ocr_line' id='line_1_66' title="bbox 506 3519 2087 3589; baseline -0.001 -15"><span class='ocrx_word' id='word_1_527' title='bbox 506 3522 703 3575; x_wconf 90' lang='lat' dir='ltr'><strong>tradita</strong></span> <span class='ocrx_word' id='word_1_528' title='bbox 731 3536 839 3576; x_wconf 88' lang='lat' dir='ltr'><strong>non</strong></span> <span class='ocrx_word' id='word_1_529' title='bbox 867 3530 951 3577; x_wconf 84' lang='lat' dir='ltr'><strong>est</strong></span> <span class='ocrx_word' id='word_1_530' title='bbox 979 3521 1062 3575; x_wconf 92' lang='lat' dir='ltr'><strong>ori</strong></span> <span class='ocrx_word' id='word_1_531' title='bbox 1098 3536 1311 3575; x_wconf 87' lang='lat' dir='ltr'><strong>eorum.</strong></span> <span class='ocrx_word' id='word_1_532' title='bbox 1338 3538 1362 3570; x_wconf 74' lang='grc' dir='ltr'><strong>ι</strong></span> <span class='ocrx_word' id='word_1_533' title='bbox 1380 3519 1504 3574; x_wconf 61' lang='lat' dir='ltr'><strong>Haec</strong></span> <span class='ocrx_word' id='word_1_534' title='bbox 1526 3520 1593 3573; x_wconf 90' lang='lat' dir='ltr'><strong>de</strong></span> <span class='ocrx_word' id='word_1_535' title='bbox 1616 3520 1772 3574; x_wconf 80' lang='lat' dir='ltr'><strong>falsis</strong></span> <span class='ocrx_word' id='word_1_536' title='bbox 1800 3520 2087 3589; x_wconf 81' lang='lat' dir='ltr'><strong>prapbetis</strong></span> 
     </span>
    </p>
   </div>
   <div class='ocr_carea' id='block_1_67' title="bbox 507 3609 2083 3681">
    <p class='ocr_par' dir='ltr' id='par_1_67' title="bbox 507 3609 2083 3681">
     <span class='ocr_line' id='line_1_67' title="bbox 507 3609 2083 3681; baseline -0.001 -15"><span class='ocrx_word' id='word_1_537' title='bbox 507 3612 646 3667; x_wconf 90' lang='lat' dir='ltr'><strong>dicit</strong></span> <span class='ocrx_word' id='word_1_538' title='bbox 676 3614 845 3675; x_wconf 86' lang='lat' dir='ltr'><strong>Deus,</strong></span> <span class='ocrx_word' id='word_1_539' title='bbox 876 3612 970 3681; x_wconf 90' lang='lat' dir='ltr'><strong>qui</strong></span> <span class='ocrx_word' id='word_1_540' title='bbox 1001 3611 1357 3665; x_wconf 81' lang='lat' dir='ltr'><strong>multifariam</strong></span> <span class='ocrx_word' id='word_1_541' title='bbox 1393 3609 1678 3664; x_wconf 78' lang='lat' dir='ltr'><strong>fraudibus</strong></span> <span class='ocrx_word' id='word_1_542' title='bbox 1712 3611 1969 3679; x_wconf 88' lang='lat' dir='ltr'><strong>populum</strong></span> <span class='ocrx_word' id='word_1_543' title='bbox 2013 3611 2083 3664; x_wconf 90' lang='lat' dir='ltr'><strong>ab</strong></span> 
     </span>
    </p>
   </div>
   <div class='ocr_carea' id='block_1_68' title="bbox 494 3700 2087 3771">
    <p class='ocr_par' dir='ltr' id='par_1_68' title="bbox 494 3700 2087 3771">
     <span class='ocr_line' id='line_1_68' title="bbox 494 3700 2087 3771; baseline -0.003 -16"><span class='ocrx_word' id='word_1_544' title='bbox 494 3704 744 3758; x_wconf 83' lang='lat' dir='ltr'><strong>~bonesto</strong></span> <span class='ocrx_word' id='word_1_545' title='bbox 766 3702 1117 3766; x_wconf 82' lang='lat' dir='ltr'><strong>abducentes,</strong></span> <span class='ocrx_word' id='word_1_546' title='bbox 1139 3717 1263 3756; x_wconf 87' lang='lat' dir='ltr'><strong>eum</strong></span> <span class='ocrx_word' id='word_1_547' title='bbox 1289 3700 1682 3771; x_wconf 88' lang='lat' dir='ltr'><strong>propemodum</strong></span> <span class='ocrx_word' id='word_1_548' title='bbox 1711 3709 1906 3753; x_wconf 86' lang='lat' dir='ltr'><strong>vorant</strong></span> <span class='ocrx_word' id='word_1_549' title='bbox 1936 3700 2087 3753; x_wconf 83' lang='lat' dir='ltr'><strong>fabu-</strong></span> 
     </span>
    </p>
   </div>
   <div class='ocr_carea' id='block_1_69' title="bbox 510 3791 2086 3863">
    <p class='ocr_par' dir='ltr' id='par_1_69' title="bbox 510 3791 2086 3863">
     <span class='ocr_line' id='line_1_69' title="bbox 510 3791 2086 3863; baseline -0.001 -16"><span class='ocrx_word' id='word_1_550' title='bbox 510 3794 808 3863; x_wconf 76' lang='lat' dir='ltr'><strong>lationibus</strong></span> <span class='ocrx_word' id='word_1_551' title='bbox 852 3794 968 3848; x_wconf 83' lang='lat' dir='ltr'><strong>suis</strong></span> <span class='ocrx_word' id='word_1_552' title='bbox 1006 3800 1060 3846; x_wconf 86' lang='lat' dir='ltr'><strong>et</strong></span> <span class='ocrx_word' id='word_1_553' title='bbox 1087 3794 1338 3855; x_wconf 87' lang='lat' dir='ltr'><strong>actibus,</strong></span> <span class='ocrx_word' id='word_1_554' title='bbox 1371 3791 1440 3846; x_wconf 92' lang='lat' dir='ltr'><strong>ad</strong></span> <span class='ocrx_word' id='word_1_555' title='bbox 1467 3806 1528 3849; x_wconf 83' lang='lat' dir='ltr'><strong>ea</strong></span> <span class='ocrx_word' id='word_1_556' title='bbox 1561 3791 1688 3847; x_wconf 89' lang='lat' dir='ltr'><strong>illos</strong></span> <span class='ocrx_word' id='word_1_557' title='bbox 1723 3801 2086 3859; x_wconf 83' lang='lat' dir='ltr'><strong>provocantes</strong></span> 
     </span>
    </p>
   </div>
   <div class='ocr_carea' id='block_1_70' title="bbox 509 3883 2091 3957">
    <p class='ocr_par' dir='ltr' id='par_1_70' title="bbox 509 3883 2091 3957">
     <span class='ocr_line' id='line_1_70' title="bbox 509 3883 2091 3957; baseline -0.001 -21"><span class='ocrx_word' id='word_1_558' title='bbox 509 3901 749 3957; x_wconf 85' lang='lat' dir='ltr'><strong>quorum</strong></span> <span class='ocrx_word' id='word_1_559' title='bbox 783 3901 951 3941; x_wconf 89' lang='lat' dir='ltr'><strong>causa</strong></span> <span class='ocrx_word' id='word_1_560' title='bbox 997 3886 1267 3955; x_wconf 87' lang='lat' dir='ltr'><strong>punitioni</strong></span> <span class='ocrx_word' id='word_1_561' title='bbox 1303 3885 1431 3938; x_wconf 80' lang='lat' dir='ltr'><strong>fient</strong></span> <span class='ocrx_word' id='word_1_562' title='bbox 1472 3883 1715 3937; x_wconf 81' lang='lat' dir='ltr'><strong>obnoxii.</strong></span> <span class='ocrx_word' id='word_1_563' title='bbox 1755 3883 2091 3937; x_wconf 83' lang='lat' dir='ltr'><strong>Constanter</strong></span> 
     </span>
    </p>
   </div>
   <div class='ocr_carea' id='block_1_71' title="bbox 514 3976 2087 4047">
    <p class='ocr_par' dir='ltr' id='par_1_71' title="bbox 514 3976 2087 4047">
     <span class='ocr_line' id='line_1_71' title="bbox 514 3976 2087 4047; baseline -0.003 -15"><span class='ocrx_word' id='word_1_564' title='bbox 514 3986 695 4032; x_wconf 86' lang='lat' dir='ltr'><strong>autem</strong></span> <span class='ocrx_word' id='word_1_565' title='bbox 724 3992 907 4047; x_wconf 86' lang='lat' dir='ltr'><strong>pacem</strong></span> <span class='ocrx_word' id='word_1_566' title='bbox 942 3977 1050 4030; x_wconf 89' lang='lat' dir='ltr'><strong>illis</strong></span> <span class='ocrx_word' id='word_1_567' title='bbox 1079 3977 1402 4030; x_wconf 79' lang='lat' dir='ltr'><strong>nuntiabant</strong></span> <span class='ocrx_word' id='word_1_568' title='bbox 1424 4016 1439 4038; x_wconf 88' lang='lat'><strong>,</strong></span> <span class='ocrx_word' id='word_1_569' title='bbox 1467 3983 1522 4030; x_wconf 91' lang='lat' dir='ltr'><strong>et</strong></span> <span class='ocrx_word' id='word_1_570' title='bbox 1556 3976 1703 4045; x_wconf 88' lang='lat' dir='ltr'><strong>quod</strong></span> <span class='ocrx_word' id='word_1_571' title='bbox 1737 3982 2087 4044; x_wconf 87' lang='lat' dir='ltr'><strong>peccatorum</strong></span> 
     </span>
    </p>
   </div>
   <div class='ocr_carea' id='block_1_72' title="bbox 516 4062 2090 4131">
    <p class='ocr_par' dir='ltr' id='par_1_72' title="bbox 516 4062 2090 4131">
     <span class='ocr_line' id='line_1_72' title="bbox 516 4062 2090 4131; baseline -0.006 -9"><span class='ocrx_word' id='word_1_572' title='bbox 516 4081 745 4122; x_wconf 90' lang='lat' dir='ltr'><strong>suorum</strong></span> <span class='ocrx_word' id='word_1_573' title='bbox 797 4079 965 4119; x_wconf 90' lang='lat' dir='ltr'><strong>causa</strong></span> <span class='ocrx_word' id='word_1_574' title='bbox 1021 4063 1154 4119; x_wconf 81' lang='lat' dir='ltr'><strong>nihil</strong></span> <span class='ocrx_word' id='word_1_575' title='bbox 1207 4064 1338 4117; x_wconf 83' lang='lat' dir='ltr'><strong>mali</strong></span> <span class='ocrx_word' id='word_1_576' title='bbox 1394 4062 1573 4117; x_wconf 89' lang='lat' dir='ltr'><strong>forent</strong></span> <span class='ocrx_word' id='word_1_577' title='bbox 1628 4062 1879 4131; x_wconf 82' lang='lat' dir='ltr'><strong>passuri,</strong></span> <span class='ocrx_word' id='word_1_578' title='bbox 1939 4062 2090 4129; x_wconf 82' lang='lat' dir='ltr'><strong>iuxta</strong></span> 
     </span>
    </p>
   </div>
   <div class='ocr_carea' id='block_1_73' title="bbox 514 4151 2091 4226">
    <p class='ocr_par' dir='ltr' id='par_1_73' title="bbox 514 4151 2091 4226">
     <span class='ocr_line' id='line_1_73' title="bbox 514 4151 2091 4226; baseline -0.004 -13"><span class='ocrx_word' id='word_1_579' title='bbox 514 4159 681 4213; x_wconf 85' lang='lat' dir='ltr'><strong>verba</strong></span> <span class='ocrx_word' id='word_1_580' title='bbox 711 4157 1121 4226; x_wconf 88' lang='lat' dir='ltr'><strong>prophetarum.</strong></span> <span class='ocrx_word' id='word_1_581' title='bbox 1155 4151 1264 4208; x_wconf 90' lang='lat' dir='ltr'><strong>Sed</strong></span> <span class='ocrx_word' id='word_1_582' title='bbox 1289 4153 1436 4208; x_wconf 85' lang='lat' dir='ltr'><strong>enim</strong></span> <span class='ocrx_word' id='word_1_583' title='bbox 1467 4151 1611 4206; x_wconf 89' lang='lat' dir='ltr'><strong>haud</strong></span> <span class='ocrx_word' id='word_1_584' title='bbox 1645 4152 1858 4205; x_wconf 85' lang='lat' dir='ltr'><strong>sincera</strong></span> <span class='ocrx_word' id='word_1_585' title='bbox 1906 4159 2091 4207; x_wconf 72' lang='lat' dir='ltr'><strong>mente</strong></span> 
     </span>
    </p>
   </div>
   <div class='ocr_carea' id='block_1_74' title="bbox 514 4242 2090 4319">
    <p class='ocr_par' dir='ltr' id='par_1_74' title="bbox 514 4242 2090 4319">
     <span class='ocr_line' id='line_1_74' title="bbox 514 4242 2090 4319; baseline -0.008 -15"><span class='ocrx_word' id='word_1_586' title='bbox 514 4250 838 4319; x_wconf 87' lang='lat' dir='ltr'><strong>loquentes,</strong></span> <span class='ocrx_word' id='word_1_587' title='bbox 884 4260 1071 4315; x_wconf 89' lang='lat' dir='ltr'><strong>pacem</strong></span> <span class='ocrx_word' id='word_1_588' title='bbox 1124 4258 1300 4298; x_wconf 88' lang='lat' dir='ltr'><strong>meam</strong></span> <span class='ocrx_word' id='word_1_589' title='bbox 1342 4242 1707 4303; x_wconf 87' lang='lat' dir='ltr'><strong>nuntiabant,</strong></span> <span class='ocrx_word' id='word_1_590' title='bbox 1752 4257 1915 4311; x_wconf 87' lang='lat' dir='ltr'><strong>quam</strong></span> <span class='ocrx_word' id='word_1_591' title='bbox 1964 4258 2090 4311; x_wconf 83' lang='lat' dir='ltr'><strong>pro-</strong></span> 
     </span>
    </p>
   </div>
   <div class='ocr_carea' id='block_1_75' title="bbox 516 4332 2090 4401">
    <p class='ocr_par' dir='ltr' id='par_1_75' title="bbox 516 4332 2090 4401">
     <span class='ocr_line' id='line_1_75' title="bbox 516 4332 2090 4401; baseline -0.005 -7"><span class='ocrx_word' id='word_1_592' title='bbox 516 4342 735 4394; x_wconf 86' lang='lat' dir='ltr'><strong>mittere</strong></span> <span class='ocrx_word' id='word_1_593' title='bbox 763 4338 941 4393; x_wconf 89' lang='lat' dir='ltr'><strong>edocti</strong></span> <span class='ocrx_word' id='word_1_594' title='bbox 972 4352 1001 4389; x_wconf 88' lang='lat' dir='ltr'><strong>a</strong></span> <span class='ocrx_word' id='word_1_595' title='bbox 1030 4351 1116 4389; x_wconf 91' lang='lat' dir='ltr'><strong>me</strong></span> <span class='ocrx_word' id='word_1_596' title='bbox 1147 4350 1254 4386; x_wconf 88' lang='lat' dir='ltr'><strong>non</strong></span> <span class='ocrx_word' id='word_1_597' title='bbox 1286 4333 1524 4387; x_wconf 86' lang='lat' dir='ltr'><strong>fuerant.</strong></span> <span class='ocrx_word' id='word_1_598' title='bbox 1558 4332 1714 4386; x_wconf 91' lang='lat' dir='ltr'><strong>Unde</strong></span> <span class='ocrx_word' id='word_1_599' title='bbox 1737 4332 1869 4401; x_wconf 86' lang='lat' dir='ltr'><strong>quid</strong></span> <span class='ocrx_word' id='word_1_600' title='bbox 1899 4332 2090 4386; x_wconf 82' lang='lat' dir='ltr'><strong>confc-</strong></span> 
     </span>
    </p>
   </div>
   <div class='ocr_carea' id='block_1_76' title="bbox 518 4422 2087 4491">
    <p class='ocr_par' dir='ltr' id='par_1_76' title="bbox 518 4422 2087 4491">
     <span class='ocr_line' id='line_1_76' title="bbox 518 4422 2087 4491; baseline -0.005 -6"><span class='ocrx_word' id='word_1_601' title='bbox 518 4430 751 4486; x_wconf 84' lang='lat' dir='ltr'><strong>cerunt?</strong></span> <span class='ocrx_word' id='word_1_602' title='bbox 777 4447 795 4482; x_wconf 72' lang='grc' dir='ltr'><strong>ι</strong></span> <span class='ocrx_word' id='word_1_603' title='bbox 823 4428 1311 4482; x_wconf 82' lang='lat' dir='ltr'><strong>Sanctificavcrunt</strong></span> <span class='ocrx_word' id='word_1_604' title='bbox 1336 4438 1503 4491; x_wconf 87' lang='lat' dir='ltr'><strong>super</strong></span> <span class='ocrx_word' id='word_1_605' title='bbox 1529 4438 1625 4477; x_wconf 86' lang='lat' dir='ltr'><strong>eos</strong></span> <span class='ocrx_word' id='word_1_606' title='bbox 1653 4423 1876 4477; x_wconf 85' lang='lat' dir='ltr'><strong>bellum.</strong></span> <span class='ocrx_word' id='word_1_607' title='bbox 1904 4442 1922 4475; x_wconf 70' lang='grc' dir='ltr'><strong>ι</strong></span> <span class='ocrx_word' id='word_1_608' title='bbox 1950 4422 2087 4477; x_wconf 85' lang='lat' dir='ltr'><strong>Dum</strong></span> 
     </span>
    </p>
   </div>
   <div class='ocr_carea' id='block_1_77' title="bbox 521 4514 2088 4591">
    <p class='ocr_par' dir='ltr' id='par_1_77' title="bbox 521 4514 2088 4591">
     <span class='ocr_line' id='line_1_77' title="bbox 521 4514 2088 4591; baseline -0.003 -19"><span class='ocrx_word' id='word_1_609' title='bbox 521 4536 708 4591; x_wconf 88' lang='lat' dir='ltr'><strong>pacem</strong></span> <span class='ocrx_word' id='word_1_610' title='bbox 752 4520 1043 4581; x_wconf 87' lang='lat' dir='ltr'><strong>nuntiant,</strong></span> <span class='ocrx_word' id='word_1_611' title='bbox 1089 4518 1291 4571; x_wconf 87' lang='lat' dir='ltr'><strong>bellum</strong></span> <span class='ocrx_word' id='word_1_612' title='bbox 1344 4514 1450 4584; x_wconf 87' lang='lat' dir='ltr'><strong>ipsi</strong></span> <span class='ocrx_word' id='word_1_613' title='bbox 1499 4516 1888 4578; x_wconf 78' lang='lat' dir='ltr'><strong>concitarunt,</strong></span> <span class='ocrx_word' id='word_1_614' title='bbox 1943 4514 2088 4583; x_wconf 91' lang='lat' dir='ltr'><strong>quod</strong></span> 
     </span>
    </p>
   </div>
   <div class='ocr_carea' id='block_1_78' title="bbox 2189 3341 3764 3413">
    <p class='ocr_par' dir='ltr' id='par_1_78' title="bbox 2189 3341 3764 3413">
     <span class='ocr_line' id='line_1_78' title="bbox 2189 3341 3764 3413; baseline 0.001 -20"><span class='ocrx_word' id='word_1_615' title='bbox 2189 3343 2364 3413; x_wconf 82' lang='grc' dir='ltr'>φήτας</span> <span class='ocrx_word' id='word_1_616' title='bbox 2385 3344 2508 3405; x_wconf 79' lang='grc' dir='ltr'>τοὺς</span> <span class='ocrx_word' id='word_1_617' title='bbox 2538 3342 2854 3405; x_wconf 88' lang='grc' dir='ltr'>πλανῶντας</span> <span class='ocrx_word' id='word_1_618' title='bbox 2881 3342 2972 3394; x_wconf 84' lang='grc' dir='ltr'>τὸν</span> <span class='ocrx_word' id='word_1_619' title='bbox 3007 3341 3133 3395; x_wconf 89' lang='grc' dir='ltr'>λαόν</span> <span class='ocrx_word' id='word_1_620' title='bbox 3169 3359 3290 3411; x_wconf 89' lang='grc' dir='ltr'>μου,</span> <span class='ocrx_word' id='word_1_621' title='bbox 3319 3342 3442 3405; x_wconf 74' lang='grc' dir='ltr'>τοὺς</span> <span class='ocrx_word' id='word_1_622' title='bbox 3467 3342 3764 3405; x_wconf 75' lang='grc' dir='ltr'>δάκνοντας</span> 
     </span>
    </p>
   </div>
   <div class='ocr_carea' id='block_1_79' title="bbox 2187 3434 3765 3505">
    <p class='ocr_par' dir='ltr' id='par_1_79' title="bbox 2187 3434 3765 3505">
     <span class='ocr_line' id='line_1_79' title="bbox 2187 3434 3765 3505; baseline 0.002 -20"><span class='ocrx_word' id='word_1_623' title='bbox 2187 3435 2244 3486; x_wconf 81' lang='grc' dir='ltr'><strong>ἐν</strong></span> <span class='ocrx_word' id='word_1_624' title='bbox 2275 3438 2387 3498; x_wconf 89' lang='grc' dir='ltr'>τοῖς</span> <span class='ocrx_word' id='word_1_625' title='bbox 2418 3435 2630 3488; x_wconf 79' lang='grc' dir='ltr'>ὀδοῦσιν</span> <span class='ocrx_word' id='word_1_626' title='bbox 2664 3434 2865 3498; x_wconf 82' lang='grc' dir='ltr'>αὐτῶν,</span> <span class='ocrx_word' id='word_1_627' title='bbox 2911 3435 3006 3488; x_wconf 84' lang='lat' dir='ltr'><strong>xui</strong></span> <span class='ocrx_word' id='word_1_628' title='bbox 3038 3434 3411 3505; x_wconf 85' lang='grc' dir='ltr'>κηρύσσοντας</span> <span class='ocrx_word' id='word_1_629' title='bbox 3448 3436 3532 3486; x_wconf 78' lang='grc' dir='ltr'>ἐπ’</span> <span class='ocrx_word' id='word_1_630' title='bbox 3574 3435 3765 3498; x_wconf 74' lang='grc' dir='ltr'>αὐτοῖς</span> 
     </span>
    </p>
   </div>
   <div class='ocr_carea' id='block_1_80' title="bbox 2187 3524 3768 3597">
    <p class='ocr_par' dir='ltr' id='par_1_80' title="bbox 2187 3524 3768 3597">
     <span class='ocr_line' id='line_1_80' title="bbox 2187 3524 3768 3597; baseline 0.002 -21"><span class='ocrx_word' id='word_1_631' title='bbox 2187 3526 2408 3597; x_wconf 85' lang='grc' dir='ltr'>εἰρήνην</span> <span class='ocrx_word' id='word_1_632' title='bbox 2428 3543 2441 3556; x_wconf 90' lang='grc'><strong>·</strong></span> <span class='ocrx_word' id='word_1_633' title='bbox 2474 3526 2566 3578; x_wconf 87' lang='lat' dir='ltr'><strong>xui</strong></span> <span class='ocrx_word' id='word_1_634' title='bbox 2593 3527 2691 3579; x_wconf 85' lang='grc' dir='ltr'>οὑκ</span> <span class='ocrx_word' id='word_1_635' title='bbox 2718 3525 2871 3597; x_wconf 88' lang='grc' dir='ltr'>ἐδόθη</span> <span class='ocrx_word' id='word_1_636' title='bbox 2903 3529 2982 3589; x_wconf 89' lang='grc' dir='ltr'><strong>είς</strong></span> <span class='ocrx_word' id='word_1_637' title='bbox 3007 3525 3068 3579; x_wconf 84' lang='grc' dir='ltr'>τὸ</span> <span class='ocrx_word' id='word_1_638' title='bbox 3089 3526 3263 3595; x_wconf 91' lang='grc' dir='ltr'>στόμα</span> <span class='ocrx_word' id='word_1_639' title='bbox 3285 3525 3479 3578; x_wconf 78' lang='grc' dir='ltr'>αὐτῶν.</span> <span class='ocrx_word' id='word_1_640' title='bbox 3512 3543 3530 3575; x_wconf 74' lang='grc' dir='ltr'><strong>ι</strong></span> <span class='ocrx_word' id='word_1_641' title='bbox 3576 3524 3768 3579; x_wconf 81' lang='grc' dir='ltr'>Ταῦτα</span> 
     </span>
    </p>
   </div>
   <div class='ocr_carea' id='block_1_81' title="bbox 2187 3615 3769 3689">
    <p class='ocr_par' dir='ltr' id='par_1_81' title="bbox 2187 3615 3769 3689">
     <span class='ocr_line' id='line_1_81' title="bbox 2187 3615 3769 3689; baseline 0.003 -21"><span class='ocrx_word' id='word_1_642' title='bbox 2187 3615 2263 3681; x_wconf 86' lang='grc' dir='ltr'><strong>δέ,</strong></span> <span class='ocrx_word' id='word_1_643' title='bbox 2285 3618 2437 3686; x_wconf 78' lang='grc' dir='ltr'>φησὶ,</span> <span class='ocrx_word' id='word_1_644' title='bbox 2459 3618 2587 3689; x_wconf 80' lang='grc' dir='ltr'>περὶ</span> <span class='ocrx_word' id='word_1_645' title='bbox 2611 3618 2716 3671; x_wconf 89' lang='grc' dir='ltr'><strong>τῶν</strong></span> <span class='ocrx_word' id='word_1_646' title='bbox 2738 3616 3201 3689; x_wconf 78' lang='grc' dir='ltr'>ψευδοπροφητῶν</span> <span class='ocrx_word' id='word_1_647' title='bbox 3227 3617 3377 3685; x_wconf 85' lang='grc' dir='ltr'>λέγει</span> <span class='ocrx_word' id='word_1_648' title='bbox 3402 3616 3553 3680; x_wconf 77' lang='grc' dir='ltr'>Θεὸς,</span> <span class='ocrx_word' id='word_1_649' title='bbox 3577 3617 3627 3670; x_wconf 86' lang='grc' dir='ltr'>οἶ</span> <span class='ocrx_word' id='word_1_650' title='bbox 3655 3617 3769 3672; x_wconf 82' lang='grc' dir='ltr'>δια-</span> 
     </span>
    </p>
   </div>
   <div class='ocr_carea' id='block_1_82' title="bbox 2189 3706 3768 3777">
    <p class='ocr_par' dir='ltr' id='par_1_82' title="bbox 2189 3706 3768 3777">
     <span class='ocr_line' id='line_1_82' title="bbox 2189 3706 3768 3777; baseline 0.002 -19"><span class='ocrx_word' id='word_1_651' title='bbox 2189 3706 2369 3777; x_wconf 84' lang='grc' dir='ltr'>φόρως</span> <span class='ocrx_word' id='word_1_652' title='bbox 2392 3710 2511 3771; x_wconf 87' lang='grc' dir='ltr'>ταῖς</span> <span class='ocrx_word' id='word_1_653' title='bbox 2536 3708 2746 3762; x_wconf 82' lang='grc' dir='ltr'>ἑαυτῶν</span> <span class='ocrx_word' id='word_1_654' title='bbox 2775 3709 3011 3771; x_wconf 86' lang='grc' dir='ltr'>ἀπάταις</span> <span class='ocrx_word' id='word_1_655' title='bbox 3031 3709 3311 3776; x_wconf 77' lang='grc' dir='ltr'>ἐξάγοντες</span> <span class='ocrx_word' id='word_1_656' title='bbox 3336 3707 3427 3760; x_wconf 80' lang='grc' dir='ltr'>τοῦ</span> <span class='ocrx_word' id='word_1_657' title='bbox 3464 3710 3768 3777; x_wconf 83' lang='grc' dir='ltr'>προσήκον-</span> 
     </span>
    </p>
   </div>
   <div class='ocr_carea' id='block_1_83' title="bbox 2187 3798 3767 3870">
    <p class='ocr_par' dir='ltr' id='par_1_83' title="bbox 2187 3798 3767 3870">
     <span class='ocr_line' id='line_1_83' title="bbox 2187 3798 3767 3870; baseline 0.003 -22"><span class='ocrx_word' id='word_1_658' title='bbox 2187 3814 2278 3860; x_wconf 86' lang='grc' dir='ltr'><strong>τος</strong></span> <span class='ocrx_word' id='word_1_659' title='bbox 2315 3798 2405 3849; x_wconf 80' lang='grc' dir='ltr'>τὸν</span> <span class='ocrx_word' id='word_1_660' title='bbox 2434 3798 2582 3863; x_wconf 80' lang='grc' dir='ltr'>λαὸν,</span> <span class='ocrx_word' id='word_1_661' title='bbox 2622 3802 2903 3870; x_wconf 74' lang='grc' dir='ltr'>μονονουχὶ</span> <span class='ocrx_word' id='word_1_662' title='bbox 2950 3799 3241 3869; x_wconf 84' lang='grc' dir='ltr'>κατήσθιον</span> <span class='ocrx_word' id='word_1_663' title='bbox 3280 3799 3473 3862; x_wconf 75' lang='grc' dir='ltr'>αὐτοὺς</span> <span class='ocrx_word' id='word_1_664' title='bbox 3504 3799 3659 3852; x_wconf 74' lang='grc' dir='ltr'>αὐτοὶ</span> <span class='ocrx_word' id='word_1_665' title='bbox 3700 3799 3767 3852; x_wconf 77' lang='grc' dir='ltr'>δι’</span> 
     </span>
    </p>
   </div>
   <div class='ocr_carea' id='block_1_84' title="bbox 2187 3879 3769 3963">
    <p class='ocr_par' dir='ltr' id='par_1_84' title="bbox 2187 3879 3769 3963">
     <span class='ocr_line' id='line_1_84' title="bbox 2187 3879 3769 3963; baseline 0.003 -23"><span class='ocrx_word' id='word_1_666' title='bbox 2187 3879 2263 3941; x_wconf 84' lang='grc' dir='ltr'>ὧν</span> <span class='ocrx_word' id='word_1_667' title='bbox 2283 3887 2465 3957; x_wconf 70' lang='grc' dir='ltr'>ἔλεγόν</span> <span class='ocrx_word' id='word_1_668' title='bbox 2485 3906 2545 3942; x_wconf 90' lang='grc' dir='ltr'><strong>τε</strong></span> <span class='ocrx_word' id='word_1_669' title='bbox 2568 3891 2663 3944; x_wconf 81' lang='lat' dir='ltr'><strong>xui</strong></span> <span class='ocrx_word' id='word_1_670' title='bbox 2683 3890 2969 3963; x_wconf 76' lang='grc' dir='ltr'>ἔπραττον,</span> <span class='ocrx_word' id='word_1_671' title='bbox 2992 3892 3085 3945; x_wconf 68' lang='grc' dir='ltr'>ἐπὶ</span> <span class='ocrx_word' id='word_1_672' title='bbox 3106 3890 3275 3944; x_wconf 80' lang='grc' dir='ltr'>ταῦτα</span> <span class='ocrx_word' id='word_1_673' title='bbox 3296 3891 3488 3953; x_wconf 75' lang='grc' dir='ltr'>αὐτοὺς</span> <span class='ocrx_word' id='word_1_674' title='bbox 3510 3891 3769 3944; x_wconf 83' lang='grc' dir='ltr'>ἐκκαλού-</span> 
     </span>
    </p>
   </div>
   <div class='ocr_carea' id='block_1_85' title="bbox 2194 3974 3769 4052">
    <p class='ocr_par' dir='ltr' id='par_1_85' title="bbox 2194 3974 3769 4052">
     <span class='ocr_line' id='line_1_85' title="bbox 2194 3974 3769 4052; baseline 0.002 -21"><span class='ocrx_word' id='word_1_675' title='bbox 2194 3995 2343 4049; x_wconf 89' lang='grc' dir='ltr'>μενοι</span> <span class='ocrx_word' id='word_1_676' title='bbox 2374 3980 2516 4051; x_wconf 80' lang='grc' dir='ltr'><strong>ύπέρ</strong></span> <span class='ocrx_word' id='word_1_677' title='bbox 2542 3974 2616 4034; x_wconf 78' lang='grc' dir='ltr'>ὧν</span> <span class='ocrx_word' id='word_1_678' title='bbox 2644 3981 2743 4052; x_wconf 87' lang='grc' dir='ltr'>τὴν</span> <span class='ocrx_word' id='word_1_679' title='bbox 2769 3982 3037 4051; x_wconf 88' lang='grc' dir='ltr'>τοσαύτην</span> <span class='ocrx_word' id='word_1_680' title='bbox 3068 3981 3300 4051; x_wconf 73' lang='grc' dir='ltr'>ἤμελλον</span> <span class='ocrx_word' id='word_1_681' title='bbox 3321 3980 3569 4050; x_wconf 85' lang='grc' dir='ltr'>δέχεσθαι</span> <span class='ocrx_word' id='word_1_682' title='bbox 3594 3999 3769 4052; x_wconf 86' lang='grc' dir='ltr'>τιμω-</span> 
     </span>
    </p>
   </div>
   <div class='ocr_carea' id='block_1_86' title="bbox 2194 4069 3765 4142">
    <p class='ocr_par' dir='ltr' id='par_1_86' title="bbox 2194 4069 3765 4142">
     <span class='ocr_line' id='line_1_86' title="bbox 2194 4069 3765 4142; baseline 0.002 -21"><span class='ocrx_word' id='word_1_683' title='bbox 2194 4069 2314 4140; x_wconf 87' lang='grc' dir='ltr'>ρίαν</span> <span class='ocrx_word' id='word_1_684' title='bbox 2335 4083 2348 4097; x_wconf 84' lang='grc'><em>’</em></span> <span class='ocrx_word' id='word_1_685' title='bbox 2378 4069 2646 4122; x_wconf 86' lang='grc' dir='ltr'>διετέλουν</span> <span class='ocrx_word' id='word_1_686' title='bbox 2675 4070 2783 4141; x_wconf 74' lang='grc' dir='ltr'>γὰρ</span> <span class='ocrx_word' id='word_1_687' title='bbox 2816 4072 3041 4142; x_wconf 80' lang='grc' dir='ltr'>εἰρήνην</span> <span class='ocrx_word' id='word_1_688' title='bbox 3070 4070 3252 4133; x_wconf 82' lang='grc' dir='ltr'>αὐτοῖς</span> <span class='ocrx_word' id='word_1_689' title='bbox 3282 4070 3765 4141; x_wconf 85' lang='grc' dir='ltr'>ἐπαγγελλόμενοι,</span> 
     </span>
    </p>
   </div>
   <div class='ocr_carea' id='block_1_87' title="bbox 2192 4156 3765 4231">
    <p class='ocr_par' dir='ltr' id='par_1_87' title="bbox 2192 4156 3765 4231">
     <span class='ocr_line' id='line_1_87' title="bbox 2192 4156 3765 4231; baseline -0.001 -21"><span class='ocrx_word' id='word_1_690' title='bbox 2192 4158 2287 4211; x_wconf 89' lang='lat' dir='ltr'><strong>xui</strong></span> <span class='ocrx_word' id='word_1_691' title='bbox 2319 4158 2394 4222; x_wconf 84' lang='grc' dir='ltr'>ὡς</span> <span class='ocrx_word' id='word_1_692' title='bbox 2418 4160 2569 4211; x_wconf 71' lang='grc' dir='ltr'>οὐδὲν</span> <span class='ocrx_word' id='word_1_693' title='bbox 2599 4159 2740 4231; x_wconf 79' lang='grc' dir='ltr'>ὑπὲρ</span> <span class='ocrx_word' id='word_1_694' title='bbox 2762 4156 2839 4216; x_wconf 82' lang='grc' dir='ltr'>ὧν</span> <span class='ocrx_word' id='word_1_695' title='bbox 2865 4159 3237 4228; x_wconf 84' lang='grc' dir='ltr'>ἁμαρτάνουσι</span> <span class='ocrx_word' id='word_1_696' title='bbox 3268 4159 3541 4211; x_wconf 87' lang='grc' dir='ltr'>πείσονται</span> <span class='ocrx_word' id='word_1_697' title='bbox 3576 4160 3765 4220; x_wconf 76' lang='grc' dir='ltr'>κακὸν,</span> 
     </span>
    </p>
   </div>
   <div class='ocr_carea' id='block_1_88' title="bbox 2191 4246 3768 4319">
    <p class='ocr_par' dir='ltr' id='par_1_88' title="bbox 2191 4246 3768 4319">
     <span class='ocr_line' id='line_1_88' title="bbox 2191 4246 3768 4319; baseline 0 -20"><span class='ocrx_word' id='word_1_698' title='bbox 2191 4247 2332 4299; x_wconf 87' lang='grc' dir='ltr'>κατὰ</span> <span class='ocrx_word' id='word_1_699' title='bbox 2353 4248 2420 4301; x_wconf 85' lang='grc' dir='ltr'><strong>τὰ</strong></span> <span class='ocrx_word' id='word_1_700' title='bbox 2442 4249 2508 4319; x_wconf 74' lang='grc' dir='ltr'><strong>ρή</strong></span> <span class='ocrx_word' id='word_1_701' title='bbox 2517 4265 2659 4317; x_wconf 85' lang='grc' dir='ltr'>ματα</span> <span class='ocrx_word' id='word_1_702' title='bbox 2680 4248 2787 4300; x_wconf 86' lang='grc' dir='ltr'><strong>τῶν</strong></span> <span class='ocrx_word' id='word_1_703' title='bbox 2805 4248 3116 4318; x_wconf 77' lang='grc' dir='ltr'>προφητῶν·</span> <span class='ocrx_word' id='word_1_704' title='bbox 3134 4247 3303 4300; x_wconf 80' lang='grc' dir='ltr'>ταῦτα</span> <span class='ocrx_word' id='word_1_705' title='bbox 3319 4246 3375 4298; x_wconf 85' lang='grc' dir='ltr'><strong>δέ</strong></span> <span class='ocrx_word' id='word_1_706' title='bbox 3391 4248 3449 4298; x_wconf 80' lang='grc' dir='ltr'><strong>ού</strong></span> <span class='ocrx_word' id='word_1_707' title='bbox 3472 4248 3615 4300; x_wconf 84' lang='grc' dir='ltr'><strong>κατά</strong></span> <span class='ocrx_word' id='word_1_708' title='bbox 3630 4247 3768 4315; x_wconf 82' lang='grc' dir='ltr'>γνώο</span> 
     </span>
    </p>
   </div>
   <div class='ocr_carea' id='block_1_89' title="bbox 2196 4335 3770 4408">
    <p class='ocr_par' dir='ltr' id='par_1_89' title="bbox 2196 4335 3770 4408">
     <span class='ocr_line' id='line_1_89' title="bbox 2196 4335 3770 4408; baseline 0.001 -21"><span class='ocrx_word' id='word_1_709' title='bbox 2196 4352 2302 4406; x_wconf 84' lang='grc' dir='ltr'><strong>μην</strong></span> <span class='ocrx_word' id='word_1_710' title='bbox 2329 4335 2427 4404; x_wconf 79' lang='grc' dir='ltr'>τὴν</span> <span class='ocrx_word' id='word_1_711' title='bbox 2454 4335 2591 4407; x_wconf 83' lang='grc' dir='ltr'>ἐμὴν</span> <span class='ocrx_word' id='word_1_712' title='bbox 2608 4336 3001 4407; x_wconf 83' lang='grc' dir='ltr'>ἐπηγγέλλοντο</span> <span class='ocrx_word' id='word_1_713' title='bbox 3022 4337 3264 4408; x_wconf 75' lang='grc' dir='ltr'>εἰρήνην,</span> <span class='ocrx_word' id='word_1_714' title='bbox 3286 4337 3350 4407; x_wconf 70' lang='grc' dir='ltr'>ἣν</span> <span class='ocrx_word' id='word_1_715' title='bbox 3368 4338 3468 4389; x_wconf 84' lang='grc' dir='ltr'><strong>ούκ</strong></span> <span class='ocrx_word' id='word_1_716' title='bbox 3492 4336 3770 4407; x_wconf 77' lang='grc' dir='ltr'>ἐδιδάχθη-</span> 
     </span>
    </p>
   </div>
   <div class='ocr_carea' id='block_1_90' title="bbox 2195 4420 3765 4499">
    <p class='ocr_par' dir='ltr' id='par_1_90' title="bbox 2195 4420 3765 4499">
     <span class='ocr_line' id='line_1_90' title="bbox 2195 4420 3765 4499; baseline 0.003 -22"><span class='ocrx_word' id='word_1_717' title='bbox 2195 4443 2293 4478; x_wconf 77' lang='grc' dir='ltr'><strong>σαν</strong></span> <span class='ocrx_word' id='word_1_718' title='bbox 2326 4426 2504 4492; x_wconf 86' lang='grc' dir='ltr'>λέγειν</span> <span class='ocrx_word' id='word_1_719' title='bbox 2539 4428 2668 4497; x_wconf 90' lang='grc' dir='ltr'>παρ’</span> <span class='ocrx_word' id='word_1_720' title='bbox 2695 4426 2850 4497; x_wconf 79' lang='grc' dir='ltr'>ἐμοῦ.</span> <span class='ocrx_word' id='word_1_721' title='bbox 2895 4428 3010 4496; x_wconf 82' lang='grc' dir='ltr'><strong>Ἀφ’</strong></span> <span class='ocrx_word' id='word_1_722' title='bbox 3049 4420 3122 4480; x_wconf 84' lang='grc' dir='ltr'>ὧν</span> <span class='ocrx_word' id='word_1_723' title='bbox 3165 4427 3228 4499; x_wconf 87' lang='grc' dir='ltr'><strong>δή</strong></span> <span class='ocrx_word' id='word_1_724' title='bbox 3272 4445 3322 4480; x_wconf 90' lang='grc' dir='ltr'><strong>τι</strong></span> <span class='ocrx_word' id='word_1_725' title='bbox 3364 4430 3765 4497; x_wconf 82' lang='grc' dir='ltr'>πεποιήκασιν;</span> 
     </span>
    </p>
   </div>
   <div class='ocr_carea' id='block_1_91' title="bbox 2199 4515 3768 4589">
    <p class='ocr_par' dir='ltr' id='par_1_91' title="bbox 2199 4515 3768 4589">
     <span class='ocr_line' id='line_1_91' title="bbox 2199 4515 3768 4589; baseline 0.004 -23"><span class='ocrx_word' id='word_1_726' title='bbox 2199 4535 2218 4566; x_wconf 79' lang='lat' dir='ltr'><strong>r</strong></span> <span class='ocrx_word' id='word_1_727' title='bbox 2268 4515 2531 4584; x_wconf 81' lang='grc' dir='ltr'>Ἡγίασαν</span> <span class='ocrx_word' id='word_1_728' title='bbox 2562 4518 2646 4569; x_wconf 85' lang='grc' dir='ltr'><strong>ἐπ’</strong></span> <span class='ocrx_word' id='word_1_729' title='bbox 2685 4517 2861 4570; x_wconf 85' lang='grc' dir='ltr'>αὐτῶν</span> <span class='ocrx_word' id='word_1_730' title='bbox 2904 4518 3154 4589; x_wconf 88' lang='grc' dir='ltr'>πόλεμον.</span> <span class='ocrx_word' id='word_1_731' title='bbox 3205 4538 3223 4569; x_wconf 74' lang='grc' dir='ltr'><strong>ι</strong></span> <span class='ocrx_word' id='word_1_732' title='bbox 3276 4518 3768 4588; x_wconf 78' lang='grc' dir='ltr'>Ἐπαγγελλόμενοι</span> 
     </span>
    </p>
   </div>
   <div class='ocr_carea' id='block_1_92' title="bbox 520 4596 2076 4683">
    <p class='ocr_par' dir='ltr' id='par_1_92' title="bbox 520 4608 2076 4677">
     <span class='ocr_line' id='line_1_92' title="bbox 520 4608 2076 4677; baseline -0.003 -10"><span class='ocrx_word' id='word_1_733' title='bbox 520 4623 712 4667; x_wconf 89' lang='lat' dir='ltr'><strong>contra</strong></span> <span class='ocrx_word' id='word_1_734' title='bbox 741 4626 835 4666; x_wconf 88' lang='lat' dir='ltr'><strong>eos</strong></span> <span class='ocrx_word' id='word_1_735' title='bbox 880 4611 997 4665; x_wconf 83' lang='lat' dir='ltr'><strong>fieri</strong></span> <span class='ocrx_word' id='word_1_736' title='bbox 1031 4610 1380 4665; x_wconf 79' lang='lat' dir='ltr'><strong>deﬁnierunt.</strong></span> <span class='ocrx_word' id='word_1_737' title='bbox 1414 4628 1432 4660; x_wconf 77' lang='grc' dir='ltr'><strong>ι</strong></span> <span class='ocrx_word' id='word_1_738' title='bbox 1464 4608 1766 4677; x_wconf 87' lang='lat' dir='ltr'><strong>Propterea</strong></span> <span class='ocrx_word' id='word_1_739' title='bbox 1800 4624 1908 4663; x_wconf 82' lang='lat' dir='ltr'><strong>nox</strong></span> <span class='ocrx_word' id='word_1_740' title='bbox 1941 4610 2076 4663; x_wconf 67' lang='lat' dir='ltr'><strong>robii</strong></span> 
     </span>
    </p>
   </div>
   <div class='ocr_carea' id='block_1_93' title="bbox 2179 4596 3767 4683">
    <p class='ocr_par' dir='ltr' id='par_1_93' title="bbox 2197 4606 3767 4683">
     <span class='ocr_line' id='line_1_93' title="bbox 2197 4606 3767 4683; baseline 0.002 -24"><span class='ocrx_word' id='word_1_741' title='bbox 2197 4606 2304 4678; x_wconf 71' lang='grc' dir='ltr'><strong>γὰρ</strong></span> <span class='ocrx_word' id='word_1_742' title='bbox 2330 4608 2553 4677; x_wconf 83' lang='grc' dir='ltr'>εἰρήνην</span> <span class='ocrx_word' id='word_1_743' title='bbox 2573 4647 2586 4662; x_wconf 88' lang='grc'><strong>.</strong></span> <span class='ocrx_word' id='word_1_744' title='bbox 2622 4607 2856 4678; x_wconf 88' lang='grc' dir='ltr'>πόλεμον</span> <span class='ocrx_word' id='word_1_745' title='bbox 2888 4610 3068 4673; x_wconf 78' lang='grc' dir='ltr'>αὐτοῖς</span> <span class='ocrx_word' id='word_1_746' title='bbox 3098 4611 3419 4680; x_wconf 82' lang='grc' dir='ltr'>ἐπήγειραν,</span> <span class='ocrx_word' id='word_1_747' title='bbox 3455 4609 3517 4661; x_wconf 87' lang='grc' dir='ltr'>ὃν</span> <span class='ocrx_word' id='word_1_748' title='bbox 3553 4610 3767 4683; x_wconf 81' lang='grc' dir='ltr'>ἀφώρι-</span> 
     </span>
    </p>
   </div>
   <div class='ocr_carea' id='block_1_94' title="bbox 519 4699 2097 4764">
    <p class='ocr_par' dir='ltr' id='par_1_94' title="bbox 519 4699 2097 4764">
     <span class='ocr_line' id='line_1_94' title="bbox 519 4699 2097 4764; baseline -0.004 -6"><span class='ocrx_word' id='word_1_749' title='bbox 519 4719 585 4758; x_wconf 82' lang='lat' dir='ltr'><strong>ex</strong></span> <span class='ocrx_word' id='word_1_750' title='bbox 617 4702 825 4756; x_wconf 81' lang='lat' dir='ltr'><strong>visione</strong></span> <span class='ocrx_word' id='word_1_751' title='bbox 855 4701 989 4764; x_wconf 87' lang='lat' dir='ltr'><strong>crit,</strong></span> <span class='ocrx_word' id='word_1_752' title='bbox 1039 4708 1095 4754; x_wconf 87' lang='lat' dir='ltr'><strong>et</strong></span> <span class='ocrx_word' id='word_1_753' title='bbox 1136 4700 1375 4754; x_wconf 67' lang='lat' dir='ltr'><strong>tenebrat</strong></span> <span class='ocrx_word' id='word_1_754' title='bbox 1417 4699 1573 4753; x_wconf 84' lang='lat' dir='ltr'><strong>vobis</strong></span> <span class='ocrx_word' id='word_1_755' title='bbox 1602 4705 1764 4753; x_wconf 88' lang='lat' dir='ltr'><strong>erunt</strong></span> <span class='ocrx_word' id='word_1_756' title='bbox 1788 4713 1853 4752; x_wconf 85' lang='lat' dir='ltr'><strong>ex</strong></span> <span class='ocrx_word' id='word_1_757' title='bbox 1885 4699 2097 4753; x_wconf 53' lang='lat' dir='ltr'><strong>divina-</strong></span> 
     </span>
    </p>
   </div>
   <div class='ocr_carea' id='block_1_95' title="bbox 520 4788 2098 4858">
    <p class='ocr_par' dir='ltr' id='par_1_95' title="bbox 520 4788 2098 4858">
     <span class='ocr_line' id='line_1_95' title="bbox 520 4788 2098 4858; baseline -0.001 -14"><span class='ocrx_word' id='word_1_758' title='bbox 520 4793 707 4845; x_wconf 86' lang='lat' dir='ltr'><strong>tione:</strong></span> <span class='ocrx_word' id='word_1_759' title='bbox 740 4798 794 4844; x_wconf 93' lang='lat' dir='ltr'><strong>et</strong></span> <span class='ocrx_word' id='word_1_760' title='bbox 822 4789 1107 4843; x_wconf 88' lang='lat' dir='ltr'><strong>occumbet</strong></span> <span class='ocrx_word' id='word_1_761' title='bbox 1138 4790 1220 4842; x_wconf 87' lang='lat' dir='ltr'><strong>sol</strong></span> <span class='ocrx_word' id='word_1_762' title='bbox 1246 4804 1408 4858; x_wconf 84' lang='lat' dir='ltr'><strong>super</strong></span> <span class='ocrx_word' id='word_1_763' title='bbox 1433 4789 1728 4858; x_wconf 87' lang='lat' dir='ltr'><strong>pr0phetas</strong></span> <span class='ocrx_word' id='word_1_764' title='bbox 1749 4826 1764 4851; x_wconf 92' lang='lat'><strong>,</strong></span> <span class='ocrx_word' id='word_1_765' title='bbox 1792 4797 1846 4843; x_wconf 84' lang='lat' dir='ltr'><strong>et</strong></span> <span class='ocrx_word' id='word_1_766' title='bbox 1868 4788 2098 4843; x_wconf 87' lang='lat' dir='ltr'><strong>obtene-</strong></span> 
     </span>
    </p>
   </div>
   <div class='ocr_carea' id='block_1_96' title="bbox 518 4876 2094 4948">
    <p class='ocr_par' dir='ltr' id='par_1_96' title="bbox 518 4876 2094 4948">
     <span class='ocr_line' id='line_1_96' title="bbox 518 4876 2094 4948; baseline -0.004 -12"><span class='ocrx_word' id='word_1_767' title='bbox 518 4882 769 4937; x_wconf 84' lang='lat' dir='ltr'><strong>brabitur</strong></span> <span class='ocrx_word' id='word_1_768' title='bbox 798 4894 963 4948; x_wconf 88' lang='lat' dir='ltr'><strong>super</strong></span> <span class='ocrx_word' id='word_1_769' title='bbox 1005 4893 1101 4933; x_wconf 85' lang='lat' dir='ltr'><strong>eos</strong></span> <span class='ocrx_word' id='word_1_770' title='bbox 1138 4878 1277 4932; x_wconf 88' lang='lat' dir='ltr'><strong>dies.</strong></span> <span class='ocrx_word' id='word_1_771' title='bbox 1327 4878 1390 4930; x_wconf 85' lang='lat' dir='ltr'><strong>Et</strong></span> <span class='ocrx_word' id='word_1_772' title='bbox 1427 4876 1838 4932; x_wconf 87' lang='lat' dir='ltr'><strong>confundentur</strong></span> <span class='ocrx_word' id='word_1_773' title='bbox 1872 4878 1966 4947; x_wconf 91' lang='lat' dir='ltr'><strong>qui</strong></span> <span class='ocrx_word' id='word_1_774' title='bbox 2013 4878 2094 4930; x_wconf 83' lang='lat' dir='ltr'><strong>vi-</strong></span> 
     </span>
    </p>
   </div>
   <div class='ocr_carea' id='block_1_97' title="bbox 2197 4697 3771 4769">
    <p class='ocr_par' dir='ltr' id='par_1_97' title="bbox 2197 4697 3771 4769">
     <span class='ocr_line' id='line_1_97' title="bbox 2197 4697 3771 4769; baseline 0.002 -19"><span class='ocrx_word' id='word_1_775' title='bbox 2197 4714 2295 4751; x_wconf 89' lang='grc' dir='ltr'><strong>σαν</strong></span> <span class='ocrx_word' id='word_1_776' title='bbox 2325 4700 2405 4760; x_wconf 76' lang='grc' dir='ltr'><strong>είς</strong></span> <span class='ocrx_word' id='word_1_777' title='bbox 2441 4697 2503 4750; x_wconf 85' lang='grc' dir='ltr'><strong>τδ</strong></span> <span class='ocrx_word' id='word_1_778' title='bbox 2548 4700 2889 4753; x_wconf 80' lang='grc' dir='ltr'>κατἀύτῶν</span> <span class='ocrx_word' id='word_1_779' title='bbox 2932 4699 3203 4769; x_wconf 85' lang='grc' dir='ltr'>γενέσθαι.</span> <span class='ocrx_word' id='word_1_780' title='bbox 3259 4719 3278 4751; x_wconf 86' lang='grc'><em>‹</em></span> <span class='ocrx_word' id='word_1_781' title='bbox 3330 4700 3428 4751; x_wconf 76' lang='grc' dir='ltr'>Διὰ</span> <span class='ocrx_word' id='word_1_782' title='bbox 3466 4699 3630 4752; x_wconf 74' lang='grc' dir='ltr'>τοῦτο</span> <span class='ocrx_word' id='word_1_783' title='bbox 3675 4700 3771 4766; x_wconf 76' lang='grc' dir='ltr'><strong>νὺξ</strong></span> 
     </span>
    </p>
   </div>
   <div class='ocr_carea' id='block_1_98' title="bbox 2196 4788 3774 4862">
    <p class='ocr_par' dir='ltr' id='par_1_98' title="bbox 2196 4788 3774 4862">
     <span class='ocr_line' id='line_1_98' title="bbox 2196 4788 3774 4862; baseline 0.001 -19"><span class='ocrx_word' id='word_1_784' title='bbox 2196 4791 2323 4860; x_wconf 79' lang='grc' dir='ltr'>ὑμῖν</span> <span class='ocrx_word' id='word_1_785' title='bbox 2371 4788 2523 4842; x_wconf 77' lang='grc' dir='ltr'>ἔσται</span> <span class='ocrx_word' id='word_1_786' title='bbox 2567 4790 2625 4854; x_wconf 81' lang='grc' dir='ltr'>ἐξ</span> <span class='ocrx_word' id='word_1_787' title='bbox 2663 4790 2941 4862; x_wconf 80' lang='grc' dir='ltr'>ὁράσεως,</span> <span class='ocrx_word' id='word_1_788' title='bbox 2982 4792 3077 4845; x_wconf 88' lang='lat' dir='ltr'><strong>xui</strong></span> <span class='ocrx_word' id='word_1_789' title='bbox 3121 4791 3308 4844; x_wconf 86' lang='grc' dir='ltr'>σκοτία</span> <span class='ocrx_word' id='word_1_790' title='bbox 3348 4791 3472 4860; x_wconf 87' lang='grc' dir='ltr'>ὑμῖν</span> <span class='ocrx_word' id='word_1_791' title='bbox 3510 4789 3663 4843; x_wconf 75' lang='grc' dir='ltr'>ἔσται</span> <span class='ocrx_word' id='word_1_792' title='bbox 3708 4793 3774 4844; x_wconf 74' lang='grc' dir='ltr'><strong>ἐκ</strong></span> 
     </span>
    </p>
   </div>
   <div class='ocr_carea' id='block_1_99' title="bbox 2200 4879 3772 4954">
    <p class='ocr_par' dir='ltr' id='par_1_99' title="bbox 2200 4879 3772 4954">
     <span class='ocr_line' id='line_1_99' title="bbox 2200 4879 3772 4954; baseline 0.001 -22"><span class='ocrx_word' id='word_1_793' title='bbox 2200 4879 2483 4950; x_wconf 65' lang='grc' dir='ltr'>μαντείας*</span> <span class='ocrx_word' id='word_1_794' title='bbox 2516 4880 2610 4932; x_wconf 83' lang='lat' dir='ltr'><strong>xui</strong></span> <span class='ocrx_word' id='word_1_795' title='bbox 2644 4879 2863 4935; x_wconf 77' lang='grc' dir='ltr'>δύσεται</span> <span class='ocrx_word' id='word_1_796' title='bbox 2897 4882 2924 4932; x_wconf 82' lang='grc' dir='ltr'>ὁ</span> <span class='ocrx_word' id='word_1_797' title='bbox 2958 4881 3108 4950; x_wconf 77' lang='grc' dir='ltr'>ἥλιος</span> <span class='ocrx_word' id='word_1_798' title='bbox 3146 4881 3238 4933; x_wconf 75' lang='grc' dir='ltr'>ἐπὶ</span> <span class='ocrx_word' id='word_1_799' title='bbox 3279 4882 3406 4945; x_wconf 79' lang='grc' dir='ltr'>τοὺς</span> <span class='ocrx_word' id='word_1_800' title='bbox 3460 4881 3772 4954; x_wconf 86' lang='grc' dir='ltr'>προφήτας,</span> 
     </span>
    </p>
   </div>
   <div class='ocr_carea' id='block_1_100' title="bbox 520 4966 2076 5044">
    <p class='ocr_par' dir='ltr' id='par_1_100' title="bbox 520 4966 2072 5033">
     <span class='ocr_line' id='line_1_100' title="bbox 520 4966 2072 5033; baseline -0.005 -7"><span class='ocrx_word' id='word_1_801' title='bbox 520 4973 654 5027; x_wconf 89' lang='lat' dir='ltr'><strong>dent</strong></span> <span class='ocrx_word' id='word_1_802' title='bbox 683 4970 898 5025; x_wconf 88' lang='lat' dir='ltr'><strong>somnia</strong></span> <span class='ocrx_word' id='word_1_803' title='bbox 921 5009 936 5033; x_wconf 91' lang='lat'><strong>,</strong></span> <span class='ocrx_word' id='word_1_804' title='bbox 964 4976 1020 5023; x_wconf 90' lang='lat' dir='ltr'><strong>et</strong></span> <span class='ocrx_word' id='word_1_805' title='bbox 1050 4968 1189 5022; x_wconf 89' lang='lat' dir='ltr'><strong>risui</strong></span> <span class='ocrx_word' id='word_1_806' title='bbox 1214 4974 1380 5021; x_wconf 91' lang='lat' dir='ltr'><strong>erunt</strong></span> <span class='ocrx_word' id='word_1_807' title='bbox 1409 4967 1604 5030; x_wconf 88' lang='lat' dir='ltr'><strong>arioli,</strong></span> <span class='ocrx_word' id='word_1_808' title='bbox 1628 4976 1683 5021; x_wconf 91' lang='lat' dir='ltr'><strong>et</strong></span> <span class='ocrx_word' id='word_1_809' title='bbox 1711 4966 2072 5021; x_wconf 87' lang='lat' dir='ltr'><strong>obtrectabun</strong></span> 
     </span>
    </p>
   </div>
   <div class='ocr_carea' id='block_1_101' title="bbox 2179 4966 3774 5044">
    <p class='ocr_par' dir='ltr' id='par_1_101' title="bbox 2196 4970 3774 5044">
     <span class='ocr_line' id='line_1_101' title="bbox 2196 4970 3774 5044; baseline -0.001 -18"><span class='ocrx_word' id='word_1_810' title='bbox 2196 4973 2293 5026; x_wconf 88' lang='lat' dir='ltr'><strong>xui</strong></span> <span class='ocrx_word' id='word_1_811' title='bbox 2325 4974 2652 5026; x_wconf 84' lang='grc' dir='ltr'>συσκοτάσει</span> <span class='ocrx_word' id='word_1_812' title='bbox 2697 4974 2783 5025; x_wconf 80' lang='grc' dir='ltr'><strong>ἐπ’</strong></span> <span class='ocrx_word' id='word_1_813' title='bbox 2822 4975 3020 5036; x_wconf 72' lang='grc' dir='ltr'>αὐτοὺς</span> <span class='ocrx_word' id='word_1_814' title='bbox 3058 4973 3092 5043; x_wconf 83' lang='grc' dir='ltr'>ὴ</span> <span class='ocrx_word' id='word_1_815' title='bbox 3126 4970 3336 5044; x_wconf 82' lang='grc' dir='ltr'>ἡμέρα·</span> <span class='ocrx_word' id='word_1_816' title='bbox 3366 4976 3381 5039; x_wconf 86' lang='lat'><strong>(</strong></span> <span class='ocrx_word' id='word_1_817' title='bbox 3408 4990 3458 5042; x_wconf 93' lang='lat' dir='ltr'><strong>p.</strong></span> <span class='ocrx_word' id='word_1_818' title='bbox 3500 4973 3645 5042; x_wconf 73' lang='lat'><strong>278)</strong></span> <span class='ocrx_word' id='word_1_819' title='bbox 3677 4974 3774 5026; x_wconf 86' lang='lat' dir='ltr'><strong>xui</strong></span> 
     </span>
    </p>
   </div>
   <div class='ocr_carea' id='block_1_102' title="bbox 521 5058 2092 5129">
    <p class='ocr_par' dir='ltr' id='par_1_102' title="bbox 521 5058 2092 5129">
     <span class='ocr_line' id='line_1_102' title="bbox 521 5058 2092 5129; baseline -0.003 -12"><span class='ocrx_word' id='word_1_820' title='bbox 521 5064 591 5118; x_wconf 88' lang='lat' dir='ltr'><strong>iis</strong></span> <span class='ocrx_word' id='word_1_821' title='bbox 617 5077 809 5116; x_wconf 89' lang='lat' dir='ltr'><strong>omnes</strong></span> <span class='ocrx_word' id='word_1_822' title='bbox 834 5079 850 5128; x_wconf 90' lang='lat'><strong>;</strong></span> <span class='ocrx_word' id='word_1_823' title='bbox 880 5060 1007 5129; x_wconf 85' lang='lat' dir='ltr'><strong>quia</strong></span> <span class='ocrx_word' id='word_1_824' title='bbox 1040 5074 1150 5113; x_wconf 91' lang='lat' dir='ltr'><strong>non</strong></span> <span class='ocrx_word' id='word_1_825' title='bbox 1181 5058 1287 5113; x_wconf 90' lang='lat' dir='ltr'><strong>erit</strong></span> <span class='ocrx_word' id='word_1_826' title='bbox 1316 5059 1409 5127; x_wconf 89' lang='lat' dir='ltr'><strong>qui</strong></span> <span class='ocrx_word' id='word_1_827' title='bbox 1447 5059 1572 5113; x_wconf 92' lang='lat' dir='ltr'><strong>illos</strong></span> <span class='ocrx_word' id='word_1_828' title='bbox 1601 5059 1805 5112; x_wconf 87' lang='lat' dir='ltr'><strong>audiat.</strong></span> <span class='ocrx_word' id='word_1_829' title='bbox 1843 5077 1860 5109; x_wconf 75' lang='grc' dir='ltr'><strong>ι</strong></span> <span class='ocrx_word' id='word_1_830' title='bbox 1891 5058 1997 5111; x_wconf 80' lang='lat' dir='ltr'><strong>Pro</strong></span> <span class='ocrx_word' id='word_1_831' title='bbox 2025 5073 2092 5112; x_wconf 87' lang='lat' dir='ltr'><strong>eo</strong></span> 
     </span>
    </p>
   </div>
   <div class='ocr_carea' id='block_1_103' title="bbox 522 5146 2090 5221">
    <p class='ocr_par' dir='ltr' id='par_1_103' title="bbox 522 5146 2090 5221">
     <span class='ocr_line' id='line_1_103' title="bbox 522 5146 2090 5221; baseline -0.003 -16"><span class='ocrx_word' id='word_1_832' title='bbox 522 5152 666 5221; x_wconf 86' lang='lat' dir='ltr'><strong>quod</strong></span> <span class='ocrx_word' id='word_1_833' title='bbox 697 5167 755 5206; x_wconf 90' lang='lat' dir='ltr'><strong>se</strong></span> <span class='ocrx_word' id='word_1_834' title='bbox 781 5150 964 5205; x_wconf 86' lang='lat' dir='ltr'><strong>videre</strong></span> <span class='ocrx_word' id='word_1_835' title='bbox 991 5157 1045 5204; x_wconf 89' lang='lat' dir='ltr'><strong>et</strong></span> <span class='ocrx_word' id='word_1_836' title='bbox 1087 5147 1334 5202; x_wconf 89' lang='lat' dir='ltr'><strong>divinare</strong></span> <span class='ocrx_word' id='word_1_837' title='bbox 1354 5187 1369 5211; x_wconf 90' lang='lat'><strong>,</strong></span> <span class='ocrx_word' id='word_1_838' title='bbox 1418 5148 1677 5217; x_wconf 89' lang='lat' dir='ltr'><strong>p0pulum</strong></span> <span class='ocrx_word' id='word_1_839' title='bbox 1721 5146 2090 5217; x_wconf 85' lang='lat' dir='ltr'><strong>decipientes,</strong></span> 
     </span>
    </p>
   </div>
   <div class='ocr_carea' id='block_1_104' title="bbox 523 5237 2093 5307">
    <p class='ocr_par' dir='ltr' id='par_1_104' title="bbox 523 5237 2093 5307">
     <span class='ocr_line' id='line_1_104' title="bbox 523 5237 2093 5307; baseline -0.003 -11"><span class='ocrx_word' id='word_1_840' title='bbox 523 5243 885 5305; x_wconf 88' lang='lat' dir='ltr'><strong>simulabant,</strong></span> <span class='ocrx_word' id='word_1_841' title='bbox 928 5240 1170 5297; x_wconf 81' lang='lat' dir='ltr'><strong>tenebris</strong></span> <span class='ocrx_word' id='word_1_842' title='bbox 1204 5238 1308 5307; x_wconf 90' lang='lat' dir='ltr'><strong>ipsi</strong></span> <span class='ocrx_word' id='word_1_843' title='bbox 1359 5246 1413 5291; x_wconf 88' lang='lat' dir='ltr'><strong>et</strong></span> <span class='ocrx_word' id='word_1_844' title='bbox 1455 5237 1537 5291; x_wconf 89' lang='lat' dir='ltr'><strong>eis</strong></span> <span class='ocrx_word' id='word_1_845' title='bbox 1580 5239 1872 5292; x_wconf 86' lang='lat' dir='ltr'><strong>credentes</strong></span> <span class='ocrx_word' id='word_1_846' title='bbox 1910 5237 2093 5291; x_wconf 88' lang='lat' dir='ltr'><strong>cuncti</strong></span> 
     </span>
    </p>
   </div>
   <div class='ocr_carea' id='block_1_105' title="bbox 524 5328 2093 5398">
    <p class='ocr_par' dir='ltr' id='par_1_105' title="bbox 524 5328 2093 5398">
     <span class='ocr_line' id='line_1_105' title="bbox 524 5328 2093 5398; baseline -0.004 -9"><span class='ocrx_word' id='word_1_847' title='bbox 524 5337 823 5389; x_wconf 90' lang='lat' dir='ltr'><strong>obruentur</strong></span> <span class='ocrx_word' id='word_1_848' title='bbox 852 5349 866 5384; x_wconf 92' lang='lat'><strong>:</strong></span> <span class='ocrx_word' id='word_1_849' title='bbox 896 5333 1033 5387; x_wconf 89' lang='lat' dir='ltr'><strong>adeo</strong></span> <span class='ocrx_word' id='word_1_850' title='bbox 1058 5339 1209 5386; x_wconf 89' lang='lat' dir='ltr'><strong>utne</strong></span> <span class='ocrx_word' id='word_1_851' title='bbox 1235 5330 1316 5384; x_wconf 85' lang='lat' dir='ltr'><strong>sol</strong></span> <span class='ocrx_word' id='word_1_852' title='bbox 1334 5328 1554 5398; x_wconf 88' lang='lat' dir='ltr'><strong>quidem</strong></span> <span class='ocrx_word' id='word_1_853' title='bbox 1585 5329 1872 5397; x_wconf 87' lang='lat' dir='ltr'><strong>splendere</strong></span> <span class='ocrx_word' id='word_1_854' title='bbox 1897 5329 1979 5383; x_wconf 88' lang='lat' dir='ltr'><strong>eis</strong></span> <span class='ocrx_word' id='word_1_855' title='bbox 2009 5328 2093 5382; x_wconf 83' lang='lat' dir='ltr'><strong>vi-</strong></span> 
     </span>
    </p>
   </div>
   <div class='ocr_carea' id='block_1_106' title="bbox 2198 5060 3774 5133">
    <p class='ocr_par' dir='ltr' id='par_1_106' title="bbox 2198 5060 3774 5133">
     <span class='ocr_line' id='line_1_106' title="bbox 2198 5060 3774 5133; baseline 0.001 -20"><span class='ocrx_word' id='word_1_856' title='bbox 2198 5061 2750 5130; x_wconf 87' lang='grc' dir='ltr'>καταισχυνθήσονται</span> <span class='ocrx_word' id='word_1_857' title='bbox 2776 5062 2824 5113; x_wconf 81' lang='grc' dir='ltr'>οἱ</span> <span class='ocrx_word' id='word_1_858' title='bbox 2849 5062 3084 5133; x_wconf 85' lang='grc' dir='ltr'>ὁρῶντες</span> <span class='ocrx_word' id='word_1_859' title='bbox 3108 5062 3173 5115; x_wconf 88' lang='grc' dir='ltr'><strong>τά</strong></span> <span class='ocrx_word' id='word_1_860' title='bbox 3204 5060 3450 5123; x_wconf 84' lang='grc' dir='ltr'>ἐνύπνια,</span> <span class='ocrx_word' id='word_1_861' title='bbox 3478 5063 3573 5114; x_wconf 84' lang='lat' dir='ltr'><strong>xui</strong></span> <span class='ocrx_word' id='word_1_862' title='bbox 3603 5079 3774 5114; x_wconf 80' lang='grc' dir='ltr'>κατα-</span> 
     </span>
    </p>
   </div>
   <div class='ocr_carea' id='block_1_107' title="bbox 2198 5150 3774 5222">
    <p class='ocr_par' dir='ltr' id='par_1_107' title="bbox 2198 5150 3774 5222">
     <span class='ocr_line' id='line_1_107' title="bbox 2198 5150 3774 5222; baseline 0.001 -20"><span class='ocrx_word' id='word_1_863' title='bbox 2198 5150 2620 5221; x_wconf 84' lang='grc' dir='ltr'>γελασθήσονται</span> <span class='ocrx_word' id='word_1_864' title='bbox 2660 5154 2710 5204; x_wconf 88' lang='grc' dir='ltr'><strong>οί</strong></span> <span class='ocrx_word' id='word_1_865' title='bbox 2755 5152 3006 5222; x_wconf 85' lang='grc' dir='ltr'>μάντεις,</span> <span class='ocrx_word' id='word_1_866' title='bbox 3042 5153 3133 5205; x_wconf 91' lang='lat' dir='ltr'><strong>xui</strong></span> <span class='ocrx_word' id='word_1_867' title='bbox 3170 5152 3607 5222; x_wconf 87' lang='grc' dir='ltr'>καταλαλήσουσι</span> <span class='ocrx_word' id='word_1_868' title='bbox 3653 5154 3774 5205; x_wconf 85' lang='grc' dir='ltr'>κατ’</span> 
     </span>
    </p>
   </div>
   <div class='ocr_carea' id='block_1_108' title="bbox 2199 5241 3774 5305">
    <p class='ocr_par' dir='ltr' id='par_1_108' title="bbox 2199 5241 3774 5305">
     <span class='ocr_line' id='line_1_108' title="bbox 2199 5241 3774 5305; baseline 0.003 -13"><span class='ocrx_word' id='word_1_869' title='bbox 2199 5241 2377 5293; x_wconf 86' lang='grc' dir='ltr'>αὐτῶν</span> <span class='ocrx_word' id='word_1_870' title='bbox 2421 5242 2623 5305; x_wconf 83' lang='grc' dir='ltr'>πάντες</span> <span class='ocrx_word' id='word_1_871' title='bbox 2653 5243 2840 5296; x_wconf 71' lang='grc' dir='ltr'>αὐτοί*</span> <span class='ocrx_word' id='word_1_872' title='bbox 2889 5245 3023 5298; x_wconf 89' lang='grc' dir='ltr'>διότι</span> <span class='ocrx_word' id='word_1_873' title='bbox 3065 5246 3165 5297; x_wconf 81' lang='grc' dir='ltr'>οὐκ</span> <span class='ocrx_word' id='word_1_874' title='bbox 3213 5244 3365 5297; x_wconf 74' lang='grc' dir='ltr'>ἔσται</span> <span class='ocrx_word' id='word_1_875' title='bbox 3412 5246 3441 5297; x_wconf 84' lang='grc' dir='ltr'><strong>ὁ</strong></span> <span class='ocrx_word' id='word_1_876' title='bbox 3483 5244 3774 5298; x_wconf 87' lang='grc' dir='ltr'>ἐπακούων</span> 
     </span>
    </p>
   </div>
   <div class='ocr_carea' id='block_1_109' title="bbox 2200 5326 3771 5405">
    <p class='ocr_par' dir='ltr' id='par_1_109' title="bbox 2200 5326 3771 5405">
     <span class='ocr_line' id='line_1_109' title="bbox 2200 5326 3771 5405; baseline 0.003 -22"><span class='ocrx_word' id='word_1_877' title='bbox 2200 5330 2399 5384; x_wconf 84' lang='grc' dir='ltr'>αὐτῶν.</span> <span class='ocrx_word' id='word_1_878' title='bbox 2440 5349 2459 5381; x_wconf 72' lang='grc' dir='ltr'><strong>ι</strong></span> <span class='ocrx_word' id='word_1_879' title='bbox 2513 5331 2685 5401; x_wconf 84' lang='grc' dir='ltr'>’Υπὲρ</span> <span class='ocrx_word' id='word_1_880' title='bbox 2712 5331 2776 5402; x_wconf 80' lang='grc' dir='ltr'>δὴ</span> <span class='ocrx_word' id='word_1_881' title='bbox 2807 5332 3009 5387; x_wconf 87' lang='grc' dir='ltr'>τούτων</span> <span class='ocrx_word' id='word_1_882' title='bbox 3039 5326 3114 5386; x_wconf 84' lang='grc' dir='ltr'>ὧν</span> <span class='ocrx_word' id='word_1_883' title='bbox 3151 5335 3282 5405; x_wconf 78' lang='grc' dir='ltr'>δρᾷν</span> <span class='ocrx_word' id='word_1_884' title='bbox 3321 5350 3380 5385; x_wconf 89' lang='grc' dir='ltr'><strong>τε</strong></span> <span class='ocrx_word' id='word_1_885' title='bbox 3409 5334 3504 5389; x_wconf 76' lang='grc' dir='ltr'>καὶ</span> <span class='ocrx_word' id='word_1_886' title='bbox 3536 5335 3771 5405; x_wconf 75' lang='grc' dir='ltr'>μαντεύ-</span> 
     </span>
    </p>
   </div>
   <div class='ocr_carea' id='block_1_110' title="bbox 499 5420 2076 5494">
    <p class='ocr_par' dir='ltr' id='par_1_110' title="bbox 499 5420 2076 5493">
     <span class='ocr_line' id='line_1_110' title="bbox 499 5420 2076 5493; baseline -0.007 -11"><span class='ocrx_word' id='word_1_887' title='bbox 499 5426 735 5482; x_wconf 67' lang='grc' dir='ltr'>’άοηιιιιε</span> <span class='ocrx_word' id='word_1_888' title='bbox 751 5426 823 5479; x_wconf 90' lang='lat' dir='ltr'><strong>sit</strong></span> <span class='ocrx_word' id='word_1_889' title='bbox 838 5423 1210 5493; x_wconf 74' lang='lat' dir='ltr'><strong>magnitudine</strong></span> <span class='ocrx_word' id='word_1_890' title='bbox 1227 5422 1496 5476; x_wconf 88' lang='lat' dir='ltr'><strong>malorum</strong></span> <span class='ocrx_word' id='word_1_891' title='bbox 1518 5420 1888 5474; x_wconf 84' lang='lat' dir='ltr'><strong>obtenehratis</strong></span> <span class='ocrx_word' id='word_1_892' title='bbox 1913 5437 1927 5473; x_wconf 90' lang='lat'><strong>:</strong></span> <span class='ocrx_word' id='word_1_893' title='bbox 1958 5426 2013 5473; x_wconf 91' lang='lat' dir='ltr'><strong>et</strong></span> <span class='ocrx_word' id='word_1_894' title='bbox 2043 5420 2076 5472; x_wconf 93' lang='lat' dir='ltr'><strong>h</strong></span> 
     </span>
    </p>
   </div>
   <div class='ocr_carea' id='block_1_111' title="bbox 2179 5420 3770 5494">
    <p class='ocr_par' dir='ltr' id='par_1_111' title="bbox 2194 5420 3770 5494">
     <span class='ocr_line' id='line_1_111' title="bbox 2194 5420 3770 5494; baseline 0.003 -21"><span class='ocrx_word' id='word_1_895' title='bbox 2194 5422 2347 5474; x_wconf 77' lang='grc' dir='ltr'>εσθαι</span> <span class='ocrx_word' id='word_1_896' title='bbox 2373 5420 2796 5492; x_wconf 79' lang='grc' dir='ltr'>προσεποιοῦντο</span> <span class='ocrx_word' id='word_1_897' title='bbox 2822 5424 2913 5476; x_wconf 82' lang='grc' dir='ltr'>τὸν</span> <span class='ocrx_word' id='word_1_898' title='bbox 2941 5425 3068 5477; x_wconf 83' lang='grc' dir='ltr'>λαὸν</span> <span class='ocrx_word' id='word_1_899' title='bbox 3101 5423 3436 5488; x_wconf 84' lang='grc' dir='ltr'>ἀπατῶντες,</span> <span class='ocrx_word' id='word_1_900' title='bbox 3464 5426 3653 5494; x_wconf 72' lang='grc' dir='ltr'>σκοτίᾳ</span> <span class='ocrx_word' id='word_1_901' title='bbox 3671 5424 3770 5479; x_wconf 79' lang='grc' dir='ltr'>αύ-</span> 
     </span>
    </p>
   </div>
   <div class='ocr_carea' id='block_1_112' title="bbox 522 5511 2076 5587">
    <p class='ocr_par' dir='ltr' id='par_1_112' title="bbox 522 5511 2076 5587">
     <span class='ocr_line' id='line_1_112' title="bbox 522 5511 2076 5587; baseline -0.006 -16"><span class='ocrx_word' id='word_1_902' title='bbox 522 5520 614 5587; x_wconf 88' lang='lat' dir='ltr'><strong>qui</strong></span> <span class='ocrx_word' id='word_1_903' title='bbox 643 5533 738 5573; x_wconf 88' lang='lat' dir='ltr'><strong>eas</strong></span> <span class='ocrx_word' id='word_1_904' title='bbox 764 5515 1003 5570; x_wconf 87' lang='lat' dir='ltr'><strong>visiones</strong></span> <span class='ocrx_word' id='word_1_905' title='bbox 1029 5516 1214 5570; x_wconf 84' lang='lat' dir='ltr'><strong>videre</strong></span> <span class='ocrx_word' id='word_1_906' title='bbox 1242 5523 1297 5570; x_wconf 88' lang='lat' dir='ltr'><strong>et</strong></span> <span class='ocrx_word' id='word_1_907' title='bbox 1321 5527 1547 5569; x_wconf 88' lang='lat' dir='ltr'><strong>narrare</strong></span> <span class='ocrx_word' id='word_1_908' title='bbox 1575 5511 1858 5573; x_wconf 79' lang='lat' dir='ltr'><strong>simulant,</strong></span> <span class='ocrx_word' id='word_1_909' title='bbox 1888 5512 2076 5581; x_wconf 68' lang='lat' dir='ltr'><strong>pudori</strong></span> 
     </span>
    </p>
   </div>
   <div class='ocr_carea' id='block_1_113' title="bbox 2179 5511 3768 5587">
    <p class='ocr_par' dir='ltr' id='par_1_113' title="bbox 2194 5511 3768 5586">
     <span class='ocr_line' id='line_1_113' title="bbox 2194 5511 3768 5586; baseline 0.003 -23"><span class='ocrx_word' id='word_1_910' title='bbox 2194 5511 2277 5564; x_wconf 81' lang='grc' dir='ltr'>τοι</span> <span class='ocrx_word' id='word_1_911' title='bbox 2315 5529 2375 5564; x_wconf 88' lang='grc' dir='ltr'><strong>τε</strong></span> <span class='ocrx_word' id='word_1_912' title='bbox 2406 5512 2501 5564; x_wconf 78' lang='grc' dir='ltr'>καὶ</span> <span class='ocrx_word' id='word_1_913' title='bbox 2550 5513 2598 5565; x_wconf 88' lang='grc' dir='ltr'><strong>οί</strong></span> <span class='ocrx_word' id='word_1_914' title='bbox 2646 5512 2958 5583; x_wconf 86' lang='grc' dir='ltr'>πειθόμενοι</span> <span class='ocrx_word' id='word_1_915' title='bbox 3006 5514 3495 5586; x_wconf 72' lang='grc' dir='ltr'>περιϐληθήσονται</span> <span class='ocrx_word' id='word_1_916' title='bbox 3533 5516 3768 5579; x_wconf 72' lang='grc' dir='ltr'>πάντεςο</span> 
     </span>
    </p>
   </div>
   <div class='ocr_carea' id='block_1_114' title="bbox 523 5600 2076 5675">
    <p class='ocr_par' dir='ltr' id='par_1_114' title="bbox 523 5603 2076 5669">
     <span class='ocr_line' id='line_1_114' title="bbox 523 5603 2076 5669; baseline -0.005 -4"><span class='ocrx_word' id='word_1_917' title='bbox 523 5608 926 5669; x_wconf 84' lang='lat' dir='ltr'><strong>snll‘undentur,</strong></span> <span class='ocrx_word' id='word_1_918' title='bbox 977 5606 1140 5662; x_wconf 87' lang='lat' dir='ltr'><strong>rebus</strong></span> <span class='ocrx_word' id='word_1_919' title='bbox 1169 5614 1363 5661; x_wconf 86' lang='lat' dir='ltr'><strong>contra</strong></span> <span class='ocrx_word' id='word_1_920' title='bbox 1412 5606 1634 5660; x_wconf 85' lang='lat' dir='ltr'><strong>illorum</strong></span> <span class='ocrx_word' id='word_1_921' title='bbox 1678 5603 2076 5658; x_wconf 83' lang='lat' dir='ltr'><strong>allirmationen</strong></span> 
     </span>
    </p>
   </div>
   <div class='ocr_carea' id='block_1_115' title="bbox 2179 5600 3768 5675">
    <p class='ocr_par' dir='ltr' id='par_1_115' title="bbox 2194 5600 3768 5675">
     <span class='ocr_line' id='line_1_115' title="bbox 2194 5600 3768 5675; baseline 0.003 -20"><span class='ocrx_word' id='word_1_922' title='bbox 2194 5600 2335 5655; x_wconf 82' lang='grc' dir='ltr'>ὥστε</span> <span class='ocrx_word' id='word_1_923' title='bbox 2369 5603 2554 5666; x_wconf 83' lang='grc' dir='ltr'>αὐτοῖς</span> <span class='ocrx_word' id='word_1_924' title='bbox 2595 5605 2730 5675; x_wconf 86' lang='grc' dir='ltr'>μηδὲ</span> <span class='ocrx_word' id='word_1_925' title='bbox 2759 5603 2850 5657; x_wconf 83' lang='grc' dir='ltr'>τὸν</span> <span class='ocrx_word' id='word_1_926' title='bbox 2878 5604 3029 5675; x_wconf 79' lang='grc' dir='ltr'>ήλιον</span> <span class='ocrx_word' id='word_1_927' title='bbox 3066 5606 3275 5674; x_wconf 82' lang='grc' dir='ltr'>φαίνειν</span> <span class='ocrx_word' id='word_1_928' title='bbox 3303 5605 3479 5659; x_wconf 81' lang='grc' dir='ltr'>δοκεῖν</span> <span class='ocrx_word' id='word_1_929' title='bbox 3520 5605 3627 5659; x_wconf 76' lang='grc' dir='ltr'><strong>ὑπὸ</strong></span> <span class='ocrx_word' id='word_1_930' title='bbox 3672 5605 3768 5659; x_wconf 81' lang='grc' dir='ltr'>τοῦ</span> 
     </span>
    </p>
   </div>
   <div class='ocr_carea' id='block_1_116' title="bbox 534 5692 2076 5769">
    <p class='ocr_par' dir='ltr' id='par_1_116' title="bbox 534 5697 2060 5756">
     <span class='ocr_line' id='line_1_116' title="bbox 534 5697 2060 5756; baseline -0.003 -2"><span class='ocrx_word' id='word_1_931' title='bbox 534 5700 889 5756; x_wconf 81' lang='lat' dir='ltr'><strong>testantibus:</strong></span> <span class='ocrx_word' id='word_1_932' title='bbox 926 5707 1040 5753; x_wconf 85' lang='lat' dir='ltr'><strong>tum</strong></span> <span class='ocrx_word' id='word_1_933' title='bbox 1082 5706 1134 5753; x_wconf 90' lang='lat' dir='ltr'><strong>et</strong></span> <span class='ocrx_word' id='word_1_934' title='bbox 1172 5699 1377 5754; x_wconf 84' lang='lat' dir='ltr'><strong>multus</strong></span> <span class='ocrx_word' id='word_1_935' title='bbox 1419 5698 1486 5754; x_wconf 90' lang='lat' dir='ltr'><strong>de</strong></span> <span class='ocrx_word' id='word_1_936' title='bbox 1522 5697 1592 5753; x_wconf 86' lang='lat' dir='ltr'><strong>iis</strong></span> <span class='ocrx_word' id='word_1_937' title='bbox 1639 5697 1789 5753; x_wconf 85' lang='lat' dir='ltr'><strong>risus</strong></span> <span class='ocrx_word' id='word_1_938' title='bbox 1834 5697 2060 5753; x_wconf 83' lang='lat' dir='ltr'><strong>exsistet</strong></span> 
     </span>
    </p>
   </div>
   <div class='ocr_carea' id='block_1_117' title="bbox 2179 5692 3768 5769">
    <p class='ocr_par' dir='ltr' id='par_1_117' title="bbox 2196 5692 3768 5769">
     <span class='ocr_line' id='line_1_117' title="bbox 2196 5692 3768 5769; baseline 0.003 -24"><span class='ocrx_word' id='word_1_939' title='bbox 2196 5692 2458 5764; x_wconf 68' lang='grc' dir='ltr'>μεγέθους</span> <span class='ocrx_word' id='word_1_940' title='bbox 2488 5694 2599 5750; x_wconf 86' lang='grc' dir='ltr'><strong>τῶν</strong></span> <span class='ocrx_word' id='word_1_941' title='bbox 2627 5695 2812 5750; x_wconf 89' lang='grc' dir='ltr'>κακῶν</span> <span class='ocrx_word' id='word_1_942' title='bbox 2840 5697 3243 5767; x_wconf 74' lang='grc' dir='ltr'>ἐσκοτισμένοις</span> <span class='ocrx_word' id='word_1_943' title='bbox 3263 5714 3278 5732; x_wconf 81' lang='grc' dir='ltr'><strong><em>ο</em></strong></span> <span class='ocrx_word' id='word_1_944' title='bbox 3311 5697 3463 5751; x_wconf 77' lang='grc' dir='ltr'>αὐτοί</span> <span class='ocrx_word' id='word_1_945' title='bbox 3498 5713 3556 5750; x_wconf 77' lang='grc' dir='ltr'><strong>τε</strong></span> <span class='ocrx_word' id='word_1_946' title='bbox 3586 5695 3699 5769; x_wconf 83' lang='grc' dir='ltr'><strong>γὰρ</strong></span> <span class='ocrx_word' id='word_1_947' title='bbox 3718 5696 3768 5749; x_wconf 73' lang='lat' dir='ltr'><strong>oi</strong></span> 
     </span>
    </p>
   </div>
  </div>
