3976 6226
237 273 338 329 56!

1179 269 1729 329 COMMENTARIUS
1759 271 1824 328 IN
1864 271 2175 329 ΜΙΟΙΙᾸΞᾸΞ
2212 272 2364 330 CAP.
2405 271 2492 326 ιιι.

3380 277 3486 336 5θῖ

237 387 307 441 τὰ
363 384 595 438 τοιαῦτα
647 387 781 455 ὁρᾷν
833 401 893 438 τε
949 383 1404 456 προσποιούμενοι
1453 383 1548 435 καὶ
1598 383 1809 451 λέγειν,

1917 386 2129 440 nemine
2154 384 2268 454 jam
2319 384 2498 439 verbis
2529 399 2716 438 eorum
2749 385 2984 454 pra-bere
3013 399 3198 439 aurem
3249 387 3487 456 volente,

237 478 470 556 αἰσχύνῃ
498 477 1015 547 περιϐληθήσονται,
1053 475 1160 528 τῶν
1194 476 1533 546 πραγμάτων
1556 475 1811 528 ἐναντίων

237 567 317 636 οἷς
354 573 594 641 ἔφασκον
623 569 986 639 δεικνυμένων
1006 584 1020 600 ο
1051 567 1225 636 γέλως
1246 584 1305 620 τε
1327 567 1493 631 πολὺς
1521 569 1608 621 ἐπ’
1631 568 1812 631 αὐτοῖς

1917 488 2202 546 postquam
2248 477 2619 546 experimento
2659 475 3001 542 didicerunt,
3048 488 3374 547 quantarum
3405 480 3488 536 eis

1918 582 2282 622 aerumnarum
2305 606 2320 630 ,
2356 567 2544 622 fraude
2575 583 2703 631 sua,
2737 583 2902 621 causa
2934 570 3266 625 exstiterint.

240 665 393 735 παρὰ
429 663 650 718 πάντων
701 663 1011 731 γενήσεται,
1045 659 1258 722 οὐδενὸς
1299 660 1419 712 ούδέ
1464 659 1749 734 προσέχειν
1797 662 1888 712 ἐπὶ
1924 662 2032 722 τοῖς
2081 659 2210 729 παρ’
2253 658 2430 711 αὐτῶν
2473 657 2787 728 λεγομένοις
2836 658 3144 723 ἐθέλοντος,
3186 658 3272 712 διὰ
3320 661 3381 715 τὸ
3420 665 3488 736 τῇ

239 761 403 828 πείρᾳ
439 758 630 828 μαθεῖν
657 757 796 808 ὅσων
824 757 1006 818 αὐτοῖς
1038 754 1125 807 διά
1163 755 1262 826 τῆς
1290 756 1505 826 ἀπάτης
1534 757 1630 826 τῆς
1659 756 1794 818 ἰδίας
1823 755 2110 824 γεγόνασιν
2141 754 2299 808 αἴτιοι
2333 754 2538 809 κακῶν.

309 851 462 917 Στίχ.
522 854 700 918 η’-ια’.
746 876 816 888 --
867 865 886 898 ι
953 831 1114 900 Ἀλλά
1173 847 1280 918 μὴν
1330 846 1440 915 ἐγὼ
1483 847 1819 918 ἐνεπλήσθην

243 941 430 1010 ίσχύος
458 941 518 991 ἐν
551 936 822 1008 πνεύματι
850 937 1080 1008 Κυρίου,
1112 938 1204 991 καὶ
1236 939 1503 1009 κρίματος
1537 939 1632 992 καὶ
1658 938 1816 991 δυνα-

242 1030 427 1093 στείας
469 1028 569 1082 τοῦ
614 1027 945 1096 ἀπαγγεῖλαι
977 1026 1054 1099 τῷ
1110 1025 1303 1081 Ἰακὼϐ
1342 1027 1594 1091 ἀσεϐείας
1625 1028 1814 1091 αὐτοῦ,

241 1125 333 1178 καὶ
367 1123 451 1194 τῷ
506 1121 723 1192 Ἰσραὴλ
755 1122 1024 1192 ἁμαρτίας
1063 1121 1247 1175 αὑτοῦ.
1291 1141 1310 1174 ι
1366 1119 1505 1189 Ἐγὼ
1547 1121 1604 1174 δὲ
1635 1123 1816 1174 πᾶσαν

240 1217 462 1286 ἐκείνην
487 1214 588 1285 τὴν
621 1213 835 1283 ἀπάτην
862 1213 1040 1282 ἀφεὶς,
1080 1211 1378 1283 πνεύματος
1413 1213 1566 1281 ἁγίου
1601 1209 1813 1284 πλήρης

237 1306 508 1376 γεγονὼς,
531 1303 829 1375 διακρίνειν
853 1320 910 1356 τε
947 1305 1245 1374 ἐπίσταμαι
1273 1305 1334 1356 τὸ
1372 1304 1488 1357 δέον
1508 1345 1523 1370 ,
1550 1305 1643 1358 καὶ
1672 1303 1811 1375 μετά

241 1400 447 1470 πολλῆς
470 1399 571 1468 τῆς
595 1397 774 1468 ἰσχύος
800 1397 1009 1466 καὶτῆς
1030 1396 1339 1468 παρρησίας
1363 1397 1696 1468 προάγομαι,
1719 1395 1810 1449 τὸν

239 1493 369 1546 λαὸν
401 1491 550 1562 ὑπὲρ
575 1485 650 1543 ὧν
676 1489 894 1562 ἧμαρτέ
926 1506 984 1541 τε
1021 1488 1115 1542 καὶ
1143 1489 1410 1560 ἠσέϐησεν
1439 1489 1682 1560 ἐλέγχειν
1700 1528 1715 1554 ,
1741 1490 1810 1541 εί·

239 1583 344 1646 δὼς
375 1584 461 1635 δτι
489 1581 650 1634 τοῦτο
675 1583 856 1644 αὐτοῖς
884 1579 1222 1650 λυσιτελήσει
1263 1580 1462 1650 μᾶλλον
1491 1582 1568 1645 εἰς
1598 1598 1805 1652 σωφροσ

1989 847 2154 904 Vens.
2196 849 2351 901 8-H.
2377 879 2444 888 —
2475 868 2491 898 ι
2525 847 2907 905 Verumtamen
2947 867 3043 922 ego
3081 852 3320 923 repletus
3358 869 3482 910 sum

1918 939 2239 996 fortitudine
2283 942 2337 995 in
2379 942 2577 1019 spiritu
2619 941 2862 1005 Domini,
2893 948 2947 998 et
2985 944 3199 1012 judicio
3227 960 3290 1001 ac
3309 947 3478 1019 >183

1915 1041 2182 1104 pOtestate
2217 1072 2232 1096 ,
2272 1041 2331 1086 ut
2379 1017 2697 1089 annuntiem
2745 1031 2913 1088 Jacob
2965 1034 3272 1105 impietates
3309 1017 3479 1108 'ejus,

1912 1132 1966 1178 ct
1995 1122 2179 1178 lsracli
2211 1131 2430 1192 peccata
2457 1123 2596 1192 ejus.
2626 1142 2644 1174 ι
2675 1121 2786 1194 Ego
2812 1139 2941 1178 vero
2973 1126 3120 1180 omni
3153 1126 3244 1180 illa
3289 1126 3482 1182 fraude

1915 1214 2170 1274 exclusa.
2212 1213 2409 1283 spiritu
2449 1213 2637 1268 divino
2681 1215 2909 1283 plenus,
2955 1215 3266 1272 discernere
3309 1217 3480 1273 hone-

1914 1311 2057 1357 stum
2086 1303 2238 1357 valeo
2260 1344 2274 1368 ,
2307 1303 2584 1372 multoque
2616 1319 2739 1358 cum
2775 1304 2970 1358 robore
2995 1320 3058 1358 ac
3091 1305 3284 1359 liducia
3313 1322 3478 1378 pergo

1913 1395 2174 1464 populum
2205 1393 2271 1448 de
2301 1394 2538 1463 peccatis
2565 1404 2724 1465 atque
2750 1395 3119 1465 impietatibus
3145 1412 3475 1468 coarguere;

1909 1486 2087 1542 sciens
2102 1487 2154 1540 id
2177 1486 2284 1541 illis
2299 1486 2367 1540 ad
2381 1487 2810 1543 emendationem
2829 1488 3192 1560 profuturum,
3208 1489 3334 1559 quia
3352 1505 3478 1560 pec-

1909 1586 2154 1633 catorum
2174 1579 2436 1632 memoria
2455 1587 2508 1634 et
2533 1578 2698 1633 futuri
2729 1581 3152 1637 comminatione
3180 1580 3247 1635 ad
3275 1581 3475 1637 bonam

239 1675 479 1746 νισμδν,
536 1676 600 1744 τῇ
651 1689 709 1726 τε
762 1674 950 1743 μνήμῃ
995 1669 1104 1725 τῶν
1139 1672 1563 1744 ἁμαρτηθέντων
1608 1675 1704 1727 καὶ⁹
1746 1675 1809 1744 τῇ

1913 1667 2125 1737 frugem
2136 1667 2354 1737 perduci
2382 1677 2655 1736 poterunt.
2687 1687 2706 1720 ι
2730 1669 2925 1725 Audite
2940 1671 3074 1736 haec,
3096 1671 3264 1728 duces
3279 1673 3477 1730 domus

238 1767 443 1838 ἀπειλῇ
475 1764 584 1818 τῶν
610 1763 904 1834 ἐσομένων,
937 1763 1072 1836 πρὸς
1103 1764 1164 1817 τὺ
1195 1763 1312 1816 δέον
1340 1763 1626 1832 ἐνάγεσθαι
1653 1763 1814 1817 δυνα-

242 1860 452 1930 μένοις.
502 1878 520 1909 ι
573 1857 864 1910 Ἀκούσατε
901 1857 965 1928 δὴ
1004 1856 1196 1922 ταῦτα,
1243 1858 1293 1908 οἱ
1335 1856 1626 1927 ἡγούμενοι
1660 1859 1810 1911 οἴκου

251 1948 472 2014 Ἰακὼϐ,
516 1951 592 2018 (p.
624 1947 751 2017 279)
784 1946 878 1999 καὶ
903 1947 952 1999 οἱ
983 1945 1300 1999 κατάλοιποι
1326 1947 1476 1998 οίκου
1513 1945 1751 2018 Ἰσραήλ.
1788 1964 1806 1997 ι

250 2042 427 2110 ’Υπὲρ
455 2039 524 2109 δὴ
555 2038 728 2092 ταῦτα
758 2037 948 2090 τούτου
969 2075 984 2102 ,
1024 2037 1156 2108 φησὶ
1175 2076 1190 2100 ,
1224 2039 1403 2091 κοινὸν
1433 2037 1568 2109 πρός
1596 2055 1656 2090 τε
1689 2040 1814 2102 τοὺς

237 2132 580 2204 ἡγουμένους
617 2131 710 2183 καὶ
748 2130 874 2194 τοὺς
899 2130 1122 2193 λοιποὺς
1151 2130 1395 2194 ἅπαντας
1423 2131 1681 2202 ποιοῦμαι
1722 2132 1812 2185 τὸν

239 2223 420 2292 λόγον,
437 2220 713 2285 ὀνειδίζων
731 2221 859 2290 ὑμῖν
878 2220 946 2273 τὰ
968 2220 1349 2290 πεπραγμένα.
1372 2222 1505 2275 Ποῖα
1523 2221 1588 2292 δὴ
1608 2221 1778 2276 ταῦτα
1795 2239 1809 2286 ;

244 2332 260 2364 ι
299 2315 365 2365 Oi
405 2311 826 2384 βδελυσσόμενοι
857 2313 1054 2381 κρῖμα,
1098 2311 1276 2365 πάντα
1302 2312 1370 2364 τὰ
1406 2312 1543 2387 ὀρθά
1569 2313 1812 2384 διαστρέ-

240 2423 457 2474 φοντες.
501 2424 521 2455 ι
557 2405 621 2456 Οἱ
645 2403 704 2456 τὸ
733 2403 832 2473 μὲν
859 2403 1196 2473 κεκριμένως
1223 2405 1597 2474 διαγινώσκειν
1625 2407 1688 2458 ἐκ
1715 2405 1810 2460 τοῦ

237 2499 414 2554 κακοῦ
457 2500 521 2552 τὸ
543 2501 785 2568 κρεῖττον
807 2497 1290 2567 ἀποστρεφόμενοι,
1316 2497 1373 2550 ἐν
1395 2495 1610 2568 διαϐολῇ
1642 2496 1696 2549 δὲ
1731 2515 1811 2550 τι·

239 2592 456 2660 θέμενοι
487 2590 580 2642 καὶ
605 2589 671 2640 τά
696 2587 824 2658 παρ’
854 2587 1055 2656 ἑτέρων
1077 2585 1344 2656 λεγόμενά
1375 2603 1432 2640 τε
1465 2588 1557 2640 καὶ
1585 2587 1812 2659 πραττό-

241 2699 378 2750 μενα
411 2683 492 2743 εἰς
525 2680 664 2742 δέον,
695 2679 836 2732 ὥστε
869 2679 961 2730 καὶ
991 2681 1102 2742 τοῖς
1138 2677 1293 2748 ἡμῶν
1323 2679 1614 2750 προφητῶν
1651 2680 1809 2733 ἀπει-

241 2773 355 2826 θεῖν
381 2773 586 2840 λὸγοις.
628 2790 646 2822 ι
681 2772 745 2824 Οἱ
773 2769 1178 2841 οἰκοδομοῦντες
1213 2769 1350 2822 Σιὼν
1378 2771 1436 2822 ἐν
1475 2771 1690 2840 αἵμασι,
1718 2771 1810 2824 καὶ

252 2863 614 2934 Ἰερουσαλὴμ
643 2865 697 2915 ἐν
733 2862 990 2924 ἀδικίαις.
1027 2879 1044 2912 ι
1083 2858 1482 2932 Πεπληρώκατε
1514 2863 1690 2916 πᾶσαν
1715 2863 1812 2914 αύ-

1911 1757 2080 1814 Jacob
2117 1768 2170 1814 et
2197 1761 2390 1830 reliqui
2430 1760 2624 1816 domus
2665 1759 2900 1818 lsraelis.
2931 1783 2950 1814 ι
2977 1763 3051 1818 De
3076 1765 3176 1820 hoc
3201 1802 3219 1831 ,
3264 1765 3474 1838 inquit,

1912 1865 2256 1918 communem
2284 1851 2584 1907 orationem
2618 1851 2684 1906 ad
2712 1852 2877 1908 duces
2913 1854 3261 1927 reliquosque
3287 1872 3476 1928 omnes

1913 1943 2121 2010 habeo,
2176 1943 2318 1998 facta
2365 1953 2547 1998 vestra
2601 1944 2754 2016 vobis
2801 1945 3162 2016 exprobrans.
3211 1945 3474 2014 Quaenam

1911 2050 2042 2090 vero
2069 2033 2220 2090 haec?
2246 2055 2264 2087 ι
2292 2034 2394 2102 Qui
2423 2035 2813 2111 abominamini
2856 2038 3158 2107 judicium,
3193 2048 3248 2096 et
3291 2041 3474 2094 omnia

1913 2135 2061 2182 recta
2089 2128 2419 2199 pervertitis.
2460 2146 2477 2177 ι
2505 2125 2665 2192 Quia
2706 2129 2850 2183 malo
2889 2129 3090 2184 bonum
3139 2130 3476 2202 distinguere

1912 2219 2213 2284 recusatis,
2275 2221 2677 2276 calumniantes
2747 2220 2970 2290 insuper
3049 2221 3281 2276 aliorum
3329 2232 3476 2277 recte

1912 2308 2057 2365 dicta
2083 2321 2138 2365 et
2168 2311 2331 2376 facta,
2353 2326 2526 2380 usque
2547 2311 2682 2366 adeo
2705 2319 2765 2365 ut
2790 2327 2857 2366 ne
2881 2313 3088 2367 nostris
3120 2313 3474 2384 quidem,qui

1912 2401 2188 2471 propheta:
2226 2417 2450 2465 sumus,
2493 2401 2673 2457 verbis
2716 2400 2970 2458 credatis.
3001 2421 3019 2453 ι
3051 2402 3153 2468 Qui
3192 2387 3474 2459 :edilicatis

1913 2489 2132 2556 Sionem
2160 2492 2214 2546 in
2245 2493 2606 2563 sanguinibus
2625 2532 2640 2556 ,
2673 2500 2727 2547 et
2757 2490 3096 2548 Hierusalem
3131 2495 3186 2547 in
3216 2495 3474 2564 iniquita-

1911 2584 2076 2642 tibus.
2131 2603 2150 2636 ι
2197 2583 2300 2651 Qui
2341 2599 2462 2640 eam
2509 2585 2761 2653 replestis
2807 2585 3044 2641 caedibus
3094 2595 3148 2641 et
3181 2587 3469 2658 injustitia.

1915 2693 1934 2726 ι
1968 2675 2246 2746 Principes
2273 2676 2392 2748 ejus
2418 2691 2543 2731 cum
2576 2677 2892 2733 muneribus
2912 2677 3268 2747 judicabant;
3299 2689 3350 2734 et
3380 2694 3472 2734 sa-

1911 2769 2156 2824 cerdotes
2181 2769 2301 2837 ejus
2347 2784 2473 2845 cum
2514 2768 2763 2824 mercede
2795 2767 3234 2838 respondebant:
3265 2776 3318 2824 et
3347 2784 3474 2840 pro-

1909 2859 2084 2929 phetae.
2125 2860 2244 2929 ejus
2272 2875 2396 2914 cum
2424 2871 2649 2932 argento
2677 2861 3028 2925 divinabam,
3071 2869 3124 2914 et
3163 2877 3328 2930 super
3369 2861 3474 2917 Do-

240 2959 338 3028 τὴν
367 2956 548 3024 φόνων
582 2956 674 3008 καὶ
713 2954 948 3017 ἀδικίας.
991 2973 1008 3004 ι
1039 2954 1118 3006 ,Οἱ
1149 2953 1438 3024 ἡγούμενοι
1473 2954 1638 3025 αὐτῆς
1669 2954 1809 3024 μετά

1913 2952 2120 3007 minum
2171 2953 2587 3023 requiescebant
2613 2953 2856 3010 dicentes
2885 2953 3109 3008 :Nonne
3128 2954 3390 3010 Dominus
3417 2955 3473 3010 in

239 3047 432 3119 δώρων
475 3047 726 3116 ἔκρινον,
769 3044 864 3098 καὶ
900 3046 948 3096 οί
1001 3045 1164 3114 ἱερεῖς
1211 3043 1382 3112 αὐτῆς
1431 3042 1568 3114 μετά
1595 3042 1806 3114 ,μισθοῦ

240 3139 622 3210 ἀπεκρίνοντο,
660 3136 756 3189 καὶ
791 3137 839 3189 οἱ
872 3135 1142 3206 προφῆται
1170 3135 1339 3205 αὐτῆς
1372 3133 1508 3204 μετά
1543 3135 1806 3206 ἀργυρίου

240 3230 606 3301 ἐμαντεύοπο
627 3268 642 3291 ,
673 3228 769 3280 καὶ
802 3227 894 3279 ἐπὶ
922 3227 1013 3279 τὸν
1047 3227 1250 3296 Κύριον
1288 3224 1692 3278 ἐπανεπαύοντο
1717 3224 1808 3278 λέ-

241 3338 450 3392 γοντες·
478 3320 617 3390 Οὐχὶ
642 3319 844 3389 Κύριος
872 3321 927 3370 ἐν
952 3318 1082 3387 ἡμῖν
1102 3319 1244 3370 ἐστιν
1264 3313 1364 3381 {ob
1396 3317 1468 3387 μὴ
1499 3315 1699 3389 ἐπέλθῃ
1724 3317 1808 3384 ἐφ’

240 3417 386 3485 ἡμεῖς
418 3413 586 3467 κακά.
635 3431 652 3463 ι
685 3412 747 3465 Oi
783 3411 880 3481 μὲν
910 3409 1018 3480 γὰρ
1049 3408 1368 3479 ἐξάρχοντες
1391 3408 1581 3462 οὐδένα
1604 3407 1698 3460 τοῦ
1727 3408 1807 3461 δι-

241 3509 393 3560 καίου
428 3504 707 3558 ποιεῖσθαι
750 3503 906 3571 λόγον
935 3503 1228 3567 ἐθέλοντες,
1265 3501 1559 3574 χρημάτων
1601 3505 1658 3556 ἐν
1691 3505 1813 3566 ταῖς

241 3599 488 3667 κρίσεσιν
520 3594 760 3649 ἐπώλουν
797 3595 854 3647 τὸ
882 3595 1108 3648 δίκαιον⁹
1147 3597 1194 3647 οἱ
1237 3594 1293 3648 δὲ
1328 3595 1385 3647 ἐν
1411 3595 1490 3664 τῷ
1519 3592 1814 3666 ἱερατεύειν

240 3689 607 3751 καθεστῶτες,
647 3685 707 3750 ἐξ
749 3686 962 3750 ἀδικίας
999 3688 1255 3757 χρήματα
1298 3689 1363 3757 τῇ
1403 3687 1670 3758 προφάσει
1713 3688 1812 3757 τῆς

242 3783 536 3851 ἱερατεξας,
563 3779 752 3850 ὥσπερ
775 3777 924 3840 τινὰς
947 3778 1169 3848 μισθοὺς
1193 3779 1467 3847 συλλέγειν
1492 3778 1808 3849 ἐπειρῶντο·

241 3874 332 3926 καὶ
362 3873 472 3942 μὴν
507 3871 600 3924 καὶ
624 3871 673 3922 οἱ
713 3869 1152 3939 ψευδοπροφῆται
1175 3872 1286 3934 τοῖς
1314 3870 1588 3940 χρήμασιν
1614 3870 1807 3940 ἡδόμε-

242 3982 345 4028 νοι,
382 3962 521 4032 πρὸς
559 3961 623 4014 τὸ
647 3962 1036 4031 κεχαρισμένον
1065 3965 1174 4025 τοῖς
1208 3963 1502 4033 παρέχουσι
1535 3962 1631 4024 τὰς
1678 3977 1810 4030 μαν-

1913 3043 2070 3098 nobis
2096 3044 2224 3099 est?
2251 3059 2360 3098 non
2391 3045 2610 3100 venient
2640 3060 2806 3115 super
2833 3061 2935 3102 nos
2963 3049 3124 3100 mala.
3150 3067 3171 3100 ι
3193 3046 3473 3118 Principes

1911 3135 2116 3190 nullam
2151 3136 2293 3206 atqui
2319 3136 2460 3204 juris
2506 3137 2772 3193 rationem
2801 3137 3001 3193 habere
3029 3139 3274 3195 volentes
3294 3179 3310 3204 ,
3341 3155 3476 3194 ven-

1910 3227 2112 3284 debant
2137 3227 2192 3282 id
2221 3229 2276 3282 in
2303 3229 2544 3298 judiciis.
2576 3228 2716 3284 Tum
2745 3237 2798 3284 et
2824 3229 3157 3294 sacerdotes,
3185 3231 3471 3300 pecuniam

1911 3319 2200 3388 injusram,
2232 3304 2521 3374 sacerdotii
2551 3329 2810 3391 praatextu
2830 3362 2846 3388 ,
2873 3336 2970 3376 ceu
3001 3320 3281 3376 mercedes
3306 3335 3475 3391 quas-

1911 3410 2036 3465 dam
2067 3411 2324 3481 colligere
2361 3412 2690 3466 nitebantur.
2727 3411 2970 3481 Denique
2999 3409 3122 3466 falsi
3147 3411 3310 3466 etiam
3344 3427 3476 3482 pro-

1910 3503 2118 3572 phetze,
2178 3504 2412 3572 pecunia
2467 3503 2753 3568 delectati,
2813 3503 2880 3558 ad
2933 3502 3159 3575 gratiam
3210 3503 3472 3558 vaticinia

1911 3591 2144 3647 edebant
2168 3594 2520 3650 donantibus.
2551 3593 2777 3649 Talibus
2807 3610 2934 3650 vero
2962 3610 3024 3648 ac
3065 3593 3232 3650 tantis
3261 3594 3472 3648 onerati

1913 3684 2154 3753 peccatis
2174 3723 2188 3744 ,
2219 3685 2552 3739 simulabant
2581 3701 2640 3741 se
2665 3683 2772 3738 Deo
2801 3684 3049 3738 addictos
3069 3721 3085 3747 ,
3113 3681 3390 3752 Deumque
3416 3681 3471 3735 in

1910 3792 1969 3832 se
1992 3774 2227 3829 habere:
2265 3791 2364 3830 nec
2391 3777 2690 3846 ﬁeriposse
2717 3777 2932 3830 aiebant
2959 3784 3016 3828 ut
3049 3783 3198 3829 tanto
3229 3772 3323 3828 Dei
3354 3788 3476 3827 mu-

1914 3882 2042 3921 nere
2075 3865 2285 3936 praediti
2320 3867 2462 3920 mala
2493 3868 2584 3920 illa
2633 3868 3010 3937 experirentur
3054 3881 3323 3935 unquam,
3355 3880 3476 3935 qua:

1918 3974 1948 4011 a
1979 3958 2138 4013 nobis
2171 3958 2453 4028 pr0phetis
2481 3959 2904 4029 portenduntur.
2935 3957 3076 4024 Quid
3105 3957 3280 4027 ergo?

241 4053 384 4114 τείας
423 4050 734 4104 ἐποιοῦντο·
781 4046 900 4104 εἶτα
927 4051 1161 4105 τοσαῦτα
1193 4051 1550 4124 ἐργαζόμενοι
1581 4051 1746 4118 κακὰ,
1780 4051 2202 4122 προσεποιοῦντο
2227 4051 2305 4123 τῷ
2333 4051 2451 4122 Θεῷ
2475 4053 2701 4114 ἑαυτοὺς
2728 4051 3062 4121 ἐπιτρέπειν,
3093 4051 3172 4119 (p.
3197 4047 3323 4116 280)
3345 4047 3478 4101 Θεὸν

241 4149 300 4199 ἐν
324 4149 536 4209 ἑαυτοῖς
562 4145 709 4215 ἔχειν
747 4145 995 4214 λέγοντες
1019 4162 1031 4175 ’
1067 4148 1161 4200 καὶ
1195 4149 1292 4216 οὐχ
1319 4143 1430 4201 οἶόν
1469 4165 1527 4199 τε
1573 4143 1707 4200 εἶναι
1735 4145 1986 4200 τοιούτων
2026 4147 2382 4217 ἠξιωμένους,
2425 4147 2750 4219 πειραθῆναι
2779 4146 2886 4199 τῶν
2917 4145 3055 4199 κατὰ
3085 4143 3308 4216 γνώμην
3341 4143 3476 4196 Θεοῦ

240 4241 365 4308 παρ’
399 4236 560 4309 ἡμῶν
593 4239 942 4308 μηνυομένων
972 4237 1175 4290 κακῶν.
1207 4237 1272 4288 Τί
1300 4235 1425 4302 οὖν;

309 4335 458 4403 Στίχ.
493 4333 578 4403 ιβ’.
611 4362 682 4373 -
711 4351 729 4383 ι
768 4332 866 4384 Διὰ
895 4331 1049 4385 τοῦτο
1088 4331 1153 4383 δι’
1177 4332 1319 4401 ὑμᾶς
1349 4331 1487 4384 Σιὼν
1529 4333 1606 4394 ὡς
1641 4331 1807 4402 ἀγρὸς

1981 4325 2270 4382 Vsus.12.
2309 4355 2378 4366 -
2429 4344 2448 4376 ι
2490 4323 2637 4384 Ideo.
2691 4323 2860 4378 vestri
2903 4336 3088 4384 causa,
3142 4319 3273 4374 Sion
3317 4317 3477 4389 quasi

240 4425 716 4497 ἀροτριαθήσεται,
750 4424 843 4476 καὶ
886 4423 1237 4494 Ἰερουσαλὴμ
1261 4424 1341 4486 εἰς
1361 4423 1807 4493 ὀπωροφυλάκιον

243 4517 410 4579 εσται,
464 4517 562 4567 καὶ
594 4516 656 4568 τὸ
700 4515 826 4586 ὅρος
868 4515 962 4568 τοῦ
1006 4515 1156 4568 οῐκου
1205 4517 1284 4578 είς
1314 4515 1477 4579 ἄλσος
1513 4515 1738 4586 δρυμοῦ.
1784 4534 1802 4564 ι

255 4607 468 4677 Ἐπειδὴ
499 4606 683 4658 τοίνυν
719 4609 831 4668 τοῖς
863 4605 960 4674 μὲν
1002 4607 1288 4677 ἡμετέροις
1314 4605 1590 4660 ἀπειθείτε
1632 4607 1810 4675 λόγοις

243 4698 380 4748 κατά
403 4696 630 4766 γνώμην
653 4695 791 4747 Θεοῦ
821 4696 1179 4765 γιγνομένοις.
1203 4699 1314 4758 τοῖς
1339 4696 1811 4768 ψευδοπροφήταις

241 4789 296 4842 δὲ
329 4789 686 4860 προσέχοντες
729 4788 995 4852 τοσαύτας
1035 4789 1288 4852 ἀσεϐείας
1341 4807 1400 4841 τε
1444 4791 1536 4842 καὶ¹
1577 4807 1810 4860 παρανο-

247 4879 373 4947 μίας
402 4877 520 4930 καθ’
550 4879 790 4946 ἑκάστην
824 4877 1060 4942 ἅπαντες
1090 4881 1304 4950 ἡμέραν
1339 4881 1636 4934 ἑπιτελεῑτε
1659 4924 1672 4946 ,
1718 4882 1805 4934 διὰ

241 4968 401 5021 τοῦτο
441 4969 650 5022 εἴσεσθε
689 4970 797 5022 τῶν
843 4971 1124 5040 ἡμετέρων
1161 4971 1332 5039 λόγων
1382 4972 1480 5041 τὴν
1525 4972 1804 5043 ἀλήθειαν,

243 5060 340 5111 καὶ
369 5059 446 5111 δτι
479 5059 719 5128 τοσαύτη
756 5076 838 5122 τις
871 5061 1073 5130 ἐρημία
1108 5061 1480 5130 καταλήψεται
1521 5063 1638 5115 τότε
1669 5062 1810 5116 Σιὼν

242 5147 371 5218 ὄρος
393 5150 480 5202 καὶ
512 5150 612 5220 τὴν
639 5150 727 5202 ἐπ’
757 5149 922 5202 αὐτοῦ
947 5151 1120 5215 πόλιν,
1145 5151 1220 5214 ὡς
1243 5152 1303 5204 τὸ
1333 5153 1431 5221 μὲν
1458 5154 1628 5224 ἀγροῦ
1653 5154 1808 5224 δίκην

243 5242 621 5310 γεωργεῖσθαι,
665 5241 765 5312 τὴν
807 5242 863 5294 δὲ
902 5245 1104 5313 σκηνῆς
1145 5243 1480 5298 διαλλάττειν
1517 5244 1680 5315 μηδὲν
1718 5247 1808 5300 ἐπὶ

244 5332 469 5400 ὀπωρῶν
498 5333 713 5403 φυλακῇ
754 5337 1286 5409 κατεσκευασμένης,
1317 5336 1424 5388 τῶν
1445 5339 1810 5410 οἰκοδομημά-

243 5437 354 5473 των
379 5423 508 5493 αὐτῇ
535 5423 871 5492 πανταχόθεν
899 5427 1368 5497 κατερῤιμμένων,
1395 5429 1501 5480 πᾶν
1515 5445 1595 5492 τε,
1623 5428 1808 5481 συντό-

250 5529 367 5580 μως
390 5515 580 5580 εἰπεῖν,
607 5513 674 5565 τδ
705 5514 830 5582 ὄρος
855 5518 909 5568 ἐν
937 5512 1090 5584 ᾧπερ
1119 5519 1148 5568 ὁ
1180 5517 1271 5570 τοῦ
1297 5518 1428 5570 Θεοῦ
1464 5515 1611 5583 οἶκός
1642 5521 1808 5582 ἐστιν,

245 5604 396 5656 οὐδὲν
442 5605 630 5658 διοίσει
684 5607 852 5658 τόπου
897 5609 1213 5677 συμφύτου,
1276 5611 1545 5672 τοσούτων
1595 5615 1658 5665 ἐκ
1711 5615 1810 5682 τῆς

247 5695 475 5765 ἐρημίας
497 5696 894 5768 ἀναδιδομένων
915 5700 1099 5752 αὐτόθι
1124 5701 1327 5769 φυτῶν.
1366 5703 1522 5756 Ἀλλὰ
1550 5704 1656 5775 γὰρ
1680 5706 1808 5776 ἄχρι

564 5811 839 5876 Ριτκοι.
885 5815 1001 5876 Gn.
1051 5817 1271 5878 LXVI.

1915 4436 2043 4490 ager
2084 4419 2348 4480 arabitur,
2392 4427 2443 4472 et
2485 4416 2784 4471 Jerusalem
2831 4415 2988 4485 quasi
3029 4411 3279 4468 custodia
3317 4407 3478 4480 184

1914 4513 2142 4584 pomarii
2165 4513 2287 4575 erit,
2311 4519 2365 4565 et
2389 4526 2547 4565 mons
2579 4509 2763 4578 templi
2795 4507 2953 4577 quasi
2986 4507 3143 4560 lucus
3170 4504 3226 4557 in
3255 4503 3418 4558 saltu.
3451 4519 3470 4553 ι

1910 4603 2180 4670 Quoniam
2211 4603 2396 4672 itaque
2433 4601 2639 4656 nostris
2667 4598 2980 4655 discreditis
3017 4596 3224 4657 verbis,
3258 4609 3380 4664 qua:
3409 4608 3477 4648 ex

1913 4698 2004 4752 Dei
2054 4696 2324 4751 sententia
2358 4694 2707 4765 protulimus,
2759 4699 2814 4744 et
2865 4689 3018 4744 falsis
3050 4685 3331 4763 prophetis
3378 4699 3471 4738 au-

1913 4790 2239 4853 scultantes,
2271 4796 2352 4842 tot
2388 4785 2709 4854 iniquitates
2741 4798 2804 4836 ac
2835 4779 3307 4853 przevaricationes
3340 4789 3479 4844 quo.-

1910 4881 2042 4935 tidie
2086 4879 2463 4944 committitis;
2507 4883 2790 4947 propterea
2831 4882 3146 4930 nostrorum
3184 4868 3473 4924 verborum

1912 4970 2194 5024 veritatem
2225 4967 2610 5038 cognoscetis;
2662 4965 2792 5036 quia
2825 4971 2976 5018 tanta
3025 4970 3156 5014 tunc
3201 4958 3257 5011 in
3307 4953 3475 5008 Sione

1911 5067 2094 5115 monte
2126 5067 2180 5113 et
2224 5059 2279 5112 in
2323 5057 2578 5128 imposita
2611 5055 2661 5112 ei
2715 5055 2938 5110 civitate
2987 5047 3224 5107 solitudo
3270 5045 3380 5109 ﬁet,
3416 5053 3474 5098 ut

1913 5153 2001 5207 ille
2021 5152 2237 5222 quidem
2265 5149 2380 5219 agri
2409 5150 2582 5204 instar
2603 5147 2844 5202 arandus
2869 5146 2961 5207 sit,
2986 5142 3099 5195 haec
3121 5147 3301 5194 autem
3329 5135 3474 5190 haud

1910 5242 2194 5297 dissimilis
2246 5239 2427 5294 futura
2488 5243 2558 5294 sit
2609 5237 2822 5310 tugurio
2867 5230 3242 5290 custodiendis
3295 5229 3473 5300 pomis

1912 5344 2122 5401 erecto;
2155 5333 2378 5388 urbanis
2402 5349 2595 5403 nempe
2622 5329 2866 5386 :ediliciis
2894 5326 3099 5396 ubique
3129 5323 3422 5395 prostratis
3453 5337 3467 5374 :

1912 5437 2074 5498 atque
2119 5436 2177 5481 ut
2209 5427 2532 5495 compendio
2573 5425 2772 5484 dicam,
2826 5434 2985 5474 mons
3030 5419 3086 5473 in
3121 5432 3228 5488 quo
3277 5415 3474 5470 domus

1912 5521 2006 5576 Dei
2036 5528 2140 5585 est,
2173 5521 2306 5575 nihil
2337 5537 2365 5574 a
2398 5522 2636 5591 plantato
2667 5518 2786 5571 loco
2815 5513 3165 5578 dill'eret,tot
3200 5509 3310 5564 illis
3339 5520 3473 5577 pro-

1912 5624 2031 5684 pter
2070 5614 2416 5669 solitudinem
2465 5608 2854 5681 pullulantibus
2901 5608 3124 5678 plantis.
3174 5601 3292 5657 1am
3341 5612 3478 5653 vero

1913 5708 2149 5763 narratis
2197 5708 2458 5762 hactenus
2503 5703 2721 5762 inﬂictis
2771 5702 3032 5759 lsraelitis
3075 5700 3292 5773 pmnis,
3344 5692 3476 5749 dicit

3043 5820 3120 5880 12
