4054 6238
587 326 692 385 ’503

1727 318 2074 376 TllEODOl'll
2117 315 2596 375 MOPSUESTENI

3718 313 3837 368 56‘

589 442 846 513 deinceps
879 456 967 497 res
994 455 1182 495 eorum
1227 451 1348 511 post
1382 450 1663 510 capturam
1701 437 1955 503 futuras;
1992 435 2153 490 uimi-

2260 435 2440 488 τούτου
2471 438 2570 498 τὰς
2610 433 2953 504 ἐπαγομένας
2997 433 3180 497 αὐτοῖς
3228 431 3508 502 συμφορὰς
3549 428 3823 503 είρηκὼς,

591 551 711 589 rum
739 541 996 601 quantam
1026 532 1264 586 habituri
1288 533 1398 587 sint
1422 532 1474 584 in
1502 531 1694 585 melius
1717 528 2151 583 conversionem.

590 627 764 693 Quem
800 639 1005 678 morem
1039 622 1206 678 fuisse
1243 623 1573 692 reliquorum
1607 620 2018 691 prophetarum,
2056 633 2154 671 no-

592 716 947 785 minatimque
978 713 1122 769 beati
1174 712 1416 778 Davidis,
1452 728 1594 781 saepe
1631 711 1973 767 ostendimus
2012 729 2027 765 :
2067 710 2156 763 ni-

592 805 790 857 mirum
818 804 1143 873 praedicendi
1180 812 1303 873 post
1335 816 1700 857 mrumnarum
1730 802 2037 855 cruciatum
2066 800 2156 870 ju-

592 894 800 960 cunda;
839 893 1037 949 deinde
1080 908 1276 948 rursus
1321 892 1499 947 tristia
1535 890 1771 951 dicendi,
1806 900 1863 944 ut
1895 890 1997 944 hac
2023 905 2157 944 con-

592 987 748 1039 tinua
776 986 1055 1049 memoria,
1098 994 1328 1053 utroque
1368 982 1529 1037 modo
1575 996 1670 1036 eos
1702 980 2001 1044 erudirent,
2035 996 2157 1036 cor—

594 1076 852 1146 ripientes
872 1076 1107 1129 tristium
1132 1074 1425 1136 mentione,
1450 1072 1736 1125 hortantes
1754 1076 1933 1124 autem
1957 1072 2158 1125 nuncio

592 1183 775 1222 rerum
812 1166 1208 1235 henigniovum,
1240 1178 1387 1233 Spem
1422 1178 1553 1233 erga
1578 1160 1745 1217 Deum
1784 1160 1986 1217 fovere.
2015 1160 2158 1216 Dicit

593 1274 719 1328 ergo
752 1275 765 1310 :

1240 1430 1387 1484 CAP.
1428 1429 1517 1485 IV.

664 1522 830 1578 \‘sns.
867 1522 1023 1577 l--5.
1063 1538 1081 1570 ι
1126 1521 1190 1574 Et
1223 1522 1327 1575 erit
1361 1523 1671 1578 novissimis
1713 1520 1906 1577 diebus
1934 1518 2157 1587 conspi-

590 1629 729 1668 cuus
772 1626 929 1666 mons
958 1610 1153 1665 domus
1189 1608 1426 1676 Domini,
1466 1619 1800 1681 praeparatus
1842 1612 1899 1665 in
1932 1607 2155 1664 vertici-

2259 526 2403 594 λέγει
2432 525 2615 581 λοιπὸν
2645 528 2738 582 καὶ
2761 522 2848 581 οἷα
2870 529 2939 582 τά
2959 529 3086 597 περὶ
3107 527 3302 590 αὐτοὺς
3334 526 3471 597 μετά
3494 527 3592 597 τὴν
3621 526 3827 581 ἀλωσιν

2258 617 2428 680 ἔσται,
2452 617 2583 687 ὅσην
2620 634 2679 670 τε
2708 616 2818 682 ἔξει
2844 617 2942 688 τὴν
2976 619 3070 672 ὲπὶ
3109 618 3171 671 τὸ
3203 620 3450 689 κρεῖττον
3489 619 3823 690 μεταϐολήν·

2257 707 2392 778 ὅπερ
2420 703 2512 760 οὖν
2542 707 2729 771 εἰωθὸς
2764 708 2824 762 ὃν
2858 712 2969 773 τοῖς
3012 708 3217 773 λοιποῖς
3250 710 3552 780 προφήταις
3577 710 3671 781 (p.
3695 708 3826 783 281)

2257 798 2350 850 καὶ
2384 796 2461 867 τῷ
2490 799 2747 870 μακαρίῳ
2787 799 2969 865 Δαυῒδ,
2994 800 3251 862 πολλάκις
3292 800 3591 872 ἐδείξαμεν,
3620 802 3683 856 τδ
3718 820 3827 876 μη-

2257 890 2401 943 νύειν
2433 892 2570 962 μετά
2607 894 2707 962 τὴν
2745 893 2853 946 τῶν
2892 893 3142 965 χαλεπῶν
3188 897 3380 965 πεῖραν
3414 894 3483 948 τά
3522 895 3674 966 ἡδέα,
3707 891 3827 951 εἶτα

2259 981 2421 1037 πάλιν
2444 983 2621 1052 λέγειν
2648 984 2718 1038 τά
2742 984 2975 1056 λυπηρὰ,
3005 985 3089 1038 ἵνα
3112 988 3178 1057 τῇ
3208 985 3455 1057 συνεχείᾳ
3476 986 3572 1055 τῆς
3604 987 3826 1057 μνήμης

2257 1071 2323 1125 δι’
2345 1073 2669 1145 ἀμφοτέρων
2698 1075 2896 1139 αὐτοὺς
2924 1075 3243 1139 παιδεύωσι,
3269 1075 3691 1146 σωφρονίζοντες
3726 1078 3825 1147 μὲν

2258 1166 2323 1235 τῇ
2356 1165 2543 1236 μνήμη
2568 1164 2679 1219 τῶν
2708 1164 2985 1237 λυπηρῶν,
3015 1167 3442 1237 προτρεπόμενοι
3469 1167 3526 1220 δὲ
3553 1150 3631 1239 τῇ
3661 1170 3828 1240 mea.

2261 1275 2344 1309 σει
2394 1258 2503 1311 τῶν
2553 1259 2930 1330 χρηστοτέρων
2968 1262 3068 1330 τῆς
3107 1259 3322 1323 ἐλπίδος
3368 1262 3690 1332 ἀντέχεσθαι
3728 1268 3827 1337 τῆς

2259 1346 2426 1412 Θείας.
2458 1349 2618 1417 Λέγει
2645 1350 2821 1403 τοίνυν
2850 1366 2864 1380 ·

2910 1443 3067 1499 ΚΕΦ.
3098 1445 3171 1498 Δ’.

2325 1538 2469 1607 Στίχ.
2500 1537 2647 1606 α’-γ’.
2682 1568 2750 1577 —
2791 1556 2807 1590 ι
2842 1539 2952 1591 Kal.
2980 1539 3129 1592 ἔσται
3164 1539 3249 1591 ἐπ’
3274 1537 3513 1608 ἐσχάτων
3542 1538 3652 1592 τῶν
3683 1539 3826 1609 ⁴δίιμε-

2260 1629 2369 1700 ρῶν
2408 1632 2647 1701 ἐμφανὲς
2689 1630 2750 1684 τὸ
2775 1630 2900 1702 ὄρος
2925 1631 3020 1684 τοῦ
3048 1631 3198 1685 οίκου
3222 1629 3425 1703 Κυρίου
3448 1671 3462 1694 ,
3487 1630 3702 1701 ἕτοιμον
3731 1632 3824 1685 ἐπὶ

593 1709 697 1765 bus
728 1706 1017 1770 montium,
1044 1714 1098 1760 et
1125 1703 1373 1759 sublimis
1407 1717 1570 1771 super
1610 1702 1798 1757 colles.
1840 1699 1905 1754 Et
1960 1713 2156 1769 prepe-

2260 1699 2357 1785 τάς
2410 1699 2652 1794 κορυφάς
2709 1699 2819 1775 τῶν
2881 1721 3085 1793 ὀρέων,
3167 1722 3259 1776 καὶ
3313 1699 3823 1794 ήμετεωρισθήσεται

594 1803 793 1856 rabunt
831 1799 899 1854 ad
939 1813 1063 1852 eum
1106 1796 1314 1867 populi,
1352 1803 1679 1865 pergentque
1720 1803 1905 1864 gentes
1950 1792 2155 1857 multae,

2260 1811 2510 1883 ὑπεράνω
2537 1812 2644 1865 τῶν
2666 1812 2871 1882 βουνῶν
2891 1830 2904 1843 ·
2932 1814 3025 1867 καὶ
3060 1815 3383 1867 σπεύσουσιν
3412 1815 3497 1867 ἐπ’
3522 1815 3654 1867 αὐτὸ
3680 1814 3823 1879 λαοὶ,

595 1903 648 1947 et
682 1891 863 1946 dicent
888 1908 902 1945 :
926 1889 1137 1954 Venite,
1174 1888 1534 1942 ascendamus
1563 1886 1619 1940 in
1650 1895 1887 1940 montem
1918 1883 2154 1950 Domini,

595 1995 648 2037 et
681 1983 747 2037 ad
777 1981 997 2036 domum
1045 1980 1134 2035 Dei
1178 1978 1366 2034 Jacob.
1400 1977 1468 2031 Et
1507 1977 1960 2033 demonstrabunt
2000 1976 2157 2032 nobis

594 2077 738 2130 viam
770 2076 910 2146 ejus,
937 2083 989 2129 et
1021 2075 1221 2130 ibimus
1248 2075 1303 2127 in
1331 2072 1540 2128 semitis
1568 2072 1689 2140 ejus
1717 2090 1730 2125 :
1754 2070 1881 2140 quia
1906 2069 1972 2124 de
1994 2068 2159 2124 Sione

594 2169 904 2240 egredietur
929 2168 1037 2231 lex,
1070 2176 1121 2221 et
1155 2167 1379 2221 verbum
1415 2164 1626 2219 Domini
1653 2165 1719 2219 de
1744 2162 2067 2219 Jerusalem.
2092 2160 2159 2216 Et

591 2259 861 2331 judicabit
881 2259 1023 2313 inter
1046 2256 1203 2327 185
1221 2255 1452 2326 populos
1475 2254 1696 2317 multos,
1731 2260 1783 2307 et
1816 2258 2005 2323 arguet
2034 2266 2161 2321 gen-

598 2363 679 2408 tes
734 2350 905 2407 fortes
963 2364 1136 2419 usque
1190 2350 1245 2403 in
1290 2347 1668 2418 longinquum.
1710 2364 1729 2396 ›
1771 2342 2158 2400 Verumtamen

596 2449 883 2512 postquam
910 2439 1051 2494 mala
1084 2438 1327 2507 perpessi
1365 2434 1587 2495 fuerint,
1621 2432 1797 2503 primo
1841 2431 2058 2503 quidem
2088 2429 2158 2484 ab

598 2534 839 2605 Assyriis
872 2531 1152 2602 captivati,
1188 2528 1389 2584 deinde
1428 2544 1458 2581 a
1492 2524 1837 2597 Babyloniis;
1873 2530 2023 2577 tanta
2066 2522 2158 2575 fiet

597 2623 701 2677 hoc
722 2622 777 2677 in
810 2622 929 2676 loco
946 2634 1126 2675 rerum
1145 2616 1447 2679 conversio,
1472 2623 1530 2669 ut
1557 2612 1889 2682 conspicuus
1906 2608 2158 2665 omnibus

594 2714 816 2769 futurus
851 2712 922 2767 sit
948 2725 1125 2775 mons,
1146 2709 1200 2762 in
1227 2723 1334 2779 quo
1349 2706 1490 2761 Deus
1518 2705 1764 2760 habitare
1794 2702 2155 2766 existimatnr,

596 2811 651 2853 et
692 2797 907 2853 cunctis
959 2795 1248 2849 sublimior
1298 2792 1578 2847 montibus
1615 2791 2012 2861 plurimumque
2060 2788 2160 2843 bos

599 2891 892 2953 excedens,
930 2901 1231 2956 omnesque
1259 2885 1450 2948 colles,
1497 2893 1718 2954 propter
1758 2882 2158 2936 manifestatam

600 2984 796 3038 divinae
826 2980 1007 3035 tutela:
1036 2980 1090 3032 in
1125 2992 1190 3033 eo
1221 2978 1471 3048 gloriam.
1504 2976 1655 3030 Multi
1677 2989 1892 3047 thOque
1916 2973 2159 3028 extranei

600 3073 786 3128 multis
814 3087 880 3127 ex
912 3070 1046 3124 locis
1076 3077 1405 3123 concurrent
1429 3066 1494 3121 ad
1519 3066 1663 3120 hunc
1692 3063 1783 3119 Dei
1814 3071 2072 3125 montem,
2103 3063 2159 3116 in

598 3182 709 3237 quo
743 3164 997 3220 videlicet
1038 3162 1287 3216 habitare
1331 3158 1475 3215 Deus
1519 3158 1775 3224 creditur,
1818 3165 1877 3211 ut
1905 3158 2034 3210 hinc
2060 3155 2159 3210 do-

599 3270 826 3315 ceantur
869 3254 1142 3327 quomodo
1177 3269 1271 3309 eos
1304 3267 1633 3322 componere
1672 3265 1852 3306 mores
1886 3257 2157 3319 oporteat,

596 3361 651 3405 et
675 3367 737 3404 ex
773 3364 961 3403 norma
1004 3346 1306 3401 honestatis
1338 3345 1556 3399 vivere:
1589 3343 1661 3396 ita
1688 3351 1747 3397 ut
1776 3342 1856 3396 lex
1882 3342 1974 3396 fiat
1995 3342 2156 3396 etiam

597 3437 893 3501 extraneis,
930 3437 1019 3489 illa
1045 3450 1164 3506 qua:
1196 3435 1300 3488 hoc
1339 3433 1458 3487 loco
1484 3440 1673 3502 regnat
1713 3430 1830 3498 lex;
1861 3437 2157 3499 putentqne

596 3539 791 3580 omnes
822 3540 882 3579 se
911 3522 1007 3578 Dei
1049 3536 1235 3576 vocem
1266 3520 1477 3584 audire,
1526 3532 1632 3587 qua
1675 3517 1933 3586 iubentur
1962 3531 2158 3570 secun-

596 3616 725 3672 dum
756 3615 1006 3671 inetituta
1034 3613 1270 3669 civitatis
1290 3610 1589 3667 Jerusalem
1619 3609 1822 3664 vivere.
1858 3606 1949 3663 Sic
1977 3618 2155 3662 autem

598 3708 796 3764 merito
854 3706 1281 3769 existimabunt,
1338 3710 1649 3774 spectantes
1694 3698 1994 3755 evidentem
2063 3697 2156 3753 Dei

597 3798 915 3869 potentiam,
944 3796 1071 3850 dum
1098 3796 1298 3849 multos
1321 3809 1385 3848 ex
1412 3792 1480 3847 iis
1506 3791 1601 3862 qui
1642 3791 1784 3845 male
1816 3788 1976 3844 nobis
2015 3787 2158 3842 fece-

597 3896 727 3942 runt
749 3888 814 3942 ad
841 3903 1000 3943 suum
1023 3887 1286 3955 judicium
1316 3884 1603 3954 pertrahit,
1627 3881 1915 3951 arguitque
1935 3879 2157 3933 validis-

597 3982 767 4035 simos
800 3980 985 4043 etiam,
1011 3978 1360 4047 quantumvis
1394 3976 1582 4044 procul
1624 3975 1817 4030 abesse
1847 3972 2152 4034 videantur,

596 4073 666 4124 ob
699 4070 878 4123 illatas
915 4068 1077 4122 nobis
1119 4067 1383 4137 injurias;
1429 4078 1728 4135 pcenasque
1774 4061 1883 4116 illis
1927 4062 2158 4132 imponit

596 4159 930 4213 facinoribus
959 4156 1198 4226 ipsorum
1220 4156 1456 4224 dignam.

2259 1903 2351 1955 καὶ
2399 1902 2721 1975 πορεύσεται
2755 1903 2879 1974 ἔθνη
2926 1904 3123 1957 πολλάο
3158 1907 3251 1958 καὶ
3284 1903 3499 1974 ἐροῦσι,
3525 1903 3689 1958 Δεῦτε
3731 1908 3825 1959 καὶ

2258 1990 2543 2062 ἀναδῶμεν
2572 1992 2651 2054 είς
2678 1992 2738 2045 τὸ
2768 1992 2892 2063 ὅρος
2927 1992 3151 2063 Κυρίου,
3181 1994 3274 2046 καὶ
3303 1995 3379 2056 είς
3422 1993 3510 2045 τὸν
3549 1989 3697 2047 οἶκον
3728 1993 3825 2048 τοῦ

2258 2079 2391 2133 θεοῦ
2455 2080 2680 2134 Ἰακώϐ·
2728 2082 2823 2133 καὶ
2863 2080 3126 2145 δείξουσιν
3165 2084 3293 2153 ἡμῖν
3337 2081 3435 2151 τὴν
3477 2082 3592 2135 όδὶν
3633 2082 3823 2146 αὐτοῦ,

2258 2172 2350 2225 καὶ
2378 2172 2752 2242 πορευσόμεθα
2785 2174 2842 2225 ὲν
2873 2175 2993 2236 ταῖς
3018 2173 3222 2243 τρίϐοις
3254 2172 3438 2225 αὑτοῦ·
3478 2175 3561 2226 ὅτι
3590 2174 3653 2225 ἐκ
3686 2172 3825 2226 Σιὼν

2258 2261 2595 2328 ἐξελεύσεται
2616 2262 2797 2332 νόμος,
2822 2263 2915 2316 καὶ
2937 2263 3093 2331 λόγος
3118 2265 3320 2334 Κυρίου
3348 2264 3406 2329 ἐξ
3439 2264 3823 2335 Ἰερουσαλὴμ·

2258 2354 2352 2406 καὶ
2383 2352 2681 2423 κρινεῖάνὰ
2709 2353 2870 2423 μέσον
2892 2354 3035 2406 λαῶν
3066 2353 3295 2418 πολλῶν,
3329 2354 3422 2408 καὶ
3450 2349 3661 2423 ἐλέγξει
3695 2355 3827 2427 ἔθνη

2261 2446 2454 2517 ίσχυρὰ
2486 2447 2590 2510 ἓως
2638 2447 2874 2517 μακράν.
2917 2466 2936 2498 ι
2985 2446 3145 2499 Ἀλλά
3185 2447 3293 2517 γάρ
3336 2447 3471 2517 μετά
3493 2446 3591 2517 τὴν
3622 2451 3827 2518 πεῖραν

2257 2534 2368 2587 τῶν
2410 2533 2595 2589 κακῶν
2642 2536 2700 2587 ἐν
2734 2530 2877 2608 ᾗπερ
2920 2538 3256 2606 γενήσονται,
3287 2536 3546 2607 πρότερον
3586 2537 3685 2606 μὲν
3722 2537 3831 2590 ὑπὸ

2273 2623 2569 2693 Ἀσσυρίων
2619 2621 3180 2691 αἰχμαλωτισθέντες,
3224 2622 3328 2674 ὑπὸ
3376 2622 3730 2676 Βαϐυλωνίων
3770 2623 3829 2677 δὲ

2260 2712 2504 2783 ὕστερον,
2532 2712 2767 2783 τοσαύτη
2799 2712 3069 2782 μεταϐολὴ
3116 2713 3244 2783 περὶ
3271 2712 3361 2765 τὸν
3388 2713 3549 2768 τόπον
3590 2716 3827 2785 γενήσε⁸

2258 2819 2347 2855 ται
2380 2801 2586 2859 τοῦτον.
2625 2801 2764 2854 ὥστε
2804 2801 3099 2871 περιφανὲς
3128 2802 3297 2855 ἅπασι
3319 2801 3380 2854 τὸ
3401 2802 3523 2873 ὅρος
3549 2802 3826 2869 γενέσθαι,

2260 2894 2319 2945 ἐν
2350 2886 2503 2963 ᾧπερ
2532 2894 2700 2946 οἰκεῖν
2731 2893 3059 2961 ὑπείληπται
3099 2892 3248 2956 Θεὸς,
3274 2892 3524 2945 ἁπάντων
3562 2909 3621 2945 τε
3655 2892 3828 2963 ὑπερ-

2261 2984 2509 3054 κείμενον
2551 2984 2822 3055 δειχθῆναι
2870 2984 2978 3038 τῶν
3030 2983 3221 3055 ὀρέων,
3262 2985 3357 3037 καὶ
3402 2984 3647 3037 πλεῖστον
3703 2985 3829 3036 ὅσον

2264 3076 2557 3146 ὑπεραῖρον
2598 3077 2774 3129 πάντα
2820 3075 2918 3146 μὲν
2954 3075 3085 3147 δρη,
3137 3075 3344 3145 πάντας
3384 3075 3439 3128 δέ
3470 3074 3709 3145 βουνοὺς,
3738 3075 3832 3127 διὰ

2262 3168 2361 3237 τὴν
2394 3169 2456 3219 ἐκ
2482 3168 2580 3236 τῆς
2609 3166 2758 3229 θείας
2790 3167 3113 3235 κηδεμονίας
3153 3168 3208 3219 ἐν
3244 3165 3391 3236 αὐτῷ
3418 3165 3712 3235 γινομένην
3748 3164 3832 3217 δό-

2263 3254 2388 3318 ξαν·
2432 3253 2853 3323 συναχθήσονται
2894 3252 2949 3305 δέ
2997 3254 3179 3306 πολλοὶ
3228 3253 3551 3323 πολλαχόθεν
3588 3255 3681 3307 καί⁵
3713 3253 3828 3306 τῶν

2260 3343 2553 3414 ἀλλοτρίων
2591 3344 2933 3414 ἐπειγόμενοι
2962 3344 3116 3398 τοῦτο
3139 3345 3203 3416 δὴ
3223 3345 3317 3399 τοῦ
3342 3345 3473 3399 Θεοῦ
3499 3345 3829 3398 καταλαϐεῖν

2257 3432 2316 3483 τὸ
2359 3432 2503 3502 ὅρος,
2542 3433 2614 3501 (p.
2652 3430 2777 3499 282)
2817 3433 2874 3483 ἐν
2924 3426 3076 3504 ᾧπερ
3121 3436 3291 3487 οἰκεῖν
3327 3433 3603 3500 δοξάζεται
3652 3432 3790 3496 Θεός
3814 3449 3827 3459 ’

2258 3517 2490 3572 ἐνταῦθά
2512 3535 2571 3570 τε
2609 3517 2962 3586 παιδευθῆναι
2995 3519 3053 3572 ὃν
3097 3519 3159 3590 δὴ
3191 3521 3388 3592 τρόπον
3425 3520 3700 3591 προσῆκεν
3726 3519 3831 3574 αὐ-

2259 3610 2384 3671 τοὺς
2435 3608 2838 3674 πολιτεύεσθαι,
2879 3611 3025 3672 ὃπως
3075 3628 3133 3662 τε
3183 3611 3329 3680 βιοῦν
3377 3612 3517 3665 κατὰ
3565 3610 3627 3663 τὸ
3668 3610 3827 3664 δέονο

2259 3698 2397 3751 ὥστε
2426 3699 2587 3768 νόμον
2624 3695 2761 3751 εἶναι
2787 3700 2881 3753 καὶ
2919 3704 3030 3763 τοῖς
3056 3701 3281 3774 ἑτέρωθι
3309 3702 3399 3755 τὸν
3426 3701 3660 3756 ἐνταῦθα
3691 3720 3831 3774 xpu-

2256 3790 2451 3844 τοῦντα
2478 3791 2657 3861 νόμον,
2694 3794 2877 3862 φωνῆς
2908 3810 2965 3845 τε
3007 3794 3155 3857 θείας
3196 3795 3369 3847 δοκεῖν
3397 3795 3613 3848 ἀκούειν
3652 3796 3828 3849 ᾶπαν-

2257 3902 2373 3949 τας,
2406 3885 2496 3952 ἀφ’
2526 3880 2593 3955 ἧς
2621 3885 2894 3955 προσῆκεν
2918 3888 3028 3949 τοῖς
3067 3887 3413 3958 Ἰερουσαλὴμ
3452 3887 3830 3941 πολιτεύεσθαι

2260 3975 2537 4044 νομίμοις·
2580 3975 2751 4027 ταῦτα
2788 3976 2844 4028 δὲ
2876 3978 3151 4047 οἰήσονται
3187 3977 3440 4040 δικαίως,
3471 3978 3706 4048 δρῶντες
3730 3976 3830 4031 τοῦ

2262 4065 2395 4120 Θεοῦ
2426 4067 2521 4136 τὴν
2549 4066 2775 4136 δύναμιν
2796 4068 2863 4137 ἢν
2889 4068 3231 4133 ἐπιδείξεται,
3257 4068 3482 4130 πολλοὺς
3512 4069 3620 4121 τῶν
3640 4068 3832 4133 κακῶς

2263 4152 2667 4206 διατεθεικότων
2704 4154 3007 4224 ἡμᾶς’ύπὸ
3051 4156 3151 4223 τὴν
3189 4155 3368 4225 κρίσιν
3412 4155 3559 4222 ἄγων
3597 4155 3696 4224 τὴν
3747 4157 3832 4208 οἱ·-

594 4249 775 4316 κείαν,
819 4248 1053 4317 ἐλέγχων
1094 4263 1154 4299 τε
1196 4245 1290 4298 καὶ
1334 4245 1458 4306 τοὺς
1515 4243 1652 4310 ἄγαν
1695 4237 1833 4294 εἶναι
1872 4242 2160 4306 δοκοῦντας
2212 4245 2495 4315 ἰσχυροὺς,
2528 4245 2632 4298 κᾶν
2678 4247 2727 4297 εί
2770 4246 3052 4316 πόρρωθεν
3099 4242 3238 4299 εἶναι
3288 4247 3527 4309 δοκοῖεν,
3570 4246 3712 4315 ὑπὲρ
3752 4240 3834 4301 ὧν

594 4344 674 4405 είς
711 4341 859 4412 ἡμᾶς
916 4335 1409 4413 πεπλημμελήκασι
1432 4378 1445 4399 ,
1477 4335 1571 4387 καὶ
1603 4332 1666 4403 δὴ
1707 4333 1800 4386 καὶ
1846 4334 2115 4405 τιμωρίαν
2138 4356 2139 4359 η
2162 4335 2342 4399 αὐτοῖς
2382 4335 2599 4403 ἐπάγων
2626 4335 2735 4387 τῶν
2765 4335 3176 4405 τετολμημένων
3204 4336 3376 4402 ἀξίαν.

666 4431 831 4486 Miror
877 4441 1056 4485 autem
1098 4444 1193 4484 eos
1235 4427 1325 4495 qui
1372 4425 1727 4489 aliirmarunt,
1770 4426 1916 4480 dicta
1969 4428 2084 4483 hate
2129 4444 2160 4482 a
2195 4433 2235 4485 ι)

595 4524 856 4594 propheta
899 4522 967 4577 de
1004 4522 1166 4575 rebus
1216 4519 1476 4573 lsraelitis
1521 4520 1817 4583 eventuris,
1863 4529 2151 4590 postquam

595 4617 867 4687 Babylone
895 4615 1098 4670 reversi
1136 4613 1404 4675 fuissent;
1447 4610 1708 4665 addentes
1745 4612 1930 4674 etiam,
1971 4621 2153 4683 typum

594 4702 883 4774 quemdam
907 4717 1000 4756 eas
1026 4701 1194 4755 fuisse
1220 4714 1399 4755 rerum
1424 4699 1527 4754 sub
1548 4698 1770 4754 Christo
1798 4698 2027 4755 Domino
2060 4717 2155 4769 ge-

593 4792 908 4848 rendarum.
941 4791 1107 4861 Atqui
1136 4791 1236 4846 hos
1258 4805 1379 4859 ego.
1408 4797 1681 4858 quatenus
1710 4791 1895 4859 populi
1922 4792 2154 4846 reditum

595 4882 870 4953 Babylone
897 4881 981 4937 his
1007 4880 1185 4935 verbis
1208 4881 1482 4951 designari
1508 4880 1682 4941 aiunt,
1718 4896 1815 4935 ceu
1841 4883 2044 4951 optime
2074 4883 2157 4937 di~

594 4978 785 5025 centes
811 4968 993 5023 laudo.
1022 4967 1178 5033 Quod
1212 4977 1387 5022 autem
1430 4976 1591 5038 typus
1619 4968 1839 5038 quidam
1875 4970 1929 5022 in
1962 4969 2153 5023 iisdem

596 5056 763 5111 lateat
787 5068 969 5110 rerum
992 5051 1195 5109 Christi
1224 5052 1459 5119 Domini,
1486 5055 1629 5111 haud
1658 5059 1773 5113 scio
1802 5059 2075 5128 quomodo
2103 5056 2154 5109 id

596 5146 864 5201 afﬁrmare
893 5145 1135 5200 animum
1164 5143 1477 5199 induxerint
1502 5165 1515 5201 :
1547 5158 1764 5203 constat
1793 5150 1936 5204 enim
1968 5158 2155 5220 typum

597 5232 954 5287 imitationem
979 5247 1100 5288 esse
1122 5232 1414 5302 quamdam
1441 5235 1560 5305 ejus
1602 5238 1701 5302 rei,
1729 5238 1887 5307 cujus
1923 5253 2047 5295 esse
2073 5239 2157 5292 di-

595 5323 740 5377 ciur
776 5330 965 5392 typus;
1002 5322 1172 5378 dictio
1217 5335 1440 5380 autem:
1477 5346 1495 5379 ι
1537 5327 1613 5383 De
1657 5328 1822 5385 Sione
1849 5329 2156 5402 egredietur

597 5416 705 5479 lex,
738 5422 793 5469 et
829 5414 1054 5469 verbum
1102 5413 1314 5470 Domini
1360 5418 1429 5472 de
1479 5417 1807 5484 Jerusalem,
1853 5438 1872 5473 ι
1928 5422 2157 5474 multum

597 5510 752 5563 abest
784 5520 813 5561 a
839 5505 1041 5561 Christi
1072 5509 1466 5580 propositione,
1498 5513 1591 5580 qui
1626 5512 1848 5567 disertis
1869 5514 2048 5571 verbis
2072 5510 2167 5565 Sa-

594 5600 880 5653 maritana
905 5597 1042 5652 dixit
1068 5598 1109 5629 “
1141 5617 1153 5654 :
1185 5619 1203 5651 ι
1246 5600 1458 5667 Mulier,
1485 5604 1648 5659 crede
1680 5605 1831 5670 mihi,
1856 5605 1986 5675 quia
2017 5607 2164 5660 venit

670 5730 713 5762 ⁸⁸
740 5728 895 5786 Joan.
936 5745 1008 5796 tv,
1045 5731 1132 5785 2i.

2349 4430 2662 4499 Ἐθαύμασα
2693 4430 2748 4482 δὲ
2773 4431 2898 4493 τοὺς
2942 4430 3232 4501 εἰρηκότας
3262 4430 3507 4501 λελέχθαι
3531 4433 3629 4502 μὲν
3658 4434 3835 4489 ταῦτα

2261 4519 2337 4589 τῷ
2364 4522 2611 4591 προφήτῃ
2646 4521 2737 4573 ἐπὶ
2768 4520 2875 4573 τῶν
2916 4521 3043 4590 περὶ
3098 4522 3223 4584 τοὺς
3270 4521 3605 4591 Ἰσραηλίτας
3631 4525 3835 4593 ἐσομέ-

2260 4629 2385 4674 νων,
2415 4611 2581 4664 ἐπειδ’
2616 4612 2681 4664 ἂν
2710 4611 3078 4680 ἐπανάγεσθαι
3108 4611 3338 4681 μέλλωσι
3365 4613 3462 4681 τῆς
3489 4612 3835 4679 Βαϐυλῶνος,

2261 4703 2540 4772 φήσαντας
2592 4701 2651 4754 δὲ
2698 4700 2867 4753 τύπον
2905 4701 3042 4754 αύτά
3089 4717 3212 4753 τινα
3267 4699 3361 4753 καί¹
3404 4700 3513 4753 τῶν
3547 4700 3693 4753 κατά
3740 4701 3839 4754 τὸν

2259 4789 2534 4858 Δεσπότην
2581 4788 2722 4858 ἔχειν
2744 4787 2977 4856 Χριστόν
3008 4805 3019 4816 ·
3053 4786 3155 4851 οὒς
3186 4789 3265 4839 δτι
3295 4787 3395 4855 μὲν
3431 4788 3529 4859 τὴν
3554 4788 3619 4841 ἐκ
3654 4787 3840 4840 Βαϐυ-

2259 4879 2426 4942 λῶνος
2454 4881 2709 4934 ἐπάνοδον
2737 4880 2831 4933 τοῦ
2858 4879 2986 4933 λαοῦ
3005 4880 3365 4950 σημαίνεσθαι
3394 4880 3598 4951 ἔφασαν
3631 4883 3691 4934 ἐν
3710 4882 3842 4936 τού-

2262 4985 2395 5030 τοις,
2418 4968 2492 5030 ὼς
2513 4966 2773 5021 κάλλιστά
2800 4984 2863 5033 γε
2884 4968 3173 5038 εἰρηκότας
3200 4966 3407 5020 ἐπαινῶ
3431 4985 3444 4999 °
3476 4969 3556 5022 ὅτι
3582 4968 3638 5022 δέ
3665 4968 3842 5022 τύπον

2262 5061 2384 5113 τινὰ
2426 5060 2534 5113 τῶν
2563 5059 2702 5113 κατά
2726 5060 2815 5113 τὸν
2850 5061 3125 5129 Δεσπότην
3158 5059 3271 5131 ἔχει
3304 5060 3557 5131 Χριστὸν,
3591 5061 3693 5113 οὐκ
3720 5057 3843 5115 οἶδα

2262 5153 2409 5214 ὅπως
2429 5150 2778 5221 προήχθησαν
2790 5150 2983 5212 εἰπεῖν,
2998 5148 3156 5219 δήλου
3170 5166 3233 5217 γε
3248 5150 3399 5213 ὄντος
3415 5149 3488 5212 ὼς
3508 5149 3654 5213 ἄπας
3664 5149 3844 5215 τύπος

2264 5238 2496 5308 μίμησιν
2528 5237 2639 5306 ἔχει
2665 5237 2786 5290 τινὰ
2814 5237 2950 5307 πρὸς
2986 5238 3161 5290 ἐκεῖνο
3185 5230 3356 5307 οῦπερ
3384 5236 3600 5303 λέγεται
3627 5236 3843 5300 τύπος’

2263 5332 2323 5383 τὸ
2346 5330 2403 5381 δὲ
2428 5331 2493 5381 ἐκ
2537 5327 2675 5381 Σιὼν
2705 5325 3081 5391 ἐξελεύσεσθαι
3119 5327 3300 5398 νόμον,
3322 5328 3416 5382 καὶ
3441 5328 3597 5395 λόγον
3625 5327 3845 5398 Κυρίου

2265 5421 2324 5486 ἐξ
2369 5419 2742 5491 Ἰερουσαλὴμ,
2775 5420 2852 5489 (p.
2874 5418 3001 5488 285)
3024 5418 3157 5472 πολύ
3188 5436 3251 5487 γε
3281 5420 3591 5489 ἀφέστηκεν
3618 5420 3722 5490 τῆς
3741 5419 3847 5472 τοῦ

2260 5511 2497 5583 Χριστοῦ
2525 5510 2838 5576 διατάξεως,
2863 5509 2921 5573 ὃς
2948 5509 3135 5579 σαφῶς
3149 5510 3337 5582 εἴρηκε
3368 5511 3502 5582 πρὸς
3523 5511 3625 5580 τὴν
3647 5511 3851 5581 Σαμα-

2264 5608 2426 5676 ρεῖτιν
2448 5620 2461 5633 ο
2504 5622 2521 5654 ι
2554 5601 2780 5655 Πίστευέ
2835 5617 2945 5671 μοι,
2978 5601 3158 5670 γύναι,
3185 5604 3269 5659 ὅτι
3305 5602 3523 5673 ἔρχεται
3572 5600 3718 5673 ῶρα,
3747 5600 3852 5657 ὅτε
