3976 6226
263 348 373 403 365

1252 345 1797 402 COMMENTARIUS
1833 344 1897 400 IN
1938 343 2242 404 MICHEIE
2274 344 2425 399 CAP.
2465 343 2553 400 iV.

3347 338 3361 350 '
3395 348 3497 406 aco

262 465 391 520 οὔτε
439 468 501 520 έν
556 463 972 537 Ἱεροσολύμοις,
1000 466 1118 520 οὔτε
1146 468 1203 520 ἐν
1231 467 1310 537 τῷ
1330 468 1445 537 ὄρει
1476 469 1648 538 τούτῳ
1668 484 1841 538 προσ-

1952 467 2097 529 hora,
2132 465 2350 536 quando
2381 479 2556 534 neque
2582 461 2992 533 Hierosolymis,
3032 479 3208 535 neque
3251 467 3411 538 186
3444 481 3498 522 tu

264 558 536 626 κυνὴσετε
563 557 642 626 τῷ
660 557 834 627 Πατρί
850 573 863 585 ⁸
893 576 911 607 ›
930 558 1021 609 καὶ
1048 558 1145 627 τὴν
1160 558 1337 611 αἰτίαν
1360 558 1550 626 λέγων,
1575 577 1593 609 ι
1617 556 1843 627 Πνεῦμα

259 648 295 702 ὁ
334 647 483 711 Θεὸς,
517 648 614 700 καὶ
636 649 763 711 τοὺς
804 648 1240 719 προσκυνοῦντας
1279 649 1457 713 αὐτὸν,
1497 651 1555 702 ὲν
1577 648 1842 717 πνεύματι

267 740 370 794 καὶ
391 739 615 809 ἀληθείᾳ
650 739 732 792 δεῖ
762 742 1081 811 προσκυνεῖν
1100 756 1113 769 ·
1142 760 1161 792 ι
1192 741 1374 808 σαφῶς
1403 741 1511 811 γὰρ
1533 739 1844 810 ἀπεφήνατο

268 828 746 899 καταλυθήσεσθαι
796 830 895 901 τὴν
946 831 1073 902 περὶ
1129 831 1219 883 τὸν
1264 822 1437 883 τόπον
1462 829 1842 899 ἀκριϐολογίαν

267 922 576 985 παντελῶς,
610 923 706 975 καὶ
766 922 965 992 μηδένα
986 923 1141 991 λόγον
1178 922 1392 976 ἔσεσθαι
1418 921 1509 975 τοῦ
1551 923 1609 973 ὲν
1643 921 1844 990 Ἰερου-

269 1012 409 1082 σαλὴ
417 1029 457 1080 μ
486 1011 740 1082 μᾶλλονῆ
768 1011 991 1083 ἑτέρωθι
1014 1015 1337 1083 προσκυνεῖν
1360 1027 1373 1039 ·
1399 1010 1585 1080 ἐπειδὴ
1606 1009 1843 1072 ἅπαντες

269 1103 659 1165 παιδευθέντες
685 1102 973 1172 ἀσώματον
996 1098 1132 1156 εῖναι
1154 1103 1213 1155 τὸ
1228 1102 1400 1166 Θεῖον,
1436 1100 1571 1171 μετὰ
1591 1100 1843 1169 τοιαύτης

265 1191 422 1262 αύτῷ
486 1195 814 1262 προσκυνεῖν
873 1192 1121 1262 μέλλουσι
1149 1195 1247 1264 τῆς
1288 1193 1522 1254 διανοίας
1548 1209 1561 1221 ’
1598 1192 1673 1255 ὡς
1710 1192 1843 1244 ὅπου

268 1284 393 1335 ποτ’
450 1283 519 1335 ἂν
580 1282 713 1334 αὐτὸ
762 1282 1240 1353 διαπράττωνται,
1295 1284 1447 1337 οὐδὲν
1512 1283 1844 1354 ἀλλοιότερον

269 1373 557 1436 ποιοῦντες
575 1390 589 1403 '
617 1374 743 1441 περὶ
772 1374 871 1443 μὲν
897 1374 960 1444 δὴ
975 1373 1076 1444 τῆς
1126 1374 1383 1428 ἐπανόδου
1418 1374 1516 1444 τῆς
1546 1375 1652 1427 ἀπὸ
1677 1375 1846 1428 Βαϐυ-

266 1466 440 1529 λῶνος
473 1468 849 1536 ἀρμοττόντως
880 1467 1087 1535 λέγοιτο
1121 1466 1208 1531 ἂν,
1240 1486 1258 1518 ι
1296 1468 1388 1521 Ἐκ
1411 1466 1546 1519 Σιὼν
1574 1466 1845 1533 ἐξελεύσε-

268 1576 359 1610 ται
386 1559 573 1628 νόμος,
603 1557 695 1610 καὶ
720 1557 877 1625 λόγος
909 1558 1108 1629 Κυρίου
1146 1560 1204 1624 ὲξ
1238 1558 1608 1629 Ἰερουσαλὴμ,
1641 1578 1658 1610 ι
1698 1561 1844 1612 ἐπει-

268 1649 446 1720 δήπερ
463 1648 805 1718 ἀπεδόθησαν
829 1650 1153 1720 Ἰσραηλῖται
1175 1649 1296 1702 τότε
1311 1649 1388 1719 τῷ
1409 1650 1559 1721 τόπῳ
1586 1648 1664 1720 τῷ
1685 1649 1840 1714 Σιὼν,

266 1740 414 1793 ὥστε
446 1740 587 1793 κατὰ
616 1741 716 1810 τὴν
746 1741 976 1812 νομικὴν
1015 1742 1275 1807 διάταξιν,
1304 1743 1402 1813 τὴν
1424 1742 1844 1812 διατεταγμένην

1941 565 2125 612 monte
2151 557 2254 611 hoc
2285 556 2585 611 adorabitis
2616 554 2847 611 Patrem.
2886 575 2905 607 ›
2943 553 3079 609 Tum
3106 571 3327 612 causam
3359 560 3497 633 assi-

1940 662 2152 717 gnans:
2189 666 2209 699 ‹
2245 645 2501 717 Spiritus,
2535 666 2554 698 ι
2595 647 2789 716 inquit,
2831 666 2848 698 ι
2886 658 2969 701 est
2996 645 3160 713 Deus,
3202 656 3257 702 et
3281 662 3376 702 eos
3406 650 3500 719 qui

1941 739 2167 793 adorant
2195 754 2339 802 eum,
2382 738 2434 792 in
2467 740 2661 808 spiritu
2711 747 2765 793 et
2794 739 3016 793 veritate
3053 747 3265 809 oportet
3306 741 3504 796 adora-

1942 843 1999 881 re
2039 847 2051 881 :
2093 848 2111 879 »
2164 830 2449 897 perspicue
2487 828 2689 882 docens
2726 830 2961 882 solutum
3019 830 3088 883 iri
3128 830 3353 885 omnino
3395 832 3501 887 loci

1940 914 2058 985 ejus
2091 917 2467 986 scrupulosam
2506 917 2954 983 observantiam;
3008 917 3255 986 nullique
3299 918 3352 972 in
3400 934 3501 988 po-

1941 1014 2146 1061 sterum
2174 1022 2319 1061 curze
2350 1006 2465 1062 fore
2499 1016 2679 1061 utrum
2707 1007 3097 1078 Hierosolymis
3130 1009 3309 1078 potius
3337 1024 3500 1077 quam

1941 1097 2067 1151 alibi
2096 1097 2380 1165 adoretur;
2412 1099 2538 1169 quia
2560 1115 2748 1155 omnes
2779 1101 3163 1170 incorporeum
3187 1117 3310 1157 esse
3331 1101 3501 1157 Deum

1940 1185 2139 1251 edocti,
2194 1190 2286 1243 tali
2336 1206 2457 1243 eum
2508 1207 2631 1245 cum
2682 1203 2858 1247 mente
2908 1193 3186 1248 adoraturi
3238 1204 3396 1261 sunt;
3451 1206 3503 1250 et

1942 1280 2202 1350 quidquid
2231 1282 2407 1338 ubivis
2438 1281 2685 1346 fecerint,
2711 1286 2931 1355 perinde
2954 1286 3191 1341 alienum
3219 1302 3329 1342 non
3361 1287 3498 1343 fore.

1947 1368 2327 1427 Verumtamen
2376 1373 2444 1429 de
2490 1375 2663 1430 reditu
2690 1376 2957 1445 quideme
2980 1377 3254 1450 Babylone
3302 1394 3503 1434 conve-

1944 1462 2154 1517 nienter
2188 1463 2295 1516 dici
2314 1468 2540 1541 potuit:
2597 1486 2615 1518 ι
2651 1466 2726 1521 De
2756 1465 2919 1521 Sione
2951 1470 3258 1538 egredietur
3302 1471 3411 1530 lex,
3448 1479 3504 1524 et

1942 1556 2164 1610 verbum
2199 1556 2411 1612 Domini
2457 1558 2524 1613 de
2567 1557 2902 1627 Jerusalem;
2940 1580 2958 1611 ι
2996 1563 3123 1630 quia
3161 1570 3292 1617 tunc
3334 1562 3501 1617 resti~

1944 1650 2044 1702 tuti
2097 1649 2313 1705 fuerunt
2372 1650 2625 1706 Israelita;
2669 1657 2724 1706 In
2777 1651 2957 1709 Sionis
3004 1654 3385 1715 stationem,ut
3428 1655 3502 1709 ibi

1945 1741 2138 1811 legalia
2188 1743 2436 1797 instituta
2492 1751 2548 1797 et
2605 1745 2979 1813 praescriptum
3018 1746 3223 1800 cultum
3265 1745 3505 1814 comple—

270 1831 574 1902 θρησκείαν
604 1831 789 1883 αὐτόθι
814 1831 1052 1901 πληροῦν
1070 1868 1083 1889 .
1104 1833 1170 1903 ἣν
1198 1832 1422 1903 ἑτέρωθί
1451 1849 1513 1901 γε
1540 1832 1689 1896 ὄντες
1714 1832 1849 1901 πλη-

1952 1840 2095 1897 rent,
2144 1849 2303 1903 quem
2356 1834 2485 1888 alibi
2540 1830 2998 1905 positi’factitare
3047 1852 3155 1891 non
3204 1845 3502 1905 poterant:

273 1924 403 1994 ροῦν
433 1925 536 1977 οὐκ
562 1922 820 1993 ἠδύναντο
836 1941 849 1953 ·
877 1925 951 1988 ὡς
976 1925 1067 1978 καὶ
1088 1924 1261 1993 λέγειν
1285 1925 1376 1977 ἐπὶ
1406 1925 1502 1995 τῆς
1535 1924 1848 1988 Βαϐυλῶνος

270 2018 451 2077 Lata;
489 2035 507 2066 ι
546 2016 670 2075 Πῶς
700 2015 901 2085 ᾷσομεν
925 2014 1021 2085 τὴν
1049 2014 1189 2086 ᾠδὴν
1216 2016 1419 2086 Κυρίου
1454 2016 1544 2068 ἐπὶ
1568 2018 1669 2085 γῆς
1690 2014 1846 2067 ἁλλο-

270 2106 459 2173 τρίας;
492 2124 511 2155 ι
537 2104 717 2157 Τύπον
751 2104 807 2157 δέ
824 2122 884 2173 γε
910 2105 1029 2168 πῶς
1058 2106 1123 2158 ἂν
1145 2105 1255 2175 ἔχοι
1286 2108 1417 2176 πρὸς
1440 2106 1506 2159 τὰ
1527 2105 1619 2161 τοῦ
1648 2107 1849 2159 Δεσπό-

269 2214 365 2248 του
399 2197 665 2267 Χριστοῦ,
707 2190 879 2269 οὗπερ
936 2200 967 2266 ἡ
1016 2198 1254 2263 διάταξις
1292 2200 1490 2269 ὁμοίως
1537 2198 1845 2269 ἁπανταχοῦ

272 2286 616 2359 πληροῦσθαι
646 2288 746 2358 τὴν
776 2287 924 2341 θείαν
955 2289 1201 2359 βούλεται
1231 2290 1502 2362 λατρείαν,
1530 2291 1733 2361 τρόπῳ,
1756 2292 1849 2343 καὶ

269 2378 330 2430 ού
374 2378 532 2448 τόπῳ
554 2379 976 2451 διακρινομένων
1007 2379 1082 2451 (ρ.
1120 2374 1245 2449 εει)
1282 2381 1388 2435 τῶν
1412 2378 1469 2435 εὖ
1516 2399 1575 2435 τε
1620 2383 1713 2435 καὶ
1741 2383 1849 2450 χεῖ-

272 2486 363 2538 ρον
394 2470 564 2540 αὐτὴν
590 2470 937 2541 πληρούντων
959 2490 974 2538 ;

341 2582 495 2651 Στίχ.
534 2582 598 2645 δ’,
624 2582 685 2636 ε’.
713 2612 781 2623 ——
815 2582 952 2636 Ἀλλ’
981 2585 1008 2638 ὅ
1039 2601 1100 2653 γε
1135 2587 1417 2656 προφήτης
1453 2586 1518 2654 τῇ
1552 2584 1851 2653 προρῤήσει

269 2674 378 2727 τῶν
395 2675 770 2746 προκειμένων
788 2677 1165 2731 ὲπισυνάπτων
1183 2678 1328 2739 τάδε,
1349 2677 1512 2747 φησὶν
1549 2677 1654 2730 ὃτιι
1680 2679 1857 2730 Κατα-

272 2764 499 2833 κόψουσι
561 2764 661 2827 τὰς
712 2766 986 2837 μαχαίρας
1026 2768 1203 2820 αὐτῶν
1256 2770 1335 2831 εἰς
1378 2768 1602 2837 ἄροτρα,
1650 2768 1743 2820 καὶ
1786 2766 1856 2819 τὰ

271 2855 470 2926 δόρατα
498 2857 681 2910 αὐτῶν
714 2860 793 2921 εἰς
816 2859 1077 2930 δρέπανα,
1115 2861 1206 2914 καὶ
1245 2860 1426 2913 οὐκέτι
1447 2859 1507 2912 οὐ
1539 2859 1612 2930 μὴ
1643 2858 1855 2929 μάθωσι

274 2948 557 3018 πολεμεῖν.
608 2970 627 3001 ι
660 2951 882 3014 Δεικνὺς
913 2952 993 3004 ὅτι
1022 2953 1288 3004 παύσεται
1309 2951 1407 3021 μὲν
1434 2951 1575 3014 am;
1600 2950 1853 3019 πόλεμος,

274 3042 466 3111 εἰρήνη
534 3042 591 3093 δὲ
644 3042 821 3094 πάντα
876 3041 1088 3107 καθέξει
1116 3058 1130 3073 ο
1167 3040 1306 3094 ὥστε
1355 3042 1449 3095 καὶ
1476 3023 1542 3094 τὰ
1587 3040 1856 3110 πολεμικὰ

273 3131 480 3200 ὄργανα
530 3133 609 3195 είς
638 3132 734 3202 τὴν
780 3133 889 3185 τῶν
922 3132 1240 3203 γεωργικῶν
1273 3131 1478 3185 σκευῶν
1504 3133 1697 3204 χρῆσιν
1726 3130 1853 3200 τρέ-

1953 1924 2098 1978 unde
2141 1932 2194 1979 et
2236 1924 2508 1995 Babylone
2554 1926 2810 1994 degentes
2851 1925 3066 1980 aiebant
3106 1944 3120 1978 :
3160 1943 3178 1976 ι
3225 1921 3508 1990 Quomodo

1952 2016 2296 2071 cantabimus
2329 2018 2603 2071 canticum
2646 2015 2858 2071 Domini
2900 2016 2953 2070 in
2994 2026 3141 2069 terra
3184 2015 3358 2068 aliena
3383 2013 3500 2066 ⁸³2»

1954 2104 2233 2171 Quomodo
2280 2115 2459 2160 autem
2506 2105 2640 2171 haec,
2690 2106 2932 2174 inquam,
2974 2106 3143 2175 figura
3176 2105 3285 2159 sint
3326 2117 3508 2157 rerum

1952 2197 2155 2253 Christi
2187 2198 2425 2260 Domini,
2455 2198 2614 2267 cujus
2640 2197 2910 2253 institutio
2937 2200 3053 2266 pari
3076 2196 3275 2266 ubique
3300 2196 3511 2249 ratione

1956 2288 2050 2345 Dei
2079 2289 2447 2344 adorationem
2480 2289 2593 2343 tieri
2622 2289 2761 2355 vult;
2787 2287 2948 2343 modo
2970 2296 3201 2351 tantum,
3227 2301 3334 2340 non
3364 2286 3506 2350 loco,

1956 2378 2330 2434 differentibus
2374 2380 2602 2433 invicem
2648 2378 2739 2448 qui
2772 2378 2908 2433 bene
2937 2379 3022 2432 vel
3061 2393 3219 2433 secus
3257 2377 3310 2431 id
3351 2374 3509 2431 ofﬁcii

1956 2470 2249 2539 praestant?

2028 2579 2186 2634 Vens.
2220 2579 2273 2645 4,
2310 2579 2363 2634 5.
2404 2611 2473 2623 —
2512 2580 2683 2635 Porro
2726 2593 2903 2636 autem
2953 2583 3208 2652 propheta
3255 2580 3509 2650 supradi-

1952 2683 2049 2726 cta:
2076 2672 2416 2742 prmdictioni
2440 2673 2597 2727 aliam
2631 2673 2926 2736 subnectit,
2961 2688 3154 2741 nempe
3183 2690 3198 2725 :
3240 2691 3257 2723 ι
3292 2667 3356 2724 Et
3378 2686 3512 2725 con-

1952 2764 2133 2815 cident
2162 2762 2371 2832 gladios
2406 2777 2536 2817 suos
2584 2762 2637 2815 in
2672 2778 2940 2826 vomeres,
2977 2770 3031 2816 et
3066 2763 3250 2817 hastas
3296 2777 3424 2817 suas
3454 2762 3510 2816 in

1953 2855 2141 2919 falces,
2173 2864 2227 2909 et
2256 2872 2366 2908 non
2400 2854 2612 2909 discent
2645 2856 2786 2909 ultra
2824 2857 3144 2925 belligerare
3179 2875 3192 2910 :
3234 2876 3252 2906 ι
3287 2857 3512 2910 demon-

1954 2957 2137 2999 5trans
2178 2945 2388 2999 scilicet
2432 2960 2594 3000 omne
2627 2947 2829 3001 bellum
2862 2946 3185 3010 desiturum,
3224 2953 3278 3001 et
3324 2961 3509 3017 pacem

1955 3037 2149 3107 ubique
2174 3038 2289 3094 fore
2316 3057 2329 3093 :
2356 3040 2705 3108 quamobrem
2735 3040 2896 3096 etiam
2934 3041 3126 3095 bellica
3149 3042 3514 3096 instrumenta

1953 3130 2005 3183 in
2036 3131 2242 3183 rustica
2293 3132 2547 3185 utensilia
2584 3147 2910 3187 conversum
2952 3133 3020 3186 iri
3071 3132 3347 3202 deinceps,
3398 3134 3514 3187 bel-

278 3241 399 3274 πειν
422 3224 634 3285 λοιπὸν,
665 3224 853 3295 ῶσπερ
888 3220 1049 3297 ⁴ἧττον
1089 3226 1353 3296 μενόντων
1390 3225 1497 3279 τῶν
1524 3223 1851 3295 πολεμικῶν,

1959 3221 2065 3275 lico
2101 3222 2316 3276 illorum
2356 3239 2456 3277 usu
2497 3232 2768 3285 cessante,
2800 3224 2928 3293 quia
2961 3224 3125 3278 finitis
3157 3225 3335 3285 bellis.
3367 3224 3514 3294 agri-

276 3329 461 3364 πεπαυ
470 3313 638 3381 μένου
661 3312 755 3365 τοῦ
799 3314 1061 3384 πολέμου,
1099 3316 1195 3385 τῆς
1226 3315 1495 3386 γεωργίας
1517 3315 1571 3369 δὲ
1595 3315 1668 3379 ὼς
1692 3317 1749 3368 ἐν
1778 3315 1857 3367 εἰ·

280 3406 417 3474 ςήνῃ
449 3408 673 3475 κρατεῖν
702 3405 1040 3475 ὀφειλούσης.
1068 3402 1201 3459 Εἶτα
1236 3406 1404 3473 λέγει,
1436 3407 1519 3459 ὅτι
1546 3426 1562 3456 ι
1601 3406 1709 3459 Καὶ⁵
1735 3406 1858 3458 ἀνα-

278 3498 555 3550 παύσεται
579 3499 807 3562 ’ἑκαστος
831 3500 1085 3553 ὑποκάτω
1107 3498 1350 3570 ἀμπέλου
1381 3498 1566 3564 αὐτοῦ,
1601 3501 1695 3551 καὶ
1725 3498 1855 3551 ’ἐκαι-

280 3607 402 3653 cm;
428 3593 690 3644 ὑποκάτω
728 3592 897 3661 συκῆς
954 3590 1118 3644 αὑτοῦ
1141 3608 1152 3619 ·
1187 3591 1278 3644 καὶ
1314 3592 1412 3644 οὐκ
1444 3590 1596 3643 ἔσται
1626 3592 1654 3643 ό
1692 3591 1856 3658 ἐκφο-

280 3680 387 3731 ϐῶν
406 3693 419 3705 ⁸
450 3699 469 3730 ι
497 3679 775 3749 σημαίνων
791 3682 871 3732 ὅτι
899 3681 1098 3743 πάντες
1114 3680 1479 3733 ἀπολαύσουσι
1510 3678 1618 3731 τῶν
1640 3680 1856 3732 οἰκείων

280 3775 476 3835 πόνων,
509 3774 583 3835 ὼς
624 3775 680 3825 ἐν
706 3775 895 3847 εἰρήνῃ
915 3774 1122 3837 οὐδενὸς
1152 3773 1302 3837 ὄντος
1324 3773 1413 3826 τοῦ
1435 3772 1621 3842 φοϐεῖν
1648 3772 1845 3834 αὐτοὺς

282 3868 375 3918 καὶ
402 3867 761 3935 ἐκταράττειν
788 3865 1086 3935 δυναμένου
1125 3865 1339 3925 λοιπὸν,
1376 3866 1470 3917 καὶ
1506 3864 1855 3934 μεθιστάντος

282 3957 389 4008 τῶν
438 3958 626 4009 τόπων
673 3956 780 4009 τῶν
828 3957 1060 4009 οἰκείων.
1120 3957 1230 4008 Καὶ
1259 3954 1441 4025 ἐπειδὴ
1490 3954 1763 4026 παράδοξα
1789 3953 1857 4005 τὰ

283 4050 551 4118 λεγόμενα
611 4044 699 4117 ἦν,
751 4048 928 4111 καλῶς
979 4049 1288 4117 ἐπήγαγεν·
1332 4065 1350 4097 ι
1388 4046 1460 4098 Τὸ
1514 4045 1622 4114 γὰρ
1685 4045 1856 4113 στόμα

286 4139 493 4210 Κυρίου
535 4140 967 4210 παντοκράτορος
1002 4139 1229 4209 ἐλάλησε
1262 4137 1431 4191 ταῦτα
1455 4156 1467 4167 ·
1518 4158 1535 4190 ι
1573 4138 1658 4188 ἵνα
1704 4137 1853 4207 εἴπῃ,

285 4234 362 4284 ὅτι
409 4231 585 4283 ταῦτα
624 4232 937 4301 ἀπεφήνατο
979 4230 1109 4295 Θεὸς
1154 4231 1424 4300 γενέσθαι,
1459 4230 1553 4282 καὶ
1570 4232 1856 4298 γενήσεται

288 4322 521 4384 πάντως.
554 4341 574 4371 ι
622 4322 741 4373 Ὅτι
780 4323 976 4385 πάντες
1012 4323 1061 4374 οἱ
1090 4322 1209 4375 λαοὶ⁵
1240 4321 1589 4391 πορεύσονται
1632 4322 1858 4382 ἕκαστος

286 4415 380 4483 τὴν
435 4413 556 4465 ὁδὸν
612 4412 773 4464 αὑτοῦ
796 4428 809 4441 ⁸
842 4424 918 4481 (p.
947 4404 1079 4483 9.85)
1112 4415 1275 4483 ἡμεῖς
1302 4412 1357 4465 δὲ
1387 4410 1763 4482 πορευσόμεθα
1800 4412 1857 4463 ἐν

287 4508 508 4575 Man
547 4506 755 4576 Κυρίου
796 4506 928 4557 Θεοῦ
973 4505 1126 4576 ἡμῶν
1157 4507 1235 4568 είς
1269 4506 1359 4557 τὸν
1388 4506 1559 4558 αἰῶνα
1607 4504 1699 4558 καὶ
1728 4503 1855 4557 ἐπέ-

289 4615 460 4651 κεινα.
496 4618 513 4647 ι
537 4597 743 4658 Πάντες
796 4597 891 4666 μὲν
914 4598 1021 4667 γὰρ
1067 4596 1142 4659 ὡς
1177 4598 1233 4647 ἐν
1273 4598 1460 4667 εἰρήνῃ
1491 4596 1852 4659 καθεστῶτες,

288 4691 351 4740 τὰ
388 4691 734 4759 προσήκοντα
764 4689 946 4750 αὐτοῖς
982 4687 1115 4757 έργα
1139 4686 1522 4758 διαπράξονται
1550 4688 1735 4740 λοιπόν
1762 4704 1777 4717 ·
1807 4688 1856 4739 οἱ

294 4776 387 4844 μὲν
425 4778 517 4830 ἐπὶ
555 4777 849 4847 γεωργίαν,
893 4777 942 4829 οἱ
976 4776 1030 4829 δὲ
1064 4776 1155 4829 ἐπὶ
1196 4776 1618 4847 θαλαττουργίαν
1661 4777 1859 4848 τρεπό-

298 4884 462 4935 μενοι,
488 4870 536 4921 οἱ
567 4869 622 4920 δὲ
649 4868 732 4937 ἐφ’
763 4870 950 4938 ἥντινα
970 4868 1169 4936 δήποτε
1194 4868 1411 4940 τέχνην,
1436 4870 1501 4939 ἦν
1534 4868 1599 4921 ἂν
1631 4869 1860 4933 ἕκαστος

1958 3312 2171 3365 cultura
2224 3313 2374 3382 pacis
2424 3328 2608 3368 comes
2654 3314 2855 3383 ubique
2904 3314 3179 3384 regnabit.
3227 3314 3349 3368 Mox
3392 3314 3512 3369 ait:

1964 3425 1980 3454 ι
2011 3405 2075 3458 Et
2097 3406 2303 3460 sedebit
2330 3407 2704 3476 unusquisque
2724 3408 2826 3461 sub
2847 3407 2955 3462 vite
2983 3423 3103 3473 sua,
3131 3417 3185 3462 et
3215 3407 3518 3478 unusquis-

1958 3513 2062 3565 que
2100 3498 2201 3551 sub
2251 3498 2350 3551 ficu
2403 3515 2532 3561 sua;
2573 3509 2627 3553 et
2670 3514 2780 3553 non
2823 3499 2929 3552 erit
2965 3500 3056 3568 qui
3098 3509 3339 3555 terreat:
3381 3520 3401 3552 ι
3440 3501 3517 3555 si-

1956 3590 2247 3659 gnificans,
2278 3600 2508 3646 cunctos
2541 3591 2819 3645 laboribus
2846 3590 2960 3645 suis
2982 3590 3266 3655 fruituros,
3299 3593 3517 3647 nemine

1960 3690 2014 3731 ut
2056 3681 2108 3732 in
2150 3696 2281 3748 pace
2313 3682 2566 3735 usuvenit
2589 3698 2683 3736 eos
2717 3690 2921 3736 terrere
2942 3693 3034 3734 aut
3062 3683 3377 3750 perturbare
3401 3684 3515 3751 jam

1956 3774 2186 3835 valente,
2211 3783 2264 3827 et
2294 3775 2483 3843 patriis
2508 3774 2641 3828 locis
2674 3775 3011 3828 abstrahere.
3044 3773 3181 3828 Tum
3203 3775 3327 3842 quia
3354 3790 3516 3845 para-

1956 3864 2096 3917 doxa
2126 3864 2270 3917 dicta
2305 3865 2417 3917 ha-c
2448 3874 2627 3922 erant.
2666 3874 2812 3919 recte
2842 3864 3053 3919 addidit
3082 3885 3094 3920 :
3135 3885 3153 3917 ι
3195 3866 3269 3920 Os
3304 3866 3517 3921 Domini

1955 3956 2345 4026 omnipotentis
2375 3957 2532 4026 187
2567 3958 2678 4011 hzec
2710 3957 2945 4011 locutum
2967 3966 3086 4012 est:
3119 3975 3139 4009 ι
3167 3959 3377 4014 scilicet
3404 3959 3519 4013 haac

1958 4048 2099 4103 Deus
2129 4048 2368 4103 decrevit
2394 4050 2529 4107 lieri.
2564 4050 2799 4118 ﬁentque
2831 4050 3075 4102 omnino.
3108 4070 3125 4100 ι
3166 4049 3304 4115 Quia
3328 4064 3519 4104 omnes

1958 4141 2139 4210 populi
2184 4141 2539 4194 ambulabunt
2589 4141 2967 4210 unusquisque
3014 4142 3069 4194 in
3121 4141 3202 4193 via
3243 4157 3372 4207 sua;
3417 4157 3519 4195 nos
3580 4134 3589 4145 ’

1957 4239 2136 4283 autem
2174 4231 2573 4285 ambulabimus
2607 4232 2659 4285 in
2713 4232 2931 4285 nomine
2962 4229 3173 4284 Domini
3218 4231 3311 4285 Dei
3346 4232 3519 4285 nostri

1959 4320 2010 4372 in
2038 4328 2299 4373 :eternum
2335 4330 2389 4375 et
2434 4324 2593 4374 ultra.
2628 4341 2646 4372 ι
2681 4322 2901 4384 Omnes,
2933 4329 3117 4389 utpote
3143 4321 3198 4373 in
3229 4336 3360 4390 pace
3388 4336 3523 4375 con-

1957 4413 2156 4478 stituti,
2189 4429 2429 4482 eungrua
2461 4415 2565 4468 sibi
2595 4430 2758 4482 opera
2790 4413 3008 4474 facient,
3043 4414 3136 4466 alii
3160 4415 3224 4466 ad
3254 4415 3366 4484 agri
3403 4416 3522 4468 cul-

1961 4514 2161 4566 turam.
2199 4505 2291 4558 alii
2320 4506 2386 4559 ad
2419 4506 2750 4559 maritimam
2799 4505 3217 4574 negotiationem
3249 4506 3520 4564 conversi.

1961 4597 2051 4649 alii
2080 4599 2145 4651 Id
2170 4600 2464 4666 quamlibet
2488 4608 2680 4659 artem,
2705 4614 2864 4666 quam
2901 4598 3131 4667 quisque
3165 4599 3518 4668 profitendam

1961 4688 2220 4757 delegerit
2272 4708 2285 4743 :
2317 4705 2604 4743 commune
2644 4700 2822 4742 tamen
2859 4704 2998 4759 opus
3045 4692 3229 4744 cuncti
3267 4690 3523 4758 deinceps

1963 4778 2317 4843 habebimus,
2380 4782 2679 4835 secundum
2738 4779 2829 4835 Dei
2886 4783 3201 4850 praescripta
3261 4782 3314 4835 in
3363 4796 3525 4835 omne

1964 4886 2140 4923 aevum
2170 4872 2411 4924 futurum
2439 4873 2639 4927 vivere.
2677 4875 2855 4943 Atque
2885 4875 2998 4930 bzec
3036 4875 3366 4930 conlirmans
3404 4872 3480 4925 ait
3502 4894 3518 4925 -.

300 4960 487 5025 μετιὼν
512 4961 796 5030 τυγχάνῃ-
832 4962 1006 5013 κοινὸν
1052 4963 1107 5015 δὲ
1171 4962 1408 5023 ἅπαντες
1466 4960 1659 5031 ἕξομεν
1714 4961 1873 5030 ἔργον
1906 4963 1967 5014 τὸ
1987 4965 2125 5016 κατὰ
2180 4964 2239 5015 τὸ
2282 4964 2470 5016 δοκοῦν
2528 4966 2746 5037 τῴΘεῴ
2794 4965 3165 5021 πολιτεύεσθαι
3218 4962 3400 5019 λοιπὸν
3444 4966 3525 5029 εἰς

298 5052 501 5105 ᾶπαντα
538 5052 631 5105 τὸν
654 5053 779 5122 ἑξῆς
799 5053 1006 5122 χρόνον.
1031 5055 1140 5107 Καὶ
1168 5053 1494 5107 ὲπιὸεϐαιῶν
1518 5053 1655 5107 αὐτὰ
1689 5053 1847 5107 πάλιν
1879 5054 2027 5123 λέγει
2050 5070 2064 5084 ·

364 5146 505 5215 Στίχ.
539 5152 799 5215 ς’-η’.-‹
822 5148 908 5200 Ἐν
928 5151 1046 5211 ταῖς
1062 5148 1292 5219 ἡμέραις
1309 5148 1560 5211 ἐκείναις,
1579 5148 1724 5218 λέγει
1747 5150 1859 5203 Κύ-

301 5239 661 5308 ριος.συνάξω
694 5239 794 5309 τὴν
829 5241 1315 5312 συντετριμμένην,
1357 5243 1449 5295 καί
1477 5242 1574 5310 τὴν
1604 5243 1862 5313 ἀπωσμέ-

299 5346 391 5399 νην
414 5329 741 5398 εἰσδέξομαι,
772 5332 865 5382 καὶ
893 5328 985 5392 οὓς
1018 5330 1324 5403 ἀπωσάμην
1346 5346 1359 5359 ·
1390 5331 1484 5384 καὶ
1511 5331 1746 5402 θήσομαι
1764 5331 1860 5401 τὴν

303 5421 761 5492 συντετριμμένην
815 5422 893 5485 εἰς
929 5422 1266 5493 ὑπόλειμμα,
1302 5423 1396 5475 καὶ
1414 5423 1511 5493 τὴν
1527 5420 1860 5490 ἀπωσμένην

304 5512 377 5573 εἰς
400 5512 545 5575 ἔθνος
578 5513 797 5585 ἰσχυρόν
816 5530 829 5543 ·
856 5514 950 5565 καὶ
979 5512 1285 5583 βασιλεύσει
1320 5512 1521 5585 Κύριος
1547 5512 1635 5565 ἐπ’
1664 5513 1861 5575 αὐτοὺς

302 5602 357 5655 ἒν
390 5603 499 5674 ὄρει
535 5605 695 5668 Σιὼν,
718 5604 824 5657 ἀπὸ
854 5604 944 5657 τοῦ
977 5604 1071 5659 νῦν
1102 5605 1195 5660 καὶ
1225 5605 1327 5669 ἓως
1366 5606 1443 5668 εἰς
1484 5605 1575 5658 τὸν
1608 5602 1799 5659 αἰῶνα.
1838 5621 1857 5655 ›

370 5780 413 5812 ⁸³
440 5780 581 5838 Psal.
617 5796 834 5844 cum,
856 5780 909 5836 4.

2037 5149 2203 5203 Vsus.
2239 5148 2346 5202 6-8.
2372 5177 2442 5186 -—
2474 5167 2491 5198 ι
2530 5147 2726 5204 Diebus
2748 5148 3019 5204 illis.dicit
3055 5144 3316 5202 Dominus
3339 5192 3354 5217 ,
3392 5161 3527 5203 con-

1967 5240 2202 5308 gregabo
2232 5252 2351 5292 eam
2382 5252 2505 5305 quae
2542 5237 2776 5290 contrita
2809 5245 2924 5301 est,
2958 5244 3012 5289 et
3050 5250 3169 5289 eam
3196 5250 3320 5305 quae
3352 5236 3522 5301 ejecta

1964 5329 2144 5384 fuerat
2177 5329 2509 5397 suscipiam,
2549 5342 2649 5382 nec
2677 5342 2785 5381 non
2813 5341 2949 5395 quos
2983 5326 3311 5395 repuleram.
3341 5326 3408 5380 Et
3429 5343 3529 5397 po.

1915 5456 1924 5465 -
1966 5437 2092 5476 nam
2127 5420 2422 5475 contritam
2457 5420 2510 5473 in
2534 5418 2911 5483 residuum,et
2934 5418 3208 5487 repulsam
3230 5418 3286 5472 in
3310 5426 3524 5488 gentem

1966 5513 2226 5567 validam.
2261 5511 2325 5565 Et
2355 5510 2601 5580 regnabit
2636 5508 2900 5563 Dominus
2934 5524 3099 5578 super
3128 5524 3223 5565 eos
3255 5508 3312 5561 in
3341 5515 3527 5562 monte

1972 5600 2102 5657 Sioa
2125 5639 2140 5666 ,
2182 5599 2380 5656 abhinc
2416 5609 2470 5654 et
2501 5613 2676 5667 usque
2708 5597 2764 5652 in
2793 5605 3076 5652 aeternum.
3120 5618 3138 5650 ›
3182 5595 3337 5654 Tunc
3372 5590 3529 5668 sane,
