4054 6238
584 316 690 374 36'!

1738 307 2083 366 THEODORI
2111 307 2590 365 MOPSUESTENI

3707 309 3806 366 568

599 427 797 500 inquit,
821 425 1070 481 maximis
1105 425 1262 482 malis
1289 425 1528 489 attritos,
1563 432 1726 494 atque
1751 439 1780 477 a
1808 423 2143 495 providentia

2245 422 2375 476 Τότε
2405 423 2488 495 δὴ,
2511 425 2663 494 φησι,
2693 423 2817 487 τοὺς
2839 423 2944 477 ύπδ
2958 421 3063 475 τῶν
3090 421 3360 492 μεγίστων
3386 420 3569 474 κακῶν
3600 437 3808 493 συντρι-

589 538 707 575 mea
739 520 1087 591 propriisque
1114 519 1334 575 sedibus
1374 519 1687 581 submotos,
1722 533 1915 573 rursus
1939 519 1993 572 in
2023 534 2148 588 per-

593 615 857 666 tinentem
887 612 951 664 ad
978 626 1072 666 eos
1108 610 1382 680 regionem
1411 609 1697 675 reducam;
1725 617 1778 664 et
1798 624 1894 664 eos
1919 610 2013 680 qui
2047 623 2147 663 an-

593 713 680 758 tea
707 703 1039 773 pessumdati
1069 709 1250 766 erant,
1276 699 1442 755 tutela
1471 714 1588 754 mea
1613 698 1694 753 sic
1721 698 2023 754 custodiam
2046 738 2060 760 ,
2089 707 2148 752 ut

593 812 657 849 ex
720 795 807 849 his
859 793 1216 848 lsraelitieum
1283 799 1457 846 totum
1509 804 1680 859 genus
1741 789 2147 859 propagandum

585 888 768 942 denuo
799 888 890 942 sit.
933 885 1047 940 Hoc
1089 885 1234 940 enim
1268 879 2152 950 (licitiresiduunn;potentiores-

581 995 697 1049 que
725 994 832 1048 prie
859 977 1047 1032 multis
1067 977 1347 1032 ostendam
1374 1016 1389 1040 ,
1420 975 1513 1045 qui
1543 974 1614 1029 ob
1644 986 1796 1027 suam
1829 986 1974 1026 nunc
1999 969 2149 1024 inﬁr-

593 1067 837 1121 mitatem
870 1066 1044 1136 patria
1075 1072 1202 1119 sunt
1231 1071 1495 1118 extorres.
1535 1059 1979 1130 Permanebitque
2011 1061 2152 1116 Deus

594 1158 648 1210 in
681 1167 862 1210 monte
898 1154 1055 1216 Sion,
1087 1155 1378 1225 potentiam
1410 1169 1566 1208 suam
1595 1151 1975 1208 demonstrans
2001 1151 2151 1206 ineo—

592 1247 764 1300 larmn
817 1246 1102 1310 tutamine,
1142 1261 1241 1300 nec
1288 1262 1395 1298 non
1437 1260 1596 1315 poma
1637 1258 1800 1314 quam
1837 1243 1918 1298 eis
1950 1242 2154 1299 inferre

585 1341 790 1395 bellum
836 1338 1144 1393 volentibus
1193 1337 1550 1406 impositurus
1573 1346 1676 1390 est.
1717 1333 1851 1388 Nam
1894 1335 2039 1404 quod
2079 1334 2155 1390 ait

593 1431 677 1485 «in
699 1437 1164 1500 aeternumgpatet
1207 1435 1381 1483 totum
1423 1441 1598 1481 aevum
1642 1425 1825 1481 dicere
1854 1441 1954 1495 pro
2000 1426 2155 1479 valde

589 1521 704 1576 diu.
745 1519 932 1590 Neque
971 1521 1116 1574 enim
1142 1521 1490 1590 ignoramus,
1532 1533 1725 1572 rursus
1761 1533 1859 1573 eos
1897 1517 2003 1573 sub
2043 1515 2157 1570 Ma-

583 1611 830 1666 chabazis
859 1611 1202 1665 eversionem
1233 1610 1523 1681 quamdam
1557 1616 1840 1679 expertos,
1862 1609 2153 1662 maximam

591 1719 720 1759 vero
753 1713 806 1758 et
831 1718 1058 1774 prorsus
1088 1701 1816 1772 irreparabilem.postquam
1836 1741 1852 1766 ,
1883 1699 1955 1754 ob
1988 1713 2147 1754 suum

590 1795 854 1849 adversus
894 1793 1173 1848 Christum
1219 1790 1512 1846 Dominum
1543 1788 1780 1853 facinus,
1820 1803 1852 1842 a
1885 1787 2148 1841 Romanis

586 1885 932 1956 pertulerunt
967 1883 1362 1953 captivitatem,
1387 1879 1562 1951 patria
1587 1880 1752 1948 pulsi,
1777 1887 1832 1934 et
1852 1879 1904 1932 in
1934 1877 2148 1932 diutina

588 1977 850 2032 servitute
883 1974 1192 2031 constituti.
1223 1971 1502 2028 Hactenus
1535 1971 1754 2042 quidem
1783 1970 2018 2026 reditum
2047 1969 2150 2022 Ba-

589 2071 784 2141 bylone
820 2075 1010 2123 uarrat
1033 2067 1238 2138 populi,
1269 2074 1323 2120 et
1351 2082 1471 2136 qua:
1512 2081 1609 2137 per
1649 2063 1782 2120 illud
1823 2063 1984 2134 188
2020 2070 2150 2117 tem-

583 2175 694 2230 .pus
748 2160 1086 2214 obvenerunt
1137 2156 1186 2212 ei
1241 2155 1649 2226 prosperitates.
1708 2152 1971 2208 Posthinc
2020 2167 2149 2206 vero

587 2264 786 2303 rursus
819 2246 1190 2302 molestiarum
1221 2244 1356 2301 facit
1387 2246 1737 2307 mentionem,
1771 2244 1982 2297 futuras
2011 2242 2148 2296 alias

583 2354 914 2395 enumerans
933 2337 1292 2393 calamitates.
1318 2335 1683 2402 Quamobrem
1715 2334 1783 2388 ad
1808 2332 2146 2388 Hierusalem

579 2431 890 2486 orationem
918 2438 1264 2488 convertens.
1295 2429 1378 2483 sic
1409 2428 1520 2482 ait:
1547 2447 1566 2477 ι
1603 2426 1667 2480 Et
1699 2436 1788 2490 tu,
1820 2425 1990 2480 turris
2023 2439 2144 2495 gre-

580 2523 688 2593 gis,
740 2521 997 2592 squalens
1047 2519 1162 2575 ﬁlia
1215 2519 1416 2574 Sionis.
1469 2537 1488 2570 i
1527 2516 1682 2584 Quod
1740 2516 1904 2570 tiliam
1962 2513 2147 2568 Sionis

587 2613 923 2669 Hierusalem
955 2613 1219 2677 nominet,
1249 2610 1591 2680 exploratum
1620 2615 1727 2672 est,
1757 2607 1838 2663 sic
1871 2621 1990 2662 eam
2021 2621 2147 2676 per-

581 2715 748 2777 petuo
771 2703 1046 2775 prophetis
1067 2719 1130 2757 ac
1153 2703 1309 2756 beato
1332 2701 1531 2755 Davide
1550 2700 1966 2770 appellantibus;
1981 2698 2143 2753 veluti

583 2812 708 2850 cmn
743 2795 829 2848 hic
857 2794 990 2848 dicit
1023 2810 1036 2846 :
1078 2812 1094 2842 ι
1132 2790 1201 2845 Ut
1229 2791 1544 2846 annuntiem
1578 2805 1770 2844 omnes
1803 2788 2143 2844 laudationes

582 2898 707 2940 tuas
740 2886 793 2939 in
823 2885 994 2955 portis
1034 2883 1154 2937 lilia:
1189 2880 1372 2936 Sionis
1403 2881 1471 2935 ⁸³.
1517 2900 1537 2934 ο
1581 2881 1946 2949 Quamobrem
1983 2883 2144 2936 indu-

583 2979 732 3032 binm
761 2986 878 3041 est,
913 2991 1016 3029 non
1056 2975 1122 3028 ad
1153 2973 1438 3028 Sedeciam
1461 3012 1476 3038 ,
1507 2973 1652 3044 quod
1686 2973 1932 3028 nonnulli
1961 2975 2142 3030 nescio

2249 516 2462 578 ϐέντας,
2501 516 2710 585 καὶτῆς
2738 533 2796 568 τε
2824 513 3075 585 προνοίας
3095 515 3192 583 τῆς
3225 513 3360 583 ἐμῆς
3391 514 3483 566 καὶ
3508 513 3616 565 τῶν
3637 513 3808 566 τόπων

2248 605 2589 668 ἀποστάντας
2608 605 2713 658 τῶν
2745 605 2906 667 ἰδίων,
2937 603 3187 669 ἐπανάξω
3223 602 3380 656 πάλιν
3410 604 3489 665 είς
3521 603 3646 666 τοὺς
3684 601 3809 656 καθ-

2250 696 2478 766 ήκοντας
2504 696 2701 756 τόπους
2724 711 2737 724 ·
2771 693 3005 756 καὶτοὺς
3027 694 3124 762 μὲν
3140 693 3398 764 πρότερον
3429 693 3809 765 συντετριμμέ-

2249 802 2370 848 νους
2395 783 2536 838 ούτω
2557 787 2621 855 τῇ
2652 785 2886 856 ἐμαυτοῦ
2921 785 3228 854 διαφυλάξω
3249 786 3491 856 προνοίᾳ.
3515 784 3655 837 ὥστε
3673 785 3810 838 ἆπσν

2250 876 2308 929 τὸ
2339 877 2493 944 γένος
2515 876 2576 928 τὸ
2604 876 2991 948 Ἰσραηλιτικὸν
3010 876 3069 942 ἐξ
3096 877 3276 932 αὐτῶν
3299 876 3598 946 αὐξηθῆναι
3621 875 3776 928 πάλιν
3792 893 3804 905 ·

2250 965 2407 1020 τοῦτο
2448 965 2556 1038 γὰρ
2607 966 2754 1035 λέγει
2787 985 2806 1020 t
2857 967 3201 1037 ὑπόλειμμα·
3244 985 3263 1018 ι
3305 965 3706 1037 δυνατωτέρους
3754 983 3807 1018 τε

2253 1057 2460 1113 πολλῶν
2507 1059 2769 1129 ἀποφανῶ
2816 1060 2940 1123 τοὺς
2968 1058 3038 1112 δι’
3067 1058 3344 1112 ἀσθένειαν
3384 1057 3478 1110 νῦν
3505 1057 3610 1111 τῶν
3636 1057 3807 1110 τόπων

2253 1148 2656 1219 ἁποῦληθέντας
2685 1149 2792 1204 τῶν
2811 1150 3054 1204 οίκείων·
3087 1150 3331 1220 διαμενεῖ
3356 1167 3412 1202 τε
3440 1149 3569 1212 Θεὸς
3602 1151 3694 1202 ἐπὶ
3720 1148 3806 1201 τοῦ

2252 1241 2410 1312 ὅρους
2438 1239 2531 1293 τοῦ
2563 1240 2720 1305 Σιὼν,
2765 1241 2840 1311 (p.
2875 1240 3000 1311 286)
3051 1241 3110 1295 τὸ
3145 1243 3342 1313 κράτος
3384 1240 3809 1311 ἐπιδεικνύμενος

2253 1336 2312 1388 τὸ
2343 1337 2542 1388 οἰκεῖον
2567 1335 2653 1389 διὰ
2667 1337 2764 1406 τῆς
2788 1335 2915 1406 περὶ
2940 1337 3069 1400 τοὺς
3099 1335 3439 1398 ἐνοικοῦντας
3465 1335 3807 1407 κηδεμονίας,

2253 1427 2349 1496 τῆς
2361 1443 2419 1479 τε
2443 1427 2711 1499 τιμωρίας
2743 1427 2808 1497 ἣν
2830 1428 3054 1496 ἐπάγειν
3075 1427 3254 1498 μέλλει
3278 1430 3389 1490 τοῖς
3422 1427 3674 1496 πολεμεῖν
3701 1427 3810 1480 ἐθέ-

2253 1520 2434 1572 λουσιν
2450 1521 2631 1584 αὐτοῖς
2647 1536 2661 1550 ·
2678 1520 2738 1573 τὸ
2754 1521 2862 1591 γὰρ
2885 1537 2905 1571 ι
2926 1521 3018 1574 καὶ
3037 1520 3140 1583 ἓως
3161 1522 3237 1582 είς
3249 1519 3338 1572 τὸν
3351 1519 3542 1576 αἰῶνα.
3558 1538 3575 1568 ι
3599 1518 3809 1590 εύδηλον

2254 1610 2334 1662 ὅτι
2361 1609 2428 1662 δι’
2459 1609 2578 1663 ὅλου
2612 1611 2673 1664 τὸ
2699 1610 2857 1681 μέχρι
2885 1608 3078 1662 πολλοῦ
3103 1609 3284 1678 λέγει’
3315 1611 3375 1661 ού
3399 1608 3506 1678 γὰρ
3527 1608 3717 1678 ἄδηλον
3741 1607 3810 1671 ὡς

2256 1701 2498 1767 ἐδέξαντο
2534 1701 2631 1771 μέν
2653 1718 2772 1754 τινα
2806 1701 2965 1754 πάλιν
3001 1699 3224 1753 ἐπὶτῶν
3254 1698 3624 1752 Μακκαϐαίων
3654 1714 3811 1767 μετα-

2249 1794 2430 1865 ϐολὴν,
2483 1794 2742 1865 μεγίστην
2779 1793 2835 1846 δὲ
2883 1793 2976 1846 καὶ
3016 1791 3338 1860 ἀδιόρθωτον
3375 1788 3670 1852 παντελῶς,
3728 1789 3811 1841 ὅτε

2248 1883 2389 1936 κατά
2417 1883 2510 1936 τοῦ
2538 1883 2805 1936 Δεσπότου
2847 1880 3084 1952 Χριστοῦ
3124 1879 3534 1950 τετολμηκότες,
3563 1878 3661 1948 τὴν
3712 1874 3812 1929 ὑπὸ

2259 1974 2542 2045 Ῥωμαίων
2565 1974 2861 2044 ὑπέμειναν
2893 1973 3266 2044 αἰχμαλωσίαν
3295 1971 3592 2034 παντελῶς,
3631 1969 3731 2040 τῆς
3756 1986 3810 2022 τε

2246 2068 2348 2137 γῆς
2365 2065 2728 2138 ἐξορισθέντες
2749 2067 2846 2136 τῆς
2861 2066 3086 2130 οἰκείας,
3113 2067 3209 2120 καὶ
3233 2068 3289 2119 ἐν
3309 2064 3516 2136 δουλείᾳ
3545 2063 3809 2118 καθεστῶ-

2245 2178 2333 2223 τες
2357 2161 2544 2231 μακρᾷ
2561 2176 2574 2190 ⁸
2603 2159 2762 2230 μέχρι
2784 2158 2840 2212 δέ
2857 2158 3045 2212 τούτου
3072 2157 3168 2228 τὴν
3186 2157 3295 2210 ἀπὸ
3327 2155 3640 2218 Βαϐυλῶνος
3659 2154 3813 2207 ἐπάν-

2253 2251 2371 2304 οδον
2419 2252 2564 2319 λέγει
2595 2249 2688 2304 τοῦ
2729 2249 2880 2316 λαοῦ,
2905 2250 2974 2303 τά
3001 2266 3061 2302 τε
3113 2249 3230 2302 κατ’
3267 2249 3470 2302 ἐκεῖνον
3499 2247 3590 2300 τὸν
3623 2246 3810 2317 καιρὸν

2245 2345 2426 2407 αὐτοῖς
2451 2344 2824 2414 προσεσόμενα
2852 2343 3051 2410 ἀγαθά.
3109 2340 3384 2396 Ἐντεῦθεν
3424 2340 3479 2393 δέ
3525 2340 3683 2394 πάλιν
3709 2339 3814 2392 τῶν

2247 2435 2504 2505 λυπηρῶν
2551 2438 2781 2488 ποιεῖται
2836 2435 2932 2505 τὴν
2974 2435 3228 2505 μνήμην,
3262 2434 3360 2496 τὰς
3392 2431 3814 2502 ἐπελευσομένας

2247 2528 2429 2589 αὐτοῖς
2473 2525 2754 2595 συμφορὰς
2808 2524 3194 2596 διηγούμενος·
3259 2523 3378 2577 ὅθεν
3431 2523 3495 2594 δὴ
3533 2522 3665 2594 πρὸς
3719 2522 3815 2592 τὴν

2256 2618 2606 2688 Ἰερουσαλὴμ
2633 2617 2796 2688 αὐτὴν
2815 2617 3174 2688 ἀποστρέφων
3196 2616 3285 2668 τὸν
3296 2616 3471 2682 λόγον,
3491 2614 3629 2667 οὕτω
3648 2613 3780 2683 φησί
3800 2630 3812 2640 ·

2252 2726 2269 2757 ι
2310 2709 2419 2760 Καὶ
2437 2709 2500 2760 σὺ
2525 2708 2729 2778 πύργος
2756 2707 3026 2778 ποιμνίου,
3053 2705 3340 2778 αὐχμώδης
3360 2705 3599 2776 Θυγάτηρ
3621 2703 3809 2758 Σιών.»

2248 2799 2369 2852 Ὅτι
2399 2800 2642 2871 Θυγάτηρ
2673 2799 2808 2852 Σιὼν
2823 2799 2922 2868 τὴν
2961 2797 3309 2868 Ἰερουσαλὴμ
3332 2796 3605 2868 ὀνομάζει,
3636 2796 3813 2866 δῆλον,

2247 2892 2486 2959 συνεχῶς
2526 2890 2619 2942 καί
2646 2887 2754 2940 τῶν
2779 2887 3069 2958 προφητῶν
3104 2887 3195 2941 καὶ
3227 2885 3321 2938 τοῦ
3366 2885 3629 2956 μακαρίου
3655 2884 3816 2937 Δαυῒδ

2244 2979 2415 3042 οὕτως
2438 2979 2604 3049 αὐτὴν
2638 2978 2929 3042 καλοῦντος
2948 2995 2960 3009 ο
2985 2978 3062 3041 ῶς
3083 2977 3160 3031 ὅτ’
3190 2976 3254 3032 ἂν
3282 2976 3413 3048 λέγῃ
3436 2996 3449 3010 ο
3479 2995 3496 3027 ι
3529 2976 3723 3041 ’Ὅπως
3753 2975 3817 3029 ἂν

583 3085 680 3123 cur
708 3067 809 3124 sibi
845 3073 1257 3138 persuaserunt,
1292 3065 1388 3122 sed
1424 3065 1490 3120 ad
1523 3063 1862 3120 Hierusalem
1897 3068 2138 3119 converti

2247 3069 2544 3138 ἐξαγγείλω
2597 3069 2775 3132 πάσας
2823 3070 2922 3131 τὰς
2978 3069 3208 3131 αἰνέσεις
3249 3085 3365 3130 σου,
3401 3069 3457 3120 ἐν
3476 3069 3594 3131 ταῖς
3622 3067 3816 3125 πύλαας

583 3159 672 3215 hic
697 3176 726 3213 a
755 3161 1018 3229 propheta
1047 3172 1388 3223 sermonem;
1419 3171 1581 3227 quam
1606 3171 1731 3210 cum
1761 3157 1926 3211 tiliam
1957 3155 2142 3211 Sionis

578 3251 649 3306 de
687 3266 836 3306 more
881 3249 1128 3315 dixisset,
1162 3248 1352 3303 merito
1398 3247 1589 3302 turrim
1624 3248 1804 3318 gregis
1835 3259 2141 3320 nuncupat,

583 3351 768 3413 utpote
808 3344 950 3396 inter
977 3357 1164 3396 omnes
1201 3339 1526 3396 lsraeliticas
1549 3342 1715 3396 urbes
1754 3343 2060 3406 celsiorcm,
2089 3351 2144 3397 et

581 3441 800 3504 propter
841 3433 1084 3487 omnium
1127 3432 1192 3484 ad
1227 3447 1346 3486 eam
1389 3446 1737 3496 concursum,
1777 3433 1892 3486 sive
1927 3433 1998 3486 ob
2034 3433 2142 3487 illic

576 3523 941 3578 exercendum
968 3521 1059 3578 Dei
1085 3524 1314 3585 cultum,
1335 3523 1448 3576 sive
1473 3523 1542 3576 ob
1563 3522 1822 3576 auxilium
1850 3523 1994 3592 quod
2019 3523 2142 3579 inde

581 3617 890 3688 sperabant.
931 3615 1056 3684 quia
1089 3613 1231 3668 Deus
1263 3614 1376 3669 illic
1409 3614 1657 3670 habitare
1689 3615 2138 3684 praesumebatur.

578 3706 930 3778 Squalentem
979 3705 1368 3760 contumeliose
1409 3705 1575 3770 dicit,
1609 3706 1754 3760 velut
1799 3707 2006 3775 peccati
2034 3721 2141 3776 pte-

578 3798 709 3852 dore
739 3798 993 3860 obsitam,
1020 3807 1073 3850 et
1107 3797 1256 3867 gregi
1283 3797 1348 3851 ad
1378 3797 1572 3852 vitium
1609 3798 1807 3851 factam
1839 3801 2137 3869 exemplar,

579 3904 701 3940 cum
729 3897 918 3942 contra
943 3896 1213 3957 0p0rtcret
1253 3889 1318 3942 ad
1351 3889 1605 3943 virtutem
1667 3890 1883 3959 praeire.
1932 3910 1951 3942 ι
1989 3891 2138 3946 Con-

580 3987 663 4031 tra
698 3987 750 4032 te
786 3979 983 4040 veniet,
1015 3987 1070 4030 et
1117 3977 1454 4046 ingredietur
1523 3978 1864 4050 principatus
1904 3981 2136 4051 primus,

578 4085 802 4138 regnum
855 4069 1162 4137 Babylonis,
1210 4084 1244 4122 ο
1294 4070 1400 4122 tilia
1451 4068 1811 4130 Hierusalem.
1847 4093 1868 4126 ι
1913 4073 2140 4146 PrOpter

578 4161 775 4214 delicta
806 4159 945 4228 apud
983 4169 1033 4213 te
1060 4167 1271 4229 patrata
1294 4199 1308 4222 ,
1339 4163 1686 4229 superveniet
1718 4164 1814 4218 tibi
1867 4169 2139 4224 maximus

577 4251 842 4320 valdeque
873 4257 1062 4320 potens
1099 4267 1193 4305 rex
1238 4250 1528 4322 Babylonis
1549 4292 1563 4314 ,
1593 4255 1688 4323 qui
1719 4256 1814 4310 tibi
1840 4259 1967 4312 talia
2001 4259 2138 4315 infe—

578 4352 660 4396 ret
694 4343 830 4396 mala
859 4343 1040 4412 qualia
1088 4359 1116 4395 a
1166 4344 1400 4414 potentis
1432 4346 1574 4416 regis
1613 4347 1844 4403 adventu
1888 4351 2002 4406 fieri
2037 4368 2140 4422 par

577 4444 682 4488 CSl.

2246 3162 2341 3232 τῆς
2363 3161 2627 3232 θυγατρὸς
2652 3160 2787 3214 Σιών
2804 3173 2818 3189 ⁸
2833 3180 2850 3211 ι
2884 3161 2958 3223 ὡς
2973 3162 3072 3213 ἀνα
3081 3178 3157 3231 μςρ
3167 3159 3336 3212 ίϐολον
3356 3156 3490 3212 εἶναι
3515 3160 3573 3212 τὸ
3589 3160 3665 3229 μὴ
3683 3158 3818 3230 πρὸς

2245 3253 2514 3312 Σεδεκίαν.
2541 3253 2568 3305 ὃ
2588 3270 2728 3315 τινες
2753 3253 2851 3304 οὐκ
2873 3247 2969 3304 οἷδ’
2993 3253 3138 3315 ὅπως
3167 3250 3442 3322 ᾠήθησαν,
3468 3249 3603 3321 πρὸς
3633 3250 3690 3303 δὲ
3718 3250 3816 3318 τὴν

2254 3342 2610 3413 Ἰερουσαλὴμ
2639 3343 3054 3412 ἀποστρέφοντα
3109 3341 3374 3393 ποιεῖσθαι
3406 3341 3496 3393 τὸν
3540 3340 3697 3406 λόγον
3732 3340 3817 3391 ἐν·

2244 3436 2368 3490 θάδε
2392 3435 2484 3488 τὸν
2513 3435 2796 3505 προῳήτην
2821 3450 2834 3463 ·
2870 3439 2944 3502 (ιι.
2973 3433 3101 3500 287)
3133 3434 3198 3502 ἣν
3229 3432 3499 3504 θυγατέρα
3521 3431 3658 3484 Σιὼν
3674 3431 3816 3484 κατά

2241 3528 2303 3579 τὸ
2355 3525 2543 3589 εἰωθὸς
2595 3524 2894 3596 προειπὼν,
2930 3525 3151 3588 εἰκότως
3194 3525 3400 3596 πύργον
3432 3524 3691 3594 ὀνομάζει
3719 3523 3816 3578 τοῦ

2242 3619 2524 3688 ποιμνίου’
2569 3617 2664 3670 ’ἁτε
2731 3617 2944 3670 πάντων
2986 3615 3093 3669 τῶν
3131 3615 3477 3688 Ἰσραηλιτῶν
3525 3615 3820 3685 ἐξέχουσαν

2243 3713 2335 3764 καὶ
2392 3713 2606 3766 πάντων
2657 3709 2743 3763 ἐπ’
2798 3709 2964 3779 αὐτὴν
3022 3709 3482 3778 κατατρεχόντων,
3517 3709 3604 3762 διά
3635 3726 3695 3762 τε
3717 3708 3818 3778 τὴν

2243 3801 2634 3874 ἐκτελουμένην
2686 3801 2875 3855 αὐτόθι
2943 3800 3020 3870 τῷ
3069 3800 3186 3870 Θεῷ
3229 3801 3541 3870 θεραπείαν,
3584 3801 3678 3852 καὶ
3717 3801 3818 3870 τὴν

2242 3894 2492 3964 βοήθειαν
2511 3888 2578 3964 ἦς
2599 3891 2824 3962 ἤλπιζον
2847 3892 3056 3946 ἐκεῖθεν
3109 3893 3416 3961 τυγχάνειν,
3449 3892 3521 3954 ὡς
3557 3894 3676 3943 ἐκεῖ
3702 3892 3821 3945 διά-

2240 4003 2354 4054 γειν
2375 3984 2564 4054 ύπειλη
2576 3984 2779 4054 μμένου
2801 3984 2894 4037 τοῦ
2922 3984 3054 4036 Θεοῦ
3075 4002 3088 4016 ·
3121 3983 3378 4056 αύχμῶόη
3407 3985 3461 4038 δὲ
3489 3986 3658 4056 αὐτὴν
3676 3987 3820 4039 ὀνει-

2239 4079 2397 4141 δίζων
2427 4078 2610 4147 φησιν,
2632 4076 2706 4138 ὡς
2741 4076 2895 4146 δίκην
2920 4077 3128 4146 αὐχμοῦ
3161 4080 3227 4148 τῇ
3257 4077 3478 4148 ἀσεϐείᾳ
3517 4079 3818 4149 συνεχομέ-

2239 4184 2335 4238 νην
2358 4207 2371 4230 ,
2399 4165 2489 4218 καὶ
2516 4164 2579 4232 δὴ
2613 4165 2774 4217 παντὶ
2805 4165 2883 4235 τῷ
2916 4165 3147 4235 ποιμνίῳ
3180 4165 3286 4217 τῶν
3319 4167 3571 4237 χειρόνων
3603 4169 3818 4234 κατάρ-

2238 4275 2457 4330 χουσαν,
2479 4257 2597 4310 δέον
2639 4258 2695 4308 ἐν
2744 4259 2853 4320 τοῖς
2896 4259 3198 4328 κρείττοσιν
3247 4259 3509 4329 ἡγεῖσθαι.
3542 4279 3560 4310 ι
3603 4261 3734 4312 Ἐπὶ
3757 4261 3819 4312 σὲ

2237 4349 2376 4418 ἣξει,
2403 4347 2496 4400 καὶ
2527 4346 2890 4399 εἰσελεύσεται
2928 4350 2960 4417 ἡ
3006 4349 3147 4418 ἀρχὴ
3186 4351 3219 4418 ἡ
3261 4349 3448 4421 πρώτη
3481 4350 3730 4420 βασιλεία
3754 4355 3820 4404 ὲκ

2171 4442 2215 4496 D
2242 4438 2577 4501 Βαϐυλῶνος,
2635 4441 2702 4509 τῇ
2743 4438 2973 4508 θυγατρὶ
3025 4438 3396 4510 Ἰερουσαλήμ.
3435 4460 3453 4492 ι
3497 4441 3668 4511 Ὑπὲρ
3705 4444 3820 4512 γὰρ

574 4526 680 4577 τῶν
709 4526 766 4576 οὐ
801 4526 1023 4578 δεόντων
1052 4527 1110 4578 ἐν
1136 4527 1215 4579 σοὶ
1254 4528 1658 4599 πραττομένων,
1690 4531 2037 4589 ἐπελεύσεταί
2077 4555 2158 4591 σοι
2193 4533 2440 4609 βασιλεὺς
2502 4532 2755 4602 μέγιστος
2802 4533 2896 4584 καὶ
2938 4533 3076 4600 ἄγαν
3106 4533 3328 4596 δυνατὸς
3355 4536 3383 4587 ὁ
3408 4535 3506 4605 τῆς
3545 4535 3820 4588 Βαϐυλῶ-

572 4632 683 4676 νος,
720 4615 776 4678 ὃς
797 4615 1036 4686 διαθήσει
1069 4633 1149 4681 σε,
1182 4614 1268 4670 οἷα
1317 4620 1460 4682 εἰκὸς
1508 4619 1730 4675 δυνατὸν
1773 4625 2138 4695 ὲπεληλυθότα
2173 4629 2344 4682 ποιεῖν
2378 4623 2621 4694 βασιλέα.

647 4704 814 4761 Vens.
854 4708 908 4770 9,
944 4708 1029 4759 10.
1057 4739 1123 4748 -—
1147 4729 1164 4760 ι
1203 4709 1269 4763 Ει
1292 4727 1434 4766 nunc
1462 4727 1560 4767 cur
1592 4715 1644 4768 in
1671 4719 1828 4772 malis
1864 4722 2137 4776 versaris?

574 4793 765 4850 Nonne
796 4795 889 4848 tibi
921 4812 1011 4848 rex
1039 4806 1164 4852 tuus
1197 4802 1346 4854 erat?
1391 4801 1494 4858 Aut
1528 4807 1816 4860 consilium
1849 4816 2000 4864 tuum
2039 4827 2136 4881 pe-

576 4887 686 4951 riit,
725 4887 986 4956 quoniam
1027 4895 1079 4942 te
1115 4903 1450 4960 occuparunt
1488 4896 1704 4953 dolores
1749 4901 1905 4968 quasi
1948 4911 2137 4972 partu-

579 4979 810 5033 rientis?
842 4998 859 5030 ι
898 4979 1016 5034 1am
1045 4996 1175 5035 vero
1219 4999 1317 5035 cur
1344 4992 1398 5038 tu
1430 4988 1480 5040 in
1518 4989 1658 5042 mala
1701 4997 1848 5044 tanta
1881 4993 2135 5065 prolapsa

573 5071 672 5124 es?
701 5069 963 5140 Equidem
995 5082 1048 5127 et
1085 5089 1266 5145 regem
1307 5080 1564 5143 nahcbas,
1601 5086 1694 5152 qui
1729 5083 1824 5137 tibi
1866 5085 1975 5138 dux
2011 5085 2135 5140 belli

574 5164 940 5232 ilchnsorque
975 5176 1120 5221 esset
1137 5165 1158 5233 ς’
1187 5185 1347 5238 quem
1380 5179 1431 5224 et
1457 5173 1662 5228 idcirco
1695 5177 1822 5229 olim
1855 5177 2130 5248 elegeras,

574 5254 820 5322 deposito
843 5254 1139 5328 (Samuele)
1179 5275 1339 5328 quem
1375 5276 1474 5332 ego
1500 5264 1597 5318 tibi
1629 5265 1897 5320 dominari
1927 5269 2135 5322 consti-

571 5355 802 5399 tueram.
834 5345 971 5400 Tum
1002 5351 1165 5404 etiam
1191 5352 1452 5420 plurimos
1481 5355 1622 5424 apud
1661 5366 1712 5411 te
1744 5359 1940 5413 habere
1971 5367 2132 5429 puta-

572 5435 670 5492 bas
701 5436 986 5506 prudentia
1019 5449 1337 5508 praestantes
1367 5447 1536 5501 viros.
1587 5445 1870 5513 Quomodo
1901 5466 2033 5520 ergo
2073 5451 2127 5503 in

572 5531 712 5582 mala
739 5538 888 5583 tanta
923 5529 1198 5588 incurristi
1219 5576 1232 5600 ,
1266 5539 1464 5608 quibus
1493 5553 1738 5611 correpta
1774 5543 1909 5596 nihil
1939 5541 2124 5598 dill‘ers

643 5701 860 5759 “Psal.
897 5718 972 5768 ιλ,
1019 5705 1102 5759 15.

2297 4719 2443 4786 Στίχ.
2474 4716 2539 4777 0',
2571 4712 2622 4768 t'.
2655 4743 2724 4756 —
2767 4734 2784 4765 ι
2813 4715 2924 4769 Καὶ
2961 4712 3055 4766 νῦν
3083 4714 3185 4767 ’ἵνα
3227 4715 3280 4767 τί
3315 4714 3484 4782 ἔγνως
3514 4716 3687 4779 κακά;
3739 4720 3821 4791 μὴ

2239 4811 2488 4881 βασιλεὺς
2545 4810 2645 4862 ούκ
2693 4804 2760 4880 ἦν
2827 4824 2945 4874 σοι;
2997 4806 3029 4877 ἢ
3071 4808 3104 4878 ἡ
3158 4806 3317 4878 βουλή
3368 4826 3461 4861 σου
3517 4810 3818 4875 ἀπώλετος

2236 4903 2316 4955 ὅτι
2390 4899 2802 4970 κατεκράτησαν
2854 4914 2946 4950 σου
3018 4898 3202 4962 ὠδῖνες
3266 4897 3340 4962 ὡς
3397 4899 3718 4972 τικτούσης.
3795 4922 3816 4956 ι

2245 4993 2404 5046 Ἀλλὰ
2455 4993 2563 5063 γάρ
2599 4993 2735 5062 ὑπὲρ
2770 4991 2933 5053 ὅτου,
2975 4991 3167 5061 φησὶν,
3234 4993 3314 5054 εἰς
3371 4992 3632 5064 τοσαύτην
3702 5013 3818 5049 κα-

2236 5086 2344 5139 κῶν
2409 5083 2746 5154 κατηνέχθης
2789 5087 3020 5156 πείραν;
3062 5086 3096 5156 ἦ
3143 5103 3205 5154 γε
3259 5086 3353 5139 καὶ
3395 5085 3620 5155 βασιλέα
3682 5089 3824 5144 ἐκέ-

2233 5193 2402 5245 κτησο
2448 5177 2774 5246 στρατηγεῖν
2822 5176 2880 5227 ἐν
2923 5178 3033 5239 τοῖς
3079 5176 3218 5247 ὑπὲρ
3254 5176 3346 5229 σοῦ
3395 5176 3652 5247 πολέμοις
3724 5189 3826 5242 δυ..

2239 5267 2590 5336 νάμεννονοὸν
2605 5266 2797 5322 χαλέπ’
2831 5265 2978 5336 αύτῷ
3027 5283 3089 5335 γε
3121 5267 3262 5320 εἵλου
3307 5266 3479 5338 τούτῳ
3517 5286 3810 5342 παραγρα-

2227 5359 2442 5429 ψαμέφη
2471 5363 2561 5411 τὸν
2587 5358 2774 5429 ἄρχειν
2798 5359 2930 5428 παρ’
2960 5358 3094 5427 ἐμοῦ
3126 5360 3453 5428 τεταγμένον
3478 5361 3633 5431 ὑμῶν
3668 5381 3682 5394 ·
3719 5367 3828 5417 καὶ

2232 5450 2290 5501 ἐν
2353 5449 2559 5502 συνέσει
2589 5449 2644 5502 δὲ
2686 5449 3061 5517 πρωτεύοντας
3097 5452 3357 5525 ἐκέκτησο
3387 5452 3704 5524 πλείστους,
3739 5458 3828 5522 ὡς

2233 5539 2336 5612 ᾤου
2359 5558 2372 5572 ο
2410 5541 2527 5604 πῶς
2581 5535 2672 5592 οῦν
2706 5539 2810 5592 ύπδ
2852 5540 3183 5611 τηλικούτων
3229 5545 3578 5616 περιείληψαι
3597 5555 3838 5619 κακῶν,
