  <div class='ocr_page' id='page_1' title='image "/cluster/home/n/w/nwhite01/storage/ocr_20150623/66/hvd.32044020884102/194.png"; bbox 0 0 4054 6238; ppageno 0'>
   <div class='ocr_carea' id='block_1_1' title="bbox 261 344 360 403">
    <p class='ocr_par' dir='ltr' id='par_1_1' title="bbox 261 344 360 403">
     <span class='ocr_line' id='line_1_1' title="bbox 261 344 360 403; baseline 0 -4"><span class='ocrx_word' id='word_1_1' title='bbox 261 344 360 403; x_wconf 72' lang='lat'><strong>369</strong></span> 
     </span>
    </p>
   </div>
   <div class='ocr_carea' id='block_1_2' title="bbox 1191 341 2533 406">
    <p class='ocr_par' dir='ltr' id='par_1_2' title="bbox 1191 341 2533 406">
     <span class='ocr_line' id='line_1_2' title="bbox 1191 341 2533 406; baseline -0.001 0"><span class='ocrx_word' id='word_1_2' title='bbox 1191 344 1734 406; x_wconf 70' lang='lat' dir='ltr'><strong>COMMENTARIUS</strong></span> <span class='ocrx_word' id='word_1_3' title='bbox 1770 341 1838 398; x_wconf 83' lang='lat' dir='ltr'><strong>IN</strong></span> <span class='ocrx_word' id='word_1_4' title='bbox 1879 341 2184 401; x_wconf 57' lang='lat' dir='ltr'><strong>MlCl-UEE</strong></span> <span class='ocrx_word' id='word_1_5' title='bbox 2240 347 2389 404; x_wconf 83' lang='lat' dir='ltr'><strong>CAP.</strong></span> <span class='ocrx_word' id='word_1_6' title='bbox 2452 343 2533 405; x_wconf 82' lang='lat' dir='ltr'><strong>iV.</strong></span> 
     </span>
    </p>
   </div>
   <div class='ocr_carea' id='block_1_3' title="bbox 3395 349 3497 404">
    <p class='ocr_par' dir='ltr' id='par_1_3' title="bbox 3395 349 3497 404">
     <span class='ocr_line' id='line_1_3' title="bbox 3395 349 3497 404; baseline 0 -1"><span class='ocrx_word' id='word_1_7' title='bbox 3395 349 3497 404; x_wconf 75' lang='lat'><strong>570</strong></span> 
     </span>
    </p>
   </div>
   <div class='ocr_carea' id='block_1_4' title="bbox 261 456 1846 535">
    <p class='ocr_par' dir='ltr' id='par_1_4' title="bbox 261 456 1827 533">
     <span class='ocr_line' id='line_1_4' title="bbox 261 456 1827 533; baseline -0.001 -17"><span class='ocrx_word' id='word_1_8' title='bbox 261 461 348 530; x_wconf 54' lang='lat'><strong>69‘</strong></span> <span class='ocrx_word' id='word_1_9' title='bbox 394 456 470 516; x_wconf 75' lang='grc' dir='ltr'>ὧν</span> <span class='ocrx_word' id='word_1_10' title='bbox 510 461 896 533; x_wconf 76' lang='grc' dir='ltr'>κεκρατημένη</span> <span class='ocrx_word' id='word_1_11' title='bbox 941 462 1269 526; x_wconf 76' lang='grc' dir='ltr'>διαλλάττεις</span> <span class='ocrx_word' id='word_1_12' title='bbox 1308 463 1457 518; x_wconf 76' lang='grc' dir='ltr'>οὐδὲν</span> <span class='ocrx_word' id='word_1_13' title='bbox 1498 463 1588 518; x_wconf 74' lang='grc' dir='ltr'>ἐπὶ</span> <span class='ocrx_word' id='word_1_14' title='bbox 1621 463 1827 533; x_wconf 84' lang='grc' dir='ltr'>τοκετῷ</span> 
     </span>
    </p>
   </div>
   <div class='ocr_carea' id='block_1_5' title="bbox 1948 456 3495 535">
    <p class='ocr_par' dir='ltr' id='par_1_5' title="bbox 1948 463 3495 535">
     <span class='ocr_line' id='line_1_5' title="bbox 1948 463 3495 535; baseline -0.004 -15"><span class='ocrx_word' id='word_1_15' title='bbox 1948 481 1956 514; x_wconf 83' lang='grc' dir='ltr'><strong>ι</strong></span> <span class='ocrx_word' id='word_1_16' title='bbox 1993 463 2152 534; x_wconf 77' lang='lat'><strong>189</strong></span> <span class='ocrx_word' id='word_1_17' title='bbox 2203 464 2431 520; x_wconf 85' lang='lat' dir='ltr'><strong>Inuliere</strong></span> <span class='ocrx_word' id='word_1_18' title='bbox 2481 466 2535 518; x_wconf 90' lang='lat' dir='ltr'><strong>in</strong></span> <span class='ocrx_word' id='word_1_19' title='bbox 2563 474 2720 534; x_wconf 86' lang='lat' dir='ltr'><strong>partu</strong></span> <span class='ocrx_word' id='word_1_20' title='bbox 2755 465 3013 521; x_wconf 82' lang='lat' dir='ltr'><strong>dolente?</strong></span> <span class='ocrx_word' id='word_1_21' title='bbox 3057 475 3178 535; x_wconf 67' lang='lat' dir='ltr'><strong>qua:</strong></span> <span class='ocrx_word' id='word_1_22' title='bbox 3218 477 3495 534; x_wconf 74' lang='lat' dir='ltr'><strong>nunqumn</strong></span> 
     </span>
    </p>
   </div>
   <div class='ocr_carea' id='block_1_6' title="bbox 259 547 1830 626">
    <p class='ocr_par' dir='ltr' id='par_1_6' title="bbox 259 547 1830 626">
     <span class='ocr_line' id='line_1_6' title="bbox 259 547 1830 626; baseline 0 -18"><span class='ocrx_word' id='word_1_23' title='bbox 259 555 514 624; x_wconf 70' lang='grc' dir='ltr'>γυναικὸς</span> <span class='ocrx_word' id='word_1_24' title='bbox 538 553 862 623; x_wconf 74' lang='grc' dir='ltr'>ὠδίνούσηςς</span> <span class='ocrx_word' id='word_1_25' title='bbox 897 547 972 609; x_wconf 80' lang='grc' dir='ltr'><strong>ὧν</strong></span> <span class='ocrx_word' id='word_1_26' title='bbox 993 556 1092 607; x_wconf 81' lang='grc' dir='ltr'><strong>οὐκ</strong></span> <span class='ocrx_word' id='word_1_27' title='bbox 1107 557 1170 608; x_wconf 80' lang='grc' dir='ltr'><strong>ἄν</strong></span> <span class='ocrx_word' id='word_1_28' title='bbox 1185 573 1314 608; x_wconf 87' lang='grc' dir='ltr'>ποτε</span> <span class='ocrx_word' id='word_1_29' title='bbox 1343 559 1537 626; x_wconf 84' lang='grc' dir='ltr'>πεῖραν</span> <span class='ocrx_word' id='word_1_30' title='bbox 1568 557 1830 626; x_wconf 59' lang='grc' dir='ltr'>εἰλήσεις,</span> 
     </span>
    </p>
   </div>
   <div class='ocr_carea' id='block_1_7' title="bbox 257 645 1832 718">
    <p class='ocr_par' dir='ltr' id='par_1_7' title="bbox 257 645 1832 718">
     <span class='ocr_line' id='line_1_7' title="bbox 257 645 1832 718; baseline -0.001 -19"><span class='ocrx_word' id='word_1_31' title='bbox 257 649 306 700; x_wconf 84' lang='grc' dir='ltr'>εί</span> <span class='ocrx_word' id='word_1_32' title='bbox 348 649 463 709; x_wconf 87' lang='grc' dir='ltr'>τοῖς</span> <span class='ocrx_word' id='word_1_33' title='bbox 514 645 763 715; x_wconf 80' lang='grc' dir='ltr'><strong>νομίμοις</strong></span> <span class='ocrx_word' id='word_1_34' title='bbox 830 645 1157 710; x_wconf 78' lang='grc' dir='ltr'>ἐσπούδαζες</span> <span class='ocrx_word' id='word_1_35' title='bbox 1211 646 1436 699; x_wconf 74' lang='grc' dir='ltr'>ἕπεσθαι</span> <span class='ocrx_word' id='word_1_36' title='bbox 1485 650 1594 710; x_wconf 88' lang='grc' dir='ltr'>τοῖς</span> <span class='ocrx_word' id='word_1_37' title='bbox 1651 649 1832 718; x_wconf 68' lang='grc' dir='ltr'><strong>ἐμοῖς*</strong></span> 
     </span>
    </p>
   </div>
   <div class='ocr_carea' id='block_1_8' title="bbox 258 737 1836 809">
    <p class='ocr_par' dir='ltr' id='par_1_8' title="bbox 258 737 1836 809">
     <span class='ocr_line' id='line_1_8' title="bbox 258 737 1836 809; baseline -0.001 -15"><span class='ocrx_word' id='word_1_38' title='bbox 258 742 338 808; x_wconf 85' lang='lat' dir='ltr'><strong>(p.</strong></span> <span class='ocrx_word' id='word_1_39' title='bbox 372 738 500 808; x_wconf 53' lang='lat'><strong>28%)</strong></span> <span class='ocrx_word' id='word_1_40' title='bbox 549 740 686 808; x_wconf 82' lang='grc' dir='ltr'>ὅπερ</span> <span class='ocrx_word' id='word_1_41' title='bbox 721 737 912 809; x_wconf 75' lang='grc' dir='ltr'>ἐπειδὴ</span> <span class='ocrx_word' id='word_1_42' title='bbox 964 739 1039 809; x_wconf 85' lang='grc' dir='ltr'><strong>μὴ</strong></span> <span class='ocrx_word' id='word_1_43' title='bbox 1083 739 1408 809; x_wconf 85' lang='grc' dir='ltr'>πεποίηκας,</span> <span class='ocrx_word' id='word_1_44' title='bbox 1448 758 1466 790; x_wconf 84' lang='grc' dir='ltr'><strong>ι</strong></span> <span class='ocrx_word' id='word_1_45' title='bbox 1507 741 1704 802; x_wconf 84' lang='grc' dir='ltr'>Ὧδινε,</span> <span class='ocrx_word' id='word_1_46' title='bbox 1741 741 1836 793; x_wconf 59' lang='grc' dir='ltr'><strong>καὶ¹</strong></span> 
     </span>
    </p>
   </div>
   <div class='ocr_carea' id='block_1_9' title="bbox 257 830 1831 903">
    <p class='ocr_par' dir='ltr' id='par_1_9' title="bbox 257 830 1831 903">
     <span class='ocr_line' id='line_1_9' title="bbox 257 830 1831 903; baseline -0.001 -18"><span class='ocrx_word' id='word_1_47' title='bbox 257 831 532 901; x_wconf 80' lang='grc' dir='ltr'>ἁνδρίζου,</span> <span class='ocrx_word' id='word_1_48' title='bbox 568 831 663 884; x_wconf 74' lang='grc' dir='ltr'><strong>καὶ</strong></span> <span class='ocrx_word' id='word_1_49' title='bbox 691 831 901 900; x_wconf 80' lang='grc' dir='ltr'>ἔγγιζε,</span> <span class='ocrx_word' id='word_1_50' title='bbox 925 830 1160 901; x_wconf 79' lang='grc' dir='ltr'>θύγατερ</span> <span class='ocrx_word' id='word_1_51' title='bbox 1189 830 1346 897; x_wconf 86' lang='grc' dir='ltr'>Σιὼν,</span> <span class='ocrx_word' id='word_1_52' title='bbox 1377 832 1453 895; x_wconf 84' lang='grc' dir='ltr'><strong>ὡς</strong></span> <span class='ocrx_word' id='word_1_53' title='bbox 1472 833 1504 903; x_wconf 81' lang='grc' dir='ltr'>ἠ</span> <span class='ocrx_word' id='word_1_54' title='bbox 1526 831 1831 885; x_wconf 75' lang='grc' dir='ltr'><strong>τίκτουσα.»</strong></span> 
     </span>
    </p>
   </div>
   <div class='ocr_carea' id='block_1_10' title="bbox 267 922 1838 993">
    <p class='ocr_par' dir='ltr' id='par_1_10' title="bbox 267 922 1838 993">
     <span class='ocr_line' id='line_1_10' title="bbox 267 922 1838 993; baseline 0.001 -18"><span class='ocrx_word' id='word_1_55' title='bbox 267 923 542 993; x_wconf 81' lang='grc' dir='ltr'>’Υπὸμενε</span> <span class='ocrx_word' id='word_1_56' title='bbox 561 922 660 986; x_wconf 70' lang='grc' dir='ltr'>τὰς</span> <span class='ocrx_word' id='word_1_57' title='bbox 687 922 1039 992; x_wconf 76' lang='grc' dir='ltr'><strong>ἐπικειμένας</strong></span> <span class='ocrx_word' id='word_1_58' title='bbox 1068 923 1278 988; x_wconf 84' lang='grc' dir='ltr'>ὠδῖνας,</span> <span class='ocrx_word' id='word_1_59' title='bbox 1301 923 1396 977; x_wconf 60' lang='grc' dir='ltr'><strong>καὶ⁵</strong></span> <span class='ocrx_word' id='word_1_60' title='bbox 1416 925 1472 978; x_wconf 80' lang='grc' dir='ltr'><strong>ὲν</strong></span> <span class='ocrx_word' id='word_1_61' title='bbox 1502 923 1692 986; x_wconf 85' lang='grc' dir='ltr'>αὐταῖς</span> <span class='ocrx_word' id='word_1_62' title='bbox 1723 923 1838 977; x_wconf 87' lang='grc' dir='ltr'>δια-</span> 
     </span>
    </p>
   </div>
   <div class='ocr_carea' id='block_1_11' title="bbox 257 1015 1838 1087">
    <p class='ocr_par' dir='ltr' id='par_1_11' title="bbox 257 1015 1838 1087">
     <span class='ocr_line' id='line_1_11' title="bbox 257 1015 1838 1087; baseline 0.002 -20"><span class='ocrx_word' id='word_1_63' title='bbox 257 1015 522 1086; x_wconf 78' lang='grc' dir='ltr'>καρτέρει</span> <span class='ocrx_word' id='word_1_64' title='bbox 545 1015 702 1086; x_wconf 85' lang='grc' dir='ltr'>δίκην</span> <span class='ocrx_word' id='word_1_65' title='bbox 723 1015 1034 1086; x_wconf 79' lang='grc' dir='ltr'><strong>τικτούσης,</strong></span> <span class='ocrx_word' id='word_1_66' title='bbox 1053 1016 1482 1087; x_wconf 75' lang='grc' dir='ltr'>προσεγγίζουσα</span> <span class='ocrx_word' id='word_1_67' title='bbox 1507 1019 1624 1080; x_wconf 84' lang='grc' dir='ltr'>ταῖς</span> <span class='ocrx_word' id='word_1_68' title='bbox 1652 1017 1716 1070; x_wconf 81' lang='grc' dir='ltr'><strong>ὲκ</strong></span> <span class='ocrx_word' id='word_1_69' title='bbox 1743 1017 1838 1069; x_wconf 80' lang='grc' dir='ltr'><strong>τοῦ</strong></span> 
     </span>
    </p>
   </div>
   <div class='ocr_carea' id='block_1_12' title="bbox 255 1107 1840 1180">
    <p class='ocr_par' dir='ltr' id='par_1_12' title="bbox 255 1107 1840 1180">
     <span class='ocr_line' id='line_1_12' title="bbox 255 1107 1840 1180; baseline 0 -20"><span class='ocrx_word' id='word_1_70' title='bbox 255 1108 465 1160; x_wconf 82' lang='grc' dir='ltr'>τίκτειν</span> <span class='ocrx_word' id='word_1_71' title='bbox 497 1108 735 1171; x_wconf 81' lang='grc' dir='ltr'>ὠδίναις.</span> <span class='ocrx_word' id='word_1_72' title='bbox 775 1126 793 1160; x_wconf 83' lang='grc' dir='ltr'><strong>ι</strong></span> <span class='ocrx_word' id='word_1_73' title='bbox 832 1108 975 1160; x_wconf 78' lang='grc' dir='ltr'><strong>Διὸτι</strong></span> <span class='ocrx_word' id='word_1_74' title='bbox 1005 1107 1096 1161; x_wconf 80' lang='grc' dir='ltr'><strong>νῦν</strong></span> <span class='ocrx_word' id='word_1_75' title='bbox 1128 1107 1381 1180; x_wconf 77' lang='grc' dir='ltr'><strong>ὲξελεύσῃ</strong></span> <span class='ocrx_word' id='word_1_76' title='bbox 1409 1109 1471 1160; x_wconf 80' lang='grc' dir='ltr'><strong>ὲκ</strong></span> <span class='ocrx_word' id='word_1_77' title='bbox 1497 1107 1722 1170; x_wconf 81' lang='grc' dir='ltr'>πόλεως,</span> <span class='ocrx_word' id='word_1_78' title='bbox 1746 1109 1840 1161; x_wconf 86' lang='grc' dir='ltr'><strong>καί</strong></span> 
     </span>
    </p>
   </div>
   <div class='ocr_carea' id='block_1_13' title="bbox 257 1198 1832 1272">
    <p class='ocr_par' dir='ltr' id='par_1_13' title="bbox 257 1198 1832 1272">
     <span class='ocr_line' id='line_1_13' title="bbox 257 1198 1832 1272; baseline -0.001 -20"><span class='ocrx_word' id='word_1_79' title='bbox 257 1199 710 1271; x_wconf 73' lang='grc' dir='ltr'><strong>κατασκηνώσεις</strong></span> <span class='ocrx_word' id='word_1_80' title='bbox 739 1201 797 1252; x_wconf 82' lang='grc' dir='ltr'><strong>ὲν</strong></span> <span class='ocrx_word' id='word_1_81' title='bbox 826 1199 1010 1269; x_wconf 81' lang='grc' dir='ltr'>πεδίῳ,</span> <span class='ocrx_word' id='word_1_82' title='bbox 1042 1200 1134 1252; x_wconf 77' lang='grc' dir='ltr'><strong>καὶ</strong></span> <span class='ocrx_word' id='word_1_83' title='bbox 1163 1198 1314 1272; x_wconf 77' lang='grc' dir='ltr'>ἥξεις</span> <span class='ocrx_word' id='word_1_84' title='bbox 1341 1199 1445 1262; x_wconf 77' lang='grc' dir='ltr'>ἕως</span> <span class='ocrx_word' id='word_1_85' title='bbox 1463 1199 1832 1262; x_wconf 54' lang='grc' dir='ltr'>Βαϐυλῶνος,</span> 
     </span>
    </p>
   </div>
   <div class='ocr_carea' id='block_1_14' title="bbox 256 1287 1840 1361">
    <p class='ocr_par' dir='ltr' id='par_1_14' title="bbox 256 1287 1840 1361">
     <span class='ocr_line' id='line_1_14' title="bbox 256 1287 1840 1361; baseline -0.001 -18"><span class='ocrx_word' id='word_1_86' title='bbox 256 1290 448 1361; x_wconf 75' lang='grc' dir='ltr'>Πέρας</span> <span class='ocrx_word' id='word_1_87' title='bbox 466 1287 577 1360; x_wconf 74' lang='grc' dir='ltr'>γὰρ</span> <span class='ocrx_word' id='word_1_88' title='bbox 606 1291 795 1359; x_wconf 74' lang='grc' dir='ltr'>εἴληφε</span> <span class='ocrx_word' id='word_1_89' title='bbox 847 1289 916 1342; x_wconf 80' lang='grc' dir='ltr'><strong>τά</strong></span> <span class='ocrx_word' id='word_1_90' title='bbox 947 1289 1083 1342; x_wconf 69' lang='grc' dir='ltr'>κατὰ</span> <span class='ocrx_word' id='word_1_91' title='bbox 1119 1289 1197 1354; x_wconf 82' lang='grc' dir='ltr'>σὲ,</span> <span class='ocrx_word' id='word_1_92' title='bbox 1227 1289 1318 1343; x_wconf 77' lang='grc' dir='ltr'>καὶ</span> <span class='ocrx_word' id='word_1_93' title='bbox 1350 1289 1598 1359; x_wconf 79' lang='grc' dir='ltr'>ληφθήσῃ</span> <span class='ocrx_word' id='word_1_94' title='bbox 1647 1287 1744 1358; x_wconf 83' lang='grc' dir='ltr'>μὲν</span> <span class='ocrx_word' id='word_1_95' title='bbox 1777 1289 1840 1341; x_wconf 83' lang='grc' dir='ltr'><strong>ἐκ</strong></span> 
     </span>
    </p>
   </div>
   <div class='ocr_carea' id='block_1_15' title="bbox 255 1379 1840 1453">
    <p class='ocr_par' dir='ltr' id='par_1_15' title="bbox 255 1379 1840 1453">
     <span class='ocr_line' id='line_1_15' title="bbox 255 1379 1840 1453; baseline -0.003 -17"><span class='ocrx_word' id='word_1_96' title='bbox 255 1384 352 1453; x_wconf 79' lang='grc' dir='ltr'><strong>τῆς</strong></span> <span class='ocrx_word' id='word_1_97' title='bbox 383 1382 598 1445; x_wconf 76' lang='grc' dir='ltr'>πόλεως</span> <span class='ocrx_word' id='word_1_98' title='bbox 629 1384 708 1444; x_wconf 86' lang='grc' dir='ltr'>είς</span> <span class='ocrx_word' id='word_1_99' title='bbox 737 1381 1108 1452; x_wconf 68' lang='grc' dir='ltr'><strong>αἰχμαλωσίαν</strong></span> <span class='ocrx_word' id='word_1_100' title='bbox 1138 1396 1153 1410; x_wconf 82' lang='grc'>⁶</span> <span class='ocrx_word' id='word_1_101' title='bbox 1183 1382 1502 1451; x_wconf 79' lang='grc' dir='ltr'>ἀπαγομένη</span> <span class='ocrx_word' id='word_1_102' title='bbox 1531 1381 1588 1432; x_wconf 82' lang='grc' dir='ltr'>δὲ</span> <span class='ocrx_word' id='word_1_103' title='bbox 1611 1381 1688 1442; x_wconf 88' lang='grc' dir='ltr'><strong>είς</strong></span> <span class='ocrx_word' id='word_1_104' title='bbox 1714 1379 1840 1442; x_wconf 73' lang='grc' dir='ltr'>τοὺς</span> 
     </span>
    </p>
   </div>
   <div class='ocr_carea' id='block_1_16' title="bbox 257 1468 1842 1544">
    <p class='ocr_par' dir='ltr' id='par_1_16' title="bbox 257 1468 1842 1544">
     <span class='ocr_line' id='line_1_16' title="bbox 257 1468 1842 1544; baseline -0.001 -19"><span class='ocrx_word' id='word_1_105' title='bbox 257 1473 522 1542; x_wconf 77' lang='grc' dir='ltr'><strong>τυχόντας</strong></span> <span class='ocrx_word' id='word_1_106' title='bbox 537 1473 755 1536; x_wconf 77' lang='grc' dir='ltr'>τόπους,</span> <span class='ocrx_word' id='word_1_107' title='bbox 783 1472 1088 1544; x_wconf 80' lang='grc' dir='ltr'><strong>ὲῤῥιμμένη</strong></span> <span class='ocrx_word' id='word_1_108' title='bbox 1117 1471 1336 1538; x_wconf 82' lang='grc' dir='ltr'>διάξεις,</span> <span class='ocrx_word' id='word_1_109' title='bbox 1359 1468 1443 1525; x_wconf 82' lang='grc' dir='ltr'><strong>οἷα</strong></span> <span class='ocrx_word' id='word_1_110' title='bbox 1474 1471 1617 1534; x_wconf 72' lang='grc' dir='ltr'>εἰκὸς</span> <span class='ocrx_word' id='word_1_111' title='bbox 1642 1471 1842 1542; x_wconf 64' lang='grc' dir='ltr'>αἰχμάν-</span> 
     </span>
    </p>
   </div>
   <div class='ocr_carea' id='block_1_17' title="bbox 259 1563 1842 1634">
    <p class='ocr_par' dir='ltr' id='par_1_17' title="bbox 259 1563 1842 1634">
     <span class='ocr_line' id='line_1_17' title="bbox 259 1563 1842 1634; baseline 0.001 -19"><span class='ocrx_word' id='word_1_112' title='bbox 259 1563 429 1627; x_wconf 86' lang='grc' dir='ltr'>λωτος</span> <span class='ocrx_word' id='word_1_113' title='bbox 492 1565 831 1634; x_wconf 78' lang='grc' dir='ltr'><strong>ἐπαγομένη,</strong></span> <span class='ocrx_word' id='word_1_114' title='bbox 885 1565 1042 1634; x_wconf 77' lang='grc' dir='ltr'>ἄχρις</span> <span class='ocrx_word' id='word_1_115' title='bbox 1093 1563 1159 1617; x_wconf 76' lang='grc' dir='ltr'><strong>ἂν</strong></span> <span class='ocrx_word' id='word_1_116' title='bbox 1210 1565 1291 1627; x_wconf 89' lang='grc' dir='ltr'>είς</span> <span class='ocrx_word' id='word_1_117' title='bbox 1346 1564 1514 1634; x_wconf 72' lang='grc' dir='ltr'>αὐτὴν</span> <span class='ocrx_word' id='word_1_118' title='bbox 1548 1563 1722 1632; x_wconf 75' lang='grc' dir='ltr'>γένοιο</span> <span class='ocrx_word' id='word_1_119' title='bbox 1742 1564 1842 1631; x_wconf 76' lang='grc' dir='ltr'>τὴν</span> 
     </span>
    </p>
   </div>
   <div class='ocr_carea' id='block_1_18' title="bbox 261 1650 1840 1730">
    <p class='ocr_par' dir='ltr' id='par_1_18' title="bbox 261 1650 1840 1730">
     <span class='ocr_line' id='line_1_18' title="bbox 261 1650 1840 1730; baseline 0.001 -23"><span class='ocrx_word' id='word_1_120' title='bbox 261 1656 588 1722; x_wconf 73' lang='grc' dir='ltr'>Βαϐυλῶνα,</span> <span class='ocrx_word' id='word_1_121' title='bbox 641 1658 700 1710; x_wconf 85' lang='grc' dir='ltr'>ὲν</span> <span class='ocrx_word' id='word_1_122' title='bbox 747 1650 890 1730; x_wconf 77' lang='grc' dir='ltr'>ᾗπερ</span> <span class='ocrx_word' id='word_1_123' title='bbox 932 1657 1138 1723; x_wconf 78' lang='grc' dir='ltr'>διάγειν</span> <span class='ocrx_word' id='word_1_124' title='bbox 1170 1673 1227 1709; x_wconf 88' lang='grc' dir='ltr'><strong>σε</strong></span> <span class='ocrx_word' id='word_1_125' title='bbox 1263 1657 1399 1726; x_wconf 75' lang='grc' dir='ltr'>μετὰ</span> <span class='ocrx_word' id='word_1_126' title='bbox 1431 1656 1529 1726; x_wconf 75' lang='grc' dir='ltr'><strong>τῆς</strong></span> <span class='ocrx_word' id='word_1_127' title='bbox 1557 1657 1840 1725; x_wconf 75' lang='grc' dir='ltr'>συμφορᾶς</span> 
     </span>
    </p>
   </div>
   <div class='ocr_carea' id='block_1_19' title="bbox 261 1744 1840 1829">
    <p class='ocr_par' dir='ltr' id='par_1_19' title="bbox 261 1744 1840 1818">
     <span class='ocr_line' id='line_1_19' title="bbox 261 1744 1840 1818; baseline -0.003 -16"><span class='ocrx_word' id='word_1_128' title='bbox 261 1749 480 1818; x_wconf 77' lang='grc' dir='ltr'>ἀνάγκη</span> <span class='ocrx_word' id='word_1_129' title='bbox 535 1749 631 1818; x_wconf 79' lang='grc' dir='ltr'>τῆς</span> <span class='ocrx_word' id='word_1_130' title='bbox 679 1748 886 1812; x_wconf 80' lang='grc' dir='ltr'><strong>οἰκείας</strong></span> <span class='ocrx_word' id='word_1_131' title='bbox 914 1766 929 1779; x_wconf 76' lang='grc' dir='ltr'>ο</span> <span class='ocrx_word' id='word_1_132' title='bbox 971 1744 1089 1801; x_wconf 78' lang='grc' dir='ltr'>εἷτα</span> <span class='ocrx_word' id='word_1_133' title='bbox 1144 1749 1243 1818; x_wconf 81' lang='grc' dir='ltr'><strong>τὴν</strong></span> <span class='ocrx_word' id='word_1_134' title='bbox 1281 1748 1549 1818; x_wconf 84' lang='grc' dir='ltr'>τιμωρίαν</span> <span class='ocrx_word' id='word_1_135' title='bbox 1585 1745 1840 1818; x_wconf 85' lang='grc' dir='ltr'>εἰρηκὼς,</span> 
     </span>
    </p>
   </div>
   <div class='ocr_carea' id='block_1_20' title="bbox 264 1841 1842 1912">
    <p class='ocr_par' dir='ltr' id='par_1_20' title="bbox 264 1841 1842 1912">
     <span class='ocr_line' id='line_1_20' title="bbox 264 1841 1842 1912; baseline -0.001 -16"><span class='ocrx_word' id='word_1_136' title='bbox 264 1842 433 1896; x_wconf 75' lang='grc' dir='ltr'>πάλιν</span> <span class='ocrx_word' id='word_1_137' title='bbox 481 1843 630 1910; x_wconf 76' lang='grc' dir='ltr'>λέγει</span> <span class='ocrx_word' id='word_1_138' title='bbox 683 1841 782 1912; x_wconf 83' lang='grc' dir='ltr'><strong>τὴν</strong></span> <span class='ocrx_word' id='word_1_139' title='bbox 827 1841 979 1895; x_wconf 78' lang='grc' dir='ltr'>λύσιν</span> <span class='ocrx_word' id='word_1_140' title='bbox 1005 1859 1018 1873; x_wconf 72' lang='grc'><strong><em>⁸</em></strong></span> <span class='ocrx_word' id='word_1_141' title='bbox 1053 1860 1070 1894; x_wconf 83' lang='grc' dir='ltr'><strong>ι</strong></span> <span class='ocrx_word' id='word_1_142' title='bbox 1120 1842 1358 1896; x_wconf 78' lang='grc' dir='ltr'>Ἐκεῖθεν</span> <span class='ocrx_word' id='word_1_143' title='bbox 1391 1842 1610 1910; x_wconf 78' lang='grc' dir='ltr'>ῥύσεταί</span> <span class='ocrx_word' id='word_1_144' title='bbox 1636 1859 1716 1902; x_wconf 92' lang='grc' dir='ltr'><strong>σε,</strong></span> <span class='ocrx_word' id='word_1_145' title='bbox 1747 1841 1842 1894; x_wconf 72' lang='grc' dir='ltr'><strong>καὶ</strong></span> 
     </span>
    </p>
   </div>
   <div class='ocr_carea' id='block_1_21' title="bbox 262 1933 1842 2006">
    <p class='ocr_par' dir='ltr' id='par_1_21' title="bbox 262 1933 1842 2006">
     <span class='ocr_line' id='line_1_21' title="bbox 262 1933 1842 2006; baseline 0.001 -19"><span class='ocrx_word' id='word_1_146' title='bbox 262 1935 478 1987; x_wconf 74' lang='grc' dir='ltr'>ἐκεῖθεν</span> <span class='ocrx_word' id='word_1_147' title='bbox 534 1933 871 2004; x_wconf 81' lang='grc' dir='ltr'>λυτρὼσεταί</span> <span class='ocrx_word' id='word_1_148' title='bbox 904 1951 964 1986; x_wconf 89' lang='grc' dir='ltr'>σε</span> <span class='ocrx_word' id='word_1_149' title='bbox 1014 1933 1215 2004; x_wconf 81' lang='grc' dir='ltr'>Κύριος</span> <span class='ocrx_word' id='word_1_150' title='bbox 1234 1937 1262 1988; x_wconf 84' lang='grc' dir='ltr'>ὁ</span> <span class='ocrx_word' id='word_1_151' title='bbox 1292 1935 1420 1998; x_wconf 75' lang='grc' dir='ltr'>Θεὸς</span> <span class='ocrx_word' id='word_1_152' title='bbox 1453 1952 1544 1988; x_wconf 89' lang='grc' dir='ltr'>σου</span> <span class='ocrx_word' id='word_1_153' title='bbox 1573 1936 1638 1989; x_wconf 83' lang='grc' dir='ltr'>ἐκ</span> <span class='ocrx_word' id='word_1_154' title='bbox 1664 1936 1842 2006; x_wconf 78' lang='grc' dir='ltr'>χειρὸς</span> 
     </span>
    </p>
   </div>
   <div class='ocr_carea' id='block_1_22' title="bbox 262 2027 1843 2100">
    <p class='ocr_par' dir='ltr' id='par_1_22' title="bbox 262 2027 1843 2100">
     <span class='ocr_line' id='line_1_22' title="bbox 262 2027 1843 2100; baseline 0.001 -20"><span class='ocrx_word' id='word_1_155' title='bbox 262 2027 478 2097; x_wconf 78' lang='grc' dir='ltr'>ἐχθρῶν</span> <span class='ocrx_word' id='word_1_156' title='bbox 523 2044 638 2081; x_wconf 86' lang='grc' dir='ltr'>σου.</span> <span class='ocrx_word' id='word_1_157' title='bbox 679 2047 698 2078; x_wconf 75' lang='grc' dir='ltr'><strong>ι</strong></span> <span class='ocrx_word' id='word_1_158' title='bbox 755 2027 892 2080; x_wconf 80' lang='grc' dir='ltr'>Ἀλλ’</span> <span class='ocrx_word' id='word_1_159' title='bbox 940 2027 1107 2080; x_wconf 79' lang='grc' dir='ltr'>ὲπειδ’</span> <span class='ocrx_word' id='word_1_160' title='bbox 1161 2027 1227 2081; x_wconf 79' lang='grc' dir='ltr'><strong>ἂν</strong></span> <span class='ocrx_word' id='word_1_161' title='bbox 1260 2030 1340 2092; x_wconf 84' lang='grc' dir='ltr'><strong>είς</strong></span> <span class='ocrx_word' id='word_1_162' title='bbox 1369 2031 1607 2092; x_wconf 78' lang='grc' dir='ltr'>ἐκείνους</span> <span class='ocrx_word' id='word_1_163' title='bbox 1645 2029 1843 2100; x_wconf 81' lang='grc' dir='ltr'>αἰχμά-</span> 
     </span>
    </p>
   </div>
   <div class='ocr_carea' id='block_1_23' title="bbox 261 2114 1842 2192">
    <p class='ocr_par' dir='ltr' id='par_1_23' title="bbox 261 2114 1842 2192">
     <span class='ocr_line' id='line_1_23' title="bbox 261 2114 1842 2192; baseline 0.001 -18"><span class='ocrx_word' id='word_1_164' title='bbox 261 2121 429 2184; x_wconf 81' lang='grc' dir='ltr'>λωτος</span> <span class='ocrx_word' id='word_1_165' title='bbox 458 2122 636 2192; x_wconf 71' lang='grc' dir='ltr'>ἀφίκῃ</span> <span class='ocrx_word' id='word_1_166' title='bbox 675 2122 800 2184; x_wconf 76' lang='grc' dir='ltr'>τοὺς</span> <span class='ocrx_word' id='word_1_167' title='bbox 822 2121 1038 2184; x_wconf 81' lang='grc' dir='ltr'>τόπους,</span> <span class='ocrx_word' id='word_1_168' title='bbox 1063 2122 1153 2189; x_wconf 77' lang='grc' dir='ltr'><strong>ἀφ’</strong></span> <span class='ocrx_word' id='word_1_169' title='bbox 1174 2114 1248 2174; x_wconf 80' lang='grc' dir='ltr'>ὧν</span> <span class='ocrx_word' id='word_1_170' title='bbox 1269 2123 1388 2175; x_wconf 77' lang='grc' dir='ltr'><strong>οὐδὲ</strong></span> <span class='ocrx_word' id='word_1_171' title='bbox 1411 2121 1508 2192; x_wconf 89' lang='grc' dir='ltr'><strong>μία</strong></span> <span class='ocrx_word' id='word_1_172' title='bbox 1524 2139 1604 2174; x_wconf 91' lang='grc' dir='ltr'>σοι</span> <span class='ocrx_word' id='word_1_173' title='bbox 1637 2121 1842 2186; x_wconf 76' lang='grc' dir='ltr'>λύσεως</span> 
     </span>
    </p>
   </div>
   <div class='ocr_carea' id='block_1_24' title="bbox 261 2212 1842 2286">
    <p class='ocr_par' dir='ltr' id='par_1_24' title="bbox 261 2212 1842 2286">
     <span class='ocr_line' id='line_1_24' title="bbox 261 2212 1842 2286; baseline 0.001 -21"><span class='ocrx_word' id='word_1_174' title='bbox 261 2214 418 2277; x_wconf 74' lang='grc' dir='ltr'>ἐλπὶς</span> <span class='ocrx_word' id='word_1_175' title='bbox 455 2213 835 2280; x_wconf 71' lang='grc' dir='ltr'>ὑποφαίνεται,</span> <span class='ocrx_word' id='word_1_176' title='bbox 877 2212 1178 2283; x_wconf 78' lang='grc' dir='ltr'>παραδόξου</span> <span class='ocrx_word' id='word_1_177' title='bbox 1221 2214 1380 2283; x_wconf 78' lang='grc' dir='ltr'>τεύξῃ</span> <span class='ocrx_word' id='word_1_178' title='bbox 1410 2213 1509 2284; x_wconf 77' lang='grc' dir='ltr'><strong>τῆς</strong></span> <span class='ocrx_word' id='word_1_179' title='bbox 1541 2213 1689 2278; x_wconf 86' lang='grc' dir='ltr'>θείας</span> <span class='ocrx_word' id='word_1_180' title='bbox 1718 2215 1842 2286; x_wconf 78' lang='grc' dir='ltr'>βοη-</span> 
     </span>
    </p>
   </div>
   <div class='ocr_carea' id='block_1_25' title="bbox 289 2304 1844 2378">
    <p class='ocr_par' dir='ltr' id='par_1_25' title="bbox 289 2304 1844 2378">
     <span class='ocr_line' id='line_1_25' title="bbox 289 2304 1844 2378; baseline 0.003 -22"><span class='ocrx_word' id='word_1_181' title='bbox 289 2306 436 2368; x_wconf 83' lang='grc' dir='ltr'>είας,</span> <span class='ocrx_word' id='word_1_182' title='bbox 479 2306 536 2375; x_wconf 75' lang='grc' dir='ltr'>ἢ,</span> <span class='ocrx_word' id='word_1_183' title='bbox 569 2305 712 2358; x_wconf 77' lang='grc' dir='ltr'>κατὰ</span> <span class='ocrx_word' id='word_1_184' title='bbox 741 2304 839 2375; x_wconf 76' lang='grc' dir='ltr'><strong>τὴν</strong></span> <span class='ocrx_word' id='word_1_185' title='bbox 871 2306 1072 2358; x_wconf 85' lang='grc' dir='ltr'>οἰκείαν</span> <span class='ocrx_word' id='word_1_186' title='bbox 1091 2305 1338 2374; x_wconf 78' lang='grc' dir='ltr'>δύναμιν,</span> <span class='ocrx_word' id='word_1_187' title='bbox 1357 2306 1455 2374; x_wconf 82' lang='grc' dir='ltr'><strong>τῆς</strong></span> <span class='ocrx_word' id='word_1_188' title='bbox 1477 2324 1536 2358; x_wconf 84' lang='grc' dir='ltr'>τε</span> <span class='ocrx_word' id='word_1_189' title='bbox 1568 2306 1844 2378; x_wconf 66' lang='grc' dir='ltr'>αἰχμαλωρ</span> 
     </span>
    </p>
   </div>
   <div class='ocr_carea' id='block_1_26' title="bbox 261 2398 1844 2471">
    <p class='ocr_par' dir='ltr' id='par_1_26' title="bbox 261 2398 1844 2471">
     <span class='ocr_line' id='line_1_26' title="bbox 261 2398 1844 2471; baseline 0.003 -23"><span class='ocrx_word' id='word_1_190' title='bbox 261 2398 384 2460; x_wconf 85' lang='grc' dir='ltr'>σίας</span> <span class='ocrx_word' id='word_1_191' title='bbox 419 2399 518 2452; x_wconf 80' lang='grc' dir='ltr'>καὶ</span> <span class='ocrx_word' id='word_1_192' title='bbox 562 2398 665 2469; x_wconf 82' lang='grc' dir='ltr'><strong>τῆς</strong></span> <span class='ocrx_word' id='word_1_193' title='bbox 700 2398 808 2452; x_wconf 84' lang='grc' dir='ltr'><strong>τῶν</strong></span> <span class='ocrx_word' id='word_1_194' title='bbox 850 2399 1185 2468; x_wconf 65' lang='grc' dir='ltr'>κατεχόντων</span> <span class='ocrx_word' id='word_1_195' title='bbox 1243 2398 1528 2471; x_wconf 77' lang='grc' dir='ltr'><strong>ἀπαλλάξῃ</strong></span> <span class='ocrx_word' id='word_1_196' title='bbox 1579 2416 1637 2452; x_wconf 90' lang='grc' dir='ltr'><strong>σε</strong></span> <span class='ocrx_word' id='word_1_197' title='bbox 1689 2400 1844 2452; x_wconf 86' lang='grc' dir='ltr'>δυνα-</span> 
     </span>
    </p>
   </div>
   <div class='ocr_carea' id='block_1_27' title="bbox 262 2489 474 2552">
    <p class='ocr_par' dir='ltr' id='par_1_27' title="bbox 262 2489 474 2552">
     <span class='ocr_line' id='line_1_27' title="bbox 262 2489 474 2552; baseline 0.005 -12"><span class='ocrx_word' id='word_1_198' title='bbox 262 2489 474 2552; x_wconf 86' lang='grc' dir='ltr'>στείας.</span> 
     </span>
    </p>
   </div>
   <div class='ocr_carea' id='block_1_28' title="bbox 333 2580 1842 2652">
    <p class='ocr_par' dir='ltr' id='par_1_28' title="bbox 333 2580 1842 2652">
     <span class='ocr_line' id='line_1_28' title="bbox 333 2580 1842 2652; baseline 0.002 -20"><span class='ocrx_word' id='word_1_199' title='bbox 333 2581 488 2650; x_wconf 85' lang='grc' dir='ltr'>Στίχ.</span> <span class='ocrx_word' id='word_1_200' title='bbox 522 2587 616 2633; x_wconf 76' lang='grc' dir='ltr'>ιαὀ</span> <span class='ocrx_word' id='word_1_201' title='bbox 629 2585 715 2650; x_wconf 83' lang='grc' dir='ltr'><strong>ιγ’.</strong></span> <span class='ocrx_word' id='word_1_202' title='bbox 743 2580 964 2639; x_wconf 82' lang='grc' dir='ltr'>-ιΚα“ι</span> <span class='ocrx_word' id='word_1_203' title='bbox 990 2580 1086 2634; x_wconf 77' lang='grc' dir='ltr'>νῦν</span> <span class='ocrx_word' id='word_1_204' title='bbox 1125 2581 1614 2652; x_wconf 74' lang='grc' dir='ltr'>ἐπισυναχθήσεται</span> <span class='ocrx_word' id='word_1_205' title='bbox 1647 2582 1740 2634; x_wconf 69' lang='grc' dir='ltr'><strong>ἐπὶ</strong></span> <span class='ocrx_word' id='word_1_206' title='bbox 1783 2581 1842 2635; x_wconf 71' lang='grc' dir='ltr'>σὲ</span> 
     </span>
    </p>
   </div>
   <div class='ocr_carea' id='block_1_29' title="bbox 259 2669 1844 2744">
    <p class='ocr_par' dir='ltr' id='par_1_29' title="bbox 259 2669 1844 2744">
     <span class='ocr_line' id='line_1_29' title="bbox 259 2669 1844 2744; baseline 0.003 -23"><span class='ocrx_word' id='word_1_207' title='bbox 259 2669 394 2740; x_wconf 76' lang='grc' dir='ltr'>ἔθνη</span> <span class='ocrx_word' id='word_1_208' title='bbox 421 2669 616 2731; x_wconf 72' lang='grc' dir='ltr'>πολλὰ,</span> <span class='ocrx_word' id='word_1_209' title='bbox 645 2672 739 2724; x_wconf 74' lang='grc' dir='ltr'>καὶ</span> <span class='ocrx_word' id='word_1_210' title='bbox 787 2671 906 2725; x_wconf 76' lang='grc' dir='ltr'>λαοὶ</span> <span class='ocrx_word' id='word_1_211' title='bbox 945 2670 1214 2740; x_wconf 80' lang='grc' dir='ltr'>λέγοντες·</span> <span class='ocrx_word' id='word_1_212' title='bbox 1266 2671 1724 2744; x_wconf 76' lang='grc' dir='ltr'>Ἐπιχαρούμεθα,</span> <span class='ocrx_word' id='word_1_213' title='bbox 1751 2674 1844 2726; x_wconf 77' lang='grc' dir='ltr'>καὶ</span> 
     </span>
    </p>
   </div>
   <div class='ocr_carea' id='block_1_30' title="bbox 259 2760 1839 2835">
    <p class='ocr_par' dir='ltr' id='par_1_30' title="bbox 259 2760 1839 2835">
     <span class='ocr_line' id='line_1_30' title="bbox 259 2760 1839 2835; baseline 0.002 -19"><span class='ocrx_word' id='word_1_214' title='bbox 259 2761 560 2829; x_wconf 66' lang='grc' dir='ltr'>ἑπόψονται</span> <span class='ocrx_word' id='word_1_215' title='bbox 596 2763 687 2815; x_wconf 73' lang='grc' dir='ltr'><strong>ὲπὶ</strong></span> <span class='ocrx_word' id='word_1_216' title='bbox 729 2760 865 2814; x_wconf 86' lang='grc' dir='ltr'>Σιὼν</span> <span class='ocrx_word' id='word_1_217' title='bbox 916 2763 966 2814; x_wconf 89' lang='grc' dir='ltr'>οἱ</span> <span class='ocrx_word' id='word_1_218' title='bbox 1011 2762 1278 2832; x_wconf 74' lang='grc' dir='ltr'>ὀφθαλμοὶ</span> <span class='ocrx_word' id='word_1_219' title='bbox 1317 2763 1493 2834; x_wconf 80' lang='grc' dir='ltr'>ἡμῶν.</span> <span class='ocrx_word' id='word_1_220' title='bbox 1525 2782 1545 2815; x_wconf 77' lang='grc' dir='ltr'><strong>ι</strong></span> <span class='ocrx_word' id='word_1_221' title='bbox 1585 2763 1660 2835; x_wconf 91' lang='lat' dir='ltr'><strong>(p.</strong></span> <span class='ocrx_word' id='word_1_222' title='bbox 1714 2763 1839 2832; x_wconf 72' lang='lat'><strong>9.89)</strong></span> 
     </span>
    </p>
   </div>
   <div class='ocr_carea' id='block_1_31' title="bbox 259 2853 1844 2930">
    <p class='ocr_par' dir='ltr' id='par_1_31' title="bbox 259 2853 1844 2930">
     <span class='ocr_line' id='line_1_31' title="bbox 259 2853 1844 2930; baseline 0 -22"><span class='ocrx_word' id='word_1_223' title='bbox 259 2857 400 2908; x_wconf 81' lang='grc' dir='ltr'><strong>Τότε</strong></span> <span class='ocrx_word' id='word_1_224' title='bbox 429 2856 498 2926; x_wconf 82' lang='grc' dir='ltr'>δὴ</span> <span class='ocrx_word' id='word_1_225' title='bbox 530 2855 656 2923; x_wconf 74' lang='grc' dir='ltr'>ἔθνη</span> <span class='ocrx_word' id='word_1_226' title='bbox 699 2853 939 2908; x_wconf 74' lang='grc' dir='ltr'>Σκυθικὰ</span> <span class='ocrx_word' id='word_1_227' title='bbox 983 2855 1152 2909; x_wconf 86' lang='grc' dir='ltr'>πολλά</span> <span class='ocrx_word' id='word_1_228' title='bbox 1181 2873 1241 2908; x_wconf 90' lang='grc' dir='ltr'>τε</span> <span class='ocrx_word' id='word_1_229' title='bbox 1273 2855 1367 2908; x_wconf 80' lang='grc' dir='ltr'><strong>καὶ</strong></span> <span class='ocrx_word' id='word_1_230' title='bbox 1396 2856 1648 2930; x_wconf 78' lang='grc' dir='ltr'><strong>ἀνήμερα</strong></span> <span class='ocrx_word' id='word_1_231' title='bbox 1678 2855 1844 2926; x_wconf 81' lang='grc' dir='ltr'><strong>(λέγει</strong></span> 
     </span>
    </p>
   </div>
   <div class='ocr_carea' id='block_1_32' title="bbox 259 2945 1842 3017">
    <p class='ocr_par' dir='ltr' id='par_1_32' title="bbox 259 2945 1842 3017">
     <span class='ocr_line' id='line_1_32' title="bbox 259 2945 1842 3017; baseline -0.001 -17"><span class='ocrx_word' id='word_1_232' title='bbox 259 2948 322 3000; x_wconf 77' lang='grc' dir='ltr'>δὲ</span> <span class='ocrx_word' id='word_1_233' title='bbox 351 2949 484 3010; x_wconf 73' lang='grc' dir='ltr'>τοὺς</span> <span class='ocrx_word' id='word_1_234' title='bbox 510 2946 640 3017; x_wconf 74' lang='grc' dir='ltr'>περὶ</span> <span class='ocrx_word' id='word_1_235' title='bbox 687 2945 775 2998; x_wconf 67' lang='grc' dir='ltr'>τὸν</span> <span class='ocrx_word' id='word_1_236' title='bbox 811 2945 980 3014; x_wconf 84' lang='grc' dir='ltr'><strong>Γὼγ),</strong></span> <span class='ocrx_word' id='word_1_237' title='bbox 1017 2947 1114 3016; x_wconf 83' lang='grc' dir='ltr'><strong>τὴν</strong></span> <span class='ocrx_word' id='word_1_238' title='bbox 1149 2945 1453 3016; x_wconf 75' lang='grc' dir='ltr'><strong>εὐπραγίαν</strong></span> <span class='ocrx_word' id='word_1_239' title='bbox 1487 2947 1546 2998; x_wconf 80' lang='grc' dir='ltr'>οὐ</span> <span class='ocrx_word' id='word_1_240' title='bbox 1587 2945 1842 3016; x_wconf 77' lang='grc' dir='ltr'>φέροντες</span> 
     </span>
    </p>
   </div>
   <div class='ocr_carea' id='block_1_33' title="bbox 260 3035 1844 3108">
    <p class='ocr_par' dir='ltr' id='par_1_33' title="bbox 260 3035 1844 3108">
     <span class='ocr_line' id='line_1_33' title="bbox 260 3035 1844 3108; baseline -0.002 -16"><span class='ocrx_word' id='word_1_241' title='bbox 260 3041 362 3093; x_wconf 76' lang='grc' dir='ltr'>καὶ</span> <span class='ocrx_word' id='word_1_242' title='bbox 411 3039 514 3108; x_wconf 79' lang='grc' dir='ltr'><strong>τὴν</strong></span> <span class='ocrx_word' id='word_1_243' title='bbox 543 3038 798 3092; x_wconf 76' lang='grc' dir='ltr'>ἐπάνοδον</span> <span class='ocrx_word' id='word_1_244' title='bbox 847 3038 943 3108; x_wconf 82' lang='grc' dir='ltr'><strong>τὴν</strong></span> <span class='ocrx_word' id='word_1_245' title='bbox 971 3037 1089 3107; x_wconf 80' lang='grc' dir='ltr'>σὴν,</span> <span class='ocrx_word' id='word_1_246' title='bbox 1119 3036 1499 3090; x_wconf 79' lang='grc' dir='ltr'>ἐπελεύσονταί</span> <span class='ocrx_word' id='word_1_247' title='bbox 1542 3053 1644 3098; x_wconf 85' lang='grc' dir='ltr'>σοι,</span> <span class='ocrx_word' id='word_1_248' title='bbox 1703 3035 1844 3106; x_wconf 86' lang='grc' dir='ltr'>μάλα</span> 
     </span>
    </p>
   </div>
   <div class='ocr_carea' id='block_1_34' title="bbox 1939 559 3500 632">
    <p class='ocr_par' dir='ltr' id='par_1_34' title="bbox 1939 559 3500 632">
     <span class='ocr_line' id='line_1_34' title="bbox 1939 559 3500 632; baseline -0.003 -16"><span class='ocrx_word' id='word_1_249' title='bbox 1939 572 2164 632; x_wconf 76' lang='lat' dir='ltr'><strong>experta</strong></span> <span class='ocrx_word' id='word_1_250' title='bbox 2203 562 2421 628; x_wconf 84' lang='lat' dir='ltr'><strong>fuisses,</strong></span> <span class='ocrx_word' id='word_1_251' title='bbox 2453 563 2498 617; x_wconf 88' lang='lat' dir='ltr'><strong>si</strong></span> <span class='ocrx_word' id='word_1_252' title='bbox 2539 563 2707 631; x_wconf 80' lang='lat' dir='ltr'><strong>legem</strong></span> <span class='ocrx_word' id='word_1_253' title='bbox 2752 578 2926 616; x_wconf 86' lang='lat' dir='ltr'><strong>meam</strong></span> <span class='ocrx_word' id='word_1_254' title='bbox 2972 559 3367 616; x_wconf 77' lang='lat' dir='ltr'><strong>observandam</strong></span> <span class='ocrx_word' id='word_1_255' title='bbox 3400 573 3500 611; x_wconf 85' lang='lat' dir='ltr'><strong>cu-</strong></span> 
     </span>
    </p>
   </div>
   <div class='ocr_carea' id='block_1_35' title="bbox 1947 649 3502 719">
    <p class='ocr_par' dir='ltr' id='par_1_35' title="bbox 1947 649 3502 719">
     <span class='ocr_line' id='line_1_35' title="bbox 1947 649 3502 719; baseline -0.003 -13"><span class='ocrx_word' id='word_1_256' title='bbox 1947 669 2150 709; x_wconf 84' lang='lat' dir='ltr'><strong>rasses.</strong></span> <span class='ocrx_word' id='word_1_257' title='bbox 2181 653 2335 719; x_wconf 85' lang='lat' dir='ltr'><strong>Quod</strong></span> <span class='ocrx_word' id='word_1_258' title='bbox 2363 671 2488 708; x_wconf 88' lang='lat' dir='ltr'><strong>cum</strong></span> <span class='ocrx_word' id='word_1_259' title='bbox 2513 671 2620 708; x_wconf 90' lang='lat' dir='ltr'><strong>non</strong></span> <span class='ocrx_word' id='word_1_260' title='bbox 2649 654 2865 718; x_wconf 76' lang='lat' dir='ltr'><strong>feceris,</strong></span> <span class='ocrx_word' id='word_1_261' title='bbox 2891 652 3015 707; x_wconf 90' lang='lat' dir='ltr'><strong>audi</strong></span> <span class='ocrx_word' id='word_1_262' title='bbox 3047 669 3060 705; x_wconf 90' lang='lat'><strong>:</strong></span> <span class='ocrx_word' id='word_1_263' title='bbox 3097 672 3118 704; x_wconf 77' lang='grc' dir='ltr'><strong>ιι</strong></span> <span class='ocrx_word' id='word_1_264' title='bbox 3147 650 3308 715; x_wconf 88' lang='lat' dir='ltr'><strong>Dole,</strong></span> <span class='ocrx_word' id='word_1_265' title='bbox 3341 657 3394 703; x_wconf 91' lang='lat' dir='ltr'><strong>et</strong></span> <span class='ocrx_word' id='word_1_266' title='bbox 3424 649 3502 701; x_wconf 78' lang='lat' dir='ltr'><strong>vi-</strong></span> 
     </span>
    </p>
   </div>
   <div class='ocr_carea' id='block_1_36' title="bbox 1944 743 3504 817">
    <p class='ocr_par' dir='ltr' id='par_1_36' title="bbox 1944 743 3504 817">
     <span class='ocr_line' id='line_1_36' title="bbox 1944 743 3504 817; baseline -0.004 -19"><span class='ocrx_word' id='word_1_267' title='bbox 1944 745 2121 799; x_wconf 88' lang='lat' dir='ltr'><strong>riliter</strong></span> <span class='ocrx_word' id='word_1_268' title='bbox 2146 762 2266 816; x_wconf 82' lang='lat' dir='ltr'><strong>age.</strong></span> <span class='ocrx_word' id='word_1_269' title='bbox 2303 754 2358 800; x_wconf 90' lang='lat' dir='ltr'><strong>et</strong></span> <span class='ocrx_word' id='word_1_270' title='bbox 2385 749 2782 817; x_wconf 86' lang='lat' dir='ltr'><strong>appropinqua.</strong></span> <span class='ocrx_word' id='word_1_271' title='bbox 2817 747 2922 799; x_wconf 83' lang='lat' dir='ltr'><strong>filia</strong></span> <span class='ocrx_word' id='word_1_272' title='bbox 2959 744 3164 805; x_wconf 88' lang='lat' dir='ltr'><strong>Sionis,</strong></span> <span class='ocrx_word' id='word_1_273' title='bbox 3203 743 3347 797; x_wconf 87' lang='lat' dir='ltr'><strong>sicut</strong></span> <span class='ocrx_word' id='word_1_274' title='bbox 3383 756 3504 810; x_wconf 90' lang='lat' dir='ltr'><strong>par-</strong></span> 
     </span>
    </p>
   </div>
   <div class='ocr_carea' id='block_1_37' title="bbox 1944 834 3506 908">
    <p class='ocr_par' dir='ltr' id='par_1_37' title="bbox 1944 834 3506 908">
     <span class='ocr_line' id='line_1_37' title="bbox 1944 834 3506 908; baseline -0.004 -19"><span class='ocrx_word' id='word_1_275' title='bbox 1944 836 2177 892; x_wconf 90' lang='lat' dir='ltr'><strong>turiens.</strong></span> <span class='ocrx_word' id='word_1_276' title='bbox 2216 857 2235 888; x_wconf 73' lang='grc' dir='ltr'><strong>ι</strong></span> <span class='ocrx_word' id='word_1_277' title='bbox 2264 837 2447 892; x_wconf 81' lang='lat' dir='ltr'><strong>Perfer</strong></span> <span class='ocrx_word' id='word_1_278' title='bbox 2475 839 2790 908; x_wconf 81' lang='lat' dir='ltr'><strong>ingruentes</strong></span> <span class='ocrx_word' id='word_1_279' title='bbox 2811 838 3047 901; x_wconf 81' lang='lat' dir='ltr'><strong>dolores,</strong></span> <span class='ocrx_word' id='word_1_280' title='bbox 3083 836 3135 888; x_wconf 90' lang='lat' dir='ltr'><strong>in</strong></span> <span class='ocrx_word' id='word_1_281' title='bbox 3170 834 3346 902; x_wconf 88' lang='lat' dir='ltr'><strong>iisque</strong></span> <span class='ocrx_word' id='word_1_282' title='bbox 3372 846 3506 885; x_wconf 83' lang='lat' dir='ltr'><strong>con-</strong></span> 
     </span>
    </p>
   </div>
   <div class='ocr_carea' id='block_1_38' title="bbox 1944 925 3506 1000">
    <p class='ocr_par' dir='ltr' id='par_1_38' title="bbox 1944 925 3506 1000">
     <span class='ocr_line' id='line_1_38' title="bbox 1944 925 3506 1000; baseline -0.005 -18"><span class='ocrx_word' id='word_1_283' title='bbox 1944 935 2155 982; x_wconf 90' lang='lat' dir='ltr'><strong>stanter</strong></span> <span class='ocrx_word' id='word_1_284' title='bbox 2185 943 2281 1000; x_wconf 73' lang='lat' dir='ltr'><strong>age</strong></span> <span class='ocrx_word' id='word_1_285' title='bbox 2312 929 2468 998; x_wconf 88' lang='lat' dir='ltr'><strong>quasi</strong></span> <span class='ocrx_word' id='word_1_286' title='bbox 2503 929 2836 998; x_wconf 71' lang='lat' dir='ltr'><strong>parturiens,</strong></span> <span class='ocrx_word' id='word_1_287' title='bbox 2859 925 3354 997; x_wconf 80' lang='lat' dir='ltr'><strong>propinquantibus</strong></span> <span class='ocrx_word' id='word_1_288' title='bbox 3383 937 3506 990; x_wconf 89' lang='lat' dir='ltr'><strong>par-</strong></span> 
     </span>
    </p>
   </div>
   <div class='ocr_carea' id='block_1_39' title="bbox 1946 1011 3502 1084">
    <p class='ocr_par' dir='ltr' id='par_1_39' title="bbox 1946 1011 3502 1084">
     <span class='ocr_line' id='line_1_39' title="bbox 1946 1011 3502 1084; baseline -0.006 -14"><span class='ocrx_word' id='word_1_289' title='bbox 1946 1024 2039 1072; x_wconf 89' lang='lat' dir='ltr'><strong>tus</strong></span> <span class='ocrx_word' id='word_1_290' title='bbox 2071 1017 2373 1072; x_wconf 80' lang='lat' dir='ltr'><strong>doloribus.</strong></span> <span class='ocrx_word' id='word_1_291' title='bbox 2417 1038 2434 1069; x_wconf 79' lang='grc' dir='ltr'><strong>ι</strong></span> <span class='ocrx_word' id='word_1_292' title='bbox 2479 1018 2616 1084; x_wconf 83' lang='lat' dir='ltr'><strong>Quia</strong></span> <span class='ocrx_word' id='word_1_293' title='bbox 2641 1034 2787 1072; x_wconf 89' lang='lat' dir='ltr'><strong>nunc</strong></span> <span class='ocrx_word' id='word_1_294' title='bbox 2829 1015 3128 1084; x_wconf 78' lang='lat' dir='ltr'><strong>egredieris</strong></span> <span class='ocrx_word' id='word_1_295' title='bbox 3167 1013 3234 1067; x_wconf 88' lang='lat' dir='ltr'><strong>de</strong></span> <span class='ocrx_word' id='word_1_296' title='bbox 3265 1011 3502 1070; x_wconf 67' lang='lat' dir='ltr'><strong>civitate,</strong></span> 
     </span>
    </p>
   </div>
   <div class='ocr_carea' id='block_1_40' title="bbox 1943 1103 3508 1178">
    <p class='ocr_par' dir='ltr' id='par_1_40' title="bbox 1943 1103 3508 1178">
     <span class='ocr_line' id='line_1_40' title="bbox 1943 1103 3508 1178; baseline -0.007 -16"><span class='ocrx_word' id='word_1_297' title='bbox 1943 1116 1996 1162; x_wconf 89' lang='lat' dir='ltr'><strong>et</strong></span> <span class='ocrx_word' id='word_1_298' title='bbox 2028 1109 2302 1165; x_wconf 87' lang='lat' dir='ltr'><strong>babitabis</strong></span> <span class='ocrx_word' id='word_1_299' title='bbox 2348 1109 2403 1162; x_wconf 87' lang='lat' dir='ltr'><strong>in</strong></span> <span class='ocrx_word' id='word_1_300' title='bbox 2443 1125 2637 1178; x_wconf 86' lang='lat' dir='ltr'><strong>campo</strong></span> <span class='ocrx_word' id='word_1_301' title='bbox 2664 1149 2678 1172; x_wconf 95' lang='lat'><strong>,</strong></span> <span class='ocrx_word' id='word_1_302' title='bbox 2720 1118 2774 1163; x_wconf 85' lang='lat' dir='ltr'><strong>et</strong></span> <span class='ocrx_word' id='word_1_303' title='bbox 2829 1107 3014 1162; x_wconf 79' lang='lat' dir='ltr'><strong>venies</strong></span> <span class='ocrx_word' id='word_1_304' title='bbox 3061 1119 3233 1174; x_wconf 84' lang='lat' dir='ltr'><strong>usque</strong></span> <span class='ocrx_word' id='word_1_305' title='bbox 3279 1103 3508 1172; x_wconf 83' lang='lat' dir='ltr'><strong>Babylo-</strong></span> 
     </span>
    </p>
   </div>
   <div class='ocr_carea' id='block_1_41' title="bbox 1944 1193 3505 1259">
    <p class='ocr_par' dir='ltr' id='par_1_41' title="bbox 1944 1193 3505 1259">
     <span class='ocr_line' id='line_1_41' title="bbox 1944 1193 3505 1259; baseline -0.006 -6"><span class='ocrx_word' id='word_1_306' title='bbox 1944 1215 2090 1255; x_wconf 85' lang='lat' dir='ltr'><strong>nem.</strong></span> <span class='ocrx_word' id='word_1_307' title='bbox 2130 1220 2150 1252; x_wconf 79' lang='grc' dir='ltr'><strong>ι</strong></span> <span class='ocrx_word' id='word_1_308' title='bbox 2203 1199 2356 1256; x_wconf 84' lang='lat' dir='ltr'><strong>Finis</strong></span> <span class='ocrx_word' id='word_1_309' title='bbox 2402 1216 2583 1254; x_wconf 87' lang='lat' dir='ltr'><strong>rerum</strong></span> <span class='ocrx_word' id='word_1_310' title='bbox 2642 1210 2856 1254; x_wconf 89' lang='lat' dir='ltr'><strong>tuarum</strong></span> <span class='ocrx_word' id='word_1_311' title='bbox 2912 1206 3028 1259; x_wconf 90' lang='lat' dir='ltr'><strong>est,</strong></span> <span class='ocrx_word' id='word_1_312' title='bbox 3078 1205 3132 1252; x_wconf 91' lang='lat' dir='ltr'><strong>et</strong></span> <span class='ocrx_word' id='word_1_313' title='bbox 3172 1212 3238 1250; x_wconf 80' lang='lat' dir='ltr'><strong>ex</strong></span> <span class='ocrx_word' id='word_1_314' title='bbox 3277 1194 3411 1248; x_wconf 90' lang='lat' dir='ltr'><strong>urbe</strong></span> <span class='ocrx_word' id='word_1_315' title='bbox 3451 1193 3505 1244; x_wconf 86' lang='lat' dir='ltr'><strong>in</strong></span> 
     </span>
    </p>
   </div>
   <div class='ocr_carea' id='block_1_42' title="bbox 1945 1287 3505 1362">
    <p class='ocr_par' dir='ltr' id='par_1_42' title="bbox 1945 1287 3505 1362">
     <span class='ocr_line' id='line_1_42' title="bbox 1945 1287 3505 1362; baseline -0.003 -19"><span class='ocrx_word' id='word_1_316' title='bbox 1945 1291 2318 1361; x_wconf 87' lang='lat' dir='ltr'><strong>captivitatem</strong></span> <span class='ocrx_word' id='word_1_317' title='bbox 2361 1291 2739 1362; x_wconf 89' lang='lat' dir='ltr'><strong>deportaberis</strong></span> <span class='ocrx_word' id='word_1_318' title='bbox 2773 1311 2786 1344; x_wconf 91' lang='lat'><strong>:</strong></span> <span class='ocrx_word' id='word_1_319' title='bbox 2821 1290 3054 1344; x_wconf 78' lang='lat' dir='ltr'><strong>abducta</strong></span> <span class='ocrx_word' id='word_1_320' title='bbox 3099 1303 3230 1343; x_wconf 85' lang='lat' dir='ltr'><strong>vero</strong></span> <span class='ocrx_word' id='word_1_321' title='bbox 3268 1287 3322 1340; x_wconf 83' lang='lat' dir='ltr'><strong>iu</strong></span> <span class='ocrx_word' id='word_1_322' title='bbox 3355 1301 3505 1354; x_wconf 64' lang='lat' dir='ltr'><strong>quat-</strong></span> 
     </span>
    </p>
   </div>
   <div class='ocr_carea' id='block_1_43' title="bbox 1947 1377 3508 1453">
    <p class='ocr_par' dir='ltr' id='par_1_43' title="bbox 1947 1377 3508 1453">
     <span class='ocr_line' id='line_1_43' title="bbox 1947 1377 3508 1453; baseline -0.003 -18"><span class='ocrx_word' id='word_1_323' title='bbox 1947 1383 2076 1437; x_wconf 91' lang='lat' dir='ltr'><strong>libet</strong></span> <span class='ocrx_word' id='word_1_324' title='bbox 2120 1383 2259 1447; x_wconf 88' lang='lat' dir='ltr'><strong>loca,</strong></span> <span class='ocrx_word' id='word_1_325' title='bbox 2308 1383 2550 1452; x_wconf 89' lang='lat' dir='ltr'><strong>projecta</strong></span> <span class='ocrx_word' id='word_1_326' title='bbox 2590 1383 2836 1453; x_wconf 82' lang='lat' dir='ltr'><strong>jacebis,</strong></span> <span class='ocrx_word' id='word_1_327' title='bbox 2888 1391 2942 1434; x_wconf 90' lang='lat' dir='ltr'><strong>ut</strong></span> <span class='ocrx_word' id='word_1_328' title='bbox 2991 1383 3214 1450; x_wconf 65' lang='lat' dir='ltr'><strong>captiva:</strong></span> <span class='ocrx_word' id='word_1_329' title='bbox 3265 1377 3508 1431; x_wconf 91' lang='lat' dir='ltr'><strong>conditio</strong></span> 
     </span>
    </p>
   </div>
   <div class='ocr_carea' id='block_1_44' title="bbox 1946 1470 3516 1546">
    <p class='ocr_par' dir='ltr' id='par_1_44' title="bbox 1946 1470 3516 1546">
     <span class='ocr_line' id='line_1_44' title="bbox 1946 1470 3516 1546; baseline -0.006 -18"><span class='ocrx_word' id='word_1_330' title='bbox 1946 1474 2070 1540; x_wconf 84' lang='lat' dir='ltr'><strong>fert,</strong></span> <span class='ocrx_word' id='word_1_331' title='bbox 2097 1473 2267 1530; x_wconf 82' lang='lat' dir='ltr'><strong>donec</strong></span> <span class='ocrx_word' id='word_1_332' title='bbox 2305 1474 2373 1529; x_wconf 86' lang='lat' dir='ltr'><strong>ad</strong></span> <span class='ocrx_word' id='word_1_333' title='bbox 2404 1476 2576 1546; x_wconf 87' lang='lat' dir='ltr'><strong>ipsam</strong></span> <span class='ocrx_word' id='word_1_334' title='bbox 2609 1490 2781 1544; x_wconf 90' lang='lat' dir='ltr'><strong>usque</strong></span> <span class='ocrx_word' id='word_1_335' title='bbox 2813 1473 3138 1544; x_wconf 76' lang='lat' dir='ltr'><strong>Babylonem</strong></span> <span class='ocrx_word' id='word_1_336' title='bbox 3175 1470 3516 1541; x_wconf 69' lang='lat' dir='ltr'><strong>perveneris,</strong></span> 
     </span>
    </p>
   </div>
   <div class='ocr_carea' id='block_1_45' title="bbox 1947 1565 3510 1636">
    <p class='ocr_par' dir='ltr' id='par_1_45' title="bbox 1947 1565 3510 1636">
     <span class='ocr_line' id='line_1_45' title="bbox 1947 1565 3510 1636; baseline -0.003 -16"><span class='ocrx_word' id='word_1_337' title='bbox 1947 1568 2002 1620; x_wconf 87' lang='lat' dir='ltr'><strong>in</strong></span> <span class='ocrx_word' id='word_1_338' title='bbox 2034 1581 2142 1636; x_wconf 92' lang='lat' dir='ltr'><strong>qua</strong></span> <span class='ocrx_word' id='word_1_339' title='bbox 2168 1575 2221 1621; x_wconf 90' lang='lat' dir='ltr'><strong>te</strong></span> <span class='ocrx_word' id='word_1_340' title='bbox 2247 1566 2492 1621; x_wconf 85' lang='lat' dir='ltr'><strong>habitare</strong></span> <span class='ocrx_word' id='word_1_341' title='bbox 2524 1567 2832 1620; x_wconf 89' lang='lat' dir='ltr'><strong>calamitate</strong></span> <span class='ocrx_word' id='word_1_342' title='bbox 2872 1577 2960 1618; x_wconf 90' lang='lat' dir='ltr'><strong>tua</strong></span> <span class='ocrx_word' id='word_1_343' title='bbox 3005 1565 3257 1618; x_wconf 80' lang='lat' dir='ltr'><strong>obrutam</strong></span> <span class='ocrx_word' id='word_1_344' title='bbox 3286 1577 3510 1616; x_wconf 87' lang='lat' dir='ltr'><strong>necesse</strong></span> 
     </span>
    </p>
   </div>
   <div class='ocr_carea' id='block_1_46' title="bbox 1946 1653 3510 1730">
    <p class='ocr_par' dir='ltr' id='par_1_46' title="bbox 1946 1653 3510 1730">
     <span class='ocr_line' id='line_1_46' title="bbox 1946 1653 3510 1730; baseline -0.004 -18"><span class='ocrx_word' id='word_1_345' title='bbox 1946 1665 2050 1712; x_wconf 87' lang='lat' dir='ltr'><strong>est.</strong></span> <span class='ocrx_word' id='word_1_346' title='bbox 2087 1657 2224 1712; x_wconf 86' lang='lat' dir='ltr'><strong>Tum</strong></span> <span class='ocrx_word' id='word_1_347' title='bbox 2258 1666 2380 1730; x_wconf 88' lang='lat' dir='ltr'><strong>post</strong></span> <span class='ocrx_word' id='word_1_348' title='bbox 2411 1667 2690 1712; x_wconf 86' lang='lat' dir='ltr'><strong>narratam</strong></span> <span class='ocrx_word' id='word_1_349' title='bbox 2731 1672 2946 1726; x_wconf 77' lang='lat' dir='ltr'><strong>pmnam</strong></span> <span class='ocrx_word' id='word_1_350' title='bbox 2968 1697 2981 1717; x_wconf 95' lang='lat'><strong>,</strong></span> <span class='ocrx_word' id='word_1_351' title='bbox 3009 1655 3254 1724; x_wconf 84' lang='lat' dir='ltr'><strong>ejusdem</strong></span> <span class='ocrx_word' id='word_1_352' title='bbox 3281 1653 3510 1708; x_wconf 85' lang='lat' dir='ltr'><strong>solutio-</strong></span> 
     </span>
    </p>
   </div>
   <div class='ocr_carea' id='block_1_47' title="bbox 1949 1745 3511 1810">
    <p class='ocr_par' dir='ltr' id='par_1_47' title="bbox 1949 1745 3511 1810">
     <span class='ocr_line' id='line_1_47' title="bbox 1949 1745 3511 1810; baseline -0.005 -7"><span class='ocrx_word' id='word_1_353' title='bbox 1949 1765 2071 1804; x_wconf 89' lang='lat' dir='ltr'><strong>nem</strong></span> <span class='ocrx_word' id='word_1_354' title='bbox 2099 1750 2443 1804; x_wconf 70' lang='lat' dir='ltr'><strong>connectitn</strong></span> <span class='ocrx_word' id='word_1_355' title='bbox 2484 1748 2616 1804; x_wconf 86' lang='lat' dir='ltr'><strong>inde</strong></span> <span class='ocrx_word' id='word_1_356' title='bbox 2653 1759 2703 1802; x_wconf 90' lang='lat' dir='ltr'><strong>te</strong></span> <span class='ocrx_word' id='word_1_357' title='bbox 2728 1748 3007 1810; x_wconf 80' lang='lat' dir='ltr'><strong>liberabit,</strong></span> <span class='ocrx_word' id='word_1_358' title='bbox 3047 1747 3172 1800; x_wconf 90' lang='lat' dir='ltr'><strong>inde</strong></span> <span class='ocrx_word' id='word_1_359' title='bbox 3204 1754 3256 1798; x_wconf 89' lang='lat' dir='ltr'><strong>te</strong></span> <span class='ocrx_word' id='word_1_360' title='bbox 3283 1745 3511 1797; x_wconf 85' lang='lat' dir='ltr'><strong>redimet</strong></span> 
     </span>
    </p>
   </div>
   <div class='ocr_carea' id='block_1_48' title="bbox 1873 1813 3520 1906">
    <p class='ocr_par' dir='ltr' id='par_1_48' title="bbox 1873 1813 3520 1906">
     <span class='ocr_line' id='line_1_48' title="bbox 1873 1813 3520 1906; baseline -0.005 -13"><span class='ocrx_word' id='word_1_361' title='bbox 1873 1813 1917 1872; x_wconf 71' lang='grc' dir='ltr'><strong>Β</strong></span> <span class='ocrx_word' id='word_1_362' title='bbox 1943 1841 2204 1896; x_wconf 85' lang='lat' dir='ltr'><strong>Dominus</strong></span> <span class='ocrx_word' id='word_1_363' title='bbox 2230 1839 2368 1895; x_wconf 88' lang='lat' dir='ltr'><strong>Deus</strong></span> <span class='ocrx_word' id='word_1_364' title='bbox 2393 1850 2518 1896; x_wconf 90' lang='lat' dir='ltr'><strong>tuus</strong></span> <span class='ocrx_word' id='word_1_365' title='bbox 2543 1840 2610 1895; x_wconf 86' lang='lat' dir='ltr'><strong>de</strong></span> <span class='ocrx_word' id='word_1_366' title='bbox 2644 1856 2806 1893; x_wconf 90' lang='lat' dir='ltr'><strong>manu</strong></span> <span class='ocrx_word' id='word_1_367' title='bbox 2836 1838 3179 1892; x_wconf 84' lang='lat' dir='ltr'><strong>inimicorum</strong></span> <span class='ocrx_word' id='word_1_368' title='bbox 3211 1844 3448 1906; x_wconf 77' lang='lat' dir='ltr'><strong>tuorum.</strong></span> <span class='ocrx_word' id='word_1_369' title='bbox 3487 1854 3520 1884; x_wconf 71' lang='grc' dir='ltr'><strong>δ.</strong></span> 
     </span>
    </p>
   </div>
   <div class='ocr_carea' id='block_1_49' title="bbox 1943 1923 3510 2004">
    <p class='ocr_par' dir='ltr' id='par_1_49' title="bbox 1943 1923 3510 2004">
     <span class='ocr_line' id='line_1_49' title="bbox 1943 1923 3510 2004; baseline -0.006 -18"><span class='ocrx_word' id='word_1_370' title='bbox 1943 1931 2048 1988; x_wconf 87' lang='lat' dir='ltr'><strong>Sed</strong></span> <span class='ocrx_word' id='word_1_371' title='bbox 2072 1939 2424 2004; x_wconf 80' lang='lat' dir='ltr'><strong>posteaquam</strong></span> <span class='ocrx_word' id='word_1_372' title='bbox 2474 1931 2692 2000; x_wconf 84' lang='lat' dir='ltr'><strong>captiva</strong></span> <span class='ocrx_word' id='word_1_373' title='bbox 2725 1930 2776 1982; x_wconf 93' lang='lat' dir='ltr'><strong>in</strong></span> <span class='ocrx_word' id='word_1_374' title='bbox 2806 1943 2867 1982; x_wconf 88' lang='lat' dir='ltr'><strong>ea</strong></span> <span class='ocrx_word' id='word_1_375' title='bbox 2901 1929 3017 1980; x_wconf 87' lang='lat' dir='ltr'><strong>loca</strong></span> <span class='ocrx_word' id='word_1_376' title='bbox 3041 1927 3342 1988; x_wconf 89' lang='lat' dir='ltr'><strong>deveneris,</strong></span> <span class='ocrx_word' id='word_1_377' title='bbox 3369 1923 3510 1999; x_wconf 83' lang='lat' dir='ltr'><strong>unde</strong></span> 
     </span>
    </p>
   </div>
   <div class='ocr_carea' id='block_1_50' title="bbox 1946 2016 3510 2091">
    <p class='ocr_par' dir='ltr' id='par_1_50' title="bbox 1946 2016 3510 2091">
     <span class='ocr_line' id='line_1_50' title="bbox 1946 2016 3510 2091; baseline -0.006 -15"><span class='ocrx_word' id='word_1_378' title='bbox 1946 2025 2049 2080; x_wconf 87' lang='lat' dir='ltr'><strong>tibi</strong></span> <span class='ocrx_word' id='word_1_379' title='bbox 2081 2022 2344 2079; x_wconf 88' lang='lat' dir='ltr'><strong>evadendi</strong></span> <span class='ocrx_word' id='word_1_380' title='bbox 2375 2022 2527 2077; x_wconf 88' lang='lat' dir='ltr'><strong>nulla</strong></span> <span class='ocrx_word' id='word_1_381' title='bbox 2567 2037 2693 2091; x_wconf 84' lang='lat' dir='ltr'><strong>spes</strong></span> <span class='ocrx_word' id='word_1_382' title='bbox 2722 2019 2998 2090; x_wconf 77' lang='lat' dir='ltr'><strong>aliulgebit</strong></span> <span class='ocrx_word' id='word_1_383' title='bbox 3019 2058 3032 2082; x_wconf 90' lang='lat'><strong>,</strong></span> <span class='ocrx_word' id='word_1_384' title='bbox 3069 2016 3320 2071; x_wconf 83' lang='lat' dir='ltr'><strong>mirabile</strong></span> <span class='ocrx_word' id='word_1_385' title='bbox 3347 2031 3510 2083; x_wconf 76' lang='lat' dir='ltr'><strong>expc—</strong></span> 
     </span>
    </p>
   </div>
   <div class='ocr_carea' id='block_1_51' title="bbox 1942 2107 3506 2177">
    <p class='ocr_par' dir='ltr' id='par_1_51' title="bbox 1942 2107 3506 2177">
     <span class='ocr_line' id='line_1_51' title="bbox 1942 2107 3506 2177; baseline -0.008 -6"><span class='ocrx_word' id='word_1_386' title='bbox 1942 2118 2105 2172; x_wconf 88' lang='lat' dir='ltr'><strong>rieris</strong></span> <span class='ocrx_word' id='word_1_387' title='bbox 2127 2118 2271 2172; x_wconf 89' lang='lat' dir='ltr'><strong>ultra</strong></span> <span class='ocrx_word' id='word_1_388' title='bbox 2316 2119 2461 2171; x_wconf 86' lang='lat' dir='ltr'><strong>vires</strong></span> <span class='ocrx_word' id='word_1_389' title='bbox 2498 2125 2618 2170; x_wconf 88' lang='lat' dir='ltr'><strong>tuas</strong></span> <span class='ocrx_word' id='word_1_390' title='bbox 2661 2114 2750 2168; x_wconf 82' lang='lat' dir='ltr'><strong>Dei</strong></span> <span class='ocrx_word' id='word_1_391' title='bbox 2786 2113 3082 2177; x_wconf 79' lang='lat' dir='ltr'><strong>auxilium;</strong></span> <span class='ocrx_word' id='word_1_392' title='bbox 3123 2111 3176 2164; x_wconf 87' lang='lat' dir='ltr'><strong>id</strong></span> <span class='ocrx_word' id='word_1_393' title='bbox 3213 2107 3415 2170; x_wconf 86' lang='lat' dir='ltr'><strong>cst,ille</strong></span> <span class='ocrx_word' id='word_1_394' title='bbox 3455 2107 3506 2158; x_wconf 79' lang='lat' dir='ltr'><strong>vi</strong></span> 
     </span>
    </p>
   </div>
   <div class='ocr_carea' id='block_1_52' title="bbox 1941 2197 3512 2278">
    <p class='ocr_par' dir='ltr' id='par_1_52' title="bbox 1941 2197 3512 2278">
     <span class='ocr_line' id='line_1_52' title="bbox 1941 2197 3512 2278; baseline -0.008 -16"><span class='ocrx_word' id='word_1_395' title='bbox 1941 2209 2159 2278; x_wconf 86' lang='lat' dir='ltr'><strong>propria</strong></span> <span class='ocrx_word' id='word_1_396' title='bbox 2190 2218 2240 2262; x_wconf 88' lang='lat' dir='ltr'><strong>te</strong></span> <span class='ocrx_word' id='word_1_397' title='bbox 2264 2207 2486 2274; x_wconf 84' lang='lat' dir='ltr'><strong>servitio</strong></span> <span class='ocrx_word' id='word_1_398' title='bbox 2525 2215 2582 2260; x_wconf 88' lang='lat' dir='ltr'><strong>et</strong></span> <span class='ocrx_word' id='word_1_399' title='bbox 2625 2218 3016 2275; x_wconf 83' lang='lat' dir='ltr'><strong>oppressorum</strong></span> <span class='ocrx_word' id='word_1_400' title='bbox 3057 2200 3302 2271; x_wconf 77' lang='lat' dir='ltr'><strong>expediet</strong></span> <span class='ocrx_word' id='word_1_401' title='bbox 3338 2197 3512 2252; x_wconf 81' lang='lat' dir='ltr'><strong>domi-</strong></span> 
     </span>
    </p>
   </div>
   <div class='ocr_carea' id='block_1_53' title="bbox 1944 2310 2190 2354">
    <p class='ocr_par' dir='ltr' id='par_1_53' title="bbox 1944 2310 2190 2354">
     <span class='ocr_line' id='line_1_53' title="bbox 1944 2310 2190 2354; baseline -0.008 0"><span class='ocrx_word' id='word_1_402' title='bbox 1944 2310 2190 2354; x_wconf 78' lang='lat' dir='ltr'><strong>natione.</strong></span> 
     </span>
    </p>
   </div>
   <div class='ocr_carea' id='block_1_54' title="bbox 2015 2578 3518 2650">
    <p class='ocr_par' dir='ltr' id='par_1_54' title="bbox 2015 2578 3518 2650">
     <span class='ocr_line' id='line_1_54' title="bbox 2015 2578 3518 2650; baseline -0.012 -6"><span class='ocrx_word' id='word_1_403' title='bbox 2015 2584 2180 2644; x_wconf 68' lang='lat' dir='ltr'><strong>Vens.</strong></span> <span class='ocrx_word' id='word_1_404' title='bbox 2212 2583 2386 2638; x_wconf 77' lang='grc'><strong>11-15.</strong></span> <span class='ocrx_word' id='word_1_405' title='bbox 2422 2612 2490 2623; x_wconf 91' lang='lat'><strong>-—</strong></span> <span class='ocrx_word' id='word_1_406' title='bbox 2523 2602 2540 2634; x_wconf 83' lang='grc' dir='ltr'><strong>ι</strong></span> <span class='ocrx_word' id='word_1_407' title='bbox 2575 2581 2641 2636; x_wconf 82' lang='grc' dir='ltr'><strong>Ει</strong></span> <span class='ocrx_word' id='word_1_408' title='bbox 2669 2595 2815 2636; x_wconf 81' lang='lat' dir='ltr'><strong>nunc</strong></span> <span class='ocrx_word' id='word_1_409' title='bbox 2843 2578 3318 2650; x_wconf 77' lang='lat' dir='ltr'><strong>congregabantur</strong></span> <span class='ocrx_word' id='word_1_410' title='bbox 3348 2589 3518 2644; x_wconf 81' lang='lat' dir='ltr'><strong>super</strong></span> 
     </span>
    </p>
   </div>
   <div class='ocr_carea' id='block_1_55' title="bbox 1943 2667 3508 2750">
    <p class='ocr_par' dir='ltr' id='par_1_55' title="bbox 1943 2667 3508 2750">
     <span class='ocr_line' id='line_1_55' title="bbox 1943 2667 3508 2750; baseline -0.008 -17"><span class='ocrx_word' id='word_1_411' title='bbox 1943 2688 1996 2734; x_wconf 90' lang='lat' dir='ltr'><strong>te</strong></span> <span class='ocrx_word' id='word_1_412' title='bbox 2023 2687 2212 2750; x_wconf 82' lang='lat' dir='ltr'><strong>gentes</strong></span> <span class='ocrx_word' id='word_1_413' title='bbox 2233 2678 2414 2731; x_wconf 67' lang='lat' dir='ltr'><strong>multae</strong></span> <span class='ocrx_word' id='word_1_414' title='bbox 2435 2676 2727 2746; x_wconf 86' lang='lat' dir='ltr'><strong>populique</strong></span> <span class='ocrx_word' id='word_1_415' title='bbox 2747 2716 2761 2737; x_wconf 85' lang='lat'><strong>,</strong></span> <span class='ocrx_word' id='word_1_416' title='bbox 2802 2672 3046 2728; x_wconf 86' lang='lat' dir='ltr'><strong>dicentes</strong></span> <span class='ocrx_word' id='word_1_417' title='bbox 3083 2687 3098 2724; x_wconf 89' lang='lat'><strong>:</strong></span> <span class='ocrx_word' id='word_1_418' title='bbox 3133 2667 3466 2728; x_wconf 86' lang='lat' dir='ltr'><strong>lnsultemus</strong></span> <span class='ocrx_word' id='word_1_419' title='bbox 3491 2681 3508 2728; x_wconf 83' lang='lat'><strong>;</strong></span> 
     </span>
    </p>
   </div>
   <div class='ocr_carea' id='block_1_56' title="bbox 1945 2758 3526 2842">
    <p class='ocr_par' dir='ltr' id='par_1_56' title="bbox 1945 2758 3526 2842">
     <span class='ocr_line' id='line_1_56' title="bbox 1945 2758 3526 2842; baseline -0.011 -16"><span class='ocrx_word' id='word_1_420' title='bbox 1945 2771 2310 2842; x_wconf 85' lang='lat' dir='ltr'><strong>respiciautin</strong></span> <span class='ocrx_word' id='word_1_421' title='bbox 2343 2768 2562 2823; x_wconf 85' lang='lat' dir='ltr'><strong>Sionem</strong></span> <span class='ocrx_word' id='word_1_422' title='bbox 2585 2767 2730 2822; x_wconf 89' lang='lat' dir='ltr'><strong>oculi</strong></span> <span class='ocrx_word' id='word_1_423' title='bbox 2764 2766 2962 2820; x_wconf 88' lang='lat' dir='ltr'><strong>nostri.</strong></span> <span class='ocrx_word' id='word_1_424' title='bbox 3001 2782 3018 2814; x_wconf 77' lang='grc' dir='ltr'><strong>ι</strong></span> <span class='ocrx_word' id='word_1_425' title='bbox 3048 2760 3202 2815; x_wconf 91' lang='lat' dir='ltr'><strong>Tunc</strong></span> <span class='ocrx_word' id='word_1_426' title='bbox 3241 2758 3526 2828; x_wconf 63' lang='lat' dir='ltr'><strong>Scythicae</strong></span> 
     </span>
    </p>
   </div>
   <div class='ocr_carea' id='block_1_57' title="bbox 1945 2849 3512 2933">
    <p class='ocr_par' dir='ltr' id='par_1_57' title="bbox 1945 2849 3512 2933">
     <span class='ocr_line' id='line_1_57' title="bbox 1945 2849 3512 2933; baseline -0.01 -16"><span class='ocrx_word' id='word_1_427' title='bbox 1945 2869 2133 2933; x_wconf 74' lang='lat' dir='ltr'><strong>gentes</strong></span> <span class='ocrx_word' id='word_1_428' title='bbox 2165 2874 2472 2914; x_wconf 66' lang='lat' dir='ltr'><strong>numerosa:</strong></span> <span class='ocrx_word' id='word_1_429' title='bbox 2497 2865 2553 2912; x_wconf 91' lang='lat' dir='ltr'><strong>et</strong></span> <span class='ocrx_word' id='word_1_430' title='bbox 2597 2871 2752 2912; x_wconf 64' lang='lat' dir='ltr'><strong>saeva:</strong></span> <span class='ocrx_word' id='word_1_431' title='bbox 2781 2855 2937 2925; x_wconf 90' lang='lat' dir='ltr'><strong>(dicit</strong></span> <span class='ocrx_word' id='word_1_432' title='bbox 2970 2869 3100 2908; x_wconf 89' lang='lat' dir='ltr'><strong>vero</strong></span> <span class='ocrx_word' id='word_1_433' title='bbox 3129 2849 3360 2920; x_wconf 78' lang='lat' dir='ltr'><strong>Gogum)</strong></span> <span class='ocrx_word' id='word_1_434' title='bbox 3395 2863 3512 2918; x_wconf 88' lang='lat' dir='ltr'><strong>pro-</strong></span> 
     </span>
    </p>
   </div>
   <div class='ocr_carea' id='block_1_58' title="bbox 1943 2941 3510 3024">
    <p class='ocr_par' dir='ltr' id='par_1_58' title="bbox 1943 2941 3510 3024">
     <span class='ocr_line' id='line_1_58' title="bbox 1943 2941 3510 3024; baseline -0.011 -13"><span class='ocrx_word' id='word_1_435' title='bbox 1943 2955 2254 3024; x_wconf 87' lang='lat' dir='ltr'><strong>speritatem</strong></span> <span class='ocrx_word' id='word_1_436' title='bbox 2303 2965 2452 3006; x_wconf 88' lang='lat' dir='ltr'><strong>tuam</strong></span> <span class='ocrx_word' id='word_1_437' title='bbox 2494 2950 2838 3020; x_wconf 85' lang='lat' dir='ltr'><strong>reditumque</strong></span> <span class='ocrx_word' id='word_1_438' title='bbox 2869 2962 3025 3018; x_wconf 78' lang='lat' dir='ltr'><strong>aequo</strong></span> <span class='ocrx_word' id='word_1_439' title='bbox 3062 2944 3245 2998; x_wconf 88' lang='lat' dir='ltr'><strong>animo</strong></span> <span class='ocrx_word' id='word_1_440' title='bbox 3279 2957 3386 2996; x_wconf 89' lang='lat' dir='ltr'><strong>non</strong></span> <span class='ocrx_word' id='word_1_441' title='bbox 3429 2941 3510 2994; x_wconf 86' lang='lat' dir='ltr'><strong>fc-</strong></span> 
     </span>
    </p>
   </div>
   <div class='ocr_carea' id='block_1_59' title="bbox 1946 3036 3500 3110">
    <p class='ocr_par' dir='ltr' id='par_1_59' title="bbox 1946 3036 3500 3110">
     <span class='ocr_line' id='line_1_59' title="bbox 1946 3036 3500 3110; baseline -0.009 -9"><span class='ocrx_word' id='word_1_442' title='bbox 1946 3055 2151 3109; x_wconf 87' lang='lat' dir='ltr'><strong>rentes,</strong></span> <span class='ocrx_word' id='word_1_443' title='bbox 2188 3045 2445 3110; x_wconf 84' lang='lat' dir='ltr'><strong>invadent</strong></span> <span class='ocrx_word' id='word_1_444' title='bbox 2470 3051 2544 3110; x_wconf 87' lang='lat' dir='ltr'><strong>te,</strong></span> <span class='ocrx_word' id='word_1_445' title='bbox 2572 3042 2728 3097; x_wconf 82' lang='lat' dir='ltr'><strong>valde</strong></span> <span class='ocrx_word' id='word_1_446' title='bbox 2763 3047 3046 3110; x_wconf 88' lang='lat' dir='ltr'><strong>sperantes</strong></span> <span class='ocrx_word' id='word_1_447' title='bbox 3077 3036 3236 3091; x_wconf 86' lang='lat' dir='ltr'><strong>facile</strong></span> <span class='ocrx_word' id='word_1_448' title='bbox 3274 3051 3334 3090; x_wconf 92' lang='lat' dir='ltr'><strong>se</strong></span> <span class='ocrx_word' id='word_1_449' title='bbox 3361 3051 3500 3105; x_wconf 89' lang='lat' dir='ltr'><strong>quas</strong></span> 
     </span>
    </p>
   </div>
   <div class='ocr_carea' id='block_1_60' title="bbox 261 3125 1846 3206">
    <p class='ocr_par' dir='ltr' id='par_1_60' title="bbox 261 3125 1844 3204">
     <span class='ocr_line' id='line_1_60' title="bbox 261 3125 1844 3204; baseline -0.004 -18"><span class='ocrx_word' id='word_1_450' title='bbox 261 3131 677 3204; x_wconf 62' lang='lat' dir='ltr'><strong>ﬁgoaﬁaxri&#39;wtsg</strong></span> <span class='ocrx_word' id='word_1_451' title='bbox 741 3129 936 3200; x_wconf 72' lang='grc' dir='ltr'>ῥᾳδίως</span> <span class='ocrx_word' id='word_1_452' title='bbox 965 3128 1036 3182; x_wconf 72' lang='grc' dir='ltr'>τὰ</span> <span class='ocrx_word' id='word_1_453' title='bbox 1083 3128 1341 3182; x_wconf 79' lang='grc' dir='ltr'>δοκοῦντα</span> <span class='ocrx_word' id='word_1_454' title='bbox 1383 3129 1594 3190; x_wconf 82' lang='grc' dir='ltr'>ἑαυτοῖς</span> <span class='ocrx_word' id='word_1_455' title='bbox 1639 3125 1732 3180; x_wconf 72' lang='grc' dir='ltr'><strong>ἐπὶ</strong></span> <span class='ocrx_word' id='word_1_456' title='bbox 1762 3128 1844 3180; x_wconf 71' lang='grc' dir='ltr'>σοὶ</span> 
     </span>
    </p>
   </div>
   <div class='ocr_carea' id='block_1_61' title="bbox 1948 3125 3512 3206">
    <p class='ocr_par' dir='ltr' id='par_1_61' title="bbox 1948 3126 3512 3202">
     <span class='ocr_line' id='line_1_61' title="bbox 1948 3126 3512 3202; baseline -0.006 -14"><span class='ocrx_word' id='word_1_457' title='bbox 1948 3137 2214 3192; x_wconf 86' lang='lat' dir='ltr'><strong>voluerint</strong></span> <span class='ocrx_word' id='word_1_458' title='bbox 2239 3136 2337 3192; x_wconf 90' lang='lat' dir='ltr'><strong>tibi</strong></span> <span class='ocrx_word' id='word_1_459' title='bbox 2371 3149 2642 3192; x_wconf 63' lang='lat' dir='ltr'><strong>aerumnas</strong></span> <span class='ocrx_word' id='word_1_460' title='bbox 2668 3133 2946 3202; x_wconf 88' lang='lat' dir='ltr'><strong>imponere</strong></span> <span class='ocrx_word' id='word_1_461' title='bbox 2985 3145 3168 3202; x_wconf 85' lang='lat' dir='ltr'><strong>posse.</strong></span> <span class='ocrx_word' id='word_1_462' title='bbox 3231 3149 3249 3179; x_wconf 79' lang='grc' dir='ltr'><strong>ι</strong></span> <span class='ocrx_word' id='word_1_463' title='bbox 3288 3127 3352 3182; x_wconf 82' lang='grc' dir='ltr'>Ει</span> <span class='ocrx_word' id='word_1_464' title='bbox 3405 3126 3512 3196; x_wconf 84' lang='lat' dir='ltr'><strong>ipsi</strong></span> 
     </span>
    </p>
   </div>
   <div class='ocr_carea' id='block_1_62' title="bbox 261 3219 1845 3294">
    <p class='ocr_par' dir='ltr' id='par_1_62' title="bbox 261 3219 1845 3294">
     <span class='ocr_line' id='line_1_62' title="bbox 261 3219 1845 3294; baseline -0.004 -17"><span class='ocrx_word' id='word_1_465' title='bbox 261 3223 730 3294; x_wconf 80' lang='grc' dir='ltr'>καταπράξασθαι</span> <span class='ocrx_word' id='word_1_466' title='bbox 761 3222 925 3276; x_wconf 83' lang='grc' dir='ltr'>κακά.</span> <span class='ocrx_word' id='word_1_467' title='bbox 965 3240 983 3272; x_wconf 83' lang='grc' dir='ltr'><strong>ι</strong></span> <span class='ocrx_word' id='word_1_468' title='bbox 1019 3222 1128 3275; x_wconf 72' lang='grc' dir='ltr'><strong>Καὶ</strong></span> <span class='ocrx_word' id='word_1_469' title='bbox 1168 3221 1321 3274; x_wconf 67' lang='grc' dir='ltr'><strong>αὐτώ⁵</strong></span> <span class='ocrx_word' id='word_1_470' title='bbox 1353 3223 1452 3275; x_wconf 79' lang='grc' dir='ltr'><strong>οὐκ</strong></span> <span class='ocrx_word' id='word_1_471' title='bbox 1485 3221 1726 3288; x_wconf 77' lang='grc' dir='ltr'><strong>ἔγνωσαν</strong></span> <span class='ocrx_word' id='word_1_472' title='bbox 1755 3219 1845 3274; x_wconf 82' lang='grc' dir='ltr'><strong>τὸν</strong></span> 
     </span>
    </p>
   </div>
   <div class='ocr_carea' id='block_1_63' title="bbox 261 3311 1842 3385">
    <p class='ocr_par' dir='ltr' id='par_1_63' title="bbox 261 3311 1842 3385">
     <span class='ocr_line' id='line_1_63' title="bbox 261 3311 1842 3385; baseline -0.002 -18"><span class='ocrx_word' id='word_1_473' title='bbox 261 3315 534 3385; x_wconf 77' lang='grc' dir='ltr'>λογισμὸν</span> <span class='ocrx_word' id='word_1_474' title='bbox 556 3314 783 3385; x_wconf 80' lang='grc' dir='ltr'>Κυρίου,</span> <span class='ocrx_word' id='word_1_475' title='bbox 812 3315 904 3366; x_wconf 76' lang='grc' dir='ltr'><strong>καὶ</strong></span> <span class='ocrx_word' id='word_1_476' title='bbox 947 3313 1008 3366; x_wconf 77' lang='grc' dir='ltr'>οὐ</span> <span class='ocrx_word' id='word_1_477' title='bbox 1038 3314 1274 3384; x_wconf 81' lang='grc' dir='ltr'>συνῆκαν</span> <span class='ocrx_word' id='word_1_478' title='bbox 1304 3314 1402 3384; x_wconf 78' lang='grc' dir='ltr'>τὴν</span> <span class='ocrx_word' id='word_1_479' title='bbox 1429 3312 1624 3384; x_wconf 78' lang='grc' dir='ltr'>βουλὴν</span> <span class='ocrx_word' id='word_1_480' title='bbox 1656 3311 1842 3376; x_wconf 77' lang='grc' dir='ltr'>αὑτοῦ,</span> 
     </span>
    </p>
   </div>
   <div class='ocr_carea' id='block_1_64' title="bbox 260 3405 1849 3478">
    <p class='ocr_par' dir='ltr' id='par_1_64' title="bbox 260 3405 1849 3478">
     <span class='ocr_line' id='line_1_64' title="bbox 260 3405 1849 3478; baseline -0.002 -17"><span class='ocrx_word' id='word_1_481' title='bbox 260 3409 352 3461; x_wconf 81' lang='grc' dir='ltr'><strong>ὅτι</strong></span> <span class='ocrx_word' id='word_1_482' title='bbox 385 3411 693 3478; x_wconf 73' lang='grc' dir='ltr'><strong>συνήγαγεν</strong></span> <span class='ocrx_word' id='word_1_483' title='bbox 739 3406 954 3468; x_wconf 70' lang='grc' dir='ltr'>αὐτοὺς,</span> <span class='ocrx_word' id='word_1_484' title='bbox 978 3405 1052 3468; x_wconf 85' lang='grc' dir='ltr'><strong>ὡς</strong></span> <span class='ocrx_word' id='word_1_485' title='bbox 1086 3405 1376 3475; x_wconf 81' lang='grc' dir='ltr'><strong>δράγματα</strong></span> <span class='ocrx_word' id='word_1_486' title='bbox 1414 3406 1633 3470; x_wconf 73' lang='grc' dir='ltr'>ἅλωνος.</span> <span class='ocrx_word' id='word_1_487' title='bbox 1681 3425 1700 3458; x_wconf 71' lang='grc' dir='ltr'><strong>ι</strong></span> <span class='ocrx_word' id='word_1_488' title='bbox 1749 3406 1849 3458; x_wconf 89' lang='grc' dir='ltr'><strong>Πε-</strong></span> 
     </span>
    </p>
   </div>
   <div class='ocr_carea' id='block_1_65' title="bbox 263 3493 1847 3568">
    <p class='ocr_par' dir='ltr' id='par_1_65' title="bbox 263 3493 1847 3568">
     <span class='ocr_line' id='line_1_65' title="bbox 263 3493 1847 3568; baseline -0.002 -18"><span class='ocrx_word' id='word_1_489' title='bbox 263 3499 526 3568; x_wconf 63' lang='grc' dir='ltr'>ποίηνται</span> <span class='ocrx_word' id='word_1_490' title='bbox 556 3497 616 3548; x_wconf 78' lang='grc' dir='ltr'>δὲ</span> <span class='ocrx_word' id='word_1_491' title='bbox 640 3494 736 3566; x_wconf 78' lang='grc' dir='ltr'><strong>τὴν</strong></span> <span class='ocrx_word' id='word_1_492' title='bbox 759 3495 967 3564; x_wconf 60' lang='grc' dir='ltr'>ἔφοδον,</span> <span class='ocrx_word' id='word_1_493' title='bbox 990 3494 1066 3566; x_wconf 83' lang='grc' dir='ltr'><strong>τῷ</strong></span> <span class='ocrx_word' id='word_1_494' title='bbox 1093 3512 1152 3547; x_wconf 83' lang='grc' dir='ltr'>τε</span> <span class='ocrx_word' id='word_1_495' title='bbox 1193 3493 1388 3565; x_wconf 83' lang='grc' dir='ltr'>πλήθει</span> <span class='ocrx_word' id='word_1_496' title='bbox 1425 3495 1518 3548; x_wconf 77' lang='grc' dir='ltr'><strong>καὶ</strong></span> <span class='ocrx_word' id='word_1_497' title='bbox 1538 3498 1602 3566; x_wconf 85' lang='grc' dir='ltr'><strong>τῇ</strong></span> <span class='ocrx_word' id='word_1_498' title='bbox 1625 3495 1847 3566; x_wconf 81' lang='grc' dir='ltr'><strong>δυνάμει</strong></span> 
     </span>
    </p>
   </div>
   <div class='ocr_carea' id='block_1_66' title="bbox 261 3585 1847 3660">
    <p class='ocr_par' dir='ltr' id='par_1_66' title="bbox 261 3585 1847 3660">
     <span class='ocr_line' id='line_1_66' title="bbox 261 3585 1847 3660; baseline -0.003 -18"><span class='ocrx_word' id='word_1_499' title='bbox 261 3595 334 3660; x_wconf 82' lang='grc' dir='ltr'>τῇ</span> <span class='ocrx_word' id='word_1_500' title='bbox 359 3588 541 3658; x_wconf 73' lang='grc' dir='ltr'>οἰκείᾳ</span> <span class='ocrx_word' id='word_1_501' title='bbox 569 3587 917 3658; x_wconf 67' lang='grc' dir='ltr'>θαρροῦντες,</span> <span class='ocrx_word' id='word_1_502' title='bbox 948 3587 1042 3640; x_wconf 76' lang='grc' dir='ltr'><strong>καὶ</strong></span> <span class='ocrx_word' id='word_1_503' title='bbox 1071 3587 1169 3639; x_wconf 77' lang='grc' dir='ltr'>οὐκ</span> <span class='ocrx_word' id='word_1_504' title='bbox 1206 3585 1406 3649; x_wconf 75' lang='grc' dir='ltr'>ειδότες</span> <span class='ocrx_word' id='word_1_505' title='bbox 1454 3586 1548 3638; x_wconf 80' lang='grc' dir='ltr'><strong>τοῦ</strong></span> <span class='ocrx_word' id='word_1_506' title='bbox 1582 3585 1847 3657; x_wconf 80' lang='grc' dir='ltr'><strong>ἡμετέρου</strong></span> 
     </span>
    </p>
   </div>
   <div class='ocr_carea' id='block_1_67' title="bbox 263 3674 1850 3750">
    <p class='ocr_par' dir='ltr' id='par_1_67' title="bbox 263 3674 1850 3750">
     <span class='ocr_line' id='line_1_67' title="bbox 263 3674 1850 3750; baseline -0.001 -18"><span class='ocrx_word' id='word_1_507' title='bbox 263 3679 410 3732; x_wconf 73' lang='grc' dir='ltr'>Θεοῦ</span> <span class='ocrx_word' id='word_1_508' title='bbox 436 3679 537 3750; x_wconf 72' lang='grc' dir='ltr'>τὴν</span> <span class='ocrx_word' id='word_1_509' title='bbox 568 3677 792 3748; x_wconf 78' lang='grc' dir='ltr'><strong>γνώμην</strong></span> <span class='ocrx_word' id='word_1_510' title='bbox 821 3691 836 3706; x_wconf 86' lang='grc'><strong>·</strong></span> <span class='ocrx_word' id='word_1_511' title='bbox 875 3677 932 3740; x_wconf 83' lang='grc' dir='ltr'><strong>ὃς</strong></span> <span class='ocrx_word' id='word_1_512' title='bbox 963 3676 1051 3729; x_wconf 77' lang='grc' dir='ltr'><strong>διὰ</strong></span> <span class='ocrx_word' id='word_1_513' title='bbox 1080 3676 1236 3730; x_wconf 78' lang='grc' dir='ltr'>τοῦτο</span> <span class='ocrx_word' id='word_1_514' title='bbox 1269 3674 1642 3747; x_wconf 78' lang='grc' dir='ltr'><strong>συνεχώρησεν</strong></span> <span class='ocrx_word' id='word_1_515' title='bbox 1670 3677 1850 3740; x_wconf 75' lang='grc' dir='ltr'>αὐτοῖς</span> 
     </span>
    </p>
   </div>
   <div class='ocr_carea' id='block_1_68' title="bbox 263 3768 1850 3840">
    <p class='ocr_par' dir='ltr' id='par_1_68' title="bbox 263 3768 1850 3840">
     <span class='ocr_line' id='line_1_68' title="bbox 263 3768 1850 3840; baseline 0 -17"><span class='ocrx_word' id='word_1_516' title='bbox 263 3772 369 3823; x_wconf 74' lang='grc' dir='ltr'><strong>ἐπὶ</strong></span> <span class='ocrx_word' id='word_1_517' title='bbox 390 3771 482 3822; x_wconf 75' lang='grc' dir='ltr'>τὸν</span> <span class='ocrx_word' id='word_1_518' title='bbox 510 3769 747 3838; x_wconf 79' lang='grc' dir='ltr'>πόλεμον</span> <span class='ocrx_word' id='word_1_519' title='bbox 771 3769 957 3822; x_wconf 77' lang='grc' dir='ltr'>τοῦτον</span> <span class='ocrx_word' id='word_1_520' title='bbox 989 3768 1320 3839; x_wconf 80' lang='grc' dir='ltr'><strong>βουληθεῖσιν</strong></span> <span class='ocrx_word' id='word_1_521' title='bbox 1348 3769 1602 3833; x_wconf 76' lang='grc' dir='ltr'><strong>ἐξελθεῖν,</strong></span> <span class='ocrx_word' id='word_1_522' title='bbox 1634 3769 1720 3822; x_wconf 83' lang='grc' dir='ltr'>ἵνα</span> <span class='ocrx_word' id='word_1_523' title='bbox 1749 3770 1850 3840; x_wconf 84' lang='grc' dir='ltr'><strong>τήν</strong></span> 
     </span>
    </p>
   </div>
   <div class='ocr_carea' id='block_1_69' title="bbox 263 3861 1852 3934">
    <p class='ocr_par' dir='ltr' id='par_1_69' title="bbox 263 3861 1852 3934">
     <span class='ocr_line' id='line_1_69' title="bbox 263 3861 1852 3934; baseline 0 -17"><span class='ocrx_word' id='word_1_524' title='bbox 263 3883 328 3917; x_wconf 81' lang='grc' dir='ltr'>τε</span> <span class='ocrx_word' id='word_1_525' title='bbox 363 3866 498 3932; x_wconf 76' lang='grc' dir='ltr'>περὶ</span> <span class='ocrx_word' id='word_1_526' title='bbox 528 3864 672 3932; x_wconf 74' lang='grc' dir='ltr'>ὑμᾶς</span> <span class='ocrx_word' id='word_1_527' title='bbox 687 3861 928 3933; x_wconf 73' lang='grc' dir='ltr'><strong>ἐπιδείξῃ</strong></span> <span class='ocrx_word' id='word_1_528' title='bbox 945 3863 1296 3934; x_wconf 78' lang='grc' dir='ltr'><strong>κηδεμονίαν,</strong></span> <span class='ocrx_word' id='word_1_529' title='bbox 1313 3864 1406 3916; x_wconf 77' lang='grc' dir='ltr'>καὶ</span> <span class='ocrx_word' id='word_1_530' title='bbox 1423 3864 1520 3934; x_wconf 75' lang='grc' dir='ltr'><strong>τὴν</strong></span> <span class='ocrx_word' id='word_1_531' title='bbox 1547 3864 1752 3917; x_wconf 76' lang='grc' dir='ltr'>οἰκείαν</span> <span class='ocrx_word' id='word_1_532' title='bbox 1771 3865 1852 3928; x_wconf 85' lang='grc' dir='ltr'><strong>είς</strong></span> 
     </span>
    </p>
   </div>
   <div class='ocr_carea' id='block_1_70' title="bbox 263 3951 1852 4026">
    <p class='ocr_par' dir='ltr' id='par_1_70' title="bbox 263 3951 1852 4026">
     <span class='ocr_line' id='line_1_70' title="bbox 263 3951 1852 4026; baseline 0.001 -20"><span class='ocrx_word' id='word_1_533' title='bbox 263 3955 478 4015; x_wconf 72' lang='grc' dir='ltr'>αὐτοὺς</span> <span class='ocrx_word' id='word_1_534' title='bbox 523 3952 714 4023; x_wconf 77' lang='grc' dir='ltr'><strong>ἐλέγξῃ</strong></span> <span class='ocrx_word' id='word_1_535' title='bbox 755 3951 1002 4022; x_wconf 76' lang='grc' dir='ltr'>δύναμιν,</span> <span class='ocrx_word' id='word_1_536' title='bbox 1024 3955 1178 4024; x_wconf 83' lang='grc' dir='ltr'>δίκην</span> <span class='ocrx_word' id='word_1_537' title='bbox 1195 3953 1562 4024; x_wconf 77' lang='grc' dir='ltr'>θεριζομένων</span> <span class='ocrx_word' id='word_1_538' title='bbox 1605 3955 1852 4026; x_wconf 84' lang='grc' dir='ltr'>δραγμά-</span> 
     </span>
    </p>
   </div>
   <div class='ocr_carea' id='block_1_71' title="bbox 265 4044 1852 4116">
    <p class='ocr_par' dir='ltr' id='par_1_71' title="bbox 265 4044 1852 4116">
     <span class='ocr_line' id='line_1_71' title="bbox 265 4044 1852 4116; baseline 0.002 -19"><span class='ocrx_word' id='word_1_539' title='bbox 265 4062 392 4097; x_wconf 82' lang='grc' dir='ltr'><strong>των</strong></span> <span class='ocrx_word' id='word_1_540' title='bbox 415 4045 508 4096; x_wconf 77' lang='grc' dir='ltr'>καὶ</span> <span class='ocrx_word' id='word_1_541' title='bbox 544 4047 621 4106; x_wconf 84' lang='grc' dir='ltr'>είς</span> <span class='ocrx_word' id='word_1_542' title='bbox 639 4044 818 4097; x_wconf 72' lang='grc' dir='ltr'>άλωνα</span> <span class='ocrx_word' id='word_1_543' title='bbox 841 4044 1264 4116; x_wconf 82' lang='grc' dir='ltr'>ἀποτιθεμένων,</span> <span class='ocrx_word' id='word_1_544' title='bbox 1290 4048 1496 4110; x_wconf 75' lang='grc' dir='ltr'>πάντας</span> <span class='ocrx_word' id='word_1_545' title='bbox 1515 4047 1710 4112; x_wconf 76' lang='grc' dir='ltr'>αὐτοὺς</span> <span class='ocrx_word' id='word_1_546' title='bbox 1731 4051 1852 4111; x_wconf 80' lang='grc' dir='ltr'>ταῖς</span> 
     </span>
    </p>
   </div>
   <div class='ocr_carea' id='block_1_72' title="bbox 264 4137 1852 4211">
    <p class='ocr_par' dir='ltr' id='par_1_72' title="bbox 264 4137 1852 4211">
     <span class='ocr_line' id='line_1_72' title="bbox 264 4137 1852 4211; baseline 0.003 -19"><span class='ocrx_word' id='word_1_547' title='bbox 264 4141 522 4208; x_wconf 71' lang='grc' dir='ltr'>σφαγαῖς</span> <span class='ocrx_word' id='word_1_548' title='bbox 572 4137 680 4189; x_wconf 82' lang='grc' dir='ltr'>τῶν</span> <span class='ocrx_word' id='word_1_549' title='bbox 743 4139 1020 4210; x_wconf 79' lang='grc' dir='ltr'>ὑμετέρων</span> <span class='ocrx_word' id='word_1_550' title='bbox 1070 4140 1266 4211; x_wconf 81' lang='grc' dir='ltr'>χειρῶν</span> <span class='ocrx_word' id='word_1_551' title='bbox 1322 4141 1592 4204; x_wconf 78' lang='grc' dir='ltr'>ἐκδιδούς·</span> <span class='ocrx_word' id='word_1_552' title='bbox 1645 4144 1738 4196; x_wconf 80' lang='grc' dir='ltr'>καὶ</span> <span class='ocrx_word' id='word_1_553' title='bbox 1778 4143 1852 4206; x_wconf 87' lang='grc' dir='ltr'><strong>ὡς</strong></span> 
     </span>
    </p>
   </div>
   <div class='ocr_carea' id='block_1_73' title="bbox 263 4231 1855 4304">
    <p class='ocr_par' dir='ltr' id='par_1_73' title="bbox 263 4231 1855 4304">
     <span class='ocr_line' id='line_1_73' title="bbox 263 4231 1855 4304; baseline 0.003 -23"><span class='ocrx_word' id='word_1_554' title='bbox 263 4232 461 4299; x_wconf 66' lang='grc' dir='ltr'>τούτῳ</span> <span class='ocrx_word' id='word_1_555' title='bbox 492 4247 558 4297; x_wconf 84' lang='grc' dir='ltr'><strong>γε</strong></span> <span class='ocrx_word' id='word_1_556' title='bbox 587 4231 798 4293; x_wconf 74' lang='grc' dir='ltr'>πάντως</span> <span class='ocrx_word' id='word_1_557' title='bbox 854 4231 1094 4301; x_wconf 79' lang='grc' dir='ltr'>ἐσομένῳ</span> <span class='ocrx_word' id='word_1_558' title='bbox 1123 4231 1361 4302; x_wconf 73' lang='grc' dir='ltr'>Θαρῤὦν,</span> <span class='ocrx_word' id='word_1_559' title='bbox 1393 4232 1538 4301; x_wconf 81' lang='grc' dir='ltr'>λέγει</span> <span class='ocrx_word' id='word_1_560' title='bbox 1572 4235 1705 4304; x_wconf 86' lang='grc' dir='ltr'>πρὸς</span> <span class='ocrx_word' id='word_1_561' title='bbox 1728 4235 1855 4298; x_wconf 76' lang='grc' dir='ltr'>τοὺς</span> 
     </span>
    </p>
   </div>
   <div class='ocr_carea' id='block_1_74' title="bbox 275 4323 1857 4394">
    <p class='ocr_par' dir='ltr' id='par_1_74' title="bbox 275 4323 1857 4394">
     <span class='ocr_line' id='line_1_74' title="bbox 275 4323 1857 4394; baseline 0.001 -16"><span class='ocrx_word' id='word_1_562' title='bbox 275 4323 671 4394; x_wconf 78' lang='grc' dir='ltr'>Ἰσραηλίτας·</span> <span class='ocrx_word' id='word_1_563' title='bbox 739 4341 757 4374; x_wconf 82' lang='grc' dir='ltr'><strong>ι</strong></span> <span class='ocrx_word' id='word_1_564' title='bbox 813 4324 1104 4393; x_wconf 74' lang='grc' dir='ltr'>Ἀνάστηθι</span> <span class='ocrx_word' id='word_1_565' title='bbox 1156 4327 1249 4379; x_wconf 76' lang='grc' dir='ltr'><strong>καὶ</strong></span> <span class='ocrx_word' id='word_1_566' title='bbox 1292 4326 1424 4380; x_wconf 56' lang='lat' dir='ltr'><strong>sua</strong></span> <span class='ocrx_word' id='word_1_567' title='bbox 1498 4327 1714 4391; x_wconf 74' lang='grc' dir='ltr'>αὐτοὺς,</span> <span class='ocrx_word' id='word_1_568' title='bbox 1764 4326 1857 4379; x_wconf 83' lang='grc' dir='ltr'><strong>θύ-</strong></span> 
     </span>
    </p>
   </div>
   <div class='ocr_carea' id='block_1_75' title="bbox 261 4413 1856 4489">
    <p class='ocr_par' dir='ltr' id='par_1_75' title="bbox 261 4413 1856 4489">
     <span class='ocr_line' id='line_1_75' title="bbox 261 4413 1856 4489; baseline -0.001 -17"><span class='ocrx_word' id='word_1_569' title='bbox 261 4433 458 4485; x_wconf 75' lang='grc' dir='ltr'>γατερ</span> <span class='ocrx_word' id='word_1_570' title='bbox 481 4415 636 4470; x_wconf 78' lang='grc' dir='ltr'>Σιών.</span> <span class='ocrx_word' id='word_1_571' title='bbox 675 4435 693 4468; x_wconf 76' lang='grc' dir='ltr'><strong>ι</strong></span> <span class='ocrx_word' id='word_1_572' title='bbox 731 4413 983 4469; x_wconf 78' lang='grc' dir='ltr'>Λαϐοὖσα</span> <span class='ocrx_word' id='word_1_573' title='bbox 1035 4415 1114 4480; x_wconf 75' lang='grc' dir='ltr'>δὲ,</span> <span class='ocrx_word' id='word_1_574' title='bbox 1151 4417 1334 4487; x_wconf 77' lang='grc' dir='ltr'>φησὶν,</span> <span class='ocrx_word' id='word_1_575' title='bbox 1388 4419 1586 4481; x_wconf 71' lang='grc' dir='ltr'>αὐτοὺς</span> <span class='ocrx_word' id='word_1_576' title='bbox 1637 4420 1856 4489; x_wconf 82' lang='grc' dir='ltr'>ὑποχει-</span> 
     </span>
    </p>
   </div>
   <div class='ocr_carea' id='block_1_76' title="bbox 1946 3218 3516 3300">
    <p class='ocr_par' dir='ltr' id='par_1_76' title="bbox 1946 3218 3516 3300">
     <span class='ocr_line' id='line_1_76' title="bbox 1946 3218 3516 3300; baseline -0.008 -17"><span class='ocrx_word' id='word_1_577' title='bbox 1946 3245 2052 3283; x_wconf 92' lang='lat' dir='ltr'><strong>non</strong></span> <span class='ocrx_word' id='word_1_578' title='bbox 2085 3235 2458 3300; x_wconf 79' lang='lat' dir='ltr'><strong>cognoverunt</strong></span> <span class='ocrx_word' id='word_1_579' title='bbox 2484 3226 2870 3297; x_wconf 79' lang='lat' dir='ltr'><strong>cogitationem</strong></span> <span class='ocrx_word' id='word_1_580' title='bbox 2899 3222 3136 3286; x_wconf 85' lang='lat' dir='ltr'><strong>Domini,</strong></span> <span class='ocrx_word' id='word_1_581' title='bbox 3157 3235 3333 3293; x_wconf 83' lang='lat' dir='ltr'><strong>neque</strong></span> <span class='ocrx_word' id='word_1_582' title='bbox 3360 3218 3516 3274; x_wconf 79' lang='lat' dir='ltr'><strong>intel—</strong></span> 
     </span>
    </p>
   </div>
   <div class='ocr_carea' id='block_1_77' title="bbox 1947 3313 3516 3389">
    <p class='ocr_par' dir='ltr' id='par_1_77' title="bbox 1947 3313 3516 3389">
     <span class='ocr_line' id='line_1_77' title="bbox 1947 3313 3516 3389; baseline -0.008 -13"><span class='ocrx_word' id='word_1_583' title='bbox 1947 3323 2194 3378; x_wconf 80' lang='lat' dir='ltr'><strong>lexerunt</strong></span> <span class='ocrx_word' id='word_1_584' title='bbox 2238 3321 2528 3376; x_wconf 81' lang='lat' dir='ltr'><strong>consilium</strong></span> <span class='ocrx_word' id='word_1_585' title='bbox 2575 3319 2718 3389; x_wconf 85' lang='lat' dir='ltr'><strong>ejus,</strong></span> <span class='ocrx_word' id='word_1_586' title='bbox 2765 3317 2912 3388; x_wconf 86' lang='lat' dir='ltr'><strong>quod</strong></span> <span class='ocrx_word' id='word_1_587' title='bbox 2957 3330 3150 3385; x_wconf 90' lang='lat' dir='ltr'><strong>nempe</strong></span> <span class='ocrx_word' id='word_1_588' title='bbox 3194 3313 3516 3368; x_wconf 79' lang='lat' dir='ltr'><strong>adunavcrit</strong></span> 
     </span>
    </p>
   </div>
   <div class='ocr_carea' id='block_1_78' title="bbox 1945 3405 3518 3486">
    <p class='ocr_par' dir='ltr' id='par_1_78' title="bbox 1945 3405 3518 3486">
     <span class='ocr_line' id='line_1_78' title="bbox 1945 3405 3518 3486; baseline -0.008 -16"><span class='ocrx_word' id='word_1_589' title='bbox 1945 3430 2039 3470; x_wconf 91' lang='lat' dir='ltr'><strong>eos</strong></span> <span class='ocrx_word' id='word_1_590' title='bbox 2064 3413 2222 3486; x_wconf 87' lang='lat' dir='ltr'><strong>quasi</strong></span> <span class='ocrx_word' id='word_1_591' title='bbox 2249 3412 2552 3483; x_wconf 87' lang='lat' dir='ltr'><strong>manipulos</strong></span> <span class='ocrx_word' id='word_1_592' title='bbox 2579 3427 2742 3466; x_wconf 67' lang='lat' dir='ltr'><strong>areae.</strong></span> <span class='ocrx_word' id='word_1_593' title='bbox 2767 3431 2786 3464; x_wconf 71' lang='grc' dir='ltr'><strong>ι</strong></span> <span class='ocrx_word' id='word_1_594' title='bbox 2816 3408 3225 3482; x_wconf 76' lang='lat' dir='ltr'><strong>Expeditionem</strong></span> <span class='ocrx_word' id='word_1_595' title='bbox 3273 3405 3518 3460; x_wconf 85' lang='lat' dir='ltr'><strong>fecerunt</strong></span> 
     </span>
    </p>
   </div>
   <div class='ocr_carea' id='block_1_79' title="bbox 1949 3493 3512 3572">
    <p class='ocr_par' dir='ltr' id='par_1_79' title="bbox 1949 3493 3512 3572">
     <span class='ocr_line' id='line_1_79' title="bbox 1949 3493 3512 3572; baseline -0.009 -13"><span class='ocrx_word' id='word_1_596' title='bbox 1949 3520 2176 3559; x_wconf 90' lang='lat' dir='ltr'><strong>numero</strong></span> <span class='ocrx_word' id='word_1_597' title='bbox 2204 3503 2521 3572; x_wconf 80' lang='lat' dir='ltr'><strong>viribusque</strong></span> <span class='ocrx_word' id='word_1_598' title='bbox 2545 3501 2659 3556; x_wconf 88' lang='lat' dir='ltr'><strong>suis</strong></span> <span class='ocrx_word' id='word_1_599' title='bbox 2683 3499 3040 3561; x_wconf 84' lang='lat' dir='ltr'><strong>confidentes,</strong></span> <span class='ocrx_word' id='word_1_600' title='bbox 3078 3497 3174 3553; x_wconf 87' lang='lat' dir='ltr'><strong>sed</strong></span> <span class='ocrx_word' id='word_1_601' title='bbox 3211 3495 3308 3550; x_wconf 88' lang='lat' dir='ltr'><strong>Dei</strong></span> <span class='ocrx_word' id='word_1_602' title='bbox 3340 3493 3512 3548; x_wconf 86' lang='lat' dir='ltr'><strong>nostri</strong></span> 
     </span>
    </p>
   </div>
   <div class='ocr_carea' id='block_1_80' title="bbox 1950 3585 3516 3662">
    <p class='ocr_par' dir='ltr' id='par_1_80' title="bbox 1950 3585 3516 3662">
     <span class='ocr_line' id='line_1_80' title="bbox 1950 3585 3516 3662; baseline -0.01 -10"><span class='ocrx_word' id='word_1_603' title='bbox 1950 3597 2274 3652; x_wconf 88' lang='lat' dir='ltr'><strong>sententiam</strong></span> <span class='ocrx_word' id='word_1_604' title='bbox 2315 3595 2653 3659; x_wconf 80' lang='lat' dir='ltr'><strong>nescientes;</strong></span> <span class='ocrx_word' id='word_1_605' title='bbox 2698 3592 2790 3662; x_wconf 88' lang='lat' dir='ltr'><strong>qui</strong></span> <span class='ocrx_word' id='word_1_606' title='bbox 2839 3607 2934 3646; x_wconf 90' lang='lat' dir='ltr'><strong>eos</strong></span> <span class='ocrx_word' id='word_1_607' title='bbox 2982 3589 3185 3644; x_wconf 88' lang='lat' dir='ltr'><strong>idcirco</strong></span> <span class='ocrx_word' id='word_1_608' title='bbox 3233 3587 3360 3642; x_wconf 87' lang='lat' dir='ltr'><strong>sivit</strong></span> <span class='ocrx_word' id='word_1_609' title='bbox 3413 3585 3516 3638; x_wconf 85' lang='lat' dir='ltr'><strong>hoc</strong></span> 
     </span>
    </p>
   </div>
   <div class='ocr_carea' id='block_1_81' title="bbox 1949 3677 3518 3760">
    <p class='ocr_par' dir='ltr' id='par_1_81' title="bbox 1949 3677 3518 3760">
     <span class='ocr_line' id='line_1_81' title="bbox 1949 3677 3518 3760; baseline -0.009 -16"><span class='ocrx_word' id='word_1_610' title='bbox 1949 3689 2144 3760; x_wconf 87' lang='lat' dir='ltr'><strong>cupide</strong></span> <span class='ocrx_word' id='word_1_611' title='bbox 2186 3689 2388 3744; x_wconf 90' lang='lat' dir='ltr'><strong>bellum</strong></span> <span class='ocrx_word' id='word_1_612' title='bbox 2439 3694 2626 3742; x_wconf 87' lang='lat' dir='ltr'><strong>contra</strong></span> <span class='ocrx_word' id='word_1_613' title='bbox 2654 3701 2752 3740; x_wconf 89' lang='lat' dir='ltr'><strong>vos</strong></span> <span class='ocrx_word' id='word_1_614' title='bbox 2787 3685 3087 3753; x_wconf 87' lang='lat' dir='ltr'><strong>suscipere,</strong></span> <span class='ocrx_word' id='word_1_615' title='bbox 3132 3687 3192 3734; x_wconf 88' lang='lat' dir='ltr'><strong>ut</strong></span> <span class='ocrx_word' id='word_1_616' title='bbox 3229 3677 3518 3748; x_wconf 81' lang='lat' dir='ltr'><strong>providen-</strong></span> 
     </span>
    </p>
   </div>
   <div class='ocr_carea' id='block_1_82' title="bbox 1951 3770 3516 3850">
    <p class='ocr_par' dir='ltr' id='par_1_82' title="bbox 1951 3770 3516 3850">
     <span class='ocr_line' id='line_1_82' title="bbox 1951 3770 3516 3850; baseline -0.006 -16"><span class='ocrx_word' id='word_1_617' title='bbox 1951 3783 2081 3835; x_wconf 90' lang='lat' dir='ltr'><strong>tiam</strong></span> <span class='ocrx_word' id='word_1_618' title='bbox 2105 3795 2233 3850; x_wconf 81' lang='lat' dir='ltr'><strong>erga</strong></span> <span class='ocrx_word' id='word_1_619' title='bbox 2279 3795 2376 3833; x_wconf 88' lang='lat' dir='ltr'><strong>vos</strong></span> <span class='ocrx_word' id='word_1_620' title='bbox 2410 3793 2564 3833; x_wconf 89' lang='lat' dir='ltr'><strong>suam</strong></span> <span class='ocrx_word' id='word_1_621' title='bbox 2609 3776 2944 3838; x_wconf 87' lang='lat' dir='ltr'><strong>ostenderet,</strong></span> <span class='ocrx_word' id='word_1_622' title='bbox 2980 3781 3036 3828; x_wconf 88' lang='lat' dir='ltr'><strong>et</strong></span> <span class='ocrx_word' id='word_1_623' title='bbox 3075 3771 3221 3826; x_wconf 86' lang='lat' dir='ltr'><strong>vires</strong></span> <span class='ocrx_word' id='word_1_624' title='bbox 3265 3770 3516 3840; x_wconf 83' lang='lat' dir='ltr'><strong>preprias</strong></span> 
     </span>
    </p>
   </div>
   <div class='ocr_carea' id='block_1_83' title="bbox 1950 3859 3520 3934">
    <p class='ocr_par' dir='ltr' id='par_1_83' title="bbox 1950 3859 3520 3934">
     <span class='ocr_line' id='line_1_83' title="bbox 1950 3859 3520 3934; baseline -0.009 -8"><span class='ocrx_word' id='word_1_625' title='bbox 1950 3882 2246 3934; x_wconf 75' lang='lat' dir='ltr'><strong>exsereret,</strong></span> <span class='ocrx_word' id='word_1_626' title='bbox 2287 3869 2659 3924; x_wconf 89' lang='lat' dir='ltr'><strong>demessorum</strong></span> <span class='ocrx_word' id='word_1_627' title='bbox 2695 3867 2868 3922; x_wconf 89' lang='lat' dir='ltr'><strong>instar</strong></span> <span class='ocrx_word' id='word_1_628' title='bbox 2911 3862 3312 3932; x_wconf 89' lang='lat' dir='ltr'><strong>manipulorum</strong></span> <span class='ocrx_word' id='word_1_629' title='bbox 3359 3859 3520 3929; x_wconf 79' lang='lat'><strong>190</strong></span> 
     </span>
    </p>
   </div>
   <div class='ocr_carea' id='block_1_84' title="bbox 1950 3941 3514 4030">
    <p class='ocr_par' dir='ltr' id='par_1_84' title="bbox 1950 3941 3514 4030">
     <span class='ocr_line' id='line_1_84' title="bbox 1950 3941 3514 4030; baseline -0.01 -12"><span class='ocrx_word' id='word_1_630' title='bbox 1950 3971 2006 4018; x_wconf 89' lang='lat' dir='ltr'><strong>et</strong></span> <span class='ocrx_word' id='word_1_631' title='bbox 2037 3962 2093 4015; x_wconf 87' lang='lat' dir='ltr'><strong>in</strong></span> <span class='ocrx_word' id='word_1_632' title='bbox 2127 3975 2249 4016; x_wconf 84' lang='lat' dir='ltr'><strong>area</strong></span> <span class='ocrx_word' id='word_1_633' title='bbox 2296 3961 2660 4030; x_wconf 87' lang='lat' dir='ltr'><strong>repositorum</strong></span> <span class='ocrx_word' id='word_1_634' title='bbox 2683 3997 2698 4020; x_wconf 93' lang='lat'><strong>,</strong></span> <span class='ocrx_word' id='word_1_635' title='bbox 2742 3957 3026 4010; x_wconf 86' lang='lat' dir='ltr'><strong>universos</strong></span> <span class='ocrx_word' id='word_1_636' title='bbox 3058 3954 3181 4008; x_wconf 89' lang='lat' dir='ltr'><strong>illos</strong></span> <span class='ocrx_word' id='word_1_637' title='bbox 3210 3941 3514 4006; x_wconf 84' lang='lat' dir='ltr'><strong>vestrarum</strong></span> 
     </span>
    </p>
   </div>
   <div class='ocr_carea' id='block_1_85' title="bbox 1953 4042 3518 4117">
    <p class='ocr_par' dir='ltr' id='par_1_85' title="bbox 1953 4042 3518 4117">
     <span class='ocr_line' id='line_1_85' title="bbox 1953 4042 3518 4117; baseline -0.008 -9"><span class='ocrx_word' id='word_1_638' title='bbox 1953 4069 2211 4109; x_wconf 88' lang='lat' dir='ltr'><strong>manuum</strong></span> <span class='ocrx_word' id='word_1_639' title='bbox 2240 4051 2373 4108; x_wconf 71' lang='lat' dir='ltr'><strong>caadi</strong></span> <span class='ocrx_word' id='word_1_640' title='bbox 2407 4048 2753 4104; x_wconf 86' lang='lat' dir='ltr'><strong>contradens.</strong></span> <span class='ocrx_word' id='word_1_641' title='bbox 2790 4048 2967 4117; x_wconf 82' lang='lat' dir='ltr'><strong>Atque</strong></span> <span class='ocrx_word' id='word_1_642' title='bbox 3001 4046 3104 4100; x_wconf 90' lang='lat' dir='ltr'><strong>hae</strong></span> <span class='ocrx_word' id='word_1_643' title='bbox 3128 4059 3187 4100; x_wconf 88' lang='lat' dir='ltr'><strong>rc</strong></span> <span class='ocrx_word' id='word_1_644' title='bbox 3214 4045 3332 4100; x_wconf 87' lang='lat' dir='ltr'><strong>sine</strong></span> <span class='ocrx_word' id='word_1_645' title='bbox 3351 4042 3518 4097; x_wconf 88' lang='lat' dir='ltr'><strong>dubio</strong></span> 
     </span>
    </p>
   </div>
   <div class='ocr_carea' id='block_1_86' title="bbox 1951 4135 3517 4206">
    <p class='ocr_par' dir='ltr' id='par_1_86' title="bbox 1951 4135 3517 4206">
     <span class='ocr_line' id='line_1_86' title="bbox 1951 4135 3517 4206; baseline -0.011 -3"><span class='ocrx_word' id='word_1_646' title='bbox 1951 4155 2207 4203; x_wconf 87' lang='lat' dir='ltr'><strong>eventura</strong></span> <span class='ocrx_word' id='word_1_647' title='bbox 2235 4146 2470 4205; x_wconf 77' lang='lat' dir='ltr'><strong>izetatus,</strong></span> <span class='ocrx_word' id='word_1_648' title='bbox 2501 4143 2633 4198; x_wconf 87' lang='lat' dir='ltr'><strong>dicit</strong></span> <span class='ocrx_word' id='word_1_649' title='bbox 2665 4139 2966 4196; x_wconf 86' lang='lat' dir='ltr'><strong>lsraelitis:</strong></span> <span class='ocrx_word' id='word_1_650' title='bbox 2997 4159 3014 4190; x_wconf 80' lang='grc' dir='ltr'><strong>ι</strong></span> <span class='ocrx_word' id='word_1_651' title='bbox 3045 4135 3220 4206; x_wconf 84' lang='lat' dir='ltr'><strong>Surge</strong></span> <span class='ocrx_word' id='word_1_652' title='bbox 3241 4144 3295 4189; x_wconf 93' lang='lat' dir='ltr'><strong>et</strong></span> <span class='ocrx_word' id='word_1_653' title='bbox 3323 4135 3517 4188; x_wconf 85' lang='lat' dir='ltr'><strong>tritura</strong></span> 
     </span>
    </p>
   </div>
   <div class='ocr_carea' id='block_1_87' title="bbox 1952 4227 3513 4302">
    <p class='ocr_par' dir='ltr' id='par_1_87' title="bbox 1952 4227 3513 4302">
     <span class='ocr_line' id='line_1_87' title="bbox 1952 4227 3513 4302; baseline -0.01 -8"><span class='ocrx_word' id='word_1_654' title='bbox 1952 4255 2068 4302; x_wconf 90' lang='lat' dir='ltr'><strong>eos,</strong></span> <span class='ocrx_word' id='word_1_655' title='bbox 2116 4237 2224 4292; x_wconf 79' lang='lat' dir='ltr'><strong>filia</strong></span> <span class='ocrx_word' id='word_1_656' title='bbox 2259 4238 2409 4291; x_wconf 88' lang='lat' dir='ltr'><strong>Sion.</strong></span> <span class='ocrx_word' id='word_1_657' title='bbox 2453 4255 2472 4286; x_wconf 78' lang='grc' dir='ltr'><strong>ι</strong></span> <span class='ocrx_word' id='word_1_658' title='bbox 2531 4233 2643 4290; x_wconf 85' lang='lat' dir='ltr'><strong>llos</strong></span> <span class='ocrx_word' id='word_1_659' title='bbox 2671 4233 2787 4298; x_wconf 50' lang='lat' dir='ltr'><strong>,tibi</strong></span> <span class='ocrx_word' id='word_1_660' title='bbox 2841 4233 3046 4287; x_wconf 86' lang='lat' dir='ltr'><strong>virtute</strong></span> <span class='ocrx_word' id='word_1_661' title='bbox 3080 4230 3174 4285; x_wconf 86' lang='lat' dir='ltr'><strong>Dei</strong></span> <span class='ocrx_word' id='word_1_662' title='bbox 3217 4227 3513 4296; x_wconf 87' lang='lat' dir='ltr'><strong>subjectos,</strong></span> 
     </span>
    </p>
   </div>
   <div class='ocr_carea' id='block_1_88' title="bbox 1955 4317 3516 4399">
    <p class='ocr_par' dir='ltr' id='par_1_88' title="bbox 1955 4317 3516 4399">
     <span class='ocr_line' id='line_1_88' title="bbox 1955 4317 3516 4399; baseline -0.01 -15"><span class='ocrx_word' id='word_1_663' title='bbox 1955 4341 2212 4399; x_wconf 88' lang='lat' dir='ltr'><strong>tanquam</strong></span> <span class='ocrx_word' id='word_1_664' title='bbox 2255 4329 2310 4382; x_wconf 93' lang='lat' dir='ltr'><strong>in</strong></span> <span class='ocrx_word' id='word_1_665' title='bbox 2343 4343 2469 4382; x_wconf 87' lang='lat' dir='ltr'><strong>arca</strong></span> <span class='ocrx_word' id='word_1_666' title='bbox 2499 4326 2664 4381; x_wconf 87' lang='lat' dir='ltr'><strong>variis</strong></span> <span class='ocrx_word' id='word_1_667' title='bbox 2692 4332 2915 4379; x_wconf 89' lang='lat' dir='ltr'><strong>contere</strong></span> <span class='ocrx_word' id='word_1_668' title='bbox 2965 4330 3021 4377; x_wconf 94' lang='lat' dir='ltr'><strong>et</strong></span> <span class='ocrx_word' id='word_1_669' title='bbox 3052 4335 3316 4376; x_wconf 90' lang='lat' dir='ltr'><strong>consume</strong></span> <span class='ocrx_word' id='word_1_670' title='bbox 3349 4317 3516 4373; x_wconf 65' lang='lat' dir='ltr'><strong>credi-</strong></span> 
     </span>
    </p>
   </div>
   <div class='ocr_carea' id='block_1_89' title="bbox 1956 4409 3518 4486">
    <p class='ocr_par' dir='ltr' id='par_1_89' title="bbox 1956 4409 3518 4486">
     <span class='ocr_line' id='line_1_89' title="bbox 1956 4409 3518 4486; baseline -0.01 -10"><span class='ocrx_word' id='word_1_671' title='bbox 1956 4423 2076 4476; x_wconf 87' lang='lat' dir='ltr'><strong>bus.</strong></span> <span class='ocrx_word' id='word_1_672' title='bbox 2121 4439 2138 4471; x_wconf 83' lang='grc' dir='ltr'><strong>ι</strong></span> <span class='ocrx_word' id='word_1_673' title='bbox 2163 4418 2294 4473; x_wconf 83' lang='lat' dir='ltr'><strong>Nam</strong></span> <span class='ocrx_word' id='word_1_674' title='bbox 2333 4434 2536 4472; x_wconf 85' lang='lat' dir='ltr'><strong>cornua</strong></span> <span class='ocrx_word' id='word_1_675' title='bbox 2567 4425 2663 4471; x_wconf 88' lang='lat' dir='ltr'><strong>tua</strong></span> <span class='ocrx_word' id='word_1_676' title='bbox 2713 4429 2912 4486; x_wconf 89' lang='lat' dir='ltr'><strong>ponam</strong></span> <span class='ocrx_word' id='word_1_677' title='bbox 2953 4413 3162 4477; x_wconf 82' lang='lat' dir='ltr'><strong>ferrea,</strong></span> <span class='ocrx_word' id='word_1_678' title='bbox 3187 4421 3244 4465; x_wconf 89' lang='lat' dir='ltr'><strong>et</strong></span> <span class='ocrx_word' id='word_1_679' title='bbox 3287 4409 3518 4479; x_wconf 80' lang='lat' dir='ltr'><strong>ungulas</strong></span> 
     </span>
    </p>
   </div>
   <div class='ocr_carea' id='block_1_90' title="bbox 264 4493 1846 4590">
    <p class='ocr_par' dir='ltr' id='par_1_90' title="bbox 264 4508 1846 4580">
     <span class='ocr_line' id='line_1_90' title="bbox 264 4508 1846 4580; baseline 0.001 -20"><span class='ocrx_word' id='word_1_680' title='bbox 264 4511 440 4580; x_wconf 77' lang='grc' dir='ltr'>ρίους</span> <span class='ocrx_word' id='word_1_681' title='bbox 458 4510 524 4578; x_wconf 78' lang='grc' dir='ltr'><strong>τῇ</strong></span> <span class='ocrx_word' id='word_1_682' title='bbox 555 4508 775 4579; x_wconf 78' lang='grc' dir='ltr'>δυνάμει</span> <span class='ocrx_word' id='word_1_683' title='bbox 823 4508 916 4561; x_wconf 74' lang='grc' dir='ltr'><strong>τοῦ</strong></span> <span class='ocrx_word' id='word_1_684' title='bbox 970 4509 1127 4568; x_wconf 78' lang='grc' dir='ltr'>Θεοῦ,</span> <span class='ocrx_word' id='word_1_685' title='bbox 1175 4509 1381 4573; x_wconf 81' lang='grc' dir='ltr'>πάντας</span> <span class='ocrx_word' id='word_1_686' title='bbox 1441 4511 1635 4573; x_wconf 75' lang='grc' dir='ltr'>αὐτοὺς</span> <span class='ocrx_word' id='word_1_687' title='bbox 1685 4509 1760 4572; x_wconf 78' lang='grc' dir='ltr'><strong>ὡς</strong></span> <span class='ocrx_word' id='word_1_688' title='bbox 1798 4512 1846 4563; x_wconf 70' lang='grc' dir='ltr'>ἐι</span> 
     </span>
    </p>
   </div>
   <div class='ocr_carea' id='block_1_91' title="bbox 1948 4493 3518 4590">
    <p class='ocr_par' dir='ltr' id='par_1_91' title="bbox 1964 4501 3518 4590">
     <span class='ocr_line' id='line_1_91' title="bbox 1964 4501 3518 4590; baseline -0.01 -23"><span class='ocrx_word' id='word_1_689' title='bbox 1964 4524 2081 4571; x_wconf 85' lang='lat' dir='ltr'><strong>tuas</strong></span> <span class='ocrx_word' id='word_1_690' title='bbox 2118 4524 2313 4590; x_wconf 83' lang='lat' dir='ltr'><strong>ponam</strong></span> <span class='ocrx_word' id='word_1_691' title='bbox 2356 4523 2546 4564; x_wconf 77' lang='lat' dir='ltr'><strong>mreas.</strong></span> <span class='ocrx_word' id='word_1_692' title='bbox 2590 4527 2608 4560; x_wconf 78' lang='grc' dir='ltr'><strong>ι</strong></span> <span class='ocrx_word' id='word_1_693' title='bbox 2636 4505 2871 4577; x_wconf 38' lang='lat' dir='ltr'><strong>,Contuli</strong></span> <span class='ocrx_word' id='word_1_694' title='bbox 2921 4503 3022 4558; x_wconf 90' lang='lat' dir='ltr'><strong>tibi</strong></span> <span class='ocrx_word' id='word_1_695' title='bbox 3066 4501 3210 4556; x_wconf 89' lang='lat' dir='ltr'><strong>baud</strong></span> <span class='ocrx_word' id='word_1_696' title='bbox 3251 4501 3518 4554; x_wconf 84' lang='lat' dir='ltr'><strong>minorem</strong></span> 
     </span>
    </p>
   </div>
   <div class='ocr_carea' id='block_1_92' title="bbox 263 4597 1856 4670">
    <p class='ocr_par' dir='ltr' id='par_1_92' title="bbox 263 4597 1856 4670">
     <span class='ocr_line' id='line_1_92' title="bbox 263 4597 1856 4670; baseline 0.003 -22"><span class='ocrx_word' id='word_1_697' title='bbox 263 4602 458 4655; x_wconf 68' lang='grc' dir='ltr'>ἥλω-ιι</span> <span class='ocrx_word' id='word_1_698' title='bbox 501 4598 772 4668; x_wconf 72' lang='grc' dir='ltr'>διαφόροις</span> <span class='ocrx_word' id='word_1_699' title='bbox 824 4597 1110 4670; x_wconf 63' lang='grc' dir='ltr'>σύντριψον</span> <span class='ocrx_word' id='word_1_700' title='bbox 1169 4600 1262 4652; x_wconf 71' lang='lat' dir='ltr'><strong>xci.</strong></span> <span class='ocrx_word' id='word_1_701' title='bbox 1317 4600 1693 4653; x_wconf 84' lang='grc' dir='ltr'>κατανάλωσον</span> <span class='ocrx_word' id='word_1_702' title='bbox 1735 4603 1856 4662; x_wconf 76' lang='grc' dir='ltr'>ταῖς</span> 
     </span>
    </p>
   </div>
   <div class='ocr_carea' id='block_1_93' title="bbox 267 4689 1856 4762">
    <p class='ocr_par' dir='ltr' id='par_1_93' title="bbox 267 4689 1856 4762">
     <span class='ocr_line' id='line_1_93' title="bbox 267 4689 1856 4762; baseline -0.001 -18"><span class='ocrx_word' id='word_1_703' title='bbox 267 4691 547 4759; x_wconf 64' lang='grc' dir='ltr'>στραγαῖς.</span> <span class='ocrx_word' id='word_1_704' title='bbox 583 4707 601 4737; x_wconf 78' lang='grc' dir='ltr'><strong>ι</strong></span> <span class='ocrx_word' id='word_1_705' title='bbox 639 4689 759 4742; x_wconf 83' lang='grc' dir='ltr'>Ὅτι</span> <span class='ocrx_word' id='word_1_706' title='bbox 790 4689 861 4742; x_wconf 67' lang='grc' dir='ltr'>τὰ</span> <span class='ocrx_word' id='word_1_707' title='bbox 892 4690 1098 4760; x_wconf 77' lang='grc' dir='ltr'>κέρατά</span> <span class='ocrx_word' id='word_1_708' title='bbox 1131 4707 1222 4742; x_wconf 87' lang='grc' dir='ltr'><strong>σου</strong></span> <span class='ocrx_word' id='word_1_709' title='bbox 1253 4690 1487 4762; x_wconf 80' lang='grc' dir='ltr'>θήσομαι</span> <span class='ocrx_word' id='word_1_710' title='bbox 1515 4691 1730 4762; x_wconf 72' lang='grc' dir='ltr'>σιδηρᾶ.</span> <span class='ocrx_word' id='word_1_711' title='bbox 1762 4693 1856 4745; x_wconf 78' lang='grc' dir='ltr'><strong>καὶ</strong></span> 
     </span>
    </p>
   </div>
   <div class='ocr_carea' id='block_1_94' title="bbox 263 4776 1857 4850">
    <p class='ocr_par' dir='ltr' id='par_1_94' title="bbox 263 4776 1857 4850">
     <span class='ocr_line' id='line_1_94' title="bbox 263 4776 1857 4850; baseline 0 -18"><span class='ocrx_word' id='word_1_712' title='bbox 263 4781 382 4842; x_wconf 62' lang='grc' dir='ltr'>τὰς</span> <span class='ocrx_word' id='word_1_713' title='bbox 437 4776 604 4839; x_wconf 78' lang='grc' dir='ltr'>ὁπλάς</span> <span class='ocrx_word' id='word_1_714' title='bbox 635 4793 726 4829; x_wconf 84' lang='grc' dir='ltr'><strong>σου</strong></span> <span class='ocrx_word' id='word_1_715' title='bbox 771 4777 1002 4848; x_wconf 83' lang='grc' dir='ltr'>θήσομαι</span> <span class='ocrx_word' id='word_1_716' title='bbox 1050 4779 1273 4848; x_wconf 74' lang='grc' dir='ltr'>χαλκᾶς.</span> <span class='ocrx_word' id='word_1_717' title='bbox 1319 4798 1337 4828; x_wconf 77' lang='grc' dir='ltr'><strong>ι</strong></span> <span class='ocrx_word' id='word_1_718' title='bbox 1374 4780 1589 4832; x_wconf 80' lang='grc' dir='ltr'>Δέδωκα</span> <span class='ocrx_word' id='word_1_719' title='bbox 1633 4782 1742 4850; x_wconf 82' lang='grc' dir='ltr'>γάρ</span> <span class='ocrx_word' id='word_1_720' title='bbox 1775 4798 1857 4833; x_wconf 85' lang='grc' dir='ltr'><strong>σοι</strong></span> 
     </span>
    </p>
   </div>
   <div class='ocr_carea' id='block_1_95' title="bbox 265 4862 1860 4942">
    <p class='ocr_par' dir='ltr' id='par_1_95' title="bbox 265 4862 1860 4942">
     <span class='ocr_line' id='line_1_95' title="bbox 265 4862 1860 4942; baseline 0.003 -20"><span class='ocrx_word' id='word_1_721' title='bbox 265 4870 520 4934; x_wconf 59' lang='lat' dir='ltr'><strong>div-apvt</strong></span> <span class='ocrx_word' id='word_1_722' title='bbox 542 4869 638 4936; x_wconf 71' lang='grc' dir='ltr'>οὐχ</span> <span class='ocrx_word' id='word_1_723' title='bbox 672 4862 830 4936; x_wconf 77' lang='grc' dir='ltr'>ἦττον</span> <span class='ocrx_word' id='word_1_724' title='bbox 861 4868 1090 4939; x_wconf 83' lang='grc' dir='ltr'>σιδηρῶν</span> <span class='ocrx_word' id='word_1_725' title='bbox 1121 4870 1384 4941; x_wconf 77' lang='grc' dir='ltr'><strong>κεράτων,</strong></span> <span class='ocrx_word' id='word_1_726' title='bbox 1410 4871 1708 4942; x_wconf 81' lang='grc' dir='ltr'>ἀμύνεσθαι</span> <span class='ocrx_word' id='word_1_727' title='bbox 1732 4875 1860 4935; x_wconf 73' lang='grc' dir='ltr'>τοὺς</span> 
     </span>
    </p>
   </div>
   <div class='ocr_carea' id='block_1_96' title="bbox 265 4959 1858 5033">
    <p class='ocr_par' dir='ltr' id='par_1_96' title="bbox 265 4959 1858 5033">
     <span class='ocr_line' id='line_1_96' title="bbox 265 4959 1858 5033; baseline 0.001 -19"><span class='ocrx_word' id='word_1_728' title='bbox 265 4959 571 5021; x_wconf 78' lang='grc' dir='ltr'>ἐναντίους</span> <span class='ocrx_word' id='word_1_729' title='bbox 605 4959 900 5027; x_wconf 73' lang='grc' dir='ltr'>ἀρκοῦσαν,</span> <span class='ocrx_word' id='word_1_730' title='bbox 940 4962 1032 5013; x_wconf 80' lang='grc' dir='ltr'>καὶ</span> <span class='ocrx_word' id='word_1_731' title='bbox 1065 4965 1254 5014; x_wconf 80' lang='grc' dir='ltr'>πατεῖν</span> <span class='ocrx_word' id='word_1_732' title='bbox 1282 4963 1534 5033; x_wconf 81' lang='grc' dir='ltr'>μᾶλλονῆ</span> <span class='ocrx_word' id='word_1_733' title='bbox 1561 4963 1751 5024; x_wconf 81' lang='grc' dir='ltr'>ὁπλαῖς</span> <span class='ocrx_word' id='word_1_734' title='bbox 1773 4980 1858 5026; x_wconf 84' lang='grc' dir='ltr'><strong>τις</strong></span> 
     </span>
    </p>
   </div>
   <div class='ocr_carea' id='block_1_97' title="bbox 265 5050 1858 5125">
    <p class='ocr_par' dir='ltr' id='par_1_97' title="bbox 265 5050 1858 5125">
     <span class='ocr_line' id='line_1_97' title="bbox 265 5050 1858 5125; baseline 0.001 -18"><span class='ocrx_word' id='word_1_735' title='bbox 265 5054 522 5125; x_wconf 75' lang='grc' dir='ltr'>χαλκαῖς</span> <span class='ocrx_word' id='word_1_736' title='bbox 581 5050 856 5122; x_wconf 78' lang='grc' dir='ltr'>χρώμενος</span> <span class='ocrx_word' id='word_1_737' title='bbox 918 5053 1208 5124; x_wconf 81' lang='grc' dir='ltr'>πατήσειεν</span> <span class='ocrx_word' id='word_1_738' title='bbox 1267 5054 1352 5108; x_wconf 81' lang='grc' dir='ltr'><strong>ἄν.</strong></span> <span class='ocrx_word' id='word_1_739' title='bbox 1401 5055 1476 5124; x_wconf 92' lang='lat' dir='ltr'><strong>(p.</strong></span> <span class='ocrx_word' id='word_1_740' title='bbox 1531 5055 1656 5123; x_wconf 74' lang='lat'><strong>290)</strong></span> <span class='ocrx_word' id='word_1_741' title='bbox 1688 5074 1707 5107; x_wconf 80' lang='grc' dir='ltr'><strong>ι</strong></span> <span class='ocrx_word' id='word_1_742' title='bbox 1750 5057 1858 5109; x_wconf 71' lang='grc' dir='ltr'><strong>Καὶ</strong></span> 
     </span>
    </p>
   </div>
   <div class='ocr_carea' id='block_1_98' title="bbox 265 5139 1859 5212">
    <p class='ocr_par' dir='ltr' id='par_1_98' title="bbox 265 5139 1859 5212">
     <span class='ocr_line' id='line_1_98' title="bbox 265 5139 1859 5212; baseline -0.001 -15"><span class='ocrx_word' id='word_1_743' title='bbox 265 5139 616 5210; x_wconf 73' lang='grc' dir='ltr'>κατατήξεις</span> <span class='ocrx_word' id='word_1_744' title='bbox 646 5144 702 5194; x_wconf 83' lang='grc' dir='ltr'><strong>ὲν</strong></span> <span class='ocrx_word' id='word_1_745' title='bbox 735 5143 920 5204; x_wconf 77' lang='grc' dir='ltr'>αὐταῖς</span> <span class='ocrx_word' id='word_1_746' title='bbox 950 5141 1095 5212; x_wconf 59' lang='grc' dir='ltr'><strong>³τεθνη,</strong></span> <span class='ocrx_word' id='word_1_747' title='bbox 1123 5143 1217 5196; x_wconf 68' lang='grc' dir='ltr'>καὶ</span> <span class='ocrx_word' id='word_1_748' title='bbox 1240 5143 1517 5209; x_wconf 86' lang='grc' dir='ltr'>λεπτυνεϊς</span> <span class='ocrx_word' id='word_1_749' title='bbox 1542 5144 1702 5209; x_wconf 84' lang='grc' dir='ltr'>λαοὺς</span> <span class='ocrx_word' id='word_1_750' title='bbox 1731 5146 1859 5198; x_wconf 85' lang='grc' dir='ltr'>πολ-</span> 
     </span>
    </p>
   </div>
   <div class='ocr_carea' id='block_1_99' title="bbox 263 5232 1858 5305">
    <p class='ocr_par' dir='ltr' id='par_1_99' title="bbox 263 5232 1858 5305">
     <span class='ocr_line' id='line_1_99' title="bbox 263 5232 1858 5305; baseline 0.003 -19"><span class='ocrx_word' id='word_1_751' title='bbox 263 5233 418 5296; x_wconf 75' lang='grc' dir='ltr'>λούς</span> <span class='ocrx_word' id='word_1_752' title='bbox 442 5247 457 5259; x_wconf 89' lang='grc'><strong>·</strong></span> <span class='ocrx_word' id='word_1_753' title='bbox 489 5233 580 5283; x_wconf 72' lang='grc' dir='ltr'>καὶ</span> <span class='ocrx_word' id='word_1_754' title='bbox 602 5232 886 5301; x_wconf 79' lang='grc' dir='ltr'>ἀναθήσεις</span> <span class='ocrx_word' id='word_1_755' title='bbox 907 5233 983 5302; x_wconf 79' lang='grc' dir='ltr'><strong>τῷ</strong></span> <span class='ocrx_word' id='word_1_756' title='bbox 1008 5234 1195 5305; x_wconf 85' lang='grc' dir='ltr'>Κυρίῳ</span> <span class='ocrx_word' id='word_1_757' title='bbox 1223 5235 1284 5287; x_wconf 83' lang='grc' dir='ltr'><strong>τὸ</strong></span> <span class='ocrx_word' id='word_1_758' title='bbox 1307 5235 1508 5305; x_wconf 83' lang='grc' dir='ltr'>πλῆθος</span> <span class='ocrx_word' id='word_1_759' title='bbox 1528 5236 1728 5302; x_wconf 71' lang='grc' dir='ltr'>αὐτῶν,</span> <span class='ocrx_word' id='word_1_760' title='bbox 1764 5238 1858 5290; x_wconf 79' lang='grc' dir='ltr'><strong>καὶ</strong></span> 
     </span>
    </p>
   </div>
   <div class='ocr_carea' id='block_1_100' title="bbox 261 5321 1856 5399">
    <p class='ocr_par' dir='ltr' id='par_1_100' title="bbox 261 5321 1856 5399">
     <span class='ocr_line' id='line_1_100' title="bbox 261 5321 1856 5399; baseline 0.003 -25"><span class='ocrx_word' id='word_1_761' title='bbox 261 5325 380 5393; x_wconf 73' lang='grc' dir='ltr'><strong>τὴν</strong></span> <span class='ocrx_word' id='word_1_762' title='bbox 416 5321 574 5390; x_wconf 74' lang='grc' dir='ltr'>ἰσχὺν</span> <span class='ocrx_word' id='word_1_763' title='bbox 605 5322 780 5374; x_wconf 78' lang='grc' dir='ltr'>αὐτῶν</span> <span class='ocrx_word' id='word_1_764' title='bbox 810 5322 888 5391; x_wconf 79' lang='grc' dir='ltr'><strong>τῷ</strong></span> <span class='ocrx_word' id='word_1_765' title='bbox 918 5324 1110 5394; x_wconf 78' lang='grc' dir='ltr'>Κυρίῳ</span> <span class='ocrx_word' id='word_1_766' title='bbox 1134 5325 1313 5395; x_wconf 82' lang='grc' dir='ltr'>πάσης</span> <span class='ocrx_word' id='word_1_767' title='bbox 1341 5326 1441 5395; x_wconf 76' lang='grc' dir='ltr'><strong>τῆς</strong></span> <span class='ocrx_word' id='word_1_768' title='bbox 1470 5328 1590 5398; x_wconf 83' lang='grc' dir='ltr'>γῆς.</span> <span class='ocrx_word' id='word_1_769' title='bbox 1619 5346 1638 5378; x_wconf 73' lang='grc' dir='ltr'><strong>ι</strong></span> <span class='ocrx_word' id='word_1_770' title='bbox 1673 5328 1856 5399; x_wconf 85' lang='grc' dir='ltr'>Ταύτῃ</span> 
     </span>
    </p>
   </div>
   <div class='ocr_carea' id='block_1_101' title="bbox 263 5411 1856 5489">
    <p class='ocr_par' dir='ltr' id='par_1_101' title="bbox 263 5411 1856 5489">
     <span class='ocr_line' id='line_1_101' title="bbox 263 5411 1856 5489; baseline 0.005 -25"><span class='ocrx_word' id='word_1_771' title='bbox 263 5413 338 5482; x_wconf 65' lang='grc' dir='ltr'>δὴ</span> <span class='ocrx_word' id='word_1_772' title='bbox 377 5411 460 5480; x_wconf 71' lang='grc' dir='ltr'>τῇ</span> <span class='ocrx_word' id='word_1_773' title='bbox 489 5411 636 5480; x_wconf 76' lang='grc' dir='ltr'>παρὰ</span> <span class='ocrx_word' id='word_1_774' title='bbox 663 5411 759 5464; x_wconf 80' lang='grc' dir='ltr'><strong>τοῦ</strong></span> <span class='ocrx_word' id='word_1_775' title='bbox 779 5411 910 5465; x_wconf 73' lang='grc' dir='ltr'>Θεοῦ</span> <span class='ocrx_word' id='word_1_776' title='bbox 941 5430 1020 5465; x_wconf 88' lang='grc' dir='ltr'><strong>σοι</strong></span> <span class='ocrx_word' id='word_1_777' title='bbox 1058 5417 1437 5489; x_wconf 76' lang='grc' dir='ltr'>χορηγουμένῃ</span> <span class='ocrx_word' id='word_1_778' title='bbox 1471 5420 1608 5488; x_wconf 80' lang='grc' dir='ltr'>ῥοπῇ</span> <span class='ocrx_word' id='word_1_779' title='bbox 1651 5419 1856 5483; x_wconf 80' lang='grc' dir='ltr'>πάντας</span> 
     </span>
    </p>
   </div>
   <div class='ocr_carea' id='block_1_102' title="bbox 266 5499 1856 5576">
    <p class='ocr_par' dir='ltr' id='par_1_102' title="bbox 266 5499 1856 5576">
     <span class='ocr_line' id='line_1_102' title="bbox 266 5499 1856 5576; baseline 0.006 -21"><span class='ocrx_word' id='word_1_780' title='bbox 266 5499 494 5563; x_wconf 68' lang='grc' dir='ltr'>αὐτοὺς</span> <span class='ocrx_word' id='word_1_781' title='bbox 533 5501 777 5569; x_wconf 77' lang='grc' dir='ltr'>ἀφανιεῖς</span> <span class='ocrx_word' id='word_1_782' title='bbox 825 5504 1118 5570; x_wconf 82' lang='grc' dir='ltr'>παντελῶς,</span> <span class='ocrx_word' id='word_1_783' title='bbox 1163 5506 1442 5571; x_wconf 89' lang='grc' dir='ltr'>πλείστους</span> <span class='ocrx_word' id='word_1_784' title='bbox 1466 5525 1527 5576; x_wconf 90' lang='grc' dir='ltr'><strong>γε</strong></span> <span class='ocrx_word' id='word_1_785' title='bbox 1553 5510 1731 5574; x_wconf 72' lang='grc' dir='ltr'>ὄντας,</span> <span class='ocrx_word' id='word_1_786' title='bbox 1762 5513 1856 5564; x_wconf 70' lang='grc' dir='ltr'>καὶ</span> 
     </span>
    </p>
   </div>
   <div class='ocr_carea' id='block_1_103' title="bbox 267 5593 1853 5678">
    <p class='ocr_par' dir='ltr' id='par_1_103' title="bbox 267 5593 1853 5678">
     <span class='ocr_line' id='line_1_103' title="bbox 267 5593 1853 5678; baseline 0.007 -31"><span class='ocrx_word' id='word_1_787' title='bbox 267 5593 500 5657; x_wconf 69' lang='grc' dir='ltr'>παντὸς</span> <span class='ocrx_word' id='word_1_788' title='bbox 528 5594 622 5647; x_wconf 73' lang='grc' dir='ltr'>τοῦ</span> <span class='ocrx_word' id='word_1_789' title='bbox 676 5595 910 5667; x_wconf 71' lang='grc' dir='ltr'>πλήθους</span> <span class='ocrx_word' id='word_1_790' title='bbox 928 5598 1103 5652; x_wconf 79' lang='grc' dir='ltr'>αὐτῶν</span> <span class='ocrx_word' id='word_1_791' title='bbox 1125 5599 1222 5670; x_wconf 81' lang='grc' dir='ltr'><strong>τὴν</strong></span> <span class='ocrx_word' id='word_1_792' title='bbox 1245 5599 1516 5655; x_wconf 84' lang='grc' dir='ltr'>ἀπώλειαν</span> <span class='ocrx_word' id='word_1_793' title='bbox 1541 5601 1710 5672; x_wconf 86' lang='grc' dir='ltr'>λογιεῖ</span> <span class='ocrx_word' id='word_1_794' title='bbox 1741 5605 1853 5678; x_wconf 82' lang='grc'><strong>(58)</strong></span> 
     </span>
    </p>
   </div>
   <div class='ocr_carea' id='block_1_104' title="bbox 1961 4592 3522 4667">
    <p class='ocr_par' dir='ltr' id='par_1_104' title="bbox 1961 4592 3522 4667">
     <span class='ocr_line' id='line_1_104' title="bbox 1961 4592 3522 4667; baseline -0.008 -9"><span class='ocrx_word' id='word_1_795' title='bbox 1961 4603 2220 4658; x_wconf 87' lang='lat' dir='ltr'><strong>cornibus</strong></span> <span class='ocrx_word' id='word_1_796' title='bbox 2266 4601 2460 4655; x_wconf 86' lang='lat' dir='ltr'><strong>ferreis</strong></span> <span class='ocrx_word' id='word_1_797' title='bbox 2491 4599 2621 4661; x_wconf 88' lang='lat' dir='ltr'><strong>vim,</strong></span> <span class='ocrx_word' id='word_1_798' title='bbox 2667 4613 2776 4667; x_wconf 88' lang='lat' dir='ltr'><strong>qua</strong></span> <span class='ocrx_word' id='word_1_799' title='bbox 2811 4596 3133 4667; x_wconf 88' lang='lat' dir='ltr'><strong>propulsare</strong></span> <span class='ocrx_word' id='word_1_800' title='bbox 3171 4592 3522 4648; x_wconf 85' lang='lat' dir='ltr'><strong>adversarios</strong></span> 
     </span>
    </p>
   </div>
   <div class='ocr_carea' id='block_1_105' title="bbox 1963 4683 3523 4760">
    <p class='ocr_par' dir='ltr' id='par_1_105' title="bbox 1963 4683 3523 4760">
     <span class='ocr_line' id='line_1_105' title="bbox 1963 4683 3523 4760; baseline -0.01 -12"><span class='ocrx_word' id='word_1_801' title='bbox 1963 4693 2163 4751; x_wconf 84' lang='lat' dir='ltr'><strong>valeas,</strong></span> <span class='ocrx_word' id='word_1_802' title='bbox 2206 4704 2409 4760; x_wconf 89' lang='lat' dir='ltr'><strong>eosque</strong></span> <span class='ocrx_word' id='word_1_803' title='bbox 2450 4689 2622 4759; x_wconf 82' lang='lat' dir='ltr'><strong>magis</strong></span> <span class='ocrx_word' id='word_1_804' title='bbox 2654 4691 2979 4742; x_wconf 86' lang='lat' dir='ltr'><strong>concuteare</strong></span> <span class='ocrx_word' id='word_1_805' title='bbox 3001 4699 3162 4754; x_wconf 87' lang='lat' dir='ltr'><strong>quam</strong></span> <span class='ocrx_word' id='word_1_806' title='bbox 3189 4683 3236 4738; x_wconf 90' lang='lat' dir='ltr'><strong>si</strong></span> <span class='ocrx_word' id='word_1_807' title='bbox 3270 4683 3394 4753; x_wconf 84' lang='lat' dir='ltr'><strong>quis</strong></span> <span class='ocrx_word' id='word_1_808' title='bbox 3418 4696 3523 4734; x_wconf 90' lang='lat' dir='ltr'><strong>un-</strong></span> 
     </span>
    </p>
   </div>
   <div class='ocr_carea' id='block_1_106' title="bbox 1963 4773 3520 4854">
    <p class='ocr_par' dir='ltr' id='par_1_106' title="bbox 1963 4773 3520 4854">
     <span class='ocr_line' id='line_1_106' title="bbox 1963 4773 3520 4854; baseline -0.006 -18"><span class='ocrx_word' id='word_1_809' title='bbox 1963 4785 2101 4854; x_wconf 79' lang='lat' dir='ltr'><strong>gulis</strong></span> <span class='ocrx_word' id='word_1_810' title='bbox 2139 4783 2296 4836; x_wconf 72' lang='lat' dir='ltr'><strong>aereis</strong></span> <span class='ocrx_word' id='word_1_811' title='bbox 2335 4781 2593 4850; x_wconf 68' lang='lat' dir='ltr'><strong>praeditus</strong></span> <span class='ocrx_word' id='word_1_812' title='bbox 2622 4787 2792 4834; x_wconf 83' lang='lat' dir='ltr'><strong>esset.</strong></span> <span class='ocrx_word' id='word_1_813' title='bbox 2832 4795 2851 4828; x_wconf 80' lang='grc' dir='ltr'><strong>ι</strong></span> <span class='ocrx_word' id='word_1_814' title='bbox 2891 4776 2956 4831; x_wconf 87' lang='lat' dir='ltr'><strong>Et</strong></span> <span class='ocrx_word' id='word_1_815' title='bbox 2990 4776 3076 4832; x_wconf 88' lang='lat' dir='ltr'><strong>his</strong></span> <span class='ocrx_word' id='word_1_816' title='bbox 3118 4773 3520 4831; x_wconf 84' lang='lat' dir='ltr'><strong>contabefacies</strong></span> 
     </span>
    </p>
   </div>
   <div class='ocr_carea' id='block_1_107' title="bbox 1962 4865 3521 4942">
    <p class='ocr_par' dir='ltr' id='par_1_107' title="bbox 1962 4865 3521 4942">
     <span class='ocr_line' id='line_1_107' title="bbox 1962 4865 3521 4942; baseline -0.008 -12"><span class='ocrx_word' id='word_1_817' title='bbox 1962 4881 2320 4942; x_wconf 86' lang='lat' dir='ltr'><strong>eonteresque</strong></span> <span class='ocrx_word' id='word_1_818' title='bbox 2372 4873 2601 4942; x_wconf 90' lang='lat' dir='ltr'><strong>populos</strong></span> <span class='ocrx_word' id='word_1_819' title='bbox 2645 4871 2877 4936; x_wconf 84' lang='lat' dir='ltr'><strong>multos;</strong></span> <span class='ocrx_word' id='word_1_820' title='bbox 2924 4877 2978 4924; x_wconf 89' lang='lat' dir='ltr'><strong>et</strong></span> <span class='ocrx_word' id='word_1_821' title='bbox 3007 4869 3116 4924; x_wconf 91' lang='lat' dir='ltr'><strong>Deo</strong></span> <span class='ocrx_word' id='word_1_822' title='bbox 3172 4865 3521 4924; x_wconf 85' lang='lat' dir='ltr'><strong>consecrabis</strong></span> 
     </span>
    </p>
   </div>
   <div class='ocr_carea' id='block_1_108' title="bbox 1961 4955 3518 5024">
    <p class='ocr_par' dir='ltr' id='par_1_108' title="bbox 1961 4955 3518 5024">
     <span class='ocr_line' id='line_1_108' title="bbox 1961 4955 3518 5024; baseline -0.008 -3"><span class='ocrx_word' id='word_1_823' title='bbox 1961 4965 2360 5021; x_wconf 87' lang='lat' dir='ltr'><strong>multitudinem</strong></span> <span class='ocrx_word' id='word_1_824' title='bbox 2407 4963 2653 5024; x_wconf 88' lang='lat' dir='ltr'><strong>illorum,</strong></span> <span class='ocrx_word' id='word_1_825' title='bbox 2699 4971 2753 5016; x_wconf 90' lang='lat' dir='ltr'><strong>et</strong></span> <span class='ocrx_word' id='word_1_826' title='bbox 2796 4962 3168 5016; x_wconf 85' lang='lat' dir='ltr'><strong>fortitudinem</strong></span> <span class='ocrx_word' id='word_1_827' title='bbox 3203 4955 3518 5014; x_wconf 71' lang='lat' dir='ltr'><strong>earumdem</strong></span> 
     </span>
    </p>
   </div>
   <div class='ocr_carea' id='block_1_109' title="bbox 1960 5047 3520 5113">
    <p class='ocr_par' dir='ltr' id='par_1_109' title="bbox 1960 5047 3520 5113">
     <span class='ocr_line' id='line_1_109' title="bbox 1960 5047 3520 5113; baseline -0.007 0"><span class='ocrx_word' id='word_1_828' title='bbox 1960 5058 2189 5113; x_wconf 92' lang='lat' dir='ltr'><strong>Domino</strong></span> <span class='ocrx_word' id='word_1_829' title='bbox 2222 5057 2491 5112; x_wconf 65' lang='lat' dir='ltr'><strong>universae</strong></span> <span class='ocrx_word' id='word_1_830' title='bbox 2517 5063 2697 5111; x_wconf 67' lang='lat' dir='ltr'><strong>terrae.</strong></span> <span class='ocrx_word' id='word_1_831' title='bbox 2735 5075 2754 5108; x_wconf 74' lang='grc' dir='ltr'><strong>ι</strong></span> <span class='ocrx_word' id='word_1_832' title='bbox 2794 5054 2888 5110; x_wconf 83' lang='lat' dir='ltr'><strong>llis</strong></span> <span class='ocrx_word' id='word_1_833' title='bbox 2920 5055 3016 5108; x_wconf 85' lang='lat' dir='ltr'><strong>tibi</strong></span> <span class='ocrx_word' id='word_1_834' title='bbox 3049 5067 3078 5106; x_wconf 88' lang='lat' dir='ltr'><strong>a</strong></span> <span class='ocrx_word' id='word_1_835' title='bbox 3102 5051 3210 5105; x_wconf 87' lang='lat' dir='ltr'><strong>Deo</strong></span> <span class='ocrx_word' id='word_1_836' title='bbox 3240 5047 3520 5102; x_wconf 81' lang='lat' dir='ltr'><strong>concessis</strong></span> 
     </span>
    </p>
   </div>
   <div class='ocr_carea' id='block_1_110' title="bbox 1957 5142 3516 5216">
    <p class='ocr_par' dir='ltr' id='par_1_110' title="bbox 1957 5142 3516 5216">
     <span class='ocr_line' id='line_1_110' title="bbox 1957 5142 3516 5216; baseline -0.008 -14"><span class='ocrx_word' id='word_1_837' title='bbox 1957 5149 2164 5204; x_wconf 87' lang='lat' dir='ltr'><strong>viribus</strong></span> <span class='ocrx_word' id='word_1_838' title='bbox 2199 5149 2384 5203; x_wconf 89' lang='lat' dir='ltr'><strong>hostes</strong></span> <span class='ocrx_word' id='word_1_839' title='bbox 2405 5162 2594 5203; x_wconf 90' lang='lat' dir='ltr'><strong>omnes</strong></span> <span class='ocrx_word' id='word_1_840' title='bbox 2621 5162 2848 5216; x_wconf 83' lang='lat' dir='ltr'><strong>prorsus</strong></span> <span class='ocrx_word' id='word_1_841' title='bbox 2869 5142 3174 5214; x_wconf 86' lang='lat' dir='ltr'><strong>disperdes,</strong></span> <span class='ocrx_word' id='word_1_842' title='bbox 3205 5152 3516 5208; x_wconf 88' lang='lat' dir='ltr'><strong>quanquam</strong></span> 
     </span>
    </p>
   </div>
   <div class='ocr_carea' id='block_1_111' title="bbox 1961 5230 3517 5311">
    <p class='ocr_par' dir='ltr' id='par_1_111' title="bbox 1961 5230 3517 5311">
     <span class='ocr_line' id='line_1_111' title="bbox 1961 5230 3517 5311; baseline -0.008 -17"><span class='ocrx_word' id='word_1_843' title='bbox 1961 5241 2194 5311; x_wconf 89' lang='lat' dir='ltr'><strong>plurimo</strong></span> <span class='ocrx_word' id='word_1_844' title='bbox 2233 5254 2494 5305; x_wconf 88' lang='lat' dir='ltr'><strong>numero;</strong></span> <span class='ocrx_word' id='word_1_845' title='bbox 2543 5247 2598 5294; x_wconf 89' lang='lat' dir='ltr'><strong>et</strong></span> <span class='ocrx_word' id='word_1_846' title='bbox 2640 5239 2905 5293; x_wconf 64' lang='lat' dir='ltr'><strong>universae</strong></span> <span class='ocrx_word' id='word_1_847' title='bbox 2964 5235 3114 5304; x_wconf 77' lang='lat' dir='ltr'><strong>ejus&#39;</strong></span> <span class='ocrx_word' id='word_1_848' title='bbox 3151 5230 3517 5286; x_wconf 82' lang='lat' dir='ltr'><strong>multitudinis</strong></span> 
     </span>
    </p>
   </div>
   <div class='ocr_carea' id='block_1_112' title="bbox 1959 5321 3520 5399">
    <p class='ocr_par' dir='ltr' id='par_1_112' title="bbox 1959 5321 3520 5399">
     <span class='ocr_line' id='line_1_112' title="bbox 1959 5321 3520 5399; baseline -0.009 -11"><span class='ocrx_word' id='word_1_849' title='bbox 1959 5332 2227 5388; x_wconf 75' lang='lat' dir='ltr'><strong>excidium</strong></span> <span class='ocrx_word' id='word_1_850' title='bbox 2255 5331 2364 5386; x_wconf 89' lang='lat' dir='ltr'><strong>Deo</strong></span> <span class='ocrx_word' id='word_1_851' title='bbox 2399 5330 2722 5399; x_wconf 86' lang='lat' dir='ltr'><strong>imputabis,</strong></span> <span class='ocrx_word' id='word_1_852' title='bbox 2753 5329 2846 5397; x_wconf 86' lang='lat' dir='ltr'><strong>qui</strong></span> <span class='ocrx_word' id='word_1_853' title='bbox 2879 5342 3000 5382; x_wconf 86' lang='lat' dir='ltr'><strong>eum</strong></span> <span class='ocrx_word' id='word_1_854' title='bbox 3040 5324 3208 5379; x_wconf 90' lang='lat' dir='ltr'><strong>totius</strong></span> <span class='ocrx_word' id='word_1_855' title='bbox 3254 5332 3412 5378; x_wconf 66' lang='lat' dir='ltr'><strong>terrae</strong></span> <span class='ocrx_word' id='word_1_856' title='bbox 3447 5321 3520 5376; x_wconf 88' lang='lat' dir='ltr'><strong>sit</strong></span> 
     </span>
    </p>
   </div>
   <div class='ocr_carea' id='block_1_113' title="bbox 1961 5413 3517 5492">
    <p class='ocr_par' dir='ltr' id='par_1_113' title="bbox 1961 5413 3517 5492">
     <span class='ocr_line' id='line_1_113' title="bbox 1961 5413 3517 5492; baseline -0.013 -11"><span class='ocrx_word' id='word_1_857' title='bbox 1961 5427 2242 5485; x_wconf 83' lang='lat' dir='ltr'><strong>Dominus.</strong></span> <span class='ocrx_word' id='word_1_858' title='bbox 2278 5434 2444 5478; x_wconf 86' lang='lat' dir='ltr'><strong>totam</strong></span> <span class='ocrx_word' id='word_1_859' title='bbox 2471 5425 2688 5477; x_wconf 80' lang='lat' dir='ltr'><strong>illorum</strong></span> <span class='ocrx_word' id='word_1_860' title='bbox 2714 5437 2812 5492; x_wconf 90' lang='lat' dir='ltr'><strong>pro</strong></span> <span class='ocrx_word' id='word_1_861' title='bbox 2837 5435 2940 5475; x_wconf 86' lang='lat' dir='ltr'><strong>suo</strong></span> <span class='ocrx_word' id='word_1_862' title='bbox 2967 5417 3119 5472; x_wconf 88' lang='lat' dir='ltr'><strong>libito</strong></span> <span class='ocrx_word' id='word_1_863' title='bbox 3143 5413 3517 5470; x_wconf 80' lang='lat' dir='ltr'><strong>fortitudinem</strong></span> 
     </span>
    </p>
   </div>
   <div class='ocr_carea' id='block_1_114' title="bbox 1961 5509 3518 5581">
    <p class='ocr_par' dir='ltr' id='par_1_114' title="bbox 1961 5509 3518 5581">
     <span class='ocr_line' id='line_1_114' title="bbox 1961 5509 3518 5581; baseline -0.011 -8"><span class='ocrx_word' id='word_1_864' title='bbox 1961 5516 2290 5574; x_wconf 77' lang='lat' dir='ltr'><strong>exsufﬂabit.</strong></span> <span class='ocrx_word' id='word_1_865' title='bbox 2332 5515 2534 5571; x_wconf 84' lang='lat' dir='ltr'><strong>Deinde</strong></span> <span class='ocrx_word' id='word_1_866' title='bbox 2563 5513 2800 5570; x_wconf 87' lang='lat' dir='ltr'><strong>hostium</strong></span> <span class='ocrx_word' id='word_1_867' title='bbox 2835 5509 3238 5581; x_wconf 81' lang='lat' dir='ltr'><strong>aggressionem</strong></span> <span class='ocrx_word' id='word_1_868' title='bbox 3260 5515 3518 5566; x_wconf 81' lang='lat' dir='ltr'><strong>narrans,</strong></span> 
     </span>
    </p>
   </div>
   <div class='ocr_carea' id='block_1_115' title="bbox 1961 5593 3450 5679">
    <p class='ocr_par' dir='ltr' id='par_1_115' title="bbox 1961 5593 3450 5679">
     <span class='ocr_line' id='line_1_115' title="bbox 1961 5593 3450 5679; baseline -0.01 -15"><span class='ocrx_word' id='word_1_869' title='bbox 1961 5609 2120 5679; x_wconf 80' lang='lat' dir='ltr'><strong>cujus</strong></span> <span class='ocrx_word' id='word_1_870' title='bbox 2147 5621 2315 5662; x_wconf 87' lang='lat' dir='ltr'><strong>causa</strong></span> <span class='ocrx_word' id='word_1_871' title='bbox 2343 5621 2464 5676; x_wconf 64' lang='lat' dir='ltr'><strong>qua:</strong></span> <span class='ocrx_word' id='word_1_872' title='bbox 2497 5620 2659 5675; x_wconf 88' lang='lat' dir='ltr'><strong>supra</strong></span> <span class='ocrx_word' id='word_1_873' title='bbox 2692 5610 2819 5658; x_wconf 88' lang='lat' dir='ltr'><strong>sunt</strong></span> <span class='ocrx_word' id='word_1_874' title='bbox 2843 5601 2986 5656; x_wconf 91' lang='lat' dir='ltr'><strong>dicta</strong></span> <span class='ocrx_word' id='word_1_875' title='bbox 3013 5600 3307 5672; x_wconf 89' lang='lat' dir='ltr'><strong>patientur,</strong></span> <span class='ocrx_word' id='word_1_876' title='bbox 3343 5593 3450 5649; x_wconf 77' lang='lat' dir='ltr'><strong>ait:</strong></span> 
     </span>
    </p>
   </div>
   <div class='ocr_carea' id='block_1_116' title="bbox 363 5793 1846 5876">
    <p class='ocr_par' dir='ltr' id='par_1_116' title="bbox 363 5793 1846 5872">
     <span class='ocr_line' id='line_1_116' title="bbox 363 5793 1846 5872; baseline 0.007 -24"><span class='ocrx_word' id='word_1_877' title='bbox 363 5793 491 5868; x_wconf 76' lang='lat'><strong>(38)</strong></span> <span class='ocrx_word' id='word_1_878' title='bbox 523 5793 656 5850; x_wconf 87' lang='lat' dir='ltr'><strong>Cod.</strong></span> <span class='ocrx_word' id='word_1_879' title='bbox 696 5795 814 5853; x_wconf 80' lang='lat' dir='ltr'><strong>Vat.</strong></span> <span class='ocrx_word' id='word_1_880' title='bbox 839 5797 1015 5868; x_wconf 77' lang='grc' dir='ltr'>λογιῇ,</span> <span class='ocrx_word' id='word_1_881' title='bbox 1079 5799 1198 5855; x_wconf 82' lang='lat' dir='ltr'><strong>cod.</strong></span> <span class='ocrx_word' id='word_1_882' title='bbox 1249 5800 1530 5858; x_wconf 80' lang='lat' dir='ltr'><strong>Vindobon</strong></span> <span class='ocrx_word' id='word_1_883' title='bbox 1566 5803 1846 5872; x_wconf 73' lang='grc' dir='ltr'><strong>ἀναλογιεῖ,</strong></span> 
     </span>
    </p>
   </div>
   <div class='ocr_carea' id='block_1_117' title="bbox 1948 5793 2992 5876">
    <p class='ocr_par' dir='ltr' id='par_1_117' title="bbox 1948 5801 2992 5876">
     <span class='ocr_line' id='line_1_117' title="bbox 1948 5801 2992 5876; baseline -0.006 -14"><span class='ocrx_word' id='word_1_884' title='bbox 1948 5823 1968 5862; x_wconf 85' lang='lat' dir='ltr'><strong>e</strong></span> <span class='ocrx_word' id='word_1_885' title='bbox 1998 5805 2181 5875; x_wconf 65' lang='lat' dir='ltr'><strong>\‘i&#39;ogu.</strong></span> <span class='ocrx_word' id='word_1_886' title='bbox 2212 5805 2314 5876; x_wconf 73' lang='lat' dir='ltr'><strong>legi</strong></span> <span class='ocrx_word' id='word_1_887' title='bbox 2342 5803 2545 5858; x_wconf 85' lang='lat' dir='ltr'><strong>mavult</strong></span> <span class='ocrx_word' id='word_1_888' title='bbox 2583 5801 2884 5872; x_wconf 78' lang='grc' dir='ltr'>ἀναλογιεῖς</span> <span class='ocrx_word' id='word_1_889' title='bbox 2906 5804 2992 5873; x_wconf 66' lang='lat'><strong>(1’).</strong></span> 
     </span>
    </p>
   </div>
  </div>
