3976 6226
501 324 598 381 37!
671 335 682 346 ‘

1585 373 1588 378 -
1683 331 2028 389 ΤιιΕουοιιι
2066 332 2543 390 MOPSUESTENI

3652 327 3745 381 5Ἱῖ

500 445 580 518 τῷ
622 450 764 522 Θεῷ,
794 451 854 515 ὃς
880 451 1097 524 ἀπάσης
1122 453 1324 525 Κύριος
1353 454 1428 507 ῶν
1454 456 1551 526 τῆς
1582 456 1702 526 γῆς,
1731 456 1947 511 ἃπασαν
1969 457 2148 511 αὐτῶν
2199 457 2337 511 κατά
2357 457 2419 510 τὸ
2443 455 2630 511 δοκοῦν
2659 454 2874 524 ἀφανιεῖ
2889 453 2986 524 τὴν
3013 449 3190 522 ἰσχύν·
3224 446 3342 503 εῗτα
3361 447 3459 521 τὴν
3486 446 3590 502 τῶν
3617 447 3752 502 ἐναν.

503 542 634 594 τίων
689 545 1031 617 ἐπιχείρησιν
1063 546 1234 616 λέγων
1253 548 1395 619 ὑπὲρ
1417 543 1486 621 ἧς
1523 549 1588 620 δὴ
1612 550 1681 602 τά
1703 551 1934 622 ῥηθέντα
1963 550 2342 621 ὑπομένουσιν·

1182 726 1332 780 CAP.
1373 726 1441 780 V.

597 835 761 891 Vens.
788 837 840 899 1,
873 838 926 892 2,
953 867 1022 878 --
1055 857 1075 890 ‹
1114 839 1270 894 Nunc
1310 843 1615 911 scpimento
1655 843 1897 912 scpietur
1932 843 2037 898 filia
2075 859 2090 897 :

525 927 867 982 obsidionem
915 939 1217 999 posuerunt
1261 933 1418 986 vobis
1447 947 1462 984 :
1491 933 1641 1003 virga
1688 935 1991 1002 percutient
2039 934 2092 988 in

523 1019 746 1074 maxilla
802 1021 980 1077 tribus
1015 1020 1253 1077 lsraelis.
1303 1042 1321 1074 ι
1378 1022 1503 1078 Il:ec
1554 1025 1843 1093 patientur,
1892 1025 2092 1094 inquit,

524 1112 653 1181 quia
712 1127 941 1167 numero
1001 1114 1321 1184 viribusque
1363 1117 1479 1170 suis
1519 1116 1746 1171 fidentes
1780 1126 2084 1184 venerunt,

525 1205 801 1274 sepientcs
839 1219 937 1259 vos
973 1213 1027 1259 et
1076 1205 1488 1262 circumdautes
1538 1223 1638 1262 ceu
1690 1215 1924 1278 quadam
1965 1225 2095 1280 sepe

524 1294 874 1351 multitudine
908 1311 1030 1359 sua,
1060 1305 1120 1350 ut
1153 1299 1580 1368 comprehensos
1610 1315 1802 1355 omnes
1847 1299 2094 1356 funditus

523 1385 788 1457 perdant;
821 1403 884 1440 ac
928 1388 1322 1458 propemodum
1377 1391 1615 1445 maxillis
1659 1391 1859 1445 vestris
1897 1399 2092 1460 poten-

528 1484 614 1530 tiae
637 1492 750 1531 sum
781 1478 1004 1534 verbera
1038 1477 1363 1548 indigentes.
1399 1481 1520 1535 Mox
1549 1482 1714 1536 etiam
1745 1482 1871 1536 belli
1896 1483 2088 1538 ducem

525 1567 681 1634 dicit,
725 1576 784 1641 ut
831 1570 1086 1625 ostendat
1139 1572 1253 1625 hazc
1307 1587 1430 1627 esse
1472 1580 1756 1633 eventura.
1803 1583 2088 1642 propterea

524 1661 670 1730 quod
698 1660 778 1715 eis
803 1661 1088 1730 imperabit
1124 1663 1214 1716 ille
1246 1664 1339 1732 qui
1368 1665 1644 1719 voluntate
1677 1664 1768 1719 Dei
1799 1664 1864 1719 ad
1899 1665 1950 1719 id
1975 1661 2089 1718 olli-

525 1752 670 1806 cium
716 1761 803 1806 est
850 1762 1156 1823 promotus.
1197 1774 1215 1805 ‹
1263 1755 1328 1808 Et
1382 1765 1475 1817 tu.
1539 1756 1852 1812 Bcthlehem
1898 1757 2092 1812 domus

524 1843 839 1914 Ephrathat,
893 1861 1236 1916 nequaquam
1274 1847 1496 1901 minima
1523 1863 1614 1913 es,
1645 1857 1704 1902 ut
1733 1849 1808 1904 sis
1843 1849 1895 1903 in
1931 1849 2093 1902 milli-

525 1936 630 1989 bus
660 1933 812 1989 Iudae
863 1952 877 1988 :
916 1951 982 1990 ex
1020 1945 1073 1990 te
1118 1936 1252 1990 mihi
1292 1938 1436 1992 exict
1484 1938 1576 2008 qui
1616 1939 1687 1993 sit
1741 1939 1993 2009 princeps
2037 1940 2089 1994 in

527 2026 756 2094 lsraele;
785 2035 839 2083 et
859 2029 1204 2100 egressiones
1244 2031 1364 2098 ejus
1408 2031 1562 2100 191
1605 2031 1674 2084 ah
1701 2031 1892 2096 initio,
1927 2048 1956 2085 a
1979 2031 2095 2086 die-

526 2121 630 2176 bus
656 2123 994 2176 aeternitatis.
1036 2143 1053 2174 ι
1095 2123 1227 2177 Nam
1259 2125 1348 2194 qui
1385 2141 1527 2179 nunc
1569 2125 1880 2180 Bethlehem
1906 2127 2091 2181 orien-

525 2208 631 2265 dus
661 2225 752 2264 rex
789 2219 969 2268 vester
995 2220 1113 2275 est,
1153 2213 1367 2268 etiamsi
1417 2229 1512 2269 vos
1557 2215 1785 2284 exiguus
1833 2215 2092 2269 videmini

526 2317 787 2357 numerus
833 2319 941 2372 prae
987 2304 1082 2358 illo
1129 2304 1392 2366 hostium,
1437 2320 1559 2359 meo
1585 2313 1765 2360 tamen
1813 2305 1998 2361 favore
2041 2313 2094 2360 et

524 2393 756 2458 viribus,
803 2402 994 2450 contra
1047 2396 1288 2450 hostium
1341 2396 1564 2462 bellum,
1621 2399 1917 2452 multorum
1969 2399 2096 2453 licet

525 2495 689 2555 atque
715 2489 1016 2555 potentium
1039 2527 1052 2550 ,
1087 2487 1305 2542 abunde.
1344 2487 1612 2544 suﬂiciet:
1651 2489 2090 2559 quandoquidem

524 2578 746 2634 ccelitus
798 2579 848 2634 ei
897 2580 1011 2637 hazc
1057 2581 1253 2636 electio
1293 2581 1535 2645 obvenit,
1580 2582 1693 2650 jam
1741 2582 1866 2637 inde
1921 2582 1990 2636 ab
2031 2598 2096 2635 en

527 2679 794 2741 tempore,
823 2687 932 2742 quo
967 2672 1158 2726 Davidi
1185 2671 1327 2727 Deus
1351 2673 1604 2742 promisit
1640 2673 1756 2729 fore
1787 2682 1846 2726 ut
1878 2689 2100 2729 succes-

527 2764 746 2818 soribus
766 2763 887 2832 ejus
924 2779 1148 2834 regnum
1179 2773 1488 2819 conservet.
1519 2764 1700 2830 Quare
1737 2774 1791 2820 et
1828 2767 1914 2821 hic
1945 2767 2012 2819 ab
2033 2782 2098 2822 ea

524 2855 894 2926 promissione
939 2855 994 2908 in
1042 2871 1267 2926 regnum
1301 2865 1630 2926 provectus,
1666 2873 1764 2928 par
1809 2859 1914 2913 erit
1961 2873 2099 2929 pra:-

527 2948 763 3003 sentium
797 2949 1066 3003 malorum
1099 2949 1430 3004 sustinendae
1469 2950 1621 3004 moli.
1656 2950 2098 3020 Loquitur‘scili-

527 3045 617 3093 cet
637 3037 704 3093 de
730 3036 1065 3094 Zorobabele
1090 3057 1102 3092 :
1124 3039 1213 3093 hic
1243 3041 1386 3094 enim
1418 3049 1549 3094 tunc
1578 3047 1696 3095 erat
1729 3039 2097 3094 lsraelitarum

527 3147 645 3190 rex.
676 3131 878 3186 Davide
901 3131 1189 3198 oriundus,
1213 3149 1310 3203 per
1333 3141 1546 3202 tempus
1569 3132 1779 3187 reditus
1803 3132 2096 3205 Babylone,

526 3232 582 3277 et
610 3221 744 3302 (ἰοᾳί
770 3223 1032 3279 adversus
1060 3224 1398 3280 Hierusalem
1423 3224 1804 3296 expeditionis.

2122 717 2170 772 Α

2852 723 3008 776 ΚΕΦ.
3041 723 3116 776 E'.

2261 839 2410 908 Στίχ.
2446 846 2517 904 α’,
2548 835 2614 908 β’.
2642 867 2712 878 -—
2745 855 2764 886 ι
2804 834 2919 889 Νὗν
2962 833 3412 906 ἐμφραχθήσεται
3440 832 3677 903 Θυγάτηρ
3702 836 3753 886 ὲν

2192 930 2430 1002 φραγμῷ
2456 949 2470 962 ο
2518 930 2748 1000 συνοχὴν
2807 928 2993 993 ἔταξεν
3041 927 3125 996 ἐφ’
3164 928 3346 997 ὑμᾶς·
3379 926 3558 997 ῥάϐδῳ
3598 928 3755 980 πατάο

2193 1023 2370 1088 ξουσιν
2405 1025 2496 1076 ἐπὶ
2520 1023 2742 1092 σιαγόνα
2786 1022 2886 1084 τὰς
2917 1021 3086 1090 φυλὰς
3109 1020 3201 1073 τοῦ
3227 1018 3455 1090 Ἰσραήλ,
3491 1039 3508 1070 ι
3539 1019 3754 1072 Τοιαῦτα

2190 1117 2245 1170 δὲ
2306 1117 2604 1176 πείσονται,
2651 1116 2834 1186 φησὶν,
2867 1114 3007 1184 ὑπὲρ
3037 1107 3111 1166 ὧν
3144 1112 3220 1183 τῷ
3247 1129 3306 1165 τε
3345 1111 3537 1182 πλήθει
3577 1111 3664 1164 καὶ

2193 1210 2418 1280 δυνάμει
2439 1208 2766 1280 θαρροῦντες
2790 1207 3044 1278 τῇοίκεία
3073 1203 3455 1276 ἐπεληλύθασι,
3473 1205 3756 1274 περιφράτ·

2192 1318 2375 1363 τοντες
2398 1301 2540 1372 ὑμᾶς
2573 1300 2666 1353 καὶ
2710 1298 3128 1370 περιϐάλλοντες
3160 1297 3350 1366 ὥσπερ
3382 1296 3488 1348 τινὶ
3533 1295 3757 1365 φραγμῷ

2190 1390 2268 1461 τῷ
2289 1390 2484 1463 πλήθει
2512 1390 2589 1460 τῷ
2629 1389 2834 1459 οἰκείῳ,
2866 1388 2938 1451 ὡς
2983 1387 3049 1440 ἂν
3077 1385 3393 1455 συνέχοντες
3417 1384 3587 1454 ἄρδην
3619 1384 3757 1435 ἀπω-

2191 1481 2444 1554 λ[έσ]οιεν
2480 1483 2740 1545 ἃπαντας,
2768 1481 2862 1536 καὶ
2891 1481 3048 1551 μόνον
3085 1479 3183 1532 οὐκ
3203 1480 3290 1530 ἐπ’
3313 1477 3481 1538 αὐτὰς
3519 1477 3644 1546 ὑμῖν
3674 1475 3761 1537 τὰς

2194 1575 2446 1643 σιαγόνας
2468 1574 2566 1643 τῆς
2601 1573 2808 1626 ἑαυτῶν
2851 1572 3132 1642 δυνάμεως
3180 1570 3474 1636 ἐπάγοντες
3512 1568 3612 1630 τὰς
3641 1567 3764 1637 πλη-

2191 1665 2314 1733 γάς.
2351 1660 2482 1716 Εἶτα
2515 1664 2606 1717 καὶ
2637 1664 2728 1716 τὸν
2781 1661 3086 1734 ἡγούμενον
3137 1659 3230 1712 τοῦ
3291 1658 3528 1728 πολέμου
3585 1657 3760 1726 φησὶν.

2196 1758 2272 1821 ὡς
2327 1756 2392 1810 ἂν
2443 1755 2664 1820 δείξειεν
2713 1757 2794 1810 ὅτι
2847 1754 3020 1808 ταῦτα
3062 1754 3348 1822 γενήσεται
3381 1749 3468 1802 διὰ
3495 1749 3555 1802 τὸ
3585 1749 3763 1818 ἄρχειν

2197 1847 2376 1902 αύτῶν
2405 1848 2496 1900 τὸν
2555 1847 2750 1920 γνώμῃ
2799 1845 2935 1900 Θεοῦ
2963 1845 3099 1914 πρὸς
3131 1843 3287 1896 τοῦτο
3319 1842 3572 1912 ἠγμένον.
3607 1858 3625 1890 ι
3665 1838 3766 1892 Καὶ

2201 1941 2286 2005 σὺ,
2340 1940 2608 2011 Βηθλεὲμ,
2660 1935 2807 2002 οἶκος
2868 1938 2962 1992 τοῦ
3003 1935 3266 2008 Ἐφραθά,
3305 1937 3380 2006 μὴ
3419 1935 3688 2002 ὀλίγιστος
3723 1929 3768 1984 εί

2197 2033 2290 2086 τοῦ
2330 2029 2467 2086 εἶναι
2499 2035 2556 2085 ἐν
2595 2033 2828 2102 χιλιάσιν
2863 2029 3063 2084 Ίούδα’
3097 2030 3162 2081 ἐκ
3196 2025 3290 2080 σοῦ
3316 2044 3406 2098 μοι
3435 2026 3766 2090 ἐξελεύσεται

2196 2124 2287 2178 τοῦ
2317 2121 2454 2178 εἶναι
2487 2125 2565 2188 είς
2615 2124 2850 2195 ἄρχοντα
2887 2124 2945 2174 ἐν
2977 2121 3054 2191 τῷ
3095 2120 3312 2191 Ἰσραήλ
3340 2135 3354 2149 ⁸
3397 2118 3490 2171 καὶ⁵
3521 2119 3574 2170 αἱ
3612 2117 3768 2183 ἔξοδοι

2199 2216 2361 2270 αύτοῦ
2389 2218 2480 2269 ἀπ’
2505 2216 2678 2288 ἀρχῆς
2711 2216 2768 2280 ἐξ
2795 2213 3016 2286 ἡμερῶν
3052 2211 3266 2274 αἰῶνος.
3295 2229 3312 2259 ι
3360 2211 3418 2264 '0
3450 2211 3559 2281 γὰρ
3584 2211 3648 2262 ἐκ
3676 2207 3769 2276 τῆς

2199 2309 2444 2380 Βηθλεέμ
2473 2310 2565 2361 νύν
2619 2305 2917 2377 βασιλεύων
2965 2304 3140 2374 ὑμῶν,
3179 2304 3251 2372 (p.
3286 2303 3416 2366 99!)
3448 2300 3550 2353 κᾶν
3601 2298 3773 2368 εύαρίο

2199 2400 2394 2471 θμητοί
2420 2415 2564 2462 τινες
2617 2394 2754 2450 εἶναι
2818 2394 3064 2465 δοκοίητε
3115 2392 3249 2464 πρὸς
3289 2393 3414 2452 τοὺς
3461 2389 3769 2458 πολεμίους,

2197 2496 2264 2564 τῇ
2315 2493 2420 2562 ἐμῇ
2473 2508 2535 2560 γε
2567 2491 2705 2560 ῥοπῇ
2747 2505 2808 2541 τε
2863 2487 2956 2540 καὶ
2986 2486 3231 2555 δυνάμει.
3265 2481 3408 2552 μάλα
3437 2498 3499 2549 γε
3529 2481 3666 2550 πρὸς
3687 2479 3775 2531 τὸν

2201 2585 2308 2640 τῶν
2329 2583 2581 2637 ἐναντίων
2619 2583 2854 2652 πόλεμον
2884 2577 3094 2632 πολλῶν
3124 2594 3181 2629 τε
3210 2575 3377 2628 ὄντων
3411 2573 3505 2627 καὶ
3535 2569 3774 2624 δυνατῶν

2202 2677 2428 2748 ἀρκέσει
2450 2693 2465 2706 ·
2491 2674 2786 2743 ἐπειδήπερ
2814 2670 3019 2724 ἄνωθεν
3043 2665 3210 2720 αὑτοῦ
3233 2667 3332 2736 τὴν
3357 2661 3630 2735 προϐολὴν
3655 2659 3777 2714 ταύ-

2200 2785 2298 2838 την
2322 2765 2580 2836 τετάχθαι
2615 2762 2960 2833 συμϐέϐηκεν
2983 2776 2996 2790 ·
3023 2758 3172 2825 ἐξότε
3199 2773 3305 2826 περ
3337 2754 3472 2825 πρὸς
3491 2752 3584 2805 τὸν
3621 2749 3776 2804 Δαυὶδ

2202 2859 2564 2929 ἐπηγγείλατο
2609 2856 2759 2918 Θεὸς.
2792 2854 2874 2906 ὅτι
2902 2855 3014 2915 τοῖς
3062 2850 3122 2914 ἐξ
3168 2847 3332 2903 αὐτοῦ
3365 2844 3503 2898 κατά
3529 2841 3776 2929 διαδοχὴν

2203 2927 2426 3021 φυλάξει
2460 2951 2558 3021 τὴν
2584 2946 2861 3019 βασιλείαν
2881 2963 2896 2976 ·
2920 2944 2978 3009 ἐξ
3030 2942 3247 3013 ἐκείνης
3271 2939 3326 2992 δὲ
3370 2937 3462 2990 καὶ
3501 2927 3660 2997 οὗτος
3685 2933 3780 3002 τῆς

2205 3041 2532 3112 ἐπαγγελίας
2555 3036 2994 3110 προϐεϐλημένος
3015 3035 3094 3097 εἰς
3111 3033 3210 3102 τὴν
3233 3027 3529 3101 βασιλείαν,
3556 3022 3780 3095 ἀρκέσει

2207 3136 2343 3204 πρὸς
2372 3133 2434 3188 τὺ
2465 3132 2692 3204 μέγεθος
2712 3129 2820 3183 τῶν
2837 3127 3126 3200 ἳταρὸντων
3159 3121 3346 3178 κακῶν
3364 3139 3376 3152 ·
3404 3119 3549 3188 λέγει
3587 3117 3645 3170 δὲ
3694 3115 3781 3204 τὸν

2207 3203 2541 3296 Ζοροϐάϐελ·
2598 3215 2752 3284 οὗτος
2805 3221 2913 3290 γὰρ
2957 3213 3024 3288 ἦν
3085 3216 3113 3268 ὁ
3158 3214 3279 3267 τότε
3339 3209 3642 3281 βασιλεύων
3676 3203 3782 3256 τῶν

540 3299 906 3386 Ἰσραηλιτῶν,
959 3317 1022 3369 ἐκ
1071 3315 1162 3368 τοῦ
1211 3316 1371 3370 Δαυὶδ
1420 3315 1806 3385 καταγόμενος,
1849 3317 2083 3387 ὁπηνίκα
2133 3319 2230 3388 ἥτε
2287 3318 2351 3370 ἐκ
2388 3313 2704 3376 Βαϐυλῶνος
2760 3311 3014 3371 ἐπάνοδος
3068 3306 3296 3374 ἐγίνετο,
3341 3303 3436 3356 καὶ
3466 3298 3672 3370 οἱπερὶ
3695 3297 3786 3348 τὸν

529 3407 654 3478 Γὼγ
684 3412 798 3474 τοῖς
855 3411 996 3465 κατά
1041 3413 1138 3483 τὴν
1177 3411 1530 3482 Ἰερουσαλὴμ
1590 3411 1833 3465 ἐπελθεῖν
1887 3413 2264 3482 ἐπεχείρησαν.

601 3543 709 3600 Sed
753 3519 944 3600 tamen
979 3543 1113 3598 illud
1147 3559 1366 3614 quoque
1399 3543 1750 3600 manifestum
1783 3554 1869 3602 est
1895 3585 1912 3609 .
1951 3545 2098 3615 quod

2274 3545 2441 3617 Δήλου
2472 3560 2534 3612 γε
2567 3543 2720 3606 ὄντος
2763 3541 2993 3604 ἐκείνου,
3027 3540 3110 3593 ὅτι
3131 3537 3236 3592 κᾶν
3269 3535 3398 3606 περὶ
3431 3533 3522 3586 τοῦ
3551 3528 3790 3602 Ζοροϐά-

529 3635 748 3692 etiamsi
787 3636 854 3691 de
905 3635 1236 3690 Zorobabele
1267 3675 1282 3698 .
1331 3637 1631 3692 secundum
1679 3638 2095 3708 praecedentium

2204 3639 2297 3693 ϐελ
2341 3641 2405 3693 ἐκ
2458 3639 2557 3708 τῆς
2615 3636 2723 3689 τῶν
2773 3633 3145 3702 προκειμένων
3197 3627 3516 3688 ἀκολουθίας
3571 3624 3791 3694 εἴρηται

529 3736 812 3795 tenorem,
849 3729 994 3784 dicta
1046 3729 1157 3786 sint
1193 3731 1324 3790 haec,
1371 3731 1463 3802 qui
1509 3732 1574 3786 de
1611 3731 1832 3786 Davidis
1865 3733 2098 3803 posteris

530 3831 671 3884 erat.
695 3822 1053 3876 nihilominus
1085 3839 1246 3879 verus
1269 3825 1540 3878 dictorum
1575 3826 1843 3879 terminus
1874 3827 1926 3877 in
1947 3823 2101 3878 Chri.

533 3921 620 3967 sto
652 3912 882 3970 Domino
912 3916 1116 3968 exitum
1159 3916 1439 3984 habuerit;
1486 3919 1613 3986 quia
1649 3929 1703 3972 et
1757 3927 1870 3972 tota
1905 3919 2094 3973 Davidi

533 4005 678 4058 facta
718 4005 1012 4073 promissio
1064 4007 1130 4060 de
1177 4009 1331 4076 regni
1389 4009 1840 4073 continuatione,
1886 4011 2102 4065 videtur

515 4097 716 4169 ,priore
733 4096 1039 4168 signiﬁcatu
1064 4113 1412 4154 successores
1431 4100 1550 4169 ejus
1573 4101 1834 4155 denotare
1855 4103 1907 4156 in
1937 4120 2102 4174 regno

533 4187 787 4254 lsraelis;
828 4203 886 4243 re
915 4198 1096 4241 tamen
1128 4203 1254 4242 vera
1281 4189 1563 4245 Christum
1598 4191 1886 4248 Dominum
1919 4196 2102 4248 incar-

535 4291 726 4338 natum
761 4281 1040 4353 portendit
1066 4323 1079 4344 ,
1109 4283 1199 4352 qui
1235 4283 1301 4338 de
1331 4283 1550 4340 Davidis
1577 4289 1990 4344 successoribus
2013 4304 2102 4342 or-

534 4387 645 4440 tus,
675 4392 861 4431 verum
893 4385 949 4431 et
977 4376 1318 4432 immutabile
1343 4393 1568 4448 regnum
1601 4387 1767 4435 tenet.
1803 4382 2100 4451 Atqnehoc

2205 3731 2396 3794 ταῦτα,
2435 3733 2497 3782 ἐκ
2528 3730 2628 3800 τῆς
2655 3727 2745 3780 τοῦ
2775 3725 2934 3779 Δαυὶδ
2963 3721 3334 3792 καταγομένου
3359 3717 3630 3785 διαδοχῆς,
3657 3713 3792 3768 ἀλλὰ

2207 3825 2266 3877 τό
2301 3842 2363 3894 γε
2407 3823 2601 3893 ἀληθὲς
2649 3821 2757 3874 τῶν
2798 3818 3097 3890 εἰρημένων
3131 3815 3305 3884 πέρας
3334 3809 3429 3880 τὴν
3460 3807 3685 3860 ἑκϐασιν
3718 3803 3790 3856 εί-

2208 3919 2375 3988 ληφεν
2409 3918 2501 3970 ἐπὶ
2537 3915 2631 3969 τοῦ
2669 3913 2939 3967 Δεσπότου
2979 3906 3248 3982 Χριστοῦ·
3282 3906 3402 3956 ἐπεὶ
3441 3903 3532 3955 καὶ
3570 3901 3726 3952 πᾶσα
3758 3900 3792 3968 ἠ

2205 4010 2339 4082 πρὸς
2364 4009 2454 4062 τὸν
2486 4007 2647 4061 Δαυὶδ
2676 4003 2974 4073 ἐπαγγελία
3007 4001 3136 4072 περὶ
3163 3997 3257 4052 τοῦ
3295 3993 3636 4067 βασιλεύσειν
3666 3990 3791 4052 τοὺς
3823 4045 3826 4048 ,

2202 4102 2260 4166 ἐξ
2308 4101 2470 4156 αὑτοῦ
2521 4099 2808 4169 γενομένη,
2859 4097 3006 4148 δοκεῖ
3050 4094 3146 4164 μὲν
3179 4090 3324 4146 κατὰ
3373 4087 3590 4160 πρῶτον
3633 4085 3792 4152 λόγον

2205 4195 2488 4264 σημαίνειν
2532 4193 2658 4256 τοὺς
2714 4189 2856 4243 κατά
2909 4185 3156 4255 διαδοχὴν
3198 4181 3257 4247 ἐξ
3301 4180 3463 4234 αὐτοῦ
3498 4177 3794 4246 γεγονότας

2207 4286 2464 4358 βασιλέας
2492 4284 2586 4338 τοῦ
2630 4281 2875 4354 ἰσραήλο
2916 4281 2982 4350 τῇ
3027 4276 3256 4347 ἀληθείᾳ
3287 4274 3343 4326 δὲ
3393 4272 3484 4325 τὸν
3509 4269 3796 4336 Δεσπότην

2206 4377 2439 4449 Χριστὸν
2471 4377 2534 4430 τὸ
2563 4375 2703 4429 κατὰ
2733 4374 2909 4444 σάρκα
2950 4369 3162 4440 μηνύει,
3192 4366 3249 4430 ὃς
3281 4368 3345 4418 ἐκ
3371 4363 3469 4433 τῆς
3498 4360 3593 4414 τοῦ
3630 4358 3798 4413 Δαυὶδ

2208 4469 2452 4540 διαδοχῆς
2484 4467 2740 4536 γεγονὼς,
2778 4466 2852 4536 (p.
2894 4463 3020 4531 9.92)
3063 4459 3238 4532 ἀληθῆ
3276 4456 3368 4510 καὶ
3409 4453 3802 4522 ἀπαρασάλευ-

2208 4578 2299 4614 τον
2331 4561 2442 4631 ἕχει
2477 4558 2584 4613 τῶν
2615 4559 2867 4612 ἁπάντων
2903 4555 3000 4628 τὴν
3041 4550 3335 4625 βασιλείαν.
3381 4548 3493 4601 Καὶ
3531 4545 3702 4596 τοῦτό
3737 4560 3798 4610 γε

2209 4652 2317 4706 ἀπὸ
2341 4651 2433 4704 τού
2467 4647 2822 4721 ὀγδοηκοστοΰ
2862 4647 2955 4700 καὶ
2996 4645 3180 4714 ὀγδόου
3210 4638 3424 4711 ψαλμοῦ
3457 4636 3802 4705 σαφέστερον

2209 4744 2361 4814 γνοίη
2391 4761 2475 4806 τις
2507 4743 2592 4808 ἂν,
2623 4741 2750 4794 ἔνθα
2777 4740 2842 4812 δὴ
2882 4737 3131 4809 σημαίνει
3163 4735 3258 4804 μὲν
3289 4736 3348 4786 τὸ
3380 4729 3477 4793 τὰς
3514 4727 3804 4797 βασιλείας

2209 4832 2537 4901 ἐπαγγελίας
2583 4833 2692 4892 τοῖς
2740 4829 2800 4892 ἐξ
2851 4829 3014 4881 αὐτού
3067 4823 3204 4878 κατὰ
3241 4819 3484 4890 διαδοχὴν
3513 4816 3808 4886 ἐσομένοις

537 4939 593 4984 et
628 4929 872 4998 justitias
905 4944 1055 4984 meas
1087 4927 1528 4999 profanaverint,
1569 4940 1622 4986 et
1671 4932 1928 4986 mandata
1982 4947 2095 4986 mea

2211 4928 2539 4996 προσήκειν·
2568 4922 2694 4990 περὶ⁸
2733 4916 2808 4974 ὢν
2848 4919 2910 4984 δή
2953 4932 3146 4988 φησιν’
3181 4934 3199 4964 ε
3253 4911 3376 4964 Ἐὰν
3412 4908 3807 4976 ἐγκαταλίπωη

2725 5012 2737 5014 ε
2827 5011 2837 5014 _
2968 5011 2976 5014 _
3339 5005 3350 5014 .
3476 5003 3496 5014 .
3651 4998 3662 5013 .
3797 4996 3809 5014 .

537 5035 648 5077 non
667 5022 1058 5087 custodierint;
1077 5022 1311 5076 visitabo
1326 5026 1378 5080 in
1395 5023 1544 5093 virga
1558 5023 1873 5093 iniquitates
1889 5039 2095 5088 eorum,

2212 5034 2295 5070 σιν
2349 5017 2397 5067 οἱ
2441 5014 2547 5067 υἱοὶ
2587 5012 2750 5066 αὑτοῦ
2791 5011 2882 5065 τὸν
2921 5011 3081 5080 νόμον
3121 5023 3243 5078 μου,
3269 5005 3363 5057 καὶ
3415 5005 3525 5062 τοῖς
3563 5005 3810 5069 κρίμασι

539 5113 673 5168 etin
707 5115 1028 5171 verberibus
1051 5123 1272 5185 peccata
1293 5130 1480 5170 eorum
1509 5135 1522 5169 :
1553 5115 1983 5171 misericordiam
2007 5131 2095 5170 au-

2210 5127 2310 5180 μου
2348 5109 2422 5178 μὴ
2454 5105 2778 5176 πορευθῶσι,
2811 5103 2902 5157 καὶ
2942 5102 3010 5155 τὰ
3036 5095 3376 5168 δικαιώματά
3412 5110 3512 5161 μου
3546 5090 3809 5160 βεϐηλὼε

2793 5197 2798 5198 ,
3123 5191 3132 5198 .
3283 5194 3290 5198 _
3321 5185 3370 5198 ..
3569 5185 3582 5198 .
3695 5197 3704 5198 ,
3760 5179 3774 5198 ι

538 5213 652 5259 tem
701 5220 874 5260 meam
903 5221 1014 5260 non
1052 5179 1370 5277 dispergam
1405 5206 1475 5260 ab
1500 5206 1582 5260 eis
1621 5207 1686 5259 ⁸⁸.
1713 5226 1732 5258 ι
1767 5207 1928 5262 Certe
1957 5216 2095 5278 patet

2207 5222 2362 5268 σωσι,
2401 5202 2494 5256 καὶ
2527 5200 2624 5263 τὰς
2669 5197 2888 5258 ἐντολάς
2925 5211 3023 5265 μου
3078 5191 3151 5262 μὴ
3201 5185 3526 5258 φυλάξωσιν,
3565 5179 3813 5234 ἐπισκέ-

3003 5287 3012 5290 -
3160 5283 3171 5290 .
3225 5280 3248 5290 ..
3427 5278 3436 5290 .
3485 5277 3496 5290 .
3633 5275 3647 5290 .
3767 5273 3790 5290 ρ

541 5298 837 5352 convenire
872 5298 986 5354 haec
1015 5298 1239 5355 Davidis
1273 5300 1690 5356 successoribus
1717 5299 1932 5354 lsraelis
1965 5300 2095 5368 regi.

2206 5298 2382 5367 ψομαι
2412 5297 2468 5346 ἐν
2514 5292 2692 5365 ῥάϐδῳ
2728 5291 2826 5353 τάς
2852 5287 3081 5356 ἀνομίας
3115 5280 3311 5342 αὐτῶν,
3355 5278 3449 5331 καὶ
3481 5277 3538 5328 ἐν
3571 5273 3814 5343 μάστιξι

542 5387 648 5442 bus
696 5387 942 5455 futuris;
1005 5406 1146 5460 quos
1202 5391 1420 5460 quidem
1457 5399 1746 5458 peccantes
1789 5367 2095 5460 puniturum

2208 5391 2307 5454 τὰς
2339 5389 2550 5450 ἀδικίας
2599 5384 2805 5439 αὑτῶΨ
2846 5382 2906 5434 τὸ
2936 5379 2993 5431 δὲ
3037 5375 3182 5437 ἔλεός
3228 5389 3328 5443 μου
3371 5370 3432 5423 οὐ
3467 5367 3540 5440 μὴ
3578 5367 3826 5460 διασκεο

548 5479 706 5550 192
739 5495 798 5534 se
829 5482 1082 5549 spondet.
1123 5499 1231 5537 non
1253 5491 1434 5537 tamen
1468 5497 1638 5552 regno
1661 5482 1888 5537 omnino
1921 5483 2095 5537 exclu-

2211 5483 2358 5536 δάσω
2389 5481 2482 5534 ἀπ’
2509 5477 2705 5532 αὐτῶν.
2747 5493 2764 5525 ι
2794 5471 2972 5526 Ταῦτα
3001 5467 3109 5538 γὰρ
3143 5463 3362 5536 εὔδηλον
3400 5463 3476 5514 ὅτι
3517 5461 3636 5521 τοῖς
3676 5457 3820 5511 καθ-

545 5548 757 5626 ευι-ιιιη.
790 5571 974 5642 Pergit
1002 5582 1178 5628 autem
1210 5574 1472 5630 denotare
1502 5572 1778 5629 Christum
1814 5573 2095 5631 Dominum

2213 5571 2339 5637 εξῆς
2381 5571 2488 5625 ἀπὸ
2519 5567 2611 5622 τοῦ
2645 5563 2803 5620 Δαυὶδ
2840 5557 3230 5630 καταγομένοις
3266 5571 3325 5607 τε
3361 5550 3611 5624 μέλλουσι
3652 5548 3824 5619 βασιο

533 4485 602 4523 ex
629 4468 963 4539 octogesimo
992 4470 1294 4540 praesertim
1316 4479 1510 4526 octavo
1536 4473 1745 4541 psalmo
1769 4489 2100 4543 cognoscere

536 4560 717 4632 quivis
766 4560 1052 4616 manifeste
1100 4571 1316 4631 potest;
1348 4563 1440 4617 ubi
1469 4563 1733 4628 aflirmat,
1773 4565 1926 4634 regni
1979 4581 2103 4636 pro-

535 4652 830 4708 missiones
853 4652 922 4707 ad
944 4653 1115 4723 ipsius
1140 4662 1386 4722 posteros
1425 4671 1775 4711 successores
1805 4657 2098 4725 pertinere.

536 4743 614 4799 De
646 4744 848 4814 quibus
882 4754 1061 4800 tamen
1092 4745 1261 4799 dicit:
1305 4765 1322 4796 ‹
1350 4745 1406 4800 Si
1433 4746 1822 4817 dereliquerint
1855 4747 1948 4800 filii
1982 4748 2103 4816 ejus

536 4837 710 4907 legem
739 4852 939 4902 meam,
966 4847 1020 4891 et
1044 4839 1097 4891 in
1117 4838 1342 4907 judiciis
1369 4839 1506 4894 meis
1539 4857 1648 4895 non
1680 4841 2098 4903 ambulaverint,

616 5766 665 5800 ⁸⁸
702 5765 845 5828 Psal.
882 5785 1148 5836 Lxxxvm,
1189 5771 1369 5828 Iit-5t.
1415 5807 1420 5810 -
