3976 6226
209 218 315 305 5:3

1203 220 1751 282 COMMENTANUS
1787 219 1854 276 IN
1893 200 2195 277 nucum/£2
2240 220 2392 277 cap.
2433 220 2497 275 v.

3353 223 3457 278 ’ὅτι

209 340 391 395 λεύειν
418 339 515 394 τοῦ
550 340 763 413 Ἰσραὴλ
807 343 1097 415 ἁρμόσειεν
1136 344 1221 412 ἂν,
1252 346 1354 411 ὀὓς
1393 346 1665 405 παιδεύειν
1699 344 1789 409 μὲν

1903 341 2266 405 incarnatum,
2302 341 2355 394 in
2392 355 2499 409 quo
2530 341 2955 411 promissionum
2997 357 3219 399 suarum
3261 344 3457 396 verita-

209 430 628 499 ἁμαρτάνοντας
683 431 1042 500 ὑπισχνεῖται,
1099 434 1158 486 οὐ
1214 436 1322 505 μὴν
1375 435 1649 498 παντελῶς
1703 430 1796 498 ἐξ·

210 519 474 573 ωθεῖσθαι
524 523 621 591 τῆς
667 521 979 591 βασιλείας·
1024 524 1214 595 μηνύει
1265 527 1322 579 δὲ
1362 527 1667 598 προϐαίνων
1702 528 1796 580 τὸν

211 613 360 666 κατὰ
392 614 568 685 σάρκα
609 614 888 683 Δεσπότην
932 616 1181 684 Χριστὸν,
1225 618 1308 686 ἐφ’
1354 615 1524 691 οὗπερ
1551 620 1657 674 τῶν
1694 622 1795 674 ἐπ-

210 701 486 770 αγγελιῶν
514 702 619 754 τῶν
639 704 855 756 οἰκείων
885 705 1079 774 ἀληθὲς
1111 706 1277 771 ἔδειξε
1304 708 1364 761 τὸ
1393 709 1563 781 πέρας
1584 712 1611 762 ό
1640 711 1792 772 Θεός’

209 791 274 844 τὸ
308 792 439 862 γὰρ,
492 812 511 844 ι
565 793 812 865 Θήσομαι
850 796 929 859 εἰς
976 796 1067 848 τὸν
1114 797 1285 851 αἰῶνα
1338 799 1429 852 τοῦ
1488 801 1677 865 αἰῶνος
1732 801 1796 854 τὸ

212 884 438 954 σπέρμα
468 883 653 945 αὐτοῦ,
681 885 776 937 καὶ
808 885 899 938 τὸν
931 886 1115 957 θρόνον
1157 888 1318 942 αὐτοῦ
1351 889 1425 954 ὡς
1449 890 1550 955 τὰς
1579 892 1795 963 ἡμέρας

208 972 304 1027 τοῦ
345 975 720 1044 οὖρανοῦ,καὶ
770 977 832 1029 τὸ
880 978 1097 1048 σπέρμα
1146 981 1306 1034 αὐτοῦ
1355 984 1433 1046 είς
1478 983 1567 1037 τὸν
1620 984 1791 1037 αἰῶνα

213 1063 386 1132 μένει,
415 1066 511 1117 καὶ
537 1067 565 1118 ό
600 1065 788 1136 θρόνος
815 1069 979 1123 αὐτοῦ
1018 1071 1093 1135 ὼς
1136 1074 1163 1125 ὁ
1202 1072 1347 1142 ἥλιος
1393 1074 1630 1125 ἐναντίον
1667 1091 1788 1144 μου,

210 1155 301 1207 καὶ
337 1155 477 1228 ῶςή
509 1158 699 1229 σελήνη
734 1163 1140 1235 κατηρτισμένη
1175 1165 1253 1228 είς
1281 1165 1368 1217 τὸν
1394 1165 1622 1227 uicinia,»
1658 1169 1791 1238 πρό-

208 1245 366 1316 δηλον
400 1248 479 1312 ὡς
515 1250 601 1302 ἐπ’
633 1250 844 1314 οὐδενὸς
892 1253 990 1323 μὲν
1032 1255 1140 1307 τῶν
1184 1255 1437 1327 διαδόχων
1475 1256 1585 1321 ἕξει
1612 1258 1791 1329 χώραν

208 1339 513 1411 λεγόμενα*
558 1346 635 1413 (p.
682 1343 809 1413 295)
870 1346 1054 1414 σαφῶς
1104 1347 1161 1400 δὲ
1214 1347 1306 1401 τοῦ
1352 1348 1620 1401 Δεσπότου
1662 1350 1792 1419 Χρι-

211 1428 338 1481 στοῦ
356 1429 599 1485 δείκνυσι
746 1433 1018 1504 βασιλείαν
1039 1436 1257 1508 διηνεκῆ
1274 1454 1333 1491 τε
1360 1438 1454 1491 καὶ
1480 1438 1789 1501 ἀσάλευτον,

208 1521 352 1591 μετὰ
383 1522 583 1594 πολλῆς
612 1525 710 1595 μὲν
737 1527 836 1596 τῆς
867 1526 1167 1598 δυνάμεως,
1204 1528 1400 1599 πολλῆς
1431 1529 1486 1581 δὲ
1524 1530 1621 1600 τῆς
1656 1529 1793 1600 λαμ-

207 1615 504 1685 πρότητος,
551 1617 632 1679 είς
677 1617 767 1669 τὸν
818 1616 1007 1671 ἔπειτα
1049 1618 1335 1689 διαμένον·
1367 1617 1508 1671 οὕτω
1557 1619 1649 1671 καὶ
1695 1619 1792 1688 τὴν

1898 444 2005 487 tem
2050 433 2251 486 exitum
2304 433 2561 489 habuisse
2598 435 2839 489 ostendit
2876 434 3038 489 Deus.
3069 434 3200 487 Nam
3241 433 3405 487 verba
3440 450 3453 487 :

1904 523 2133 577 «Ponam
2157 524 2208 576 in
2236 524 2493 578 sazculum
2520 526 2701 580 sarculi
2733 541 2917 581 semen
2944 528 3096 598 ejus;
3124 539 3177 581 et
3201 526 3456 579 thronum

1896 612 2016 681 ejus
2045 614 2186 667 sicut
2214 613 2330 669 dies
2352 616 2497 677 caeli;
2530 625 2582 670 et
2612 630 2793 671 semen
2817 616 2933 685 ejus
2959 618 3195 671 manebit
3225 616 3277 669 in
3304 624 3460 670 aeter-

1897 695 2060 768 nuni;
2090 712 2142 757 et
2172 705 2401 760 thronus
2427 706 2546 775 ejus
2587 707 2729 761 sicut
2772 708 2851 760 sol
2892 708 2947 762 in
2986 714 3280 775 conspectu
3314 721 3456 769 meo,

1896 803 1950 850 et
2001 795 2142 849 sicut
2176 796 2301 849 luna
2340 796 2578 866 perfecta
2616 799 2669 851 in
2714 806 2974 852 aeternum
2998 798 3457 861 “,motissimuut

1896 896 1980 942 est
2012 888 2079 941 de
2123 888 2337 943 nemine
2366 904 2747 944 successorum
2780 887 3000 943 Davidis
3030 889 3134 942 dici
3169 890 3411 958 potuisse
3438 905 3455 943 ε

1897 981 2183 1051 perspicue
2205 989 2384 1036 autem
2408 980 2609 1036 Christi
2641 980 2854 1035 Domini
2886 996 3111 1051 regnum
3137 989 3457 1050 perpetuum

1896 1072 2204 1138 ostendere,
2258 1080 2309 1125 et
2351 1073 2625 1128 immobile
2656 1073 2827 1126 multa
2860 1087 2982 1126 cum
3024 1072 3222 1125 virtute
3263 1070 3458 1123 multo-

1892 1179 2000 1233 que
2026 1164 2309 1233 Splendore
2332 1164 2384 1217 in
2420 1173 2695 1233 posterum
2721 1172 2933 1234 tempus
2963 1172 3453 1233 perseveraturum.

1891 1256 2070 1323 Atque
2097 1255 2169 1306 ita
2201 1269 2439 1323 praesens
2463 1254 2854 1312 testimonium.
2878 1254 3207 1307 conveniens
3237 1252 3455 1321 quidem

1893 1345 2193 1401 secundum
2227 1346 2508 1400 veritatem
2552 1354 2714 1414 atque
2744 1345 3067 1400 evidentiam
3102 1353 3343 1397 actarum
3374 1359 3457 1396 rc-

1892 1452 2013 1491 rum
2065 1436 2461 1506 comperiemus
2513 1438 2565 1490 iu
2597 1438 2813 1491 Christo
2836 1432 3079 1495 Domino.
3114 1434 3266 1503 juxta
3296 1450 3457 1487 evan-

1894 1529 2125 1600 gelicum
2161 1535 2364 1581 textum
2402 1529 2483 1582 “z
2515 1528 2606 1583 sed
2648 1536 2826 1582 tamen
2864 1527 2967 1581 diei
2996 1528 3154 1578 etiam
3180 1525 3247 1578 de
3271 1533 3454 1593 postc-

1896 1616 1972 1669 ris
2008 1612 2265 1680 Davidis,
2296 1616 2389 1685 qui
2431 1631 2527 1685 per
2569 1623 2809 1684 tempora
2855 1615 3150 1668 secundum
3199 1615 3288 1667 Dei
3331 1629 3456 1683 pro-

207 1705 498 1774 παροῦσαν
531 1706 834 1777 μαρτυρίαν
862 1708 1233 1779 ἁρμόττουσαν
1268 1708 1365 1778 μὲν
1401 1708 1542 1761 κατὰ
1573 1709 1633 1761 τὸ
1660 1709 1789 1777 ἀλη·

1893 1706 2210 1761 missionem
2259 1722 2413 1777 reges
2461 1707 2673 1761 lsraelis
2704 1708 3030 1761 exstiterunt
3068 1724 3081 1759 :
3124 1706 3267 1760 unde
3308 1722 3456 1759 nunc

208 1792 301 1856 θὲς
327 1796 426 1847 καὶ
469 1795 859 1867 ἀναντίρρητον
899 1798 1007 1851 τῶν
1060 1800 1397 1874 πραγμάτων
1449 1800 1546 1853 ίδοι
1591 1818 1674 1862 τις
1728 1800 1794 1853 ἂν

206 1888 299 1940 ἐπὶ
324 1888 423 1941 τοῦ
457 1891 734 1942 Δεσπὸτου
778 1890 1036 1963 Χριστοῦ,
1073 1890 1213 1945 κατὰ
1262 1891 1361 1962 τὴν
1384 1893 1440 1944 ὲν
1478 1894 1591 1954 τοῖς
1626 1892 1795 1959 Εὐαγ-

205 1975 406 2043 γελίοις
461 1978 679 2047 φωνήνο
728 1978 1035 2050 λεγομένων
1072 1980 1137 2032 ὲκ
1182 1979 1275 2033 τοῦ
1330 1981 1489 2033 Δαυὶδ
1533 1981 1794 2051 βασιλέων

205 2066 298 2119 τοῦ
337 2068 558 2139 Ἰσραὴλ
597 2070 684 2123 δια
724 2070 822 2141 τὴν
857 2070 1183 2139 ἐπαγγελίαν
1210 2072 1306 2142 τὴν
1345 2072 1526 2125 θείαν·
1570 2074 1690 2127 ὅθεν
1730 2074 1795 2145 δὴ

208 2157 301 2209 καὶ
342 2157 441 2210 νῦν
483 2160 513 2211 ό
563 2160 870 2230 προφήτης,
912 2161 1003 2214 ἐπὶ
1034 2160 1126 2214 τοῦ
1164 2161 1463 2233 Ζοροϐάϐελ
1506 2163 1673 2233 αὐτὴν
1707 2164 1794 2227 ἐξ·

204 2247 426 2318 είληφεν
464 2250 726 2315 εἰκότωςο
758 2249 948 2321 ἐπειδὴ
966 2252 1075 2324 γὰρ
1106 2253 1174 2306 τὰ
1208 2254 1346 2324 μετὰ
1392 2254 1490 2326 τὴν
1536 2256 1793 2309 ἐπάνοδον

205 2337 359 2406 ἔλεγε
392 2340 497 2411 τὴν
538 2340 647 2393 ἀπὸ
688 2341 1020 2406 Βαϐυλῶνος,
1052 2345 1147 2396 καὶ
1186 2345 1284 2415 τὴν
1308 2344 1496 2413 ἔφοδον
1527 2345 1634 2398 τῶν
1666 2346 1794 2416 περὶ

206 2426 297 2479 τὸν
322 2426 470 2496 Ρὼγ,
499 2431 602 2502 τήν
632 2447 692 2482 τε
722 2431 1101 2501 ἐπενεχθεῖσαν
1138 2434 1321 2497 αὐτοῖς
1349 2435 1497 2505 παρὰ
1535 2435 1626 2488 τοῦ
1656 2435 1791 2487 Θεοῦ

205 2520 502 2588 τιμωρίαν,
528 2521 834 2586 ἀκολούθως
866 2524 1136 2595 μέμνηται
1170 2524 1380 2578 καὶτοῦ
1417 2526 1533 2579 κατ’
1555 2528 1790 2595 ἐπαγγε-

206 2609 326 2662 λίαν
358 2611 513 2664 θείαν
545 2614 611 2665 ὲκ
642 2614 742 2683 τῆς
768 2614 860 2668 τοῦ
896 2617 1057 2669 Δαυὶδ
1081 2617 1328 2687 διαδοχῆς
1364 2617 1461 2688 τὴν
1496 2619 1668 2689 ἀρχὴν
1697 2620 1790 2671 αύ-

205 2700 316 2753 τῶν
351 2702 474 2754 τότε
520 2706 975 2775 πεπιστευμένου,
1012 2707 1088 2771 ὡς
1138 2708 1202 2761 ἂν
1233 2709 1453 2773 δείξειεν
1485 2712 1577 2763 καὶ
1610 2710 1677 2763 τὰ
1704 2710 1789 2763 διὰ

1891 1798 2054 1851 etiam
2096 1799 2357 1868 propheta
2408 1800 2475 1853 de
2520 1797 2853 1853 Zorobahele
2913 1800 3110 1853 merito
3170 1798 3452 1852 intellexit.

1890 1889 2024 1944 Nam
2056 1906 2180 1945 cum
2205 1893 2271 1946 de
2294 1891 2456 1945 rebus
2476 1901 2595 1960 post
2628 1891 2857 1945 reditum
2877 1891 3148 1961 Babylone
3184 1892 3453 1958 loquatur,

1891 1990 1944 2035 et
1968 1981 2034 2035 de
2051 1981 2185 2050 (303i
2219 1981 2552 2042 incursione,
2579 1988 2940 2033 eonsentanee
2967 1980 3211 2032 meminit
3234 1988 3286 2033 et
3310 1979 3455 2032 illius

1892 2073 1959 2128 de
2016 2073 2235 2128 ltavidis
2271 2074 2440 2141 stirpe
2496 2072 2765 2133 hominis,
2824 2072 2912 2123 eui
2954 2080 3082 2124 tunc
3121 2071 3457 2140 principatus

1889 2165 2121 2218 traditus
2150 2174 2298 2225 erat;
2324 2171 2382 2216 ut
2412 2161 2698 2225 ostendat,
2728 2176 3066 2229 quaecunque
3098 2160 3183 2213 hic
3214 2161 3279 2214 ad
3307 2161 3458 2215 salu-

1890 2266 1996 2312 tem
2021 2256 2198 2325 gentis
2230 2254 2455 2316 fecerit,
2493 2270 2555 2308 ea
2584 2270 2647 2307 ex
2681 2253 2770 2306 Dei
2822 2253 2888 2305 ad
2931 2252 3182 2305 Davidem
3220 2253 3457 2322 promis-

1889 2349 2042 2404 sione
2080 2347 2186 2401 vim
2222 2347 2517 2415 accepisse.
2553 2344 2704 2399 Unde
2734 2353 2786 2400 et
2820 2345 2954 2397 dixit
2987 2364 3000 2398 :
3048 2362 3067 2394 ‹
3102 2343 3456 2414 Egressiones

1887 2439 2008 2507 ejus
2040 2436 2110 2491 ab
2139 2436 2317 2498 initio,
2352 2451 2379 2488 a
2401 2435 2593 2489 diebus
2622 2436 2944 2490 azternitatis
2966 2454 3011 2488 ει
3046 2436 3243 2505 quibus
3274 2436 3455 2490 verbis

1893 2528 2181 2600 signiﬁcat,
2202 2527 2345 2598 quod
2369 2543 2531 2597 supra
2558 2528 2763 2581 dictum
2795 2527 2896 2581 fuit
2923 2536 3083 2596 atque
3099 2526 3450 2597 promissum,

1895 2619 1949 2673 id
1979 2618 2145 2674 Deum
2170 2633 2361 2690 reapse
2392 2618 2827 2689 pronuntiavisse
2858 2657 2873 2681 .
2910 2626 3073 2688 atque
3110 2618 3177 2671 ab
3212 2617 3365 2672 initio
3394 2629 3456 2672 ut

1897 2711 2013 2766 fieri
2044 2718 2249 2781 posset,
2286 2710 2659 2765 constituisse.
2691 2707 2881 2762 Postea
2915 2708 3102 2764 addit:

207 2792 394 2846 τούτου
439 2797 571 2867 περὶ
616 2799 676 2851 τὸ
724 2799 875 2863 ἔθνος
916 2801 1361 2873 κατορθωθέντα,
1411 2803 1498 2857 διὰ
1528 2806 1624 2877 τὴν
1650 2802 1745 2876 ἤδη
1789 2806 2157 2877 γεγενημένην
2220 2805 2357 2877 πρὸς
2416 2805 2505 2858 τὸν
2577 2804 2738 2857 Δαυῒδ
2791 2803 3117 2872 ἐπαγγελίαν
3178 2802 3270 2856 τοῦ
3310 2803 3453 2857 Θεοῦ

208 2891 305 2959 τὴν
332 2891 488 2959 ἰσχὺν
528 2890 835 2961 εἰληφέναι·
863 2894 986 2947 ὅθεν
1036 2897 1128 2950 καὶ
1177 2892 1329 2950 εἶπεν
1387 2896 1467 2961 τὸ,
1510 2916 1527 2949 r
1566 2898 1630 2950 Δί
1666 2898 1833 2962 έξώοι
1883 2899 2045 2953 αὐτοῦ
2085 2900 2177 2952 ἀπ’
2211 2900 2383 2969 ἀρχῆς
2429 2898 2489 2963 ἐξ
2526 2898 2748 2970 ἡμερῶν
2782 2897 3006 2958 αἰῶνος·
3042 2916 3061 2950 ι
3095 2898 3180 2949 ἵνα
3216 2899 3345 2970 είπῃ
3374 2898 3454 2949 ὅτι

210 2984 276 3036 τὰ
304 2984 509 3036 ἄνωθεν
540 2985 803 3055 εἰρημένα
835 3003 893 3039 τε
942 2989 1035 3040 καὶ
1075 2990 1477 3062 ἐπηγγελμένα,
1543 2990 1694 3061 παρὰ
1743 2992 1836 3044 τοῦ
1878 2992 2013 3045 Θεοῦ
2049 2991 2407 3063 προεϐάλετο·
2452 2989 2638 3044 τοῦτον
2694 2991 2773 3054 είς
2806 2988 2901 3060 τὴν
2940 2989 3111 3060 ἀρχὴν
3167 2986 3459 3059 δυνηθῆναί

210 3090 267 3128 τε
292 3078 563 3147 πποίηκε
596 3076 839 3131 τοιαῦτα.
867 3075 999 3132 Εἶτα
1029 3081 1239 3149 ἐπάγειο

280 3252 426 3322 Στίχ.
454 3260 526 3321 γ’,
561 3255 623 3307 δ’.
652 3286 719 3295 ——
760 3274 778 3306 ι
816 3257 913 3310 Διὰ
940 3257 1095 3310 τοῦτο
1117 3258 1273 3312 δώσει
1301 3260 1495 3324 αὐτοὺς
1532 3261 1634 3323 ἕως
1672 3278 1790 3313 και·
1819 3265 1860 3321 C

215 3345 304 3413 ροῦ
335 3347 630 3415 τικτούσης
666 3349 896 3412 τέξεται.
931 3371 949 3401 ι
981 3352 1198 3405 Ὠδίνειν
1228 3354 1321 3406 καὶ
1360 3354 1560 3407 τίκτειν
1593 3354 1788 3407 πολλά-

216 3452 299 3498 κις
327 3438 361 3504 ἠ
392 3436 517 3489 θεία
546 3437 693 3505 λέγει
725 3440 912 3510 Γραφὴ
946 3441 1022 3511 (p.
1045 3441 1171 3508 294)
1202 3443 1263 3495 τὸ
1295 3445 1351 3496 ἐν
1384 3445 1529 3517 μέσῳ
1547 3447 1652 3500 τῶν
1675 3448 1785 3502 δει-

215 3526 316 3577 νῶν
339 3527 645 3595 παράδοξον
664 3534 762 3598 τὴν
784 3531 931 3583 θείαν
952 3533 1332 3600 ἀναφαίνεσθαι
1352 3535 1596 3607 βοήθειαν
1610 3555 1625 3570 ’
1643 3539 1782 3591 οὕτω

214 3613 362 3682 λέγει
383 3617 470 3679 τὸ,
505 3634 523 3665 ι
565 3618 663 3670 Διὰ
689 3619 780 3671 τὸν
807 3620 968 3689 φόϐον
994 3638 1107 3683 σου,
1135 3621 1323 3692 Κύριε,
1351 3626 1407 3676 ὲν
1437 3628 1632 3697 γαστρὶ
1659 3627 1779 3681 ἐλάα

219 3703 405 3773 ϐομεν,
446 3706 544 3757 καὶ
565 3706 922 3778 ὡδίνήσαμεν,
955 3710 1047 3762 καὶ
1078 3711 1333 3781 ἑτέκομεν
1355 3714 1568 3784 πνεῦμα
1606 3734 1780 3785 σωτη-

212 3794 330 3861 ρίας
359 3795 388 3847 ὃ
428 3795 693 3865 ἐποίησας
725 3798 815 3851 ἐπὶ
857 3799 955 3868 τῆς
986 3801 1085 3870 γῆς
1106 3818 1118 3831 ·
1156 3820 1174 3853 ι
1210 3804 1296 3854 ἵνα
1329 3804 1474 3874 εἴπῃ,
1497 3806 1576 3857 ὅτι
1613 3806 1778 3876 ’Υπὲρ

208 3880 280 3939 ὧν
308 3887 658 3958 ἐφοϐούμεθα
687 3906 768 3954 σε,
801 3891 1159 3961 συνελάϐομεν
1199 3895 1255 3945 ἐν
1278 3895 1456 3958 αὐτοῖς
1480 3895 1576 3965 τὴν
1606 3897 1775 3967 ἀπύρ-

209 3978 373 4048 ρητόν
404 3996 506 4031 σου
531 3981 711 4050 χάριν,
738 3982 831 4051 ἀφ’
860 3978 927 4054 ἧς
950 3983 1036 4035 διὰ
1052 3985 1257 4037 πολλῶν
1279 3986 1480 4040 ὠδίνων
1501 3989 1556 4040 ὲν
1582 3988 1658 4057 τῷ
1678 4007 1774 4059 με-

205 4068 357 4136 γέθει
384 4070 498 4122 τῶν
525 4070 711 4123 κακῶν
729 4074 971 4143 σωτηρία
994 4076 1124 4143 ἡμῖν
1153 4075 1422 4148 ἀπετέχθη
1439 4079 1734 4149 παράδοξος
1756 4095 1769 4110 ³

206 4154 491 4209 κάνταῦθα
513 4156 692 4210 τοίνυν
712 4158 788 4221 ὡς
822 4159 887 4213 ἂν
907 4161 1005 4227 τῆς
1036 4162 1384 4235 Ἰερουσαλὴμ
1414 4167 1776 4238 συλλαϐούσης

204 4264 263 4299 τε
294 4249 362 4301 ἐκ
386 4248 490 4317 τῆς
517 4247 665 4313 θείας
689 4250 908 4319 χάριτος
936 4253 1028 4305 καὶ
1054 4255 1153 4323 τὴν
1172 4255 1375 4327 δωρεὰν
1402 4258 1772 4330 ἀποτεκούσης

208 4339 434 4410 ταύτην.
462 4343 556 4409 ἀφ’
584 4338 651 4412 ἧς
679 4344 831 4397 αὐτοί
873 4362 932 4398 τε
972 4345 1397 4416 περιεσώθησαν,
1428 4350 1520 4401 καὶ
1554 4349 1783 4418 παντελῆ

207 4430 307 4498 τὴν
342 4432 617 4484 ἀπώλειαν
646 4434 890 4499 ἐδέξαντο
922 4438 971 4488 οἱ
1008 4436 1287 4507 πολέμιοι,
1325 4438 1481 4492 τοῦτο
1522 4439 1666 4506 λέγει
1703 4440 1784 4493 ὅτι

1969 3260 2130 3315 Vens.
2168 3261 2220 3323 5,
2250 3260 2303 3313 4.
2335 3292 2400 3301 -
2433 3280 2450 3311 ι
2475 3259 2767 3332 Propterea
2804 3260 2955 3315 dabit
3010 3276 3104 3316 eos
3157 3276 3328 3332 usque
3383 3263 3451 3317 ad

1887 3362 2101 3421 tempus
2121 3392 2134 3415 ,
2178 3367 2287 3421 quo
2327 3353 2545 3421 pariens
2576 3354 2771 3421 pariet.
2805 3373 2823 3403 ι
2868 3352 3145 3407 Parturire
3176 3361 3229 3407 et
3260 3367 3452 3422 parere

1888 3460 2030 3513 smpe
2049 3442 2184 3498 dicit
2219 3444 2403 3499 divina
2435 3445 2737 3515 Scriptura,
2773 3459 2896 3499 cum
2923 3446 2975 3498 in
3006 3445 3198 3500 mediis
3227 3445 3451 3498 calami-

1887 3536 2092 3589 tatibus
2149 3535 2392 3589 divinum
2448 3536 2724 3605 insperato
2775 3536 3032 3589 auxilium
3081 3535 3317 3603 aliulget.
3356 3532 3450 3588 Sic

1888 3624 2263 3693 aitthropter
2310 3625 2559 3678 timorem
2594 3625 2692 3686 tui,
2727 3623 2950 3678 Domine
2972 3662 2988 3687 ,
3021 3624 3073 3677 in
3104 3632 3293 3677 ventre
3320 3636 3449 3677 con-

1886 3716 2163 3784 cepimus.
2197 3724 2249 3769 et
2304 3715 2691 3784 parturivimus
2734 3730 2797 3769 ac
2857 3716 3166 3785 peperimus
3196 3713 3445 3784 spiritum

1888 3807 2079 3861 salutis
2116 3822 2273 3876 quem
2328 3808 2381 3860 in
2424 3816 2566 3862 terra
2617 3806 2793 3862 fecisti
2828 3807 2910 3870 ⁸⁷ς
2941 3826 2959 3859 ι
2997 3815 3051 3860 ut
3099 3807 3277 3861 dicat:
3311 3805 3448 3871 Quia

1891 3897 2046 3967 193
2076 3906 2128 3951 te
2158 3897 2456 3959 timuimus,
2486 3898 2834 3967 concepimus
2857 3897 2911 3951 in
2940 3898 3096 3951 nobis
3120 3894 3444 3951 ineﬂ‘abilcm

1886 3990 2113 4059 gratiam
2146 3998 2291 4041 tuam
2313 4030 2327 4054 ,
2360 4005 2388 4042 a
2427 4005 2533 4059 qua
2562 4004 2657 4059 per
2684 3989 2885 4043 multos
2926 3988 3143 4043 dolores
3184 3988 3237 4042 in
3287 3988 3457 4042 malis

1885 4078 2139 4134 maximis
2178 4078 2327 4133 salus
2375 4079 2535 4133 nobis
2567 4078 2892 4132 mirabiliter
2940 4086 3090 4147 parta
3126 4087 3228 4131 est.
3280 4079 3457 4146 Igitur

1887 4170 1991 4225 hoc
2029 4185 2244 4240 quoque
2275 4170 2395 4224 loco
2418 4211 2435 4236 ,
2469 4174 2623 4239 quasi
2654 4169 2989 4225 Hierusalem
3017 4186 3083 4224 ex
3116 4170 3297 4223 divina
3322 4184 3447 4236 gra-

1885 4261 1961 4314 tia
1986 4263 2348 4329 concepisset,
2384 4269 2546 4330 atque
2579 4261 2680 4314 hoc
2710 4260 2910 4315 donum
2952 4260 3269 4329 peperisset,
3288 4259 3455 4327 cujus

1884 4352 2148 4407 beneﬁcio
2175 4350 2277 4420 ipsi
2311 4350 2446 4403 salvi
2480 4350 2839 4413 exstitissent,
2876 4349 3059 4403 hostes
3089 4356 3280 4401 contra
3321 4346 3447 4401 Iun-

1886 4442 2031 4496 ditus
2060 4443 2371 4511 periissent,
2403 4442 2476 4494 ait
2509 4456 2569 4496 se
2604 4440 2854 4494 inimicos
2891 4439 3057 4493 exitio
3092 4438 3447 4500 traditurum.

206 4522 334 4582 τοὺς
357 4521 635 4585 ἐναντίους
659 4524 966 4595 παραδώσει
993 4527 1251 4599 ἀπωλείᾳ,
1287 4529 1468 4600 ἐπειδὴ
1485 4533 1550 4600 τῇ
1588 4532 1786 4600 Ἰερου-

1890 4537 2144 4604 quoniam
2177 4534 2296 4587 urbi
2332 4532 2629 4587 Ierusalem
2660 4539 2782 4602 post
2813 4533 3031 4585 dolores
3077 4532 3279 4586 multos
3309 4547 3448 4601 quos

212 4610 392 4680 σαλὴμ
431 4614 571 4681 μετὰ
608 4615 817 4667 πολλῶν
845 4616 1065 4682 ὠδίνων,
1100 4618 1167 4681 ἂς
1199 4620 1482 4690 ὑπέμεινεν
1499 4622 1556 4671 ἐν
1579 4623 1643 4691 τῇ
1677 4621 1785 4673 τῶν

1890 4600 2113 4692 penum
2160 4621 2215 4675 in
2248 4621 2483 4675 hostium
2527 4600 2781 4682 incursu.
2840 4621 3089 4674 mirabile
3118 4600 3341 4689 ρρηυπί
3364 4629 3449 4673 est

210 4699 486 4769 πολεμίων
507 4705 699 4777 ἐφόδῳ.
726 4707 996 4776 ἀπετέχθη
1028 4708 1119 4759 τοῦ
1157 4709 1289 4761 Θεοῦ
1323 4710 1523 4780 δωρεά.
1548 4729 1566 4759 ε
1600 4713 1709 4763 Καὶ
1737 4712 1786 4763 οἱ

208 4796 480 4848 ἐπίλοιποι
509 4799 617 4850 τῶν
639 4798 881 4867 ἀδελφῶν
908 4799 1068 4851 αὐτοῦ
1101 4801 1514 4870 ἐπιστρέφουσιν
1549 4803 1639 4853 ἐπὶ
1662 4805 1785 4865 τοὺς

208 4889 363 4950 υἱοὺς
404 4890 642 4959 Ἰσραήλ.
699 4911 715 4941 ι
764 4890 897 4942 Τότε
941 4890 1045 4961 γὰρ
1088 4891 1151 4961 δὴ
1200 4891 1397 4955 πάντες
1441 4894 1488 4944 οἱ
1540 4893 1645 4944 ἀπὸ
1685 4892 1787 4960 τῆς

208 4981 586 5049 αἰχμαλωσίας
610 4980 1010 5046 ἐπανελθόντες,
1042 4984 1214 5035 κοινὸν
1242 4984 1534 5052 ἡγήσονται
1566 4981 1786 5051 βασιλέα

206 5072 304 5123 τὸν
362 5073 697 5140 Ζοροϐάϐελ·
751 5073 932 5127 οὐκέτι
992 5074 1097 5144 ἰδία
1158 5074 1257 5144 μὲν
1319 5074 1633 5143 ἀρχομένων
1680 5072 1789 5123 τῶν

206 5163 576 5241 δέκαηφυλῶν,
603 5167 703 5233 τῆς
734 5165 791 5217 δὲ
829 5163 994 5217 ’ἰούδα
1029 5164 1196 5233 μόνης
1228 5162 1363 5233 μετὰ
1404 5165 1499 5232 τῆς
1534 5163 1788 5232 Βενιαμὶν

210 5256 338 5318 τοὺς
362 5259 428 5308 ἐκ
452 5256 540 5307 τοῦ
566 5255 726 5308 Δαυὶδ
749 5256 1003 5323 βασιλέας
1026 5254 1165 5307 κατὰ
1189 5254 1249 5306 τὸ
1284 5254 1512 5326 πρόσθεν
1538 5254 1786 5324 ἐχούσης,

210 5347 349 5402 ἀλλὰ
378 5349 597 5402 πάντων
625 5348 721 5400 ἕνα
749 5347 968 5415 βασιλέα
1015 5345 1105 5398 τὸν
1148 5345 1448 5416 Ζοροϐάϐελ
1475 5346 1790 5415 ἡγουμένων

211 5440 419 5493 λοιπόν.
441 5438 599 5493 Οὖτω
618 5439 713 5491 καὶ
737 5440 765 5490 ὁ
796 5438 1060 5507 μακάριος
1092 5438 1247 5505 Ὠσηὲ
1278 5436 1457 5503 λέγει’
1485 5455 1502 5486 ι
1538 5437 1644 5491 Καὶ
1676 5454 1789 5490 συν-

300 5622 346 5653 ⁸³
386 5621 522 5677 ibid.
559 5620 647 5686 30,
686 5620 775 5677 33.
852 5620 896 5653 “
921 5619 1049 5678 Luc.
1089 5639 1124 5687 ι,
1152 5623 1236 5677 5‘2.
1316 5621 1360 5653 ’π
1399 5620 1500 5675 lsa.
1546 5632 1695 5685 xxvi,
1728 5618 1804 5676 18.

1891 4712 1984 4767 Dei
2031 4711 2254 4765 donum.
2294 4710 2400 4763 «Et
2442 4711 2635 4780 reliqui
2671 4711 2866 4766 fratres
2896 4711 3017 4780 ejus
3064 4718 3449 4765 convertentur

1888 4804 1955 4857 ad
1986 4803 2125 4856 ﬁlios
2164 4800 2435 4856 lsraelis.»
2473 4802 2625 4855 'l'uuc
2654 4817 2845 4857 omnes
2870 4817 2901 4855 a
2942 4802 3252 4871 captivitate
3282 4800 3447 4854 redu-

1887 4908 1998 4955 ces,
2036 4906 2380 4946 communem
2403 4890 2792 4945 existimabunt
2817 4907 2995 4961 regem
3032 4889 3442 4944 Zorobabelem:

1886 4983 2030 5037 haud
2082 4983 2289 5037 diutius
2324 4996 2570 5037 seorsum
2611 4982 2794 5037 decem
2828 4983 3076 5036 tribubus
3124 4981 3228 5034 sub
3278 4995 3445 5049 regno

1887 5075 2231 5136 constitutis,
2265 5073 2400 5128 solis
2424 5088 2553 5128 vero
2591 5073 2746 5128 Juda:
2770 5088 2832 5127 ac
2862 5071 3159 5139 Benjamini
3192 5070 3444 5125 tribubus

1888 5181 2043 5235 reges
2069 5167 2137 5220 de
2174 5164 2392 5219 Davidis
2429 5166 2599 5233 stirpe
2630 5174 2688 5219 ut
2746 5174 2902 5218 antea
2949 5162 3316 5228 habentibus;
3349 5161 3444 5216 sed

1887 5257 2100 5311 cunctis
2124 5270 2291 5307 unum
2318 5269 2496 5325 regem
2518 5254 2901 5310 Zorobabelem
2933 5251 3129 5305 abhinc
3149 5266 3446 5322 agnoscen-

1888 5351 2055 5404 tibus.
2095 5345 2186 5401 Sic
2211 5347 2372 5401 etiam
2413 5347 2602 5402 beatus
2634 5346 2801 5401 Oscas
2833 5345 3040 5400 aiebat:
3075 5363 3093 5396 ι
3122 5344 3189 5397 Et
3219 5359 3445 5414 congre-

1890 5441 2159 5512 gabuntur
2181 5437 2273 5491 lilii
2299 5436 2451 5492 Iuda:
2483 5446 2535 5493 et
2569 5439 2660 5493 lilii
2691 5437 2907 5494 Israelis
2932 5438 2987 5494 in
3010 5436 3063 5493 id
3087 5437 3286 5507 ipsum.
3314 5450 3446 5491 con-
