3992 6232
556 345 661 401 575
1753 344 2101 404 rusooom
2129 320 2606 409 uorsuserNI
3692 351 3796 407 sm

546 464 891 533 ,stituentque
925 460 1026 517 sibi
1060 478 1285 534 regnum
1314 479 1477 518 unum
1510 464 1573 519 ⁸⁸.
1606 485 1624 517 ι
1671 465 1809 521 Tum
1852 476 1905 524 et
1937 468 2126 524 beatus

2247 469 2553 541 ιχθήσονται
2585 469 2635 521 οἱ
2665 469 2770 522 υίο¹ι
2813 467 2982 522 Ἰούδα
3029 466 3123 520 καλ⁸
3169 466 3218 520 οί
3256 464 3360 519 olei.
3394 463 3606 536 Ἰσραὴλ
3638 468 3725 519 ἐπὶ
3748 468 3805 521 τὸ

557 555 766 610 David:
807 554 993 611 «Ecce
1039 571 1202 625 quam
1255 554 1456 609 bonum
1504 564 1557 610 et
1607 573 1769 626 quam
1819 559 2125 627 jucundum

2247 546 2382 627 ιῦτδ,
2413 561 2485 630 (p.
2507 560 2631 631 295)
2654 562 2747 614 καὶ
2769 559 3022 630 θήσονται
3050 560 3257 622 ἐαυτοῖς
3278 555 3450 628 ἀρχὴν
3482 556 3630 627 μίαν.
3658 577 3676 609 ι
3700 559 3803 612 Καὶ

558 647 806 702 habitare
841 648 1036 702 fratres
1067 647 1119 700 in
1147 648 1198 701 id
1233 648 1410 718 ipsum
1434 649 1477 678 ⁸⁹
1507 650 1519 700 ι
1552 669 1569 699 ι
1602 651 1949 706 concordiam
1980 653 2126 721 ipso-

2247 654 2257 704 i
2288 652 2550 722 μακάριος
2583 652 2610 703 ὁ
2638 651 2827 703 Δαυΐδ²
2864 670 2882 700 ‹
2920 649 3048 701 Ἰδοὺ
3073 647 3138 719 δὴ
3216 646 3268 699 τί
3299 646 3458 699 καλὸν
3495 648 3587 699 καὶ
3607 646 3659 697 τί
3685 663 3804 716 τερα

555 753 677 791 rum
711 738 952 791 futuram
983 738 1126 792 circa
1155 738 1361 793 reditus
1393 730 1603 809 tempus
1645 740 1731 795 his
1752 743 1933 798 verbis
1959 744 2127 813 signi-

2247 745 2382 808 rzvbv,
2414 743 2525 796 ἀλλ’
2556 743 2589 813 ἢ
2630 744 2689 795 τὸ
2734 742 3005 795 κατοικεῖν
3042 740 3303 808 ἀδελφοὺς
3350 740 3442 791 ἐπὶ
3470 738 3529 792 τὸ
3568 738 3735 791 αύτὸἓ
3774 758 3794 790 r

558 833 750 909 licaus,
787 845 950 901 quam
986 830 1384 885 conservabant
1405 832 1506 886 sub
1546 849 1655 887 uno
1686 848 1810 904 rege
1838 836 2125 889 constituti

2247 836 2324 907 τὴν
2352 836 2603 907 ὁμόνοιαν
2647 833 2824 888 αὐτῶν
2866 834 2963 904 τὴν
3010 833 3271 903 ἐσομένην
3299 830 3439 884 κατὰ
3469 831 3561 883 τὸν
3582 831 3681 900 τῆς
3707 830 3801 882 ἐπ-

558 922 835 990 ιΙείηςρρε.
877 920 993 976 Hoc
1031 924 1213 992 itaque
1252 924 1457 993 pariter
1515 925 1633 979 loco
1692 926 1953 994 propheta
2012 928 2121 982 ait:

2247 928 2419 981 ινόδου
2477 927 2664 998 καιρὸν
2718 928 2774 978 ἐν
2803 924 2977 995 τούτῳ
3023 922 3339 993 σημαίνων,
3403 922 3469 993 ἥν
3526 921 3801 985 ἀπέσωζον

517 1064 520 1068 .
564 1031 583 1063 ‹
607 1024 659 1067 et
688 1012 880 1083 reliqui
920 1012 1145 1067 fratres:
1184 1031 1203 1065 ›
1268 1029 1365 1082 pro
1395 1028 1459 1068 eo
1498 1030 1561 1068 ac
1597 1015 1778 1069 dicat:
1807 1004 2001 1069 Cuncti
2032 1018 2124 1087 qui

2247 1022 2317 1089 αρ’
2348 1021 2426 1072 ἐνὶ
2462 1019 2541 1089 τῷ
2580 1018 2912 1089 βασιλεύοντι
2954 1014 3291 1080 καθεστῶτες
3328 1014 3532 1067 λοιπόν.
3575 1014 3800 1083 Ὁμοίως

556 1114 708 1161 extra
733 1105 885 1160 Judaz
931 1106 1130 1159 tribum
1189 1114 1347 1169 sunt,
1394 1104 1793 1176 coujungentur
1827 1124 1949 1163 cum
2000 1111 2126 1164 reli-

2247 1107 2319 1164 r5v
2349 1106 2629 1165 κάνταῦθα
2650 1114 2678 1164 ό
2708 1111 2989 1181 προφήτης
3029 1107 3196 1175 λέγει,
3245 1107 3326 1158 ὅτι
3358 1125 3375 1156 ‹
3422 1104 3531 1157 Καὶ
3559 1108 3607 1157 οἱ
3632 1103 3801 1156 λοιποὶ

558 1197 680 1267 quis
703 1198 914 1253 Israelis
944 1196 1091 1263 filiis,
1119 1212 1285 1251 unum
1318 1188 1676 1268 eumdemque
1710 1214 1889 1269 regem
1918 1200 2125 1255 haben-

2247 1202 2332 1257 ;ῶν
2358 1201 2619 1271 ἀδελφῶν,
2651 1221 2671 1255 ι
2700 1202 2785 1254 ἴνα
2814 1202 2961 1272 εἴπῃ,
2986 1200 3067 1253 ὅτι
3090 1198 3287 1259 πάντες
3315 1197 3407 1249 καὶ
3425 1199 3472 1249 οί
3502 1195 3600 1264 τῆς
3640 1196 3801 1248 Ἰούδα

557 1297 661 1346 tes.
709 1308 725 1339 ι
754 1289 819 1343 Et
846 1288 1011 1343 stabit
1059 1296 1112 1343 et
1160 1286 1368 1342 videbit
1395 1297 1449 1342 et
1487 1298 1674 1358 pascet
1707 1306 1920 1361 gregem
1964 1308 2125 1346 suum

2247 1296 2399 1364 ρυλῆς
2443 1295 2599 1357 ἐκτὸς
2651 1293 3076 1364 συναχθήσονται
3120 1292 3231 1353 τοῖς
3284 1289 3487 1352 λοιποῖς
3533 1290 3669 1350 υἱοῖς
3712 1285 3802 1339 τοῦ

558 1396 681 1435 cum
719 1380 1034 1435 fortitudine
1056 1380 1355 1435 Dominus:
1390 1391 1443 1436 et
1478 1383 1531 1436 in
1566 1383 1736 1453 gloria
1766 1382 2005 1438 nominis
2029 1381 2128 1435 Do-

2247 1386 2472 1458 Ἰσραὴλ,
2501 1386 2597 1438 ἕνα
2626 1385 2720 1439 καὶ
2744 1383 2835 1437 τδν
2859 1383 3019 1437 αὐτὸν
3049 1381 3341 1453 ἡγούμενοι
3372 1380 3614 1450 βασιλέα.
3645 1400 3661 1429 ι
3697 1380 3801 1432 Καὶ

557 1473 693 1527 mini
722 1472 815 1528 Dei
849 1475 935 1529 sui
974 1481 1169 1536 erunt;
1198 1474 1324 1542 quia
1377 1489 1522 1528 nunc
1574 1473 2006 1545 magnificabitur
2032 1490 2127 1529 us-

2247 1479 2480 1547 κτήσεται
2514 1476 2605 1529 καὶ
2632 1476 2838 1546 ὄψεται,
2863 1476 2955 1528 καὶ
2990 1475 3243 1544 ποιμανεῖ
3274 1472 3334 1525 τὸ
3362 1471 3605 1542 ποίμνιον
3640 1470 3802 1525 αύτοῦ

558 1583 664 1635 que
710 1567 775 1621 ad
827 1566 1091 1621 terminos
1142 1575 1318 1621 terrm.
1353 1585 1372 1617 ι
1423 1552 1826 1635 Ετίι,’ἰιι‹ιυὶι,
1859 1580 1957 1636 per
2004 1566 2124 1635 ejus

2247 1587 2283 1621 ιν
2322 1570 2463 1639 ίσχύῖ
2500 1568 2732 1640 Κύριος’
2777 1569 2871 1621 καὶ
2917 1569 2973 1619 ἐν
3020 1570 3086 1637 τῇ
3128 1565 3254 1639 δόξῃ
3299 1564 3562 1635 ὀνόματος
3594 1563 3802 1632 Κυρίου

559 1658 819 1727 temporis
849 1672 1030 1728 regem
1071 1658 1289 1727 propria
1325 1672 1457 1711 cura
1491 1671 1721 1726 pascens
1752 1656 1914 1721 Deus,
1948 1657 2040 1727 qui
2071 1666 2125 1713 et

2247 1662 2317 1715 τοῦ
2346 1661 2479 1714 Θεοῦ
2511 1661 2685 1714 αὐτῶν
2718 1652 3075 1731 ὑπάρξουσιν·
3107 1658 3239 1711 διότι
3274 1658 3369 1712 νῦν
3404 1654 3801 1727 μεγαλυνθήπ-

562 1750 683 1804 illos
736 1750 975 1804 illustres
1014 1748 1234 1803 nomine
1286 1765 1387 1804 suo
1416 1747 1647 1805 efliciet:
1702 1755 2125 1818 constanterque

2247 1768 2314 1803 ται
2346 1750 2449 1812 ἓως
2476 1750 2658 1822 ἄκρων
2687 1753 2783 1821 τῆς
2804 1751 2924 1819 γῆς.
2961 1768 2979 1799 ι
3008 1748 3198 1800 Ἔσται
3226 1748 3303 1805 δὲ.
3333 1747 3517 1817 φησὶν,
3545 1748 3573 1799 ό
3598 1745 3686 1798 διὰ
3713 1743 3803 1796 τοῦ

560 1858 657 1912 per
681 1843 989 1896 universam
1024 1849 1226 1895 terram
1258 1841 1425 1894 multa
1463 1855 1587 1894 cum
1618 1839 1981 1919 admiratione
2005 1841 2122 1895 lau-

2247 1840 2348 1893 τότε
2381 1839 2752 1909 βασιλεύοντος
2777 1840 3019 1903 ἅπαντας
3047 1840 3113 1911 τῇ
3147 1840 3321 1910 οἰκεία
3353 1839 3646 1910 κηδεμονίᾳ
3689 1854 3805 1890 ποτ.⁴

560 1932 799 1994 dabitur,
829 1932 956 2002 quia
996 1939 1076 1985 tot
1107 1940 1367 2002 tantaque
1392 1948 1491 2002 pro
1528 1933 1596 1987 iis
1638 1932 1799 1998 fecit,
1841 1928 2001 2005 194
2029 1935 2122 2004 qui

526 2022 709 2078 illius
742 2037 940 2077 nomen
995 2024 1362 2093 participant;
1417 2023 1509 2093 qui
1543 2032 1669 2079 sunt
1718 2025 1935 2080 Israelis
1991 2025 2124 2083 filii:

560 2129 700 2183 quos
757 2128 903 2169 nunc
961 2114 1177 2185 quidem
1217 2114 1284 2169 de
1316 2116 1630 2186 captivitate
1679 2127 1874 2187 praeter
1913 2131 2129 2172 omnem

564 2222 713 2276 spem
737 2207 985 2262 reduxit:
1016 2217 1202 2278 postea
1235 2223 1363 2262 vero
1391 2200 1675 2263 victoriam
1708 2224 1880 2279 pauco
1910 2210 2127 2264 illorum

564 2313 792 2353 numero
822 2299 1075 2369 patrabit,
1100 2315 1206 2369 qua
1237 2300 1687 2356 innumerabilem
1729 2302 1950 2356 fortium
1982 2302 2127 2356 viro-

563 2405 684 2445 rum
712 2390 1136 2453 multitudinem,
1154 2406 1252 2460 per
1276 2391 1378 2446 bos
1400 2391 1633 2448 humiles
1661 2407 1993 2464 paucosque,
2028 2408 2127 2449 sua

563 2483 764 2537 virtute
798 2484 1021 2537 omnino
1050 2483 1375 2552 profligabit.

2234 1932 2435 2003 μαίνων
2470 1932 2619 1995 Θεὸς,
2662 1932 2720 1995 ὃς
2770 1932 2862 1985 καὶ⁹
2892 1931 3166 1995 ἐπιδὸξους
3213 1932 3407 1994 αὐτοὺς
3443 1930 3529 1983 διὰ
3560 1931 3659 2002 τὴν
3692 1929 3807 1981 ὀνο-

2236 2025 2435 2096 μασίαν
2484 2024 2774 2095 ἐργάσεται
2819 2023 2917 2095 τὴν
2970 2024 3212 2077 οἰκείαν·
3261 2023 3505 2093 διαμενεῖ
3555 2038 3616 2075 τε
3664 2026 3806 2077 κατὰ

2235 2116 2415 2188 πάσης
2439 2117 2537 2187 τῆς
2566 2118 2667 2188 γῆς
2699 2118 2835 2189 μετὰ
2874 2117 3067 2171 πολλοῦ
3102 2115 3195 2171 τοῦ
3238 2116 3512 2187 θαύματος
3542 2115 3807 2186 ἁνυμνού-

2241 2206 2421 2280 μενος,
2456 2209 2539 2278 ἐφ’
2572 2204 2651 2273 οἷς
2680 2208 2913 2263 τοσαῦτα
2943 2211 3035 2263 καὶ
3061 2206 3361 2280 τηλικαῦτα
3392 2208 3655 2277 πεποίηκε
3684 2207 3808 2278 περὶ

2232 2301 2357 2363 τοὺς
2393 2301 2491 2372 τὴν
2519 2301 2679 2354 αύτοῦ
2725 2301 3005 2372 μετιόντας
3051 2298 3362 2375 ὀνομασίαν,
3404 2300 3544 2367 λέγω
3577 2299 3643 2369 δὴ
3684 2299 3808 2360 τοὺς

2235 2393 2383 2456 υἱοὺς
2418 2393 2663 2465 Ἰσραηλο
2706 2391 2801 2447 νῦν
2832 2393 2930 2464 μὲν
2973 2392 3168 2455 αὐτοὺς
3209 2393 3272 2445 ἐκ
3307 2392 3408 2462 τῆς
3435 2390 3811 2462 αἰχμαλωσίας

2237 2487 2387 2560 παρὰ
2413 2490 2591 2542 πᾶσαν
2615 2488 2897 2557 ἐπανάγων
2927 2489 3114 2555 ἐλπίδα
3134 2504 3148 2517 °
3187 2490 3302 2560 μετ’
3332 2491 3505 2541 ἐκεῖνο
3533 2480 3591 2540 δὲ
3620 2489 3680 2539 ἐν
3708 2487 3812 2540 ὀλί-

562 2591 679 2643 γοις
733 2576 913 2640 αὐτοῖς
960 2576 1116 2647 νίκην
1163 2575 1674 2647 καταπραττόμενος
1727 2578 1914 2649 αὐτὴν,
1944 2579 2036 2648 ἀφ’
2081 2573 2149 2651 ἧς
2206 2578 2572 2651 ἀναρίθμητόν
2605 2598 2656 2633 τι
2689 2580 2889 2652 πλῆθος
2933 2580 3255 2651 ἐρρωμένων
3312 2578 3536 2650 ἀνδρῶν,
3583 2579 3658 2649 (p.
3685 2574 3811 2635 296)

564 2665 659 2718 καὶ
701 2667 781 2729 εἰς
820 2666 1116 2737 πολεμικὴν
1151 2667 1441 2736 ἐμπειρίαν
1473 2671 2021 2741 παρεσκευασμένων,
2052 2670 2138 2724 διὰ
2165 2672 2271 2726 τῶν
2291 2674 2520 2727 εὐτελῶν
2565 2673 2769 2726 τούτων
2812 2672 2907 2726 καὶ
2963 2672 3341 2743 εὑαριθμήτων
3368 2670 3645 2735 παντελῶς
3671 2671 3814 2723 κατὰ

562 2760 662 2830 τὴν
683 2761 886 2812 οἰκείαν
914 2760 1251 2830 τροπώσεται
1288 2760 1534 2830 δύναμιν.

636 2852 726 2905 Sic
768 2859 948 2905 autem
982 2866 1105 2904 cum
1136 2866 1199 2905 ea
1234 2851 1497 2916 dixisset,
1553 2868 1673 2923 quas
1713 2862 1836 2923 post
1889 2854 2125 2909 reditum

2314 2854 2473 2908 ’Λλλὰ
2499 2854 2606 2926 γὰρ
2630 2852 2771 2907 οὕτω
2791 2852 2859 2905 τὰ
2881 2852 3015 2922 μετὰ
3028 2851 3126 2923 τὴν
3142 2851 3249 2905 ἀπὸ
3276 2850 3591 2925 Βαϐυλῶνος
3620 2850 3814 2905 ἐπάνο·

565 2941 839 3012 Babylone
870 2940 1049 2995 futura
1083 2949 1271 3007 erant,
1303 2958 1423 3012 qua:
1450 2944 1707 2998 nimirum
1759 2947 1861 3000 sub
1894 2945 2131 3001 Zoroba-

2247 2947 2320 3001 Ξον
2348 2944 2659 3016 ύπάρξοντα
2681 2944 2861 3007 αὐτοῖς
2884 2941 3141 3014 εἰρηκὼς,
3174 2942 3210 2996 ἃ
3238 2942 3329 2997 τοῦ
3368 2940 3670 3011 Ζοροϐάϐελ
3690 2959 3815 2995 κατ’

568 3031 707 3097 bele,
734 3031 954 3088 Davidis
985 3032 1152 3102 stirpe
1193 3041 1314 3087 orto
1334 3073 1349 3098 ,
1378 3034 1535 3104 juxta
1568 3034 1663 3091 Dei
1708 3038 2128 3107 promissionem

567 3134 848 3194 regnante,
888 3124 1023 3194 ipsis
1062 3126 1181 3180 sine
1215 3126 1381 3181 dubio
1406 3128 1809 3199 contingerent,
1846 3132 2133 3200 promissis

569 3216 806 3287 propriis
848 3216 1059 3273 fidelem
1101 3216 1271 3271 Deum
1306 3219 1496 3274 volens
1526 3220 1790 3290 propheta
1827 3223 2132 3284 ostendere,

568 3316 623 3364 et
654 3309 877 3363 multam
903 3308 1126 3378 iis,qu:e
1146 3309 1446 3364 secundum
1471 3310 1714 3380 ejusdem
1736 3312 2133 3380 beneplacitum

570 3400 728 3463 fiunt,
759 3401 924 3455 robur
947 3400 1298 3470 praebentem,
1351 3416 1536 3457 rerum
1573 3401 1925 3458 Zorobabelis
1961 3420 2137 3459 exem-

569 3492 661 3561 plo
713 3494 901 3544 utitur.
930 3490 1198 3546 Cmterum
1236 3491 1364 3562 quia
1414 3492 1587 3546 multo
1619 3493 1796 3547 serius
1828 3493 1943 3548 hmo
1975 3510 2137 3549 even-

571 3593 694 3638 tura
732 3584 1084 3648 videbantur,
1132 3584 1341 3639 scilicet
1393 3599 1424 3638 a
1462 3584 1735 3657 Babylone
1783 3586 2033 3649 reditus,
2083 3596 2138 3641 et

571 3673 703 3745 Gogi
740 3684 863 3745 post
920 3675 1073 3729 illum
1129 3674 1363 3730 reditum
1404 3676 1710 3745 expeditio;
1751 3690 2140 3734 commemorat

572 3769 826 3839 propiora
849 3808 864 3833 ,
894 3775 949 3823 et
982 3784 1104 3839 quae
1149 3768 1295 3822 haud
1329 3780 1599 3823 remotum
1626 3769 1835 3823 exitum
1889 3769 2138 3825 habitura

572 3866 729 3914 erant
754 3898 769 3923 ,
808 3875 897 3915 res
949 3875 1143 3929 nempe
1195 3858 1543 3930 Assyriorum
1584 3860 1687 3914 sub
1714 3858 1945 3926 Ezecia;
1983 3868 2043 3913 ut
2072 3877 2140 3915 ex

574 3949 839 4019 proximis
861 3990 877 4015 ,
909 3964 1004 4004 seu
1037 3964 1146 4003 non
1200 3950 1374 4003 multo
1431 3957 1555 4018 post
1594 3948 1792 4005 futuris
1815 3991 1829 4014 ,
1859 3950 2017 4005 fidem
2069 3951 2139 4006 iis

575 4042 893 4100 conciliaret
923 4056 1042 4110 qua:
1066 4042 1225 4110 longa
1255 4049 1377 4109 post
1408 4046 1651 4108 tempora
1686 4040 1881 4095 forent.
1913 4042 2141 4095 Constat

577 4141 759 4189 autem
792 4134 906 4187 haec
928 4132 1240 4203 praedixisse
1259 4131 1602 4201 prophetam,
1628 4139 1685 4185 ut
1717 4133 1852 4187 liber
1878 4134 2139 4200 ostendit,

578 4224 772 4281 diebus
798 4222 1094 4285 Joathami,
1132 4229 1187 4277 et
1228 4221 1456 4284 Aebazi,
1492 4230 1545 4276 et
1569 4220 1806 4287 Ezecim;
1842 4223 1917 4276 ita
1956 4234 2015 4278 ut
2043 4240 2137 4277 va-

2234 3038 2557 3108 ἐπαγγελίαν
2570 3037 2700 3090 Θεοῦ
2719 3038 2781 3089 ἐκ
2797 3036 2886 3088 τοῦ
2900 3036 3061 3089 Δαυὶδ
3078 3034 3252 3089 αὐτῶν
3271 3032 3637 3104 βασιλεύοντος
3652 3051 3813 3105 περι-

2234 3127 2484 3199 γενέσθαι
2512 3127 2725 3191 πάντως
2748 3127 2976 3197 ἤμελλεν
3000 3127 3200 3189 αὐτοῖς,
3229 3124 3413 3196 ἐπειδὴ
3429 3128 3544 3189 ταῖς
3575 3126 3816 3193 ἐπαγγεο

2232 3225 2374 3285 λίαις
2407 3224 2526 3284 ταῖς
2557 3221 2778 3283 οἰκείαις
2828 3220 3158 3290 προσέχοντα
3184 3219 3272 3271 τὸν
3296 3218 3426 3270 Θεὸν
3462 3219 3491 3269 ὁ
3524 3218 3817 3287 προφήτης

2251 3306 2515 3378 ἐϐουλήθη
2541 3309 2730 3376 δεῖξαι,
2753 3310 2951 3381 πολλὴν
2965 3311 3075 3373 τοῖς
3091 3308 3230 3363 κατὰ
3256 3309 3317 3362 τὺ
3346 3308 3491 3380 αὐτῷ
3507 3309 3619 3379 ('59)
3648 3326 3715 3376 γε
3730 3309 3819 3361 50-

2249 3397 2378 3451 κοῦν
2413 3400 2749 3468 γιγνομένοις
2766 3401 3072 3470 παρέχοντα
3092 3400 3190 3471 τὴν
3212 3400 3384 3469 ἰσχὺν,
3416 3397 3687 3463 ἀποδείξει
3702 3403 3820 3463 τοῖς

2249 3490 2390 3543 κατὰ
2407 3490 2497 3543 τὸν
2519 3490 2820 3560 Ζοροϐάϐελ
2840 3492 3181 3562 χρησάμενος
3205 3507 3219 3521 ·
3245 3490 3487 3544 ἐδόκειδέ
3519 3491 3657 3561 μετὰ
3680 3491 3818 3543 πολὺ

2244 3582 2413 3635 ταῦτα
2435 3581 2698 3650 γίνεσθαι,
2722 3582 2791 3634 τά
2803 3599 2858 3634 τε
2877 3583 2974 3651 τῆς
3000 3581 3256 3634 ἐπανόδου
3282 3580 3425 3649 λέγω
3445 3581 3541 3650 τῆς
3571 3582 3687 3635 ἀπὸ
3706 3582 3817 3633 Βα-

2246 3672 2500 3735 ϐυλῶνος,
2532 3672 2627 3725 καί⁵
2656 3672 2721 3724 τὰ
2754 3671 2890 3742 μετὰ
2916 3671 3013 3742 τὴν
3044 3671 3300 3725 ἐπάνοδον
3327 3671 3539 3741 ἐκείνην
3580 3673 3660 3735 είς
3688 3673 3820 3737 τους

2245 3763 2370 3835 περὶ
2389 3763 2478 3816 τὸν
2500 3760 2620 3830 Γὼγ
2642 3762 2900 3830 γεγονότα
2920 3778 2933 3791 ’
2960 3762 3231 3833 μέμνηται
3264 3760 3369 3814 τῶν
3396 3746 3677 3830 ἐγγὺςκαὶ
3701 3780 3823 3832 μετ⁹

2245 3858 2305 3910 οὐ
2332 3856 2467 3910 πολὺ
2498 3854 2595 3924 τὴν
2618 3853 2839 3907 ἔκϐασιν
2862 3854 3264 3925 λαμϐανόντων,
3291 3852 3433 3921 λέγω
3452 3854 3517 3924 δὴ
3548 3854 3660 3907 τῶν
3688 3855 3823 3925 περὶ

2243 3952 2368 4015 τοὺς
2409 3952 2721 4023 Ἀσσυρίους
2743 3954 2833 4005 ἐπὶ
2872 3951 2967 4004 τοῦ
3010 3951 3247 4015 Ἐζεκίου
3277 3952 3619 4024 συμϐάντων,
3658 3952 3727 4003 ἵν’
3759 3954 3826 4003 ἐκ

2247 4047 2355 4099 τῶν
2384 4046 2609 4115 ἐγγύθεν
2636 4049 2729 4100 καὶ
2766 4049 2880 4117 μετ’
2911 4049 2972 4100 οὐ
3009 4048 3142 4102 πολὺ
3184 4049 3503 4118 γινομένων,
3531 4048 3639 4101 τῶν
3679 4047 3825 4118 μετὰ

2250 4138 2490 4205 μακροὺς
2517 4136 2786 4206 ἐσομένων
2809 4137 2935 4199 τοὺς
2952 4138 3172 4206 χρόνους
3201 4139 3549 4207 παράσχηται
3581 4137 3683 4205 τὴν
3719 4138 3821 4188 πί-

2248 4242 2365 4277 στιν
2380 4241 2392 4254 ·
2419 4223 2636 4294 εὔδηλον
2655 4224 2764 4295 γὰρ
2778 4225 2860 4277 ὅτι
2877 4223 3045 4277 ταῦτα
3071 4227 3440 4296 προηγόρευεν
3455 4228 3484 4278 ό
3510 4228 3825 4295 προφήτης.

576 4315 826 4371 ticinium
856 4328 1025 4384 prope
1050 4314 1194 4368 absit
1232 4312 1301 4367 ab
1335 4311 1540 4366 Ezecim
1587 4312 1768 4366 rebus.
1798 4310 1904 4367 Sed
1956 4323 2135 4370 tamen

2247 4315 2321 4379 ὡς
2358 4317 2391 4385 ἡ
2413 4315 2601 4378 Βίϐλος
2618 4315 2783 4385 δηλοῖ,
2803 4317 2859 4368 ἐν
2885 4317 3118 4387 ἡμέραις
3147 4317 3382 4388 Ἰωάθαμ
3403 4318 3497 4371 καὶ¹
3525 4318 3710 4386 Ἀχαζ
3729 4318 3832 4371 καὶ

577 4415 711 4461 tunc
733 4406 1134 4476 portendebat,
1164 4412 1218 4459 et
1244 4404 1402 4475 quasi
1436 4412 1563 4458 ante
1601 4403 1769 4473 pedes
1807 4406 2143 4475 proponebat

579 4498 789 4553 exitum
817 4498 1059 4554 omnium
1088 4538 1101 4560 ,
1135 4511 1321 4550 coram
1357 4497 1426 4551 iis
1458 4496 1551 4565 qui
1591 4512 1714 4552 eum
1754 4505 1879 4551 ante
1908 4512 2022 4551 rem
2054 4513 2144 4567 ge-

581 4600 722 4647 stam
749 4591 1094 4660 excepissent
1123 4588 1420 4660 prephetire
1446 4603 1657 4655 vocem,
1696 4596 1951 4643 eventum
1986 4590 2144 4659 quasi

580 4680 890 4752 proximum
942 4680 1319 4749 aspiciebant;
1370 4687 1431 4733 ut
1471 4682 1551 4733 sic
1588 4679 1903 4734 ostenderet
1961 4696 2145 4735 rerum

582 4771 791 4827 Ezecia:
815 4772 1185 4837 proximarum
1211 4810 1227 4835 ,
1275 4786 1403 4826 cum
1452 4770 1561 4824 illis
1591 4768 1940 4825 Zorobabelis
1970 4772 2143 4827 multo

580 4873 704 4934 post
728 4861 947 4927 futuris,
976 4863 1385 4933 cognationem;
1413 4871 1576 4932 atque
1602 4876 1666 4916 ex
1691 4862 1939 4932 utrisque
1966 4864 2143 4933 palam

581 4958 810 5025 faceret,
830 4964 1033 5028 quanta
1065 4965 1210 5011 esset
1239 4956 1545 5011 divinarum
1577 4956 2003 5025 promissionum
2037 4958 2143 5013 vis.

581 5051 740 5109 Unde
768 5067 874 5106 non
903 5060 1034 5104 tunc
1053 5047 1429 5102 tantummodo
1451 5063 1572 5103 cum
1598 5049 1867 5104 habebant
1887 5050 2146 5107 lsraelitm

585 5145 976 5201 Zorobabelem
1008 5143 1201 5197 ducem
1226 5183 1240 5204 ,
1281 5140 1378 5195 sed
1405 5149 1561 5195 antea
1598 5157 1816 5212 quoque
1851 5157 1977 5198 cum
2015 5146 2146 5199 Eze-

582 5237 701 5292 cias
730 5237 862 5305 ipsis
915 5236 1288 5291 dominaretur
1323 5273 1338 5297 ,
1387 5249 1453 5287 ex
1506 5231 1599 5287 Dei
1637 5236 2001 5303 promissione
2032 5239 2147 5309 ipse

582 5330 785 5401 pariter
811 5329 1175 5398 principatum
1212 5333 1518 5387 assecutus,
1540 5334 1723 5381 tantus
1747 5331 2023 5387 exercitus
2050 5333 2147 5385 ad-

584 5436 778 5479 versus
808 5419 1112 5477 Jerusalem
1136 5419 1362 5477 veniens
1389 5419 1528 5473 nihil
1560 5420 1728 5474 valuit
1754 5422 1988 5490 eflicerc,
2021 5427 2147 5496 quia

656 5557 701 5588 "'
734 5553 859 5612 Osc.
898 5556 1031 5622 1,“.
1064 5552 1112 5589 ⁸⁸
1147 5558 1292 5614 l’sal.
1327 5573 1531 5624 cxxxu,
1565 5558 1609 5610 Ι.

659 5693 769 5763 (39)
795 5694 927 5747 Cod.
958 5695 1107 5751 αὐτὸ.

662 5764 773 5834 (40)
815 5763 894 5818 lta
924 5764 1059 5820 Cod.

2257 4404 2517 4470 Ἐζεκίου·
2536 4404 2673 4459 ὥστε
2695 4406 2755 4459 ού
2784 4406 3061 4477 πόρρωθεν
3082 4410 3116 4479 η
3134 4410 3433 4480 πρόρρησις
3454 4405 3520 4479 ἦν
3546 4408 3655 4461 τῶν
3679 4411 3831 4463 κατὰ

2246 4498 2337 4551 τὸν
2367 4496 2612 4561 Ἐζεκίαν
2630 4514 2642 4525 ’
2667 4497 2803 4550 ἀλλὰ
2821 4498 2928 4568 γὰρ
2947 4498 3150 4569 ἐμήνυε
3177 4499 3296 4552 τότε
3333 4498 3426 4551 καὶ
3453 4497 3603 4567 παρὰ
3649 4497 3829 4560 πόδας

2252 4590 2521 4660 ἐλάμϐανε
2533 4589 2629 4660 τὴν
2649 4589 2868 4642 ἔκϐασιν
2884 4589 3118 4655 πάντων,
3140 4593 3191 4644 οἱ
3206 4591 3317 4659 (40)
3333 4589 3437 4660 πρὸ
3448 4588 3555 4641 τῶν
3571 4589 3835 4657 πραγμά-

2252 4699 2358 4735 των
2395 4682 2495 4750 τῆς
2535 4682 2868 4752 προφητείας
2902 4682 3088 4753 ἔτυχον
3119 4681 3423 4752 δεδεγμένοι
3456 4680 3567 4752 (Li)
3611 4680 3830 4751 φωνὴν,

2250 4772 2325 4840 (p.
2362 4772 2487 4841 297)
2540 4772 2767 4841 ἐγγύθεν
2828 4772 3076 4845 ὁρώντων
3125 4774 3221 4845 τὴν
3263 4774 3523 4828 ἔκϐασιν·
3571 4774 3637 4826 ἵν’
3680 4774 3833 4825 οὕτω

2247 4872 2390 4941 δείξῃ
2422 4871 2530 4924 τῶν
2560 4870 2700 4923 κατὰ
2729 4870 2818 4923 τὸν
2858 4868 3101 4933 Ἐζεκίαν
3128 4865 3355 4935 ἐγγύθεν
3376 4863 3560 4923 ὄντων,
3589 4859 3730 4930 πρὸς
3760 4862 3839 4909 τὰ

2250 4960 2342 5014 τοῦ
2380 4961 2678 5031 Ζοροϐάϐελ
2725 4959 2861 5030 μετὰ
2898 4958 3062 5011 πολὺν
3097 4957 3185 5008 τὸν
3218 4955 3406 5025 χρόνον
3442 4950 3701 5018 ἐσόμενα,
3730 4947 3839 5017 τὴν

2253 5056 2566 5123 συγγένειαν
2586 5071 2598 5083 ’
2626 5053 2782 5121 δῆλόν
2808 5069 2866 5103 τε
2895 5050 2960 5103 δι’
2986 5048 3303 5119 ἀμφοτέρων
3329 5045 3527 5114 ποιήσῃ
3568 5040 3714 5111 πόση
3745 5058 3839 5102 ’τις

2252 5143 2317 5219 ἦν
2341 5148 2438 5217 τῆς
2466 5145 2793 5214 ἐπαγγελίας
2824 5145 2857 5213 ἡ
2891 5143 3040 5211 ἰσχὺς
3064 5142 3158 5211 τῆς
3186 5140 3354 5202 θείας·
3384 5139 3476 5206 ἀφ’
3509 5129 3584 5189 ῶν
3610 5138 3676 5188 ού
3710 5137 3841 5187 τότε

2258 5240 2413 5309 μόνον
2440 5240 2568 5309 (ὅτε)
2602 5238 2893 5306 τετύχηκεν
2918 5237 2947 5287 ό
2974 5234 3185 5303 Ἰσραὴλ
3219 5230 3515 5300 ἡγουμένου
3543 5226 3637 5279 τοῦ
3670 5229 3841 5297 Ζορο-

2256 5332 2438 5394 ϐάϐελ,
2465 5333 2596 5385 ἀλλὰ
2623 5334 2714 5383 καὶ
2752 5332 3009 5400 πρότερον
3045 5330 3130 5379 ὅτε
3164 5342 3266 5393 περ
3296 5327 3324 5376 ὁ
3370 5321 3613 5386 Ἑζεκίας
3648 5320 3844 5372 αὐτῶν

2254 5424 2553 5490 ἐϐασίλευε,
2577 5423 2715 5477 κατὰ
2743 5423 2839 5493 τὴν
2864 5418 3191 5490 ἐπαγγελίαν
3231 5417 3328 5485 τὴν
3358 5415 3506 5467 θείαν
3542 5412 3639 5466 καὶ
3665 5411 3845 5475 αὐτὸς

2334 5696 2442 5767 (Η)
2476 5696 2609 5751 Cod.
2644 5697 2835 5765 δεδειγ.
