4054 6238
315 285 417 340 3T7

1256 285 1804 345 COMMENTARIUS
1841 267 1920 344 ια’
1947 283 2258 347 ΜιοΜξΑ)
2292 290 2444 348 cae.
2484 291 2549 351 v.

3465 299 3570 360 578

319 409 398 471 είς
425 384 521 479 τήν
552 407 730 479 ἀρχὴν
759 407 1064 480 παρελθὼν,
1105 408 1462 482 στρατοπέδου
1498 409 1620 500 μὲνὶ
1639 410 1901 482 ἐπεληλυ-

2024 409 2246 468 livinum
2280 411 2466 468 aderat
2686 409 2946 468 auxilium
2977 411 3034 470 ei.
3076 413 3170 498 qui
3204 413 3275 469 cx'
3298 409 3393 469 Dei
3442 410 3569 485 pro-

320 495 474 580 θῦτος
501 498 753 551 τοσούτου
784 503 850 572 τῇ
889 500 1261 572 Ἰερουσαλὴμ,
1282 499 1474 578 ἀνύσαι
1500 487 1556 554 δὲ
1585 485 1904 574 δυνηθέντος

321 591 498 656 ούδὲν,
526 591 610 644 διὰ
644 591 704 644 τὸ
731 591 832 662 τὴν
862 593 1012 646 Θείαν
1041 596 1316 664 προσεῖναι
1349 591 1519 666 ῥοπὴν
1539 593 1617 664 τῷ
1644 589 1920 665 κατάτὴν

325 681 653 752 ἐπαγγελίαν
667 681 760 734 τοῦ
783 681 919 735 Θεοῦ
938 683 1038 754 τὴν
1061 683 1334 752 βασιλείαν
1354 683 1529 754 ἔχοντι
1552 683 1642 736 τοῦ
1668 685 1900 756 Ἰσραήλ·

329 775 507 827 καίτοι
535 791 598 842 γε
625 759 724 843 τῆς
752 774 861 828 τῶν
896 773 1025 826 δέκα
1063 774 1240 843 φυλῶν
1274 774 1548 845 βασιλείας
1579 777 1626 829 οἱ
1663 775 1814 828 αὐτοί
1840 792 1905 844 γε

331 859 472 933 μετᾶ
508 863 706 936 πολλῆς
750 866 1122 936 κεκρατήκασι
1158 865 1258 936 τῆς
1307 866 1622 936 εὐμαρείας,
1676 865 1724 919 οἳ
1773 865 1912 937 μετά

281 967 283 969 ·
326 958 428 1024 τὴν
471 951 860 1010 κατὀὲκείνων
902 956 1056 1027 νίκην
1102 955 1488 1024 ἐπεληλυθότες
1530 959 1596 1027 τῇ
1644 957 1912 1032 Ἰερουσα-

328 1047 462 1117 λὴμ,
502 1046 762 1118 μεγίστην
791 1051 852 1101 ἐκ
884 1047 981 1118 τῆς
1010 1048 1100 1102 τού
1143 1048 1374 1118 ἀγγέλου
1414 1049 1626 1119 πληγῆς
1666 1049 1912 1112 ἐδέξαντο

329 1139 429 1209 τὴν
458 1140 742 1210 τιμωρίαν.
777 1137 1026 1193 Φαίνεται
1068 1140 1172 1212 γάρ
1214 1140 1307 1193 καὶ
1334 1142 1391 1192 ἐν
1427 1139 1654 1202 ἐκείνοις
1678 1139 1850 1206 λέγων
1882 1141 1911 1192 ὁ

329 1231 486 1294 Θεὸς,
521 1233 603 1283 ὅτι
649 1231 1000 1302 ’Υπερασπιῶ
1034 1232 1131 1302 τῆς
1156 1231 1360 1294 πόλεως
1374 1231 1572 1302 ταύτης
1607 1229 1673 1282 δι’
1701 1231 1799 1300 ἐμὲ
1816 1226 1908 1282 καὶ

327 1321 416 1375 διά
445 1321 613 1374 Δαυὶδ
651 1322 744 1374 τὸν
771 1321 956 1376 δοῦλόν
994 1339 1091 1392 μου
1113 1340 1126 1354 ο
1159 1321 1371 1386 δεικνὺς
1410 1323 1493 1376 ὅτι
1531 1320 1638 1374 τῶν
1677 1322 1912 1388 ἐπαγγε-

2011 501 2271 557 missione
2299 499 2522 573 regnum
2553 503 2768 558 lsraelis
2805 499 3044 558 tenebat‘.
3077 493 3403 572 Quanquam
3444 520 3573 578 vero

2009 592 2176 647 iidem
2226 593 2412 649 hostes
2463 579 2649 650 decem
2703 589 2943 649 tribuum
2997 591 3230 665 regnum
3273 587 3379 647 tam
3418 585 3575 648 facile

2011 679 2468 754 subjuga'vcrant,
2504 682 2862 742 nihilordinus
2904 681 3026 740 cum
3068 690 3191 754 post
3223 677 3366 738 illam
3401 685 3576 739 victo—

2010 776 2148 830 riam
2187 773 2486 830 Jertisaleni
2528 775 2733 848 agressi
2766 789 2996 843 essent,
3033 773 3102 832 ab
3145 775 3336 848 angelo
3366 775 3575 832 eladem

2005 867 2153 938 passi
2189 859 2336 922 sunt.
2368 861 2716 944 Exploratum
2761 879 2844 928 est
2874 867 3018 927 enim
3062 878 3196 925 tunc
3241 885 3460 940 quoque
3491 869 3577 924 di-

2005 959 2151 1014 xisse
2179 959 2346 1038 Deum
2372 979 2385 1015 :
2422 953 2618 1017 Urbem
2650 963 2790 1017 hanc
2822 971 2877 1016 et
2905 955 3138 1034 propter
3162 978 3248 1017 me
3271 971 3326 1016 et
3357 970 3578 1031 propter

2007 1039 2264 1104 Davidein
2320 1069 2535 1108 servum
2585 1071 2763 1109 meum
2804 1053 3132 1120 defendam;
3171 1055 3578 1118 demonstrans,

2007 1135 2150 1208 quod
2213 1141 2609 1209 promissorum
2650 1142 2837 1197 Davidi
2897 1159 3135 1208 memor,
3169 1158 3315 1198 nunc
3363 1157 3581 1212 quoque
3637 1215 3640 1218 _

2015 1229 2153 1284 idem
2191 1231 2467 1302 prmstabit
2487 1275 2502 1300 ,
2535 1233 2691 1304 opem
2721 1235 2967 1305 praebens
2997 1251 3220 1305 regnum
3251 1234 3467 1290 Israelis
3501 1245 3582 1289 te-

2016 1322 2188 1386 uenti,
2213 1323 2264 1377 id
2297 1333 2380 1378 est
2411 1323 2635 1380 Ezeciae.

328 1417 460 1469 λιῶν
485 1416 595 1468 τῶν
618 1416 753 1486 πρὸς
781 1418 984 1469 ἐκεῖνον
1019 1416 1378 1488 μεμνημένος,
1396 1415 1488 1470 καὶ
1518 1416 1588 1471 τά
1612 1416 1704 1469 νῦν
1741 1411 1899 1476 αὐτὸς
1929 1411 2296 1484 διαπράξεται,
2325 1417 2599 1488 συνεργῶν
2622 1417 2697 1488 τῷ
2721 1418 2843 1471 τότε
2870 1419 2968 1488 τὴν
2996 1415 3264 1488 βασιλείαν
3289 1403 3460 1487 ἔχοντι
3485 1415 3580 1468 τοῦ

346 1511 585 1584 Ἰσραὴλ,
611 1513 755 1580 λέγω
780 1511 842 1583 δὴ
867 1511 945 1582 τῷ
987 1511 1220 1584 Ἐζεκία.

406 1603 560 1672 Στίχ.
595 1608 654 1664 ε’,
690 1603 1110 1674 ς’.--Εἰρηκὼς
1135 1603 1315 1658 τοίνυν
1350 1604 1421 1659 τὰ
1457 1603 1599 1658 κατὰ
1623 1604 1713 1657 τὸν
1740 1604 1901 1675 Ζορο-

2071 1593 2238 1653 Vens.
2265 1575 2317 1664 Β,
2343 1593 2396 1666 6.
2424 1630 2492 1640 -
2520 1575 2817 1669 Postquam
2865 1599 3048 1669 itaque
3074 1597 3306 1653 dixisset.
3353 1614 3442 1652 res
3475 1595 3581 1650 Zo-

337 1695 530 1758 ὃάϐελ,
550 1695 624 1758 ὡς
653 1694 811 1766 ἔφην,
861 1696 1142 1767 πόρρωθεν
1167 1697 1319 1761 ὄντα,
1352 1697 1662 1766 ἀναγκαίως
1702 1695 1788 1750 διά
1816 1697 1914 1767 τὴν

337 1787 453 1838 τῶν
486 1786 822 1858 πραγμάτων
855 1788 1194 1856 συγγένειαν,
1239 1791 1319 1853 είς
1351 1783 1449 1860 τὴν
1486 1787 1580 1842 τοῦ
1621 1787 1915 1862 προκειμέ-

340 1894 432 1933 νου
487 1877 768 1940 σύστασιν,
821 1879 1092 1950 μέμνηται
1140 1879 1249 1934 τῶν
1301 1881 1440 1934 κατά
1479 1879 1570 1934 τὸν
1633 1879 1915 1950 Ἀσσύριον

337 1969 431 2022 ἐπὶ
475 1969 571 2022 τοῦ
618 1970 860 2034 Ἐζεκίου
911 1971 1229 2040 γεγονότων,
1278 1972 1371 2025 καί
1418 1985 1614 2041 φησιν’
1667 1970 1742 2043 (p.
1787 1971 1912 2039 9.98)

343 2079 362 2110 ι
419 2061 530 2113 Καὶ
575 2060 731 2114 ἔσται
789 2060 924 2133 αἱτη
968 2064 1003 2132 ἡ
1053 2065 1262 2134 εἰρήνη,
1315 2061 1500 2126 51'av
1545 2063 1574 2114 ὁ
1634 2059 1918 2132 Ἀσσύριος

338 2152 540 2226 ἐπέλθῃ
567 2153 662 2205 ἐπὶ
689 2151 787 2223 τήν
812 2151 916 2222 γῆν
938 2151 967 2206 ύ
976 2153 1112 2223 μῶν,
1149 2153 1244 2207 καὶ
1268 2153 1346 2207 ὅτ’
1378 2153 1442 2206 ἂν
1475 2152 1653 2223 ἀποϐῇ
1695 2153 1788 2206 ἐπὶ
1816 2154 1916 2223 τὴν

338 2244 518 2314 χώραν
552 2244 729 2313 ὑμῶν.
778 2262 798 2297 ›
836 2243 1007 2296 Τοῦτο
1033 2244 1141 2316 γάρ
1180 2244 1265 2315 δὴ,
1301 2245 1486 2313 φησὶν,
1511 2245 1648 2314 ὅπερ
1678 2243 1800 2297 τότε
1829 2243 1916 2298 διὰ

336 2335 432 2388 τοῦ
473 2334 783 2406 Ζοροϐάϐελ
834 2335 1129 2406 πεποίηκεν
1159 2337 1188 2389 ὁ
1233 2336 1384 2400 Θεὸς,
1429 2335 1643 2398 παύσας
1684 2336 1780 2406 μὲν
1823 2353 1919 2389 το-

341 2425 529 2480 σοῦτον
580 2426 840 2497 πόλεμον,
891 2428 1112 2497 εἰρήνην
1147 2427 1204 2480 δὲ
1255 2427 1478 2498 ίσχυράν
1523 2427 1765 2491 δεδωκὼς
1807 2431 1918 2490 τοῖς

339 2519 586 2581 οἰκείοις,
627 2517 784 2571 τοῦτο
833 2517 898 2589 δὴ
950 2517 1044 2571 καὶ
1093 2519 1213 2572 κατ’
1244 2521 1448 2580 ἐκεῖνον
1493 2520 1783 2589 ἐργάσεται
1827 2521 1919 2574 τὸν

344 2611 534 2681 καιρὸν
567 2612 688 2681 μετ’
719 2611 777 2662 ού
812 2611 945 2664 πολὺ
969 2612 1352 2681 γενησόμενον,
1375 2611 1609 2683 ὁπηνίκα
1639 2612 1703 2668 ἂν
1731 2615 1760 2668 ὁ
1794 2613 1918 2666 Ἀσ-

347 2701 528 2774 σύριος
560 2701 766 2776 ἐπέλθῃ
789 2704 854 2774 τῆ
905 2702 1289 2774 Ἰερουσαλήμ·
1320 2705 1441 2758 τότε
1481 2705 1591 2776 γάρ
1630 2705 1693 2778 δὴ
1742 2707 1920 2776 παρα-

345 2793 510 2858 δόξως
538 2794 643 2864 μὲν
664 2793 725 2846 τὺ
750 2793 970 2847 τοσοῦτο
995 2794 1333 2866 τροπώσεται
1361 2796 1593 2867 πλῆθος·
1621 2797 1921 2870 παράδοξον

346 2885 400 2940 δὲ
430 2889 545 2950 τοῖς
582 2886 806 2950 οἰκείοις
831 2886 1054 2959 παρέξει
1084 2886 1183 2957 τὴν
1208 2888 1450 2960 εἰρήνην,
1492 2888 1728 2952 Ἐζεκίου
1763 2889 1919 2960 βασι-

347 2979 596 3044 λεύοντος
623 2981 686 3032 ὲκ
723 2979 822 3048 τῆς
852 2978 944 3031 τοῦ
985 2979 1146 3032 Δαυὶδ
1175 2959 1424 3049 διαδοχῆς
1453 2980 1593 3034 κατά
1621 2980 1720 3051 τὴν
1750 2959 1923 3050 έπαγ-
1950 2959 1992 3014 c

347 3071 533 3139 γελίαν
577 3071 680 3141 τὴν
717 3070 887 3126 θείαν.
925 3066 1058 3124 Εἶτα
1108 3070 1280 3140 λέγων
1321 3072 1389 3125 τὰ
1431 3073 1698 3142 ἐσόμενα·
1743 3091 1762 3123 ι
1815 3072 1926 3126 Καὶ

349 3161 810 3232 ὲπεγερθήσονται
842 3160 930 3213 ἐπ’
963 3161 1126 3214 αὐτὸν
1163 3161 1302 3215 έπτά
1334 3161 1611 3232 ποιμένες,
1651 3161 1746 3216 καὶ
1781 3161 1925 3216 ὀκτὼ

348 3250 611 3322 δήγματα
658 3249 993 3322 ἀνθρώπων·
1047 3251 1141 3305 καὶ
1187 3251 1509 3322 ποιμανοῦσι
1549 3252 1640 3308 τὸν
1696 3255 1927 3326 Ἀσσουρ

348 3345 408 3396 ὲν
440 3342 712 3414 ῥομφαία.
743 3344 836 3396 καὶ
877 3343 974 3412 τὴν
998 3343 1102 3414 γῆν
1137 3343 1231 3398 τοῦ
1258 3343 1484 3416 Νεὸρὼδ
1523 3345 1580 3399 ὲν
1623 3347 1690 3416 τῇ
1735 3345 1928 3417 τάφρῳ

349 3437 542 3505 αὐτῆς.
585 3455 606 3488 ι
639 3435 734 3500 Τδ,
766 3451 788 3486 ι
826 3436 964 3489 ἐπτά
992 3437 1244 3506 ποιμένες
1275 3439 1370 3492 καὶ
1396 3437 1540 3493 ὀκτὼ
1562 3439 1812 3511 δήγματα
1832 3442 1930 3493 ἀν-

352 3522 612 3594 θρώπων,
671 3541 690 3575 ι
745 3522 1146 3596 μυθωδέστερόν
1194 3542 1341 3588 τινες
1388 3527 1731 3596 νενοήκασινο
1791 3525 1931 3579 ἑπτὰ

356 3615 456 3686 μὲν
511 3614 806 3685 ποιμένας,
853 3619 1134 3686 προφήτας
1170 3615 1528 3688 ἀριθμοῦντες
1564 3613 1735 3672 ιῑὲπίιιά⁹
1787 3617 1930 3671 ὀκτὼ

351 3708 408 3760 δὲ
457 3709 755 3778 δήγματα,
825 3693 1070 3770 Ἐζεκίαν
1126 3707 1265 3778 μετά
1310 3709 1418 3761 τῶν
1477 3709 1930 3780 ὑπηρετουμένων

353 3800 498 3870 αὐτῷ
528 3799 670 3871 πρὸς
696 3802 802 3869 τὴν
829 3797 1119 3866 βασιλείαν,
1148 3800 1399 3864 λέγοντες
1418 3815 1432 3830 ⁶
1471 3799 1565 3863 οὓς
1601 3799 1708 3854 οὐδ’
1737 3799 1936 3862 οἵτινές

355 3893 491 3944 εἰσιν
516 3892 568 3944 οἱ
602 3890 748 3943 ὀκτὼ
769 3890 1077 3960 δεδύνηνται
1105 3890 1306 3958 λέγειν,
1333 3891 1603 3960 ἀποφάσει
1639 3891 1696 3944 δὲ
1727 3890 1820 3944 τὸν
1847 3889 1934 3944 λό-

355 3997 452 4046 γον
487 3980 862 4032 ἐπιστώσαντο
893 3980 983 4032 τὸν
1021 3982 1245 4032 οἰκεῖον·
1284 3981 1333 4033 εί
1373 3981 1428 4034 δὲ
1467 3982 1592 4044 τοὺς
1633 3981 1933 4052 ὑπηρετου-

359 4070 557 4140 μὲνους
609 4072 677 4138 τῇ
729 4068 973 4140 βασιλείᾳ
1023 4087 1106 4134 τις
1159 4069 1337 4138 λέγειν
1377 4069 1568 4138 ἐθέλοι,
1619 4073 1710 4124 καὶ
1753 4071 1932 4143 πολλῷ

357 4160 578 4222 πλείους
594 4159 703 4212 τῶν
721 4160 863 4212 ὀκτὼ
883 4160 1131 4227 γενέσθαι
1151 4161 1486 4233 δυνήσονται.
1514 4163 1588 4234 (ρ.
1611 4159 1734 4234 999)
1775 4163 1936 4218 Ἀλλά

2019 1690 2293 1746 robabelis
2343 1690 2522 1746 adhuc
2551 1707 2648 1746 sua
2677 1701 2834 1747 relate
2866 1701 3125 1755 remotas,
3171 1691 3483 1746 necessario
3514 1691 3585 1744 ob

2018 1795 2310 1838 eventuum
2341 1784 2739 1853 cognationem,
2775 1784 2838 1837 ad
2871 1785 3263 1854 propositionis
3293 1785 3583 1838 conﬁrma-

2019 1876 2244 1942 tionem,
2299 1884 2563 1932 memorat
2619 1876 3016 1946 expeditionem
3073 1878 3421 1948 Assyriorum
3481 1876 3586 1932 sub

2019 1967 2236 2033 Ezecia,
2277 1968 2462 2038 aitque
2487 1985 2500 2020 :
2521 1988 2539 2020 ‹
2563 1961 2758 2023 Ειότίι
2789 1968 2904 2024 lizec
2935 1985 3060 2039 pax,
3086 1971 3306 2039 quando
3329 1969 3588 2041 Assyrius

2019 2053 2231 2112 venerit
2255 2058 2306 2111 in
2336 2055 2538 2111 terram
2563 2067 2822 2130 vestram,
2856 2068 2908 2114 et
2939 2061 3158 2130 quando
3192 2060 3502 2114 ascenderit
3531 2064 3588 2114 in

2021 2138 2296 2220 regionem
2330 2159 2591 2204 vestram.
2619 2169 2636 2203 ι
2679 2146 2844 2218 Quod
2871 2150 3163 2222 aliquando
3214 2151 3376 2206 faciet
3405 2151 3592 2204 Domi-

2022 2237 2128 2292 nus
2154 2237 2250 2308 per
2277 2238 2690 2307 Zorobabelem,
2725 2237 2936 2294 tantum
2967 2241 3166 2296 sedans
3191 2241 3415 2306 bellum,
3457 2242 3589 2295 vali-

2021 2321 2254 2402 damque
2283 2346 2470 2402 pacem
2507 2334 2624 2389 suis
2653 2333 2993 2400 concedens;
3046 2334 3098 2389 id
3123 2335 3299 2403 ipsum
3329 2334 3423 2388 illo
3453 2343 3590 2390 tem-

2022 2438 2155 2493 pore
2177 2423 2338 2478 nobis
2362 2423 2668 2494 propinquo
2689 2425 2871 2488 faciet,
2894 2425 3114 2494 quando
3131 2426 3388 2496 Assyrius
3416 2425 3593 2479 veniet

2023 2513 2213 2570 contra
2247 2513 2622 2569 Hierusalem:
2659 2525 2790 2570 tunc
2838 2517 2983 2571 enim
3013 2515 3338 2570 mirabiliter
3390 2523 3591 2568 tantam

2024 2601 2329 2677 proﬂigabit
2373 2607 2819 2662 multitudinem:
2865 2610 3196 2680 insperatam
3249 2616 3426 2662 autem
3478 2608 3594 2663 suis

2025 2700 2288 2755 concedet
2319 2715 2529 2770 pacem,
2571 2701 2762 2756 Ezecia
2797 2711 3080 2772 regnante,
3114 2719 3181 2758 ex
3209 2701 3430 2756 Davidis
3465 2716 3596 2756 suc-

2025 2793 2362 2856 cessoribus,
2399 2793 2699 2848 secundum
2728 2794 2968 2848 divinam
2997 2793 3439 2864 promissionem.
3473 2791 3598 2847 Mox

2028 2881 2208 2936 futura
2231 2883 2450 2940 dicens:
2473 2902 2490 2934 ι
2511 2873 2578 2936 Ει
2606 2891 2939 2955 consurgent
2954 2884 3217 2940 adversus
3240 2899 3364 2939 eum
3389 2892 3598 2954 septem

2025 2983 2297 3042 pastores,
2359 2985 2413 3030 et
2461 2984 2584 3030 octo
2631 2990 2848 3031 morsus
2895 2973 3198 3028 hominum.
3255 2972 3320 3026 Et
3375 2980 3600 3043 pascent

2024 3053 2310 3136 Assyrium
2362 3065 2416 3118 in
2449 3067 2651 3136 gladio,
2707 3075 2761 3122 et
2807 3075 3008 3121 terram
3037 3064 3274 3121 Nebrodi
3334 3065 3390 3119 in
3444 3063 3599 3118 fovea

2026 3155 2166 3222 ejus.
2194 3175 2212 3206 ι
2251 3149 2466 3226 Septem
2497 3165 2766 3226 pastores,
2793 3164 2847 3212 et
2875 3163 2998 3210 octo
3039 3170 3260 3210 morsus
3292 3153 3596 3215 hominum,

2028 3246 2334 3301 fabulosius
2399 3247 2652 3301 nonnulli
2722 3247 3126 3310 intellexerunt,
3196 3247 3322 3298 dum
3392 3255 3602 3313 septem

2026 3350 2300 3410 pastores,
2337 3347 2544 3408 septem
2580 3345 2867 3392 numerant
2895 3338 3222 3406 prophetas;
3262 3347 3388 3390 octo
3417 3344 3598 3388 autem

2028 3445 2268 3496 morsus,
2313 3429 2560 3486 Ezeciam
2586 3435 2707 3490 cum
2744 3429 2859 3484 suis
2906 3428 3057 3499 regni
3088 3425 3428 3482 administris
3477 3439 3601 3479 esse

2029 3523 2238 3578 aientes
2261 3541 2276 3590 ;
2301 3539 2424 3577 nam
2451 3537 2549 3576 nec
2575 3521 2668 3592 qui
2693 3521 2803 3576 sint
2824 3520 2877 3574 lii
2901 3528 3044 3580 octo,
3073 3519 3257 3573 dicere
3279 3525 3599 3587 potuerunt,

2030 3615 2252 3684 solaque
2300 3613 2678 3668 adﬁrmatione
2711 3611 2944 3666 sermoni
2993 3626 3095 3664 suo
3137 3607 3292 3664 {idem
3328 3607 3597 3662 fecerunt.

2032 3703 2190 3770 Quod
2223 3704 2266 3758 si
2304 3718 2492 3757 revera
2535 3702 2603 3757 de
2642 3701 2793 3771 regni
2821 3699 3162 3754 administris
3211 3700 3449 3766 cogitare
3478 3697 3602 3766 quis

2031 3798 2180 3859 velit,
2219 3795 2390 3850 multo
2421 3795 2604 3864 plures
2643 3808 2804 3863 quam
2837 3800 2962 3846 octo
2986 3808 3107 3846 esse
3157 3799 3435 3861 poterunt.
3496 3785 3602 3842 Sed

2223 3889 2366 3942 enim
2399 3903 2556 3941 error
2582 3887 2668 3940 his
2691 3886 2786 3956 qui
2818 3885 2891 3938 ita
2918 3885 3247 3955 cogitarunt,
3286 3881 3407 3937 ideo
3446 3884 3603 3935 obre-

2031 3983 2161 4054 psit,
2201 3981 2327 4051 quia
2371 3995 2482 4034 non
2522 3979 2871 4033 considerato
2903 3977 3101 4032 divina?
3131 3975 3427 4046 Scripturae
3463 3972 3601 4028 idio—

2031 4073 2213 4138 tismo,
2272 4072 2448 4128 coacti
2505 4082 2630 4126 sunt
2660 4069 2874 4126 fabulas
2925 4065 3234 4138 contingere
3287 4068 3481 4126 aniles.
3541 4073 3602 4120 ut

2034 4165 2238 4237 aliquid
2269 4166 2452 4220 dicere
2478 4164 2815 4220 viderentur.
2872 4161 2966 4218 Est
3014 4173 3191 4216 autem
3224 4162 3420 4215 divinze
3453 4158 3604 4213 Scri-

358 4251 629 4320 πεποίηκε
673 4249 772 4321 τὴν
815 4251 1020 4320 πλάνην
1073 4255 1185 4315 τοῖς
1239 4251 1380 4305 οὕτω
1431 4253 1728 4324 νενοηκόσι,
1756 4256 1818 4308 τὸ
1857 4253 1924 4328 μή

369 4357 396 4358 W
439 4342 454 4358 ς
568 4341 584 4358 ς
635 4339 698 4358 09'
816 4357 822 4358 ,
904 4337 930 4352 δ
1000 4341 1026 4358 Λ
1068 4341 1080 4358 1
1179 4343 1218 4358 επ
1335 4343 1359 4356 ~
1447 4333 1460 4358 ὅ
1543 4343 1566 4358 Α
1598 4349 1618 4358 ..
1703 4347 1715 4358 ο

2035 4268 2206 4329 plura:
2257 4258 2592 4322 idiotismus,
2649 4257 2948 4326 perfectum
2989 4269 3275 4309 numerum
3327 4250 3599 4307 interdum

357 4342 497 4410 πρὸς
532 4341 596 4393 τὸ
635 4339 827 4411 ἰδίωμα
868 4337 966 4410 τῆς
1000 4341 1147 4406 θείας
1178 4343 1398 4414 Γραφῆς
1436 4333 1669 4410 ἀπιδεῖν,
1693 4347 1934 4415 ἀναγκα-

359 4432 555 4503 σθῆναι
582 4430 640 4483 δὲ
670 4431 914 4484 ἐντεῦθεν
955 4427 1157 4500 μύθους
1185 4434 1490 4490 ἀναπλάσαι
1524 4436 1809 4506 γραώδεις,
1851 4438 1936 4492 ἵνα

354 4527 410 4579 τι
452 4526 650 4589 δόξωσι
689 4525 886 4594 λέγειν.
931 4515 1145 4596 ’ἰδίωμα
1172 4526 1228 4579 δέ
1258 4527 1373 4581 ἐστι
1405 4529 1504 4600 τῆς
1531 4527 1678 4592 θείας
1717 4530 1936 4602 Γραφῇ

356 4618 418 4670 τὸ
462 4617 558 4670 τὸν
585 4617 790 4672 τέλειον
837 4618 1070 4690 ἀριθμὸν
1113 4611 1283 4672 ἐνίοτε
1321 4621 1507 4674 καλεῖν
1557 4622 1731 4675 ἑπτά·
1770 4622 1831 4676 τὸ
1878 4623 1934 4676 δὲ

358 4708 502 4778 ὑπὲρ
531 4709 709 4770 τοῦτο,
755 4709 868 4762 ἀνθ’
906 4701 1208 4780 ὑπερϐολῆς
1241 4705 1566 4780 λαμϐάνεινο
1610 4713 1794 4783 ἐπειδὴ
1825 4713 1934 4783 γὰρ

356 4801 418 4854 ἐν
449 4800 512 4863 ἕξ
552 4800 786 4870 ἡμέραις
815 4803 1070 4872 ἐποίησεν
1099 4802 1128 4853 ὁ
1159 4802 1287 4866 Θεὸς
1329 4803 1417 4855 τὸν
1443 4804 1670 4874 οὐρανὸν
1709 4806 1802 4860 καὶ
1839 4807 1936 4876 τὴν

356 4892 486 4960 γῆν,
510 4893 575 4962 τῇ
602 4891 659 4943 δὲ
686 4891 885 4962 ἑϐδόμῃ
908 4893 1247 4945 κατέπαυσεν
1278 4891 1440 4960 (ὥστε
1468 4895 1560 4947 καὶ
1580 4897 1769 4966 ἀργεῖν
1809 4897 1938 4950 Ἰου-

359 4983 542 5045 δαίους
564 4983 625 5035 τὸ
668 4975 936 5036 σάεὸατον
974 4984 1061 5038 διά
1091 4976 1293 5054 ταύτην
1323 4985 1422 5058 τὴν
1455 4989 1675 5058 αἰτίαν),
1711 4987 1854 5053 ἅπας
1880 5006 1938 5041 τε

359 5075 392 5124 ὁ
427 5074 538 5127 τῶν
581 5075 801 5148 ἡμερῶν
848 5067 1078 5146 ἀριθμὸς
1115 5078 1172 5128 ἐν
1214 5071 1331 5140 ταῖς
1361 5073 1499 5132 ὲπτά
1537 5081 1762 5143 ταύταις
1808 5082 1940 5133 ἀνα-

357 5165 694 5219 κυκλοῦσθαι
721 5167 899 5230 εἴωθε,
937 5157 1154 5221 πάντων
1188 5165 1504 5240 ἀρχομένων
1538 5172 1637 5241 μὲν
1663 5171 1768 5223 ἀπὸ
1789 5170 1936 5240 πρώ-

357 5274 482 5328 της,
516 5255 790 5328 ληγὸντων
813 5259 868 5310 δὲ
901 5261 979 5322 είς
1004 5259 1100 5329 τὴν
1132 5259 1385 5329 ἑϐδόμην,
1418 5259 1553 5330 μετὰ
1575 5259 1628 5312 δὲ
1655 5259 1752 5331 τὴν
1783 5259 1929 5312 ἐϐδο-

2036 4347 2308 4420 appellarc
2335 4348 2703 4418 septenarium
2731 4365 2746 4413 ;
2773 4346 3035 4417 quidquid
3065 4355 3242 4400 autem
3269 4345 3408 4398 ultra
3434 4355 3605 4413 septe-

2033 4442 2246 4495 narium
2305 4447 2411 4505 est,
2471 4453 2569 4509 pro
2620 4454 2847 4494 excessu
2897 4438 3120 4492 habere.
3181 4435 3315 4490 Nam
3350 4437 3476 4500 quia
3509 4451 3602 4490 sex

2031 4532 2226 4587 diebus
2276 4529 2407 4587 fecit
2447 4529 2590 4586 Deus
2623 4531 2822 4585 cmlum
2869 4540 2924 4584 et
2973 4537 3201 4592 terram,
3269 4539 3322 4583 et
3372 4529 3605 4600 septimo

2031 4623 2291 4694 requievit
2325 4623 2516 4694 (quare
2554 4631 2607 4677 et
2644 4619 2816 4676 Judaei
2853 4621 2992 4675 hanc
3031 4621 3101 4674 ob
3139 4635 3362 4676 causam
3391 4622 3444 4674 in
3480 4620 3606 4674 sab-

2031 4717 2157 4770 bato
2189 4715 2486 4782 otiantur);
2518 4722 2666 4768 totus
2697 4721 2875 4766 autem
2914 4713 3124 4766 dierum
3168 4727 3431 4766 numerus
3463 4713 3604 4765 intra

2034 4809 2137 4862 hoc
2171 4807 2542 4876 septenarium
2573 4805 2778 4859 revolvi
2811 4805 2970 4867 solet,
3003 4805 3219 4859 cunctis
3255 4819 3282 4856 a
3315 4804 3492 4874 primo
3524 4804 3606 4856 in-

2034 4897 2388 4969 cipientibus,
2429 4908 2485 4953 et
2519 4899 2573 4950 in
2613 4898 2904 4968 Septimum
2937 4896 3346 4962 desinentibus;
3398 4902 3452 4948 et
3482 4904 3605 4964 post

2035 4990 2428 5045 hebdomadam
2457 4987 2637 5044 denuo
2663 4985 2731 5043 ad
2755 4989 2988 5058 primum
3024 4987 3467 5053 recurrentibus;
3503 4989 3602 5040 hac

2037 5082 2104 5135 de
2134 5097 2300 5135 causa
2330 5081 2514 5134 divina
2547 5071 2852 5150 Scriptura,
2883 5087 3086 5146 septem
3118 5076 3352 5146 appellat
3378 5076 3429 5129 id
3456 5079 3599 5148 quod

2038 5181 2122 5228 est
2153 5169 2452 5241 perfectum
2501 5180 2554 5226 ct
2581 5167 2888 5227 absolutum
2917 5186 2932 5237 ;
2987 5175 3110 5221 octo
3138 5174 3338 5233 autem,
3375 5177 3434 5221 ut
3464 5169 3597 5232 dixi,

2034 5280 2342 5319 CXCCSSIIHI.

361 5371 500 5424 μην,
539 5351 694 5418 αὖθις
729 5357 821 5408 ἐπί⁹
857 5355 956 5426 τὴν
1000 5356 1222 5428 πρώτην
1257 5359 1697 5429 ἁνατρεχόντων·
1752 5361 1842 5413 διὰ
1896 5363 2096 5432 ταύτην
2139 5364 2172 5432 ἡ
2233 5362 2350 5415 οεία
2384 5361 2574 5435 Γραφὴ
2623 5361 2721 5432 τὴν
2767 5357 2964 5423 αἰτίαν,
3016 5356 3152 5410 ἐπτά
3188 5357 3288 5428 μὲν
3314 5357 3374 5410 τὸ
3405 5356 3604 5408 τέλειον

363 5447 458 5501 καὶ
485 5446 888 5518 ἀπηρτημένον
917 5449 1094 5512 καλεῖ,
1122 5448 1261 5502 ὀκτὼ
1288 5450 1364 5512 δὲ,
1401 5452 1475 5514 ὡς
1501 5446 1674 5517 εἷπον,
1703 5453 1801 5523 τὴν
1823 5453 2146 5525 ὑπερϐολήν.

437 5533 625 5599 Ούτως
647 5539 676 5590 ὁ
695 5538 826 5601 Θεὸς
850 5539 995 5608 λέγει
1021 5541 1100 5606 τὸ,
1128 5560 1146 5593 ι
1186 5541 1357 5594 Ἑπτᾶ
1387 5542 1743 5614 ἐκδικούμενα
1773 5547 1942 5615 παρα-

439 5714 488 5746 ’⁸
513 5715 646 5769 Gen.
675 5733 745 5783 iv,

2119 5543 2193 5598 Ita
2235 5543 2377 5600 Deus
2417 5545 2529 5598 ait:
2594 5561 2612 5593 ι
2640 5539 2855 5612 Septem
2906 5541 3172 5598 vindictas
3225 5541 3552 5596 exsolvet“.
3581 5558 3600 5594 ι
