4054 6238
475 259 580 315 379

1678 275 2024 336 THEODORI
2056 279 2534 341 MOPSUESTENI

3589 288 3693 346 7:80

481 381 550 437 Ut
588 383 770 440 dicat:
815 385 921 453 Qui
961 389 1228 446 occiderit
1255 391 1408 448 illum
1439 394 1509 450 ob
1541 411 1753 452 summa
1781 399 2034 466 crimina,

2141 403 2312 457 λύσει·
2329 419 2348 455 ι
2369 405 2454 459 ἵνα
2475 404 2624 476 εἴπῃ,
2647 405 2727 458 ὅτι
2747 405 2775 458 6
2791 403 3028 476 ἀναιρῶν
3052 405 3212 460 αὑτὸν
3229 405 3369 478 ὑπὲρ
3385 406 3698 478 ἀνηκέστων

476 473 764 529 maximam
790 476 1027 546 aliquam
1068 479 1389 552 plenamque
1414 483 1517 554 ipsi
1549 484 1856 554 impositam
1885 502 2037 542 com—
2067 521 2076 528 -

474 563 717 633 perietur
777 581 994 636 poenam
1053 571 1381 640 persolvere.
1461 571 1649 628 Simile
1700 576 1830 644 quid
1894 579 2038 648 apud

475 653 859 712 Ecclesiastem
883 677 896 713 :
937 678 955 710 ι
981 658 1055 714 Da
1082 670 1288 731 partem
1313 673 1540 734 septem,
1568 667 1678 722 imo
1697 681 1750 724 et
1779 678 1902 724 octo
1921 672 1991 725 ⁹¹.
2013 690 2030 722 ι

477 744 550 800 Ut
577 747 749 803 dicat:
781 749 1010 806 Abunde
1033 753 1214 808 tribue
1244 754 1634 824 indigentibus,
1666 769 1720 813 et
1744 775 1812 815 ne
1835 776 2036 816 renuas

475 835 580 891 hac
611 837 664 892 in
709 854 767 893 re
788 841 1072 897 excedere.
1104 843 1243 898 llinc
1284 847 1475 901 beatus
1502 847 1728 905 Petrus:
1773 871 1791 902 ‹
1814 851 2039 918 Quaties

476 927 530 982 in
562 944 648 983 me
682 933 926 1000 peccabit
957 933 1122 988 frater
1149 952 1322 1000 meus,
1367 948 1424 994 et
1447 939 1710 996 dimittam
1760 944 1878 998 illi?
1906 962 2034 1000 num

476 1035 652 1089 usque
685 1023 885 1092 septies
905 1026 978 1079 οη
999 1045 1018 1077 ι
1050 1031 1416 1097 septenarium
1441 1031 1627 1089 dicens
1653 1051 1937 1091 numerum
1977 1048 2037 1092 ut

478 1111 850 1169 sufficientem.
877 1116 1044 1181 Quem
1065 1119 1131 1172 ab
1151 1135 1215 1174 eo
1234 1136 1560 1192 magnopere
1581 1128 1827 1196 superari
1851 1129 2036 1184 volens

477 1199 760 1268 Dominus,
777 1205 1205 1264 subdidituNon
1226 1212 1349 1267 dico
1373 1214 1472 1268 tibi
1500 1231 1670 1284 usque
1697 1219 1918 1286 septies,
1943 1221 2036 1276 sed
2085 1199 2087 1202 Ι

477 1309 654 1362 usque
709 1299 1015 1368 septuagies
1041 1295 1290 1366 septiesa
1313 1305 1608 1363 Cousimile
1638 1310 1890 1378 quiddam
1949 1312 2037 1367 hic

476 1400 695 1455 quoque
718 1386 870 1445 dicit.
918 1384 1161 1460 Namque
1189 1393 1473 1464 Assyrium
1504 1414 1626 1452 cum
1660 1405 1898 1456 exercitu
1935 1419 2037 1458 suo

477 1475 875 1542 advenientem,
917 1495 1108 1550 magna
1137 1494 1298 1553 atque
1327 1488 1647 1556 gravissima
1675 1494 1851 1560 angeli
1877 1495 2036 1548 mini-

477 1567 646 1622 sterio
670 1566 901 1624 irretivit
925 1569 1066 1625 Deus
1097 1574 1416 1642 punitione:
1455 1580 1641 1634 multis
1668 1582 1811 1634 enim
1869 1583 2036 1638 inter-

477 1656 653 1721 fectis,
685 1659 737 1712 in
776 1660 956 1730 fugam
989 1677 1046 1717 se
1070 1664 1265 1734 reliqui
1295 1668 1678 1738 conjecerunt;
1709 1681 1762 1725 et
1793 1673 2033 1729 locorum

2141 495 2514 564 πταισμάτων,
2544 495 2803 566 μεγίστην
2829 497 2951 549 τινὰ
2988 499 3081 550 καὶ
3103 499 3512 570 ἀπηρτισμένην
3549 500 3700 570 αὑτῷ

2141 587 2405 654 τιμωρίαν
2455 586 2803 657 ἐπικειμένην
2846 587 3198 659 εὑρεθήσεται
3235 589 3410 644 λύων⁶
3461 591 3702 645 τοιοῦτόν

2141 677 2257 729 ἐστι
2298 677 2392 731 καὶ
2438 677 2586 749 παρά
2617 677 2694 748 τῷ
2735 678 3127 751 Ἐκκλησιαστῇ
3161 681 3218 735 τό
3245 698 3257 710 ⁸
3297 699 3316 732 ι
3366 681 3462 745 Δὸς
3510 683 3702 755 μερίδα

2139 767 2250 829 τοῖς
2279 767 2434 829 έπτά,
2482 767 2575 820 καί
2599 784 2662 834 γε
2703 769 2816 831 τοῖς
2855 767 3160 823 ὀκτώοιῖνα
3205 769 3354 844 είπῃ,
3401 772 3704 844 Φιλοτίμως

2139 855 2278 909 δίδου
2331 859 2441 921 τοῖς
2483 857 2773 928 δεομένοις,
2850 857 2980 930 μηδὲ
3026 859 3296 932 ὑπερϐολῇ
3363 863 3490 934 περὶ
3541 863 3703 917 τοῦτο

2140 946 2373 1015 χρῆσθαι
2421 947 2882 1019 παραιτούμενος·
2931 950 3178 1004 ἐντεῦθεν
3221 955 3249 1005 ὁ
3293 955 3556 1024 μακάριος
3595 955 3700 1026 ἔφη

2142 1039 2378 1108 Πέτρος*
2426 1058 2444 1089 ι
2485 1039 2742 1102 Ποσάκις,
2789 1039 2881 1093 ἐὰν
2911 1040 3124 1112 ἁμάρτῃ
3157 1044 3236 1105 είς
3277 1045 3376 1114 ἐμὲ
3413 1048 3440 1098 6
3472 1029 3701 1114 ἀδελφός

2145 1143 2266 1196 μου,
2283 1128 2478 1198 ἀφήσω
2508 1127 2676 1198 urbem;
2698 1129 2801 1191 ἕως
2837 1129 3096 1194 smne;
3124 1150 3142 1181 ι
3169 1132 3244 1196 ώς
3269 1133 3582 1204 ἀρκοῦντος,
3609 1136 3702 1188 τὸν

2140 1218 2341 1272 τέλειον
2369 1217 2536 1272 εἰπὼν
2564 1219 2822 1291 ἀριθμόν·
2868 1220 2928 1272 ὃν
2973 1221 3276 1292 ὑπερϐῆναι
3313 1227 3452 1278 κατά
3497 1227 3698 1296 πολλὴν

2141 1308 2454 1380 περιουσίαν
2477 1307 2794 1378 βουλόμενος
2810 1309 2837 1360 6
2857 1307 3076 1379 Κύριος,
3100 1311 3347 1381 ἐπήγαγε
3371 1312 3450 1376 τὸ,
3481 1316 3555 1382 (p.
3575 1315 3702 1384 500)

2147 1418 2166 1448 ο
2215 1399 2290 1451 Οὑ
2322 1398 2462 1468 λέγω
2503 1417 2582 1452 σοι
2611 1399 2713 1463 ἓως
2746 1400 2990 1464 ἑπτάκις,
3034 1401 3144 1454 ἀλλ’
3175 1403 3280 1466 ἓως
3309 1405 3697 1476 ἑϐδομηκοντά-

2141 1509 2227 1554 κις
2253 1492 2409 1544 έπτά.
2456 1511 2474 1542 ι
2513 1491 2732 1546 Τοιοῦτο
2766 1492 2827 1563 δή
2863 1510 2916 1545 τι
2957 1494 3231 1549 κάνταῦθά
3280 1512 3474 1568 φησιν’
3516 1498 3706 1567 ἐπελη·

2140 1580 2335 1634 λυθότα
2361 1581 2468 1652 γάρ
2495 1581 2586 1634 τὸν
2625 1581 2904 1652 Ἀσσύριον
2939 1584 3074 1653 μετά
3100 1584 3191 1637 τοῦ
3225 1588 3582 1656 στρατοπέδου
3604 1589 3702 1641 τοῦ

2139 1674 2361 1736 οἰκείου,
2415 1671 2619 1742 μεγάλῃ
2682 1671 2778 1741 μέν
2824 1689 2928 1725 τινι
2974 1674 3066 1726 καὶ
3114 1673 3420 1748 βαρυτάτῃ,
3473 1677 3558 1731 διὰ
3603 1679 3706 1749 τῆς

477 1750 672 1806 incolis
691 1751 868 1808 facilis
895 1756 1070 1824 praeda
1097 1756 1298 1820 effecti,
1318 1771 1567 1816 sexcenta
1588 1765 1732 1832 passi
1760 1775 1886 1820 sunt
1910 1769 2040 1821 mul-

2141 1763 2439 1834 ὑπουργίας
2466 1761 2560 1816 τοῦ
2593 1762 2844 1830 ἀγγέλου,
2880 1764 3272 1835 περιϐέϐληκεν
3306 1767 3334 1818 6
3377 1766 3506 1831 Θεὸς
3525 1771 3588 1839 τῇ
3623 1787 3707 1821 τι-

479 1840 710 1895 tifariam
738 1845 877 1898 mala
906 1857 1067 1915 atque
1105 1863 1134 1900 a
1165 1852 1372 1916 multis,
1411 1852 1539 1906 dum
1580 1855 1852 1925 fugientes
1883 1857 2041 1915 facile

478 1929 768 1986 admodum
811 1935 1175 2002 adorirentur,
1209 1951 1262 1995 et
1281 1941 1649 2012 deprehensos
1700 1949 2032 2006 occiderent.

477 2019 758 2078 Postremo
787 2028 953 2082 multa
984 2045 1106 2084 cum
1155 2033 1453 2102 ignominia
1484 2054 1576 2093 rex
1607 2055 1793 2096 eorum
1823 2042 1888 2097 ad
1919 2060 2044 2113 pro-

478 2110 652 2181 priam
683 2113 942 2170 ditionem
975 2134 1250 2183 reversus,
1283 2139 1312 2178 a
1336 2125 1520 2180 liberis
1543 2129 1656 2182 suis
1685 2130 2043 2201 interemptus

477 2202 611 2257 fuit:
651 2213 708 2258 ut
743 2207 1080 2276 exploratum
1121 2213 1278 2284 197
1312 2216 1402 2281 sit,
1433 2220 1768 2287 punitionem
1819 2224 1929 2278 illis
1960 2226 2044 2279 in-

477 2291 676 2350 ﬂictam
723 2312 752 2350 a
799 2298 907 2355 Deo
947 2303 1357 2373 gravissimam;
1389 2325 1490 2364 nec
1515 2311 1622 2367 illis
1645 2315 1820 2368 solum
1851 2316 1919 2370 ab
1946 2331 2044 2370 an-

475 2387 598 2456 gelo
623 2391 768 2445 circa
794 2377 1130 2449 Hierusalem
1156 2401 1454 2466 percussis,
1499 2404 1592 2458 sed
1625 2407 1848 2475 reliquis
1881 2408 2041 2462 etiam

478 2477 571 2547 qui
607 2482 754 2549 gravi
797 2483 989 2540 timore
1037 2490 1272 2557 correpti
1326 2491 1566 2548 indidem
1615 2495 1912 2567 fugiebant.
1971 2499 2044 2552 De

477 2567 678 2635 quibus
708 2571 867 2625 etiam
896 2573 1085 2630 beatus
1118 2577 1248 2631 dicit
1278 2576 1446 2634 David
1475 2600 1488 2636 :
1535 2601 1554 2634 ι
1581 2583 1756 2640 Pones
1785 2602 1880 2642 eos
1915 2587 2043 2641 dor-

477 2672 638 2727 sum;
670 2661 725 2716 in
750 2663 998 2734 reliquiis
1021 2668 1127 2723 tuis
1148 2673 1478 2741 przeparabis
1495 2677 1698 2729 vultum
1721 2693 1907 2732 eorum
1930 2679 1994 2731 ⁵³.
2019 2697 2036 2730 ι

477 2747 594 2805 Hoc
622 2751 959 2821 significans,
987 2757 1102 2812 fore
1122 2770 1180 2814 ut
1204 2775 1392 2818 omnes
1421 2765 1472 2817 in
1506 2765 1686 2835 fugam
1719 2781 2040 2824 convertan-

479 2851 600 2909 tur;
632 2858 1082 2918 commoveatque
1111 2851 1246 2906 iram
1278 2869 1430 2908 suam
1454 2857 1612 2910 etiam
1639 2859 1692 2912 in
1717 2861 2040 2930 superstites

481 2929 644 2988 Deus.
681 2933 794 2990 lloc
831 2936 996 3006 igitur
1023 2941 1140 2994 vult
1168 2945 1274 2997 hoc
1296 2944 1416 3000 loco
1445 2945 1646 3012 dicere,
1676 2929 1804 3004 dum
1836 2961 2039 3020 septem

477 3033 722 3092 pastores
742 3031 1063 3084 suscitatam
1095 3032 1160 3088 iri
1203 3034 1314 3102 ait;
1349 3036 1588 3094 declarat
1613 3041 1821 3096 scilicet
1843 3041 2040 3098 divinae

2146 1855 2325 1928 μωρίᾳ
2345 1869 2357 1882 ·
2393 1853 2602 1907 πολλῶν
2629 1853 2685 1907 δὲ
2717 1853 3123 1925 ἀναιρεθέντων,
3154 1857 3234 1920 εἰς
3261 1860 3436 1928 φυγήν
3461 1876 3517 1911 τε
3542 1861 3705 1930 ἐτρά-

2144 1963 2322 2017 πησαν
2349 1947 2397 1999 οἱ
2423 1945 2615 2008 λοιποὶ,
2652 1945 2748 1999 καλ⁹
2775 1949 2887 2010 τοῖς
2915 1947 3057 2000 κατά
3080 1947 3274 2012 τόπους
3315 1950 3572 2003 εὐάλωτοι
3609 1968 3705 2019 γε·

2141 2039 2378 2106 γονότες,
2419 2037 2646 2090 πλεῖστα
2679 2037 2780 2091 ὅσα
2809 2038 3144 2093 πεπόνθασιν
3192 2041 3250 2093 ὲν
3291 2040 3565 2113 διαφόροις
3608 2045 3705 2096 καὶ

2143 2128 2293 2200 παρὰ
2325 2129 2615 2201 διαφόρων,
2655 2128 2764 2181 τῶν
2799 2129 2875 2192 ὡς
2919 2129 2984 2183 ἂν
3015 2130 3271 2200 φεύγουσι
3321 2132 3457 2202 μετά
3503 2133 3730 2203 πολλῆς·

2142 2221 2399 2275 ἐπιόντων
2426 2223 2522 2291 τῆς
2555 2220 2852 2291 εὑμαρείας
2885 2221 2976 2273 καὶ
3003 2225 3127 2285 τοὺς
3160 2223 3526 2292 ἐμπίπτοντας
3545 2220 3704 2282 ἀναι-

2144 2310 2405 2384 ρούντων·
2445 2311 2504 2364 τὸ
2524 2312 2828 2365 τελευταῖον
2869 2313 2923 2365 δὲ
2961 2313 3098 2383 μετά
3121 2313 3320 2383 πολλῆς
3349 2314 3448 2383 τῆς
3480 2317 3708 2386 ἀτιμίας

2143 2399 2178 2457 δ’
2215 2403 2510 2474 βασιλεύων
2546 2403 2725 2457 αὑτῶν
2770 2406 2847 2468 εἰς
2879 2404 2975 2475 τὴν
3010 2404 3190 2475 χώραν
3222 2406 3570 2476 ἀπεληλυθὼς
3601 2407 3710 2479 τὴν

2143 2496 2368 2558 οίκείαν,
2400 2494 2504 2546 ὑπὸ
2530 2495 2639 2546 τῶν
2671 2493 2798 2548 υἱῶν
2829 2495 3064 2568 ἀνῃρέθη
3109 2496 3214 2549 τῶν
3243 2496 3386 2549 ίδίων
3409 2515 3423 2527 ·
3466 2499 3540 2559 ώς
3571 2498 3704 2567 φαίο

2142 2584 2326 2637 νεσθαι
2373 2585 2468 2656 τὴν
2511 2585 2780 2655 τιμωρίαν
2825 2587 3007 2649 αὐτοῖς
3055 2587 3380 2664 ἐπαχθεῖσαν
3423 2588 3571 2659 παρά
3605 2588 3710 2642 τοῦ

2142 2676 2275 2729 Θεοῦ
2315 2676 2644 2748 βαρυτάτην,
2675 2680 2735 2730 οὑ
2767 2677 2924 2746 μόνον
2951 2677 3040 2731 διὰ
3064 2678 3171 2730 τῶν
3209 2678 3314 2731 ὑπὸ
3349 2678 3441 2732 τοῦ
3469 2680 3708 2748 ἀγγέλου

2144 2768 2456 2840 πληγέντων
2489 2769 2618 2839 περὶ
2648 2769 2747 2840 τὴν
2789 2768 3156 2838 Ἰερουσαλὴμ,
3183 2768 3317 2822 ἀλλά
3356 2771 3448 2824 καὶ
3475 2771 3560 2824 διά
3595 2772 3715 2825 τῶν

2141 2859 2341 2912 λοιπῶν
2369 2859 2476 2912 τῶν
2522 2858 2659 2929 μετὰ
2709 2857 2902 2911 πολλοῦ
2945 2857 3038 2911 τοῦ
3075 2858 3224 2919 δέους
3252 2860 3596 2930 πεφευγότων
3642 2880 3710 2914 τε

2142 2951 2348 3005 ἐκεῖθεν
2389 2951 2482 3004 καὶ
2509 2950 2767 3013 ποικίλως
2794 2949 3184 3018 ἀναιρεθέντων
3201 2969 3215 2982 ·
3249 2953 3376 3022 περὶ
3402 2946 3476 3006 ῶν
3504 2953 3566 3025 δὴ
3605 2954 3714 3008 καὶ

2141 3045 2170 3096 6
2206 3043 2469 3114 μακάριος
2496 3041 2656 3096 Δαυὶδ
2693 3079 2709 3103 ,
2760 3058 2778 3091 ι
2821 3041 2902 3096 ὄτι
2959 3041 3146 3111 θήσεις
3190 3043 3385 3106 αὑτοὺς
3422 3043 3608 3108 νῶτον,
3646 3046 3710 3098 ὲν

477 3118 779 3184 punitionis
808 3123 1149 3192 gravitatem,
1183 3143 1345 3196 quam
1386 3131 1678 3200 perfectam
1712 3135 2037 3206 plenamque

2141 3137 2251 3196 τοῖς
2265 3151 2331 3186 πε
2341 3133 2597 3204 ριλοίποις
2617 3149 2708 3186 σου
2724 3132 3024 3202 έτοιμάσεις
3051 3132 3111 3185 τὸ
3124 3135 3408 3205 πρόσωπον
3433 3134 3608 3187 αὐτῶν
3630 3150 3646 3163 ·
3681 3152 3706 3188 ι

477 3213 575 3278 per
602 3211 776 3280 angeli
809 3213 1016 3268 cladem
1049 3215 1274 3272 adduxit
1301 3221 1408 3274 illis
1441 3222 1604 3279 Deus.

2142 3226 2300 3280 τοῦτο
2332 3225 2526 3296 δηλῶν,
2553 3225 2634 3277 ὅτι
2663 3224 3031 3294 τραπήσονται
3091 3224 3189 3294 μὲν
3223 3225 3457 3288 ἅπαντες
3489 3227 3567 3288 εἰς
3596 3241 3712 3292 φυ-

475 3301 600 3369 γὴν,
646 3303 852 3373 κινήσει
907 3305 962 3358 δὲ
1008 3307 1105 3379 τὴν
1137 3311 1304 3382 ὀργὴν
1336 3315 1432 3383 τὴν
1477 3317 1682 3370 οίκείαν
1735 3321 1828 3372 καὶ
1889 3321 2030 3374 κατά
2088 3319 2195 3373 τῶν
2247 3317 2714 3388 ὑπολελειμμένων
2755 3318 2784 3369 6
2823 3315 2972 3379 Θεός.
3030 3316 3105 3386 (p.
3143 3316 3266 3386 501)
3313 3316 3482 3369 Τοῦτο
3523 3317 3716 3368 τοίνυν

475 3391 660 3447 ἐνθάδε
700 3393 942 3463 βούλεται
974 3397 1168 3466 λέγειν,
1198 3402 1336 3455 ἑπτὰ
1380 3405 1478 3474 μὲν
1511 3409 1774 3478 ποιμένας
1809 3411 2266 3482 ἐπεγερθήσεσθαι
2323 3409 2526 3477 λέγων’
2581 3410 2667 3462 ἵνα
2696 3410 2910 3484 δηλώσῃ
2955 3411 3054 3480 τῆς
3107 3409 3254 3472 θείας
3285 3408 3550 3480 τιμωρίας
3606 3411 3716 3480 τὴν

476 3486 772 3560 βαρύτητα,
803 3492 868 3560 ἢν
899 3491 1108 3546 τελείαν
1140 3512 1199 3547 τε
1242 3499 1334 3550 καὶ
1367 3500 1778 3574 ἀπηρτισμένην
1821 3506 1907 3560 διὰ
1937 3507 2036 3576 τῆς
2059 3507 2150 3559 τοῦ
2177 3505 2406 3572 ἀγγέλου
2429 3504 2641 3576 πληγῆς
2669 3506 2946 3575 ἐπήγαγεν
2977 3505 3157 3566 αὑτοῖς
3181 3505 3209 3556 6
3237 3502 3388 3566 Θεός,

545 3579 682 3636 Octo
726 3582 1004 3639 hominum
1035 3603 1255 3646 morsus
1297 3593 1451 3658 dicit,
1485 3607 1542 3649 ut
1572 3600 1848 3654 cumulum
1891 3603 2045 3656 incu-

476 3670 780 3728 biturorum
855 3686 980 3746 post
1029 3677 1212 3750 fugam
1270 3684 1421 3739 illinc
1478 3690 1740 3744 malorum
1802 3692 2039 3757 denotet,

476 3766 664 3821 multis
683 3783 777 3836 per
807 3784 869 3823 ea
897 3771 1014 3824 loca
1038 3772 1372 3840 hominibus,
1404 3789 1590 3849 utpote
1620 3784 1790 3852 quiin
1823 3787 2043 3841 sedibus

479 3859 714 3925 prepriis
735 3862 1069 3929 perstabant.
1100 3864 1368 3934 fugientes
1393 3871 1778 3939 perdentibns;
1830 3891 2040 3931 necnon

475 3953 532 4000 et
558 3947 680 4003 illos
712 3951 803 4018 qui
839 3951 890 4004 in
923 3955 1149 4022 patriam
1169 3973 1225 4011 se
1252 3961 1513 4026 putabant
1533 3965 1792 4032 evasisse,
1811 3969 2042 4036 quibus-

475 4051 599 4090 cum
631 4054 808 4110 regem
839 4057 1054 4113 quoque
1107 4062 1135 4098 ει
1184 4049 1298 4104 suis
1340 4051 1524 4105 liberis
1587 4055 1819 4110 interimi
1867 4061 2043 4112 conti-

477 4125 586 4194 git:
627 4143 788 4197 quam
820 4145 934 4184 rem
984 4133 1226 4202 elegante
1269 4140 1534 4193 vocabulo
1579 4143 1714 4198 dixit
1761 4145 2039 4203 hominum

477 4233 715 4284 morsus,
748 4230 804 4274 nt
836 4221 902 4275 ab
934 4225 1106 4292 angeli
1138 4229 1417 4294 punitione
1444 4232 1819 4303 distingueret.
1850 4238 2040 4296 Postea

476 4307 657 4364 dicere
694 4311 892 4380 pergit:
935 4330 954 4363 ι
982 4313 1046 4366 Et
1082 4326 1304 4382 pascent
1337 4318 1619 4391 Assyrium
1663 4326 1717 4379 in
1759 4327 1958 4397 gladio,
1989 4341 2043 4386 et

477 4409 674 4454 terram
719 4402 963 4459 "Nebrodi
1025 4406 1079 4459 iu
1117 4407 1266 4462 fovea
1304 4410 1444 4479 ejus.
1477 4433 1495 4464 ι
1549 4413 1619 4470 Ut
1665 4418 1810 4472 dicat
1859 4421 2040 4490 gladio

475 4496 902 4549 consumendum
939 4499 1240 4569 Assyrium,
1270 4505 1360 4572 qui
1395 4508 1666 4576 propriam
1694 4527 1910 4581 quoque
1956 4529 2038 4568 re~

2223 3598 2397 3652 Ὀκτὼ
2430 3600 2487 3653 δὲ
2513 3599 2762 3670 δήγματα
2793 3599 3110 3670 ἀνθρώπων,
3147 3599 3233 3650 ἵνα
3260 3596 3356 3668 τὴν
3401 3596 3715 3667 ὑπερϐολὴν

2142 3693 2269 3763 εἴπῃ
2299 3690 2406 3743 τῶν
2458 3690 2918 3760 καταληψομένων
2965 3691 3160 3753 αὐτοὺς
3209 3689 3393 3743 κακῶν
3438 3689 3572 3756 μετά
3604 3691 3716 3760 τὴν

2141 3783 2347 3837 ἐκεῖθεν
2375 3782 2570 3854 φυγὴν,
2603 3782 2868 3852 διαφόρως
2895 3782 3005 3836 τῶν
3045 3800 3104 3834 τε
3135 3783 3272 3836 κατά
3303 3782 3462 3834 τόπον
3493 3781 3716 3851 ἀνθρώ-

2141 3893 2257 3926 πων
2280 3874 2499 3927 καὶτῶν
2531 3873 2665 3945 πρὸς
2694 3875 2828 3944 αὑτῇ
2851 3890 2913 3941 γε
2941 3872 3118 3926 αὑτῶν
3155 3875 3220 3943 τῇ
3252 3871 3402 3942 χώρᾳ
3429 3870 3715 3924 καθεστώ-

2143 3983 2269 4030 των,
2309 3965 2434 4029 τούς
2482 3982 2540 4018 τε
2586 3963 2884 4032 φεύγοντας
2931 3964 3292 4026 ἀπολλύντων,
3329 3962 3422 4015 καὶ
3471 3964 3595 4024 τοὺς
3651 3965 3718 4016 ὲν

2144 4063 2254 4122 τοῖς
2290 4059 2474 4121 τόποις
2517 4057 2988 4126 καταπεφευγέναι
3033 4056 3318 4119 δοκοῦντας
3359 4057 3468 4118 τοῖς
3519 4053 3713 4118 ἰδίοις’

2146 4151 2262 4220 μεθ’
2289 4143 2362 4203 ὧν
2396 4149 2738 4220 ἀναιρεθῆναι
2772 4147 2864 4200 καὶ
2913 4148 3002 4200 τὸν
3052 4147 3274 4217 βασιλέα
3307 4147 3410 4199 ὑπὸ
3440 4147 3548 4198 τῶν
3574 4147 3716 4200 υἱῶν

2145 4240 2340 4310 συνέϐη
2375 4239 2479 4293 τῶν
2509 4240 2652 4292 ίδίων
2672 4255 2686 4271 ·
2719 4239 2746 4292 ὃ
2770 4239 2864 4292 καὶ
2904 4239 3082 4302 καλῶς
3122 4239 3422 4310 ἀνθρώπων
3460 4234 3579 4290 εἷπε
3613 4239 3718 4310 δή-

2145 4351 2349 4404 γματα,
2381 4331 2820 4385 ἀντιδιαστέλλων
2853 4329 2990 4384 αὑτά
3024 4333 3087 4401 τῇ
3131 4331 3219 4384 διὰ
3243 4329 3334 4382 τοῦ
3364 4329 3596 4397 ἀγγέλου
3629 4347 3718 4383 τι-

2148 4427 2346 4496 μωρίᾳ.
2384 4422 2514 4478 Εἶτα
2534 4426 2758 4491 ἐπάγειο
2808 4442 2825 4473 ι
2863 4425 2971 4476 Καὶ
3000 4421 3317 4492 ποιμανοῦσι
3345 4421 3434 4474 τὸν
3475 4423 3718 4494 ’Λσσοὺρ

2143 4520 2200 4570 ὲν
2229 4516 2471 4588 ῥομφαίᾳ
2499 4517 2592 4568 καὶ
2635 4515 2736 4584 τὴν
2777 4513 2876 4583 γὴν
2910 4512 3001 4565 τοῦ
3043 4511 3267 4583 Νεϐρὼδ
3303 4512 3358 4562 ὲν
3401 4515 3466 4582 τῇ
3511 4511 3717 4583 τάφρῳ

477 4583 690 4653 gionem
723 4597 910 4642 cernet
938 4599 1245 4646 vastatam:
1281 4595 1424 4663 quod
1458 4613 1644 4668 reapse
1675 4601 1876 4655 malum
1908 4619 2034 4672 pas—

2141 4583 2308 4676 αύτῆς
2329 4583 2358 4636 ’Ὗ
2385 4627 2404 4659 ι
2443 4583 2530 4660 iv:
2561 4607 2688 4678 εἴπῃ
2726 4607 2830 4669 ὅτι,
2865 4602 3016 4674 Ξίφει
3045 4621 3104 4657 τε
3135 4603 3650 4673 καταναλωθήσεται
3682 4607 3718 4659 ὁ

477 4691 572 4730 sus
606 4688 789 4746 postea
837 4694 864 4732 a
897 4679 1207 4752 Babyloniis
1257 4697 1358 4740 est.
1392 4687 1509 4742 Jam
1558 4700 1755 4746 terram
1801 4695 2034 4750 Nebrodi

476 4767 620 4821 illam
666 4781 962 4838 nuncupat,
1022 4774 1149 4842 quia
1198 4775 1304 4830 illis
1360 4779 1459 4832 fuit
1493 4783 1546 4834 in
1593 4782 1728 4838 locis
1755 4784 2037 4842 Nebrodus

475 4861 646 4930 gigas,
689 4861 779 4931 qui
818 4863 1020 4932 regiam
1050 4864 1365 4934 dignitatem
1399 4873 1539 4940 apud
1595 4876 1741 4945 ipsos
1775 4879 2034 4944 obtinuit,

473 4969 811 5026 magnusque
840 4957 989 5014 visus
1019 4970 1102 5014 est
1133 4963 1273 5030 apud
1303 4963 1422 5032 ejus
1470 4968 1727 5035 temporis
1767 4969 2034 5036 homines,

473 5046 669 5101 virium
723 5064 954 5112 suarum
999 5053 1334 5107 conscientia
1384 5054 1584 5112 elatus.
1637 5056 1726 5112 Sic
1761 5061 1903 5113 enim
1963 5063 2037 5118 ait

467 5132 773 5197 Creationis
818 5143 989 5197 liber:
1024 5162 1043 5195 ι
1093 5143 1192 5199 llic
1241 5147 1340 5198 fuit
1393 5147 1544 5216 gigas
1591 5160 1813 5204 venator
1851 5167 2032 5208 coram

475 5225 604 5281 Deo.
634 5228 922 5299 Propterea
952 5235 1168 5289 dicent:
1207 5235 1359 5290 Sicut
1379 5235 1663 5294 Nebrodus
1699 5242 1849 5312 gigas
1876 5260 2039 5298 vena-

477 5329 562 5372 tor
590 5335 770 5373 coram
796 5321 906 5376 Deo
928 5341 941 5377 :
978 5344 996 5376 ι
1036 5325 1248 5396 fuitque
1267 5337 1429 5397 caput
1455 5330 1604 5397 regni
1637 5331 1756 5399 ejus
1779 5332 2034 5406 Babylon.

475 5408 610 5474 Quia
653 5410 816 5478 igitur
856 5413 1016 5480 hujus
1049 5431 1214 5470 causa
1249 5416 1635 5486 superbiebant
1670 5421 1901 5492 Assyrii,
1937 5440 2034 5480 ceu

471 5503 685 5574 magnis
718 5511 1036 5572 praestantes
1070 5508 1296 5573 viribus,
1345 5516 1528 5580 utpote
1561 5524 1590 5563 a
1625 5512 1718 5566 tali
1745 5515 1860 5570 viro
1909 5531 2037 5586 pro-

545 5687 588 5718 "
615 5685 778 5743 Eceli.
807 5707 879 5758 xu,
905 5689 956 5742 2.
1035 5693 1078 5724 θ’
1110 5693 1297 5751 Matth.
1324 5712 1480 5767 mn,
1519 5699 1607 5754 ﬁl.

2147 4700 2445 4770 Ἀσσύριος,
2489 4701 2582 4752 καὶ
2611 4698 2708 4769 τὴν
2752 4697 2856 4767 γῆν
2892 4698 2990 4768 τὴν
3019 4695 3221 4749 οἰκείαν
3250 4695 3436 4765 ὅψεται
3474 4695 3719 4768 δῃουμέ-

2134 4810 2251 4860 νην,
2283 4793 2418 4860 ὅπερ
2451 4789 2541 4846 οὑν
2587 4791 2681 4844 καί⁸
2731 4789 2998 4843 πέπονθεν
3046 4789 3152 4840 ὑπὸ
3193 4789 3300 4840 τῶν
3347 4787 3716 4842 Βαϐυλωνίων

2137 4885 2358 4954 ὕστερον
2381 4901 2393 4913 ·
2430 4883 2534 4953 γῆν
2562 4883 2670 4954 γάρ
2698 4881 2789 4934 τοῦ
2833 4880 3059 4952 Νεϐρὼδ
3081 4880 3294 4949 εκείνην
3321 4879 3600 4948 ὀνομάζει,
3631 4881 3720 4941 ὡς

2135 4975 2192 5024 ἐν
2227 4974 2452 5038 ἐκείνοις
2498 4977 2609 5037 τοῖς
2655 4974 2840 5036 τόποις
2890 4971 2981 5024 τοῦ
3028 4969 3251 5042 Νεϐρὼδ
3293 4969 3603 5038 γεγονότος,
3640 4971 3720 5024 τὰ

2135 5064 2376 5135 βασίλειά
2399 5083 2460 5118 τε
2491 5066 2702 5136 ἔχοντος
2726 5065 2966 5126 ἐκείνων,
2986 5063 3044 5126 ὃς
3080 5062 3247 5132 μέγας
3273 5061 3524 5129 ἐφαίνετο
3555 5064 3728 5134 παρᾶ

2133 5157 2256 5220 τοὺς
2280 5157 2401 5209 τότε
2430 5157 2746 5227 ἀνθρώπους
2778 5156 2868 5210 ἐπὶ
2896 5157 3121 5226 δυνάμει
3161 5150 3392 5223 φρονῶν.
3421 5151 3578 5204 Οὕτω
3598 5152 3726 5226 γὰρ

2133 5251 2168 5316 ὴ
2199 5249 2296 5318 τῆς
2322 5250 2566 5312 Κτίσεως
2596 5249 2776 5318 βίϐλος
2807 5249 3004 5318 φησίν·
3045 5265 3062 5298 ι
3109 5239 3275 5307 Οὗτος
3309 5238 3378 5314 ἦν
3414 5242 3576 5312 γίγας
3609 5261 3728 5296 κυ-

2135 5339 2297 5409 νηγὸς
2330 5340 2569 5394 ἐναντίον
2599 5341 2802 5412 Κυρίου
2827 5357 2840 5370 ·
2878 5338 2966 5392 διὰ
3006 5335 3162 5390 τοῦτο
3205 5334 3439 5406 ἐροῦσιν,
3480 5333 3571 5397 Ὧς
3597 5335 3728 5388 Νεσ-

2134 5429 2288 5501 -ϐρὼὸ
2311 5430 2470 5498 γίγας
2499 5431 2730 5501 κυνηγὸς
2763 5427 3003 5483 ἐναντίον
3025 5427 3119 5482 τοῦ
3142 5424 3277 5480 Θεοῦ
3293 5442 3306 5456 ο
3326 5445 3347 5477 ι
3369 5425 3463 5479 καὶ
3489 5425 3732 5492 ἐγένετο

2143 5519 2177 5589 ἡ
2205 5517 2348 5589 ἀρχίἰ
2375 5517 2476 5590 τῆς
2517 5517 2789 5588 βασιλείας
2837 5516 3000 5571 αὑτοῦ
3047 5512 3332 5570 Βαϐυλών·
3377 5511 3563 5583 ἐπειδὴ
3592 5515 3728 5570 τοί-
