3992 6232
214 320 311 377 381

1187 304 1730 379 COMMENTARIUS
1766 300 1835 357 IN
1860 299 2167 358 ΜῙΟΙΙᾹΞᾹΞ
2199 299 2352 356 CAP.
2391 300 2456 355 ιτ.

3364 285 3469 342 382

217 454 310 490 νυν
342 434 403 499 ἐξ
429 433 640 487 ἐκείνου
670 431 812 502 μέγα
841 430 1098 501 ἐφρόνουν
1122 430 1172 481 οἱ
1211 427 1502 498 ’Λσσὺριοι,
1523 425 1596 487 ὡς
1622 422 1790 494 μεγά-
1820 462 1827 477 ι

1931 419 2080 481 eniti,
2134 420 2237 472 hoc
2272 387 2382 473 fere
2408 417 2591 470 dicere
2635 412 2805 468 voluit
2833 408 3121 482 propheta,
3168 402 3315 475 quod
3342 417 3466 473 qua:

221 526 304 582 λοι
331 528 431 597 τὴν
451 526 703 594 δύναμιν,
721 525 817 576 ἀτε
847 526 912 575 ὲκ
936 520 1171 575 τοιούτου
1194 520 1572 589 καταγόμενοι,
1590 512 1796 568 τοιοῦτό

222 639 305 674 τοι
326 621 355 672 ὁ
380 620 665 690 προφήτης
696 618 872 669 εἰπεῖν
904 612 1198 684 ἠϐουλήθη,
1230 613 1310 665 ὅτι
1362 614 1396 681 ἡ
1436 610 1542 663 τῶν
1578 606 1796 661 δοκούν-

224 731 336 767 των
389 711 647 781 ἀνδρείων
706 705 846 761 εἶναι
906 708 1078 779 χώρα,
1117 708 1266 759 πᾶσα
1320 704 1376 755 ὲν
1421 705 1533 765 τοῖς
1578 699 1798 759 οἰκείοις

224 801 418 862 τόποις
450 799 555 852 ὑπὸ
589 798 865 867 πολεμίων
904 795 1336 866 ἀναιρεθήσεται,
1377 792 1528 845 οὐδὲν
1567 790 1671 843 ὑπὸ
1700 788 1800 857 τῆς

230 892 413 962 ἰσχύος
452 890 846 959 ὠφελουμένων
873 888 973 958 τῆς
1010 887 1212 950 οἰκείας
1259 878 1406 957 ἑφ’ᾖ
1452 884 1594 954 μέγα
1642 880 1801 951 ὲφρό·

226 1002 372 1042 νουν.
406 982 498 1034 διὰ
537 981 636 1045 τὴν
666 979 836 1049 ὀργὴν
883 979 981 1049 τὴν
1023 978 1189 1030 θείαν.
1240 973 1571 1035 Ἀκολούθως
1622 972 1802 1042 μέντοι

226 1090 291 1141 γε
321 1076 436 1136 τοῖς
470 1072 779 1143 εἰρημένοις
808 1072 837 1123 ὀ
875 1070 1180 1141 προφήτης,
1232 1087 1250 1119 ‹
1306 1067 1417 1120 Καὶ
1466 1063 1685 1137 ῥύσεταί
1720 1080 1801 1129 σε,

1902 511 2119 564 fortium
2161 510 2403 564 virorum
2452 508 2613 578 198
2662 505 2949 561 videbatur
2987 514 3109 555 esse
3157 495 3353 567 patria.
3407 508 3469 546 ea

1901 612 2012 658 tota
2034 603 2103 657 ab
2133 601 2383 680 hostibus
2408 598 2875 670 pessumdabitur,
2899 593 3031 648 nihil
3054 591 3102 644 ei
3132 589 3246 644 suis
3262 585 3471 640 viribus

1902 692 2201 764 profuturis
2255 677 2454 761 quibus
2517 687 2892 759 superbiebat,
2952 691 3173 753 propter
3229 677 3472 733 divinam

1904 786 2062 838 iram.
2095 784 2467 839 Consentanee
2492 781 2709 834 demum
2761 775 3036 847 pra-dictis
3064 764 3478 841 preplieta,tLi-

1903 877 2219 947 berabitque
2247 883 2320 938 te,
2367 874 2562 941 inquit,
2614 871 2681 924 ab
2714 868 2939 939 Assyrio
2986 880 3108 920 cum
3164 859 3375 916 venerit
3418 860 3472 910 in

1904 979 2103 1026 terram
2154 976 2413 1029 vestram,
2470 975 2524 1020 et
2582 980 2705 1018 cum
2760 963 2824 1017 ad
2862 962 2994 1015 fines
3027 969 3239 1013 vestros
3286 968 3475 1007 ascen—

1906 1064 2067 1117 derit.
2087 1083 2105 1114 ι

230 1165 417 1236 φησιν,
450 1165 518 1216 ὲκ
559 1139 653 1215 τοῦ
695 1139 946 1232 Ἄσσουρ,
978 1162 1052 1215 ὅτ’
1084 1163 1148 1215 ἂν
1192 1159 1403 1231 ἀπέλθῃ
1431 1158 1521 1211 ἐπὶ
1561 1157 1659 1227 τὴν
1702 1151 1805 1223 γῆν
1831 1148 2001 1215 ὑμῶν.
2030 1152 2123 1206 καὶ
2152 1150 2229 1204 ὅτ’
2254 1149 2319 1201 ἂν
2348 1146 2507 1209 ἐπιϐῇ
2539 1146 2632 1200 ἐπὶ
2660 1146 2727 1200 τὰ
2757 1145 2879 1211 ὅρια
2916 1139 3088 1208 ὑμῶν.
3121 1158 3141 1191 ι

303 1257 453 1326 Στίχ.
482 1253 625 1318 ζ’-θ’.
659 1283 728 1293 -
756 1248 888 1306 Εἶτα
917 1251 1404 1321 εὑαγγελισάμενος
1440 1251 1550 1311 τοῖς
1592 1248 1801 1317 Ἰσραησ

231 1348 410 1410 λίταις
441 1347 506 1399 τὸ
536 1345 702 1416 μηδὲν
730 1344 833 1398 ὑπὸ
854 1341 948 1397 τοῦ
994 1343 1275 1414 Ἀσσυρίου
1305 1340 1582 1394 πείσεσθαι
1619 1336 1809 1397 κακὸν,

236 1441 470 1508 ὲπάγειο
523 1457 542 1490 ι
587 1439 699 1491 Καὶ
746 1437 898 1490 ἔσται
937 1436 997 1489 τὸ
1042 1435 1358 1505 ὑπόλειμμα
1386 1432 1479 1485 τοῦ
1533 1428 1725 1483 Ἰακὼϐ
1754 1429 1812 1479 ὲν

236 1534 350 1594 τοῖς
383 1529 592 1581 ἔθνεσιν
619 1529 676 1580 ἐν
712 1527 861 1597 μέσῳ
903 1526 1045 1580 λαῶν
1090 1526 1295 1580 πολλῶν
1329 1525 1403 1586 ὡς
1430 1524 1617 1594 δρόσος
1662 1520 1812 1592 παρά

238 1620 451 1690 Κυρίου
494 1620 883 1681 ἐπιπίπτουσα,
930 1618 1024 1672 καὶ
1070 1619 1146 1681 ὡς
1196 1618 1356 1687 ἄρνες
1401 1617 1488 1668 ἐπ’
1517 1616 1809 1684 ἄγρωστιν,

1979 1244 2143 1298 Vens.
2174 1242 2286 1296 7-9.
2312 1270 2382 1279 -—
2416 1238 2616 1292 Deinde
2664 1247 2873 1305 gratum
2922 1231 3169 1284 nuntium
3212 1225 3475 1281 Israelitis

1911 1351 2130 1398 canens,
2186 1334 2302 1387 fore
2347 1341 2406 1385 ut
2440 1331 2575 1384 nihil
2618 1328 2743 1382 mali
2796 1326 2865 1379 ab
2906 1321 3148 1392 Assyriis
3181 1319 3479 1389 patiantur,

1914 1427 2056 1482 addit
2080 1443 2093 1479 :
2117 1446 2133 1476 ι
2154 1424 2216 1479 Ει
2242 1432 2401 1479 erunt
2423 1421 2663 1490 reliquiae
2681 1417 2847 1471 Jacob
2876 1415 2928 1467 iu
2954 1413 3205 1483 gentibus
3232 1414 3284 1462 in
3307 1406 3484 1461 medio

1915 1520 2234 1592 populorum
2265 1517 2582 1577 multorum,
2620 1512 2777 1581 quasi
2813 1524 2903 1562 ros
2935 1522 2966 1559 a
3000 1504 3228 1557 Domino
3257 1499 3482 1557 cadens,

1915 1624 1968 1669 et
1994 1613 2145 1683 quasi
2196 1610 2317 1681 agni
2373 1622 2536 1677 super
2584 1618 2828 1675 gramen,
2895 1607 2954 1652 ut
2990 1613 3096 1651 non
3128 1599 3489 1663 congregetur

240 1680 393 1773 ὅπως
417 1710 491 1781 μὴ
514 1710 751 1780 συναχθῇ
790 1710 993 1779 μηδεὶς,
1024 1707 1157 1779 μηδὲ
1194 1680 1396 1777 ὑποστῇ
1437 1707 1495 1758 ἐν
1536 1680 1670 1767 υἱοῖς
1723 1705 1819 1756 ἀν-

1931 1680 2209 1777 ιιιίερίειιη,
2280 1715 2457 1770 neque
2518 1696 2782 1751 subsistat
2846 1693 2902 1745 in
2956 1690 3078 1743 ﬁliis
3134 1687 3482 1740 hominum.)

244 1798 502 1871 θρώπων.
532 1822 550 1853 ι
579 1802 641 1855 Οἱ
665 1802 773 1873 γὰρ
806 1803 870 1854 ἐκ
903 1800 995 1853 τοῦ
1030 1799 1243 1871 Ἰσραὴλ
1276 1796 1688 1867 ὑπολειφθέντες
1727 1794 1816 1845 ἐπὶ

243 1893 348 1963 τῆς
389 1893 663 1955 Ἰουδαίας,
694 1894 793 1945 εἶτ’
824 1888 917 1945 οὖν
971 1892 1069 1961 τῆς
1107 1888 1476 1963 Ἰερουσαλὴμ,
1498 1888 1700 1940 τούτων
1733 1902 1819 1952 γε-

243 1986 502 2054 γονότων,
552 1985 822 2055 αἰδέσιμοι
869 1985 1156 2054 φανοῦνται
1186 1985 1320 2036 πᾶσι
1362 1984 1474 2044 τοῖς
1516 1978 1689 2042 ἐκτὸς,
1725 1977 1817 2030 καὶ

244 2075 448 2146 πολλῆς
470 2076 615 2140 ἄξιοι
646 2076 903 2147 σπουδῆς,
937 2076 1033 2145 οὐχ
1078 2070 1238 2146 ἦττον
1276 2074 1307 2144 ἤ
1350 2073 1538 2145 δρόσος
1571 2070 1687 2124 ἐστὶ
1730 2086 1821 2123 πο-

244 2165 393 2235 θεινὴ
425 2169 542 2230 τοῖς
573 2169 839 2234 γεωργοῖς
870 2166 1010 2219 κατά
1041 2165 1230 2237 καιρὸν
1265 2163 1681 2235 καταφερομένη
1731 2164 1820 2215 τὸν

241 2260 442 2311 οἰκεῖον
462 2276 477 2288 ·
518 2257 599 2329 (p.
630 2258 754 2329 305)
784 2257 1038 2311 διοίσουσί
1068 2275 1127 2310 τε
1155 2258 1304 2310 οὐδὲν
1333 2256 1615 2328 προϐάτων
1638 2256 1820 2324 ἄγρω-

243 2369 361 2403 στιν
397 2349 744 2421 νεμομένων,
771 2350 943 2414 οὕτως
974 2351 1188 2404 ἅπαντα
1227 2348 1332 2402 τῶν
1363 2346 1715 2402 ἀπολωλότων
1755 2362 1815 2397 τε

243 2440 339 2492 καὶ
372 2439 733 2507 πεφευγότων
772 2439 1013 2503 ἐπιόντες
1042 2440 1111 2492 τὰ
1153 2438 1399 2509 λάφυρα-
1441 2437 1517 2501 ὡς
1568 2437 1661 2489 καὶ
1706 2435 1823 2498 δέος

245 2529 453 2584 ἅπασιν
497 2530 819 2598 ἐγγενέσθαι
852 2534 964 2595 τοῖς
992 2529 1295 2601 ἀνθρώποις
1324 2528 1418 2583 τοῦ
1452 2528 1653 2599 μηδένα
1691 2526 1823 2580 ποτὲ

247 2624 606 2694 ἐπιχειρῆσαι
635 2622 712 2692 τῷ
739 2623 858 2676 κατ’
887 2623 1063 2676 αὑτῶν
1091 2623 1329 2694 πολέμῳ.
1368 2641 1387 2673 ι
1433 2622 1544 2675 Καὶ
1583 2621 1736 2674 ἔσται
1764 2620 1823 2674 τὸ

248 2716 576 2786 ὑπόλειμμα
599 2716 693 2769 τοῦ
729 2713 919 2769 Ἰακὼϐ
948 2717 1005 2767 ὲν
1034 2717 1144 2778 τοῖς
1170 2715 1376 2768 ἔθνεσιν
1410 2716 1468 2767 ἐν
1502 2712 1650 2784 μέσῳ
1678 2710 1823 2765 λαῶν

253 2809 488 2869 πολλῶν,
524 2807 606 2870 ὡς
650 2806 783 2860 λέων
812 2809 872 2860 ὲν
908 2810 1019 2870 τοῖς
1057 2808 1274 2875 κτήνεσι
1308 2806 1401 2860 τοῦ
1452 2802 1681 2876 δρυμοῦ,
1732 2803 1826 2856 καὶ

253 2899 329 2962 ὡς
366 2898 616 2969 σκύμνος
654 2900 712 2952 ὲν
744 2899 1012 2969 ποιμνίοις
1056 2899 1373 2970 προϐάτων·
1421 2897 1480 2950 ὃν
1519 2897 1718 2968 τρόπον
1750 2894 1825 2947 ὅτ’

1919 1797 2125 1852 Etenim
2156 1793 2246 1863 qui
2277 1790 2451 1845 relicti
2479 1787 2679 1840 fuerint
2700 1786 2753 1837 in
2784 1781 2972 1837 Iudaea
2992 1780 3105 1834 sive
3123 1776 3486 1831 Hierusalem.

1916 1887 2257 1944 venerabiles
2289 1880 2564 1938 extraneis
2593 1875 2803 1931 cunctis
2833 1872 3184 1934 videbuntur,
3211 1867 3491 1934 multoque

1918 1981 2066 2050 digni
2096 1977 2299 2039 studio,
2342 1971 2486 2028 haud
2515 1984 2674 2025 secus
2722 1981 2883 2036 quam
2916 1961 3173 2032 agricolis
3195 1968 3381 2029 gratus
3408 1964 3494 2011 est

1917 2092 2011 2132 ros
2043 2083 2285 2141 tempore
2314 2067 2534 2139 proprio
2570 2060 2862 2117 decidens:
2923 2056 3239 2124 similesque
3266 2066 3494 2122 appare-

1920 2172 2057 2225 bunt
2080 2167 2276 2221 ovibus
2296 2157 2717 2231 depascentibus
2743 2167 2964 2225 gramen
2992 2168 3007 2213 ;
3049 2150 3128 2203 sic
3175 2147 3319 2201 enim
3368 2160 3494 2216 per-

1920 2257 2165 2315 euntium
2197 2261 2360 2322 atque
2393 2247 2714 2319 fugientium
2742 2248 2967 2311 carpent
2990 2237 3254 2293 exuvias:
3295 2251 3358 2289 ex
3387 2247 3497 2303 quo

1919 2352 2084 2404 timor
2117 2346 2207 2401 tiet
2245 2342 2462 2398 cunctis
2498 2336 2836 2394 hominibus,
2888 2330 3181 2401 quominus
3212 2342 3306 2381 eos
3354 2324 3497 2378 bello

1922 2448 2145 2513 quatere
2161 2437 2348 2492 velint.
2390 2452 2407 2483 ι
2432 2432 2494 2484 Ει
2520 2437 2683 2485 erunt
2710 2426 2879 2480 Jacoh
2904 2423 3147 2491 reliquiae
3168 2422 3220 2474 in
3242 2418 3498 2489 gentibus

1921 2511 1977 2590 in
2016 2532 2192 2588 medio
2224 2527 2547 2599 populorum
2583 2520 2903 2578 multormn,
2945 2523 3005 2570 ut
3034 2516 3117 2568 leo
3153 2513 3206 2565 in
3233 2511 3499 2581 jumeutis

1926 2627 2075 2681 silva:
2128 2630 2181 2677 ct
2239 2628 2297 2674 ut
2326 2616 2541 2672 catulus
2592 2611 2765 2667 leonis
2819 2608 2873 2662 in
2908 2606 3167 2675 gregibus
3214 2616 3495 2671 pecorum,

1925 2715 2017 2786 qui
2052 2727 2173 2767 cum
2206 2707 2489 2762 transierit
2536 2711 2590 2757 et
2615 2700 2863 2755 dividens
2895 2695 3088 2763 rapiat,
3153 2706 3260 2745 non
3289 2698 3371 2743 est
3406 2688 3499 2759 qui

1927 2785 2105 2863 eruat.
2138 2799 2478 2856 Exaltabitur
2505 2808 2701 2849 manus
2729 2805 2849 2846 mea
2879 2803 3043 2857 super
3069 2785 3396 2839 tribulantes
3427 2791 3500 2843 te,

1929 2907 1982 2953 et
2008 2911 2196 2951 omnes
2241 2890 2444 2945 inimici
2480 2888 2555 2940 tui
2595 2884 2914 2939 interibunt.
2945 2900 2962 2931 ι
3009 2876 3164 2932 Haud
3203 2874 3504 2930 dissimiles

256 2990 321 3044 ἂν
341 2963 532 3064 διέλθῃ
568 2992 663 3045 καὶ
695 2963 991 3055 διαστείλας
1017 2963 1258 3062 ἁρπάσῃ,
1291 2990 1383 3044 καὶ
1425 2990 1497 3062 μὴ
1614 2990 1643 3041 ὁ
1684 2987 1827 3051 ἐξαι-

1931 2987 2071 3042 leoni
2099 2984 2252 3040 eritis
2276 2980 2468 3036 bestiis
2494 2975 2806 3031 tremendo:
2835 2971 2971 3026 adeo
2992 2968 3208 3023 cunctis
3228 2963 3506 3021 extraneis

261 3084 565 3157 ροὺμενος’
606 3083 945 3156 ὑψωθήσεται
990 3086 1022 3154 ἡ
1056 3085 1175 3155 χείρ
1200 3100 1294 3136 σου
1326 3084 1415 3137 ἐπὶ
1457 3083 1582 3146 τοὺς
1623 3081 1831 3135 θλίϐον-

259 3173 360 3235 τάς
386 3190 472 3232 σε,
497 3173 596 3227 καὶ
611 3174 809 3236 πάντες
835 3176 881 3226 οί
908 3173 1090 3244 ἐχθροί
1117 3191 1208 3227 σου
1232 3173 1781 3245 ὲξολοθρευθήσονται.
1811 3194 1829 3225 ι

263 3262 375 3316 Καὶ
404 3261 673 3326 διοίσετε,
723 3263 905 3332 φησιν,
964 3261 1118 3314 οὐδὲν
1165 3261 1374 3324 λέοντος
1434 3259 1665 3330 φοϐεροῦ
1727 3263 1836 3322 τοῖς

265 3354 522 3424 κτήνεσιν
542 3370 557 3384 ·
578 3351 749 3416 οὕτως
775 3352 942 3405 ἅπασι
968 3355 1077 3415 τοῖς
1107 3351 1405 3422 ἀλλοτρίοις
1439 3352 1589 3415 ὄντες
1611 3350 1830 3421 φοϐεροὶ

265 3444 493 3507 λοιπὸν,
536 3442 625 3495 διὰ
665 3442 763 3513 τὴν
808 3444 920 3505 τοῖς
979 3441 1283 3513 Ἀσσυρίοις
1325 3441 1461 3511 ὑπὲρ
1507 3440 1659 3510 ὑμῶν
1712 3442 1833 3492 ἐπι-

268 3536 572 3606 γενομένην
599 3535 809 3606 πληγήν
831 3552 846 3566 ·
872 3534 947 3597 ὡς
978 3534 1084 3605 γὰρ
1120 3533 1186 3586 ἂν
1216 3534 1371 3595 εἴτις
1411 3533 1545 3585 λέων
1574 3531 1834 3602 (σκύμνον

270 3627 377 3698 γὰρ
428 3627 597 3679 πάλιν
645 3627 709 3679 τὸ
748 3624 881 3679 αὑτὸ
922 3626 1089 3693 λέγει,
1123 3626 1182 3679 τὸ
1222 3625 1314 3678 τοῦ
1353 3625 1562 3688 λέοντος
1594 3625 1835 3698 γέννημα

1931 3077 2185 3150 posthinc
2214 3072 2507 3133 terribiles,
2559 3076 2780 3137 propter
2814 3062 3024 3117 cladem
3052 3058 3295 3129 Assyriis
3340 3053 3507 3109 vestri

1933 3185 2101 3226 causa
2138 3167 2364 3221 illatam.
2392 3161 2527 3216 Nam
2559 3160 2704 3213 sicut
2728 3159 2811 3211 leo
2835 3153 3096 3226 (catulum
3116 3162 3294 3204 autem
3318 3161 3512 3202 rursus

1934 3260 2065 3316 dicit
2113 3254 2385 3317 eumdem,
2448 3251 2622 3306 leonis
2664 3256 2851 3303 natum
2903 3245 2982 3299 sic
3032 3241 3333 3320 appellans)
3364 3237 3509 3308 gregi

1938 3352 2118 3406 ovium
2174 3355 2393 3417 repente
2447 3342 2715 3400 indicens,
2756 3345 3024 3408 quotquot
3059 3352 3124 3389 ex
3161 3335 3245 3387 his
3275 3330 3511 3385 voluerit

1937 3455 2037 3511 pro
2065 3436 2181 3492 suis
2219 3434 2427 3488 viribus
2478 3430 2641 3499 rapit,
2692 3427 2767 3480 ita
2824 3441 2923 3479 vos
2956 3424 3210 3479 fortiores
3259 3420 3514 3475 hostibus

1941 3530 2137 3586 vestris
2190 3526 2389 3580 abhinc
2417 3537 2539 3578 esse
2590 3517 3001 3590 reputabimini,
3060 3516 3317 3585 quoniam
3363 3522 3511 3565 tanta

1943 3621 2214 3695 pernicies
2248 3614 2657 3685 aggressoribus
2690 3611 2885 3665 vestris
2919 3608 3157 3663 obvenit.

272 3722 414 3776 οὕτω
469 3723 698 3789 καλῶν),
760 3722 959 3791 ποίμνῃ
1013 3723 1294 3793 προϐάτων
1346 3722 1540 3791 ἁθρόον
1587 3722 1862 3793 ἐμπεσὼν,
1914 3721 2084 3774 ὁπόσα
2128 3714 2373 3785 βούλεται
2424 3707 2484 3771 ἐξ
2537 3705 2714 3759 αὑτῶν
2762 3705 2901 3758 κατὰ
2954 3704 3052 3773 τὴν
3102 3705 3251 3770 ἰσχὺν
3297 3697 3516 3767 ἁρπάσῃ

272 3820 372 3888 τὴν
430 3818 668 3882 οξκείαν,
733 3817 903 3879 οὕτως
957 3821 1068 3880 τοῖς
1130 3817 1336 3889 ἐχθροῖς
1383 3819 1494 3879 τοῖς
1558 3817 1840 3888 ὑμετέροις
1871 3810 2223 3881 δυνατώτεροι
2245 3801 2632 3877 νομισθήσεσθε
2701 3799 2796 3854 τοῦ
2849 3797 3057 3855 λοιποῦ,
3117 3796 3211 3850 ἆτε
3267 3792 3519 3863 τοιαύτης

276 3912 551 3975 ἀπωλείας
600 3910 980 3981 ἐπενεχθείσης
1032 3914 1144 3974 τοῖς
1194 3911 1664 3983 ἐπικεχειρηκόσιν
1711 3910 1839 3980 ὑμῖν
1885 3905 2150 3960 ἐπελθεῖν.

344 4005 495 4075 Στίχ.
519 4010 663 4056 ι’-ιε¹.
685 4033 755 4044 -
780 4002 962 4057 Ταῦτα
985 4003 1327 4085 περιέσεσθαι
1346 4007 1456 4067 τοῖς
1485 4004 1843 4075 Ἰσραηλίταις

277 4100 362 4153 διὰ
386 4100 488 4169 τῆς
522 4097 632 4150 τῶν
670 4096 964 4165 Ἀσσυρίων
994 4095 1205 4167 πληγῆς
1230 4094 1463 4167 εἰρηκὼς
1483 4097 1511 4148 ὁ
1541 4097 1840 4167 προφήτης.

276 4188 479 4258 ἑφεξῆς
507 4189 603 4241 καὶ
630 4188 728 4258 τὴν
758 4188 876 4239 κατ’
902 4186 1079 4239 αὐτῶν
1111 4185 1218 4239 τῶν
1259 4185 1552 4256 Ἀσσυρίων
1576 4186 1842 4257 τιμωρίαν

275 4283 335 4333 πὶ
350 4277 614 4349 ατὺτερον
652 4277 817 4344 λέγει.
858 4276 1013 4329 Κατά
1041 4274 1148 4345 γάρ
1169 4277 1373 4327 ἐκεῖνον
1413 4275 1476 4343 δὴ
1504 4274 1593 4328 τὸν
1632 4275 1840 4344 καιρὸν,

278 4366 433 4437 φησὶ,
461 4366 670 4428 πάντας
691 4364 813 4426 τούς
840 4381 899 4417 τε
920 4364 1113 4427 ἵππους
1140 4365 1233 4417 καὶ
1260 4363 1326 4417 τά
1351 4364 1567 4435 ἅρματα
1596 4367 1839 4434 ἀφανιεῖ·

2025 3995 2185 4048 Vens.
2215 3989 2399 4045 i0-i5.
2429 4016 2494 4028 --
2532 3985 2828 4053 Postquam
2876 3982 2994 4034 haec
3047 3975 3310 4032 lsraclitis
3352 3989 3518 4028 even-

1948 4096 2092 4150 tura,
2155 4084 2323 4153 plaga:
2377 4093 2543 4134 causa
2596 4075 2840 4146 Assyriis
2900 4071 3190 4140 impositae.
3250 4068 3519 4137 propheta

1953 4177 2114 4248 199
2138 4175 2327 4235 edixit,
2366 4170 2562 4225 deinde
2589 4164 2903 4223 eorumdem
2922 4162 3274 4233 Assyriorum
3304 4172 3517 4228 pmnam

1948 4272 2112 4324 latius
2165 4272 2370 4321 narrat.
2422 4262 2662 4332 Namque
2709 4259 2801 4313 illo
2824 4267 3087 4326 tempore,
3147 4254 3244 4317 ait,
3295 4258 3521 4305 cunctos

1950 4376 2122 4433 equos
2146 4372 2450 4426 currusque
2477 4354 2723 4409 deStruet
2753 4350 3045 4414 Dominus;
3095 4354 3152 4399 ut
3179 4344 3355 4398 dicat:
3388 4340 3518 4395 Uni-

389 4457 516 4525 504)
548 4457 633 4509 ἵνα
664 4457 812 4527 εἰπῃο
850 4456 958 4527 Τὴν
983 4457 1264 4527 ὁπλιτικὴν
1288 4459 1634 4528 παρασκευὴν
1668 4458 1827 4528 ἄκρη.

1949 4469 2166 4509 vcrsum
2221 4450 2473 4505 bellicum
2528 4450 2847 4516 apparatum
2901 4436 3183 4509 praestabit
3236 4435 3518 4489 inutilem:

282 4566 403 4602 στον
450 4548 722 4616 ἀποφανεῖ
768 4548 982 4600 πᾶσαν⁶
1036 4547 1224 4601 ἀπολεῖ
1270 4548 1326 4600 δέ
1380 4564 1472 4600 σου
1510 4548 1608 4612 τὰς
1663 4550 1846 4612 πόλεις

283 4641 518 4702 ἁπάσας,
554 4639 654 4691 κᾶν
684 4639 892 4701 εἴτινες
924 4638 1138 4708 ἰσχυραί
1164 4656 1223 4691 τε
1249 4638 1340 4691 καὶ
1367 4637 1503 4707 μετᾶ
1536 4639 1732 4709 πολλῆς
1756 4657 1842 4693 τε-

284 4729 621 4800 τειχισμέναι
666 4729 766 4798 τῆς
796 4729 1088 4797 ἀσφαλείας
1122 4729 1178 4781 ὲν
1216 4730 1405 4791 αὑταῖς
1434 4726 1569 4783 εἶναι
1611 4730 1842 4783 δοκοῖεν·

286 4820 639 4873 συναπολέσει
668 4819 723 4871 δὲ
756 4819 943 4882 αὑταῖς
974 4821 1066 4874 καὶ
1098 4822 1274 4873 πάντα
1292 4822 1463 4874 ὁπόσα
1496 4838 1600 4891 περ
1635 4821 1721 4874 διὰ
1750 4822 1847 4890 τῆς

285 4912 603 4981 δαιμονικῆς
645 4907 860 4979 μετῄεις
877 4906 987 4975 (49..)
1005 4905 1319 4977 θεραπείας·
1337 4906 1405 4960 τὰ
1424 4908 1557 4979 γαρι
1586 4913 1848 4984 φάρμακά

291 5019 380 5054 σου
430 5021 448 5054 ι
493 5002 653 5055 τοῦτο
698 5000 865 5069 λέγει,
910 5002 998 5055 ἵνα
1041 5003 1167 5077 εἴπῃ
1204 5004 1302 5067 τὰς
1338 5004 1549 5074 ἐπῳδὰς
1592 5007 1685 5058 καὶ
1724 5006 1848 5068 τοὺς

290 5093 627 5163 οἰωνισμοὺς,
659 5093 754 5145 καὶ
778 5092 949 5144 ὁπόσα
989 5091 1052 5162 δὴ
1088 5093 1310 5146 τοιαῦτα
1353 5094 1472 5159 ἔθος
1503 5091 1572 5165 ἦν
1603 5094 1847 5163 γίνεσθαι

294 5184 415 5253 παρ’
452 5184 634 5247 αὑτοῖς
656 5200 670 5213 ⁸
700 5183 762 5235 οὑ
802 5183 981 5236 τοίνυν
1020 5184 1141 5237 οὐδὲ
1182 5186 1306 5247 τοὺς
1342 5184 1848 5254 ἀποφθεγγομένους
1880 5220 1885 5225 -

295 5271 417 5340 ἑξῆς
449 5273 527 5324 ἔτι
555 5274 683 5336 τους
712 5275 831 5336 ταῖς
863 5274 1139 5341 μαντείαις
1166 5274 1260 5326 καὶ
1284 5278 1549 5345 χρησμοῖς
1576 5275 1847 5347 κεχρημέ-

295 5380 412 5426 νους
430 5381 444 5395 ·
478 5364 668 5435 ἐπειδὴ
694 5365 790 5417 καὶ
815 5364 882 5416 τὰ
912 5364 1103 5417 εἴδωλά
1141 5382 1233 5418 σου
1262 5365 1438 5419 πάντα
1472 5367 1566 5421 καί
1594 5369 1691 5430 τὰς
1726 5369 1842 5439 στὴ.

1949 4553 2285 4611 cunctasque
2332 4548 2454 4594 tuas
2494 4538 2659 4591 urbes
2710 4534 2920 4605 perdet,
2964 4544 3273 4601 quanquam
3319 4542 3385 4581 ex
3436 4525 3526 4581 his

1949 4639 2142 4707 aliquae
2173 4635 2306 4688 satis
2346 4634 2513 4685 tirmm
2540 4630 2819 4697 multoque
2848 4625 3070 4679 munita:
3101 4622 3355 4694 prsesidio
3402 4634 3525 4674 esse

1947 4728 2232 4779 videantur
2257 4743 2268 4776 :
2302 4737 2426 4776 cum
2456 4722 2630 4789 iisque
2652 4719 2903 4789 peribunt
2932 4723 3201 4786 quotquot
3232 4722 3286 4767 tu
3323 4712 3525 4765 daemo-

1952 4822 2109 4873 niaco
2134 4818 2283 4871 cultu
2314 4813 2763 4887 prosequebaris:
2812 4827 2935 4866 nam
2970 4811 3233 4866 vocabulo
3264 4806 3522 4861 veneﬁcia

1953 4911 2005 4965 id
2035 4911 2290 4976 denotat;
2320 4924 2512 4977 nempe
2539 4906 2964 4966 incantationes,
3000 4903 3254 4973 auguria,
3290 4909 3343 4955 et
3371 4913 3523 4968 qua:-

1954 5018 2169 5073 cuuque
2213 4999 2521 5071 hujusmodi
2576 4998 2717 5069 apud
2763 5014 2859 5053 eos
2890 4996 3002 5051 ﬁeri
3047 5001 3330 5049 consueta.
3360 4991 3527 5064 Ergo-

1956 5112 2022 5148 ne
2047 5094 2439 5164 respondentes
2469 5092 2688 5162 quidem
2721 5105 2817 5161 per
2847 5087 3067 5141 oracula
3100 5091 3283 5147 erunt,
3309 5084 3423 5137 sive
3442 5083 3525 5136 di-

1954 5188 2328 5242 vinationihus
2364 5185 2713 5253 oraculisque
2764 5187 3015 5235 utentes:
3074 5176 3200 5245 quia
3250 5173 3394 5228 idola
3430 5182 3522 5227 tua

1954 5278 2135 5332 Omnia
2160 5278 2452 5346 titulosque
2475 5287 2727 5346 supremo
2766 5270 2942 5325 tradet
2963 5269 3161 5323 exitio:
3189 5268 3263 5320 ita
3290 5276 3346 5321 ul
3377 5281 3443 5321 nc
3478 5264 3523 5318 si

1955 5371 2192 5425 volueris
2246 5368 2485 5439 quidem,
2535 5376 2748 5423 veteres
2806 5364 2944 5416 ritus
3000 5368 3126 5415 tuos
3181 5360 3527 5431 frequentare

296 5453 389 5517 λας
416 5455 705 5526 ἀφανισμῷ
735 5456 986 5510 παντελεῖ
1023 5458 1329 5528 παραδώσει
1349 5475 1362 5489 ⁸
1406 5458 1481 5523 ὡς
1516 5460 1647 5530 μηδὲ
1677 5460 1827 5531 βουλό

1952 5464 2159 5527 valeas,
2182 5469 2235 5516 et
2261 5460 2475 5531 opiﬁcia
2500 5472 2758 5512 manuum
2785 5464 3092 5510 vestrarum
3124 5454 3372 5508 adorare.
3419 5450 3528 5505 Ex-

304 5544 441 5616 μένῳ
466 5563 543 5599 σοι
573 5547 797 5601 δυνατὸν
832 5543 969 5600 εἶναι
998 5548 1065 5602 τὶ
1101 5547 1240 5602 αὑτά
1270 5551 1381 5613 τοῖς
1419 5550 1651 5621 πρόσθεν
1682 5534 1865 5604 ποιεῖν’

304 5637 393 5689 καὶ
428 5641 749 5709 προσκυνεῖν
777 5641 887 5702 τοῖς
914 5639 1091 5711 ἔργοις
1135 5641 1243 5695 τῶν
1280 5641 1471 5713 χειρῶν
1511 5641 1613 5696 τῶν
1660 5643 1851 5714 ὑμετέ-

402 5737 508 5808 με)
532 5738 666 5794 Cod.
702 5730 923 5809 μετιείς.

1956 5552 2204 5609 cidcutur
2227 5551 2387 5606 etiam
2406 5550 2535 5615 luci,
2562 5549 2615 5601 in
2643 5546 2845 5615 quibus
2868 5547 3287 5615 superstitiones
3310 5554 3526 5599 vestras

1959 5646 2115 5723 agitis
2140 5660 2153 5697 :
2184 5644 2428 5700 civitates
2455 5640 2686 5710 denique
2712 5654 2904 5695 omnes
2932 5638 3233 5694 dcstruam.
3262 5636 3441 5708 Atque
3466 5646 3525 5691 ut
