4054 6238
457 306 564 364 585

1661 300 1852 359 TllEO
1867 302 2029 358 00R!
2068 301 2550 360 MOPSUESTENI

3596 305 3703 360 584

461 427 773 483 summatim
802 424 1003 489 dicam,
1025 426 1103 479 ira
1126 440 1187 479 ac
1208 424 1389 481 furore
1409 436 1712 480 commotus
1737 427 2025 480 maximam
2057 475 2064 488 ε

2167 442 2273 479 ωνο
2316 424 2708 496 Ἐκκοπήσεται
2741 422 2797 475 δὲ
2836 422 2929 476 καὶ
2967 424 3033 476 τά
3064 422 3199 493 ἄλση
3248 422 3305 475 ἐν
3332 417 3413 485 οἷς
3433 424 3529 487 τὰς
3566 426 3705 496 θρηο

462 519 952 591 gravissimamque
988 518 1143 573 vobis
1169 534 1382 589 poenam
1410 518 1682 587 imponam
1725 525 1885 586 atque
1911 532 2036 586 per—

462 594 855 681 niciem,quia
887 628 1005 667 mea
1069 611 1326 667 noluistis
1386 611 1659 666 abstinuere
1710 620 1883 677 terra;
1942 609 2036 664 sed

467 706 608 759 hanc
636 720 850 773 quoque
872 714 1065 772 przeter
1085 703 1485 773 beneplacitum
1512 718 1689 756 meum
1718 702 2036 772 depopulari

465 796 737 852 voluistis.
772 794 889 851 Jam
923 796 1011 849 ubi
1054 795 1121 850 de
1174 795 1353 849 futura
1382 808 1537 865 paena
1570 794 1919 864 Assyriorum
1959 792 2040 847 di-

468 889 624 943 cen‘di
660 889 817 942 finem
850 887 996 952 fecit,
1031 895 1255 956 propter
1303 886 1519 939 illorum
1551 885 1813 940 adversus
1842 882 2040 939 Ilieru-

469 980 637 1034 salem
691 996 908 1044 ausum,
943 980 1011 1033 ad
1054 979 1311 1048 populum
1341 979 1507 1032 verba
1555 978 1843 1041 convertit,
1893 991 2043 1029 nunc

469 1080 781 1142 opportune
832 1074 1101 1139 ingratum
1148 1069 1295 1124 illius
1353 1069 1594 1122 animum
1649 1066 2042 1137 reprehendere

471 1162 812 1232 aggrediens.
870 1160 1008 1226 Quin
1060 1160 1194 1215 adeo
1225 1160 1459 1214 tribunal
1486 1158 1759 1230 quoddam
1794 1168 2041 1215 statuens

473 1255 753 1323 prepheta,
799 1253 879 1307 sic
914 1254 987 1305 ait
1012 1271 1026 1306 :

2142 514 2331 576 σκείας
2376 511 2670 566 ἑπιτελεῖτε
2707 511 2804 573 τὰς
2835 512 3061 577 οἰκείας,
3105 513 3201 575 τάς
3232 528 3289 564 τε
3329 513 3509 577 πόλεις
3552 514 3709 583 ὑμων

2142 605 2360 669 ἁπάσας
2409 602 2656 672 ἀφανιῶ·
2706 604 2820 669 καὶ,
2870 604 3147 672 συντόμως
3186 604 3379 666 εἰπεῖν,
3427 604 3564 674 ὀργῇ
3612 604 3711 657 καὶ

2146 696 2302 767 θυμῷ
2353 696 2714 769 χρησάμενος,
2761 696 3021 765 μεγίστην
3082 696 3170 747 καὶ
3239 695 3547 766 βαρυτάτην
3583 699 3713 766 ὑμῖν

2143 791 2242 860 τήν
2273 807 2332 842 τε
2353 789 2620 860 τιμωρίαν
2649 790 2851 842 ὲποίσω
2878 790 2972 841 καὶ
2999 788 3097 859 τὴν
3134 786 3426 852 ἀπώλειαν,
3466 786 3609 857 ὑπὲρ
3637 782 3715 840 ὧν

2142 880 2476 952 ἀποσχέσθαι
2515 882 2613 951 τῆς
2664 878 2845 952 χώρας
2897 881 2998 933 ούκ
3036 879 3368 950 ἡδουλήθητε
3409 880 3508 950 τῆς
3548 878 3715 949 ὲμῆς,

2144 973 2280 1025 ἀλλὰ
2309 974 2417 1046 γὰρ
2448 974 2713 1044 ἠλπίσατε
2744 974 2895 1046 παρά
2920 974 2982 1027 τὸ
3013 975 3134 1043 ἐμοὶ
3159 972 3348 1026 δοκοῦν
3378 974 3581 1044 ἐρημία.
3608 991 3717 1025 πα-

2149 1067 2420 1137 ραδιδόναι
2470 1070 2565 1121 καὶ
2605 1067 2827 1140 ταύτην.
2873 1067 2983 1122 Καὶ
3022 1067 3205 1138 ἐπειδὴ
3245 1067 3573 1137 συνεπέρανε
3614 1068 3725 1138 τὴν

2147 1159 2598 1230 ὲπαχθησομένην
2637 1163 2746 1224 τοῖς
2786 1161 3087 1231 ’Λσσυρίοις
3119 1160 3410 1230 τιμωρίαν,
3456 1160 3594 1229 ὑπὲρ
3639 1152 3719 1212 ὧν

2150 1250 2394 1302 ἐπελθεῖν
2422 1249 2787 1323 τετολμήκασι
2822 1254 2889 1322 τῇ
2935 1250 3305 1321 Ἰερουσαλὴμ,
3340 1253 3415 1319 (p.
3444 1250 3568 1319 505)
3594 1251 3723 1320 τρέ-

472 1364 564 1398 πει
596 1344 732 1415 πρὸς
758 1344 846 1397 τὸν
879 1344 1003 1396 λαὸν
1031 1345 1121 1398 τὸν
1155 1344 1329 1413 λόγον,
1370 1346 1426 1396 ὲν
1453 1343 1630 1414 καιρῷ
1691 1341 1785 1396 νῦν
1832 1341 2065 1413 μάλιστα
2121 1340 2218 1413 τὴν
2266 1340 2656 1413 ἀγνωμοσύνην
2712 1341 2889 1395 αὐτῶν
2938 1341 3176 1412 ἐλέγχειν
3224 1338 3555 1409 ὑπειληφώς.
3609 1340 3730 1391 Καὶ

472 1438 535 1510 δὴ
568 1440 658 1492 καὶ
686 1439 960 1509 κριτήριόν
982 1457 1034 1492 τι
1054 1438 1290 1502 καθίζων
1324 1439 1351 1493 ὁ
1374 1439 1655 1508 προφήτης
1685 1434 1828 1491 οὕτω
1862 1435 2044 1506 φησίν⁸

1150 1604 1255 1657 ΑΙ).
1313 1606 1398 1658 Vl.

1104 1606 1255 1660 CAP.
1313 1606 1398 1658 Vl.

546 1693 707 1746 \‘eas.
752 1693 863 1748 1-5.
906 1723 976 1734 -—
1015 1712 1032 1745 ι
1074 1693 1245 1766 Surge
1283 1705 1336 1752 et
1383 1696 1591 1764 judicio
1630 1695 1871 1765 discepla
1915 1708 2037 1749 cum

2791 1608 2949 1661 ΚΕΦ.
2987 1610 3077 1676 ς’.

2219 1698 2361 1769 Στίχ.
2401 1705 2540 1773 σι’-ε’.
2572 1729 2645 1740 -—
2675 1717 2693 1751 ι
2745 1700 3050 1769 Ἀνάστηθι,
3079 1700 3294 1772 κρίθητι
3328 1702 3461 1771 πρὸς
3490 1701 3561 1754 τὰ
3578 1702 3679 1771 ὅρη
3700 1717 3729 1732 τ

473 1785 769 1848 montibus,
794 1793 846 1839 et
866 1786 1085 1839 audiant
1107 1789 1274 1841 colles
1299 1798 1482 1841 vocem
1508 1798 1675 1840 tuam.
1702 1788 1912 1849 Audite,
1936 1787 2048 1840 col-

2167 1792 2244 1845 ta‘t
2266 1792 2651 1845 ἀκουσάτωσαν
2670 1791 2845 1861 βουνοὶ
2866 1793 3048 1863 φωνήν
3068 1810 3161 1846 σου
3179 1809 3191 1819 ⁸
3212 1793 3497 1855 ἀκούσατε,
3519 1793 3727 1863 βουνοὶ,

474 1876 581 1939 les,
612 1877 879 1946 judicium
925 1875 1157 1942 Domini,
1204 1894 1304 1934 nec
1343 1895 1451 1933 non
1489 1880 1655 1934 valles
1699 1879 2059 1932 fundamenta

477 1977 653 2032 terrae,
700 1971 824 2037 quia
862 1970 1128 2037 judicium
1171 1970 1399 2025 Domino
1442 1985 1563 2025 cum
1611 1970 1809 2040 populo
1841 1985 1961 2028 suo.
1996 1977 2050 2023 et

475 2076 598 2113 cum
656 2061 850 2116 lsraele
887 2063 1232 2131 disceptabit.
1275 2083 1291 2113 ι
1335 2062 1437 2118 Sed
1470 2064 1595 2132 quia
1649 2072 1727 2116 tot
1775 2062 2050 2131 tantisque

478 2144 640 2221 200
670 2153 720 2206 in
750 2169 845 2208 eos
870 2155 1081 2210 Collatis
1105 2170 1133 2208 a
1162 2155 1270 2211 Deo
1298 2154 1593 2220 beneﬁciis,
1620 2154 1890 2224 ingratum
1920 2152 2053 2205 nihi-

477 2244 715 2300 lominus
739 2246 978 2298 animum
1010 2246 1264 2308 retinent,
1293 2247 1450 2314 cujus
1476 2260 1641 2301 causa
1684 2246 1844 2299 etiam
1881 2244 2055 2314 Baby-

476 2334 707 2389 lonicam
736 2336 1075 2405 pertulerunt
1113 2337 1503 2407 captivitatem.
1546 2353 1677 2393 sane
1724 2336 2054 2407 perlibenter

472 2426 1028 2496 judi‘ciuminstituam
1062 2430 1206 2485 inter
1239 2429 1405 2485 Deum
1435 2437 1489 2484 et
1520 2430 1644 2484 illos
1680 2445 1693 2481 :
1732 2442 2053 2497 sumamque

473 2520 684 2590 judiees
710 2531 923 2577 montes
948 2531 1001 2578 et
1029 2524 1194 2579 colles
1224 2524 1523 2593 vallesque,
1550 2539 1669 2592 qua:
1702 2532 1859 2577 antea
1890 2521 2054 2575 innu-

481 2612 795 2666 merabilem
829 2612 972 2667 illam
1007 2622 1338 2681 exceperunt
1368 2614 1715 2683 Assyriorum
1747 2612 2057 2666 multitudi-

480 2719 603 2758 nem
651 2702 985 2761 Hierusalem
1027 2703 1487 2774 aggredientium,
1535 2719 1630 2772 per
1669 2714 1859 2758 omnes
1902 2712 2057 2758 extra

482 2796 634 2851 locos
654 2796 959 2867 dispersam
986 2814 998 2850 :
1028 2797 1170 2851 unde
1198 2797 1465 2866 plurimus
1496 2796 1645 2851 urbis
1669 2796 1876 2850 incolas
1898 2796 2059 2849 timor

485 2888 735 2954 incessit;
754 2890 876 2944 dein
904 2898 1123 2959 repente
1153 2897 1232 2942 tot
1252 2890 1557 2943 habuerunt
1577 2890 1722 2944 circa
1747 2904 1804 2943 se
1817 2889 2056 2958 projecta

490 2980 757 3034 cadavera
787 2982 1065 3035 hominum
1102 2990 1251 3034 tanta
1278 2996 1450 3050 nuper
1485 2982 1741 3051 superbia
1766 2981 2054 3034 elatorum.

2149 1887 2245 1957 τὴν
2279 1887 2457 1957 κρίσιν
2480 1886 2573 1939 τοῦ
2606 1887 2832 1957 Κυρίου,
2857 1887 2950 1941 καὶ
2980 1888 3032 1942 αἰ
3061 1887 3339 1958 φάραγγες
3372 1887 3592 1957 θεμέλια
3619 1888 3721 1957 τῆς

2150 1979 2272 2049 γῆς,
2308 1980 2389 2032 ὅτι
2438 1979 2617 2049 κρίσις
2648 1978 2725 2048 τῷ
2759 1980 2948 2049 Κυρίῳ
2992 1979 3127 2049 πρὸς
3157 1978 3246 2032 τὸν
3271 1978 3394 2031 λαὸν
3425 1979 3727 2037 admittat

2154 2069 2293 2139 μετά
2335 2068 2429 2121 τοῦ
2492 2067 2705 2139 Ἰσραὴλ
2753 2067 3202 2137 διελεγχθήσεται.
3250 2087 3269 2119 ι
3340 2067 3477 2120 Ἀλλ’
3531 2067 3723 2138 ἐπειδὴ

2152 2160 2435 2222 τοιούτων,
2477 2160 2640 2229 φησί,
2678 2157 2786 2211 τῶν
2830 2158 2979 2229 παρά
3011 2159 3145 2211 Θεοῦ
3178 2159 3473 2228 γεγονότων
3505 2160 3582 2223 εἰς
3616 2159 3720 2210 αύ-

2151 2254 2297 2316 τούς,
2324 2252 2477 2306 οὐθὲν
2510 2246 2669 2322 ἦττον
2700 2252 2791 2304 ἐπὶ
2822 2252 2923 2320 τῆς
2952 2252 3343 2321 ἀγνωμοσύνης
3376 2251 3590 2321 μένουσι
3620 2251 3725 2320 τῆς

2152 2344 2389 2409 οἰκείας,
2433 2343 2573 2416 ὑπὲρ
2607 2336 2682 2397 ὧν
2711 2343 2768 2397 δὲ
2807 2342 2903 2397 καὶ
2948 2343 3047 2414 τὴν
3078 2344 3142 2396 ὲκ
3174 2342 3485 2406 Βαϐυλῶνος
3516 2342 3724 2411 ὑπομέ-

2153 2451 2332 2489 νουσιν
2373 2433 2777 2506 αἰχμαλωσίαν,
2832 2433 3022 2505 ἥδιστα
3054 2436 3119 2488 ἂν
3165 2434 3344 2506 κρίσιν
3388 2433 3726 2503 ποιησαίμην

2154 2525 2247 2579 τοῦ
2279 2541 2338 2577 τε
2363 2523 2498 2577 Θεοῦ
2527 2523 2821 2576 κάκείνων·
2848 2524 2941 2576 καὶ
2966 2522 3184 2592 δέξομαι
3206 2522 3397 2593 κριτάς
3426 2522 3493 2575 τά
3520 2540 3576 2575 τε
3620 2528 3729 2594 ὄρη

2155 2615 2249 2668 καὶ
2278 2615 2403 2677 τοὺς
2431 2613 2648 2682 βουνοὺς
2677 2612 2891 2676 καὶτὰς
2922 2614 3226 2683 φάραγγας,
3256 2612 3291 2666 ὃ.
3326 2613 3587 2683 πρότερον
3617 2612 3728 2680 μὲν

2151 2704 2369 2768 ἐδέξατο
2392 2704 2451 2757 τὸ
2474 2702 2838 2776 ἀναρίθμητον
2861 2706 3032 2756 ἐκεῖνο
3056 2703 3163 2755 τῶν
3200 2704 3495 2775 Ἀσσυρίων
3518 2702 3727 2772 πλῆθος

2156 2796 2481 2866 ἑπεληλυθδς
2528 2799 2593 2867 τῇ
2642 2795 2991 2866 Ἰερουσαλὴμ
3023 2796 3117 2849 καί
3165 2795 3303 2848 κατὰ
3342 2796 3547 2857 πάντας
3592 2795 3727 2858 τοὺς

2156 2888 2353 2955 ἔξωθεν
2394 2888 2790 2959 διεσπαρμένον
2830 2888 3056 2952 τόπους·
3108 2888 3200 2958 ἀφ’
3244 2880 3305 2942 οῦ
3347 2888 3411 2959 δὴ
3438 2890 3527 2941 καὶ
3562 2886 3731 2955 φόϐος

2155 2984 2267 3043 τοῖς
2311 2980 2453 3033 κατά
2497 2980 2591 3048 τὴν
2625 2978 2794 3047 πόλιν,
2829 2980 2903 3043 ὡς
2946 2980 3111 3043 εἰκὸς,
3158 2979 3404 3033 ἐπέκειτο
3445 2978 3729 3040 πλεῖστοςο

486 3071 813 3140 Diguieerte
846 3072 948 3126 lide
1010 3082 1176 3127 testes
1214 3072 1267 3125 hi
1300 3072 1540 3127 eruntin
1587 3072 1816 3142 judicio,
1853 3074 1944 3142 qui
2001 3081 2055 3128 et

2167 3067 2283 3125 εἶτα
2329 3071 2522 3143 ἀθρόον
2575 3071 2742 3142 νεκρά
2789 3071 2859 3123 τὰ
2912 3070 3149 3124 τοσαῦτα
3207 3070 3433 3141 σώματα
3478 3068 3632 3139 ἔσχεν
3667 3069 3741 3122 ἓν

487 3169 828 3231 spectatores
884 3161 1126 3218 fuerunt.
1200 3162 1319 3217 Mox
1362 3173 1616 3233 tanquam
1658 3178 1755 3233 pro
1797 3164 2055 3218 tribunali

489 3250 708 3316 sedens,
737 3259 791 3305 et
847 3252 957 3319 jam
988 3252 1239 3307 convicta
1265 3254 1633 3308 lsraelitarum
1663 3253 1935 3317 Vecordia,
1970 3268 2065 3307 co-

489 3358 607 3396 ram
633 3344 915 3413 judicibus
943 3359 1234 3414 rerumque
1263 3347 1517 3409 testibus,
1555 3346 1852 3401 introducit
1877 3354 2064 3415 postea

490 3437 627 3491 ιΙίυἰε
656 3444 820 3492 causa
881 3436 1047 3491 Deum
1086 3437 1261 3507 ipsum
1314 3432 1394 3494 eis
1426 3439 1694 3493 dicentem
1746 3457 1758 3491 :
1807 3457 1824 3488 ι
1864 3436 2066 3507 Popule

494 3544 673 3592 meus,
706 3528 834 3597 quid
866 3528 965 3582 feci
1008 3529 1126 3590 tibi,
1159 3529 1327 3583 autin
1362 3545 1472 3599 quo
1505 3530 1767 3585 molestus
1790 3529 1883 3583 tibi
1910 3529 1985 3583 fui
2008 3528 2061 3582 ἲ»

496 3619 749 3676 Profecto
783 3638 868 3677 res
900 3621 1192 3692 Assyriaea
1218 3637 1337 3691 quae
1364 3621 1545 3685 fuerit,
1581 3630 1815 3684 constat,
1853 3628 1906 3677 et
1934 3635 2070 3691 qua-

498 3714 565 3768 lis
594 3729 692 3768 vos
732 3713 1085 3783 providentia:
1116 3729 1245 3769 mete
1310 3714 1702 3769 demonstratio
1754 3714 2066 3771 exstitistis.

499 3807 760 3875 Superest
794 3815 852 3860 ut
875 3807 1002 3860 mihi
1034 3807 1249 3867 dicatis.
1273 3818 1401 3860 num
1433 3822 1622 3876 parum
1656 3808 1738 3862 vel
1778 3810 2005 3863 multum
2039 3823 2070 3861 a

499 3916 587 3953 me
617 3899 923 3953 contristati
988 3900 1220 3963 fueritis,
1260 3914 1389 3951 num
1423 3900 1714 3967 aliquando
1767 3901 2072 3960 nocuerint,

499 4003 594 4047 aut
632 3993 857 4046 omnino
888 3993 1149 4045 molestus
1174 3992 1259 4045 vel
1291 3991 1472 4060 gravis
1501 3991 1653 4045 visus
1681 3992 1834 4046 vobis
1856 3992 2072 4045 fuerim.

502 4084 647 4149 Mox,
690 4084 845 4154 quasi
898 4084 1033 4136 nihil
1090 4090 1281 4136 contra
1347 4082 1460 4136 hmc
1491 4084 1705 4138 hiscere
1731 4080 2071 4148 audentibus,

509 4189 526 4220 ‹
547 4169 839 4238 Responde
869 4170 1018 4229 mihi.
1041 4187 1057 4219 ι
1106 4169 1303 4239 inquit,
1355 4172 1511 4240 quasi
1549 4172 1714 4232 dicat,
1739 4174 1872 4226 Fare
1905 4188 2004 4242 age
2029 4177 2075 4228 si

504 4263 633 4332 quid
667 4262 866 4325 habes;
902 4259 1177 4314 admittam
1218 4263 1383 4325 enim,
1420 4261 1463 4315 si
1503 4276 1625 4316 vera
1663 4262 2075 4332 loqueris.Tum

506 4369 606 4409 ceu
642 4354 749 4408 illis
782 4366 1010 4422 prorsus
1034 4352 1321 4407 silentibus
1352 4354 1686 4408 conscientia
1719 4368 1817 4408 sua
1851 4356 2077 4410 convic-

2164 3165 2375 3228 ἑαυτοῖς
2424 3163 2734 3234 ἐρριμμένα
2779 3162 2887 3216 τῶν
2936 3163 3042 3233 πρὸ
3089 3162 3316 3233 βραχέος
3353 3162 3563 3233 μεγάλα
3593 3178 3734 3233 φρο-

2162 3259 2429 3311 νούντων·
2485 3257 2785 3323 ἀξιόπιστοι
2839 3256 2948 3327 γὰρ
3011 3250 3153 3309 οῦτοι
3211 3256 3347 3327 πρὸς
3397 3255 3493 3326 τὴν
3551 3255 3740 3323 κρίσιν

2163 3348 2375 3402 ἔσονται
2420 3347 2644 3417 ταύτην,
2685 3348 2734 3400 οἰ
2777 3346 2870 3400 καὶ
2899 3346 3087 3400 θεαταὶ
3127 3346 3236 3398 τῶν
3263 3346 3580 3413 γεγονότων.
3616 3341 3739 3397 Εἶθ’

2162 3442 2239 3503 ὡς
2298 3441 2363 3494 ἂν
2412 3441 2691 3510 κριτήριον
2748 3438 2995 3503 καθίσας,
3039 3438 3129 3491 καὶ
3190 3437 3254 3509 δὴ
3306 3436 3568 3508 πρόδηλον
3622 3436 3745 3489 τῶν

2178 3532 2525 3604 Ἰσραηλιτῶν
2556 3532 2654 3601 τὴν
2694 3528 3085 3601 ἀγνωμοσύνην
3126 3532 3355 3601 ποιήσας
3386 3530 3489 3583 ὑπὸ
3522 3532 3744 3598 κριταῖς

2167 3628 2277 3689 τοῖς
2318 3625 2411 3677 καὶ
2447 3624 2681 3694 μάρτυσι
2724 3624 2831 3676 τῶν
2861 3624 3160 3693 γεγονότων
3179 3667 3193 3689 ,
3223 3625 3430 3691 εἰσάγει
3459 3624 3642 3676 λοιπὸν
3674 3624 3746 3675 ἐκ

2168 3716 2484 3787 περιουσίας
2517 3716 2605 3769 τὸν
2638 3715 2768 3767 Θεὸν
2797 3715 3022 3783 λέγοντα
3057 3714 3191 3784 πρὸς
3221 3713 3413 3775 αὐτούς
3435 3731 3446 3742 ο
3481 3714 3561 3783 (p.
3597 3712 3743 3780 506)

2176 3826 2194 3859 ι
2232 3808 2374 3872 Δαός
2405 3825 2526 3878 μου,
2549 3806 2602 3859 τί
2632 3807 2864 3878 ἐποίησά
2894 3822 2976 3869 σε,
3006 3806 3038 3876 ἦ
3063 3806 3115 3857 τί
3137 3804 3540 3877 παρηνώχλησά
3565 3821 3677 3868 σοι;
3718 3823 3740 3854 ι

2184 3900 2345 3953 Ἀλλά
2385 3900 2494 3970 γὰρ
2522 3900 2590 3952 τὰ
2620 3899 2717 3969 μὲν
2748 3898 2885 3951 κατὰ
2916 3897 3004 3950 τὸν
3045 3898 3323 3968 Ἀσσύριον
3348 3896 3509 3966 δῆλα,
3545 3896 3744 3964 φησὶν,

2173 3991 2320 4055 ὅπως
2351 3990 2535 4061 ἔσχεν,
2567 3990 2697 4060 ὅσην
2729 4006 2787 4041 τε
2819 3989 2919 4058 τῆς
2972 3984 3291 4059 κηδεμονίας
3337 4004 3435 4058 μου
3482 3989 3580 4056 τῆς
3614 3987 3751 4056 περὶ

2174 4081 2318 4151 ὑμᾶς
2362 4080 2669 4151 παρέσχητε
2715 4080 2815 4149 τὴν
2861 4078 3165 4146 ἀπόδειξιν·
3198 4078 3476 4149 ἐπιτρέπω
3517 4079 3572 4131 δὲ
3615 4078 3752 4149 ὑμῖν

2175 4172 2373 4241 λέγειν,
2401 4172 2453 4222 εἶ
2481 4187 2534 4223 τι
2566 4170 2759 4241 μικρὸν
2787 4168 2819 4240 ἢ
2860 4170 2999 4239 μέγα
3034 4168 3249 4223 πώποτε
3280 4168 3581 4238 λελύπησθε
3616 4170 3752 4239 παρ’

2177 4263 2332 4335 ἐμοῦ,
2362 4266 2409 4317 εί
2444 4262 2718 4331 πεποίηκά
2758 4279 2811 4314 τι
2858 4260 3109 4330 βλάπτων
3157 4261 3298 4330 ὑμᾶς
3321 4302 3337 4326 ,
3391 4262 3438 4313 εἰ
3465 4258 3758 4329 λελύπηκα.

2181 4338 2466 4422 καθάπαξ,
2505 4356 2553 4408 εἰ
2582 4354 2834 4425 φορτικὸς
2874 4353 2930 4406 ἐν
2974 4372 3114 4406 τισιν
3142 4352 3327 4423 ὤφθην
3353 4355 3510 4425 ὑμῖν⁶
3538 4350 3637 4406 εἶθ’
3671 4353 3757 4416 ὡς

452 4494 465 4501 ,
508 4447 601 4510 tis,
629 4454 684 4501 et
720 4446 811 4501 Dei
847 4447 1007 4501 verba
1028 4446 1333 4501 nullatenus
1360 4444 1609 4500 falsitatis
1636 4460 1861 4517 arguere
1884 4447 2064 4501 valen-

2175 4448 2241 4502 ἂν
2280 4447 2401 4500 οὐδὲ
2434 4445 2569 4517 πρὸς
2613 4444 2785 4497 ταῦτα
2822 4443 3002 4514 φωνὴν
3034 4443 3296 4513 ἐχόντων,
3331 4462 3350 4495 ι
3397 4443 3760 4514 Ἀποκρίθητί

508 4538 678 4600 tibus.
731 4539 905 4607 pergit
959 4539 1140 4592 dicere
1178 4560 1189 4592 :
1226 4554 1243 4586 ι
1299 4536 1435 4603 Quia
1499 4536 1662 4590 eduxi
1719 4546 1770 4592 te
1814 4537 1881 4592 de
1936 4548 2080 4593 terra

2180 4556 2301 4610 μοι,
2340 4555 2359 4589 ι
2393 4537 2590 4606 φησίν·
2624 4536 2711 4589 ἵνα
2748 4535 2874 4607 εἴπῃ
2897 4551 2911 4565 ·
2944 4535 3118 4603 Λέγε,
3160 4536 3289 4589 εἴτι
3324 4535 3499 4606 ἔχεις·
3529 4536 3759 4606 δέξομαι

511 4627 759 4700 Egypti,
792 4638 845 4683 et
883 4629 949 4685 de
1004 4629 1165 4683 domo
1209 4630 1485 4684 servitutis
1520 4628 1729 4683 redemi
1758 4637 1841 4696 te;
1883 4640 1936 4684 et
1960 4631 2061 4685 mis

2178 4630 2303 4702 γὰρ,
2322 4629 2387 4683 ἂν
2414 4627 2690 4699 ἀληθεύων
2706 4628 2887 4700 λέγῃς.
2915 4624 3049 4692 Εἶθ’,
3077 4629 3151 4692 ὡς
3178 4629 3592 4700 σεσιωπηκότων
3622 4628 3764 4682 καθ-

512 4731 638 4776 ante
696 4720 888 4775 faciem
932 4729 1079 4775 tuam
1140 4723 1380 4793 Moysen:
1445 4729 1500 4775 et
1553 4719 1822 4774 Aaronem
1863 4728 1918 4775 et
1967 4722 2064 4774 Ma:

2180 4721 2325 4786 ἀπαξ
2371 4721 2461 4775 διὰ
2506 4721 2602 4793 τὴν
2674 4722 3009 4791 συνείδησιν,
3043 4722 3138 4775 καὶ
3185 4722 3273 4775 διὰ
3320 4722 3381 4775 τὸ
3412 4722 3577 4792 μηδὲν
3614 4723 3764 4792 ἔχειν

512 4813 673 4867 riam.
709 4830 727 4863 ι
769 4809 907 4865 lNum
938 4826 1065 4881 ergo
1116 4812 1227 4865 hate
1259 4812 1390 4866 mihi
1418 4811 1701 4873 retribuis,
1734 4811 1861 4880 quia
1891 4819 1946 4866 te
2002 4811 2087 4865 ἰη-

511 4910 732 4971 sperato
788 4914 897 4957 tam
959 4902 1151 4957 acerba
1224 4903 1446 4957 liberavi
1515 4903 1797 4968 servitute,
1879 4901 2082 4973 Moyse,

514 4998 755 5063 Aarone,
792 5012 856 5051 ac
885 4994 1049 5049 Maria
1090 4994 1356 5050 ministris
1402 5010 1467 5051 ac
1488 4994 1721 5051 ducibus
1754 4999 1892 5050 tanti
1923 4996 2087 5050 bene-

518 5092 623 5147 ﬁcii
650 5091 844 5146 utens?
865 5111 882 5141 ‹
908 5088 1109 5159 Populo
1127 5104 1303 5151 meus,
1320 5100 1607 5151 memento,
1628 5089 1756 5159 quid
1772 5089 2091 5159 cogitaverit

518 5194 708 5240 contra
735 5196 785 5240 te
811 5200 903 5239 rex
947 5186 1202 5246 Moabita,
1239 5191 1292 5239 et
1323 5184 1451 5253 quid
1485 5182 1828 5253 responderit
1848 5166 1896 5237 ei
1927 5181 2090 5236 Balac

522 5276 880 5333 llloabitarum
918 5294 1045 5343 rex;
1078 5288 1130 5332 et
1159 5274 1314 5347 201
1350 5276 1476 5347 quid
1516 5277 1859 5346 reSponderit
1900 5277 1950 5329 ei
1991 5275 2094 5327 Ba-

522 5371 661 5424 laam
701 5369 845 5423 ﬁlius
876 5368 1057 5428 Beori.
1090 5372 1157 5424 de
1182 5370 1433 5425 Schmnis
1460 5380 1634 5439 usque
1661 5368 1726 5422 ad
1757 5366 2002 5438 Galgala,
2038 5377 2096 5421 ut

523 5468 855 5528 agnoscatur
888 5458 1092 5523 iustitia
1126 5460 1359 5515 Domini.
1396 5479 1413 5510 ι
1448 5457 1565 5512 Jam
1588 5467 1642 5511 tu
1676 5457 1762 5512 fac
1789 5458 2100 5512 memineris

527 5550 706 5606 Βοιδρί
734 5566 951 5622 quoque
980 5551 1122 5615 regis
1154 5550 1535 5617 Moabitarum,
1570 5550 1661 5619 qui
1704 5549 1771 5603 ad
1806 5564 1865 5604 se
1903 5556 2093 5603 contra

527 5658 626 5699 vos
657 5644 868 5699 vocavit
890 5643 1199 5699 Balaamum
1224 5644 1344 5712 ;hic
1372 5652 1550 5699 autem
1580 5644 1755 5713 primo
1777 5640 1992 5712 quidem
2018 5640 2096 5694 ire

2181 4812 2288 4865 τῶν
2310 4812 2610 4883 εἰρημένων
2636 4812 2738 4865 ὑπὸ
2757 4813 2848 4865 τοῦ
2867 4813 2999 4866 Θεοῦ
3021 4813 3263 4884 ἐλέγχειν
3281 4813 3493 4883 ψευδὲς,
3527 4813 3730 4881 ἐπάγει
3746 4832 3765 4847 ο

2194 4920 2214 4952 ε
2256 4902 2397 4955 Διότι
2439 4904 2711 4973 ἁνήγαγόν
2742 4922 2800 4957 σε
2827 4906 2891 4957 ἐκ
2929 4905 3031 4975 γῆς
3061 4905 3354 4973 Αἰγύπτου,
3378 4906 3470 4958 καὶ
3498 4903 3557 4969 ἐξ
3606 4908 3768 4959 οἴκου

2190 4994 2431 5059 δουλείας
2446 4995 2834 5068 ὲλυτρωσάμην
2854 5016 2910 5050 σε
2930 5016 2943 5029 ·
2972 4999 3065 5052 καὶ
3091 4998 3439 5064 ὲξαπέστειλα
3464 4999 3569 5069 πρὸ
3594 5017 3775 5068 προσ-

2197 5088 2345 5141 ώπου
2381 5089 2471 5142 τὸν
2528 5090 2731 5158 Μωσῆν
2762 5092 2853 5142 καὶ
2889 5089 3098 5161 Ἃαρὼν
3130 5089 3222 5143 καὶ
3248 5091 3495 5161 Μαριάμ.
3541 5108 3559 5140 ι
3603 5090 3777 5143 Ἀλλὰ

2200 5178 2273 5248 μὴ
2301 5177 2457 5231 τοῦτό
2480 5195 2591 5248 μοι,
2622 5179 2702 5229 ὅτι
2740 5196 2795 5229 σε
2820 5180 2968 5247 παρὰ
2988 5180 3167 5231 πᾶσαν
3186 5178 3377 5231 ἐλπίδα
3394 5177 3493 5246 τῆς
3516 5176 3664 5231 οῦτω
3688 5197 3782 5231 πι-

2198 5272 2335 5341 κρᾶς
2356 5270 2640 5341 ἀπήλλαξα
2660 5271 2917 5334 δουλείας,
2941 5271 3110 5341 Μωσῇ
3129 5287 3185 5323 τε
3202 5270 3295 5324 καὶ
3321 5270 3527 5340 Ἀαρὼν
3540 5270 3636 5322 καὶ
3656 5271 3784 5324 M1-

2206 5361 2339 5433 ριάμ
2355 5363 2651 5432 ὑπηρέταις
2668 5378 2723 5413 τε
2743 5362 2834 5413 καὶ
2858 5359 3286 5432 προηγουμένοις
3302 5360 3399 5430 τῆς
3418 5357 3625 5429 δωρεᾶς
3644 5376 3781 5431 χρης

2208 5453 2669 5525 σάμενοςταύτης.
2700 5472 2717 5503 ι
2750 5452 2889 5515 Λαός
2910 5469 3033 5522 μου,
3059 5450 3325 5522 μνήσθητι
3343 5450 3394 5503 τί
3413 5448 3790 5502 ἐϐουλεύσατο

2201 5545 2344 5600 κατά
2385 5544 2477 5597 σοῦ
2525 5544 2706 5597 Βαλὰκ
2758 5544 3010 5614 βασιλεὺς
3045 5542 3219 5596 arma
3242 5560 3255 5573 ’
3285 5543 3380 5595 καὶ
3417 5541 3470 5592 τί
3496 5540 3787 5612 ἀπεκρίθη

2206 5638 2353 5709 αύτῷ
2382 5638 2609 5708 Βαλαάμ
2628 5637 2739 5701 υἱὸς
2755 5635 2848 5690 τοῦ
2873 5636 3022 5708 Βεὼρ
3045 5635 3150 5690 ἀπὸ
3178 5634 3285 5691 τῶν
3307 5634 3529 5707 σχοίνων
3545 5633 3657 5698 ἕως
3681 5633 3791 5688 τοῦ
