3992 6232
255 301 364 358 385

1205 302 1744 360 COMMENTARIUS
1782 302 1847 358 IN
1891 302 2198 362 MICHEIE
2235 305 2388 361 CAP.
2429 306 2519 362 Vl.

3393 314 3498 370 386

253 425 502 486 Γαλγάλ.
530 425 680 489 ὅπως
730 425 941 497 γνωσθῇ
1053 427 1363 497 δικαιοσύνη
1396 425 1489 479 τοῦ
1531 427 1757 497 Κυρίου.
1795 443 1814 476 t

1934 427 2117 491 noluit,
2148 429 2402 482 mandato
2429 442 2548 486 tneo
2584 437 2811 500 :postea
2843 431 3144 504 profectus,
3188 435 3497 494 nullatenus

256 519 346 587 (p.
395 515 540 582 507)
586 517 742 570 Ἀλλὰ
775 517 884 586 γὰρ
915 517 1287 589 ύπομνήσθητι
1327 519 1419 570 καὶ
1445 519 1543 589 τὴν
1576 518 1716 572 κατά
1736 519 1826 572 τὸν

247 608 440 662 Βαλὰκ
455 609 546 661 τὸν
563 609 872 663 Μωαϐιτῶν
894 609 1136 680 βασιλέα,
1155 609 1211 672 ὃς
1228 609 1510 664 ἀπέστειλε
1532 610 1630 680 μὲν
1648 610 1828 664 καλῶν

252 702 348 753 τὸν
369 700 600 771 Βαλαὰμ
622 701 743 754 καθ’
761 702 912 772 ὑμῶν
933 717 945 731 ’
969 702 996 753 ὁ
1022 701 1078 755 δὲ
1108 702 1368 774 πρότερον
1401 703 1499 773 μὲν
1523 703 1641 756 οὐδὲ
1665 703 1829 757 ἀπελ-

257 795 371 847 θεῖν
388 795 473 848 διὰ
502 796 564 848 τὺ
589 794 874 865 ἐπίταγμα
890 794 1138 848 ἐϐούλετο
1169 795 1230 848 τὸ
1259 796 1390 864 ἐμόν
1413 812 1426 824 ·
1481 796 1830 866 ἀπεληλυθὼς

254 887 309 938 δὲ
339 888 597 959 ὕστερον,
634 887 983 957 κατηράσατο
1023 888 1120 957 μὲν
1143 888 1250 940 οὐδ’
1278 887 1431 951 ὅλως,
1467 889 1736 961 ηὺλόγησε
1772 895 1830 948 δὲ

1924 519 2224 582 maledixit,
2265 520 2359 575 sed
2397 528 2561 590 prout
2600 537 2700 592 ego
2743 524 2892 579 volui
2967 525 3260 584 benedixit.
3291 527 3500 594 Quibus

1922 629 1988 670 ex
2019 615 2275 670 omnibus
2327 625 2667 686 compertum
2728 619 2884 676 vobis
2912 629 3016 685 est,
3059 637 3152 676 nte
3173 630 3382 680 rectum
3406 623 3499 692 jus

1924 719 2022 773 pro
2045 704 2201 759 vobis
2231 721 2443 775 semper
2499 718 2842 776 persecutum
2882 719 3074 766 contra
3144 710 3499 768 adversantes

1924 796 2082 851 vobis
2105 797 2327 867 injuste,
2368 813 2507 867 quos
2561 813 2753 854 omnes
2803 800 3007 870 absque
3039 802 3351 862 ulla-venia
3393 820 3499 876 pu-

1935 907 2068 946 DIVI.

254 983 396 1032 κατά
425 979 488 1032 τὸ
538 979 662 1049 ἐμοί
696 995 758 1046 γε
785 978 1006 1031 δοκοῦν·
1039 977 1179 1031 ὥστε
1226 978 1314 1032 διὰ
1356 981 1572 1036 πάντων
1613 984 1831 1057 εὔδηλον
1861 986 1988 1056 ὑμῖν
2019 978 2180 1045 εἶναι,
2229 981 2313 1034 ὅτι
2363 981 2452 1036 ἀεὶ
2502 982 2562 1036 τὸ
2617 981 2822 1038 δίκαιον
2881 984 3020 1057 ὑπὲρ
3063 987 3234 1058 ὑμῶν
3273 989 3500 1062 ἑκίνησα

254 1074 399 1127 κατὰ
431 1075 544 1127 τῶν
578 1074 782 1127 ἀδικεῖν
825 1075 967 1145 ὑμᾶς
1015 1075 1464 1146 ἐπιχειρούντων,
1515 1080 1724 1144 πάντας
1745 1099 1812 1134 τε
1835 1081 2032 1142 αὐτοὺς
2055 1077 2196 1132 κατά
2226 1075 2422 1146 πολλῆς
2449 1078 2874 1150 ἐτιμωρησάμην
2897 1080 2997 1150 τῆς
3015 1081 3290 1148 ἀφειδίας.

323 1171 476 1241 Στίχ.
515 1178 670 1242 (ς’-η’.
708 1201 771 1210 -
803 1171 912 1224 Καὶ
957 1171 1142 1242 ἐπειδὴ
1197 1172 1464 1244 μηδεμίαν
1509 1175 1826 1250 ἀντίρρησιν

253 1263 471 1333 ἐδέχετο
498 1263 567 1315 τὰ
610 1261 875 1334 εἰρημένα
896 1304 909 1325 ,
933 1265 1029 1327 ,ὡς
1060 1266 1133 1318 ἂν
1177 1268 1476 1339 συνηγόρου
1507 1269 1650 1333 τινὸς
1675 1271 1828 1334 τάξιν

254 1353 333 1423 τῷ
359 1354 475 1424 λαῷ
512 1354 734 1425 πληρῶν
765 1354 791 1406 ὁ
822 1356 1122 1426 προφήτης,
1155 1357 1219 1410 ὲκ
1249 1357 1343 1410 τοῦ
1389 1359 1609 1413 ἐκείνων
1657 1378 1827 1430 προσ-

256 1447 408 1500 ώπου
449 1449 631 1501 τοιάδε
669 1448 834 1518 φησίν
862 1465 875 1478 ·
911 1467 928 1499 ι
980 1448 1066 1502 Ἑν
1099 1450 1202 1503 τίνι
1255 1451 1541 1505 καταλάϐω
1587 1451 1680 1505 τὸν
1716 1453 1829 1506 Κύ-

261 1558 407 1610 ριον;
467 1541 836 1610 ἀντιλήψομαι
877 1539 1012 1592 Θεοῦ
1065 1559 1165 1610 μου
1216 1542 1474 1611 balineo;
1521 1560 1539 1593 ι
1591 1542 1679 1606 Ὠς
1721 1541 1828 1614 γὰρ

259 1632 351 1686 τοῦ
381 1632 512 1687 λαοῦ
537 1633 689 1685 τουτὶ
711 1632 978 1700 λέγοντος,
1007 1632 1148 1685 οὕτω
1173 1634 1355 1702 φησὶν,
1385 1635 1464 1687 ὅτι
1500 1634 1716 1705 Ἐπειδὴ
1741 1635 1828 1688 διὰ

264 1726 480 1779 πάντων
531 1725 822 1795 ἐλέγχομαι
882 1725 974 1778 ἐπὶ
1048 1725 1268 1788 πολλαῖς
1320 1728 1438 1788 ταῖς
1492 1726 1830 1798 εὐεργεσίαις

262 1815 530 1887 ἀγνώμων
558 1813 800 1882 γεγονὼς
821 1855 836 1876 ,
867 1815 918 1866 τί
950 1815 1012 1883 δή
1046 1832 1112 1885 με
1154 1816 1374 1885 ποιῆσαι
1408 1817 1713 1888 προσῆκεν,
1745 1817 1832 1869 ἴνα

262 1905 357 1958 νῦν
373 1904 500 1972 γοῦν
515 1903 860 1974 ἐπιλάϐωμαι
883 1904 973 1956 τοῦ
997 1904 1152 1962 Θεοῦ,
1169 1898 1338 1974 οὗπερ
1362 1907 1596 1976 ἐμαυτὸν
1619 1906 1706 1961 διὰ
1724 1905 1832 1960 τῶν

258 1997 474 2070 τρόπων
494 1996 736 2065 ἐχώρισα
750 1997 856 2048 τῶν
878 1995 1088 2049 οἰκείων
1106 2015 1119 2063 ;
1142 1999 1235 2050 καὶ
1255 1999 1370 2060 πῶς
1391 1998 1542 2067 φανῶ
1562 1997 1668 2051 τῶν
1686 1998 1833 2069 αὐτῷ

255 2088 559 2142 δοκούντων
606 2087 994 2158 ἀντεχόμενος;
1029 2107 1044 2138 ι
1073 2088 1548 2160 Εἰκαταλὴψομαι
1582 2089 1744 2142 αὐτὸν
1775 2091 1834 2142 ἐν

250 2179 726 2248 δλοκαυτιῖιμασιν,
748 2183 803 2232 ἐν
824 2180 1040 2250 μόσχοις
1065 2181 1353 2242 ἐνιαυσίοις
1373 2197 1386 2244 ;
1409 2182 1458 2234 εί
1487 2181 1834 2252 προσδέξεται

252 2273 458 2343 Κύριος
480 2272 541 2323 ἐν
557 2270 762 2340 χιλιάσι
790 2269 978 2340 κριῶν,
1005 2268 1037 2338 ἢ
1068 2269 1124 2320 ἐν
1167 2270 1386 2340 μυριάσι
1432 2271 1679 2340 χιμάρων
1716 2271 1836 2324 πιό-

252 2382 392 2430 νων;
443 2366 494 2415 εἰ
531 2363 692 2415 δώσω
738 2362 1057 2432 πρωτότοκά
1095 2379 1194 2432 μου
1238 2364 1373 2432 ὑπὲρ
1411 2361 1661 2427 ἀσεϐείας
1693 2381 1832 2432 μου,

253 2457 470 2524 καρπὸν
495 2452 710 2514 κοιλίας
735 2469 836 2521 μου
861 2451 999 2520 ὑπὲρ
1031 2450 1300 2521 ἁμαρτίας
1323 2451 1499 2521 ψυχῆς
1525 2468 1660 2522 μου;
1702 2470 1720 2504 t
1752 2453 1838 2515 Ὡς

253 2545 360 2614 γὰρ
379 2542 792 2612 διαπορούντων
811 2541 1008 2606 αὐτῶν,
1023 2543 1101 2594 ὅτι
1114 2543 1206 2594 καὶ
1228 2542 1447 2611 ποιῆσαι
1461 2542 1734 2612 προσῆκεν
1749 2543 1840 2595 αύ-

252 2641 378 2700 τοῐις
414 2639 511 2689 ἐπὶ
547 2635 816 2706 θεραπείᾳ
847 2638 945 2704 τῆς
973 2636 1238 2705 τοσαύτης
1263 2633 1672 2705 ἀγνωμοσύνης,
1695 2634 1839 2688 οὕτω

257 2730 443 2798 φησίν·
483 2728 578 2796 (p.
615 2727 754 2795 508)
799 2725 1176 2796 Ἐξιλὰσομαι,
1207 2725 1391 2794 φησιν,
1431 2723 1748 2795 αὐτὸν-ἆρα,
1789 2726 1837 2777 εί

260 2821 674 2892 προσαγαγοιμι
693 2819 1113 2888 ὁλοκαυτώματα
1134 2817 1345 2886 μόσχων
1366 2815 1720 2886 ἐνιαυσίων,ῆ
1744 2812 1837 2885 [εἰ]

258 2914 506 2985 χιλιάδας
539 2914 635 2965 καὶ
676 2912 938 2983 μυριάδας
971 2909 1140 2982 κριῶν
1171 2927 1230 2961 τε
1258 2906 1406 2976 αὐτῷ
1433 2907 1837 2976 προσ-ἀγάγοιμι

261 3009 354 3061 καὶ
383 3005 700 3077 προϐάτων,
743 3006 774 3076 ἦ
817 3006 866 3056 εί
903 3004 971 3056 τὰ
995 3002 1314 3074 πρωτότοκα
1331 3001 1439 3052 τῶν
1470 2997 1616 3068 ὲμῶν
1647 3015 1839 3068 γεννη-

266 3103 452 3171 μάτων
485 3098 638 3168 αύτῷ
685 3097 1044 3169 προσαγάγω,
1088 3094 1162 3156 ὼς
1214 3093 1279 3146 ἂν
1319 3092 1418 3162 τῆς
1450 3091 1629 3161 ψυχῆς
1655 3089 1840 3160 ἀφέλω

264 3193 361 3261 τὴν
387 3189 668 3261 ἁμαρτίαν
711 3189 810 3257 τῆς
853 3187 1026 3256 ὲμῆςς
1065 3185 1206 3256 Πρὸς
1257 3183 1312 3236 δὲ
1344 3181 1548 3252 ταύτην
1575 3180 1668 3234 τοῦ
1709 3179 1839 3233 λαοῦ

263 3286 361 3353 τὴν
424 3283 664 3354 ἀπορίαν
718 3279 1143 3349 ἀποκρινόμενος
1202 3276 1230 3329 ὀ
1292 3274 1574 3346 προφήτης
1639 3273 1836 3344 φησίν·

271 3393 290 3425 ι
333 3373 650 3442 Ἀπηγγέλη
687 3388 796 3435 σοι,
821 3369 1101 3440 ἄνθρωπε,
1136 3367 1189 3420 τί
1215 3367 1408 3430 καλὸν,
1437 3367 1531 3419 καὶ
1557 3365 1610 3418 τί
1640 3363 1840 3434 Κύριος

268 3463 492 3533 ἐκζητεί
545 3463 694 3532 παρά
747 3461 871 3523 σοῦ,
925 3460 1036 3514 ἀλλ’
1085 3459 1118 3530 ἢ
1165 3458 1260 3512 τοῦ
1303 3461 1476 3512 ποιεῖν
1512 3459 1718 3528 κρῖμα,
1748 3457 1841 3508 καὶ

266 3557 490 3625 ἀγαπᾷν
536 3546 706 3617 ἔλεον,
734 3555 828 3606 καὶ
862 3553 1072 3620 ἕτοιμον
1109 3546 1248 3603 εἷναι
1291 3548 1386 3602 τοῦ
1416 3546 1740 3618 πορεύεσθαί
1780 3563 1841 3598 σε

265 3647 443 3699 ὀπίσω
493 3644 696 3712 Κυρίου
743 3642 832 3696 τοῦ
877 3642 1010 3694 Θεοῦ
1063 3658 1192 3705 σονς
1241 3659 1260 3692 ι
1294 3640 1474 3710 Πάρες
1511 3637 1613 3708 δὴ,
1642 3638 1838 3708 φησὶν,

265 3736 693 3806 ὁλοκαυτώματα
727 3736 818 3788 καὶ
856 3734 1055 3788 θυσιῶν
1093 3731 1296 3801 πλῆθος
1344 3732 1437 3785 καὶ
1477 3732 1840 3802 πρωτοτόκων

267 3829 642 3900 προσ-κομιδήν
661 3845 674 3856 ·
705 3829 751 3879 εἰ
774 3827 829 3879 δέ
857 3844 938 3879 σοι
961 3826 1177 3896 φροντὶς
1208 3825 1552 3890 ἐξιλάσασθαι
1580 3824 1640 3877 τὸ
1661 3823 1840 3888 Θεῖον,

266 3923 453 3974 ἐκεῖνα
501 3908 799 3990 διάπραξαι
845 3919 988 3988 ἅπερ
1036 3918 1241 3972 ἄνωθέν
1276 3935 1356 3970 σοι
1388 3918 1716 3988 προσέταξεν
1753 3918 1842 3972 διὰ

264 4014 354 4066 τού
389 4012 637 4074 Μωσέως
684 4013 857 4063 ποιεῖν
909 4012 937 4062 ό
981 4009 1131 4072 Θεός.
1191 4010 1326 4062 Ποῖα
1374 4009 1438 4081 δὴ
1487 4009 1688 4076 satira;
1741 4009 1838 4062 "lv'

267 4105 432 4174 ὀρθὴν
467 4105 556 4171 ἐφ’
589 4103 843 4156 ἁπάντων
878 4103 1137 4173 ποιῇςτὴν
1162 4102 1342 4172 κρίσιν
1373 4104 1466 4155 καὶ
1485 4101 1839 4173 τὴνιδοκιμα-

269 4198 415 4260 σίαν,
462 4198 586 4250 καθ’
628 4196 694 4264 ἣν
738 4193 980 4262 ἐκλέγειν
1018 4193 1250 4260 ὀφείλεις
1295 4194 1408 4247 ἀπὸ
1449 4193 1544 4247 τοῦ
1603 4194 1840 4265 χείρονος

2007 1173 2169 1230 Vsus.
2205 1173 2337 1231 6τ8.
2369 1203 2439 1214 --
2493 1174 2555 1226 Et
2585 1175 2710 1242 quia
2751 1176 2958 1230 nullam
3009 1177 3497 1234 contradictionem

1933 1267 2250 1323 verba-hmo
2306 1265 2670 1334 patiebantur,
2729 1267 2942 1334 patroni
2991 1268 3159 1321 veluti
3210 1283 3498 1338 personam

1930 1371 2033 1426 pro
2046 1355 2244 1425 populo
2267 1355 2528 1424 propheta
2550 1356 2911 1420 sumens,haec
2927 1357 3021 1410 ait:
3047 1374 3066 1408 ι
3092 1357 3150 1410 In
3173 1374 3282 1427 quo
3307 1373 3501 1429 appre-

1879 1492 1882 1496 .
1918 1450 2170 1506 bendam
2225 1449 2556 1505 Dominum?
2588 1450 2882 1518 suscipiam
2931 1449 3100 1506 Deum
3129 1449 3442 1510 excelsum?
3475 1468 3496 1502 ι

1919 1542 2216 1612 Tanquam
2282 1544 2478 1612 populo
2523 1542 2643 1596 .hoc
2686 1542 2918 1606 dicente,
2954 1543 3032 1596 sic
3085 1543 3158 1596 ait
3189 1541 3500 1607 :Quoniam

1936 1635 2122 1690 multis
2143 1635 2420 1690 beneficiis
2447 1633 2693 1703 ingratus
2731 1632 2830 1697 fui,
2879 1633 3006 1702 quid
3037 1649 3180 1687 nunc
3204 1649 3290 1698 tne
3325 1631 3504 1687 facere

1930 1737 2166 1799 oportet,
2203 1735 2260 1780 ιιι
2285 1726 2448 1780 Deum
2483 1725 2612 1779 mihi
2643 1738 2978 1792 recuperent,
3027 1737 3202 1792 aquo
3253 1724 3504 1778 moribus

1935 1821 2072 1874 meis
2093 1833 2177 1872 me
2201 1817 2450 1886 sejunxi?
2479 1815 2542 1868 Et
2572 1815 2845 1884 quomodo
2881 1813 3353 1884 placitorumejus
3388 1813 3500 1883 jam

1919 1911 2212 1968 studiosus
2249 1907 2730 1966 videborlt‘Num
2761 1906 3160 1976 apprehendam
3209 1904 3498 1962 Dominum

1938 1995 2296 2058 holocaustis,
2353 2001 2406 2048 et
2464 1993 2650 2054 vitulis
2685 1991 2999 2055 anniculis?
3041 1989 3178 2050 Nutu
3243 1989 3508 2058 suscipiet

1933 2087 2198 2142 Dominus
2253 2085 2400 2140 mille
2433 2085 2650 2148 arietes,
2680 2085 2764 2141 vel
2812 2083 2998 2143 decem
3013 2081 3191 2142 .utillia
3218 2080 3505 2151 pinguium

1935 2177 2256 2233 hircorum?
2283 2175 2421 2230 Nutu
2460 2175 2602 2232 dabo
2641 2174 3011 2244 primogenita-
3028 2187 3150 2232 mea
3175 2187 3278 2243 pro
3305 2172 3505 2242 impie-

1935 2277 2048 2324 tate
2071 2285 2209 2331 mea,
2243 2269 2477 2321 t'r-uctum
2515 2267 2721 2322 ventris
2751 2267 2858 2327 mei-
2885 2281 2986 2336 pro
3013 2264 3437 2336 peccatomeo?
3481 2283 3502 2316 ι

1937 2363 2102 2428 Quasi
2163 2360 2562 2431 ambigentibus
2593 2359 2729 2430 ipsis
2759 2359 2895 2428 quid
2953 2374 3113 2430 agere
3147 2361 3390 2420 deceret
3437 2357 3508 2412 ob

1936 2457 2199 2514 vecordia:
2235 2463 2400 2509 tanta:
2438 2455 2755 2517 remedium,
2789 2452 2981 2510 sicait
3013 2451 3187 2508 :Nttm
3211 2449 3510 2520 ilium-pla-

1937 2563 2151 2612 cavero,
2198 2548 2242 2602 si
2270 2548 2609 2602 holocausta
2667 2546 2956 2602 vitulorum
3002 2546 3377 2608 anniculorum
3408 2544 3510 2599 ob-

1943 2640 2140 2702 tulero,
2165 2639 2246 2693 vel
2261 2639 2430 2694 millia
2456 2647 2548 2691 aut
2580 2637 2770 2692 decent
2819 2636 2989 2692 millia
3013 2636 3242 2690 arietum
3297 2634 3347 2691 ei
3381 2633 3510 2689 affe-

1938 2744 2054 2784 ram
2090 2739 2254 2802 atque
2273 2728 2494 2782 ovium?
2534 2725 2600 2780 Et
2626 2727 2670 2780 si
2706 2725 3064 2796 primogenita
3093 2723 3507 2794 generationum

1939 2833 2179 2874 mearum
2207 2819 2256 2871 ei
2277 2817 2583 2879 exhibeam,
2615 2831 2743 2873 num
2785 2817 3206 2875 exanima-mea
3225 2825 3506 2884 peccatum

1884 2945 1904 2980 γ
1939 2913 2226 2968 delevere?
2254 2911 2388 2968 lluic
2420 2925 2548 2966 vero
2571 2911 2766 2980 populi
2811 2909 3137 2968 dubitationi
3170 2909 3510 2980 respondens

1941 3003 2204 3072 propheta
2248 3004 2324 3056 ait
2375 3020 2388 3056 :
2445 3021 2464 3053 ι
2535 3001 2930 3060 Nuntiatumne
2962 3003 3059 3058 tibi
3109 3003 3508 3068 fuit,obotno,

1939 3094 2071 3163 quid
2111 3095 2194 3148 .sit
2240 3095 2464 3158 bonum,
2503 3108 2556 3149 et.
2591 3092 2720 3162 quid
2773 3092 3036 3150 Dominus
3071 3095 3317 3165 requirat
3354 3109 3385 3148 a
3433 3103 3510 3159 te,

1933 3187 2126 3243 nisiut
2153 3185 2322 3242 facias
2363 3187 2655 3255 judicium,
2707 3196 2764 3242 et
2813 3185 3009 3256 diligas
3047 3187 3509 3253 misericordiam,

1940 3286 1995 3332 et
2051 3286 2272 3348 paratus
2324 3279 2401 3334 sis
2455 3279 2736 3334 ambulare
2800 3288 2922 3344 post
2977 3277 3271 3342 Dominum
3339 3278 3512 3336 Deum

1942 3369 2130 3424 tuum?
2166 3387 2184 3420 ι
2213 3367 2432 3433 Omitte,
2472 3369 2668 3439 inquit,
2709 3369 3032 3426 holocausta
3065 3371 3513 3426 .et-victitnarum

1942 3462 2436 3523 multitudinem,et
2457 3461 2937 3532 primogenitorum
2961 3462 3314 3518 oblationem.
3348 3463 3507 3529 Quod

1943 3552 1989 3606 si
2019 3552 2118 3606 tibi
2148 3567 2294 3607 cum
2321 3563 2404 3608 est
2429 3552 2588 3622 202
2632 3552 2800 3608 Deum
2835 3553 3110 3622 placandi,
3141 3554 3232 3607 illa
3281 3552 3367 3609 fac
3395 3569 3516 3624 quae

1940 3644 2040 3699 tibi
2053 3645 2180 3699 olim
2205 3645 2384 3700 facere
2415 3645 3052 3716 mandavitper-Moysem
3075 3646 3232 3702 Deus.
3254 3646 3513 3713 Quanam

1942 3735 2090 3790 hac?
2127 3734 2355 3790 Rectum
2378 3736 2436 3790 in.
2451 3737 2712 3792 omnibus
2740 3751 2997 3791 exercere
3024 3737 3294 3806 judicium
3310 3746 3367 3794 et
3397 3739 3514 3793 dis-

1940 3827 2172 3892 crimen,
2201 3837 2260 3880 ut
2291 3827 2494 3881 bonum
2523 3828 2666 3880 malo
2689 3826 2945 3897 praeferas
2973 3847 2987 3881 :
3013 3837 3276 3898 quantam
3311 3832 3518 3901 poteris

1939 3919 2330 3988 benignitatem
2369 3927 2424 3974 et
2467 3919 2899 3974 misericordiam
2963 3920 3019 3976 in
3053 3924 3333 3992 proximos
3391 3931 3516 3980 tuos

1939 4026 2290 4081 expromere;
2331 4021 2579 4082 paratum
2610 4019 2820 4068 teesse
2847 4022 2908 4068 ut
2931 4014 3247 4070 omnimode
3278 4013 3374 4070 Dei
3405 4030 3517 4071 vo-

1942 4106 2203 4159 luntatem
2237 4105 2506 4174 sequaris.
2544 4101 3303 4174 Dicitinsumma":t0iliges
3319 4106 3511 4162 Domi-

1941 4216 2071 4254 num
2124 4199 2294 4254 Deum
2345 4208 2498 4254 tuum
2554 4206 2667 4253 toto
2737 4200 2908 4256 corde
2940 4209 3054 4262 tuo.
3105 4208 3161 4256 et
3184 4207 3294 4255 tota
3333 4211 3520 4260 mente

263 4289 323 4340 τὸ
359 4291 642 4359 κρεῖττον,
673 4286 767 4339 καὶ
813 4285 899 4337 ἵνα
935 4287 1114 4339 πᾶσαν
1146 4285 1244 4356 τὴν
1270 4285 1502 4357 δυνατήν
1537 4303 1619 4339 σοι
1655 4285 1836 4354 φιλαν-

1947 4301 2062 4355 tua,
2109 4299 2164 4346 et
2202 4301 2313 4344 tota
2349 4291 2761 4358 anima-tumet
2788 4292 2979 4361 diliges
3024 4291 3328 4362 proximum
3359 4301 3513 4348 tuutn

268 4379 516 4453 θρωπίαν
551 4395 611 4430 τε
644 4380 736 4431 καὶ
765 4377 1103 4446 συμπάθειαν
1126 4376 1564 4448 ἐπιδεικνύμενος
1601 4378 1682 4440 εἰς
1717 4379 1836 4442 τοὺς

1940 4385 2084 4439 sicut
2112 4391 2165 4438 te
2190 4383 2365 4452 ipsum
2395 4400 2451 4436 τι
2490 4383 3014 4453 quaeqnidem-dicta
3039 4384 3258 4438 fuerant
3275 4386 3518 4454 antiqui-

269 4471 435 4534 πέλας
471 4470 744 4540 διατελῇς,
785 4470 878 4522 καί
915 4469 999 4522 ἵνα
1040 4469 1552 4540 παρεσκευασμένος
1766 4472 1836 4534 είς

1943 4481 2034 4528 tus
2067 4487 2172 4542 per-
2197 4470 2454 4543 Moysem.
2504 4470 2630 4526 Haec
2653 4472 2836 4539 facito,
2866 4474 3065 4543 inquit,
3091 4489 3212 4544 quae
3239 4473 3382 4529 Dens
3406 4489 3519 4545 prae

267 4565 324 4616 τὸ
350 4564 514 4616 παντὶ
552 4562 738 4631 τρόπῳ
757 4562 826 4613 τὰ
840 4559 1097 4614 δοκοῦντα
1140 4561 1380 4632 μετιέναι
1411 4559 1546 4632 Θεῷ.
1567 4561 1732 4630 Λέγει
1758 4563 1836 4622 δὲ,

1943 4563 2186 4619 victimis
2211 4567 2468 4619 aestimat.

271 4658 544 4728 συντόμως
581 4658 782 4717 εἰπεῖν,
808 4656 869 4708 τὺ
918 4673 938 4708 ι
984 4656 1312 4726 Ἀγαπήσεις
1345 4654 1655 4726 Κύριον-τὸν
1684 4649 1815 4710 Θεό)
1860 4674 1952 4710 σου
1991 4657 2050 4722 ἐξ
2076 4657 2204 4727 ὅλης
2242 4661 2340 4729 τῆς
2365 4659 2591 4729 καρδίας
2631 4675 2746 4725 σου,
2793 4660 2964 4724 καιὲζ
3007 4660 3134 4731 ὅλης
3160 4660 3258 4731 τῆς
3287 4659 3520 4722 διανοίας

271 4769 382 4814 σου,
411 4755 507 4806 καὶ
535 4753 594 4818 ἐξ
627 4753 757 4822 ὅλης
795 4754 894 4822 τῆς
915 4752 1090 4822 ψυχῆς
1121 4767 1213 4803 σου
1233 4791 1248 4812 ,
1287 4751 1384 4804 καὶ
1419 4751 1724 4820 ἀγαπήσεις
1770 4750 1862 4803 τὸν
1899 4751 2124 4824 πλησίον
2173 4769 2272 4805 σου
2316 4752 2400 4816 ὡς·
2434 4753 2680 4806 σεαυτόν·
2731 4754 2750 4821 (
2769 4769 2821 4823 p.
2849 4754 2994 4825 509)
3021 4755 3164 4824 ἅπερ
3199 4754 3384 4825 εἴρητο
3413 4754 3521 4806 πά-

271 4843 356 4896 λαι
384 4844 474 4897 διὰ
501 4846 743 4908 Μωσέως
763 4859 776 4874 ·

342 4937 486 5006 Στίχ.
520 4933 695 5006 θ’-ιβ¹.
726 4963 798 4975 -ν
829 4954 847 4986 ι
881 4935 1034 5006 Φωνὴ
1066 4934 1268 5005 Κυρίου
1311 4937 1374 5004 τῇ
1421 4933 1574 4987 πόλει
1619 4933 1846 5005 ἐπικλη-

277 5027 510 5097 θήσεται,
557 5028 649 5080 καὶ
682 5026 844 5080 σώσει
888 5026 1254 5096 φοϐουμένους
1281 5025 1340 5078 τὸ
1377 5025 1549 5096 ὄνομα
1589 5023 1778 5078 αὑτοῦ.
1820 5045 1840 5077 ι

275 5122 340 5173 Εἰ
367 5122 469 5192 γὰρ
490 5121 556 5191 δὴ
596 5118 798 5183 ταῦτα,
831 5120 963 5190 φησι
983 5160 998 5181 ,
1028 5120 1260 5189 ποιοίης,
1288 5119 1438 5188 φωνή
1468 5135 1550 5181 τις
1580 5118 1716 5170 Θεοῦ
1744 5134 1846 5186 φα-

271 5215 488 5280 νήσεται
515 5216 546 5284 ἡ
589 5215 740 5276 πόλις
765 5212 833 5266 τὰ
869 5211 1128 5265 δοκοῦντα
1153 5211 1300 5282 αὐτῷ
1326 5205 1574 5273 ποιοῦσα,
1607 5209 1753 5280 ἔργῳ
1778 5225 1839 5261 τε

271 5306 368 5356 τὴν
391 5306 542 5375 νόμον
568 5305 916 5358 ὲπιδεικνῦσα
937 5305 1028 5357 τὸν
1058 5304 1217 5368 θεῖον,
1241 5306 1379 5359 ὥστε
1407 5305 1500 5358 καὶ
1517 5303 1612 5355 ἐπὶ
1639 5301 1839 5362 παντὸς

275 5395 511 5448 κινδύνου
553 5398 650 5465 τῆς
694 5395 842 5459 θείας
891 5394 1240 5465 ἀξιουμένους
1267 5393 1594 5463 κηδεμονίας
1621 5393 1750 5454 τοὺς
1783 5392 1842 5443 ἐν

275 5487 413 5558 αὐτῇ
436 5488 800 5550 καθεστῶτας,
824 5487 1047 5557 μηδενὸς
1069 5485 1312 5555 λυπηροῦ
1337 5484 1584 5555 δέχεσθαι
1609 5486 1804 5553 πεῖραν
1825 5500 1840 5516 ·

277 5574 394 5631 εἶτα
415 5578 809 5648 παραινετικῶς
831 5577 990 5630 πάλιν
1011 5580 1038 5630 ὁ
1059 5578 1344 5647 προφήτης
1373 5575 1560 5646 τρέπει
1585 5574 1721 5644 πρὸς
1744 5573 1842 5624 αύ-

275 5673 398 5734 coit;
419 5671 693 5739 τὸνλόγον·
718 5688 736 5720 ι
753 5671 967 5732 Ἀκουε,
991 5669 1151 5739 φυλὴ.
1177 5669 1258 5732 τίς
1276 5669 1537 5738 κοσμήσει
1556 5666 1738 5728 πόλιν;
1765 5664 1839 5735 μὴ

282 5762 392 5832 πίρ
407 5763 496 5814 καί
523 5757 668 5824 οἶκος
690 5761 888 5830 ἀνόμου
920 5760 1257 5831 θησαυρίζων
1280 5759 1583 5831 θησαυροὺς
1606 5757 1700 5812 ἀνό
1709 5773 1842 5829 μους

375 5857 416 5886 ⁸⁸
445 5856 633 5910 Matth.
662 5873 760 5924 xit,
790 5860 877 5913 δῖ.

821 4845 993 4898 ταῦτα
1020 4845 1084 4916 δὴ
1117 4844 1337 4915 μέτιθι,
1366 4845 1533 4916 φησὶ,
1578 4845 1944 4917 προτιμότερα
1969 4845 2166 4899 θυσιῶν
2194 4846 2322 4898 ὄντα
2351 4845 2486 4916 Θεῷ.

2027 4933 2188 4989 Vsus.
2221 4934 2374 4990 9-12.
2404 4963 2474 4975 —
2502 4953 2522 4986 ι
2571 4933 2929 4990 Vox-Domini
2981 4936 3190 4992 civitati
3242 4937 3518 4989 acclama-

1947 5025 2117 5090 bitur,
2149 5025 2490 5094 salvabitque
2545 5025 2798 5082 timentes
2825 5043 3025 5082 nomen
3078 5027 3218 5094 ejus.
3260 5025 3440 5079 rliaec
3469 5027 3516 5098 si

1947 5116 2157 5180 fecerit,
2227 5131 2332 5170 vox
2384 5115 2632 5185 quaedam
2677 5116 2770 5172 Dei
2803 5133 2925 5172 esse
2977 5116 3248 5170 videbitur
3293 5117 3516 5178 civitas.

1945 5210 2281 5279 beneplacita
2327 5208 2448 5279 ejus
2502 5209 2728 5277 faciens;
2769 5217 2822 5264 et
2864 5223 3026 5278 Opere
3059 5208 3297 5262 divinam
3339 5209 3512 5277 legem

1941 5305 2360 5359 demonstrans:
2395 5319 2506 5374 quo
2537 5306 2628 5359 fiet
2677 5315 2736 5358 ut
2782 5305 2834 5358 in
2863 5305 3055 5372 quovis
3093 5303 3336 5373 periculo
3367 5305 3516 5359 cives

1939 5395 2060 5465 ejus
2093 5394 2276 5448 divina
2311 5397 2478 5450 tutela
2529 5395 2778 5466 protecti,
2832 5393 3034 5447 nullam
3084 5395 3389 5448 molestiam
3424 5408 3516 5446 ca-

1938 5489 2114 5558 piant.
2147 5487 2282 5540 Exin
2316 5487 2676 5546 adhortando,
2713 5501 2905 5540 rursus
2934 5485 3097 5540 verba
3151 5485 3217 5540 ad
3252 5485 3512 5555 populum

1938 5575 2208 5628 convertit
2252 5575 2536 5642 propheta.
2574 5592 2592 5626 t
2639 5574 2799 5639 Autli,
2836 5591 2869 5629 ο
2905 5575 3082 5630 tribus
3115 5593 3128 5630 :
3180 5586 3233 5629 et
3262 5574 3386 5643 quis
3416 5589 3511 5627 or-

1939 5664 2090 5719 nabit
2123 5664 2750 5733 civitatem?Numignis
2783 5673 2838 5721 et
2860 5666 3055 5720 domus
3087 5663 3256 5735 iniqui
3288 5665 3512 5719 thesau-

1947 5758 2130 5813 rizans
2161 5756 2444 5812 thesauros
2469 5755 2708 5827 iniquos,
2733 5764 2785 5811 ct
2811 5755 3458 5845 contutnelite‘injurias?
3480 5777 3501 5811 ι
