4054 6238
540 343 644 399 537

1732 331 2081 388 TIILODORI
2112 330 2590 388 MOPSUESTENI

3670 332 3779 391 388

544 457 734 527 Neque
772 456 915 526 ignis
954 468 1150 510 ornare
1195 453 1384 507 urbem
1411 450 1574 515 valet,
1598 464 1759 518 quam
1786 449 1966 518 potius
2023 446 2118 498 dv-

2223 450 2315 501 καὶ
2360 448 2496 519 μετά
2547 448 2754 520 ῦῦρεως
2785 449 3030 512 άδικίας;
3071 468 3089 500 ι
3123 449 3260 503 Οῦτε
3294 449 3403 521 γὰρ
3440 448 3551 522 πῦρ
3581 442 3693 503 οἷόν
3719 466 3781 504 τε

538 544 734 603 struit:
760 562 935 616 neque
967 546 1167 616 impius
1194 544 1275 598 vir
1297 545 1467 597 multo
1494 558 1618 595 cum
1655 542 1836 594 studio
1859 555 2110 610 peccans;

546 640 941 695 contumeliose
970 638 1226 707 etinique
1271 636 1483 699 vivens,
1529 634 1719 687 vitabit
1753 632 2111 702 punitionem.

544 726 1067 784 Pessumdantenim
1096 766 1110 789 ,
1149 724 1291 778 haud
1318 740 1476 778 secus
1496 739 1656 788 quam
1688 722 2113 791 ignis,homines

549 818 860 888 huiusmodi
894 817 1191 872 civitatem.
1214 834 1232 868 ι
1268 814 1405 869 Num
1420 813 1809 883 justiﬁcabitur
1833 814 1887 866 in
1911 820 2113 867 statera

549 911 806 979 iniustus,
838 917 891 963 et
921 912 976 963 in
1020 908 1255 963 saccello
1298 907 1541 975 pondera
1563 904 1792 959 dolosa?
1817 904 1883 957 de
1915 903 2113 971 quibus

547 1001 765 1055 divitias
806 1015 935 1055 suas
980 999 1272 1067 impietatis
1304 997 1687 1066 impleverunt.
1715 1001 1777 1070 tet
1808 993 2114 1047 habitantes

551 1093 603 1146 in
624 1108 687 1147 ea
720 1092 1080 1161 loquebantur
1114 1088 1422 1151 mendacia,
1455 1098 1509 1141 et
1538 1087 1719 1155 lingua
1749 1099 1936 1140 eorum
1959 1083 2114 1137 exal-

549 1191 660 1236 tata
685 1190 770 1237 est
818 1182 871 1234 in
907 1197 1003 1235 ore
1044 1179 1326 1251 ipsorum?
1364 1197 1383 1230 »
1421 1178 1573 1231 Sicut
1603 1177 1745 1231 enim
1783 1176 1836 1229 in
1865 1175 2115 1228 anomala

482 1329 485 1332 ε
548 1283 604 1328 et
635 1274 884 1341 inaequali
906 1281 1107 1327 statera
1136 1272 1345 1341 justum
1368 1269 1516 1323 cerni
1546 1269 1755 1336 nequit,
1777 1281 1953 1335 neque
1978 1281 2116 1335 pon-

548 1367 678 1420 dera
730 1366 1077 1419 fraudulenta
1118 1373 1172 1417 et
1218 1364 1404 1416 vitiata
1434 1360 1735 1429 recipizita
1777 1372 1877 1412 nec
1923 1358 1997 1410 illi
2023 1357 2115 1426 qui

547 1475 678 1529 opes
699 1474 827 1515 suas
851 1475 917 1512 ex
954 1456 1335 1527 iniquitatibus
1363 1460 1563 1523 augent
1588 1450 1691 1504 frui
1723 1449 1808 1505 his
1838 1457 2112 1518 poterunt.

548 1548 692 1602 Nam
762 1551 853 1605 isti
897 1563 1088 1603 omnes
1122 1545 1364 1599 civitatis
1408 1544 1618 1604 incolae,
1647 1556 1770 1594 cum
1795 1540 2007 1593 fallacia
2038 1539 2117 1592 vi-

547 1647 755 1702 ventes,
779 1638 937 1707 203
983 1645 1036 1690 et
1071 1633 1306 1704 superba
1340 1641 1554 1686 utentes
1577 1638 1774 1695 mente,
1807 1630 2117 1697 nullamque

552 1730 644 1784 llei
672 1730 937 1783 rationem
972 1728 1255 1792 habentes,
1301 1723 1614 1780 necessario
1647 1723 1885 1777 divinam
1915 1722 2117 1775 vindic-

548 1829 656 1873 tam
686 1819 1059 1889 experientur.

2214 543 2484 611 κοσμῆσαι
2532 541 2716 594 πόλιν·
2763 542 3069 595 τούναντίον
3121 543 3227 613 γὰρ
3277 543 3449 611 αὐτὴν
3490 540 3777 610 ἀφανίζειο

2212 630 2333 684 οὔτε
2363 632 2470 702 γὰρ
2502 633 2813 703 παράνομος
2839 632 2974 704 ἀνὴρ
3009 634 3102 686 καὶ
3142 634 3277 704 μετά
3309 633 3509 704 πολλῆς
3534 634 3636 703 τῆς
3663 636 3782 687 ἐπι-

2217 722 2430 791 μελείας
2449 723 2545 793 τὴν
2571 723 2911 794 παρανομίαν
2941 724 3325 795 ἐργαζόμενος,
3357 727 3451 778 καὶ⁸
3482 726 3651 797 πολλῇ
3685 726 3780 795 μὲν

2215 812 2389 881 ῦὸρει,
2414 814 2654 884 πολλῇδέ
2680 815 2860 886 ἀδικίᾳ
2882 814 3077 880 συζῶν,
3098 817 3346 887 κερδανεῖ
3359 817 3455 887 τὴν
3475 818 3746 886 τιμωρίαν
3764 835 3778 847 ο

2213 904 2495 970 ἀφανιοῦσι
2536 905 2643 975 γὰρ
2665 906 2761 975 οὐχ
2783 902 2944 976 ἦττον
2980 906 3148 976 πυρὸς
3171 908 3220 959 οί
3243 906 3469 959 τοιοῦτοι
3500 907 3597 977 τὴν
3624 908 3778 960 πόλιν

2213 993 2505 1057 οἰκοῦντες.
2543 1015 2560 1046 ι
2592 997 2653 1048 Εἰ
2678 996 3093 1068 δικαιωθήσεται
3130 1000 3185 1051 ἐν
3218 998 3516 1069 μαρσίππῳ
3544 999 3783 1068 στάθμια

2214 1086 2393 1151 δόλου;
2420 1087 2477 1151 ἐξ
2498 1081 2572 1141 ὧν
2597 1089 2688 1143 τὸν
2720 1089 2945 1142 πλοῦτον
2975 1089 3152 1142 αὐτῶν
3173 1091 3427 1152 ἀσεϐείας
3456 1089 3781 1161 ἐνέπλησαν,

2215 1179 2308 1229 καὶ
2338 1178 2665 1246 ἐνοικοῦντες
2696 1180 2861 1251 αὐτὴν
2903 1180 3123 1234 ἐλάλουν
3156 1180 3344 1251 ψευδῆ,
3371 1182 3463 1234 καὶ
3491 1182 3523 1251 ή
3561 1182 3785 1249 γλῶσσα

2215 1267 2390 1320 αὐτῶν
2415 1269 2603 1341 ὑψώθη
2642 1272 2698 1324 ἐν
2743 1271 2820 1341 τῷ
2849 1272 3074 1342 στόματι
3103 1273 3316 1337 αὑτῶν;
3351 1295 3369 1325 ι
3408 1276 3495 1338 Ὠς
3538 1275 3648 1345 γάρ
3685 1277 3785 1347 οὐχ

2216 1354 2325 1413 οἷόν
2352 1378 2413 1413 τε
2453 1363 2510 1413 ἐν
2548 1363 2816 1433 ἀνωμάλῳ
2841 1380 2899 1416 τε
2939 1365 3030 1417 καὶ
3072 1365 3240 1433 ἀνίσῳ
3280 1363 3429 1435 ζυγῷ
3462 1366 3693 1435 φανῆναι
3724 1366 3785 1418 τὸ

2213 1451 2445 1515 δίκαιον,
2476 1453 2509 1523 ἢ
2532 1454 2765 1523 στάθμια
2800 1455 3132 1524 δεδολωμένα
3156 1459 3247 1509 καὶ
3269 1456 3673 1527 διεστραμμένα
3696 1456 3787 1509 εὑ-

2217 1544 2531 1614 παράδεκτα
2572 1546 2850 1613 γενέσθαι,
2907 1554 2991 1617 (p.
3033 1548 3171 1617 310)
3216 1547 3388 1611 οὕτως
3434 1548 3540 1600 οὐδ’
3588 1548 3641 1601 οἰ
3692 1549 3788 1601 τὸν

2217 1635 2445 1689 πλοῦτον
2488 1637 2577 1690 τὸν
2622 1639 2817 1691 οἰκεῖον
2853 1641 2917 1691 ἐκ
2958 1640 3312 1710 παρανομιῶν
3357 1639 3610 1704 αὔξοντες
3643 1641 3787 1692 ἀπο-

2215 1724 2408 1779 λαῦσαι
2451 1727 2765 1799 δυνήσονται
2805 1730 2914 1783 τῶν
2957 1731 3294 1801 προσόντων·
3343 1734 3539 1795 πάντες
3585 1732 3694 1802 γὰρ
3734 1734 3786 1785 οἰ

2142 1800 2184 1853 Β
2211 1817 2437 1872 τοιοῦτοι
2496 1821 2651 1874 πόλιν
2712 1822 3004 1890 οἰκοῦντες,
3054 1822 3237 1891 ψεύδει
3279 1841 3337 1877 τε
3378 1824 3643 1889 συζῶντες
3688 1824 3790 1878 καὶ

548 1915 878 1984 ὑπερηφάνῳ
920 1909 1243 1982 κεχρημένοι
1265 1908 1492 1979 διανοίᾳ,
1527 1909 1602 1971 ὡς
1643 1907 1846 1979 μηδένα
1874 1906 1975 1977 τῆς
1996 1906 2088 1958 ἐπὶ
2106 1906 2314 1973 τούτοις
2368 1913 2637 1983 τιμωρίας
2683 1913 2777 1967 τοῦ
2824 1914 2958 1968 Θεοῦ
3003 1916 3271 1969 ποιεῖσθαι
3294 1916 3468 1986 λόγον,
3516 1916 3577 1982 ἐξ
3614 1919 3788 1987 ἀνάγ-

548 2025 650 2078 κης
676 2005 778 2057 ὑπὸ
801 2004 897 2073 τὴν
925 2003 1194 2073 τιμωρίαν
1226 2004 1544 2073 γενήσονται
1566 2001 1664 2072 τὴν
1693 1999 1860 2053 θείαν.

621 2096 787 2152 Vens.
828 2096 1014 2148 lli-{6.
1055 2124 1122 2133 --
1166 2112 1184 2143 ι
1214 2092 1279 2145 Et
1310 2108 1407 2162 ego
1438 2092 1689 2160 incipiam
1719 2098 1770 2145 tc
1795 2098 2108 2159 percutere:

549 2190 743 2245 delebo
772 2204 867 2243 vos
901 2188 952 2241 in
989 2186 1223 2256 peccatis
1258 2184 1475 2239 vestris.
1504 2202 1522 2233 ι
1551 2182 1653 2247 Qui
1685 2183 1757 2236 ita
1787 2181 1990 2241 vivitis,
2015 2194 2113 2248 ego

550 2281 909 2351 castigatione
926 2292 1044 2331 mea
1072 2277 1382 2346 percutiens
1406 2290 1649 2345 congruo
1661 2274 1897 2343 peccatis
1918 2273 2113 2326 vestris

550 2372 713 2427 modo
756 2385 946 2424 omnes
996 2367 1380 2437 pessumdabo.
1425 2386 1443 2417 ι
1472 2366 1553 2419 Tu
1590 2365 1863 2427 comedes,
1924 2374 2114 2418 etnon

550 2462 905 2518 saturaberis.
933 2479 951 2512 ι
990 2458 1148 2512 Brevi
1182 2458 1326 2512 enim
1369 2466 1552 2527 partas
1595 2472 1727 2525 opes
1769 2466 2008 2525 tempore
2036 2463 2115 2507 te-

550 2569 709 2617 nens,
776 2551 920 2606 haud
950 2565 1123 2620 usque
1170 2550 1225 2603 in
1274 2552 1432 2602 linem
1480 2549 1547 2603 iis
1577 2547 1796 2610 frueris.
1841 2546 1969 2617 quia
2021 2546 2118 2601 tibi

552 2660 725 2716 [mea
753 2660 919 2699 causa
951 2642 1277 2713 cripientur.
1343 2659 1362 2691 ι
1392 2639 1659 2711 Fientque
1716 2639 1813 2694 tibi
1864 2639 2118 2702 tenebrae,

550 2746 605 2790 et
637 2736 963 2797 declinabis.
1007 2744 1061 2788 et
1108 2747 1217 2786 non
1262 2731 1588 2785 salvaberis.
1619 2750 1636 2782 ›
1664 2731 1910 2801 Caligine
1954 2730 2121 2784 veluti

551 2828 804 2883 obrueris
845 2827 1054 2882 ultione
1081 2841 1221 2891 mea,
1260 2825 1418 2894 cujus
1444 2824 1554 2878 vim
1586 2823 1864 2877 declinare
1906 2823 2116 2887 volens,

552 2934 659 2973 non
688 2920 914 2989 poteris.
956 2936 975 2969 ι
1003 2917 1067 2971 Ει
1089 2917 1405 2987 quicunque
1425 2915 1620 2971 salvati
1660 2914 1887 2978 fuerint,
1934 2914 2114 2983 gladio

553 3010 861 3064 tradentur.
894 3028 914 3061 ι
946 3008 1172 3063 Etiamsi
1195 3007 1346 3061 brevi
1376 3006 1609 3059 fortasse
1624 3014 1865 3074 tempore
1884 3004 2115 3058 evadere

508 3142 511 3147 .
554 3098 788 3155 videaris
832 3101 1070 3155 hostium
1114 3099 1403 3160 ultionem,
1465 3103 1705 3149 attamen
1758 3095 1981 3149 omnino
2022 3110 2115 3149 ea-

555 3192 741 3261 pieris.
782 3209 802 3243 ι
827 3190 906 3244 Tu
940 3206 1092 3246 seres
1122 3190 1317 3253 oleam,
1365 3196 1419 3243 et
1445 3188 1566 3243 oleo
1600 3203 1709 3240 non
1743 3188 1998 3257 ungeris;
2036 3188 2119 3241 vi-

555 3299 684 3336 num
715 3282 928 3336 cultura
958 3281 1197 3351 parabis.
1238 3287 1293 3335 et
1337 3295 1446 3334 non
1486 3278 1639 3333 bibes
1681 3279 1890 3332 vinum.
1927 3296 1946 3328 ι
1984 3276 2117 3332 Belli

556 3374 722 3443 stragi
748 3374 1134 3437 succumbens,
1191 3387 1259 3426 ne
1293 3371 1576 3426 laboribus
1620 3370 1839 3439 quidem
1880 3371 2011 3431 tuis.
2061 3379 2119 3423 ut

554 3480 655 3535 par
680 3473 784 3529 est,
832 3465 1060 3529 frueris;
1103 3479 1243 3533 quos
1283 3477 1475 3518 omnes
1508 3464 1577 3517 ab
1625 3463 1879 3516 hostibus
1912 3462 2117 3515 vastari

554 3563 987 3610 consentaneum
1018 3564 1123 3609 est.
1154 3573 1173 3606 ι
1202 3553 1272 3607 Ει
1304 3554 1633 3609 delebuntur
1661 3554 1901 3623 legitima
1934 3553 2118 3622 populi

556 3646 685 3708 mei,
716 3654 770 3701 et
798 3648 979 3699 omnia
1006 3661 1170 3715 opera
1199 3645 1397 3699 domus
1423 3645 1688 3699 Achaabi.
1708 3644 1773 3696 Et
1796 3642 2120 3697 ambulastis

556 3735 611 3787 in
644 3735 1019 3789 voluntatibus
1065 3748 1279 3795 eorum,
1337 3740 1397 3785 ut
1420 3732 1609 3785 darem
1656 3740 1708 3785 te
1745 3730 1801 3784 in
1856 3729 2122 3799 perditio-

556 3842 703 3892 nem,
735 3834 788 3880 et
816 3842 1006 3880 omnes
1030 3826 1337 3879 habitantes
1368 3826 1423 3877 in
1452 3838 1516 3878 ea
1550 3825 1604 3876 in
1631 3822 1875 3884 sibilum,
1936 3829 1990 3874 et
2023 3836 2121 3889 op-

557 3916 779 3985 probria
810 3917 990 3984 pepuli
1020 3917 1125 3970 mei
1155 3916 1444 3984 accipient.
1473 3934 1491 3965 »
1536 3915 1688 3968 Tunc
1719 3914 1902 3968 omnia
1939 3915 2125 3968 coleu-

514 4050 519 4051 κ
557 4008 751 4060 dorum
800 4007 1065 4059 idolorum
1103 4007 1343 4075 legitima
1395 4022 1515 4074 qua:
1555 4006 1954 4071 observabatis,
1998 4007 2125 4059 imi-

556 4104 739 4151 tantes
777 4096 1021 4150 Achaahi
1046 4104 1101 4149 et
1125 4097 1415 4165 aequalium
1469 4096 1549 4150 illi
1596 4112 1782 4166 regum
1830 4097 2123 4166 exempla;

556 4195 881 4242 coacervata
911 4186 1287 4250 destruentur,
1343 4195 1397 4241 et
1428 4202 1522 4240 vos
1552 4202 1675 4240 cum
1701 4187 1808 4242 illis
1847 4206 1860 4241 :
1896 4204 2006 4257 quo
2039 4190 2127 4242 fiet

560 4287 619 4333 ut
653 4281 828 4335 exteri
867 4295 1061 4334 omnes
1095 4288 1336 4334 vestrum
1385 4280 1611 4335 exitium
1645 4287 1954 4348 spectantes
1984 4282 2129 4336 exsi-

2280 2089 2430 2159 Στίχ.
2468 2097 2656 2157 ιγ’-ις’.
2682 2122 2754 2135 -
2779 2112 2797 2143 r
2831 2093 2941 2145 Καὶ
2987 2091 3096 2160 ἐγὼ
3142 2092 3374 2163 ἄρξομαι
3411 2093 3503 2147 τοῦ
3552 2091 3789 2158 πατάξαι

2218 2195 2278 2231 σε
2298 2217 2313 2241 ,
2334 2179 2544 2249 ἀφανιῶ
2570 2183 2712 2251 ὑμᾶς
2736 2183 2792 2234 ἐν
2817 2185 2938 2245 ταῖς
2966 2182 3255 2253 ἁμαρτίαις
3298 2184 3493 2238 αὐτῶν.
3509 2202 3527 2234 ι
3548 2182 3791 2237 Τοιαῦτα

2218 2269 2322 2341 γὰρ
2351 2272 2635 2335 ποιοῦντας
2665 2276 2730 2343 τῇ
2763 2274 3003 2345 τιμωρίᾳ
3032 2273 3237 2344 πλήξας
3283 2276 3349 2345 τῇ
3382 2277 3509 2344 ἐμῇ,
3538 2275 3788 2337 ἃπαντας

2223 2362 2364 2430 ὑμᾶς
2381 2362 2638 2431 ἀνάλογον
2661 2368 2777 2427 ταῖς
2799 2366 3094 2436 ἁμαρτίαις
3115 2365 3299 2419 ἀπολῶ
3324 2369 3442 2429 ταῖς
3468 2366 3787 2437 ὑμετέραις.

2226 2472 2245 2504 ι
2278 2453 2349 2507 Σὺ
2384 2454 2618 2522 φάγεσαι
2642 2455 2752 2524 (42)
2773 2458 2865 2509 καὶ
2895 2457 2955 2509 οὑ
2983 2459 3055 2527 μὴ
3085 2458 3453 2527 ὲμπλησθῇς.»
3475 2458 3587 2509 Ἐπ’
3606 2457 3791 2524 ὀλίγον

2218 2544 2325 2616 γὰρ
2356 2545 2465 2599 τῶν
2517 2547 2825 2617 προσόντων
2857 2548 3163 2619 μετασχὼν,
3206 2550 3303 2602 οὐκ
3340 2554 3425 2612 εἰς
3449 2550 3598 2611 τέλος
3643 2548 3793 2613 ἕξεις

2216 2638 2395 2691 αὐτῶν
2427 2639 2525 2709 τὴν
2559 2640 2874 2702 ἀπόλαυσιν,
2902 2640 3298 2711 ἀφαιρούμενος
3352 2640 3529 2694 αὐτῶν
3566 2640 3654 2694 διά
3684 2641 3793 2712 τῆς

2216 2730 2501 2800 τιμωρίας.
2547 2749 2567 2781 ι
2608 2732 2717 2783 Καὶ
2755 2732 3072 2783 συσκοτάσει
3116 2733 3173 2783 ἐν
3206 2731 3324 2783 σοίο
3352 2729 3445 2783 καὶ
3488 2729 3790 2794 ἐκνεύσεις,

2219 2822 2313 2875 καὶ
2345 2823 2404 2875 οὐ
2438 2825 2512 2892 μὴ
2564 2821 2851 2892 διασωθῇς.
2879 2842 2897 2874 ι
2937 2823 3023 2886 Ὠς
3063 2823 3238 2892 σκότῳ
3270 2822 3380 2892 γὰρ
3413 2821 3792 2892 πριὸληθήσῃ

2219 2914 2285 2983 τῇ
2313 2912 2441 2983 παρ’
2460 2912 2593 2982 ἐμοῦ
2624 2913 2862 2984 τιμωρίᾳ
2886 2929 2902 2943 ο
2922 2915 3013 2966 καὶ
3040 2913 3358 2982 βουλόμενος
3391 2911 3655 2964 ἐκκλίνειν
3675 2911 3795 2964 τῶν

2221 3004 2404 3056 κακῶν
2432 3003 2530 3074 τὴν
2583 3006 2799 3075 πεῖραν,
2827 3005 3076 3074 οὐδαμῶς
3112 3005 3333 3076 δυνήσῃ.
3365 3022 3382 3053 ι
3432 3004 3536 3056 Καὶ
3566 3004 3677 3056 ὅσοι
3720 3002 3796 3056 ἂν

2217 3093 2552 3147 διασωθῶσιν
2578 3137 2591 3159 ,
2620 3097 2700 3158 είς
2748 3096 3022 3165 ῥομφαίαν
3082 3095 3560 3165 παραδοθήσονται.
3600 3118 3619 3144 ο
3663 3093 3795 3147 Κᾶν

2218 3186 2326 3255 γὰρ
2357 3185 2494 3256 πρὸς
2524 3185 2696 3256 βραχύ
2737 3203 2853 3247 πως
2870 3187 3179 3255 διαφεύγειν
3209 3186 3365 3258 δόξῃς
3398 3188 3463 3256 τῇ
3493 3183 3601 3237 τῶν
3629 3184 3797 3236 πολε-

2224 3278 2360 3347 μίων
2395 3278 2651 3348 τιμωρία,
2704 3278 3094 3351 καταληφθήσῃ
3129 3280 3361 3341 πάντως.
3402 3299 3422 3330 ι
3461 3279 3531 3331 Σὺ
3566 3281 3797 3349 σπερεῖς

2220 3368 2425 3431 ἐλαίαν,
2452 3370 2545 3421 καί⁵
2562 3370 2622 3420 ού
2653 3369 2725 3439 μὴ
2758 3368 2951 3443 ἀλείφῃ
2977 3370 3153 3423 ἔλαιον
3183 3389 3197 3402 ο
3223 3372 3318 3424 καὶ
3349 3374 3588 3442 ποιήσεις
3621 3366 3794 3432 οἶνον,

2222 3463 2314 3514 καὶ
2340 3463 2399 3513 ού
2433 3460 2507 3531 μή
2542 3462 2672 3531 πίῃς
2720 3458 2878 3514 οἶνον.
2915 3482 2933 3512 ›
2982 3460 3297 3514 ’Υποπεσὼν
3340 3462 3471 3528 γοῦν
3507 3464 3572 3531 τῇ
3602 3465 3797 3533 σιραγῇ

2221 3552 2314 3604 τοῦ
2342 3552 2602 3621 πολέμου,
2633 3552 2751 3605 οὐδὲ
2795 3553 2903 3606 τῶν
2947 3552 3122 3605 πόνων
3151 3552 3497 3616 ἀπολαύσεις,
3522 3554 3598 3615 ὡς
3619 3553 3797 3618 εἰκὸς,

2221 3644 2328 3695 τῶν
2375 3645 2610 3708 οἰκείων,
2638 3647 2713 3713 (p.
2763 3643 2888 3710 5H)
2930 3643 3116 3714 ἐπειδὴ
3169 3644 3376 3706 πάντας
3426 3644 3621 3705 αὐτοὺς
3650 3645 3799 3713 ἀίξαι

2223 3736 2445 3800 νιοῦσιν,
2469 3737 2543 3799 ὡς
2563 3737 2730 3798 εἰκὸς,
2759 3737 2806 3789 οἰ
2829 3737 3095 3806 πολέμιοι·
3122 3736 3277 3789 τοῦτο
3308 3737 3415 3805 γάρ
3445 3734 3691 3804 βούλεται
3726 3735 3799 3788 δι’

2223 3828 2344 3880 ὅλου
2386 3828 2584 3895 λέγειν.
2619 3847 2636 3877 ι
2674 3829 2781 3881 Καὶ
2807 3828 3232 3898 ἀφανισθήσεται
3266 3829 3473 3898 νόμιμα
3500 3827 3629 3880 λαοῦ
3665 3844 3799 3898 μου,

2226 3915 2319 3966 καὶ
2362 3915 2538 3967 πάντα
2580 3915 2717 3983 ἔργα
2756 3915 2903 3977 οἴκου
2956 3915 3155 3984 Ἀχαάσ
3188 3932 3201 3945 ·
3235 3918 3330 3969 καὶ
3360 3915 3690 3987 ἐπορεύθητε
3741 3917 3804 3968 ἐν

2224 4009 2345 4069 ταῖς
2367 4006 2581 4077 βουλαῖς
2607 4006 2805 4072 αὐτῶν,
2847 4009 2993 4071 ὅπως
3021 4008 3243 4079 παραδῶ
3274 4026 3331 4061 σε
3359 4012 3437 4072 εἰς
3465 4009 3802 4077 ἀφανισμὸν.

2227 4098 2459 4159 καὶτοὺς
2484 4097 2870 4159 κατοικοῦντας
2892 4098 3060 4167 αὐτὴν
3081 4098 3159 4159 εἰς
3187 4099 3471 4168 συριγμὸν,
3496 4099 3589 4152 καὶ
3615 4099 3806 4169 ὀνείδη

2228 4187 2357 4240 λαοῦ
2417 4206 2517 4257 μου
2560 4188 2837 4259 λήψονται.
2887 4209 2905 4239 ι
2944 4190 3077 4241 Τότε
3111 4189 3240 4256 γοῦν
3274 4191 3486 4244 ἅπαντα
3524 4190 3559 4244 ἃ
3597 4193 3692 4244 ἐπὶ
3730 4194 3807 4261 τῇ

2229 4281 2338 4333 τῶν
2370 4280 2603 4334 εἰδώλων
2643 4281 2909 4353 θρησκείᾳ
2960 4283 3167 4353 νόμιμα
3218 4282 3563 4351 ἐφυλάττετε,
3593 4285 3809 4353 μιμού-

560 4372 749 4435 bileut,
774 4382 827 4425 et
858 4371 1123 4425 mirentur
1161 4379 1368 4423 tantam
1399 4377 1596 4425 vestra:
1635 4370 1868 4424 fortuna:
1892 4386 2118 4425 conver-

2234 4373 2470 4445 μενοιτά
2502 4374 2653 4444 παρά
2700 4391 2759 4425 τε
2793 4374 2887 4426 τοῦ
2926 4375 3130 4444 Ἀχαάϐ
3158 4376 3253 4427 καὶ
3280 4375 3389 4428 τῶν
3437 4376 3558 4429 κατ’
3590 4377 3812 4431 ἐκεῖνον

560 4462 791 4525 sionem,
846 4462 1111 4530 vobisque
1178 4462 1515 4531 exprobrent
1577 4463 1725 4530 quod
1776 4472 2125 4531 peccatorum

563 4561 864 4607 vestrorum
896 4571 1063 4609 causa
1098 4556 1212 4608 haec
1249 4554 1521 4623 patimini.
1577 4555 1755 4624 Atque
1783 4556 1858 4609 ita
1905 4564 2127 4610 eventu-

563 4657 679 4695 ram
723 4642 834 4697 illis
885 4644 1149 4698 ultionem
1197 4644 1456 4709 minatus,
1496 4645 1622 4699 exin
1668 4662 1820 4701 more
1850 4663 1950 4703 suo
1995 4649 2130 4703 dicit

563 4746 759 4785 causas
812 4731 1123 4786 futurorum
1168 4743 1484 4798 eventuum,
1527 4737 1631 4790 sub
1673 4738 1898 4792 lamenti
1952 4738 2127 4809 figura

563 4823 933 4878 narrationem
990 4824 1287 4881 instituens
1338 4844 1353 4881 :
1398 4826 1626 4882 decebat
1672 4828 1817 4883 enim
1884 4832 2129 4900 apprime

562 4916 877 4986 prophetam
917 4917 1019 4971 sub
1053 4917 1215 4988 205.
1242 4920 1538 4987 gemituum
1584 4919 1780 4989 forma,
1837 4923 2131 4976 condolen-

564 5017 670 5061 tem
724 5008 986 5062 nimirum
1043 5009 1397 5077 patientibus,
1450 5021 1719 5068 eteorum
1757 5014 1859 5069 sibi
1906 5026 2132 5086 peccata

2235 4464 2514 4536 βασιλέων,
2549 4464 3004 4534 ἐπεισυναχθέντα
3051 4466 3179 4536 ὑμῖν
3225 4468 3656 4539 ἀφανισθήσεται
3702 4472 3815 4524 σὺν

2232 4558 2361 4625 ὑμῖν
2380 4573 2394 4587 ο
2432 4555 2571 4608 ὥστε
2597 4556 2843 4617 ἃπαντας
2867 4557 2992 4618 τοὺς
3026 4555 3223 4622 ἔξωθεν
3254 4557 3493 4628 ὁρῶντας
3520 4559 3676 4628 ὑμῶν
3704 4560 3816 4632 τὴν

2232 4647 2508 4700 ἀπώλειαν
2533 4645 2787 4717 συριγμῷ
2816 4645 3115 4717 κεχρῆσθαι
3154 4647 3530 4717 θαυμάζοντας
3559 4651 3661 4720 τὴν
3678 4668 3817 4705 τοσ-

2234 4738 2403 4807 αύτην
2438 4737 2591 4807 ὑμῶν
2634 4737 2727 4789 ἐπὶ
2773 4736 2834 4789 τὸ
2874 4740 3050 4809 χεῖρον
3081 4740 3402 4810 μεταϐολὴν,
3442 4741 3723 4804 ὀνειδίζειν
3754 4761 3819 4795 τε

2235 4831 2363 4900 ὑμῖν
2384 4828 2467 4898 ἐφ’
2494 4823 2574 4891 οἷς
2616 4828 2756 4899 ὑπὲρ
2815 4829 2915 4899 τῆς
2967 4832 3308 4901 παρανομίας
3354 4833 3663 4886 πεπόνθατε
3710 4836 3824 4903 τῆς

2232 4924 2437 4984 οἰκείας
2472 4938 2486 4952 ’
2515 4924 2573 4974 ἐν
2608 4923 2673 4993 δὴ
2726 4921 2932 4986 τούτοις
2984 4925 3082 4993 τῆς
3123 4925 3575 4997 ἐπαχθησομένης
3625 4929 3823 4992 αὐτοῖς

2232 5014 2503 5085 τιμωρίας
2531 5013 2627 5084 τὴν
2665 5013 2892 5085 ἀπειλὴν
2924 5014 3179 5086 εἰρηκὼς,
3208 5017 3334 5086 ἐξῆς
3357 5018 3541 5079 πάλιν,
3578 5019 3726 5072 κατά
3758 5021 3829 5073 τὸ

564 5108 888 5156 sumentem.
918 5100 1059 5166 Quid
1100 5116 1229 5171 ergo
1260 5102 1369 5155 ait?

2236 5107 2616 5175 εἰωθὸς,λέγει
2663 5106 2762 5169 τὰς
2812 5106 2987 5170 αἰτίας
3013 5106 3120 5160 τῶν
3149 5108 3448 5175 ἐπάγεσθαι
3506 5111 3830 5180 μελλόντων

565 5194 764 5256 αὐτοῖς,
783 5194 841 5247 ἐν
867 5198 1102 5264 σχήματι
1125 5194 1320 5265 θρήνου
1342 5195 1438 5266 τὴν
1464 5198 1735 5270 ἀφήγησιν
1766 5202 1942 5256 αὐτῶν
1965 5205 2284 5276 ποιούμενος
2308 5222 2320 5235 ·
2352 5205 2473 5258 ἐπεὶ
2505 5203 2597 5255 καὶ
2635 5203 2837 5274 σφόδρα
2874 5204 3143 5274 ἥρμοττεν
3170 5205 3245 5275 τῷ
3278 5209 3524 5277 προφήτῃ
3558 5207 3834 5276 ἀλγοῦντι

575 5304 622 5338 τε
649 5287 732 5353 ἐφ’
759 5280 838 5348 οἷς
867 5287 1151 5356 πάσχουσι,
1179 5289 1275 5341 καὶ
1303 5289 1372 5343 τά
1399 5289 1841 5361 πλημμελήματα
1870 5296 2050 5348 αὐτῶν
2073 5297 2423 5367 οἰκειουμένῳ
2453 5296 2560 5348 τῶν
2601 5295 2847 5366 ὀδυρμῶν
2877 5300 2938 5349 τὸ
2976 5297 3177 5367 σχῆμα.
3215 5297 3279 5349 Τί
3315 5295 3406 5353 οὖν
3446 5318 3643 5369 φησινς

1195 5377 1346 5431 CAP.
1391 5379 1500 5431 VII.
2893 5387 3047 5431 ΚΕΦ-
3092 5390 3161 5431 Ζν,

1242 5378 1346 5432 AP.
1391 5379 1500 5436 VII.

2892 5387 3048 5440 ΚΕΦ.
3091 5390 3162 5440 Z'.

638 5466 800 5521 Vens.
851 5467 900 5520 l.
938 5497 1004 5508 —
1046 5487 1064 5519 ι
1091 5466 1184 5523 ναι
1225 5470 1389 5525 mihi!
1434 5473 1527 5543 qui
1565 5472 1740 5532 factus
1762 5493 1883 5533 sum
1927 5486 1986 5533 ut
2032 5481 2118 5550 qui

2306 5479 2453 5550 Στίχ.
2489 5485 2681 5535 α’.--‹
2717 5478 2910 5549 Οἵμοιί
2943 5481 3022 5533 ὅτι
3049 5479 3310 5552 ἐγενήθην
3330 5482 3404 5546 ὼς
3440 5484 3692 5552 συνάγων
3730 5503 3840 5542 κω.

644 5764 753 5837 (42)
795 5766 927 5824 Cod.
964 5768 1165 5836 φάγεσε
1192 5772 1261 5841 Ἀ(
