3992 6232
266 247 374 305 ssa
520 312 523 315 Α
1224 242 1764 301 COMMENTARIUS
1804 244 1871 300 1N
1908 243 2217 300 utar-1.4323
2251 244 2405 299 CAP.
2450 244 2558 299 vu.
3381 209 3500 300 ’σου

266 358 448 429 saan
475 357 537 411 ἐν
567 358 781 430 ἀμήτῳ,
806 358 901 411 καὶ
928 356 1001 421 ὼς
1032 357 1351 426 ἐπιφυλλίδα
1380 360 1437 411 ἐν
1464 361 1716 429 τρυγήτῳ
1744 359 1840 429 οὑχ

1948 358 2197 428 stipulam
2229 358 2285 411 in
2316 374 2492 413 messe
2522 357 2748 428 colligit,
2797 366 2850 411 et
2884 356 3189 411 racemulos
3223 356 3276 411 iu
3310 357 3501 414 vinde-

269 448 609 517 ὑπάρχοντος
652 448 910 518 βότρυοςο
952 446 1045 500 τοῦ
1076 450 1266 517 φαγεῖν
1304 450 1620 519 πρωτόγονα
1646 449 1838 502 ἐπεθύ-

272 556 443 611 μησεν
471 544 503 611 ὴ
538 539 682 611 ψυχή
714 558 838 609 μου.
882 561 900 592 ι
946 541 1106 595 Ἀλλά
1132 540 1240 612 γάρ
1264 541 1478 612 θρηνεῖν
1523 541 1698 595 ἔπεισί
1750 558 1838 612 μοι

270 633 538 703 τοσαύτην
564 633 661 702 τὴν
689 634 782 685 ἐπί
808 633 869 685 τὸ
896 635 1073 703 χεῖρον
1098 632 1265 704 ῥοπὴν
1293 632 1539 702 βλέποντι
1572 633 1666 686 τοῦ
1688 632 1838 697 λαοῦ,

275 726 353 790 (p.
382 721 505 791 519.)
549 721 624 785 ὡς
660 723 865 793 μηδένα
891 722 1234 794 δικαιοσύνης
1259 725 1316 776 ἐν
1343 726 1524 788 αὑτοῖς
1550 725 1839 793 ἀναφαίνε-

273 812 397 864 σθαι
450 812 662 882 καρπόν
704 828 719 844 ·
758 812 967 866 τοιοῦτο
1011 814 1139 883 γοῦν
1178 833 1233 868 τι
1276 815 1505 885 πάσχειν
1544 816 1629 868 ἐπ’
1661 816 1840 878 αὐτοῖς

271 903 609 974 προάγομαι,
637 896 748 957 οἷον
774 904 838 957 ἂν
868 904 1018 969 εἴτις
1044 907 1203 961 πάθοι
1231 907 1492 977 γεωργὸς,
1516 908 1548 977 ἢ
1580 910 1638 960 ἐν
1665 906 1842 978 καιρῷ

272 995 536 1065 θερισμοῦ
590 995 867 1060 παντελῶς
908 998 1013 1051 τῶν
1058 998 1282 1069 καρπῶν
1322 998 1711 1061 ἀπολωλότων,
1744 1015 1843 1051 κα-

268 1084 452 1154 λάμην
481 1087 604 1138 τινά
644 1086 765 1138 ἀντὶ
791 1086 1115 1157 δραγμάτων
1148 1088 1336 1158 εὐτελῆ
1377 1088 1652 1156 συλλέγειν
1677 1089 1843 1155 ἀναγ-

269 1177 594 1246 καζόμενος,
612 1177 645 1248 ἢ
665 1180 721 1230 ἐν
744 1181 861 1241 ταῖς
886 1179 990 1231 τῶν
1015 1179 1238 1250 καρπῶν
1259 1180 1536 1250 εὑφορίαις
1559 1179 1843 1231 ἐκπίπτειν

270 1266 429 1318 εἴωθε
451 1265 563 1318 τῶν
586 1266 912 1335 δραγμάτων
936 1284 950 1298 ⁸
972 1267 1003 1337 ἦ
1027 1268 1296 1339 τρυγητοῦ
1325 1269 1588 1339 παρόντος
1612 1268 1843 1339 βότρυας

275 1358 373 1427 μὲν
407 1358 507 1427 οὑχ
560 1358 850 1427 εὑρίσκων,
878 1358 1225 1427 ἐπιφυλλίδας
1273 1360 1331 1413 δέ
1390 1376 1539 1421 τινας
1588 1359 1845 1430 βραχείας

276 1446 552 1514 συλλέγων
571 1464 587 1479 ο
612 1447 735 1500 ἐπεὶ
765 1449 858 1501 καὶ
883 1447 975 1502 νῦν
1023 1450 1117 1501 τοῦ
1151 1449 1362 1520 καιροῦ,
1398 1452 1533 1519 μετὰ
1575 1452 1843 1522 τοσαύτην

273 1536 601 1605 κηδεμονίαν
638 1554 698 1589 τε
751 1538 846 1590 καὶ
872 1539 1182 1608 ἐπιμέλειαν
1228 1540 1323 1612 τὴν
1372 1540 1521 1612 παρά
1572 1544 1664 1595 τοῦ
1710 1541 1842 1596 Θεοῦ

276 1626 652 1695 γεγενημένην
687 1626 767 1688 είς
821 1627 1035 1691 αὐτοὺς,
1090 1628 1399 1697 ἀναγκαίως
1440 1632 1538 1700 τῆς
1580 1648 1639 1683 τε
1673 1630 1843 1684 θεοσε-

1940 450 2070 514 mia,
2106 465 2230 503 cum
2264 464 2374 503 non
2412 450 2481 503 sit
2516 448 2728 503 botrus.
2784 447 3061 502 Primitiva
3096 448 3383 504 comedere
3407 450 3505 504 de-

1941 540 2201 596 sideravit
2220 541 2401 593 anima
2429 555 2567 595 mea.
2596 558 2613 591 ι
2649 539 2724 592 En
2754 539 2884 591 mihi
2915 540 3099 609 lugere
3145 538 3321 603 subit,
3380 547 3501 594 tan-

1942 640 2053 684 tam
2088 630 2276 701 populi
2324 631 2391 684 ad
2446 631 2647 683 malum
2702 630 3110 684 inclinationem
3156 628 3388 694 videnti,
3440 638 3501 683 ut

1941 721 2123 776 nullus
2158 721 2300 791 apud
2330 737 2424 776 eos
2448 721 2676 791 iustitiae
2710 721 2920 775 fructus
2952 729 3230 790 appareat.
3266 720 3501 777 Perinde

1944 811 2108 882 igitur
2131 826 2232 881 ego
2264 811 2442 875 patior
2472 818 2636 882 atque
2664 811 2924 881 agricola,
2960 811 3005 866 si
3030 812 3229 868 messis
3258 820 3503 882 tempore

1942 914 2154 958 cunctae
2203 903 2279 956 illi
2337 902 2522 974 fruges
2577 903 2890 974 depereant,
2922 904 3194 975 vilemque
3241 906 3500 974 stipulam

1944 995 2065 1047 loco
2107 994 2505 1063 manipulorum
2544 1003 2770 1064 cogatur
2802 994 3060 1063 colligere
3091 1013 3104 1048 :
3142 994 3226 1049 vel
3263 1002 3410 1049 certe
3445 995 3502 1049 in

1944 1084 2218 1138 fructuum
2248 1084 2600 1147 abundantia,
2643 1084 3046 1153 manipulorum
3084 1085 3312 1153 penuria
3348 1083 3501 1138 labo-

1943 1184 2024 1231 ret
2059 1194 2074 1244 ;
2105 1176 2190 1229 vel
2232 1175 2503 1230 vindemia
2540 1175 2803 1241 instante,
2846 1175 3035 1230 botros
3059 1176 3238 1230 nullos
3282 1191 3502 1247 compe-

1944 1268 2068 1333 riat,
2103 1268 2195 1323 sed
2236 1268 2323 1321 vix
2368 1268 2557 1322 breves
2588 1268 2892 1322 racemulos
2935 1267 3175 1338 colligat.
3212 1266 3353 1323 Sane
3398 1268 3503 1323 hoc

1947 1371 2205 1428 tempore,
2238 1368 2359 1427 post
2408 1364 2617 1412 tantam
2650 1374 2681 1412 a
2722 1357 2829 1411 Deo
2860 1358 3158 1428 impensam
3205 1375 3393 1412 curam
3437 1373 3505 1412 ac

1945 1449 2312 1515 sedulitatem,
2340 1449 2653 1503 necessario
2688 1448 2905 1503 demum
2939 1450 3156 1519 pietatis
3202 1458 3365 1519 atque
3389 1448 3504 1504 vir-

1948 1542 2078 1596 tutis
2108 1540 2318 1596 fructus
2348 1548 2693 1610 exspectans,
2742 1555 2865 1594 rara
2899 1541 3043 1610 apud
3080 1541 3231 1611 ipsos
3278 1541 3503 1597 omnino

1946 1633 2218 1702 comperio
2246 1633 2388 1687 bona
2435 1647 2640 1701 opera;
2696 1648 2819 1686 nam
2851 1647 2950 1687 nec
2978 1634 3245 1702 primitias
3287 1634 3501 1705 aliquas

279 1714 432 1777 ϐείας
468 1716 562 1768 καὶ
608 1717 708 1787 τῆς
739 1718 938 1789 ἀρετῆς
970 1720 1093 1783 τοὺς
1147 1723 1390 1791 καρποὺς
1439 1721 1840 1792 ἐπιζητοῦντος,

1948 1726 2089 1795 apud
2113 1740 2205 1779 eos
2243 1722 2426 1777 videre
2469 1731 2574 1786 est,
2617 1738 2929 1793 quanquam
2967 1723 3022 1778 id
3077 1725 3309 1778 maxime
3350 1734 3505 1793 opta-

283 1806 538 1869 σπανίζον
590 1808 647 1859 ἐν
687 1808 889 1862 ἆπασιν
935 1811 1117 1874 αὑτοῖς
1172 1812 1448 1876 παντελῶς
1509 1813 1745 1884 εὑρίσκω
1783 1814 1845 1866 τὸ

281 1897 472 1949 καλόν⁸
505 1898 625 1951 οὑδέ
656 1900 786 1967 γοῦν
810 1901 1059 1973 ἀπαρχήν
1092 1922 1210 1957 τινα
1242 1905 1298 1958 ἐν
1342 1906 1523 1970 αὐτοῖς
1557 1907 1846 1976 ἀναφαινο-

279 1989 448 2057 μένην
485 1989 633 2042 ἐστιν
685 1992 849 2044 ἰδεῖνο
888 1994 1148 2064 ἐπιθυμία
1192 1996 1248 2049 δέ
1302 2016 1389 2067 μοι
1436 1998 1657 2071 πλείστη
1716 2000 1847 2055 καθ-

276 2078 477 2148 ἔστηκε
509 2081 665 2133 τουτὶ
689 2082 927 2136 τοιοῦτον
965 2084 1089 2137 ἰδεῖν
1115 2100 1128 2113 ·
1159 2086 1343 2155 ἐπειδὴ
1371 2086 1476 2158 γὰρ
1508 2090 1570 2140 ἐκ
1606 2089 1704 2159 τῆς
1736 2089 1847 2143 τῶν

274 2170 508 2238 καρπῶν
550 2172 883 2244 τελειότητος
929 2174 1195 2246 εἰώθαμεν
1239 2178 1490 2249 ἀπαρχάς
1530 2178 1843 2250 λαμϐάνειν,

270 2260 433 2313 τοῦτο
467 2262 525 2315 δέ
576 2264 691 2316 ἐστι
723 2268 815 2318 καὶ
846 2266 916 2318 τὰ
962 2268 1308 2337 πρωτότοκα·
1363 2270 1482 2323 ὅθεν
1521 2272 1549 2323 6
1584 2274 1848 2344 μακάριος

272 2352 465 2404 Δαυίδ·
496 2372 516 2404 ί
558 2356 671 2407 Kal
714 2357 950 2422 ἐπάταξε
1005 2360 1110 2412 πᾶν
1160 2361 1504 2431 πρωτότοκον
1537 2364 1595 2417 ἐν
1636 2367 1706 2435 γῇ
1752 2366 1850 2417 Δί-

1944 1819 2089 1871 bam.
2120 1816 2329 1870 Etenim
2366 1817 2508 1869 sicut
2536 1832 2601 1870 ex
2638 1816 2866 1869 maturis
2920 1815 3187 1871 fructibus
3237 1815 3505 1885 primitias

1945 1910 2184 1964 solemus
2215 1922 2451 1972 sumere,
2481 1906 2533 1959 id
2566 1914 2649 1961 est
2684 1906 3020 1976 primitivos;
3054 1906 3195 1961 unde
3222 1915 3274 1959 et
3314 1907 3507 1962 beatus

1947 2000 2115 2055 David
2158 2019 2171 2055 :
2208 2018 2226 2050 ι
2258 1998 2322 2051 Et
2356 1999 2805 2068 percussitomne
2826 1998 3245 2069 primogenitum
3271 1999 3325 2053 in
3358 2007 3505 2053 terra

1948 2088 2187 2159 Aigypti,
2234 2086 2505 2157 primitias
2535 2086 2715 2141 omnis
2746 2088 2945 2143 laboris
2996 2102 3184 2141 eorum
3225 2088 3278 2141 in
3321 2088 3507 2142 taber-

1953 2179 2163 2234 naculis
2218 2178 2405 2232 Chami
2428 2180 2541 2242 ἐν
2560 2178 2662 2231 hoc
2705 2178 2887 2233 dicere
2947 2179 3208 2249 prOpheta
3250 2180 3407 2232 vult:
3442 2177 3502 2233 In

1954 2286 2149 2341 magna
2180 2271 2486 2332 sterilitate,
2522 2269 2792 2339 cupiditas
2813 2286 2901 2325 me
2930 2272 3153 2325 incessit
3192 2270 3500 2326 inveniendi

1954 2363 2159 2433 aliquid
2187 2362 2329 2431 apud
2377 2362 2525 2431 ipsos
2574 2360 2721 2430 quod
2755 2360 3122 2431 primitiarum
3148 2363 3269 2415 loco
3298 2370 3464 2418 esset.

275 2441 511 2511 γύπτου,
581 2447 832 2518 ἀπαρχὴν
869 2450 1068 2514 παντὸς
1090 2452 1252 2505 πόνου
1301 2452 1479 2506 αὐτῶν
1539 2456 1599 2508 ἐν
1642 2458 1755 2519 τοῖς
1794 2453 2112 2525 σκηνώμασι
2162 2453 2292 2523 Χάμ
2324 2452 2542 2505 ἰτοῦτο
2588 2451 2831 2521 βούλεται
2881 2454 3076 2515 εἰπεῖν,
3139 2453 3220 2505 ὅτι
3260 2451 3357 2506 Διά
3405 2453 3507 2525 τὴν

272 2535 590 2609 ὑπερϐολὴν
618 2539 716 2609 τῆς
751 2541 1029 2612 ἀκαρπίας
1058 2544 1319 2615 ἐπιθυμία
1361 2563 1429 2617 με
1474 2546 1736 2619 κατέσχεν
1779 2548 1957 2618 εὑρεῖν
1997 2564 2050 2600 τι
2106 2548 2163 2600 ἐν
2200 2547 2399 2610 αὐτοῖς,
2443 2545 2694 2617 ἀπαρχῆς
2742 2545 2893 2611 τάξιν
2934 2544 3150 2616 ἐπέχειν
3190 2544 3503 2617 δυνάμενον.

347 2739 503 2809 Στίχ.
540 2738 675 2809 β’-δ,
704 2770 775 2782 -
808 2741 882 2815 (p.
915 2744 1040 2816 315)
1082 2748 1192 2801 Kal
1231 2748 1501 2819 ἐπιμένων
1542 2752 1655 2813 τοῖς
1696 2750 1849 2818 ὀδυρ-

281 2835 402 2900 μοῖς
422 2848 434 2860 ·
477 2851 495 2882 ι
529 2833 690 2903 Οίμοι
714 2834 727 2886 !
748 2832 912 2904 ψυχὴ,
935 2837 1015 2889 ὅτι
1047 2838 1322 2892 ἀπόλωλεν
1354 2840 1585 2911 εὐλαϐὴς
1612 2842 1720 2894 ἀπὸ
1748 2841 1846 2910 τῆς

276 2923 402 2991 γῆς,
437 2926 531 2977 καὶ
570 2926 849 2996 κατορθῶν
869 2929 927 2979 ἐν
956 2929 1258 3001 ἀνθρώποις
1290 2933 1387 3002 οὑχ
1419 2933 1650 3004 ὑπάρχει
1673 2949 1688 2963 ⁸
1720 2934 1849 2987 πάν-

2025 2745 2191 2802 Vsus.
2216 2746 2354 2801 2-4.
2376 2776 2446 2786 —-
2462 2744 2526 2799 Et
2554 2746 2853 2814 ploratibus
2891 2745 3182 2801 insistens:
3203 2724 3320 2800 illa
3349 2746 3503 2815 mihi,

1953 2840 2153 2902 anima,
2169 2839 2294 2909 quia
2311 2838 2469 2907 periit
2486 2837 2607 2906 pius
2623 2837 2689 2893 de
2706 2847 2869 2899 terra,
2890 2847 2944 2893 et
2962 2837 3053 2906 qui
3074 2837 3358 2893 emendate
3384 2848 3509 2910 agat

1952 2929 2006 2983 in
2030 2929 2337 2983 hominibus
2361 2941 2467 2981 non
2484 2936 2568 2981 est
2590 2944 2603 2980 :
2628 2942 2817 2982 omnes
2839 2926 2905 2980 de
2925 2928 3279 2997 sanguinibus
3300 2928 3508 2999 judicio

276 3030 370 3076 τες
399 3016 483 3077 είς
519 3016 729 3085 αἵματα
762 3017 1089 3085 δικάζονται,
1121 3021 1345 3085 ἕκαστος
1371 3023 1462 3077 τὸν
1497 3023 1721 3093 πλησίον
1753 3024 1847 3076 αὑ-

1952 3015 2317 3080 contendunt,
2360 3014 2521 3084 205
2569 3014 2944 3085 unusquisque
2987 3018 3292 3084 proximum
3347 3032 3507 3073 suum

277 3104 372 3157 τοῦ
401 3106 746 3161 ἐκθλίϐουσιν
787 3109 1006 3182 ἐκθλιϐῇ
1046 3128 1060 3142 ο
1092 3113 1184 3164 ἐπὶ
1234 3113 1295 3165 τὸ
1329 3115 1495 3167 κακὸν
1530 3114 1627 3177 τὰς
1659 3117 1843 3185 χεῖρας

279 3197 462 3248 αὑτῶν
504 3199 885 3267 ἑτοιμάζουσιν
918 3218 931 3232 ·
957 3204 985 3254 6
1021 3202 1203 3274 ἄρχων
1254 3206 1430 3270 αἰτεῖ,
1461 3206 1555 3258 καὶ
1598 3208 1625 3259 6
1655 3204 1845 3276 κριτὴς

278 3286 591 3355 εἰρηνικοὺς
619 3285 808 3354 λόγους
840 3289 1087 3360 ἐλάλησε,
1115 3290 1448 3362 καταθύμιον
1478 3292 1657 3363 ψυχῆς
1684 3292 1847 3347 αὑτοῦ

279 3379 417 3429 ἐστι.
467 3396 486 3428 ι
530 3374 657 3438 Πῶς
698 3378 804 3451 γὰρ
844 3380 904 3432 οὑ
955 3380 1170 3451 θρηνεῖν
1215 3381 1401 3448 ἄξιον,
1433 3384 1513 3438 ὃτι
1557 3383 1719 3452 φόϐος
1750 3385 1848 3453 μὲν

278 3469 413 3522 θεοῦ
468 3473 597 3541 παρ’
626 3472 807 3535 αὑτοῖς
857 3469 1131 3542 οὐδαμῶς
1162 3472 1284 3526 ὅθεν
1316 3474 1434 3526 οὑδὲ
1485 3474 1630 3528 ἔστιν
1671 3476 1849 3546 εὑρεῖν

277 3561 365 3614 τὸν
400 3563 785 3633 ἐπιμελεῖσθαι
818 3563 911 3616 τοῦ
952 3565 1321 3635 προσήκοντος
1349 3565 1597 3620 ἐθέλοντα
1617 3583 1631 3598 ’
1672 3567 1851 3622 πάντα

278 3652 331 3705 δὲ
371 3655 563 3717 αὐτοῖς
594 3656 719 3726 περὶ
747 3656 919 3723 φόνων
946 3657 1279 3725 γυμνάζεται
1305 3657 1371 3711 τὰ
1395 3659 1732 3730 ἐγκλήματα,
1751 3661 1850 3713 οὑκ

282 3744 631 3813 ἀνεχομένοις
672 3745 843 3815 μικρά
866 3747 1093 3812 πταίειν,
1126 3747 1241 3800 ἀλλ’
1262 3748 1388 3819 ἄχρι
1431 3748 1603 3817 φόνων
1627 3749 1723 3812 τὰς
1746 3753 1850 3819 χεῖ-

284 3850 378 3904 ρας
405 3835 762 3887 ὲκτεινόντων
790 3834 887 3898 τὰς
928 3836 1060 3897 ἰδίας
1083 3854 1096 3868 ·
1126 3837 1353 3900 ἕκαστός
1384 3853 1441 3889 τε
1471 3837 1647 3890 αὑτῶν
1674 3836 1748 3901 ὡς
1783 3837 1850 3891 ἂν

280 3924 377 3995 ἔχῃ
402 3925 690 3995 δυνάμεως
720 3927 933 3990 ὀδύναις
963 3929 1056 3981 καὶ
1083 3928 1349 3996 ἀνάγκαις
1379 3928 1721 3999 περιϐάλλειν
1758 3929 1850 3982 τὸν

283 4016 449 4083 ἐγγυς
496 4017 705 4085 πένητα
752 4019 1038 4089 πειρᾶται,
1070 4018 1569 4090 παρεσκευασμένοι
1612 4035 1673 4070 τε
1722 4017 1850 4089 περὶ

282 4106 378 4175 τὴν
405 4104 518 4157 τῶν
548 4108 735 4161 κακῶν
779 4111 916 4162 εὶσιν
946 4111 1206 4181 ἐργασίαν
1230 4129 1243 4142 ο
1281 4106 1399 4164 εἶτα
1434 4112 1524 4164 ἐπ)⁵
1573 4111 1783 4174 τούτοις
1821 4111 1850 4163 ὁ

286 4200 381 4267 μὲν
408 4202 470 4251 ἐν
507 4200 587 4270 τῷ
615 4202 803 4271 ἄρχειν
853 4202 1150 4269 καθεστὼς,
1185 4203 1402 4274 ἀμελῶν
1422 4203 1516 4256 τοῦ
1550 4206 1851 4275 προσήκον-

284 4307 373 4352 se;
420 4292 681 4361 χρήματα
718 4290 903 4361 ζητεῖ,
956 4294 1052 4347 καὶ
1100 4295 1310 4357 τούτοις
1349 4294 1691 4364 διακρούεται
1745 4295 1851 4347 τῶν

1954 3122 2207 3178 pressura
2227 3110 2440 3176 premit,
2464 3107 2528 3160 ad
2562 3107 2758 3160 malum
2782 3123 2974 3163 manus
3004 3124 3133 3164 suas
3163 3118 3336 3178 parat.
3353 3108 3507 3165 Prin-

1951 3214 2078 3269 ceps
2103 3199 2297 3268 poscit,
2326 3197 2493 3267 judex
2521 3198 2747 3267 pacilica
2791 3201 2952 3253 verba
2996 3200 3256 3269 loquitur,
3295 3200 3507 3257 deside-

1950 3291 2090 3342 rium
2117 3287 2311 3342 anima:
2337 3287 2455 3356 ejus
2474 3297 2575 3343 est.
2602 3308 2620 3339 ι
2642 3286 2838 3354 Quicni
2892 3290 3052 3360 digne
3069 3290 3390 3360 plorandum
3410 3293 3505 3355 sit,

1952 3377 2217 3449 siquidem
2257 3380 2438 3436 nullus
2472 3378 2567 3434 Dei
2612 3379 2773 3434 timor
2810 3381 2951 3450 apud
2985 3397 3080 3437 eos
3116 3397 3346 3452 usquam
3393 3383 3509 3441 est?

1949 3488 2059 3542 quo
2084 3471 2161 3536 ﬁt,
2193 3480 2251 3525 ut
2274 3487 2431 3527 nemo
2463 3473 2555 3543 qui
2588 3472 2819 3528 olIicium
2843 3475 2995 3543 sequi
3013 3476 3140 3530 velit
3167 3476 3502 3533 inveniatur.

1949 3564 2156 3618 Cuncta
2184 3563 2378 3617 borum
2417 3563 2647 3619 crimina
2683 3565 2738 3619 in
2774 3564 3011 3624 czedibus
3045 3579 3349 3633 versantur,
3374 3569 3504 3638 quia

1950 3672 2057 3711 non
2083 3656 2354 3712 sustinent
2380 3655 2518 3710 levia
2558 3671 2805 3724 peccare,
2850 3656 2944 3711 sed
2972 3657 3036 3710 ad
3064 3657 3355 3712 homicidia
3395 3674 3509 3713 ma-

1950 3764 2055 3803 nus
2077 3748 2365 3801 intendunt
2396 3766 2409 3801 :
2440 3749 2817 3817 unusquisque
2839 3763 2938 3819 pro
2957 3749 3191 3813 viribus,
3223 3751 3511 3809 doloribus

1951 3838 2322 3906 angustiisque
2355 3837 2632 3906 proximos
2658 3838 2758 3892 sibi
2788 3853 3054 3907 pauperes
3112 3840 3324 3896 irretire
3341 3856 3510 3896 cona-

1953 3935 2060 3990 tur,
2096 3935 2150 3982 et
2182 3926 2249 3980 ad
2278 3927 2543 3997 patranda
2566 3928 2773 3983 scelera
2798 3929 3004 3983 alacres
3049 3938 3197 3985 sunt.
3237 3929 3506 3987 Praeterea

1951 4018 2202 4089 princeps
2267 4017 2542 4088 aequitatis
2590 4017 2893 4081 immemor,
2961 4020 3248 4089 pecuniam
3307 4020 3507 4091 poscit,

1952 4118 2113 4177 atque
2156 4108 2226 4161 ob
2260 4108 2399 4161 banc
2423 4106 2733 4162 dissimulat
2771 4110 3115 4178 peccantium
3152 4109 3507 4179 iniquitates:

1947 4200 2113 4270 judex
2141 4208 2344 4259 autem,
2379 4198 2583 4253 omissa
2607 4197 2749 4267 juris
2783 4198 3043 4263 dictione,
3078 4200 3294 4255 blandis
3338 4202 3513 4256 utitur

1954 4291 2319 4354 sermonibus,
2353 4299 2408 4343 ut
2433 4289 2520 4345 bis
2549 4289 2752 4358 injusta
2786 4290 2886 4344 sibi
2932 4292 3088 4346 lucra
3127 4292 3403 4359 conciliet,
3442 4292 3510 4347 ad

285 4383 707 4450 ἁμαρτανόντων
758 4383 854 4447 τάς
885 4384 1095 4447 ἀδικίας
1126 4401 1140 4415 ⁸
1174 4388 1202 4439 6
1229 4386 1284 4439 δέ
1333 4386 1428 4440 τοῦ
1460 4387 1666 4458 κρίνειν
1706 4388 1847 4457 εἰλη-

1953 4396 2073 4453 qua:
2104 4381 2269 4435 animi
2314 4381 2697 4452 cOgitatiouem
2745 4381 3006 4435 intentam
3053 4382 3235 4436 habet.
3271 4401 3290 4434 ι
3316 4381 3381 4438 Et
3414 4398 3514 4438 au-

288 4472 398 4539 φὼς
429 4475 530 4543 τὴν
569 4474 833 4539 ἐξουσίαν,
879 4475 1037 4543 ἀφεὶς
1083 4476 1143 4528 τὸ
1174 4475 1378 4529 δίκαιον
1410 4476 1632 4548 ὁρίζειν,
1684 4476 1845 4549 θερα-

288 4568 563 4627 πευτικοῖς
579 4565 841 4636 κέχρηται
867 4567 1105 4637 ῥήμασιν
1126 4584 1139 4597 ·
1155 4567 1230 4631 ὡς
1255 4567 1320 4622 ἂν
1342 4567 1430 4621 διὰ
1452 4567 1652 4622 τούτων
1676 4569 1851 4639 ἐαυτῷ

289 4656 695 4726 περιποιήσειεν
717 4655 877 4710 ἄδικα
902 4658 1089 4731 κέρδη,
1109 4659 1244 4729 πρὸς
1272 4659 1307 4713 ἃ
1332 4659 1395 4730 δὴ
1422 4659 1714 4731 τεταμένον
1739 4660 1851 4729 ἔχει

290 4746 378 4799 τὸν
399 4746 661 4815 λογισμὸν
688 4746 787 4816 τῆς
821 4746 1019 4817 ψυχῆς.
1067 4768 1085 4800 ι
1120 4749 1230 4803 Kal
1267 4749 1555 4820 ἐξελοῦμαι
1583 4749 1651 4803 τά
1672 4751 1853 4818 ἀγαθά

295 4837 492 4903 αὐτῶν,
524 4837 600 4901 ὡς
633 4838 732 4909 σὴς
752 4839 1040 4909 ἐκτρώγων
1061 4841 1155 4893 καὶ
1180 4841 1407 4911 βαδίζων
1434 4842 1526 4894 ἐπὶ
1550 4843 1769 4904 κανόνος
1799 4844 1856 4893 ἐν

296 4930 528 4999 ἡμέραις
571 4932 802 4995 σκοπιᾶς
836 4949 950 4986 σου.
1006 4952 1024 4983 ι
1056 4932 1131 5004 (p.
1164 4935 1289 5005 514)
1339 4934 1509 5005 ’Υπὲρ
1548 4934 1613 5005 δὴ
1651 4934 1858 4987 τούτων

296 5018 353 5070 ὲν
380 5018 629 5072 παντελεῖ
656 5036 715 5073 σε
759 5021 1080 5093 καταστήσω
1098 5022 1207 5075 τῶν
1239 5024 1456 5092 ἀγαθῶν
1486 5024 1682 5095 ἐνδείᾳ,
1706 5024 1860 5093 δίκην

298 5110 484 5179 σητδς,
515 5110 601 5165 διὰ
650 5115 759 5166 τῶν
792 5113 1064 5183 πολεμίων
1090 5114 1198 5167 πᾶν
1245 5114 1519 5183 ἀφανίζων
1558 5115 1586 5167 ὅ
1613 5132 1665 5167 τι
1700 5114 1861 5168 καλόν

294 5203 442 5254 ἐστιν
478 5205 534 5255 ἐν
567 5203 680 5256 σοί·
709 5205 784 5267 ὠς
808 5205 914 5274 γὰρ
938 5205 961 5256 ὁ
993 5204 1089 5276 σὴς
1118 5206 1175 5258 ἐν
1204 5206 1385 5258 κανόνι
1419 5205 1575 5271 ξύλου
1598 5203 1855 5274 γεγονὼς,

295 5290 398 5361 ὀδῷ
429 5292 833 5361 βαδίζων,ἂπαν
857 5295 986 5348 αὑτὸ
1012 5295 1283 5350 κατεσθίει
1317 5298 1410 5350 καὶ⁸
1436 5297 1713 5351 ἀναλίσκει
1739 5298 1857 5359 ταῖς

296 5382 440 5435 κατά
472 5382 636 5454 μέρος
681 5385 1027 5456 διαφθοραῖς,
1057 5386 1200 5441 οὑτω
1229 5387 1370 5442 κατά
1414 5387 1605 5458 μικρὸν
1644 5386 1858 5441 ἅπαντα

300 5473 452 5541 Σιμῶν
479 5475 663 5543 ἀφελῶ
681 5475 748 5528 τά
786 5476 964 5545 ἀγαθά
988 5495 1000 5508 ·
1033 5480 1171 5534 κατά
1201 5480 1288 5534 τὸν
1326 5480 1512 5541 καιρὸν
1548 5481 1606 5535 ἐν
1635 5473 1678 5548 ᾧ
1714 5478 1778 5549 δὴ
1797 5478 1857 5532 τὸ

364 5648 414 5681 ⁸⁸
432 5646 574 5706 PsaL
606 5666 716 5716 LIV,
738 5651 825 5707 36.

1958 4473 2127 4527 feram
2166 4472 2305 4526 bona
2338 4487 2546 4537 eorum,
2601 4472 2755 4541 quasi
2795 4472 2939 4526 tinea
2966 4473 3278 4540 comedens,
3318 4482 3373 4529 et
3405 4490 3514 4530 am-

1959 4566 2151 4620 bulans
2181 4579 2342 4633 super
2373 4564 2615 4635 regulam
2666 4566 2720 4617 in
2750 4564 2837 4619 die
2886 4566 3276 4633 speculationis
3318 4582 3451 4623 suas.
3491 4585 3511 4620 ι

1910 4726 1913 4731 _
1960 4656 2040 4712 0b
2057 4656 2171 4709 hac
2193 4655 2247 4709 in
2277 4655 2524 4710 absoluta
2556 4666 2607 4710 te
2623 4656 2949 4710 constituam
2974 4657 3238 4713 bonorum
3256 4666 3514 4729 egestate,

1961 4763 2113 4803 more
2144 4748 2317 4811 tineae,
2362 4747 2600 4801 hostium
2652 4762 2814 4802 manu
2846 4749 3110 4819 quidquid
3147 4760 3233 4806 est
3272 4749 3415 4819 apud
3463 4757 3518 4804 te

1955 4841 2274 4910 praeclarum
2305 4839 2611 4893 destrueus.
2636 4836 2769 4892 Nam
2800 4841 2943 4895 sicut
2984 4842 3129 4894 tinea
3161 4841 3217 4894 in
3247 4841 3379 4911 ligni
3405 4848 3519 4893 tra-

1956 4935 2151 4989 becula
2198 4932 2496 4997 exsistcns,
2542 4933 2629 4985 via
2658 4933 2914 5003 gradiens
2948 4943 3111 4989 totam
3172 4933 3321 4986 illam
3360 4941 3520 4990 vorat

1902 5084 1905 5087 ς
1960 5033 2122 5093 atque
2202 5021 2498 5084 consumit,
2564 5024 2932 5091 particulatim
2988 5038 3370 5093 corrumpens,
3436 5028 3521 5082 sic

1960 5130 2061 5184 ego
2114 5114 2373 5184 paulatim
2433 5112 2574 5168 bona
2636 5123 2812 5169 vestra
2864 5112 3139 5179 auferam;
3195 5123 3250 5170 et
3306 5126 3517 5187 postea,

1964 5206 2260 5262 secundum
2296 5213 2511 5275 tempus
2543 5221 2653 5276 quo
2704 5204 3130 5275 magnitudinem
3173 5221 3521 5278 peccatorum

1962 5305 2266 5351 vestrorum
2308 5297 2619 5366 speculatus
2652 5294 2826 5359 fuero,
2863 5309 3164 5366 congruum
3200 5296 3358 5355 factis
3391 5315 3524 5371 sup-

1962 5387 2185 5458 plicium
2219 5385 2468 5442 inferam.
2511 5405 2529 5437 ι
2554 5384 2679 5439 Vae!
2712 5401 2791 5440 vae
2816 5387 2828 5439 ι
2850 5386 3206 5447 ultionestua:
3234 5399 3521 5456 venerunt;

1962 5494 2107 5534 nuuc
2141 5486 2302 5535 erunt
2335 5478 2487 5536 (lctus
2532 5491 2745 5533 eorum.
2769 5496 2788 5530 ι
2826 5477 2985 5535 Venit
3016 5480 3154 5551 dies,
3181 5496 3291 5553 quo
3309 5491 3366 5537 tu
3395 5497 3521 5553 peo-
