4054 6238
507 297 608 354 39!

1668 271 2024 334 TIIEODORI
2073 269 2557 330 MOPSUESTENI

3639 258 3750 316 392

512 423 758 470 calorum
792 423 982 480 pmnas
1017 403 1144 470 des;
1199 413 1434 472 quorum
1474 411 1642 451 causa
1679 407 1829 448 nunc
1871 389 2086 463 tellere

2206 386 2412 456 μέγεθος
2449 383 2856 456 περισκοπήσας
2874 380 2980 434 τῶν
3007 377 3413 452 ἁμαρτημάτων
3445 375 3752 448 ὑμετέρων,

513 505 694 565 decet,
740 478 884 569 quia
914 512 978 551 ex
1013 492 1196 548 inlatis
1249 488 1407 543 malis
1466 485 1636 541 sentis
1674 487 1938 552 quantum
1987 478 2084 531 tibi

514 591 890 659 nocueristuo
921 588 975 640 in
1017 585 1206 639 vitium
1242 583 1418 650 lapsu.

2187 479 2445 548 ἀνάλογον
2502 477 2685 542 ἐπάξω
2729 477 2840 539 τοῖς
2883 473 3272 546 πραττομένοις
3309 469 3406 540 τὴν
3455 465 3748 538 τιμωρίαν.

2193 590 2212 622 ι
2237 572 2395 634 Οὐαὶ,
2415 569 2557 633 οὐαὶ,
2582 568 2886 640 ἐκδικήσεις
2902 582 2994 618 σου
3015 565 3179 635 ἧκασι
3197 581 3211 594 υ
3226 563 3320 615 νῦν
3353 561 3560 614 ἔσονται
3587 559 3754 612 κλαυ-

516 650 641 756 (λμοὶ
675 655 874 736 αὐτῶν.
913 697 930 729 ι
975 675 1352 746 Παραγέγονεν
1396 671 1430 741 ἡ
1480 665 1659 738 ἠμέρα
1697 661 1790 719 τοῦ
1837 661 2019 714 δοῦναί
2055 678 2112 714 σε
2135 661 2289 734 δίκην
2328 661 2434 715 τῶν
2454 659 2966 736 πλημμελημάτων,
3020 655 3158 726 ὑπὲρ
3195 650 3270 708 ὦν
3297 653 3364 723 δὴ
3381 651 3473 704 νῦν
3501 668 3559 704 σε
3591 667 3752 722 προσ.

515 744 616 847 ἧκε
672 771 940 844 δακρῦσαι
993 744 1080 820 διά
1112 764 1220 818 τῶν
1275 759 1627 832 ἐπαγομένων
1690 755 1875 810 κακῶν
1917 752 2334 828 αἰσθανόμενον,
2386 754 2580 807 ὁπόσον
2617 751 2903 823 ἐλυμαίνου
2955 748 3134 819 σαυτῷ
3177 749 3243 818 τῇ
3295 745 3421 816 περὶ
3458 744 3518 798 τὸ
3572 745 3750 813 χεῖρον

507 929 510 934 ι
519 867 678 937 ῥοπῇ.

591 1045 756 1099 Vens.
797 1043 916 1096 3-7.
958 1070 1020 1080 —
1060 1038 1126 1092 Et
1158 1038 1468 1092 futurorum
1505 1033 1771 1102 malorum
1817 1030 2084 1102 magnitu-

521 1137 701 1192 dinem
723 1139 1160 1194 demonstranszi
1187 1127 1363 1183 Nolite
1381 1126 1623 1189 credere,
1644 1123 1840 1193 inquit,
1861 1122 2084 1192 amicis;

525 1241 700 1295 neque
738 1223 969 1291 speretis
1018 1235 1048 1273 a
1085 1219 1315 1274 ducibus
1347 1235 1360 1272 :
1395 1216 1467 1280 ei,
1521 1231 1642 1287 qua:
1682 1225 1859 1280 tecum
1903 1213 2086 1274 cubat,

523 1333 656 1372 cave
697 1315 992 1384 quidquam
1028 1311 1401 1366 concredere:
1439 1309 1568 1384 quia
1611 1307 1756 1362 ﬁlius
1799 1313 2094 1368 contume-

525 1408 650 1462 liam
684 1405 814 1460 facit
845 1405 1008 1476 patri,
1054 1412 1107 1457 et
1135 1403 1245 1457 lilia
1277 1401 1556 1470 consurgit
1577 1399 1840 1452 adversus
1873 1405 2099 1448 matrem

526 1513 702 1559 suam,
731 1495 1082 1580 nurus
1104 1494 1369 1548 adversus
1393 1488 1607 1548 socrum
1635 1504 1812 1554 suam;
1829 1484 2100 1550 etinimici

526 1587 788 1650 hominis,
817 1575 1000 1642 cuncti
1021 1575 1318 1639 domestici
1350 1583 1494 1652 ejus.
1521 1598 1540 1632 ι
1579 1578 1747 1633 Nemo
1773 1584 1906 1631 tunc
1943 1575 2100 1629 alteri

525 1675 899 1739 auxiliabitur,
965 1691 1071 1728 non
1136 1675 1344 1728 amicus
1397 1672 1596 1736 amico,
1677 1685 1786 1724 non
1843 1667 2100 1741 princeps

2257 1027 2404 1096 Στίχ.
2429 1021 2565 1088 ε’-ξ,
2599 1055 2668 1066 -
2694 1020 2806 1076 Καὶ
2832 1019 3044 1082 δεικνὺς
3069 1017 3176 1071 τῶν
3206 1016 3640 1086 ἐπελευσομένων
3663 1013 3757 1068 αύο

2189 1120 2301 1181 τοῖς
2327 1115 2510 1170 κακῶν
2544 1115 2604 1168 τὸ
2641 1113 2882 1184 μέγεθος,
2926 1130 2943 1162 ι
2980 1109 3070 1180 Μὴ
3103 1105 3528 1162 καταπιστεύετε
3568 1107 3625 1159 ἐν
3664 1107 3758 1173 φί-

2193 1209 2325 1272 λοις,
2365 1207 2438 1280 μὴ
2468 1206 2525 1259 δέ
2555 1203 2799 1269 ἐλπίζετε
2837 1201 2929 1256 ἐπὶ
2983 1200 3302 1272 ἡγουμένοις
3322 1215 3336 1228 °
3361 1199 3469 1252 ἀπὸ
3499 1197 3596 1268 τῆς
3627 1213 3760 1265 συγο

2197 1301 2374 1356 κοίτου
2429 1316 2520 1351 σου
2575 1292 2803 1367 φύλαξαι
2846 1293 2937 1347 τοῦ
2989 1292 3278 1346 ἀναθέσθαι
3330 1309 3382 1343 τι
3431 1289 3759 1360 αὑτῇ-διότι

2197 1392 2310 1454 υἱὸς
2333 1389 2586 1460 ἀτιμάζει
2619 1371 3106 1456 πατέρα,ουγάτηρ
3137 1380 3504 1450 ἐπανέστηκεν
3541 1377 3632 1429 ἐπὶ
3657 1377 3760 1446 τὴν

2201 1483 2407 1554 μητέρα
2458 1478 2667 1550 αὐτῆς,
2699 1477 2884 1547 νύμφη
2938 1475 3030 1526 ἐπὶ
3085 1473 3183 1542 τὴν
3237 1469 3500 1541 πενθερὰν
3546 1466 3760 1536 αύτῆςο

2196 1573 2381 1644 ἐχθροὶ
2405 1571 2595 1641 ἀνδρὸς
2623 1569 2822 1634 πάντες
2843 1571 2890 1622 οἱ
2919 1567 3104 1638 ἄνδρες
3129 1568 3177 1618 οί
3204 1567 3260 1618 ἐν
3287 1563 3365 1634 τῷ
3389 1564 3517 1633 οἴκῳ
3538 1561 3718 1615 αὑτοῦ.
3737 1579 3759 1610 ι

2197 1665 2329 1719 Ούδέ
2358 1663 2452 1736 μία
2476 1664 2560 1734 δὴ,
2595 1663 2783 1734 φησὶν,
2827 1659 2999 1714 οὐδενὶ
3035 1660 3163 1731 παρ’
3199 1657 3412 1720 ούδενδς
3447 1655 3596 1707 ἔσται
3638 1653 3764 1706 τότε

526 1768 768 1830 subdito,
799 1783 906 1822 non
941 1767 1024 1830 vir
1053 1766 1232 1830 uxori,
1279 1781 1388 1819 non
1429 1763 1541 1818 ﬁlio
1573 1770 1756 1834 pater,
1789 1776 1914 1816 non.
1939 1761 2096 1812 matri

2206 1759 2230 1828 ἡ
2263 1756 2484 1827 βοήθεια
2506 1770 2518 1782 ·
2546 1755 2604 1806 ού
2631 1753 2770 1824 φίλῳ
2797 1752 2947 1824 παρὰ
2977 1751 3153 1822 φίλου,
3176 1752 3275 1804 οὐκ
3298 1747 3579 1832 ἀρχομένῳ
3611 1745 3767 1817 παρὰ

529 1858 656 1920 lilia,
677 1872 782 1912 non
810 1855 969 1910 nurui
1003 1870 1196 1910 socrus
1227 1871 1240 1908 :
1268 1869 1392 1908 nam
1419 1853 1748 1926 calamitatis
1775 1849 2093 1921 magnitudo

525 1950 593 2005 de
626 1967 725 2005 sua
771 1963 1042 2019 quemque
1093 1946 1268 2002 salute
1326 1945 1547 1998 anxium
1590 1959 1715 1998 esse
1743 1957 1978 2014 cogens,
2001 1956 2096 1995 ne-

513 2040 769 2112 cessat-io
802 2047 1033 2094 cunctos
1055 2035 1345 2092 inimicitia
1381 2034 1526 2104 inter
1555 2049 1614 2089 se
1646 2033 1962 2104 committit,
2001 2046 2097 2085 ne-

527 2135 675 2189 mine
719 2133 784 2188 de
839 2130 1066 2186 alterius
1113 2129 1346 2184 utilitate
1397 2127 1692 2198 cogitante,
1743 2128 1874 2181 dum
1925 2141 2098 2180 unus-

525 2225 758 2296 quisque
789 2223 1008 2293 plurimi
1039 2220 1171 2275 facit
1206 2220 1437 2275 salutem
1465 2233 1640 2275 suam.
1669 2217 2098 2274 Deindeorursus

526 2324 648 2386 post
666 2329 1028 2369 aerumnarum
1075 2311 1507 2383 pra-dictionem,
1568 2324 1722 2363 more
1769 2309 1932 2374 solito
1965 2323 2098 2362 con-

528 2405 912 2462 versionemin
937 2404 1131 2472 melius
1153 2401 1432 2472 nuntians,
1463 2419 1482 2451 ι
1521 2400 1629 2470 Ego
1665 2398 2096 2470 autem,.inqnit,

526 2499 597 2554 ad
627 2497 915 2553 Dominum
949 2495 1234 2565 aspiciam,
1288 2495 1618 2564 exspectabo
1665 2489 1832 2563 Deum
1865 2489 2100 2561 salvato-

525 2602 641 2643 rem
672 2602 848 2640 meum
882 2603 895 2638 :
929 2585 1112 2660 audiet
1147 2599 1235 2643 me
1273 2581 1416 2637 Deus
1448 2596 1620 2636 meus.
1650 2598 1668 2632 ι
1708 2578 1813 2634 Sed
1852 2578 2100 2648 quamvis

528 2680 668 2734 tales
693 2687 966 2752 tantagque
999 2677 1107 2731 sint
1147 2675 1510 2737 calamitates,
1552 2673 1619 2726 de
1656 2671 1748 2726 Dei
1797 2669 2101 2739 patrocinio

529 2787 639 2826 non
681 2768 1022 2838 desperabo:
1055 2777 1372 2822 constanter
1423 2765 1491 2818 ad
1545 2764 1723 2832 ipsum
1788 2763 2099 2830 respicmm,

529 2861 760 2916 salutem
808 2858 936 2912 inde
981 2866 1332 2926 exspectans,
1385 2869 1548 2925 quam
1581 2854 1743 2908 etiam
1789 2849 1923 2904 mihi
1982 2850 2103 2904 sine

530 2951 700 3006 dubio
734 2949 1026 3020 praebebit;
1051 2964 1194 3011 eum,
1236 2947 1328 3017 qui
1370 2946 1425 3000 in
1462 2943 1773 3016 liujusmodi
1824 2942 2104 2996 calamita-

532 3042 679 3096 tibus
709 3042 840 3110 petit
874 3041 1161 3103 auxilium,
1187 3039 1508 3094 exaudiens.

2195 1848 2474 1932 ἄρχοντος,
2506 1843 2581 1914 (p.
2628 1843 2754 1915 515)
2793 1843 2895 1896 οὐκ
2951 1841 3106 1913 ἀνδρὶ
3159 1838 3311 1911 παρὰ
3353 1837 3628 1907 γυναικὸς,
3664 1837 3770 1904 οὐχ

2195 1927 2296 2008 υίῷ
2318 1937 2466 2011 παρὰ
2498 1933 2720 2006 πατρὶς,
2737 1936 2797 1988 οὐ
2826 1935 2992 2007 μητρὶ
3020 1933 3170 2006 παρὰ
3195 1930 3549 2003 θυγατρὸςιοῦ
3574 1927 3772 1999 νύμφῃ

2191 2029 2348 2102 ,παρὰ
2377 2028 2736 2100 πενθερᾶς-εὴ
2781 2025 2890 2098 γὰρ
2943 2025 3216 2096 ὑπερϐολὴ
3269 2023 3364 2076 τοῦ
3413 2021 3582 2076 κακοῦ
3636 2022 3773 2091 περὶ

2194 2123 2296 2194 τῆς
2335 2121 2471 2193 ἰδίας
2518 2121 2747 2174 ἕκαστον
2778 2117 3156 2187 ἀναγκάζουσα
3199 2117 3438 2186 ἀγωνιᾷν
3469 2114 3769 2185 σωτηρίας,

2177 2213 2507 2284 ,ἀναγκαίως
2541 2211 2747 2278 πάντας
2803 2210 3028 2292 ἐχθροὺς
3079 2208 3322 2280 ἀλλήλων
3370 2207 3770 2264 ἀποδείκνυσιν,

2198 2307 2411 2370 οὐδενὸς
2451 2305 2512 2370 τὸ
2557 2304 2635 2376 τῷ
2689 2304 2858 2367 πέλας
2886 2304 3152 2374 χρήσιμον
3187 2303 3407 2356 σκοπεῖν
3449 2299 3772 2370 δυναμένου,

2199 2398 2288 2452 διὰ
2321 2398 2380 2451 τὸ
2416 2397 2668 2468 μέγιστον
2699 2393 2976 2465 ἡγεῖσθαι,
3011 2395 3060 2446 εί
3106 2391 3281 2463 ἑαυτῷ
3315 2409 3436 2444 τινα
3485 2389 3778 2462 περιποιή-

2204 2506 2345 2546 σειεν
2387 2487 2678 2562 σωτηρίαν.
2705 2482 2840 2539 Εἶτα
2871 2545 2874 2548 Α
2889 2486 3030 2558 μετὰ
3061 2485 3157 2556 τὴν
3183 2483 3293 2538 τῶν
3322 2482 3508 2538 κακῶν
3539 2483 3778 2555 μήνυσιν

2201 2579 2686 2650 εὐαγγελιζόμενος
2719 2569 2878 2631 πάλιν
2920 2564 3162 2646 συνήθως
3189 2575 3288 2647 τὴν
3320 2575 3411 2628 ἐπὶ
3439 2574 3498 2630 τὸ
3525 2576 3780 2644 κρεῖττον

2203 2667 2502 2738 μεταϐολήν
2520 2683 2532 2696 ·
2558 2686 2576 2718 ‹
2611 2665 2752 2733 Ἐγὼ
2782 2665 2838 2718 δὲ
2861 2667 2916 2718 ἐν
2944 2663 3020 2735 τῷ
3043 2663 3232 2734 Κυρίῳ
3255 2661 3630 2730 ἐπιϐλέψομαι,
3648 2661 3781 2712 ἐπι-

2204 2757 2348 2829 μενῶ
2375 2758 2466 2810 ἐπὶ
2495 2755 2572 2827 τῷ
2595 2755 2716 2827 Θεῷ
2741 2754 2818 2826 τῷ
2845 2754 3047 2825 σωτῆρί
3069 2772 3168 2828 μου
3187 2768 3202 2786 ’
3223 2750 3582 2806 ἐπακούσεταί
3617 2767 3722 2821 μου
3749 2749 3782 2802 ὁ

2201 2845 2332 2908 Θεός
2363 2861 2484 2916 μου.
2519 2863 2540 2897 ι
2587 2843 2746 2897 Ἀλλά
2783 2843 2890 2914 γὰρ
2919 2842 3013 2896 καὶ
3047 2841 3314 2916 τοσούτων
3345 2839 3511 2893 ὄντων
3547 2838 3638 2891 καὶ
3672 2854 3782 2904 τη-

2202 2935 2466 2990 λικούτων
2508 2935 2616 2988 τῶν
2665 2935 2873 2998 κακῶν,
2929 2935 3028 2987 οὐκ
3069 2931 3454 3002 ἀπογνώσομαι
3507 2929 3600 2983 τοῦ
3633 2927 3781 2981 Θεοῦ

2203 3029 2302 3100 τὴν
2331 3026 2653 3097 κηδεμονίαν
2678 3043 2693 3058 ⁸
2716 3025 2862 3098 μενῶ
2884 3025 2942 3079 δὲ
2971 3026 3107 3095 πρὸς
3135 3023 3296 3078 αὑτὸν
3328 3022 3491 3094 δρῶν,
3518 3021 3610 3074 καὶ
3639 3031 3784 3091 παρ’

532 3136 693 3190 αὐτοῦ
726 3137 823 3207 τὴν
872 3135 1139 3205 σωτηρίαν
1180 3134 1494 3205 ἀναμένωνο
1523 3135 1590 3204 ἢν
1622 3133 1716 3186 καὶ
1735 3129 1960 3204 παρέξει
2014 3144 2102 3199 μοι
2156 3124 2370 3187 πάντως
2396 3123 2454 3176 ἐν
2485 3124 2606 3185 ταῖς
2647 3121 2913 3190 ἀνάγκαις
2959 3120 3214 3184 ἐκείναις,
3272 3115 3546 3182 αἰτοῦντος
3611 3111 3786 3166 αὑτοῦ

531 3229 630 3302 τὴν
657 3227 904 3300 βοήθειαν
929 3224 1188 3289 ἀκούσας.

588 3379 774 3437 Vsus.
801 3381 971 3436 8-H.
1009 3410 1082 3424 —
1126 3399 1145 3431 ι
1166 3377 1245 3434 Ne
1284 3379 1507 3444 ueteris,
1537 3377 1762 3434 inimica
1779 3393 1917 3438 mea.
1940 3395 2106 3450 super

535 3489 641 3539 me,
665 3475 800 3544 quia
827 3489 872 3528 ει
903 3475 1098 3540 cecidi,
1160 3489 1492 3544 consurgam
1533 3492 1546 3528 :
1579 3474 1625 3528 si
1656 3473 2010 3528 ambulavero
2053 3490 2108 3528 Ill

536 3568 798 3629 tenebris,
829 3565 1116 3623 Dominus
1164 3567 1644 3622 illuminabitme.
1679 3585 1698 3619 ι
1737 3566 1942 3621 Licebit
1975 3565 2108 3620 mihi

511 3658 830 3728 aliquando
857 3659 924 3713 ad
958 3659 1211 3714 inimicos
1229 3673 1401 3725 meos,
1450 3659 1832 3730 praecipueque
1856 3661 1924 3713 ad
1981 3659 2109 3712 Μυε-

537 3765 703 3805 amcos
737 3751 921 3805 dicere
949 3768 965 3808 :
998 3749 1209 3805 Vanum
1244 3760 1329 3806 est
1369 3753 1437 3806 de
1484 3753 1638 3820 lapsu
1681 3767 1804 3806 meo
1854 3765 1952 3806 vos
2012 3751 2109 3805 lae-

541 3842 646 3894 tari
680 3863 692 3897 :
725 3859 946 3913 surgam
976 3843 1044 3898 de
1071 3858 1225 3908 casu,
1264 3842 1371 3899 Deo
1405 3843 1699 3913 adjuvante
1737 3862 1752 3898 :
1798 3843 1902 3899 etsi
1949 3843 2110 3914 quasi

541 3947 637 4003 per
671 3933 878 3988 medias
932 3936 1186 3990 tenebras
1235 3936 1289 3989 in
1326 3937 1484 3990 malis
1531 3936 1770 4006 gradiar,
1820 3935 1939 3990 luce
1975 3936 2108 3990 mihi

541 4023 882 4094 splendidius
912 4025 1190 4097 amilgebit
1219 4027 1311 4082 Dei
1336 4027 1620 4081 auxilium.
1659 4047 1676 4078 ι
1701 4028 1838 4082 iram
1867 4027 1963 4082 Dei
1988 4042 2115 4098 por-

539 4117 696 4179 tabo,
729 4118 990 4186 quoniam
1039 4119 1264 4190 peccavi
1298 4119 1372 4182 ei,
1442 4120 1616 4174 donec
1658 4135 1884 4174 causam
1939 4136 2111 4176 meam

537 4210 768 4279 judicet,
793 4218 846 4264 et
872 4221 1092 4280 peragat
1127 4210 1394 4280 judicium
1449 4227 1652 4266 meum.
1691 4211 1896 4268 Educet
1930 4229 2016 4267 me
2059 4213 2115 4266 in

519 4301 742 4364 iucem,
786 4301 980 4356 videbo
1024 4302 1294 4371 justitiam
1323 4303 1465 4371 ejus.
1498 4322 1516 4354 ι
1566 4302 1705 4356 Iram
1744 4303 1884 4372 ejus,
1920 4313 1974 4358 ct
2000 4319 2116 4358 mo-

544 4393 732 4449 lestias
779 4394 906 4449 inde
952 4402 1240 4449 manantes
1298 4402 1520 4466 propter
1582 4403 1804 4465 peccata
1859 4406 2116 4465 expertus

546 4498 688 4536 sum.
708 4484 982 4540 Concedet
1015 4494 1198 4542 tamen
1232 4486 1362 4540 mihi
1382 4489 1800 4542 conversionem
1820 4487 1872 4541 in
1897 4489 2112 4553 melius,

546 4572 663 4642 ipse
691 4575 818 4628 mihi
846 4576 938 4644 jus
959 4577 1193 4632 reddens
1226 4577 1294 4633 de
1321 4579 1386 4632 iis
1419 4594 1539 4650 quae
1573 4595 1603 4634 a
1637 4581 1854 4635 cunctis
1878 4581 2116 4636 inimicis

547 4663 686 4717 nieis
707 4667 904 4734 pertuli
941 4667 1151 4738 inique,
1181 4668 1423 4740 mihique
1470 4669 1612 4740 quod
1645 4685 1857 4740 aequum
1899 4679 1982 4724 est
2017 4669 2115 4724 ad-

541 4751 810 4822 jttdieabit
845 4773 860 4810 :
898 4770 1092 4826 meque
1147 4757 1283 4813 adeo
1337 4759 1393 4814 in
1450 4762 1791 4828 propriorum
1847 4760 2112 4814 bonorum

547 4844 834 4912 splendore
859 4847 1169 4914 collocabit,
1217 4857 1275 4903 ut
1312 4849 1597 4906 manifesta
1637 4833 1809 4922 atque
1829 4852 1987 4921 207
2031 4852 2116 4905 in-

547 4935 711 4991 dubia
743 4939 1105 5007 appareatDei
1139 4940 1414 5005 voluntas,
1448 4960 1556 5012 qua
1592 4944 1658 4998 de
1682 4944 1826 5012 juris
1861 4945 2119 5014 aequitate

549 5029 844 5090 sollicitus,
879 5029 946 5084 ab
983 5031 1425 5088 incumbentibus
1473 5035 1633 5090 malis
1677 5050 1764 5089 me
1795 5037 2120 5101 sublevavit,

547 5128 602 5174 et
631 5122 724 5191 qui
753 5122 882 5178 mihi
923 5130 1126 5177 temere
1170 5123 1734 5193 injuriaml‘acieba‘ut
1771 5127 1920 5196 juste
1956 5128 2120 5197 puni-

545 5212 655 5272 vit,
703 5213 759 5268 id
813 5215 957 5269 enim
1014 5216 1277 5271 denotant
1328 5217 1522 5271 verba:
1560 5217 1807 5274 «Videbo
1852 5221 2120 5289 justitiam

545 5303 720 5372 ejus.)
743 5305 825 5371 Et,
859 5308 1130 5379 «Aspiciet
1157 5309 1376 5364 inimica
1408 5324 1546 5372 mea,
1571 5320 1622 5365 et
1645 5311 1921 5380 operietur
1940 5311 2130 5365 confu-

549 5397 730 5460 sione,
778 5411 900 5468 qua:
952 5403 1084 5456 dicit
1135 5403 1312 5458 mihi:
1359 5401 1461 5458 Ubi
1525 5413 1610 5457 est
1666 5404 1928 5459 Dominus
1984 5404 2123 5459 Deus

551 5493 722 5545 tuus?
741 5511 758 5542 ι
787 5491 941 5546 Tunc
964 5510 1081 5548 eam
1109 5498 1351 5565 pudebit,
1371 5498 1512 5568 quod
1540 5498 1669 5553 mihi
1691 5499 2118 5569 exprobraverit,

551 5583 761 5636 nullum
811 5597 898 5636 me
947 5583 1148 5638 habere
1195 5603 1224 5639 a
1261 5587 1372 5643 Deo
1420 5588 1704 5645 auxilium.
1750 5589 1878 5642 dum
1915 5587 2120 5642 videbit

555 5687 813 5736 arcanum
841 5674 964 5744 ejus
985 5691 1111 5747 erga
1126 5693 1212 5734 me
1241 5680 1625 5749 patrocinium.
1651 5699 1668 5731 ι
1693 5678 1846 5736 Oculi
1865 5679 1969 5734 mei
1991 5694 2115 5749 spe-

2261 3386 2634 3458 -Στίχ..η’-ια’.
2658 3401 2764 3435 -ι
2793 3385 2884 3456 Μὴ
2918 3386 3170 3458 ἐπίκαιρὲ
3222 3403 3333 3456 μοι,
3372 3386 3406 3457 ἡ
3440 3383 3610 3456 ἐχθρά
3650 3400 3785 3454 μου,

2207 3483 2287 3536 ὅτι
2320 3479 3093 3558 πέπτωκα-καὶάναστήσομαι
3115 3496 3128 3509 ο
3160 3478 3292 3532 διότι
3323 3479 3424 3550 ’ἐὰν
3450 3477 3542 3530 καὶ
3582 3493 3790 3546 πορευο

2209 3573 2286 3626 Θῶ
2311 3574 2370 3626 ἐν
2395 3573 2471 3643 τῷ
2505 3572 2707 3636 σκότει,
2727 3571 2933 3643 Κύριος
2965 3574 3154 3641 φωτιεί
3196 3589 3308 3641 μοι.
3349 3590 3367 3621 ι
3420 3570 3664 3634 Ἐξέσται
3712 3571 3790 3642 δή

2215 3680 2305 3734 μοι
2334 3663 2454 3717 τότε
2485 3664 2579 3716 καὶ
2609 3663 2746 3735 πρὸς
2777 3664 2902 3725 τοὺς
2937 3663 3124 3732 ἐμοὺς,
3159 3663 3254 3715 καὶ
3288 3661 3520 3732 μάλιστά
3549 3677 3610 3730 γε
3652 3660 3796 3713 πάν-

2209 3770 2316 3806 των
2336 3752 2468 3822 πρὸς
2491 3753 2619 3815 τοὺς
2659 3750 2989 3822 Ἰδουμαίους
3010 3751 3209 3818 λέγειν,
3246 3753 3323 3815 ὡς
3365 3751 3620 3823 Περιττὺν
3655 3751 3794 3820 ὑμῖν

2209 3847 2270 3900 τὸ
2299 3846 2593 3916 ἐφήδεσθαί
2639 3863 2728 3916 μοι
2789 3845 3028 3916 πεσούσῃ
3069 3862 3084 3875 ο
3113 3847 3487 3916 ἀναστήσομαι
3531 3845 3640 3916 γὰρ
3687 3846 3793 3899 τοῦ

2212 3940 2504 4009 πτώματος
2528 3940 2593 4008 τῇ
2625 3940 2763 4010 ῥοπῇ
2801 3941 2866 4009 τῇ
2901 3937 3019 4010 Οείᾳ
3049 3955 3062 3969 ·
3087 3937 3228 3990 ῶστε
3267 3940 3314 3990 εἰ
3345 3939 3435 3992 καὶ
3476 3938 3631 4008 δίκην
3660 3940 3796 3991 σκό-

2210 4047 2337 4093 τους
2377 4032 2434 4082 ἐν
2471 4029 2620 4100 μέσῳ
2663 4029 3003 4100 πεπόρευμαι
3054 4028 3160 4082 τῶν
3195 4029 3402 4090 κακῶν,
3429 4028 3563 4082 ἀλλὰ
3607 4031 3798 4098 φωτός

2217 4139 2307 4193 μοι
2331 4122 2684 4196 λαμπροτέρα
2706 4124 2990 4192 γενήσεται
3021 4120 3112 4174 τοῦ
3135 4120 3267 4174 Θεοῦ
3289 4123 3322 4191 ἡ
3347 4119 3587 4192 βοήθεια.
3609 4139 3627 4170 ι
3667 4121 3794 4192 Ὅρα

2215 4214 2316 4284 γὴν
2366 4211 2569 4284 Κυρίου
2617 4213 2846 4284 ύποίσω,
2894 4213 2968 4283 (p.
3018 4211 3144 4278 ⁵516)
3189 4211 3270 4264 ὅτι
3319 4211 3562 4282 ἥμαρτον
3613 4211 3795 4282 αὐτῷ,

2215 4305 2318 4369 ἕως
2341 4303 2605 4378 δικαιώσῃ
2635 4303 2732 4378 τὴν
2757 4297 2912 4377 δίκην
2959 4321 3060 4375 μου
3081 4345 3096 4369 ,
3130 4304 3224 4357 καὶ
3261 4304 3463 4374 ποιήσῃ
3509 4303 3570 4356 τὸ
3603 4304 3804 4374 ¹κρίμά

2221 4410 2353 4465 μου·
2388 4395 2480 4448 καὶ
2529 4393 2708 4461 ἐξάξει
2740 4412 2805 4468 με
2849 4396 2928 4458 εἰς
2953 4395 3013 4448 τὸ
3048 4394 3185 4466 φῶς,
3221 4396 3314 4448 καὶ
3361 4394 3559 4466 ὄψομαι
3591 4395 3695 4464 τὴν
3715 4395 3801 4448 δι-

2217 4485 2507 4555 καιοσύνην
2559 4485 2746 4540 αὐτοῦ.
2794 4505 2812 4538 ι
2860 4487 2971 4557 Τῆς
3015 4487 3112 4556 μὲν
3144 4484 3447 4558 γάριόργῆς
3495 4487 3664 4540 αὑτοῦ
3698 4490 3802 4540 καὶ

2217 4563 2327 4628 τῶν
2378 4576 2627 4629 ἐντεῦθεν
2667 4575 2927 4649 λυπηρῶν
2959 4577 3035 4640 ὡς
3085 4576 3418 4649 ἡμαρτηκὼς
3453 4577 3758 4647 ἐπειράθην
3781 4593 3798 4609 ⁶

2222 4667 2446 4738 παρέξει
2479 4667 2536 4720 δέ
2567 4685 2657 4738 μοι
2685 4668 2782 4739 τὴν
2811 4670 2903 4721 ἐπὶ
2944 4668 3005 4721 τὸ
3053 4672 3294 4738 κρεῖττον
3335 4667 3662 4740 μεταϐολὴν,
3696 4670 3804 4722 αύ-

2217 4757 2310 4819 τός
2347 4774 2436 4827 μοι
2458 4757 2684 4820 δικάσας
2711 4757 2848 4828 ὑπὲρ
2877 4749 2951 4810 ὧν
2989 4757 3232 4810 πέπονθα
3258 4756 3408 4828 παρὰ
3437 4758 3658 4810 πάντων
3685 4759 3804 4811 τῶν

2147 4872 2190 4926 D
2220 4849 2609 4920 ἐχοραινόντων
2657 4849 2879 4913 ἀδίκως,
2909 4851 3003 4903 καὶ
3043 4849 3108 4921 δὴ
3145 4850 3240 4902 καὶ⁹
3287 4851 3587 4920 ἀπονείμας
3620 4868 3714 4919 μοι
3738 4850 3810 4904 τὸ

2217 4939 2422 4993 δίκαιον
2452 4940 2509 4992 ἐν
2535 4942 2601 5010 τῇ
2636 4941 2841 5010 κρίσει·
2879 4939 3021 5010 οὕτω
3040 4940 3096 4994 τέ
3131 4957 3200 5011 με
3235 4941 3293 4993 ἐν
3323 4944 3388 5012 τῇ
3441 4941 3806 5012 λαμπρότητι

2217 5030 2322 5084 τῶν
2353 5029 2567 5082 οἰκείων
2600 5029 2859 5106 καθιστὰς
2890 5030 3127 5099 ἀγαθῶν,
3145 5031 3286 5084 ὥστε
3316 5031 3576 5102 πρόδηλόν
3611 5048 3672 5084 τε
3703 5034 3808 5084 καὶ

2219 5121 2583 5200 ἁναμςρίδολὸν
2634 5140 2723 5192 μοι
2767 5123 3022 5196 γενέσθαι
3063 5114 3173 5193 τὴν
3205 5123 3430 5194 γνώμην
3487 5122 3582 5174 τοῦ
3632 5123 3804 5184 Θεοῦ,

2221 5215 2445 5286 καθ’ἥν
2477 5217 2570 5269 τοῦ
2625 5215 2830 5269 δικαίου
2881 5216 3190 5287 φροντίσας,
3239 5216 3340 5285 ἐμέ
3386 5232 3445 5267 τε
3487 5215 3594 5267 τῶν
3646 5232 3810 5285 περι-

2224 5309 2457 5379 εχόντων
2495 5310 2770 5382 ἀπήλλαξε
2795 5309 3020 5379 κακῶν,
3063 5309 3154 5362 καὶ
3189 5310 3314 5372 τοὺς
3358 5307 3693 5378 ἠδικηκότας
3729 5325 3810 5377 με

2229 5403 2402 5472 μάτην
2447 5403 2823 5475 ἐτιμωρήσατο
2872 5401 3094 5466 δικαίως
3141 5419 3154 5432 ο
3197 5402 3354 5456 τοῦτο
3387 5401 3493 5471 γὰρ
3526 5400 3683 5467 λέγει
3714 5401 3812 5466 τὸ,

2230 5513 2248 5543 ι
2271 5495 2508 5564 Ὀψομαι
2540 5498 2639 5566 τὴν
2678 5496 3022 5565 δικαιοσύνην
3052 5496 3238 5550 αὐτοῦ.
3270 5516 3286 5548 ο
3336 5494 3465 5558 Καὶ,
3503 5511 3524 5543 ι
3565 5494 3814 5562 Ὀψεται

2221 5587 2446 5658 ὴέχθρά
2473 5605 2596 5657 μου,
2633 5588 2726 5640 καὶ
2754 5587 2985 5656 καλύψει
3015 5589 3184 5658 αὐτὴν
3219 5588 3465 5658 αἰσχύνη,
3494 5588 3526 5656 ἡ
3557 5586 3818 5653 λέγουσι

2219 5681 2352 5751 πρὸς
2372 5697 2435 5749 με
2453 5696 2467 5710 ο
2510 5679 2616 5732 Ποῦ
2664 5679 2864 5749 Κύριος
2900 5682 2928 5732 ὁ
2951 5681 3080 5744 Θεός
3108 5697 3232 5739 acu:
3268 5701 3287 5733 ι
3315 5680 3446 5735 Τότε
3481 5679 3548 5751 δὴ
3571 5681 3820 5752 αἰσχυν-
