3992 6232
251 245 360 303 ενδ
1197 241 1732 302 (ΖΟΜΜΕΝΤΑΒΙΒΒ
1784 240 1853 297 IN
1900 241 2207 300 ιιιοιιλελε
2241 241 2402 300 CAP.
2451 241 2560 299 VII.
3368 234 3478 302 δίη

240 366 473 441 θήσεται
494 365 590 435 ἐφ’
614 357 705 430 οἷς
752 363 993 431 ὠνείδιζέ
1040 382 1156 438 μοι,
1186 365 1265 431 ὥς
1307 366 1560 437 οὐδεμιᾶς
1609 365 1814 436 τυγχά-

1918 367 2135 421 ctabunt
2166 364 2319 421 illud.
2346 382 2368 419 ι
2402 364 2517 437 Ego
2558 363 2704 420 enim
2733 378 2846 420 non
2891 362 3149 421 arumnis
3192 356 3375 419 salum
3409 364 3478 421 li-

245 473 391 511 νοντι
413 454 519 525 τῆς
548 459 702 527 παρὰ
746 455 844 509 τοῦ
882 454 1017 510 Θεοῦ
1052 454 1302 528 βοηθείας
1326 495 1342 521 ,
1368 455 1509 528 δρῶν
1532 454 1693 509 αὐτοῦ
1721 454 1820 525 τῆς

1918 458 2170 523 berahor,
2228 456 2325 513 sed
2378 458 2545 511 etiam
2601 454 2949 511 inimicorum
2983 463 3228 511 meorum
3263 455 3475 527 suppli-

240 549 381 620 αρὶ
404 549 506 619 ἐμὲ
540 546 869 619 κηδεμονίας
899 547 961 600 cs
1006 548 1335 620 ἀπόρρητον.
1371 567 1391 600 ι
1443 549 1505 603 Οἱ
1554 547 1820 619 ὀφθαλμοί

1918 551 2061 604 cium
2111 547 2329 603 videbo.
2396 565 2415 600 ι
2443 544 2601 601 Nunc
2649 546 2753 601 erit
2793 545 2850 600 in
2893 543 3359 601 conculcationem
3415 554 3477 600 ut

250 656 358 713 μου
379 638 669 709 imm;
703 638 896 710 αὑτήν.
943 656 963 689 ι
998 638 1074 691 Οὐ
1107 640 1216 710 γὰρ
1256 638 1421 702 αὐτὸς
1464 639 1621 710 μόνον
1649 639 1820 693 ἁπαλ-

1918 643 2087 697 lutum
2119 641 2350 694 viarum.
2388 638 2713 695 Dieslituraa
2739 638 2929 695 lateris
2958 655 2973 693 :
3000 637 3200 694 deletio
3224 647 3318 694 tua
3356 638 3477 695 dies

246 732 558 803 λαγήσομαι
584 730 695 784 τῶν
721 730 1079 794 auxitva
1103 731 1212 803 γὰρ
1239 731 1335 785 καὶ
1363 730 1462 795 τὰς
1481 731 1589 785 τῶν
1604 731 1820 802 ἔχθραι-

1918 731 2028 785 illa.
2051 747 2075 780 θ
2110 728 2535 784 Conculcaheris
2571 729 2639 783 ab
2672 729 2919 786 hostibus
2950 728 3046 783 luti
3108 730 3220 784 ritu
3262 730 3319 785 in
3370 730 3476 785 viis

244 822 448 879 νόντων
478 841 569 895 μοι
608 824 877 895 τιμωρίας
930 823 1150 894 ὄψομαι.
1179 842 1200 874 α
1227 823 1340 878 Νῦν
1365 823 1517 877 ἔσται
1546 825 1627 887 είς
1652 840 1820 877 κατα-

1918 822 2064 893 quod
2092 836 2122 875 a
2156 821 2317 876 turba
2349 821 2718 876 itinerantium
2749 821 3015 887 calcatur,
3036 829 3092 877 et
3111 820 3178 876 ad
3206 837 3366 877 usum
3397 822 3477 876 la-

238 916 480 986 -πάτημα
529 917 607 978 ὡς
652 916 822 988 πηλὸς
872 916 931 969 ὲν
977 918 1099 979 ταῖς
1140 914 1279 979 ὁδοῖς
1308 930 1330 951 -⁶
1366 916 1550 986 ἡμέρα
1588 915 1820 986 ἁλοιφῆς

1920 915 2052 971 teris
2082 913 2229 968 varie
2253 912 2512 977 mollitur,
2558 912 3014 983 quemadmodum
3073 913 3110 967 ii
3158 914 3477 984 plerumque
3550 930 3555 943 ν

245 1008 495 1075 πλίνθου,
514 1005 797 1078 ἑξάλειψίς
830 1025 922 1062 σου
949 1009 982 1075 ἡ
1006 1008 1193 1079 ἡμέρα
1206 1007 1414 1077 Δἐκείνη.
1448 1027 1465 1058 ι
1494 1008 1819 1078 Καταπατη-

236 1099 388 1173 θήσῃ
424 1104 534 1173 γάρ
559 1100 665 1155 ὑπὸ
682 1102 793 1157 τῶν
814 1101 1090 1172 πολεμίων
1121 1099 1295 1171 πηλοῦ
1319 1098 1474 1170 δίκην
1496 1101 1554 1154 ὲν
1580 1100 1733 1164 ηόδοὶς
1759 1116 1819 1153 τε

244 1191 352 1246 ὕπὸ
383 1193 623 1264 πλήθους
676 1192 786 1247 τῶν
834 1192 1256 1265 ὁδοιπορούντων
1300 1192 1645 1262 πατουμένου
1666 1232 1682 1258 ,
1726 1192 1820 1246 καὶ

234 1284 337 1336 ἐπὶ
384 1282 622 1339 πλίνθων
670 1283 907 1357 ἐργασίᾳ
966 1283 1464 1356 διαμαλαττομίνου
1522 1284 1813 1351 ποικίλως,

234 1374 323 1444 (p.
344 1374 473 1443 517)
503 1374 644 1444 ὅπερ
669 1368 763 1445 οὖν
789 1376 904 1438 τοῖς
933 1373 1002 1428 τά
1038 1373 1264 1428 τοιαῦτα
1282 1372 1672 1445 ἐργαζομένοις
1694 1372 1814 1439 ἔθος

1916 1004 2127 1060 faciunt
2154 1004 2247 1074 qui
2293 1019 2412 1059 eam
2443 1014 2617 1060 artem
2663 1013 2937 1071 exercent,
2980 1011 3041 1058 ut
3079 1005 3317 1075 mitigata
3369 1019 3479 1059 ma-

1915 1095 2053 1151 teria
2098 1094 2165 1149 ad
2199 1110 2358 1150 usum
2402 1094 2553 1149 illum
2610 1094 2682 1150 sit
2720 1094 2916 1166 aptior.
2971 1092 3120 1149 Talis
3148 1098 3224 1150 tui
3257 1111 3476 1167 quoque

1912 1183 2020 1241 erit
2048 1199 2143 1255 per
2182 1183 2316 1239 illud
2349 1192 2565 1255 tempus
2613 1184 2832 1249 deletio,
2881 1185 2937 1241 id
2980 1194 3066 1241 est
3100 1186 3366 1243 deleberis
3408 1187 3476 1242 ab

1921 1276 2170 1332 hostibus
2193 1276 2346 1330 varie
2378 1276 2838 1333 conculcantibus
2858 1284 2932 1343 te,
2966 1283 3022 1333 et
3051 1276 3349 1333 crudeliter
3378 1277 3476 1333 ad-

1918 1369 2138 1425 modum
2168 1369 2601 1426 conterentibus.

240 1470 339 1523 ἐπὶ.
375 1469 626 1523 πλεῖστον
685 1470 881 1534 ποιεῖν,
926 1469 1011 1535 ὼς
1083 1468 1151 1524 ἂν
1186 1469 1430 1536 λεανθεὶς
1484 1472 1623 1545 πρὸς
1676 1472 1777 1544 τὴν
1826 1469 2194 1542 προκειμένην
2240 1466 2668 1538 ἐπιτηδειότερος
2724 1468 2936 1535 γένοιτο
2986 1467 3201 1538 χρείαν.
3240 1464 3474 1538 Τοιαύτη

243 1567 344 1621 καὶ.
380 1565 499 1629 σοῦ,
536 1566 709 1637 φησὶ,
738 1565 864 1620 κατ’
915 1566 1120 1620 ἐκεῖνον
1162 1564 1255 1621 τὸν
1298 1567 1491 1641 καιρὸν
1543 1568 1816 1640 ὲξάλειψις
1851 1567 2023 1631 ἔσται,
2051 1563 2325 1619 τουτέστιν
2367 1562 2539 1628 οὕτως
2578 1561 2941 1636 ὲξαλειφθήσῃ
2980 1563 3085 1617 ὑπὸ
3138 1562 3245 1618 τῶν
3294 1563 3475 1618 ἐπιόν-

236 1674 356 1711 των
409 1674 489 1710 σοι
516 1655 789 1727 πολεμίων
808 1699 824 1724 ,
857 1657 1118 1722 ποικίλως
1157 1659 1612 1714 καταπατούντων
1641 1660 1701 1715 τέ
1746 1676 1807 1713 σε
1836 1658 1929 1714 καὶ
1958 1656 2350 1729 συντρισόντων
2379 1654 2515 1727 μετὰ
2556 1653 2756 1726 πολλῆς
2775 1654 2873 1725 τῆς
2896 1653 3157 1724 ἀφειδίας.

320 1773 468 1842 Στίχ.
494 1771 585 1841 ιβ’,
614 1775 702 1841 ιγδ.
722 1801 790 1811 —
809 1789 829 1823 ι
873 1771 1174 1828 Ἀπώσεται
1202 1773 1408 1864 νόμιμά
1438 1790 1531 1828 σου
1564 1776 1598 1846 ὴ
1632 1774 1813 1847 ἡμέρα

1981 1773 2150 1829 Vens.
2172 1770 2259 1836 12,
2291 1768 3127 1842 l5.—¢Expelletlegitimatua.
3164 1770 3279 1828 dies
3308 1772 3420 1829 illa.
3447 1792 3468 1827 ι

246 1863 453 1933 ἐκείνη.
502 1882 523 1916 ι
595 1864 923 1935 Ἐρήμωσιν,
973 1866 1157 1934 φησὶν,
1196 1867 1493 1937 ὑπομενεῖς
1552 1866 1809 1938 παντελῆ·

242 1954 399 2008 τοῦτο
427 1953 538 2024 γάρ
564 1953 716 2024 δηλοῖ
762 1953 869 2008 τῶν
903 1955 1149 2031 νομίμων
1192 1957 1224 2028 ἡ
1272 1957 1580 2030 ἀφαίρεσιςο
1627 1957 1812 2029 ἐπειδὴ

237 2048 425 2117 πάσης
452 2045 728 2109 πολιτείας
753 2047 848 2099 καί
870 2046 1043 2118 ἀρχῆς
1072 2048 1418 2121 συνεστώσης
1446 2050 1566 2120 μὲν,
1596 2049 1810 2120 ἀνάγκη

234 2137 308 2189 τά
344 2136 564 2207 νόμιμα
592 2138 833 2206 κρατεῖν,
866 2130 1061 2209 οἷσπερ
1092 2133 1185 2193 οὖν
1217 2138 1470 2192 εἰώθασιν
1492 2141 1539 2192 οἱ
1569 2140 1687 2194 κατ’
1719 2139 1815 2193 αὑ-

234 2228 333 2296 τὴν
362 2225 691 2299 κεχρῆσθαι·
719 2226 951 2298 ἐρημίας
976 2227 1034 2279 δὲ
1071 2229 1163 2281 καὶ
1187 2229 1559 2300 αἰχμαλωσίας
1584 2229 1815 2284 καταλα-

232 2318 466 2388 ϐούσης,
500 2316 861 2386 ἀφανίζεσθαι
889 2316 996 2372 τῶν
1042 2318 1220 2390 νόμων
1249 2320 1461 2392 ἀνάγκη
1490 2321 1588 2393 τὴν
1619 2319 1772 2387 τάξιν
1797 2335 1813 2351 ·

232 2408 434 2476 ἐπάγει
478 2409 529 2475 γ’
560 2401 673 2461 οὖν’
717 2425 736 2458 ι
772 2407 882 2461 Καὶ
907 2408 964 2460 αἱ
995 2408 1179 2473 πόλεις
1211 2427 1303 2463 σου
1332 2410 1552 2480 ἥξουσιν
1577 2412 1657 2474 είς
1686 2425 1816 2477 συγ-

232 2498 499 2568 κλεισμὸν
565 2498 661 2551 καὶ
702 2496 1059 2569 διαμερισμὸν
1117 2499 1437 2572 Ἀσσυρίων.
1474 2519 1493 2552 ι
1548 2501 1657 2573 Τὴν
1704 2501 1814 2573 γὰρ

232 2588 414 2642 αἰτίαν
444 2588 548 2657 τῆς
590 2588 700 2640 τῶν
736 2587 981 2658 νομίμων
1011 2588 1352 2667 ἀφαιρέσεως
1398 2589 1547 2661 δηλοῖ
1580 2590 1815 2663 εἰρηκὼς

233 2676 316 2729 ὅτι
355 2676 639 2748 Ἀσσύριοι
684 2675 972 2729 καθελοῦσι
1015 2693 1075 2728 τε
1113 2678 1211 2740 τάς
1259 2676 1462 2743 πόλεις,
1494 2678 1586 2731 καὶ
1628 2678 1818 2750 διαμε-

234 2766 519 2837 τριοῦνται
548 2765 695 2819 κατὰ
739 2765 802 2818 τὸ
833 2765 1022 2819 δοκοῦν
1065 2768 1296 2830 ἑαυτοῖς.
1328 2786 1350 2818 ί
1400 2768 1512 2821 Καὶ
1543 2769 1600 2820 ai
1634 2769 1817 2834 πόλεις

237 2876 330 2911 σου
357 2860 415 2912 αἱ
435 2859 637 2927 ὀχυραὶ
662 2856 876 2911 ἔσονται
901 2859 978 2922 εἰς
1003 2859 1361 2930 διαμερισμὸν
1384 2860 1495 2913 ἀπὸ
1515 2859 1689 2931 Τύρου
1712 2861 1816 2926 ἕως

224 2947 330 3002 τοῦ
346 2947 602 3019 ποταμοῦ
620 2948 840 3019 Συρίας,
865 2950 957 3002 καὶ
975 2948 1084 3002 ἀπὸ
1106 2949 1378 3022 θαλάσσης
1398 2950 1503 3013 ἕως
1524 2950 1816 3022 θαλάσσης,

238 3039 336 3093 καὶ
390 3040 503 3092 ἀπὸ
542 3037 637 3091 τοῦ
685 3040 847 3111 ὅρους
884 3040 990 3107 ἕως
1014 3041 1109 3094 τοῦ
1138 3040 1318 3112 ὅρους.
1367 3060 1386 3093 ι
1428 3043 1547 3096 Ἵνα
1579 3044 1708 3119 είπῃ
1736 3045 1817 3098 ὅτι

721 3098 733 3111 .
826 3098 842 3103 -
970 3098 986 3107 ς
1173 3098 1185 3112 ι
1277 3098 1294 3105 -
1677 3098 1708 3119 α·

240 3131 464 3185 πάντων
510 3130 720 3184 τούτων
764 3134 1125 3204 κρατήσουσιν
1157 3134 1208 3186 οί
1252 3133 1523 3206 Ἀσσύριοι
1568 3122 1677 3188 τῶν
1716 3136 1819 3189 πό-
1846 3098 1889 3154 c

240 3223 400 3278 λεων·
429 3222 593 3277 τοῦτο
620 3224 679 3276 δὲ
718 3226 814 3278 καὶ
837 3227 867 3278 ὁ
903 3228 1190 3297 προφήτης
1230 3224 1409 3297 ’Δμὼς
1436 3226 1603 3298 δηλοῖ,
1632 3226 1700 3281 τὰ
1724 3246 1824 3281 κα-

238 3316 601 3387 ταληψόμενα
633 3316 739 3368 ὑπὸ
768 3314 878 3369 τῶν
925 3316 1226 3388 Ἀσσυρίων
1253 3317 1401 3371 κακά
1446 3319 1573 3382 τοὺς
1616 3320 1823 3390 περιοί-

241 3426 370 3473 κους
398 3409 602 3477 λέγων·
626 3426 659 3459 »ι
694 3408 904 3479 Ἡμέρα
942 3409 1132 3473 ὓδατος
1168 3410 1263 3463 καὶ
1295 3408 1524 3480 θορύϐου
1559 3410 1693 3481 (μγ
1727 3412 1823 3464 κα)⁸

242 3501 448 3572 ἐστινή
472 3501 549 3570 γῆ
575 3502 654 3563 εἰς
670 3501 979 3571 ἀφανισμὸν
1009 3501 1146 3571 μετὰ
1172 3500 1280 3555 τῶν
1312 3502 1706 3556 κατοικούντων
1731 3502 1824 3555 αύ-

242 3592 362 3661 τὴν,
386 3592 480 3663 (p.
512 3593 641 3662 διε)
680 3591 788 3645 ἀπὸ
820 3595 1045 3663 καρπῶν
1072 3593 1517 3666 ἐπιτηδευμάτων
1561 3593 1759 3650 αὐτῶν.
1794 3613 1814 3647 ι

255 3683 649 3738 Ἐπελεύσεται
675 3683 783 3753 γὰρ
812 3684 939 3753 ύμῖν
961 3684 1164 3755 πλῆθος
1193 3686 1487 3756 πολεμίων,
1514 3686 1671 3757 δίκην
1698 3685 1824 3740 ὓδα-

244 3790 334 3839 τος
361 3774 658 3840 ἑπικλύζον
710 3775 977 3839 ἅπαντας,
1006 3776 1110 3845 ἀφ’
1138 3769 1309 3848 οὗπερ
1336 3776 1487 3831 αύτοί
1518 3794 1578 3829 τε
1623 3776 1823 3848 πολλῆς

248 3865 680 3938 πληρινθήσεοε
705 3866 807 3937 τῆς
837 3866 1101 3939 ταραχῆς
1146 3868 1239 3921 atat
1284 3869 1464 3923 πάντα
1506 3868 1563 3921 δὲ
1592 3867 1663 3921 τὰ
1690 3868 1825 3938 ὑμέ-

246 3972 380 4029 τερα
411 3960 516 4011 σὺν
536 3958 669 4029 ύμῖν
691 3957 1140 4030 ἀφανισθήσεται,
1168 3959 1353 4030 ἐπειδὴ
1378 3958 1486 4012 τῶν
1513 3960 1823 4030 πραττομέ-

1913 1862 2294 1929 Solitudinem,
2319 1861 2515 1933 inquit,
2542 1861 2901 1917 universalem
2954 1862 3194 1933 patieris.
3242 1862 3298 1918 ld
3326 1864 3470 1919 enim

1911 1956 2132 2017 denotat
2179 1953 2538 2025 legitimorum
2580 1952 2815 2017 ablatio;
2859 1968 2985 2007 nam
3028 1953 3268 2023 quandiu
3313 1954 3475 2010 durat

1912 2048 2100 2121 politia
2132 2047 2315 2117 aliqua
2358 2055 2415 2102 et
2442 2046 2806 2119 principatus,
2833 2059 3058 2101 necesse
3100 2053 3186 2101 est
3236 2045 3475 2116 legitima

1912 2152 2129 2208 quoque
2162 2150 2532 2209 perseverare.
2564 2134 2769 2205 quibus
2797 2134 2835 2188 ii
2864 2134 2946 2188 uti
2977 2135 3154 2189 solent
3192 2136 3284 2206 qui
3318 2137 3373 2190 in
3408 2152 3472 2192 ea

1914 2227 2191 2299 republica
2212 2235 2370 2293 sunt;
2401 2242 2587 2282 verum
2629 2224 2774 2280 facta
2805 2226 3138 2297 captivitate,
3176 2228 3352 2296 legum
3385 2244 3476 2282 or-

1914 2319 2097 2374 dinem
2141 2317 2254 2373 tolli
2293 2332 2517 2373 necesse
2544 2325 2650 2372 cst.
2693 2315 2858 2371 Addit
2898 2317 3062 2386 igitur
3105 2335 3119 2370 :
3158 2334 3178 2369 ι
3214 2317 3281 2371 Et
3313 2319 3476 2374 urbes

1914 2417 2023 2465 tua;
2049 2409 2271 2465 venient
2317 2409 2371 2462 in
2406 2408 2815 2464 conclusionem
2848 2408 3281 2480 divisionemque
3310 2411 3477 2482 Assy-

1916 2499 2144 2553 riorum.
2177 2516 2197 2549 ι
2230 2497 2663 2553 Aufercndorum
2684 2502 2903 2553 causam
2933 2498 3294 2570 legitimorum
3320 2500 3474 2566 dicit,

1916 2591 2062 2662 quod
2118 2590 2330 2661 Assyrii
2380 2589 2637 2644 delebnnt
2674 2589 2861 2651 urbes,
2916 2597 2969 2643 et
3017 2605 3116 2660 pro
3180 2590 3336 2645 libito
3373 2607 3476 2647 suo

1915 2681 2239 2751 partientur.
2289 2698 2309 2732 ι
2368 2678 2436 2733 Et
2483 2681 2647 2733 urbes
2701 2687 2804 2732 tua:
2848 2680 3070 2734 munitae
3131 2681 3475 2751 partitionem

1918 2772 2192 2844 patientur
2217 2786 2248 2825 a
2268 2770 2413 2843 Tyro
2434 2785 2605 2840 usque
2636 2768 2703 2823 ad
2736 2768 2907 2841 Syriae
2937 2769 3137 2826 ﬂumen
3158 2812 3173 2836 ,
3199 2779 3255 2827 et
3284 2786 3314 2825 a
3338 2772 3477 2829 mari

1918 2865 1985 2918 ad
2023 2878 2192 2928 mare,
2220 2870 2275 2919 et
2300 2878 2330 2917 a
2355 2871 2537 2918 monte
2565 2862 2632 2917 ad
2670 2872 2935 2918 montem.
2973 2882 2992 2916 ι
3019 2862 3075 2919 id
3110 2872 3216 2930 est,
3241 2864 3474 2923 Cunctis

1908 2956 2042 3010 "istis
2069 2956 2345 3026 potientur
2364 2954 2573 3027 Assyrii
2626 2954 2875 3010 urbibus.
2898 2953 3013 3010 Hoc
3027 2955 3189 3010 etiam
3216 2957 3479 3027 propheta

1920 3047 2155 3102 Amosus
2202 3044 2474 3117 signiﬁcat
2508 3046 2577 3110 "’,
2627 3045 2756 3100 dum
2794 3046 2933 3100 mala
2972 3062 3093 3116 quae
3140 3049 3209 3101 ab
3236 3049 3476 3119 Assyriis

1919 3139 2084 3209 208
2128 3137 2344 3192 ﬁnitimi
2381 3138 2657 3207 patientur
2696 3137 2850 3193 dicit.
2890 3155 2909 3190 ι
2946 3136 3072 3194 Dies
3108 3154 3261 3210 aqua:
3299 3154 3364 3195 ac
3391 3147 3480 3194 tu-

1918 3227 2147 3281 multus.
2181 3226 2404 3295 Eritque
2436 3234 2583 3280 terra
2622 3226 2677 3280 in
2707 3225 3136 3282 destructionem
3166 3242 3293 3282 cum
3320 3228 3477 3285 habi-

1918 3320 2191 3375 tatoribus
2243 3320 2397 3383 suis,
2431 3319 2523 3389 qui
2560 3325 2721 3374 erunt
2776 3318 2985 3375 fructus
3033 3318 3479 3376 adinventionum

1919 3426 2130 3466 eorum.
2170 3431 2189 3464 ι
2226 3410 2583 3481 Superveniet
2628 3412 2786 3466 vobis
2843 3412 3083 3467 hostium
3142 3413 3476 3479 multitudo,

1918 3517 2072 3571 aqua:
2116 3502 2291 3555 instar
2328 3509 2555 3556 cunctos
2601 3500 2875 3557 inundans
2916 3520 2931 3557 :
2975 3500 3120 3557 unde
3160 3518 3259 3558 vos
3311 3505 3480 3559 multa

1920 3595 2331 3666 perturbatione
2390 3594 2772 3664 implebimini,
2814 3601 2869 3649 et
2919 3602 3102 3649 vestra
3157 3596 3338 3650 omnia
3386 3611 3480 3650 vo-

1920 3687 2133 3742 biscum
2159 3686 2531 3751 destruentur,
2561 3686 2689 3756 quia
2720 3684 2987 3740 factorum
3026 3696 3332 3743 vestrorum
3358 3689 3482 3758 jus-

1921 3787 2033 3833 tam
2059 3779 2200 3832 hanc
2241 3792 2455 3848 pmnam
2491 3778 2671 3834 luetis.
2715 3776 2833 3832 1am
2875 3785 3161 3850 postquam
3212 3782 3479 3839 hactenus

1922 3869 2061 3925 dixit
2096 3869 2442 3923 inimicorum
2474 3868 2730 3938 varieque
2769 3883 2864 3925 eos
2892 3871 3321 3927 excruciantium
3365 3888 3483 3944 poe-

1923 3977 2047 4015 nam
2070 4001 2086 4025 ,
2121 3961 2393 4015 convertit
2425 3960 2480 4014 in
2519 3960 2873 4029 sequentibus
2917 3961 2985 4016 ad
3016 3963 3274 4033 populum
3294 3964 3479 4023 verba.

249 4068 352 4105 νων
384 4052 522 4121 ὑμῖν
568 4052 838 4123 τιμωρίαν
872 4052 1075 4123 ταύτην
1105 4053 1330 4122 ύφὲξετε
1382 4054 1595 4109 δικαίαν
1615 4071 1629 4086 ο
1663 4055 1899 4128 εἰρηκὼς
1931 4056 1987 4110 δὲ
2025 4057 2131 4110 τῶν
2172 4056 2559 4127 ὲχθραινόντων
2603 4057 2785 4120 αὐτοῖς
2824 4055 3171 4129 πολυτρόπως
3203 4075 3263 4111 τε
3287 4059 3483 4126 αὐτοὺς

249 4144 636 4219 λελυπηκὸτων
664 4148 721 4200 ὲν
746 4145 955 4210 τούτοις
978 4146 1077 4218 τὴν
1105 4147 1391 4219 τιμωρίαν,
1418 4148 1605 4219 τρέπει
1638 4151 1818 4203 λοιπὸν
1846 4152 1981 4225 πρὸς
2008 4151 2098 4205 τδν
2131 4151 2257 4205 λαὸν
2286 4151 2376 4204 τὸν
2401 4150 2576 4219 λόγον.

317 4259 471 4329 Στίχ.
504 4258 805 4325 ιδ’-ιζ’,-.‹
831 4260 1092 4331 Ποίμαινε
1130 4262 1222 4319 τὸν
1254 4261 1383 4323 λαόν
1410 4279 1521 4319 σου
1553 4264 1611 4317 ὲν
1642 4265 1823 4337 ῥάϐδῳ

257 4350 424 4421 φυλῆς
454 4367 574 4416 σου,
609 4350 853 4423 πρόϐατα
888 4352 1249 4424 κληρονομίας
1272 4371 1389 4418 σου,
1419 4359 1826 4427 κατασκηνῶν-

256 4457 350 4505 τας
394 4442 539 4495 κατά
586 4443 755 4511 μόνας
787 4442 1011 4514 δρυμόν.
1042 4462 1072 4501 ›
1136 4444 1297 4500 Ἀλλὰ
1342 4445 1450 4517 γὰρ
1498 4448 1585 4513 σὺ,
1636 4448 1821 4518 φησὶν,

255 4533 674 4604 ἀπηλλαγμένος
696 4536 792 4605 μὲν
806 4535 1048 4606 θορύϐων
1062 4535 1158 4590 καὶ
1176 4537 1418 4609 ταραχῆς
1438 4538 1533 4591 καὶ
1550 4539 1820 4609 πολέμων,

1993 4265 2154 4322 Vens.
2196 4265 2382 4320 14-17.
2420 4296 2487 4306 -
2524 4283 2544 4317 ι
2586 4263 2764 4339 Pasce
2815 4266 3075 4337 populum
3125 4273 3280 4321 tuum
3333 4268 3485 4340 virga

1920 4366 2036 4418 tua.
2067 4374 2198 4414 oves
2240 4357 2575 4413 haareditatis
2608 4365 2748 4421 tuas,
2787 4358 3045 4412 solitatim
3081 4357 3391 4419 habitantes
3427 4361 3485 4417 in

1920 4452 2083 4506 saltu.
2114 4469 2135 4503 ι
2174 4449 2280 4504 Sed
2320 4450 2433 4519 jam
2476 4459 2556 4514 tu,
2595 4449 2792 4518 inquit,
2826 4464 2857 4502 a
2909 4451 3171 4515 tumultu,
3197 4454 3486 4523 perturba-

1920 4542 2068 4595 tione
2088 4546 2141 4595 et
2170 4539 2425 4594 hostibus
2449 4540 2585 4594 liber
2606 4579 2622 4604 ,
2648 4547 2702 4594 et
2733 4540 2787 4593 in
2822 4555 2956 4610 pace
2987 4558 3243 4623 versans,
3268 4544 3337 4600 da
3359 4561 3486 4615 ope-

255 4626 311 4675 ἐν
340 4627 537 4698 εἰρήνῃ
565 4626 620 4678 δὲ
648 4628 948 4697 τυγχάνων,
984 4628 1209 4685 κατὰτὸ
1238 4628 1359 4682 δέον
1380 4629 1531 4697 άγειν
1554 4629 1818 4694 σπούδαζε

1922 4646 2035 4684 ram
2057 4637 2116 4684 ut
2133 4630 2360 4687 honeste
2379 4638 2432 4685 te
2449 4644 2638 4701 geras;
2669 4631 2924 4701 quoniam
2947 4639 3000 4687 te
3017 4632 3159 4691 Deus
3180 4638 3485 4705 possessio-

262 4715 473 4767 σαυτὰν·
496 4714 686 4787 ἐπειδὴ
721 4717 782 4769 σὲ
812 4718 1002 4787 κτῆσιν
1030 4719 1236 4773 οἰκείαν
1264 4718 1616 4791 λογισάμενος
1636 4721 1665 4773 ὁ
1690 4720 1821 4785 Θεὸς

254 4812 441 4880 ἀφεῖλέ
475 4831 537 4867 τε
571 4814 681 4869 τῶν
708 4815 999 4886 πολεμίων,
1041 4817 1134 4869 καὶ
1165 4816 1613 4888 κεχωρισμένους
1652 4818 1825 4871 ἁπάν-

256 4918 365 4955 των
390 4904 548 4975 δίκην
574 4904 863 4975 προϐάτων
901 4905 998 4958 σὺν
1024 4905 1180 4981 ἀδείᾳ
1216 4906 1473 4976 νέμεσθαι
1500 4907 1733 4961 δέδωκεν
1766 4908 1823 4959 ὲν

255 4996 370 5058 τοῖς
390 4996 630 5060 οἰκείοις.
662 5015 680 5048 ι
730 4998 817 5050 Ἐν
852 4997 1001 5068 μέσῳ
1029 4997 1123 5051 τοῦ
1167 4998 1464 5069 Καρμήλου
1488 4999 1824 5069 νεμήσονται

253 5084 353 5154 τὴν
385 5085 672 5145 Βασανίτιν
698 5086 809 5147 ¹καί
833 5087 930 5156 τὴν
958 5085 1275 5141 Γαλααδίτιν
1311 5088 1454 5140 κατὰ
1482 5087 1580 5150 τὰς
1597 5086 1826 5157 ,ἡμέρας

251 5171 352 5225 τοῦ
381 5173 593 5238 αίιῖινοςο
627 5176 719 5233 καὶ
747 5175 887 5228 κατὰ
908 5175 1005 5234 τὰς
1030 5175 1239 5246 ἡμέρας
1270 5175 1369 5247 τῆς
1396 5174 1601 5242 ἐξοδίας
1626 5192 1726 5231 σου
1757 5178 1821 5228 ὲκ

252 5265 671 5337 γῆς,Δὶτύπτου
696 5269 1061 5335 δείξωααύτοῖς
1090 5267 1383 5332 θαυμάσια.
1415 5288 1434 5319 ι
1485 5269 1820 5338 ’Λπολῦψον-

330 5447 378 5479 "
407 5446 593 5511 Amos.
628 5464 747 5513 vm,
766 5448 866 5507 .12.

333 5623 977 5699 (MiAnimadvertamus
1008 5628 1145 5698 apud
1170 5628 1608 5699 Mopmestenum
1646 5629 1808 5684 trium

254 5697 681 5765 prgam-dentium
730 5698 1013 5752 verborum
1042 5697 1317 5753 ’hiblicu’m
1362 5701 1807 5767 additamentum,

546 5790 816 5852 Panos.
849 5791 967 5853 (in.
1003 5792 1229 5855 LXVI.

1920 4738 2045 4778 nem
2079 4738 2232 4777 suam
2262 4730 2540 4793 reputans.
2568 4721 2714 4775 eruit
2745 4737 2813 4776 ex
2847 4721 3123 4790 hostibus,
3156 4735 3210 4781 et
3238 4741 3485 4783 seorsum

1922 4814 1991 4869 ab
2022 4815 2295 4877 omnibus,
2337 4813 2496 4883 quasi
2532 4827 2663 4869 oves
2690 4828 2813 4867 cum
2840 4816 3136 4871 securitate
3170 4816 3318 4887 pasci
3353 4831 3485 4871 con-

1921 4903 2088 4958 cessit
2140 4901 2195 4955 in
2256 4900 2449 4971 patria.
2508 4918 2527 4951 ι
2563 4899 2619 4954 ln
2676 4901 2854 4956 medio
2902 4902 3138 4965 Carmeli
3178 4912 3488 4976 pascentur

1922 4993 2287 5055 Basanitidem
2317 4999 2371 5048 et
2420 4992 2836 5057 Galaaditidem,
2885 4993 3183 5049 secundum
3225 4995 3343 5050 dies
3390 5012 3491 5050 sas-

1924 5088 2030 5141 culi
2067 5105 2081 5141 :
2126 5085 2515 5147 etsecundum
2560 5085 2678 5141 dies
2716 5085 3043 5157 egressionis
3082 5092 3188 5143 tua:
3229 5083 3297 5147 de
3343 5096 3487 5144 terra

1927 5178 2146 5251 Egypti
2195 5175 2479 5243 ostendam
2525 5176 2605 5231 eis
2654 5162 2945 5230 mirabilia.
2997 5193 3017 5226 ι
3058 5174 3490 5247 ,Recuperahunt

1929 5272 2044 5325 loca
2066 5269 2317 5340 propria,
2351 5268 2495 5326 sicut
2522 5268 2654 5323 olim
2686 5266 2917 5337 {Egypto
2941 5267 3146 5335 egressi
3169 5270 3340 5323 multa
3365 5286 3487 5323 cum

1916 5628 2062 5704 quod
2111 5632 2358 5700 agnoscit
2407 5630 2568 5688 etiam
2614 5630 2879 5701 interpres
2904 5627 3174 5686 Arabicus
3222 5631 3273 5684 in
3333 5633 3487 5704 poly-

1914 5701 2115 5771 glottls.

3098 5795 3169 5858 13
