4054 6238
522 316 634 381 395

1724 315 2072 375 THEODORI
2105 313 2581 371 MOPSUESTENI

3624 314 3748 370 .596

529 442 771 517 potentia
811 443 1177 501 obtinuerunt.
1217 441 1404 513 Neque
1444 444 1589 499 enim
1630 442 1829 514 priscis
1869 442 2081 496 minora

2203 455 2291 502 rat,
2327 437 2479 508 φησὶ,
2509 438 2635 501 τοὺς
2676 437 2871 501 τόπους
2898 435 3024 501 τοὺς
3063 435 3318 502 οἰκείους,
3365 436 3507 492 καθὰ
3552 438 3648 491 καὶ
3687 438 3750 491 τδ

528 541 710 598 erunt,
744 548 863 603 qua:
891 548 1038 587 nunc
1074 532 1343 587 mirabilia
1397 532 1642 601 ipsorum
1686 546 1852 586 causa
1897 544 2089 600 cpera-

529 623 648 681 bor.
709 642 729 675 σ
789 622 1060 679 Videbunt
1102 633 1326 695 gentes.
1379 631 1433 679 et
1476 622 1881 679 confundentur
1921 637 2088 692 super

528 716 679 770 omni
717 715 1031 772 fortitudine
1078 716 1202 771 'sua.
1241 717 1415 783 »ρυω
1474 716 1661 771 horum
1707 716 1881 787 gratia
1927 714 2087 781 ﬁent,

533 806 845 862 incutiendo
873 807 1067 877 pudori
1099 809 1291 863 idonea
1325 815 1485 863 erunt
1518 809 1626 863 illis
1660 809 1751 878 qui
1789 816 1947 861 antea
1976 807 2091 862 bel-

533 896 644 950 lum
678 895 876 950 inferre
906 896 1214 959 voluerant,
1245 896 1373 965 quia
1399 897 1497 951 hos
1521 913 1550 949 a
1583 896 1767 952 divino
1790 895 2091 965 patrocinio

533 995 685 1042 tanta
718 987 769 1042 vi
811 987 1048 1041 munitos
1065 969 1357 1043 \videbunt.
1400 1006 1418 1038 ι
1460 987 1742 1057 lmponent
1765 1002 1983 1041 manum
2011 986 2091 1040 ori

534 1094 656 1136 suo.
690 1099 708 1129 ›
748 1078 1003 1135 Mirantes
1048 1080 1258 1134 scilicet
1296 1088 1571 1150 gestarum
1602 1095 1784 1134 rerum
1818 1078 2093 1150 magnitu-

532 1170 738 1225 dinem.
769 1187 788 1220 ι
831 1171 1003 1224 Aures
1041 1185 1229 1224 eorum
1275 1170 1691 1227 obsurdescent.
1731 1189 1751 1221 ›
1782 1169 1860 1225 Ne
1890 1170 2090 1225 auditu

533 1257 751 1328 quidem
780 1258 1011 1314 tolerare
1037 1266 1288 1329 poterunt
1320 1275 1522 1323 rerum,
1556 1268 1615 1314 ut
1642 1261 1778 1327 dixi,
1815 1269 2090 1331 gestarum

533 1350 984 1421 magnitudinem.
1024 1368 1042 1400 ι
1076 1350 1306 1420 Lingent
1338 1352 1615 1421 pulverem
1638 1352 1781 1407 sicut
1812 1362 2092 1421 serpentes

533 1445 630 1514 qui
674 1452 872 1497 terram
924 1441 1087 1513 209
1134 1443 1435 1497 attrahunt.
1474 1461 1493 1495 ι
1533 1441 1677 1496 Nihil
1718 1454 1895 1498 autem
1933 1446 2093 1498 rebus

533 1534 735 1589 vestris
775 1533 885 1604 iam
913 1534 1190 1589 adversari
1220 1535 1491 1598 valentes,
1522 1535 1579 1587 in
1611 1543 1811 1589 terram
1840 1541 2095 1589 corruent

534 1640 687 1681 more
733 1625 1062 1696 serpentium
1099 1625 1193 1695 qui
1226 1626 1372 1680 circa
1407 1626 1552 1679 illam
1581 1627 1893 1682 volvuntur.
1935 1647 1952 1679 ι
1989 1626 2094 1683 Te-

533 1714 811 1769 nebuntur
854 1715 908 1768 in
948 1715 1301 1769 conclusione
1349 1730 1469 1769 sua.
1512 1733 1530 1767 ι
1565 1712 1681 1769 Non
1724 1716 1965 1771 modicas
1993 1732 2093 1769 an-

2189 534 2452 605 πρότερον
2487 531 2863 604 ἐξεληλυθότες
2904 533 3003 603 τῆς
3041 532 3314 601 Αἰγύπτου
3367 533 3504 603 μετὰ
3551 532 3750 603 πολλῆς

2190 624 2449 694 κατέσχον
2479 624 2673 688 αὐτοὺς
2698 625 2796 695 τῆς
2815 624 3148 687 δυναστείας·
3177 624 3239 677 οὐ
3261 624 3369 695 γὰρ
3399 624 3619 678 ἔλαττον
3639 626 3751 679 τῶν

2189 716 2309 769 τότε
2339 717 2433 770 καὶ¹
2456 714 2547 769 νῦν
2564 716 2690 783 ἄξια
2718 716 2994 787 θαύματος
3019 715 3172 769 ἔσται
3200 716 3269 770 τὰ
3298 716 3425 787 περὶ
3444 717 3640 781 αὑτοὺς
3668 734 3737 787 γιι

2190 806 2391 877 νόμενα
2414 806 2542 879 παρ’
2567 806 2721 877 ἐμοῦ.
2755 824 2774 858 ι
2815 807 3043 877 Ὄψεται
3066 806 3190 878 ἔθνη
3216 809 3311 861 καὶ
3335 808 3753 880 αἰσχυνθήσεται

2190 900 2255 953 ὲκ
2282 899 2460 969 πάσης
2485 897 2586 969 τῆς
2616 897 2796 968 ίσχύος
2841 897 3040 951 αὑτῶν.
3078 918 3097 950 ι
3134 896 3210 967 (p.
3243 898 3370 967 519)
3423 898 3603 953 Ἱκανὰ
3643 899 3753 970 γὰρ

2191 991 2343 1045 ἔσται
2383 991 2451 1044 τὰ
2487 992 2614 1063 περὶ
2659 992 2855 1055 αὑτοὺς
2898 991 3176 1063 γινόμενα,
3210 992 3458 1057 καὶτοὺς
3497 993 3757 1064 πολεμεῖν

2191 1082 2456 1154 πρότερον
2497 1083 2682 1146 αὐτοῖς
2726 1082 3034 1151 ἐγνωκότας
3085 1084 3164 1147 είς
3196 1082 3394 1154 πολλὴν
3443 1084 3760 1155 περιϐαλεῖν

2191 1173 2473 1245 αἰσχύνην,
2498 1172 2739 1245 ὁρῶντας
2758 1177 2823 1245 τῇ
2848 1172 2968 1244 θείᾳ
2996 1172 3286 1245 κηδεμονίᾳ
3309 1174 3577 1244 τοσαύτης
3604 1177 3758 1230 ὲπει-

2191 1264 2503 1337 λημμένους
2532 1265 2831 1337 δυνάμεως.
2892 1286 2911 1320 ι
2955 1264 3302 1335 Ἐπιθήσουσι
3334 1268 3523 1336 χεῖρας
3564 1268 3655 1321 ἐπὶ
3693 1269 3758 1320 τὸ

2195 1359 2369 1430 στόμα
2399 1358 2598 1413 αὐτῶν.
2626 1377 2646 1412 ι
2679 1357 3056 1429 Θαυμάζοντες
3079 1357 3170 1411 ἐπὶ
3196 1356 3275 1427 τῷ
3302 1357 3517 1427 μεγέθει
3542 1359 3651 1411 τῶν
3676 1376 3758 1426 γιο

2192 1450 2454 1519 νομένων.
2489 1467 2509 1501 ι
2550 1449 2630 1502 Τὰ
2673 1442 2787 1502 ὦτα
2818 1446 2993 1501 αὐτῶν
3032 1447 3508 1518 ἀποκωφθήσεται.
3545 1466 3563 1499 ι
3594 1450 3669 1502 οὑ
3696 1450 3757 1503 δὲ

2193 1541 2329 1610 ἀκοῇ
2359 1540 2543 1611 φέρειν
2568 1539 2885 1611 δυνήσονται
2910 1538 3016 1592 τῶν
3045 1539 3385 1610 γιγνομένων
3417 1539 3477 1593 τὸ
3505 1539 3756 1609 μέγεθοςη

2200 1649 2218 1683 ι
2255 1628 2501 1692 Λείξουσι
2527 1629 2655 1700 χοῦν
2696 1628 2770 1693 ὠς
2799 1629 2921 1697 ὄφις
2947 1628 3203 1700 σύροντες
3235 1631 3356 1701 γῆν.
3396 1648 3415 1682 ι
3465 1630 3670 1683 Ἀνύειν
3698 1633 3760 1684 δὲ

2200 1723 2295 1775 ἐπὶ
2321 1724 2435 1785 τοῖς
2459 1721 2585 1791 περὶ
2609 1721 2754 1792 ὑμᾶς
2775 1720 3075 1791 γινομένοις
3097 1720 3379 1790 δυνάμενοι
3406 1719 3562 1773 πλέον
3582 1720 3760 1783 οὐδὲν,

535 1808 745 1878 gustias
775 1807 1047 1877 patientur
1072 1846 1087 1870 ,
1129 1806 1376 1860 hostibus
1410 1821 1505 1861 eos
1538 1807 1593 1861 in
1634 1807 1834 1862 caedem
1870 1807 2094 1861 conclu-

2203 1813 2366 1882 Szpewv
2393 1788 2547 1883 δίκην
2576 1788 2660 1875 είς
2680 1788 3097 1882 γῆνπεσοῦνται
3126 1788 3252 1883 περί
3282 1810 3481 1883 ταύτην
3507 1811 3762 1882 εἱλούμε-

536 1901 812 1956 dentibus.
856 1917 874 1950 ι
924 1898 979 1952 In
1025 1898 1254 1952 Domino
1301 1896 1410 1951 Deo
1454 1904 1643 1952 nostro
1686 1897 2092 1967 obstupescent,

536 2003 589 2048 et
626 2008 656 2045 a
708 2000 760 2047 te
811 1990 1201 2045 formidabant.
1233 2009 1251 2042 ι
1296 1987 1666 2061 Maguitudine
1702 2004 1886 2043 rerum
1926 1990 2095 2043 vcstri

538 2100 702 2140 causa
732 2100 761 2139 a
792 2085 904 2139 Deo
932 2092 1290 2153 patratarum,
1313 2081 1544 2137 exlasim
1570 2071 1858 2152 quamdam
1888 2080 2097 2151 patien-

537 2182 662 2237 tur,
699 2189 899 2245 pavore
937 2173 1286 2228 coucidentes
1311 2216 1327 2241 ,
1369 2181 1425 2227 et
1460 2188 1555 2228 vos
1582 2172 1637 2226 in
1676 2181 1955 2242 posterum
1988 2188 2096 2226 non

537 2266 868 2322 dubitabunt
896 2263 1117 2320 nonnisi
1149 2279 1180 2318 a
1225 2265 1333 2319 Deo
1366 2264 1527 2320 talem
1567 2262 1792 2335 adeptos
1823 2279 1946 2320 esse
1972 2279 2097 2334 pro-

540 2356 851 2413 videntiam.

608 2657 777 2714 Vnus.
804 2658 891 2723 18,
922 2657 1083 2713 l9.—
1154 2656 1357 2714 Deinde
1372 2665 1496 2727 post
1518 2657 1919 2728 praedictionem
1937 2673 2100 2714 even-

540 2760 787 2806 turorum
857 2750 992 2821 ipsis
1061 2750 1325 2809 bonorum
1354 2789 1371 2815 ,
1439 2750 1734 2819 gratiarum
1811 2752 2098 2820 quamdam

540 2842 810 2895 actionem
850 2840 920 2894 ad
956 2841 1070 2895 haec
1102 2839 1285 2893 omnia
1315 2840 1369 2893 in
1414 2841 1766 2909 sequentibus
1802 2839 1910 2896 Deo
1944 2857 2101 2897 exse-

542 2933 759 3004 quitur:
788 2950 806 2985 ι
832 2931 968 2998 Quis
993 2929 1136 3003 Deus
1172 2939 1232 2984 ut
1265 2939 1324 2985 tu
1347 2970 1363 2996 ,
1393 2933 1486 3002 qui
1523 2930 1705 2987 aufers
1736 2932 2098 3001 iniquitatem,

541 3032 597 3078 et
637 3024 837 3079 transis
874 3031 1093 3094 peccata
1130 3022 1481 3092 reliquiarum
1519 3023 1853 3079 haereditatis
1896 3025 2043 3079 tuae!
2077 3044 2095 3076 ι

2194 1922 2293 1960 νοι.
2333 1921 2351 1955 ι
2383 1903 2806 1975 Συσχεθήσονται
2833 1904 2889 1956 ἐν
2915 1903 3260 1973 συγκλεισμῷ
3294 1901 3488 1955 αὐτῶν.
3526 1922 3544 1955 ι
3591 1903 3761 1957 Ύπο-

2198 1993 2419 2068 μενοῦσι
2472 1992 2698 2065 συνοχὴν
2751 1994 2811 2047 οὑ
2863 1994 2961 2067 τὴν
3022 1995 3310 2066 τυχοῦσαν,
3370 1996 3765 2064 συγκλειόντων
3862 1996 3865 1999 ’

2196 2087 2391 2151 αὐτοὺς
2419 2086 2498 2149 είς
2528 2085 2737 2157 σφαγὴν
2763 2085 3055 2157 πολεμίων.
3090 2104 3108 2138 ι
3160 2085 3283 2139 Ἐπὶ
3326 2087 3513 2157 Κυρίῳ
3538 2085 3611 2157 τῷ
3640 2087 3764 2155 Θεῷ

2196 2178 2352 2249 ήμῶν
2407 2182 2790 2252 ἐκστήσονται,
2840 2182 2934 2234 καὶ
2986 2180 3380 2252 φοϐηθήσονται
3419 2180 3526 2233 ἀπὸ
3579 2179 3694 2235 σοῦ.
3736 2199 3759 2230 ο

2209 2271 2331 2323 Ἐπὶ
2358 2272 2464 2343 γάρ
2493 2289 2574 2325 τοι
2615 2272 2694 2343 τῷ
2735 2271 2952 2342 μεγέθει
3000 2271 3108 2325 τῶν
3138 2272 3287 2341 παρὰ
3316 2269 3409 2324 τοῦ
3441 2270 3572 2323 Θεοῦ
3610 2287 3763 2339 γινο-

2201 2361 2378 2432 μένων
2405 2364 2484 2425 είς
2524 2362 2780 2417 ἕκστασίν
2809 2380 2928 2416 τινα
2958 2363 3304 2425 πεπτωκότες
3322 2404 3336 2427 ,
3370 2362 3633 2432 φοϐεροὺς
3662 2362 3764 2414 καὶ

2200 2451 2341 2523 ὑμᾶς
2370 2452 2553 2506 λοιπὸν
2572 2452 2817 2525 νομιοῦσι
2849 2452 3115 2524 τοσαύτης
3137 2452 3468 2524 ἠξιωμένους
3488 2452 3588 2522 τῆς
3611 2470 3681 2505 πα
3692 2451 3773 2523 ρὰ

2198 2540 2292 2594 τοῦ
2326 2541 2460 2595 Θεοῦ
2490 2545 2762 2615 προνοίας.

2272 2654 2420 2725 Στίχ.
2454 2662 2543 2721 ιη’,
2577 2655 2661 2710 ιθν.
2680 2687 2749 2698 -—
2770 2652 2901 2709 Εἶτα
2925 2655 3060 2727 μετά
3083 2656 3180 2727 τὴν
3211 2656 3438 2727 μήνυσιν
3463 2656 3569 2709 τῶν
3595 2673 3773 2727 προσο

2200 2745 2471 2818 εσομένων
2513 2747 2694 2812 αὐτοῖς
2732 2747 2972 2816 ἀγαθῶν,
3014 2748 3089 2811 ὡς
3134 2747 3482 2818 εὐχαριστίαν
3529 2747 3651 2801 τινὰ
3701 2749 3770 2812 ἐξ

2200 2837 2453 2893 ἁπάντων
2511 2822 2776 2909 προσάγει
2833 2839 2902 2892 τὰ
2954 2839 3079 2910 ἑξῆς
3114 2838 3189 2909 τῷ
3241 2838 3393 2910 Θεῷο
3427 2857 3447 2891 ‹
3479 2840 3576 2903 Τίς
3629 2839 3768 2903 Θεὸς

2200 2926 2388 2999 ὥσπερ
2431 2928 2520 2993 σὺ,
2561 2928 2794 3000 ἐξαίρων
2836 2928 3082 2995 ἀδικίας,
3127 2930 3221 2983 καὶ
3265 2929 3605 3000 ὑπερϐαίνων
3643 2931 3773 2984 ἀσε-

2202 3020 2354 3083 ϐείας
2384 3022 2495 3083 τοῖς
2532 3019 2877 3084 καταλοίποις
2920 3022 3020 3091 τῆς
3076 3021 3439 3090 κληρονομίας
3487 3020 3684 3087 αὐτοῦς
3742 3040 3769 3075 ο

542 3116 700 3173 Nunc
746 3132 869 3171 cum
923 3116 1156 3170 maxime
1202 3130 1233 3169 a
1283 3116 1447 3187 rebus
1492 3117 1625 3187 ipsis
1671 3117 2100 3174 demonstratum

2205 3111 2319 3165 Νῦν
2344 3110 2504 3183 εἰπερ
2531 3111 2661 3165 ποτὲ
2707 3110 2892 3165 ἄλλοτε
2920 3110 2979 3175 ἐξ
3024 3111 3200 3165 αὐτῶν
3224 3111 3447 3175 δέδειξαι
3484 3111 3591 3165 τῶν
3620 3128 3773 3182 πρα-

543 3214 648 3269 est,
664 3215 719 3262 et
737 3220 990 3275 magnum
1023 3212 1075 3258 te
1100 3203 1265 3258 Deum
1288 3219 1428 3269 esse,
1449 3212 1502 3258 et
1520 3219 1748 3261 cunetos
1772 3206 2103 3277 benignitate

546 3312 833 3368 superare,
865 3304 918 3351 et
946 3305 1165 3365 peccata
1197 3296 1471 3350 dimittere
1496 3334 1512 3358 .
1542 3304 1595 3349 et
1626 3295 1971 3353 dissimulare
2002 3297 2105 3351 im-

545 3391 811 3460 pietates,
864 3399 915 3441 et
959 3402 1085 3456 erga
1145 3395 1361 3441 tuorum
1415 3387 1674 3457 reliquias
1728 3388 2104 3444 liberalitatem

547 3491 693 3535 tuam
731 3494 1067 3550 expromere.
1102 3497 1119 3530 ι
1159 3478 1223 3532 Et
1252 3495 1361 3532 non
1396 3480 1619 3534 retinuit
1646 3481 1702 3535 in
1733 3481 2104 3535 testimonium

544 3558 679 3630 iram
720 3587 897 3635 suam,
944 3572 1200 3641 quoniam
1246 3572 1432 3627 volens
1474 3572 1901 3628 miscricordiam
1940 3582 2043 3630 est.
2082 3592 2101 3626 ι

545 3667 727 3736 Neque
771 3665 914 3721 enim
959 3664 1163 3733 justam
1215 3678 1380 3734 quam
1429 3664 1660 3719 habebat
1711 3666 1974 3721 adversus
2011 3681 2107 3721 vos

544 3759 679 3813 iram
730 3757 822 3812 diu
873 3757 1107 3812 retinere
1148 3770 1340 3827 passus
1385 3764 1490 3819 est,
1534 3772 1846 3827 quanquam
1886 3771 1949 3811 ea
1985 3756 2109 3826 jure

543 3850 751 3920 optimo
789 3861 867 3903 uti
913 3849 1085 3918 potuit
1115 3866 1127 3901 :
1164 3848 1360 3902 etenim
1402 3864 1545 3918 saepe
1580 3849 1739 3903 nobis
1774 3855 2109 3903 contestatus

547 3943 723 3996 luerat
768 3954 887 4010 qua:
940 3939 1150 4009 passuri
1207 3940 1277 3994 ob
1331 3947 1549 4009 peccata
1597 3947 1784 3994 nostra
1827 3956 2107 4006 essemus;

546 4044 856 4102 quanquam
894 4045 992 4084 nos
1032 4030 1298 4083 minarum
1350 4030 1772 4084 admonitionem
1813 4032 1963 4100 pensi
2000 4047 2111 4085 non

548 4122 859 4178 habuimus.
889 4117 1271 4174 Verumtamen
1314 4119 1402 4173 ille
1424 4127 1619 4174 cuncta
1648 4120 1778 4174 vicit
1808 4122 2115 4177 misericor-

547 4217 638 4270 dia
664 4227 761 4268 sua
784 4254 799 4280 ,
846 4226 1008 4282 quam
1042 4226 1206 4280 super
1249 4210 1429 4264 omnia
1476 4210 1715 4266 exaltare
1761 4212 1915 4266 solet.
1943 4230 1962 4263 ι
1994 4213 2112 4282 Ipse

549 4313 893 4362 convertetur
917 4315 969 4360 et
995 4301 1341 4357 miserebitur
1375 4303 1571 4365 nostri,
1593 4314 1646 4357 et
1673 4303 2027 4373 projicientur
2056 4308 2110 4360 in

548 4398 873 4469 profundum
900 4396 1065 4451 maris
1092 4397 1272 4448 omnia
1307 4403 1525 4462 peccata
1557 4402 1757 4449 nostra.
1800 4414 1819 4446 ι
1849 4394 1986 4449 Nam
2018 4397 2111 4466 qui

2203 3202 2449 3273 γμάτων,
2497 3201 2671 3273 μέγας
2702 3202 2834 3266 Θεὸς
2877 3201 3103 3272 δυνάμει
3145 3219 3205 3254 τε
3251 3202 3344 3255 καὶ
3390 3202 3777 3273 φιλανθρωπίᾳ

2204 3295 2413 3357 πάντας
2442 3293 2627 3356 νικῶν,
2664 3292 2740 3363 (p.
2772 3292 2897 3364 520)
2947 3295 3040 3346 καὶ
3070 3293 3210 3347 λύων
3244 3293 3341 3364 μὲν
3375 3295 3774 3364 ἁμαρτήματα,

2205 3381 2704 3453 παραπεμπόμενος
2732 3382 2788 3435 δὲ
2811 3381 3081 3447 ἀσεϐείας,
3111 3385 3189 3447 εἰς
3213 3383 3269 3436 δὲ
3297 3384 3421 3447 τοὺς
3448 3383 3776 3448 ὑπολοίπους

2204 3474 2313 3528 τῶν
2345 3473 2558 3527 οίκείων
2600 3474 2700 3544 τὴν
2733 3474 3039 3545 φιλοτιμίαν
3081 3476 3519 3546 ἐπιδεικνύμενος
3554 3478 3653 3548 τὴν
3688 3479 3780 3530 ol-

2206 3564 2379 3621 κείαν.
2423 3584 2442 3618 ι
2474 3566 2550 3620 Οὑ
2582 3566 2837 3637 συνέσχεν
2864 3568 2943 3631 είς
2973 3568 3264 3641 μαρτύριον
3284 3570 3451 3641 ὀργὴν
3473 3571 3661 3636 αὑτοῦ,
3685 3572 3779 3626 ὅτι

2208 3653 2436 3727 θελητὴς
2456 3655 2637 3719 ἐλέους
2656 3656 2821 3710 ἐστίν.
2850 3676 2866 3707 ι
2896 3657 3028 3710 Οὐδὲ
3052 3658 3159 3730 γὰρ
3178 3659 3273 3728 τὴν
3295 3660 3460 3731 ὀργὴν
3474 3661 3539 3730 ἣν
3555 3661 3780 3715 δικαίαν

2208 3744 2321 3820 εἶχε
2363 3748 2485 3803 καθ’
2526 3748 2703 3820 ἡμῶν,
2744 3748 2992 3820 κατέχειν
3044 3750 3137 3804 ἐπὶ
3192 3750 3440 3805 πλεῖστον
3490 3753 3777 3824 ἠνέσχετο,

2209 3841 2385 3895 καίτοι
2412 3857 2474 3910 γε
2502 3841 2721 3904 δικαίως
2754 3840 2820 3895 ἂν
2858 3842 2995 3913 αὐτῇ
3027 3842 3395 3913 χρησάμενοςο
3424 3844 3615 3917 ἐπειδὴ
3640 3846 3782 3899 πολι

2209 3927 2363 3993 λὰκις
2390 3931 2488 4000 μὲν
2513 3931 2643 4000 ἡμῖν
2681 3928 3098 4000 διεμαρτύρατο,
3132 3932 3257 4003 περὶ
3277 3924 3443 4003 ὧνδὴ
3474 3936 3785 4006 πεισόμεθα

2212 4016 2507 4080 πταίοντες,
2537 4018 2783 4088 οὐδαμῶς
2810 4019 2865 4071 δὲ
2896 4019 2973 4090 τῷ
3001 4020 3360 4091 σωφρονισμῷ
3385 4022 3492 4074 τῶν
3528 4024 3777 4077 ἀπειλῶν

2211 4106 2676 4175 προσεσχήκαμεν·
2718 4105 2794 4176 τῷ
2817 4108 2950 4178 ἐλέῳ
2987 4108 3042 4162 δὲ
3067 4107 3279 4164 ἅπαντα
3306 4110 3551 4183 νενίκηκε
3582 4114 3662 4184 τῷ
3688 4118 3773 4167 οἰ-

2211 4197 2363 4267 κείῳ,
2394 4197 2450 4249 ὃν
2480 4195 2639 4268 ἔργον
2684 4199 2832 4271 αὐτῷ
2876 4201 3091 4255 πάντων
3135 4202 3478 4275 ὑπερτιθέναι
3520 4207 3783 4263 πάντοτε.

2217 4305 2236 4338 t
2271 4288 2441 4350 Αὐτὸς
2469 4290 2785 4360 ἐπιστρέψει
2814 4291 2907 4344 καὶ
2939 4292 3264 4365 οίκτειρήσει
3287 4296 3448 4365 ἡμᾶς’
3484 4298 3787 4353 καταδύσει

2211 4378 2308 4440 τὰς
2330 4378 2598 4451 ἁμαρτίας
2630 4380 2805 4450 ἡμῶν,
2836 4382 2929 4434 καὶ
2955 4382 3414 4455 ἁπορῥιφήσονται
3437 4388 3514 4446 εἰς
3536 4386 3604 4438 τὰ
3635 4387 3785 4461 βάθη

549 4468 650 4545 nos
680 4489 735 4542 in
768 4489 1131 4559 captivitatem
1170 4484 1369 4554 abegit.
1404 4500 1501 4539 sua
1530 4483 1708 4539 denuo
1741 4487 2102 4542 misericordia

2212 4468 2312 4536 τῆς
2346 4468 2619 4539 θαλάσσης
2640 4472 2809 4523 πᾶσαι
2839 4474 2892 4523 αί
2919 4472 3181 4543 ἁμαρτίαι
3209 4475 3415 4545 ἡμῶν.»
3448 4476 3503 4530 Ὀ
3520 4477 3629 4548 γὰρ
3646 4480 3791 4532 ἀπο-

552 4588 709 4633 utens
729 4618 743 4642 ,
772 4594 872 4633 nos
905 4577 1134 4639 reduxit,
1159 4576 1345 4630 delens
1373 4576 1593 4629 omnino
1637 4587 1859 4646 peccata
1893 4587 2075 4633 nostra
2096 4620 2110 4644 ,

549 4679 602 4720 et
628 4668 791 4721 veluti
824 4667 877 4719 in
910 4667 1161 4734 abyssum
1191 4666 1479 4734 quamdam
1523 4680 1584 4719 ea
1616 4666 1939 4735 projiciens,
1973 4668 2115 4723 unde

549 4760 641 4814 illa
662 4773 953 4829 exsurgere
989 4765 1042 4811 et
1084 4757 1344 4810 adversus
1393 4772 1492 4810 nos
1525 4758 1814 4827 praevalere
1838 4775 2111 4830 nunquam

553 4858 825 4922 poterunt.
882 4847 1123 4913 Denique
1187 4848 1659 4902 horumomnium
1709 4864 1931 4905 causam
1978 4852 2117 4907 reci-

551 4952 695 5008 tam,
718 4962 736 4992 ‹
766 4940 949 5005 Dabis,
986 4938 1181 5007 inquit,
1216 4939 1495 4992 veritatem
1539 4948 1685 4993 tuam
1722 4937 1927 5005 Jacoh,
1954 4943 2114 4997 mise-

553 5035 843 5089 ricordiam
874 5032 1213 5094 Abrahamo,
1254 5033 1395 5085 sicut
1429 5031 1628 5100 jurasti
1668 5030 1830 5100 210
1868 5034 2114 5100 patribus

553 5128 778 5189 nostris,
822 5125 973 5197 iuxta
1013 5123 1130 5177 dies
1174 5125 1403 5194 priores.
1456 5141 1474 5173 ι
1512 5122 1721 5176 Cuncta
1752 5123 1885 5186 haec,
1917 5123 2113 5194 inquit,

554 5217 727 5270 fecisti
750 5231 958 5270 memor
986 5215 1408 5286 promissionum
1435 5223 1677 5273 tuarum,
1709 5229 1843 5283 quas
1871 5216 2115 5284 patribus

556 5310 783 5372 nostris,
814 5307 1157 5378 temporibus
1187 5306 1379 5377 priscis
1408 5321 1508 5376 pro
1532 5313 1625 5359 tua
1664 5316 1949 5361 constante
1987 5308 2116 5363 libe-

555 5400 769 5451 ralitate
812 5396 981 5450 fecisti
1021 5416 1033 5451 :
1075 5397 1491 5466 promissiones,
1529 5396 1784 5464 inquam,
1821 5396 1939 5451 illas
1988 5406 2116 5454 tunc

553 5487 851 5551 eislecisti,
888 5502 1007 5557 quae
1032 5502 1175 5541 nunc
1195 5503 1322 5557 erga
1356 5504 1455 5544 nos
1482 5488 1695 5543 illorum
1726 5497 1974 5557 posteros
2003 5504 2033 5544 a
2063 5498 2115 5546 te

556 5580 613 5634 in
643 5596 753 5636 rem
778 5579 987 5638 collata:
1026 5578 1264 5635 fut-runt.

2215 4558 2435 4628 πέμψας
2479 4561 2626 4629 ἡμᾶς
2674 4562 2753 4623 είς
2792 4562 2891 4633 τὴν
2939 4563 3329 4632 αἰχμαλωσίαν,
3376 4568 3560 4638 οἰκείῳ
3617 4569 3790 4623 πάλιν

2215 4648 2347 4718 ἐλέῳ
2370 4650 2729 4719 χρησάμενος,
2757 4654 2902 4722 ἡμᾶς
2926 4654 3289 4725 ἐπανήγαγεν,
3320 4658 3595 4721 παντελῶς
3620 4663 3792 4731 ἡμῶν

2215 4740 2484 4807 ἀφανίσας
2514 4740 2611 4803 τὰς
2656 4743 2948 4813 ἁμαρτίας,
2979 4745 3071 4798 καὶ
3114 4745 3300 4819 ὥσπερ
3344 4750 3423 4812 είς
3461 4768 3582 4803 τινα
3619 4752 3793 4822 βυθὸν

2214 4829 2383 4893 αὑτὰς
2411 4829 2766 4902 καταρρίψας,
2790 4831 2881 4900 ἀφ’
2904 4825 3073 4904 οὗπερ
3096 4835 3262 4898 αὐτὰς
3286 4836 3576 4890 ἀνανεῦσαί
3606 4857 3665 4893 τε
3689 4844 3799 4896 καὶ

2218 4920 2432 4990 ίσχύσαι
2461 4921 2581 4973 καθ’
2608 4922 2764 4991 ἡμῶν
2787 4923 2887 4975 οὑκ
2911 4922 3080 4977 ἔνεστι
3102 4925 3196 4979 τοῦ
3213 4926 3418 4982 λοιποῦ.
3451 4929 3562 4983 Καὶ
3578 4930 3679 5001 τὴν
3706 4937 3804 4986 αξ-

2214 5014 2332 5065 τίαν
2350 5013 2598 5067 ἁπάντων
2617 5011 2804 5080 λέγων,
2829 5032 2846 5065 ι
2863 5014 3062 5080 Δώσεις
3078 5017 3331 5089 ἀλήθειαν
3355 5038 3446 5073 σου
3469 5021 3547 5092 τῷ
3563 5023 3798 5085 Ἰακὼϐ,

2215 5103 2361 5156 έλεον
2389 5102 2466 5173 τῷ
2504 5102 2773 5174 Ἀϐραὰμ,
2817 5106 3067 5178 καθάπερ
3110 5106 3328 5179 ὤμοσας
3357 5114 3469 5174 τοῖς
3510 5115 3803 5184 πατράσιν

2214 5196 2370 5265 ἡμῶν
2390 5195 2531 5250 κατὰ
2545 5197 2642 5260 τὰς
2656 5197 2867 5268 ἡμέρας
2887 5200 2985 5262 τὰς
3000 5200 3325 5271 ἔμπροσθεν.
3351 5223 3369 5255 ι
3392 5205 3647 5260 Ἀπαντα
3676 5209 3805 5279 γὰρ

2213 5284 2405 5348 ταῦτα,
2459 5287 2627 5356 φησὶ,
2679 5288 3005 5358 πεποίηκας,
3038 5289 3113 5360 (p.
3146 5291 3270 5361 521)
3302 5293 3409 5345 τῶν
3442 5294 3807 5366 ἐπαγγελιῶν

2219 5375 2475 5446 μνησθεὶς
2516 5378 2624 5429 τῶν
2654 5380 2889 5443 οἰκείων,
2933 5374 3007 5433 ὧν
3042 5382 3178 5452 πρὸς
3228 5384 3355 5448 τοὺς
3386 5385 3631 5457 πατέρας
3660 5405 3807 5455 τους

2213 5468 2513 5539 ἡμετέρους
2531 5469 2671 5522 κατὰ
2694 5471 2819 5535 τοὺς
2840 5472 3044 5526 ἄνωθεν
3065 5474 3360 5544 πεποίησαι
3382 5475 3605 5547 χρόνους
3636 5479 3811 5547 φιλο-

2214 5558 2368 5628 τιμίᾳ
2397 5562 2500 5611 τινὶ
2535 5558 2745 5632 βεϐαίῳ
2777 5561 2869 5615 καὶ
2897 5563 2996 5627 τὰς
3023 5564 3161 5636 πρὸς
3194 5565 3433 5631 ἐκείνους
3464 5568 3813 5642 ὑποσχέσεις

2213 5648 2333 5700 τότε
2353 5649 2734 5719 πεποιημένος,
2755 5653 2845 5703 καὶ
2864 5651 2958 5707 νῦν
2975 5654 3057 5724 ἐφ’
3072 5654 3229 5727 ἡμῶν
3252 5656 3359 5713 τῶν
3380 5656 3439 5723 ἐξ
3460 5659 3694 5723 ἐκείνων
3716 5664 3820 5729 εἰς

2216 5736 2371 5791 ξονον
2396 5737 2563 5804 αὑτὰς
2596 5739 2853 5797 ἐκϐαλών.
