3992 6232
220 193 326 263 ast
1331 151 1878 258 concurrimus
1916 195 1982 253 IN
2012 194 2385 256 manuum.
3347 193 3453 251 sos

604 339 699 384 ξ.
864 340 883 347 η
1146 339 1152 347 .
2106 345 2111 351 .
3220 342 3227 381 ε

833 522 1389 631 ΕΡΜΗΝΕῙΑ
1457 522 1827 629 NAOYM

1930 526 2143 626 ΓΟῩ
2218 530 2861 625 ΠΡΟΦΗΤΟΥ.

236 904 1386 1043 COMMENTARIUS
1486 925 1636 1039 IN
1715 905 2439 1042 NAHUMUM
2545 905 3454 1039 PROPHETAM.
3532 926 3543 941 ’

316 1347 383 1401 Ἦ
409 1345 616 1417 Νινευὴ
651 1344 804 1411 ¹ιιιόλις
826 1338 893 1418 ἧν
940 1340 1150 1420 μεγάλη
1169 1387 1186 1414 ,
1214 1346 1410 1418 πλήθει
1451 1364 1511 1401 τε
1540 1346 1769 1419 κομῶσα
1790 1387 1804 1412 ,

1980 1344 2174 1402 Ninive
2206 1345 2338 1401 urbs
2372 1344 2565 1417 mag’na
2616 1345 2753 1411 luit,
2809 1342 2992 1416 populi
3034 1350 3260 1398 numero
3293 1343 3473 1400 abun-

238 1435 419 1500 καθὼς
448 1438 483 1506 ἡ
510 1436 634 1490 θεία
660 1436 895 1491 διδάσκει
916 1438 1126 1509 Γραφὴ,
1156 1437 1382 1491 καὶτῶν
1407 1437 1465 1489 ὲν
1506 1437 1808 1509 Ἀσσυρίοις

241 1529 679 1598 περιφανεστάτη
722 1526 932 1588 πασῶν.
970 1528 1030 1580 ὲν
1063 1522 1193 1601 ᾖτά
1216 1545 1275 1581 τε
1309 1526 1551 1598 βασίλεια
1582 1527 1812 1597 ἐτύγχα-

240 1614 333 1669 νεν
356 1617 503 1683 ὄντα,
525 1618 622 1670 καὶ
644 1619 674 1671 6
696 1617 803 1671 τῶν
837 1618 1133 1691 Ἀσσυρίων
1161 1618 1411 1690 βασιλεὺς
1431 1617 1531 1683 τὰς
1554 1618 1811 1683 πλείστας

247 1710 479 1764 ἐποιεῖτο
517 1709 832 1781 διατριϐάς·
879 1710 1019 1763 ἀλλὰ
1047 1709 1156 1783 γὰρ
1197 1703 1378 1775 οὗτοι,
1410 1710 1552 1781 λέγω
1587 1711 1645 1765 δὲ
1688 1712 1814 1775 τοὺς

1909 1440 2070 1502 dans.
2110 1446 2166 1494 et
2204 1437 2616 1509 Assyriacarum
2645 1436 2889 1491 omnium
2929 1434 3300 1490 illustrissima
3324 1474 3339 1495 ,
3377 1433 3473 1488 ubi

1911 1530 2060 1601 regia
2105 1528 2305 1601 palatia
2357 1536 2537 1591 erant,
2586 1541 2787 1596 rexque
2836 1525 3187 1597 Assyriorum
3233 1524 3474 1595 plurimo

1913 1620 2041 1675 anni
2076 1622 2320 1689 tempore
2355 1618 2698 1673 Versabatur.
2728 1614 2900 1671 Porro
2929 1615 3093 1685 hujus
3116 1614 3270 1670 urbis
3303 1613 3473 1676 cives,

1912 1712 2127 1767 volente
2161 1705 2273 1765 Deo
2307 1716 2419 1765 Sua:
2442 1709 2629 1780 gratias
2659 1707 3031 1763 ostensionem
3065 1707 3243 1763 facere
3266 1748 3282 1772 ,
3313 1707 3478 1763 sicuti

244 1798 527 1864 οξκοῦντας
558 1800 658 1871 τὴν
693 1800 919 1872 Νινευὴ,
959 1800 1277 1874 βουλομένου
1310 1800 1525 1873 μὲνητοῦ
1552 1801 1687 1856 Θεοῦ
1714 1802 1816 1871 τῆς

1937 1819 2021 1857 am
2053 1802 2267 1873 planius
2288 1800 2527 1855 diximus
2554 1799 2682 1855 dum
2710 1799 2777 1854 ad
2799 1798 2941 1854 beati
2959 1796 3110 1853 Jonas
3133 1798 3475 1869 prophetiam

247 1891 453 1956 οἰκείας
497 1893 722 1964 χάριτος
768 1888 1095 1963 ποιήσασθαι
1144 1892 1243 1964 τὴν
1286 1893 1583 1959 ἀπόδειξιν,
1635 1893 1817 1957 καθὼς

248 1984 580 2052 σαφέστερον
612 1984 705 2036 ἐπὶ
731 1984 831 2054 τῆς
858 1983 952 2037 τοῦ
984 1984 1254 2055 μακαρίου
1292 1985 1447 2038 Ἰωνᾶ
1474 1984 1815 2056 προφητείας

239 2071 489 2142 Ξφθημεν
514 2071 781 2137 είπόντεςς
814 2058 924 2126 ἀπὸ
951 2072 1119 2143 μόνης
1147 2072 1374 2145 ἀπειλῆς
1398 2073 1503 2128 ὑπὸ
1529 2072 1810 2143 ἀγνώστου

241 2164 550 2234 γενομένης
587 2164 799 2234 ἀνδρὸς,
838 2164 1076 2236 τοσούτῳ
1138 2164 1543 2237 κατεσχέθησαν
1576 2164 1655 2237 τῷ
1679 2165 1819 2229 δέει,

241 2254 384 2307 ὥστε
432 2253 575 2325 μετὰ
623 2254 822 2307 πολλοῦ
859 2254 954 2308 τοῦ
991 2254 1190 2325 τάχους
1220 2256 1650 2329 μεταδληθέντες
1684 2257 1821 2329 πρὸς

242 2346 301 2399 τὸ
334 2348 592 2418 κρεῖττον
622 2346 768 2399 ίδείν’
800 2345 988 2418 ἐπειδὴ
1023 2346 1081 2400 δὲ
1103 2347 1390 2402 esseva
1411 2349 1595 2413 αὐτοῖς
1635 2352 1664 2404 6
1691 2349 1823 2414 Θεὸς

242 2437 339 2509 τὴν
387 2436 716 2509 προαίρεσιν
757 2436 1021 2501 ἐπιδεῖξαι
1065 2437 1166 2508 τὴν
1202 2438 1430 2501 οἰκείαν,
1459 2438 1692 2510 τοσαύτῃ
1725 2439 1825 2511 μὲν

243 2527 559 2600 ἐχρήσαντο
600 2526 871 2599 μοχθηρίᾳ
917 2525 1173 2598 γνώμης,
1219 2527 1457 2601 τοσαύτῃ
1493 2529 1548 2582 δὲ
1581 2529 1829 2602 ὠμότητι

246 2625 342 2678 καὶ
386 2622 600 2695 τρόπου
644 2621 837 2693 κακία,
874 2622 948 2691 (p.
993 2620 1119 2684 322)
1148 2619 1288 2677 ὥστε
1332 2623 1541 2687 πάντας
1573 2618 1672 2697 μὲν
1697 2626 1826 2689 τοὺς

226 2715 357 2768 τῶν
380 2714 519 2768 δέκα
548 2712 729 2782 φυλῶν
756 2712 1283 2785 ἐπιστρατεύσαντες
1323 2715 1702 2786 αἰχμαλώτους
1729 2715 1825 2769 λα-

249 2808 385 2861 ϐεῖν’
408 2804 788 2878 πορθήσαντες
811 2823 870 2858 τε
898 2805 1076 2859 αὐτῶν
1101 2805 1201 2867 τὰς
1222 2806 1424 2869 πόλεις.
1452 2807 1545 2859 καὶ
1567 2806 1637 2861 τὰ
1664 2817 1826 2879 προσ-

250 2900 380 2952 όντα
402 2897 594 2959 αὐτοῖς
613 2893 681 2949 δι’
704 2894 961 2966 ἁρπαγῆς
980 2894 1337 2965 ποιησάμενοι
1362 2895 1558 2961 πάντα,
1581 2895 1822 2967 ὁρμῆσαι

1916 1890 2715 1956 comntentaremur,Ninivita:,
2743 1889 2986 1962 inquam,
3006 1890 3077 1944 ob
3110 1890 3276 1945 unius
3312 1889 3481 1961 ignoti

1917 1985 2156 2041 hominis
2183 1985 2380 2049 minas,
2410 1984 2549 2039 adeo
2584 1993 2732 2039 metu
2763 1981 3000 2053 correpti
3027 1981 3266 2045 fuerunt,
3294 1989 3355 2036 ut
3388 1996 3485 2038 ce-

1916 2075 2102 2130 leriter
2120 2074 2410 2129 admodum
2438 2072 2844 2143 resipiscentes,
2882 2073 2950 2127 ad
2969 2073 3225 2129 virtutem
3253 2082 3479 2144 specta-

1917 2168 2115 2223 verint.
2146 2164 2443 2237 Postquam
2463 2181 2594 2222 vero
2628 2166 2863 2223 indulsit
2881 2166 2963 2223 eis
2994 2164 3161 2232 Deus,
3190 2167 3487 2237 quominus

1920 2259 2259 2331 propositum
2314 2272 2476 2313 suum
2534 2261 2946 2329 exsequeretur,
3003 2262 3154 2313 tanta
3204 2260 3291 2317 usi
3357 2270 3488 2316 sunt

1920 2348 2190 2422 pravitate
2210 2349 2401 2416 animi,
2426 2357 2578 2404 tanta
2600 2349 2926 2405 crudelitate
2949 2355 3003 2406 et
3022 2351 3227 2405 malitia
3249 2366 3486 2417 morum,

1923 2446 1984 2494 ut
2031 2441 2286 2510 suscepta
2342 2438 2535 2494 bellica
2593 2448 2786 2494 contra
2851 2438 3039 2495 decem
3097 2439 3273 2497 tribus
3331 2457 3491 2512 expo-

1923 2531 2165 2598 ditione,
2204 2546 2395 2587 omnes
2429 2532 2485 2587 in
2525 2532 2892 2603 captivitatem
2923 2531 3277 2596 abduxerim;
3305 2546 3488 2589 vasta-

1926 2623 2111 2692 tisque
2142 2622 2335 2677 barum
2382 2622 2614 2678 urbibus
2657 2629 2710 2678 et
2751 2623 2947 2693 opibus
3002 2622 3203 2694 ubique
3240 2623 3490 2696 direptis,

1929 2713 2173 2784 adusque
2194 2708 2564 2785 Hierosolyma
2590 2714 3091 2786 propinquaverint,
3118 2730 3279 2785 quam
3300 2716 3492 2773 urbem

1928 2820 2126 2876 capere
2150 2806 2489 2869 nitebantur,
2512 2805 2629 2860 sine
2651 2807 2760 2861 ulla
2784 2806 2867 2861 vel
2891 2806 3076 2874 templi
3094 2807 3175 2863 vel
3190 2808 3493 2880 religionis,

1928 2908 2036 2968 qua
2058 2897 2256 2953 ibidem
2278 2898 2423 2954 Deus
2448 2897 3073 2960 colebatur,reverentia.

252 2990 310 3043 es
357 2988 457 3043 καὶ
505 2988 691 3060 μέχρι,
718 2986 821 3056 τῆς
870 2985 1254 3057 Ἰερουσαλὴμ,
1298 2987 1365 3057 ἢν
1402 2987 1497 3039 καὶ
1547 2987 1797 3059 αἱρήσειν
1845 2988 2121 3055 ἔσπευδον,
2168 2990 2423 3061 οὐδεμίαν
2461 2990 2593 3045 αἰδῶ
2624 2990 2718 3045 τοῦ
2763 3009 2825 3045 τε
2862 2990 2991 3045 ναοῦ
3028 2991 3125 3047 καὶ
3167 2992 3266 3063 τῆς
3309 2993 3498 3051 αὐτόθι

254 3080 550 3151 γινομένης
576 3077 670 3132 τοῦ
698 3076 833 3130 Θεοῦ
857 3077 1221 3148 λαμϐάνοντες
1244 3078 1555 3150 θεραπείας.

325 3168 435 3226 Καί
462 3190 516 3225 τι
544 3164 734 3240 γέγονε
761 3169 1141 3241 παραπλήσιον
1176 3173 1291 3234 τοῖς
1329 3171 1387 3224 ὲν
1417 3170 1677 3241 Αἰγύπτῳ
1705 3172 1837 3225 ποτὲ

255 3263 563 3332 γεγονόσιν,
596 3261 686 3316 δτε
720 3259 917 3333 Φαραώ
941 3277 999 3313 τε
1031 3261 1060 3314 6
1089 3259 1386 3330 βασιλεύων
1410 3263 1468 3316 ὲν
1492 3261 1707 3327 αὐτοῖς,
1739 3263 1836 3315 καὶ

258 3356 461 3418 πάντες
483 3354 543 3407 δὲ
575 3354 625 3407 oi
656 3351 942 3423 Δίγύπτιοι
964 3352 1052 3407 διὰ
1084 3354 1323 3424 σπουδῆς
1351 3350 1495 3426 εἶχον
1518 3354 1610 3408 τόν
1634 3372 1695 3408 τε
1727 3355 1832 3409 Ἰα-

256 3445 377 3500 νιώϐ
405 3446 504 3500 καὶ
543 3444 636 3499 τον
681 3444 900 3516 Ἰωσὴφ.
930 3446 1025 3497 καὶ
1059 3445 1266 3509 πάντας
1296 3446 1423 3508 τοὺς
1457 3438 1834 3517 προσήκοντας

259 3539 448 3599 αὐτοῖς
495 3534 640 3590 κατά
674 3534 830 3602 γένος
852 3573 866 3597 ,
896 3533 1023 3605 ἄχρι
1052 3533 1254 3605 ταύτην
1299 3535 1497 3599 αὐτοὺς
1525 3534 1827 3598 ἀποσώζειν

258 3629 359 3700 τήν
384 3627 615 3698 γνώμην
647 3624 1053 3697 παρεσκεύαζεν
1083 3629 1112 3680 6
1138 3614 1286 3689 Θεός⁶
1327 3626 1403 3689 ὼς
1426 3624 1483 3680 δὲ
1502 3627 1829 3682 ὲπεδέδωκεν

264 3721 363 3788 μὲν
383 3720 467 3783 είς
487 3718 692 3787 πλῆθος
712 3720 742 3771 6
760 3717 906 3781 λαὸς,
930 3717 1145 3786 ἔπειγεν
1164 3718 1220 3770 δὲ
1246 3718 1274 3771 6
1296 3718 1394 3788 τῆς
1415 3717 1592 3784 ἐξόδου
1617 3718 1826 3789 καιρὸς,

263 3811 523 3865 ἑνδέδωκε
548 3809 624 3882 τῷ
651 3825 712 3863 τε
739 3805 937 3881 Φαραὼ
964 3809 1057 3862 καὶ
1085 3811 1195 3873 τοῖς
1233 3808 1549 3877 Αἰγυπτίοις
1575 3808 1673 3879 τὴν
1713 3809 1832 3861 ἑαυο

261 3904 372 3957 τῶν
397 3904 532 3975 περὶ
563 3886 804 3965 ἐκείνους
834 3900 1091 3968 ἐπιδεῖξαι
1120 3901 1338 3965 κακίαν,
1379 3899 1518 3953 ὥστε
1547 3900 1641 3953 καὶ
1676 3899 1826 3971 πάσῃ

263 3992 574 4067 χρήσασθαι
627 3992 827 4062 σπουδῇ
880 3992 1086 4054 πάντας
1141 3991 1338 4054 αὐτοὺς
1390 3991 1559 4062 ἄρδην
1589 3990 1827 4044 άνελεῖνο

263 4087 486 4155 ἀφορμῇ
515 4082 573 4136 δὲ
596 4082 767 4152 ταύτῃ
790 4082 1130 4153 χρησάμενος
1151 4079 1320 4144 οὕτως
1347 4081 1546 4145 αὐτοὺς
1571 4080 1832 4151 ἐξήγαγεν

2002 3169 2160 3227 Tunc
2185 3170 2364 3226 simile
2389 3170 2519 3240 quid
2552 3170 2779 3242 contigit
2809 3177 2974 3241 atque
3005 3170 3136 3226 olim
3171 3170 3226 3226 in
3259 3169 3501 3245 Egypto

1930 3262 2301 3326 versantibus,
2339 3261 2430 3316 ubi
2461 3262 2733 3333 principio
2763 3261 2985 3332 quidem
3012 3259 3226 3318 Pharao
3248 3278 3343 3318 rex
3376 3279 3499 3319 om-

1930 3368 2137 3423 nesque
2163 3350 2406 3424 Egyptii
2437 3352 2622 3406 studio
2651 3351 2896 3422 impenso
2916 3344 3089 3407 Jacob
3121 3362 3176 3408 et
3200 3350 3500 3424 Josephum
3580 3344 3591 3363 ⁸

1930 3451 2297 3514 cunctamque
2343 3444 2539 3498 horum
2576 3443 2953 3513 cognationem
2996 3443 3283 3509 fovebant,
3316 3445 3501 3517 quoad

1931 3539 2014 3594 eis
2077 3536 2219 3593 Deus
2275 3536 2417 3591 hanc
2457 3544 2691 3591 mentem
2744 3540 3107 3593 conservavit.
3175 3537 3280 3593 Sed
3335 3538 3494 3609 2],],

1935 3633 2222 3695 postquam
2252 3623 2307 3679 in
2335 3623 2738 3679 multitudinem
2767 3625 3011 3681 excrevit
3039 3627 3292 3698 populus,
3323 3628 3499 3685 insta-

1892 3737 1907 3751 ν
1934 3719 2133 3788 batque
2176 3716 2511 3787 demigrandi
2551 3722 2783 3787 tempus,
2819 3715 3153 3773 Pharaonem
3194 3718 3323 3775 sivit
3354 3717 3499 3777 Deus

1938 3819 2098 3877 atque
2129 3807 2415 3879 Egyptios
2450 3822 2604 3862 suam
2648 3821 2967 3878 expromere
2994 3817 3186 3863 contra
3241 3808 3502 3869 Hebmos

1930 3899 2216 3962 malitiam.
2260 3898 2336 3953 ita
2381 3906 2442 3952 ut
2479 3896 2630 3953 omni
2674 3898 2727 3953 vi
2770 3897 3079 3954 niterentur
3107 3912 3206 3957 eos
3257 3897 3500 3955 funditus

1932 3990 2283 4061 exstinguere
2327 4004 2344 4041 :
2381 4004 2490 4061 qua
2518 3990 2809 4047 occasione
2843 3989 2986 4047 Deus
3025 3998 3187 4047 utens
3224 3988 3499 4047 lsraelitas

1937 4081 2169 4152 Δίωνι)ιο
2204 4082 2412 4137 eduxit.
2451 4080 2585 4137 Rem
2616 4082 2702 4139 his
2744 4082 2924 4137 verbis
2952 4081 3145 4139 beatus
3169 4092 3359 4137 narrat
3390 4082 3499 4136 Da-

262 4180 293 4230 ὁ
325 4177 459 4240 Θεδς
495 4174 598 4243 τῆς
624 4173 919 4242 Αἰγύπτου.
954 4172 1123 4225 Τοῦτο
1152 4170 1282 4241 γοῦν
1306 4174 1337 4226 6
1367 4173 1633 4243 μακάριος
1659 4171 1827 4240 λέγων

1938 4173 2028 4227 vid
2063 4192 2107 4227 ιι
2143 4172 2288 4228 Misit
2311 4189 2428 4238 rex,
2456 4174 2652 4245 inquit,
2675 4180 2730 4230 et
2758 4174 2920 4230 solvit
2942 4188 3106 4241 eum;
3134 4174 3387 4244 princeps
3412 4189 3503 4244 po-

267 4267 449 4329 Δαυῖδ,
505 4286 524 4318 ι
571 4265 883 4320 ’Ᾱπέστειλε
913 4264 1186 4333 βασιλεὺς,
1222 4283 1241 4316 ι
1276 4264 1429 4335 φησὶ,
1464 4281 1485 4316 ε
1526 4263 1619 4317 καὶ
1649 4263 1834 4316 ἔλυσεν

269 4361 454 4419 αὑτὸν.
498 4358 684 4429 ἄρχων
723 4355 854 4410 λαοῦ
890 4355 987 4408 καὶ
1029 4356 1237 4425 ἀφῆκεν
1272 4353 1463 4407 αὐτόν·
1503 4354 1833 4422 κατέστησεν

268 4451 431 4504 αὐτὸν
462 4449 655 4519 κύριον
685 4446 778 4499 τοῦ
809 4445 956 4499 οἴκου
1002 4443 1187 4507 αὐτοῦ,
1235 4443 1328 4498 καὶ⁵
1372 4443 1609 4514 ἄρχοντα
1654 4445 1832 4515 πάσης

270 4542 369 4611 τῆς
403 4541 651 4610 κτήσεως
689 4536 878 4591 αὐτοῦ’
910 4535 1005 4589 τοῦ
1034 4534 1315 4590 παιδεῦσαι
1350 4536 1557 4599 πάντας
1586 4537 1713 4600 τοὺς
1742 4535 1837 4605 ἆρ-

274 4649 464 4707 χοντας
486 4629 655 4685 αὐτοῦ
681 4630 757 4693 ὠς
787 4628 998 4694 ἑαυτὸν,
1027 4627 1121 4681 καὶ
1155 4627 1282 4690 τοὺς
1308 4627 1709 4699 πρεσϐυτέρους
1733 4628 1836 4680 αὐ-

271 4724 366 4779 τοῦ
413 4721 650 4791 σοφίσαι·
686 4738 704 4771 ι
736 4718 882 4787 λέγει
918 4717 976 4770 δὲ
1012 4715 1111 4787 τὴν
1149 4716 1276 4787 περὶ
1304 4715 1396 4769 τὸν
1444 4715 1640 4787 Ἰωσὴφ
1668 4716 1835 4786 τιμήν

270 4832 330 4869 τε
356 4816 448 4869 καὶ
480 4810 714 4881 σπουδὴν
743 4809 851 4863 ὑπὸ
876 4808 967 4862 τοῦ
992 4805 1205 4878 Φαραὼο
1228 4809 1540 4876 γεγονυῖαν·
1575 4801 1658 4870 οἷς
1703 4806 1837 4860 ἐπά-

273 4922 378 4975 γει·
425 4907 501 4976 (p.
533 4906 659 4967 325)
694 4923 713 4955 ι
739 4903 850 4955 Καὶ
874 4900 1122 4972 είσῆλθεν
1165 4902 1380 4973 Ἰσραὴλ
1428 4903 1509 4964 είς
1536 4899 1831 4968 Αἴγυπτον,

275 5000 369 5052 καὶ
415 4996 606 5052 Ἰακὼϐ
651 4996 980 5068 παρῴκησεν
1009 4997 1067 5049 ὲν
1099 4996 1169 5066 γῇ
1200 4993 1349 5063 xm
1381 4993 1474 5045 καὶ
1506 4991 1717 5061 ηὔξησεν
1742 4991 1835 5049 τὸν

444 5089 609 5144 αὐτοῦ
660 5088 896 5159 σφόδρα,
929 5087 1024 5141 καὶ
1076 5084 1444 5157 ὲκραταίωσεν
1488 5081 1650 5136 αὐτὸν
1694 5081 1835 5151 ὑπὲρ

274 5183 400 5244 τοὺς
422 5180 646 5251 ἐχθροὺς
670 5177 857 5233 αὑτοῦ.
879 5195 899 5228 ι
925 5176 1035 5231 Καὶ
1057 5171 1243 5242 ἐπειδὴ
1264 5172 1355 5227 καὶΙ
1374 5170 1468 5223 τοῦ
1495 5170 1690 5225 Ἰακὼϐ
1714 5167 1838 5225 εῐπε

274 5273 375 5342 τὴν
404 5271 625 5333 εἴσοδον,
668 5270 763 5323 καὶ
803 5269 995 5323 ὁπόσον
1023 5268 1103 5332 είς
1128 5264 1333 5335 πλῆθος
1367 5262 1755 5341 ὲπιδεδώκασιν
1785 5264 1835 5317 οἱ

274 5362 370 5415 τοῦ
391 5360 518 5415 λαοῦ
548 5362 771 5423 πάντες,
800 5359 1013 5427 ἐπάγει·
1054 5375 1073 5408 ι
1106 5353 1454 5427 Μετὲστρεψε
1482 5353 1580 5425 τὴν
1606 5353 1834 5425 καρδίαν

275 5451 442 5505 αὑτοῦ
471 5451 565 5505 τοῦ
606 5450 835 5521 μισῆσαι
855 5449 943 5504 τὸν
966 5448 1091 5502 λαὸν
1115 5445 1301 5511 αὑτοῦ,
1332 5446 1424 5500 τοῦ
1452 5444 1753 5500 δολιοῦσθαι
1778 5445 1836 5497 ὲν

351 5631 399 5664 ⁸⁸
432 5628 575 5685 Psal.
606 5624 917 5698 ennio-‘29..
995 5627 1038 5659 ”
1080 5622 1321 5687 lbicl.23,
1353 5621 1445 5675 21.
1524 5622 1536 5653 ¹
1585 5620 1716 5675 Ibid.
1751 5621 1840 5675 25.

1936 4265 2075 4337 puli,
2133 4273 2187 4319 et
2236 4264 2446 4321 dimisit
2494 4281 2640 4322 eum.
2696 4265 2990 4321 Constituit
3036 4277 3161 4320 eum
3216 4263 3499 4319 dominum

1939 4357 2136 4411 domus
2162 4371 2295 4421 suae,
2322 4365 2378 4411 et
2404 4356 2706 4426 principem
2756 4356 2938 4412 omnis
2976 4355 3340 4427 possessionis
3367 4371 3500 4415 sum.

1936 4460 1997 4501 ut
2023 4448 2265 4503 erudiret
2293 4448 2569 4520 principes
2600 4449 2720 4518 ejus
2749 4447 2894 4503 sicut
2930 4461 2990 4503 se
3026 4446 3234 4519 ipsum,
3258 4456 3313 4502 et
3338 4464 3499 4503 senes

1936 4541 2057 4607 ejus
2105 4541 2450 4611 prudentiam
2499 4539 2798 4596 doceret”.
2827 4537 3142 4609 sLoquitur
3177 4539 3388 4595 scilicet
3433 4539 3502 4593 de

1935 4628 2193 4701 Josepho,
2241 4632 2418 4701 deque
2473 4630 2887 4686 honoriﬁcentia
2957 4637 3014 4684 et
3064 4630 3257 4686 olliciis
3301 4631 3501 4701 quibus

1938 4736 2062 4777 eum
2090 4728 2412 4791 prosecutus
2439 4728 2525 4777 est
2558 4720 2789 4775 Pharao.
2828 4717 2958 4775 Post
2997 4719 3112 4775 haec
3141 4719 3293 4774 addit
3331 4736 3346 4772 :
3385 4737 3405 4771 ι
3439 4717 3506 4772 Et

1938 4812 2159 4867 intravit
2189 4812 2350 4869 Israel
2385 4813 2440 4866 in
2466 4812 2783 4884 Egyptum,
2810 4820 2865 4867 et
2893 4811 3063 4867 Iacob
3092 4812 3276 4866 accola
3307 4810 3409 4865 fuit
3444 4810 3500 4865 in

1940 4908 2085 4955 terra
2117 4900 2330 4955 Chami.
2374 4900 2440 4956 Et
2465 4903 2615 4956 auxit
2649 4902 2905 4972 populum
2932 4915 3090 4956 suum
3131 4899 3499 4959 vehementer.

1941 4987 2333 5058 roboravitque
2362 5003 2486 5043 eum
2528 5003 2640 5059 prae
2670 4989 2907 5044 inimicis
2943 4988 3063 5056 ejus
3099 4987 3166 5041 ”.
3205 5006 3224 5037 ι
3247 4984 3367 5041 Jam
3412 4986 3504 5040 ubi

1941 5075 2212 5148 Propheta
2257 5081 2501 5135 narravit
2539 5079 2707 5137 Iacob
2742 5081 3044 5151 ingressum
3069 5117 3085 5143 ,
3132 5086 3506 5148 quantumque

1941 5170 1995 5224 in
2042 5184 2328 5225 numerum
2365 5171 2599 5242 populus
2627 5172 2915 5225 universus
2938 5168 3239 5232 crevisset,
3269 5164 3455 5222 subdit
3491 5178 3504 5216 :

1945 5282 1965 5315 ε
2006 5261 2285 5318 Convertit
2325 5278 2420 5319 cor
2448 5263 2595 5319 illius
2622 5263 2688 5316 ad
2725 5261 2850 5315 odio
2889 5259 3198 5315 habendum
3243 5258 3504 5330 populum

1944 5368 2127 5418 suum,
2153 5352 2490 5424 insidiasque
2517 5350 2810 5408 struendas
2838 5349 3012 5405 servis
3037 5350 3155 5405 suis
3185 5350 3226 5402 ⁸.
3271 5366 3290 5399 ι
3324 5345 3506 5413 Signi-

1945 5446 2133 5515 licans,
2162 5444 2270 5503 Dco
2310 5445 2679 5517 permittente,
2735 5442 3053 5498 immutatos
3090 5440 3299 5497 animos
3338 5436 3507 5508 [Egy-

3990 2204 3992 2241 |

3956 2326 3992 2373 i1

3988 2428 3992 2449 l

3960 2818 3992 2877 ξι

3960 2986 3992 3103 ξ.

3964 3108 3981 3137 ν

3960 3146 3992 3245 li

3966 3236 3985 3295 ε

3968 3296 3983 3339 ι

3982 3350 3992 3385 1
