4054 6238
536 278 640 349 399

1718 280 2066 343 THEODORI
2090 280 2575 340 MOPSUESTENIV

3645 281 3754 338 600

538 403 773 473 ptiorum
810 414 935 456 cum
964 415 1090 474 rege
1137 414 1260 464 suo.
1296 400 1389 472 qui
1431 401 1545 471 jam
1579 400 1834 472 deinceps
1867 401 2086 456 oderant

2194 403 2308 464 τοῖς
2335 399 2540 462 δούλοις
2574 396 2776 462 αὑτοῦ.
2824 412 2846 447 ι
2899 395 3065 467 Δῆλον
3096 396 3177 451 ὅτι
3212 396 3307 450 τοῦ
3349 394 3482 449 Θεοῦ
3516 394 3756 460 ἐνδόντος

536 492 839 557 lsraelitas,
885 508 1086 563 eosque
1143 495 1500 551 internecioni
1543 494 1909 550 destinabant.
1954 494 2089 549 Exin

536 602 665 641 vero
692 586 1137 658 demigrationem
1158 597 1347 644 narrat
1377 590 1567 647 beatus
1588 589 1775 643 David.

613 848 765 903 Nunc
796 864 1010 919 quoque
1042 848 1181 905 Deus
1213 850 1416 920 pariter
1458 850 1633 920 primo
1661 849 1877 920 quidem
1903 848 2093 918 gratia:

537 957 647 994 suae
708 941 878 994 edidit
939 942 1267 996 luculentam
1342 941 1881 1004 demonstrationem,
1961 939 2090 992 dum

535 1032 881 1103 Assyriorum
936 1024 1112 1103 regem
1163 1041 1498 1102 cunctosque
1540 1032 1761 1087 Ninives
1791 1033 1995 1087 incolas
2022 1032 2090 1085 ad

536 1124 761 1177 meliora
795 1126 1060 1185 convertit
1092 1142 1105 1177 :
1131 1124 1273 1178 haud
1293 1126 1463 1178 multo
1493 1132 1613 1194 post
1640 1133 1837 1190 autem,
1862 1139 1984 1177 cum
2025 1123 2091 1177 iis

536 1215 899 1269 concessisset
951 1223 1009 1268 ut
1035 1230 1189 1269 suam
1230 1215 1492 1269 malitiam
1554 1215 1915 1277 declararent,
1966 1214 2093 1268 sivit

535 1326 629 1365 eos
654 1326 801 1365 arma
846 1320 1035 1365 contra
1083 1310 1355 1367 lsraelitas
1416 1326 1775 1369 commovere.
1812 1308 1884 1362 ita
1918 1317 1976 1362 ut
1999 1308 2094 1362 de-

532 1419 649 1460 cem
685 1405 859 1460 tribus
895 1403 1239 1467 vastaverint,
1273 1414 1327 1459 et
1349 1403 1721 1473 Hierosolyma
1755 1400 2090 1462 obsederint,

534 1504 683 1551 tanta
727 1496 939 1551 insania
991 1502 1211 1549 ruentes
1238 1494 1392 1563 quasi
1428 1492 1529 1563 ipsi
1550 1546 1553 1553 ρ
1578 1491 1686 1545 Deo
1724 1492 1920 1546 bellum
1957 1506 2093 1559 quo-

532 1586 819 1642 danunodo
849 1586 1130 1641 inferrent.
1170 1583 1273 1639 Sed
1323 1584 1467 1639 enim
1500 1583 1587 1637 hic
1628 1582 1809 1636 statim
1837 1582 1943 1635 illis
1975 1597 2096 1651 gra-

533 1680 811 1734 vissimam
847 1693 1010 1731 manu
1040 1676 1213 1746 angeli
1241 1674 1450 1746 plagam
1472 1674 1766 1744 imposuit;
1793 1688 2093 1743 versosque

2196 491 2598 563 μετεϐλήθησαν
2646 491 2696 543 οἰ
2730 488 3012 558 Αἰγύπτιοι
3047 490 3142 542 σὺν
3178 488 3256 559 τῷ
3285 488 3492 559 βασιλεῖ
3531 488 3754 552 πάντες,

2192 582 2333 636 ὥστε
2386 581 2480 634 καὶ
2520 580 2607 633 διὰ
2661 580 2851 650 μίσους
2903 579 3047 648 ἔχειν
3075 580 3201 642 τοὺς
3266 577 3618 649 Ἰσραηλίτας,
3659 579 3755 631 καὶ

2195 670 2473 743 βούλεσθαι
2518 669 2792 733 παντελῶς
2812 670 3005 733 αὐτοὺς
3034 669 3260 723 ἀνελεῖν.
3287 663 3382 733 Οἷς
3407 669 3475 722 τά
3498 671 3595 740 τῆς
3642 670 3755 735 ἐξό-

2192 763 2282 817 δου
2312 763 2494 816 λοιπὸν
2522 763 2550 814 ὀ
2581 762 2847 833 μακάριος
2877 762 3073 830 ἐπάγει
3102 760 3289 814 Δαυῖδ.

2262 854 2364 907 Τὸν
2393 854 2551 906 αὑτὸν
2581 854 2645 925 δη
2677 852 2874 923 τρόπον
2904 851 3179 906 κάνταῦθα
3214 851 3474 923 πρότερον
3531 852 3631 923 μὲν
3660 855 3758 923 τῆς

2191 946 2395 1009 οἰκείας
2422 946 2642 1016 χάριτος
2671 945 2925 1010 ἐπίδειξιν
2957 945 3277 1016 ποιούμενος
3304 946 3331 997 6
3362 945 3513 1009 Θεὸς,
3548 945 3756 1016 ἁθρόαν

2191 1037 2285 1089 τοῦ
2318 1055 2375 1091 τε
2411 1037 2674 1107 βασιλέως
2713 1030 2822 1091 τῶν
2854 1036 3153 1107 Ἀσσυρίων
3181 1037 3276 1089 καὶ
3306 1037 3524 1091 πάντων
3550 1036 3613 1108 δὴ
3643 1039 3756 1090 τῶν

2194 1128 2336 1181 κατά
2380 1130 2479 1199 τὴν
2512 1128 2714 1200 Νινευὴ
2764 1128 2861 1200 τὴν
2907 1129 2999 1181 ἐπὶ
3046 1128 3105 1181 τὸ
3158 1131 3404 1197 κρεῖττον
3454 1129 3759 1199 μεταϐολὴν

2193 1220 2441 1289 γενέσθαι
2484 1220 2754 1291 πεποίηκε
2779 1236 2792 1249 ·
2834 1219 2951 1290 μετ’
2995 1220 3057 1273 οὐ
3092 1218 3225 1272 πολὺ
3266 1219 3323 1273 δὲ
3362 1220 3543 1283 ἐνδοὺς
3574 1220 3759 1280 αὐτοῖς

2192 1312 2291 1384 τὴν
2324 1311 2529 1366 οἰκείαν
2555 1312 2786 1383 ἐκφῆναι
2809 1311 3024 1375 κακίαν,
3052 1311 3199 1365 εἴασε
3220 1310 3442 1364 τοιαῦτα
3467 1312 3597 1383 περὶ
3627 1316 3757 1375 τοὺς

2206 1402 2543 1475 Ἰσραηλίτας
2571 1402 2700 1473 παρ’
2722 1401 2903 1456 αὐτῶν
2928 1402 3198 1470 γενέσθαι,
3230 1401 3327 1470 ἀφ’
3352 1395 3425 1456 ὧν
3447 1402 3760 1473 ἐπόρθησαν

2192 1510 2252 1548 τε
2283 1494 2381 1559 τάς
2417 1493 2548 1548 δέκα
2595 1491 2801 1563 φυλάς,
2835 1492 2929 1545 καὶ
2974 1492 3409 1562 ἐπεστράτευσαν
3442 1494 3507 1563 τῇ
3552 1492 3757 1563 Ἰερου-

2197 1585 2396 1656 σαλὴμ,
2432 1585 2570 1655 μετὰ
2625 1584 2827 1654 πολλῆς
2871 1584 3207 1656 ὁρμήσαντες
3235 1584 3333 1653 τῆς
3358 1584 3610 1647 ἀπονοίας
3634 1625 3651 1650 ,
3678 1584 3759 1648 ὡς

2196 1678 2292 1732 καὶ
2334 1678 2482 1749 αὐτῷ
2519 1694 2583 1747 γε
2638 1675 2834 1749 μικροῦ
2869 1676 3266 1747 πολεμήσοντες
3295 1675 3374 1746 τῷ
3415 1675 3569 1747 Θεῷ·
3614 1674 3758 1729 ἀλλά

534 1770 589 1824 in
616 1769 797 1838 fugam
841 1769 1082 1837 reliquos
1137 1767 1305 1821 variis
1347 1766 1579 1820 irrctivit
1632 1765 2036 1821 calamitatibus
2078 1783 2086 1819 :

2194 1769 2303 1841 γὰρ
2324 1768 2452 1821 εὐθὺ
2482 1768 2580 1839 μὲν
2614 1766 2918 1839 βαρυτάτην
2947 1766 3129 1829 αὐτοῖς
3159 1766 3245 1819 διά
3276 1764 3369 1819 τοῦ
3397 1765 3626 1834 ἀγγέλου
3654 1765 3757 1836 τὴν

531 1862 709 1932 quoad
740 1861 793 1915 in
817 1861 1077 1916 ditionem
1101 1875 1255 1915 suam
1284 1874 1406 1914 cum
1431 1860 1592 1929 212
1618 1874 1829 1915 summa
1862 1859 2091 1928 ignomi—

533 1954 623 2009 nia
691 1968 973 2023 regressus
1049 1949 1526 2014 Sennacherimus,
1585 1950 1931 2021 Assyriorum
2000 1949 2091 2003 illa

529 2054 688 2101 aetate
746 2062 860 2109 rex,
903 2060 1086 2100 necem
1119 2060 1150 2098 a
1178 2044 1413 2115 propriis
1443 2043 1626 2098 liberis
1659 2058 1952 2113 perpessus
1984 2049 2087 2097 est.

533 2135 734 2191 Deinde
769 2135 946 2205 gentis
997 2150 1216 2205 quoque
1268 2133 1553 2203 imperium
1594 2132 1841 2188 funditus
1892 2133 2092 2188 delevit

534 2228 674 2282 Deus
723 2228 815 2296 qui
848 2242 943 2296 per
971 2224 1296 2297 Babylonios
1320 2223 1669 2279 obsidendam
1711 2223 1937 2279 Niniveu
1967 2239 2091 2279 vas-

531 2319 856 2387 tandamque
890 2317 1101 2371 curavit
1161 2334 1173 2369 :
1210 2315 1345 2370 adeo
1390 2327 1448 2371 ut
1485 2316 1868 2371 innumerabili
1892 2316 2091 2385 populo

532 2411 787 2481 frequens
808 2409 1001 2464 civitas
1027 2419 1079 2463 et
1103 2408 1442 2464 nobilissima
1466 2416 1628 2479 atque
1649 2407 1856 2477 regina,
1875 2408 2090 2477 captiva

534 2506 695 2558 fuerit
721 2518 784 2557 ac
817 2502 1207 2558 desertissima:
1231 2500 1509 2556 solitudini
1528 2501 1744 2555 tradita.
1766 2498 1899 2554 Nam
1930 2502 2089 2555 sicuti

530 2597 712 2667 priore
759 2604 1018 2664 tempore.
1056 2593 1125 2648 de
1155 2608 1264 2663 quo
1299 2594 1488 2647 beatus
1517 2590 1684 2647 Jonas
1723 2593 1981 2662 propheta
2014 2592 2092 2643 Io.

528 2688 738 2757 quitur,
761 2702 872 2742 suae
891 2686 1071 2759 gratia:
1090 2684 1345 2741 indicium
1366 2681 1509 2736 Deus
1539 2682 1684 2745 fecit,
1709 2681 1835 2735 dum
1871 2690 2092 2749 repente

527 2780 780 2850 Assyrios
839 2792 1027 2832 omnes
1070 2775 1136 2829 ad
1191 2775 1446 2829 virtutem
1500 2774 1800 2829 convertit:
1835 2773 1907 2825 ita
1943 2787 2090 2826 nunc

528 2869 746 2926 eosdem
784 2868 1082 2925 sceleribus
1117 2868 1310 2923 iterum
1340 2866 1572 2930 deditos,
1613 2864 1849 2919 maximo
1883 2871 1936 2918 ct
1964 2864 2091 2915 hor-

530 2963 700 3017 rendo
739 2960 961 3015 ultionis
1005 2975 1200 3030 genere
1241 2958 1421 3013 an‘ecit
1452 2976 1467 3012 :
1500 2967 1726 3028 utraque
1758 2970 1816 3010 re
1856 2969 2087 3024 genera-

528 3054 627 3109 tim
678 3053 925 3107 homines
977 3051 1252 3114 erudiens,
1283 3059 1339 3103 ut
1370 3057 1423 3105 et
1454 3051 1641 3120 gratia!
1669 3049 1789 3118 ejus
1819 3049 2087 3117 magnitu-

2195 1861 2410 1933 πληγὴν
2462 1860 2741 1931 ἐπήγαγεν
2771 1860 2800 1913 6
2853 1857 2983 1921 Θεὸς
3001 1898 3017 1922 ,
3048 1846 3255 1928 τρέψας
3294 1857 3350 1911 δὲ
3379 1858 3503 1921 τοὺς
3534 1856 3759 1922 λοιποὺς

2194 1956 2274 2017 εἰς
2322 1952 2498 2023 φυγὴν
2542 1950 2897 2022 πολυτρόποις
2948 1949 3309 2023 περιϐέϐληκε
3360 1950 3471 2013 τοῖς
3518 1952 3709 2012 κακοῖς
3736 1966 3754 1979 ·

2195 2044 2271 2116 (p.
2303 2044 2427 2115 52!)
2457 2045 2551 2097 καὶ
2594 2044 2655 2097 τὸ
2697 2042 3005 2096 τελευταῖον
3045 2042 3139 2095 ἐπὶ
3175 2042 3274 2113 τῆς
3314 2042 3519 2105 οἰκείας

2194 2133 2430 2204 γεγονὼς
2480 2133 2616 2205 μετά
2653 2133 2853 2204 πολλῆς
2895 2130 2995 2203 τῆς
3050 2134 3270 2204 ἀτιμίας
3310 2134 3679 2205 Σενναχηρεὶμ
3724 2138 3760 2188 6

2193 2228 2314 2280 τότε
2328 2226 2437 2278 τῶν
2468 2225 2770 2295 Ἀσσυρίων
2797 2223 3047 2295 βασιλεὺς
3063 2224 3159 2295 τὴν
3180 2225 3285 2277 ὑπὸ
3311 2225 3419 2278 τῶν
3449 2225 3590 2278 ἰδίων
3620 2226 3757 2278 υἱῶν

2196 2317 2579 2389 ὑπομεμένηκε
2626 2317 2869 2388 σφαγήν·
2917 2312 3017 2370 εἷθ’
3064 2316 3290 2387 ὕστερον
3332 2318 3427 2370 καὶ
3478 2317 3760 2381 παντελῶς

2194 2411 2370 2465 αὐτῶν
2398 2410 2495 2483 τὴν
2526 2410 2800 2481 βασιλείαν
2833 2411 3103 2485 καθεῖλεν,
3133 2410 3222 2464 διὰ
3250 2411 3359 2464 τῶν
3396 2411 3757 2466 Βαϐυλωνίων

2194 2498 2616 2572 πολιορκηθῆναι
2633 2500 2760 2572 παρ’
2776 2499 2955 2553 αὐτῶν
2973 2500 3392 2571 παρασκευάσας
3407 2499 3505 2571 τὴν
3526 2501 3574 2553 Ν
3580 2499 3760 2571 ινευὴ,

2194 2591 2335 2645 ὥστε
2382 2590 2480 2663 τὴν
2512 2590 3071 2663 πολυανθρωποτάτην
3115 2592 3211 2646 καὶ
3242 2592 3510 2663 περιφανῆ
3539 2592 3634 2645 καὶ
3662 2591 3762 2662 βαρ

2197 2681 2388 2744 σιλίδα,
2417 2680 2757 2751 αἰχμάλωτόν
2781 2698 2839 2734 τε
2874 2680 3123 2749 γενέσθαι
3156 2680 3248 2735 καὶ
3279 2682 3360 2743 εἰς
3384 2681 3615 2753 ἐρημίαν
3648 2699 3756 2736 κα-

2193 2771 2455 2841 ταστῆναι
2489 2772 2725 2842 παντελῆ
2761 2772 2871 2843 (45)
2892 2788 2907 2803 ·
2947 2772 3022 2836 ὡς
3053 2772 3159 2845 γάρ
3193 2775 3251 2826 ἐν
3292 2775 3403 2837 τοῖς
3436 2774 3717 2845 προτέροις
3739 2815 3761 2840 ,

2196 2866 2337 2937 ἅπερ
2365 2869 2394 2919 6
2428 2866 2696 2936 μακάριος
2751 2865 2932 2928 Ἰωνᾶς
2957 2867 2985 2918 6
3011 2866 3293 2936 προφήτης
3326 2865 3625 2936 διηγεῖται,
3650 2866 3761 2937 τῆς

2196 2958 2412 3029 χάριτος
2445 2958 2542 3027 τὴν
2567 2956 2824 3023 ἐπίδειξιν
2857 2958 2885 3009 6
2909 2955 3040 3019 Θεὸς
3079 2957 3370 3027 ἐποιήσατο
3394 2957 3490 3027 τῆς
3514 2958 3756 3022 οἰκείας,

2196 3048 2437 3111 ἅπαντας
2467 3048 2664 3111 αὐτοὺς
2706 3046 2900 3118 ἀθρόον
2947 3046 3201 3118 μεταθεὶς
3243 3048 3336 3102 ἐπὶ
3382 3048 3443 3101 τὸ
3482 3051 3755 3121 κρεῖττον,

530 3145 709 3201 dinem
761 3150 1010 3208 noscant,
1063 3142 1329 3211 siquando
1398 3142 1509 3197 vult
1540 3156 1693 3195 suam
1742 3141 1794 3194 in
1845 3140 2086 3195 homines

2192 3132 2363 3197 οὔτως
2380 3133 2610 3188 ἐνταῦθα
2626 3134 2724 3203 τὴν
2738 3134 2936 3188 κακίαν
2955 3133 3391 3204 ἐπιδειξαμένους
3404 3138 3501 3209 τὴν
3521 3138 3758 3205 οἰκείαν,

532 3236 967 3293 benevolentiam
995 3250 1342 3305 expromere:
1364 3242 1417 3290 et
1446 3231 1696 3287 vindicta:
1726 3232 2097 3291 terrorem,si-

528 3329 747 3402 quando
781 3328 883 3384 hac
913 3327 1107 3398 dignos
1137 3328 1431 3391 existimat,
1458 3326 1551 3395 qui
1590 3324 1923 3395 pervicacem
1960 3339 2086 3394 pec-

528 3421 688 3475 candi
720 3420 1044 3475 sententiam
1086 3420 1345 3473 retinent.

2198 3227 2427 3299 μεγίστῃ
2462 3228 2568 3281 τινὶ
2618 3226 2711 3281 καὶ
2738 3226 2945 3298 φοϐερᾷ
2977 3226 3338 3299 περιϐέϐληκε
3374 3230 3439 3299 τῇ
3474 3230 3712 3302 τιμωρίᾳ
3733 3244 3755 3262 ο

2192 3320 2257 3373 δι’
2287 3318 2492 3390 ἀμφοτέ
2504 3335 2609 3390 ρων
2639 3319 2880 3382 ἃπαντας
2910 3318 3176 3372 παιδεύων
3206 3318 3542 3391 ἀνθρώπους,
3574 3320 3653 3384 ὡς
3680 3321 3757 3376 ἂν

2192 3411 2287 3465 καὶ
2318 3411 2378 3464 τὸ
2419 3410 2517 3481 τῆς
2554 3410 2778 3481 χάριτος
2808 3409 2977 3463 αὐτοῦ
3011 3410 3240 3481 μέγεθος
3285 3411 3473 3465 εἰδεῖεν
3502 3412 3650 3465 ὁπότ’
3681 3413 3756 3467 ἂν

526 3516 688 3587 ἐθέλῃ
706 3513 832 3581 περὶ
853 3513 980 3575 τοὺς
998 3509 1313 3583 ἀνθρώπους
1338 3509 1434 3579 τὴν
1453 3507 1654 3562 οἰκείαν
1678 3502 2074 3560 ἐπιδείκνυσθαι
2094 3501 2422 3571 φιλοτιμίαν,
2470 3501 2563 3554 καὶ
2611 3501 2711 3571 τῆς
2751 3500 3019 3572 τιμωρίας
3043 3500 3134 3556 τὸν
3160 3500 3320 3571 φόϐον
3349 3503 3425 3556 ὅτ’
3456 3501 3523 3557 ἂν
3544 3502 3757 3575 ταύτης

528 3608 710 3674 ἀξίους
743 3602 881 3659 εἶναι
912 3602 1105 3677 νομίζῃ
1132 3603 1256 3666 τοὺς
1283 3601 1603 3673 ἀδιόρθωτον
1636 3600 1726 3654 ἐπὶ
1758 3598 1833 3668 τῷ
1858 3597 2068 3650 πταίειν
2096 3592 2312 3664 ἔχοντας
2336 3593 2434 3665 τὴν
2465 3591 2705 3663 γνώμην.

598 3701 729 3757 Illud
764 3702 927 3771 igitur
954 3699 1119 3753 Jonas
1148 3698 1407 3767 propheta
1459 3696 1716 3756 declarat,
1748 3694 1850 3748 hoc
1907 3691 2091 3745 Nabu-

530 3811 675 3858 mus,
700 3795 960 3849 ultionem
993 3790 1296 3847 vaticinans
1338 3789 1685 3843 multifariam
1719 3787 1772 3840 in
1819 3800 1914 3840 eos
1940 3799 2091 3839 exse-

531 3884 777 3947 rendam,
814 3884 905 3952 qui
949 3888 1098 3933 tanta
1130 3878 1385 3949 superbia
1417 3878 1678 3931 adversus
1724 3875 1992 3931 lsraelitas
2023 3887 2087 3925 ac

530 3974 903 4043 Hierosolyma
934 3973 1019 4026 usi
1060 3971 1305 4033 fuerant,
1341 3984 1548 4023 necnon
1577 3974 1766 4023 contra
1810 3968 2088 4020 universa-

529 4071 655 4131 lem,
710 4068 801 4135 qui
826 4064 1103 4120 colebatur
1153 4062 1373 4122 ibidem,
1406 4060 1592 4115 Deum.
1648 4057 1803 4114 Unde
1833 4058 2084 4111 omnibus

527 4154 744 4219 claruit,
809 4151 951 4208 haud
993 4151 1383 4221 permissurum
1441 4148 1606 4203 Deum
1641 4146 1809 4202 fuisse
1856 4147 1967 4201 inec
2005 4145 2083 4201 ls-

527 4248 735 4303 raelitis
762 4245 902 4301 mala
938 4243 1005 4298 ab
1037 4241 1278 4313 Assyriis
1303 4239 1567 4301 accidere.
1603 4240 1707 4294 nisi
1738 4240 1849 4294 haec
1881 4238 2084 4308 perpeti

524 4341 596 4395 ob
621 4354 773 4396 suam
790 4335 1115 4405 impietatem
1136 4332 1327 4402 dignos
1351 4345 1408 4384 se
1432 4330 1803 4399 praebuissent.
1833 4329 1944 4400 Age
1958 4342 2084 4383 vero

526 4438 811 4499 postquam
862 4425 1069 4482 Hebraei
1111 4423 1254 4493 passi
1290 4431 1417 4477 sunt
1447 4421 1586 4475 mala
1627 4421 1695 4475 ab
1721 4421 1961 4491 Assyriis
1985 4421 2084 4473 im-

530 4528 703 4589 pacta,
740 4517 995 4586 illamque
1040 4514 1376 4583 pertulerunt
1410 4510 1797 4580 captivitatem,
1827 4509 1955 4563 dum
1980 4511 2083 4563 im-

528 4609 740 4681 pietatis
774 4622 884 4662 suaa
912 4620 1101 4675 pmnas
1144 4603 1480 4673 penderent;
1514 4609 1910 4671 consequenter
1940 4600 2081 4655 Deus

524 4704 592 4755 ad
644 4716 760 4764 eos,
809 4698 903 4766 qui
943 4695 1280 4751 calamitates
1322 4694 1443 4748 illas
1495 4692 1888 4755 conflaverant,
1943 4694 2078 4747 iram

525 4807 679 4847 suam
735 4787 1036 4852 transtulit,
1074 4786 1285 4841 consilii
1342 4786 1617 4840 vesaniam
1660 4785 1915 4854 puniens,
1972 4798 2081 4852 quo

533 4885 653 4939 ausi
688 4883 903 4937 fuerant
931 4890 1119 4935 contra
1164 4879 1327 4934 Deum
1352 4879 1580 4948 ejusque
1610 4876 1904 4931 familiares
1929 4890 2081 4929 arma

521 4992 738 5047 capere.
772 4970 1230 5044 lgiturlsraelitas
1283 4970 1523 5038 quidem,
1583 4983 1682 5022 ccu
1716 4967 1875 5036 213
1907 4982 2079 5035 poena:

519 5069 785 5122 obnoxios
838 5066 908 5121 ob
947 5064 1273 5133 impietatem
1312 5070 1366 5115 et
1408 5068 1629 5129 peccata
1657 5076 1778 5121 sua,
1815 5060 1895 5114 sic
1917 5060 2076 5129 aﬂligi

519 5160 799 5228 permisit;
865 5156 1118 5227 Assyrios
1171 5161 1350 5207 autem
1415 5151 1507 5221 qui
1564 5151 1791 5206 crimine
1856 5152 2077 5220 proprio

523 5249 763 5304 Hebraeis
796 5246 1009 5302 molesti
1028 5245 1260 5307 fuerant,
1282 5241 1589 5296 necesmrio
1606 5241 1816 5308 punivit
1836 5256 1900 5294 ac
1927 5243 2074 5295 ultus

519 5345 624 5397 est,
651 5343 933 5403 propterea
988 5333 1131 5403 quod
1184 5330 1347 5386 animi
1418 5329 1637 5384 vesania
1701 5344 1766 5383 ac
1818 5333 2081 5399 pravitate

519 5428 688 5490 ducti,
732 5426 787 5479 in
827 5433 1032 5478 tantum
1064 5423 1287 5479 sceleris
1324 5429 1605 5482 venerant,
1644 5428 1701 5473 ut
1726 5430 1991 5490 quantum
2023 5424 2077 5478 in

593 5566 704 5635 (£5)
728 5563 950 5635 Ninivrs
978 5561 1333 5635 aBabyloniis
1367 5567 1720 5635 capturatnet
1748 5563 2066 5635 oestructio-

2269 3687 2481 3741 Ἐκεῖνα
2525 3689 2623 3759 μὲν
2654 3683 2747 3741 οὖν
2788 3688 2969 3752 Ἰωνᾶς
2993 3690 3021 3742 6
3050 3691 3333 3762 προφήτης
3374 3690 3554 3762 δηλοῖ·
3586 3700 3755 3752 ταυτὶ

2182 3781 2240 3834 δὲ
2268 3782 2296 3835 6
2326 3781 2539 3851 Ναοὺμ,
2572 3779 2671 3853 τὴν
2709 3781 2976 3851 τιμωρίαν
3003 3780 3174 3850 λέγων
3211 3783 3308 3853 τὴν
3348 3784 3606 3849 ποικίλως
3645 3788 3750 3842 αὖ.

2181 3873 2294 3935 τοῖς
2330 3870 2626 3940 ἐπάγεσθαι
2654 3870 2972 3941 μέλλουσαν,
3007 3871 3150 3942 ὑπὲρ
3178 3865 3253 3925 ὧν
3274 3872 3511 3944 τοσούτῳ
3542 3878 3752 3949 φρονή-

2186 3983 2315 4036 ματι
2354 3965 2496 4018 κατά
2530 3982 2590 4017 τε
2623 3964 2732 4017 τῶν
2789 3965 3134 4037 Ἰσραηλιτῶν
3167 3967 3469 4039 ἐχρήσαντο
3511 3970 3606 4023 καὶ
3645 3973 3753 4043 τῆς

2194 4056 2566 4128 Ἰερουσαλὴμ,
2606 4056 2682 4125 (p.
2712 4057 2835 4126 325)
2862 4057 2955 4110 τοῦ
2982 4074 3042 4110 τε
3064 4059 3122 4111 ἐν
3146 4059 3280 4129 αὐτῇ
3306 4059 3751 4131 θεραπευομένου

2181 4147 2290 4200 τῶν
2330 4148 2466 4201 ὅλων
2515 4147 2648 4200 Θεοῦ
2674 4164 2685 4175 ·
2734 4148 2802 4201 δι’
2848 4141 2924 4202 ὧν
2969 4149 3171 4204 ἅπασιν
3201 4151 3407 4219 ἐγίνετο
3449 4152 3634 4223 δῆλον,
3658 4157 3747 4209 ὃτι

2181 4240 2292 4294 οὔτ’
2319 4241 2384 4294 ἂν
2412 4243 2593 4294 ἐκεῖνα
2634 4241 2823 4295 παθεῖν
2863 4241 3202 4313 συνεχώρησε
3232 4245 3363 4313 παρ’
3388 4244 3571 4298 αὐτῶν
3612 4248 3751 4314 τοὺς

2194 4332 2550 4405 Ἰσραηλίτας,
2576 4336 2624 4387 εἰ
2652 4334 2725 4404 μὴ
2749 4333 2842 4386 τοῦ
2869 4332 3092 4386 τοιαῦτα
3116 4333 3303 4387 παθεῖν
3323 4335 3391 4388 δι’
3416 4329 3490 4389 ὧν
3518 4337 3750 4394 ἐσέϐουν

2184 4424 2336 4478 αὐτοὶ
2364 4423 2635 4494 παρέσχον
2677 4424 2902 4486 ἑαυτοὺς
2937 4422 3152 4488 ἀξίους·
3186 4424 3280 4478 καὶ
3305 4425 3492 4497 ἐπειδὴ
3542 4431 3750 4482 πεπόν-

2185 4516 2337 4569 θασιν
2380 4508 2524 4568 οὗτοι
2556 4515 2624 4568 τά
2668 4515 2796 4585 παρ’
2825 4515 3047 4568 ἐκείνων
3086 4514 3269 4578 αὐτοῖς
3294 4516 3603 4588 ἐπαχθέντα
3648 4523 3752 4575 καὶ

2179 4605 2276 4677 τὴν
2319 4604 2691 4674 αἰχμαλωσίαν
2740 4606 3254 4675 ὑπερμεμενήκασιν
3301 4608 3535 4679 ἐκείνην,
3581 4609 3749 4677 δίκας

2179 4697 2276 4766 τῆς
2299 4696 2549 4758 ἀσεϐείας
2569 4696 2798 4758 διδόντες
2829 4695 2929 4765 τῆς
2965 4696 3190 4759 οἰκείας,
3219 4697 3525 4762 ἀκολούθως
3551 4702 3580 4753 6
3606 4702 3748 4766 Θεὸς

2179 4789 2270 4841 ἐπὶ
2321 4789 2447 4851 τοὺς
2489 4786 2712 4840 τοιαῦτα
2752 4787 3118 4857 πεποιηκότας
3165 4788 3392 4858 μετάγει
3441 4790 3538 4862 τὴν
3569 4794 3749 4865 ὀργὴν

2177 4878 2582 4950 τιμωρούμενος
2633 4879 2862 4941 αὐτοὺς,
2898 4878 3037 4948 ὑπὲρ
3080 4872 3155 4932 ὧν
3197 4880 3469 4953 μοχθηρίᾳ
3510 4883 3748 4957 γνιὶδμηις

2173 4971 2500 5040 πεποιήκασί
2541 4987 2601 5022 τε
2620 4970 2728 5023 ’καὶ
2772 4969 3133 5040 τετολμήκασι
3173 4972 3312 5024 κατά
3356 4988 3416 5023 τε
3452 4971 3545 5025 τοῦ
3595 4976 3745 5029 Θεοῦ

2174 5064 2267 5117 καὶ
2306 5062 2414 5116 τῶν
2447 5061 2597 5131 αὐτῷ
2621 5061 3032 5132 προσηκόντωνο
3075 5062 3201 5123 τοὺς
3239 5063 3337 5132 μὲν
3364 5062 3474 5133 γάρ
3516 5064 3750 5136 Ἰσραη,

2172 5156 2321 5219 λίτας
2367 5156 2443 5218 ὡς
2472 5154 2655 5221 ἀξίους
2700 5152 2955 5207 τοιούτων
3004 5152 3143 5224 ὑπὲρ
3170 5145 3244 5206 ὧν
3293 5152 3514 5207 ἐσέὸουν
3543 5172 3606 5208 τε
3640 5159 3751 5210 καὶ

2172 5248 2480 5317 ἡμάρτανον
2503 5246 2588 5299 εἴα
2615 5243 2830 5307 παθεῖν,
2860 5244 2985 5306 τοὺς
3014 5243 3068 5295 δὲ
3088 5244 3152 5296 ἐκ
3175 5242 3274 5313 τῆς
3299 5245 3503 5308 οἰκείας
3526 5248 3747 5319 μοχθη-

2169 5338 2290 5408 ρίας
2321 5336 2544 5391 τοιαῦτα
2587 5336 2707 5389 κατ’
2748 5334 2926 5389 αὐτῶν
2970 5336 3365 5405 πεποιηκότας,
3414 5336 3745 5405 ἀναγκαίως

2166 5427 2342 5497 ὑπῆγε
2390 5428 2458 5497 τῇ
2499 5424 2766 5497 τιμωρίᾳ,
2799 5423 2954 5486 δίκας
2997 5423 3196 5487 αὐτοὺς
3243 5426 3741 5498 εἰσπραττόμενος,

2167 5575 2349 5619 nostra
2363 5578 2613 5619 enormes
2635 5562 2781 5618 illius
2806 5561 2980 5616 ruina:
2998 5574 3061 5614 ac
3084 5571 3433 5619 monumenta
3453 5562 3743 5625 eﬂodiun.

519 5627 641 5695 nem
668 5627 851 5689 narrat
876 5627 1155 5703 Diodorus
1174 5630 1497 5685 Siculuslib.
1526 5643 1590 5703 rt,
1612 5627 1702 5703 26.
1726 5637 1779 5681 et
1801 5629 1870 5703 28
1888 5646 1904 5693 ;
1927 5646 2061 5698 pne-
2163 5644 2251 5691 tur
2280 5634 2555 5691 Gallorum
2580 5632 2883 5703 sumptibus
2911 5641 2966 5688 et
2999 5631 3283 5688 industria.
3746 5636 3757 5657 ⁴

517 5712 730 5763 dixerat
760 5711 981 5760 sanctus
1009 5700 1204 5757 Tobias
1233 5716 1353 5771 cap.
1384 5715 1494 5766 xw,
1527 5698 1580 5753 6.
1622 5696 1803 5754 Aﬁtate
1838 5696 2054 5756 demum
