3992 6232
217 319 316 375 θυι

1231 302 1773 367 COMMENTARIUS
1809 301 1874 357 IN
1914 300 2184 359 NAHUMI
2220 301 2371 361 CAP.
2414 303 2455 357 1.

3326 301 3432 355 ιὶθὲ

217 431 356 500 ὑπὲρ
386 423 467 485 ὧν
492 428 723 499 ἀπονοίᾳ
749 444 810 482 τε
843 427 936 483 καὶ
968 427 1241 499 μοχθηρίᾳ
1274 426 1496 497 γνώμης
1529 424 1774 495 ἑλόμενοι

1878 420 2009 491 ipsis
2027 426 2145 476 erat
2169 419 2366 475 bellum
2400 417 2508 473 Deo
2547 417 2861 474 indixerint.
2889 415 3008 471 Jam
3034 414 3197 471 sicuti
3228 412 3433 469 Abdias

218 521 353 591 προς
382 518 636 573 τοσοῦτον
659 517 951 584 ἐξώκειλαν
977 517 1250 580 ἀσεϐείας,
1282 515 1421 569 ὥστε
1446 517 1539 575 καὶ
1568 515 1660 566 ἐπὶ
1688 513 1775 566 τὸν

215 612 351 667 Θεὸν
376 610 613 681 ἄρασθαι
648 610 884 680 πόλεμον
917 610 980 662 τό
1001 627 1066 679 γε
1091 611 1176 663 ἐπ’
1207 610 1387 671 αὐτοῖς
1413 624 1426 638 ·
1455 606 1641 677 ὥσπερ
1669 606 1777 677 γὰρ

214 706 249 758 ό
288 701 499 756 Ἀϐδιοῦ
523 700 621 772 τὴν
650 700 794 754 κατὰ
822 699 928 753 τῶν
972 700 1284 771 Ἰδουμαίων
1306 699 1452 767 λέγει
1479 697 1773 769 τιμωρίαν,

214 796 283 865 ἦν
311 794 605 863 ὑπομένειν
634 792 866 864 ἤμελλον
894 791 1120 863 ὕστερον
1167 792 1305 862 μετὰ
1330 791 1429 863 τὴν
1469 790 1577 846 άπὸ
1604 790 1777 843 Βαϐυ-

214 886 384 949 λῶνος
411 885 671 939 ἐπάνοδον
698 884 794 939 τοῦ
824 884 976 948 λαοῦ,
999 884 1138 955 ὑπὲρ
1152 881 1226 938 ὧν
1242 883 1777 954 πεπλημμελήκεσαν

214 974 296 1034 είς
342 971 445 1040 τὴν
490 970 847 1042 Ἰερουσαλὴμ
890 971 969 1035 είς
1011 989 1069 1025 τε
1112 974 1235 1036 τοὺς
1272 972 1555 1036 οἰκοῦντας
1608 971 1777 1041 αὐτὴν

213 1060 359 1115 κατὰ
383 1062 478 1114 τὸν
524 1062 714 1131 καιρὸν
742 1063 968 1125 ἐκεῖνον,
1014 1063 1174 1132 δῆλον
1211 1066 1279 1135 τῇ
1333 1063 1562 1134 μηνύσει
1613 1063 1779 1117 ποιῶν

213 1151 298 1205 ὅτι
347 1152 494 1205 κατὰ
524 1152 751 1224 γνώμην
798 1152 932 1205 Θεοῦ
964 1152 1031 1206 τὰ
1080 1154 1207 1224 περὶ
1251 1155 1449 1216 αὐτοὺς
1492 1155 1780 1225 γενήσεται

214 1237 358 1304 τότε,
393 1238 570 1301 οὕτως
595 1241 625 1291 ὁ
662 1241 926 1311 μακάριος
959 1242 1153 1312 Ναοὺμ
1194 1244 1285 1296 ἐπὶ
1312 1243 1414 1310 τῆς
1440 1243 1620 1313 βίϐλου
1652 1244 1781 1297 ταύ-

212 1346 314 1399 της
354 1330 455 1401 τὴν
502 1330 956 1402 ὲπαχθησομένην
994 1336 1105 1396 τοῖς
1150 1334 1451 1406 Ἀσσυρίοις
1499 1337 1648 1406 παρὰ
1686 1334 1780 1389 τοῦ

214 1420 349 1474 θεοῦ
395 1422 668 1493 τιμωρίαν
717 1423 915 1493 φησὶν,
959 1425 1030 1493 (p.
1071 1425 1195 1493 5‘26)
1230 1426 1405 1496 ἥνπερ
1441 1422 1533 1480 οὖν
1575 1428 1667 1481 καὶ
1695 1428 1782 1481 διὰ

215 1510 576 1566 Βαϐυλωνίων
626 1512 924 1584 ὑπέμειναν
966 1514 1188 1585 ὕστερον
1214 1533 1226 1546 ·
1274 1516 1449 1586 δηλῶν
1482 1518 1575 1570 καὶ
1622 1519 1782 1585 αὐτὸς

212 1603 300 1654 ὅτι
335 1602 478 1657 κατὰ
507 1601 736 1675 γνώμην
763 1604 897 1661 Θεοῦ
937 1607 1030 1659 καὶ
1057 1606 1247 1661 παθεῖν
1280 1607 1452 1663 ταῦτα
1483 1610 1533 1660 oi
1575 1610 1782 1680 Ἰσραη-

1874 512 2119 568 ldnmaeis
2155 512 2303 566 canit
2342 510 2701 580 punitionem,
2755 522 2919 579 quam
2976 504 3174 561 deinde
3207 505 3427 575 passuri

1873 612 2048 668 erant,
2071 613 2191 673 post
2222 602 2430 657 Hebraei
2473 601 2653 672 populi
2680 600 2953 671 Babylone
2980 598 3236 660 reditum,
3268 595 3339 650 ob
3368 610 3434 649 ea

1873 713 1995 767 qua:
2019 696 2278 752 adversus
2310 694 2677 766 Hierosolyma
2705 707 3002 761 eorumque
3032 690 3242 745 incolas
3273 696 3434 743 antea

1873 789 2242 857 deliquerant;
2268 786 2579 856 signiﬁcans
2606 787 2829 841 omnino
2857 783 2994 846 fore,
3037 793 3090 836 ut
3123 782 3237 835 haec
3280 794 3310 832 a
3343 777 3433 832 Dei

1872 883 2151 936 voluntate
2180 880 2287 935 illis
2311 880 2593 935 eveniant:
2622 878 2694 933 ita
2731 878 2923 933 beatus
2949 876 3052 931 hoc
3080 875 3220 931 libro
3251 871 3436 933 Nabu-

1877 990 1998 1029 mus
2037 981 2454 1043 superventuras
2500 971 2740 1042 Assyriis
2778 984 2807 1023 a
2839 968 2945 1024 Deo
2978 981 3169 1039 pmnas
3222 965 3413 1019 recitat

1877 1082 2013 1136 quas
2036 1080 2227 1133 reapse
2257 1079 2288 1118 a
2313 1062 2623 1134 Babyloniis
2642 1061 2880 1132 perpessi
2902 1068 3030 1116 sunt
3067 1068 3251 1129 postea
3278 1073 3291 1109 :
3321 1056 3438 1125 ipse

1878 1156 2077 1225 pariter
2098 1154 2410 1219 ostendens,
2460 1153 2915 1224 quemadmodum
2946 1150 3040 1204 Dei
3074 1157 3209 1212 nutu
3236 1156 3291 1215 et
3323 1147 3439 1202 haec

1877 1247 2191 1314 contingere
2234 1243 2490 1299 lsraelitis
2524 1244 2850 1313 permissum
2883 1241 3077 1307 fuerit;
3124 1246 3177 1295 et
3208 1236 3315 1308 ipsi
3336 1235 3435 1291 de-

1879 1354 2023 1393 muln
2052 1334 2257 1405 Assyrii
2287 1335 2491 1390 scelera
2514 1350 2611 1395 sua
2642 1341 2884 1403 tempore
2915 1332 3111 1387 idoneo
3153 1325 3441 1399 suppliciis

1877 1430 2140 1499 expiaturi
2164 1438 2366 1483 essent.
2402 1426 2466 1481 Et
2485 1426 2606 1481 libri
2635 1425 2853 1495 quidem
2878 1431 3253 1494 argumentum
3274 1420 3425 1490 ejus-

1876 1522 2019 1576 modi
2050 1529 2152 1577 est.
2185 1518 2339 1574 Nunc
2373 1519 2438 1573 ad
2473 1519 2682 1588 singula
2727 1515 3063 1587 explananda
3116 1511 3434 1567 incumben-

1878 1614 2006 1667 dum
2033 1622 2139 1667 est.

210 1696 363 1749 λῖται
403 1696 492 1750 διὰ
530 1698 630 1769 τὴν
669 1699 878 1759 οίκείαν
922 1702 1376 1773 συνεχωρήθησαν
1411 1704 1690 1758 ἀσέϐειαν
1724 1706 1817 1761 καὶ
1857 1706 2126 1776 Ἀσσύριοι
2169 1722 2232 1773 γε
2263 1706 2359 1775 τῆς
2402 1703 2654 1768 ἀπονοίας
2695 1704 2793 1772 τῆς
2834 1700 3040 1756 ἑαυτῶν
3078 1699 3217 1752 κατὰ
3250 1695 3439 1767 καιρὸν

213 1788 481 1856 ἀνάλογον
515 1786 595 1853 οἷς
622 1791 1158 1863 πεπλημμελήκεσαν
1196 1794 1426 1849 δώσουσι
1463 1797 1641 1870 δίκην.
1667 1800 1749 1854 Τὰ
1779 1800 1877 1870 μὲν
1912 1799 1976 1871 δὴ
2009 1800 2105 1869 τῆς
2152 1798 2457 1861 ὑποθέσεως
2489 1795 2582 1850 τοῦ
2618 1794 2823 1867 βιϐλίου
2869 1791 3042 1847 ταῦτα
3067 1806 3079 1820 ⁸
3112 1786 3438 1859 προσεκτέον

214 1882 279 1935 δὲ
298 1885 412 1945 τοῖς
440 1883 580 1937 κατὰ
613 1886 778 1955 μέρος
799 1885 1002 1940 λοιπόν.

879 1976 1034 2028 ΚΕΦ.
1065 1976 1143 2031 A'.

286 2063 436 2134 Στίχ.
469 2070 544 2121 α’.
592 2095 656 2106 -
702 2084 727 2116 ι
773 2066 982 2135 Λῆμμα
1027 2067 1258 2139 Νινευὴ,
1297 2068 1498 2141 βιϐλίον
1542 2070 1782 2142 ὁράσεως

210 2152 411 2222 Ναοὺμ
442 2153 543 2206 τοῦ
588 2155 920 2211 Ἐλκεσαίου.
962 2176 982 2209 ι
1008 2158 1177 2211 Τοῦτο
1222 2159 1320 2228 μέν
1362 2156 1455 2212 οὖν
1494 2161 1526 2230 ἡ
1560 2159 1783 2213 εἰωθυῖα

209 2243 500 2315 ἐπιγραφὴ
536 2244 647 2299 τῶν
674 2247 1024 2317 προφητικῶν
1049 2266 1063 2280 ⁸
1090 2249 1184 2303 τοῦ
1212 2250 1497 2320 λήμματος
1522 2251 1579 2303 δὲ
1603 2268 1779 2322 σαφη’

212 2334 357 2387 νίσαι
384 2337 657 2406 προσήκει
674 2338 772 2407 τὴν
785 2337 1020 2392 διάνοιαν
1039 2357 1055 2372 ·
1074 2340 1133 2393 ἐν
1151 2341 1248 2410 μὲν
1271 2343 1380 2412 γὰρ
1398 2337 1465 2413 ἦν
1484 2342 1544 2395 τὸ
1561 2342 1782 2412 Πνεῦμα

212 2423 273 2475 τὺ
303 2424 490 2491 ἆγιον,
516 2424 548 2477 ὃ
574 2427 688 2488 τοῖς
707 2426 812 2480 τῶν
838 2428 1090 2483 τοιούτων
1114 2430 1434 2502 ἠξιωμένοις
1460 2431 1557 2503 τὴν
1579 2433 1783 2487 οἰκείαν

214 2517 514 2585 παρείχετο
556 2518 714 2588 χάριν
734 2534 745 2547 ⁸
775 2518 957 2583 καθὼς
989 2521 1018 2573 ό
1049 2523 1319 2592 μακάριος
1344 2522 1553 2587 Παῦλός
1582 2540 1744 2593 φησιν
1764 2540 1780 2557 ο

218 2621 241 2655 ι
283 2606 546 2675 Ἔχοντες
590 2606 647 2659 δέ
683 2607 814 2660 αὐτὸ
846 2607 1063 2680 Πνεῦμα
1108 2610 1206 2681 τῆς
1252 2610 1488 2674 πίστεως
1539 2612 1678 2666 κατὰ
1721 2610 1783 2663 τὸ

214 2697 641 2767 γεγραμμένον’
694 2698 1047 2764 Ἐπίστευσα,
1092 2700 1173 2753 διὸ
1222 2700 1318 2754 καὶ
1366 2701 1633 2773 ἐλάλησα·
1687 2702 1783 2755 καὶ

217 2789 373 2856 ἡμεῖς
415 2791 768 2860 πιστεύομεν.
808 2791 885 2844 διὸ
928 2792 1021 2845 καὶ
1060 2792 1360 2863 λαλοῦμεν*
1410 2812 1430 2846 ι
1462 2794 1674 2858 δεικνὺς
1702 2795 1782 2848 ὄτι

216 2880 312 2949 τῆς
338 2880 513 2950 αὐτῆς
542 2879 638 2934 τοῦ
655 2881 811 2949 ἁγίου
841 2882 1161 2953 Πνεύματος
1192 2884 1415 2954 χάριτος
1443 2885 1498 2937 οἵ
1519 2902 1580 2937 τε
1613 2885 1781 2939 πάλαι

220 2975 491 3042 μετεῖχον,
523 2976 615 3027 καὶ
641 2977 689 3028 oi
720 2974 796 3046 τῷ
827 2975 924 3045 τῆς
946 2978 1154 3049 Καινῆς
1175 2979 1448 3051 Διαθήκης
1479 2982 1781 3053 ὐπερητού-

220 3078 367 3130 μενοι
392 3065 683 3135 μυστηρίῳ
699 3082 713 3096 ·
737 3065 979 3137 διάφοροι
1000 3068 1056 3121 δὲ
1086 3069 1223 3140 πρὸς
1246 3071 1309 3125 τὸ
1339 3075 1661 3141 κατεπεῖγον
1683 3074 1781 3145 τῆς

218 3155 409 3225 χρείας
433 3157 785 3212 ἐπετελοῦντο
811 3162 864 3214 αἱ
890 3160 1182 3232 ἐνέργειαν
1210 3182 1229 3217 ι
1269 3165 1574 3237 Διαιρέσεις
1601 3166 1730 3238 γὰρ,
1755 3187 1775 3220 ι

219 3250 370 3316 φησὶ,
409 3268 430 3301 ι
460 3252 815 3321 χαρισμάτων
842 3254 976 3316 εἰσὶ,
1006 3255 1065 3307 τὸ
1085 3255 1142 3308 δέ
1170 3256 1300 3309 αὐτὸ
1328 3258 1578 3328 Πνεῦμα.
1615 3278 1634 3310 ι
1662 3261 1783 3314 Διά-

218 3355 356 3408 ᾳορα
390 3339 495 3408 μὲν
524 3335 665 3393 εἶναι
693 3341 762 3395 τὰ
788 3342 1037 3413 διδόμενα
1066 3345 1259 3414 λέγων,
1290 3348 1346 3402 ἓν
1374 3349 1429 3401 δὲ
1458 3348 1519 3401 τὸ
1545 3351 1780 3421 παρέχον

220 3430 441 3484 ᾶπαντα
468 3430 718 3502 Πνεῦμα.
761 3433 943 3487 Εἰπὼν
971 3435 1100 3503 γοῦν
1126 3438 1221 3490 καὶ
1247 3437 1339 3491 τὸν
1372 3438 1479 3493 τῶν
1512 3441 1782 3512 χαρισμά-

216 3537 324 3573 των
368 3523 707 3592 κατάλογον,
745 3544 763 3577 ι
805 3519 874 3597 Ὦ
916 3528 1014 3596 μὲν
1054 3529 1164 3601 γὰρ
1202 3530 1291 3585 διὰ
1320 3530 1414 3583 τοῦ
1468 3531 1781 3604 Πνεῦματος

218 3612 421 3667 δίδοται
446 3615 604 3684 λόγος
651 3617 837 3686 σοφίας
859 3657 874 3681 ,
903 3618 1046 3690 ἄλλῳ
1075 3619 1130 3673 δὲ
1173 3621 1325 3689 λόγος
1358 3620 1612 3691 γνώσεως
1638 3624 1781 3678 κατὰ

221 3710 280 3762 τδ
306 3711 446 3765 αὐτὸ
472 3710 700 3781 Πνεῦμα
723 3753 739 3779 ,
780 3731 799 3767 ι
842 3715 936 3771 καὶ
966 3714 1034 3767 τὰ
1058 3714 1185 3785 ἑξῆς
1252 3716 1348 3789 (p.
1388 3716 1513 3783 527)
1548 3717 1778 3785 ἐπάγει·

226 3821 249 3855 ι
284 3802 471 3857 Ταῦτα
514 3803 574 3857 δὲ
616 3805 793 3859 πάντα
819 3807 1032 3876 ἐνεργεῖ
1076 3806 1136 3859 τὸ
1168 3805 1225 3860 ἓν
1260 3808 1354 3860 καὶ⁸
1398 3808 1531 3862 αὐτὸ
1556 3808 1781 3878 Πνεῦμα

222 3891 464 3965 διαιροῦν
492 3894 600 3965 ἰδίᾳ
638 3896 851 3966 ἑκάστῳ
887 3895 1070 3961 καθὼς
1106 3896 1372 3967 βούλεταιο
1402 3917 1420 3948 ι
1459 3898 1669 3962 δεικνὺς
1700 3900 1780 3952 ὅτι

225 3984 311 4047 139'
356 3986 479 4049 ινὺς
522 3986 614 4039 τοῦ
654 3986 808 4054 ἁγίου
858 3987 1172 4057 Πνεῦματος
1206 3986 1421 4040 ἅπαντα
1466 3989 1777 4058 ἐνηργεῖτο·

226 4077 554 4148 πολύτροποι
580 4077 635 4130 δὲ
659 4079 749 4131 καὶ
776 4077 915 4131 κατὰ
943 4078 1041 4147 τὴν
1064 4078 1250 4149 χρείαν
1280 4079 1576 4147 ἐνεγίνοντο
1598 4080 1781 4145 αὐτοῖς

228 4168 517 4236 ἐνέργειαι,
566 4166 687 4219 καθ’
735 4165 802 4229 ἃς
838 4168 935 4238 τὴν
979 4166 1317 4235 ἀποκάλυψιν
1380 4166 1621 4236 ἐδέχοντο
1669 4166 1779 4221 τῶν

222 4259 557 4327 ἀναγκαίων.
630 4258 910 4313 Ἐκστάσει
960 4258 1057 4328 μὲν
1106 4253 1198 4311 οὖν
1237 4257 1471 4320 ἅπαντες
1518 4255 1593 4319 ὡς
1635 4255 1780 4321 εἰκὸς

224 4350 325 4405 τῶν
367 4350 822 4421 ἁποῤῥητοτέρων
874 4350 1115 4420 ἐδέχοντο
1159 4348 1255 4420 τὴν
1284 4348 1506 4418 γνῶσιν,
1552 4348 1781 4418 ἐπείπερ

223 4443 345 4513 ἐνῆν
380 4442 580 4505 αὐτοὺς
619 4446 739 4505 ταῖς
781 4444 1009 4505 ἐννοίαις
1063 4442 1250 4514 πόῤῥω
1279 4458 1383 4495 που
1434 4442 1534 4512 τῆς
1576 4442 1782 4512 παροὺ-

226 4549 323 4602 σης
352 4533 740 4597 καταστάσεως
769 4533 1078 4601 γεγονότας,
1106 4533 1248 4586 οὕτω
1274 4533 1563 4605 δυνηθῆναι
1584 4537 1649 4605 τῇ
1671 4533 1780 4588 τῶν

2541 1973 2692 2029 CAP.
2735 1973 2774 2026 Ι.

1950 2066 2113 2123 Vens.
2167 2068 2217 2120 1.
2276 2096 2343 2105 -
2392 2086 2409 2117 ι
2468 2065 2723 2129 Lemma,
2788 2064 3126 2136 assumptio,
3178 2062 3437 2130 Ninives,

1880 2159 2017 2215 liber
2049 2158 2276 2214 visionis
2313 2157 2540 2213 Nahutni
2581 2156 2823 2212 Elceszci.
2862 2175 2881 2209 ι
2927 2156 3024 2211 llic
3056 2156 3273 2225 quidem
3308 2170 3441 2211 con-

1880 2259 2069 2307 suetus
2112 2249 2375 2305 librorum
2416 2249 2851 2318 propheticorum
2879 2248 3069 2303 titulus
3095 2257 3178 2307 est
3213 2268 3228 2304 :
3275 2263 3440 2305 voca-

1880 2339 1997 2396 buli
2045 2351 2225 2397 tamen
2282 2345 2469 2394 lemma
2510 2339 2783 2395 notionem
2838 2341 3157 2404 enucleare,
3205 2342 3438 2411 pretium

1879 2448 2059 2503 operae
2087 2435 2208 2488 erit.
2235 2432 2386 2489 Unus
2416 2442 2530 2486 erat
2550 2441 2775 2487 sanctus
2826 2431 3080 2500 Spiritus,
3120 2434 3213 2501 qui
3242 2432 3438 2486 horum

1881 2540 2165 2580 munerum
2199 2523 2378 2594 dignis
2407 2538 2559 2578 suam
2605 2524 2832 2594 gratiam
2860 2524 3262 2594 suppeditabat,
3298 2531 3442 2579 teste

1881 2614 2040 2671 beato
2072 2614 2271 2669 Paulo:
2314 2632 2333 2665 ι
2371 2613 2638 2670 Habentes
2671 2622 2850 2669 autem
2877 2614 3126 2671 eumdem
3172 2613 3455 2683 Spiritum.

1881 2706 2031 2773 ﬁdei,
2062 2706 2220 2773 sicuti
2257 2707 2517 2775 scriptum
2549 2713 2631 2760 est
2665 2722 2677 2759 :
2711 2703 2948 2769 Credidi,
2982 2712 3264 2775 propterea
3290 2705 3440 2759 locu-

1881 2808 1968 2854 tus
2019 2814 2172 2862 sum;
2230 2806 2284 2852 et
2346 2812 2446 2853 nos
2499 2798 2625 2866 quia
2665 2795 2959 2859 credimus,
3014 2795 3216 2850 idcirco
3263 2796 3445 2866 loqui-

1881 2905 2004 2943 mur
2035 2893 2075 2941 ³.
2132 2909 2150 2940 ι
2194 2888 2401 2955 Quibus
2439 2888 2621 2943 verbis
2674 2888 2966 2958 signiﬁcat,
3019 2888 3207 2943 eadem
3246 2884 3441 2943 sancti

1882 2979 2117 3050 Spiritus
2146 2981 2320 3050 gratia
2345 2991 2457 3034 tum
2494 2989 2707 3035 veteres
2738 2980 2859 3033 illos
2881 2980 3100 3048 potitos,
3137 2990 3249 3034 tum
3276 2980 3441 3034 etiam

1882 3073 2211 3127 recentiores
2245 3071 2337 3141 qui
2379 3070 2516 3125 Novi
2564 3070 2891 3126 'l‘estamenti
2923 3070 3180 3141 mysterio
3219 3084 3443 3139 cperam

1882 3178 2034 3219 suam
2058 3165 2391 3218 locaverunt.
2430 3163 2666 3217 Diversae
2691 3176 2818 3217 vero
2849 3176 2947 3230 pro
2978 3161 3236 3216 instantia
3258 3162 3440 3231 operis

1883 3257 2279 3325 praestabantur
2309 3255 2593 3310 facultates
2627 3274 2640 3308 :
2675 3273 2693 3305 ι
2742 3253 3047 3309 Divisiones
3075 3252 3241 3327 214
3269 3255 3442 3317 enim,

1883 3348 2083 3416 inquit,
2127 3348 2424 3419 gratiarum
2477 3354 2624 3412 sunt,
2656 3344 2796 3399 idem
2829 3357 3005 3400 tamen
3051 3343 3287 3414 Spiritus
3316 3345 3356 3399 ³.
3413 3365 3439 3398 ι

1882 3436 2105 3493 Diversa
2151 3439 2293 3493 dona
2331 3438 2426 3501 ait,
2481 3451 2649 3493 unum
2694 3436 3068 3501 nihilominus,
3105 3437 3196 3507 qui
3256 3439 3440 3491 omnia

1882 3530 2209 3599 suppeditat,
2260 3527 2543 3597 Spiritum.
2576 3527 2687 3581 lmo
2724 3535 2779 3582 et
2805 3527 3100 3597 gratiarum
3131 3528 3437 3598 catalogum

1881 3616 2106 3669 recitat:
2160 3634 2179 3665 ι
2218 3613 2323 3669 Alii
2371 3614 2586 3685 quidem
2629 3630 2725 3685 per
2766 3614 3025 3684 Spiritum
3065 3616 3225 3671 datur
3258 3631 3446 3673 sermo.

1880 3708 2174 3778 sapientiae.
2220 3708 2311 3762 alii
2333 3723 2511 3763 sermo
2533 3708 2777 3764 scientiae
2807 3710 2965 3778 juxta
2988 3709 3235 3764 eumdem
3272 3711 3440 3780 5ρίτί-

1882 3810 1995 3855 ιιιιιι
2027 3802 2066 3855 ⁸.
2106 3821 2124 3852 ι
2153 3800 2288 3855 Tum
2317 3802 2522 3871 reliqua
2548 3801 2730 3856 subdit
2770 3821 2783 3855 :
2822 3820 2840 3853 ι
2887 3800 3012 3856 Πιοο
3041 3810 3221 3858 autem
3252 3805 3436 3858 omnia

1880 3902 2134 3963 operatur
2180 3909 2318 3948 unus
2354 3900 2407 3946 et
2458 3892 2599 3948 idem
2625 3891 2861 3962 Spiritus
2901 3893 3152 3951 dividens
3189 3910 3435 3951 seorsum

1881 3984 2108 4054 singulis
2140 3991 2299 4052 prout
2329 3984 2444 4037 vult
2470 3983 2512 4037 ⁸.
2558 4002 2577 4037 ι
2606 3982 2798 4039 Omnia
2840 3984 3048 4040 scilicet
3076 3988 3146 4040 ab
3178 4002 3287 4040 uno
3316 3986 3441 4055 Spi-

1880 4078 1986 4130 ritu
2022 4075 2135 4130 ﬁeri
2187 4076 2510 4141 conﬁrmat;
2552 4088 2806 4133 caeterum
2865 4078 3063 4145 varias,
3137 4087 3294 4148 prout
3348 4095 3436 4135 res

1879 4170 2134 4238 postulat,
2160 4168 2442 4226 facultates
2463 4170 2599 4236 dari,
2619 4185 2849 4240 quarum
2876 4186 2976 4240 ope
2989 4170 3438 4242 gravissimarum

1880 4276 2059 4317 rerum
2092 4261 2335 4317 notitiam
2360 4261 2700 4332 excipiebant
2722 4262 3015 4333 prophetae.
3035 4263 3217 4332 Itaque
3232 4263 3437 4318 exstasi

1880 4354 2098 4423 quidem
2120 4369 2327 4420 omnes,
2349 4362 2407 4411 ut
2436 4354 2693 4411 credibile
2720 4362 2822 4421 est,
2850 4355 2916 4410 ad
2945 4357 3321 4411 sublimiorum
3343 4373 3436 4411 re-

1880 4462 2001 4501 rum
2029 4446 2395 4517 cognitionem
2424 4446 2902 4517 comparabantur.
2950 4446 3245 4516 Oportebat
3289 4449 3435 4504 enim

1879 4552 2068 4593 eorum
2096 4545 2303 4594 mentes
2336 4551 2366 4590 a
2386 4538 2637 4606 praesenti
2668 4546 2862 4591 natura
2897 4539 3084 4607 procul
3115 4540 3327 4605 abesse,
3376 4548 3434 4593 nt

225 4622 587 4706 δεικνυμένων
620 4622 819 4694 θεωρίᾳ
848 4623 1199 4694 προσανέχειν
1223 4624 1388 4695 μόνῃο
1414 4625 1462 4676 εί
1497 4626 1601 4698 γὰρ
1630 4626 1777 4695 ἡμᾶς

1885 4629 1978 4682 uni
2026 4635 2249 4697 possent
2302 4626 2665 4682 revelatarum
2731 4640 2914 4679 rerum
2989 4628 3431 4699 contemplationi

224 4709 320 4779 οὐχ
342 4703 454 4763 οἷόν
482 4727 545 4764 τε
582 4711 780 4781 ἀκριϐῆ
821 4712 968 4783 παρὰ
998 4711 1105 4764 τῶν
1136 4713 1499 4765 παιδευόντων
1528 4712 1776 4783 δέχεσθαι

226 4803 322 4873 τὴν
357 4803 624 4874 μάθησιν,
658 4805 708 4856 εί
754 4803 829 4876 μὴ
866 4805 1082 4858 πάντων
1110 4805 1330 4869 ἑαυτοὺς
1364 4804 1779 4868 ἀποσπάσαντες

225 4897 324 4949 σὺν
359 4895 614 4966 ἀκριϐείᾳ
641 4895 809 4964 πολλῇ
860 4895 1216 4967 προσέχωμεν
1242 4899 1353 4959 τοῖς
1381 4896 1712 4966 λεγομένοις,
1741 4896 1776 4965 ἦ

220 4987 329 5040 που
349 5004 414 5054 γε
434 4987 531 5049 τὰς
552 4988 693 5040 οὕτω
715 4987 950 5057 φοϐεράς
970 5005 1029 5040 τε
1057 4990 1150 5041 καὶ
1173 4988 1517 5059 ἀπορρήτους
1546 4985 1778 5057 θεωρίας

217 5079 444 5132 δυνατὸν
466 5076 536 5149 ἦν
562 5080 744 5142 αὐτοῖς
777 5080 1150 5150 ὑποδέχεσθαι,
1187 5081 1259 5151 μὴ
1289 5080 1366 5151 τῷ
1385 5080 1627 5151 λογισμῷ
1654 5080 1780 5151 πρός

218 5187 375 5240 τερον
407 5171 545 5224 κατὰ
575 5171 667 5224 τὸν
691 5172 789 5240 τῆς
816 5170 1044 5242 θεωρίας
1066 5172 1251 5243 καιρὸν
1280 5169 1646 5241 ἐξισταμένοις
1673 5170 1780 5224 τῶν

220 5263 536 5332 παρόντωνς
564 5262 720 5317 Οῦτω
751 5263 841 5316 τὸν
883 5265 1149 5334 μακάριον
1176 5263 1323 5331 λέγει
1355 5263 1558 5334 Πέτρον
1591 5265 1648 5316 ἐν
1686 5263 1778 5315 ἐκ·

221 5352 411 5405 στάσει
455 5354 712 5422 γεγονότα
747 5353 846 5425 τὴν
893 5354 1099 5407 σινδόνα
1146 5353 1272 5405 ίδεῖν
1300 5354 1364 5405 ἐκ
1404 5352 1498 5405 τοῦ
1544 5352 1772 5422 οὐρανοῦ

1877 4736 2089 4776 vacare.
2122 4718 2256 4774 Nam
2285 4718 2331 4773 si
2354 4718 2469 4773 ﬁeri
2497 4718 2703 4786 nequit,
2729 4727 2787 4771 ut
2818 4731 2921 4772 nos
2956 4728 3206 4774 accurate
3239 4736 3269 4773 a
3296 4736 3433 4790 prac-

1877 4811 2185 4882 ceptoribus
2218 4810 2529 4865 imbuamur
2567 4808 2811 4863 doctrina
2858 4811 3059 4879 aliqua,
3089 4810 3193 4865 nisi
3230 4812 3431 4865 animis

1879 4902 1947 4955 ab
1972 4901 2118 4956 omni
2149 4900 2468 4970 evagatione
2498 4898 2769 4964 cohibitis,
2804 4900 2993 4955 sedulo
3015 4900 3176 4954 dictis
3200 4910 3428 4955 mentem

1878 4987 2224 5043 intendamus
2257 5004 2273 5043 :
2304 5001 2431 5039 num
2492 4987 2766 5057 prOphetaa
2797 4989 3063 5044 terriﬁcas
3110 4988 3244 5043 adeo
3267 4996 3434 5057 atque

1878 5079 2272 5136 inenarrabiles
2305 5078 2544 5159 visiones
2611 5081 2889 5151 percipere
2921 5079 3245 5151 potuissent,
3322 5082 3431 5137 nisi

1876 5184 2106 5228 mentem
2138 5178 2318 5236 antea,
2353 5185 2544 5241 nempe
2575 5172 2676 5225 sub
2714 5170 2886 5239 ipsmn
2930 5170 3154 5227 visionis
3192 5182 3428 5243 tempus,

1873 5264 2228 5318 abalienatam
2294 5263 2525 5318 terrenis
2568 5263 2918 5318 habuissent?
2949 5262 3039 5317 Sic
3069 5263 3285 5319 beatum
3328 5263 3429 5318 Pe-

1871 5363 2013 5408 trum
2044 5352 2323 5423 Scriptura
2362 5354 2498 5407 dicit
2522 5354 2574 5407 in
2603 5353 2803 5409 exstasi
2830 5355 3063 5424 positum
3093 5356 3294 5410 vidisse
3309 5355 3429 5409 sin-

216 5447 697 5516 ιαταφερομένηνε
725 5444 910 5516 ἐπειδὴ
938 5448 972 5516 η
996 5446 1088 5499 τοῦ
1116 5444 1429 5516 Πνεύματος
1450 5444 1608 5515 χάρις
1640 5444 1771 5514 πρό-

1878 5445 2061 5501 donem
2108 5443 2175 5499 de
2219 5444 2358 5499 cmlo
2417 5443 2727 5500 demissam.
2786 5443 3022 5516 Spiritus
3060 5429 3223 5503 enim'
3255 5449 3427 5519 gratia

110 5590 119 5597 ,
212 5554 377 5611 τερον
407 5537 565 5591 αὐτοῦ
613 5538 714 5608 τὴν
746 5536 978 5591 διάνοιαν
1013 5537 1301 5591 άποσπᾶσα
1332 5534 1439 5588 τῶν
1471 5534 1768 5605 παρόντων,

1876 5545 2109 5616 mentem
2150 5535 2267 5605 ejus
2315 5536 2489 5608 primo
2543 5534 2809 5594 abstraxit
2870 5540 3253 5608 terrestribus,
3310 5548 3429 5597 tum

293 5714 318 5746 ⁸
346 5710 385 5766 ΙΙ
415 5714 537 5771 Cor.
580 5731 654 5782 tv,
694 5715 777 5771 13.
852 5716 872 5747 ³
900 5713 1056 5769 lCor.
1097 5730 1188 5776 xu,
1213 5718 1264 5770 6.
1344 5712 1360 5743 ⁸
1392 5708 1595 5768 lbid.8.
1673 5712 1693 5743 ⁸
1724 5712 1856 5768 ibid.
1890 5714 1971 5769 il.
