3992 6232
533 387 640 443 ωδ
1697 391 2044 449 THEODORI
2094 393 2319 450 MOPSU
2329 391 2571 450 ESTENI
3657 393 3765 450 ιοι

535 505 712 574 ipsum
780 506 1031 563 idoneum
1091 506 1326 564 refdidit
1383 507 1879 564 demonstratarum
1919 525 2132 572 rerum,

2237 510 2323 562 ότε
2357 508 2709 582 προσανέχειν
2745 513 2810 582 τῇ
2847 509 3051 582 θεωρία
3087 507 3464 580 παρεσκεύασε
3511 507 3622 561 τῶν
3656 506 3765 560 δει-

537 595 780 652 intuitui.
812 598 884 652 Ac
919 599 1082 654 veluti
1129 601 1182 653 in
1213 614 1405 654 somno
1435 599 1563 653 dum
1603 600 1868 668 tantisper
1914 614 1945 652 a
1971 615 2109 669 [πων

2235 600 2499 671 ινυμένων,
2537 601 2604 653 ἵν’
2654 603 2839 672 ὥσπερ
2876 601 2980 667 ἔξω
3011 601 3112 671 τῆς
3158 601 3439 672 παρούσης
3489 599 3765 670 γινόμενοι

538 687 678 739 senti
701 689 948 756 corporis
973 689 1284 744 conditione
1312 689 1680 762 degrediatur,
1715 687 2106 744 revelationum

2235 694 2585 758 ιαταστάσεως
2636 694 2758 747 καθ’
2816 692 3014 757 ὕπνους
3069 692 3180 746 τῶν
3233 692 3767 761 ἀποκαλυπτομένων

542 774 808 846 imagines
839 780 1019 834 animo
1067 780 1356 850 recipimus
1406 799 1420 838 :
1475 781 1553 836 sic
1609 781 1885 850 propheta:
1917 782 2110 851 migra-

2235 784 2466 854 εχόμεθα
2490 786 2587 855 τὴν
2620 784 2870 854 θεωρίαν,
2901 784 3042 838 οὕτω
3066 801 3184 848 πως
3215 787 3282 854 τῇ
3317 783 3646 848 μεταστάσει
3670 780 3770 850 τῆς

545 867 692 922 tione
712 870 944 938 quadam
983 871 1182 928 mentis
1208 874 1311 926 sub
1344 873 1518 930 sancti
1554 870 1790 942 Spiritus
1823 871 2106 926 constituti

2239 877 2440 939 ιανοίας
2467 877 2570 930 ὑπὸ
2599 877 2698 946 τῆς
2728 875 2821 928 τοῦ
2847 876 3001 945 ἁγίου
3032 876 3348 945 Πνεύματος
3381 875 3769 943 καθιστάμενοι

544 961 738 1026 gratia,
769 961 980 1017 oblatas
1012 977 1138 1033 mox
1165 979 1252 1026 res
1283 963 1810 1032 contemplabantur.
2113 981 2116 984 ·

2235 967 2424 1036 ςάριτος
2444 1007 2460 1032 ,
2491 968 2600 1020 τῶν
2622 968 2982 1037 δεικνυμένων
3012 967 3355 1037 ὑποδέχοιντο
3383 965 3480 1037 τὴν
3513 965 3770 1036 Θεωρίαν.

613 1050 733 1106 Jam
778 1067 906 1109 vero
950 1057 1006 1109 in
1053 1056 1156 1110 hac
1222 1058 1414 1127 positis
1462 1057 1774 1111 conditione
1829 1055 2101 1112 interdum

2273 1065 2291 1128 (
2320 1077 2373 1131 p.
2407 1061 2530 1129 528)
2575 1061 2734 1116 Ἀλλά
2757 1062 2863 1134 γάρ
2893 1065 2950 1116 ὲν
2984 1061 3205 1132 τοιαύτῃ
3250 1061 3584 1114 καταστάσει
3618 1077 3772 1127 γινο-

547 1143 766 1212 quidem
797 1147 904 1201 tale
932 1148 1222 1203 exhibebat
1260 1148 1635 1220 magisterium
1666 1149 1841 1205 sancti
1871 1147 2107 1218 Spiritus

2235 1153 2388 1216 ιένοις
2414 1152 2594 1216 αὐτοῖς
2621 1154 2749 1206 ποτὲ
2783 1154 2880 1224 μὲν
2911 1152 3165 1224 τοιαύτην
3195 1151 3316 1205 τινά
3344 1151 3641 1221 παρείχετο
3674 1151 3776 1221 τὴν

550 1235 748 1304 gratia,
789 1245 850 1291 ut
881 1239 986 1293 sibi
1016 1240 1332 1309 viderentur
1364 1241 1555 1295 audire
1583 1239 1982 1310 quodammodo
2011 1240 2109 1293 alio

2239 1243 2548 1297 ιδασκαλίαν
2605 1243 2700 1296 τοῦ
2744 1245 2902 1312 ἀγίου
2954 1243 3269 1313 Πνεύματος
3320 1244 3354 1312 ή
3407 1243 3584 1312 χάρις,
3632 1239 3777 1291 ὥστε

549 1342 710 1396 quem
747 1330 1058 1399 loquentem
1097 1347 1303 1402 eosque
1327 1332 1704 1397 erudientem;
1748 1346 1921 1402 eoque
1954 1340 2112 1402 pacto

2235 1337 2386 1387 οκεῖν
2415 1335 2611 1398 αὐτοὺς
2640 1334 2786 1387 ὥσπε
2797 1353 2826 1406 ρ
2857 1336 2998 1399 τινὸς
3024 1335 3317 1396 λαλοῦντος
3352 1333 3571 1386 ἀκούειν
3596 1350 3656 1386 τε
3681 1334 3778 1386 καὶ

550 1419 932 1474 imbuebantur
958 1436 1138 1476 rerum
1159 1438 1279 1493 quae
1298 1439 1436 1494 opus
1453 1432 1612 1478 erant
1638 1424 1962 1493 cognitione.
1991 1422 2112 1476 Sic-

550 1509 629 1576 uti
671 1525 857 1566 revera
903 1511 1096 1570 beatus
1158 1513 1352 1570 Petrus
1419 1513 1796 1569 animadversa
1853 1514 2107 1576 sindone,

552 1601 742 1656 audire
774 1602 995 1674 insuper
1014 1605 1362 1661 existimabat
1387 1605 1547 1676 215
1577 1603 1763 1662 vocem
1796 1605 1900 1662 sibi
1933 1606 2113 1660 dicen-

2214 1429 2563 1482 παιδεύεσθαι
2587 1443 2600 1457 '
2633 1428 2773 1481 οὓτω
2812 1445 2870 1480 τε
2899 1427 3145 1498 δέχεσθαι
3173 1426 3282 1480 τῶν
3323 1425 3639 1493 ἀναγκαίων
3679 1424 3782 1494 τήν

2214 1520 2413 1589 γνῶσιν
2433 1536 2446 1549 ·
2481 1519 2668 1590 ὥσπερ
2696 1514 2788 1572 οὖν
2825 1520 2917 1572 καί⁸
2949 1521 2977 1572 ό
3019 1518 3287 1596 μακάριος
3326 1517 3526 1588 Πέτρος
3557 1517 3651 1568 ἐπὶ
3679 1515 3784 1583 τῆς

2219 1611 2454 1675 σινδόνος
2515 1611 2700 1682 φωνῆς
2733 1611 2953 1664 ἀκούειν
2986 1611 3158 1663 ἐδόκει.
3195 1609 3459 1680 λεγούσης
3501 1608 3640 1679 πρὸς
3683 1609 3784 1660 αὐ-

555 1697 694 1758 tem:
719 1692 1118 1764 «Consurgens,
1141 1693 1317 1761 Petre,
1341 1697 1486 1749 caede
1504 1701 1558 1750 et
1577 1694 1844 1750 manduca
1864 1696 1906 1749 ‘.
1935 1713 1954 1747 ι
1977 1693 2113 1748 IIinc

2235 1700 2327 1752 τὸν·
2361 1717 2379 1750 ι
2411 1699 2702 1765 Ἀναστὰς,
2736 1697 3120 1769 Πέτρε,θῦσον
3137 1701 3229 1751 καὶ
3247 1697 3405 1765 φάγε.
3438 1714 3456 1747 ι
3501 1694 3785 1747 Ἐντεῦθεν

553 1783 718 1840 etiam
759 1782 926 1840 Isaias
973 1785 1238 1856 propheta
1276 1786 1352 1839 ait
1381 1802 1394 1839 :
1423 1781 1696 1845 «Domine,
1727 1786 1852 1856 quis
1883 1785 2117 1841 credidit

2235 1791 2310 1844 ιαὶ
2349 1793 2378 1844 ὁ
2420 1793 2704 1861 προφήτης
2748 1791 2972 1853 Ἡσαΐας
3005 1788 3168 1859 φησίν
3193 1804 3208 1820 ο
3250 1807 3268 1840 ι
3310 1789 3501 1858 Κύριε,
3543 1787 3628 1850 τίς
3662 1786 3786 1839 ἐπί-

557 1871 765 1926 auditui
790 1881 981 1929 nostro
1007 1876 1066 1930 τί
1091 1895 1110 1930 ι
1131 1876 1346 1931 auditus
1368 1875 1587 1932 nomine
1608 1877 1878 1948 appellans
1903 1877 2117 1931 exhibi-

2235 1899 2409 1935 ςτευσε
2435 1885 2500 1953 τῇ
2533 1884 2672 1953 ἀκοῇ
2700 1881 2888 1951 ήμῶνς
2942 1899 2960 1932 ι
2991 1879 3159 1951 ἀκοὴν
3198 1879 3429 1941 καλέσας
3467 1879 3568 1948 τὴν
3598 1895 3786 1948 παρα-

559 1970 668 2016 tam
714 1964 819 2018 sibi
852 1965 1114 2020 divinitus
1150 1967 1563 2033 revelationem,
1602 1968 1870 2037 siquidem
1897 1983 1995 2023 ceu
2039 1969 2119 2020 lo-

557 2065 812 2124 quentem
851 2058 1085 2129 aliquem
1136 2061 1444 2114 auscultare
1487 2075 1547 2115 se
1603 2059 1985 2114 arbitrabatur.
2033 2058 2120 2112 In-

557 2150 777 2205 terdum
799 2151 963 2206 etiam
999 2159 1123 2222 post
1151 2152 1391 2222 aliquam
1431 2153 1696 2207 visionem
1728 2151 1831 2207 sibi
1859 2151 2117 2216 oblatam,

561 2243 835 2312 loquentis
865 2259 1054 2301 vocem
1085 2245 1471 2300 exaudiebant.
1505 2243 1685 2300 Veluti
1709 2244 1899 2299 beatus
1924 2241 2121 2298 Petrus

559 2325 847 2390 sindonem
881 2334 1045 2399 simul
1076 2337 1353 2400 cernebat,
1401 2345 1457 2390 et
1487 2351 1690 2397 rerum,
1738 2350 1860 2405 qua:
1896 2334 2000 2390 sibi
2039 2333 2122 2388 di-

561 2424 847 2490 cebantur,
887 2425 1195 2482 doctrinam
1238 2427 1563 2498 excipiebat.
1593 2426 1735 2493 Quin
1764 2426 1901 2481 adeo
1930 2426 2122 2482 beatus

560 2529 779 2586 quoque
814 2515 1005 2580 Isaias,
1051 2533 1176 2572 cum
1221 2519 1398 2574 aiebat
1437 2533 1495 2573 se
1531 2517 1695 2572 Deum
1743 2517 2125 2588 scraphimque

562 2607 750 2663 videre
779 2607 823 2671 ⁸,
855 2623 1019 2664 voces
1044 2609 1249 2679 pariter
1283 2609 1350 2664 ad
1374 2624 1434 2665 se
1463 2609 1662 2663 missas
1693 2609 1967 2663 audiebat.
1992 2607 2126 2661 Pro-

566 2707 748 2766 pterea
765 2699 1065 2772 Scriptura
1115 2700 1276 2755 modo
1311 2702 1424 2754 ait:
1476 2718 1494 2752 ι
1535 2701 1726 2755 Sermo
1770 2699 1982 2754 Domini
2031 2701 2124 2769 qui

564 2793 744 2846 factus
773 2792 796 2824 ’
847 2810 867 2853 ι
918 2801 1002 2855 est
1049 2792 1175 2846 huic
1205 2793 1290 2847 vel
1346 2792 1460 2858 illi;
1504 2807 1807 2846 sermonem
1851 2792 2128 2862 appellans

566 2899 687 2937 eam
726 2884 854 2942 vim.
899 2899 1006 2955 qua
1061 2884 1152 2938 ille
1198 2884 1292 2953 qui
1329 2883 1701 2948 erudiebatur,
1743 2885 1967 2954 putabat
1988 2900 2046 2937 se
2097 2899 2127 2937 a

570 2989 702 3028 voce
758 2975 990 3042 quadam
1050 2974 1379 3029 necessariis
1439 2975 1756 3031 notionibus
1819 2975 2127 3030 informari.

2221 1976 2502 2044 σχεθεῖσαν
2541 1973 2881 2042 ἀποκάλυψιν
2927 1972 3074 2043 αὐτῷ
3116 1970 3340 2035 θειόθεν,
3384 1969 3570 2040 ἐπειδὴ
3594 1970 3790 2040 ὥσπερ

2217 2067 2358 2131 τινὸς
2387 2067 2634 2135 λέγοντος
2661 2065 2878 2120 ἀκούειν
2912 2064 3102 2117 ἐδόκει.
3138 2064 3293 2116 Ἐστι
3329 2061 3384 2114 δὲ
3420 2062 3507 2114 ὅτε
3542 2061 3636 2114 καί
3659 2078 3789 2121 τινα

2219 2156 2484 2210 ὀπτασίαν
2523 2155 2755 2226 ὁρῶντες
2786 2155 2902 2224 μετ’
2937 2153 3152 2222 ἐκείνης
3193 2153 3388 2222 ήκουον
3419 2150 3528 2203 τῶν
3554 2149 3789 2218 λεγομέ-

2203 2266 2328 2302 νων
2347 2266 2360 2278 ·
2392 2247 2468 2310 ὡς
2497 2248 2584 2300 ὅτε
2619 2246 2886 2317 μακάριος
2916 2246 3121 2316 Πέτρος
3163 2243 3298 2314 ὁμοῦ
3323 2244 3418 2296 καὶ
3444 2243 3544 2310 τὴν
3574 2241 3793 2306 σινδόνα

2224 2340 2369 2412 ἐώρα
2414 2341 2510 2393 καὶ
2550 2338 2660 2391 τῶν
2702 2337 3008 2408 λεγομένων
3038 2335 3173 2406 πρὸς
3224 2335 3384 2389 αὐτὸν
3433 2334 3646 2404 ἐδέχετο
3687 2333 3793 2403 τὴν

2222 2432 2588 2488 διδασκαλίαν·
2615 2432 2709 2484 καὶ
2739 2430 2842 2501 μὴν
2867 2430 2961 2483 καὶ
2983 2431 3012 2481 δ
3037 2429 3305 2499 μακάριος
3339 2428 3563 2489 Ἡσαΐας
3597 2429 3685 2479 ὅτε
3712 2425 3795 2477 λέν

2224 2542 2309 2594 γει
2335 2525 2431 2594 μὲν
2465 2523 2764 2595 ἑωρακέναι
2787 2522 2876 2575 τὸν
2901 2521 3159 2583 Θεὸν,καὶ
3185 2520 3252 2572 τὰ
3277 2519 3719 2591 σεραφὶμ,ήκουε
3736 2516 3796 2567 δὲ

2225 2617 2319 2669 καὶ
2344 2615 2451 2668 τῶν
2468 2615 2602 2686 πρὸς
2628 2613 2787 2666 αὑτὸν
2815 2611 3111 2681 γινομένων
3136 2609 3458 2678 φωνῶν.Διά
3475 2607 3634 2660 τοῦτο
3659 2605 3797 2658 ποτὶ

2230 2708 2328 2778 μὲν
2361 2707 2527 2774 λέγει,
2557 2725 2575 2756 ι
2614 2705 2783 2773 Λόγος
2809 2703 3012 2773 Κυρίου
3043 2703 3100 2764 ὃς
3130 2701 3380 2770 ἐγένετο»
3412 2699 3544 2770 πρὸς
3582 2696 3737 2750 τόνδε
3766 2698 3797 2770 ῆ

2226 2800 2412 2861 τόνδε,
2447 2797 2605 2865 λόγον
2646 2795 2826 2849 καλῶν
2870 2795 2970 2864 τήν
3008 2793 3308 2862 ἐνέργειαν,
3342 2789 3459 2842 καθ’
3509 2790 3574 2858 ήν
3619 2781 3797 2839 ἐδόκει

2231 2893 2380 2961 φωνῇ
2420 2905 2524 2942 τινι
2569 2886 2952 2955 διδασκόμενος
2984 2882 3336 2937 παιδεύεσθαι
3366 2881 3426 2934 τὸ
3467 2879 3618 2933 δέον⁶
3660 2877 3799 2931 ποτε

2229 2984 2285 3036 δέ
2307 3023 2321 3044 ,
2339 3001 2358 3036 ι
2383 2983 2625 3053 ’Ὀρασιν,
2667 2981 2734 3050 ἣν
2762 2976 2898 3032 είδεν
2943 2997 2962 3030 ι
2997 2978 3082 3030 ὅδε
3109 2977 3141 3047 ἢ
3168 2976 3253 3029 ὅδε
3275 3015 3288 3036 ,
3329 2973 3425 3044 τὴν
3453 2970 3800 3038 ἀποκάλυψιν

570 3068 726 3122 Modo
759 3067 946 3122 eadem
988 3067 1268 3138 Scriptura
1301 3069 1474 3125 dicit:
1509 3090 1526 3121 ι
1559 3069 1728 3136 Visio,
1752 3087 1912 3140 quam
1943 3072 2076 3125 vidit
2106 3090 2125 3123 ι

2235 3072 2374 3125 οὕτω
2416 3071 2622 3134 καλῶν,
2660 3068 2782 3122 καθ’
2825 3070 2892 3139 ἦν
2921 3069 3051 3138 ὁρᾷν
3092 3083 3146 3118 τι
3182 3063 3354 3119 δοκῶν
3398 3060 3713 3116 ἐπαιδεύετο
3739 3059 3805 3115 τὸ

2380 3164 2405 3168 .-
2619 3161 2630 3168 ι
2729 3160 2741 3168 ι
2787 3160 2799 3168 ι
3021 3157 3032 3168 ι
3216 3155 3238 3168 ιι
3424 3154 3478 3168 In
3531 3152 3543 3168 Ι
3629 3167 3660 3168 ,,
3713 3151 3730 3168 ι
3773 3148 3804 3168 κ,

574 3163 661 3216 hic
690 3162 775 3216 vel
804 3163 894 3216 ille
925 3164 967 3193 “'
991 3179 1004 3228 ;
1033 3163 1419 3217 revelationem
1463 3163 1566 3218 hac
1594 3165 1956 3234 appellatione
1983 3165 2131 3219 desi-

570 3268 765 3325 gnans,
799 3253 1102 3309 secundum
1133 3269 1294 3323 quam
1329 3256 1590 3325 prepheta
1636 3264 1887 3326 spectare
1930 3256 2133 3326 aliquid

571 3345 822 3410 credens,
868 3345 922 3400 id
963 3347 1105 3416 quod
1135 3347 1240 3400 sibi
1277 3362 1414 3415 opus
1439 3354 1556 3400 erat
1575 3331 1839 3401 discebat.
1887 3346 2029 3402 Idem
2060 3348 2134 3401 si-

573 3436 796 3504 gniﬁcat
847 3436 1092 3492 locutio:
1145 3455 1162 3488 ι
1214 3435 1279 3490 Ει
1323 3436 1424 3491 fuit
1462 3453 1656 3492 manus
1705 3436 1916 3492 Domini
1972 3453 2136 3507 super

573 3543 661 3583 me
692 3529 757 3582 “.
809 3547 825 3578 ›
854 3526 984 3582 Nam
1007 3529 1092 3584 hic
1113 3529 1272 3584 etiam
1306 3544 1496 3584 manus
1546 3527 1755 3582 Domini
1802 3529 2000 3584 dicitur
2041 3546 2136 3599 pro

573 3621 748 3674 sancti
782 3619 1019 3689 Spiritus
1047 3623 1282 3686 virtute;
1331 3637 1438 3691 qua
1479 3618 1623 3676 Deus
1660 3621 1825 3675 veluti
1861 3623 2135 3691 attingens

576 3713 852 3782 propheta:
882 3721 1139 3779 mentem,
1175 3712 1481 3766 doctrinam
1511 3713 1562 3768 ei
1596 3713 1845 3767 tradebat
1884 3727 2136 3766 necessa-

577 3796 736 3856 riam.
786 3802 1068 3872 Ejusmodi
1109 3803 1241 3874 quid
1277 3803 1549 3874 signiﬁcat
1577 3804 1742 3858 etiam
1775 3820 1878 3858 vox
1925 3805 2133 3867 lemma,

578 3896 886 3962 assumptio.
923 3895 1160 3966 Namque
1187 3897 1498 3952 admirabile
1522 3895 1718 3966 aliquid
1768 3912 2138 3965 saepenumero

578 3990 952 4064 demonstrare
1005 3988 1286 4058 prophetis
1337 3989 1523 4043 volens
1570 3987 1732 4052 Deus,
1783 3990 2014 4044 subitam
2059 3989 2138 4044 eis

580 4080 778 4144 mentis
813 4079 1043 4133 faciebat
1065 4080 1499 4145 conversionem,
1533 4089 1592 4133 ut
1624 4080 1726 4135 hoc
1756 4083 1922 4135 animi
1955 4081 2137 4138 habitu

579 4170 779 4235 aﬂ‘ecti,
811 4171 1017 4239 majore
1045 4188 1166 4226 cum
1195 4173 1496 4226 reverentia
1525 4172 1830 4226 futurorum
1857 4173 2138 4227 scientiam

579 4263 908 4337 acciperent.
946 4264 1386 4332 Assumptionem
1423 4262 1608 4333 itaque
1639 4263 1780 4317 hanc
1811 4263 1974 4329 dicit;
2013 4265 2139 4332 quia

582 4354 820 4423 Spiritus
843 4355 1015 4409 sancti
1062 4355 1234 4424 gratia
1279 4361 1538 4422 tanquam
1570 4364 1793 4424 repente
1837 4355 2142 4426 corripiens

2235 3164 2543 3234 προσῆκον·
2583 3161 2643 3213 τὸ
2683 3160 2813 3214 αὐτὸ
2865 3157 3138 3228 σημαίνει,
3175 3155 3299 3221 κᾶν,
3353 3173 3373 3206 ‹
3424 3152 3672 3220 Ἐγένετο
3710 3148 3804 3202 ἐπ’

2235 3255 2332 3326 ἐμὲ
2360 3255 2480 3325 χεὶρ
2501 3253 2725 3325 Κυρίου,
2764 3271 2782 3304 ι
2814 3251 2948 3323 λέγῃ
2967 3267 2981 3281 ’
3011 3251 3088 3321 (p.
3114 3248 3239 3317 5‘29)
3267 3249 3360 3301 καὶ
3387 3246 3496 3316 γὰρ
3522 3242 3807 3296 κάνταῦθα

2234 3351 2389 3418 χεῖρα
2437 3345 2640 3417 Κυρίου
2678 3345 2776 3416 τὴν
2809 3343 3086 3414 ἐνέργειαν
3126 3341 3221 3393 τοῦ
3269 3339 3426 3406 ἁγίου
3481 3335 3807 3404 Πνεύματος

2234 3438 2488 3510 ὀνομάζει
2512 3454 2526 3469 ·
2564 3437 2685 3490 καθ’
2712 3439 2777 3505 ήν
2818 3435 3004 3504 ὥσπερ
3027 3431 3376 3502 ἐφαπτομένη
3410 3429 3509 3498 τῆς
3528 3425 3619 3478 τοῦ
3663 3441 3808 3496 προ-

2236 3533 2404 3600 φήτου
2439 3529 2675 3590 διανοίας
2697 3527 2793 3585 τὴν
2824 3522 3171 3577 διδασκαλίαν
3193 3522 3329 3590 αὑτῇ
3361 3517 3654 3589 παρείχετο
3693 3513 3811 3574 τῶν

2235 3623 2566 3691 ἀναγκαίων.
2597 3618 2816 3672 Τοιοῦτο
2837 3619 2899 3688 δή
2923 3635 2975 3670 τι
3003 3615 3246 3686 βούλεται
3270 3613 3364 3666 καί⁵
3382 3611 3443 3664 τὺ
3476 3629 3493 3660 ι
3517 3610 3715 3680 λῆμμα
3735 3625 3751 3640 ο
3785 3625 3806 3659 ι

2236 3714 2548 3785 ἐκπλήξεως
2600 3713 2708 3781 γάρ
2756 3728 2808 3762 τι
2851 3709 3017 3779 γέμον
3067 3705 3327 3767 πολλάκις
3375 3700 3646 3764 ὑποδεῖξαι
3693 3701 3814 3762 τοῖς

2238 3806 2541 3876 προφήταις
2566 3800 2882 3872 βουλόμενος
2908 3800 2936 3851 ὁ
2958 3797 3110 3860 Θεὲς,
3145 3795 3345 3865 ἀθρόαν
3362 3793 3538 3846 αὐτῶν
3569 3790 3670 3860 τῆς
3693 3790 3815 3842 δια-

2238 3898 2384 3958 νοίας
2403 3896 2501 3964 τὴν
2527 3893 2852 3963 μετάστασιν
2873 3889 3124 3952 ἐποιεῖτο,
3152 3887 3227 3949 ὡς
3249 3885 3315 3938 ἀν
3344 3884 3456 3954 ἅμα
3487 3885 3553 3952 τῇ
3578 3880 3814 3951 τοιαύτῃ

2240 3987 2568 4041 καταστάσει
2593 3984 2728 4050 μετά
2759 3981 3002 4053 μείζονος
3041 3979 3134 4032 τοῦ
3167 3977 3333 4046 φόϐου
3364 3975 3471 4028 τῶν
3507 3972 3816 4044 μελλόντων

2239 4081 2473 4148 δέχοιντο
2499 4076 2594 4146 τὴν
2623 4075 2823 4143 γνῶσιν
2843 4090 2856 4103 ·
2888 4072 3085 4142 λῆμμα
3109 4065 3201 4123 οὖν
3227 4068 3387 4122 τοῦτο
3413 4067 3588 4126 καλεῖ,
3616 4061 3817 4141 ἐπειδὴ

2240 4173 2334 4224 τοῦ
2378 4169 2690 4238 Πνεύματος
2727 4169 2760 4237 ή
2784 4167 2942 4236 χάρις
2982 4164 3171 4234 ὥσπερ
3199 4160 3397 4232 ἀθρόον
3434 4156 3816 4226 ἐπιλαμὸανο-

2245 4267 2378 4336 μένη
2397 4265 2495 4335 τ’ής
2514 4262 2607 4315 τοῦ
2635 4261 2912 4333 προφήτου
2934 4257 3170 4316 διανοίας
3191 4254 3328 4325 πρὸς
3348 4251 3447 4322 τήν
3464 4247 3819 4316 ἀποκάλυψιν

2244 4357 2411 4427 αὐτὴν
2459 4355 2684 4426 μεθίστη
2714 4351 2823 4404 τῶν
2869 4348 3255 4418 δεικνυμένων.
3299 4344 3372 4397 Τὸ
3401 4341 3532 4394 αὐτὸ
3573 4339 3630 4391 δέ
3677 4339 3820 4392 κάν-

582 4447 861 4516 ρτοριιθιαι
890 4454 1146 4521 mentem,
1179 4446 1452 4501 convertit
1481 4461 1596 4500 eam
1617 4447 1683 4500 ad
1708 4448 1781 4501 rei
1811 4446 2132 4502 demonstra-

2249 4449 2421 4504 ταῦθά
2469 4461 2628 4515 φησιν
2685 4463 2703 4494 ι
2762 4442 2971 4510 Λῆμμα
3005 4436 3243 4508 Νινευὴ.
3309 4433 3511 4505 βιϐλίον
3561 4430 3824 4501 ὁράσεως

586 4545 655 4591 tte
696 4539 1228 4608 contemplationem.
1274 4537 1398 4590 Pari
1436 4538 1649 4592 ratione
1686 4538 1774 4592 hic
1811 4554 2028 4610 quoque
2059 4539 2145 4593 di-

586 4630 762 4685 citur:
792 4630 1136 4701 «Assumptio
1167 4630 1409 4693 Ninives,
1461 4630 1597 4684 liber
1640 4630 1869 4686 visionis
1915 4629 2144 4684 Nahumi

585 4723 826 4778 Elccsaei.
843 4743 861 4776 ›
889 4725 1088 4796 Nempe
1104 4723 1414 4796 intelligitur
1439 4722 1715 4794 prophetae
1739 4738 1894 4776 mens
1924 4738 1953 4775 a
1971 4723 2146 4778 sancti

587 4813 826 4884 Spiritus
853 4817 1028 4884 gratia
1061 4824 1280 4884 repente
1307 4825 1579 4884 correpta,
1613 4827 1773 4885 atque
1807 4813 1874 4867 ad
1903 4823 2143 4868 contem-

585 4906 872 4973 plationem
931 4905 1008 4958 rei
1049 4905 1298 4960 revelata:
1344 4919 1646 4969 conversa;
1717 4903 1862 4957 unde
1909 4903 2144 4972 cognitis

585 4996 784 5066 futuris
825 4993 1048 5069 Ninives
1080 4996 1322 5064 casibus,
1363 4997 1605 5050 scientiae
1650 4994 1845 5047 oblata:
1890 4997 2141 5046 nuntium

586 5090 846 5164 propheta
875 5070 1221 5164 audientibus
1251 5087 1568 5157 impertivit.
1603 5085 1812 5140 Idcirco
1841 5092 2019 5138 autem
2064 5100 2147 5138 as-

587 5183 951 5250 stnnptionem
992 5183 1154 5238 simul
1181 5190 1234 5234 et
1261 5172 1527 5236 visionem
1556 5181 1652 5242 ait,
1680 5188 1740 5234 ut
1773 5179 1955 5249 priore
1983 5178 2147 5230 nimi-

587 5288 705 5324 rum
739 5258 1002 5341 vocabulo
1045 5274 1284 5330 declaret
1317 5271 1536 5344 modum
1582 5285 1690 5340 quo
1719 5258 1958 5340 Spiritus
1986 5269 2148 5338 216

2244 4543 2437 4610 Ναοὺμ
2478 4539 2570 4591 τοῦ
2620 4535 2956 4590 Ἐλκεσαίου·
3011 4551 3029 4583 ι
3067 4532 3156 4584 ἴνα
3198 4530 3324 4600 εἴπῃ
3364 4529 3448 4580 ὅτι
3491 4522 3821 4592 Πνεύματος

2244 4632 2463 4703 χάριτος
2507 4625 2700 4697 ἀθρόον
2741 4627 2774 4694 ὴ
2825 4622 2920 4676 τοῦ
2961 4623 3239 4694 προφήτου
3284 4617 3549 4703 ληφθεῖσα
3604 4613 3825 4674 διάνοια

2245 4702 2379 4794 πρὸς
2427 4721 2524 4790 τήν
2563 4718 2791 4789 Θεωρίαν
2840 4716 3061 4791 ἐκείνων
3115 4713 3372 4785 μετέστη,
3418 4710 3486 4762 δι’
3515 4702 3591 4761 ὧν
3625 4706 3702 4759 τὰ

2244 4813 2443 4884 Νινευὴ
2474 4811 2859 4882 συμϐησόμενα
2888 4805 3094 4878 μαθὼν,
3120 4807 3218 4874 τήν
3250 4807 3312 4857 ἐκ
3336 4802 3444 4854 τῶν
3491 4798 3826 4869 δειχθέντων

2245 4903 2391 4972 αὐτῷ
2411 4900 2751 4955 διδασκαλίαν
2785 4898 3073 4968 παρείχετο
3099 4899 3210 4956 τοῖς
3237 4892 3520 4947 ἀκούουσι·
3545 4888 3635 4942 διὰ
3655 4887 3828 4940 τοῦτο

2244 4994 2336 5047 καὶ
2369 4995 2558 5062 λῆμμα
2582 4992 2676 5044 καί⁸
2694 4991 2881 5060 ὅρασιν
2907 4984 3260 5058 είρηκὼς,ῖνα
3284 4983 3360 5052 τῷ
3381 4981 3477 5051 μὲν
3500 4979 3590 5032 τὸν
3609 4979 3827 5048 τρόπον

2244 5087 2341 5155 τῆς
2364 5084 2642 5154 ἐνεργείας
2663 5083 2757 5135 τοῦ
2783 5081 2934 5149 ἁγίου
2958 5078 3095 5133 Πνεύ
3105 5094 3267 5148 ματος
3282 5073 3514 5144 δηλώσῃ,
3538 5074 3606 5141 τῇ
3627 5070 3830 5140 δράσει

2245 5177 2301 5229 δέ
2325 5177 2433 5229 τῶν
2473 5173 2795 5246 δειχθέντων
2842 5173 2989 5242 αὐτῷ
3014 5171 3114 5240 τήν
3153 5167 3409 5238 θεωρίαν.
3445 5167 3720 5235 Ἀρχεται
3769 5161 3830 5214 δέ

2245 5267 2437 5330 οὕτως’

587 5366 762 5420 sancti
793 5365 875 5419 vis
909 5380 966 5419 se
993 5365 1205 5434 prodit;
1240 5364 1540 5434 posteriore
1570 5367 1750 5415 autem
1795 5359 2018 5427 visionis
2059 5357 2353 5421 vocabulo,
2395 5358 2889 5413 demonstratorum
2929 5351 3272 5408 oraculorum
3317 5348 3571 5402 intuitum
3607 5346 3838 5415 signifi-

587 5469 688 5514 «ει.
720 5459 913 5528 Incipit
945 5468 1122 5512 autem
1153 5461 1268 5514 sic:

658 5551 824 5606 Vens.
856 5549 912 5612 2,
947 5548 1000 5600 3.
1034 5577 1104 5588 —-
1132 5566 1150 5597 ι
1179 5545 1324 5602 Deus
1362 5545 1567 5600 zelator
1596 5550 1650 5598 et
1687 5543 1832 5597 ultor
1866 5541 2146 5607 Dominus,

590 5644 881 5701 iracundus
912 5641 1055 5706 ultor
1085 5639 1366 5703 Dominus,
1391 5634 1714 5693 deinimicis
1743 5634 1858 5688 suis
1889 5633 2147 5688 ultionem

666 5833 683 5866 ⁸
724 5832 842 5886 Art.
885 5845 938 5892 κ.
977 5829 1056 5882 l5.
1136 5827 1152 5859 ⁷
1187 5823 1264 5879 Isa
1316 5841 1435 5896 μιι,
1485 5825 1529 5878 1.

1607 5823 1625 5854 ⁸
1665 5822 1766 5877 lsa.
1811 5815 1959 5887 τηε.
2036 5814 2184 5870 Her.
2226 5829 2314 5880 η,
2358 5814 2406 5869 I.

2323 5538 2467 5608 Στίχ.
2489 5536 2554 5606 β’,
2575 5541 2641 5603 γ’.
2668 5563 2737 5574 -
2756 5551 2774 5583 ι
2803 5523 3205 5600 Θεδς’ζηλωτής
3227 5528 3319 5580 καὶ
3342 5523 3571 5579 ἐκδικῶν
3588 5523 3839 5594 Κύριος,

2256 5631 2348 5682 καὶ
2380 5622 2606 5682 ἐκδικῶν
2629 5624 2827 5695 Κύριος
2855 5623 2988 5692 μετὰ
3017 5620 3210 5690 θυμοῦ,
3234 5619 3326 5673 καὶ
3353 5616 3584 5672 ἐκδικῶν
3619 5616 3847 5689 K'Jpw;

2485 5811 2647 5868 "lsa.
2689 5827 2728 5881 ι,
2769 5812 2813 5872 l,
2896 5812 2934 5842 “
2984 5807 3174 5864 Ezecb.
3204 5823 3242 5872 I,
3270 5805 3320 5860 3.
