  <div class='ocr_page' id='page_1' title='image "/cluster/home/n/w/nwhite01/storage/ocr_20150623/66/hvd.32044020884102/212.png"; bbox 0 0 4054 6238; ppageno 0'>
   <div class='ocr_carea' id='block_1_1' title="bbox 363 318 473 377">
    <p class='ocr_par' dir='ltr' id='par_1_1' title="bbox 363 318 473 377">
     <span class='ocr_line' id='line_1_1' title="bbox 363 318 473 377; baseline 0 -2"><span class='ocrx_word' id='word_1_1' title='bbox 363 318 473 377; x_wconf 65' lang='grc'><strong>405</strong></span> 
     </span>
    </p>
   </div>
   <div class='ocr_carea' id='block_1_2' title="bbox 1362 328 2583 393">
    <p class='ocr_par' dir='ltr' id='par_1_2' title="bbox 1362 328 2583 393">
     <span class='ocr_line' id='line_1_2' title="bbox 1362 328 2583 393; baseline 0.006 -9"><span class='ocrx_word' id='word_1_2' title='bbox 1362 328 1906 387; x_wconf 74' lang='lat' dir='ltr'><strong>COMMENTARIUS</strong></span> <span class='ocrx_word' id='word_1_3' title='bbox 1942 330 2009 388; x_wconf 83' lang='grc' dir='ltr'>ΙΝ</span> <span class='ocrx_word' id='word_1_4' title='bbox 2046 333 2311 393; x_wconf 77' lang='lat' dir='ltr'><strong>NAHUMI</strong></span> <span class='ocrx_word' id='word_1_5' title='bbox 2348 335 2501 393; x_wconf 78' lang='lat' dir='ltr'><strong>CAP.</strong></span> <span class='ocrx_word' id='word_1_6' title='bbox 2545 337 2583 391; x_wconf 93' lang='grc' dir='ltr'><strong>Ι.</strong></span> 
     </span>
    </p>
   </div>
   <div class='ocr_carea' id='block_1_3' title="bbox 3478 338 3583 394">
    <p class='ocr_par' dir='ltr' id='par_1_3' title="bbox 3478 338 3583 394">
     <span class='ocr_line' id='line_1_3' title="bbox 3478 338 3583 394; baseline -0.01 0"><span class='ocrx_word' id='word_1_7' title='bbox 3478 338 3583 394; x_wconf 65' lang='lat'><strong>406</strong></span> 
     </span>
    </p>
   </div>
   <div class='ocr_carea' id='block_1_4' title="bbox 363 441 1951 527">
    <p class='ocr_par' dir='ltr' id='par_1_4' title="bbox 363 441 1925 520">
     <span class='ocr_line' id='line_1_4' title="bbox 363 441 1925 520; baseline 0.008 -25"><span class='ocrx_word' id='word_1_8' title='bbox 363 443 489 505; x_wconf 81' lang='grc' dir='ltr'>τοὺς</span> <span class='ocrx_word' id='word_1_9' title='bbox 531 441 882 510; x_wconf 73' lang='grc' dir='ltr'><strong>ὑπεναντίους</strong></span> <span class='ocrx_word' id='word_1_10' title='bbox 943 444 1129 511; x_wconf 84' lang='grc' dir='ltr'>αὑτοῦ,</span> <span class='ocrx_word' id='word_1_11' title='bbox 1182 449 1275 503; x_wconf 72' lang='grc' dir='ltr'>καὶ</span> <span class='ocrx_word' id='word_1_12' title='bbox 1312 448 1543 520; x_wconf 75' lang='grc' dir='ltr'>ἐξαίρων</span> <span class='ocrx_word' id='word_1_13' title='bbox 1595 452 1759 515; x_wconf 81' lang='grc' dir='ltr'>αὐτὸς</span> <span class='ocrx_word' id='word_1_14' title='bbox 1799 453 1925 516; x_wconf 75' lang='grc' dir='ltr'>τοὺς</span> 
     </span>
    </p>
   </div>
   <div class='ocr_carea' id='block_1_5' title="bbox 2050 441 3587 527">
    <p class='ocr_par' dir='ltr' id='par_1_5' title="bbox 2050 453 3587 527">
     <span class='ocr_line' id='line_1_5' title="bbox 2050 453 3587 527; baseline 0 -18"><span class='ocrx_word' id='word_1_15' title='bbox 2050 456 2193 527; x_wconf 66' lang='grc' dir='ltr'>ἐἰεὶι</span> <span class='ocrx_word' id='word_1_16' title='bbox 2221 454 2504 519; x_wconf 80' lang='lat' dir='ltr'><strong>Dominus,</strong></span> <span class='ocrx_word' id='word_1_17' title='bbox 2533 470 2739 524; x_wconf 86' lang='lat' dir='ltr'><strong>eosque</strong></span> <span class='ocrx_word' id='word_1_18' title='bbox 2770 455 2837 510; x_wconf 92' lang='lat' dir='ltr'><strong>de</strong></span> <span class='ocrx_word' id='word_1_19' title='bbox 2872 454 3052 510; x_wconf 87' lang='lat' dir='ltr'><strong>medio</strong></span> <span class='ocrx_word' id='word_1_20' title='bbox 3082 454 3243 508; x_wconf 88' lang='lat' dir='ltr'><strong>tollit.</strong></span> <span class='ocrx_word' id='word_1_21' title='bbox 3283 473 3302 506; x_wconf 76' lang='grc' dir='ltr'><strong>ι</strong></span> <span class='ocrx_word' id='word_1_22' title='bbox 3339 453 3453 510; x_wconf 82' lang='lat' dir='ltr'><strong>chi</strong></span> <span class='ocrx_word' id='word_1_23' title='bbox 3486 471 3587 509; x_wconf 87' lang='lat' dir='ltr'><strong>no-</strong></span> 
     </span>
    </p>
   </div>
   <div class='ocr_carea' id='block_1_6' title="bbox 364 532 1926 613">
    <p class='ocr_par' dir='ltr' id='par_1_6' title="bbox 364 532 1926 613">
     <span class='ocr_line' id='line_1_6' title="bbox 364 532 1926 613; baseline 0.007 -29"><span class='ocrx_word' id='word_1_24' title='bbox 364 532 594 601; x_wconf 83' lang='grc' dir='ltr'>ἐχθροὺς</span> <span class='ocrx_word' id='word_1_25' title='bbox 627 534 811 588; x_wconf 84' lang='grc' dir='ltr'>αὐτοῦ.</span> <span class='ocrx_word' id='word_1_26' title='bbox 848 554 869 588; x_wconf 74' lang='grc' dir='ltr'><strong>ι</strong></span> <span class='ocrx_word' id='word_1_27' title='bbox 898 537 1068 608; x_wconf 84' lang='grc' dir='ltr'>Ζῆλον</span> <span class='ocrx_word' id='word_1_28' title='bbox 1097 538 1251 592; x_wconf 88' lang='grc' dir='ltr'><strong>καλεί</strong></span> <span class='ocrx_word' id='word_1_29' title='bbox 1302 540 1397 594; x_wconf 87' lang='grc' dir='ltr'><strong>τοῦ</strong></span> <span class='ocrx_word' id='word_1_30' title='bbox 1439 540 1573 593; x_wconf 83' lang='grc' dir='ltr'><strong>Θεοῦ</strong></span> <span class='ocrx_word' id='word_1_31' title='bbox 1618 542 1717 613; x_wconf 82' lang='grc' dir='ltr'>τὴν</span> <span class='ocrx_word' id='word_1_32' title='bbox 1737 542 1926 613; x_wconf 79' lang='grc' dir='ltr'>ὀργὴν,</span> 
     </span>
    </p>
   </div>
   <div class='ocr_carea' id='block_1_7' title="bbox 365 624 1930 704">
    <p class='ocr_par' dir='ltr' id='par_1_7' title="bbox 365 624 1930 704">
     <span class='ocr_line' id='line_1_7' title="bbox 365 624 1930 704; baseline 0.006 -27"><span class='ocrx_word' id='word_1_33' title='bbox 365 626 448 692; x_wconf 86' lang='lat' dir='ltr'><strong>(p.</strong></span> <span class='ocrx_word' id='word_1_34' title='bbox 483 624 607 695; x_wconf 76' lang='lat'><strong>350)</strong></span> <span class='ocrx_word' id='word_1_35' title='bbox 645 625 711 694; x_wconf 80' lang='grc' dir='ltr'>ἢν</span> <span class='ocrx_word' id='word_1_36' title='bbox 755 626 848 679; x_wconf 79' lang='grc' dir='ltr'>ἐπὶ</span> <span class='ocrx_word' id='word_1_37' title='bbox 884 630 997 691; x_wconf 82' lang='grc' dir='ltr'>τοῖς</span> <span class='ocrx_word' id='word_1_38' title='bbox 1034 627 1170 697; x_wconf 82' lang='grc' dir='ltr'>ἄγαν</span> <span class='ocrx_word' id='word_1_39' title='bbox 1197 630 1412 694; x_wconf 80' lang='grc' dir='ltr'><strong>ἀτόπως</strong></span> <span class='ocrx_word' id='word_1_40' title='bbox 1451 631 1754 701; x_wconf 79' lang='grc' dir='ltr'>γινομένοις</span> <span class='ocrx_word' id='word_1_41' title='bbox 1788 649 1930 704; x_wconf 86' lang='grc' dir='ltr'>παρ-</span> 
     </span>
    </p>
   </div>
   <div class='ocr_carea' id='block_1_8' title="bbox 364 714 1931 789">
    <p class='ocr_par' dir='ltr' id='par_1_8' title="bbox 364 714 1931 789">
     <span class='ocr_line' id='line_1_8' title="bbox 364 714 1931 789; baseline 0.006 -22"><span class='ocrx_word' id='word_1_42' title='bbox 364 714 683 785; x_wconf 82' lang='grc' dir='ltr'>οξυνόμενος</span> <span class='ocrx_word' id='word_1_43' title='bbox 709 717 919 788; x_wconf 84' lang='grc' dir='ltr'>δέχεται</span> <span class='ocrx_word' id='word_1_44' title='bbox 943 720 1083 773; x_wconf 85' lang='grc' dir='ltr'>κατὰ</span> <span class='ocrx_word' id='word_1_45' title='bbox 1104 720 1210 774; x_wconf 90' lang='grc' dir='ltr'><strong>τῶν</strong></span> <span class='ocrx_word' id='word_1_46' title='bbox 1241 720 1578 777; x_wconf 88' lang='grc' dir='ltr'>ἀσεϐούντων</span> <span class='ocrx_word' id='word_1_47' title='bbox 1596 740 1611 755; x_wconf 86' lang='grc'><strong>·</strong></span> <span class='ocrx_word' id='word_1_48' title='bbox 1637 723 1810 789; x_wconf 75' lang='grc' dir='ltr'>οὕτως</span> <span class='ocrx_word' id='word_1_49' title='bbox 1838 724 1931 777; x_wconf 84' lang='grc' dir='ltr'>λέ-</span> 
     </span>
    </p>
   </div>
   <div class='ocr_carea' id='block_1_9' title="bbox 369 804 1930 886">
    <p class='ocr_par' dir='ltr' id='par_1_9' title="bbox 369 804 1930 886">
     <span class='ocr_line' id='line_1_9' title="bbox 369 804 1930 886; baseline 0.007 -28"><span class='ocrx_word' id='word_1_50' title='bbox 369 824 457 873; x_wconf 89' lang='grc' dir='ltr'><strong>γει</strong></span> <span class='ocrx_word' id='word_1_51' title='bbox 477 808 553 873; x_wconf 79' lang='grc' dir='ltr'><strong>τὸ,</strong></span> <span class='ocrx_word' id='word_1_52' title='bbox 598 827 616 859; x_wconf 77' lang='grc' dir='ltr'><strong>ι</strong></span> <span class='ocrx_word' id='word_1_53' title='bbox 652 804 802 862; x_wconf 78' lang='grc' dir='ltr'>Εἷδεν</span> <span class='ocrx_word' id='word_1_54' title='bbox 823 810 1025 881; x_wconf 79' lang='grc' dir='ltr'>Κύριος</span> <span class='ocrx_word' id='word_1_55' title='bbox 1048 814 1142 866; x_wconf 76' lang='grc' dir='ltr'>καὶ</span> <span class='ocrx_word' id='word_1_56' title='bbox 1165 812 1455 885; x_wconf 74' lang='grc' dir='ltr'>ἐζήλωσεν,</span> <span class='ocrx_word' id='word_1_57' title='bbox 1487 815 1582 868; x_wconf 77' lang='grc' dir='ltr'>καὶ</span> <span class='ocrx_word' id='word_1_58' title='bbox 1605 814 1930 886; x_wconf 81' lang='grc' dir='ltr'><strong>παρωξύνθη</strong></span> 
     </span>
    </p>
   </div>
   <div class='ocr_carea' id='block_1_10' title="bbox 367 899 1931 977">
    <p class='ocr_par' dir='ltr' id='par_1_10' title="bbox 367 899 1931 977">
     <span class='ocr_line' id='line_1_10' title="bbox 367 899 1931 977; baseline 0.006 -27"><span class='ocrx_word' id='word_1_59' title='bbox 367 899 439 951; x_wconf 87' lang='grc' dir='ltr'><strong>δι’</strong></span> <span class='ocrx_word' id='word_1_60' title='bbox 464 900 633 970; x_wconf 80' lang='grc' dir='ltr'>ὀργὴν</span> <span class='ocrx_word' id='word_1_61' title='bbox 665 900 796 954; x_wconf 87' lang='grc' dir='ltr'>υίῶν</span> <span class='ocrx_word' id='word_1_62' title='bbox 850 902 1014 957; x_wconf 81' lang='grc' dir='ltr'>αὐτοῦ</span> <span class='ocrx_word' id='word_1_63' title='bbox 1060 905 1154 958; x_wconf 72' lang='grc' dir='ltr'>καὶ</span> <span class='ocrx_word' id='word_1_64' title='bbox 1206 905 1539 977; x_wconf 80' lang='grc' dir='ltr'><strong>θυγατέρων.</strong></span> <span class='ocrx_word' id='word_1_65' title='bbox 1575 925 1594 957; x_wconf 74' lang='grc' dir='ltr'><strong>ι</strong></span> <span class='ocrx_word' id='word_1_66' title='bbox 1637 906 1931 960; x_wconf 84' lang='grc' dir='ltr'>Κάνταῦθα</span> 
     </span>
    </p>
   </div>
   <div class='ocr_carea' id='block_1_11' title="bbox 365 993 1934 1069">
    <p class='ocr_par' dir='ltr' id='par_1_11' title="bbox 365 993 1934 1069">
     <span class='ocr_line' id='line_1_11' title="bbox 365 993 1934 1069; baseline 0.006 -26"><span class='ocrx_word' id='word_1_67' title='bbox 365 993 546 1045; x_wconf 81' lang='grc' dir='ltr'>τοίνυν</span> <span class='ocrx_word' id='word_1_68' title='bbox 574 993 758 1065; x_wconf 83' lang='grc' dir='ltr'>ἐπειδὴ</span> <span class='ocrx_word' id='word_1_69' title='bbox 787 994 957 1067; x_wconf 77' lang='grc' dir='ltr'>ὀργὴν</span> <span class='ocrx_word' id='word_1_70' title='bbox 1004 995 1201 1067; x_wconf 77' lang='grc' dir='ltr'><strong>ἤμελλε</strong></span> <span class='ocrx_word' id='word_1_71' title='bbox 1250 996 1429 1066; x_wconf 81' lang='grc' dir='ltr'>λέγειν</span> <span class='ocrx_word' id='word_1_72' title='bbox 1454 997 1604 1069; x_wconf 84' lang='grc' dir='ltr'>παρὰ</span> <span class='ocrx_word' id='word_1_73' title='bbox 1632 998 1766 1052; x_wconf 86' lang='grc' dir='ltr'>Θεοῦ</span> <span class='ocrx_word' id='word_1_74' title='bbox 1794 999 1934 1052; x_wconf 87' lang='grc' dir='ltr'><strong>κατά</strong></span> 
     </span>
    </p>
   </div>
   <div class='ocr_carea' id='block_1_12' title="bbox 368 1082 1931 1161">
    <p class='ocr_par' dir='ltr' id='par_1_12' title="bbox 368 1082 1931 1161">
     <span class='ocr_line' id='line_1_12' title="bbox 368 1082 1931 1161; baseline 0.004 -24"><span class='ocrx_word' id='word_1_75' title='bbox 368 1084 480 1137; x_wconf 77' lang='grc' dir='ltr'><strong>τῶν</strong></span> <span class='ocrx_word' id='word_1_76' title='bbox 512 1082 806 1138; x_wconf 82' lang='grc' dir='ltr'>Νινευϊτῶν</span> <span class='ocrx_word' id='word_1_77' title='bbox 834 1086 1167 1157; x_wconf 77' lang='grc' dir='ltr'>κινηθεῖσαν,</span> <span class='ocrx_word' id='word_1_78' title='bbox 1192 1082 1289 1141; x_wconf 77' lang='grc' dir='ltr'>εἴτ’</span> <span class='ocrx_word' id='word_1_79' title='bbox 1317 1084 1411 1141; x_wconf 81' lang='grc' dir='ltr'><strong>οῦν</strong></span> <span class='ocrx_word' id='word_1_80' title='bbox 1446 1088 1555 1141; x_wconf 86' lang='grc' dir='ltr'><strong>τῶν</strong></span> <span class='ocrx_word' id='word_1_81' title='bbox 1596 1090 1894 1161; x_wconf 76' lang='grc' dir='ltr'><strong>Ἀσσυρίων</strong></span> <span class='ocrx_word' id='word_1_82' title='bbox 1915 1107 1931 1122; x_wconf 89' lang='grc'><strong>·</strong></span> 
     </span>
    </p>
   </div>
   <div class='ocr_carea' id='block_1_13' title="bbox 367 1173 1929 1249">
    <p class='ocr_par' dir='ltr' id='par_1_13' title="bbox 367 1173 1929 1249">
     <span class='ocr_line' id='line_1_13' title="bbox 367 1173 1929 1249; baseline 0.006 -25"><span class='ocrx_word' id='word_1_83' title='bbox 367 1173 431 1225; x_wconf 83' lang='grc' dir='ltr'><strong>ἐν</strong></span> <span class='ocrx_word' id='word_1_84' title='bbox 466 1173 577 1244; x_wconf 87' lang='grc' dir='ltr'>γὰρ</span> <span class='ocrx_word' id='word_1_85' title='bbox 610 1177 675 1245; x_wconf 82' lang='grc' dir='ltr'><strong>τῇ</strong></span> <span class='ocrx_word' id='word_1_86' title='bbox 724 1175 1080 1248; x_wconf 77' lang='grc' dir='ltr'>βασιλευούσῃ</span> <span class='ocrx_word' id='word_1_87' title='bbox 1123 1177 1273 1231; x_wconf 86' lang='grc' dir='ltr'>πόλει</span> <span class='ocrx_word' id='word_1_88' title='bbox 1301 1178 1362 1231; x_wconf 84' lang='grc' dir='ltr'>τὸ</span> <span class='ocrx_word' id='word_1_89' title='bbox 1399 1178 1550 1242; x_wconf 75' lang='grc' dir='ltr'>ἔθνος</span> <span class='ocrx_word' id='word_1_90' title='bbox 1581 1179 1727 1233; x_wconf 84' lang='grc' dir='ltr'>ἆπαν</span> <span class='ocrx_word' id='word_1_91' title='bbox 1749 1180 1929 1249; x_wconf 76' lang='grc' dir='ltr'>δηλοίο</span> 
     </span>
    </p>
   </div>
   <div class='ocr_carea' id='block_1_14' title="bbox 370 1256 1937 1340">
    <p class='ocr_par' dir='ltr' id='par_1_14' title="bbox 370 1256 1937 1340">
     <span class='ocr_line' id='line_1_14' title="bbox 370 1256 1937 1340; baseline 0.005 -27"><span class='ocrx_word' id='word_1_92' title='bbox 370 1262 515 1332; x_wconf 80' lang='grc' dir='ltr'>ὑπὲρ</span> <span class='ocrx_word' id='word_1_93' title='bbox 540 1256 616 1315; x_wconf 84' lang='grc' dir='ltr'>ὧν</span> <span class='ocrx_word' id='word_1_94' title='bbox 649 1264 871 1336; x_wconf 72' lang='grc' dir='ltr'>ἀσεϐείᾳ</span> <span class='ocrx_word' id='word_1_95' title='bbox 897 1283 957 1318; x_wconf 84' lang='grc' dir='ltr'><strong>τε</strong></span> <span class='ocrx_word' id='word_1_96' title='bbox 984 1267 1079 1320; x_wconf 80' lang='grc' dir='ltr'><strong>καὶ</strong></span> <span class='ocrx_word' id='word_1_97' title='bbox 1107 1268 1418 1339; x_wconf 76' lang='grc' dir='ltr'>παρανομίᾳ</span> <span class='ocrx_word' id='word_1_98' title='bbox 1457 1268 1683 1340; x_wconf 80' lang='grc' dir='ltr'><strong>πλείστῃ</strong></span> <span class='ocrx_word' id='word_1_99' title='bbox 1731 1269 1937 1339; x_wconf 80' lang='grc' dir='ltr'>χρησά-</span> 
     </span>
    </p>
   </div>
   <div class='ocr_carea' id='block_1_15' title="bbox 372 1357 1933 1431">
    <p class='ocr_par' dir='ltr' id='par_1_15' title="bbox 372 1357 1933 1431">
     <span class='ocr_line' id='line_1_15' title="bbox 372 1357 1933 1431; baseline 0.002 -22"><span class='ocrx_word' id='word_1_100' title='bbox 372 1373 550 1425; x_wconf 83' lang='grc' dir='ltr'>μενοι,</span> <span class='ocrx_word' id='word_1_101' title='bbox 577 1357 813 1412; x_wconf 85' lang='grc' dir='ltr'>τοσαῦτα</span> <span class='ocrx_word' id='word_1_102' title='bbox 849 1358 947 1429; x_wconf 85' lang='grc' dir='ltr'>μὲν</span> <span class='ocrx_word' id='word_1_103' title='bbox 1009 1360 1101 1412; x_wconf 80' lang='grc' dir='ltr'>καὶ</span> <span class='ocrx_word' id='word_1_104' title='bbox 1129 1359 1425 1431; x_wconf 84' lang='grc' dir='ltr'>τηλικαῦτα</span> <span class='ocrx_word' id='word_1_105' title='bbox 1452 1362 1597 1414; x_wconf 84' lang='grc' dir='ltr'>κακὰ</span> <span class='ocrx_word' id='word_1_106' title='bbox 1630 1360 1855 1424; x_wconf 89' lang='grc' dir='ltr'>πολλούς</span> <span class='ocrx_word' id='word_1_107' title='bbox 1874 1377 1933 1413; x_wconf 90' lang='grc' dir='ltr'><strong>τε</strong></span> 
     </span>
    </p>
   </div>
   <div class='ocr_carea' id='block_1_16' title="bbox 371 1448 1938 1523">
    <p class='ocr_par' dir='ltr' id='par_1_16' title="bbox 371 1448 1938 1523">
     <span class='ocr_line' id='line_1_16' title="bbox 371 1448 1938 1523; baseline 0.004 -24"><span class='ocrx_word' id='word_1_108' title='bbox 371 1448 593 1519; x_wconf 87' lang='grc' dir='ltr'>ἐτέρους</span> <span class='ocrx_word' id='word_1_109' title='bbox 618 1449 890 1520; x_wconf 81' lang='grc' dir='ltr'>διέθηκαν,</span> <span class='ocrx_word' id='word_1_110' title='bbox 924 1450 1016 1504; x_wconf 75' lang='grc' dir='ltr'>καὶ</span> <span class='ocrx_word' id='word_1_111' title='bbox 1044 1451 1180 1523; x_wconf 82' lang='grc' dir='ltr'>πρὸς</span> <span class='ocrx_word' id='word_1_112' title='bbox 1224 1452 1393 1506; x_wconf 78' lang='grc' dir='ltr'>ἅπασί</span> <span class='ocrx_word' id='word_1_113' title='bbox 1427 1467 1491 1520; x_wconf 86' lang='grc' dir='ltr'><strong>γε</strong></span> <span class='ocrx_word' id='word_1_114' title='bbox 1515 1453 1640 1516; x_wconf 86' lang='grc' dir='ltr'>τοὺς</span> <span class='ocrx_word' id='word_1_115' title='bbox 1674 1451 1938 1523; x_wconf 81' lang='grc' dir='ltr'>Ἰσραηλί-</span> 
     </span>
    </p>
   </div>
   <div class='ocr_carea' id='block_1_17' title="bbox 373 1540 1936 1616">
    <p class='ocr_par' dir='ltr' id='par_1_17' title="bbox 373 1540 1936 1616">
     <span class='ocr_line' id='line_1_17' title="bbox 373 1540 1936 1616; baseline 0.004 -25"><span class='ocrx_word' id='word_1_116' title='bbox 373 1556 507 1603; x_wconf 85' lang='grc' dir='ltr'>τας·</span> <span class='ocrx_word' id='word_1_117' title='bbox 538 1540 997 1611; x_wconf 83' lang='grc' dir='ltr'>ἐπεληλυθότεςδέ</span> <span class='ocrx_word' id='word_1_118' title='bbox 1018 1543 1111 1596; x_wconf 76' lang='grc' dir='ltr'>καὶ</span> <span class='ocrx_word' id='word_1_119' title='bbox 1140 1546 1206 1614; x_wconf 83' lang='grc' dir='ltr'>τῇ</span> <span class='ocrx_word' id='word_1_120' title='bbox 1242 1544 1613 1615; x_wconf 79' lang='grc' dir='ltr'>Ἰερουσαλὴμ,</span> <span class='ocrx_word' id='word_1_121' title='bbox 1643 1543 1838 1616; x_wconf 82' lang='grc' dir='ltr'>μικροῦ</span> <span class='ocrx_word' id='word_1_122' title='bbox 1872 1561 1936 1613; x_wconf 84' lang='grc' dir='ltr'><strong>γε</strong></span> 
     </span>
    </p>
   </div>
   <div class='ocr_carea' id='block_1_18' title="bbox 377 1633 1939 1705">
    <p class='ocr_par' dir='ltr' id='par_1_18' title="bbox 377 1633 1939 1705">
     <span class='ocr_line' id='line_1_18' title="bbox 377 1633 1939 1705; baseline 0.004 -22"><span class='ocrx_word' id='word_1_123' title='bbox 377 1633 518 1703; x_wconf 78' lang='grc' dir='ltr'>πρὸς</span> <span class='ocrx_word' id='word_1_124' title='bbox 544 1634 698 1687; x_wconf 78' lang='grc' dir='ltr'>αὐτὸν</span> <span class='ocrx_word' id='word_1_125' title='bbox 711 1635 912 1705; x_wconf 72' lang='grc' dir='ltr'>ἦραντο</span> <span class='ocrx_word' id='word_1_126' title='bbox 932 1635 1165 1705; x_wconf 85' lang='grc' dir='ltr'>πόλεμον</span> <span class='ocrx_word' id='word_1_127' title='bbox 1192 1635 1283 1688; x_wconf 81' lang='grc' dir='ltr'>τὸν</span> <span class='ocrx_word' id='word_1_128' title='bbox 1303 1635 1432 1689; x_wconf 78' lang='grc' dir='ltr'>Θεὸν</span> <span class='ocrx_word' id='word_1_129' title='bbox 1453 1651 1467 1666; x_wconf 89' lang='grc'><strong>·</strong></span> <span class='ocrx_word' id='word_1_130' title='bbox 1491 1635 1671 1699; x_wconf 89' lang='grc' dir='ltr'>καλῶς</span> <span class='ocrx_word' id='word_1_131' title='bbox 1694 1635 1939 1690; x_wconf 87' lang='grc' dir='ltr'>ἐντεῦθεν</span> 
     </span>
    </p>
   </div>
   <div class='ocr_carea' id='block_1_19' title="bbox 379 1724 1939 1800">
    <p class='ocr_par' dir='ltr' id='par_1_19' title="bbox 379 1724 1939 1800">
     <span class='ocr_line' id='line_1_19' title="bbox 379 1724 1939 1800; baseline 0.004 -24"><span class='ocrx_word' id='word_1_132' title='bbox 379 1724 600 1795; x_wconf 62' lang='grc' dir='ltr'>ᾒρξατο,</span> <span class='ocrx_word' id='word_1_133' title='bbox 639 1742 658 1777; x_wconf 74' lang='grc' dir='ltr'><strong>ι</strong></span> <span class='ocrx_word' id='word_1_134' title='bbox 689 1726 818 1789; x_wconf 76' lang='grc' dir='ltr'>Θεὸς</span> <span class='ocrx_word' id='word_1_135' title='bbox 869 1725 1113 1799; x_wconf 78' lang='grc' dir='ltr'>ζηλωτὴς</span> <span class='ocrx_word' id='word_1_136' title='bbox 1150 1746 1169 1779; x_wconf 71' lang='grc' dir='ltr'><strong>ι</strong></span> <span class='ocrx_word' id='word_1_137' title='bbox 1203 1726 1395 1795; x_wconf 89' lang='grc' dir='ltr'>λέγων,</span> <span class='ocrx_word' id='word_1_138' title='bbox 1432 1727 1552 1781; x_wconf 75' lang='grc' dir='ltr'>ἀντὶ</span> <span class='ocrx_word' id='word_1_139' title='bbox 1600 1727 1693 1781; x_wconf 90' lang='grc' dir='ltr'><strong>τοῦ</strong></span> <span class='ocrx_word' id='word_1_140' title='bbox 1739 1729 1939 1800; x_wconf 86' lang='grc' dir='ltr'>σφόδρα</span> 
     </span>
    </p>
   </div>
   <div class='ocr_carea' id='block_1_20' title="bbox 381 1805 2011 1893">
    <p class='ocr_par' dir='ltr' id='par_1_20' title="bbox 381 1805 2011 1893">
     <span class='ocr_line' id='line_1_20' title="bbox 381 1805 2011 1893; baseline 0.002 -20"><span class='ocrx_word' id='word_1_141' title='bbox 381 1819 800 1891; x_wconf 78' lang='grc' dir='ltr'>παροργίζεσθαι</span> <span class='ocrx_word' id='word_1_142' title='bbox 857 1820 948 1873; x_wconf 80' lang='grc' dir='ltr'>ἐπὶ</span> <span class='ocrx_word' id='word_1_143' title='bbox 989 1823 1110 1884; x_wconf 75' lang='grc' dir='ltr'>ταῖς</span> <span class='ocrx_word' id='word_1_144' title='bbox 1158 1820 1435 1885; x_wconf 89' lang='grc' dir='ltr'>ἀσεϐείαις</span> <span class='ocrx_word' id='word_1_145' title='bbox 1464 1819 1639 1886; x_wconf 87' lang='grc' dir='ltr'>είδὼς,</span> <span class='ocrx_word' id='word_1_146' title='bbox 1674 1822 1769 1875; x_wconf 74' lang='grc' dir='ltr'>καὶ</span> <span class='ocrx_word' id='word_1_147' title='bbox 1801 1821 1937 1893; x_wconf 86' lang='grc' dir='ltr'><strong>μετά</strong></span> <span class='ocrx_word' id='word_1_148' title='bbox 1969 1805 2011 1859; x_wconf 69' lang='grc' dir='ltr'><strong>Β</strong></span> 
     </span>
    </p>
   </div>
   <div class='ocr_carea' id='block_1_21' title="bbox 380 1909 1939 1985">
    <p class='ocr_par' dir='ltr' id='par_1_21' title="bbox 380 1909 1939 1985">
     <span class='ocr_line' id='line_1_21' title="bbox 380 1909 1939 1985; baseline 0.001 -22"><span class='ocrx_word' id='word_1_149' title='bbox 380 1910 584 1980; x_wconf 82' lang='grc' dir='ltr'>πολλῆς</span> <span class='ocrx_word' id='word_1_150' title='bbox 606 1911 701 1981; x_wconf 84' lang='grc' dir='ltr'>μὲν</span> <span class='ocrx_word' id='word_1_151' title='bbox 724 1909 951 1965; x_wconf 81' lang='grc' dir='ltr'>ἐκδικῶν</span> <span class='ocrx_word' id='word_1_152' title='bbox 974 1912 1070 1983; x_wconf 82' lang='grc' dir='ltr'>τῆς</span> <span class='ocrx_word' id='word_1_153' title='bbox 1095 1912 1265 1985; x_wconf 80' lang='grc' dir='ltr'>ὀργῆς</span> <span class='ocrx_word' id='word_1_154' title='bbox 1288 1912 1387 1975; x_wconf 75' lang='grc' dir='ltr'>τὰς</span> <span class='ocrx_word' id='word_1_155' title='bbox 1429 1912 1580 1983; x_wconf 88' lang='grc' dir='ltr'><strong>παρά</strong></span> <span class='ocrx_word' id='word_1_156' title='bbox 1607 1912 1714 1966; x_wconf 89' lang='grc' dir='ltr'><strong>τῶν</strong></span> <span class='ocrx_word' id='word_1_157' title='bbox 1732 1911 1939 1985; x_wconf 84' lang='grc' dir='ltr'>ἀνθρώ-</span> 
     </span>
    </p>
   </div>
   <div class='ocr_carea' id='block_1_22' title="bbox 381 2002 1940 2075">
    <p class='ocr_par' dir='ltr' id='par_1_22' title="bbox 381 2002 1940 2075">
     <span class='ocr_line' id='line_1_22' title="bbox 381 2002 1940 2075; baseline 0.002 -21"><span class='ocrx_word' id='word_1_158' title='bbox 381 2018 498 2054; x_wconf 87' lang='grc' dir='ltr'><strong>πων</strong></span> <span class='ocrx_word' id='word_1_159' title='bbox 520 2002 933 2074; x_wconf 79' lang='grc' dir='ltr'>ἐπιτελουμένας</span> <span class='ocrx_word' id='word_1_160' title='bbox 974 2002 1249 2067; x_wconf 89' lang='grc' dir='ltr'>ἀσεϐείας,</span> <span class='ocrx_word' id='word_1_161' title='bbox 1281 2003 1486 2067; x_wconf 85' lang='grc' dir='ltr'>πάντας</span> <span class='ocrx_word' id='word_1_162' title='bbox 1508 2004 1562 2057; x_wconf 82' lang='grc' dir='ltr'>δὲ</span> <span class='ocrx_word' id='word_1_163' title='bbox 1599 2003 1723 2067; x_wconf 80' lang='grc' dir='ltr'>τοὺς</span> <span class='ocrx_word' id='word_1_164' title='bbox 1743 2004 1940 2075; x_wconf 78' lang='grc' dir='ltr'>ἐχθρὰν</span> 
     </span>
    </p>
   </div>
   <div class='ocr_carea' id='block_1_23' title="bbox 376 2094 1943 2167">
    <p class='ocr_par' dir='ltr' id='par_1_23' title="bbox 376 2094 1943 2167">
     <span class='ocr_line' id='line_1_23' title="bbox 376 2094 1943 2167; baseline 0.001 -22"><span class='ocrx_word' id='word_1_165' title='bbox 376 2095 472 2146; x_wconf 72' lang='grc' dir='ltr'>καὶ</span> <span class='ocrx_word' id='word_1_166' title='bbox 487 2094 731 2146; x_wconf 79' lang='grc' dir='ltr'>ἐναντίαν</span> <span class='ocrx_word' id='word_1_167' title='bbox 745 2094 879 2165; x_wconf 69' lang='grc' dir='ltr'>πρὸς</span> <span class='ocrx_word' id='word_1_168' title='bbox 890 2095 1048 2148; x_wconf 77' lang='grc' dir='ltr'>αὐτὸν</span> <span class='ocrx_word' id='word_1_169' title='bbox 1066 2094 1289 2166; x_wconf 81' lang='grc' dir='ltr'>γνώμην</span> <span class='ocrx_word' id='word_1_170' title='bbox 1304 2095 1654 2166; x_wconf 70' lang='grc' dir='ltr'>αἱρουμένους</span> <span class='ocrx_word' id='word_1_171' title='bbox 1671 2094 1943 2167; x_wconf 84' lang='grc' dir='ltr'>τιμωρού-</span> 
     </span>
    </p>
   </div>
   <div class='ocr_carea' id='block_1_24' title="bbox 374 2182 1942 2258">
    <p class='ocr_par' dir='ltr' id='par_1_24' title="bbox 374 2182 1942 2258">
     <span class='ocr_line' id='line_1_24' title="bbox 374 2182 1942 2258; baseline 0.002 -22"><span class='ocrx_word' id='word_1_172' title='bbox 374 2184 537 2253; x_wconf 77' lang='grc' dir='ltr'>μενός</span> <span class='ocrx_word' id='word_1_173' title='bbox 564 2202 623 2237; x_wconf 87' lang='grc' dir='ltr'><strong>τε</strong></span> <span class='ocrx_word' id='word_1_174' title='bbox 655 2187 747 2238; x_wconf 72' lang='grc' dir='ltr'>καὶ</span> <span class='ocrx_word' id='word_1_175' title='bbox 790 2186 1066 2250; x_wconf 79' lang='grc' dir='ltr'>παντελῶς</span> <span class='ocrx_word' id='word_1_176' title='bbox 1108 2186 1401 2257; x_wconf 76' lang='grc' dir='ltr'>ἀφανίζων.</span> <span class='ocrx_word' id='word_1_177' title='bbox 1456 2182 1589 2239; x_wconf 76' lang='grc' dir='ltr'>Εἶτα</span> <span class='ocrx_word' id='word_1_178' title='bbox 1629 2186 1814 2258; x_wconf 84' lang='grc' dir='ltr'>ἐπειδὴ</span> <span class='ocrx_word' id='word_1_179' title='bbox 1847 2186 1942 2239; x_wconf 91' lang='grc' dir='ltr'><strong>νῦν</strong></span> 
     </span>
    </p>
   </div>
   <div class='ocr_carea' id='block_1_25' title="bbox 373 2276 1944 2351">
    <p class='ocr_par' dir='ltr' id='par_1_25' title="bbox 373 2276 1944 2351">
     <span class='ocr_line' id='line_1_25' title="bbox 373 2276 1944 2351; baseline 0.001 -23"><span class='ocrx_word' id='word_1_180' title='bbox 373 2276 569 2340; x_wconf 87' lang='grc' dir='ltr'>ταῦτα,</span> <span class='ocrx_word' id='word_1_181' title='bbox 600 2277 755 2347; x_wconf 72' lang='grc' dir='ltr'>φησὶ,</span> <span class='ocrx_word' id='word_1_182' title='bbox 774 2277 970 2350; x_wconf 84' lang='grc' dir='ltr'>πολλὴν</span> <span class='ocrx_word' id='word_1_183' title='bbox 984 2278 1077 2332; x_wconf 87' lang='grc' dir='ltr'><strong>τοῦ</strong></span> <span class='ocrx_word' id='word_1_184' title='bbox 1097 2278 1231 2333; x_wconf 87' lang='grc' dir='ltr'>Θεοῦ</span> <span class='ocrx_word' id='word_1_185' title='bbox 1255 2277 1659 2351; x_wconf 85' lang='grc' dir='ltr'>φιλανθρωπίαν</span> <span class='ocrx_word' id='word_1_186' title='bbox 1686 2278 1815 2351; x_wconf 77' lang='grc' dir='ltr'>περὶ</span> <span class='ocrx_word' id='word_1_187' title='bbox 1848 2278 1944 2332; x_wconf 84' lang='grc' dir='ltr'>αύ-</span> 
     </span>
    </p>
   </div>
   <div class='ocr_carea' id='block_1_26' title="bbox 370 2369 1946 2443">
    <p class='ocr_par' dir='ltr' id='par_1_26' title="bbox 370 2369 1946 2443">
     <span class='ocr_line' id='line_1_26' title="bbox 370 2369 1946 2443; baseline 0.002 -23"><span class='ocrx_word' id='word_1_188' title='bbox 370 2370 503 2431; x_wconf 74' lang='grc' dir='ltr'>τοὺς</span> <span class='ocrx_word' id='word_1_189' title='bbox 550 2369 1004 2441; x_wconf 79' lang='grc' dir='ltr'>ἐπιδεδειγμένον,</span> <span class='ocrx_word' id='word_1_190' title='bbox 1022 2370 1254 2440; x_wconf 82' lang='grc' dir='ltr'>ὁπηνίκα</span> <span class='ocrx_word' id='word_1_191' title='bbox 1278 2370 1355 2442; x_wconf 84' lang='grc' dir='ltr'><strong>τῷ</strong></span> <span class='ocrx_word' id='word_1_192' title='bbox 1373 2370 1467 2424; x_wconf 87' lang='grc' dir='ltr'><strong>τοῦ</strong></span> <span class='ocrx_word' id='word_1_193' title='bbox 1501 2370 1765 2443; x_wconf 67' lang='grc' dir='ltr'>μακαρίου</span> <span class='ocrx_word' id='word_1_194' title='bbox 1790 2370 1946 2423; x_wconf 78' lang='grc' dir='ltr'>Ἰωνᾶ</span> 
     </span>
    </p>
   </div>
   <div class='ocr_carea' id='block_1_27' title="bbox 374 2459 1945 2536">
    <p class='ocr_par' dir='ltr' id='par_1_27' title="bbox 374 2459 1945 2536">
     <span class='ocr_line' id='line_1_27' title="bbox 374 2459 1945 2536; baseline 0.001 -22"><span class='ocrx_word' id='word_1_195' title='bbox 374 2459 695 2534; x_wconf 73' lang='grc' dir='ltr'>κηρύγματι</span> <span class='ocrx_word' id='word_1_196' title='bbox 716 2464 1026 2527; x_wconf 80' lang='grc' dir='ltr'>πεισθέντες</span> <span class='ocrx_word' id='word_1_197' title='bbox 1045 2463 1179 2535; x_wconf 85' lang='grc' dir='ltr'>πρὸς</span> <span class='ocrx_word' id='word_1_198' title='bbox 1200 2463 1487 2534; x_wconf 77' lang='grc' dir='ltr'>μετάνοιαν</span> <span class='ocrx_word' id='word_1_199' title='bbox 1515 2462 1651 2517; x_wconf 76' lang='grc' dir='ltr'>εἶδον</span> <span class='ocrx_word' id='word_1_200' title='bbox 1668 2482 1682 2495; x_wconf 74' lang='grc' dir='ltr'><strong><em>ο</em></strong></span> <span class='ocrx_word' id='word_1_201' title='bbox 1703 2482 1722 2515; x_wconf 75' lang='grc' dir='ltr'><strong>ι</strong></span> <span class='ocrx_word' id='word_1_202' title='bbox 1742 2461 1945 2536; x_wconf 79' lang='grc' dir='ltr'>Κύριος</span> 
     </span>
    </p>
   </div>
   <div class='ocr_carea' id='block_1_28' title="bbox 378 2556 1945 2627">
    <p class='ocr_par' dir='ltr' id='par_1_28' title="bbox 378 2556 1945 2627">
     <span class='ocr_line' id='line_1_28' title="bbox 378 2556 1945 2627; baseline 0.002 -20"><span class='ocrx_word' id='word_1_203' title='bbox 378 2556 753 2627; x_wconf 79' lang='grc' dir='ltr'>μακρόθυμος,</span> <span class='ocrx_word' id='word_1_204' title='bbox 784 2558 875 2611; x_wconf 74' lang='grc' dir='ltr'>καὶ</span> <span class='ocrx_word' id='word_1_205' title='bbox 899 2556 1109 2627; x_wconf 81' lang='grc' dir='ltr'>μεγάλη</span> <span class='ocrx_word' id='word_1_206' title='bbox 1137 2558 1171 2627; x_wconf 79' lang='grc' dir='ltr'>ἡ</span> <span class='ocrx_word' id='word_1_207' title='bbox 1207 2557 1356 2626; x_wconf 78' lang='grc' dir='ltr'>ίσχὺς</span> <span class='ocrx_word' id='word_1_208' title='bbox 1393 2556 1589 2610; x_wconf 79' lang='grc' dir='ltr'>αὑτοῦ·</span> <span class='ocrx_word' id='word_1_209' title='bbox 1618 2556 1712 2609; x_wconf 74' lang='grc' dir='ltr'>καὶ</span> <span class='ocrx_word' id='word_1_210' title='bbox 1756 2556 1945 2610; x_wconf 87' lang='grc' dir='ltr'>ἀθωῶν</span> 
     </span>
    </p>
   </div>
   <div class='ocr_carea' id='block_1_29' title="bbox 374 2647 1946 2721">
    <p class='ocr_par' dir='ltr' id='par_1_29' title="bbox 374 2647 1946 2721">
     <span class='ocr_line' id='line_1_29' title="bbox 374 2647 1946 2721; baseline 0 -21"><span class='ocrx_word' id='word_1_211' title='bbox 374 2650 479 2701; x_wconf 76' lang='grc' dir='ltr'>οὐκ</span> <span class='ocrx_word' id='word_1_212' title='bbox 501 2648 751 2702; x_wconf 82' lang='grc' dir='ltr'>ἀθωώσει</span> <span class='ocrx_word' id='word_1_213' title='bbox 768 2649 990 2719; x_wconf 80' lang='grc' dir='ltr'>Κύριος.</span> <span class='ocrx_word' id='word_1_214' title='bbox 1006 2648 1381 2721; x_wconf 68' lang='grc' dir='ltr'>δὀσπεργάρ,</span> <span class='ocrx_word' id='word_1_215' title='bbox 1414 2650 1596 2720; x_wconf 76' lang='grc' dir='ltr'>φησὶν,</span> <span class='ocrx_word' id='word_1_216' title='bbox 1611 2647 1946 2715; x_wconf 78' lang='grc' dir='ltr'>ἀνεξικακεῖν</span> 
     </span>
    </p>
   </div>
   <div class='ocr_carea' id='block_1_30' title="bbox 376 2737 1947 2813">
    <p class='ocr_par' dir='ltr' id='par_1_30' title="bbox 376 2737 1947 2813">
     <span class='ocr_line' id='line_1_30' title="bbox 376 2737 1947 2813; baseline 0 -22"><span class='ocrx_word' id='word_1_217' title='bbox 376 2737 519 2793; x_wconf 77' lang='grc' dir='ltr'>οἶδεν</span> <span class='ocrx_word' id='word_1_218' title='bbox 552 2742 646 2795; x_wconf 77' lang='grc' dir='ltr'><strong>καὶ</strong></span> <span class='ocrx_word' id='word_1_219' title='bbox 668 2743 913 2813; x_wconf 77' lang='grc' dir='ltr'>παρορᾷν</span> <span class='ocrx_word' id='word_1_220' title='bbox 939 2742 1348 2813; x_wconf 71' lang='grc' dir='ltr'>ἁμαρτημάτων</span> <span class='ocrx_word' id='word_1_221' title='bbox 1378 2757 1437 2793; x_wconf 89' lang='grc' dir='ltr'><strong>τε</strong></span> <span class='ocrx_word' id='word_1_222' title='bbox 1464 2740 1556 2793; x_wconf 74' lang='grc' dir='ltr'>καὶ</span> <span class='ocrx_word' id='word_1_223' title='bbox 1587 2738 1947 2810; x_wconf 82' lang='grc' dir='ltr'>ἀσεϐημάτων</span> 
     </span>
    </p>
   </div>
   <div class='ocr_carea' id='block_1_31' title="bbox 382 2830 1946 2903">
    <p class='ocr_par' dir='ltr' id='par_1_31' title="bbox 382 2830 1946 2903">
     <span class='ocr_line' id='line_1_31' title="bbox 382 2830 1946 2903; baseline -0.001 -17"><span class='ocrx_word' id='word_1_224' title='bbox 382 2833 605 2903; x_wconf 76' lang='grc' dir='ltr'>πλῆθος,</span> <span class='ocrx_word' id='word_1_225' title='bbox 666 2834 832 2888; x_wconf 80' lang='grc' dir='ltr'>ἐπειδ’</span> <span class='ocrx_word' id='word_1_226' title='bbox 864 2834 931 2887; x_wconf 80' lang='grc' dir='ltr'>ἂν</span> <span class='ocrx_word' id='word_1_227' title='bbox 956 2833 1250 2897; x_wconf 85' lang='grc' dir='ltr'>νεύσαντας</span> <span class='ocrx_word' id='word_1_228' title='bbox 1281 2832 1363 2903; x_wconf 78' lang='grc' dir='ltr'><strong>ἴδῃ</strong></span> <span class='ocrx_word' id='word_1_229' title='bbox 1402 2832 1536 2903; x_wconf 84' lang='grc' dir='ltr'>πρὸς</span> <span class='ocrx_word' id='word_1_230' title='bbox 1569 2830 1946 2902; x_wconf 86' lang='grc' dir='ltr'>μεταμέλειαν,</span> 
     </span>
    </p>
   </div>
   <div class='ocr_carea' id='block_1_32' title="bbox 385 2922 1947 2995">
    <p class='ocr_par' dir='ltr' id='par_1_32' title="bbox 385 2922 1947 2995">
     <span class='ocr_line' id='line_1_32' title="bbox 385 2922 1947 2995; baseline -0.001 -18"><span class='ocrx_word' id='word_1_231' title='bbox 385 2925 460 2993; x_wconf 90' lang='lat' dir='ltr'><strong>(p.</strong></span> <span class='ocrx_word' id='word_1_232' title='bbox 494 2926 616 2995; x_wconf 77' lang='grc'><strong>551)</strong></span> <span class='ocrx_word' id='word_1_233' title='bbox 665 2925 837 2988; x_wconf 75' lang='grc' dir='ltr'>οὕτως</span> <span class='ocrx_word' id='word_1_234' title='bbox 888 2924 1162 2995; x_wconf 84' lang='grc' dir='ltr'>ἀρκοῦσαν</span> <span class='ocrx_word' id='word_1_235' title='bbox 1202 2922 1568 2977; x_wconf 84' lang='grc' dir='ltr'>ἐπιδείκνυται</span> <span class='ocrx_word' id='word_1_236' title='bbox 1608 2922 1707 2994; x_wconf 78' lang='grc' dir='ltr'>τὴν</span> <span class='ocrx_word' id='word_1_237' title='bbox 1757 2922 1947 2977; x_wconf 82' lang='grc' dir='ltr'>ἐαυτοῦ</span> 
     </span>
    </p>
   </div>
   <div class='ocr_carea' id='block_1_33' title="bbox 380 3015 1952 3087">
    <p class='ocr_par' dir='ltr' id='par_1_33' title="bbox 380 3015 1952 3087">
     <span class='ocr_line' id='line_1_33' title="bbox 380 3015 1952 3087; baseline -0.002 -18"><span class='ocrx_word' id='word_1_238' title='bbox 380 3017 609 3087; x_wconf 87' lang='grc' dir='ltr'>δύναμιν</span> <span class='ocrx_word' id='word_1_239' title='bbox 630 3017 708 3087; x_wconf 76' lang='grc' dir='ltr'>τῷ</span> <span class='ocrx_word' id='word_1_240' title='bbox 738 3017 960 3087; x_wconf 80' lang='grc' dir='ltr'>μεγέθει</span> <span class='ocrx_word' id='word_1_241' title='bbox 987 3018 1083 3087; x_wconf 79' lang='grc' dir='ltr'>τῆς</span> <span class='ocrx_word' id='word_1_242' title='bbox 1139 3016 1425 3087; x_wconf 83' lang='grc' dir='ltr'>τιμωρίας,</span> <span class='ocrx_word' id='word_1_243' title='bbox 1460 3015 1625 3068; x_wconf 75' lang='grc' dir='ltr'>ἐπειδ¹</span> <span class='ocrx_word' id='word_1_244' title='bbox 1658 3015 1724 3069; x_wconf 80' lang='grc' dir='ltr'>ἂν</span> <span class='ocrx_word' id='word_1_245' title='bbox 1748 3015 1952 3085; x_wconf 88' lang='grc' dir='ltr'>ἀμετα-</span> 
     </span>
    </p>
   </div>
   <div class='ocr_carea' id='block_1_34' title="bbox 2031 543 3670 613">
    <p class='ocr_par' dir='ltr' id='par_1_34' title="bbox 2031 543 3670 613">
     <span class='ocr_line' id='line_1_34' title="bbox 2031 543 3670 613; baseline 0.001 -16"><span class='ocrx_word' id='word_1_246' title='bbox 2031 545 2175 598; x_wconf 90' lang='lat' dir='ltr'><strong>mine</strong></span> <span class='ocrx_word' id='word_1_247' title='bbox 2204 545 2440 613; x_wconf 85' lang='lat' dir='ltr'><strong>appellat</strong></span> <span class='ocrx_word' id='word_1_248' title='bbox 2485 544 2619 597; x_wconf 89' lang='lat' dir='ltr'><strong>iram</strong></span> <span class='ocrx_word' id='word_1_249' title='bbox 2665 559 2829 612; x_wconf 91' lang='lat' dir='ltr'><strong>quam</strong></span> <span class='ocrx_word' id='word_1_250' title='bbox 2864 543 3005 601; x_wconf 90' lang='lat' dir='ltr'><strong>Deus</strong></span> <span class='ocrx_word' id='word_1_251' title='bbox 3046 543 3267 599; x_wconf 78' lang='lat' dir='ltr'><strong>vesanis</strong></span> <span class='ocrx_word' id='word_1_252' title='bbox 3300 543 3582 599; x_wconf 87' lang='lat' dir='ltr'><strong>hominum</strong></span> <span class='ocrx_word' id='word_1_253' title='bbox 3666 570 3670 574; x_wconf 91' lang='lat'><em>-</em></span> 
     </span>
    </p>
   </div>
   <div class='ocr_carea' id='block_1_35' title="bbox 2030 634 3585 704">
    <p class='ocr_par' dir='ltr' id='par_1_35' title="bbox 2030 634 3585 704">
     <span class='ocr_line' id='line_1_35' title="bbox 2030 634 3585 704; baseline 0.001 -17"><span class='ocrx_word' id='word_1_254' title='bbox 2030 634 2244 689; x_wconf 88' lang='lat' dir='ltr'><strong>actibus</strong></span> <span class='ocrx_word' id='word_1_255' title='bbox 2275 634 2633 689; x_wconf 89' lang='lat' dir='ltr'><strong>exacerbatus</strong></span> <span class='ocrx_word' id='word_1_256' title='bbox 2659 634 2900 704; x_wconf 87' lang='lat' dir='ltr'><strong>concipit</strong></span> <span class='ocrx_word' id='word_1_257' title='bbox 2928 635 3191 690; x_wconf 89' lang='lat' dir='ltr'><strong>adversus</strong></span> <span class='ocrx_word' id='word_1_258' title='bbox 3226 635 3442 703; x_wconf 90' lang='lat' dir='ltr'><strong>impios.</strong></span> <span class='ocrx_word' id='word_1_259' title='bbox 3493 634 3585 689; x_wconf 88' lang='lat' dir='ltr'><strong>Sic</strong></span> 
     </span>
    </p>
   </div>
   <div class='ocr_carea' id='block_1_36' title="bbox 2031 723 3588 796">
    <p class='ocr_par' dir='ltr' id='par_1_36' title="bbox 2031 723 3588 796">
     <span class='ocr_line' id='line_1_36' title="bbox 2031 723 3588 796; baseline 0 -17"><span class='ocrx_word' id='word_1_260' title='bbox 2031 724 2234 779; x_wconf 89' lang='lat' dir='ltr'><strong>dicitur</strong></span> <span class='ocrx_word' id='word_1_261' title='bbox 2265 741 2279 777; x_wconf 88' lang='lat'><strong>:</strong></span> <span class='ocrx_word' id='word_1_262' title='bbox 2317 744 2335 775; x_wconf 74' lang='grc' dir='ltr'><strong>ι</strong></span> <span class='ocrx_word' id='word_1_263' title='bbox 2378 724 2518 778; x_wconf 72' lang='lat' dir='ltr'><strong>Vidit</strong></span> <span class='ocrx_word' id='word_1_264' title='bbox 2546 723 2827 788; x_wconf 87' lang='lat' dir='ltr'><strong>Dominus,</strong></span> <span class='ocrx_word' id='word_1_265' title='bbox 2855 725 3078 796; x_wconf 87' lang='lat' dir='ltr'><strong>zeloque</strong></span> <span class='ocrx_word' id='word_1_266' title='bbox 3106 725 3423 786; x_wconf 86' lang='lat' dir='ltr'><strong>excanduit,</strong></span> <span class='ocrx_word' id='word_1_267' title='bbox 3461 740 3588 795; x_wconf 88' lang='lat' dir='ltr'><strong>pro-</strong></span> 
     </span>
    </p>
   </div>
   <div class='ocr_carea' id='block_1_37' title="bbox 2032 816 3585 887">
    <p class='ocr_par' dir='ltr' id='par_1_37' title="bbox 2032 816 3585 887">
     <span class='ocr_line' id='line_1_37' title="bbox 2032 816 3585 887; baseline 0 -18"><span class='ocrx_word' id='word_1_268' title='bbox 2032 824 2152 886; x_wconf 90' lang='lat' dir='ltr'><strong>pter</strong></span> <span class='ocrx_word' id='word_1_269' title='bbox 2190 816 2324 871; x_wconf 91' lang='lat' dir='ltr'><strong>iram</strong></span> <span class='ocrx_word' id='word_1_270' title='bbox 2361 817 2427 870; x_wconf 90' lang='lat' dir='ltr'><strong>ad</strong></span> <span class='ocrx_word' id='word_1_271' title='bbox 2455 832 2616 886; x_wconf 88' lang='lat' dir='ltr'><strong>quam</strong></span> <span class='ocrx_word' id='word_1_272' title='bbox 2648 832 2770 870; x_wconf 93' lang='lat' dir='ltr'><strong>eum</strong></span> <span class='ocrx_word' id='word_1_273' title='bbox 2804 828 3235 887; x_wconf 87' lang='lat' dir='ltr'><strong>provocaverunt</strong></span> <span class='ocrx_word' id='word_1_274' title='bbox 3268 817 3358 870; x_wconf 83' lang='lat' dir='ltr'><strong>lilii</strong></span> <span class='ocrx_word' id='word_1_275' title='bbox 3380 817 3478 883; x_wconf 84' lang='lat' dir='ltr'><strong>_sni</strong></span> <span class='ocrx_word' id='word_1_276' title='bbox 3532 825 3585 870; x_wconf 89' lang='lat' dir='ltr'><strong>et</strong></span> 
     </span>
    </p>
   </div>
   <div class='ocr_carea' id='block_1_38' title="bbox 2035 901 3583 975">
    <p class='ocr_par' dir='ltr' id='par_1_38' title="bbox 2035 901 3583 975">
     <span class='ocr_line' id='line_1_38' title="bbox 2035 901 3583 975; baseline 0.002 -20"><span class='ocrx_word' id='word_1_277' title='bbox 2035 902 2242 956; x_wconf 70' lang='lat' dir='ltr'><strong>ﬁlim”.</strong></span> <span class='ocrx_word' id='word_1_278' title='bbox 2282 921 2300 952; x_wconf 75' lang='grc' dir='ltr'><strong>ι</strong></span> <span class='ocrx_word' id='word_1_279' title='bbox 2332 901 2436 958; x_wconf 86' lang='lat' dir='ltr'><strong>Par</strong></span> <span class='ocrx_word' id='word_1_280' title='bbox 2468 912 2554 958; x_wconf 91' lang='lat' dir='ltr'><strong>est</strong></span> <span class='ocrx_word' id='word_1_281' title='bbox 2595 919 2741 959; x_wconf 91' lang='lat' dir='ltr'><strong>nunc</strong></span> <span class='ocrx_word' id='word_1_282' title='bbox 2778 920 2994 975; x_wconf 92' lang='lat' dir='ltr'><strong>quoque</strong></span> <span class='ocrx_word' id='word_1_283' title='bbox 3025 904 3319 974; x_wconf 70' lang='lat' dir='ltr'><strong>Scriptum</strong></span> <span class='ocrx_word' id='word_1_284' title='bbox 3364 905 3583 970; x_wconf 89' lang='lat' dir='ltr'><strong>locutio,</strong></span> 
     </span>
    </p>
   </div>
   <div class='ocr_carea' id='block_1_39' title="bbox 2033 994 3588 1053">
    <p class='ocr_par' dir='ltr' id='par_1_39' title="bbox 2033 994 3588 1053">
     <span class='ocr_line' id='line_1_39' title="bbox 2033 994 3588 1053; baseline 0.002 -5"><span class='ocrx_word' id='word_1_285' title='bbox 2033 994 2160 1048; x_wconf 90' lang='lat' dir='ltr'><strong>dum</strong></span> <span class='ocrx_word' id='word_1_286' title='bbox 2200 995 2335 1050; x_wconf 90' lang='lat' dir='ltr'><strong>iram</strong></span> <span class='ocrx_word' id='word_1_287' title='bbox 2370 996 2465 1051; x_wconf 85' lang='lat' dir='ltr'><strong>Dei</strong></span> <span class='ocrx_word' id='word_1_288' title='bbox 2507 998 2797 1052; x_wconf 82' lang='lat' dir='ltr'><strong>recitatura</strong></span> <span class='ocrx_word' id='word_1_289' title='bbox 2828 1008 2911 1053; x_wconf 89' lang='lat' dir='ltr'><strong>est</strong></span> <span class='ocrx_word' id='word_1_290' title='bbox 2942 1007 3133 1053; x_wconf 89' lang='lat' dir='ltr'><strong>contra</strong></span> <span class='ocrx_word' id='word_1_291' title='bbox 3163 998 3431 1053; x_wconf 86' lang='lat' dir='ltr'><strong>Ninivitas</strong></span> <span class='ocrx_word' id='word_1_292' title='bbox 3473 999 3588 1053; x_wconf 83' lang='lat' dir='ltr'><strong>sive</strong></span> 
     </span>
    </p>
   </div>
   <div class='ocr_carea' id='block_1_40' title="bbox 2032 1087 3588 1159">
    <p class='ocr_par' dir='ltr' id='par_1_40' title="bbox 2032 1087 3588 1159">
     <span class='ocr_line' id='line_1_40' title="bbox 2032 1087 3588 1159; baseline 0.002 -19"><span class='ocrx_word' id='word_1_293' title='bbox 2032 1087 2284 1157; x_wconf 83' lang='lat' dir='ltr'><strong>Assyrios</strong></span> <span class='ocrx_word' id='word_1_294' title='bbox 2317 1096 2643 1142; x_wconf 84' lang='lat' dir='ltr'><strong>commotam</strong></span> <span class='ocrx_word' id='word_1_295' title='bbox 2682 1090 2939 1159; x_wconf 82' lang='lat' dir='ltr'><strong>(namque</strong></span> <span class='ocrx_word' id='word_1_296' title='bbox 2966 1089 3018 1143; x_wconf 88' lang='lat' dir='ltr'><strong>in</strong></span> <span class='ocrx_word' id='word_1_297' title='bbox 3052 1091 3186 1144; x_wconf 87' lang='lat' dir='ltr'><strong>urbe</strong></span> <span class='ocrx_word' id='word_1_298' title='bbox 3230 1089 3588 1144; x_wconf 84' lang='lat' dir='ltr'><strong>dominatrice</strong></span> 
     </span>
    </p>
   </div>
   <div class='ocr_carea' id='block_1_41' title="bbox 2038 1179 3589 1251">
    <p class='ocr_par' dir='ltr' id='par_1_41' title="bbox 2038 1179 3589 1251">
     <span class='ocr_line' id='line_1_41' title="bbox 2038 1179 3589 1251; baseline 0.002 -19"><span class='ocrx_word' id='word_1_299' title='bbox 2038 1179 2344 1234; x_wconf 82' lang='lat' dir='ltr'><strong>universam</strong></span> <span class='ocrx_word' id='word_1_300' title='bbox 2374 1187 2587 1248; x_wconf 87' lang='lat' dir='ltr'><strong>gentem</strong></span> <span class='ocrx_word' id='word_1_301' title='bbox 2609 1180 2901 1251; x_wconf 81' lang='lat' dir='ltr'><strong>designat),</strong></span> <span class='ocrx_word' id='word_1_302' title='bbox 2928 1180 3054 1250; x_wconf 87' lang='lat' dir='ltr'><strong>quia</strong></span> <span class='ocrx_word' id='word_1_303' title='bbox 3076 1196 3286 1234; x_wconf 89' lang='lat' dir='ltr'><strong>summa</strong></span> <span class='ocrx_word' id='word_1_304' title='bbox 3313 1182 3589 1250; x_wconf 80' lang='lat' dir='ltr'><strong>impietate</strong></span> 
     </span>
    </p>
   </div>
   <div class='ocr_carea' id='block_1_42' title="bbox 2036 1271 3591 1343">
    <p class='ocr_par' dir='ltr' id='par_1_42' title="bbox 2036 1271 3591 1343">
     <span class='ocr_line' id='line_1_42' title="bbox 2036 1271 3591 1343; baseline 0.002 -18"><span class='ocrx_word' id='word_1_305' title='bbox 2036 1286 2099 1325; x_wconf 92' lang='lat' dir='ltr'><strong>ae</strong></span> <span class='ocrx_word' id='word_1_306' title='bbox 2125 1271 2331 1326; x_wconf 86' lang='lat' dir='ltr'><strong>scelere</strong></span> <span class='ocrx_word' id='word_1_307' title='bbox 2356 1272 2463 1337; x_wconf 89' lang='lat' dir='ltr'><strong>usi,</strong></span> <span class='ocrx_word' id='word_1_308' title='bbox 2512 1280 2590 1326; x_wconf 85' lang='lat' dir='ltr'><strong>tot</strong></span> <span class='ocrx_word' id='word_1_309' title='bbox 2626 1280 2886 1343; x_wconf 89' lang='lat' dir='ltr'><strong>tantaque</strong></span> <span class='ocrx_word' id='word_1_310' title='bbox 2921 1274 3063 1326; x_wconf 90' lang='lat' dir='ltr'><strong>mala</strong></span> <span class='ocrx_word' id='word_1_311' title='bbox 3093 1281 3206 1326; x_wconf 90' lang='lat' dir='ltr'><strong>tum</strong></span> <span class='ocrx_word' id='word_1_312' title='bbox 3254 1273 3375 1326; x_wconf 87' lang='lat' dir='ltr'><strong>aliis</strong></span> <span class='ocrx_word' id='word_1_313' title='bbox 3405 1272 3591 1328; x_wconf 80' lang='lat' dir='ltr'><strong>multis</strong></span> 
     </span>
    </p>
   </div>
   <div class='ocr_carea' id='block_1_43' title="bbox 2034 1362 3589 1433">
    <p class='ocr_par' dir='ltr' id='par_1_43' title="bbox 2034 1362 3589 1433">
     <span class='ocr_line' id='line_1_43' title="bbox 2034 1362 3589 1433; baseline 0.001 -17"><span class='ocrx_word' id='word_1_314' title='bbox 2034 1363 2331 1417; x_wconf 87' lang='lat' dir='ltr'><strong>intulerant</strong></span> <span class='ocrx_word' id='word_1_315' title='bbox 2376 1364 2612 1433; x_wconf 87' lang='lat' dir='ltr'><strong>populis,</strong></span> <span class='ocrx_word' id='word_1_316' title='bbox 2651 1372 2765 1417; x_wconf 90' lang='lat' dir='ltr'><strong>tum</strong></span> <span class='ocrx_word' id='word_1_317' title='bbox 2802 1364 3033 1433; x_wconf 86' lang='lat' dir='ltr'><strong>denique</strong></span> <span class='ocrx_word' id='word_1_318' title='bbox 3086 1364 3248 1417; x_wconf 88' lang='lat' dir='ltr'><strong>etiam</strong></span> <span class='ocrx_word' id='word_1_319' title='bbox 3295 1362 3589 1417; x_wconf 86' lang='lat' dir='ltr'><strong>lsraclitis:</strong></span> 
     </span>
    </p>
   </div>
   <div class='ocr_carea' id='block_1_44' title="bbox 2036 1453 3591 1526">
    <p class='ocr_par' dir='ltr' id='par_1_44' title="bbox 2036 1453 3591 1526">
     <span class='ocr_line' id='line_1_44' title="bbox 2036 1453 3591 1526; baseline 0.003 -21"><span class='ocrx_word' id='word_1_320' title='bbox 2036 1454 2170 1525; x_wconf 91' lang='lat' dir='ltr'><strong>quin</strong></span> <span class='ocrx_word' id='word_1_321' title='bbox 2200 1454 2334 1509; x_wconf 89' lang='lat' dir='ltr'><strong>adeo</strong></span> <span class='ocrx_word' id='word_1_322' title='bbox 2362 1453 2736 1526; x_wconf 82' lang='lat' dir='ltr'><strong>Hierosolyma</strong></span> <span class='ocrx_word' id='word_1_323' title='bbox 2767 1454 2966 1520; x_wconf 85' lang='lat' dir='ltr'><strong>adorti,</strong></span> <span class='ocrx_word' id='word_1_324' title='bbox 2994 1454 3169 1524; x_wconf 85' lang='lat' dir='ltr'><strong>ipsum</strong></span> <span class='ocrx_word' id='word_1_325' title='bbox 3203 1454 3591 1524; x_wconf 84' lang='lat' dir='ltr'><strong>propemodum</strong></span> 
     </span>
    </p>
   </div>
   <div class='ocr_carea' id='block_1_45' title="bbox 2037 1545 3591 1614">
    <p class='ocr_par' dir='ltr' id='par_1_45' title="bbox 2037 1545 3591 1614">
     <span class='ocr_line' id='line_1_45' title="bbox 2037 1545 3591 1614; baseline 0 -15"><span class='ocrx_word' id='word_1_326' title='bbox 2037 1546 2206 1601; x_wconf 89' lang='lat' dir='ltr'><strong>Deum</strong></span> <span class='ocrx_word' id='word_1_327' title='bbox 2257 1545 2398 1600; x_wconf 86' lang='lat' dir='ltr'><strong>bello</strong></span> <span class='ocrx_word' id='word_1_328' title='bbox 2427 1546 2835 1602; x_wconf 85' lang='lat' dir='ltr'><strong>lacessiverant.</strong></span> <span class='ocrx_word' id='word_1_329' title='bbox 2869 1545 3230 1612; x_wconf 79' lang='lat' dir='ltr'><strong>Quamobrem</strong></span> <span class='ocrx_word' id='word_1_330' title='bbox 3274 1545 3591 1614; x_wconf 69' lang='lat' dir='ltr'><strong>praeclarum</strong></span> 
     </span>
    </p>
   </div>
   <div class='ocr_carea' id='block_1_46' title="bbox 2038 1636 3589 1708">
    <p class='ocr_par' dir='ltr' id='par_1_46' title="bbox 2038 1636 3589 1708">
     <span class='ocr_line' id='line_1_46' title="bbox 2038 1636 3589 1708; baseline -0.001 -17"><span class='ocrx_word' id='word_1_331' title='bbox 2038 1638 2169 1693; x_wconf 80' lang='lat' dir='ltr'><strong>fecit</strong></span> <span class='ocrx_word' id='word_1_332' title='bbox 2202 1637 2413 1692; x_wconf 88' lang='lat' dir='ltr'><strong>initium</strong></span> <span class='ocrx_word' id='word_1_333' title='bbox 2444 1638 2703 1708; x_wconf 87' lang='lat' dir='ltr'><strong>propheta</strong></span> <span class='ocrx_word' id='word_1_334' title='bbox 2731 1639 3010 1708; x_wconf 87' lang='lat' dir='ltr'><strong>appellans</strong></span> <span class='ocrx_word' id='word_1_335' title='bbox 3043 1637 3211 1693; x_wconf 89' lang='lat' dir='ltr'><strong>Deum</strong></span> <span class='ocrx_word' id='word_1_336' title='bbox 3242 1636 3539 1692; x_wconf 85' lang='lat' dir='ltr'><strong>Zelatorem</strong></span> <span class='ocrx_word' id='word_1_337' title='bbox 3572 1653 3589 1689; x_wconf 87' lang='lat'><strong>:</strong></span> 
     </span>
    </p>
   </div>
   <div class='ocr_carea' id='block_1_47' title="bbox 2041 1726 3595 1799">
    <p class='ocr_par' dir='ltr' id='par_1_47' title="bbox 2041 1726 3595 1799">
     <span class='ocr_line' id='line_1_47' title="bbox 2041 1726 3595 1799; baseline 0.002 -18"><span class='ocrx_word' id='word_1_338' title='bbox 2041 1743 2234 1799; x_wconf 91' lang='lat' dir='ltr'><strong>nempe</strong></span> <span class='ocrx_word' id='word_1_339' title='bbox 2261 1737 2317 1782; x_wconf 90' lang='lat' dir='ltr'><strong>ut</strong></span> <span class='ocrx_word' id='word_1_340' title='bbox 2341 1728 2569 1795; x_wconf 75' lang='lat' dir='ltr'><strong>diceret,</strong></span> <span class='ocrx_word' id='word_1_341' title='bbox 2601 1726 2703 1794; x_wconf 86' lang='lat' dir='ltr'><strong>Qui</strong></span> <span class='ocrx_word' id='word_1_342' title='bbox 2742 1742 3063 1798; x_wconf 84' lang='lat' dir='ltr'><strong>magnopere</strong></span> <span class='ocrx_word' id='word_1_343' title='bbox 3094 1728 3253 1782; x_wconf 86' lang='lat' dir='ltr'><strong>irasci</strong></span> <span class='ocrx_word' id='word_1_344' title='bbox 3274 1727 3595 1784; x_wconf 73' lang='lat' dir='ltr'><strong>criminibus</strong></span> 
     </span>
    </p>
   </div>
   <div class='ocr_carea' id='block_1_48' title="bbox 2039 1816 3597 1891">
    <p class='ocr_par' dir='ltr' id='par_1_48' title="bbox 2039 1816 3597 1891">
     <span class='ocr_line' id='line_1_48' title="bbox 2039 1816 3597 1891; baseline -0.003 -16"><span class='ocrx_word' id='word_1_345' title='bbox 2039 1820 2195 1884; x_wconf 88' lang='lat' dir='ltr'><strong>solet,</strong></span> <span class='ocrx_word' id='word_1_346' title='bbox 2224 1820 2501 1891; x_wconf 88' lang='lat' dir='ltr'><strong>multaque</strong></span> <span class='ocrx_word' id='word_1_347' title='bbox 2527 1820 2620 1875; x_wconf 80' lang='lat' dir='ltr'><strong>ira:</strong></span> <span class='ocrx_word' id='word_1_348' title='bbox 2640 1820 2691 1874; x_wconf 92' lang='lat' dir='ltr'><strong>vi</strong></span> <span class='ocrx_word' id='word_1_349' title='bbox 2728 1834 2849 1889; x_wconf 81' lang='lat' dir='ltr'><strong>quae</strong></span> <span class='ocrx_word' id='word_1_350' title='bbox 2871 1827 3151 1889; x_wconf 89' lang='lat' dir='ltr'><strong>patrantur</strong></span> <span class='ocrx_word' id='word_1_351' title='bbox 3180 1820 3251 1873; x_wconf 89' lang='lat' dir='ltr'><strong>ah</strong></span> <span class='ocrx_word' id='word_1_352' title='bbox 3280 1816 3597 1873; x_wconf 87' lang='lat' dir='ltr'><strong>hominibus</strong></span> 
     </span>
    </p>
   </div>
   <div class='ocr_carea' id='block_1_49' title="bbox 2040 1911 3601 1983">
    <p class='ocr_par' dir='ltr' id='par_1_49' title="bbox 2040 1911 3601 1983">
     <span class='ocr_line' id='line_1_49' title="bbox 2040 1911 3601 1983; baseline -0.002 -17"><span class='ocrx_word' id='word_1_353' title='bbox 2040 1912 2245 1966; x_wconf 86' lang='lat' dir='ltr'><strong>scelera</strong></span> <span class='ocrx_word' id='word_1_354' title='bbox 2275 1912 2587 1974; x_wconf 87' lang='lat' dir='ltr'><strong>vindicare,</strong></span> <span class='ocrx_word' id='word_1_355' title='bbox 2629 1921 2791 1982; x_wconf 89' lang='lat' dir='ltr'><strong>atque</strong></span> <span class='ocrx_word' id='word_1_356' title='bbox 2819 1928 2915 1968; x_wconf 93' lang='lat' dir='ltr'><strong>eos</strong></span> <span class='ocrx_word' id='word_1_357' title='bbox 2958 1927 3147 1969; x_wconf 88' lang='lat' dir='ltr'><strong>omnes</strong></span> <span class='ocrx_word' id='word_1_358' title='bbox 3194 1913 3287 1983; x_wconf 87' lang='lat' dir='ltr'><strong>qui</strong></span> <span class='ocrx_word' id='word_1_359' title='bbox 3328 1911 3511 1967; x_wconf 91' lang='lat' dir='ltr'><strong>hostili</strong></span> <span class='ocrx_word' id='word_1_360' title='bbox 3544 1917 3601 1965; x_wconf 91' lang='lat' dir='ltr'><strong>et</strong></span> 
     </span>
    </p>
   </div>
   <div class='ocr_carea' id='block_1_50' title="bbox 2040 2000 3600 2073">
    <p class='ocr_par' dir='ltr' id='par_1_50' title="bbox 2040 2000 3600 2073">
     <span class='ocr_line' id='line_1_50' title="bbox 2040 2000 3600 2073; baseline -0.002 -17"><span class='ocrx_word' id='word_1_361' title='bbox 2040 2003 2273 2058; x_wconf 89' lang='lat' dir='ltr'><strong>adverso</strong></span> <span class='ocrx_word' id='word_1_362' title='bbox 2317 2004 2372 2057; x_wconf 92' lang='lat' dir='ltr'><strong>in</strong></span> <span class='ocrx_word' id='word_1_363' title='bbox 2402 2019 2523 2057; x_wconf 89' lang='lat' dir='ltr'><strong>eum</strong></span> <span class='ocrx_word' id='word_1_364' title='bbox 2557 2004 2740 2056; x_wconf 87' lang='lat' dir='ltr'><strong>animo</strong></span> <span class='ocrx_word' id='word_1_365' title='bbox 2767 2014 2915 2067; x_wconf 88' lang='lat' dir='ltr'><strong>sunt,</strong></span> <span class='ocrx_word' id='word_1_366' title='bbox 2948 2004 3127 2073; x_wconf 66' lang='lat' dir='ltr'><strong>poenis</strong></span> <span class='ocrx_word' id='word_1_367' title='bbox 3163 2003 3402 2058; x_wconf 86' lang='lat' dir='ltr'><strong>irretitos</strong></span> <span class='ocrx_word' id='word_1_368' title='bbox 3431 2000 3600 2056; x_wconf 87' lang='lat' dir='ltr'><strong>exitio</strong></span> 
     </span>
    </p>
   </div>
   <div class='ocr_carea' id='block_1_51' title="bbox 2041 2092 3599 2166">
    <p class='ocr_par' dir='ltr' id='par_1_51' title="bbox 2041 2092 3599 2166">
     <span class='ocr_line' id='line_1_51' title="bbox 2041 2092 3599 2166; baseline -0.003 -17"><span class='ocrx_word' id='word_1_369' title='bbox 2041 2095 2311 2151; x_wconf 88' lang='lat' dir='ltr'><strong>addicere.</strong></span> <span class='ocrx_word' id='word_1_370' title='bbox 2336 2094 2541 2150; x_wconf 87' lang='lat' dir='ltr'><strong>Deinde</strong></span> <span class='ocrx_word' id='word_1_371' title='bbox 2567 2098 2658 2165; x_wconf 89' lang='lat' dir='ltr'><strong>qui</strong></span> <span class='ocrx_word' id='word_1_372' title='bbox 2692 2096 2806 2151; x_wconf 62' lang='lat' dir='ltr'><strong>hate</strong></span> <span class='ocrx_word' id='word_1_373' title='bbox 2833 2111 3007 2166; x_wconf 89' lang='lat' dir='ltr'><strong>nuper</strong></span> <span class='ocrx_word' id='word_1_374' title='bbox 3032 2096 3262 2158; x_wconf 76' lang='lat' dir='ltr'><strong>dixerat,</strong></span> <span class='ocrx_word' id='word_1_375' title='bbox 3289 2093 3429 2149; x_wconf 89' lang='lat' dir='ltr'><strong>idem</strong></span> <span class='ocrx_word' id='word_1_376' title='bbox 3454 2092 3599 2147; x_wconf 80' lang='lat' dir='ltr'><strong>mul-</strong></span> 
     </span>
    </p>
   </div>
   <div class='ocr_carea' id='block_1_52' title="bbox 2044 2180 3602 2257">
    <p class='ocr_par' dir='ltr' id='par_1_52' title="bbox 2044 2180 3602 2257">
     <span class='ocr_line' id='line_1_52' title="bbox 2044 2180 3602 2257; baseline -0.004 -17"><span class='ocrx_word' id='word_1_377' title='bbox 2044 2194 2153 2240; x_wconf 87' lang='lat' dir='ltr'><strong>tam</strong></span> <span class='ocrx_word' id='word_1_378' title='bbox 2185 2202 2216 2241; x_wconf 87' lang='lat' dir='ltr'><strong>a</strong></span> <span class='ocrx_word' id='word_1_379' title='bbox 2251 2185 2360 2241; x_wconf 90' lang='lat' dir='ltr'><strong>Deo</strong></span> <span class='ocrx_word' id='word_1_380' title='bbox 2402 2187 2828 2241; x_wconf 87' lang='lat' dir='ltr'><strong>benevolentiam</strong></span> <span class='ocrx_word' id='word_1_381' title='bbox 2850 2201 2978 2257; x_wconf 83' lang='lat' dir='ltr'><strong>erga</strong></span> <span class='ocrx_word' id='word_1_382' title='bbox 3013 2185 3266 2257; x_wconf 79' lang='lat' dir='ltr'><strong>Assyrius</strong></span> <span class='ocrx_word' id='word_1_383' title='bbox 3303 2180 3602 2237; x_wconf 80' lang='lat' dir='ltr'><strong>adhibitam</strong></span> 
     </span>
    </p>
   </div>
   <div class='ocr_carea' id='block_1_53' title="bbox 2043 2271 3604 2349">
    <p class='ocr_par' dir='ltr' id='par_1_53' title="bbox 2043 2271 3604 2349">
     <span class='ocr_line' id='line_1_53' title="bbox 2043 2271 3604 2349; baseline -0.004 -17"><span class='ocrx_word' id='word_1_384' title='bbox 2043 2279 2140 2346; x_wconf 90' lang='lat' dir='ltr'><strong>ait,</strong></span> <span class='ocrx_word' id='word_1_385' title='bbox 2170 2294 2280 2349; x_wconf 93' lang='lat' dir='ltr'><strong>quo</strong></span> <span class='ocrx_word' id='word_1_386' title='bbox 2307 2285 2550 2348; x_wconf 86' lang='lat' dir='ltr'><strong>tempore</strong></span> <span class='ocrx_word' id='word_1_387' title='bbox 2574 2277 2733 2332; x_wconf 79' lang='lat' dir='ltr'><strong>beato</strong></span> <span class='ocrx_word' id='word_1_388' title='bbox 2753 2276 2903 2331; x_wconf 69' lang='lat' dir='ltr'><strong>Jonas</strong></span> <span class='ocrx_word' id='word_1_389' title='bbox 2922 2275 3268 2331; x_wconf 89' lang='lat' dir='ltr'><strong>concionanti</strong></span> <span class='ocrx_word' id='word_1_390' title='bbox 3300 2271 3604 2329; x_wconf 88' lang='lat' dir='ltr'><strong>assentien-</strong></span> 
     </span>
    </p>
   </div>
   <div class='ocr_carea' id='block_1_54' title="bbox 2044 2366 3607 2439">
    <p class='ocr_par' dir='ltr' id='par_1_54' title="bbox 2044 2366 3607 2439">
     <span class='ocr_line' id='line_1_54' title="bbox 2044 2366 3607 2439; baseline -0.004 -14"><span class='ocrx_word' id='word_1_391' title='bbox 2044 2381 2126 2426; x_wconf 88' lang='lat' dir='ltr'><strong>tes</strong></span> <span class='ocrx_word' id='word_1_392' title='bbox 2165 2369 2527 2439; x_wconf 84' lang='lat' dir='ltr'><strong>resipuerunt.</strong></span> <span class='ocrx_word' id='word_1_393' title='bbox 2585 2387 2603 2419; x_wconf 78' lang='grc' dir='ltr'><strong>ι</strong></span> <span class='ocrx_word' id='word_1_394' title='bbox 2644 2366 2908 2424; x_wconf 86' lang='lat' dir='ltr'><strong>Dominus</strong></span> <span class='ocrx_word' id='word_1_395' title='bbox 2940 2368 3191 2439; x_wconf 85' lang='lat' dir='ltr'><strong>patiens;</strong></span> <span class='ocrx_word' id='word_1_396' title='bbox 3227 2378 3482 2435; x_wconf 83' lang='lat' dir='ltr'><strong>magnum</strong></span> <span class='ocrx_word' id='word_1_397' title='bbox 3515 2377 3607 2419; x_wconf 85' lang='lat' dir='ltr'><strong>ro-</strong></span> 
     </span>
    </p>
   </div>
   <div class='ocr_carea' id='block_1_55' title="bbox 2046 2455 3602 2535">
    <p class='ocr_par' dir='ltr' id='par_1_55' title="bbox 2046 2455 3602 2535">
     <span class='ocr_line' id='line_1_55' title="bbox 2046 2455 3602 2535; baseline -0.007 -20"><span class='ocrx_word' id='word_1_398' title='bbox 2046 2461 2151 2535; x_wconf 80' lang='lat' dir='ltr'><strong>bur</strong></span> <span class='ocrx_word' id='word_1_399' title='bbox 2202 2459 2344 2530; x_wconf 82' lang='lat' dir='ltr'><strong>ejus.</strong></span> <span class='ocrx_word' id='word_1_400' title='bbox 2394 2459 2739 2515; x_wconf 83' lang='lat' dir='ltr'><strong>Absolvendo</strong></span> <span class='ocrx_word' id='word_1_401' title='bbox 2784 2473 2892 2514; x_wconf 90' lang='lat' dir='ltr'><strong>non</strong></span> <span class='ocrx_word' id='word_1_402' title='bbox 2950 2458 3193 2513; x_wconf 85' lang='lat' dir='ltr'><strong>absolvet</strong></span> <span class='ocrx_word' id='word_1_403' title='bbox 3237 2455 3520 2535; x_wconf 88' lang='lat' dir='ltr'><strong>Dominus.</strong></span> <span class='ocrx_word' id='word_1_404' title='bbox 3578 2467 3602 2504; x_wconf 73' lang='grc' dir='ltr'><strong>ο</strong></span> 
     </span>
    </p>
   </div>
   <div class='ocr_carea' id='block_1_56' title="bbox 2046 2529 3610 2621">
    <p class='ocr_par' dir='ltr' id='par_1_56' title="bbox 2046 2529 3610 2621">
     <span class='ocr_line' id='line_1_56' title="bbox 2046 2529 3610 2621; baseline -0.005 -15"><span class='ocrx_word' id='word_1_405' title='bbox 2046 2529 2320 2620; x_wconf 71' lang='lat' dir='ltr'><strong>Quantum</strong></span> <span class='ocrx_word' id='word_1_406' title='bbox 2344 2552 2510 2617; x_wconf 89' lang='lat' dir='ltr'><strong>enim,</strong></span> <span class='ocrx_word' id='word_1_407' title='bbox 2543 2551 2736 2621; x_wconf 84' lang='lat' dir='ltr'><strong>inquit,</strong></span> <span class='ocrx_word' id='word_1_408' title='bbox 2786 2549 3055 2619; x_wconf 90' lang='lat' dir='ltr'><strong>patienter</strong></span> <span class='ocrx_word' id='word_1_409' title='bbox 3094 2546 3239 2602; x_wconf 80' lang='lat' dir='ltr'><strong>ferre</strong></span> <span class='ocrx_word' id='word_1_410' title='bbox 3260 2554 3315 2601; x_wconf 92' lang='lat' dir='ltr'><strong>et</strong></span> <span class='ocrx_word' id='word_1_411' title='bbox 3350 2532 3610 2600; x_wconf 86' lang='lat' dir='ltr'><strong>dissimu-</strong></span> 
     </span>
    </p>
   </div>
   <div class='ocr_carea' id='block_1_57' title="bbox 2047 2635 3607 2717">
    <p class='ocr_par' dir='ltr' id='par_1_57' title="bbox 2047 2635 3607 2717">
     <span class='ocr_line' id='line_1_57' title="bbox 2047 2635 3607 2717; baseline -0.006 -17"><span class='ocrx_word' id='word_1_412' title='bbox 2047 2646 2159 2702; x_wconf 91' lang='lat' dir='ltr'><strong>lare</strong></span> <span class='ocrx_word' id='word_1_413' title='bbox 2190 2653 2414 2717; x_wconf 89' lang='lat' dir='ltr'><strong>peccata</strong></span> <span class='ocrx_word' id='word_1_414' title='bbox 2463 2657 2527 2699; x_wconf 90' lang='lat' dir='ltr'><strong>ac</strong></span> <span class='ocrx_word' id='word_1_415' title='bbox 2570 2643 2776 2697; x_wconf 85' lang='lat' dir='ltr'><strong>scelera</strong></span> <span class='ocrx_word' id='word_1_416' title='bbox 2812 2642 2984 2704; x_wconf 88' lang='lat' dir='ltr'><strong>novit,</strong></span> <span class='ocrx_word' id='word_1_417' title='bbox 3036 2639 3308 2710; x_wconf 87' lang='lat' dir='ltr'><strong>siquando</strong></span> <span class='ocrx_word' id='word_1_418' title='bbox 3356 2635 3607 2692; x_wconf 85' lang='lat' dir='ltr'><strong>homines</strong></span> 
     </span>
    </p>
   </div>
   <div class='ocr_carea' id='block_1_58' title="bbox 2047 2729 3612 2797">
    <p class='ocr_par' dir='ltr' id='par_1_58' title="bbox 2047 2729 3612 2797">
     <span class='ocr_line' id='line_1_58' title="bbox 2047 2729 3612 2797; baseline -0.01 -4"><span class='ocrx_word' id='word_1_419' title='bbox 2047 2738 2113 2793; x_wconf 77' lang='lat' dir='ltr'><strong>ad</strong></span> <span class='ocrx_word' id='word_1_420' title='bbox 2142 2738 2365 2792; x_wconf 87' lang='lat' dir='ltr'><strong>meliora</strong></span> <span class='ocrx_word' id='word_1_421' title='bbox 2404 2736 2645 2791; x_wconf 85' lang='lat' dir='ltr'><strong>converti</strong></span> <span class='ocrx_word' id='word_1_422' title='bbox 2672 2734 2883 2794; x_wconf 87' lang='lat' dir='ltr'><strong>viderit,</strong></span> <span class='ocrx_word' id='word_1_423' title='bbox 2906 2730 3238 2797; x_wconf 88' lang='lat' dir='ltr'><strong>tantumdem</strong></span> <span class='ocrx_word' id='word_1_424' title='bbox 3272 2729 3612 2783; x_wconf 85' lang='lat' dir='ltr'><strong>demonstrat</strong></span> 
     </span>
    </p>
   </div>
   <div class='ocr_carea' id='block_1_59' title="bbox 2050 2815 3611 2896">
    <p class='ocr_par' dir='ltr' id='par_1_59' title="bbox 2050 2815 3611 2896">
     <span class='ocr_line' id='line_1_59' title="bbox 2050 2815 3611 2896; baseline -0.008 -15"><span class='ocrx_word' id='word_1_425' title='bbox 2050 2827 2192 2883; x_wconf 86' lang='lat' dir='ltr'><strong>vires</strong></span> <span class='ocrx_word' id='word_1_426' title='bbox 2244 2842 2373 2883; x_wconf 89' lang='lat' dir='ltr'><strong>suas</strong></span> <span class='ocrx_word' id='word_1_427' title='bbox 2422 2827 2476 2881; x_wconf 91' lang='lat' dir='ltr'><strong>in</strong></span> <span class='ocrx_word' id='word_1_428' title='bbox 2523 2839 2697 2896; x_wconf 57' lang='lat' dir='ltr'><strong>poenae</strong></span> <span class='ocrx_word' id='word_1_429' title='bbox 2738 2821 3132 2892; x_wconf 80' lang='lat' dir='ltr'><strong>magnitudine,</strong></span> <span class='ocrx_word' id='word_1_430' title='bbox 3179 2816 3447 2888; x_wconf 89' lang='lat' dir='ltr'><strong>siquando</strong></span> <span class='ocrx_word' id='word_1_431' title='bbox 3490 2815 3611 2871; x_wconf 78' lang='lat' dir='ltr'><strong>sine</strong></span> 
     </span>
    </p>
   </div>
   <div class='ocr_carea' id='block_1_60' title="bbox 2050 2908 3609 2991">
    <p class='ocr_par' dir='ltr' id='par_1_60' title="bbox 2050 2908 3609 2991">
     <span class='ocr_line' id='line_1_60' title="bbox 2050 2908 3609 2991; baseline -0.01 -15"><span class='ocrx_word' id='word_1_432' title='bbox 2050 2919 2382 2991; x_wconf 70' lang='lat' dir='ltr'><strong>pmnitentiae</strong></span> <span class='ocrx_word' id='word_1_433' title='bbox 2410 2935 2505 2990; x_wconf 87' lang='lat' dir='ltr'><strong>spe</strong></span> <span class='ocrx_word' id='word_1_434' title='bbox 2539 2920 2723 2988; x_wconf 84' lang='lat' dir='ltr'><strong>lapsos</strong></span> <span class='ocrx_word' id='word_1_435' title='bbox 2758 2914 3016 2978; x_wconf 88' lang='lat' dir='ltr'><strong>senserit,</strong></span> <span class='ocrx_word' id='word_1_436' title='bbox 3056 2920 3220 2981; x_wconf 89' lang='lat' dir='ltr'><strong>atque</strong></span> <span class='ocrx_word' id='word_1_437' title='bbox 3248 2911 3306 2965; x_wconf 89' lang='lat' dir='ltr'><strong>in</strong></span> <span class='ocrx_word' id='word_1_438' title='bbox 3344 2908 3609 2965; x_wconf 89' lang='lat' dir='ltr'><strong>malitiam</strong></span> 
     </span>
    </p>
   </div>
   <div class='ocr_carea' id='block_1_61' title="bbox 2053 2992 3617 3081">
    <p class='ocr_par' dir='ltr' id='par_1_61' title="bbox 2053 2992 3617 3081">
     <span class='ocr_line' id='line_1_61' title="bbox 2053 2992 3617 3081; baseline -0.01 -13"><span class='ocrx_word' id='word_1_439' title='bbox 2053 3026 2319 3068; x_wconf 87' lang='lat' dir='ltr'><strong>summam</strong></span> <span class='ocrx_word' id='word_1_440' title='bbox 2349 2992 2654 3081; x_wconf 85' lang='lat' dir='ltr'><strong>provectos.</strong></span> <span class='ocrx_word' id='word_1_441' title='bbox 2683 3006 2950 3062; x_wconf 87' lang='lat' dir='ltr'><strong>Nimirum</strong></span> <span class='ocrx_word' id='word_1_442' title='bbox 2981 3018 3078 3060; x_wconf 85' lang='lat' dir='ltr'><strong>eos</strong></span> <span class='ocrx_word' id='word_1_443' title='bbox 3106 3017 3283 3074; x_wconf 90' lang='lat' dir='ltr'><strong>neque</strong></span> <span class='ocrx_word' id='word_1_444' title='bbox 3311 3016 3341 3055; x_wconf 90' lang='lat' dir='ltr'><strong>a</strong></span> <span class='ocrx_word' id='word_1_445' title='bbox 3363 3000 3617 3057; x_wconf 81' lang='lat' dir='ltr'><strong>crimina-</strong></span> 
     </span>
    </p>
   </div>
   <div class='ocr_carea' id='block_1_62' title="bbox 384 3091 1951 3194">
    <p class='ocr_par' dir='ltr' id='par_1_62' title="bbox 384 3106 1950 3183">
     <span class='ocr_line' id='line_1_62' title="bbox 384 3106 1950 3183; baseline -0.002 -22"><span class='ocrx_word' id='word_1_446' title='bbox 384 3110 547 3177; x_wconf 76' lang='grc' dir='ltr'>νόητα</span> <span class='ocrx_word' id='word_1_447' title='bbox 572 3110 862 3173; x_wconf 79' lang='grc' dir='ltr'>πταίοντας</span> <span class='ocrx_word' id='word_1_448' title='bbox 899 3110 984 3183; x_wconf 79' lang='grc' dir='ltr'><strong>ἴδῃ</strong></span> <span class='ocrx_word' id='word_1_449' title='bbox 1013 3110 1106 3163; x_wconf 77' lang='grc' dir='ltr'>καὶ</span> <span class='ocrx_word' id='word_1_450' title='bbox 1135 3110 1269 3179; x_wconf 85' lang='grc' dir='ltr'>πρὸς</span> <span class='ocrx_word' id='word_1_451' title='bbox 1301 3109 1466 3179; x_wconf 87' lang='grc' dir='ltr'>ἀκρον</span> <span class='ocrx_word' id='word_1_452' title='bbox 1487 3107 1735 3170; x_wconf 88' lang='grc' dir='ltr'>ἀσεϐείας</span> <span class='ocrx_word' id='word_1_453' title='bbox 1759 3106 1950 3175; x_wconf 85' lang='grc' dir='ltr'>ἐληλα-</span> 
     </span>
    </p>
   </div>
   <div class='ocr_carea' id='block_1_63' title="bbox 2050 3091 3614 3194">
    <p class='ocr_par' dir='ltr' id='par_1_63' title="bbox 2054 3091 3614 3171">
     <span class='ocr_line' id='line_1_63' title="bbox 2054 3091 3614 3171; baseline -0.006 -14"><span class='ocrx_word' id='word_1_454' title='bbox 2054 3105 2203 3157; x_wconf 89' lang='lat' dir='ltr'><strong>tione</strong></span> <span class='ocrx_word' id='word_1_455' title='bbox 2231 3102 2440 3167; x_wconf 81' lang='lat' dir='ltr'><strong>liberat,</strong></span> <span class='ocrx_word' id='word_1_456' title='bbox 2470 3116 2643 3171; x_wconf 87' lang='lat' dir='ltr'><strong>neque</strong></span> <span class='ocrx_word' id='word_1_457' title='bbox 2669 3116 2697 3153; x_wconf 91' lang='lat' dir='ltr'><strong>a</strong></span> <span class='ocrx_word' id='word_1_458' title='bbox 2736 3099 3018 3169; x_wconf 89' lang='lat' dir='ltr'><strong>culparum</strong></span> <span class='ocrx_word' id='word_1_459' title='bbox 3059 3109 3253 3166; x_wconf 64' lang='lat' dir='ltr'><strong>paena;</strong></span> <span class='ocrx_word' id='word_1_460' title='bbox 3291 3093 3491 3166; x_wconf 80' lang='lat' dir='ltr'><strong>quippe</strong></span> <span class='ocrx_word' id='word_1_461' title='bbox 3519 3091 3614 3164; x_wconf 88' lang='lat' dir='ltr'><strong>qui</strong></span> 
     </span>
    </p>
   </div>
   <div class='ocr_carea' id='block_1_64' title="bbox 384 3189 1951 3268">
    <p class='ocr_par' dir='ltr' id='par_1_64' title="bbox 384 3197 1949 3268">
     <span class='ocr_line' id='line_1_64' title="bbox 384 3197 1949 3268; baseline -0.003 -14"><span class='ocrx_word' id='word_1_462' title='bbox 384 3202 572 3265; x_wconf 81' lang='grc' dir='ltr'>κότας,</span> <span class='ocrx_word' id='word_1_463' title='bbox 619 3201 711 3265; x_wconf 74' lang='grc' dir='ltr'>οὓς</span> <span class='ocrx_word' id='word_1_464' title='bbox 759 3201 860 3254; x_wconf 86' lang='grc' dir='ltr'><strong>ούκ</strong></span> <span class='ocrx_word' id='word_1_465' title='bbox 913 3200 1240 3255; x_wconf 84' lang='grc' dir='ltr'>ἀπαλλάττει</span> <span class='ocrx_word' id='word_1_466' title='bbox 1265 3198 1373 3253; x_wconf 87' lang='grc' dir='ltr'><strong>τῶν</strong></span> <span class='ocrx_word' id='word_1_467' title='bbox 1413 3197 1793 3268; x_wconf 78' lang='grc' dir='ltr'>ἐγκλημάτων,</span> <span class='ocrx_word' id='word_1_468' title='bbox 1825 3197 1949 3250; x_wconf 83' lang='grc' dir='ltr'><strong>ούδέ</strong></span> 
     </span>
    </p>
   </div>
   <div class='ocr_carea' id='block_1_65' title="bbox 2050 3189 3090 3268">
    <p class='ocr_par' dir='ltr' id='par_1_65' title="bbox 2050 3189 3090 3266">
     <span class='ocr_line' id='line_1_65' title="bbox 2050 3189 3090 3266; baseline -0.005 -16"><span class='ocrx_word' id='word_1_469' title='bbox 2050 3195 2162 3266; x_wconf 90' lang='lat' dir='ltr'><strong>jam</strong></span> <span class='ocrx_word' id='word_1_470' title='bbox 2184 3195 2409 3251; x_wconf 87' lang='lat' dir='ltr'><strong>suismet</strong></span> <span class='ocrx_word' id='word_1_471' title='bbox 2435 3193 2645 3250; x_wconf 88' lang='lat' dir='ltr'><strong>actibus</strong></span> <span class='ocrx_word' id='word_1_472' title='bbox 2670 3189 2907 3247; x_wconf 89' lang='lat' dir='ltr'><strong>damnati</strong></span> <span class='ocrx_word' id='word_1_473' title='bbox 2940 3195 3090 3245; x_wconf 88' lang='lat' dir='ltr'><strong>sunt.</strong></span> 
     </span>
    </p>
   </div>
   <div class='ocr_carea' id='block_1_66' title="bbox 383 3290 1943 3365">
    <p class='ocr_par' dir='ltr' id='par_1_66' title="bbox 383 3290 1943 3365">
     <span class='ocr_line' id='line_1_66' title="bbox 383 3290 1943 3365; baseline -0.001 -20"><span class='ocrx_word' id='word_1_474' title='bbox 383 3294 486 3362; x_wconf 78' lang='grc' dir='ltr'>τῆς</span> <span class='ocrx_word' id='word_1_475' title='bbox 522 3292 613 3345; x_wconf 70' lang='grc' dir='ltr'><strong>ἐπὶ</strong></span> <span class='ocrx_word' id='word_1_476' title='bbox 635 3296 747 3357; x_wconf 86' lang='grc' dir='ltr'>τοῖς</span> <span class='ocrx_word' id='word_1_477' title='bbox 800 3294 1156 3365; x_wconf 86' lang='grc' dir='ltr'>ἁμαρτήμασι</span> <span class='ocrx_word' id='word_1_478' title='bbox 1201 3291 1493 3364; x_wconf 87' lang='grc' dir='ltr'>τιμωρίας,</span> <span class='ocrx_word' id='word_1_479' title='bbox 1527 3290 1622 3345; x_wconf 82' lang='grc' dir='ltr'>ἆτε</span> <span class='ocrx_word' id='word_1_480' title='bbox 1656 3292 1721 3344; x_wconf 80' lang='grc' dir='ltr'><strong>ἐκ</strong></span> <span class='ocrx_word' id='word_1_481' title='bbox 1746 3291 1852 3344; x_wconf 90' lang='grc' dir='ltr'><strong>τῶν</strong></span> <span class='ocrx_word' id='word_1_482' title='bbox 1873 3291 1943 3344; x_wconf 77' lang='lat' dir='ltr'><strong>ol-</strong></span> 
     </span>
    </p>
   </div>
   <div class='ocr_carea' id='block_1_67' title="bbox 386 3383 1361 3458">
    <p class='ocr_par' dir='ltr' id='par_1_67' title="bbox 386 3383 1361 3458">
     <span class='ocr_line' id='line_1_67' title="bbox 386 3383 1361 3458; baseline 0.002 -21"><span class='ocrx_word' id='word_1_483' title='bbox 386 3385 548 3438; x_wconf 82' lang='grc' dir='ltr'>κείων</span> <span class='ocrx_word' id='word_1_484' title='bbox 565 3383 813 3456; x_wconf 77' lang='grc' dir='ltr'>πράξεων</span> <span class='ocrx_word' id='word_1_485' title='bbox 844 3385 1361 3458; x_wconf 86' lang='grc' dir='ltr'>κατακρινομένους.</span> 
     </span>
    </p>
   </div>
   <div class='ocr_carea' id='block_1_68' title="bbox 456 3472 1954 3557">
    <p class='ocr_par' dir='ltr' id='par_1_68' title="bbox 456 3472 1954 3557">
     <span class='ocr_line' id='line_1_68' title="bbox 456 3472 1954 3557; baseline 0 -29"><span class='ocrx_word' id='word_1_486' title='bbox 456 3477 604 3547; x_wconf 87' lang='grc' dir='ltr'>Στίχ.</span> <span class='ocrx_word' id='word_1_487' title='bbox 635 3477 700 3539; x_wconf 87' lang='grc' dir='ltr'>δ’,</span> <span class='ocrx_word' id='word_1_488' title='bbox 733 3484 792 3532; x_wconf 86' lang='grc' dir='ltr'><strong>ε’.</strong></span> <span class='ocrx_word' id='word_1_489' title='bbox 814 3508 883 3520; x_wconf 87' lang='grc'><strong><em>-</em></strong></span> <span class='ocrx_word' id='word_1_490' title='bbox 912 3477 1025 3557; x_wconf 33' lang='grc' dir='ltr'><strong>Καὶ.</strong></span> <span class='ocrx_word' id='word_1_491' title='bbox 1049 3477 1132 3541; x_wconf 86' lang='grc' dir='ltr'><strong>τίς</strong></span> <span class='ocrx_word' id='word_1_492' title='bbox 1168 3479 1202 3549; x_wconf 78' lang='grc' dir='ltr'>ἡ</span> <span class='ocrx_word' id='word_1_493' title='bbox 1221 3475 1425 3530; x_wconf 84' lang='grc' dir='ltr'>τούτων</span> <span class='ocrx_word' id='word_1_494' title='bbox 1472 3472 1739 3540; x_wconf 80' lang='grc' dir='ltr'>ἀπόδειξις</span> <span class='ocrx_word' id='word_1_495' title='bbox 1763 3491 1779 3541; x_wconf 86' lang='grc'><strong>;</strong></span> <span class='ocrx_word' id='word_1_496' title='bbox 1807 3492 1825 3525; x_wconf 78' lang='grc' dir='ltr'><strong>ι</strong></span> <span class='ocrx_word' id='word_1_497' title='bbox 1865 3474 1954 3528; x_wconf 84' lang='grc' dir='ltr'>Ἐν</span> 
     </span>
    </p>
   </div>
   <div class='ocr_carea' id='block_1_69' title="bbox 386 3567 1956 3642">
    <p class='ocr_par' dir='ltr' id='par_1_69' title="bbox 386 3567 1956 3642">
     <span class='ocr_line' id='line_1_69' title="bbox 386 3567 1956 3642; baseline -0.003 -19"><span class='ocrx_word' id='word_1_498' title='bbox 386 3570 667 3642; x_wconf 75' lang='grc' dir='ltr'>συντελείᾳ</span> <span class='ocrx_word' id='word_1_499' title='bbox 704 3570 797 3623; x_wconf 75' lang='grc' dir='ltr'>καὶ</span> <span class='ocrx_word' id='word_1_500' title='bbox 848 3572 907 3623; x_wconf 87' lang='grc' dir='ltr'><strong>ἐν</strong></span> <span class='ocrx_word' id='word_1_501' title='bbox 964 3568 1278 3641; x_wconf 80' lang='grc' dir='ltr'>συσσεισμῷ</span> <span class='ocrx_word' id='word_1_502' title='bbox 1303 3571 1337 3640; x_wconf 83' lang='grc' dir='ltr'>ὴ</span> <span class='ocrx_word' id='word_1_503' title='bbox 1378 3568 1497 3632; x_wconf 84' lang='grc' dir='ltr'>ὁδὸς</span> <span class='ocrx_word' id='word_1_504' title='bbox 1526 3567 1711 3623; x_wconf 81' lang='grc' dir='ltr'>αὑτοῦ.</span> <span class='ocrx_word' id='word_1_505' title='bbox 1752 3587 1769 3618; x_wconf 75' lang='grc' dir='ltr'><strong>ι</strong></span> <span class='ocrx_word' id='word_1_506' title='bbox 1809 3567 1956 3620; x_wconf 74' lang='grc' dir='ltr'>Ὀδὸν</span> 
     </span>
    </p>
   </div>
   <div class='ocr_carea' id='block_1_70' title="bbox 386 3657 1955 3731">
    <p class='ocr_par' dir='ltr' id='par_1_70' title="bbox 386 3657 1955 3731">
     <span class='ocr_line' id='line_1_70' title="bbox 386 3657 1955 3731; baseline -0.003 -17"><span class='ocrx_word' id='word_1_507' title='bbox 386 3661 544 3714; x_wconf 79' lang='grc' dir='ltr'>καλεῖ</span> <span class='ocrx_word' id='word_1_508' title='bbox 581 3660 675 3714; x_wconf 88' lang='grc' dir='ltr'><strong>τοῦ</strong></span> <span class='ocrx_word' id='word_1_509' title='bbox 706 3660 837 3714; x_wconf 90' lang='grc' dir='ltr'>Θεοῦ</span> <span class='ocrx_word' id='word_1_510' title='bbox 869 3658 968 3731; x_wconf 83' lang='grc' dir='ltr'>τὴν</span> <span class='ocrx_word' id='word_1_511' title='bbox 1022 3660 1220 3728; x_wconf 77' lang='grc' dir='ltr'>πρᾶξιν</span> <span class='ocrx_word' id='word_1_512' title='bbox 1241 3678 1258 3692; x_wconf 90' lang='grc'><strong>·</strong></span> <span class='ocrx_word' id='word_1_513' title='bbox 1301 3659 1362 3712; x_wconf 88' lang='lat' dir='ltr'><strong>rb</strong></span> <span class='ocrx_word' id='word_1_514' title='bbox 1403 3658 1533 3712; x_wconf 82' lang='grc' dir='ltr'>αὐτὸ</span> <span class='ocrx_word' id='word_1_515' title='bbox 1570 3659 1627 3712; x_wconf 84' lang='grc' dir='ltr'>δὲ</span> <span class='ocrx_word' id='word_1_516' title='bbox 1668 3657 1826 3712; x_wconf 88' lang='grc' dir='ltr'>τοῦτο</span> <span class='ocrx_word' id='word_1_517' title='bbox 1860 3658 1955 3711; x_wconf 78' lang='grc' dir='ltr'>καὶ</span> 
     </span>
    </p>
   </div>
   <div class='ocr_carea' id='block_1_71' title="bbox 386 3749 1955 3824">
    <p class='ocr_par' dir='ltr' id='par_1_71' title="bbox 386 3749 1955 3824">
     <span class='ocr_line' id='line_1_71' title="bbox 386 3749 1955 3824; baseline -0.001 -19"><span class='ocrx_word' id='word_1_518' title='bbox 386 3754 482 3805; x_wconf 71' lang='grc' dir='ltr'><strong>ἐπὶ</strong></span> <span class='ocrx_word' id='word_1_519' title='bbox 502 3752 608 3805; x_wconf 86' lang='grc' dir='ltr'><strong>τῶν</strong></span> <span class='ocrx_word' id='word_1_520' title='bbox 639 3752 936 3824; x_wconf 83' lang='grc' dir='ltr'>ἀνθρώπων</span> <span class='ocrx_word' id='word_1_521' title='bbox 970 3754 1102 3824; x_wconf 75' lang='grc' dir='ltr'>φησι</span> <span class='ocrx_word' id='word_1_522' title='bbox 1132 3752 1415 3815; x_wconf 78' lang='grc' dir='ltr'>πολλάκις’</span> <span class='ocrx_word' id='word_1_523' title='bbox 1445 3752 1520 3815; x_wconf 85' lang='grc' dir='ltr'><strong>ὡς</strong></span> <span class='ocrx_word' id='word_1_524' title='bbox 1548 3751 1625 3817; x_wconf 90' lang='lat' dir='ltr'><strong>rb,</strong></span> <span class='ocrx_word' id='word_1_525' title='bbox 1651 3769 1669 3802; x_wconf 79' lang='grc' dir='ltr'><strong>ι</strong></span> <span class='ocrx_word' id='word_1_526' title='bbox 1695 3749 1955 3804; x_wconf 86' lang='grc' dir='ltr'>Γινώσκει</span> 
     </span>
    </p>
   </div>
   <div class='ocr_carea' id='block_1_72' title="bbox 390 3840 1958 3918">
    <p class='ocr_par' dir='ltr' id='par_1_72' title="bbox 390 3840 1958 3918">
     <span class='ocr_line' id='line_1_72' title="bbox 390 3840 1958 3918; baseline -0.002 -19"><span class='ocrx_word' id='word_1_527' title='bbox 390 3846 598 3918; x_wconf 76' lang='grc' dir='ltr'>Κύριος</span> <span class='ocrx_word' id='word_1_528' title='bbox 625 3846 725 3909; x_wconf 87' lang='grc' dir='ltr'><strong>τάς</strong></span> <span class='ocrx_word' id='word_1_529' title='bbox 751 3847 902 3911; x_wconf 74' lang='grc' dir='ltr'>ὁδοὺς</span> <span class='ocrx_word' id='word_1_530' title='bbox 927 3846 1035 3900; x_wconf 86' lang='grc' dir='ltr'><strong>τῶν</strong></span> <span class='ocrx_word' id='word_1_531' title='bbox 1070 3844 1332 3917; x_wconf 83' lang='grc' dir='ltr'>ἀμώμων.</span> <span class='ocrx_word' id='word_1_532' title='bbox 1366 3866 1383 3899; x_wconf 73' lang='grc' dir='ltr'><strong>ι</strong></span> <span class='ocrx_word' id='word_1_533' title='bbox 1415 3846 1677 3899; x_wconf 81' lang='grc' dir='ltr'>Ἐνταῦθα</span> <span class='ocrx_word' id='word_1_534' title='bbox 1695 3840 1785 3899; x_wconf 82' lang='grc' dir='ltr'><strong>οῦν</strong></span> <span class='ocrx_word' id='word_1_535' title='bbox 1802 3843 1958 3897; x_wconf 85' lang='grc' dir='ltr'>τοῦτό</span> 
     </span>
    </p>
   </div>
   <div class='ocr_carea' id='block_1_73' title="bbox 392 3934 1959 4010">
    <p class='ocr_par' dir='ltr' id='par_1_73' title="bbox 392 3934 1959 4010">
     <span class='ocr_line' id='line_1_73' title="bbox 392 3934 1959 4010; baseline -0.002 -19"><span class='ocrx_word' id='word_1_536' title='bbox 392 3956 557 4010; x_wconf 85' lang='grc' dir='ltr'>φησιν</span> <span class='ocrx_word' id='word_1_537' title='bbox 589 3940 691 4001; x_wconf 86' lang='grc' dir='ltr'>ὅτι,</span> <span class='ocrx_word' id='word_1_538' title='bbox 723 3939 835 3992; x_wconf 84' lang='grc' dir='ltr'>Νῦν</span> <span class='ocrx_word' id='word_1_539' title='bbox 858 3938 1014 3991; x_wconf 88' lang='grc' dir='ltr'>τοῦτο</span> <span class='ocrx_word' id='word_1_540' title='bbox 1048 3939 1306 4010; x_wconf 85' lang='grc' dir='ltr'>πράττειν</span> <span class='ocrx_word' id='word_1_541' title='bbox 1344 3937 1563 4006; x_wconf 75' lang='grc' dir='ltr'>ἔγνωκε,</span> <span class='ocrx_word' id='word_1_542' title='bbox 1598 3937 1690 3991; x_wconf 71' lang='grc' dir='ltr'>καὶ</span> <span class='ocrx_word' id='word_1_543' title='bbox 1716 3936 1809 3989; x_wconf 71' lang='grc' dir='ltr'>ἐπὶ</span> <span class='ocrx_word' id='word_1_544' title='bbox 1836 3934 1959 3989; x_wconf 85' lang='grc' dir='ltr'>τού-</span> 
     </span>
    </p>
   </div>
   <div class='ocr_carea' id='block_1_74' title="bbox 389 4027 1959 4101">
    <p class='ocr_par' dir='ltr' id='par_1_74' title="bbox 389 4027 1959 4101">
     <span class='ocr_line' id='line_1_74' title="bbox 389 4027 1959 4101; baseline -0.002 -18"><span class='ocrx_word' id='word_1_545' title='bbox 389 4048 471 4101; x_wconf 85' lang='grc' dir='ltr'><strong>τῳ</strong></span> <span class='ocrx_word' id='word_1_546' title='bbox 497 4030 560 4101; x_wconf 80' lang='grc' dir='ltr'>δὴ</span> <span class='ocrx_word' id='word_1_547' title='bbox 594 4028 691 4101; x_wconf 81' lang='grc' dir='ltr'>τὴν</span> <span class='ocrx_word' id='word_1_548' title='bbox 716 4028 891 4100; x_wconf 83' lang='grc' dir='ltr'>ὁρμὴν</span> <span class='ocrx_word' id='word_1_549' title='bbox 923 4028 1036 4100; x_wconf 76' lang='grc' dir='ltr'>ἔχει</span> <span class='ocrx_word' id='word_1_550' title='bbox 1081 4029 1180 4100; x_wconf 79' lang='grc' dir='ltr'>τὴν</span> <span class='ocrx_word' id='word_1_551' title='bbox 1205 4029 1328 4083; x_wconf 81' lang='grc' dir='ltr'>καθ’</span> <span class='ocrx_word' id='word_1_552' title='bbox 1363 4029 1537 4100; x_wconf 83' lang='grc' dir='ltr'>ὑμῶν,</span> <span class='ocrx_word' id='word_1_553' title='bbox 1573 4028 1712 4082; x_wconf 81' lang='grc' dir='ltr'>ὥστε</span> <span class='ocrx_word' id='word_1_554' title='bbox 1743 4027 1959 4082; x_wconf 74' lang='grc' dir='ltr'>ἅπαντα</span> 
     </span>
    </p>
   </div>
   <div class='ocr_carea' id='block_1_75' title="bbox 394 4119 1959 4192">
    <p class='ocr_par' dir='ltr' id='par_1_75' title="bbox 394 4119 1959 4192">
     <span class='ocr_line' id='line_1_75' title="bbox 394 4119 1959 4192; baseline -0.002 -18"><span class='ocrx_word' id='word_1_555' title='bbox 394 4123 495 4192; x_wconf 80' lang='grc' dir='ltr'>μὲν</span> <span class='ocrx_word' id='word_1_556' title='bbox 526 4121 594 4174; x_wconf 71' lang='grc' dir='ltr'>τὰ</span> <span class='ocrx_word' id='word_1_557' title='bbox 622 4122 748 4191; x_wconf 85' lang='grc' dir='ltr'>παρ’</span> <span class='ocrx_word' id='word_1_558' title='bbox 766 4122 893 4189; x_wconf 81' lang='grc' dir='ltr'>ὑμῖν</span> <span class='ocrx_word' id='word_1_559' title='bbox 922 4122 1220 4183; x_wconf 88' lang='grc' dir='ltr'>συσσεῖσαι,</span> <span class='ocrx_word' id='word_1_560' title='bbox 1250 4120 1488 4191; x_wconf 80' lang='grc' dir='ltr'>παντελῆ</span> <span class='ocrx_word' id='word_1_561' title='bbox 1506 4119 1561 4173; x_wconf 80' lang='grc' dir='ltr'>δὲ</span> <span class='ocrx_word' id='word_1_562' title='bbox 1594 4120 1720 4190; x_wconf 83' lang='grc' dir='ltr'>ὑμῖν</span> <span class='ocrx_word' id='word_1_563' title='bbox 1753 4119 1959 4186; x_wconf 79' lang='grc' dir='ltr'>ἐπαγα-</span> 
     </span>
    </p>
   </div>
   <div class='ocr_carea' id='block_1_76' title="bbox 392 4209 1959 4284">
    <p class='ocr_par' dir='ltr' id='par_1_76' title="bbox 392 4209 1959 4284">
     <span class='ocr_line' id='line_1_76' title="bbox 392 4209 1959 4284; baseline -0.002 -19"><span class='ocrx_word' id='word_1_564' title='bbox 392 4216 510 4281; x_wconf 83' lang='grc' dir='ltr'>γεῖν</span> <span class='ocrx_word' id='word_1_565' title='bbox 531 4213 631 4284; x_wconf 80' lang='grc' dir='ltr'>τὴν</span> <span class='ocrx_word' id='word_1_566' title='bbox 656 4212 947 4265; x_wconf 86' lang='grc' dir='ltr'>ἀπώλειαν.</span> <span class='ocrx_word' id='word_1_567' title='bbox 990 4230 1009 4264; x_wconf 79' lang='lat' dir='ltr'><strong>t</strong></span> <span class='ocrx_word' id='word_1_568' title='bbox 1060 4212 1171 4266; x_wconf 75' lang='grc' dir='ltr'><strong>Καὶ</strong></span> <span class='ocrx_word' id='word_1_569' title='bbox 1209 4210 1427 4279; x_wconf 84' lang='grc' dir='ltr'>νεφέλαι</span> <span class='ocrx_word' id='word_1_570' title='bbox 1465 4211 1737 4280; x_wconf 87' lang='grc' dir='ltr'>κονιορτὸς</span> <span class='ocrx_word' id='word_1_571' title='bbox 1784 4209 1959 4263; x_wconf 88' lang='grc' dir='ltr'>ποδῶν</span> 
     </span>
    </p>
   </div>
   <div class='ocr_carea' id='block_1_77' title="bbox 394 4301 1957 4373">
    <p class='ocr_par' dir='ltr' id='par_1_77' title="bbox 394 4301 1957 4373">
     <span class='ocr_line' id='line_1_77' title="bbox 394 4301 1957 4373; baseline -0.003 -14"><span class='ocrx_word' id='word_1_572' title='bbox 394 4304 584 4363; x_wconf 73' lang='grc' dir='ltr'>αὐτοῦ.</span> <span class='ocrx_word' id='word_1_573' title='bbox 625 4322 643 4356; x_wconf 79' lang='grc' dir='ltr'><strong>ι</strong></span> <span class='ocrx_word' id='word_1_574' title='bbox 691 4302 1021 4367; x_wconf 82' lang='grc' dir='ltr'>Ἀκολούθως</span> <span class='ocrx_word' id='word_1_575' title='bbox 1068 4301 1145 4373; x_wconf 84' lang='grc' dir='ltr'>τῷ</span> <span class='ocrx_word' id='word_1_576' title='bbox 1183 4322 1201 4354; x_wconf 78' lang='grc' dir='ltr'><strong>ι</strong></span> <span class='ocrx_word' id='word_1_577' title='bbox 1242 4302 1358 4366; x_wconf 74' lang='grc' dir='ltr'>ὁδὸς</span> <span class='ocrx_word' id='word_1_578' title='bbox 1398 4321 1416 4355; x_wconf 75' lang='grc' dir='ltr'><strong>ι</strong></span> <span class='ocrx_word' id='word_1_579' title='bbox 1446 4304 1639 4365; x_wconf 82' lang='grc' dir='ltr'>εἰπεῖν,</span> <span class='ocrx_word' id='word_1_580' title='bbox 1677 4302 1957 4372; x_wconf 85' lang='grc' dir='ltr'>ἐπήγαγε,</span> 
     </span>
    </p>
   </div>
   <div class='ocr_carea' id='block_1_78' title="bbox 403 4392 1954 4466">
    <p class='ocr_par' dir='ltr' id='par_1_78' title="bbox 403 4392 1954 4466">
     <span class='ocr_line' id='line_1_78' title="bbox 403 4392 1954 4466; baseline -0.002 -18"><span class='ocrx_word' id='word_1_581' title='bbox 403 4419 421 4448; x_wconf 82' lang='grc' dir='ltr'><strong>ι</strong></span> <span class='ocrx_word' id='word_1_582' title='bbox 460 4396 703 4465; x_wconf 78' lang='grc' dir='ltr'>Νεφέλαι</span> <span class='ocrx_word' id='word_1_583' title='bbox 737 4394 1013 4466; x_wconf 82' lang='grc' dir='ltr'>κονιορτὸς</span> <span class='ocrx_word' id='word_1_584' title='bbox 1035 4393 1213 4448; x_wconf 88' lang='grc' dir='ltr'>ποδῶν</span> <span class='ocrx_word' id='word_1_585' title='bbox 1236 4392 1399 4447; x_wconf 82' lang='grc' dir='ltr'>αὑτοῦ</span> <span class='ocrx_word' id='word_1_586' title='bbox 1421 4411 1435 4425; x_wconf 67' lang='grc' dir='ltr'><strong>ι</strong></span> <span class='ocrx_word' id='word_1_587' title='bbox 1464 4412 1482 4446; x_wconf 76' lang='grc' dir='ltr'><strong>ι</strong></span> <span class='ocrx_word' id='word_1_588' title='bbox 1512 4392 1696 4464; x_wconf 80' lang='grc' dir='ltr'>ἐπειδὴ</span> <span class='ocrx_word' id='word_1_589' title='bbox 1710 4392 1818 4463; x_wconf 82' lang='grc' dir='ltr'><strong>γὰρ</strong></span> <span class='ocrx_word' id='word_1_590' title='bbox 1833 4392 1954 4445; x_wconf 84' lang='grc' dir='ltr'>ἐπε-</span> 
     </span>
    </p>
   </div>
   <div class='ocr_carea' id='block_1_79' title="bbox 2130 3470 3611 3548">
    <p class='ocr_par' dir='ltr' id='par_1_79' title="bbox 2130 3470 3611 3548">
     <span class='ocr_line' id='line_1_79' title="bbox 2130 3470 3611 3548; baseline -0.007 -17"><span class='ocrx_word' id='word_1_591' title='bbox 2130 3479 2290 3536; x_wconf 79' lang='grc' dir='ltr'>νειιε.</span> <span class='ocrx_word' id='word_1_592' title='bbox 2310 3477 2920 3548; x_wconf 69' lang='lat' dir='ltr'><strong>4,5.—217Qua2nam</strong></span> <span class='ocrx_word' id='word_1_593' title='bbox 2938 3488 3103 3547; x_wconf 90' lang='lat' dir='ltr'><strong>porro</strong></span> <span class='ocrx_word' id='word_1_594' title='bbox 3117 3470 3407 3528; x_wconf 84' lang='lat' dir='ltr'><strong>estharum</strong></span> <span class='ocrx_word' id='word_1_595' title='bbox 3426 3480 3611 3523; x_wconf 84' lang='lat' dir='ltr'><strong>rerum</strong></span> 
     </span>
    </p>
   </div>
   <div class='ocr_carea' id='block_1_80' title="bbox 2055 3560 3619 3627">
    <p class='ocr_par' dir='ltr' id='par_1_80' title="bbox 2055 3560 3619 3627">
     <span class='ocr_line' id='line_1_80' title="bbox 2055 3560 3619 3627; baseline -0.009 -2"><span class='ocrx_word' id='word_1_596' title='bbox 2055 3570 2489 3627; x_wconf 80' lang='lat' dir='ltr'><strong>demonstratio?</strong></span> <span class='ocrx_word' id='word_1_597' title='bbox 2540 3588 2558 3621; x_wconf 75' lang='grc' dir='ltr'><strong>ι</strong></span> <span class='ocrx_word' id='word_1_598' title='bbox 2582 3568 2639 3623; x_wconf 83' lang='lat' dir='ltr'><strong>In</strong></span> <span class='ocrx_word' id='word_1_599' title='bbox 2690 3566 3162 3627; x_wconf 87' lang='lat' dir='ltr'><strong>consummatione</strong></span> <span class='ocrx_word' id='word_1_600' title='bbox 3192 3571 3248 3618; x_wconf 87' lang='lat' dir='ltr'><strong>et</strong></span> <span class='ocrx_word' id='word_1_601' title='bbox 3283 3560 3338 3615; x_wconf 91' lang='lat' dir='ltr'><strong>in</strong></span> <span class='ocrx_word' id='word_1_602' title='bbox 3368 3572 3619 3614; x_wconf 84' lang='lat' dir='ltr'><strong>commo-</strong></span> 
     </span>
    </p>
   </div>
   <div class='ocr_carea' id='block_1_81' title="bbox 2056 3648 3622 3731">
    <p class='ocr_par' dir='ltr' id='par_1_81' title="bbox 2056 3648 3622 3731">
     <span class='ocr_line' id='line_1_81' title="bbox 2056 3648 3622 3731; baseline -0.01 -15"><span class='ocrx_word' id='word_1_603' title='bbox 2056 3663 2205 3716; x_wconf 90' lang='lat' dir='ltr'><strong>tione</strong></span> <span class='ocrx_word' id='word_1_604' title='bbox 2225 3661 2310 3715; x_wconf 89' lang='lat' dir='ltr'><strong>via</strong></span> <span class='ocrx_word' id='word_1_605' title='bbox 2341 3660 2481 3731; x_wconf 84' lang='lat' dir='ltr'><strong>ejus.</strong></span> <span class='ocrx_word' id='word_1_606' title='bbox 2508 3678 2528 3712; x_wconf 72' lang='grc' dir='ltr'><strong>ι</strong></span> <span class='ocrx_word' id='word_1_607' title='bbox 2563 3659 2717 3714; x_wconf 78' lang='lat' dir='ltr'><strong>Viam</strong></span> <span class='ocrx_word' id='word_1_608' title='bbox 2749 3658 2883 3713; x_wconf 88' lang='lat' dir='ltr'><strong>dicit</strong></span> <span class='ocrx_word' id='word_1_609' title='bbox 2910 3657 3001 3713; x_wconf 92' lang='lat' dir='ltr'><strong>Dei</strong></span> <span class='ocrx_word' id='word_1_610' title='bbox 3033 3663 3253 3711; x_wconf 84' lang='lat' dir='ltr'><strong>actum:</strong></span> <span class='ocrx_word' id='word_1_611' title='bbox 3283 3664 3444 3720; x_wconf 86' lang='lat' dir='ltr'><strong>quam</strong></span> <span class='ocrx_word' id='word_1_612' title='bbox 3476 3648 3622 3703; x_wconf 87' lang='lat' dir='ltr'><strong>loeu-</strong></span> 
     </span>
    </p>
   </div>
   <div class='ocr_carea' id='block_1_82' title="bbox 2057 3739 3624 3819">
    <p class='ocr_par' dir='ltr' id='par_1_82' title="bbox 2057 3739 3624 3819">
     <span class='ocr_line' id='line_1_82' title="bbox 2057 3739 3624 3819; baseline -0.01 -10"><span class='ocrx_word' id='word_1_613' title='bbox 2057 3756 2256 3809; x_wconf 89' lang='lat' dir='ltr'><strong>tionem</strong></span> <span class='ocrx_word' id='word_1_614' title='bbox 2285 3753 2353 3808; x_wconf 91' lang='lat' dir='ltr'><strong>de</strong></span> <span class='ocrx_word' id='word_1_615' title='bbox 2394 3751 2706 3806; x_wconf 90' lang='lat' dir='ltr'><strong>hominibus</strong></span> <span class='ocrx_word' id='word_1_616' title='bbox 2739 3762 2958 3819; x_wconf 89' lang='lat' dir='ltr'><strong>quoque</strong></span> <span class='ocrx_word' id='word_1_617' title='bbox 2985 3761 3125 3815; x_wconf 74' lang='lat' dir='ltr'><strong>saepe</strong></span> <span class='ocrx_word' id='word_1_618' title='bbox 3162 3748 3393 3815; x_wconf 88' lang='lat' dir='ltr'><strong>usurpat</strong></span> <span class='ocrx_word' id='word_1_619' title='bbox 3433 3739 3624 3812; x_wconf 81' lang='lat' dir='ltr'><strong>Scrip-</strong></span> 
     </span>
    </p>
   </div>
   <div class='ocr_carea' id='block_1_83' title="bbox 2057 3835 3625 3912">
    <p class='ocr_par' dir='ltr' id='par_1_83' title="bbox 2057 3835 3625 3912">
     <span class='ocr_line' id='line_1_83' title="bbox 2057 3835 3625 3912; baseline -0.008 -13"><span class='ocrx_word' id='word_1_620' title='bbox 2057 3855 2214 3912; x_wconf 88' lang='lat' dir='ltr'><strong>tura;</strong></span> <span class='ocrx_word' id='word_1_621' title='bbox 2266 3845 2464 3899; x_wconf 88' lang='lat' dir='ltr'><strong>veluti:</strong></span> <span class='ocrx_word' id='word_1_622' title='bbox 2520 3861 2539 3893; x_wconf 72' lang='grc' dir='ltr'><strong>ι</strong></span> <span class='ocrx_word' id='word_1_623' title='bbox 2564 3841 2723 3897; x_wconf 83' lang='lat' dir='ltr'><strong>Novit</strong></span> <span class='ocrx_word' id='word_1_624' title='bbox 2769 3841 3032 3898; x_wconf 88' lang='lat' dir='ltr'><strong>Dominus</strong></span> <span class='ocrx_word' id='word_1_625' title='bbox 3064 3840 3205 3895; x_wconf 88' lang='lat' dir='ltr'><strong>viam</strong></span> <span class='ocrx_word' id='word_1_626' title='bbox 3243 3835 3625 3894; x_wconf 85' lang='lat' dir='ltr'><strong>immaculato-</strong></span> 
     </span>
    </p>
   </div>
   <div class='ocr_carea' id='block_1_84' title="bbox 2058 3929 3622 4001">
    <p class='ocr_par' dir='ltr' id='par_1_84' title="bbox 2058 3929 3622 4001">
     <span class='ocr_line' id='line_1_84' title="bbox 2058 3929 3622 4001; baseline -0.007 -9"><span class='ocrx_word' id='word_1_627' title='bbox 2058 3953 2179 3992; x_wconf 89' lang='lat' dir='ltr'><strong>rum</strong></span> <span class='ocrx_word' id='word_1_628' title='bbox 2205 3937 2267 3991; x_wconf 88' lang='grc'><strong>¹³.</strong></span> <span class='ocrx_word' id='word_1_629' title='bbox 2294 3955 2313 3989; x_wconf 75' lang='grc' dir='ltr'><strong>ι</strong></span> <span class='ocrx_word' id='word_1_630' title='bbox 2347 3935 2458 3990; x_wconf 82' lang='lat' dir='ltr'><strong>Hoc</strong></span> <span class='ocrx_word' id='word_1_631' title='bbox 2489 3934 2609 3989; x_wconf 93' lang='lat' dir='ltr'><strong>loco</strong></span> <span class='ocrx_word' id='word_1_632' title='bbox 2639 3933 2734 4001; x_wconf 87' lang='lat' dir='ltr'><strong>ait,</strong></span> <span class='ocrx_word' id='word_1_633' title='bbox 2750 3935 2852 3990; x_wconf 88' lang='lat' dir='ltr'><strong>sibi</strong></span> <span class='ocrx_word' id='word_1_634' title='bbox 2875 3933 2926 3988; x_wconf 92' lang='lat' dir='ltr'><strong>id</strong></span> <span class='ocrx_word' id='word_1_635' title='bbox 2951 3946 3097 3987; x_wconf 90' lang='lat' dir='ltr'><strong>nunc</strong></span> <span class='ocrx_word' id='word_1_636' title='bbox 3120 3929 3455 4001; x_wconf 90' lang='lat' dir='ltr'><strong>propositum</strong></span> <span class='ocrx_word' id='word_1_637' title='bbox 3478 3941 3622 3988; x_wconf 83' lang='lat' dir='ltr'><strong>esse.</strong></span> 
     </span>
    </p>
   </div>
   <div class='ocr_carea' id='block_1_85' title="bbox 2058 4019 3627 4100">
    <p class='ocr_par' dir='ltr' id='par_1_85' title="bbox 2058 4019 3627 4100">
     <span class='ocr_line' id='line_1_85' title="bbox 2058 4019 3627 4100; baseline -0.008 -15"><span class='ocrx_word' id='word_1_638' title='bbox 2058 4040 2222 4100; x_wconf 90' lang='lat' dir='ltr'><strong>atque</strong></span> <span class='ocrx_word' id='word_1_639' title='bbox 2257 4027 2463 4083; x_wconf 92' lang='lat' dir='ltr'><strong>idcirco</strong></span> <span class='ocrx_word' id='word_1_640' title='bbox 2506 4026 2564 4083; x_wconf 87' lang='lat' dir='ltr'><strong>in</strong></span> <span class='ocrx_word' id='word_1_641' title='bbox 2596 4043 2695 4084; x_wconf 81' lang='lat' dir='ltr'><strong>vos</strong></span> <span class='ocrx_word' id='word_1_642' title='bbox 2731 4041 2910 4088; x_wconf 85' lang='lat' dir='ltr'><strong>ruere,</strong></span> <span class='ocrx_word' id='word_1_643' title='bbox 2931 4036 2989 4080; x_wconf 87' lang='lat' dir='ltr'><strong>ut</strong></span> <span class='ocrx_word' id='word_1_644' title='bbox 3016 4032 3199 4079; x_wconf 84' lang='lat' dir='ltr'><strong>vestra</strong></span> <span class='ocrx_word' id='word_1_645' title='bbox 3224 4019 3408 4075; x_wconf 92' lang='lat' dir='ltr'><strong>omnia</strong></span> <span class='ocrx_word' id='word_1_646' title='bbox 3434 4032 3627 4087; x_wconf 81' lang='lat' dir='ltr'><strong>usque-</strong></span> 
     </span>
    </p>
   </div>
   <div class='ocr_carea' id='block_1_86' title="bbox 2058 4106 3621 4193">
    <p class='ocr_par' dir='ltr' id='par_1_86' title="bbox 2058 4106 3621 4193">
     <span class='ocr_line' id='line_1_86' title="bbox 2058 4106 3621 4193; baseline -0.009 -15"><span class='ocrx_word' id='word_1_647' title='bbox 2058 4136 2272 4193; x_wconf 90' lang='lat' dir='ltr'><strong>quaque</strong></span> <span class='ocrx_word' id='word_1_648' title='bbox 2302 4129 2661 4184; x_wconf 86' lang='lat' dir='ltr'><strong>commoveat,</strong></span> <span class='ocrx_word' id='word_1_649' title='bbox 2683 4118 2945 4187; x_wconf 87' lang='lat' dir='ltr'><strong>vobisque</strong></span> <span class='ocrx_word' id='word_1_650' title='bbox 2970 4115 3195 4170; x_wconf 77' lang='lat' dir='ltr'><strong>exitium</strong></span> <span class='ocrx_word' id='word_1_651' title='bbox 3224 4111 3439 4166; x_wconf 80' lang='lat' dir='ltr'><strong>inferat.</strong></span> <span class='ocrx_word' id='word_1_652' title='bbox 3466 4128 3486 4162; x_wconf 77' lang='grc' dir='ltr'><strong>ι</strong></span> <span class='ocrx_word' id='word_1_653' title='bbox 3510 4106 3621 4164; x_wconf 82' lang='lat' dir='ltr'><strong>Ne-</strong></span> 
     </span>
    </p>
   </div>
   <div class='ocr_carea' id='block_1_87' title="bbox 2059 4198 3617 4285">
    <p class='ocr_par' dir='ltr' id='par_1_87' title="bbox 2059 4198 3617 4285">
     <span class='ocr_line' id='line_1_87' title="bbox 2059 4198 3617 4285; baseline -0.013 -16"><span class='ocrx_word' id='word_1_654' title='bbox 2059 4215 2199 4270; x_wconf 68' lang='lat' dir='ltr'><strong>bulae</strong></span> <span class='ocrx_word' id='word_1_655' title='bbox 2237 4211 2408 4285; x_wconf 86' lang='lat' dir='ltr'><strong>pulvis</strong></span> <span class='ocrx_word' id='word_1_656' title='bbox 2424 4210 2616 4284; x_wconf 89' lang='lat' dir='ltr'><strong>pedum</strong></span> <span class='ocrx_word' id='word_1_657' title='bbox 2634 4211 2766 4281; x_wconf 88' lang='lat' dir='ltr'><strong>ejus.</strong></span> <span class='ocrx_word' id='word_1_658' title='bbox 2786 4226 2807 4262; x_wconf 74' lang='grc' dir='ltr'><strong>ι</strong></span> <span class='ocrx_word' id='word_1_659' title='bbox 2825 4208 3241 4274; x_wconf 86' lang='lat' dir='ltr'><strong>Consequenter,</strong></span> <span class='ocrx_word' id='word_1_660' title='bbox 3257 4201 3381 4274; x_wconf 91' lang='lat' dir='ltr'><strong>quia</strong></span> <span class='ocrx_word' id='word_1_661' title='bbox 3401 4218 3421 4252; x_wconf 76' lang='grc' dir='ltr'><strong>ι</strong></span> <span class='ocrx_word' id='word_1_662' title='bbox 3438 4198 3577 4253; x_wconf 85' lang='lat' dir='ltr'><strong>viam</strong></span> <span class='ocrx_word' id='word_1_663' title='bbox 3597 4217 3617 4248; x_wconf 75' lang='grc' dir='ltr'><strong>ι</strong></span> 
     </span>
    </p>
   </div>
   <div class='ocr_carea' id='block_1_88' title="bbox 2060 4287 3627 4371">
    <p class='ocr_par' dir='ltr' id='par_1_88' title="bbox 2060 4287 3627 4371">
     <span class='ocr_line' id='line_1_88' title="bbox 2060 4287 3627 4371; baseline -0.015 -8"><span class='ocrx_word' id='word_1_664' title='bbox 2060 4307 2291 4371; x_wconf 83' lang='lat' dir='ltr'><strong>dixerat,</strong></span> <span class='ocrx_word' id='word_1_665' title='bbox 2323 4304 2493 4369; x_wconf 88' lang='lat' dir='ltr'><strong>addit,</strong></span> <span class='ocrx_word' id='word_1_666' title='bbox 2542 4300 2800 4359; x_wconf 67' lang='lat' dir='ltr'><strong>«Nebulae</strong></span> <span class='ocrx_word' id='word_1_667' title='bbox 2830 4299 3010 4371; x_wconf 89' lang='lat' dir='ltr'><strong>pulvis</strong></span> <span class='ocrx_word' id='word_1_668' title='bbox 3035 4296 3231 4367; x_wconf 89' lang='lat' dir='ltr'><strong>pedum</strong></span> <span class='ocrx_word' id='word_1_669' title='bbox 3258 4293 3399 4362; x_wconf 88' lang='lat' dir='ltr'><strong>ejus.</strong></span> <span class='ocrx_word' id='word_1_670' title='bbox 3422 4307 3441 4343; x_wconf 72' lang='grc' dir='ltr'><strong>ι</strong></span> <span class='ocrx_word' id='word_1_671' title='bbox 3492 4287 3627 4342; x_wconf 86' lang='lat' dir='ltr'><strong>Nam</strong></span> 
     </span>
    </p>
   </div>
   <div class='ocr_carea' id='block_1_89' title="bbox 2064 4379 3626 4463">
    <p class='ocr_par' dir='ltr' id='par_1_89' title="bbox 2064 4379 3626 4463">
     <span class='ocr_line' id='line_1_89' title="bbox 2064 4379 3626 4463; baseline -0.015 -6"><span class='ocrx_word' id='word_1_672' title='bbox 2064 4400 2228 4457; x_wconf 88' lang='lat' dir='ltr'><strong>sicuti</strong></span> <span class='ocrx_word' id='word_1_673' title='bbox 2262 4396 2458 4453; x_wconf 90' lang='lat' dir='ltr'><strong>accidit</strong></span> <span class='ocrx_word' id='word_1_674' title='bbox 2496 4401 2556 4449; x_wconf 92' lang='lat' dir='ltr'><strong>ut</strong></span> <span class='ocrx_word' id='word_1_675' title='bbox 2594 4393 2643 4449; x_wconf 89' lang='lat' dir='ltr'><strong>is</strong></span> <span class='ocrx_word' id='word_1_676' title='bbox 2676 4393 2769 4463; x_wconf 90' lang='lat' dir='ltr'><strong>qui</strong></span> <span class='ocrx_word' id='word_1_677' title='bbox 2806 4389 2978 4446; x_wconf 87' lang='lat' dir='ltr'><strong>multo</strong></span> <span class='ocrx_word' id='word_1_678' title='bbox 3009 4401 3132 4443; x_wconf 88' lang='lat' dir='ltr'><strong>cum</strong></span> <span class='ocrx_word' id='word_1_679' title='bbox 3167 4385 3371 4453; x_wconf 89' lang='lat' dir='ltr'><strong>impetu</strong></span> <span class='ocrx_word' id='word_1_680' title='bbox 3417 4379 3626 4442; x_wconf 83' lang='lat' dir='ltr'><strong>currit.</strong></span> 
     </span>
    </p>
   </div>
   <div class='ocr_carea' id='block_1_90' title="bbox 393 4470 1951 4562">
    <p class='ocr_par' dir='ltr' id='par_1_90' title="bbox 393 4483 1951 4560">
     <span class='ocr_line' id='line_1_90' title="bbox 393 4483 1951 4560; baseline -0.001 -18"><span class='ocrx_word' id='word_1_681' title='bbox 393 4488 575 4560; x_wconf 84' lang='grc' dir='ltr'>ταιτῷ</span> <span class='ocrx_word' id='word_1_682' title='bbox 601 4488 740 4558; x_wconf 89' lang='grc' dir='ltr'><strong>μετά</strong></span> <span class='ocrx_word' id='word_1_683' title='bbox 755 4487 954 4557; x_wconf 83' lang='grc' dir='ltr'>πολλῆς</span> <span class='ocrx_word' id='word_1_684' title='bbox 982 4483 1219 4557; x_wconf 83' lang='grc' dir='ltr'>ὁρμῶντι</span> <span class='ocrx_word' id='word_1_685' title='bbox 1244 4486 1341 4556; x_wconf 82' lang='grc' dir='ltr'>τῆς</span> <span class='ocrx_word' id='word_1_686' title='bbox 1372 4487 1639 4556; x_wconf 89' lang='grc' dir='ltr'>κινήσεως</span> <span class='ocrx_word' id='word_1_687' title='bbox 1665 4485 1727 4540; x_wconf 86' lang='lat' dir='ltr'><strong>rb</strong></span> <span class='ocrx_word' id='word_1_688' title='bbox 1753 4502 1951 4558; x_wconf 86' lang='grc' dir='ltr'>κονιορ-</span> 
     </span>
    </p>
   </div>
   <div class='ocr_carea' id='block_1_91' title="bbox 2050 4470 3629 4562">
    <p class='ocr_par' dir='ltr' id='par_1_91' title="bbox 2068 4470 3629 4562">
     <span class='ocr_line' id='line_1_91' title="bbox 2068 4470 3629 4562; baseline -0.013 -17"><span class='ocrx_word' id='word_1_689' title='bbox 2068 4491 2345 4562; x_wconf 88' lang='lat' dir='ltr'><strong>pulverem</strong></span> <span class='ocrx_word' id='word_1_690' title='bbox 2378 4490 2436 4543; x_wconf 91' lang='lat' dir='ltr'><strong>in</strong></span> <span class='ocrx_word' id='word_1_691' title='bbox 2472 4487 2689 4541; x_wconf 88' lang='lat' dir='ltr'><strong>incessu</strong></span> <span class='ocrx_word' id='word_1_692' title='bbox 2726 4482 2954 4538; x_wconf 88' lang='lat' dir='ltr'><strong>excitet:</strong></span> <span class='ocrx_word' id='word_1_693' title='bbox 2978 4479 3055 4533; x_wconf 82' lang='lat' dir='ltr'><strong>ita</strong></span> <span class='ocrx_word' id='word_1_694' title='bbox 3073 4475 3407 4538; x_wconf 87' lang='lat' dir='ltr'><strong>divinorum,</strong></span> <span class='ocrx_word' id='word_1_695' title='bbox 3429 4470 3629 4562; x_wconf 80' lang='lat' dir='ltr'><strong>inquit,</strong></span> 
     </span>
    </p>
   </div>
   <div class='ocr_carea' id='block_1_92' title="bbox 395 4578 1971 4650">
    <p class='ocr_par' dir='ltr' id='par_1_92' title="bbox 395 4578 1971 4650">
     <span class='ocr_line' id='line_1_92' title="bbox 395 4578 1971 4650; baseline -0.002 -16"><span class='ocrx_word' id='word_1_696' title='bbox 395 4582 490 4634; x_wconf 78' lang='grc' dir='ltr'>τὸν</span> <span class='ocrx_word' id='word_1_697' title='bbox 525 4580 803 4649; x_wconf 74' lang='grc' dir='ltr'>βαδίζοντα</span> <span class='ocrx_word' id='word_1_698' title='bbox 826 4582 1014 4642; x_wconf 85' lang='grc' dir='ltr'>κινεῖν,</span> <span class='ocrx_word' id='word_1_699' title='bbox 1035 4578 1261 4642; x_wconf 89' lang='grc' dir='ltr'>Τούτου,</span> <span class='ocrx_word' id='word_1_700' title='bbox 1297 4579 1451 4650; x_wconf 61' lang='grc' dir='ltr'>φησι,</span> <span class='ocrx_word' id='word_1_701' title='bbox 1481 4580 1753 4650; x_wconf 81' lang='grc' dir='ltr'>κονιορτὸς</span> <span class='ocrx_word' id='word_1_702' title='bbox 1796 4579 1971 4632; x_wconf 88' lang='grc' dir='ltr'>ποδῶν</span> 
     </span>
    </p>
   </div>
   <div class='ocr_carea' id='block_1_93' title="bbox 398 4667 1971 4741">
    <p class='ocr_par' dir='ltr' id='par_1_93' title="bbox 398 4667 1971 4741">
     <span class='ocr_line' id='line_1_93' title="bbox 398 4667 1971 4741; baseline -0.003 -17"><span class='ocrx_word' id='word_1_703' title='bbox 398 4674 454 4724; x_wconf 81' lang='grc' dir='ltr'><strong>σί</strong></span> <span class='ocrx_word' id='word_1_704' title='bbox 483 4669 704 4740; x_wconf 85' lang='grc' dir='ltr'>νεφέλαι</span> <span class='ocrx_word' id='word_1_705' title='bbox 723 4684 737 4700; x_wconf 73' lang='grc' dir='ltr'><strong>ο</strong></span> <span class='ocrx_word' id='word_1_706' title='bbox 769 4670 856 4723; x_wconf 80' lang='grc' dir='ltr'>ἵνα</span> <span class='ocrx_word' id='word_1_707' title='bbox 884 4667 1122 4741; x_wconf 78' lang='grc' dir='ltr'>εἷπῃ,ὃτι</span> <span class='ocrx_word' id='word_1_708' title='bbox 1173 4668 1389 4741; x_wconf 80' lang='grc' dir='ltr'>Ὀρμῶν</span> <span class='ocrx_word' id='word_1_709' title='bbox 1416 4670 1497 4737; x_wconf 82' lang='grc' dir='ltr'>ἐφ’</span> <span class='ocrx_word' id='word_1_710' title='bbox 1520 4670 1681 4739; x_wconf 82' lang='grc' dir='ltr'>ὑμᾶς,</span> <span class='ocrx_word' id='word_1_711' title='bbox 1715 4668 1804 4723; x_wconf 83' lang='grc' dir='ltr'><strong>τὸν</strong></span> <span class='ocrx_word' id='word_1_712' title='bbox 1832 4668 1971 4740; x_wconf 88' lang='grc' dir='ltr'>ἀέρα</span> 
     </span>
    </p>
   </div>
   <div class='ocr_carea' id='block_1_94' title="bbox 400 4757 1971 4831">
    <p class='ocr_par' dir='ltr' id='par_1_94' title="bbox 400 4757 1971 4831">
     <span class='ocr_line' id='line_1_94' title="bbox 400 4757 1971 4831; baseline -0.001 -18"><span class='ocrx_word' id='word_1_713' title='bbox 400 4762 575 4815; x_wconf 72' lang='grc' dir='ltr'>πάντα</span> <span class='ocrx_word' id='word_1_714' title='bbox 598 4759 887 4830; x_wconf 82' lang='grc' dir='ltr'>καθ’ύμῶν</span> <span class='ocrx_word' id='word_1_715' title='bbox 915 4759 1235 4831; x_wconf 87' lang='grc' dir='ltr'>συστρέφει·</span> <span class='ocrx_word' id='word_1_716' title='bbox 1266 4779 1283 4812; x_wconf 82' lang='grc' dir='ltr'><strong>ι</strong></span> <span class='ocrx_word' id='word_1_717' title='bbox 1328 4758 1587 4812; x_wconf 82' lang='grc' dir='ltr'>Ἀπειλῶν</span> <span class='ocrx_word' id='word_1_718' title='bbox 1610 4757 1851 4830; x_wconf 79' lang='grc' dir='ltr'>θαλάσσῃ</span> <span class='ocrx_word' id='word_1_719' title='bbox 1877 4758 1971 4811; x_wconf 78' lang='grc' dir='ltr'>καὶ</span> 
     </span>
    </p>
   </div>
   <div class='ocr_carea' id='block_1_95' title="bbox 404 4850 1963 4924">
    <p class='ocr_par' dir='ltr' id='par_1_95' title="bbox 404 4850 1963 4924">
     <span class='ocr_line' id='line_1_95' title="bbox 404 4850 1963 4924; baseline -0.001 -18"><span class='ocrx_word' id='word_1_720' title='bbox 404 4854 469 4922; x_wconf 81' lang='grc' dir='ltr'>ξη</span> <span class='ocrx_word' id='word_1_721' title='bbox 477 4854 669 4924; x_wconf 85' lang='grc' dir='ltr'>ραίνων</span> <span class='ocrx_word' id='word_1_722' title='bbox 686 4851 973 4922; x_wconf 72' lang='grc' dir='ltr'>αὑτὴν,καὶ</span> <span class='ocrx_word' id='word_1_723' title='bbox 983 4853 1188 4917; x_wconf 79' lang='grc' dir='ltr'>πάντας</span> <span class='ocrx_word' id='word_1_724' title='bbox 1203 4852 1328 4915; x_wconf 71' lang='grc' dir='ltr'>τοὺς</span> <span class='ocrx_word' id='word_1_725' title='bbox 1344 4852 1620 4921; x_wconf 82' lang='grc' dir='ltr'>ποταμοὺς</span> <span class='ocrx_word' id='word_1_726' title='bbox 1632 4850 1715 4916; x_wconf 83' lang='grc' dir='ltr'>ἐξε</span> <span class='ocrx_word' id='word_1_727' title='bbox 1722 4870 1788 4923; x_wconf 88' lang='grc' dir='ltr'><strong>ρη</strong></span> <span class='ocrx_word' id='word_1_728' title='bbox 1796 4852 1930 4922; x_wconf 89' lang='grc' dir='ltr'>μῶν.</span> <span class='ocrx_word' id='word_1_729' title='bbox 1943 4868 1963 4904; x_wconf 73' lang='grc' dir='ltr'><strong>ι</strong></span> 
     </span>
    </p>
   </div>
   <div class='ocr_carea' id='block_1_96' title="bbox 401 4940 1969 5015">
    <p class='ocr_par' dir='ltr' id='par_1_96' title="bbox 401 4940 1969 5015">
     <span class='ocr_line' id='line_1_96' title="bbox 401 4940 1969 5015; baseline -0.001 -19"><span class='ocrx_word' id='word_1_730' title='bbox 401 4943 692 5015; x_wconf 71' lang='grc' dir='ltr'>Αὐτάρκης</span> <span class='ocrx_word' id='word_1_731' title='bbox 712 4941 766 4996; x_wconf 84' lang='grc' dir='ltr'>δὲ</span> <span class='ocrx_word' id='word_1_732' title='bbox 791 4942 885 4995; x_wconf 79' lang='grc' dir='ltr'>καὶ</span> <span class='ocrx_word' id='word_1_733' title='bbox 918 4943 1052 5013; x_wconf 82' lang='grc' dir='ltr'>μόνῃ</span> <span class='ocrx_word' id='word_1_734' title='bbox 1076 4944 1224 5013; x_wconf 79' lang='grc' dir='ltr'>φωνῇ</span> <span class='ocrx_word' id='word_1_735' title='bbox 1254 4940 1526 4995; x_wconf 80' lang='grc' dir='ltr'>θάλασσάν</span> <span class='ocrx_word' id='word_1_736' title='bbox 1541 4958 1599 4993; x_wconf 89' lang='grc' dir='ltr'><strong>τε</strong></span> <span class='ocrx_word' id='word_1_737' title='bbox 1621 4940 1847 5012; x_wconf 78' lang='grc' dir='ltr'>ξηρᾶναι</span> <span class='ocrx_word' id='word_1_738' title='bbox 1875 4942 1969 4995; x_wconf 73' lang='grc' dir='ltr'>καὶ</span> 
     </span>
    </p>
   </div>
   <div class='ocr_carea' id='block_1_97' title="bbox 407 5033 1970 5106">
    <p class='ocr_par' dir='ltr' id='par_1_97' title="bbox 407 5033 1970 5106">
     <span class='ocr_line' id='line_1_97' title="bbox 407 5033 1970 5106; baseline 0.002 -20"><span class='ocrx_word' id='word_1_739' title='bbox 407 5037 682 5106; x_wconf 76' lang='grc' dir='ltr'>ποταμοὺς</span> <span class='ocrx_word' id='word_1_740' title='bbox 699 5036 794 5088; x_wconf 75' lang='grc' dir='ltr'>σὺν</span> <span class='ocrx_word' id='word_1_741' title='bbox 812 5034 1014 5106; x_wconf 75' lang='grc' dir='ltr'>ἐκείνη,</span> <span class='ocrx_word' id='word_1_742' title='bbox 1045 5034 1219 5105; x_wconf 87' lang='grc' dir='ltr'>δηλῶν</span> <span class='ocrx_word' id='word_1_743' title='bbox 1248 5036 1329 5088; x_wconf 85' lang='grc' dir='ltr'><strong>δτι</strong></span> <span class='ocrx_word' id='word_1_744' title='bbox 1358 5033 1530 5097; x_wconf 70' lang='grc' dir='ltr'>οὐδεὶς</span> <span class='ocrx_word' id='word_1_745' title='bbox 1554 5033 1710 5097; x_wconf 86' lang='grc' dir='ltr'>πόνος</span> <span class='ocrx_word' id='word_1_746' title='bbox 1733 5033 1880 5105; x_wconf 83' lang='grc' dir='ltr'><strong>αύτῷ</strong></span> <span class='ocrx_word' id='word_1_747' title='bbox 1909 5034 1970 5089; x_wconf 83' lang='lat' dir='ltr'><strong>rb</strong></span> 
     </span>
    </p>
   </div>
   <div class='ocr_carea' id='block_1_98' title="bbox 410 5125 1969 5198">
    <p class='ocr_par' dir='ltr' id='par_1_98' title="bbox 410 5125 1969 5198">
     <span class='ocr_line' id='line_1_98' title="bbox 410 5125 1969 5198; baseline 0.001 -20"><span class='ocrx_word' id='word_1_748' title='bbox 410 5127 669 5198; x_wconf 78' lang='grc' dir='ltr'>ὑμέτερον</span> <span class='ocrx_word' id='word_1_749' title='bbox 687 5127 937 5197; x_wconf 88' lang='grc' dir='ltr'>σύστημα</span> <span class='ocrx_word' id='word_1_750' title='bbox 962 5128 1054 5180; x_wconf 72' lang='grc' dir='ltr'>καὶ</span> <span class='ocrx_word' id='word_1_751' title='bbox 1070 5127 1128 5181; x_wconf 92' lang='lat' dir='ltr'><strong>rb</strong></span> <span class='ocrx_word' id='word_1_752' title='bbox 1156 5126 1356 5197; x_wconf 85' lang='grc' dir='ltr'>πλῆθος</span> <span class='ocrx_word' id='word_1_753' title='bbox 1370 5126 1432 5179; x_wconf 88' lang='lat' dir='ltr'><strong>rb</strong></span> <span class='ocrx_word' id='word_1_754' title='bbox 1460 5126 1587 5197; x_wconf 84' lang='grc' dir='ltr'>παρ’</span> <span class='ocrx_word' id='word_1_755' title='bbox 1607 5126 1735 5195; x_wconf 79' lang='grc' dir='ltr'>ὑμῖν</span> <span class='ocrx_word' id='word_1_756' title='bbox 1762 5125 1969 5180; x_wconf 87' lang='grc' dir='ltr'>ἀνελεῖν</span> 
     </span>
    </p>
   </div>
   <div class='ocr_carea' id='block_1_99' title="bbox 411 5213 1973 5290">
    <p class='ocr_par' dir='ltr' id='par_1_99' title="bbox 411 5213 1973 5290">
     <span class='ocr_line' id='line_1_99' title="bbox 411 5213 1973 5290; baseline 0.001 -19"><span class='ocrx_word' id='word_1_757' title='bbox 411 5217 739 5288; x_wconf 79' lang='grc' dir='ltr'>βουληθέντι.</span> <span class='ocrx_word' id='word_1_758' title='bbox 769 5213 899 5271; x_wconf 80' lang='grc' dir='ltr'>Εἶτα</span> <span class='ocrx_word' id='word_1_759' title='bbox 922 5219 1016 5271; x_wconf 86' lang='grc' dir='ltr'><strong>καί</strong></span> <span class='ocrx_word' id='word_1_760' title='bbox 1027 5217 1119 5271; x_wconf 87' lang='grc' dir='ltr'><strong>τοῦ</strong></span> <span class='ocrx_word' id='word_1_761' title='bbox 1138 5218 1419 5286; x_wconf 85' lang='grc' dir='ltr'>γινομένου</span> <span class='ocrx_word' id='word_1_762' title='bbox 1436 5217 1533 5287; x_wconf 81' lang='grc' dir='ltr'><strong>τὴν</strong></span> <span class='ocrx_word' id='word_1_763' title='bbox 1548 5216 1816 5282; x_wconf 82' lang='grc' dir='ltr'>ἀπόδειξιν</span> <span class='ocrx_word' id='word_1_764' title='bbox 1832 5235 1973 5290; x_wconf 79' lang='grc' dir='ltr'>παρ·</span> 
     </span>
    </p>
   </div>
   <div class='ocr_carea' id='block_1_100' title="bbox 409 5307 1968 5381">
    <p class='ocr_par' dir='ltr' id='par_1_100' title="bbox 409 5307 1968 5381">
     <span class='ocr_line' id='line_1_100' title="bbox 409 5307 1968 5381; baseline 0.001 -19"><span class='ocrx_word' id='word_1_765' title='bbox 409 5311 683 5380; x_wconf 78' lang='grc' dir='ltr'>εχόμενος’</span> <span class='ocrx_word' id='word_1_766' title='bbox 707 5327 726 5360; x_wconf 71' lang='grc' dir='ltr'><strong>ι</strong></span> <span class='ocrx_word' id='word_1_767' title='bbox 747 5307 1006 5380; x_wconf 85' lang='grc' dir='ltr'>Ὠλιγώθη</span> <span class='ocrx_word' id='word_1_768' title='bbox 1038 5311 1071 5381; x_wconf 80' lang='grc' dir='ltr'>ἡ</span> <span class='ocrx_word' id='word_1_769' title='bbox 1098 5310 1377 5373; x_wconf 81' lang='grc' dir='ltr'>Βασανῖτις</span> <span class='ocrx_word' id='word_1_770' title='bbox 1389 5309 1480 5363; x_wconf 84' lang='grc' dir='ltr'>καὶ</span> <span class='ocrx_word' id='word_1_771' title='bbox 1509 5309 1538 5362; x_wconf 81' lang='grc' dir='ltr'><strong>ὁ</strong></span> <span class='ocrx_word' id='word_1_772' title='bbox 1560 5307 1873 5380; x_wconf 80' lang='grc' dir='ltr'>Κάρμηλος,</span> <span class='ocrx_word' id='word_1_773' title='bbox 1894 5309 1968 5381; x_wconf 89' lang='lat' dir='ltr'><strong>(p.</strong></span> 
     </span>
    </p>
   </div>
   <div class='ocr_carea' id='block_1_101' title="bbox 408 5398 1967 5469">
    <p class='ocr_par' dir='ltr' id='par_1_101' title="bbox 408 5398 1967 5469">
     <span class='ocr_line' id='line_1_101' title="bbox 408 5398 1967 5469; baseline 0 -14"><span class='ocrx_word' id='word_1_774' title='bbox 408 5401 537 5469; x_wconf 73' lang='lat'><strong>332)</strong></span> <span class='ocrx_word' id='word_1_775' title='bbox 564 5401 660 5453; x_wconf 79' lang='grc' dir='ltr'>καὶ</span> <span class='ocrx_word' id='word_1_776' title='bbox 685 5400 862 5453; x_wconf 82' lang='grc' dir='ltr'>πάντα</span> <span class='ocrx_word' id='word_1_777' title='bbox 881 5401 951 5453; x_wconf 81' lang='grc' dir='ltr'><strong>τά</strong></span> <span class='ocrx_word' id='word_1_778' title='bbox 978 5398 1302 5465; x_wconf 76' lang='grc' dir='ltr'>ἐξανθοῦντα</span> <span class='ocrx_word' id='word_1_779' title='bbox 1329 5401 1424 5454; x_wconf 89' lang='grc' dir='ltr'><strong>τοῦ</strong></span> <span class='ocrx_word' id='word_1_780' title='bbox 1440 5400 1671 5455; x_wconf 85' lang='grc' dir='ltr'>Λιϐἀνου</span> <span class='ocrx_word' id='word_1_781' title='bbox 1692 5400 1935 5467; x_wconf 82' lang='grc' dir='ltr'>ἐξέλιπεν</span> <span class='ocrx_word' id='word_1_782' title='bbox 1953 5418 1967 5433; x_wconf 76' lang='grc' dir='ltr'><strong>ο</strong></span> 
     </span>
    </p>
   </div>
   <div class='ocr_carea' id='block_1_102' title="bbox 412 5486 1967 5563">
    <p class='ocr_par' dir='ltr' id='par_1_102' title="bbox 412 5486 1967 5563">
     <span class='ocr_line' id='line_1_102' title="bbox 412 5486 1967 5563; baseline -0.003 -18"><span class='ocrx_word' id='word_1_783' title='bbox 412 5491 483 5545; x_wconf 72' lang='grc' dir='ltr'><strong>τὰ</strong></span> <span class='ocrx_word' id='word_1_784' title='bbox 514 5491 614 5563; x_wconf 83' lang='grc' dir='ltr'><strong>δρη</strong></span> <span class='ocrx_word' id='word_1_785' title='bbox 636 5489 854 5560; x_wconf 80' lang='grc' dir='ltr'>ἐσείσθη</span> <span class='ocrx_word' id='word_1_786' title='bbox 881 5491 976 5545; x_wconf 79' lang='grc' dir='ltr'><strong>ἀπ’</strong></span> <span class='ocrx_word' id='word_1_787' title='bbox 1000 5490 1187 5557; x_wconf 81' lang='grc' dir='ltr'>αὑτοῦ,</span> <span class='ocrx_word' id='word_1_788' title='bbox 1220 5488 1315 5541; x_wconf 75' lang='grc' dir='ltr'>καὶ</span> <span class='ocrx_word' id='word_1_789' title='bbox 1333 5489 1381 5541; x_wconf 88' lang='grc' dir='ltr'><strong>οί</strong></span> <span class='ocrx_word' id='word_1_790' title='bbox 1400 5486 1571 5557; x_wconf 62' lang='grc' dir='ltr'>βουνοί</span> <span class='ocrx_word' id='word_1_791' title='bbox 1586 5486 1967 5560; x_wconf 81' lang='grc' dir='ltr'>ἐσαλεύθησαν,</span> 
     </span>
    </p>
   </div>
   <div class='ocr_carea' id='block_1_103' title="bbox 416 5579 1973 5656">
    <p class='ocr_par' dir='ltr' id='par_1_103' title="bbox 416 5579 1973 5656">
     <span class='ocr_line' id='line_1_103' title="bbox 416 5579 1973 5656; baseline 0 -19"><span class='ocrx_word' id='word_1_792' title='bbox 416 5581 513 5637; x_wconf 75' lang='grc' dir='ltr'>καὶ</span> <span class='ocrx_word' id='word_1_793' title='bbox 565 5579 830 5652; x_wconf 76' lang='grc' dir='ltr'>ἀνεστάλη</span> <span class='ocrx_word' id='word_1_794' title='bbox 867 5582 900 5653; x_wconf 83' lang='grc' dir='ltr'><strong>ή</strong></span> <span class='ocrx_word' id='word_1_795' title='bbox 935 5582 1003 5654; x_wconf 81' lang='grc' dir='ltr'>γῆ</span> <span class='ocrx_word' id='word_1_796' title='bbox 1033 5582 1143 5639; x_wconf 82' lang='grc' dir='ltr'><strong>ἀπὸ</strong></span> <span class='ocrx_word' id='word_1_797' title='bbox 1183 5582 1531 5656; x_wconf 76' lang='grc' dir='ltr'>προσώπουή</span> <span class='ocrx_word' id='word_1_798' title='bbox 1578 5582 1856 5654; x_wconf 86' lang='grc' dir='ltr'>σύμπασα,</span> <span class='ocrx_word' id='word_1_799' title='bbox 1878 5582 1973 5638; x_wconf 77' lang='grc' dir='ltr'>καὶ</span> 
     </span>
    </p>
   </div>
   <div class='ocr_carea' id='block_1_104' title="bbox 500 5759 1652 5827">
    <p class='ocr_par' dir='ltr' id='par_1_104' title="bbox 500 5759 1652 5827">
     <span class='ocr_line' id='line_1_104' title="bbox 500 5759 1652 5827; baseline -0.006 -7"><span class='ocrx_word' id='word_1_800' title='bbox 500 5764 541 5796; x_wconf 82' lang='grc'><strong>¹¹</strong></span> <span class='ocrx_word' id='word_1_801' title='bbox 575 5760 728 5819; x_wconf 82' lang='lat' dir='ltr'><strong>Deut.</strong></span> <span class='ocrx_word' id='word_1_802' title='bbox 753 5777 923 5827; x_wconf 85' lang='lat' dir='ltr'><strong>xxxu,</strong></span> <span class='ocrx_word' id='word_1_803' title='bbox 965 5759 1044 5817; x_wconf 84' lang='lat' dir='ltr'><strong>l9.</strong></span> <span class='ocrx_word' id='word_1_804' title='bbox 1124 5762 1165 5794; x_wconf 82' lang='lat'>&quot;</span> <span class='ocrx_word' id='word_1_805' title='bbox 1192 5761 1329 5819; x_wconf 80' lang='lat' dir='ltr'><strong>Psal.</strong></span> <span class='ocrx_word' id='word_1_806' title='bbox 1355 5775 1534 5826; x_wconf 71' lang='lat' dir='ltr'><strong>xxxvi,</strong></span> <span class='ocrx_word' id='word_1_807' title='bbox 1572 5759 1652 5814; x_wconf 82' lang='lat'><strong>18.</strong></span> 
     </span>
    </p>
   </div>
   <div class='ocr_carea' id='block_1_105' title="bbox 2067 4561 3632 4651">
    <p class='ocr_par' dir='ltr' id='par_1_105' title="bbox 2067 4561 3632 4651">
     <span class='ocr_line' id='line_1_105' title="bbox 2067 4561 3632 4651; baseline -0.012 -17"><span class='ocrx_word' id='word_1_808' title='bbox 2067 4561 2262 4651; x_wconf 79' lang='lat' dir='ltr'><strong>pedum</strong></span> <span class='ocrx_word' id='word_1_809' title='bbox 2294 4579 2471 4650; x_wconf 89' lang='lat' dir='ltr'><strong>pulvis</strong></span> <span class='ocrx_word' id='word_1_810' title='bbox 2502 4576 2711 4633; x_wconf 64' lang='lat' dir='ltr'><strong>nebulae</strong></span> <span class='ocrx_word' id='word_1_811' title='bbox 2741 4580 2889 4629; x_wconf 88' lang='lat' dir='ltr'><strong>sunt.</strong></span> <span class='ocrx_word' id='word_1_812' title='bbox 2923 4569 3127 4640; x_wconf 85' lang='lat' dir='ltr'><strong>Nempe</strong></span> <span class='ocrx_word' id='word_1_813' title='bbox 3154 4565 3426 4638; x_wconf 74' lang='lat' dir='ltr'><strong>signiﬁcat</strong></span> <span class='ocrx_word' id='word_1_814' title='bbox 3456 4579 3487 4618; x_wconf 87' lang='lat' dir='ltr'><strong>a</strong></span> <span class='ocrx_word' id='word_1_815' title='bbox 3520 4561 3632 4618; x_wconf 87' lang='lat' dir='ltr'><strong>Deo</strong></span> 
     </span>
    </p>
   </div>
   <div class='ocr_carea' id='block_1_106' title="bbox 2068 4662 3635 4729">
    <p class='ocr_par' dir='ltr' id='par_1_106' title="bbox 2068 4662 3635 4729">
     <span class='ocr_line' id='line_1_106' title="bbox 2068 4662 3635 4729; baseline -0.015 0"><span class='ocrx_word' id='word_1_816' title='bbox 2068 4676 2123 4729; x_wconf 90' lang='lat' dir='ltr'><strong>in</strong></span> <span class='ocrx_word' id='word_1_817' title='bbox 2173 4689 2267 4729; x_wconf 86' lang='lat' dir='ltr'><strong>vos</strong></span> <span class='ocrx_word' id='word_1_818' title='bbox 2312 4674 2553 4727; x_wconf 87' lang='lat' dir='ltr'><strong>irruente</strong></span> <span class='ocrx_word' id='word_1_819' title='bbox 2599 4666 2916 4721; x_wconf 88' lang='lat' dir='ltr'><strong>universum</strong></span> <span class='ocrx_word' id='word_1_820' title='bbox 2956 4676 3134 4717; x_wconf 87' lang='lat' dir='ltr'><strong>aerem</strong></span> <span class='ocrx_word' id='word_1_821' title='bbox 3181 4668 3372 4714; x_wconf 87' lang='lat' dir='ltr'><strong>contra</strong></span> <span class='ocrx_word' id='word_1_822' title='bbox 3421 4662 3635 4711; x_wconf 87' lang='lat' dir='ltr'><strong>vosmet</strong></span> 
     </span>
    </p>
   </div>
   <div class='ocr_carea' id='block_1_107' title="bbox 2066 4750 3633 4823">
    <p class='ocr_par' dir='ltr' id='par_1_107' title="bbox 2066 4750 3633 4823">
     <span class='ocr_line' id='line_1_107' title="bbox 2066 4750 3633 4823; baseline -0.015 -3"><span class='ocrx_word' id='word_1_823' title='bbox 2066 4762 2336 4821; x_wconf 86' lang='lat' dir='ltr'><strong>convolvi.</strong></span> <span class='ocrx_word' id='word_1_824' title='bbox 2393 4780 2411 4815; x_wconf 76' lang='grc' dir='ltr'><strong>ι</strong></span> <span class='ocrx_word' id='word_1_825' title='bbox 2436 4761 2690 4816; x_wconf 79' lang='lat' dir='ltr'><strong>Minitans</strong></span> <span class='ocrx_word' id='word_1_826' title='bbox 2723 4755 2891 4822; x_wconf 88' lang='lat' dir='ltr'><strong>mari,</strong></span> <span class='ocrx_word' id='word_1_827' title='bbox 2937 4752 3178 4823; x_wconf 88' lang='lat' dir='ltr'><strong>illudque</strong></span> <span class='ocrx_word' id='word_1_828' title='bbox 3226 4750 3545 4811; x_wconf 82' lang='lat' dir='ltr'><strong>exsiccans,</strong></span> <span class='ocrx_word' id='word_1_829' title='bbox 3577 4753 3633 4799; x_wconf 90' lang='lat' dir='ltr'><strong>et</strong></span> 
     </span>
    </p>
   </div>
   <div class='ocr_carea' id='block_1_108' title="bbox 2066 4836 3632 4916">
    <p class='ocr_par' dir='ltr' id='par_1_108' title="bbox 2066 4836 3632 4916">
     <span class='ocr_line' id='line_1_108' title="bbox 2066 4836 3632 4916; baseline -0.014 -5"><span class='ocrx_word' id='word_1_830' title='bbox 2066 4857 2285 4913; x_wconf 84' lang='lat' dir='ltr'><strong>ﬂumina</strong></span> <span class='ocrx_word' id='word_1_831' title='bbox 2318 4864 2513 4911; x_wconf 89' lang='lat' dir='ltr'><strong>cuncta</strong></span> <span class='ocrx_word' id='word_1_832' title='bbox 2529 4853 2840 4907; x_wconf 88' lang='lat' dir='ltr'><strong>devastans.</strong></span> <span class='ocrx_word' id='word_1_833' title='bbox 2868 4867 2886 4899; x_wconf 75' lang='grc' dir='ltr'><strong>ι</strong></span> <span class='ocrx_word' id='word_1_834' title='bbox 2912 4846 3015 4913; x_wconf 86' lang='lat' dir='ltr'><strong>Qui</strong></span> <span class='ocrx_word' id='word_1_835' title='bbox 3038 4850 3214 4916; x_wconf 81' lang='lat' dir='ltr'><strong>potest</strong></span> <span class='ocrx_word' id='word_1_836' title='bbox 3234 4840 3441 4898; x_wconf 87' lang='lat' dir='ltr'><strong>scilicet</strong></span> <span class='ocrx_word' id='word_1_837' title='bbox 3469 4836 3632 4891; x_wconf 84' lang='lat' dir='ltr'><strong>unius</strong></span> 
     </span>
    </p>
   </div>
   <div class='ocr_carea' id='block_1_109' title="bbox 2065 4926 3634 5021">
    <p class='ocr_par' dir='ltr' id='par_1_109' title="bbox 2065 4926 3634 5021">
     <span class='ocr_line' id='line_1_109' title="bbox 2065 4926 3634 5021; baseline -0.015 -17"><span class='ocrx_word' id='word_1_838' title='bbox 2065 4965 2168 5021; x_wconf 85' lang='lat' dir='ltr'><strong>0pc</strong></span> <span class='ocrx_word' id='word_1_839' title='bbox 2189 4948 2340 5003; x_wconf 90' lang='lat' dir='ltr'><strong>vocis</strong></span> <span class='ocrx_word' id='word_1_840' title='bbox 2366 4961 2517 5001; x_wconf 90' lang='lat' dir='ltr'><strong>mare</strong></span> <span class='ocrx_word' id='word_1_841' title='bbox 2541 4943 2843 5012; x_wconf 81' lang='lat' dir='ltr'><strong>ﬂuviosque</strong></span> <span class='ocrx_word' id='word_1_842' title='bbox 2868 4939 3070 5011; x_wconf 88' lang='lat' dir='ltr'><strong>pariter</strong></span> <span class='ocrx_word' id='word_1_843' title='bbox 3091 4934 3390 4991; x_wconf 81' lang='lat' dir='ltr'><strong>exsiccare.</strong></span> <span class='ocrx_word' id='word_1_844' title='bbox 3421 4926 3634 4993; x_wconf 87' lang='lat' dir='ltr'><strong>Quibus</strong></span> 
     </span>
    </p>
   </div>
   <div class='ocr_carea' id='block_1_110' title="bbox 2064 5025 3633 5105">
    <p class='ocr_par' dir='ltr' id='par_1_110' title="bbox 2064 5025 3633 5105">
     <span class='ocr_line' id='line_1_110' title="bbox 2064 5025 3633 5105; baseline -0.017 -8"><span class='ocrx_word' id='word_1_845' title='bbox 2064 5042 2250 5097; x_wconf 90' lang='lat' dir='ltr'><strong>verbis</strong></span> <span class='ocrx_word' id='word_1_846' title='bbox 2294 5039 2437 5095; x_wconf 88' lang='lat' dir='ltr'><strong>Deus</strong></span> <span class='ocrx_word' id='word_1_847' title='bbox 2480 5037 2720 5093; x_wconf 84' lang='lat' dir='ltr'><strong>declarat</strong></span> <span class='ocrx_word' id='word_1_848' title='bbox 2770 5030 3027 5105; x_wconf 78' lang='lat' dir='ltr'><strong>perfacile</strong></span> <span class='ocrx_word' id='word_1_849' title='bbox 3076 5026 3179 5082; x_wconf 88' lang='lat' dir='ltr'><strong>sibi</strong></span> <span class='ocrx_word' id='word_1_850' title='bbox 3219 5037 3343 5079; x_wconf 87' lang='lat' dir='ltr'><strong>esse</strong></span> <span class='ocrx_word' id='word_1_851' title='bbox 3389 5025 3633 5074; x_wconf 85' lang='lat' dir='ltr'><strong>vestrum</strong></span> 
     </span>
    </p>
   </div>
   <div class='ocr_carea' id='block_1_111' title="bbox 2066 5109 3629 5203">
    <p class='ocr_par' dir='ltr' id='par_1_111' title="bbox 2066 5109 3629 5203">
     <span class='ocr_line' id='line_1_111' title="bbox 2066 5109 3629 5203; baseline -0.017 -14"><span class='ocrx_word' id='word_1_852' title='bbox 2066 5133 2322 5203; x_wconf 89' lang='lat' dir='ltr'><strong>populum</strong></span> <span class='ocrx_word' id='word_1_853' title='bbox 2370 5127 2763 5200; x_wconf 86' lang='lat' dir='ltr'><strong>quantumlibet</strong></span> <span class='ocrx_word' id='word_1_854' title='bbox 2815 5136 3045 5183; x_wconf 86' lang='lat' dir='ltr'><strong>numero</strong></span> <span class='ocrx_word' id='word_1_855' title='bbox 3095 5118 3366 5203; x_wconf 80' lang='lat' dir='ltr'><strong>ingentem</strong></span> <span class='ocrx_word' id='word_1_856' title='bbox 3406 5109 3629 5167; x_wconf 85' lang='lat' dir='ltr'><strong>exscin-</strong></span> 
     </span>
    </p>
   </div>
   <div class='ocr_carea' id='block_1_112' title="bbox 2068 5201 3640 5287">
    <p class='ocr_par' dir='ltr' id='par_1_112' title="bbox 2068 5201 3640 5287">
     <span class='ocr_line' id='line_1_112' title="bbox 2068 5201 3640 5287; baseline -0.015 -14"><span class='ocrx_word' id='word_1_857' title='bbox 2068 5201 2217 5282; x_wconf 79' lang='lat' dir='ltr'><strong>dere,</strong></span> <span class='ocrx_word' id='word_1_858' title='bbox 2240 5216 2509 5287; x_wconf 90' lang='lat' dir='ltr'><strong>siquando</strong></span> <span class='ocrx_word' id='word_1_859' title='bbox 2523 5215 2771 5270; x_wconf 87' lang='lat' dir='ltr'><strong>voluerit.</strong></span> <span class='ocrx_word' id='word_1_860' title='bbox 2798 5209 3001 5267; x_wconf 87' lang='lat' dir='ltr'><strong>Deinde</strong></span> <span class='ocrx_word' id='word_1_861' title='bbox 3022 5206 3098 5262; x_wconf 89' lang='lat' dir='ltr'><strong>rei</strong></span> <span class='ocrx_word' id='word_1_862' title='bbox 3115 5213 3276 5272; x_wconf 59' lang='lat' dir='ltr'><strong>gesta!</strong></span> <span class='ocrx_word' id='word_1_863' title='bbox 3294 5201 3640 5256; x_wconf 82' lang='lat' dir='ltr'><strong>demonstra-</strong></span> 
     </span>
    </p>
   </div>
   <div class='ocr_carea' id='block_1_113' title="bbox 2073 5290 3639 5380">
    <p class='ocr_par' dir='ltr' id='par_1_113' title="bbox 2073 5290 3639 5380">
     <span class='ocr_line' id='line_1_113' title="bbox 2073 5290 3639 5380; baseline -0.013 -17"><span class='ocrx_word' id='word_1_864' title='bbox 2073 5312 2275 5364; x_wconf 86' lang='lat' dir='ltr'><strong>tionem</strong></span> <span class='ocrx_word' id='word_1_865' title='bbox 2326 5307 2604 5380; x_wconf 78' lang='lat' dir='ltr'><strong>prol’erens</strong></span> <span class='ocrx_word' id='word_1_866' title='bbox 2640 5325 2653 5362; x_wconf 88' lang='lat'><strong>:</strong></span> <span class='ocrx_word' id='word_1_867' title='bbox 2695 5323 2716 5358; x_wconf 75' lang='grc' dir='ltr'><strong>ι</strong></span> <span class='ocrx_word' id='word_1_868' title='bbox 2752 5303 3037 5359; x_wconf 85' lang='lat' dir='ltr'><strong>Imminuta</strong></span> <span class='ocrx_word' id='word_1_869' title='bbox 3071 5305 3175 5360; x_wconf 91' lang='lat' dir='ltr'><strong>est,</strong></span> <span class='ocrx_word' id='word_1_870' title='bbox 3226 5292 3322 5354; x_wconf 88' lang='lat' dir='ltr'><strong>ait,</strong></span> <span class='ocrx_word' id='word_1_871' title='bbox 3367 5290 3639 5347; x_wconf 85' lang='lat' dir='ltr'><strong>Basanitis</strong></span> 
     </span>
    </p>
   </div>
   <div class='ocr_carea' id='block_1_114' title="bbox 2075 5386 3640 5465">
    <p class='ocr_par' dir='ltr' id='par_1_114' title="bbox 2075 5386 3640 5465">
     <span class='ocr_line' id='line_1_114' title="bbox 2075 5386 3640 5465; baseline -0.012 -8"><span class='ocrx_word' id='word_1_872' title='bbox 2075 5411 2130 5457; x_wconf 87' lang='lat' dir='ltr'><strong>et</strong></span> <span class='ocrx_word' id='word_1_873' title='bbox 2161 5401 2462 5465; x_wconf 89' lang='lat' dir='ltr'><strong>Carmelus,</strong></span> <span class='ocrx_word' id='word_1_874' title='bbox 2496 5409 2549 5455; x_wconf 91' lang='lat' dir='ltr'><strong>et</strong></span> <span class='ocrx_word' id='word_1_875' title='bbox 2580 5397 2759 5454; x_wconf 89' lang='lat' dir='ltr'><strong>omnis</strong></span> <span class='ocrx_word' id='word_1_876' title='bbox 2789 5393 2981 5450; x_wconf 90' lang='lat' dir='ltr'><strong>Libani</strong></span> <span class='ocrx_word' id='word_1_877' title='bbox 3028 5389 3128 5445; x_wconf 82' lang='lat' dir='ltr'><strong>llos</strong></span> <span class='ocrx_word' id='word_1_878' title='bbox 3158 5386 3387 5443; x_wconf 79' lang='lat' dir='ltr'><strong>defecit:</strong></span> <span class='ocrx_word' id='word_1_879' title='bbox 3426 5392 3640 5438; x_wconf 78' lang='lat' dir='ltr'><strong>montes</strong></span> 
     </span>
    </p>
   </div>
   <div class='ocr_carea' id='block_1_115' title="bbox 2078 5472 3640 5554">
    <p class='ocr_par' dir='ltr' id='par_1_115' title="bbox 2078 5472 3640 5554">
     <span class='ocr_line' id='line_1_115' title="bbox 2078 5472 3640 5554; baseline -0.012 -9"><span class='ocrx_word' id='word_1_880' title='bbox 2078 5507 2107 5545; x_wconf 92' lang='lat' dir='ltr'><strong>a</strong></span> <span class='ocrx_word' id='word_1_881' title='bbox 2153 5490 2263 5546; x_wconf 91' lang='lat' dir='ltr'><strong>Deo</strong></span> <span class='ocrx_word' id='word_1_882' title='bbox 2295 5490 2547 5547; x_wconf 89' lang='lat' dir='ltr'><strong>concussi</strong></span> <span class='ocrx_word' id='word_1_883' title='bbox 2579 5488 2799 5544; x_wconf 77' lang='lat' dir='ltr'><strong>fuerunt</strong></span> <span class='ocrx_word' id='word_1_884' title='bbox 2829 5484 3102 5554; x_wconf 85' lang='lat' dir='ltr'><strong>collesque</strong></span> <span class='ocrx_word' id='word_1_885' title='bbox 3139 5475 3428 5535; x_wconf 88' lang='lat' dir='ltr'><strong>commoti:</strong></span> <span class='ocrx_word' id='word_1_886' title='bbox 3480 5472 3640 5529; x_wconf 89' lang='lat' dir='ltr'><strong>tellus</strong></span> 
     </span>
    </p>
   </div>
   <div class='ocr_carea' id='block_1_116' title="bbox 2078 5565 3640 5641">
    <p class='ocr_par' dir='ltr' id='par_1_116' title="bbox 2078 5565 3640 5641">
     <span class='ocr_line' id='line_1_116' title="bbox 2078 5565 3640 5641; baseline -0.015 0"><span class='ocrx_word' id='word_1_887' title='bbox 2078 5598 2262 5641; x_wconf 85' lang='lat' dir='ltr'><strong>coram</strong></span> <span class='ocrx_word' id='word_1_888' title='bbox 2287 5597 2352 5641; x_wconf 88' lang='lat' dir='ltr'><strong>eo</strong></span> <span class='ocrx_word' id='word_1_889' title='bbox 2379 5598 2501 5639; x_wconf 89' lang='lat' dir='ltr'><strong>cum</strong></span> <span class='ocrx_word' id='word_1_890' title='bbox 2526 5578 2737 5639; x_wconf 89' lang='lat' dir='ltr'><strong>colonis</strong></span> <span class='ocrx_word' id='word_1_891' title='bbox 2768 5576 2883 5636; x_wconf 90' lang='lat' dir='ltr'><strong>suis</strong></span> <span class='ocrx_word' id='word_1_892' title='bbox 2904 5574 3133 5632; x_wconf 85' lang='lat' dir='ltr'><strong>inhibita</strong></span> <span class='ocrx_word' id='word_1_893' title='bbox 3155 5578 3258 5630; x_wconf 86' lang='lat' dir='ltr'><strong>est.</strong></span> <span class='ocrx_word' id='word_1_894' title='bbox 3286 5587 3306 5622; x_wconf 74' lang='grc' dir='ltr'><strong>ι</strong></span> <span class='ocrx_word' id='word_1_895' title='bbox 3347 5565 3640 5624; x_wconf 76' lang='lat' dir='ltr'><strong>Enimvero</strong></span> 
     </span>
    </p>
   </div>
  </div>
