4054 6238
465 323 569 392 ιιι

1630 321 1976 382 THEODORI
2012 322 2241 382 MOPSU
2249 322 2493 380 ESTENI

3573 317 3680 373 4ίέ

474 431 697 497 fecisti,
732 431 926 488 eadem
985 431 1133 492 Deus
1189 434 1248 491 in
1333 442 1499 507 caput
1563 442 1717 490 tuum
1781 438 2019 493 retorsit.

2147 455 2262 492 ιενα
2304 438 2449 494 κακά
2487 435 2784 505 διαφυγεῖν,
2825 432 3011 504 ἑπειδὴ
3052 431 3090 488 ἃ.
3132 429 3435 502 πεποίηκας
3474 429 3554 493 εἰς
3591 428 3686 481 τδν

479 546 499 578 ι
530 526 716 593 Quare
765 526 1089 584 excutiendo
1131 527 1475 604 excutierunt
1515 543 1633 591 eos,
1678 535 1735 584 et
1781 528 2032 601 palmites

471 632 664 672 eorum
690 630 1082 689 corruperunt,
1120 635 1270 675 arma
1302 621 1554 691 potentiae
1589 620 1710 691 ejus
1752 636 1819 676 ex
1858 620 2033 675 homi-

476 708 659 762 nibus.
699 726 717 760 ι
746 707 954 774 Tantae,
982 709 1180 781 inquit.
1209 717 1371 767 erunt
1402 711 1687 766 adversum
1715 718 1769 766 te
1795 711 2032 767 hostium

476 800 646 862 vires,
672 808 731 854 ut
753 802 860 855 ritu
885 816 1074 857 eorum
1105 802 1199 873 qui
1219 812 1420 859 vestem
1440 804 1743 867 excutiunt,
1774 804 2035 875 dignitate

478 896 570 941 tua
599 892 956 958 proterendus
1009 895 1117 961 sis;
1150 903 1310 963 atque
1342 894 1526 949 omnia
1553 895 1877 958 amissurus,
1908 894 2033 965 qui-

479 980 582 1035 bus
633 990 687 1035 tu
739 983 866 1037 olim
913 986 1145 1053 stipatus
1198 1000 1262 1041 ac
1311 987 1475 1042 veluti
1529 986 1798 1041 famulitio
1854 988 2035 1044 cultus

477 1073 853 1142 superbiebas.
874 1074 1105 1132 Prorsus
1124 1078 1279 1148 221
1297 1087 1354 1131 ut
1382 1079 1546 1132 verba
1570 1078 1633 1133 ad
1659 1080 2036 1151 compendium

474 1164 778 1231 conferam,
802 1167 993 1221 bellica
1024 1172 1202 1224 omnis
1229 1170 1416 1239 peritia
1440 1179 1531 1223 tua
1551 1179 1852 1241 cunctaque
1868 1172 1951 1227 vis
1967 1188 2033 1227 ex

482 1255 722 1310 incolatu
758 1257 1037 1313 hominum
1063 1262 1536 1317 exterminabitur.
1562 1263 1765 1319 Deinde
1799 1271 2034 1319 veterem

480 1345 793 1400 corumdem
829 1349 1122 1415 potentiam
1156 1358 1436 1415 memorat,
1472 1367 1589 1421 quas
1615 1352 1685 1407 ab
1711 1352 1816 1408 illis
1847 1360 2038 1407 contra

484 1432 569 1488 fas
618 1435 890 1498 exercita,
948 1437 1083 1491 nihil
1136 1439 1191 1493 in
1246 1442 1497 1511 przesenti
1556 1442 1841 1512 profutura
1899 1453 2035 1499 erat.

490 1544 510 1577 ι
557 1522 672 1579 Viri
727 1528 938 1583 strenui
996 1529 1175 1598 ignem
1229 1531 1465 1587 ludibrio
1519 1533 1800 1590 habentes.
1850 1553 1868 1586 ι
1930 1534 2039 1593 Vos

482 1615 782 1685 quondam,
832 1619 941 1682 ait,
996 1622 1164 1676 tantis
1221 1622 1428 1678 viribus
1475 1624 1784 1694 pollebatis,
1827 1633 1887 1679 ut
1935 1626 2040 1697 ipsi

487 1704 714 1760 flammae
765 1717 975 1765 certare
1020 1726 1129 1765 non
1178 1712 1518 1769 dubitaretis.
1564 1734 1583 1766 ι
1628 1713 1863 1770 Habeam
1919 1731 2043 1771 cur-

2146 529 2376 603 Ἰσραὴλ,
2427 534 2507 595 είς
2558 531 2656 603 τὴν
2706 527 2946 599 κεφαλὴν
2989 524 3179 597 ἔτρεψε
3213 524 3313 601 τὴν
3339 520 3435 592 σὴν
3470 522 3498 575 ὁ
3525 518 3683 580 Θεός.

2142 639 2162 673 ι
2201 623 2343 675 Διότι
2358 621 2756 685 ὲκτινάσσοντες
2778 614 3084 685 ὲξετίναξαν
3110 614 3324 676 αὐτοὺς,
3352 610 3446 666 καὶ
3464 609 3535 662 τά
3554 608 3686 679 κλή-

2141 729 2285 783 ματα
2315 712 2488 766 αὐτῶν
2524 710 2852 781 διέφθειραν,
2895 694 3053 762 ὅπλα
3074 702 3390 765 δυναστείας
3425 699 3588 755 αὐτοῦ
3627 697 3686 763 ἐξ

2138 799 2464 873 ἀνθρώπων.
2487 820 2507 853 ι
2532 801 2607 873 (p.
2657 800 2782 870 537)
2812 798 3057 867 Τοσαύτη
3088 794 3197 865 γὰρ
3243 791 3394 845 ἔσται
3425 789 3565 844 κατά
3592 788 3687 843 σοῦ

2137 890 2246 944 τῶν
2273 890 2541 962 πολεμίων
2568 891 2601 961 ἡ
2631 888 2876 959 δύναμις,
2893 886 3032 939 ὥστε
3060 901 3119 937 σε
3148 883 3301 952 δίκην
3319 880 3425 933 τῶν
3449 882 3693 933 ὲκτινατ-

2138 982 2335 1036 τόντων
2353 982 2575 1053 ἐσθῆτα,
2592 979 2693 1051 τῆς
2710 979 2862 1045 ἀξίας
2883 976 3169 1031 ἀποϐαλεῖν
3196 974 3293 1044 τῆς
3318 971 3538 1035 οἰκείας,
3555 971 3694 1024 ἀπο-

2140 1075 2292 1129 λέσαι
2316 1090 2376 1126 τε
2402 1073 2617 1127 ἅπαντα
2673 1072 2755 1140 ἐφ’
2777 1066 2856 1134 οἷς
2871 1070 2946 1133 ὡς
2972 1064 3338 1123 κεκυκλωκόσι
3369 1080 3428 1117 σε
3455 1061 3693 1130 καὶπερὶ

2138 1168 2237 1237 τὴν
2270 1163 2559 1236 θεραπείαν
2580 1160 2963 1232 ἠσχολημένοις
2989 1159 3088 1229 τὴν
3117 1155 3214 1227 σὴν
3241 1154 3379 1224 μέγα
3408 1151 3651 1221 ὲφρόνεις
3674 1165 3690 1181 ο

2142 1257 2255 1321 καὶ,
2287 1255 2559 1325 συντόμως
2584 1254 2776 1317 εἰπεῖν,
2810 1250 2987 1305 πᾶσάν
3011 1265 3104 1302 σου
3139 1246 3238 1318 τὴν
3270 1242 3563 1315 πολεμικὴν
3594 1242 3694 1311 ἒμ-

2142 1348 2357 1420 πειρίαν
2395 1346 2492 1401 xa‘t
2548 1346 2729 1399 πᾶσαν
2766 1342 2864 1415 τὴν
2882 1341 3106 1411 δύναμιν
3131 1338 3190 1403 ἐξ
3226 1337 3475 1391 ἀπάντων
3499 1332 3696 1387 ἀπολέ-

2144 1455 2295 1493 σουσι
2323 1438 2431 1491 τῶν
2460 1434 2776 1508 ἀνθρώπιον.
2812 1428 2945 1486 Εἶτα
2984 1430 3078 1485 καὶ
3123 1428 3220 1500 τὴν
3252 1426 3483 1481 παλαιὰν
3516 1421 3695 1477 αὐτῶν

2143 1530 2401 1585 ὲντίθεται
2427 1529 2653 1603 δύναμιν
2682 1520 2825 1600 ᾗπερ
2860 1524 2959 1577 οὐκ
2984 1524 3062 1585 εἰς
3094 1520 3211 1575 δέον
3255 1518 3571 1589 ἐχρήσαντο,
3618 1513 3696 1578 ὡς

2143 1625 2292 1679 οὐδὲν
2323 1624 2519 1686 αὐτοὺς
2581 1620 2959 1691 ὠφελήσουσαν
3021 1617 3078 1669 ὲν
3124 1612 3202 1684 τῷ
3243 1610 3464 1682 παρόντι
3497 1606 3693 1679 καιρῷ.

2152 1737 2171 1770 ι
2208 1717 2429 1788 ⁸Ἀνδρες
2468 1714 2680 1768 δυνατοὶ
2732 1710 3085 1783 ἐμπαίζοντες
3129 1708 3187 1759 ὲν
3233 1702 3382 1775 πυρί.
3428 1722 3446 1755 ι
3508 1702 3699 1771 Ὑμεῖς

487 1811 647 1851 ruum
690 1797 933 1863 illorum,
979 1802 1034 1856 in
1078 1803 1166 1859 die
1191 1807 1602 1874 praeparationis
1644 1807 1803 1877 ejus;
1832 1809 2044 1879 equites

2147 1804 2258 1879 ἦτε,
2278 1807 2461 1877 φησὶν,
2482 1808 2533 1859 οἰ
2558 1805 2624 1857 δι’
2642 1801 2940 1875 ὑπερϐολὴν
2972 1798 3149 1870 ἰσχύος
3178 1796 3298 1852 οὐδὲ
3327 1794 3496 1865 πυρὸς
3531 1809 3702 1847 κατα-

488 1888 851 1945 turbabuntur
893 1891 947 1945 in
986 1892 1110 1949 viis.
1157 1913 1175 1946 ι
1225 1895 1388 1965 Equis
1416 1898 1547 1951 olim
1588 1899 1949 1967 curribusque
1981 1901 2049 1954 fl-

489 1974 667 2059 djstis,
703 1979 795 2046 qui
838 1994 985 2035 nunc
1024 1982 1247 2040 inutiles
1290 1994 1435 2040 sunt.
1482 1984 1615 2041 Nam
1661 2004 1771 2059 quo
1810 1997 2049 2060 tempore

491 2068 601 2122 Deo
628 2071 804 2126 visum
835 2072 1000 2129 fuerit
1034 2091 1249 2145 pinnam
1278 2079 1433 2135 vobis
1457 2079 1699 2150 inﬂigere
1719 2120 1735 2143 ,
1760 2082 2049 2151 trepidatio

492 2166 686 2216 currus
727 2171 781 2217 et
808 2165 1018 2235 equites
1060 2168 1371 2238 occupabit,
1410 2170 1485 2223 ita
1527 2178 1586 2224 ut
1628 2178 1775 2226 metu
1808 2171 2047 2228 hostium

493 2250 627 2305 nihil
672 2267 832 2324 agere
865 2267 1090 2326 queant.
1122 2278 1141 2311 ι
1180 2259 1598 2317 Confundentur
1638 2278 1860 2328 currus,
1892 2273 1949 2320 et
1987 2265 2047 2319 in

492 2340 691 2411 plateis
732 2346 1080 2406 collidentur.
1119 2369 1138 2403 ι
1178 2351 1236 2406 In
1276 2352 1455 2423 fugam
1479 2394 1493 2420 ,
1536 2354 1743 2425 inquit,
1786 2371 1845 2411 se
1877 2356 2052 2427 conji—

494 2431 641 2488 cient
673 2451 689 2488 :
718 2436 821 2493 hac
846 2449 1025 2496 autem
1057 2443 1423 2513 trepidatione
1448 2445 1590 2501 inter
1613 2462 1673 2502 se
1702 2447 1898 2513 collisi,
1928 2456 2054 2505 ante

494 2520 734 2580 hostium
761 2528 1050 2587 adventum
1074 2550 1291 2603 pessum
1318 2536 1490 2591 ibunt.
1523 2557 1542 2589 ‹
1572 2536 1839 2608 Aspectus
1863 2555 2054 2596 eorum

2143 1900 2343 1971 τολμᾷν
2378 1897 2677 1961 ὀκνοῦντες.
2720 1914 2739 1948 ι
2782 1896 2846 1948 Δί
2896 1892 3040 1962 ἠνίαι
3087 1890 3195 1944 τῶν
3229 1888 3485 1961 ἁρμάτων
3523 1886 3703 1939 αὐτῶν

2143 1991 2201 2044 ὲν
2230 1991 2409 2061 ἡμέρᾳ
2446 1987 2757 2060 ὲτοιμασίας
2782 1984 2963 2049 αὐτοῦ,
2992 1985 3083 2038 καὶ
3104 1984 3152 2036 οἰ
3187 1983 3371 2044 ἱππεῖς
3400 1976 3705 2049 θορυϐηθήο

2110 2090 2115 2094 ’
2146 2099 2323 2136 σονται
2380 2082 2438 2136 ὲν
2488 2082 2605 2144 ταῖς
2656 2080 2813 2143 ὁδοῖς.
2853 2096 2871 2129 ι
2899 2079 2960 2131 Ol
2986 2076 3124 2148 μέγα
3152 2074 3234 2145 ἐφ’
3264 2074 3447 2135 ἵπποις
3475 2087 3533 2124 τε
3571 2085 3704 2140 φροο

2143 2174 2356 2238 νοῦντες
2386 2174 2479 2229 καί
2510 2174 2770 2246 ἅρμασιν,
2802 2170 2838 2226 ἀ
2869 2171 2933 2241 δὴ
2968 2151 3146 2223 πάντα
3170 2167 3271 2221 νῦν
3305 2167 3432 2237 ὑμῖν
3456 2165 3704 2235 ἀχρηστα

2143 2269 2416 2338 φανεῖταιο
2449 2267 2506 2320 ὲν
2534 2264 2639 2336 γάρ
2682 2264 2759 2335 τῷ
2788 2261 2962 2335 καιρῷ
2993 2261 3114 2315 καθ’
3156 2260 3215 2313 δν
3266 2256 3704 2329 παρεσκεύασται

2143 2360 2293 2431 παρά
2322 2358 2455 2413 Θεοῦ
2501 2359 2569 2412 τά
2616 2357 2716 2427 τῆς
2766 2355 3032 2427 τιμωρίας
3070 2354 3218 2425 ὑμῖν,
3255 2351 3476 2423 θόρυϐος
3517 2348 3607 2401 καὶ
3635 2345 3707 2400 τὰ

2146 2454 2367 2525 ἅρματα
2398 2449 2493 2505 καὶ
2519 2449 2643 2512 τοὺς
2673 2449 2855 2509 ἱππεῖς
2883 2445 3119 2511 καθέξει,
3138 2443 3292 2498 οὐθὲν
3330 2439 3593 2494 ἐπιτελεῖν
3616 2433 3707 2489 διά

2146 2522 2210 2597 τδ
2228 2522 2344 2607 δέος
2361 2541 2467 2596 τῶν
2491 2538 2760 2610 πολεμίων
2785 2538 2930 2602 οἴους
2958 2554 3018 2591 τε
3038 2536 3216 2597 ὄντας.
3259 2552 3277 2586 ι
3307 2529 3707 2601 Συγχυθήσεται

496 2622 558 2669 ut
587 2616 860 2689 lampades
906 2625 1097 2695 igneae.
1129 2638 1189 2683 ut
1219 2627 1432 2699 fulgura
1467 2630 1852 2687 discurrentia.
1883 2652 1903 2685 ι
1943 2632 2047 2687 lro«

2150 2628 2221 2682 τά
2238 2628 2583 2700 ἅρματα,Μί
2600 2626 3073 2697 συμπλακήσονται
3112 2627 3169 2679 ὲν
3200 2624 3318 2686 ταῖς
3360 2618 3656 2679 πλατείαις.
3682 2634 3702 2667 ι

498 2706 620 2762 nice
672 2709 728 2764 id
779 2711 912 2768 dicit
953 2734 966 2769 :
1013 2732 1208 2787 nempe
1250 2734 1347 2774 vos
1401 2719 1539 2773 nihil
1582 2721 1795 2791 fulgure
1841 2722 2047 2779 differre

2154 2721 2296 2791 Πρὸς
2334 2720 2511 2791 φυγὴν
2561 2718 2692 2789 γὰρ,
2746 2718 2930 2789 φησὶν,
2973 2716 3269 2788 ὁρμήσουσι
3303 2713 3532 2774 πάντεςο
3567 2708 3715 2762 ὥστε

498 2810 708 2863 vosmet
750 2807 1062 2876 putavistis,
1107 2811 1203 2878 qui
1244 2810 1556 2867 lucentibus
1599 2812 1769 2868 armis
1818 2813 2047 2883 praediti.

2155 2811 2259 2865 ὑπὸ
2286 2811 2385 2882 τῆς
2403 2809 2733 2880 κατεχούσης
2750 2808 2942 2870 αὐτοὺς
2970 2807 3220 2877 ἀπορίας,
3244 2802 3488 2875 ἀλλήλοις
3515 2800 3709 2863 αὐτοὺς

498 2891 803 2949 vehementi
834 2899 1035 2973 impetu
1068 2899 1123 2953 in
1158 2899 1342 2957 hostes
1377 2901 1716 2958 ferebamini.

2160 2902 2633 2973 συμπλεκομένους
2656 2900 2761 2972 πρὸ
2796 2898 2895 2970 τῆς
2927 2898 3115 2968 ἐφόδου
3148 2897 3257 2951 τῶν
3287 2892 3553 2965 πολεμίων
3582 2893 3711 2944 ἑαυ-

498 2984 623 3047 τοὺς
650 2971 954 3044 ἀπολλύειν.
990 3010 1008 3043 ‹
1040 2992 1101 3045 Ἢ
1127 2994 1314 3064 ὅρασις
1340 2995 1516 3049 αὐτῶν
1544 2996 1618 3059 ὡς
1638 2995 1914 3066 λαμπάδες
1950 2997 2141 3070 πυρὸς,
2168 2971 2261 3051 καὶ
2279 2996 2353 3060 ὡς
2380 2971 2653 3066 ἀστραπαὶ
2682 2995 3071 3067 διατρέχουσαι.
3097 3008 3117 3044 ι
3152 2991 3227 3061 (p.
3253 2988 3376 3059 538)
3406 2983 3715 3057 Είρωνικῶς

500 3076 595 3128 ἐπὶ
629 3078 909 3153 διασυρμῷ
941 3086 1097 3140 τοῦτο
1131 3087 1278 3156 λέγει
1306 3105 1319 3117 ·
1350 3091 1526 3145 καίτοι
1561 3108 1647 3160 γε,
1694 3095 1877 3163 φησὶν,
1919 3095 2069 3148 οὐδὲν
2107 3092 2400 3164 ἀστραπῶν
2450 3093 2542 3146 καὶ
2582 3092 2750 3164 πυρὸς
2794 3089 3121 3145 διαλλάττειν
3164 3084 3467 3155 ὲνομίζεσθε
3510 3081 3715 3152 ὲκλάμ-

498 3172 693 3232 ποντὲς
711 3192 769 3228 τε
795 3182 905 3242 τοῖς
921 3180 1105 3245 ὅπλοις
1131 3185 1222 3238 καὶ
1249 3184 1385 3254 μετά
1413 3185 1611 3258 πολλῆς
1636 3188 1734 3259 τῆς
1750 3190 2102 3261 σφοδρότητος
2129 3188 2368 3252 ἐπιόντες
2391 3189 2503 3251 τοῖς
2536 3186 2813 3249 ἐναντίοις.

502 3310 503 3313 η
578 3263 743 3324 Vsus.
764 3270 875 3326 5-7.
890 3303 958 3314 —
975 3293 993 3326 ι
1019 3274 1179 3347 Fuga:
1202 3278 1436 3334 interdiu
1458 3297 1724 3339 memores
1746 3292 1908 3338 erunt
1923 3285 2047 3354 opti-

2232 3280 2380 3351 Στίχ.
2411 3278 2545 3345 ἐσς’.
2578 3310 2649 3322 --
2673 3298 2692 3332 ι
2726 3279 2836 3334 Kal
2865 3276 3259 3350 μνησθήσονται
3291 3274 3341 3327 οἰ
3376 3270 3714 3344 μεγιστᾶνες,

501 3367 713 3417 mates:
754 3362 810 3418 in
850 3367 1206 3436 trepidatione
1246 3386 1346 3427 sua
1384 3372 1719 3428 festinabunt
1751 3376 1950 3430 mmnia
1977 3383 2047 3431 te-

2160 3373 2256 3426 καὶ
2283 3372 2565 3442 φεύξονται
2587 3371 2817 3444 ἡμέρας,
2841 3371 2934 3424 καὶ
2961 3369 3323 3441 κρατήσουσιν
3344 3366 3402 3419 ὲν
3425 3366 3491 3435 τῇ
3514 3362 3721 3434 ἀπορίᾳ⁵

509 3466 676 3519 nere;
702 3461 1105 3527 propugnacula
1126 3477 1226 3516 sua
1256 3466 1656 3535 praeparabunt.
1686 3484 1706 3520 ι
1749 3465 1942 3524 Vester
1972 3468 2047 3522 illi

2168 3465 2347 3519 αὐτῶν
2375 3465 2468 3519 καὶ
2494 3464 2814 3518 σπεύσουσιν
2842 3463 2932 3516 ἐπὶ
2957 3461 3025 3515 τὰ
3051 3462 3227 3532 τείχη,
3255 3459 3350 3513 καί⁸
3374 3455 3721 3526 ὲτοιμάσουσι

509 3554 802 3627 apparatus
842 3557 1005 3621 atque
1052 3562 1331 3611 armatura
1365 3557 1418 3611 in
1451 3573 1669 3614 cassum
1713 3558 1825 3616 fiet.
1876 3562 2047 3631 Itaqut

2162 3557 2260 3619 τὰς
2287 3556 2638 3628 προφυλακὰς
2659 3554 2858 3609 αὐτῶν.
2890 3573 2908 3606 ι
2939 3553 3019 3607 Τὰ
3042 3553 3141 3624 μὲν
3168 3552 3231 3623 δὴ
3251 3551 3348 3621 τῆς
3374 3546 3725 3621 παρασκευῆς

508 3637 713 3693 omisso
760 3643 942 3708 praelio
988 3644 1168 3716 fugam
1216 3648 1608 3705 meditabimini
1647 3669 1663 3707 :
1733 3667 1908 3722 neque
1964 3651 2047 3705 hat

2165 3650 2293 3720 ὑμῖν
2320 3650 2563 3720 ἐκείνης,
2609 3649 2704 3703 καὶ
2741 3648 2841 3717 τῆς
2867 3647 3145 3717 δυνάμεως
3176 3644 3403 3717 περιττά
3433 3643 3723 3714 γενήσεται

511 3725 627 3792 ihsa
664 3733 913 3801 expedite
934 3738 1198 3806 utemini;
1227 3740 1322 3795 sed
1356 3756 1481 3795 cum
1512 3742 1715 3813 ingenti
1748 3750 2047 3799 consternat

2165 3746 2341 3800 πάντα
2358 3761 2372 3775 ο
2400 3744 2462 3797 τὸ
2488 3744 2744 3814 πολεμεῖν
2770 3742 2826 3796 δὲ
2848 3742 3092 3813 ἀφέντες,
3124 3739 3301 3811 φυγῆς
3329 3736 3557 3810 λήψεσθε
3586 3736 3730 3805 μνή-

508 3820 662 3877 tione
699 3837 975 3887 currentes
1003 3832 1074 3887 ob
1104 3833 1442 3904 ingruentem
1476 3837 1714 3892 hostium
1746 3847 1972 3904 metum,
2001 3854 2047 3891 at

2170 3850 2277 3906 μην
2298 3849 2311 3863 ·
2346 3835 2443 3887 καὶ
2471 3833 2591 3886 οὐδὲ
2630 3831 2804 3905 ταύτῃ
2853 3830 3122 3903 χρώμενοι
3167 3828 3245 3899 τῷ
3289 3828 3469 3900 δρόμῳ
3500 3825 3589 3880 διὰ
3622 3823 3726 3895 τὴν

514 3916 737 4003 mcenia,
775 3936 893 3990 quae
920 3926 1036 3980 sola
1067 3928 1275 3998 reliqua
1304 3937 1484 3995 erunt,
1516 3930 1866 3996 festinabitis,
1890 3947 2071 4003 pugna

509 4001 586 4057 ob
610 4003 1040 4075 desperationem
1077 4018 1320 4074 omissa:
1354 4027 1518 4089 atque
1554 4020 1681 4079 hinc
1720 4022 1942 4077 tutelam
1974 4001 2072 4079 ex-

515 4097 869 4168 spectabitis,
906 4111 961 4157 et
999 4105 1068 4159 ad
1095 4116 1412 4163 consuetam
1448 4125 1728 4165 murorum
1766 4111 2071 4167 custodiam

515 4188 699 4243 studio
756 4193 902 4247 omni
944 4194 1289 4255 incumbetis.
1333 4199 1490 4266 Quod
1532 4218 1662 4257 vero
1702 4203 1922 4272 gravius
1965 4212 2072 4269 εει,

522 4296 544 4330 ‹
568 4277 741 4337 Porta;
784 4286 997 4342 urbium
1042 4298 1354 4359 patuerunt,
1385 4293 1533 4363 regia
1571 4294 1774 4364 palatia
1816 4294 2075 4351 concide-

518 4381 667 4438 runt,
701 4390 830 4445 opes
863 4382 1111 4437 revelata:
1149 4391 1297 4438 sunt.
1338 4384 1458 4454 Ipsa
1494 4385 1760 4451 ascendit,
1787 4394 1842 4441 et
1867 4387 2077 4441 ancillae

2168 3924 2469 3997 ὑπερϐολὴν
2496 3925 2587 3978 τοῦ
2613 3924 2961 3994 ἐπικειμένου
2980 3922 3130 3986 δέους
3148 3921 3255 3976 τῶν
3283 3919 3547 3991 πολεμίων
3568 3917 3721 3987 ὑμῖν·

2168 4018 2561 4089 ἀναδραμεῖσθε
2587 4016 2652 4090 δὴ
2690 4016 2875 4070 λοιπὸν
2902 4015 2993 4069 ἐπὶ
3017 4014 3086 4069 τά
3115 4014 3292 4085 τείχη,
3324 4010 3411 4065 τὸν
3439 4010 3536 4082 μὲν
3562 4008 3727 4063 πόλε-

2173 4126 2271 4180 μον
2303 4109 2390 4162 διά
2434 4107 2632 4179 πολλὴν
2664 4107 2972 4175 ἀπόγνωσιν
3002 4106 3261 4175 ἀφέντες,
3294 4102 3391 4174 τὴν
3420 4101 3479 4166 ἐξ
3502 4099 3727 4153 ἐκείνων

2169 4200 2225 4254 δὲ
2262 4198 2663 4270 προσδοκῶντες
2703 4196 2844 4263 ἕξειν
2876 4196 3175 4267 ἀσφάλειαν
3197 4236 3212 4259 ,
3248 4194 3340 4247 καί
3373 4191 3436 4263 δὴ
3469 4190 3562 4244 καὶ
3593 4189 3730 4263 περὶ⁸

2170 4292 2268 4356 τὰς
2302 4291 2550 4354 εἰωθυίας
2582 4290 2673 4344 ὲπὶ
2708 4289 2817 4344 τῶν
2859 4289 3052 4360 τειχῶν
3086 4286 3329 4359 φυλακὰς
3361 4284 3537 4337 πᾶσαν
3574 4280 3730 4346 ἕξετε

2171 4382 2270 4453 τὴν
2299 4381 2570 4452 ἀσχολίαν.
2600 4382 2709 4435 Kal
2734 4380 2794 4434 τὸ
2819 4380 2882 4451 δὴ
2913 4380 3117 4451 μείζον’
3154 4397 3172 4429 ι
3203 4374 3500 4431 Πύλαιτῶν
3520 4372 3731 4426 πόλεων

517 4460 639 4527 ejus
674 4469 1070 4537 praecedebant,
1102 4489 1200 4528 ceu
1228 4474 1490 4531 columba:
1516 4476 1798 4547 loquentes
1826 4478 1881 4532 in
1913 4477 2043 4533 cord

2172 4474 2579 4547 διηνοίχθησαν,
2611 4474 2706 4528 καὶ
2735 4473 2803 4527 τά
2840 4473 3085 4544 βασίλεια
3127 4472 3363 4537 διέπεσε,
3396 4468 3491 4522 καὶ
3530 4468 3564 4539 ἡ
3596 4465 3735 4519 ὑπό-

521 4566 641 4606 suo.
671 4573 690 4607 ι
730 4556 834 4613 Sed
864 4563 1007 4615 enim
1039 4579 1106 4617 ne
1128 4565 1358 4636 perfugii
1388 4566 1605 4635 quidem
1623 4568 1782 4637 222
1800 4567 1865 4621 ad
1889 4585 2043 4624 muro

2177 4585 2363 4631 στασις
2391 4566 2745 4637 ἀπεκαλύφθη
2765 4583 2780 4598 ο
2817 4567 2911 4620 xal
2937 4566 3073 4631 αὔτη
3106 4564 3373 4627 ἀνέϐαινε,
3402 4561 3497 4617 καὶ
3523 4560 3581 4614 αἰ
3611 4557 3737 4612 δοῦ-

523 4643 630 4697 ulla
667 4649 820 4703 vobis
856 4653 1063 4708 utilitas
1091 4663 1208 4720 est;
1251 4657 1529 4727 potientur
1555 4659 1702 4713 enim
1728 4660 1949 4713 civitate
1984 4661 2047 4715 ho

2147 4653 2154 4690 ί
2178 4657 2268 4711 λαι
2296 4658 2464 4729 αὐτῆς
2492 4659 2706 4729 ῆγοντο,
2734 4656 2914 4721 καθὼς
2940 4657 3258 4728 περιστεραὶ
3284 4653 3644 4725 φθεγγόμεναι
3671 4650 3735 4702 ὲν

522 4743 656 4798 stes,
708 4754 908 4810 perque
955 4753 1140 4812 portas
1190 4749 1360 4802 multa
1399 4765 1524 4803 cum
1571 4750 1861 4806 securitate
1904 4751 2047 4822 ingre

2175 4748 2373 4820 καρδίᾳ
2401 4749 2628 4803 ἑαυτῶν.
2664 4766 2682 4799 ι
2734 4747 2893 4802 Ἀλλὰ
2917 4747 3024 4820 γᾲρ
3053 4747 3173 4802 οὐδὲ
3199 4746 3298 4817 τῆς
3326 4744 3452 4815 περὶ
3479 4743 3548 4797 τά
3575 4741 3735 4813 τείχη

522 4825 777 4898 dientur;
841 4836 1019 4903 regias
1062 4836 1254 4894 domos
1305 4856 1337 4895 a
1390 4841 1757 4898 fundamentis
1802 4851 2047 4898 evertent

2178 4840 2410 4911 σπουδῆς
2435 4839 2623 4909 ὄφελός
2651 4856 2702 4893 τι
2727 4839 2949 4909 γέγονεν
2970 4839 3098 4909 ὑμῖν
3114 4854 3129 4869 σ
3158 4838 3484 4909 κρατήσουσι
3504 4834 3611 4903 γὰρ
3630 4832 3738 4901 τῆς

523 4936 653 4990 opes
695 4930 817 4979 tuas
862 4940 1051 4983 omnes
1092 4937 1255 4999 atque
1296 4932 1580 4988 thesauros
1628 4933 1756 4987 dum
1799 4932 2047 5004 diripiunt

2178 4932 2384 4996 πόλεως
2419 4932 2468 4984 οί
2508 4931 2788 5002 πολέμιοι,
2821 4931 2897 5002 (p.
2925 4930 3051 5001 559)
3079 4929 3176 4983 καὶ
3206 4928 3295 4982 διά
3321 4944 3384 4997 γε
3413 4927 3519 4980 τῶν
3548 4923 3738 4978 πυλῶν

504 5014 771 5082 publicos
803 5016 1037 5082 facient;
1071 5036 1409 5092 quacunque
1442 5024 1651 5079 scilicet
1678 5024 1923 5095 diligenti
1953 5026 2047 5081 olit

2183 5019 2322 5092 μετὰ
2351 5020 2549 5090 πολλῆς
2577 5019 2967 5073 εἰσελεύσονται
3000 5021 3099 5090 τῆς
3135 5016 3348 5081 ἀδείαςο
3383 5016 3453 5069 τὰ
3490 5014 3742 5085 βασίλειὰ

523 5115 575 5159 et
604 5122 801 5161 arcana
829 5111 1081 5165 custodia
1127 5114 1435 5170 servabas.‘
1463 5134 1481 5167 ε
1507 5114 1572 5169 Et
1610 5116 1728 5185 ipsa
1771 5117 2037 5172 ascendit.

2185 5128 2245 5164 τε
2274 5110 2549 5174 παντελῶς
2580 5109 2865 5179 ἀφανιοῦσι
2887 5127 2901 5141 ο
2935 5109 3112 5162 πᾶσάν
3138 5108 3197 5161 τέ
3239 5124 3334 5161 σου
3364 5106 3463 5178 τὴν
3502 5105 3743 5176 ὓπαρξιν
3790 5166 3794 5187 1

524 5197 767 5254 Ninirem
798 5202 1005 5257 scilicet
1038 5202 1169 5259 dicit
1204 5205 1489 5273 propheta.
1552 5205 1688 5276 (Pro
1728 5226 1745 5256 ι
1767 5206 2028 5262 ascendes

2185 5202 2279 5255 καί
2316 5201 2520 5264 πάντας
2547 5202 2673 5265 τοὺς
2704 5201 2989 5269 περιόντας
3016 5216 3096 5252 σοι
3129 5197 3431 5270 θησαυροὺς
3461 5197 3527 5250 δι’
3562 5198 3746 5268 ἀρπα-
3786 5234 3795 5283 .

508 5288 604 5342 'ait
634 5309 652 5340 ‹
690 5295 955 5360 ascendit,
982 5313 1000 5347 ι
1060 5312 1209 5349 more
1266 5311 1366 5351 suo
1404 5306 1649 5366 tempora
1700 5306 2043 5353 commutans

2181 5293 2283 5364 γῆς
2314 5293 2699 5363 ποιησάμενοι,
2747 5292 3029 5361 καταφανῆ
3066 5290 3230 5343 πᾶσιν
3262 5289 3603 5360 ἐργάσονταιο
3644 5288 3748 5341 καὶ

508 5381 826 5442 'Ascendes.
858 5386 1053 5456 inquit,
1082 5388 1149 5441 ad
1184 5388 1462 5442 inimicum
1493 5402 1672 5457 regem
1704 5386 1958 5453 deducta,
2000 5401 2047 5439 c2

2182 5385 2251 5437 τά
2282 5384 2448 5439 πάλαι
2478 5401 2559 5437 σοι
2580 5383 2667 5438 διὰ
2691 5383 2887 5453 πολλῆς
2909 5399 2969 5435 τε
2994 5381 3119 5435 ὄντα
3150 5381 3394 5453 φυλακῆς
3420 5380 3515 5434 καὶ
3542 5377 3750 5448 κεκρύο

531 5473 675 5543 ptiva
711 5474 907 5529 deinde
942 5492 1230 5532 mansura:
1262 5487 1580 5547 cunctaeque
1609 5476 1705 5530 tibi
1735 5460 1967 5531 subdita:
1993 5492 2047 5529 ut

2186 5474 2316 5544 φθαι
2334 5476 2613 5530 δοκοῦντα.
2645 5494 2663 5527 ι
2700 5476 2808 5529 Kal
2833 5473 2970 5545 αὐτὴ
2996 5474 3094 5545 μὲν
3120 5473 3368 5529 ἀνέϐαινε
3394 5472 3525 5543 (ιθ).
3552 5490 3572 5524 ι
3598 5470 3750 5541 Πρὸς

530 5566 629 5623 bes
661 5575 822 5637 atque
850 5568 975 5639 pagi
1018 5568 1126 5638 (bis
1164 5570 1307 5626 enim
1341 5569 1660 5626 ancillarum
1688 5568 1919 5626 nomina
1941 5565 2042 5625 faci

2186 5564 2284 5636 τὴν
2311 5565 2511 5637 Νινευὴ
2536 5563 2592 5619 δὲ
2622 5564 2651 5617 ὁ
2682 5564 2966 5636 προφήτης
2994 5561 3178 5641 φησιν,
3205 5562 3327 5616 ἀντὶ
3352 5560 3466 5629 τοῦ,
3512 5579 3531 5614 t
3582 5559 3750 5614 Ἀνα-

571 5772 576 5776 ’
603 5766 715 5840 (16)
746 5768 878 5828 Cod.
912 5768 1177 5844 ἀναϐήσῃ.
