4054 6238
371 342 480 399 413

1348 344 1898 406 COMMENTARIUS
1933 347 2001 405 IN
2036 350 2310 409 NAHUMI
2346 352 2498 412 CAP.
2539 354 2601 411 ll.

3490 352 3598 408 ιιι

369 459 576 528 ϐήσῃ.»
610 456 675 511 τὺ
719 477 738 511 ι
774 458 1056 514 ἀνέϐαινεν
1096 476 1115 511 ι
1149 459 1351 525 εἰπὼν,
1383 458 1566 525 καθὼς
1599 462 1938 518 ἐναλλάττειν

2045 469 2268 523 multum
2296 470 2477 525 valere
2500 470 2755 540 iubentes
2783 470 3071 542 pristinum
3101 468 3386 540 imperium
3417 476 3594 532 tuum,

371 550 532 602 εῖωθε
554 549 649 603 τὸν
672 551 886 621 χρόνον.
928 550 1199 625 ’Δναϐήσῃ
1222 554 1351 623 γὰρ,
1387 553 1572 623 φησὶν,
1598 555 1690 608 ἐπὶ
1714 555 1808 610 τὸν
1827 556 1937 611 τῶν

370 640 648 711 πολεμίων
677 641 920 713 ἀγομένη
950 641 1171 712 βασιλέα
1195 643 1271 708 ῶς
1306 644 1648 715 αίχμάλωτος
1674 640 1810 701 οὖσα
1832 646 1937 701 λοιο

374 734 512 786 -ιτόν⁸
560 733 654 789 καὶ
701 736 875 788 πᾶσαι
924 734 983 788 δέ
1022 752 1113 789 σου
1156 736 1212 788 αἰ
1245 736 1474 806 ὑπήκοοι
1509 735 1693 800 πόλεις
1737 754 1796 790 τε
1842 739 1938 791 καὶ

2042 560 2264 615 servitio
2301 568 2480 616 tecum
2509 561 2861 628 addicentur;
2908 561 3077 616 tacita
3116 561 3462 630 cogitatione,
3504 571 3599 614 co-

2031 647 2229 702 lumbae
2275 663 2445 713 more,
2486 664 2640 705 suam
2675 651 2879 720 pariter
2910 659 3073 722 atque
3112 658 3259 704 tuam
3305 653 3598 702 maerentes

2045 738 2426 794 calamitatem.

373 826 581 896 χῶραι,
606 827 798 892 δούλας
825 828 934 899 γὰρ
963 828 1165 907 ταύτας
1197 829 1472 901 ὠνόμαζε,
1504 831 1689 903 μακρὰ
1728 831 1938 903 χαίρειν
1965 832 2214 887 εἰποῦσαι
2242 836 2309 904 τῇ
2354 834 2632 907 προσούσῃ
2669 852 2749 889 σοι
2788 834 3048 907 πρότερον
3084 831 3347 905 βασιλείᾳ,
3384 830 3477 883 ἐπὶ
3499 827 3599 898 τὴν

372 919 751 989 αἰχμαλωσίαν
782 920 1107 992 ἁχθήσονται
1142 923 1311 976 πᾶσαι
1348 923 1445 976 σὺν
1472 924 1703 985 σοί,κατ’
1732 922 1939 977 ἔννοιαν
1972 927 2302 997 περιστερᾶς
2332 926 2489 996 δίκην
2528 926 2627 992 τὰς
2659 928 2865 983 ἑαυτῶν
2903 944 2961 980 τε
2990 927 3085 981 καὶ
3114 925 3208 979 σοῦ
3249 920 3598 987 στενάζουσαί

371 1026 431 1062 τε
465 1012 559 1063 καὶ
580 1011 895 1082 ὀδυρόμεναι
923 1013 1225 1084 συμφοράς.

446 1103 598 1172 Στίχ.
631 1103 773 1175 η’,θ’.
814 1135 884 1145 -
909 1101 1040 1158 Εἶτα
1066 1105 1164 1176 τὴν
1204 1104 1439 1161 παλαιὰν
1481 1105 1787 1178 εὐπραγίαν
1837 1106 1939 1162 αύ-

372 1196 487 1248 τῶν
508 1213 661 1264 φησι,
689 1195 912 1267 διαιρῶν
936 1198 1016 1262 εἰς
1046 1196 1215 1251 ταῦτα
1235 1197 1327 1252 τὸν
1350 1198 1506 1267 λόγον
1525 1213 1540 1229 ο
1568 1199 1664 1252 καὶ
1690 1198 1818 1253 ποτέ
1840 1198 1940 1268 μὲν

373 1288 436 1341 ἐν
468 1288 603 1349 οῖοις
628 1286 1044 1359 ἐξετασθήσεται
1076 1291 1267 1353 κακοῖς
1296 1289 1579 1353 διδάσκων,
1604 1288 1735 1343 ποτὲ
1764 1288 1820 1343 δὲ
1840 1290 1941 1359 τὴν

375 1376 548 1431 πάλαι
573 1375 885 1447 προσοῦσαν
908 1377 1090 1441 αὐτοῖς
1120 1378 1461 1448 ἐκτιθέμενος
1487 1378 1802 1432 δυναστείαν
1821 1395 1837 1410 ο
1864 1378 1940 1443 ὡς

376 1468 446 1521 ἄν
477 1468 571 1522 καὶ
598 1467 773 1538 τούτῳ
803 1467 864 1521 τὸ
902 1469 1194 1539 συμϐαῖνον
1238 1470 1375 1541 αὐτῇ
1421 1468 1593 1533 πάθος
1630 1467 1937 1540 αὑξήσειεν,

378 1560 431 1614 εἰ
482 1559 589 1612 ἀπὸ
639 1558 895 1613 τοιούτων
932 1560 1011 1623 εἰς
1058 1560 1285 1614 τοιαῦτα
1335 1559 1677 1629 ἀφικνεῖσθαι
1736 1558 1937 1630 μέλλει.

387 1667 409 1703 ι
451 1650 564 1703 Καὶ
590 1649 786 1721 Νινευὴ
816 1650 891 1714 ὡς
926 1650 1280 1722 κολυμϐήθρα
1322 1650 1511 1715 ὓδατος
1551 1652 1619 1704 τὰ
1649 1649 1815 1705 ὕδατα
1848 1650 1942 1703 αὖ·

378 1739 484 1809 τῆς
504 1755 518 1768 ·
548 1739 639 1792 καὶ
659 1739 812 1792 αύτοί
836 1739 1122 1809 φεύγοντες
1147 1742 1246 1793 οὐκ
1290 1740 1542 1812 ἔστησαν,
1574 1742 1664 1796 καὶ
1688 1741 1789 1795 οὐκ
1815 1737 1883 1813 ἦν
1911 1741 1941 1793 ὁ

382 1829 711 1883 ἐπιϐλέπων.
749 1850 768 1883 ι
806 1831 978 1885 Πάλαι
1009 1831 1105 1902 μὲν
1137 1832 1246 1903 γὰρ
1277 1832 1657 1906 κολυμϐήθρας
1680 1834 1941 1905 μεγίστης

380 1921 693 1993 διήλλαττεν
726 1923 878 1975 οὐδὲν
916 1897 1323 1995 ὑπε-ρχεο-μένης
1360 1897 1439 1995 τῶ
1481 1897 1633 1978 ὕδατι
1674 1897 1943 1995 πανταχό-
1970 1897 2012 1952 Β

381 2013 496 2075 θεν,
520 2014 596 2085 (p.
618 2015 743 2083 540)
768 2016 861 2067 καὶ
882 2013 1106 2078 πολλοὺς
1128 2016 1186 2068 ἐν
1210 2016 1373 2087 ἑαυτῇ
1398 2015 1704 2088 τρεφούσης
1731 2015 1939 2085 ἰχθύαςο

375 2105 519 2159 οὕτω
542 2105 740 2159 πολλοῦ
774 2106 871 2175 μὲν
897 2105 1141 2176 γέμουσα
1172 2105 1408 2177 πλήθους
1448 2106 1649 2164 οἰκείου
1672 2126 1684 2136 υ
1715 2106 1943 2170 πολλοὺς

372 2195 431 2255 δὲ
464 2197 529 2248 ἐκ
551 2195 660 2257 τῶν
692 2195 944 2267 πολέμων
966 2195 1340 2266 αἰχμαλώτους
1368 2196 1564 2268 ἔχουσα
1587 2198 1717 2270 παρ’
1748 2198 1940 2269 ἐαυτῇο

372 2286 471 2339 νῦν
499 2288 557 2341 δέ
585 2290 666 2351 εἰς
691 2288 848 2342 τοῦτο
876 2289 1211 2361 κατέστησαν
1248 2290 1622 2363 ταλαιπωρίας
1640 2330 1656 2354 ,
1687 2290 1763 2354 ὡς
1809 2292 1944 2363 μηδὲ

376 2378 719 2449 βραχύτατον
758 2380 947 2450 στῆναι
986 2381 1123 2452 πρὸς
1161 2382 1285 2444 τοὺς
1320 2382 1612 2453 πολεμίους
1633 2383 1940 2453 δυνάμενοι,

373 2469 515 2539 πρὸς
545 2470 723 2541 φυγὴν
756 2471 882 2523 ἰδεῖν
903 2489 917 2503 ’
948 2471 1231 2543 εὑρίσκετο
1252 2472 1308 2526 δέ
1332 2472 1506 2537 οὐδεὶς
1533 2475 1644 2538 τοῖς
1669 2472 1943 2538 τοσούτοις

375 2562 591 2633 ἐφορῶν
642 2566 865 2627 κακοῖς,
904 2563 938 2633 ἦ
989 2581 1109 2616 τινα
1154 2564 1438 2636 διόρθωσιν
1472 2565 1657 2630 αὐτοῖς
1699 2566 1939 2634 ἐπάγων.

304 2719 310 2723 η
382 2672 401 2704 ι
442 2653 755 2725 Διήρπαζον
789 2654 851 2707 τὸ
891 2654 1175 2725 ἀργύριον,
1210 2656 1507 2727 διήρπαζον
1544 2656 1606 2709 τδ
1634 2657 1876 2729 χρυσίον.
1917 2676 1938 2712 ι

378 2745 633 2800 ’Δπαντα
667 2745 733 2817 δὴ
767 2745 950 2800 λοιπὸν
976 2747 1043 2801 δι’
1068 2748 1322 2819 ἁρπαγῆς
1350 2748 1402 2801 οἰ
1432 2747 1683 2819 πολέμιοι
1714 2749 1783 2803 τὰ
1814 2749 1944 2821 παρ’

378 2838 564 2901 αὐτοῖς
598 2836 897 2892 ἐποιοῦντο.
941 2855 960 2890 ι
1006 2839 1116 2892 Καὶ
1148 2839 1247 2892 οὐκ
1283 2834 1352 2909 ἦν
1392 2838 1564 2910 πέρας
1606 2838 1700 2893 τοῦ
1738 2840 1943 2910 κόσμου

379 2924 573 2995 αὐτῆς.
606 2944 626 2977 ι
668 2925 1060 2997 Ἀναρίθμητόν
1080 2944 1201 2980 τινα
1223 2926 1453 2981 πλοῦτον
1481 2926 1659 2981 αὐτῶν
1688 2927 1947 3000 ἀφαιρού-

383 3030 555 3084 μενοι,
590 3007 743 3083 ᾦπερ
776 3014 1102 3086 ἐκοσμοῦντο
1147 3016 1208 3069 τὸ
1251 3014 1500 3087 πρόσθεν.
1546 3034 1565 3068 ι
1604 3016 1943 3088 Βεϐἀρυνται

382 3103 523 3174 ὑπὲρ
546 3105 722 3158 πάντα
742 3106 812 3159 τὰ
842 3104 1009 3176 σκεύη
1032 3105 1202 3176 αὐτῆς
1225 3106 1293 3159 τὰ
1324 3107 1651 3180 ἐπιθυμητὰ.
1685 3127 1704 3161 ι
1740 3106 1945 3180 Πολλὴν

2110 1099 2277 1157 Vens.
2300 1101 2355 1166 8,
2381 1101 2436 1157 9.
2455 1132 2526 1144 ---
2548 1102 2748 1158 Deinde
2780 1102 3067 1172 pristinam
3092 1101 3400 1159 felicitatem
3431 1106 3595 1174 dicit,

2036 1190 2119 1246 sic
2166 1190 2462 1247 distributo
2508 1208 2777 1257 sermone,
2813 1202 2874 1248 ut
2907 1194 3070 1248 modo
3104 1195 3244 1248 mala
3276 1197 3473 1266 quibus
3504 1198 3597 1254 illa

2036 1282 2367 1339 cruciabitur
2410 1291 2632 1347 narret,
2691 1284 2851 1340 modo
2912 1293 3149 1341 veterem
3204 1298 3597 1345 commemoret

2036 1374 2376 1444 dignitatem,
2420 1375 2680 1431 nimirum
2721 1384 2782 1430 ut
2815 1377 3062 1433 incidens
3087 1377 3440 1434 infortunium
3476 1379 3601 1437 ideo

2035 1467 2253 1538 gravius
2298 1466 2423 1528 ﬁat,
2477 1468 2621 1537 quod
2674 1469 2803 1525 talis
2849 1469 2982 1524 urbs
3029 1469 3097 1523 ad
3138 1470 3268 1525 talia
3297 1470 3595 1529 devenerit.

2042 1576 2060 1608 ‹
2090 1555 2302 1620 Ninive,
2352 1566 2411 1611 ut
2451 1573 2607 1629 aquae
2641 1560 2850 1628 piscina
2874 1575 3027 1631 aqua:
3064 1558 3203 1631 ejus.
3246 1559 3352 1631 Ipsi
3380 1574 3596 1635 arrepta

2037 1645 2163 1717 fuga
2204 1664 2470 1718 nusquam
2509 1649 2907 1717 substiterunt;
2953 1666 3056 1706 nec
3097 1657 3216 1706 erat
3262 1653 3356 1722 qui
3387 1654 3600 1724 aspice-

2037 1747 2139 1793 ret.
2166 1756 2185 1791 »
2222 1737 2360 1794 Olim
2390 1739 2608 1811 quidem
2654 1755 2683 1793 a
2728 1741 2941 1811 piscina
2971 1741 3206 1797 maxima
3242 1758 3353 1798 non
3385 1743 3601 1802 differe-

2039 1829 2192 1894 bant,
2225 1831 2383 1902 aquis
2440 1831 2680 1903 undique
2728 1832 2939 1895 all'usis,
2987 1833 3333 1888 multitudine
3367 1837 3599 1904 piscium

2041 1920 2239 1976 ibidem
2285 1923 2436 1976 alita.
2498 1921 2589 1978 Sic
2620 1923 2872 1979 videlicet
2900 1922 3094 1978 Ninive
3122 1924 3470 1979 multitudine
3502 1940 3601 1995 po-

2041 2012 2153 2082 puli
2173 2012 2540 2080 redundabat;
2570 2014 2772 2070 multos
2797 2029 3014 2085 quoque
3039 2013 3181 2069 bello
3205 2022 3395 2085 captos
3426 2016 3600 2071 homi-

2041 2118 2138 2159 nes
2165 2104 2307 2174 apud
2336 2119 2399 2159 se
2437 2104 2665 2160 habens.
2725 2103 2882 2159 Nunc
2925 2120 3055 2160 vero
3083 2112 3233 2159 tanta
3272 2104 3602 2163 adversitate

2042 2205 2169 2250 sunt
2195 2197 2465 2267 oppressi,
2492 2206 2552 2251 ut
2577 2211 2644 2252 ne
2680 2198 3005 2253 brevissime
3035 2197 3253 2268 quidem
3283 2205 3472 2252 contra
3497 2198 3601 2253 bo-

2042 2296 2156 2343 stes
2181 2287 2236 2341 iu
2262 2287 2379 2343 acie
2402 2289 2671 2350 steterint,
2690 2289 2983 2358 quominus
3005 2304 3063 2344 se
3087 2290 3224 2359 fugae
3243 2288 3425 2343 statim
3449 2304 3602 2346 com-

2041 2379 2338 2435 mitterent.
2373 2377 2543 2433 Porro
2574 2387 2754 2435 autem
2783 2395 2945 2434 nemo
2971 2381 3227 2435 inventus
3259 2387 3363 2443 est.
3393 2382 3485 2451 qui
3512 2380 3602 2437 his

2042 2471 2197 2527 malis
2238 2478 2472 2526 mentem
2519 2471 2862 2535 intenderet,
2916 2481 3010 2526 aut
3052 2470 3242 2527 iisdem
3276 2471 3600 2527 medicinam

2042 2565 2275 2633 aliquam
2301 2563 2522 2619 faceret.
2583 2583 2603 2615 ι
2632 2564 2982 2634 Diripuerunt
3022 2570 3327 2635 argentum,
3362 2562 3601 2635 diripue-

2041 2664 2172 2712 runt
2221 2662 2479 2713 aurum.»
2542 2657 2780 2712 Cunctas
2825 2656 3016 2712 horum
3058 2671 3189 2727 opes
3239 2657 3432 2727 praeda:
3498 2656 3601 2711 ha-

2042 2747 2275 2802 buerunt
2322 2748 2524 2804 hostes.
2599 2766 2617 2800 ι
2668 2746 2855 2818 Neque
2896 2756 3014 2803 erat
3073 2747 3197 2805 linis
3253 2755 3603 2802 ornamento-
3664 2746 3667 2751 ’

2041 2855 2162 2893 rum
2202 2838 2341 2907 ejus.
2372 2857 2391 2891 ι
2436 2839 2751 2894 innumeras
2806 2838 3025 2894 divitias
3077 2838 3426 2908 eripuerunt,
3476 2838 3601 2908 qui-

2041 2928 2144 2984 bus
2171 2928 2329 2999 223
2364 2936 2522 2983 antea
2549 2931 2867 2984 ornabatur.
2906 2944 2925 2979 ι
2953 2926 3241 2997 Aggravati
3282 2935 3411 2983 sunt
3435 2938 3604 2995 super

2042 3032 2254 3072 omnem
2299 3018 2688 3088 supellectilem
2720 3018 2841 3088 ejus
2892 3016 3370 3074 desiderabilem.»
3426 3016 3602 3074 Vehe-

2042 3112 2209 3166 menti
2240 3111 2420 3167 studio
2452 3110 2521 3165 ad
2548 3110 2782 3181 pretiosa
2805 3125 3033 3180 qumque
3064 3117 3315 3173 ruerunt,
3347 3110 3603 3164 multam-

381 3194 516 3263 γοῦν
571 3194 809 3266 μάλιστα
848 3195 946 3268 τὴν
989 3197 1222 3269 σπουδὴν
1262 3196 1539 3251 ἐποιοῦντο
1578 3198 1645 3252 τὰ
1686 3198 1945 3254 δοκοῦντα

2045 3218 2152 3273 que
2193 3203 2484 3273 diripiendi
2525 3218 2644 3259 eam
2688 3202 3041 3273 cupiditatem
3088 3217 3198 3272 pra:
3242 3217 3300 3256 se
3338 3203 3598 3257 tulerunt.

381 3287 539 3357 τίμια
565 3282 725 3350 εἰναι,
761 3288 854 3341 καὶ
888 3286 923 3340 ὃ.
956 3287 1091 3358 μετὰ
1118 3287 1317 3358 πολλῆς
1345 3287 1501 3358 ἔσχον
1526 3288 1623 3360 τῆς
1657 3289 1947 3360 ἐπιθυμίας

381 3377 677 3448 ἀφελέσθαι
704 3378 833 3448 παρ’
858 3376 1056 3430 αὐτῶν·
1078 3376 1139 3429 τὸ
1163 3378 1270 3449 γὰρ
1299 3395 1317 3430 ι
1347 3378 1695 3450 βεϐάρυνται,
1720 3399 1739 3432 ι
1764 3380 1947 3452 ὅμοιόν

382 3472 503 3524 ἐστι
534 3469 628 3523 τοῦ
653 3470 712 3523 ἐν
739 3471 858 3533 ταῖς
890 3471 1215 3536 Βασιλείαις,
1255 3490 1274 3524 ι
1325 3472 1626 3545 Ἐϐαρύνθη
1655 3477 1683 3527 ό
1715 3475 1948 3546 πόλεμος

383 3561 478 3613 ἐπὶ
524 3559 729 3624 Σαοὺλ,
788 3580 807 3612 ι
861 3561 948 3613 ἵνα
997 3562 1125 3634 εἴπῃ
1163 3562 1245 3615 ὅτι
1287 3565 1406 3616 κατ’
1456 3565 1632 3617 ἐκεῖνο
1672 3567 1735 3618 τὸ
1786 3566 1949 3639 μέρος

384 3651 666 3705 ἐπέκειντο
712 3650 944 3721 μάλιστα
991 3653 1041 3705 οἰ
1092 3654 1373 3724 πολέμιοι·
1415 3653 1558 3708 οὓτω
1588 3657 1861 3710 κάνταῦθα
1889 3658 1949 3711 τδ

391 3764 410 3797 ε
436 3745 761 3816 βαϐἀρυνται
792 3763 811 3796 ι
843 3745 1009 3813 λέγει,
1033 3746 1119 3799 ῖνα
1144 3748 1271 3818 εἴπῃ
1290 3748 1370 3800 ὅτι
1391 3745 1588 3801 πλείων
1616 3748 1743 3819 περί
1770 3750 1949 3802 ἐκεῖνα

387 3839 421 3909 ἡ
450 3837 656 3908 σπουδὴ
677 3840 790 3901 τοῖς
819 3838 1096 3909 πολεμίοις
1126 3838 1388 3909 ἐγίγνετο.

454 3931 607 4001 Στίχ.
640 3930 691 3994 ι’,
728 3936 815 3985 ια’.
862 3961 930 3972 -—
974 3949 992 3982 ι
1054 3930 1409 4002 Ἐκτιναγμὸς
1437 3932 1532 3985 καὶ
1567 3931 1947 4002 ἀνατιναγμδς,

386 4022 701 4095 ἐκϐρασμδς
725 4022 819 4076 καὶ
849 4022 1074 4096 καρδίας
1102 4022 1400 4095 θραυσμδς,
1428 4025 1520 4078 καὶ
1548 4024 1805 4087 ὑπόλυσις
1825 4040 1952 4091 γου-

387 4113 597 4177 νάτων,
636 4114 731 4167 καὶ
767 4114 951 4178 ὠδῖνες
981 4114 1073 4166 ἐπὶ
1107 4116 1286 4169 πᾶσαν
1342 4115 1529 4185 ὀσφῦν,
1577 4117 1669 4170 καλ⁸
1699 4116 1760 4169 τὸ
1792 4116 1953 4199 πρόσ-

387 4220 538 4256 ωπον
566 4202 744 4255 αὐτῶν
762 4202 836 4266 ὡς
856 4203 1178 4274 πρόσκαυμα
1198 4202 1419 4274 χύτρας.
1450 4224 1469 4255 ι
1499 4204 1752 4259 Βούλεται
1780 4206 1952 4258 εἰπεῖν

387 4293 473 4345 ὅτι
501 4291 764 4355 ποικίλοις
798 4294 861 4344 ἐκ
889 4290 995 4345 τῶν
1023 4291 1293 4362 πολεμίων
1324 4292 1812 4365 περιϐληθήσονται
1840 4296 1952 4357 τοῖς

388 4386 581 4446 κακοῖς
610 4385 683 4451 (p.
711 4382 836 4454 541)
862 4383 1293 4453 ἐκτιναττόμενοι
1317 4384 1411 4437 καὶ
1439 4381 1848 4456 ἐκϐραζόμενοιο
1877 4383 1954 4447 ὡς

388 4473 670 4539 παντελῶς
705 4474 802 4545 μὲν
827 4475 1009 4538 αὐτοῖς
1032 4476 1129 4545 τῆς
1159 4475 1396 4539 διανοίας
1425 4475 1713 4547 σϐεσθῆναι
1740 4476 1833 4530 τὸν
1864 4476 1953 4530 λο-

2044 3295 2179 3349 Nam
2202 3295 2368 3349 dictio
2396 3295 2667 3365 aggravati
2699 3303 2845 3361 sunt,
2872 3295 3012 3349 idem
3055 3293 3326 3365 significat
3347 3302 3508 3364 atque
3544 3293 3602 3350 in

2045 3385 2356 3456 Regnorum
2387 3386 2573 3443 libris:
2603 3390 2982 3459 «Aggravatum
2996 3392 3082 3441 est
3130 3384 3373 3454 praelium
3412 3395 3604 3439 contra

2048 3476 2262 3531 Saulem
2286 3476 2351 3541 “,
2375 3495 2394 3529 ι
2414 3484 2474 3531 ιιι
2492 3477 2802 3541 denotetur,
2839 3476 2929 3528 illa
2960 3475 3300 3545 potissimum
3327 3484 3481 3544 parte
3518 3474 3602 3528 vi-

2046 3585 2135 3624 res
2162 3567 2397 3623 hostium
2419 3582 2542 3622 sese
2564 3567 2886 3621 intendisse.
2920 3565 2999 3621 lta
3022 3565 3111 3620 hic
3136 3566 3300 3620 etiam
3328 3563 3602 3634 aggravati

2047 3670 2169 3715 sunt
2198 3660 2417 3723 dicitur,
2454 3668 2512 3713 ut
2552 3659 2939 3730 intelligamus,
2968 3658 3312 3726 potissimum
3361 3656 3601 3710 hostium

2048 3748 2287 3803 studium
2313 3748 2460 3802 circa
2488 3761 2619 3816 opes
2640 3760 2762 3801 esse
2796 3751 3090 3799 versatum.

2117 3930 2284 3987 Vens.
2299 3930 2386 3995 10,
2402 3930 2585 3985 ll.—c
2607 3925 2871 3983 Excussio
2893 3932 2948 3980 et
2969 3922 3321 3985 rediscussio,
3342 3930 3396 3978 et
3408 3920 3604 3978 ebulli-

2049 4023 2143 4087 tio,
2158 4030 2213 4078 et
2224 4021 2407 4077 cordis
2419 4018 2721 4075 contractio
2733 4025 2787 4073 et
2800 4030 3035 4088 genuum
3053 4014 3363 4078 dissolutio,
3380 4023 3433 4068 et
3444 4013 3601 4068 dolo-

2049 4129 2136 4169 res
2150 4113 2389 4167 omnium
2405 4125 2618 4174 renum,
2644 4117 2699 4164 et
2714 4107 2883 4165 facies
2895 4120 3082 4162 eorum
3109 4113 3167 4160 ut
3189 4104 3555 4160 adustioollae.
3576 4119 3599 4155 ι

2052 4204 2328 4275 Signiﬁcat
2364 4201 2480 4257 fore
2520 4209 2577 4256 ut
2607 4214 2703 4256 eos
2732 4198 2934 4253 inimici
2966 4197 3132 4253 variis
3157 4195 3392 4250 alliciant
3420 4192 3601 4256 malis,

2051 4296 2240 4353 crebro
2265 4295 2622 4357 excutientes,
2641 4299 2695 4346 et
2710 4290 3011 4361 ejicientes,
3033 4288 3106 4343 ita
3122 4294 3180 4343 ut
3204 4286 3515 4342 universum
3537 4283 3608 4339 iis

2050 4390 2425 4458 cxstinguatur
2474 4383 2670 4439 mentis
2715 4380 3081 4436 ratiocinium.
3145 4376 3362 4431 Timore
3420 4384 3603 4429 autem

2054 4494 2283 4534 enerves
2317 4491 2384 4531 ne
2422 4484 2571 4531 stare
2609 4473 2828 4545 quidem
2862 4470 3018 4525 facile
3062 4476 3335 4540 poterunt,
3369 4475 3423 4523 et
3450 4481 3603 4522 com-

388 4566 616 4636 γιςτμόν⁸
662 4565 1047 4635 ἐκλελυμένους
1076 4566 1132 4619 δὲ
1177 4567 1281 4621 ὑπὸ
1310 4566 1405 4621 τοῦ
1444 4567 1594 4632 δέους
1638 4569 1770 4643 μηδὲ
1824 4570 1946 4641 στῆο

2053 4569 2308 4625 muuibus
2352 4566 2666 4637 quatientur
2697 4561 3025 4632 angoribus:
3064 4567 3224 4629 atque
3254 4565 3317 4612 ut
3367 4556 3607 4613 breviter

389 4676 481 4712 ναι
505 4656 766 4711 δύνασθαι
800 4656 1014 4729 ῥαδίως,
1048 4658 1105 4710 ἐν
1134 4657 1345 4723 ὀδύναις
1380 4676 1440 4714 τε
1474 4663 1679 4724 κοιναῖς
1713 4663 1956 4725 ἅπαντας

392 4746 556 4803 εἰναι·
586 4750 683 4803 καὶ
713 4750 989 4819 συντόμως
1010 4751 1488 4815 εἰπεῖν,τοιούτους
1515 4753 1580 4806 ἐκ
1606 4754 1707 4824 τῆς
1733 4754 1840 4807 τῶν
1862 4771 1959 4809 κα-

390 4828 505 4896 κῶν
538 4842 769 4913 ἀπορίας
798 4837 957 4910 εἶναι,
985 4842 1060 4906 ὡς
1088 4844 1252 4913 μηδὲν
1276 4842 1588 4897 ἁπεοικέναι
1617 4847 1959 4917 κεκαυμένης

390 4930 596 5003 χύτρας
631 4932 735 4984 ὑπὸ
767 4932 955 5001 πυρός.
983 4933 1095 4985 Καὶ
1118 4930 1279 4985 πάλιν
1307 4934 1399 4985 ἐπὶ
1425 4932 1524 5004 τὴν
1557 4936 1775 5007 μνήμην
1804 4936 1958 5005 ἄγων

390 5025 587 5087 αὐτοὺς
624 5024 724 5094 τῆς
751 5024 987 5088 παλαιᾶς
1022 5024 1362 5089 δυναστείας⁸
1399 5042 1419 5076 ι
1453 5024 1565 5079 Ποῦ
1599 5025 1714 5080 ἐστι
1744 5027 1806 5080 τὸ
1829 5044 1958 5080 κατ-

390 5117 704 5186 οικητήριον
763 5114 875 5167 τῶν
920 5114 1149 5168 λεόντων
1211 5115 1303 5168 καὶ
1348 5116 1382 5185 ἠ
1416 5115 1554 5187 νομὴ
1600 5118 1635 5187 ἡ
1682 5112 1816 5169 οὖσα
1846 5120 1959 5180 τοῖς

395 5204 687 5274 σκύμνοις;
732 5220 751 5255 ι
798 5202 958 5258 Ἀλλὰ
982 5204 1090 5275 γὰρ
1119 5203 1323 5274 οἴχεται
1347 5204 1404 5258 δέ
1432 5205 1610 5259 αὐτῶν
1641 5206 1736 5261 καὶ
1766 5206 1959 5278 ὴνομὴ

392 5297 572 5349 “trior
608 5294 703 5347 καὶ
744 5293 854 5365 γὰρ
901 5293 1172 5365 σκύμνους
1220 5296 1283 5349 τὸ
1325 5296 1458 5351 αὐτὸ
1486 5296 1671 5365 λέγει,
1715 5297 1959 5352 τουτέστι

390 5387 519 5450 τοὺς
555 5386 804 5449 λέονταςο
842 5385 1086 5456 βούλεται
1132 5387 1189 5441 δὲ
1230 5391 1402 5443 εἰπεῖν
1443 5390 1525 5443 ὅτι
1553 5387 1725 5444 Πάλαι
1773 5391 1873 5460 μὲν
1901 5392 1949 5445 οί

391 5477 493 5545 τὴν
533 5474 737 5546 Νινευὴ
780 5476 1191 5543 κατοικοῦντες,
1232 5478 1461 5535 λέοντων
1492 5478 1646 5550 δίκην
1674 5475 1773 5551 ἦτε
1818 5483 1951 5536 πᾶσι

390 5570 507 5629 τοῖς
557 5566 764 5629 λοιποῖς
811 5568 1032 5640 φοϐεροὶ
1050 5611 1065 5637 ,
1112 5571 1204 5624 καὶ
1259 5573 1328 5626 τὰ
1367 5571 1698 5642 πανταχόθεν
1738 5573 1803 5627 ἐκ
1844 5573 1953 5627 τῶν

395 5656 652 5728 πολέμων
694 5658 1060 5732 λαμϐάνοντες
1098 5662 1374 5735 ήθροίζετε
1422 5662 1551 5735 παρ’
1592 5664 1822 5728 ἑαυτοῖς
1861 5665 1954 5721 νῦν

504 5790 548 5823 ’⁸
574 5790 595 5855 ι
634 5793 770 5863 Reg.
787 5809 931 5861 xui,
955 5795 1005 5850 5.

2049 4663 2248 4724 dicam,
2272 4658 2438 4713 tantis
2463 4658 2532 4712 ob
2557 4657 2656 4711 has
2682 4653 2864 4709 clades
2889 4659 3203 4722 prementur
3230 4649 3518 4719 angustiis,
3544 4655 3606 4703 ut

2051 4751 2308 4808 ferventis
2332 4750 2402 4805 ab
2441 4750 2562 4817 igne
2610 4746 2729 4800 olla:
2769 4744 2912 4798 haud
2947 4742 3241 4799 dissimiles
3278 4741 3446 4797 visuri
3475 4741 3605 4795 sint.

2058 4864 2075 4896 ι
2109 4843 2337 4899 Ubinam
2366 4850 2447 4896 est
2472 4841 2687 4894 leonum
2716 4835 3110 4899 habitaculum,
3144 4842 3198 4889 et
3226 4847 3429 4904 pascua
3456 4839 3610 4885 catu-

2053 4933 2269 4991 lorum?
2296 4952 2314 4984 ι
2344 4930 2508 4987 Periit
2532 4932 2747 4983 leonum
2780 4926 3171 4989 habitaculum,
3204 4933 3261 4981 et
3297 4924 3478 4978 omnia
3509 4936 3609 4991 pa-

2055 5040 2185 5081 scua
2216 5038 2426 5079 eorum.
2482 5019 2615 5074 Nam
2647 5019 2810 5074 catuli
2851 5018 3012 5073 iidem
3048 5022 3178 5072 sunt
3206 5023 3369 5085 atque
3401 5015 3605 5069 leones.

2056 5114 2339 5187 Significat
2372 5123 2574 5175 autem,
2608 5110 2829 5165 Ninives
2865 5109 2994 5163 olim
3032 5107 3239 5162 incolas
3265 5107 3480 5161 leonum
3524 5104 3611 5160 in-

2055 5218 2168 5263 star
2187 5206 2400 5261 cunctis
2426 5202 2636 5275 populis
2658 5203 2828 5258 fuisse
2851 5199 3141 5261 terribiles,
3162 5205 3217 5252 et
3247 5195 3609 5267 undequaque
3682 5206 3709 5219 ‘

2054 5298 2211 5353 bellis
2244 5296 2348 5351 sibi
2374 5310 2505 5365 opes
2535 5308 2777 5364 parasse.
2830 5289 2988 5345 Nunc
3032 5302 3161 5344 vero
3203 5288 3365 5345 etiam
3394 5286 3605 5348 Ninive.

2057 5390 2254 5461 inquit,
2281 5387 2649 5442 habitaculum
2678 5391 2921 5439 vestrum
2946 5382 3127 5452 periit,
3153 5380 3424 5451 simulque
3449 5378 3611 5449 quid-

2057 5482 2187 5554 quid
2230 5494 2392 5550 opum
2433 5478 2547 5532 illic
2592 5483 2750 5531 antea
2788 5481 3047 5545 congesta
3093 5473 3378 5530 habuistis.
3438 5488 3459 5523 ι
3486 5469 3609 5535 Quo

2058 5575 2191 5628 abiit
2224 5573 2329 5635 leo,
2380 5578 2441 5624 ut
2482 5565 2887 5638 ingrederetur?
2914 5584 2934 5617 ι
2972 5562 3142 5622 Valde
3169 5564 3271 5621 hoc
3295 5561 3603 5625 irridenter.

2059 5666 2192 5721 Nam
2222 5664 2349 5737 quia
2390 5659 2596 5732 Assyrii
2631 5657 2905 5730 perpetuis
2944 5657 3001 5714 in
3043 5656 3201 5715 bellis
3247 5663 3463 5717 versam
3486 5654 3607 5715 iue-
