4054 6238
450 324 563 389 815

1611 337 1962 397 THEODORI
1985 341 2472 400 MOPSUESTENI

3568 346 3672 402 M6

451 449 598 507 rant,
631 457 952 517 semperque
988 447 1199 521 aliquos
1227 450 1395 507 veluti
1421 449 1674 506 venando
1704 451 2009 521 persecuti;

2115 453 2172 507 δὲ
2207 453 2301 507 καὶ
2338 451 2539 523 Νινευὴ
2576 452 2638 507 τὸ
2668 451 3087 523 κατοικητήριον
3120 452 3275 525 ὑμῶν
3309 456 3548 527 οἴχεται,
3576 458 3675 513 καὶ

453 531 718 603 Quonam,
741 536 931 607 inquit,
980 539 1093 596 dux
1126 552 1308 597 vester
1340 542 1509 597 abiit?
1564 544 1618 598 in
1651 560 1815 613 quam
1847 559 2015 599 vena-

453 620 661 677 tionem
691 626 965 694 profectus
1014 631 1141 685 est?
1189 629 1386 702 Utique
1420 632 1554 688 dicit
1585 632 1744 688 ﬁnem
1778 634 2015 688 bellandi

453 710 680 775 factum,
715 724 769 770 et
810 721 1106 788 potentiam
1146 724 1361 793 vimque
1391 724 1676 795 pristinam
1716 724 1888 781 fuisse
1921 726 2017 782 de-

454 806 710 873 positam.

2118 543 2294 599 πάντα
2336 546 2432 599 σὺν
2474 545 2610 616 αὐτῇ
2637 544 2808 599 ὁπόσα
2835 560 2894 597 τε
2920 543 3254 615 ήθροισμένα
3286 549 3414 618 παρ’
3459 550 3674 614 ἑαυτοῖς

2117 636 2178 690 τὸ
2207 636 2468 708 πρότερον
2508 637 2700 707 εἴχετε.
2740 655 2760 688 ι
2796 634 2906 691 Ποῦ
2937 635 3203 707 ἐπορεύθη
3237 637 3406 702 λέων,
3436 642 3531 692 τοῦ
3562 643 3675 694 είσ-

2118 728 2325 797 ελθεῖνς
2356 748 2374 780 ι
2408 729 2618 803 Σφόδρα
2646 728 3006 800 διασυρτικῶς
3027 746 3041 760 ’
3076 728 3152 792 ῶς
3178 728 3286 801 γὰρ
3312 731 3370 783 ἐν
3414 731 3675 804 πολέμοις

2117 820 2295 875 αὐτῶν
2341 822 2571 876 πάντοτε
2613 823 2779 879 ὄντων
2799 861 2813 884 ,
2846 823 2941 877 καὶ
2979 822 3065 876 ἀεί
3104 822 3206 876 πού
3237 839 3376 884 τισιν
3415 824 3675 876 ἐπιόντων

452 892 529 956 ὡς
551 895 644 949 ἐπί
671 914 789 952 τινα
820 898 1013 971 θήραν,
1046 901 1161 960 Ποῦ
1188 903 1275 975 δὴ,
1308 906 1462 975 φησὶ,
1491 904 1589 961 νῦν
1623 907 1961 978 ἀπελήλυθεν
1987 908 2017 962 ό
2053 909 2269 978 κρατῶν
2294 910 2479 981 ὑμῶνς
2527 912 2618 964 ἐπὶ
2668 912 2825 965 ποίαν
2851 912 3152 983 ἀπελήλυθε
3203 912 3410 985 θήραν;
3438 915 3527 969 ἴνα
3543 916 3675 988 εἴπῃ

451 989 534 1042 ὃτι
562 988 833 1045 πέπαυται
853 994 943 1047 τοῦ
970 997 1239 1065 πολεμεῖν,
1269 1000 1497 1053 ἀπέθετο
1521 1000 1615 1061 τὴν
1644 1000 1889 1067 ἐξουσίαν
1909 1001 2002 1055 καὶ
2029 1000 2125 1072 τήν
2153 1001 2378 1072 δύναμιν
2405 1003 2501 1075 τὴν
2532 1004 2784 1078 πρόσθεν.

527 1082 693 1139 Vsus.
729 1087 816 1151 ιε,
848 1089 930 1145 15.
960 1121 1029 1132 ——-
1049 1092 1212 1164 224
1237 1094 1449 1150 Idcirco
1475 1096 1657 1150 addit":
1697 1117 1721 1148 ι
1740 1097 1819 1152 ibi
1847 1097 2015 1151 catuli

455 1171 671 1229 leonum
719 1187 896 1241 erant,
949 1184 1165 1236 nemine
1215 1186 1529 1252 territante;
1583 1188 1666 1242 leo
1720 1188 2021 1244 venabatur

453 1265 650 1320 catulis
682 1268 796 1323 suis
819 1269 1152 1335 aiimoniam,
1184 1284 1236 1327 et
1254 1276 1558 1331 catulorum
1594 1294 1817 1333 suorum
1842 1281 2016 1348 gratia

456 1355 787 1425 sullocabat;
827 1363 1117 1419 venatione
1170 1366 1354 1421 nidum
1387 1385 1544 1424 suum
1582 1374 1891 1443 complevit,
1923 1390 2018 1429 cu-

453 1444 561 1505 bile
606 1465 765 1504 suum
829 1455 1055 1523 rapinis.
1090 1474 1110 1508 »
1154 1456 1325 1512 Antea
1367 1462 1602 1529 quidem,
1647 1466 1741 1526 ait,
1792 1467 2010 1521 leonum

456 1553 611 1596 more
666 1543 870 1610 passim
916 1546 1023 1603 vim
1078 1546 1399 1616 faciebatis,
1462 1556 1750 1627 nullusque
1797 1575 1894 1614 vos
1942 1561 2012 1616 ab

452 1648 519 1690 ea
571 1636 829 1693 violentia
885 1641 1192 1698 deterrebat
1248 1656 1441 1701 metus.
1519 1648 1749 1721 Direptis
1795 1654 2006 1719 alienis,

454 1727 697 1797 ingentes
735 1729 890 1787 vobis
938 1749 1069 1803 opes
1114 1742 1549 1807 comparavistis,
1596 1745 1793 1813 quibus
1840 1748 2007 1800 vestri

455 1834 671 1889 quoque
697 1822 851 1876 liberi
881 1822 1207 1884 fruerentur.
1242 1830 1552 1896 Occidistis,
1589 1834 1897 1891 sulfoeastis
1918 1853 2009 1909 po-

456 1911 634 1980 puios,
666 1921 835 1982 atque
865 1913 964 1969 bos
1000 1919 1196 1986 praedm
1222 1920 1397 1976 instar
1429 1924 1602 1978 soboli
1622 1934 1819 1981 vestra:
1850 1936 2009 1982 uten-

461 2003 563 2059 dos
606 2004 917 2075 obiecistis;
977 2010 1167 2079 rapina
1204 2020 1257 2067 et
1303 2014 1507 2070 scelere
1546 2016 1765 2073 divitias
1798 2029 2008 2077 vestras

452 2097 896 2165 exaggeravistis.
956 2099 1095 2165 Quid
1126 2104 1327 2171 porro?
1364 2126 1383 2158 ι
1408 2105 1486 2162 Eu
1515 2108 1589 2162 ait
1619 2109 1716 2164 tibi
1747 2110 2007 2169 Dominus

452 2187 801 2258 omnipotens
832 2206 844 2242 :
876 2192 1165 2247 incendam
1210 2195 1361 2250 fumo
1389 2200 1788 2256 multitudinem
1821 2212 2004 2272 tuam;

456 2277 642 2334 leones
665 2290 785 2335 tuos
815 2282 1024 2351 gladius
1048 2284 1329 2354 absumet;
1369 2291 1706 2346 venationem
1735 2301 1881 2348 tuam
1915 2312 2011 2350 ex-

454 2369 796 2438 terminabo;
826 2384 879 2427 et
911 2389 1015 2428 non
1050 2376 1340 2431 audientur
1384 2381 1526 2434 ultra
1551 2397 1714 2451 opera
1741 2393 1853 2439 tua.
1893 2386 2012 2443 »01)

454 2473 520 2514 ea
555 2460 759 2516 scelera
789 2465 991 2529 omnia,
1032 2466 1100 2521 de
1126 2475 1179 2523 te
1209 2485 1355 2524 nunc
1387 2470 1459 2525 ita
1489 2474 1657 2528 edixit
1682 2475 1847 2543 Deus,
1867 2478 2015 2535 ﬂam-

457 2550 563 2606 mis
593 2560 756 2623 atque
796 2559 1069 2626 pressuris
1098 2561 1351 2630 plurimis
1380 2575 1763 2636 consumptum
1814 2572 1879 2625 iri
1917 2589 2013 2643 po-

458 2642 644 2712 pulum
667 2654 849 2712 tuum;
878 2646 1232 2707 fortissimum
1261 2670 1530 2726 quemque
1563 2660 1759 2715 civium
1793 2642 2009 2720 tuorum

458 2734 525 2787 ab
544 2735 791 2792 hostibus
816 2753 1013 2794 caesum
1036 2741 1135 2808 iri;
1165 2760 1502 2817 quiscunque
1538 2749 1779 2819 improbe
1799 2769 2013 2809 coacer-

458 2826 618 2889 vasti,
660 2836 929 2884 vastatum
963 2832 1061 2901 iri;
1108 2832 1447 2893 destructum
1479 2840 1544 2895 iri
1577 2840 1813 2914 denique
1837 2846 2011 2901 domi-

457 2925 646 2969 natum
679 2924 867 2984 suum,
896 2922 1207 2993 nullamque
1256 2927 1333 2980 tui
1380 2931 1706 2987 mentionem
1752 2934 2010 3006 deinceps

460 3002 717 3070 hitur-am,
766 3010 924 3078 quasi
975 3012 1208 3069 hominis
1239 3017 1332 3086 qui
1362 3018 1567 3090 aliquid
1595 3020 1803 3091 fecerit,
1843 3002 2013 3083 idem-
2038 3044 2081 3102 ο

458 3111 568 3167 quo
591 3114 715 3154 mox
742 3098 989 3158 funditus
1025 3105 1266 3174 perierit.

1105 3288 1258 3345 CAP.
1295 3290 1381 3348 Ill.

532 3369 697 3427 Vens.
734 3374 842 3430 1-3.
873 3406 945 3421 --
974 3376 1176 3435 Deinde
1212 3384 1492 3451 punitione
1539 3387 1704 3456 dicta,
1753 3396 2010 3452 malitiam

460 3476 655 3519 rursus
681 3464 950 3537 obiurgat.
990 3486 1011 3519 ι
1032 3467 1077 3525 0
1101 3475 1448 3542 sanguinaria
1483 3479 1695 3548 civitas,
1719 3492 1830 3540 tota
1864 3503 2015 3543 men-

458 3552 591 3619 dax,
643 3556 925 3627 iniquitate
970 3561 1203 3630 plena!»
1266 3564 1553 3625 Patiemini
1604 3573 1754 3642 haec,
1816 3577 2013 3648 inquit,

458 3648 591 3716 quia
628 3662 845 3719 semper
875 3652 1116 3708 caedibus
1146 3655 1475 3725 indulsistis,
1518 3666 1825 3737 multosque
1867 3685 2015 3726 mor-

459 3738 598 3794 tales
628 3755 723 3811 per
756 3741 1000 3799 fraudem
1031 3756 1192 3817 atque
1220 3752 1563 3809 mendacium
1604 3756 1823 3827 iniustis
1862 3763 2015 3817 neci-

462 3827 566 3883 bus
614 3829 826 3887 irretire
858 3836 1041 3889 conati
1086 3839 1259 3895 estis:
1300 3842 1466 3899 veluti
1519 3845 1830 3917 Rhapsaces
1864 3849 2017 3907 falsis

462 3919 921 3989 promissionihus
977 3927 1134 3984 nisus
1188 3939 1271 3986 est
1320 3931 1821 4008 Hierosolymorum
1870 3940 2018 3998 cives

463 4011 600 4065 urbe
638 4010 985 4073 deducere".
1028 4019 1187 4075 «Non
1225 4025 1655 4080 contrectabitur
1720 4032 1955 4087 venatio.
1994 4052 2013 4086 ι

462 4098 666 4172 Nempe
715 4101 857 4159 haud
908 4108 1138 4178 amplius
1193 4115 1427 4169 venandi
1466 4119 1683 4173 occasio
1728 4133 2015 4194 suppetet;

466 4193 742 4264 multaque
767 4197 1019 4266 moliens,
1047 4201 1183 4256 nihil
1220 4204 1433 4261 efﬁcere
1467 4209 1688 4277 poteris.
1731 4210 1897 4284 quue
1947 4217 2023 4272 ait

464 4293 683 4353 sumpta
714 4289 1027 4360 metaphora
1075 4293 1143 4347 ab
1178 4293 1248 4348 iis
1278 4295 1370 4365 qui
1402 4297 1620 4354 curiosa
1656 4303 1858 4374 aliquid
1890 4323 2021 4363 con-

2181 1099 2258 1167 (Ρο
2304 1098 2431 1169 542)
2475 1100 2624 1171 Στίχ.
2681 1098 2769 1164 ιϐ’,
2813 1107 2903 1170 ιγ’.
2934 1131 3005 1143 --
3035 1101 3126 1154 Διὸ
3170 1101 3396 1170 ἐπάγεν
3443 1120 3463 1153 ι
3529 1101 3678 1154 Ἐκεῖ

2113 1188 2343 1261 σκύμνοι
2398 1191 2655 1258 λεόντων,
2708 1193 2799 1247 καὶ
2849 1194 2949 1247 οὐκ
3000 1188 3068 1263 ἦν
3117 1196 3146 1246 ό
3190 1192 3471 1262 ἐκφοῦῶν·
3535 1192 3673 1244 λέων

2110 1282 2326 1353 ἥρπασε
2347 1280 2415 1334 τὰ
2443 1282 2604 1336 ἱκανά
2627 1284 2740 1345 τοῖς
2772 1282 3031 1353 σκύμνοις
3058 1282 3223 1336 αὐτοῦ
3245 1322 3261 1343 ,
3286 1283 3382 1336 καὶ
3407 1283 3673 1348 ἀπέπνιξε

2109 1377 2221 1437 τοῖς
2243 1372 2453 1426 λέουσιν
2476 1371 2663 1437 αὐτοῦ,
2685 1371 2780 1425 καὶ
2806 1370 3009 1443 ἔπλησε
3038 1371 3210 1444 θήρας
3236 1373 3456 1427 νοσσιὰν
3482 1373 3671 1435 αὐτοῦ,

2114 1468 2208 1520 καὶ
2249 1466 2311 1521 τὸ
2355 1465 2771 1536 κατοικητήριον
2803 1464 2968 1518 αὐτοῦ
3016 1465 3285 1534 ἁρπαγῆς.
3331 1483 3352 1517 ι
3403 1465 3672 1536 Πρότερον

2116 1558 2217 1628 μὲν
2259 1556 2369 1629 γὰρ
2410 1555 2639 1611 λέοντων
2687 1556 2842 1628 δίκην
2883 1556 3099 1627 ἐπῄειτε
3147 1557 3317 1621 πᾶσι,
3361 1555 3457 1608 καὶ
3507 1555 3674 1623 φόϐος

2114 1654 2259 1721 ὑμᾶς
2286 1652 2380 1706 τοῦ
2406 1652 2627 1706 τοιαῦτα
2655 1654 2828 1705 ποιεῖν
2853 1653 3064 1720 ἐπεῖχεν
3092 1649 3288 1711 οὐδείς’
3319 1649 3384 1702 δι’
3416 1647 3673 1720 ἁρπαγῆς

2108 1741 2166 1795 δέ
2189 1742 2258 1796 τά
2284 1743 2484 1813 ἐτέρων
2509 1741 2838 1813 ποιούμενοι,
2871 1739 3096 1794 πλοῦτον
3120 1740 3330 1802 ἑαυτοῖς
3356 1737 3671 1807 συνελέγετε

2108 1832 2388 1895 πλεῖστον,
2416 1832 2661 1904 αὐτάρκη
2695 1834 2787 1887 καὶ
2825 1835 2936 1895 τοῖς
2964 1831 3024 1896 ἐξ
3057 1830 3203 1901 ὓμῶν
3238 1830 3669 1899 είςάπόλαυσιν,

2110 1912 2455 1992 ἀναιροῦντες
2501 1940 2562 1975 τε
2610 1924 2705 1978 καὶ
2742 1921 3134 1993 συμπνίγοντες
3184 1920 3431 1991 ἐτέρους,
3480 1920 3671 1992 ὥσπερ

2110 2017 2231 2072 τινά
2264 2019 2437 2089 θήραν
2467 2019 2579 2083 τοῖς
2610 2018 2911 2088 γεννήμασι
2946 2015 3254 2084 συνελέγετε
3282 2017 3394 2078 τοῖς
3425 2015 3669 2080 οἰκείοις,

2113 2108 2172 2175 ἐξ
2209 2108 2464 2181 ἁρπαγῆς
2502 2108 2598 2161 καὶ
2635 2107 2980 2179 παρανομίας
3014 2106 3104 2160 τὸν
3143 2105 3370 2159 πλοῦτον
3417 2104 3674 2173 αὔξοντες

2112 2200 2201 2255 τδν
2240 2202 2453 2255 οἰκεῖον.
2489 2200 2555 2254 Τί
2582 2195 2708 2269 οὗνς
2751 2217 2772 2251 ι
2808 2199 2917 2254 Καὶ
2959 2199 3067 2253 ίδοὺ
3118 2197 3227 2266 ἐγὼ
3264 2198 3354 2251 ἐπὶ
3390 2198 3470 2262 σέ,
3521 2198 3671 2266 λέγει

2110 2292 2313 2364 Κύριος
2348 2290 2771 2362 παντοκράτωρ*
2803 2291 2896 2344 καὶ
2927 2288 3179 2343 ἐκκαύσω
3210 2289 3268 2340 ἐν
3300 2287 3489 2357 καπνῷ
3529 2286 3671 2357 πλῆ-

2111 2383 2202 2447 θός
2232 2401 2346 2445 σου,
2367 2382 2460 2435 καὶ
2485 2382 2612 2443 τοὺς
2635 2379 2854 2444 λέοντάς
2877 2396 2967 2432 σου
2998 2376 3372 2446 καταφάγεται
3400 2376 3667 2448 μάχαιρα·

2112 2475 2207 2530 καὶ
2243 2472 2604 2545 ἐξολοθρεύσω
2632 2474 2695 2525 ἐκ
2727 2471 2825 2540 τῆς
2855 2470 2957 2541 γῆς
2998 2470 3097 2542 τὴν
3121 2469 3293 2539 θήραν
3324 2485 3450 2522 σου·
3477 2468 3571 2521 καὶ
3606 2468 3671 2520 οὐ

2116 2572 2191 2640 μὴ
2228 2565 2467 2636 ἀκουσθῇ
2513 2564 2594 2617 ἐτι
2626 2562 2695 2615 τὰ
2727 2561 2865 2633 ἔργα
2901 2578 3016 2616 σου.
3069 2580 3087 2614 ι
3133 2561 3304 2632 ’Υπὲρ
3344 2561 3408 2633 δὴ
3452 2560 3675 2616 πάντων

2112 2656 2337 2711 ἐκείνων
2360 2655 2674 2725 ἀπεφήνατο
2703 2652 2844 2706 κατά
2877 2650 2970 2705 σοῦ
2998 2651 3094 2707 νῦν
3120 2652 3150 2705 ό
3167 2650 3317 2714 Θεὸς,
3345 2651 3426 2705 ὃτι
3452 2653 3511 2705 ἐν
3537 2652 3673 2718 πυρὶ

2117 2747 2214 2819 μὲν
2241 2744 2647 2815 ἀναλωθήσεται
2677 2743 2773 2797 καὶ
2811 2742 3143 2813 στενοχωρίᾳ
3171 2741 3400 2814 πλείστῃ
3431 2740 3493 2794 τὸ
3530 2741 3672 2811 πλῆ-

2113 2838 2206 2903 θος
2249 2837 2339 2891 σόν
2358 2850 2371 2867 ο
2416 2835 2542 2898 τοὺς
2581 2833 2639 2887 δὲ
2685 2833 2743 2886 ἐν
2778 2834 2862 2885 σοὶ
2901 2830 3188 2894 δοκοῦντας
3238 2826 3377 2884 εἶναι
3418 2830 3674 2895 δυνατοὺς

2114 2926 2393 2983 ἀνελοῦσιν
2447 2925 2497 2977 οῖ
2555 2923 2800 2994 πολέμιοι
2819 2938 2834 2953 ’
2900 2921 3323 2992 ἀφανισθήσεται
3381 2920 3439 2974 δὲ
3496 2920 3675 2973 πάντα

2114 3020 2285 3073 ὁπόσα
2323 3014 2609 3081 συνέλεξας
2639 3013 2845 3078 κακῶς.
2870 3013 2945 3076 ὡς
2979 3014 3159 3067 πᾶσαν
3190 3014 3288 3084 μέν
3319 3030 3412 3067 σου
3441 3014 3675 3068 καταλυο

2113 3109 2270 3180 θῆναι
2303 3109 2403 3179 τὴν
2434 3107 2693 3178 δύναμιν,
2726 3104 3057 3175 ἀκουσθῆναι
3097 3105 3153 3159 δὲ
3179 3107 3305 3176 περὶ
3350 3105 3444 3159 σοῦ
3477 3106 3675 3177 μηκέτι

2115 3198 2305 3272 μηθὲν,
2335 3196 2412 3261 ῶς
2436 3213 2489 3249 τι
2516 3193 2875 3266 πεποιηκότος
2909 3194 3005 3247 καὶ
3036 3193 3371 3257 ἀπολωλότος
3400 3193 3673 3261 καθάπαξ.

2761 3285 2919 3341 ΚΕΦ.
2949 3285 3023 3337 Ι“’.

2184 3382 2257 3452 (p.
2287 3380 2411 3450 545)
2436 3378 2581 3449 Στίχ.
2617 3376 2769 3447 α’-γ’.
2804 3405 2877 3418 -
2902 3370 3034 3429 Εἶτα
3057 3375 3159 3445 τήν
3187 3373 3459 3445 τιμωρίαν
3483 3370 3673 3438 είπὼν,

2112 3472 2358 3537 ὀνειδίζει
2404 3471 2566 3526 πάλιν
2611 3468 2708 3540 τὴν
2756 3467 2986 3523 κακίαν·
3037 3486 3057 3519 ι
3092 3462 3163 3519 Ὦ
3211 3465 3368 3530 πόλις
3408 3464 3675 3535 αἱμάτων,

2112 3563 2209 3632 δλη
2245 3560 2481 3631 ψευδής,
2512 3559 2724 3623 ἀδικίας
2754 3557 2986 3628 πλήρης.
3027 3573 3049 3607 s
3092 3554 3350 3608 Πείσεσθε
3380 3553 3442 3624 δὴ
3481 3551 3675 3617 ταῦτα,

2114 3653 2300 3725 φησιν.
2334 3652 2472 3723 ὑπὲρ
2503 3643 2578 3704 ὧν
2606 3650 2734 3721 περὶ
2759 3648 2950 3717 φόνους
2977 3645 3194 3700 ἃπασαν
3225 3644 3399 3716 εἴχετε
3427 3645 3526 3717 τὴν
3554 3660 3680 3715 axo-

2114 3744 2232 3815 λὴν,
2263 3743 2358 3799 καὶ
2393 3740 2621 3805 πολλοὺς
2665 3739 2849 3809 ψεύδει
2888 3754 2949 3791 τε
2989 3739 3083 3793 καὶ
3121 3738 3302 3808 ἀπάτῃ
3350 3735 3678 3808 κεχρημένοι

2116 3838 2318 3891 ἀδικεῖν
2352 3832 2639 3905 ἐπειρᾶσθε
2664 3831 2733 3886 τὰ
2762 3831 3037 3902 ἀνήκεστα
3057 3845 3073 3862 ·
3105 3823 3217 3883 οἷόν
3246 3847 3299 3882 τι
3329 3831 3358 3883 ὁ
3400 3828 3679 3897 Ῥαψάκης

2117 3930 2208 3983 ἐπὶ
2234 3928 2333 3999 τῆς
2365 3923 2717 3998 Ἰερουσαλὴμ
2742 3924 2913 3981 ἐποίει
2942 3922 3296 3993 ὑποσχέσεσιν
3324 3920 3541 3989 ἀγαθῶν
3577 3919 3680 3973 αύ-

2117 4022 2242 4085 τοὺς
2294 4020 2581 4089 ἐξαγαγεῖν
2631 4016 2969 4089 βουλόμενος.
3031 4032 3052 4067 ι
3103 4014 3177 4069 Ob
3228 4013 3679 4085 ψηλαφηθήσεται

2119 4111 2282 4182 θήρα.
2333 4128 2353 4161 ι
2387 4110 2504 4163 Ἵνα
2541 4108 2671 4181 εἴπῃ
2707 4107 2822 4169 ὅτι,
2853 4105 3050 4160 Οὐκέτι
3078 4103 3249 4177 θήρας
3290 4103 3432 4169 ἕξεις
3464 4104 3677 4175 καιρὸν.

2120 4203 2213 4257 καὶ
2255 4199 2425 4254 πολλὰ
2461 4199 2701 4271 ζητήσας
2742 4198 2843 4251 οὐκ
2874 4194 3111 4266 ἰσχύσεις
3154 4212 3207 4248 τι
3245 4193 3638 4264 διαπράξασθαι
3660 4210 3678 4226 ·

2120 4293 2379 4355 τοιοῦτον,
2405 4292 2469 4346 ἐκ
2501 4291 2811 4362 μεταφορᾶς
2838 4288 2969 4343 αὐτὸ
2997 4287 3105 4340 τῶν
3131 4286 3404 4356 ἐπιμελῶς
3428 4302 3479 4338 τι
3506 4283 3681 4355 ψηλα-

462 4377 787 4433 trectatione
815 4382 1103 4453 vestigant.
1127 4382 1276 4439 Cur?
1303 4385 1447 4442 «Vox
1474 4391 1758 4448 verberum
1788 4406 1842 4451 et
1857 4398 2017 4469 225

2123 4388 2219 4458 φία
2250 4384 2575 4455 ζητούντων,
2612 4378 2862 4453 εἰρηκώς.
2894 4379 2992 4433 Διά
3013 4378 3096 4443 τίς
3152 4391 3172 4427 ι
3194 4377 3349 4448 Φωνὴ
3381 4375 3679 4448 μαστίγων,

463 4475 569 4517 vox
616 4478 1007 4528 commotarum
1056 4482 1320 4541 rotarum,
1363 4488 1417 4534 et
1461 4484 1584 4553 equi
1620 4491 2017 4558 persequentis,

463 4567 769 4652 currusque
796 4562 1073 4632 ferventis,
1104 4569 1300 4639 equitis
1327 4573 1602 4642 agitantis,
1636 4579 1799 4649 gladii
1835 4582 2020 4652 splen-

466 4644 613 4708 didi.
666 4658 720 4704 et
768 4668 1040 4712 armorum
1080 4658 1204 4717 luce
1251 4663 1602 4733 micantium,
1641 4644 2021 4731 ‘multitu-diuis

467 4737 785 4806 vulnerata,
825 4748 1110 4819 gravisque
1141 4753 1328 4810 ruinae.
1362 4776 1381 4809 ι
1439 4757 1563 4813 Haec
1607 4777 1742 4827 vos,.
1774 4764 1868 4829 ait,
1924 4781 2023 4837 pro

467 4827 752 4895 superiore
781 4832 996 4889 fortuna
1024 4850 1265 4904 manent,
1294 4846 1539 4912 verbera,
1579 4858 1633 4905 et
1662 4860 1904 4907 rotarum
1924 4827 2023 4909 so-

468 4916 638 4983 nitus,
670 4926 725 4975 et
754 4936 1015 4992 equorum
1047 4934 1374 5000 persecutio,
1407 4949 1458 4993 et
1494 4956 1674 5009 enses,
1706 4960 1829 4998 cum
1861 4954 2025 5002 caete-

467 5009 548 5066 ris
566 5013 735 5070 armis
748 5015 829 5071 vel
855 5015 973 5086 ipso
996 5022 1281 5090 splendore
1312 5030 1643 5088 terribilibus
1660 5076 1673 5099 ,
1703 5036 1843 5090 unde
1868 5038 2023 5094 multi

468 5102 763 5170 credentur,
826 5110 1101 5183 multaque
1148 5114 1555 5177 interfectorum
1598 5123 1787 5181 funera
1838 5136 2020 5184 erunt.

473 5210 492 5242 ι
526 5192 587 5247 Ει
624 5211 732 5251 non
763 5211 881 5254 erat
905 5203 1092 5277 (linis)
1137 5209 1390 5278 gentibus
1438 5212 1577 5283 ejus.
1603 5235 1621 5267 ι
1670 5215 2021 5274 Subditorum

466 5283 588 5350 ejus
615 5287 754 5343 mala
806 5307 912 5347 non
965 5296 1411 5370 interquiescent.
1460 5307 1553 5361 sed
1610 5308 1755 5363 aliud
1801 5326 1865 5365 ex
1916 5311 2025 5366 alio

469 5390 853 5453 consequetur.
898 5388 1360 5452 «Inﬁrmabuntur
1397 5397 1451 5453 in
1482 5402 1803 5471 corporibus
1845 5404 1959 5459 suis
1994 5418 2025 5456 a

472 5466 818 5525 multitudine
849 5472 1286 5541 fornicationum.
1309 5504 1329 5538 ι
1381 5486 1564 5546 Multis
1582 5466 1913 5558 interfectis,
1956 5491 2026 5546 ad

472 5570 677 5628 paucos
730 5563 1019 5625 admodum
1048 5574 1324 5650 redigetur
1365 5579 1580 5638 illorum
1610 5599 1888 5642 numerus.
1924 5582 2026 5641 llic

542 5737 586 5772 "
616 5736 680 5794 ιν
718 5740 847 5815 Reg.
882 5758 1036 5815 avni,
1069 5746 1155 5807 28.

2119 4480 2215 4535 xui
2242 4479 2392 4551 φωνὴ
2420 4474 2641 4547 σεισμοῦ
2668 4473 2896 4548 τροχῶν,
2931 4473 3025 4528 καὶ
3053 4473 3219 4526 ἵππου
3253 4470 3557 4534 διώκοντος,
3586 4471 3683 4524 καὶ

2121 4574 2363 4646 ἅρματος
2407 4569 2876 4642 ἀναῦράσσοντος,
2938 4565 3144 4630 ἱππέως
3189 4563 3535 4625 ἐλαύνοντος,
3586 4563 3685 4616 καὶ

2123 4663 2437 4732 στιλϐούσης
2488 4660 2795 4732 ῥομφαίας,
2830 4657 2923 4712 καὶ
2962 4655 3442 4728 ἐξαστραπτόντων
3478 4654 3680 4718 ὃπλων,

2122 4754 2215 4809 καὶ
2255 4751 2489 4823 πλήθους
2529 4747 2912 4823 τραυματιῶν,
2950 4747 3044 4801 καὶ
3095 4745 3313 4819 βαρείας
3344 4743 3678 4838 πτώσεως.)

2120 4846 2303 4903 Ταῦτα
2356 4846 2463 4918 γὰρ
2518 4846 2660 4915 ὑμᾶς
2699 4844 2819 4897 ἀντὶ
2869 4842 3093 4897 ἐκείνων
3143 4838 3474 4904 διαδέξεται,
3524 4836 3682 4906 φησι,

2122 4938 2400 5009 μάστιγες,
2427 4935 2521 4989 καὶ
2547 4933 2749 4995 κτύπος
2775 4931 3008 5003 τροχῶν,
3033 4931 3127 4986 καὶ
3147 4932 3327 4984 ῖππων
3350 4929 3561 4991 ἐλασία,
3587 4929 3686 4987 καὶ

2120 5030 2377 5104 ἁρμάτων
2405 5027 2627 5098 θόρυϐος
2651 5025 2834 5089 πολὺς,
2862 5025 2955 5078 καὶ
2978 5022 3187 5077 ίππέων
3210 5021 3411 5087 δίωξις,
3436 5022 3529 5075 καὶ
3552 5020 3682 5091 ξίφη

2122 5123 2259 5196 μετά
2290 5121 2398 5177 τῶν
2433 5120 2632 5174 λοιπῶν
2661 5119 2839 5174 ὅπλων
2870 5118 3076 5188 φοϐερά
3118 5119 3212 5171 καὶ
3260 5116 3387 5170 ίὸεῐν
3436 5118 3499 5186 τῇ
3541 5115 3685 5184 λαμ-

2119 5215 2347 5287 πρότητι
2391 5216 2454 5284 τῇ
2488 5212 2696 5285 οίκείᾳο
2737 5211 2831 5280 ἀφ’
2872 5204 2947 5264 ὧν
2984 5210 3049 5280 δὴ
3095 5209 3277 5263 πολλοὶ
3323 5207 3422 5279 μὲν
3469 5206 3684 5275 πληγή-

2122 5323 2324 5367 σονται,
2358 5303 2520 5367 πολὺς
2561 5303 2618 5357 δέ
2657 5301 2884 5365 θάνατος
2918 5301 3068 5354 ἔσται
3100 5298 3210 5353 τῶν
3253 5296 3682 5369 ἀναιρουμένων.

2125 5414 2146 5447 ι
2185 5397 2297 5450 Καὶ
2322 5396 2421 5450 ούκ
2444 5391 2512 5467 ἦν
2541 5398 2653 5459 τοῖς
2681 5394 2890 5448 ἔθνεσιν
2920 5392 3110 5462 αὐτῆς.
3145 5411 3162 5445 ι
3199 5392 3309 5445 Καὶ
3336 5390 3455 5444 οὐδὲ
3485 5391 3686 5457 στήσε-

2119 5506 2211 5542 ται
2238 5489 2351 5551 τοῖς
2375 5486 2630 5557 ὑπηκόοις
2648 5484 2815 5555 αὐτῆς
2840 5483 2910 5537 τά
2930 5483 3095 5548 κακὰ,
3119 5484 3233 5538 ἀλλ’
3256 5483 3342 5537 ἀεί
3366 5500 3419 5535 τι
3445 5481 3507 5534 τὸ
3532 5478 3686 5569 πρῶ-

2122 5598 2212 5635 τον
2240 5578 2429 5651 ἕτερον
2454 5576 2748 5643 διαδέξεται
2780 5573 2968 5631 κακόν.
3007 5592 3025 5628 ι
3066 5573 3176 5629 Καὶ
3210 5567 3595 5644 ἀσθενήσωσιν
3624 5567 3687 5621 ἐν
