4054 6238
309 301 416 355 M7

1290 292 1842 359 COMMENTARIUS
1876 292 1947 353 IN
1981 279 2430 355 mnuum“.
2473 294 2561 355 tu.

3439 280 3550 361 m

305 416 421 479 τοῖς
451 413 898 485 σιὶιμασινηαῦτῶν
935 405 1046 471 ἀπὸ
1086 415 1325 490 πλήθους
1354 406 1631 489 πορνείας.
1670 436 1689 470 ι
1737 416 1876 470 Πολο-

1979 416 2120 469 enim
2159 416 2497 485 signiﬁcatus
2555 380 2642 470 est
2694 410 2984 470 verborum
3025 411 3448 484 infunduntur
3491 422 3550 496 in

306 506 418 559 λῶν
440 506 515 570 δὲ,
538 507 726 577 φησὶν,
742 508 1170 581 ἀναιρουμένων,
1203 513 1278 580 (ρ.
1308 510 1435 580 544)
1470 512 1550 573 είς
1576 509 1878 578 ὀλιγίστους

306 594 448 665 ἄγαν
475 598 655 652 αὐτῶν
683 599 713 651 δ
736 599 967 671 ἀριθμὸς
1001 604 1388 674 περιστήσεται
1413 620 1426 634 ο
1455 601 1612 656 τοῦτο
1637 600 1746 672 γὰρ
1788 600 1878 653 λέ-

306 705 394 755 γει
430 689 512 753 τὸ,
542 690 976 763 «Ἀσθενήσουσιν
994 694 1174 755 ἐντοῖς
1217 691 1464 763 σώμασιν
1498 692 1697 755 αὐτῶν,
1735 710 1754 743 ι
1789 690 1877 742 ἴνα

310 781 463 855 εἴπῃ,
497 782 574 833 ὅτι
610 781 798 851 Ὀλίγα
839 782 1314 855 περιλειφθήσεται
1353 784 1576 855 σώματα
1598 797 1612 814 ⁶
1655 783 1749 836 καὶ
1777 781 1878 851 τὴν

307 872 489 925 αίτίαν
518 871 714 941 λέγων,
738 891 763 923 ι
796 874 902 927 ἀπὺ
925 875 1159 946 πλήθους
1188 876 1460 947 πορνείας.
1504 895 1523 927 ι
1554 872 1739 927 Ταῦτα
1765 872 1876 944 γὰρ

1972 506 2279 574 corporibus
2333 507 2468 561 suis.
2526 498 2728 571 Pauca,
2772 506 2989 576 inquit,
3038 517 3364 577 supererunt
3416 526 3551 566 cor-

1970 614 2144 669 pora;
2177 614 2510 670 causamque
2540 601 2615 654 rei
2667 599 2830 655 tradit
2872 602 3276 658 multitudinem
3302 604 3549 660 fornica-

1968 692 2204 744 tionum.
2240 688 2385 748 Haec.
2410 690 2504 752 ait,
2534 690 2828 759 patientur,
2861 694 2985 760 quia
3018 693 3218 745 mirum
3282 704 3547 763 quantum

1970 792 2006 833 a
2040 780 2146 833 Deo
2184 790 2557 833 recesserunt.
2610 780 2786 850 Atque
2822 782 2941 836 haec
2987 780 3081 837 Dei
3119 784 3315 853 placita
3352 786 3549 842 merito

1973 870 2039 924 ad
2069 872 2271 925 exitum
2304 870 2620 925 deducenda
2643 880 2791 926 sunt.

308 967 609 1033 πείσονται,
637 970 820 1040 φησὶν,
855 970 995 1043 ὑπὲρ
1025 964 1100 1025 ὧν
1137 971 1387 1025 πλεῖστον
1414 973 1537 1026 ὅσον
1563 970 1939 1042 ἐξετράπησαν
1967 968 2063 1020 τοῦ
2097 964 2268 1020 Θεοῦο
2304 967 2400 1021 καὶ
2447 968 2594 1023 τουτὶ
2634 968 2891 1040 πράττειν
2931 970 3079 1036 ἄξιον
3117 970 3223 1025 τῶν
3250 973 3547 1028 δοκούντων

308 1058 473 1112 αὐτῶ.

573 1149 710 1214 δὀζκ
745 1177 816 1191 -
863 1145 996 1202 Εἶτα
1034 1146 1303 1212 ὀνειδίζων
1338 1146 1580 1216 ἐπάγει·
1626 1164 1646 1197 ι
1695 1146 1873 1217 Πόρνη

308 1243 449 1315 καλὴ
492 1242 586 1295 καὶ
624 1242 875 1313 ἐπίχαρις
927 1240 1202 1312 ἡγουμένη
1245 1240 1570 1311 φαρμάκων.
1615 1257 1633 1290 ι
1678 1238 1750 1292 Σὺ
1788 1238 1873 1308 δὴ,

310 1336 496 1406 ιρησὶν,
538 1331 682 1406 ἦσθα
709 1337 743 1404 ἡ
785 1333 879 1387 τοῦ
918 1334 1287 1404 προσήκοντος
1317 1330 1757 1403 ὲκτετραμμένη,
1787 1330 1877 1383 eb-

308 1428 529 1500 πρεπὴς
579 1428 676 1497 μὲν
724 1424 888 1496 ἑαυτῇ
944 1425 1241 1496 φαινομένη
1298 1423 1385 1478 διὰ
1431 1424 1530 1492 τὴν
1581 1421 1876 1493 περιοῦσαν

310 1518 656 1584 δυναστείαν,
694 1517 948 1589 ἐπίχαρις
984 1516 1041 1570 δὲ
1077 1515 1164 1569 διά
1206 1516 1333 1579 τοὺς
1358 1514 1562 1586 ταύτης
1588 1512 1778 1568 ἒνεκέν
1814 1528 1873 1565 σε

311 1610 636 1682 θεραπεύειν
670 1607 1086 1672 ἐσπουδακότας,
1118 1608 1214 1662 καὶ
1245 1606 1311 1679 δὴ
1344 1608 1439 1661 καὶ
1468 1606 1685 1660 πάντων
1713 1604 1875 1674 ἐξαρ-

2040 1143 2212 1203 Vens.
2250 1148 2369 1205 4-7.
2405 1181 2472 1191 --
2499 1149 2704 1207 Deinde
2731 1153 3047 1210 convicians
3072 1156 3146 1209 ait
3179 1176 3193 1209 :
3236 1174 3255 1206 ι
3286 1155 3546 1213 Meretrix

1970 1240 2200 1309 pulchra
2220 1251 2278 1296 et
2302 1242 2568 1313 gratiosa,
2593 1244 2703 1297 dux
2726 1245 3131 1301 veneficiorum.
3166 1266 3187 1299 ν
3211 1246 3313 1313 T-u,
3344 1249 3541 1318 inquit,

1970 1331 2065 1386 illa
2097 1348 2158 1387 es
2193 1347 2313 1403 qua:
2350 1333 2419 1388 ab
2462 1334 2647 1389 'ollicio
2684 1338 2986 1403 recessisti,
3023 1352 3251 1409 quaeque
3294 1342 3545 1409 speciosa
3584 1332 3597 1349 “

1970 1420 2070 1476 tibi
2096 1424 2166 1477 ob
2192 1424 2480 1492 imperium
2502 1426 2797 1492 videbaris,
2827 1429 3064 1498 gratiosa
3088 1440 3305 1500 propter
3334 1447 3429 1486 eos
3448 1434 3543 1503 qui

1966 1510 2291 1571 dominatus
2314 1518 2392 1570 tui
2412 1531 2591 1571 causa
2619 1526 2672 1572 te
2698 1521 2877 1575 colere
2900 1523 3212 1589 certabant;
3244 1533 3297 1578 et
3326 1526 3545 1594 quidem

1969 1605 2193 1661 caeteris
2250 1622 2469 1677 quoque
2515 1609 2805 1677 impiorum
2852 1627 3061 1667 morum
3112 1616 3325 1669 auctrix
3373 1617 3541 1672 fuisti.

317 1670 413 1774 χος
452 1701 558 1755 τῶν
583 1702 677 1772 τῆς
718 1700 971 1764 ἀσεϐείας
1002 1670 1140 1754 ὲθῶν
1188 1670 1391 1771 ἑτέροις
1432 1699 1670 1768 ἐγίγνου.
1728 1716 1749 1749 ι
1816 1670 1880 1749 Ἦ

1989 1708 2008 1742 ι
2046 1691 2176 1758 Qure
2226 1670 2419 1752 vendis
2466 1670 2656 1766 gentes
2704 1698 3070 1757 fornicatione
3117 1711 3231 1767 tua,
3264 1713 3317 1759 et
3370 1706 3545 1763 tribus

319 1792 572 1847 πωλοῦσα
590 1793 712 1864 ἔθνη
738 1795 795 1846 ὲν
815 1794 882 1865 τῇ
914 1792 1140 1864 πορνείᾳ
1159 1792 1347 1863 αὐτῆς,
1379 1791 1470 1845 καὶ
1493 1790 1665 1860 φυλὰς
1694 1791 1753 1842 ὲν
1772 1790 1882 1851 τοῖς

320 1880 627 1953 φαρμάκοις
658 1881 847 1953 αὐτῆς.
885 1899 905 1932 ι
949 1880 1251 1952 Ὀλὸκληρα
1285 1879 1393 1951 γὰρ
1425 1878 1553 1950 ἔθνη
1586 1878 1680 1932 καὶ
1711 1875 1883 1946 φυλὰς

317 1973 443 2036 ὅλας
471 1976 534 2045 τῇ
565 1973 780 2044 ἐξουσία
822 1972 1281 2043 κατακεχρημένη
1319 1973 1386 2043 τῇ
1436 1970 1614 2042 οίκείᾳ
1635 2011 1650 2035 ,
1680 1971 1759 2031 είς
1785 1966 1883 2038 τὴν

314 2064 482 2133 αὐτὴν
521 2080 603 2116 σοι
634 2061 983 2133 συμμετῆγες
1011 2060 1286 2124 ἀσέϐειαν,
1327 2060 1420 2113 καὶ⁵
1466 2062 1645 2113 πᾶσαν
1677 2058 1741 2121 δὴ
1778 2056 1883 2127 τὴν

310 2154 439 2228 περὶ
463 2155 534 2208 τὰ
559 2153 785 2207 τοιαῦτα
820 2152 1073 2224 σπουδήν.
1124 2169 1144 2201 ι
1192 2150 1322 2204 Ἰδοὺ
1360 2149 1470 2219 ἐγὼ
1497 2149 1590 2204 ἐπὶ
1620 2150 1698 2212 σὲ,
1732 2148 1881 2217 λέγει

306 2250 516 2322 Κύριος
552 2251 581 2302 ὀ
608 2248 745 2311 Θεὸς
778 2250 807 2300 ὁ
852 2245 1278 2315 παντοκράτωρ
1315 2244 1410 2297 καὶ
1436 2240 1772 2311 ἀποκαλύψω
1813 2239 1884 2294 τὰ

307 2343 487 2396 ὀπίσω
534 2358 627 2395 σου
679 2340 771 2393 ἐπὶ
817 2339 879 2392 τὸ
911 2336 1200 2410 πρόσωπόν
1243 2348 1371 2389 σου·
1414 2335 1510 2389 καὶ
1542 2334 1701 2399 δείξω
1739 2332 1885 2387 ἔθνε-

310 2453 394 2488 σιν
436 2433 539 2504 την
587 2432 847 2503 αἰσχύνην
891 2448 1007 2492 σου,
1038 2429 1130 2482 καὶ
1178 2426 1475 2497 βασιλείαις
1517 2426 1616 2497 τὴν
1664 2426 1883 2495 ἀτιμίαν

309 2546 428 2593 σου,
464 2528 559 2580 καὶ
592 2524 867 2597 ὲπιρῤίψω
894 2524 987 2575 ὲπὶ
1019 2523 1077 2575 σὲ
1122 2521 1419 2593 βδελυγμὸν
1441 2561 1455 2582 ,
1484 2520 1579 2574 καὶ
1616 2520 1714 2579 τὰς
1749 2520 1884 2574 ἀκα-

302 2622 542 2693 θαρσίας
587 2635 715 2671 σου·
750 2616 1041 2687 καθίσομαί
1076 2632 1135 2667 οε
1166 2616 1244 2679 είς
1282 2613 1653 2685 παράδειγμα.
1705 2632 1724 2665 ›
1759 2613 1883 2664 Τοι-

306 2708 518 2782 γαροῦν
545 2707 656 2777 ἐγώ
687 2724 788 2770 σοι,
831 2706 993 2776 φησίν
1028 2705 1057 2758 ὁ
1094 2705 1247 2769 Θεὸς,
1276 2704 1536 2772 ἀνάλογον
1563 2706 1683 2767 ταῖς
1702 2701 1883 2755 τοιαύ-

298 2816 432 2867 ταις
470 2801 722 2865 ἀτοπίαις
760 2798 945 2863 ἐπάξω
977 2798 1073 2869 τὴν
1110 2796 1383 2869 τιμωρίαν
1408 2814 1422 2827 ·
1458 2792 1742 2866 περιϐαλῶ
1770 2794 1882 2864 γάρ

310 2915 395 2963 σε,
430 2896 620 2966 φησιν,
648 2891 878 2963 αἰσχύνῃ
898 2890 1146 2961 παντοίᾳ,
1173 2890 1247 2959 (p.
1272 2889 1400 2959 7H5)
1418 2888 1612 2959 ὥσπερ
1641 2886 1708 2941 ἂν
1730 2887 1882 2950 είτινς

1984 1784 2295 1853 pliarmacis
2327 1788 2456 1843 tuis.
2498 1807 2517 1839 ι
2554 1788 2753 1845 Gentes
2782 1792 3019 1861 integras
3060 1795 3345 1866 tribusque
3378 1806 3543 1863 totas,

1984 1885 2254 1945 potestate
2280 1888 2369 1933 tua
2399 1880 2653 1943 abutens.
2683 1883 2749 1936 ad
2784 1884 3077 1954 impietatis
3099 1894 3204 1940 tua:
3230 1890 3543 1944 societatem

1984 1970 2279 2038 pellexisti.
2320 1991 2339 2023 ι
2378 1971 2515 2028 Ecce
2542 1990 2643 2045 ego
2666 1991 2831 2045 super
2864 1986 2937 2043 te,
2980 1980 3074 2043 ait,
3110 1978 3371 2036 Dominus
3405 1981 3549 2037 Deus

1978 2061 2646 2131 'omnipotens;‘revelabo
2684 2074 2988 2137 posteriora
3028 2077 3119 2123 tua
3154 2085 3319 2141 super
3351 2070 3545 2126 faciem

1984 2159 2172 2207 tuam:
2203 2156 2483 2209 Ostendam
2514 2158 2763 2226 gentibus
2805 2159 3154 2229 ignominiam
3195 2171 3366 2226 tuam,
3407 2166 3546 2235 regi-

1970 2241 2087 2297 bus
2115 2244 2375 2312 probrum
2406 2255 2579 2313 tuum,
2606 2249 2915 2320 jaciamque
2934 2263 3170 2321 super'te
3190 2256 3548 2310 abominatio-

1972 2348 2106 2387 ηοω
2134 2344 2191 2389 et
2233 2334 2633 2392 immunditiam
2670 2348 2853 2407 tuam;
2901 2349 3137 2396 statuam
3173 2350 3226 2398 te
3272 2343 3325 2398 in
3365 2361 3548 2399 exem-

1983 2427 2153 2493 plum.
2180 2445 2202 2476 θ
2236 2426 2717 2496 Quamobrem,ait
2748 2430 2915 2495 Deus,
2939 2449 3207 2504 congruas
3238 2437 3400 2509 226
3422 2439 3548 2494 lmic

1983 2519 2218 2574 vesaniae
2262 2533 2452 2589 pinnas
2500 2528 2821 2592 imponam:
2868 2529 3201 2596 cuoperiam,
3252 2532 3450 2601 inquit,
3495 2542 3551 2588 te

1985 2609 2283 2679 ignominia
2333 2613 2678 2681 omnimoda,
2736 2617 2903 2672 veluti
2959 2633 3083 2673 cum
3142 2622 3267 2691 quis
3310 2623 3545 2694 aliquem

1974 2706 2401 2761 'excruciaturus
2433 2708 2733 2762 detractam
2769 2711 2817 2765 ei
2843 2721 3045 2768 vestem
3080 2715 3133 2768 in
3178 2717 3385 2772 vultum
3416 2734 3550 2773 con-

1985 2798 2121 2867 gerit
2154 2798 2502 2862 universam,
2546 2808 2605 2853 ut
2642 2809 2801 2871 turpe
2834 2804 2905 2858 sit
2956 2804 3219 2862 nuditatis
3259 2820 3552 2878 spectacu-

1987 2889 2120 2954 lum,
2171 2904 2355 2944 amara
2402 2900 2582 2947 autem
2636 2895 2975 2951 cruciatuum
3030 2903 3401 2968 exspectatio;
3453 2904 3547 2973 qui

308 2985 622 3052 αἱκίζεσθαί
657 3002 777 3037 τινα
813 2982 1039 3054 μέλλων,
1079 2980 1293 3051 ἀφελὼν
1324 2981 1425 3051 τὴν
1461 2979 1661 3048 ἐσθῆτα
1695 2978 1787 3069 ἐπὶ,
1821 2977 1880 3030 τὸ

1986 2981 2203 3050 quidem
2238 2984 2414 3053 capite
2462 2984 2703 3040 vestibus
2746 2987 3023 3055 obvoluto,
3064 3006 3132 3046 ne
3176 3007 3289 3047 rem
3326 2994 3547 3064 quidem

308 3083 606 3152 πρόσωπον
638 3077 915 3131 ὲλκύσειεν
946 3076 1170 3130 Δἃπασαν
1190 3113 1204 3138 ,
1237 3074 1312 3137 ὡς
1339 3072 1567 3143 αἰσχρὰν
1610 3070 1707 3142 μὲν
1743 3066 1879 3123 εἶναι

305 3175 407 3243 τῆς
449 3171 781 3242 γυμνώσεως
814 3169 912 3238 τὴν
953 3166 1109 3231 θέαν,
1153 3164 1354 3238 πικρὰν
1389 3162 1443 3215 δὲ
1483 3161 1577 3215 τοῦ
1619 3159 1877 3231 οἰκισμοῦ

304 3268 405 3338 τὴν
456 3262 821 3336 προσδοκίαν*
871 3256 1332 3331 περιϐεϐλημένος
1372 3256 1428 3309 δὲ
1472 3257 1537 3326 τῇ
1586 3253 1773 3324 ἐσθῆτι
1820 3254 1880 3306 τὸ

306 3358 637 3429 πρόσωπον,
699 3352 832 3427 μηδὲ
888 3352 1068 3423 διορᾷν
1106 3350 1174 3403 τά
1214 3348 1548 3419 προκείμενα
1596 3343 1875 3398 δύνασθαι.

306 3447 467 3501 Οῦτω
488 3447 580 3517 δὴ,
610 3446 793 3515 φησὶν,
824 3443 1038 3497 ᾶπαντά
1065 3456 1157 3494 σου
1187 3439 1277 3492 τὸν
1306 3438 1509 3507 κόσμον
1535 3434 1769 3506 ἀφελὼν,
1800 3434 1880 3495 είς

304 3538 537 3608 ἀτιμίαν
565 3535 916 3604 καταστήσας
942 3531 1039 3603 τὴν
1071 3530 1330 3624 ἐσχάτην,
1358 3531 1425 3599 τῇ
1467 3526 1589 3624 τῶν-
1610 3523 1878 3624 πολεμίων

306 3632 535 3686 ἐκδώσω
592 3628 864 3699 τιμωρίᾳ,
910 3624 1052 3677 ὥστε
1092 3624 1225 3676 πᾶσι
1264 3621 1362 3692 μὲν
1404 3622 1517 3681 τοῖς
1568 3619 1880 3685 ἁπανταχοῦ

305 3721 590 3796 περιφανῆ
619 3736 711 3772 σου
735 3718 833 3788 τὴν
855 3714 1111 3786 αίσχύνην
1130 3712 1221 3767 καὶ
1240 3714 1339 3779 τὴν
1363 3711 1586 3781 ἀτιμίαν
1606 3708 1875 3777 γενέσθαι,

308 3811 615 3885 βδελυκτὴν
642 3810 697 3862 δέ
725 3825 784 3861 σε
820 3808 911 3859 καὶ
936 3805 1023 3859 διὰ
1052 3805 1148 3875 τῆς
1178 3804 1344 3874 ἀκοῆς
1384 3802 1555 3855 ἅπασι
1596 3797 1878 3869 φαίνεσθαι

309 3906 508 3976 μόνης,
541 3902 681 3971 ὑπὲρ
707 3894 782 3953 ὧν
809 3900 886 3960 είς
913 3897 1177 3968 τοσαύτην
1203 3893 1471 3948 εὐτέλειαν
1505 3890 1875 3961 κατενήνεξαι·

306 3996 548 4067 πάτημά
589 4010 649 4046 τε
695 3995 948 4061 γεγονυῖα
986 3990 1199 4042 πάντων
1251 3986 1343 4040 καὶ
1389 3983 1739 4055 παράδειγμα
1780 3981 1880 4050 τῆς

304 4088 552 4159 ὲηάτης
592 4083 812 4153 ἀτιμίας
840 4077 1217 4149 ἀποδειχθεῖσα
1243 4078 1310 4148 τῇ
1342 4073 1611 4144 ὑπερϐολῇ
1641 4072 1748 4125 τῶν
1780 4087 1880 4124 κα·

303 4182 444 4235 κῶν.
501 4197 521 4229 ι
562 4177 672 4229 Καὶ
702 4174 874 4239 ἔσται,
904 4174 1009 4235 πᾶς
1041 4173 1070 4224 ὁ
1096 4169 1237 4242 ὀρῶν
1268 4185 1348 4232 σε,
1374 4166 1741 4237 καταϐήσεται
1770 4162 1879 4220 ἀπὸ

305 4274 427 4337 σοῦ,
463 4272 564 4325 καὶ
596 4271 740 4341 ἐρεῖ,
766 4265 981 4320 Δειλαία
1010 4263 1210 4333 Νινευὴ
1235 4302 1249 4325 ,
1276 4260 1360 4325 τίς
1390 4258 1632 4323 στενάξει
1664 4258 1749 4312 ἐπ’
1782 4258 1880 4311 αὐ-

1987 3085 2300 3141 pnrsemem
2325 3088 2550 3129 cernere
2572 3085 2773 3145 potest.
2800 3078 3036 3135 Prorsus
3060 3081 3152 3143 ita,
3178 3084 3272 3147 ait,
3302 3084 3550 3140 detracto

1986 3164 2133 3217 omni
2163 3173 2361 3218 ornatu
2391 3172 2507 3228 tuo,
2536 3166 2588 3220 in
2614 3175 2852 3222 extrema
2881 3180 2933 3225 te
2963 3171 3254 3241 ignominia
3282 3177 3551 3231 constitu-

1987 3261 2119 3318 tam,
2160 3253 2409 3310 hostibus
2441 3257 2771 3325 puniendam
2817 3259 3048 3315 tradam.
3093 3261 3183 3317 Sic
3217 3265 3361 3319 omni
3394 3269 3548 3336 genti

1986 3346 2244 3415 probrum
2270 3355 2430 3401 tuum
2480 3363 2544 3402 ac
2599 3350 2882 3419 turpitudo
2939 3353 3370 3421 exploratissima
3413 3360 3548 3413 fiet:

1988 3436 2171 3505 tuique
2198 3437 2448 3502 nominis.
2475 3440 2559 3492 vel
2590 3440 2706 3492 sola
2738 3441 2946 3495 auditio
2974 3445 3185 3499 cunctis
3209 3446 3312 3499 erit
3340 3448 3549 3503 abomi-

1984 3530 2215 3591 nabilis,
2274 3539 2560 3601 postquam
2607 3531 2664 3585 in
2709 3542 2911 3586 tantam
2952 3535 3211 3589 vilitatem
3257 3536 3549 3601 decideris.

1985 3619 2300 3688 proculcata
2346 3620 2413 3673 ab
2468 3621 2743 3684 omnibus,
2795 3637 3131 3693 excessuque
3178 3628 3442 3681 malorum
3482 3629 3548 3683 ad

1984 3722 2209 3765 Sillnmae
2243 3710 2549 3779 ignominiae
2570 3714 2875 3781 exemplum
2913 3716 3210 3784 proposita.
3252 3735 3272 3768 ι
3326 3718 3389 3771 Et
3423 3721 3550 3786 erit,

1984 3801 2542 3871 quicunque'viderit,
2568 3802 2863 3858 descendet
2889 3820 2917 3857 a
2951 3814 3021 3867 te,
3046 3806 3294 3877 dicetque
3318 3828 3330 3864 :
3357 3807 3550 3866 Ninive

1986 3890 2196 3952 infelix,
2244 3892 2369 3960 quis
2401 3892 2476 3945 illi
2523 3893 2877 3962 ingemiscet?
2902 3897 3176 3966 quodnam
3206 3899 3255 3953 ei
3306 3902 3549 3958 solamen

1985 3984 2342 4052 conquiram?
2388 4002 2407 4035 ›
2454 3983 2555 4050 Qui
2601 3986 2714 4040 haec
2758 3987 2811 4040 in
2863 3998 3139 4057 posterum
3180 3990 3437 4057 viderint,
3484 4010 3548 4049 ac

1986 4073 2285 4142 superioris
2330 4074 2513 4145 gloria:
2561 4085 2665 4131 tua:
2715 4078 2881 4147 probe
2926 4081 3299 4148 meminerint,
3344 4085 3548 4140 omissa

1985 4166 2073 4220 illa
2095 4166 2163 4222 de
2193 4175 2245 4222 te
2274 4168 2655 4232 zestimatione,
2684 4168 2868 4224 odium
2898 4171 3273 4227 misericordia
3302 4189 3549 4230 commu-

1986 4257 2217 4323 tabunt;
2267 4257 2321 4311 id
2357 4259 2499 4313 enim
2543 4262 2698 4314 aiunt
2733 4263 2894 4317 verba
2928 4263 3199 4319 descendet
3231 4282 3263 4318 a
3298 4276 3381 4332 te;
3423 4275 3547 4321 tua-

302 4368 431 4439 τὴν,
462 4363 632 4416 πόθεν
659 4362 873 4431 ζητήσω
904 4355 1241 4428 παράκλησιν
1271 4354 1437 4424 αὐτῇς
1474 4372 1492 4404 ι
1522 4350 1587 4405 Ὀἱ
1612 4352 1677 4420 δὴ
1708 4351 1879 4405 ταῦτα

1984 4366 2088 4420 que
2118 4351 2258 4405 mala
2290 4352 2717 4416 miserabuntur,
2753 4368 2932 4411 mente
2956 4367 3267 4427 reputantes
3293 4360 3410 4415 ﬁeri
3436 4377 3545 4416 non

303 4456 504 4511 λοιπὸν
538 4450 791 4525 ὁρῶντες,
835 4448 929 4501 καὶ
956 4447 1053 4517 τὴν
1080 4442 1386 4515 προσοῦσάν
1418 4443 1761 4515 σοιτπρόσθεν
1791 4442 1884 4495 εύ-

303 4546 563 4620 πραγῖαν
601 4540 799 4603 εἰδότες
832 4535 1036 4606 σαφῶς,
1065 4534 1397 4598 ἀποστάντες
1428 4534 1526 4605 τῆς
1564 4532 1885 4603 ὑπολήψεως

301 4641 534 4708 ἐκείνης
559 4629 628 4707 ἧς
647 4629 799 4702 ἐἶχον
840 4629 967 4700 περὶ
990 4627 1082 4681 σοῦ
1105 4668 1119 4693 ,
1145 4629 1223 4692 είς
1248 4626 1394 4681 ἔλεον
1419 4626 1645 4680 τὸνκατά
1675 4627 1767 4679 σοῦ
1798 4642 1889 4696 με·

1968 4456 2143 4511 posse
2173 4448 2234 4495 ut
2267 4442 2427 4512 digne
2471 4442 2596 4513 quis
2628 4442 2883 4499 inﬂictam
2915 4447 3010 4499 tibi
3047 4450 3410 4507 calamitatem
3453 4454 3549 4509 de-

1983 4535 2179 4603 ploret,
2228 4543 2320 4592 ant
2368 4535 2612 4590 solamen
2654 4536 2875 4607 aliquod
2918 4540 3001 4594 vel
3044 4543 3343 4599 remedium
3382 4561 3548 4601 exco-

1981 4628 2131 4695 gitet.

286 4731 646 4799 ’ταπήσουσι
679 4726 862 4794 μῖσος’
918 4721 1077 4774 τοῦτο
1127 4720 1234 4789 γὰρ
1272 4718 1433 4789 ’λέγει
1473 4718 1535 4771 τὸ
1583 4737 1602 4771 ι
1666 4718 2032 4787 καταϐήσεται
2084 4719 2191 4771 ἀπὸ
2252 4719 2368 4780 σοῦ,
2412 4738 2431 4772 ι
2480 4718 2621 4774 ὥστε
2664 4721 2757 4774 καὶ
2793 4721 2961 4775 ἐλεεῖν
2997 4740 3053 4776 σε
3082 4722 3189 4778 τῐύν
3217 4729 3550 4800 κατεχόντων

300 4821 526 4882 κακῶν,
567 4812 1043 4885 συλλογιζομένους
1098 4811 1173 4875 ὡς
1235 4809 1355 4863 οὗτε
1415 4809 1641 4861 ’δυνατόν
1701 4824 1824 4861 τινα
1881 4807 2119 4873 ὲπατξίως
2164 4807 2461 4879 ὀδύρασθαι
2511 4808 2609 4879 τὴν
2660 4809 3038 4879 ὲπιγεγονυῖἁν
3093 4830 3175 4868 σοι
3230 4816 3546 4887 συμφορὰν,

305 4922 404 4992 (p.
436 4916 555 4972 356
578 4918 597 4985 )
625 4912 739 4967 ἀλλ’
763 4911 886 4965 οὐδὲ
909 4908 1247 4981 παράκλησίν
1276 4922 1405 4960 τινα
1440 4906 1530 4959 καὶ
1558 4904 1851 4976 θεραπείαν
1882 4903 2165 4975 εὑρεθῆναι
2182 4898 2312 4957 ὀἶόν
2337 4903 2535 4957 τετῶν
2552 4903 2823 4959 τοσούτων
2856 4908 3059 4964 κακῶν.

362 5009 538 5077 ’Στί-χ.
566 5005 639 5076 η’.
666 5037 734 5048 -
768 5022 787 5054 ι
830 5004 1099 5075 Ἀρμοσαι
1128 4999 1323 5071 χορδὴν
1344 5041 1359 5065 ,
1383 4999 1685 5068 ὲτοίμασαι,
1725 4995 1883 5068 μερὶς

312 5098 559 5172 ’Ᾱμμὼν
578 5138 592 5161 ,
641 5092 969 5150 κατοικοῦσα
1002 5094 1059 5145 ὲν
1086 5093 1368 5157 ποταμοῖς,
1400 5088 1543 5161 ’ὕδωρ
1574 5086 1757 5158 κύκλῳ
1790 5087 1885 5140 αὑ·

298 5195 430 5264 τῆς·
459 5194 494 5262 ἡ
530 5189 595 5261 σὴ
621 5186 763 5259 ἀρχὴ
789 5186 1047 5249 θάλασσα,
1079 5184 1173 5237 καὶ
1196 5181 1341 5253 ὕδωρ
1366 5180 1435 5235 τὰ
1458 5179 1827 5251 τείχηναύτῆς.
1846 5197 1875 5230 -›

284 5285 472 5348 Τινὲς
520 5279 749 5353 Ἀμμὼν
778 5279 982 5347 ἔφασαν
1013 5274 1246 5330 ἐνταῦθα
1280 5275 1533 5343 λέγεσθαι
1566 5275 1664 5345 τὴν
1692 5274 1884 5344 ὀνομα-

299 5376 556 5449 ζομένην
579 5371 677 5425 νῦν
716 5367 1233 5441 ’Δλεξάνδρειανηὲπὶ
1260 5367 1358 5437 τῆς
1386 5365 1681 5434 Αἰγύπτου·
1705 5363 1882 5418 καίτοι

297 5483 369 5535 γε
396 5464 564 5535 δῆλον
602 5461 688 5514 ὅτι
727 5460 894 5528 ὲγγύς
938 5474 1038 5512 που
1088 5456 1223 5527 μετά
1259 5456 1585 5527 τετρακόσια
1637 5453 1733 5525 ἐτη
1784 5453 1882 5523 τῆς

300 5553 658 5629 προφητείας
702 5551 906 5619 ταύτης
962 5547 1303 5619 Ἀλέξανδρος
1337 5549 1367 5600 ὁ
1413 5546 1511 5616 τῆς
1549 5543 1884 5608 Μακεδονίας

297 5649 505 5716 γέγονε
540 5644 814 5715 βασιλεὺς,
842 5641 900 5704 ὃς
931 5641 1027 5694 σὺν
1056 5639 1267 5702 πολλοῖς
1297 5640 1501 5710 ἑτέροις
1531 5635 1883 5707 κατεσχηκὼς

297 5737 411 5809 τῆς
452 5734 736 5806 Αίγύπτου
755 5774 771 5801 ,
801 5730 1084 5804 ἐπώνυμον
1120 5728 1296 5801 ἑαυτῷ
1326 5730 1425 5801 τὴν
1482 5729 1883 5799 Ἀλεξάνδρειαν

2032 4992 2214 5051 'V'sus.
2236 4996 2394 5049 8.-ι
2432 4996 2569 5065 Apta
2589 4996 2868 5065 chordam,
2891 5015 3142 5071 compara
3168 5009 3237 5063 te,
3256 5016 3396 5071 pars
3419 5002 3565 5065 Ani-5

1964 5100 2125 5151 ~m'on,
2146 5101 2272 5157 quae
2297 5087 2490 5143 incolis
2512 5086 2737 5143 ﬂumina
2766 5108 2779 5143 :
2802 5104 2941 5159 aqua
2970 5091 3025 5145 in
3049 5092 3278 5145 circuitu
3302 5092 3546 5160 ejus,ini-

1963 5177 2263 5248 'tiumejus
2288 5190 2459 5245 mare,
2492 5193 2632 5250 aqua
2654 5182 2854 5236 mmnia
2872 5183 3009 5249 ejus.
3050 5199 3070 5233 ›
3100 5179 3359 5236 Nonnulli
3388 5184 3546 5239 dixe-

1960 5269 2568 5326 ‘runt‘Ammonem'hic
2592 5274 2847 5343 appellari
2884 5273 3265 5327 Alexandriam
3299 5278 3541 5349 ngypti.

1980 5361 3020 5435 ‘Atquircompertu'm‘est,quadringentis
3034 5365 3253 5421 circiter
3266 5377 3386 5439 post
3402 5370 3544 5426 hanc

1969 5456 2316 5526 prophetiam
2352 5458 2511 5513 annis
2547 5455 2914 5511 Alexandrum
2962 5455 3311 5513 Macedonum
3361 5476 3541 5530 regem

1972 5548 2278 5613 exstitisse,
2304 5551 2397 5619 qui
2422 5558 2684 5617 occupata
2710 5563 2833 5602 cum
2864 5547 2984 5604 aliis
3012 5550 3197 5605 multis
3226 5552 3541 5622 regionibus

1979 5638 2233 5711 Egypto,
2279 5640 2659 5711 cognominem
2703 5638 2805 5693 sibi
2849 5640 3229 5697 Alexandriam
3271 5644 3539 5700 condidit.

1980 5733 2134 5800 Quod
2165 5733 2210 5790 si
2240 5733 2365 5804 quis
2395 5732 2563 5800 dicat,
2592 5740 2718 5790 ante
2743 5732 2891 5789 hunc
2926 5748 3143 5806 quoque
3173 5734 3455 5793 exstitisse
3484 5739 3544 5798 in
