4054 6238
489 271 596 324 M0

1665 261 2016 323 TllEODORl
2055 261 2282 322 MOPSU
2292 263 2530 320 ESTBNI

3614 261 3718 316 620

487 411 557 450 eo
590 394 709 447 loco
739 388 927 447 urbem
951 389 1170 449 nomine
1193 388 1535 455 Ammonem,
1563 390 1739 460 deque
1765 391 1868 445 hac
1893 390 2054 444 modo

2171 389 2484 460 πεποίηκεν·
2515 389 2564 442 εί
2597 385 2671 460 μὴ
2708 387 2818 459 ἄρα
2851 404 2935 451 τις
2965 386 3140 441 έκεῖνο
3174 384 3320 456 λέγοι
3373 384 3455 439 ὅτι
3481 383 3574 438 καὶ
3614 385 3718 454 πρὸ

493 483 812 553 prophetam
844 482 1021 551 loqui;
1056 481 1324 551 profecto,
1359 482 1502 551 quod
1536 480 1810 550 szepejam
1845 481 2052 543 monui,

496 588 958 643 supervacaneam
989 573 1149 642 227
1175 589 1296 629 esse
1322 573 1558 627 arbitror
1581 587 1746 642 super
1779 571 1864 625 his
1897 571 2057 626 rebus

496 664 900 729 curiositatem;
923 664 1190 734 siquidem
1225 664 1356 718 nihil
1386 679 1450 718 ea
1476 662 1687 718 confert
1713 665 1778 716 ad
1816 662 1893 718 rei
1938 678 2059 732 pro-

499 758 690 826 posita:
714 755 1149 826 intelligentiam.
1180 755 1360 821 Quare
1387 755 1641 809 subtilior
1662 753 1730 808 de
1759 754 1845 809 his
1870 754 2059 823 dispu-

501 853 656 913 tatio,
699 861 837 901 vana
875 847 1163 901 ostentatio
1202 847 1508 910 hominum,
1539 844 1631 916 qui
1655 844 1827 898 videri
1870 844 2059 898 volunt

501 937 852 991 incertiorum
889 936 1129 990 locorum
1160 937 1380 989 nomina
1412 934 1780 1004 interpretari.
1816 933 1950 989 Illud
1977 943 2060 989 est

501 1027 642 1098 apud
694 1042 790 1080 eos
840 1025 1171 1088 fabulosius,
1220 1030 1342 1078 cum
1400 1024 1553 1077 aiunt
1611 1025 1678 1078 de
1723 1025 2060 1080 Alexandriae

500 1120 665 1174 exitio
695 1118 1013 1188 prophetam
1045 1118 1213 1185 loqui,
1242 1125 1297 1171 ut
1323 1115 1573 1171 ostendat
1598 1118 1675 1172 nil
1699 1119 1894 1173 mirum
1914 1133 2057 1182 esse,

501 1212 549 1266 si
578 1212 716 1266 idem
748 1225 962 1279 quoque
1002 1209 1207 1264 Ninivaa
1239 1209 1517 1264 acciderit.
1564 1208 1750 1280 Neque
1795 1209 1937 1265 enim
1967 1225 2061 1264 so-

502 1301 603 1357 lari
649 1303 828 1357 verbis
867 1301 1094 1357 Niniven
1136 1302 1393 1372 propheta
1434 1303 1567 1355 vult.
1606 1301 1773 1358 Porro
1801 1303 1870 1358 ad
1917 1304 2063 1360 sola-

503 1407 625 1448 men
670 1395 921 1463 pertinet,
969 1395 1158 1449 alienae
1211 1394 1540 1450 calamitatis
1591 1396 2061 1462 commemoratio,

501 1485 660 1553 quasi
706 1485 818 1537 haec
856 1485 1012 1538 malis
1056 1487 1352 1539 exercitum
1397 1497 1622 1541 recreet.
1677 1486 1881 1542 Revera
1933 1503 2066 1542 mae-

505 1583 621 1630 stos
657 1576 929 1629 consolari
969 1576 1206 1630 solemus
1238 1576 1512 1632 mentione
1542 1578 1691 1647 paria
1722 1577 2062 1648 patientium,

506 1682 576 1720 ne
611 1665 732 1735 plus
761 1680 915 1736 :equo
944 1666 1142 1720 animis
1177 1667 1487 1730 concidant,
1519 1669 1676 1737 quasi
1708 1659 1913 1738 aliquid
1944 1670 2066 1724 inu-

507 1758 652 1811 sitati
705 1758 838 1826 ipsis
879 1755 1162 1811 acciderit.
1210 1758 1409 1812 Contra
1455 1761 1676 1814 omnino
1724 1762 2064 1831 exploratum

505 1855 610 1908 est,
637 1847 953 1916 prophetam
984 1849 1262 1902 eventuris
1294 1847 1499 1902 Niniva:
1538 1851 1693 1905 malis
1720 1859 1955 1906 veterem
2002 1853 2067 1905 il-

507 1939 615 1993 lius
673 1939 982 1993 felicitatem
1034 1940 1365 2010 adjungere,
1424 1956 1530 2009 qua
1593 1941 1877 1998 calamitas
1948 1942 2068 2012 ejus

507 2029 913 2098 comparatione
958 2031 1174 2102 gravior
1214 2031 1499 2087 evadebat.
1550 2031 1656 2087 Sed
1710 2033 1823 2090 haec
1877 2050 2070 2104 super-

508 2118 715 2173 fluitate
762 2120 994 2190 quadam
1048 2121 1319 2176 sermonis
1359 2121 1501 2176 dicta
1553 2130 1733 2176 sunto.
1778 2122 1906 2177 Loci
1941 2139 2069 2179 vero

510 2213 779 2266 sententia
803 2224 884 2267 est
914 2230 926 2264 :
966 2212 1127 2266 Venit
1172 2230 1347 2284 usque
1383 2215 1436 2268 in
1463 2213 1756 2285 Aigypmm
1789 2216 2068 2288 Assyrius.

510 2305 680 2358 multa
712 2306 786 2360 ibi
818 2321 1035 2376 quoque
1067 2308 1206 2360 mala
1249 2309 1513 2378 patravit,
1545 2319 1598 2364 et
1623 2310 1840 2380 quidem
1883 2312 2070 2381 profu-

510 2411 609 2464 gos
658 2395 788 2451 illuc
841 2396 1112 2454 lsraelitas
1160 2399 1470 2470 ibidemque
1515 2402 1772 2472 degentes
1821 2404 2072 2459 maximis

510 2489 870 2545 incommodis
895 2489 1096 2555 affecit,
1126 2500 1184 2545 ut
1216 2491 1385 2548 Oseas
1412 2494 1672 2563 propheta
1700 2495 2070 2549 demonstrat:

517 2598 536 2632 ι
578 2580 868 2651 Propterea
920 2597 1048 2638 ecce
1107 2583 1317 2653 fugient
1353 2585 1420 2638 ab
1459 2584 1790 2640 adversitate
1831 2584 2069 2657 [Egypth

512 2671 741 2740 recipiet
772 2686 866 2726 eos
905 2670 1190 2740 Memphis,
1226 2671 1452 2742 sepeliet
1496 2687 1591 2726 eos
1632 2671 1907 2728 Machmas
1941 2675 2002 2726 '°.
2050 2693 2068 2726 ι

516 2761 794 2831 Significat
822 2777 941 2831 quae
969 2763 1036 2816 ab
1062 2763 1304 2832 Assyriis
1332 2762 1622 2833 {Egyptum
1655 2763 1917 2834 ingressis
1949 2782 2073 2836 per-

515 2852 729 2922 pessuri
769 2860 923 2907 erant
948 2850 1162 2923 profugi
1206 2851 1486 2908 lsraelitae.
1519 2853 1693 2908 Sicuti
1726 2871 1855 2924 ergo
1885 2857 1940 2910 in
1975 2873 2073 2913 su-

517 2940 841 3008 perioribus,
881 2945 1164 3010 postquam
1195 2950 1512 3012 correptura
1544 2945 1797 3014 Assyrios
1829 2947 1968 2999 mala
1994 2963 2070 3002 re-

2157 484 2342 538 τούτου
2361 483 2512 546 πόλις
2540 478 2608 553 ἦν
2628 482 2813 536 αὐτόθι
2849 479 3071 551 Ἀμμὼν
3092 479 3379 550 λεγομένη,
3398 477 3528 549 περὶ
3561 473 3628 547 ἧς
3649 477 3720 530 τὰ

2156 575 2250 628 νῦν
2286 577 2314 628 6
2340 575 2618 646 προφήτης
2647 573 2838 644 φησίν·
2871 570 3007 624 ἀλλά
3032 569 3162 640 γὰρ,
3201 569 3231 622 6
3275 568 3532 630 πολλάκις
3562 567 3716 636 ἔφην.

2158 666 2414 738 περιττὴν
2447 662 2582 720 εἶναι
2611 666 2717 718 τῶν
2751 663 3005 718 τοιούτων
3040 661 3281 734 ἠγοῦμαι
3309 661 3408 732 τὴν
3439 659 3720 732 ἀκριϐολοι

2158 758 2301 826 γίαν,
2323 757 2469 810 ὁπότ’
2502 758 2567 810 ἂν
2606 757 2770 827 μηδὲν
2798 756 2877 819 εἰς
2909 753 3212 824 φανέρωσιν
3231 755 3330 824 τῆς
3355 751 3720 824 προκειμένης

2161 849 2384 919 συντελῇ
2406 847 2660 912 διανοίας*
2681 847 2821 900 ὥστε
2845 847 2937 900 καὶ
2961 844 3214 909 ἐπίδειξίν
3241 863 3363 899 τινα
3391 845 3553 916 κενὴν
3579 839 3720 899 εἶναι

2160 941 2256 1012 τὴν
2299 942 2427 1011 περὶ
2465 939 2534 993 τὰ
2572 939 2796 993 τοιαῦτα
2842 937 3260 1010 ἀκριϐολογίαν,
3305 937 3393 991 ἵνα
3424 937 3487 1008 δὴ
3520 937 3720 991 δοκῶσι

2160 1033 2287 1094 τοὺς
2312 1029 2660 1101 ἁδηλοτέρους
2681 1031 2799 1092 ταῖς
2823 1029 3136 1100 ὀνομασίαις
3155 1028 3475 1100 ἑρμηνεύειν
3497 1029 3717 1093 τόπους.

2165 1123 2575 1195 Μυθωδέστερον
2593 1123 2650 1178 δὲ
2673 1121 2751 1175 ἔτι
2769 1122 2828 1174 τὸ
2851 1121 2981 1191 παρ’
3005 1121 3183 1175 αὐτῶν
3207 1120 3597 1191 λεγόμενον,ὃτι
3621 1121 3722 1190 τῆς

2178 1213 2574 1285 Ἀλεξανδρείας
2604 1213 2702 1282 τὴν
2741 1210 3013 1266 ἀπώλειαν
3057 1211 3086 1262 6
3115 1211 3396 1282 προφήτης
3436 1209 3613 1278 λέγει·
3643 1210 3720 1272 ὡς

2162 1307 2228 1361 ἂν
2271 1306 2492 1370 δείξειεν
2539 1305 2621 1358 ὅτι
2665 1302 2829 1376 μηδὲν
2866 1300 3211 1371 θαυμαστὸν⁹
3246 1302 3293 1353 εἰ
3336 1301 3430 1354 καὶ
3461 1301 3592 1372 περί
3624 1301 3722 1370 τὴν

2163 1398 2362 1468 Νινευή
2406 1415 2458 1449 τι
2494 1395 2684 1464 γέγονε
2735 1393 2972 1447 τοιοῦτο⁶
3022 1393 3083 1445 οὐ
3135 1392 3242 1462 γὰρ
3281 1392 3624 1462 ψυχαγωγεῖν
3661 1392 3721 1445 ἐν

2164 1493 2274 1554 τοῖς
2302 1489 2480 1558 λόγοις
2505 1490 2533 1542 6
2566 1487 2850 1558 προφήτης
2880 1485 3134 1556 πειρᾶται
3161 1485 3259 1556 τήν
3285 1485 3482 1554 Νινευή
3507 1500 3521 1514 ο
3545 1484 3722 1554 ψυχα·

2165 1579 2372 1650 γωγίας
2397 1581 2454 1634 δὲ
2479 1575 2547 1650 ἦν
2570 1580 2629 1632 τὸ
2658 1577 2860 1649 ἐτέρων
2891 1577 3174 1648 συμφορᾶς
3203 1576 3527 1647 μεμνῆσθαι,
3557 1575 3632 1638 ὡς
3653 1575 3721 1628 ἂν

2167 1678 2232 1729 ὲκ
2252 1672 2452 1743 ταύτης
2482 1673 2510 1724 6
2550 1671 2831 1735 πεπονθὼς
2862 1671 3247 1742 παρακαλοῖτο.
3284 1667 3568 1737 Είώθαμεν
3590 1666 3722 1735 γοῦν

2166 1765 2252 1818 ἀεὶ
2288 1765 2412 1828 τούς
2441 1763 2768 1826 πενθοῦντας
2800 1765 2865 1834 τῇ
2909 1765 3096 1834 μνήμῃ
3125 1761 3199 1830 (p.
3233 1760 3358 1828 547)
3389 1758 3722 1825 παρακαλεῖν

2166 1854 2272 1907 τῶν
2301 1853 2522 1924 ὁμοίων,
2559 1851 2634 1915 ὡς
2663 1851 2729 1905 ἂν
2766 1851 2840 1922 μὴ
2875 1850 3013 1924 ἄγαν
3047 1849 3319 1919 ἀθυμοίεν,
3355 1847 3535 1900 καινόν
3569 1865 3619 1900 τι
3651 1847 3723 1899 τὰ

2168 1947 2287 2000 κατ’
2331 1945 2527 2007 αὐτοὺς
2568 1943 2878 2012 νομίζοντες
2916 1937 3076 1995 εἶναι.
3125 1939 3444 1993 Τούναντίον
3485 1938 3584 2008 μὲν
3629 1933 3723 1991 οὖν

2168 2035 2255 2089 διὰ
2285 2035 2500 2088 πάντων
2529 2019 2683 2102 δῆλός
2727 2034 2872 2085 ἐστιν
2899 2033 2927 2084 6
2971 2030 3251 2101 προφήτης
3290 2031 3358 2100 τῇ
3395 2027 3586 2098 μηνύει
3613 2026 3725 2080 τῶν

2170 2124 2581 2194 προσεσομένων
2604 2124 2670 2192 τῇ
2705 2120 2904 2192 Νινευὴ
2930 2120 3134 2183 κακῶν,
3169 2119 3266 2190 τὴν
3295 2118 3528 2171 παλαιάν
3555 2117 3724 2187 αὐτῆς

2173 2223 2456 2277 συνάπτων
2494 2219 2830 2290 εὐπραγίαν,
2870 2219 2962 2288 ἀφ’
3007 2211 3074 2286 ἦς
3106 2218 3172 2288 δὴ
3215 2215 3446 2285 μάλιστα
3492 2212 3549 2265 τὸ
3589 2228 3726 2280 συμ-

2171 2316 2353 2369 ϐαῖνον
2392 2313 2531 2383 αὐτῇ
2565 2312 2730 2364 κακὸν
2755 2308 3081 2376 αὐξάνεσθαι
3123 2307 3374 2378 ἤμελλεν.
3412 2304 3576 2385 Ἀ)λά
3615 2303 3724 2374 γὰρ

2171 2407 2342 2462 ταῦτα
2381 2406 2477 2476 μὲν
2526 2405 2590 2456 ὲκ
2627 2401 2944 2473 περιουσίας
2982 2399 3231 2480 Ξείρήσθω
3253 2413 3268 2428 ο
3299 2398 3328 2448 ὁ
3365 2395 3424 2473 δὲ
3459 2394 3580 2457 νοῦς
3616 2393 3728 2445 τῶν

2173 2496 2351 2569 ῥητῶν
2379 2489 2533 2554 οὗτός
2564 2494 2738 2545 ὲστινδ
2774 2488 3126 2561 Εἰσελήλυθεν
3159 2488 3284 2557 ἄχρι
3311 2486 3410 2556 τῆς
3450 2483 3726 2550 Αἰγύπτου

2171 2591 2200 2641 6
2234 2586 2537 2656 Ἀσσύριος,
2565 2582 2789 2635 πλεῖστα
2814 2581 3050 2642 καὶτοὺς
3075 2577 3259 2632 αὐτόθι
3283 2576 3533 2637 διατιθεὶς
3557 2574 3726 2634 κακὰ.

2173 2679 2315 2732 ὥστε
2354 2678 2448 2731 καὶ
2487 2676 2613 2739 τοὺς
2655 2672 3059 2741 ἐκπεφευγότας
3093 2670 3198 2723 τῶν
3249 2667 3590 2739 Ἰσραηλιτῶν
3633 2666 3730 2718 καὶ

2174 2767 2360 2823 αὐτόθι
2401 2766 2680 2833 διάγοντας
2715 2763 2992 2833 μεγίσταις
3027 2752 3338 2832 περιϐαλεῖν
3386 2758 3728 2842 συμφοραῖς3

2173 2859 2248 2922 ὡς
2282 2859 2310 2912 6
2341 2857 2621 2928 προφήτης
2656 2853 2923 2907 δείκνυσιν
2979 2845 3168 2923 Ὠσηὲ’
3206 2871 3225 2902 r
3274 2850 3372 2903 Διά
3415 2848 3570 2902 τοῦτο
3620 2847 3736 2932 ἰδοὺ

2176 2950 2531 3024 πορεύσονται
2560 2951 2624 3002 ὲκ
2652 2944 3023 3015 ταλαιπωρίας
3057 2941 3356 3011 Αἰγύπτου,
3389 2940 3484 2992 καὶ
3517 2938 3731 3003 ὲκδέξβὁ

514 3031 720 3095 citavit,
771 3031 838 3085 ad
889 3029 1040 3086 Iudae
1077 3032 1276 3086 tribum
1320 3034 1486 3087 verba
1538 3036 1828 3099 convertit,
1877 3037 2071 3108 jubens

2177 3061 2263 3098 ται
2284 3043 2478 3104 αὐτοὺς
2508 3040 2747 3111 Μέμφις,
2759 3040 2864 3122 ’καὶ
2890 3036 3049 3103 θάψει
3075 3035 3272 3097 αὐτοὺς
3297 3032 3551 3115 Μαχμάς·
3591 3044 3608 3076 ι
3629 3027 3728 3122 δη-

514 3139 635 3178 eam
664 3124 861 3179 festum
890 3140 1068 3195 agere.
1098 3132 1151 3179 et
1182 3139 1315 3196 pace
1345 3125 1398 3178 in
1431 3135 1707 3193 posterqu
1742 3126 1868 3194 frui,
1905 3144 2079 3199 quan-

515 3215 804 3286 doquidem
836 3216 1142 3286 aggressori
1171 3216 1293 3286 ejus
1346 3216 1616 3288 exstingui
1647 3219 1974 3290 contigerat;
2005 3221 2079 3274 ita

514 3313 570 3362 et
631 3322 779 3360 nunc
839 3307 907 3360 ad
971 3307 1290 3360 Ammonem
1336 3306 1557 3378 Egypti
1620 3309 1806 3363 urbem
1866 3310 2078 3380 loquela

515 3412 778 3452 conversa
815 3398 893 3451 ait
925 3411 940 3450 :
983 3395 1146 3452 Sume
1168 3397 1457 3465 citharam,
1482 3398 1760 3469 multoque
1791 3415 1914 3454 cum
1947 3416 2081 3471 gau-

514 3488 606 3543 dio
641 3504 766 3558 para
801 3496 854 3542 te
897 3490 965 3543 ad
1009 3489 1316 3544 canendum
1366 3489 1564 3546 fidibus
1610 3491 1819 3561 Assyrii
1852 3492 2077 3546 exitium

514 3587 776 3650 tuamque
820 3595 1050 3650 pacem;
1104 3590 1160 3635 tu
1207 3595 1325 3652 qua!
1368 3581 1525 3650 aquis
1583 3583 1827 3652 undique
1871 3585 2076 3650 cincta,

517 3673 651 3726 mari
684 3672 970 3743 ﬂuviisque
999 3673 1221 3737 vallata,
1268 3673 1408 3727 nihil
1449 3673 1575 3728 inde
1607 3683 1852 3742 protecta
1897 3675 2080 3732 fueras

515 3767 582 3820 ab
608 3765 819 3836 Assyrii
866 3767 1216 3833 incursione;
1257 3782 1404 3822 nunc
1432 3768 1649 3823 demum
1683 3769 1939 3824 universa
1981 3769 2080 3824 tibi

517 3855 764 3912 maleficii
789 3857 856 3911 ab
883 3873 949 3912 eo
977 3857 1214 3928 patiendi
1244 3858 1476 3914 formido
1497 3859 1712 3915 sublata
1741 3869 1846 3918 est.
1874 3861 2077 3918 Deinde

516 3944 666 3999 addit
693 3956 709 3997 :

2173 3135 2261 3189 λον
2279 3133 2330 3187 δὲ
2345 3133 2484 3206 άπερ
2498 3105 2724 3186 ὐπὸ-τῶν
2748 3116 2802 3184 Ἀ
2813 3127 3056 3208 σσυρίων.
3072 3110 3489 3195 εἰσεληλυθότων
3527 3123 3606 3181 εἰς
3630 3105 3732 3190 τήν

2175 3226 2446 3294 Αἴγυπτον
2479 3222 2706 3288 πάσχειν
2741 3218 2973 3288 ἤμελλον
3003 3216 3054 3268 οἰ
3081 3217 3167 3269 ἐπ’
3202 3215 3370 3285 αὐτὴν
3396 3214 3734 3278 καταπεφευ-

2173 3316 2328 3385 γότες
2366 3311 2472 3363 τῶν
2518 3308 2882 3379 Ἰσραηλιτῶν.
2915 3307 3124 3377 Ὥσπερ
3151 3305 3333 3358 τοίνυν
3364 3305 3421 3356 ὲν
3458 3305 3568 3364 τοῖς
3595 3301 3733 3353 ἀνω.

2173 3407 2352 3476 τέροις
2371 3402 2440 3456 τὰ
2458 3399 2874 3469 καταληψόμε-να
2895 3399 3018 3460 τούς
3048 3395 3361 3467 Ἀσσυρίους
3379 3394 3549 3461 λέγων
3565 3389 3730 3452 κακά,

2175 3475 2266 3551 ιτέι
2287 3497 2377 3549 τὸν
2414 3493 2611 3547 Ἰούδαν
2639 3489 2944 3560 ἀπέστρεψε
2967 3478 3057 3542 τὸν
3081 3488 3256 3556 λόγον,
3285 3482 3558 3556 ἑορτάζειν
3587 3475 3740 3551 αὐτῷ

2176 3586 2407 3642 κελεύων
2453 3583 2528 3646 ὼς
2572 3584 2628 3635 ἰν
2677 3581 2862 3652 εἰρήνη
2910 3578 3210 3632 καθεστῶτι
3254 3576 3458 3639 λοιπὸν,
3508 3573 3586 3643 τῷ
3640 3564 3737 3625 τόν
3832 3577 3836 3580 ”

2177 3674 2540 3748 ὲπεληλυθότα
2575 3674 2712 3742 αὐτῇ
2756 3670 3010 3742 πολέμιον
3050 3667 3385 3751 ἀνῃρῆσθαιῖ
3420 3665 3562 3720 οὕτω
3602 3666 3738 3717 κάν-

2176 3767 2348 3822 ταῦθα
2385 3766 2476 3819 ἐπὶ
2521 3763 2619 3835 τὴν
2670 3760 2892 3832 Ἀμμὼν
2931 3761 3083 3814 πόλιν
3122 3756 3287 3814 οὖσαν
3325 3757 3425 3828 τῆς
3459 3756 3736 3824 Αἰγύπτου

2179 3860 2367 3933 τρέπει
2397 3858 2487 3911 τὸν
2511 3856 2689 3924 λόγον,
2735 3853 2827 3908 καί
2860 3868 3047 3924 φησιν·
3093 3843 3348 3906 Ἀνάλαϐε
3383 3850 3611 3920 κιθάραν
3642 3849 3739 3902 καὶ

2184 3952 2324 4024 μετά
2356 3948 2554 4018 πολλῆς
2585 3948 2682 4016 τῆς
2722 3945 2914 4016 ἡδονῆς
2953 3942 3367 4015 παρασκεύασαι
3402 3942 3492 3994 διά
3533 3939 3740 4009 ταύτης

514 4038 611 4093 τοῦ
643 4039 739 4109 μὲν
772 4038 913 4109 ᾄδειν
941 4040 1036 4111 τὴν
1059 4041 1349 4104 ἀπώλειαν,
1389 4043 1480 4096 σοῦ
1507 4045 1562 4097 δὲ
1583 4045 1682 4115 τὴν
1718 4047 1959 4118 εἰρήνην
1998 4049 2035 4118 ἢ
2062 4047 2396 4117 πανταχόθεν
2420 4045 2570 4098 ὐδατι
2600 4039 3030 4112 περιϐεϐλημένη
3057 4037 3292 4108 θαλάττῃ
3317 4053 3375 4089 τε
3402 4035 3740 4106 ὠχυρωμένη

516 4133 611 4190 καὶ
640 4135 922 4204 ποταμοῖς,
951 4134 1140 4206 δνησαι
1165 4138 1228 4188 ἐκ
1252 4137 1455 4192 τούτων
1477 4139 1646 4202 οὐδὲν,
1673 4140 1748 4210 (p.
1771 4143 1896 4213 548)
1931 4143 2316 4209 ἐπεληλυθότος
2338 4141 2431 4194 τοῦ
2472 4137 2773 4206 Ἀσσυρίου·
2807 4133 2900 4188 νῦν
2931 4134 3110 4204 μέντοι
3134 4149 3198 4202 γε
3225 4134 3373 4185 πᾶσα
3399 4132 3497 4200 τῆς
3530 4127 3739 4181 ἐκείνου

517 4228 714 4290 κακίας
739 4226 951 4281 λέλυται
987 4243 1067 4280 σοι
1107 4230 1140 4298 ἡ
1180 4229 1422 4284 ὑπόνοια.
1459 4226 1589 4283 Εἶτα
1619 4233 1833 4302 ὲπάγει’
1865 4285 1868 4288 ,

589 4319 752 4390 228
777 4319 940 4375 Vens.
972 4318 1121 4374 9-12.
1147 4349 1217 4360 —
1246 4339 1264 4372 ι
1302 4320 1581 4392 IEthiopia
1611 4332 1772 4394 atque
1809 4325 2071 4399 Egyptus

2252 4322 2401 4392 Στίχ.
2432 4317 2594 4388 θ’-ιβ’.
2631 4345 2699 4354 -
2729 4331 2747 4365 ι
2784 4310 3035 4366 Αἰθιοπία
3067 4313 3100 4382 ή
3139 4311 3289 4381 ίσχύς
3320 4309 3489 4380 αὐτῆς
3519 4312 3612 4362 καί
3644 4312 3743 4363 Αί-

519 4412 780 4466 i‘ortitudo
818 4412 955 4481 ejus.
1004 4411 1122 4466 Non
1164 4420 1250 4467 est
1291 4415 1558 4470 terminus
1603 4417 1741 4487 fuga:
1787 4429 1909 4474 tuae.
1941 4419 2085 4474 Phut

517 4511 573 4556 et
603 4499 792 4572 Libyes
809 4505 1098 4558 auxiliares
1140 4503 1259 4573 ejus
1306 4512 1454 4560 sunt.
1492 4505 1612 4577 lpsa
1654 4508 1707 4562 in
1753 4510 2086 4580 deportatio-

520 4608 642 4645 nem
691 4594 790 4646 ibit
831 4594 1067 4663 captiva.
1101 4592 1365 4649 Parvulos
1399 4596 1571 4665 ipsius
1611 4599 1727 4652 solo
1763 4600 1984 4655 allident
2030 4602 2084 4655 in

519 4682 730 4732 viarum
762 4679 880 4748 ejus
912 4681 1201 4750 capitibus.
1239 4701 1257 4735 ι
1282 4682 1415 4738 Nam
1443 4693 1498 4739 et
1530 4686 1605 4750 hi,
1641 4687 1835 4757 inquit,
1869 4689 2084 4746 Ethio-

522 4785 616 4839 pes
649 4777 700 4823 et
741 4767 932 4834 Libes,
980 4776 1271 4843 ceterique
1311 4791 1540 4846 quorum
1589 4780 1916 4835 mentionem
1956 4782 2085 4847 feci,

523 4860 728 4914 l’iedera
757 4868 936 4915 tecum
987 4863 1240 4932 inierant,
1271 4883 1444 4936 seque
1476 4869 1572 4922 tibi
1618 4868 1675 4923 in
1715 4872 1863 4925 omni
1894 4871 2086 4926 bellica

521 4953 847 5008 necessitate
890 4953 1174 5010 adfuturos
1202 4971 1535 5027 receperant.
1571 4959 1955 5022 Verumtamen
1998 4964 2087 5018 ni-

523 5043 598 5097 hil
628 5045 747 5115 opis
779 5045 905 5101 hinc
949 5048 1220 5115 retulisti;
1251 5050 1491 5122 dumque
1522 5053 1703 5122 fugam
1755 5062 2083 5120 maturares,

527 5145 684 5205 capta
714 5153 774 5194 es
803 5138 1042 5194 hostium
1070 5144 1321 5197 manibus
1343 5152 1396 5198 et
1421 5145 1693 5212 abducta;
1724 5147 1815 5217 qui
1843 5163 1974 5203 sane
2014 5164 2083 5202 ne

524 5227 869 5294 parvulorum
891 5230 1114 5301 quidem
1144 5239 1362 5286 tuorum
1389 5235 1617 5300 miserti,
1649 5237 1929 5294 exanimes
1952 5238 2085 5308 abji-

2177 4427 2401 4482 γυπτος,
2432 4406 2526 4461 καὶ
2557 4402 2736 4458 οὐκέτι
2769 4401 2942 4472 πέρας
2969 4401 3068 4470 τῆς
3097 4401 3274 4469 φυγῆς
3316 4417 3409 4453 σου
3433 4417 3447 4430 ο
3479 4401 3617 4453 Φούτ
3646 4404 3742 4454 καὶ
3827 4412 3830 4414 ‘

2178 4505 2373 4565 Λίϐυες
2388 4501 2636 4570 ἐγένοντο
2649 4494 3028 4568 βοηθοὶαύτῆς⁶
3044 4496 3136 4547 καί
3151 4493 3288 4560 αὐτὴ
3303 4512 3326 4546 ε
3337 4495 3382 4555 ἰς
3398 4490 3743 4564 μετοικεσίαν

2179 4596 2498 4669 πορεύσεται
2523 4591 2882 4662 αἰχμάλωτος,
2907 4589 2999 4642 καὶ
3019 4589 3089 4642 τὰ
3111 4588 3277 4658 νήπια
3297 4587 3468 4656 αὐτῆς
3495 4586 3746 4654 ἐδαφιοῦ-

2182 4708 2265 4744 σιν
2296 4689 2381 4741 ἐπ’
2406 4687 2600 4756 ἀρχαῖς
2628 4683 2733 4736 τῶν
2758 4681 2890 4735 ὁδῶν
2911 4679 3100 4750 αὐτῆς.
3136 4698 3154 4731 ι
3185 4679 3295 4733 Καὶ
3319 4678 3425 4750 γὰρ
3454 4679 3546 4732 καὶ
3570 4671 3739 4742 οὗτοι,

2182 4782 2364 4852 φησὶν,
2420 4776 2670 4839 Αἰθίοπές
2717 4792 2777 4828 τε
2820 4772 2913 4827 καί
2969 4773 3163 4836 Λίϐυες
3195 4772 3288 4825 καὶ
3333 4773 3531 4834 πάντες
3572 4771 3637 4841 δὴ
3664 4762 3742 4826 ὧν

2182 4871 2480 4940 πεποίημαι
2527 4868 2764 4938 μνήμην,
2815 4863 3128 4934 συμμαχίαν
3171 4863 3350 4916 ἔθεντο
3387 4863 3521 4935 πρὸς
3581 4859 3643 4915 σὲ
3682 4865 3743 4916 ἐν

2182 4963 2419 5024 ἀπάσαις
2459 4959 2666 5029 βοηθεῖν
2697 4955 3148 5024 ἐπαγγελλόμενοί
3178 4971 3260 5007 σοι
3287 4957 3404 5017 ταῖς
3431 4954 3700 5021 ἀνάγκαις
3723 4970 3738 4984 ·

2180 5054 2456 5125 ὠφέλησαι
2483 5051 2540 5106 δὲ
2573 5049 2690 5103 οὐδὲ
2731 5048 2838 5102 ἀπὸ
2866 5047 3065 5099 τούτων
3092 5045 3262 5111 οὐδὲν,
3307 5047 3436 5117 περὶ
3463 5049 3645 5117 φυγήν
3680 5065 3743 5100 τε

2180 5143 2546 5216 ἀσχολουμένη
2597 5141 2688 5194 καὶ
2741 5138 3078 5209 αἰχμάλωτος
3133 5140 3250 5200 ταῖς
3303 5137 3410 5190 τῶν
3465 5138 3744 5208 πολεμίων

2177 5234 2498 5306 ἀπαγομένη
2539 5233 2744 5303 χερσὶν,
2775 5231 2824 5283 οἳ
2866 5229 2986 5282 οὐδὲ
3035 5227 3143 5283 τῶν
3188 5229 3396 5299 νηπίων
3431 5229 3543 5282 τῶν
3589 5231 3744 5300 ποιρά

523 5317 671 5370 cient
718 5319 920 5386 passim
968 5322 1024 5376 in
1073 5323 1349 5396 compitis,
1399 5325 1551 5380 vario
1602 5327 1828 5384 caedium
1887 5345 2071 5400 genere

2178 5328 2260 5382 σοὶ
2287 5325 2452 5396 φειδὼ
2493 5322 2845 5394 ποιησάμενοι
2878 5319 3164 5392 ἐρρίφασιν
3211 5320 3350 5374 αὐτὰ
3383 5321 3553 5388 νεκρὰ
3599 5323 3744 5374 κατά

521 5415 795 5461 enecatos.
847 5409 1073 5466 Constat
1113 5423 1292 5470 autem
1354 5416 1439 5472 hic
1481 5415 1767 5490 Ethiopas
1812 5420 1921 5476 dici
1972 5437 2071 5476 non

2177 5421 2354 5473 πᾶσαν
2400 5417 2518 5471 ὁδον
2556 5412 2912 5484 πολυτρόποις
2952 5410 3308 5477 ὑποϐαλόντες
3348 5416 3598 5483 σφαγαῖς,
3636 5409 3748 5466 Εὖ..

523 5498 644 5552 illos
675 5499 832 5569 longe
862 5499 1108 5571 dissitos,
1133 5505 1226 5561 sed
1259 5507 1348 5578 qui
1381 5507 1648 5580 Egyptiis
1677 5518 1802 5568 sunt
1842 5510 2071 5567 finitimi.

2173 5509 2332 5584 δηλον
2361 5511 2416 5564 δὲ
2446 5510 2526 5564 ὅτι
2552 5506 2810 5570 Αἰθίοπας
2831 5505 2891 5559 οὐ
2920 5505 3044 5568 τοὺς
3072 5505 3258 5578 πόρρω
3288 5523 3389 5560 που
3419 5504 3715 5594 ἀπωκισμέ
3742 5543 3765 5572 η

633 5661 675 5690 ³⁸
697 5658 821 5716 Ose.
860 5676 934 5727 Ix,
966 5661 1016 5715 6.
