4054 6238
310 305 410 365 ιει

1282 298 1823 361 consummas
1849 295 1922 355 ut
1962 297 2235 357 nanum
2256 280 2412 358 cap;
2444 295 2533 356 ut.

3408 278 3515 352 622'

310 430 443 489 νοῦς
458 421 642 493 φησιν,
664 418 801 477 ἀλλά
821 420 945 484 τοῦς
962 421 1119 486 δσους
1134 420 1362 495 ὁμόρους
1388 418 1525 477 εἶναι
1553 422 1865 483 συνέϐαινεν

1976 437 1988 471 ι
2021 420 2198 490 Super
2218 420 2480 490 pmlara
2508 415 2736 490 quaeque
2763 415 2884 488 ejus
2912 414 3130 471 mittent
3161 421 3358 479 sortes,
3379 427 3518 469 cun-

310 515 647 584 Δίγυπτίοις.
687 532 708 566 ι
743 514 854 567 Καὶ
888 514 980 568 ἐπὶ
1020 514 1196 568 πάντα
1235 514 1302 567 τά
1339 511 1521 579 ἔνδοξα
1570 514 1740 584 αὐτῆς
1767 512 1864 582 βα-

311 605 495 661 λοῦσιν
547 606 799 677 κλήρουνς,
851 606 946 659 καὶ
990 606 1189 670 πάντες
1232 606 1282 659 oi
1328 607 1650 677 μεγιστᾶνες
1697 604 1865 675 αὐτῆς

310 697 625 769 δεθήσονται
653 697 1012 769 χειροπέδαις.
1046 715 1066 749 ι
1097 698 1342 752 Ἀπαντα
1370 700 1466 770 μὲν
1491 699 1599 770 γὰρ
1622 698 1688 752 τὰ
1718 698 1867 770 παρὰ

316 790 403 843 σοὶ
424 789 577 861 τίμια
601 788 891 860 ἀφελόντες
915 790 965 843 οί
987 788 1230 861 πολέμιοι
1259 790 1591 862 διενείμαντο
1622 791 1861 863 κλήροις

312 878 408 932 καὶ
437 880 563 941 τοὺς
594 879 736 949 μέγα
770 879 827 932 δὲ
853 879 962 932 τῶν
988 881 1048 933 ἐν
1076 881 1159 934 col
1194 880 1450 935 δύνασθαι
1482 880 1868 953 νομιζομένους

310 970 656 1038 χειροπέδαις
676 970 1001 1041 ἐμϐαλόντες
1022 973 1114 1026 ἐπὶ
1143 973 1243 1044 τὴν
1270 973 1640 1044 αἰχμαλωσίαν
1665 970 1864 1028 εἷλκον.

312 1060 390 1130 (p.
421 1059 570 1131 549.)
606 1079 625 1111 ι
660 1061 768 1114 Καὶ
809 1061 873 1113 σὺ
920 1061 1249 1135 μεθυσθήσῃ.
1282 1082 1302 1115 ι
1343 1063 1559 1135 Ἐπειδὴ
1603 1065 1694 1119 τὸν
1729 1060 1868 1120 οἶνον

309 1150 403 1204 ἐπὶ
440 1152 710 1223 τιμωρίας
753 1150 1045 1222 λαμϐάνειν
1085 1153 1264 1220 είωθε,
1311 1155 1637 1226 βαρυτάτην,
1670 1158 1866 1227 φησιν,

310 1242 606 1312 ὑπομένεις
626 1242 724 1312 τὴν
751 1244 1016 1314 τιμωρίαν
1033 1260 1050 1277 σ
1087 1245 1223 1299 ὥστε
1249 1246 1402 1319 δίκην
1434 1246 1718 1318 μεθύοντος
1744 1247 1870 1318 τῇδε

307 1334 535 1386 κάκεῖσε
563 1335 998 1406 περιαντλεῖσθαι
1021 1340 1131 1401 τοῖς
1158 1341 1365 1403 κακοῖς.
1405 1358 1424 1391 ι
1460 1339 1568 1394 Καὶ
1594 1340 1691 1412 ἔσῃ
1730 1357 1871 1412 παρα

309 1424 623 1495 εωραμένη.
667 1445 686 1476 ι
719 1426 887 1495 Λόγος
940 1426 997 1480 δὲ
1040 1428 1213 1482 οὐδενὶ
1260 1430 1686 1501 γενήσεται.τῶν
1731 1429 1873 1485 κατὰ

311 1514 395 1567 σέ.
427 1534 446 1565 ι
484 1516 598 1569 Kal
638 1518 702 1570 σὺ
754 1516 1009 1588 ζητήσεις
1064 1523 1258 1591 σεαυτῇ
1321 1522 1508 1575 στάσιν
1558 1521 1617 1589 ἐξ
1666 1522 1871 1594 ἐχθρῶν

314 1622 434 1659 σου.
470 1624 490 1656 δ
537 1607 919 1679 Ἐπιθυμήσεις
959 1610 1015 1663 δέ
1038 1627 1156 1664 τινα
1198 1611 1377 1666 ἄνεσιν
1417 1613 1524 1667 τῶν
1558 1614 1743 1667 κακῶν
1774 1614 1873 1670 λα-

314 1696 455 1760 ϐεῖν,
488 1697 657 1750 ὁπόσα
701 1698 764 1770 δή
814 1716 897 1752 σοι
940 1700 1088 1771 παρά
1132 1700 1240 1755 τῶν
1289 1703 1559 1774 πολεμίων
1593 1704 1733 1758 κατὰ
1780 1705 1872 1759 τὸν

316 1755 511 1859 καιρὸν
537 1789 737 1843 ἐκεῖνον
751 1755 1053 1860 ’ἐπάγεσθαι
1079 1791 1277 1863 μέλλει.
1300 1755 1334 1845 γι
1900 1755 1945 1813 Β

319 1878 471 1948 ματά
495 1895 586 1931 σου
613 1880 688 1943 ὡς
717 1880 801 1934 σύ.
839 1901 859 1934 ι
888 1883 1327 1955 Καταλυθήσεται
1347 1885 1454 1957 γὰρ
1478 1888 1868 1961 παραπλησίως

318 1984 404 2021 σοι
435 1969 610 2023 πάντα
642 1972 807 2025 ὁπόσα
845 1974 908 2045 δὴ
943 1974 1077 2045 πρὸς
1104 1976 1398 2045 ἀσφάλειαν
1435 1978 1634 2033 οἰκείαν
1676 1982 1869 2051 πρότε-

319 2077 412 2130 ρον
435 2056 601 2131 εἶχες.
634 2081 654 2113 ι
684 2063 791 2115 Kal
823 2067 1056 2130 σκοποὺς
1092 2066 1272 2138 ἔχουσι
1304 2070 1396 2124 ἐὰν
1420 2072 1739 2138 σαλευθῶσι,
1775 2076 1872 2129 καὶ

316 2151 610 2206 πεσοῦνται
659 2156 738 2218 είς
789 2156 961 2227 στόμα
1007 2158 1295 2224 ἐσθίοντος.
1332 2180 1352 2213 ›
1385 2162 1629 2235 Ηειράσῃ
1673 2165 1736 2236 δὴ
1783 2167 1871 2221 διὰ

1961 511 2141 580 ctique
2173 512 2462 581 optimates
2488 511 2609 581 ejus
2642 510 2871 566 manicis
2902 509 3230 564 vincientur.
3264 524 3285 560 ι
3322 505 3517 560 Omnia

1962 602 2057 657 tibi
2081 602 2316 672 pretiosa
2337 602 2632 672 eripientes
2654 601 2862 666 hostes,
2885 608 3032 657 sorte
3051 602 3196 656 inter
3226 615 3287 656 se
3311 596 3517 654 divise-

1963 700 2112 756 runt,
2148 699 2487 763 cunctosque
2527 693 2619 764 qui
2654 693 2798 763 apud
2834 701 2888 748 te
2924 699 3203 763 potentatu
3242 692 3519 761 pollebant

1963 786 2193 841 manicis
2222 786 2439 856 injectis
2479 787 2533 841 in
2556 786 2924 857 captivitatem
2962 785 3357 840 abduxerunm
3379 782 3442 836 Et
3459 792 3517 837 tu

1965 878 2516 945 inebriaberisJQuia
2538 879 2663 932 vino
2679 876 2987 947 signiﬁcare
3009 876 3346 945 punitionem
3377 874 3522 928 Scri-

1966 979 2123 1041 ptura
2145 970 2302 1034 solet,
2321 969 2695 1041 gravissimam
2715 968 2792 1022 illi
2811 966 3160 1021 aitinllictum
3182 964 3246 1019 iri
3276 980 3519 1035 pugnam,

1966 1070 2027 1117 ut
2047 1062 2183 1117 ebrii
2225 1063 2400 1117 instar
2433 1062 2560 1116 hinc
2608 1061 2735 1116 inde
2774 1063 3038 1116 obruatur
3076 1061 3517 1116 adversitatibus.

1971 1171 1992 1206 ι
2023 1152 2088 1207 Et
2109 1152 2451 1222 despicieris.
2486 1172 2505 1206 ι
2534 1151 2692 1207 Nulla
2716 1155 2794 1207 tui
2825 1153 2965 1207 ratio
2989 1152 3295 1206 habebitur.
3323 1170 3341 1203 ι
3370 1150 3435 1204 Et
3460 1158 3524 1205 tu

1966 1258 2177 1313 quaeres
2200 1243 2297 1298 tibi
2322 1244 2563 1313 requiem
2593 1243 2661 1298 ab
2685 1243 2918 1298 inimicis
2940 1240 3346 1313 tuis.:0ptabis
3376 1240 3523 1296 leva-

1966 1335 2111 1389 mine
2131 1335 2312 1405 aliquo
2333 1335 2599 1389 malorum
2624 1334 2808 1405 potiri,
2837 1349 2957 1405 quae
2974 1334 3072 1388 tibi
3097 1349 3164 1389 eo
3193 1341 3433 1403 tempore
3453 1333 3524 1386 ab

1967 1424 2216 1479 hostibus
2246 1425 2355 1479 tuis
2380 1422 2648 1478 accident.
2678 1440 2697 1473 ι
2734 1421 2934 1478 Omnes
2960 1424 3288 1477 munitiones
3316 1432 3421 1475 tuae
3444 1419 3523 1475 si—

1972 1526 2068 1569 cut
2100 1526 2180 1570 tu.
2224 1534 2243 1567 »
2279 1514 2456 1585 Eque
2502 1529 2567 1569 ac
2616 1523 2673 1568 tu
2711 1521 2971 1569 corrueut
3012 1512 3196 1568 omnia
3240 1528 3362 1582 quae
3392 1511 3522 1567 olim

1971 1612 2153 1667 tutelae
2186 1618 2291 1664 tua:
2332 1608 2507 1679 gratia
2538 1606 2783 1663 tenebas.
2830 1625 2849 1658 ι
2884 1605 3106 1660 Etiamsi
3152 1604 3523 1674 speculatores

1969 1702 2190 1766 habent,
2220 1700 2577 1754 nihilominus
2594 1705 2862 1768 quassatae
2876 1704 3133 1752 corruent
3157 1696 3213 1750 in
3242 1710 3303 1750 os
3323 1709 3525 1750 voran-

1973 1795 2062 1850 tis.
2104 1814 2123 1847 ι
2161 1793 2460 1849 Conaberis
2482 1792 2698 1861 quidem
2718 1790 2903 1845 multis
2933 1788 3527 1857 exploratoribusven-

1970 1897 2095 1943 tura
2128 1901 2483 1958 praenoscere,
2516 1884 2701 1940 statim
2746 1899 2809 1937 ac
2840 1883 3287 1953 pr0pinquantem
3318 1879 3527 1934 hostem

1974 1981 2246 2047 audieris,
2283 1978 2376 2035 sed
2405 1987 2585 2033 tamen
2631 1976 2917 2032 custodum
2952 1974 3135 2028 nullus
3168 1972 3383 2026 fructus
3402 1972 3527 2032 erit,

1976 2088 2209 2143 namque
2233 2072 2302 2125 ab
2323 2070 2605 2140 imperatis
2635 2067 2968 2124 stationibus
2996 2064 3190 2136 deiecti
3213 2063 3271 2118 in
3291 2062 3529 2118 hostium

1974 2173 2292 2237 potestatem
2319 2160 2579 2217 incident.

314 2242 527 2297 πολλῶν
560 2245 890 2299 ἀποσκοπεῖν
915 2248 982 2301 τά
1022 2250 1276 2321 ἐσόμενα,
1325 2255 1491 2308 ἐπειδ’
1558 2256 1625 2310 ἂν
1661 2260 1763 2328 τῆς
1805 2259 2107 2333 παρουσίας
2151 2256 2259 2310 τῶν
2307 2253 2579 2325 πολεμίων
2627 2250 2753 2322 δέξῃ
2807 2250 2905 2322 τὴν
2957 2249 3160 2319 ἀκοήν
3212 2248 3262 2301 οῖ
3303 2245 3362 2300 δὲ
3406 2246 3532 2316 ὀνή-

315 2341 469 2393 σουσί
504 2356 567 2393 σε
599 2341 749 2395 οὐδέν
772 2361 785 2374 ·
818 2344 1175 2415 ἐκτραπέντες
1204 2347 1313 2420 γὰρ
1342 2349 1449 2404 τῶν
1473 2352 1870 2425 ἐντεταλμένων
1899 2354 2185 2408 πεσοῦνται
2211 2350 2315 2404 ὑπὸ
2335 2351 2448 2414 τοῖς
2474 2345 2770 2418 πολεμίοις-

390 2517 541 2589 Στίχ.
578 2527 772 2589 ιγ’-ις’.
814 2539 833 2572 ι
880 2521 1009 2575 Ἰδοὺ
1040 2522 1167 2587 λαός
1192 2540 1283 2577 σου
1311 2524 1386 2587 ὼς
1411 2527 1665 2594 γυναῖκες
1689 2527 1747 2581 ἐν
1778 2526 1881 2580 σοί·

316 2610 432 2671 τοῖς
484 2610 697 2682 ἐχθροῖς
746 2629 839 2665 σου
875 2613 1218 2685 ἀνοιγόμεναι
1265 2616 1673 2687 ἀνοιχθήσονται
1722 2617 1885 2671 πύλαι

318 2699 419 2771 τῆς
440 2702 544 2772 γῆς
566 2718 682 2768 σου,
699 2704 793 2757 καὶ
808 2705 1174 2774 καταφάγεται
1202 2706 1311 2777 πῦρ
1332 2708 1454 2769 τοὺς
1479 2706 1703 2776 μοχλούς
1728 2724 1841 2762 σου.
1862 2725 1882 2760 ι

320 2794 528 2858 Πάντες
567 2811 683 2857 σου,
725 2796 906 2866 φησὶν.
959 2798 1008 2850 oi
1042 2798 1182 2851 κατὰ
1214 2798 1309 2868 τὴν
1338 2799 1491 2853 πόλιν
1539 2800 1767 2872 ὑπήκοοι
1793 2817 1890 2869 γυ-

323 2885 523 2939 ναικῶν
571 2885 721 2957 δίκην
776 2889 836 2939 ἐν
881 2888 1158 2957 ὀλολυγαῖς
1215 2890 1529 2961 γενήσονται
1585 2892 1678 2945 καὶ
1741 2892 1849 2945 δέει
1865 2907 1881 2922 ⁸

322 2976 492 3029 iam?
536 2976 602 3029 ἂν
633 2976 730 3040 τάς
770 2976 867 3048 μὲν
908 2977 1079 3042 πύλας
1113 2979 1216 3033 ὑπὸ
1247 2979 1354 3033 τῶν
1388 2981 1658 3051 πολεμίων
1705 2980 1885 3035 ἴδωσιν

321 3067 665 3134 ἀνοιγείσαςο
710 3067 1121 3139 κεκρατημένην
1161 3068 1216 3121 δὲ
1262 3069 1354 3121 ὑπ’
1386 3070 1561 3123 αὐτῶν
1603 3069 1702 3141 τὴν
1734 3068 1886 3123 πόλιν

323 3156 509 3225 πάσης
536 3156 635 3226 τῆς
663 3156 921 3228 πρότερον
946 3160 1081 3229 αὐτῇ
1107 3157 1365 3230 δοκούσης
1397 3158 1690 3229 ἀσφαλείας
1717 3177 1886 3231 προσ-

325 3248 466 3299 εῖναι
508 3246 583 3309 ὡς
632 3246 737 3299 ὑπὸ
786 3247 955 3317 πυρὸς
1001 3246 1191 3317 ἀθρόον
1226 3247 1611 3319 ἀναλωθείσης.
1647 3249 1725 3319 (p.
1758 3248 1885 3318 550)

2049 2527 2212 2584 Vens.
2254 2528 2453 2582 15-16.
2489 2553 2561 2566 ——
2605 2523 2779 2578 «Ecce
2813 2523 3048 2593 populus
3100 2528 3230 2575 tuus
3270 2525 3534 2588 tanquam

1981 2619 2193 2676 femina:
2211 2618 2351 2690 apud
2378 2626 2451 2672 te.
2486 2615 2743 2671 Hostibus
2774 2615 2880 2668 tuis
2913 2611 3164 2683 pateﬁent
3190 2617 3359 2681 porta:
3373 2608 3540 2680 229

1982 2709 2218 2779 regionis
2251 2715 2384 2772 tute;
2438 2705 2580 2775 ignis
2634 2704 2831 2757 aduret
2877 2711 3057 2757 vectes
3090 2709 3238 2756 tuos.
3266 2718 3285 2751 ι
3333 2698 3538 2754 Omnes

1981 2801 2075 2872 qui
2098 2800 2246 2855 dicto
2285 2805 2379 2852 tuo
2424 2794 2873 2864 obtemperabant
2906 2807 3002 2863 per
3033 2790 3222 2847 urbem
3257 2790 3428 2851 cives.
3460 2788 3540 2843 fe-

1982 2893 2253 2948 minarum
2300 2891 2411 2945 ritu
2456 2888 2755 2943 ululatibus
2782 2878 3139 2957 indulgebnnt
3166 2892 3329 2953 atque
3350 2882 3539 2936 fortui-

1984 2982 2119 3045 dini,
2168 2981 2349 3037 statim
2395 2994 2459 3033 ac
2502 2987 2687 3048 portas
2719 2975 2967 3031 hostibus
3009 2981 3256 3046 patentes
3281 2972 3540 3040 viderint,

1984 3080 2308 3143 captamque
2341 3071 2410 3125 ab
2438 3069 2523 3123 bis
2557 3068 2766 3131 urbem,
2814 3067 2970 3135 cujus
3008 3073 3164 3121 vetus
3210 3064 3390 3121 omnis
3423 3079 3543 3117 mn-

1986 3162 2122 3216 nitio
2149 3168 2405 3231 tanquam
2453 3160 2577 3231 igne
2623 3157 2806 3214 subito
2833 3165 3140 3213 evanescet.
3172 3155 3417 3225 «Aquam
3444 3154 3545 3209 ob-

1986 3254 2216 3309 sidionis
2261 3251 2475 3306 attrahe
2524 3250 2642 3315 tibi,
2692 3249 2875 3304 obtine
2926 3248 3331 3318 propugnacula
3381 3254 3537 3300 tua.)

331 3356 354 3389 ι
394 3337 579 3407 Ὗϐωρ
608 3310 873 3409 περιοχῆς
892 3310 1187 3394 ἐπίσπασαι
1229 3343 1447 3412 σεαυτῇ.
1487 3310 1581 3395 καί
1608 3310 1879 3412 κατακράἐ

1989 3345 2279 3399 Multorum
2321 3358 2442 3398 mos
2471 3351 2554 3397 est
2601 3356 2710 3411 pne
2741 3340 3011 3395 mmnibus
3046 3339 3228 3395 foveas
3278 3339 3546 3394 tnaximas

321 3446 495 3500 τησον
520 3430 625 3483 τῶν
652 3429 1012 3500 ὀχυρωμάτων
1049 3447 1160 3485 σου.
1197 3451 1216 3482 ι
1242 3432 1460 3496 Πολλοῖς
1484 3432 1601 3493 ἔθος
1626 3433 1740 3485 ἐστὶ
1782 3432 1887 3504 πρὸ

323 3524 436 3577 τῶν
472 3523 665 3593 τειχῶν
688 3523 920 3593 τάφρους
948 3522 1268 3594 ἐργάζεσθαι
1305 3523 1583 3593 μεγίστας,
1615 3523 1707 3577 καὶ
1752 3524 1888 3593 πλη-

326 3610 459 3681 ροῦν
495 3611 693 3673 ταύτας
718 3610 927 3674 ὕδατος,
953 3611 1027 3674 ὡς
1056 3612 1128 3683 μὴ
1160 3612 1343 3683 ῥᾳδίαν
1375 3613 1465 3666 ἐπὶ
1490 3612 1558 3666 τὰ
1601 3613 1752 3684 τείχη
1779 3613 1889 3677 τοῖς

325 3699 610 3770 ⁸πολεμίοις
648 3695 786 3752 εἶναι
823 3700 920 3770 τὴν
951 3699 1213 3753 διάϐασιν.
1246 3702 1415 3754 Τοῦτο
1448 3696 1541 3755 οὖν
1573 3700 1720 3769 λέγει
1761 3700 1890 3753 κάν-

324 3789 535 3843 ταῦθαο
570 3791 672 3851 ὅτι,
702 3790 1022 3859 Ἐφέλκυσαι
1049 3791 1148 3861 τὴν
1185 3794 1248 3844 ἐκ
1276 3791 1368 3845 τοῦ
1398 3792 1587 3855 ὓδατος
1617 3792 1888 3862 βοήθειαν,

325 3884 427 3936 καὶ
454 3881 711 3954 περίϐαλε
736 3882 910 3953 τούτῳ
929 3882 991 3936 τὸ
1013 3886 1185 3954 τεῖχος
1213 3883 1273 3936 τὸ
1303 3886 1519 3947 οἰκεῖον,
1553 3884 1648 3945 καὶ
1674 3883 1891 3937 πάντων

326 3973 442 4028 τῶν
493 3975 572 4037 είς
619 3974 919 4043 ἀσφάλειάν
968 3992 1049 4028 σοι
1093 3975 1522 4029 κατεσκευάσθαι
1572 3975 1891 4042 δοκούντων,

328 4065 535 4136 πολλὴν
560 4066 780 4137 ποίησαι
814 4066 912 4135 τὴν
950 4065 1281 4136 ἐπιμέλειαν,
1310 4064 1363 4117 εῐ
1391 4064 1493 4118 πού
1522 4081 1573 4118 τι
1600 4066 1664 4118 ἐκ
1692 4064 1893 4121 τούτων

327 4156 527 4223 ὃφελος
574 4155 769 4222 δέξαιο.
812 4157 973 4225 Λέγει
1016 4156 1072 4210 δὲ
1111 4154 1247 4208 αύτά
1278 4154 1571 4225 εἰρωνικῶς
1602 4156 1891 4229 διασύρων,

1985 3436 2219 3490 ell‘odere
2265 3448 2467 3503 easque
2507 3431 2665 3502 aquis
2708 3431 2999 3501 complere.
3046 3445 3113 3485 ne
3148 3430 3220 3484 sit
3260 3430 3545 3500 expeditus

1986 3526 2235 3580 hostibus
2263 3523 2329 3578 ad
2363 3522 2564 3577 muenia
2599 3536 2874 3576 accessus.
2920 3520 2975 3576 ld
3009 3521 3197 3590 utique
3242 3534 3387 3575 nunc
3432 3520 3542 3574 ait:

1985 3616 2113 3672 Pete
2146 3617 2215 3669 ab
2258 3630 2395 3685 aqua
2429 3612 2763 3683 praesidium,
2802 3622 2961 3681 atque
2995 3611 3096 3664 hac
3132 3609 3409 3664 circumda
3433 3624 3548 3662 mn-

1986 3725 2107 3763 rum
2134 3717 2321 3770 tuum;
2355 3705 2598 3774 nihilque
2630 3718 2819 3759 eorum
2852 3702 3201 3771 praetermitte
3224 3715 3346 3769 qua;
3365 3699 3549 3754 tutelae

1987 3799 2249 3870 prodesse
2271 3796 2557 3861 videntur;
2590 3795 2636 3850 si
2661 3793 2803 3848 forte
2833 3792 2961 3847 hinc
3000 3789 3209 3861 aliquid
3241 3790 3362 3859 opis
3386 3789 3551 3860 impe-

1988 3897 2133 3943 trare
2152 3901 2338 3956 queas.
2366 3883 2631 3954 Loquitur
2662 3896 2791 3937 vero
2825 3881 3033 3935 ironice
3082 3889 3137 3935 et
3179 3880 3549 3943 subsannans,

1990 3981 2245 4050 quoniam
2272 3978 2387 4032 [nec
2418 3976 2552 4031 nulli
2588 3974 2711 4030 usui
2731 3989 2826 4045 per
2855 3973 2906 4028 id
2925 3980 3141 4043 tempus
3168 3970 3353 4026 futura
3368 3981 3545 4026 erant.

1993 4072 2132 4143 Ergo
2161 4070 2311 4124 addit
2343 4089 2355 4123 :
2398 4088 2416 4120 ι
2440 4067 2723 4137 Ingredere
2773 4066 2969 4128 lutum,
3006 4064 3332 4119 conculcare
3365 4063 3419 4116 in
3456 4076 3553 4131 pa-

1991 4163 2111 4225 leis,
2144 4161 2403 4215 roborare
2433 4173 2597 4229 super
2620 4159 2840 4213 laterem
2865 4175 2877 4210 :
2901 4156 2975 4210 ibi
3002 4154 3217 4210 vorabit
3236 4161 3289 4208 te
3311 4151 3551 4219 ﬂamma,

326 4246 413 4308 ὡς
460 4246 635 4299 οὐδενὶ
672 4245 979 4318 βοηθεῖσθαι
1025 4248 1147 4300 κατ’
1176 4248 1379 4299 ἐκεῖνον
1404 4247 1494 4299 τὸν
1539 4248 1726 4319 καιρὸν
1769 4249 1879 4303 οῖωι

1994 4254 2184 4326 perdet
2214 4261 2268 4307 te
2296 4251 2529 4322 gladius,
2562 4250 2810 4305 comedet
2834 4257 2885 4303 te
2911 4247 3071 4318 quasi
3097 4246 3334 4307 locusta,
3356 4259 3555 4315 grava-

327 4355 396 4391 τε
436 4338 625 4391 ὄντων.
668 4338 890 4407 Ἐπάγει
920 4336 1082 4407 γοῦνο
1132 4357 1151 4390 ι
1199 4337 1438 4408 Ἐμϐηθι
1464 4340 1542 4403 είς
1573 4339 1761 4408 πηλὸν,
1804 4340 1879 4393 καὶ

1997 4351 2144 4406 beris
2177 4356 2234 4403 ut
2262 4348 2531 4403 bruchus.
2568 4343 2940 4415 Multiplicasti
2985 4341 3383 4413 negotiationes
3432 4347 3556 4393 tuas

331 4429 721 4501 συμπατήθητι
751 4431 810 4483 ἐν
842 4430 1060 4503 ἀχύροις
1079 4448 1094 4462 ο
1128 4430 1539 4502 κατακράτησον
1567 4431 1707 4503 ὑπὲρ
1746 4432 1879 4484 πλίνι

1997 4456 2161 4512 super
2207 4447 2355 4494 astra
2404 4439 2549 4493 cmli.
2589 4456 2608 4488 ι
2646 4434 3035 4491 Verumtamen
3092 4431 3240 4485 nulla
3291 4442 3421 4491 tunc
3457 4430 3555 4484 tibi

330 4522 429 4576 θον
451 4538 466 4551 ·
505 4522 623 4575 ἐκεῖ
647 4522 1021 4590 καταφάγεταί
1060 4538 1118 4574 σε
1150 4521 1280 4591 πῦρ,
1311 4520 1675 4593 ἐξολοθρεύσει
1707 4539 1766 4575 σε
1797 4522 1879 4594 μά·

1999 4533 2065 4588 ad
2101 4532 2327 4587 salutem
2363 4528 2694 4584 machinatio
2727 4526 2999 4599 proderit;
3052 4524 3161 4578 imo
3189 4522 3353 4578 veluti
3389 4523 3442 4577 in
3473 4523 3558 4577 lu-

330 4630 537 4687 χαιραο
574 4614 668 4668 xal
705 4614 1077 4683 καταφάγεταί
1120 4630 1179 4666 σε
1225 4614 1299 4676 ὡς
1342 4614 1523 4683 ἀκρὶς,
1568 4614 1663 4667 καὶ
1698 4612 1879 4684 βαρυν-

2001 4632 2111 4679 ιυιη
2144 4625 2198 4677 in
2242 4623 2508 4676 malorum
2548 4621 2866 4675 barathrum
2903 4618 3134 4680 inrides,
3186 4624 3239 4672 et
3284 4617 3558 4685 palearum

334 4705 481 4777 θήσῃ
508 4704 584 4766 ὡς
614 4702 837 4774 βροῦχπ
856 4719 870 4734 ·
894 4702 1195 4773 ἐπλήθυνας
1228 4702 1494 4773 ἐμπορίας
1520 4719 1612 4755 σου
1656 4703 1795 4773 ὑπὲρ
1837 4720 1879 4755 τί

2000 4715 2174 4769 instar
2202 4727 2342 4781 quae,
2380 4727 2505 4765 cum
2535 4712 2734 4765 lateres
2781 4707 3170 4770 coniiciuntur,
3223 4708 3559 4762 conculcan-

334 4798 515 4867 ἄστρα
560 4795 656 4849 τοῦ
701 4795 951 4867 ούρανοῦ.
995 4816 1014 4849 ι
1065 4795 1203 4847 Ἀλλ’
1244 4795 1393 4847 οὐδὲν
1443 4794 1592 4847 ἔσται
1642 4811 1723 4847 σοι
1772 4795 1879 4867 πρὸ

2000 4814 2091 4860 tur
2120 4811 2174 4858 et
2203 4805 2319 4857 luto
2349 4802 2748 4866 immiscentur,
2796 4801 3052 4855 omnibus
3097 4800 3243 4854 illius
3301 4800 3561 4865 temporis

336 4890 619 4961 σωτηρίαν
685 4888 984 4959 μηχάνημα
1046 4889 1166 4941 τότε
1187 4906 1200 4918 ο
1262 4886 1570 4941 τούναντίον
1641 4888 1739 4958 μὲν
1790 4884 1879 4942 οῦν

1999 4900 2158 4953 malis
2197 4908 2251 4953 et
2281 4898 2397 4967 ipse
2429 4895 2894 4951 commisceberis.
2941 4894 3151 4964 Quippe
3204 4892 3345 4962 ignis
3390 4892 3563 4943 instar

337 4981 532 5050 ῶσπερ
590 4981 669 5042 είς
715 4996 835 5032 τινα
885 4979 1055 5050 πηλὸν
1101 4978 1347 5050 ἐμπέσῃ,
1394 4978 1454 5031 τὸ
1504 4977 1733 5049 μέγεθος
1797 4979 1879 5032 τῶ

2001 4991 2251 5045 absumet
2278 4995 2332 5041 te
2360 4985 2568 5053 hostis;
2609 4983 2847 5039 caedibus
2878 4985 3046 5038 variis
3087 4981 3287 5051 peribis
3320 4996 3335 5033 :
3367 4976 3560 5031 brucbi

336 5074 550 5155 κακῶν,
578 5073 735 5144 δίκην
767 5070 983 5142 ἀχύρων
1008 5072 1065 5126 ἐν
1091 5071 1301 5141 ποιήσει
1328 5068 1563 5122 πλίνθων
1589 5086 1879 5139 συμπατου·

2005 5089 2063 5138 et
2090 5082 2315 5135 locustae
2343 5092 2493 5132 more
2536 5075 2884 5146 superveniet
2922 5074 3020 5127 tibi
3065 5070 3301 5124 hostium
3344 5081 3561 5136 agmen,

338 5171 521 5243 μένων
545 5185 606 5221 τε
633 5168 729 5222 καὶ
772 5165 1286 5239 συναναφυρομένων
1331 5164 1410 5236 τῷ
1452 5164 1606 5237 πηλῷ
1650 5167 1708 5217 ἐν
1737 5166 1879 5219 ἆπασ

2013 5175 2106 5244 qui
2142 5180 2194 5227 te
2214 5160 2555 5232 consument,
2595 5167 2958 5235 acerbumque
2997 5162 3092 5216 tibi
3126 5160 3388 5214 malorum
3438 5174 3565 5213 sen-

336 5271 450 5331 τοῖς
481 5267 604 5321 τότε
643 5267 943 5339 φυρόμενος
967 5264 1153 5326 κακοῖς
1181 5264 1274 5316 καὶ
1298 5262 1490 5325 αὐτός’
1517 5260 1778 5316 ἀναλώσει
1811 5263 1879 5333 μὲ

2014 5279 2134 5320 sum
2171 5261 2408 5317 efﬁcient
2437 5259 2663 5315 :otiosze
2699 5258 2795 5311 tibi
2829 5261 2988 5311 erunt
3010 5267 3140 5322 Opes
3175 5250 3296 5313 illae,
3332 5264 3561 5319 quarum

339 5365 450 5435 γάρ
497 5381 558 5418 σε
605 5363 763 5434 δίκην
815 5360 984 5432 πυρὸς
1029 5361 1058 5413 ὁ
1112 5354 1403 5429 πολέμιος·
1466 5357 1810 5430 ἀφανισθήσῃ
1851 5357 1879 5410 δ

2014 5368 2299 5409 numerum
2324 5351 2497 5408 stellis
2523 5349 2837 5405 cmlestibns
2866 5359 3051 5415 parem
3082 5357 3456 5413 congesseras.

344 5431 578 5525 σφαγαις
629 5431 931 5514 ποικίλαις·
981 5450 1208 5523 βρούχου
1248 5467 1308 5502 τε
1362 5450 1456 5501 καὶ
1505 5449 1725 5520 ἀκρίδος
1772 5449 1928 5519 δίκην
1960 5444 2307 5500 ἐπελεύσεταί
2361 5462 2441 5500 σοι
2482 5445 2589 5496 τῶν
2638 5440 2911 5509 πολεμίων
2947 5436 3007 5489 τὸ
3043 5435 3265 5507 πλῆθος,
3318 5436 3392 5504 (p.
3442 5431 3567 5497 531)

343 5546 826 5610 καταναλίσκοντες
873 5561 931 5597 σε
975 5545 1070 5598 καὶ
1150 5542 1373 5614 βαρεῖαν
1433 5539 1845 5611 ἐξεργαζόμενοί
1884 5557 1965 5593 σοι
2013 5539 2122 5594 τῶν
2172 5537 2354 5591 κακῶν
2401 5537 2498 5606 τὴν
2540 5536 2767 5605 πεῖρανο
2822 5530 3101 5599 ἄπρακτος
3135 5529 3193 5586 δέ
3245 5544 3327 5582 σοι
3379 5527 3487 5591 πᾶς
3538 5525 3570 5577 ό

345 5644 571 5709 πλοῦτος
618 5645 825 5705 εκείνος
855 5641 1161 5712 γενήσεται,
1218 5639 1275 5692 ὃν
1332 5634 1612 5701 συνέλεξας
1662 5634 1902 5707 ὡσπερεὶ
1932 5637 2042 5699 τοῖς
2071 5635 2288 5705 ἄστροις
2321 5629 2688 5702 ἁμιλλώμενος
2721 5626 2815 5681 τοῦ
2846 5625 3094 5699 ούρανοῦ.
