3992 6232
228 306 327 360 ης

1182 306 1718 366 COMMENTARlUS
1754 306 1820 360 IN
1861 306 2200 363 "ABACUCI
2239 308 2389 365 CAP.
2437 311 2477 364 l.

3356 313 3456 368 ‘26

234 427 470 501 φοϐερὰν
502 428 720 500 ἐκείνην
742 429 833 484 διὰ
859 429 953 484 τοῦ
990 430 1220 499 ἀγγέλου
1246 432 1457 502 πληγὴν
1480 430 1794 502 δεξαμένου,

1912 427 2044 482 llam
2077 428 2144 483 ab
2167 429 2362 499 angelo
2378 428 2585 483 cladem
2616 438 2925 498 acceperat,
2949 431 3243 503 multaque,
3274 441 3331 485 ut
3362 450 3458 504 pur

233 520 370 589 μετά
397 519 601 589 πολλῆς
625 521 699 584 ὡς
722 521 870 584 εἰκὸς
899 521 1143 575 ἐντεῦθεν
1169 522 1268 591 τῆς
1296 520 1516 591 ἀτιμίας
1545 520 1801 591 ὑποστρέ-

229 609 431 677 ψαντος
466 612 549 673 είς
577 609 646 663 τὰ
684 613 895 673 οίκεία,
942 613 972 664 ὁ
1014 612 1281 684 μακάριος
1328 612 1644 682 ’Δμϐακοὺμ
1686 612 1797 681 (47)

229 703 326 754 ἐπὶ
370 704 470 773 τῆς
512 703 771 766 Ἰουδαίας
797 705 898 773 τὴν
937 705 1271 776 προφητείαν
1312 706 1543 757 ποιεῖται
1574 702 1799 775 ταύτην,

230 798 309 857 εἰς
337 794 433 848 δύο
465 796 703 867 μερίζων
751 795 844 849 τὸν
877 797 1051 866 λόγον,
1092 798 1170 861 εἷς
1219 815 1278 851 τε
1300 796 1400 869 τὴν
1425 796 1660 851 αίτίασιν
1692 796 1802 850 τῶν

229 888 286 937 έν
315 886 398 957 τῷ
426 886 544 958 λαῷ
570 888 998 942 δυναστευόντων
1036 907 1093 941 τε
1135 890 1229 943 καὶ
1254 890 1563 960 κρινόντων,
1593 889 1642 942 οἶ
1670 889 1791 942 πολ-

230 980 345 1041 λαῖς
372 980 470 1032 καὶ
500 979 773 1050 διαφόροις
802 981 1196 1051 ταλαιπωρίαις
1228 982 1352 1045 τοὺς
1376 981 1615 1051 πένητας
1644 998 1803 1052 περι-

229 1069 478 1135 έᾶαλλον,
508 1071 650 1141 ὑπὲρ
678 1064 753 1126 ὧν
780 1072 846 1142 δὴ
878 1071 1113 1142 μάλιστα
1139 1071 1542 1143 ὲπαχθήσεσθαι
1561 1072 1631 1126 τὰ
1650 1072 1804 1143 παρά

227 1161 333 1215 τῶν
366 1162 732 1217 Βαϐυλωνίων
777 1165 960 1227 αὐτοῖς
994 1163 1320 1235 μνημονεύει
1353 1163 1500 1217 κακά
1523 1180 1537 1192 ’
1587 1163 1682 1217 καὶ
1723 1164 1805 1226 είς

229 1251 324 1322 τὴν
369 1254 558 1307 αὐτῶν
602 1254 710 1307 τῶν
740 1254 1094 1308 Βαϐυλωνίων
1124 1254 1455 1325 κατηγορίαν
1489 1253 1566 1317 ὡς
1597 1270 1803 1325 κεκρα-

230 1346 478 1414 τηκότων
530 1346 633 1415 μὲν
665 1346 764 1416 τῆς
802 1345 1174 1419 Ἰερουσαλὴμ,
1219 1348 1319 1400 οὐκ
1361 1348 1443 1410 είς
1481 1346 1597 1399 δέον
1638 1346 1696 1399 δὲ
1725 1344 1804 1416 τῷ

230 1438 423 1506 κράτει
474 1438 837 1508 χρησαμένων
864 1477 879 1501 ,
934 1437 1135 1508 πολλὴν
1181 1438 1237 1490 δὲ
1280 1438 1378 1509 τὴν
1409 1436 1673 1507 ἀμετρίαν
1706 1437 1805 1507 τῆς

232 1528 515 1599 ὠμότητος
568 1531 688 1581 κατ’
717 1529 896 1582 αὐτῶν
927 1528 1369 1599 ὲπιδεδειγμένων
1395 1547 1410 1561 ·
1460 1529 1597 1600 ὑπὲρ
1629 1521 1705 1583 ὧν
1740 1529 1803 1601 δὴ

233 1618 324 1670 καὶ
344 1618 572 1680 τούτους
598 1617 1072 1689 τιμωρηθήσεσθαι
1098 1619 1265 1688 λέγει·
1296 1618 1436 1671 ὥστε
1464 1619 1604 1672 κατά
1622 1636 1686 1687 γε
1706 1619 1805 1690 τὴν

234 1710 496 1779 διαίρεσιν
540 1710 742 1779 ταύτην
786 1711 1016 1763 ἐοικέναι
1069 1710 1147 1781 τῷ
1187 1710 1360 1781 ἐνάτῳ
1389 1710 1589 1781 ψαλμῷ
1629 1711 1805 1765 δοκεῖν

238 1802 403 1855 αὐτοῦ
434 1802 530 1871 τὴν
563 1801 919 1871 προφητείαν,
958 1802 1018 1865 ὃς
1061 1802 1178 1855 ἐστὶ
1230 1804 1330 1874 μὲν
1375 1799 1455 1867 εἷς
1480 1804 1559 1874 τῷ
1588 1803 1805 1876 ἀριθμῷ

238 1894 331 1945 ἐπὶ
380 1893 480 1961 τῆς
532 1893 849 1964 Ἑλληνικῆς
893 1896 1284 1965 ὲκφωνήσεως,
1326 1895 1420 1949 δύο
1469 1896 1525 1949 δὲ
1572 1898 1664 1950 ἐπὶ
1707 1898 1805 1968 τῆς

248 1984 515 2053 Ἰ·.6ραίων
576 1984 821 2053 γλώττης
845 2022 861 2045 ,
913 1985 1051 2038 ἰδίαν
1097 1986 1355 2055 ἑκατέρου
1408 1987 1507 2057 τὴν
1554 1987 1805 2041 ὑπόθεσιν

236 2074 468 2144 ἔχοντος·
498 2076 576 2138 ὡς
606 2075 703 2127 τοῦ
751 2076 853 2146 μὲν
895 2076 1159 2147 προτέρου
1204 2077 1376 2148 ἀρχὴν
1421 2078 1519 2148 μὲν
1554 2077 1690 2132 εἶναι
1721 2079 1802 2143 τὸ,

241 2187 257 2212 ι
296 2167 797 2237 Ἑξομολογήσομαί
839 2185 955 2233 σοι,
994 2168 1163 2239 Κύριε
1184 2208 1198 2233 ,
1233 2170 1290 2221 ἐν
1319 2169 1416 2242 ὅλῃ
1452 2170 1648 2241 καρδίᾳ
1680 2188 1803 2241 μου,

232 2259 565 2329 διηγήσομαι
593 2259 772 2313 πάντα
793 2259 862 2312 τά
889 2260 1167 2330 θαυμάσιά
1192 2278 1285 2314 σου
1304 2278 1318 2292 ⁸
1354 2281 1372 2313 ι
1418 2263 1590 2333 πέρας
1624 2262 1680 2315 δὲ
1723 2263 1803 2325 τὸ,

236 2366 257 2398 σ
285 2350 668 2420 Κατάστησον,
710 2351 901 2422 Κύριε,
945 2352 1242 2424 νομοθέτην
1276 2354 1480 2418 αὐτοῖς,
1514 2355 1807 2422 γνώτωσαν

234 2438 356 2509 έθνη
384 2439 469 2491 ὅτι
497 2439 775 2510 ἄνθρωποί
804 2443 928 2493 είσι.
959 2460 978 2491 ι
1012 2441 1116 2494 Τοῦ
1147 2442 1397 2513 δευτέρου
1422 2442 1479 2496 δὲ
1503 2443 1675 2514 ἀρχὴν
1710 2444 1807 2513 μὲν

233 2530 309 2592 τὸ,
343 2550 365 2583 σ
397 2530 519 2584 Ἰνα
546 2532 623 2593 τί,
664 2533 858 2602 Κύριε,
901 2532 1215 2605 ἀφέστηκας
1243 2535 1546 2605 μακρόθεν;
1578 2537 1654 2605 (p.
1678 2537 1805 2601 554)

235 2622 510 2694 ὑπερορᾷς
542 2625 601 2675 ὲν
627 2623 949 2693 εὐκαιρίαις,
985 2626 1042 2677 έν
1062 2618 1298 2694 θλίψεσι;
1326 2646 1344 2677 ι
1368 2627 1517 2690 τέλος
1546 2628 1624 2690 δὲ,
1653 2647 1672 2679 ι
1696 2629 1806 2700 Τὴν

234 2715 555 2784 ίτοιμασίαν
581 2714 682 2785 τῆς
716 2715 944 2785 καρδίας
968 2716 1148 2771 αὐτῶν
1187 2717 1456 2790 προσέσχε
1483 2720 1543 2771 τὸ
1570 2716 1662 2783 οὖς
1689 2738 1804 2784 σου,

236 2806 415 2874 κιρίναι
444 2804 672 2876 δρψανῷ
698 2808 792 2859 καὶ
834 2807 1091 2877 ταπεινῷ,
1118 2807 1204 2862 ἵνα
1246 2810 1320 2880 μὴ
1360 2810 1566 2882 προσθῇ
1601 2811 1679 2863 ἔτι
1712 2811 1806 2866 τοῦ

240 2896 607 2966 μεγαλαυχεῖν
635 2896 920 2967 ἄνθρωπος
948 2900 1040 2951 ἐπὶ
1066 2900 1166 2969 τῆς
1198 2901 1318 2969 γῆς.
1358 2920 1376 2951 ι
1421 2901 1635 2954 Τούτων
1664 2903 1721 2955 δὲ
1749 2904 1806 2955 ὲν

243 2988 335 3039 ,ιὲν
358 2990 475 3051 τοῖς
499 2988 789 3059 προτέροις
811 2990 937 3053 τοὺς
967 2990 1274 3062 ἀλλοτρίους
1300 2994 1559 3056 αἰτιᾶται,
1586 2994 1727 3061 λέγω
1749 2995 1807 3048 δὲ

1899 526 2036 585 erat,
2072 533 2197 573 cum
2250 519 2543 589 ignominia
2599 519 2749 575 illinc
2797 521 2852 575 in
2897 523 3126 590 patriam
3177 535 3460 593 regressus

1900 609 2108 672 fuerat;
2169 610 2361 665 beatus
2410 609 2735 666 Habacucus
2786 612 2889 665 hoc
2935 613 3107 667 edidit
3157 613 3223 667 de
3272 612 3458 668 Judzea

1900 701 2243 767 vaticinium,
2269 700 2447 756 diviso
2472 702 2525 754 in
2547 712 2728 771 partes
2752 702 2888 758 duas
2910 718 3195 767 sermone;
3226 718 3458 773 quarum

1902 795 2085 865 priore
2132 794 2411 864 principes
2464 793 2788 864 iudicesque
2851 795 3087 857 incusat,
3137 795 3229 865 qui
3275 795 3461 849 multis

1904 884 2181 956 variisque
2205 884 2463 939 aerumnis
2486 900 2751 955 pauperes
2773 886 3183 955 implicuerant;
3205 901 3365 955 quam
3390 886 3462 939 ob

1901 990 2017 1030 rem
2072 975 2343 1046 precipue
2400 984 2660 1030 eventura
2716 976 2824 1031 illis
2880 992 2908 1029 a
2956 976 3267 1048 Babyloniis
3317 979 3463 1031 mala

1904 1075 2169 1121 memorat
2204 1086 2217 1121 :
2251 1068 2421 1121 altera
2474 1082 2605 1122 vero
2666 1083 2794 1137 pars
2849 1067 3267 1139 Babyloniorum
3323 1070 3464 1139 ipsu-

1904 1176 2025 1214 rum
2070 1162 2495 1231 increpationem
2550 1166 2816 1226 continet,
2854 1165 2946 1233 qui
2994 1163 3333 1220 Hierusalem
3366 1181 3460 1235 po-

1905 1254 2014 1319 titi,
2045 1254 2185 1307 haud
2218 1264 2363 1308 recte
2390 1256 2615 1309 victoria
2646 1257 2729 1311 usi
2761 1266 2937 1320 erant,
2969 1258 3060 1311 sed
3087 1258 3312 1312 multum
3336 1272 3463 1312 cru-

1906 1346 2147 1401 delitatis
2201 1362 2485 1401 excessum
2539 1348 2801 1402 adversus
2846 1345 3061 1403 Iudaeos
3112 1360 3463 1417 exprompsc-

1906 1446 2061 1504 rant;
2097 1438 2257 1506 cujus
2284 1453 2447 1493 causa
2480 1439 2726 1509 punitum
2765 1439 2831 1493 iri
2872 1440 3023 1494 dicit.
3058 1439 3237 1506 Quare
3265 1455 3465 1495 secun-

1908 1530 2039 1583 dum
2069 1530 2212 1584 banc
2237 1531 2585 1595 divisionem,
2619 1532 2833 1587 videtur
2860 1532 3140 1603 prophetia
3171 1533 3284 1587 haec
3317 1547 3464 1588 nono

1906 1620 2102 1675 similis
2129 1622 2357 1691 psalmo,
2388 1623 2482 1691 qui
2515 1638 2659 1677 unus
2692 1630 2776 1678 est
2810 1623 2865 1677 in
2902 1622 3087 1678 Graaca
3135 1624 3463 1693 interpreta-

1908 1711 2078 1774 tione,
2110 1711 2220 1765 duo
2249 1723 2429 1767 autem
2458 1712 2511 1765 in
2544 1711 2769 1767 Hebraea
2791 1714 2998 1783 lingua,
3027 1729 3153 1769 cum
3182 1730 3283 1768 suo
3313 1715 3466 1785 quis-

1907 1817 2011 1870 que
2063 1813 2401 1871 argumento.
2455 1802 2517 1857 Et
2560 1805 2758 1873 prioris
2805 1806 3022 1876 quidem
3071 1806 3285 1860 initium
3328 1814 3463 1860 est:

1912 1912 1929 1943 ι
1965 1892 2279 1948 Conﬁtebor
2301 1894 2420 1957 tibi,
2453 1893 2701 1957 Domine,
2731 1896 2783 1949 in
2813 1902 2929 1951 toto
2957 1896 3121 1951 corde
3150 1912 3302 1962 meo;
3335 1910 3465 1949 nar-

1906 1985 2041 2038 rabo
2083 1984 2263 2038 omnia
2304 1985 2573 2037 mirabilia
2620 1994 2733 2040 tua.
2772 2006 2793 2038 ι
2827 1985 2982 2042 Finis
3014 1996 3193 2042 autem
3233 2006 3244 2041 :
3279 2006 3297 2038 ι
3328 1988 3470 2041 Con-

1907 2076 2097 2138 stitue,
2159 2073 2407 2135 Domine,
2463 2075 2822 2144 legislatorem
2877 2076 2993 2143 eis;
3049 2076 3224 2131 sciant
3282 2087 3468 2146 gentes

1905 2165 2166 2237 quoniam
2225 2165 2471 2220 homines
2531 2175 2678 2220 sunt.
2717 2185 2737 2218 ι
2800 2167 3040 2222 Alterius
3095 2182 3225 2223 vero
3271 2168 3467 2238 psalmi

1907 2259 2125 2314 initium
2159 2268 2243 2314 est
2282 2276 2296 2312 :
2336 2276 2354 2309 ι
2392 2258 2463 2314 Ut
2496 2258 2650 2327 quid,
2684 2257 2933 2323 Domine,
2975 2260 3252 2315 recessisti
3288 2261 3466 2329 longe,

1908 2351 2151 2421 despicis
2185 2350 2240 2404 in
2271 2349 2797 2420 opportunitatibus,
2839 2350 2893 2403 in
2930 2349 3414 2404 tribulationibus?
3444 2368 3462 2400 ι

1908 2442 2062 2498 Finis
2092 2461 2105 2496 :
2140 2460 2158 2492 ι
2183 2440 2577 2510 Prmparationi
2613 2440 2796 2495 cordis
2831 2454 3020 2497 eorum
3061 2440 3290 2495 attendit
3317 2442 3470 2495 auris

1911 2544 2027 2599 tua,
2075 2533 2324 2603 judicare
2375 2533 2580 2602 pupillo
2624 2539 2679 2585 et
2728 2532 2940 2593 humili,
2979 2539 3039 2584 ut
3088 2546 3196 2586 non
3234 2544 3471 2602 apponat

1908 2627 2047 2682 ultra
2098 2624 2448 2696 magniﬁcare
2488 2640 2546 2678 se
2596 2624 2758 2677 homo
2805 2638 2970 2692 super
3017 2633 3241 2679 terram.
3278 2643 3299 2676 ο
3349 2623 3469 2679 Jam

1907 2731 2037 2771 vero
2075 2716 2130 2769 in
2157 2716 2340 2784 priore
2376 2715 2588 2784 psalmo
2618 2713 2955 2784 alienigenas
3004 2715 3270 2786 increpat,
3304 2716 3354 2770 id
3386 2726 3479 2772 est.

1910 2805 2194 2869 ﬁnitimos,
2220 2806 2315 2876 qui
2340 2820 2667 2876 magnopere
2690 2804 3131 2862 contra.Juda:os
3160 2810 3469 2873 sazvierant,

1907 2913 1974 2952 ac
2017 2905 2307 2968 propterea
2354 2912 2571 2967 pmnam
2605 2898 2765 2968 232
2790 2899 2923 2968 ipsis
2974 2913 3003 2952 a
3054 2899 3167 2954 Deo
3209 2899 3469 2955 inﬂictam

1911 2990 2080 3057 dicit;
2116 2991 2172 3045 in
2204 2992 2379 3046 altero
2415 2991 2600 3061 populi
2629 2992 2855 3047 ditiores
2883 2978 2945 3046 ac
2977 2992 3253 3063 principes
3287 2993 3474 3061 objur-

237 3076 359 3140 ad);
388 3078 721 3147 περιοίκους,
757 3079 833 3140 ὡς
864 3079 1029 3151 πολλῇ
1075 3082 1142 3152 τῇ
1193 3082 1310 3135 κατ’
1344 3084 1524 3136 αὐτῶν
1567 3084 1810 3156 ὠμότητι

1913 3090 2026 3153 gat,
2052 3085 2146 3153 qui
2176 3098 2445 3153 pauperes
2478 3083 2787 3152 iniquitate,
2825 3083 3191 3148 detrimentis,
3228 3085 3475 3155 injuriis-

240 3170 644 3239 χρησαμένους,
678 3170 818 3241 ὑπὲρ
848 3165 924 3225 ὧν
974 3172 1039 3243 δὴ
1072 3174 1167 3227 καὶ
1205 3176 1473 3245 τιμωρίαν
1504 3177 1696 3240 αὐτοῖς
1719 3179 1816 3231 έπ-

242 3262 404 3331 ῆχθαι
432 3262 586 3331 λέγει
611 3264 764 3333 παρά
785 3263 880 3317 τοῦ
907 3263 1063 3316 Θεοῦο
1089 3265 1147 3317 ὲν
1160 3264 1219 3318 δὲ
1246 3268 1357 3327 τοίς
1373 3266 1665 3339 δευτέροις,
1689 3269 1817 3333 τοὺς

243 3354 299 3405 ἐν
331 3352 411 3422 τῷ
436 3352 559 3421 λαῷ
589 3353 668 3423 τῷ
696 3372 757 3407 τε
785 3354 999 3426 πλούτῳ
1027 3355 1120 3408 καὶ
1149 3359 1213 3427 τῇ
1262 3356 1549 3429 δυναστείᾳ
1582 3362 1669 3413 ἐπ’
1698 3361 1815 3414 ἀδιο

244 3446 364 3496 κίαν
395 3446 493 3497 καὶ
528 3445 736 3516 βλάϐην
764 3448 860 3499 καὶ
888 3448 1149 3519 ἐπήρειαν
1186 3448 1295 3502 τῶν
1335 3452 1582 3520 πενήτων
1615 3456 1815 3523 κεχρη-

245 3536 459 3603 μένους,
495 3536 592 3599 οὓς
620 3538 714 3589 καὶ
755 3538 951 3601 αὐτοὺς
991 3532 1093 3593 οὐκ
1135 3538 1242 3604 ἔξω
1287 3544 1556 3615 τιμωρίας
1596 3544 1812 3598 ἔσεσθαί

241 3642 391 3695 φησι.
424 3626 650 3679 Τοιοῦτο
672 3628 779 3699 γάρ
802 3645 856 3680 τι
886 3630 978 3681 καὶ
1000 3628 1095 3683 νῦν
1127 3631 1157 3682 ὁ
1188 3632 1454 3701 μακάριος
1494 3632 1815 3705 Ἀμόακοὺμ

240 3717 271 3765 ὁ
301 3718 588 3787 προφήτης
624 3720 804 3783 ποιεῖ,
857 3718 1093 3790 μερίζων
1134 3720 1226 3773 τὸν
1272 3720 1428 3790 λόγον
1470 3724 1550 3786 είς
1583 3741 1642 3777 τε
1689 3725 1816 3788 τοὺς

244 3809 371 3877 παρ’
402 3809 592 3872 αὐτοῖς
643 3809 730 3861 ἐπ’
775 3810 958 3881 ἀδικίᾳ
1002 3812 1112 3864 τῶν
1150 3814 1395 3884 πενήτων
1434 3819 1501 3886 τῇ
1541 3815 1819 3889 προσαύσῃ

241 3899 613 3970 κεχρημένους
639 3899 929 3971 δυναστείᾳ
954 3915 969 3930 ο
1008 3902 1227 3966 τούτους
1258 3904 1366 3975 γὰρ
1390 3907 1448 3958 ὲν
1486 3909 1597 3969 τοῖς
1625 3910 1818 3978 προτέ-

242 4005 360 4057 ροις
386 3989 797 4058 αἰτιασάμενος,
827 3989 975 4059 λέγει
1008 3992 1103 4045 καὶ
1132 3992 1230 4063 τὴν
1261 3994 1607 4067 ἐπαγομένην
1634 3998 1817 4061 αὐτοῖς

242 4080 612 4152 ὑπὲριτούτου
641 4082 929 4154 τιμωρίαν·
960 4085 1055 4137 καὶ
1079 4087 1159 4150 είς
1177 4086 1302 4149 τοὺς
1323 4087 1715 4155 Βαϐυλωνίους,
1740 4084 1816 4145 ὧν

242 4169 342 4224 καὶ
370 4171 555 4225 αὐτῶν
587 4171 818 4225 πλεῖστα
843 4173 945 4227 ὅσα
975 4173 1384 4230 διατεθεικότων
1412 4179 1557 4233 κακά
1579 4180 1670 4233 τὸν
1689 4181 1817 4236 λαὸν

238 4263 701 4335 ἐπαχθησομένην
723 4263 944 4336 ὕστερον
965 4265 1234 4337 τιμωρίαν
1259 4269 1472 4340 μηνύει.
1524 4271 1681 4327 Ἀλλά
1705 4272 1814 4346 γὰρ

1910 3191 2017 3245 que
2045 3176 2349 3240 vexabant;
2381 3183 2543 3243 atque
2580 3175 2679 3228 bos
2718 3175 2881 3228 etiam
2916 3173 3061 3227 haud
3095 3190 3310 3245 poenam
3342 3192 3476 3231 eva-

1909 3283 2071 3323 suros
2110 3268 2204 3321 ait.
2237 3266 2381 3322 ldem
2423 3267 2535 3320 fere
2586 3281 2732 3320 nunc
2775 3267 2887 3337 agit
2918 3267 3109 3322 beatus
3150 3266 3476 3324 Habacucus

1910 3360 2198 3430 propheta,
2243 3359 2505 3429 bipartito
2559 3372 2835 3419 sermone,
2880 3359 3059 3428 primo
3111 3362 3331 3429 quidem
3387 3362 3475 3413 ad-

1909 3466 2103 3506 versus
2142 3465 2238 3505 eos
2272 3450 2363 3518 qui
2402 3462 2671 3517 pauperes
2712 3446 2918 3515 injusta
2970 3450 3019 3501 vi
3051 3450 3473 3519 opprimebant:

1912 3543 1998 3597 his
2053 3542 2198 3596 enim
2252 3543 2497 3611 apprime
2556 3540 2873 3609 increpitis,
2914 3548 3228 3594 eventuram
3277 3538 3474 3595 delicto

1910 3649 2128 3707 pinnam
2178 3633 2455 3703 praedicit;
2491 3631 2690 3686 deinde
2742 3633 2796 3684 in
2839 3630 3162 3702 Babylonios
3200 3633 3476 3684 converti-

1911 3737 2025 3793 tur,
2056 3727 2148 3797 qui
2178 3742 2300 3780 cum
2337 3726 2622 3779 innumera
2661 3723 2804 3776 mala
2837 3723 3036 3792 populo
3069 3721 3300 3777 Judaico
3330 3724 3478 3777 intu—

1912 3821 2125 3883 lissent,
2178 3816 2517 3887 punitionem
2562 3814 2696 3885 ipsis
2735 3815 3050 3884 impositum
3096 3816 3160 3869 iri
3212 3817 3475 3885 praedicit.

1912 3911 2068 3967 Nune
2099 3919 2389 3980 postquam
2437 3909 2732 3962 verborum
2766 3908 3046 3977 prophetas
3090 3916 3476 3978 argumentum

1912 4008 2284 4076 exposuimus,
2318 4003 2570 4073 sequitur
2600 4011 2660 4057 ut
2705 4009 2891 4073 partes
2937 4001 3182 4072 singulas
3225 4002 3478 4057 conside-

1912 4115 2114 4154 remus.
2165 4096 2328 4149 Praait
2374 4094 2574 4150 solitus
2623 4094 2805 4149 libello
2836 4093 3072 4147 titulus:
3115 4111 3133 4144 ι
3163 4088 3480 4162 Assumptio

1915 4203 2079 4259 quam
2107 4188 2243 4242 vidit
2266 4185 2595 4241 Habacucus
2622 4184 2905 4255 propheta.
2946 4202 2966 4235 ι
2996 4182 3087 4238 Sic
3120 4192 3301 4237 autem
3325 4197 3484 4237 evor-

1915 4282 2061 4335 ditur
2082 4295 2100 4330 :

239 4364 500 4433 τοιαύτης
553 4364 696 4428 me;
742 4363 908 4436 οὔσης
952 4366 1049 4437 τῆς
1082 4367 1390 4434 ὑποθέσεως
1432 4371 1541 4424 τῶν
1589 4370 1684 4426 τοῦ
1738 4374 2018 4445 προφήτου
2069 4368 2325 4440 ῥημάτων
2347 4409 2363 4432 ,
2408 4367 2477 4420 τὰ
2532 4364 2674 4419 κατά
2722 4364 2886 4435 μέρος
2935 4364 3230 4434 σκοπητέον
3278 4364 3481 4418 λοιπόν.

242 4460 537 4529 Πρόκειται
566 4459 667 4529 μὲν
694 4455 789 4514 οὖν
814 4462 848 4532 ἡ
879 4461 1097 4517 εἰωθυῖα
1124 4466 1413 4536 προγραφὴ
1440 4466 1534 4519 τοῦ
1571 4467 1795 4538 βιϐλίου,
1829 4487 1849 4521 ι
1884 4467 1959 4521 Τὸ
1991 4466 2183 4536 λῆμμα
2216 4463 2245 4515 ὃ
2269 4459 2406 4515 εἶδεν
2446 4460 2765 4531 Ἀμσακοὺμ
2796 4462 2825 4512 ὁ
2854 4463 3161 4529 προφήτης·
3206 4478 3221 4507 ι
3259 4459 3482 4530 ἄρχεται

238 4552 301 4604 δὲ
324 4552 494 4613 οὕτως
516 4569 530 4581 ⁸

909 4670 1065 4721 ΚΕΦ.
1107 4672 1182 4723 A'.

322 4801 466 4871 Στίχ.
504 4802 569 4872 β’.
604 4832 677 4843 -
709 4803 885 4865 «Ἕως
912 4803 1076 4868 τίνος,
1109 4803 1303 4874 Κύριε,
1338 4803 1695 4874 κεκράξομαι,
1728 4806 1822 4859 καὶ

244 4892 315 4942 οὐ
356 4891 430 4961 μὴ
456 4892 811 4965 εἰσακούσῃς;
862 4892 1127 4963 βοήσομαι
1172 4892 1306 4962 πρὸς
1340 4893 1400 4945 σὲ
1445 4892 1818 4964 ἀδικούμενος,

245 4983 356 5035 καὶ
384 4984 446 5034 ού
481 4985 553 5054 μὴ
582 4983 793 5055 among;
834 5002 852 5035 ι
904 4986 979 5053 (p.
1003 4984 1129 5054 355)
1177 4986 1287 5055 υύχ
1330 4984 1405 5048 ὡς
1437 4985 1672 5039 αίτίασίν
1703 5003 1824 5040 τινα

244 5073 337 5143 τῷ
378 5074 494 5144 Θεῷ
535 5077 826 5147 προσάγων
866 5077 894 5127 ὁ
934 5076 1216 5146 προφήτης
1260 5074 1433 5128 ταῦτά
1466 5091 1650 5145 φησιν,
1690 5075 1827 5129 ἀλλὰ
1870 5110 1875 5115 -

245 5164 445 5227 καθὼς
468 5166 582 5231 ἔθος
608 5167 791 5229 αὐτοῖς
819 5167 912 5219 ἐπὶ
937 5166 1044 5219 τῶν
1072 5184 1192 5220 τινα
1218 5166 1541 5236 διαπόρησιν
1570 5167 1822 5236 ἑχόντων,

245 5259 285 5327 ἢ
344 5259 439 5310 xa‘t
487 5260 856 5330 ἀγανάκτησιν
910 5260 1198 5312 κινούντων
1251 5259 1464 5313 δικαίαν
1519 5259 1663 5313 κατὰ
1713 5259 1823 5312 τῶν

248 5348 570 5414 ποιούντων,
602 5353 662 5404 ὲν
688 5350 971 5421 αἰτιατικῴ
998 5351 1175 5419 λέγειν
1210 5351 1444 5421 σχήματι
1492 5350 1601 5403 τῶν
1650 5368 1823 5421 πρατ-

540 5445 637 5513 την
682 5445 931 5497 ἀτοπίαν·
967 5443 1109 5496 οὕτω
1135 5444 1363 5498 κάνθάδε
1402 5443 1564 5513 φησίν
1590 5460 1605 5474 ’
1636 5443 1823 5515 ὥσπερ

248 5531 363 5587 οὖν
397 5535 486 5586 καὶ
508 5537 534 5589 ὁ
561 5536 825 5606 μακάριος
856 5535 1001 5602 λέγει
1034 5535 1193 5587 Δαυῒδ
1225 5536 1305 5601 τὸ,
1348 5554 1366 5586 ι
1387 5534 1503 5590 ’Ὶνα
1526 5534 1599 5600 τί,
1626 5533 1821 5605 Κύριε.

346 5724 452 5794 (47)
483 5724 537 5779 In
571 5725 729 5780 titulo
769 5722 915 5775 ‘A66.

546 5821 815 5881 ΡΑτιιοι.
852 5823 969 5881 Gn.
1010 5823 1228 5882 LXVI.

2584 4667 2734 4722 CAP.
2779 4666 2817 4719 1.

1990 4801 2155 4857 Vsus.
2188 4801 2242 4854 9..
2276 4831 2342 4840 —-
2376 4821 2394 4852 ι
2434 4799 2749 4870 Usquequo,
2810 4799 3057 4869 Domine,
3110 4803 3381 4864 clamabo,
3435 4812 3488 4857 et

1922 4907 2033 4947 non
2070 4891 2379 4948 exaudies?
2424 4890 2767 4944 vociferabor
2814 4892 2880 4946 ad
2924 4899 2978 4946 te
3022 4890 3129 4944 vim
3167 4892 3400 4959 patiens.
3435 4901 3489 4944 et

1921 4998 2035 5039 non
2055 4983 2337 5038 salvabis?
2370 5000 2388 5032 ι
2421 4980 2537 5035 Non
2573 4988 2833 5052 tanquam
2863 4982 3241 5052 eXpostulans,
3268 4982 3384 5036 bam
3413 4984 3491 5035 ait

1923 5075 2206 5145 propheta,
2259 5074 2352 5130 sed
2414 5088 2568 5129 more
2635 5074 2878 5137 illorum,
2930 5075 3021 5143 qui
3085 5074 3140 5126 in
3196 5088 3256 5127 re
3307 5074 3491 5142 aliqua

1923 5167 2094 5232 anxii,
2121 5167 2204 5220 vel
2244 5168 2410 5220 etiam
2436 5167 2585 5234 justa
2614 5167 2991 5237 indignatione
3031 5164 3314 5230 commoti,
3348 5167 3491 5235 (igu-

1926 5266 2048 5312 ratu
2075 5258 2145 5311 ad
2190 5258 2681 5326 expostulationem
2721 5270 2972 5313 sermone
3001 5255 3069 5310 de
3119 5270 3305 5310 rerum
3343 5269 3493 5311 acta-

1928 5364 2049 5403 rum
2086 5348 2372 5417 iniquitate
2399 5358 2722 5418 queruntur.
2776 5348 2853 5400 lta
2884 5347 3096 5402 scilicet
3126 5347 3232 5401 hoc
3267 5362 3327 5403 se
3371 5348 3493 5403 loco

1930 5443 2068 5512 gerit
2088 5440 2372 5511 prepheta.
2409 5438 2565 5494 Sicut
2592 5448 2723 5509 ergo
2755 5438 2948 5493 beatus
2973 5439 3137 5492 etiam
3168 5439 3245 5493 ait
3278 5438 3488 5494 David:

1938 5550 1957 5583 ι
1990 5530 2062 5587 Ut
2104 5531 2257 5587 quid.
2300 5530 2544 5596 Domine,
2590 5529 2871 5586 recessisti
2926 5529 3106 5595 longe,
3156 5528 3393 5600 despicis
3441 5532 3498 5587 in

3155 5807 3226 5866 14
