4054 6238
503 332 608 388 £97

1678 333 2029 389 THEODORI
2068 306 2547 391 MOPSUESTENI

3622 330 3728 387 4‘23

499 446 1017 517 opportunitatibus,
1046 450 1096 501 in
1119 449 1593 504 tribulationibus?
1626 449 1759 503 Dum
1783 451 2054 506 extollitur

2165 452 2475 523 ἀφέστηκας
2509 450 2797 521 μακρόθεν,
2824 451 3092 521 ὑπερορᾷς
3119 451 3174 502 ἐν
3208 447 3593 518 εὐκαιρίαις,ἐν
3618 447 3729 501 θλὲ-

501 539 720 608 impius,
773 538 1084 593 incenditur
1134 543 1423 611 pauper”,
1464 561 1482 593 ι
1535 550 1588 595 et
1628 542 1866 611 reliqua;
1913 542 2058 595 haud

500 627 667 681 Deum
704 629 929 697 colpans
978 629 1050 683 ita
1094 631 1351 698 loquitur,
1400 633 1492 685 sed
1543 631 1651 685 illis
1684 632 1927 686 irascens
1963 634 2059 701 qui

500 718 627 770 talia
657 726 842 785 agunt,
886 726 938 771 et
966 720 1368 787 quodammodo
1402 728 1737 784 exaestuans,
1769 722 1914 790 quod
1949 737 2059 775 non

450 855 457 861 ,
500 804 610 856 cito
659 820 849 872 pmnas
904 806 1116 860 debitas
1160 809 1378 864 luerint.
1434 810 1511 863 Ita
1556 819 1608 865 et
1655 810 1825 865 alibi:
1870 830 1887 861 ι
1926 811 2056 876 Cur,

504 893 671 957 Deus,
708 897 955 965 repulisti
985 897 1039 950 in
1071 897 1227 951 ﬁnem
1251 900 1273 951 ?
1298 902 1472 956 iratus
1506 910 1589 956 est
1619 901 1773 956 furor
1803 910 1931 957 tuus
1962 904 2060 957 ad-

501 1001 689 1041 versus
708 1002 834 1041 oves
861 988 1048 1057 pascui
1082 991 1158 1042 tui
1176 990 1257 1041 "?
1281 1009 1297 1041 ι
1328 989 1533 1046 Etenim
1552 991 1920 1061 magnitudine
1950 1008 2062 1046 ma-

500 1079 674 1131 lorum
722 1084 921 1148 populo
955 1081 1228 1134 illatorum
1280 1085 1563 1145 attonitus,
1620 1086 1698 1137 sic
1741 1085 1901 1137 etiam
1956 1084 2059 1138 hoc

499 1170 619 1224 loco
654 1172 916 1240 loquitur.
953 1169 1113 1225 Velut
1144 1173 1307 1226 etiam
1343 1175 1537 1227 beatus
1570 1172 1834 1230 Jeremias
1874 1175 2007 1229 dicit
2042 1196 2054 1229 :

504 1279 523 1311 ι
565 1263 674 1316 Cur
735 1263 821 1315 via
886 1263 1178 1332 impiorum
1246 1274 1633 1333 prosperatur,
1681 1265 1839 1335 233
1904 1266 2059 1321 beate

496 1360 664 1417 agunt
740 1364 929 1404 omnes
1002 1350 1361 1418 reprobantes
1427 1354 1873 1421 reprobrationes
1906 1353 2000 1405 ὀἳ
2033 1373 2051 1404 ι

495 1441 627 1493 Nam
649 1457 719 1497 ne
746 1442 846 1497 iste
885 1442 1103 1512 quidem
1146 1441 1314 1497 Deum
1360 1459 1631 1499 accusans
1683 1444 1761 1498 sic
1797 1446 2055 1513 loquitur,

497 1533 591 1589 sed
659 1533 946 1603 indignans
1016 1535 1197 1605 potius
1265 1538 1410 1605 quod
1473 1536 1797 1590 delictorum
1862 1551 2057 1605 pmnas

495 1641 602 1679 non
636 1628 977 1695 pertulerint.
1002 1626 1123 1680 Pari
1159 1626 1301 1681 enim
1351 1629 1626 1696 propheta:
1652 1642 1842 1681 omnes
1877 1629 2056 1681 animo

494 1728 667 1771 erant.
727 1720 865 1785 Quin
917 1728 971 1774 et
1032 1720 1163 1774 illud
1211 1721 1353 1790 apud
1399 1721 1611 1774 beatum
1669 1719 1923 1773 Davidem
1972 1720 2055 1773 di-

494 1818 640 1863 ctum
676 1829 688 1863 :
725 1830 741 1861 ι
777 1810 1024 1874 Domine,
1057 1812 1112 1864 in
1140 1813 1278 1866 ctelo
1318 1811 1690 1866 misericordia
1721 1820 1836 1874 tua,
1866 1820 1921 1865 et
1962 1827 2055 1865 ve-
2086 1803 2128 1859 Β

497 1892 748 1957 ritastua
777 1918 949 1972 usque
979 1903 1044 1956 ad
1081 1904 1253 1958 nubes
1285 1922 1297 1956 :
1326 1903 1541 1972 justitia
1573 1912 1686 1964 tua,
1720 1905 1863 1959 sicut
1895 1918 2056 1957 mon-

494 2001 575 2046 tes
610 1992 733 2056 Dei;
769 1993 975 2060 judicia
1023 2000 1116 2047 tua
1149 1994 1379 2065 abyssus
1423 1995 1589 2047 multa
1621 1996 1665 2025 ²¹
1700 2013 1711 2046 :
1746 2014 1763 2046 ›
1804 2010 1923 2063 qua:
1966 1994 2054 2048 ni-

494 2089 692 2142 mirum
735 2089 887 2155 dicit,
928 2089 1316 2157 benignitatem
1357 2090 1450 2146 Dei
1481 2090 1757 2145 demirans
1785 2106 1911 2162 erga
1960 2091 2059 2145 ho-

493 2187 669 2240 mines
700 2194 959 2256 tanquam
999 2186 1289 2251 inﬁnitam,
1312 2187 1533 2256 etquod
1575 2190 1799 2241 multam
1833 2188 1900 2243 de
1935 2189 2055 2241 viro

488 2283 636 2350 justo
668 2290 822 2352 gerat
859 2282 1305 2347 sollicitudinem,
1348 2283 1820 2352 imperscrutabile
1866 2284 2053 2339 dicens

494 2372 589 2427 Dei
634 2388 859 2428 examen
920 2383 974 2427 et
1015 2373 1305 2443 judicium,
1356 2388 1465 2443 quo
1507 2390 1659 2429 seras
1700 2376 2053 2444 peccantibus

493 2479 683 2534 pinnas
715 2466 970 2534 imponit,
1000 2481 1136 2535 quas
1160 2480 1302 2534 saepe
1325 2466 1523 2530 ditl‘ert,
1550 2482 1858 2535 quanquam
1887 2468 2052 2521 multa

495 2558 634 2612 inter
656 2557 904 2612 homines
930 2558 1071 2611 mala
1095 2566 1395 2613 versentur.
1418 2557 1617 2613 Eodem
1650 2574 1873 2628 prorsus
1895 2561 2054 2613 modo

496 2649 587 2703 hic
639 2665 855 2719 quoque
909 2649 1042 2704 dicit
1101 2650 1412 2719 propheta,
1471 2650 1750 2720 iniquitati
1809 2652 2053 2707 irascens

492 2742 798 2811 principum
840 2741 1043 2810 populi,
1079 2743 1171 2810 qui
1220 2743 1441 2795 multam
1473 2743 1785 2813 variamque
1813 2745 2055 2813 pauperi-

492 2835 594 2886 bus
641 2831 895 2900 injuriam
955 2830 1225 2884 faciebant
1263 2851 1273 2883 :
1314 2846 1640 2901 magnopere
1689 2834 1906 2902 quidem
1960 2850 2054 2888 co-

490 2937 759 2992 gnoscens
787 2921 948 2990 digna
974 2935 1096 2974 esse
1124 2922 1407 2991 suppliciis
1436 2938 1498 2977 ea
1531 2938 1651 2992 quae
1693 2924 1911 2988 liebant,
1955 2926 2053 2980 do-

488 3012 607 3066 lens
658 3019 837 3065 autem
888 3011 1033 3079 quod
1077 3011 1186 3066 Deo
1232 3012 1491 3066 ultionem
1532 3013 1833 3077 dil‘ferente,
1884 3018 2048 3070 multa

488 3100 751 3154 adversus
780 3116 1048 3169 pauperes
1065 3102 1269 3168 vigeret
1295 3100 1579 3169 injustitia.
1613 3102 1925 3172 Propterea,
1952 3122 2047 3161 ceu
2077 3134 2119 3190 ε

487 3192 582 3259 qui
633 3205 774 3259 szepe
823 3189 1160 3258 expetiverat
1200 3188 1497 3243 vindictam
1546 3191 1612 3245 de
1663 3192 1730 3246 iis
1774 3194 1895 3261 capi
1941 3202 2050 3246 tam

488 3296 653 3350 prave
710 3280 1018 3351 agentibus,
1067 3280 1199 3333 nihil
1244 3295 1373 3335 vero
1415 3281 1838 3350 impetraverat:
1895 3304 1912 3334 ‹
1951 3284 2053 3340 Us-

486 3386 722 3440 quequo,
781 3370 976 3439 inquit,
1036 3366 1261 3421 Domine
1308 3368 1577 3430 clamabo,
1628 3376 1681 3421 et
1728 3385 1838 3423 non
1881 3386 2052 3424 exau-

488 3462 642 3517 dies?
683 3482 701 3514 ι
741 3460 873 3514 Nam
915 3470 1129 3529 sumpta
1162 3460 1264 3513 sibi
1306 3459 1627 3529 patientium
1683 3458 1887 3526 injuste
1926 3477 2052 3530 per-

488 3570 618 3609 sona
646 3555 779 3608 dicit
800 3572 812 3607 :
836 3552 1132 3621 Quousque
1164 3552 1380 3605 tandem
1413 3551 1649 3605 miseriis
1677 3553 1862 3607 multis
1890 3568 2050 3607 exer-

486 3648 627 3702 citus
694 3647 869 3700 clamo
933 3652 1084 3697 tuum
1151 3657 1452 3713 exposcens
1508 3644 1812 3707 auxilium,
1871 3661 2047 3714 neque

487 3749 664 3793 tamen
699 3738 748 3793 id
786 3736 1052 3807 impetro?

2164 543 2361 612 ψεσιν;
2410 546 2467 596 ἐν
2501 543 2577 612 τῷ
2606 542 3113 613 ὑπερηφανεύεσθαι
3143 541 3232 593 τὸν
3268 541 3456 608 ἀσεϐῆ,
3497 541 3729 609 ἐμπυρί-

2162 634 2309 698 ζεται
2340 639 2367 688 6
2401 637 2630 706 πτωχὸς,
2658 655 2675 685 ι
2715 638 2806 687 καὶ
2837 635 2903 687 τά
2932 634 3058 703 ἑξῆς
3083 651 3095 662 °
3140 633 3199 685 οὐ
3230 632 3335 703 γὰρ
3357 632 3447 684 τὸν
3473 631 3603 684 Θεδν
3638 635 3724 684 αἰ-

2158 727 2421 797 τιώμενος
2471 727 2642 781 ταῦτα
2701 728 2886 793 λέγει,
2940 725 3257 793 ἀγανακτῶν
3316 724 3371 776 δὲ
3426 724 3565 777 κατά
3614 724 3725 776 Ιιῶν

2159 819 2379 872 τοιαῦτα
2428 818 2744 881 ποιούντων,
2794 819 2883 871 καί
2914 835 3031 869 τινα
3066 818 3262 886 τρόπον
3291 816 3577 885 διαπορῶν,
3609 814 3722 866 ἀνθ’

2160 910 2282 962 ὅτου
2328 910 2400 981 μὴ
2443 910 2596 973 δίκας
2624 910 2854 962 διδόασιν
2885 908 3067 971 ὀξέως.
3113 907 3268 959 Οὕτω
3310 908 3400 959 καί
3449 904 3679 974 ἀλλαχοῦ
3709 922 3721 933 ·

2166 1002 2311 1055 «Ἵνα
2342 1003 2417 1064 τί,
2446 1003 2473 1052 6
2499 1002 2652 1064 Θεὸς,
2680 1000 2883 1054 ἀπώσω
2913 1002 2992 1062 εἰς
3015 1000 3185 1062 τέλος.
3223 998 3466 1068 ὠργίσθη
3501 1000 3527 1050 6
3554 998 3724 1067 θυμός

2162 1110 2254 1145 σου
2282 1092 2371 1144 ἐπὶ
2395 1091 2638 1156 πρόϐατα
2661 1092 2829 1161 νομῆς
2860 1108 2950 1142 σου
2974 1108 2987 1155 ;
3039 1111 3058 1141 δ
3094 1088 3373 1158 Διαπορῶν
3398 1088 3505 1156 γὰρ
3534 1089 3622 1139 ἐπὶ
3644 1086 3724 1155 τῷ

2164 1183 2379 1254 μεγέθει
2408 1184 2513 1235 τῶν
2545 1183 2839 1250 γεγονότων
2871 1183 2948 1244 είς
2971 1182 3060 1233 τὸν
3087 1180 3233 1243 λαὸν,
3265 1177 3540 1232 κάνταῦθά
3565 1192 3719 1245 φησι’

2160 1274 2254 1326 καὶ
2280 1273 2446 1325 πολλά
2478 1272 2533 1324 δὲ
2565 1272 2786 1324 τοιαῦτα
2819 1270 2966 1340 εὖροι
2991 1288 3071 1332 τις
3100 1270 3163 1323 ἀν
3183 1286 3197 1300 ⁸
3238 1268 3422 1337 ῶσπερ
3452 1264 3544 1321 οὖν
3577 1269 3666 1321 καὶ
3695 1269 3725 1319 6

2164 1364 2430 1434 μακάριος
2474 1363 2737 1435 Ἱερεμίας
2771 1362 2902 1431 φησί
2928 1378 2940 1390 ’
2995 1381 3011 1412 ι
3042 1362 3105 1413 Τί
3132 1362 3213 1413 ὅτι
3247 1361 3362 1421 ὁδὸς
3388 1360 3598 1413 ἀσεϐῶν
3627 1360 3721 1411 εὐ-

2159 1456 2411 1521 οδοῦται,
2461 1456 2773 1525 ηὐθήνησαν
2825 1453 3021 1515 πάντες
3069 1453 3117 1503 οί
3163 1450 3475 1512 ἀθετοῦντες
3529 1448 3724 1516 ἀθετή-

2160 1565 2337 1617 ματα;
2373 1567 2390 1599 ι
2444 1548 2576 1601 Οὐδὲ
2622 1547 2728 1617 γὰρ
2760 1547 2867 1599 οὐδ’
2908 1539 3061 1607 οὗτος
3104 1543 3195 1595 τὸν
3241 1542 3370 1594 Θεὸν
3404 1539 3721 1610 αἰτιώμενος

2164 1639 2330 1707 λέγει,
2365 1639 2685 1707 ἀγανακτῶν
2716 1638 2771 1690 δὲ
2803 1639 2885 1706 ἐφ’
2912 1631 2993 1700 οἷς
3017 1636 3279 1706 ἔπραττον
3306 1635 3385 1686 ὅτι
3416 1634 3488 1702 μὴ
3521 1632 3722 1685 διδόασι

2154 1732 2308 1794 δίκας
2327 1749 2341 1764 ·
2379 1733 2606 1801 ἐπείπερ
2638 1732 2685 1782 οί
2721 1730 2990 1800 προφῆται
3014 1729 3211 1789 πάντες
3242 1726 3437 1795 ὁμοίως
3460 1720 3595 1795 ἦσαν
3624 1741 3725 1775 πε-

2157 1822 2436 1893 πεισμένοι
2463 1863 2477 1887 ,
2522 1824 2698 1875 ἐκεῖνο
2740 1820 2802 1890 δὴ
2850 1820 2908 1873 τὸ
2941 1818 3091 1889 παρά
3128 1817 3217 1871 τοῦ
3260 1816 3524 1888 μακαρίου
3560 1814 3722 1868 Δαυῖδ

2156 1914 2474 1983 λεγόμενον·
2516 1930 2533 1962 ι
2566 1912 2756 1982 Κύριε,
2786 1913 2843 1963 ἐν
2880 1908 2956 1979 τῷ
2986 1907 3195 1978 οὐρανῷ
3236 1906 3296 1958 τὸ
3342 1905 3485 1967 ἔλεός
3528 1921 3634 1967 σου,
3684 1904 3717 1971 ἡ

2156 2003 2383 2073 ἀλήθειά
2417 2019 2508 2055 σου
2544 2003 2648 2063 ἕως
2691 2001 2797 2053 τῶν
2828 1999 3081 2069 νεφελῶν,
3111 2000 3144 2068 ἡ
3174 1994 3481 2061 δικαιοσύνη
3519 2010 3609 2046 σου
3642 1994 3718 2053 ὡς

2155 2097 2255 2165 ὅρη
2285 2094 2439 2158 Θεοῦ,
2483 2095 2550 2145 τὰ
2583 2092 2826 2163 κρίματά
2864 2109 2957 2143 σου
3001 2090 3234 2149 ἄϐυσσος
3267 2085 3431 2155 πολλή
3456 2102 3468 2113 ο
3506 2104 3522 2133 ι
3575 2084 3719 2149 άπερ

2155 2183 2246 2240 οὖν
2292 2186 2394 2256 ἔφη
2442 2188 2532 2238 καὶ
2582 2185 2678 2255 τὴν
2717 2183 3120 2253 φιλανθρωπίαν
3162 2178 3590 2246 ἐκπληττόμενος
3623 2172 3718 2228 τοῦ

2154 2278 2289 2331 Θεοῦ
2336 2279 2411 2340 ὠς
2443 2278 2746 2347 ἀμέτρητον
2780 2271 2962 2336 οὖσαν,
2996 2271 3216 2343 (p.556)
3256 2271 3348 2323 καὶ
3381 2267 3473 2319 τοῦ
3507 2266 3716 2319 δικαίου

2154 2372 2251 2441 τὴν
2280 2369 2531 2441 φροντίδα
2560 2370 2641 2422 ὅτι
2671 2368 2869 2436 πολλήν
2910 2384 2973 2433 γε
3009 2368 3237 2417 ποιεῖται
3267 2361 3469 2430 ταύτην
3489 2377 3501 2390 ·
3557 2359 3720 2426 ἀνέφ-

2156 2480 2300 2515 ικτον
2328 2462 2383 2513 δὲ
2411 2456 2548 2513 εἶναι
2579 2460 2749 2528 λέγων
2774 2457 2866 2512 τοῦ
2890 2457 3022 2510 Θεοῦ
3046 2456 3141 2527 τὴν
3162 2455 3482 2524 δοκιμασίαν
3508 2454 3599 2505 καὶ
3619 2452 3721 2521 τὴν

2155 2555 2352 2622 κρίσιν,
2388 2552 2505 2605 καθ’
2545 2554 2608 2621 ἢν
2640 2554 2737 2604 οὐκ
2763 2550 2940 2617 ὀξείας
2972 2550 3163 2617 ἐπάγει
3192 2550 3299 2608 τοῖς
3333 2546 3579 2599 πταίουσι
3618 2544 3721 2607 τὰς

2153 2646 2436 2713 τιμωρίας,
2470 2643 2821 2697 ἀναϐάλλεται
2852 2642 2907 2693 δὲ
2946 2641 3113 2705 αὐτάς
3141 2639 3419 2702 πολλάκις,
3449 2638 3624 2691 καίτοι
3653 2654 3719 2703 γε

2154 2740 2209 2790 ἐν
2243 2737 2547 2807 ἀνθρώποις
2575 2735 2782 2787 πολλῶν
2824 2734 3138 2803 πασχόντων
3166 2731 3371 2794 κακῶς.
3419 2730 3519 2783 Τὸν
3550 2730 3717 2782 αὑτὸν

2152 2830 2213 2900 δή
2233 2829 2430 2898 τρόπον
2457 2829 2549 2880 καὶ
2572 2831 2599 2881 6
2624 2829 2901 2896 προφήτης
2934 2826 3164 2879 ἐνταῦθά
3189 2842 3369 2895 φησιν,
3396 2822 3717 2893 ἀγανακτῶν

2151 2922 2244 2972 ἐπὶ
2288 2924 2351 2990 τῇ
2405 2920 2587 2990 ἀδικία
2619 2920 2725 2970 τῶν
2758 2921 2814 2969 ἐν
2861 2917 2939 2987 τῷ
2981 2916 3094 2987 λαῷ
3126 2916 3573 2977 δυναστευόντων,
3620 2915 3718 2968 καὶ

2155 3009 2352 3077 πολλήν
2396 3025 2520 3061 τινα
2552 3008 2644 3059 καὶ
2694 3008 3025 3078 πολύτροπον
3071 3009 3181 3069 τοῖς
3229 3007 3422 3077 πένησι
3473 3005 3570 3073 τὴν
3618 3008 3719 3058 ἐπ-

2151 3103 2338 3172 ήρειαν
2366 3100 2673 3166 ἐπαγόντων
2700 3113 2714 3129 ⁸
2766 3100 2857 3150 καὶ
2888 3099 3087 3169 σφόδρα
3115 3099 3212 3168 μὲν
3240 3097 3413 3161 εἰδὼς,
3449 3098 3524 3161 ὡς
3547 3114 3720 3167 τιμω-

2157 3192 2277 3262 ρίας
2306 3190 2430 3253 ἄξια
2457 3189 2527 3242 τά
2561 3189 2928 3260 πραττόμενα,
2962 3188 3184 3258 ἀθυμῶν
3217 3189 3276 3241 δὲ
3305 3188 3385 3241 ὅτι
3417 3187 3512 3255 τὴν
3542 3204 3720 3256 τιμω-

2153 3282 2274 3352 ρίαν
2299 3280 2729 3350 ἀναϐαλλομένου
2753 3281 2847 3332 τού
2876 3280 3031 3345 Θεοῦ,
3066 3280 3233 3350 πολλή
3262 3297 3345 3343 τις
3378 3280 3411 3348 ἡ
3436 3278 3576 3331 κατὰ
3608 3279 3719 3330 τῶν

2152 3373 2396 3441 πενήτων
2427 3371 2631 3438 γίνεται
2672 3370 2870 3422 ἀδικία.
2919 3371 3016 3421 Διά
3053 3369 3209 3422 τοῦτο
3237 3370 3311 3432 ὡς
3336 3370 3400 3422 ἂν
3442 3368 3705 3429 πολλάκις

2150 3466 2378 3534 αἰτήσας
2430 3461 2522 3516 τοῦ
2569 3462 2701 3514 Θεοῦ
2754 3462 2849 3532 τὴν
2895 3464 3165 3532 τιμωρίαν
3207 3461 3558 3531 ἐπενεχθῆναι
3605 3464 3720 3523 τοῖς

2153 3554 2295 3607 οὓτω
2317 3554 2794 3625 δια-πραττομένοις
2820 3554 3020 3615 κακῶς,
3054 3552 3255 3615 ἀνύσας
3279 3553 3333 3605 δὲ
3359 3552 3517 3603 πλέον
3540 3552 3715 3615 οὐδὲν,

2160 3665 2177 3696 ι
2209 3647 2352 3707 Ἕως
2381 3644 2540 3706 τίνος,
2582 3645 2732 3713 φησὶ,
2780 3643 2973 3713 Κύριε,
3015 3643 3349 3713 κεκράξομαι
3393 3645 3486 3696 καὶ
3532 3644 3590 3694 οὐ
3640 3646 3717 3713 μὴ

2153 3736 2495 3805 εἰσακούσῃς,
2521 3735 2783 3804 βοήσομαι
2806 3735 2938 3804 πρὸς
2969 3735 3025 3787 σὲ
3058 3735 3528 3806 ἀδικούμενος,καὶ
3555 3736 3613 3787 οὐ
3640 3735 3717 3805 μὴ

488 3828 662 3903 athon;
684 3846 697 3892 ;
722 3850 738 3880 ι
779 3826 1083 3880 Ἀναλαϐὼν
1105 3824 1209 3896 γὰρ
1231 3826 1289 3877 τὸ
1312 3826 1420 3877 τῶν
1440 3824 1805 3895 ἀδικουμένων
1830 3829 2115 3897 πρόσωπον
2169 3828 2309 3879 οὕτω
2343 3828 2525 3895 φησὶν,
2560 3826 2640 3877 ὅτι
2678 3827 2836 3894 Ἀχρι
2879 3824 3020 3888 τίνος
3065 3826 3122 3876 ἐν
3164 3823 3554 3893 ταλαιπωρίαις
3589 3822 3721 3877 πολ-

484 3921 599 3984 λαῖς
629 3921 1007 3990 ἐξεταζόμενος
1031 3918 1135 3987 βοῶ
1167 3919 1263 3988 μὲν
1297 3918 1461 3970 αἰτῶν
1492 3918 1590 3989 τὴν
1620 3919 1715 3989 σὴν
1758 3919 2022 3989 βοήθειαν,
2049 3921 2108 3972 οὐ
2139 3921 2384 3989 τυγχάνω
2407 3919 2461 3970 δὲ
2493 3919 2723 3985 ταύτης;

564 4036 727 4088 Vens.
761 4031 877 4086 5-5.
910 4061 978 4072 —
1008 4049 1026 4079 ι
1057 4031 1238 4094 Quare
1270 4030 1399 4082 mihi
1435 4030 1724 4083 ostendisti
1760 4031 1975 4085 labores
1997 4042 2049 4085 et

485 4130 719 4189 dolores,
791 4124 975 4177 videre
1036 4123 1309 4177 miseriam
1366 4130 1419 4175 et
1479 4122 1896 4190 impietatem?»
1964 4122 2048 4174 Nil

486 4219 632 4274 aliud
676 4216 921 4287 quotidie
957 4214 1116 4268 video
1159 4214 1263 4267 nisi
1319 4212 1560 4266 laborem
1613 4222 1778 4282 atque
1823 4230 2048 4284 pressu-

487 4328 622 4375 ram,
669 4324 829 4380 quam
874 4308 1014 4360 mala
1056 4314 1234 4360 mente
1278 4305 1554 4375 principes
1586 4307 1917 4375 pauperibus
1960 4309 2045 4359 in-

486 4402 627 4456 ferre
669 4406 958 4453 conantur.
993 4416 1011 4448 ι
1049 4397 1251 4451 Contra
1292 4411 1377 4450 me
1409 4394 1611 4449 factum
1644 4408 1726 4449 est
1753 4396 2043 4465 judicium,

484 4502 538 4545 et
578 4490 743 4565 judex
791 4489 1007 4557 accipit.
1056 4486 1350 4556 Propterea
1407 4484 1672 4554 dissipata
1716 4495 1799 4539 est
1838 4486 1945 4546 lex,
1994 4495 2047 4539 et

489 4598 597 4635 non
627 4580 914 4635 deducitur
946 4580 1013 4633 ad
1047 4578 1204 4631 ﬁnem
1235 4576 1523 4645 judicium.
1566 4596 1583 4627 ι
1620 4574 1832 4641 Queror
1869 4578 2050 4644 itaque

485 4674 627 4744 quod
666 4688 805 4741 saepe
850 4671 982 4734 vidi,
1019 4685 1211 4737 nempe
1239 4669 1450 4738 judicio
1496 4668 1765 4731 instituto,
1794 4668 1886 4736 jus
1926 4685 2045 4720 oin-

486 4765 617 4819 nino
637 4762 933 4824 contemni,
963 4760 1057 4814 sed
1083 4761 1463 4829 respicientem
1491 4774 1758 4828 personas
1785 4758 2047 4824 judicent,

486 4858 628 4910 hunc
656 4854 758 4908 sibi
793 4866 1096 4922 proponere
1123 4852 1405 4905 sententiae
1429 4866 1541 4906 sure
1567 4865 1819 4919 scopum,
1853 4864 2049 4900 ciunn-

484 4946 647 5000 laudo
706 4944 916 4998 scilicet
954 4940 1115 5012 235
1144 4942 1389 5010 oppressi
1447 4940 1859 4995 detrimentum.
1914 4936 2051 4989 llinc

485 5037 663 5107 legum
696 5044 912 5090 tuarum
944 5032 1286 5088 observantia
1316 5032 1629 5101 negligitur,
1666 5031 1923 5098 nullaque
1951 5028 2047 5080 lia-

482 5142 607 5181 rum
630 5125 769 5181 ratio
802 5125 1035 5179 habetur
1060 5142 1073 5178 :
1099 5122 1301 5177 nullius
1319 5123 1508 5191 judicii
1536 5124 1713 5178 bonus
1742 5129 1825 5176 est
1848 5121 2047 5181 exitus,

485 5216 581 5272 sed
634 5215 923 5270 manifesta
977 5214 1267 5283 iniquitate
1313 5212 1541 5266 laborat.
1600 5230 1618 5263 ι
1657 5212 1795 5277 Quia
1849 5211 2050 5279 impius

485 5308 742 5377 pravalet
799 5307 1061 5360 adversus
1088 5306 1318 5373 justum.
1356 5323 1374 5355 ι
1410 5304 1513 5369 Qui
1558 5304 1721 5373 igitur
1760 5304 1923 5371 impie
1960 5304 2041 5355 vi—

483 5400 638 5456 vunt,
673 5401 727 5444 et
756 5393 992 5460 legitima
1023 5401 1115 5445 tua
1141 5392 1294 5462 pensi
1326 5406 1434 5444 non
1468 5392 1687 5456 habent,
1717 5393 2043 5459 injuriarum

486 5498 646 5537 omne
688 5498 859 5553 genus
899 5498 996 5551 pro
1043 5498 1138 5535 sua
1191 5482 1546 5552 praepotentia
1583 5482 1635 5535 in
1681 5499 1880 5553 egenos
1916 5497 2044 5535 con-

486 5572 688 5629 ferunt.
731 5572 863 5627 Nam
914 5573 1117 5639 justum
1161 5575 1263 5628 hoc
1316 5578 1435 5627 loco
1466 5574 1597 5627 dicit
1646 5591 1740 5643 pro
1786 5589 2045 5643 oppresso

594 5708 637 5738 ⁸⁸
667 5708 809 5763 l’sal.
847 5725 901 5775 ι,
946 5709 993 5761 1⁸.
1108 5712 1150 5741 ι’
1186 5710 1328 5765 Psal.
1361 5726 1550 5775 Lxxttt,
1578 5711 1623 5764 Ι.

1738 5712 1780 5742 ²⁰
1813 5710 1925 5764 Jcr.
1960 5727 2054 5774 xu,
2090 5712 2137 5762 l.

2226 4031 2369 4099 Στίχ.
2404 4037 2540 4097 κγ’-ε’.
2594 4058 2663 4068 -
2712 4027 2876 4081 «Ἵνα
2912 4030 2963 4080 τί
3010 4047 3096 4099 μοι
3129 4029 3332 4101 ἔδειξας
3377 4029 3575 4089 κόπους
3622 4030 3717 4082 καὶ

2156 4128 2346 4187 πόνους
2373 4126 2681 4177 ἐπιϐλέπειν
2724 4126 2815 4175 ἐπὶ
2844 4124 3212 4194 ταλαιπωρίαν
3240 4124 3331 4175 καὶ
3366 4124 3652 4185 ἀσέϐειανς
3691 4143 3710 4173 ι

2154 4216 2316 4270 Οὐδὲν
2341 4216 2468 4284 γοῦν
2497 4216 2682 4285 ἕτερον
2712 4215 2833 4267 καθ’
2870 4214 3103 4284 ἑκάστην
3140 4213 3351 4282 ἡμέραν
3379 4211 3507 4282 ὁρῶ,
3542 4211 3655 4265 ἀλλ’
3681 4211 3713 4280 ἢ

2155 4306 2313 4358 πόνον
2344 4306 2439 4359 καὶ
2470 4304 2776 4374 συντριϐὴν,
2810 4305 2875 4373 ἥν
2907 4305 2954 4355 οί
2993 4302 3403 4363 δυναστεύοντες
3437 4301 3621 4353 ἀσεϐεῖ
3646 4304 3713 4369 τῇ

2153 4396 2343 4468 γνώμῃ
2363 4399 2474 4459 τοῖς
2501 4397 2722 4465 πένησιν
2749 4396 2972 4462 ἐπάγειν
2994 4395 3303 4464 πειρῶνται.
3340 4411 3359 4443 ι
3381 4393 3717 4457 Ἑξεναντίας

2154 4506 2253 4558 μου
2282 4489 2473 4557 γέγονε
2506 4489 2706 4559 κρίσις,
2734 4488 2827 4539 καὶ
2858 4488 2885 4538 ὁ
2913 4486 3103 4556 κριτὴς
3136 4484 3418 4554 λαμϐάνειο
3450 4484 3535 4535 διὰ
3558 4484 3719 4537 τοῦτο

2148 4580 2512 4632 διεσκέδασται
2562 4581 2741 4648 νόμος,
2780 4577 2854 4648 (p.
2887 4579 3009 4646 557)
3058 4579 3150 4631 καὶ
3194 4577 3253 4629 οὐ
3291 4575 3593 4642 διεξάγεται
3637 4577 3719 4637 εἰς

2149 4671 2299 4732 τέλος
2328 4672 2520 4740 κρῖμα.
2548 4689 2565 4722 ι
2620 4670 2889 4739 Λίτιῶμαι
2916 4668 3043 4736 γοῦν
3082 4670 3118 4722 ἃ
3148 4669 3400 4730 πολλάκις
3441 4663 3601 4727 εἶδον,
3633 4667 3716 4719 ὅτι

2148 4758 2301 4829 δίκης
2334 4760 2801 4828 συγκροτουμένης
2855 4762 3159 4829 παρορᾶται
3206 4760 3301 4827 μὲν
3342 4756 3619 4818 παντελῶς
3655 4756 3718 4808 τὸ

2149 4852 2371 4915 δίκαιον,
2402 4852 2537 4921 πρὸς
2571 4853 2824 4920 σχήματα
2850 4850 2904 4902 δὲ
2937 4851 3125 4920 ὁρῶνό
3155 4849 3410 4918 δικαστὴς
3449 4849 3623 4916 τούτῳ
3659 4847 3745 4899 τὸ’

2152 4942 2322 5009 πέρας
2366 4943 2595 4993 ποιεῖται
2626 4941 2725 5009 τῆς
2764 4940 2950 5009 δίκης,
2996 4939 3243 5003 ἐπαύξων
3290 4937 3367 5006 τῷ
3402 4936 3717 5005 ἠδικημένῳ

2150 5033 2247 5103 τὴν
2270 5032 2470 5102 βλάϐην
2486 5048 2498 5061 ·
2544 5032 2787 5085 ἐντεῦθεν
2811 5031 2939 5099 γοῦν
2964 5030 3232 5102 ἠμέληται
3272 5030 3370 5099 μὲν
3404 5029 3512 5080 τῶν
3536 5031 3717 5098 νόμων

2150 5124 2255 5175 τῶν
2287 5124 2393 5175 σῶν
2422 5125 2455 5193 ἡ
2479 5123 2753 5192 ἀκρίϐεια,
2778 5124 2871 5175 καὶ
2898 5122 3050 5190 λόγος
3080 5122 3284 5174 τούτων
3312 5120 3489 5183 οὐθεὶς
3516 5120 3715 5172 οὐδενί·

2148 5215 2268 5286 δίκη
2302 5216 2355 5267 δὲ
2377 5215 2598 5284 οὐδεμία
2628 5217 2797 5285 πέρας
2834 5214 3044 5283 δέχεται
3078 5212 3328 5283 χρηστόν,
3355 5211 3469 5264 ἀλλ’
3499 5213 3577 5273 εἰς
3606 5212 3723 5263 ἀδι-

2151 5308 2275 5359 κίαν
2320 5306 2580 5377 πρόδηλον
2633 5307 2893 5374 καταντᾷ.
2953 5323 2970 5354 ι
3004 5306 3126 5357 ’Ότι
3163 5307 3190 5356 6
3224 5306 3427 5373 ἀσεϐὴς
3483 5305 3723 5355 καταδυ-

2150 5398 2395 5451 ναστεύει
2423 5399 2512 5452 τὸν
2539 5398 2763 5451 δίκαιον.
2791 5416 2808 5447 ι
2828 5400 2888 5449 Οἱ
2920 5397 3049 5465 γοῦν
3076 5398 3296 5466 ἀσεϐείᾳ
3325 5396 3595 5460 συζῶντες
3626 5396 3722 5449 καί

2154 5487 2261 5537 τῶν
2295 5486 2402 5539 σῶν
2431 5487 2676 5556 νομίμων
2704 5486 2895 5538 οὐδένα
2929 5486 3237 5557 ποιούμενοι
3282 5486 3455 5553 λόγον,
3490 5486 3601 5536 πᾶν
3642 5481 3720 5534 εἶ-

2154 5576 2237 5638 δος
2270 5575 2529 5646 ἐπηρείας
2561 5576 2700 5629 κατά
2738 5576 2836 5646 τὴν
2864 5576 3070 5631 οἰκείαν
3095 5578 3411 5631 δυναστείαν
3448 5577 3723 5645 ἐπάγουσι

2250 5714 2289 5741 ²¹
2320 5710 2463 5764 Psal.
2509 5725 2667 5777 xxxv,
2709 5711 2758 5764 ϐ.
