3992 6232
236 323 341 377 3‘19

1236 314 1787 372 COMMENTARIUS
1824 313 1888 367 ΙΝ
1932 314 2275 372 HABACUCI
2316 316 2467 370 CAP.
2504 318 2542 371 1.

3377 322 3486 377 ιδο

237 444 354 504 τοῖς
388 439 743 509 πενομένοις·
793 438 999 491 δίκαιον
1049 436 1155 507 γὰρ
1200 436 1434 491 ἐνταῦθα
1474 436 1564 488 τὸν
1599 437 1815 489 ἀδικού-

1922 452 2174 506 paupere,
2231 438 2322 507 qui
2370 438 2574 504 justam
2619 437 2945 505 impetrandi
2984 437 3354 494 defensionem
3400 441 3487 495 di-

245 550 402 603 μενον
447 531 661 600 πένητα
705 531 897 591 καλεῖ,
950 529 1025 592 ὡς
1065 530 1275 591 δικαίας
1317 546 1380 597 γε
1430 530 1528 599 τῆς
1576 529 1816 592 ἐκδικίας

244 624 588 693 τευξόμενον.
651 639 672 673 ι
705 622 930 674 Ἕνεκεν
956 621 1149 673 τούτου
1181 621 1516 685 ἐξελεύσεται
1541 621 1601 673 τὸ
1645 624 1816 690 κρῖμα

245 714 694 784 διεστραμμένον.
742 732 761 765 ι
809 712 1089 765 Ἐντεῦθεν
1130 712 1248 764 οὐδὲ
1298 711 1447 782 παρά
1488 711 1581 764 τοῦ
1626 711 1814 782 κριτοῦ

244 805 529 874 γινόμενόν
555 822 611 856 τι
644 803 719 873 μὴ
761 803 1189 873 διεστραμμένον
1220 803 1318 855 ἴδοι
1353 821 1434 865 τις
1477 803 1541 856 ἄν
1568 821 1581 833 ·
1630 803 1815 873 ἐπειδὴ

243 897 499 957 κάκεῖνος
524 892 746 963 ἀμελῶν
774 891 867 944 τοῦ
898 892 1109 945 δικαίου
1137 893 1272 962 πρὸς
1312 893 1403 945 τὸν
1429 892 1817 945 δυναστεύοντα

242 990 340 1055 τὴν
376 988 564 1039 πᾶσαν
601 985 714 1055 ἔχει
750 984 941 1055 ῥοπήν.
985 981 1119 1037 Εἶτα
1163 985 1259 1053 τὴν
1291 984 1400 1036 τῶν
1430 983 1815 1054 πραττομένων

243 1077 640 1145 αἰτιασάμενος
666 1074 894 1128 ἀτοπίαν
924 1076 981 1127 ἐν
1006 1075 1239 1137 τούτοις,
1280 1075 1474 1142 ἐπάγει
1514 1074 1695 1126 λοιπὸν
1720 1072 1815 1143 τὴν

241 1167 519 1236 τιμωρίαν
545 1182 560 1196 ·
614 1165 690 1228 ὡς
732 1165 797 1217 ἂν
838 1165 971 1233 μετά
1017 1164 1114 1234 τὴν
1164 1162 1399 1227 ἔντευξιν
1426 1164 1534 1215 τῶν
1568 1163 1700 1232 πρὸς
1726 1162 1816 1215 τὸν

242 1258 373 1309 Θεὸν
408 1257 469 1322 ἐξ
515 1254 909 1323 ἀποκαλύψεως
954 1254 1101 1317 θείας
1149 1253 1402 1321 ἐγνωκώς
1434 1270 1493 1304 τε
1522 1252 1691 1321 αὐτὴν
1723 1252 1817 1304 καὶ

246 1348 469 1419 μηνύων
505 1349 678 1401 ἆπασι
700 1348 941 1405 δικαίως.
998 1364 1015 1395 ι
1052 1347 1239 1408 Ἴδετε,
1284 1347 1332 1397 οἱ
1386 1344 1814 1414 καταφρονηταὶ,

243 1443 333 1491 καὶ
362 1439 713 1507 ἐπιϐλέψατε,
748 1439 839 1492 καὶ
863 1438 1196 1507 θαυμάσατε·
1231 1438 1324 1490 καὶ
1352 1436 1487 1489 ίδετε
1517 1435 1811 1505 θαυμάσια,

242 1534 336 1585 καὶ
364 1531 702 1600 ἀφανίσθητε
727 1547 739 1558 ·
783 1531 916 1583 διότι
947 1530 1105 1599 ἔργον
1138 1527 1248 1597 ἐγὼ
1279 1530 1579 1599 ἐργάζομαι
1607 1530 1663 1580 ἐν
1704 1529 1819 1589 ταῖς

245 1622 479 1692 ἡμέραις
531 1620 720 1691 ὑμῶν,
779 1620 807 1671 ὃ
852 1619 911 1672 οὐ
946 1618 1019 1689 μὴ
1051 1619 1377 1689 πιστεύσητε
1420 1620 1513 1672 ἐάν
1552 1635 1634 1680 τις
1673 1617 1816 1669 ἐκδι-

250 1715 468 1782 ηγῆται.
497 1730 518 1763 ι
558 1714 634 1781 (p.
660 1712 787 1779 558)
850 1711 1008 1764 Ἀλλὰ
1057 1712 1163 1781 γὰρ
1200 1712 1299 1763 οὐκ
1352 1712 1430 1773 εἰς
1459 1710 1517 1762 τὸ
1560 1708 1818 1771 παντελὲς

1918 544 2057 598 gnus
2110 540 2247 583 erat.
2312 551 2328 580 ι
2361 528 2654 601 Propterea
2697 531 3008 600 egredietur
3042 532 3307 601 judicium
3356 534 3493 604 ρει-ἐ

1920 636 2156 674 versum.
2195 640 2212 670 ι
2256 618 2393 673 llinc
2424 621 2555 673 nihil
2582 637 2646 673 ne
2673 636 2701 671 a
2734 621 2918 689 judice
2949 622 3167 691 quidem
3214 624 3321 679 nisi
3365 641 3487 695 per-

1919 726 2135 764 versum
2196 711 2307 763 ﬁeri
2346 712 2634 780 quisquam
2665 712 2874 778 videat;
2909 729 3031 766 nam
3071 721 3125 767 et
3158 714 3282 775 iste,
3326 717 3488 785 mqui-

1917 808 2025 855 tate
2054 803 2279 867 omissa,
2312 801 2375 853 ad
2403 812 2671 870 potentem
2707 810 2821 857 toto
2852 805 2935 857 sui
2964 804 3202 873 pondere
3234 807 3484 862 inclinat.

1917 892 2120 946 Deinde
2155 893 2292 945 hanc
2320 907 2542 961 operum
2572 894 2866 947 saevitatem
2902 896 3242 964 vituperans,
3266 912 3485 967 pcenam

1919 998 2041 1036 mox
2078 983 2285 1045 subdit,
2319 984 2476 1052 quasi
2513 983 2649 1037 hanc
2681 985 2734 1037 in
2765 991 2999 1039 tractatu
3030 1002 3153 1040 cum
3189 986 3299 1041 Deo
3328 1004 3488 1043 reve-

1918 1075 2117 1129 latione
2149 1089 2394 1143 superna
2432 1076 2697 1141 novisset,
2747 1092 2981 1145 eamque
3031 1080 3225 1134 merito
3268 1084 3487 1135 cunctis

1917 1162 2282 1235 portenderet.
2321 1185 2339 1216 ι
2379 1164 2588 1227 Videte,
2636 1175 3075 1237 contemptores,
3120 1179 3174 1224 et
3207 1173 3483 1241 respicite,

1918 1268 1968 1312 et
1994 1258 2358 1321 admiramini,
2409 1270 2462 1313 et
2498 1268 2741 1327 spectate
2784 1261 3072 1326 mirabilia,
3116 1271 3170 1316 et
3215 1264 3486 1334 disperdi-

1919 1349 2071 1414 mini,
2098 1349 2225 1418 quia
2259 1364 2395 1417 opus
2422 1364 2521 1418 ego
2554 1365 2750 1418 operor
2784 1350 2837 1403 in
2864 1351 3056 1406 diebus
3091 1355 3310 1420 vestris,
3338 1356 3485 1425 quod

1918 1457 2025 1495 non
2084 1440 2382 1495 crederetis
2431 1442 2475 1494 si
2534 1443 2655 1510 quis
2711 1451 2977 1496 narraret.
3014 1461 3030 1494 ι
3092 1443 3484 1501 Verumtamen

1920 1535 2063 1587 haud
2119 1543 2381 1604 perpetuo
2428 1535 2543 1589 haec
2595 1550 2622 1587 a
2656 1536 2810 1590 vobis
2857 1536 2971 1590 ﬁeri
3015 1546 3269 1606 poterunt
3315 1540 3485 1595 divini

1915 1624 2106 1693 judicii
2174 1624 2642 1693 contemptoribus
2696 1642 2708 1677 :
2755 1624 3007 1680 videbitis
3078 1627 3221 1680 enim
3287 1629 3483 1681 miram

1919 1713 2205 1782 quamdam
2230 1712 2563 1781 punitionem
2590 1711 3075 1781 vobisimpactam,
3103 1720 3156 1768 et
3172 1716 3484 1769 omnimodo

252 1803 378 1871 ὑμῖν
416 1802 632 1865 ἐξέσται
668 1799 892 1853 τοιαῦτα
928 1803 1100 1851 ποιεῖν
1136 1800 1235 1870 τῆς
1279 1801 1512 1871 κρίσεως
1542 1816 1815 1869 καταφρο-

1922 1803 2088 1856 exitio
2137 1816 2362 1870 parem;
2416 1815 2652 1869 namque
2704 1800 2777 1854 ita
2824 1799 2965 1854 Deus
2999 1802 3275 1857 vobiscum
3324 1814 3479 1874 aget:

249 1894 400 1946 νοῦσι
423 1895 521 1964 τῆς
553 1893 705 1955 θείας
725 1911 738 1923 ·
783 1892 977 1960 δψεσθε
1008 1893 1116 1963 γὰρ
1155 1892 1469 1963 θαυμαστήν
1498 1908 1617 1944 τινα
1649 1908 1815 1961 τιμω-

251 1986 369 2056 ρίαν
405 1984 758 2055 ἐπαγομένην
793 1986 954 2053 ὑμῖν,
995 1986 1087 2035 καὶ
1115 1985 1251 2055 πρὸς
1282 1985 1585 2053 ἀφανισμὸν
1617 1982 1816 2055 ἀρκοῦ-

247 2092 343 2127 σαν
393 2074 671 2144 παντελῆ,
729 2072 916 2143 ἐπειδὴ
963 2072 1187 2125 τοιαῦτα
1234 2076 1361 2144 ὑμῖν
1406 2074 1595 2139 ἐπάξει
1646 2074 1811 2135 Θεὸς·

1922 1892 2119 1961 quippe
2165 1892 2237 1943 ita
2270 1891 2451 1944 valent
2481 1892 2679 1943 verba:
2723 1884 2983 1959 Opusego
3016 1893 3305 1961 operabor,
3338 1898 3482 1964 quod

1922 1979 2240 2035 incredibile
2285 1987 2507 2032 narratu
2552 1978 2845 2043 videbitur,
2882 1988 3006 2035 ante
3057 1981 3220 2049 hujus
3268 1986 3483 2052 experi-

1924 2081 2184 2123 mentum.
2224 2069 2376 2133 Quod
2406 2070 2566 2138 quale
2602 2071 2693 2134 sit,
2731 2070 2901 2123 dicit.

243 2166 397 2219 τοῦτο
421 2168 534 2237 γὰρ
569 2166 738 2234 λέγει,
760 2169 1107 2240 Ἔργον-ἑγὼ
1122 2166 1448 2237 ἐργάζομαι,
1473 2168 1500 2218 ὃ
1536 2168 1630 2219 καὶ
1677 2166 1901 2219 ἄπιστον
1941 2161 2003 2214 ἀν
2037 2163 2100 2212 ἐκ
2154 2161 2318 2231 μόνης
2366 2161 2663 2231 διηγήσεως
2710 2161 2916 2228 γένοιτο
2965 2164 3073 2233 πρὸ
3106 2166 3203 2237 τῆς
3252 2161 3443 2234 πείρας
3471 2183 3482 2193 ·

245 2262 391 2312 ποῖον
418 2260 579 2312 τοῦτο
607 2260 799 2328 λέγων.

311 2353 461 2422 Στίχ.
496 2352 650 2423 ς’-η’.
685 2372 781 2405 -ι
810 2352 952 2407 Διότι
985 2353 1093 2421 ἐγὼ
1122 2353 1319 2423 ἐγείρω
1348 2354 1472 2415 τοὺς
1499 2353 1815 2414 Χαλδαίους,

244 2446 303 2498 τὸ
325 2444 479 2507 ἔθνος
509 2445 571 2495 τὸ
623 2444 817 2513 πικρὸν
852 2444 943 2496 καὶ
978 2444 1039 2495 τὸ
1082 2442 1317 2511 ταχινὸν,
1363 2442 1424 2494 τὸ
1459 2442 1818 2512 πορευόμενον

242 2532 334 2584 ἐπὶ
394 2530 465 2582 τὰ
524 2530 704 2599 πλάτη
766 2530 863 2599 τῆς
915 2530 1017 2598 γῆς
1043 2569 1056 2589 ,
1116 2529 1209 2581 τοῦ
1271 2528 1818 2598 κατακληρονομῆσαι

246 2620 582 2690 σκηνώματα
612 2619 712 2672 οὐκ
746 2618 929 2671 αὑτοῦ.
958 2637 976 2670 ι
1024 2618 1239 2682 Ἐπάξω
1265 2619 1371 2689 γὰρ
1406 2619 1532 2687 ὑμῖν
1562 2619 1686 2680 τοὺς
1714 2618 1820 2670 Βα-

246 2711 541 2773 ϐυλωνίους
589 2712 693 2780 τῆς
720 2711 987 2781 τοσαύτης
1019 2710 1173 2781 ὑμῶν
1216 2711 1401 2762 ἕνεκεν
1458 2709 1814 2780 παρανομίας,

249 2803 395 2866 ἔθνος
424 2802 731 2873 ὠμότατον,
765 2803 858 2855 καὶ
894 2802 1028 2872 μετά
1064 2801 1257 2855 πολλοῦ
1287 2802 1379 2855 τοῦ
1421 2802 1615 2870 τάχους
1642 2802 1821 2852 ἐπιτε-

248 2894 371 2947 λοῦν
398 2894 434 2947 ἀ
466 2894 736 2963 βούλεται,
782 2893 810 2945 ὃ
843 2896 1020 2946 πᾶσαν
1070 2893 1156 2945 διὰ
1197 2893 1296 2963 τὴν
1337 2892 1641 2963 προσοῦσαν
1675 2889 1820 2960 αύτῷ

250 2988 471 3056 δύναμιν
505 2986 701 3057 μικροῦ
732 3003 795 3053 γε
824 2986 1170 3040 ἐπελεύσεται
1196 2987 1293 3055 τὴν
1321 2986 1446 3055 γῆν,
1475 2985 1549 3047 ὡς
1577 2983 1643 3036 ἀν
1678 3000 1823 3053 περι-

250 3081 458 3134 ϐἀλοιτο
508 3080 723 3147 κτῆσιν,
760 3080 857 3148 τὴν
906 3079 1213 3149 μηδαμόθεν
1246 3078 1394 3147 αὐτῷ
1444 3078 1823 3147 προσήκουσαν

1988 2347 2155 2403 Vens.
2188 2347 2306 2400 6-8.
2342 2376 2410 2385 —
2439 2365 2455 2397 ι
2494 2344 2631 2411 Quia
2656 2361 2754 2417 ego
2784 2346 3067 2403 Chaldaeos
3092 2359 3318 2413 susc.to,
3362 2367 3484 2419 gen-

1917 2448 2022 2494 tem
2061 2438 2310 2492 acerbam
2357 2445 2410 2492 et
2441 2438 2703 2501 velocem,
2735 2454 2853 2508 qua:
2879 2441 3121 2494 ambulat
3163 2457 3327 2510 super
3366 2443 3487 2496 lati-

1921 2529 2136 2582 tudines
2168 2539 2342 2588 terrae,
2378 2535 2435 2579 ut
2467 2529 2743 2597 possideat
2774 2530 3127 2583 tabernacula
3164 2548 3270 2585 non
3300 2548 3419 2587 sua.
3462 2553 3480 2584 ι

1914 2621 2194 2675 Adducam
2244 2628 2438 2674 contra
2500 2635 2597 2675 vos
2636 2619 2982 2690 Babylonios,
3020 2631 3238 2691 propter
3270 2632 3479 2678 tantum

1918 2715 2099 2769 scelus
2120 2721 2379 2779 vestrum,
2413 2721 2628 2785 gentem
2666 2714 3044 2777 saevissimam,
3069 2724 3121 2769 et
3156 2717 3221 2769 ad
3254 2715 3307 2770 id
3338 2718 3486 2788 quod

1916 2806 2151 2861 voluerit
2181 2805 2588 2875 exsequendum
2621 2804 3109 2876 expeditissimam,
3136 2824 3257 2879 quae
3278 2812 3486 2867 viribus

1918 2898 2121 2967 quibus
2173 2898 2339 2967 pollet
2369 2898 2679 2951 universam
2735 2896 2901 2953 ferme
2934 2907 3136 2953 terram
3176 2904 3487 2971 occupabit,

1928 2995 1986 3040 ut
2014 3002 2075 3040 ea
2112 2986 2216 3041 sibi
2244 2986 2518 3055 subjiciat,
2560 3002 2681 3056 quae
2716 2987 3029 3043 nullatenus
3058 2989 3127 3043 ad
3156 3005 3216 3045 se
3250 2994 3487 3061 pertine-

1920 3078 2068 3130 bant.
2116 3095 2133 3125 ι
2174 3075 2456 3131 Terribilis
2485 3077 2644 3147 235
2675 3085 2727 3133 et
2760 3079 2987 3133 illustris
3042 3089 3125 3135 est
3159 3101 3177 3133 ι
3230 3083 3489 3136 multum-

251 3168 534 3239 μηδαμῶς.
574 3187 591 3218 ι
611 3167 840 3237 Φοϐερὸς
873 3169 967 3220 καὶ
994 3169 1263 3237 ἐπιφανής
1293 3168 1427 3229 ἐστι,
1452 3185 1470 3215 ι
1502 3162 1696 3217 πολλοῦ
1726 3164 1817 3231 γέ-

1924 3184 2028 3237 que
2079 3177 2339 3222 terrorem
2388 3167 2652 3232 al'ferens,
2708 3180 2946 3240 notaque
2994 3173 3248 3228 omnibus
3289 3174 3357 3228 ob
3389 3191 3487 3244 po-

254 3261 366 3331 μῶν
410 3260 508 3313 τοῦ
558 3258 722 3327 φόϐου
760 3259 854 3311 καὶ
886 3258 1200 3329 καταφανὴς
1240 3258 1441 3311 ἅπασιν
1472 3260 1537 3309 ἐκ
1565 3255 1818 3308 δύνασθαι

252 3353 482 3421 μεγάλα.
528 3370 546 3402 ι
571 3351 661 3417 Ἐξ
689 3350 854 3403 αὑτοῦ
883 3350 942 3403 τὸ
969 3354 1140 3422 κρῖμα
1183 3349 1347 3403 αὑτοῦ
1399 3349 1579 3412 ἔσται,
1631 3348 1724 3401 καὶ
1761 3347 1819 3398 τὸ

249 3444 439 3514 λῆμμα
465 3442 634 3495 αὑτοῦ
667 3440 727 3506 ἐξ
749 3440 910 3494 αὐτοῦ
947 3441 1300 3507 ἐξελεύσεται.
1325 3461 1342 3494 t
1381 3442 1549 3495 Οὐθὲν
1572 3440 1670 3509 τῆς
1701 3439 1818 3491 ἐτέ-

253 3553 343 3606 ρου
361 3537 619 3607 δεόμενος
652 3536 979 3605 συμμαχίας,
1000 3535 1112 3588 ἀλλ’
1134 3537 1293 3599 αὐτὸς
1316 3536 1490 3605 οἰκείᾳ
1512 3537 1577 3604 τῇ
1598 3533 1819 3601 δυνάμει

252 3628 425 3680 πάντα
455 3627 942 3699 διαπραττόμενος,
979 3628 1117 3679 ὥστε
1164 3627 1257 3680 καὶ
1292 3627 1496 3695 κρίνειν
1530 3626 1620 3677 καὶ
1653 3641 1819 3675 κατα-

252 3721 469 3788 κρατεῖν
503 3711 578 3771 ὦν
613 3719 878 3788 βούλεται,
904 3720 1096 3788 ἀθρόον
1142 3736 1201 3770 τε
1232 3720 1298 3788 ἢν
1338 3717 1402 3770 ἀν
1451 3715 1607 3785 ἐθέλῃ
1647 3732 1816 3783 τιμω-

254 3808 374 3876 ρίαν
404 3808 632 3875 ἐπάγειν
666 3810 867 3872 αὐτοῖς.
919 3829 937 3861 ι
961 3810 1068 3862 Καὶ
1100 3808 1411 3873 ἐξαλοῦνται
1442 3806 1580 3876 ὑπὲρ
1621 3805 1820 3875 παρδά-

250 3898 362 3961 λεις
399 3902 449 3951 οἰ
496 3900 653 3952 ἵπποι
682 3900 871 3965 αὐτοῦ,
908 3902 1000 3953 καὶ
1021 3899 1261 3970 ὀξύτεροι
1295 3899 1434 3967 ὑπὲρ
1465 3898 1590 3960 τοὺς
1624 3897 1819 3961 λύκους

247 3989 350 4058 τῆς
399 3991 699 4062 Ἀραϐίας,
740 3993 836 4046 καὶ
887 3992 1272 4058 ἐξιππάσονται
1316 3994 1364 4044 οἰ
1420 3991 1573 4043 ἵπποι
1631 3988 1815 4053 αὐτοῦ,

251 4080 332 4150 (p.
354 4081 480 4151 359)
512 4085 605 4135 καὶ
630 4084 926 4156 ὁρμήσουσι
956 4084 1244 4155 μακρόθεν·
1273 4084 1366 4136 καὶ
1394 4081 1819 4151 πετασθήσονται

240 4173 327 4235 νὼς
346 4175 501 4239 ἀετὸς
521 4176 798 4247 πρόθυμος
830 4178 921 4229 ἐπὶ
947 4177 1006 4228 τὸ
1033 4179 1241 4246 φαγεῖν.
1267 4195 1283 4227 ι
1321 4175 1562 4228 Ἱππικὸν
1600 4174 1697 4241 μέν
1727 4174 1820 4225 αύ-

248 4263 330 4332 τῷ
363 4266 876 4335 παρεσκευασμένον
903 4268 1017 4317 ἐστὶ
1055 4265 1189 4335 πρὸς
1222 4264 1475 4334 πόλεμον,
1505 4260 1819 4334 παρδάλεών

246 4371 311 4406 τε
348 4357 442 4408 καὶ
484 4356 591 4409 τῶν
640 4357 781 4410 κατά
804 4357 902 4427 τὴν
952 4357 1207 4426 Ἀραϐίαν
1235 4356 1412 4408 λύκων
1444 4355 1728 4424 ὀξύτερον·
1769 4354 1818 4405 οἱ

244 4446 309 4497 δὲ
341 4448 663 4511 ἱππεύοντες
707 4447 939 4517 τοσαύτῃ
979 4448 1117 4516 πρὸς
1143 4448 1201 4499 τὸ
1235 4447 1488 4514 πολεμεῖν
1527 4445 1819 4513 κέχρηνται

1926 3259 2107 3313 tentia:
2137 3275 2247 3313 suae
2276 3259 2733 3328 magnitudinem.
2770 3278 2789 3311 ι
2831 3262 2908 3315 Ex
2932 3262 3046 3332 ipsa
3071 3263 3337 3332 judiciunt
3368 3268 3489 3334 ejus

1925 3350 2052 3413 erit,
2094 3356 2148 3403 et
2186 3348 2488 3416 assumptio
2539 3348 2659 3416 ejus
2698 3365 2764 3403 ex
2797 3349 2913 3419 ipsa
2958 3352 3283 3421 egredietur.
3317 3374 3335 3406 ι
3366 3354 3485 3409 Nul-

1924 3441 2032 3495 lius
2064 3441 2265 3494 auxilio
2314 3440 2587 3509 indigens,
2630 3439 2727 3494 sed
2778 3449 2971 3512 suapte
3012 3446 3247 3512 potentia
3291 3458 3488 3501 cuncta

1925 3546 2251 3601 exsequens,
2304 3532 2375 3584 ita
2422 3539 2479 3590 ut
2522 3539 2575 3584 et
2622 3532 2901 3594 decernat,
2948 3534 3172 3603 etquod
3202 3537 3317 3590 vult
3346 3537 3488 3591 obti-

1925 3631 2072 3687 neat,
2122 3623 2467 3690 subitamque
2507 3638 2602 3691 pro
2652 3639 2752 3677 suo
2781 3624 2933 3678 libito
2976 3640 3192 3694 poenam
3237 3629 3488 3687 hostibus

1926 3710 2207 3780 impingat.
2253 3727 2270 3759 ι
2305 3710 2367 3762 Et
2388 3711 2640 3764 exsilieut
2674 3712 2794 3780 plus
2817 3728 2974 3780 quam
3012 3715 3166 3782 pardi
3192 3718 3317 3786 equi
3342 3719 3486 3787 ejus,

1925 3811 1980 3855 et
2009 3801 2311 3855 velociores
2348 3800 2492 3869 lupis
2533 3802 2761 3856 Arabiae.
2796 3801 2860 3855 Et
2905 3806 3228 3873 equitabunt
3273 3811 3487 3878 equites

1926 3890 2064 3959 ejus,
2121 3897 2173 3945 et
2212 3889 2279 3944 de
2322 3890 2620 3961 longinquo
2672 3892 2899 3954 irruent,
2935 3904 2991 3949 et
3041 3898 3297 3953 volabunt
3332 3902 3487 3969 quasi

1927 3979 2107 4047 aquila
2146 3978 2211 4032 ad
2245 3978 2541 4032 vorandum
2569 3980 2795 4048 percita.
2826 3999 2845 4032 ι
2890 3980 3175 4053 Equitatus
3210 3994 3291 4040 est
3317 3988 3390 4042 illi
3415 3990 3485 4043 ad

1930 4072 2131 4127 bellum
2177 4078 2422 4140 paratus,
2474 4070 2662 4140 pardis
2706 4080 2759 4126 et
2801 4072 3015 4129 Arabia:
3057 4077 3198 4145 lupis
3228 4077 3487 4133 velocior.

1933 4162 2145 4217 Tantus
2181 4178 2312 4217 vero
2343 4171 2428 4216 est
2474 4163 2715 4231 equitum
2768 4165 2831 4217 ad
2874 4166 3181 4221 bellandum
3234 4170 3489 4239 impetus,

1927 4266 1988 4309 ut
2021 4254 2088 4308 ad
2118 4254 2443 4325 longinquas
2487 4254 2737 4324 regiones
2776 4257 3028 4310 alacriter
3061 4258 3391 4327 discurrant,
3426 4276 3492 4317 ac

1927 4348 2112 4402 volare
2156 4346 2550 4415 propemodum
2599 4346 2888 4401 videantur
2921 4349 2989 4403 iis
3036 4351 3128 4418 qui
3165 4351 3356 4419 procul
3396 4352 3494 4404 ha-

1928 4441 2122 4501 bitant,
2154 4439 2347 4508 aquilae
2379 4440 2554 4491 instar
2573 4428 2694 4508 qua:
2722 4440 2780 4493 in
2810 4440 3050 4508 praedam
3081 4442 3274 4497 insilit.

246 4545 317 4610 τῇ
366 4543 677 4613 προθυμίᾳ,
732 4544 871 4595 ὥστε
916 4542 1245 4613 θαρροῦντας
1288 4542 1379 4592 ἐπὶ
1432 4543 1534 4609 γῆν
1583 4538 1822 4590 ἐλαύνειν
1869 4534 2147 4605 πόρρωθεν
2198 4532 2484 4603 κειμένην,
2530 4534 2623 4585 καὶ
2675 4533 2833 4602 μόνον
2871 4535 2969 4587 οῦκ
3011 4537 3336 4605 ἐφίπτασθαι
3384 4541 3494 4606 τοῖς

251 4635 536 4705 πόρρωθεν
574 4635 755 4687 αὐτῶν
786 4637 1187 4705 ἀπῳκισμένοις
1222 4634 1421 4699 δοκεῖν,
1449 4631 1607 4684 ἀετοῦ
1641 4630 1793 4697 δίκην
1832 4628 1921 4681 ἐπὶ
1957 4626 2128 4695 θήραν
2163 4626 2401 4695 ἑτοίμου.

330 4724 473 4793 Στίχ.
507 4723 665 4779 θ’-ιδ’.
700 4755 768 4762 -—
806 4743 823 4774 ι
848 4724 1132 4778 Συντέλεια
1166 4724 1251 4774 ἐπ’
1297 4721 1511 4781 ἀσεϐεῖς
1535 4719 1654 4788 ἣξει
1685 4717 1812 4771 ἀνθ-

1995 4713 2159 4766 Vens.
2194 4714 2341 4767 9-H.
2366 4743 2433 4753 -—-
2470 4732 2488 4763 ο
2525 4713 2936 4771 Cousummatio
2983 4718 3036 4771 in
3080 4718 3277 4788 impios
3312 4725 3489 4777 veniet

252 4815 557 4884 εστηκότας
613 4814 889 4884 προσώπῳ
937 4815 1115 4867 αὐτῶν
1168 4813 1227 4876 ἐξ
1284 4813 1548 4872 ἐναντίας.
1580 4830 1596 4860 ›
1660 4804 1819 4860 υῦτοι

254 4902 466 4965 πάντας
486 4904 611 4963 τοὺς
634 4906 693 4956 ἐν
722 4904 798 4973 τῷ
824 4902 954 4972 λαῷ,
985 4904 1081 4971 τὴν
1112 4902 1252 4954 κατά
1282 4901 1389 4952 τῶν
1419 4900 1663 4968 πενήτων
1702 4898 1822 4949 ἀσέ-

247 4994 416 5046 ϐειαν
444 4996 916 5065 ἐπιδεικνυμένους
962 4993 1240 5053 παντελῶς
1272 4990 1625 5044 ἀπολέσουσιν
1653 5030 1667 5053 ,
1703 4987 1822 5039 ούδέ

250 5086 401 5154 πρὸς
435 5086 490 5138 τὸ
518 5086 852 5156 βραχύτατον
884 5074 1222 5137 ἀντιϐλέπειν
1248 5082 1429 5144 αὐτοῖς
1448 5122 1461 5145 ,
1509 5080 1541 5150 ἢ
1572 5077 1824 5133 ἀνθίστα-

249 5175 391 5228 σθαι
421 5176 743 5246 τολμῶντας.
782 5195 799 5226 ι
822 5177 932 5228 Καὶ
962 5173 1175 5237 συνάξει
1202 5172 1278 5235 ὡς
1320 5173 1501 5242 ἄμμον
1546 5168 1824 5239 αἰχμαλω-

250 5268 389 5319 σίαν
415 5283 425 5293 ·
452 5270 539 5319 καὶ
568 5270 731 5330 αὐτὸς
773 5269 831 5320 ἐν
866 5265 1175 5337 βασιλεῦσιν
1214 5264 1539 5333 ἐντρυφήσει
1558 5302 1573 5325 ,
1602 5262 1696 5314 καὶ
1727 5259 1824 5312 τύ-

1921 4806 2239 4859 resistentes
2276 4804 2431 4857 faciei
2464 4804 2707 4881 ipsorum
2737 4820 2804 4859 ex
2835 4807 3086 4862 adverso.
3126 4827 3143 4859 ι
3174 4808 3235 4860 lli
3262 4820 3492 4866 cunctos

1923 4896 1989 4950 de
2028 4896 2247 4964 pepulo,
2283 4895 2375 4963 qui
2424 4894 2687 4949 adversus
2718 4910 2986 4966 pauperes
3034 4899 3200 4965 iniqui
3248 4899 3491 4964 fuerunt,

1922 4987 2168 5043 funditus
2194 4987 2450 5056 perdent;
2483 5002 2605 5040 nam
2649 5004 2718 5043 ne
2751 4990 3074 5043 brevissimo
3107 4991 3323 5057 quidem
3357 5003 3494 5047 tem-

1927 5095 2057 5148 pore
2099 5095 2165 5132 ex
2213 5079 2441 5132 adverso
2496 5080 2696 5134 intueri
2748 5081 2932 5144 hostes
2984 5089 3077 5133 aut
3112 5081 3180 5134 iis
3228 5084 3497 5139 obsistere

1926 5172 2220 5225 audebunt.
2270 5189 2285 5219 ι
2324 5168 2388 5221 Et
2414 5172 2767 5241 congregabit
2816 5174 2972 5242 quasi
3016 5187 3235 5227 arenam
3276 5180 3502 5246 captivi-

1926 5271 2108 5317 tatem.
2166 5261 2229 5313 Et
2259 5261 2374 5330 ipse
2408 5262 2474 5316 de
2501 5265 2717 5331 regibus
2748 5264 2972 5319 delicias
3004 5267 3200 5334 capiet,
3234 5275 3288 5321 et
3312 5276 3500 5338 tyran-

246 5374 454 5426 ραννος
486 5360 713 5426 παίγνια
739 5357 904 5411 αὑτοῦ
932 5373 946 5387 ·
982 5356 1076 5409 καὶ
1126 5354 1285 5417 αὐτὸς
1309 5356 1386 5416 εἰς
1416 5355 1524 5406 πᾶν
1565 5351 1818 5423 ὀχύρωμα

1923 5373 2027 5411 nus
2061 5355 2298 5409 ludibria
2338 5355 2458 5425 ejus
2497 5376 2509 5408 :
2544 5365 2597 5411 et
2628 5359 2745 5426 ipse
2783 5359 3007 5413 cuilibet
3048 5360 3338 5414 munitioni
3375 5362 3502 5417 illu-
3548 5344 3556 5367 λ

248 5449 581 5515 ἐμπαίξεται
601 5492 615 5513 ,
646 5452 740 5503 καὶ
770 5449 920 5520 βαλεῖ
942 5448 1104 5518 χῶμα
1124 5488 1139 5511 ,
1171 5448 1265 5501 καὶ
1294 5446 1557 5517 κρατήσει
1596 5442 1778 5497 αὑτοῦ.
1802 5461 1821 5492 ι

248 5540 493 5603 Πολλοὺς
522 5543 619 5611 μὲν
647 5538 740 5595 οὖν
768 5540 1143 5610 αἰχμαλώτους
1170 5540 1479 5608 ἐργάσεται,
1518 5538 1709 5607 ἀναριθ
1721 5538 1792 5605 μή
1814 5565 1827 5575 -

242 5648 389 5692 τους
416 5634 506 5702 ούχ
534 5631 693 5704 ἦττον
743 5636 776 5703 ἢ
803 5634 1011 5702 ἄμμος·
1040 5631 1201 5694 αὐτὸς
1234 5632 1289 5683 δέ
1323 5631 1420 5699 τὴν
1467 5630 1599 5682 ἰδίαν
1636 5628 1826 5699 ἡδονὴν

252 5720 547 5791 αύξήσειεν
601 5723 675 5793 τῷ
721 5723 918 5786 πολλὰς
968 5720 1211 5775 καθελεῖν
1265 5719 1576 5789 βασιλείας·
1617 5713 1691 5775 ὧν
1740 5720 1828 5773 τὸν

1926 5450 2045 5513 det;
2086 5455 2140 5499 et
2179 5455 2353 5503 struet
2404 5463 2677 5518 aggerem,
2712 5456 2764 5503 et
2806 5451 2983 5520 capiet
3034 5453 3201 5509 illam.
3236 5473 3257 5506 ι
3300 5453 3501 5511 Multos
3582 5494 3587 5495 ν

1927 5542 2108 5608 itaque
2131 5537 2293 5593 faciet
2321 5542 2585 5610 captivos,
2622 5540 2731 5595 imo
2777 5542 3205 5601 innumerabiles
3233 5557 3500 5616 quantum

1935 5646 2099 5683 arena
2146 5640 2247 5684 est.
2294 5630 2415 5700 ipse
2459 5647 2588 5686 vero
2624 5633 2957 5703 voluptatem
2997 5653 3148 5691 suam
3201 5639 3504 5695 cumulabit

1938 5723 2228 5779 multorum
2277 5740 2568 5795 regnorum
2618 5724 3008 5798 destructione,
3047 5747 3211 5801 quam
3255 5730 3375 5787 sine
3421 5733 3504 5787 la-
