4054 6238
473 344 566 399 ιῦί

1619 340 1965 397 THEODORI
2001 340 2477 397 MOPSUESTENI
2536 342 2539 349 ’

3583 339 3688 396 ισε

475 467 607 521 bore
648 464 818 518 multo
853 465 1078 533 etquasi
1120 462 1311 517 ludens
1343 463 1605 531 patrabit;
1644 471 1804 532 atque
1837 461 2021 517 eadem

2127 462 2429 531 ἀφανισμὸν
2454 462 2510 513 οὐ
2544 460 2681 530 μετά
2712 459 2902 513 πολλοῦ
2932 459 3023 513 τοῦ
3058 462 3219 515 πόνου
3243 502 3257 527 ,
3287 462 3362 525 ὡς
3382 462 3449 516 ἀν
3476 463 3688 529 παίζων

479 556 730 610 lacilitate
760 556 1157 610 munitissimas
1188 568 1406 622 quoque
1439 553 1597 607 urbes
1633 567 1894 620 arcesque
1930 551 2026 606 οὓς
2062 612 2089 649 ἡ

2075 643 2088 686 ἶ
2126 644 2219 698 καὶ
2245 644 2353 698 τῶν
2387 644 2526 712 άγαν
2558 644 2933 715 ὠχυρωμένων
2972 643 3177 698 πόλεών
3202 662 3258 697 τε
3289 646 3382 699 καὶ
3412 647 3685 716 φρουρίων

475 649 682 710 tinchit,
704 654 921 701 struens
948 646 1351 715 expeditissime
1379 660 1624 715 aggeres,
1660 652 1824 713 atque
1845 640 2026 696 omnia

474 739 742 792 subruens
789 737 902 791 sive
937 736 1132 789 muenia
1176 735 1293 788 sive
1334 733 1481 788 aliud
1525 735 1741 804 quidvis
1784 732 2036 787 tutamen

472 829 705 882 videtur.
758 846 776 877 ι
810 826 960 881 Tunc
989 826 1221 879 mutabit
1264 825 1537 893 spiritum,
1561 832 1613 879 et
1651 822 2025 894 pertransihit,

472 927 525 974 et
580 916 982 988 propitiabitnr.
1023 936 1041 967 ι
1095 914 1481 971 Verumtamen
1538 914 1829 968 maximam
1885 912 2029 966 hanc

474 1010 808 1078 punitionem
855 1008 1153 1078 inspiciens
1192 1005 1354 1068 Deus,
1400 1013 1454 1059 et
1489 1004 1704 1075 quidem
1753 1018 1784 1057 a
1825 1003 2027 1057 talibus

474 1104 675 1172 talique
705 1102 886 1155 animo
925 1100 1165 1170 praeditis
1196 1097 1452 1152 inflictam
1495 1096 1825 1159 hominibus,
1869 1109 2023 1148 suam

472 1196 733 1249 adversus
780 1208 881 1247 nos
916 1192 1078 1262 236
1102 1192 1234 1244 iram
1282 1190 1491 1244 omittet
1529 1176 1623 1243 :et
1671 1203 1769 1258 per
1818 1187 2026 1242 medios

474 1302 591 1350 nos,
644 1293 700 1340 ut
734 1287 808 1338 ita
855 1286 1053 1345 dicam,
1101 1282 1438 1352 providentia
1482 1296 1580 1334 sua
1618 1279 1891 1344 transibit,
1936 1294 2028 1332 ve-

472 1375 615 1429 niam
653 1373 848 1443 priscis
876 1372 1112 1440 peccatis
1142 1370 1458 1440 indulgebit,
1498 1379 1554 1422 et
1588 1369 1894 1439 impositam
1932 1369 2029 1421 ho-

472 1480 591 1518 rum
648 1479 813 1518 causa
859 1477 1071 1531 pmnam
1112 1462 1365 1516 remittet.
1417 1479 1436 1511 ι
1475 1461 1597 1514 Haec
1644 1468 1729 1515 est
1768 1460 2028 1514 fortitudo

475 1557 580 1610 Deo
640 1570 781 1609 meo.
830 1553 1018 1607 Nonne
1074 1561 1132 1606 tu
1183 1567 1213 1604 a
1271 1553 1558 1623 principio,
1612 1550 1835 1606 Domine
1886 1551 2027 1607 Deus

471 1656 658 1700 sancte
685 1646 879 1700 meus?
918 1644 979 1697 Et
1015 1660 1121 1698 non
1152 1644 1483 1697 moriemur?
1520 1662 1539 1694 ι
1571 1641 1685 1696 Hoc
1727 1651 1810 1697 est
1838 1652 2028 1712 poten-

471 1743 558 1793 tia:
600 1754 759 1809 opus,
788 1736 931 1807 quod
958 1736 1191 1805 desuper
1230 1749 1328 1805 pro
1354 1734 1512 1789 nobis
1549 1733 1787 1788 ostendit
1816 1733 1905 1787 ille
1933 1734 2027 1803 qui

2126 554 2184 606 δὲ
2214 556 2497 625 ποιήσεται
2534 553 2756 624 ῥᾳδίωςο
2799 554 2935 625 μετὰ
2963 554 3159 625 πολλῆς
3180 555 3236 609 δὲ
3265 556 3363 626 τῆς
3392 557 3685 627 εύμαρείας

2125 738 2416 809 κρατήσει,
2446 736 2605 807 χῶμά
2633 754 2693 789 τε
2720 736 2946 806 ἐγείρων
2994 736 3131 806 μετὰ
3165 736 3362 806 πολλῆς
3402 738 3501 807 τῆς
3527 740 3684 793 εὐκο-

2126 826 2274 893 λίας,
2333 828 2427 881 καὶ
2463 827 2757 881 κατασπῶν
2802 829 2908 880 πᾶν
2964 827 3072 881 εἴτε
3112 830 3291 898 τεῖχος
3347 829 3446 881 εἶθ’
3484 832 3686 902 ἑτέρως

2125 935 2243 981 πως
2270 918 2600 988 ήσφαλίσθαι
2631 916 2839 972 δοκοῦν.
2872 924 2964 988 (p.
2998 918 3139 988 360)
3187 939 3206 969 ι
3229 920 3360 972 Τότε
3395 922 3686 991 μεταϐαλεί

2125 1010 2187 1065 τὸ
2215 1011 2429 1082 πνεῦμα
2467 1010 2630 1065 αὑτοῦ
2649 1050 2667 1077 ,
2692 1011 2787 1064 καὶ
2809 1010 3165 1073 διελεύσεται,
3203 1013 3296 1064 καὶ
3323 1012 3677 1078 ἐξιλάσεται.»

2139 1102 2297 1156 Ἀλλὰ
2329 1103 2437 1171 γὰρ
2480 1104 2739 1175 μεγίστην
2770 1103 2867 1173 τὴν
2905 1103 3233 1173 ἐπαχθεῖσαν
3265 1104 3532 1175 τιμωρίαν
3561 1106 3682 1159 ἰδὼν

2125 1195 2336 1259 ὁΘεὸς,
2366 1195 2462 1249 ac;
2514 1197 2663 1266 παρά
2707 1197 2959 1249 τοιούτων
3002 1197 3097 1250 καὶ
3138 1196 3277 1250 οὔτω
3329 1198 3684 1267 διακειμένων

2127 1286 2470 1356 ἐπαγομένην
2497 1286 2705 1357 ἀνδρῶν
2729 1327 2744 1348 ,
2798 1287 3089 1356 μεταϐαλεῖ
3118 1288 3216 1357 μὲν
3250 1287 3348 1358 τήν
3380 1289 3502 1342 καθ’
3525 1290 3684 1360 ήμῶν

2126 1378 2291 1447 ὀργήν
2309 1393 2322 1407 ·
2349 1376 2534 1447 ῶσπερ
2558 1378 2615 1431 δὲ
2633 1380 2710 1441 εἰς
2740 1380 2933 1448 μέσους
2957 1381 3101 1449 ἡμᾶς
3128 1382 3191 1450 τῇ
3223 1381 3514 1451 κηδεμονία
3542 1401 3686 1453 παρ-

2127 1468 2293 1524 ελθὼν
2321 1509 2335 1531 ,
2397 1470 2723 1541 συγγνώμην
2754 1472 2851 1540 μὲν
2894 1472 3035 1543 ὑπὲρ
3073 1471 3181 1525 τῶν
3228 1472 3393 1526 πάλαι
3436 1473 3687 1544 πεπλημι-

2126 1560 2446 1631 νμελημένων
2480 1561 2660 1624 δώσει,
2689 1562 2839 1615 λύσει
2863 1563 2918 1615 δέ
2942 1564 3038 1633 τὴν
3069 1564 3417 1635 ἐπικειμένην
3440 1570 3570 1635 ήμίν
3598 1566 3688 1619 διὰ

2126 1653 2296 1707 ταῦτα
2326 1655 2612 1725 τιμωρίαν.
2648 1674 2666 1705 ι
2687 1655 2832 1724 Α’ύτη
2866 1657 2899 1725 ἡ
2948 1656 3101 1726 ἰσχὺς
3123 1656 3200 1725 τῷ
3230 1656 3348 1727 Θεῷ
3395 1675 3494 1727 μου
3517 1674 3531 1687 ο
3565 1659 3687 1728 οὐχὶ

2130 1746 2193 1798 σὺ
2233 1745 2323 1798 ἀπ’
2354 1746 2561 1815 ἀρχῆς,
2592 1745 2763 1816 Κύριε
2799 1740 2828 1797 ὁ
2865 1746 2994 1810 Θεός
3047 1763 3147 1817 μου
3189 1749 3218 1799 ὁ
3264 1747 3444 1816 ἆγιος;
3484 1750 3578 1801 καί⁵
3621 1752 3685 1802 οὐ

469 1839 690 1886 sanctus
714 1837 815 1891 est,
844 1836 897 1880 et
926 1828 1073 1881 Omni
1102 1827 1177 1880 rei
1202 1826 1488 1881 exsistenti
1513 1825 1761 1895 superior
1790 1843 1802 1877 :
1833 1840 2021 1894 quam-

2130 1835 2203 1905 μὴ
2233 1835 2646 1905 ἀποθάνωμεν.»
2685 1837 2856 1890 Τοῦτο
2895 1837 3003 1907 γὰρ
3036 1838 3135 1904 τῆς
3177 1838 3279 1906 σῆς
3319 1839 3598 1909 δυνάμεως
3624 1841 3688 1895 τὸ

468 1921 651 1975 obrem
697 1920 877 1973 vivere
929 1932 1145 1985 quoque
1189 1931 1492 1985 speramus,
1534 1923 1657 1987 post
1706 1930 1879 1985 paenae
1925 1916 2023 1970 de-

469 2011 790 2083 pulsionem.
839 2028 857 2059 ι
890 2008 1136 2073 Domine,
1170 2008 1235 2062 ad
1275 2006 1540 2076 judicium
1583 2022 1696 2062 rem
1727 2007 1868 2062 hanc
1894 2022 2024 2062 con-

468 2103 730 2167 stituisti;
773 2109 826 2157 et
878 2101 1131 2157 formavit
1172 2116 1258 2155 me
1303 2108 1362 2154 ut
1417 2115 1640 2171 arguam
1679 2100 2021 2171 disciplinam

465 2200 601 2267 ejus.
644 2216 662 2248 ι
698 2194 903 2264 Nempe
955 2201 1014 2247 ut
1057 2193 1304 2248 erudiam
1352 2193 1694 2264 correptione
1731 2207 1849 2247 mea
1897 2192 2025 2246 reli-

465 2302 603 2357 quos
638 2285 908 2347 homines,
932 2299 1000 2337 ne
1030 2283 1205 2337 securi
1237 2291 1484 2352 peccent.
1525 2281 1729 2336 Deinde
1750 2281 1819 2335 ad
1845 2282 2022 2350 ipsum

468 2379 635 2433 Deum
669 2375 940 2430 convertit
974 2387 1280 2429 sermonem
1317 2391 1331 2426 :
1368 2391 1388 2425 ι
1414 2371 1595 2429 Purus
1637 2373 1831 2428 oculus
1871 2379 2021 2435 tuus,

466 2487 533 2524 ne
576 2467 715 2524 mala
762 2466 960 2526 videat,
994 2473 1048 2519 et
1087 2464 1445 2534 contemplari
1487 2464 1765 2518 molestias
1798 2479 1905 2518 non
1935 2477 2025 2532 po-

467 2570 629 2625 teris.
650 2577 668 2611 ι
708 2557 875 2611 Multa
908 2558 1005 2610 tibi
1032 2556 1171 2625 aequi
1198 2554 1343 2625 juris
1371 2569 1503 2609 cura
1533 2563 1617 2609 est
1648 2572 1662 2608 :
1687 2569 1855 2623 quare
1884 2554 2024 2608 male

465 2659 686 2722 agentes
732 2658 977 2720 spectare
1014 2663 1121 2703 non
1155 2647 1473 2709 sustinebis,
1511 2655 1567 2700 et
1605 2646 1698 2715 qui
1743 2646 2021 2698 molestia-

465 2759 586 2798 rum
609 2741 731 2797 aliis
760 2748 814 2794 et
850 2739 1198 2794 contritionis
1220 2746 1470 2791 auctores
1494 2743 1641 2789 sunt.
1680 2753 1700 2785 ι
1736 2736 1846 2788 Cur
1870 2735 2020 2803 aspi-

463 2835 543 2888 cis
570 2829 1017 2899 contemptores?
1059 2826 1388 2891 Tacebisne,
1441 2826 1570 2880 dum
1604 2826 1814 2895 justum
1861 2826 2024 2879 devo-

462 2934 545 2979 rat
580 2924 812 2992 impius?
847 2920 913 2975 Et
944 2921 1113 2974 facies
1146 2920 1394 2974 homines
1426 2918 1584 2988 quasi
1626 2917 1804 2986 pisces
1832 2918 2019 2976 maris.

460 3030 514 3075 et
536 3018 694 3090 quasi
724 3015 937 3086 reptilia
979 3030 1088 3068 non
1125 3014 1376 3068 habentia
1421 3013 1657 3068 ducem?
1687 3031 1706 3064 ι
1740 3010 1857 3064 Non
1892 3026 2021 3079 ergo

462 3120 711 3182 spectare
737 3108 962 3180 patieris
995 3121 1088 3162 eos
1111 3106 1203 3173 qui
1234 3105 1532 3174 punitionis
1567 3112 1671 3158 tua:
1704 3110 2017 3171 contemptu

465 3205 575 3257 haec
615 3208 817 3272 agunt;
850 3212 1024 3267 neque
1068 3202 1276 3249 tantam
1322 3195 1661 3264 iniquitatem
1703 3194 2019 3248 dissimula-

463 3296 567 3357 his,
618 3301 677 3346 ut
715 3289 847 3360 justi
893 3287 962 3341 ab
1014 3286 1197 3356 impiis
1240 3285 1630 3356 propemodum
1669 3285 2017 3338 devorentur.

464 3392 681 3463 Alioqui
710 3389 1015 3444 videbimur
1051 3401 1081 3439 a
1112 3386 1355 3455 piscibus
1376 3391 1540 3453 atque
1562 3383 1847 3454 reptilibus
1879 3381 2020 3435 duce

461 3481 775 3536 carentibus
823 3475 958 3530 nihil
1005 3473 1242 3538 differre,
1287 3473 1392 3528 nisi
1443 3482 1500 3526 tu
1556 3472 1857 3542 punitionis
1910 3480 2019 3526 tua:

460 3569 950 3632 demonstratione,
1001 3564 1177 3635 palam
1217 3564 1316 3620 fias
1357 3578 1453 3618 ceu
1501 3578 1703 3633 praeses
1743 3571 1928 3616 noster
1965 3571 2020 3615 et

461 3671 676 3719 actuum
718 3659 960 3713 omnium
994 3657 1352 3720 humanorum
1391 3664 1666 3711 scrutator
1704 3662 2018 3710 accuratus.

2126 1928 2305 1997 ἔργον,
2337 1929 2472 1997 ὅπερ
2504 1927 2708 1982 ἄνωθεν
2735 1928 3055 1994 ἐπιδέδειξαι
3081 1931 3208 2000 περὶ
3236 1932 3380 2001 ἡμᾶς
3405 1931 3559 2001 ἅγιος
3586 1933 3683 1996 ὢν,

2126 2016 2218 2069 καὶ
2241 2016 2454 2070 πάντων
2479 2016 2867 2088 ὑπερκείμενος
2893 2014 3000 2070 τῶν
3027 2018 3212 2084 ὄντων,
3239 2020 3376 2089 ὑπὲρ
3404 2015 3476 2075 ῶν
3506 2023 3561 2075 δὲ
3589 2025 3686 2077 καὶ

2126 2106 2379 2177 ζήσεσθαι
2405 2109 2811 2180 προσδοκῶμεν,
2842 2109 3094 2179 λυθείσης
3119 2113 3251 2182 ἡμῖν
3269 2113 3367 2183 τῆς
3395 2115 3681 2185 τιμωρίας.

2130 2215 2149 2247 ι
2180 2197 2464 2267 Κύριε,είς
2491 2203 2663 2270 κρῖμα
2698 2201 2928 2271 τέταχας
2960 2201 3109 2264 αὐτὸ,
3144 2204 3237 2257 καὶ
3261 2202 3461 2257 έπλασέ
3492 2224 3558 2276 με
3588 2208 3683 2259 τοῦ

2123 2288 2364 2359 ἐλέγχειν
2391 2290 2636 2343 παιδείαν
2664 2290 2846 2344 αὑτοῦ.
2863 2312 2880 2343 ι
2911 2292 3151 2345 Ἀνωθεν
3176 2295 3285 2365 γάρ
3320 2312 3386 2362 με
3413 2296 3571 2360 αὐτὸς
3603 2300 3685 2361 εἰς

2123 2381 2220 2451 τὴν
2244 2381 2351 2434 τῶν
2379 2383 2797 2453 ἁμαρτανόντων
2824 2384 3116 2447 διέπλασας
3145 2384 3353 2455 κρίσιν·
3384 2387 3459 2449 ὡς
3488 2388 3554 2442 ἂν
3590 2391 3685 2441 καὶ

2125 2472 2435 2543 παιδεύοιμι
2465 2473 2552 2526 διὰ
2604 2473 2712 2525 τῶν
2762 2473 2996 2543 ἐλέγχων
3027 2475 3257 2537 αὐτοὺς,
3294 2474 3399 2542 ἔξω
3439 2478 3539 2547 τῆς
3585 2478 3682 2533 τοῦ

2125 2563 2460 2633 πλημμελεῖν
2512 2562 2868 2615 καθίστασθαι
2923 2564 3139 2627 ἀδείας·
3192 2560 3310 2618 εἶτα
3341 2568 3477 2638 πρὸς
3519 2570 3686 2623 αὑτὸν

2124 2654 2468 2725 ἀποστρέψας
2496 2654 2586 2706 τὸν
2617 2654 2746 2706 Θεὸν
2779 2654 2869 2707 τὸν
2896 2655 3072 2724 λόγον,
3108 2676 3126 2707 ι
3155 2657 3407 2730 Καθαρδς
3429 2661 3458 2711 ὀ
3485 2661 3685 2728 ὀφθαλ-

2128 2745 2223 2813 μός
2259 2762 2350 2797 σου
2369 2743 2462 2796 τοῦ
2497 2746 2569 2814 μὴ
2596 2747 2726 2814 ὀρᾷν
2753 2746 2984 2816 πονηρά,
3008 2747 3103 2799 καὶ
3129 2748 3441 2802 ἐπιϐλέπειν
3472 2752 3563 2803 ἐπὶ
3582 2754 3685 2805 πό-

2123 2851 2245 2897 νους
2268 2834 2327 2887 ού
2351 2834 2571 2906 δυνήσῃ.
2588 2853 2604 2884 ι
2634 2834 2805 2905 Πολλὴ
2834 2837 3051 2905 φροντίς
3077 2854 3160 2890 σοι
3185 2837 3277 2891 τοῦ
3299 2840 3533 2892 δικαίουσ
3558 2842 3685 2897 ὃθεν

2122 2924 2240 2976 οὐδὲ
2285 2923 2502 2992 βλέπειν
2553 2924 2720 2995 ἀνέχῃ
2751 2926 2876 2988 τοὺς
2911 2926 2981 2979 τὰ
3011 2927 3221 2997 πονηρά
3259 2929 3678 2999 ἐργαζομένους,

2122 3014 2300 3066 πόνων
2345 3031 2404 3066 τε
2449 3015 2540 3068 καὶ
2583 3014 2875 3085 συντριϐῆς
2904 3016 3107 3086 ἐτέροις
3140 3018 3563 3088 καθισταμένους
3591 3023 3682 3075 αἰ-

2122 3106 2288 3169 τίους.
2324 3106 2539 3176 (p.36l)
2583 3108 2678 3159 «Τί
2707 3108 3015 3171 ἐπιϐλέπεις
3047 3112 3139 3162 ἐπὶ
3172 3112 3678 3183 καταφρονοῦνταςς

2122 3198 2522 3269 παρασιωπήσῃ
2555 3199 2611 3251 ἐν
2639 3198 2716 3267 τῷ
2766 3199 3082 3253 καταπίνειν
3108 3201 3276 3271 ἀσεϐῆ
3315 3202 3405 3253 τὸν
3434 3203 3641 3257 δίκαιον
3662 3221 3678 3235 ’

2117 3290 2208 3340 καὶ
2239 3290 2479 3359 ποιήσεις
2505 3290 2627 3350 τοὺς
2657 3289 2971 3358 ἀνθρώπους
2993 3291 3068 3352 ὡς
3099 3294 3222 3354 τοὺς
3254 3292 3439 3362 ίχθύας
3463 3294 3560 3365 τῆς
3587 3294 3686 3347 θα-

2115 3379 2317 3449 λάσσης
2340 3420 2354 3443 ,
2384 3380 2478 3433 καὶ
2510 3380 2585 3443 ὡς
2617 3382 2820 3451 ἑρπετά
2846 3382 2944 3434 οὐκ
2985 3382 3175 3451 ἔχοντα
3213 3384 3529 3453 ἡγούμενον.
3555 3404 3575 3437 ι
3605 3386 3686 3440 Οὐ

2115 3471 2293 3525 τοίνυν
2321 3473 2487 3542 ἀνέχῃ
2514 3473 2734 3543 θεωρεῖν
2765 3475 2888 3534 τοὺς
2917 3478 3315 3544 καταφρονήσει
3344 3477 3440 3546 τῆς
3471 3475 3571 3546 σῆς
3599 3495 3685 3529 τι-

2121 3564 2331 3634 μωρίας
2360 3564 2579 3617 τοιαῦτα
2613 3565 3105 3635 διαπραττομένους
3128 3606 3143 3631 ,
3170 3566 3289 3619 οὐδὲ
3320 3569 3687 3637 παραπέμπε-

2119 3654 2242 3708 σθαι
2275 3657 2375 3727 τὴν
2403 3656 2670 3726 τοσαύτην
2695 3656 2905 3709 ἀδικίαν
2928 3697 2941 3719 ,
2966 3657 3105 3710 ὥστε
3141 3658 3378 3721 δικαίους
3407 3658 3686 3729 μονονουχὶ

460 3755 844 3814 καταπίνεσθαι
888 3754 993 3806 ὑπὸ
1038 3752 1247 3806 ἀσεϐῶν
1269 3770 1283 3782 ⁸
1328 3753 1641 3825 φανούμεθα
1678 3754 1786 3823 γὰρ
1822 3752 2021 3822 ίχθύῳν
2043 3767 2104 3804 τε
2136 3754 2229 3806 καὶ
2263 3754 2507 3823 ἑρπετῶν
2549 3754 2647 3806 οὑκ
2681 3753 2908 3820 ἐχόντων
2957 3752 3256 3823 ήγούμενον
3285 3753 3685 3819 διαλλάττοντες

457 3854 627 3913 οὐδὲν.
659 3854 707 3903 εἰ
730 3852 801 3920 μὴ
836 3851 902 3920 τῇ
935 3847 1172 3917 τιμωρίᾳ
1197 3850 1262 3918 τῇ
1295 3849 1360 3918 σῇ
1385 3847 1539 3916 δῆλος
1570 3846 1766 3915 γένοιο,
1792 3844 2098 3899 ἐπιστατῶν
2116 3864 2176 3899 τε
2212 3849 2343 3918 ήμῖν
2374 3848 2468 3901 καὶ
2493 3848 2673 3899 πᾶσαν
2698 3844 2940 3908 ἐξέτασιν
2971 3846 3173 3916 ἀκριϐῆ
3200 3847 3307 3899 τῶν
3332 3847 3686 3918 ἀνθρωπείων

460 3941 775 4010 ποιούμενος
816 3936 1172 4009 πραγμάτων.

528 4033 694 4087 Vens.
730 4030 909 4082 lii-l7,
938 4058 1004 4067 —-
1034 4026 1325 4095 Postquam
1359 4022 1474 4079 haec
1510 4019 1695 4075 omnia
1740 4019 1808 4074 de
1846 4019 2019 4089 Baby-

459 4126 622 4181 loniis
646 4123 803 4187 dixit,
838 4122 931 4189 qui
964 4134 1107 4174 neve
1134 4114 1427 4170 admodum
1460 4112 1715 4182 populum
1747 4118 2020 4166 tractave-

459 4225 602 4282 rant,
648 4214 866 4283 exponit
904 4212 1163 4279 deinceps
1203 4208 1378 4261 hostis
1408 4204 1653 4275 ejusdem
1697 4204 2018 4272 potentiam,

458 4309 617 4379 cujus
666 4322 768 4376 ope
814 4312 1081 4375 quotquot
1130 4300 1245 4354 vult
1294 4297 1453 4352 malis
1506 4295 1808 4351 innumeris
1863 4295 2020 4349 facile

2184 4023 2333 4092 Στίχ.
2372 4027 2545 4089 ιε’-ιζ’.
2581 4054 2649 4066 -
2673 4027 2857 4082 Ταῦτα
2888 4028 2944 4081 δὲ
2975 4028 3191 4082 ἅπαντα
3222 4032 3349 4100 περὶ
3379 4030 3485 4082 τῶν
3505 4031 3682 4083 Βαϐυ-

2113 4112 2317 4169 λωνίων
2349 4116 2616 4185 εἰρηκὼς,
2638 4118 2715 4181 ὡς
2742 4118 2906 4190 πολλῇ
2932 4120 3073 4173 κατά
3095 4119 3189 4173 τοῦ
3219 4120 3348 4173 λαοῦ
3372 4125 3434 4191 τῇ
3464 4123 3684 4193 ἀφειδίᾳ

2114 4204 2474 4275 χρησαμένων
2499 4246 2514 4271 ,
2550 4207 2817 4279 διηγεῖται
2843 4210 3027 4265 λοιπὸν
3054 4211 3218 4265 αὑτοῦ
3254 4213 3347 4265 καὶ
3376 4212 3473 4282 τὴν
3518 4213 3682 4266 δύνα-

2119 4312 2240 4364 μιν,
2349 4296 2629 4367 χρώμενος
2651 4342 2665 4367 ,
2698 4300 2929 4365 ὁπόσους
2957 4302 3024 4355 ἂν
3053 4303 3223 4356 ἐθέλοι
3248 4304 3459 4373 μυρίοις
3490 4310 3682 4368 κακοῖς

456 4401 651 4457 irretit.
685 4420 703 4450 ι
737 4401 908 4453 Hamo
934 4396 1156 4453 sustulit
1187 4393 1336 4446 illum
1366 4390 1434 4444 ad
1470 4388 2012 4451 consummationem,

2119 4384 2430 4454 περιϐάλλει
2462 4388 2677 4458 ῥᾳδίως.
2705 4391 3053 4446 ιΣυντέλειαν
3075 4395 3131 4445 ἐν
3157 4395 3434 4465 ἀγκίστρῳ
3453 4396 3684 4449 ἀνέσπα-

454 4491 731 4558 traxitque
770 4504 892 4544 eum
935 4488 1036 4542 reti
1065 4499 1185 4550 suo,
1215 4492 1269 4537 et
1298 4483 1354 4535 in
1391 4480 1605 4550 sagenis
1648 4479 1765 4533 suis
1809 4478 2015 4531 aduna-

455 4584 548 4634 vit.
609 4579 897 4648 Propterea
952 4577 1223 4632 laetabitur
1273 4583 1329 4629 et
1380 4573 1666 4642 gaudebit;
1731 4577 2015 4640 propterea

456 4671 613 4739 237
646 4668 941 4722 immolabit
985 4682 1198 4735 sagenaa
1250 4679 1382 4726 sum,
1431 4672 1481 4718 et
1511 4661 1848 4716 thurilicabit
1913 4660 2014 4714 reti

455 4774 573 4809 suo.
608 4775 626 4807 ι
670 4755 835 4820 Quasi
855 4754 1017 4807 hamo
1048 4756 1233 4825 aliquo
1275 4769 1341 4809 ac
1380 4754 1483 4808 reti
1531 4752 1796 4824 plurimos
1827 4759 2013 4819 puten-

454 4852 524 4900 tia
567 4862 666 4900 sua
708 4846 1158 4908 circumveniens,
1190 4859 1445 4915 supremo
1477 4842 1654 4897 tradet
1682 4841 1868 4895 exitio.
1921 4839 2011 4893 Sic

452 4950 629 4993 autem
678 4937 732 4991 in
783 4945 1103 5006 potestatem
1136 4950 1290 4990 suam
1318 4942 1549 4991 cunctos
1587 4933 1815 5003 rediget,
1854 4939 1914 4984 ut
1963 4938 2016 4984 et

450 5030 707 5098 operibus
740 5032 853 5083 suis
878 5030 1167 5098 gavisurus
1197 5027 1289 5092 sit,
1327 5041 1390 5082 ac
1435 5025 1828 5096 propemodum
1855 5023 2012 5092 quasi

354 5104 357 5109 h
454 5124 561 5177 Deo
601 5123 781 5190 aliquo
810 5120 1016 5176 viribus
1054 5119 1169 5173 suis
1200 5118 1540 5187 propriorum
1575 5124 1850 5186 gestorum
1901 5130 2015 5166 ma-

449 5211 788 5281 gnitudinem
813 5211 1137 5264 tributurtts.
1164 5207 1297 5260 Nam
1326 5206 1513 5270 verba,
1544 5223 1560 5255 ι
1589 5203 1893 5257 lmmolabit
1922 5216 2012 5256 sa-

448 5317 617 5371 genze,
667 5311 720 5353 ct
755 5301 1087 5354 thuriiicahit
1140 5300 1237 5352 reti
1266 5339 1279 5364 ,
1321 5315 1337 5347 ι
1388 5296 1519 5350 dicit
1565 5305 1781 5364 sumpta
1836 5300 2011 5347 meta-

449 5395 618 5456 phora
661 5392 727 5445 ab
770 5392 836 5444 iis
875 5393 964 5459 qui
1026 5393 1079 5443 in
1133 5385 1607 5455 casu‘ejusmodi,
1651 5386 1856 5455 gratias
1903 5383 2012 5437 Deo

448 5486 707 5540 referunt.
757 5482 877 5535 Vult
903 5498 1029 5551 ergo
1058 5482 1238 5538 dicere
1294 5481 1444 5535 illum
1476 5474 1569 5533 Dei
1615 5479 1787 5532 instar
1818 5476 2013 5544 imagi-

451 5578 564 5626 nari
603 5574 785 5627 omnia
822 5587 979 5642 posse
1015 5587 1112 5640 pro
1146 5588 1245 5626 suo
1294 5572 1446 5625 libito
1480 5568 1722 5634 edicere;
1752 5579 2011 5622 causam-

450 5681 555 5735 que
593 5680 890 5732 exponens,
915 5682 933 5714 ι
967 5664 1102 5727 Quia
1156 5666 1211 5717 in
1258 5664 1411 5733 ipsis,
1444 5663 1640 5733 inquit,
1686 5660 2011 5717 incrassavit

521 5756 629 5826 (68)
663 5754 795 5810 God.
821 5754 1185 5822 Συναγωγαῖς.

2119 4493 2210 4529 σεν
2248 4477 2407 4531 αὑτὸν
2429 4519 2443 4543 ,
2480 4480 2575 4532 καὶ
2602 4481 2847 4534 εἵλκυσεν
2873 4485 3031 4537 αὐτὸν
3069 4486 3126 4536 ὲν
3153 4487 3547 4556 ἁμεριϐλήστρῳ
3582 4488 3684 4539 αύ-

2110 4568 2206 4621 τοῦ
2235 4585 2251 4601 ο
2282 4572 2377 4623 καὶ
2405 4576 2707 4642 συνήγαγεν
2740 4574 2902 4626 αὑτὸν
2926 4578 2982 4627 ὲν
3013 4579 3131 4638 ταῖς
3160 4580 3418 4647 σαγήναις
3450 4578 3559 4647 (48)
3588 4580 3684 4631 αὖ·

2110 4658 2205 4711 τοῦ
2229 4675 2243 4689 ·
2271 4660 2454 4713 ἕνεκεν
2482 4661 2671 4715 τούτου
2712 4664 3144 4735 εὐφρανθήσεται
3193 4668 3286 4718 καὶ
3336 4668 3635 4737 χαρήσεται
3661 4684 3676 4698 ·

2110 4746 2293 4801 ἕνεκεν
2322 4749 2512 4802 τούτου
2549 4750 2700 4804 θύσει
2729 4755 2795 4822 τῇ
2829 4756 3036 4827 σαγήνῃ
3073 4753 3266 4819 αὑτοῦ,
3293 4758 3386 4808 καὶ
3424 4756 3678 4826 θυμιάσει

2110 4835 2186 4906 τῷ
2219 4836 2611 4909 ἀμφιϐλήστρμ)
2645 4841 2828 4894 αὑτοῦ.
2847 4860 2865 4893 ι
2904 4842 2991 4905 Ὠς
3017 4843 3125 4913 γάρ
3147 4844 3425 4913 ἀγκίστρῳ
3451 4845 3558 4897 τινὶ
3582 4846 3680 4898 καὶ

2111 4928 2506 5000 ἀμφιϐλήστρῳ
2534 4934 2600 5000 τῇ
2630 4932 2807 5002 οἰκείᾳ
2832 4932 3055 5002 δυνάμει
3085 4934 3369 4997 πλείστους
3395 4935 3553 4998 ὅσους
3574 4954 3677 4987 πε-

2113 5021 2347 5091 ριϐαλὼν
2377 5025 2456 5084 εἰς
2505 5025 2737 5096 παντελῆ
2786 5027 3146 5099 παραδίδωσιν
3192 5028 3467 5081 ἀπώλειαν
3491 5045 3505 5059 ·
3533 5028 3677 5081 οὕτω

2108 5128 2167 5163 τε
2194 5113 2437 5176 ἅπαντας
2471 5115 2574 5168 ὑπὸ
2614 5117 2714 5183 τὴν
2744 5117 2990 5183 ἐξουσίαν
3026 5118 3265 5188 ἀθροίζει
3299 5119 3395 5189 τὴν
3443 5119 3673 5182 οἰκείαν,

2110 5202 2247 5255 ὥστε
2274 5204 2494 5273 ἥδεσθαι
2528 5206 2624 5274 μὲν
2657 5207 2748 5259 ἐπὶ
2789 5211 2901 5270 τοῖς
2923 5208 3100 5279 ἔργοις
3132 5213 3243 5271 τοῖς
3279 5210 3424 5273 ἰδίοις
3448 5250 3463 5270 ,
3496 5210 3675 5262 κινδυ·

2113 5294 2285 5346 νεύειν
2316 5294 2373 5346 δὲ
2404 5296 2479 5359 ὡς
2522 5297 2587 5350 ἄν
2613 5316 2718 5351 τινι
2749 5298 2867 5369 Θεῷ
2893 5302 2958 5369 τῇ
3001 5301 3176 5370 οἰκείᾳ
3207 5302 3431 5370 δυνάμει
3459 5301 3674 5369 λογίζε-

2113 5384 2234 5438 σθαι
2265 5385 2373 5439 τῶν
2400 5389 2527 5459 παρ’
2553 5389 2714 5443 αὑτοῦ
2741 5391 3035 5460 γινομένων
3062 5392 3121 5445 τὸ
3153 5394 3379 5462 μέγεθος
3402 5409 3414 5423 ⁸
3448 5396 3522 5463 (p.
3544 5396 3673 5463 362)

2108 5473 2169 5527 τὸ
2193 5475 2349 5546 γὰρ,‹
2371 5475 2532 5531 Θύσει
2551 5481 2615 5550 τῇ
2636 5479 2867 5548 σαγήνῃ,
2893 5481 2986 5533 καὶ
3015 5481 3269 5551 θυμιάσει
3293 5485 3370 5552 τῷ
3392 5485 3673 5555 ἀμφιϐλήο

2112 5583 2255 5638 στρῳ
2273 5608 2287 5630 ,
2312 5588 2330 5620 ι
2366 5569 2520 5623 τοῦτο
2545 5570 2689 5637 λέγει
2717 5573 2780 5625 ἐκ
2814 5575 3121 5643 μεταφορᾶς
3140 5574 3248 5627 τῶν
3271 5577 3328 5627 ἐν
3359 5578 3471 5637 τοῖς
3493 5575 3672 5629 τοιού-

2109 5675 2220 5721 τοις
2250 5658 2345 5729 τήν
2384 5660 2729 5731 εὐχαριστίαν
2766 5661 3161 5717 ἀποτιννύντων
3193 5662 3270 5732 τῷ
3296 5661 3433 5732 Θεῷ.
3477 5662 3675 5716 Βούλε-
