3992 6232
254 343 361 402 ἅδδ
1212 333 1753 391 COMMENTARIUS
1802 332 1867 387 IN
1907 333 2247 390 HABACUCI
2286 334 2433 389 CAP.
2472 334 2530 387 ll.
3371 334 3473 388 ιδι

250 479 340 516 ται
369 458 465 517 οὗν
503 462 679 513 εἰπεῖν
707 459 789 511 ὃτι
844 456 1120 526 μονονουχὶ
1142 454 1276 507 Θεοῦ
1314 456 1467 524 δίκην
1497 452 1820 521 φαντάζεται

1928 462 2129 523 partem
2155 468 2307 507 suam
2331 471 2346 518 ;
2376 461 2429 507 et
2453 453 2556 506 cibi
2590 452 2708 520 ejus
2735 452 2910 506 electi.
2950 471 2967 503 ι
3001 451 3238 521 Propriis
3263 452 3469 508 viribus

256 553 519 610 δύνασθαι
574 550 751 603 πάντα
786 547 924 601 κατά
968 547 1030 598 τὸ
1060 544 1249 599 δοκοῦν
1278 544 1452 615 ἐαυτῷ
1489 547 1691 597 ποιεῖν·
1732 546 1825 597 καὶ

1928 558 2106 597 rerum
2148 544 2287 597 bene
2311 550 2586 613 gestarum
2618 542 3044 612 magnitudinem
3078 541 3288 605 tribuit,
3328 540 3471 594 unde

258 646 357 716 τὴν
382 642 561 697 αἰτίαν
601 641 777 709 λέγων
802 656 817 672 ο
855 639 1006 691 «Ὅτι
1037 640 1095 691 ἐν
1139 639 1321 699 αὐτοῖς
1351 636 1601 689 ἐλίπανεν
1635 637 1825 708 μερίδα

261 735 424 791 αὐτοῦ
450 775 464 796 ,
518 733 614 787 καὶ
638 732 706 785 τὰ
749 728 1010 803 βρώματα
1054 728 1219 783 αὑτοῦ
1260 727 1510 781 ἐκλεκτά.
1542 745 1563 779 ι
1601 728 1680 798 Τῇ
1713 728 1823 799 γάρ

262 828 405 898 ίσχύῖ
430 829 498 896 τῇ
533 824 712 895 οἰκείᾳ
742 822 1015 891 λογίζεται
1037 819 1145 873 τῶν
1173 817 1616 889 κατωρθωμένων
1638 818 1700 871 τὸ
1728 817 1825 887 μέ-

256 919 411 987 γεθος
438 958 452 981 ,
483 915 580 985 ἀφ’
604 908 678 968 ὧν
699 914 764 985 δὴ
792 912 1153 983 προσγέγονεν
1184 909 1333 981 αὐτῷ
1359 910 1449 963 τὸν
1481 908 1706 962 πλοῦτον
1728 908 1825 961 αὑ-

258 1008 414 1077 ξῆσαι
436 1007 533 1059 τὸν
564 1006 762 1058 οἰκεῖον
782 1020 798 1033 ·
832 1001 989 1057 τοῦτο
1011 1002 1120 1072 γὰρ
1147 1002 1294 1070 λέγει
1324 1001 1406 1067 τδν
1425 1018 1444 1051 ί
1468 997 1713 1052 Ἐλίπανε
1737 1017 1824 1070 με·

260 1095 378 1166 ρίδα
402 1093 595 1147 αὑτοῦ.
622 1111 640 1144 ι
690 1091 966 1147 Ἐντεῦθεν
990 1091 1068 1155 δὲ,
1101 1090 1254 1161 φησὶ,
1279 1090 1373 1143 καὶ
1395 1090 1614 1143 πάντων
1632 1087 1695 1158 δὴ
1716 1089 1821 1141 τῶν

255 1184 494 1255 δοκίμων
534 1200 594 1235 τε
630 1181 724 1236 καὶ
762 1179 1032 1235 ἐκλεκτῶν
1062 1181 1160 1250 τὴν
1188 1180 1484 1235 ἀπόλαυσιν
1512 1178 1650 1247 ἔχει·
1687 1178 1823 1248 ὅπερ

258 1277 373 1329 ἐστὶ
401 1276 485 1340 τὸ,
529 1292 549 1325 ι
596 1273 708 1327 Καὶ
731 1271 799 1327 τὰ
837 1272 1099 1344 βρώματα
1146 1272 1308 1326 αὑτοῦ
1361 1271 1611 1325 ἐκλεκτά.
1635 1270 1817 1321 -Διά

258 1367 411 1420 τοῦτο
436 1364 736 1436 ἀμφιϐαλεί
754 1364 815 1418 τὸ
835 1364 1240 1435 ἀμφίϐληστρον
1272 1363 1455 1425 αὐτοῦ,
1480 1363 1573 1415 καὶ
1595 1361 1818 1413 διαπαν-

256 1458 347 1520 τὸς
374 1456 719 1510 ἀποκτείνειν
745 1455 869 1525 ἔθνη
895 1455 953 1507 οὐ
983 1455 1281 1523 φείσεται.»
1319 1453 1411 1507 Ἐκ
1438 1453 1495 1506 δὲ
1521 1446 1594 1505 ὧν
1612 1451 1823 1521 κατώρ-

261 1548 398 1600 θωσε
425 1546 690 1610 πολλάκις
712 1547 927 1619 θαρρῶν
952 1548 1031 1602 ἐτι
1056 1550 1121 1618 τῇ
1144 1546 1323 1617 οἰκείᾳ
1356 1546 1550 1615 χρῆται
1576 1543 1819 1612 δυνάμει,

1922 634 2001 687 illi
2028 649 2189 704 opum
2212 634 2465 688 cumulus
2494 633 2747 688 accessit.
2773 631 2865 687 Sic
2898 632 3042 687 enim
3074 631 3251 685 valent
3278 629 3469 684 verba:

1926 719 2165 775 «Partem
2190 735 2343 775 suam
2368 721 2711 776 incrassavit.
2737 739 2755 772 ι
2785 719 2943 785 Hinc,
2970 719 3163 788 inquit,
3190 720 3267 775 rei
3296 719 3473 773 omnis

1919 812 2073 865 bonae
2120 820 2173 865 et
2219 812 2402 865 electa:
2446 812 2679 868 fructum
2708 820 3036 867 consecutus
3079 819 3191 874 est;
3240 824 3474 879 namque

1918 902 1992 954 ita
2020 901 2182 956 verba
2214 920 2231 951 ι
2258 901 2378 955 Cibi
2410 901 2529 972 ejus
2549 903 2706 958 electi
2730 921 2748 954 ι
2784 898 3131 971 intelligenda
3157 905 3304 953 sunt.
3344 917 3362 949 ι
3392 896 3476 952 ld-

1919 992 2067 1047 circo
2120 991 2377 1049 extendet
2426 1000 2543 1049 rete
2599 1008 2790 1058 suum,
2852 1000 2906 1048 et
2962 991 3095 1046 caedi
3150 988 3473 1060 populorum

1921 1098 2199 1153 nunquam
2248 1091 2454 1154 parcet.
2503 1102 2522 1136 ι
2584 1082 2851 1157 Repetitis
2896 1082 3242 1140 successibus
3299 1080 3473 1135 elatus

1921 1173 2218 1242 potentiam
2260 1189 2413 1229 suam
2438 1177 2729 1241 exercebit,
2776 1174 3161 1246 perpeluisque
3197 1172 3352 1228 bellis
3389 1171 3475 1225 in-

1920 1264 2171 1332 dulgens,
2236 1265 2461 1318 multam
2516 1265 2807 1321 crudeliter
2857 1264 3191 1319 devictorum
3241 1270 3475 1333 stragem

1919 1353 2059 1408 edet.
2115 1352 2233 1407 Jam
2278 1369 2404 1409 vero
2436 1353 2716 1426 Babylonii
2760 1356 2930 1426 gestis
2976 1354 3209 1409 narratis
3246 1352 3478 1422 ejusque

1926 1460 2020 1515 per
2071 1448 2252 1499 omnia
2317 1446 2577 1503 adversus
2620 1445 2896 1503 Judaicum
2956 1453 3211 1516 populum
3276 1447 3476 1501 scelere

1925 1546 2269 1608 exaggerato,
2300 1539 2474 1608 pergit
2505 1540 2685 1594 dicere
2715 1557 2726 1591 :

261 1641 352 1693 καὶ
406 1639 665 1709 πολέμοις
704 1639 984 1712 χρώμενος
1028 1640 1323 1704 ἀπαύστοις
1346 1680 1360 1701 ,
1395 1640 1560 1692 πολὺν
1589 1636 1819 1706 ἀφειδῶς
1844 1633 1953 1688 τῶν
1986 1632 2363 1702 ἐμπιπτόντων
2396 1632 2682 1703 ἐργάζεται
2709 1634 2798 1685 τὸν
2820 1634 2977 1701 φόνον
3001 1651 3014 1664 ·
3056 1632 3290 1703 εἰρηκὼς
3316 1631 3371 1684 δὲ
3409 1630 3476 1685 τά

264 1731 413 1804 παρὰ
436 1731 532 1787 τοῦ
560 1731 899 1787 Βαϐυλωνίου
934 1734 1187 1804 γινόμενα
1205 1775 1218 1802 ,
1252 1733 1344 1785 καὶ
1369 1732 1455 1785 διὰ
1478 1732 1692 1787 πάντων
1717 1727 1876 1781 αὑτοῦ
1908 1726 2005 1779 τὴν
2031 1724 2110 1790 είς
2130 1724 2219 1779 τὸν
2243 1724 2367 1782 λαὸν
2399 1726 2741 1797 παρανομίαν
2770 1724 3028 1797 αὐξήσας,
3057 1726 3249 1792 ἐπάγει
3271 1724 3471 1778 λοιπόν·

908 1870 1063 1925 ΚΕΦ.
1105 1872 1179 1923 B’.

336 1977 481 2046 Στίχ.
513 1969 657 2031 α’-δ⁹.
684 2012 752 2021 -—
783 1998 804 2031 ι
840 1981 960 2035 Ἐπὶ
988 1983 1087 2052 τῆς
1112 1984 1353 2053 φυλακῆς
1395 2001 1495 2054 μου
1528 1986 1815 2055 στήσομαι,

268 2067 356 2120 καὶ
381 2067 714 2138 ἐπιϐήσομαι
747 2071 836 2123 ἐπὶ
859 2073 1110 2143 πέτραν.»
1152 2076 1245 2128 Ἐκ
1285 2078 1593 2147 μεταφορᾶς
1621 2076 1727 2129 τῶν
1761 2076 1818 2126 ἐν

266 2158 485 2229 πολέμῳ
513 2161 608 2212 καὶ
645 2161 926 2233 πολιορκία
952 2165 1048 2239 τὴν
1073 2165 1164 2219 τοῦ
1196 2167 1403 2236 τείχους
1429 2168 1819 2238 διαιρουμένων

265 2249 561 2325 φυλακήν.ι
585 2252 709 2307 Ἐπὶ
721 2252 1282 2325 τῆςφυλακῆς,φησ“ιν,
1307 2257 1415 2326 ἐγὼ
1441 2261 1704 2330 στήσομαι
1724 2260 1821 2330 τῆς

262 2338 400 2409 ἐμῆς
418 2382 435 2407 ,
457 2341 576 2396 »ἵνα
590 2340 723 2413 εἴπῃ
738 2345 820 2397 ὅτι
841 2348 946 2402 Τοῦ
962 2351 1086 2420 ἐμοὶ
1113 2350 1478 2418 προσήκοντος
1501 2350 1601 2403 οὐκ
1628 2353 1822 2422 ἐκστή-

265 2445 447 2501 σομαι,
482 2433 561 2502 (ι).
586 2433 715 2503 565)
740 2436 875 2491 ἀλλά
898 2438 1004 2508 γὰρ
1024 2439 1211 2511 ἕξομαι
1232 2440 1441 2503 τούτου,
1474 2442 1531 2493 ἐν
1557 2442 1822 2512 ἀσφαλείᾳ

266 2539 325 2590 γε
364 2524 595 2597 πλείστῃ
638 2528 964 2584 καθεστάναι
1013 2531 1245 2602 νομίζων
1300 2536 1347 2586 εί
1391 2533 1559 2586 ταῦτα
1588 2536 1817 2605 ποιοίην.

266 2614 370 2667 Καὶ
389 2616 729 2688 σαφέστερον
758 2621 925 2675 ποιῶν
956 2623 984 2674 ὂ
1015 2623 1161 2691 λέγει
1187 2640 1199 2653 ’
1237 2642 1256 2674 ι
1285 2624 1396 2677 Καὶ
1422 2625 1707 2678 σκοπεύσω
1727 2626 1820 2679 τοῦ

269 2706 390 2759 ἰδεῖν
416 2708 472 2759 τί
495 2707 718 2780 λαλήσει
753 2713 811 2765 ἐν
861 2714 1016 2784 ἐμοὶ,
1060 2715 1155 2768 καὶ
1200 2715 1252 2768 τί
1292 2715 1571 2786 ἀποκριθῶ
1602 2718 1693 2770 ἐπὶ
1732 2718 1824 2771 τὸν

268 2794 482 2866 ἔλεγχόν
508 2815 664 2867 pou.»
692 2801 943 2856 Βούλεται
971 2804 1142 2858 εἰπεῖν
1165 2805 1265 2869 ὅτι,
1289 2805 1487 2876 Ἔργον
1508 2805 1663 2877 ήμῶν
1690 2807 1825 2877 πρὸς

267 2885 355 2938 τὸν
387 2887 523 2941 Θεὸν
550 2891 762 2961 ἁφορᾷν
783 2934 799 2958 ,
834 2893 928 2947 καὶ
970 2892 1040 2947 τὰ
1085 2895 1292 2949 ἐκεῖθεν
1337 2896 1594 2966 γινόμενά
1627 2914 1686 2950 τε
1734 2900 1825 2951 καὶ

268 2978 589 3050 δεικνύμενα
611 2981 881 3053 δέχεσθαι,
916 2984 1162 3039 ἐντεῦθεν
1190 2986 1298 3058 γάρ
1326 2980 1415 3057 μοι
1439 2987 1535 3041 καὶ
1559 2988 1824 3057 ἀσφάλεια

271 3067 495 3137 πλείστη
521 3070 833 3139 προσέσται,
862 3073 1107 3144 Διαμενῶ
1143 3074 1343 3139 τοίνυν,
1380 3077 1542 3145 φησὶν
1566 3117 1580 3140 ,
1608 3078 1826 3148 ἀφορῶν

268 3156 319 3208 τί
362 3175 490 3211 ποτε
514 3160 623 3231 ἄρα
649 3163 777 3232 περὶ
815 3163 923 3216 τῶν
959 3167 1255 3235 γινομένων
1289 3167 1641 3235 ἀποφαίνεται
1671 3169 1823 3233 Θεὸς,

269 3247 341 3311 ὡς
369 3250 435 3302 ἄν
462 3249 637 3304 ταῦτα
671 3252 857 3323 μαθὼν
889 3256 1266 3327 ἀποκρίνωμαι
1298 3258 1393 3311 καὶ
1412 3234 1589 3322 αὐτὸς
1630 3260 1698 3312 τά
1724 3259 1828 3312 δει-
1854 3234 1896 3292 C

273 3339 513 3411 κνύμενα
536 3343 615 3413 τῷ
642 3343 756 3415 λαῷ
782 3347 861 3411 είς
887 3346 1106 3418 ἐλεγχόν
1138 3365 1199 3401 τε
1230 3349 1408 3404 αὐτῶν
1437 3350 1581 3421 ἐξῆς.
1620 3351 1829 3421 Ὥσπερ

271 3431 323 3484 δέ
346 3434 405 3485 ἐν
428 3438 544 3493 τοῖς
569 3437 864 3509 ἀνωτέροις
880 3439 990 3493 τῶν
1018 3440 1077 3493 ἐν
1095 3440 1173 3511 τῷ
1196 3441 1310 3511 λαῷ
1329 3442 1427 3506 τάς
1449 3443 1828 3515 πλημμελείας

274 3523 457 3588 είπῶν,
488 3525 564 3588 ὡς
604 3525 664 3592 ἐξ
691 3527 1082 3599 ἀποκαλύψεως
1110 3531 1362 3599 ἐγνωκὼς
1408 3532 1557 3597 θείας
1598 3533 1696 3605 τὴν
1732 3537 1827 3587 ἐπο

274 3615 651 3688 αχθησομὲνην
684 3618 865 3688 αὐτοῖς
886 3620 973 3673 διά
1024 3620 1131 3675 τῶν
1161 3622 1513 3678 Βαϐυλωνίων
1563 3626 1830 3696 τιμωρίαν

276 3707 457 3775 φησὶν,
478 3707 626 3762 οὕτω
661 3709 935 3765 κάνταῦθα
968 3711 1062 3765 τοῦ
1095 3712 1430 3767 Βαϐυλωνίου
1468 3716 1565 3779 τὰς
1593 3733 1830 3788 παρανο-

280 3798 399 3867 μίας
421 3798 687 3869 εἰρηκὼς,
732 3801 879 3869 λέγει
911 3802 1010 3872 μὲν
1042 3803 1326 3875 ἀναμένειν
1363 3806 1513 3875 παρά
1556 3804 1649 3858 τοῦ
1694 3806 1828 3859 Θεοῦ

281 3889 464 3956 μαθεῖν
490 3929 507 3953 ,
550 3892 578 3944 ὅ
627 3892 679 3944 τί
726 3909 854 3946 ποτε
897 3894 990 3948 καὶ
1019 3897 1146 3965 περ)¹
1194 3896 1395 3949 τούτων
1446 3897 1825 3967 ἀποφαίνεται·

279 3978 467 4046 ἐπάγει
498 3978 557 4031 δὲ
579 3980 704 4051 ἑξῆς
734 3981 833 4052 τὴν
866 3983 958 4035 ἐπὶ
979 3983 1186 4048 τούτοις
1214 3986 1551 4056 ἀποκάλυψιν
1579 3987 1723 4059 αὐτῷ
1744 4005 1831 4057 γε-

279 4075 511 4136 γονυῖαν.
538 4074 632 4130 Διό
676 4089 835 4144 φησι·
873 4093 892 4126 ι
921 4077 1028 4129 Καὶ
1047 4077 1317 4148 ἀπεκρίθη
1348 4080 1481 4151 πρός
1520 4097 1585 4150 με
1606 4081 1828 4151 Κύριος,

280 4161 366 4213 καὶ
415 4156 543 4215 εἷπε
566 4179 581 4191 ·
625 4163 835 4233 Γράψον
868 4166 1055 4233 ὅρασιν
1097 4168 1282 4236 σαφῶς
1315 4171 1395 4233 είς
1431 4170 1617 4235 πυξίον
1638 4212 1655 4240 ,
1686 4173 1832 4236 ὅπως

278 4248 437 4321 διωκῃ
462 4251 494 4303 ὁ
520 4252 900 4320 ἀναγινώσκων
940 4257 1096 4310 αὐτά.
1132 4277 1151 4311 ι
1202 4259 1508 4329 Ἀναμένειν
1535 4262 1644 4333 γὰρ
1681 4264 1831 4333 είρη-

281 4341 381 4404 κὼς
416 4343 613 4413 μαθεῖν
650 4344 806 4398 ἅτινα
856 4347 980 4417 περὶ
1006 4348 1205 4402 τούτων
1237 4350 1644 4419 ἀποφαίνεταιὸ
1680 4353 1832 4417 Θεὸς,

278 4434 442 4489 ταῦτα
483 4434 550 4505 δὴ
581 4437 974 4509 ἀποκεκρίσθαι
1002 4440 1141 4510 πρὸς
1168 4441 1330 4494 αὐτὸν
1364 4444 1496 4512 φησὶ
1524 4444 1613 4497 τὸν
1662 4445 1792 4497 Θεόν
1817 4462 1831 4477 υ

280 4525 525 4581 κελεῦσαι
556 4528 654 4597 μὲν
680 4528 827 4599 αὺτῷ
853 4529 927 4592 ὠς
950 4530 1008 4583 ἐν
1032 4532 1220 4602 ὁράσει
1246 4532 1367 4603 θείᾳ
1392 4536 1470 4597 είς
1494 4533 1680 4600 πυξίον
1703 4538 1830 4606 γρά-

280 4615 369 4682 ψαι
393 4617 465 4671 τά
492 4618 848 4689 δεικνύμενα,
895 4621 980 4674 ίνα
1010 4621 1235 4696 πᾶσινῇ
1274 4624 1419 4694 σαφῆ
1467 4642 1528 4678 τε
1558 4627 1650 4679 καὶ
1697 4627 1833 4697 δῆλα

282 4709 407 4778 πρὸς
436 4710 742 4779 ἀνάγνωσιν
782 4711 849 4765 τά
900 4714 1161 4785 είρημένα
1199 4732 1257 4768 τε
1312 4717 1406 4769 καὶ
1451 4720 1830 4789 γεγραμμένα.

283 4801 496 4870 (9.564)
524 4803 687 4871 Λέγει
718 4803 777 4856 δὲ
795 4804 861 4857 τά
886 4806 1014 4876 περὶ
1035 4808 1162 4869 τοὺς
1179 4806 1548 4872 Βαϐυλωνίους
1579 4810 1831 4880 ἐσόμενα,

285 4892 418 4965 ἅπερ
450 4893 581 4964 ἐξῆς
630 4895 813 4965 φησιν.
842 4893 973 4949 Εἶτα
1003 4899 1202 4968 ἐπάγει
1227 4915 1241 4929 ο
1293 4917 1313 4950 ι
1337 4899 1480 4953 Διότι
1522 4900 1602 4953 ἔτι
1648 4902 1835 4973 ὅρασις

285 4985 360 5048 είς
382 4986 568 5056 καιρὸν
607 4987 844 5059 μακρὸν,
877 4988 971 5042 καὶ
1008 4990 1256 5044 ἀνατελεῐ
1277 4991 1357 5053 είς
1400 4990 1575 5061 πέρας
1616 4993 1709 5045 καὶ
1735 4993 1835 5045 οὐκ

286 5072 358 5134 είς
385 5074 553 5127 κενόν.
573 5092 594 5127 ι
634 5074 714 5129 Τὰ
738 5076 838 5147 μὲν
860 5078 968 5148 γὰρ
995 5078 1278 5150 δειχθέντα
1306 5080 1368 5132 οὐ
1398 5082 1713 5152 παραυτίκα
1741 5084 1834 5136 ἐκο

286 5161 496 5232 ϐήσεται
516 5208 533 5233 ,
570 5167 708 5221 ἀλλά
737 5170 874 5238 μετά
899 5186 1022 5223 τινα
1052 5170 1248 5242 χρόνον
1273 5208 1289 5236 ,
1318 5172 1376 5237 ὃς
1406 5174 1686 5245 ἀφέστηκε
1717 5173 1832 5239 νῦν,

286 5253 428 5307 ἔσται
446 5257 502 5309 δέ
528 5258 744 5321 πάντως
773 5259 866 5314 καὶ
895 5259 1121 5330 λήψεται
1156 5261 1332 5332 πέρας
1351 5277 1364 5291 ο
1419 5263 1540 5315 ἐπεὶ
1565 5263 1698 5334 μηδέ
1729 5265 1833 5333 μά-

285 5359 380 5413 την
401 5345 680 5410 δέδεικται,
721 5349 834 5401 ἀλλ’
854 5349 929 5413 ὡς
960 5352 1053 5404 καὶ
1090 5351 1329 5418 ἐσόμενα
1365 5353 1601 5416 πάντως.
1653 5371 1675 5405 ι
1709 5353 1834 5406 Ἐὰν

289 5434 571 5509 ὑστερήσῃ,
599 5439 887 5509 ὑπόμεινον
914 5442 1095 5507 αὑτὸν,
1118 5443 1206 5496 ὅτι
1230 5445 1259 5496 ό
1283 5443 1573 5514 ἐρχόμενος
1597 5442 1714 5515 ἥξει
1740 5447 1833 5498 καὶ

287 5527 343 5578 οὐ
374 5528 443 5597 μὴ
463 5529 703 5603 χρονίσῃ.
729 5549 748 5582 ι
790 5533 949 5584 Ὥστε
981 5535 1029 5586 εἰ
1059 5536 1151 5589 καί
1196 5551 1284 5597 τις
1311 5534 1599 5604 ὑπέρθεσις
1635 5534 1832 5599 δόξειεν

289 5617 389 5669 τῶν
415 5618 749 5688 μηνυθέντων
781 5621 1053 5687 γίνεσθαι,
1085 5625 1224 5687 τέως
1264 5623 1589 5693 ἀναμείνατε
1616 5624 1831 5688 πάντως

294 5709 444 5776 αὐτὰ,
485 5711 669 5783 ἐπειδὴ
715 5712 857 5784 ἅπερ
896 5713 972 5778 ὡς
1002 5714 1237 5786 ἐσόμενά
1266 5733 1325 5769 τε
1372 5716 1464 5769 καὶ
1503 5716 1827 5786 ἐλευσόμενα

2571 1863 2720 1918 CAP.
2751 1863 2816 1918 ll.

1995 1971 2157 2028 Vens.
2192 1974 2304 2027 1-4.
2343 1992 2360 2020 ι
2402 1970 2577 2043 Super
2599 1975 2846 2030 custodia
2876 1990 2994 2029 mea
3024 1975 3198 2039 stabo,
3229 1985 3284 2029 et
3312 1990 3477 2045 supra

1925 2071 2133 2131 petram
2168 2064 2477 2118 ascendam.
2529 2084 2547 2115 ι
2587 2065 2897 2137 Metapbora
2942 2075 3158 2137 sumpta
3187 2068 3256 2121 ab
3288 2067 3355 2121 iis
3384 2068 3477 2135 qui

1923 2154 2048 2209 belli
2077 2164 2320 2225 tempore
2343 2164 2397 2210 et
2438 2157 2740 2214 obsidionis
2772 2159 3111 2213 custodiendi
3161 2157 3304 2212 muri
3332 2158 3479 2212 vices

1924 2250 2029 2305 sibi
2046 2250 2396 2305 distribuunt.
2409 2269 2427 2302 ι
2442 2251 2615 2321 Super
2630 2251 2904 2318 custodia,
2920 2252 3116 2322 inquit,
3131 2266 3248 2307 mea
3265 2252 3440 2314 stabo;
3457 2270 3473 2301 ι

1924 2354 2025 2410 pro
2052 2355 2119 2396 eo
2165 2351 2224 2396 ut
2265 2342 2430 2406 dicat,
2465 2342 2652 2399 Olﬁcio
2696 2358 2816 2399 meo
2846 2359 2954 2398 non
2987 2344 3171 2409 deero,
3207 2343 3301 2399 sed
3346 2344 3477 2397 illud

1925 2433 2266 2487 observabo:
2300 2435 2501 2488 etenim
2555 2435 2712 2490 valde
2756 2443 2932 2489 tutum
2985 2451 3071 2491 me
3131 2435 3475 2499 existimabo,

1926 2522 1971 2579 si
2004 2523 2077 2576 ita
2104 2537 2188 2579 me
2235 2539 2432 2593 geram.
2478 2528 2654 2596 Atque
2700 2527 2877 2581 adhuc
2925 2528 3165 2598 apertius
3200 2527 3476 2598 23810-

1926 2628 2122 2683 quens,
2162 2631 2181 2665 ι
2221 2613 2287 2667 Et
2328 2618 2757 2687 contemplabor,
2787 2618 2982 2687 inquit,
3013 2627 3071 2672 ut
3111 2618 3319 2673 videam
3348 2618 3477 2687 quid

1927 2706 1983 2759 in
2012 2722 2099 2762 me
2119 2707 2393 2777 loquatur,
2433 2720 2487 2763 et
2517 2709 2648 2778 quid
2679 2708 3033 2779 respondeam
3067 2709 3133 2764 ad
3180 2710 3480 2779 correptio-

1929 2813 2050 2853 nem
2079 2813 2307 2855 meam.»
2325 2798 2515 2855 Dicere
2538 2801 2652 2855 vult
2698 2801 2856 2856 oﬂicii
2881 2816 3003 2858 esse
3028 2803 3200 2857 nostri
3223 2802 3292 2856 ad
3312 2800 3479 2857 Deum

1929 2891 2236 2960 respicere,
2268 2900 2321 2946 et
2360 2907 2481 2962 quae
2524 2892 2650 2948 inde
2698 2893 2949 2947 accidunt
2993 2900 3045 2948 et
3094 2894 3479 2955 ostenduntur,

1930 2983 2203 3053 excipere.
2233 2982 2372 3039 Hinc
2400 2985 2544 3040 enim
2573 2984 2705 3040 mihi
2733 2985 3026 3055 plurimum
3068 2993 3313 3041 tutamen
3358 2987 3479 3041 erit.

1930 3073 2298 3131 Perseverabo
2336 3076 2519 3147 itaque
2563 3086 2831 3146 spectans,
2861 3077 2992 3147 quid
3028 3075 3165 3132 forte
3214 3076 3354 3133 Deus
3383 3079 3482 3131 ali-

1930 3164 2150 3235 quando
2173 3166 2239 3221 de
2270 3180 2452 3221 rerum
2479 3174 2675 3223 eventu
2726 3168 2947 3231 revelat,
2984 3179 3041 3221 ut
3090 3168 3193 3223 hoc
3247 3169 3482 3239 cognito,

1929 3258 2234 3312 renuntiem
2287 3273 2390 3328 ego
2418 3272 2634 3328 quoque
2663 3258 2862 3329 populo
2907 3266 3120 3314 ostenta
3165 3258 3297 3312 mihi
3329 3258 3394 3312 ad
3423 3258 3485 3311 il-

1926 3348 2032 3403 lius
2076 3348 2315 3403 futuram
2351 3348 2766 3419 eorreptionem.
2804 3347 2958 3402 Sicut
3009 3358 3187 3403 autem
3236 3348 3291 3402 in
3327 3363 3488 3417 supe--

1926 3440 2188 3504 rioribus,
2224 3447 2513 3510 postquam
2545 3440 2731 3510 populi
2790 3447 3012 3511 peccata
3045 3439 3312 3501 recitavit,
3364 3448 3487 3493 tan-

1927 3544 2089 3599 quam
2151 3529 2333 3584 divina
2366 3529 2699 3585 revelatione
2750 3531 3072 3593 illustratus,
3106 3529 3513 3599 imponendam'

1929 3620 2111 3691 populi
2145 3634 2362 3691 pinnam
2393 3620 2568 3676 dixit:
2600 3623 2672 3675 ita
2703 3622 2864 3676 etiam
2895 3622 2997 3677 hoc
3016 3622 3157 3685 loco,
3188 3619 3351 3675 dictis
3383 3619 3487 3672 Ba-

1929 3713 2133 3785 bylonii
2158 3713 2475 3778 sceleribus,
2505 3714 2582 3768 ait
2612 3728 2670 3769 se
2691 3721 3004 3783 exspectare
3032 3728 3062 3767 a
3093 3711 3202 3767 Deo
3227 3713 3486 3767 monitio-

1929 3818 2075 3867 nem,
2103 3803 2233 3873 quid
2268 3802 2567 3873 aliquando
2606 3802 2674 3858 de
2723 3803 2806 3856 bis
2863 3817 3080 3873 quoque
3114 3800 3485 3872 patefacturus

1931 3897 2021 3951 sit.
2058 3895 2177 3948 Mox
2201 3894 2371 3958 addit,
2404 3909 2564 3963 quam
2593 3910 2755 3964 super
2791 3895 2872 3950 his
2896 3903 3181 3964 acceperat
3203 3895 3487 3949 revelatio-

1930 4003 2075 4042 nem.
2108 3986 2317 4041 idcirco
2366 3988 2485 4041 ait:
2529 4005 2547 4037 ι
2592 3985 2655 4040 Et
2706 3986 2987 4055 respondit
3037 3985 3167 4039 mihi
3221 3985 3485 4040 Dominus

1931 4079 2212 4148 dixitque:
2252 4079 2442 4133 Scribe
2488 4077 2776 4133 manifeste
2807 4079 2919 4133 visa
2956 4079 3007 4131 in
3062 4079 3227 4145 buxo,
3256 4087 3316 4133 ut
3361 4094 3485 4147 per-

1932 4176 2191 4239 sequatur
2220 4170 2312 4239 qui
2344 4169 2469 4239 legit
2501 4185 2582 4223 ea.
2620 4188 2638 4221 ι
2664 4168 2953 4239 Postquam
2991 4170 3127 4223 dixit
3171 4177 3486 4240 exspectare

1930 4275 1990 4315 se
2015 4274 2045 4313 a
2102 4258 2210 4315 Deo
2243 4260 2470 4323 moneri,
2517 4260 2674 4329 quale
2706 4260 2771 4314 de
2806 4260 2892 4315 his
2925 4261 3200 4313 oraculum
3263 4260 3482 4325 reddat;

1934 4344 2049 4399 haec
2076 4346 2179 4401 sibi
2223 4359 2253 4398 a
2292 4345 2400 4401 Deo
2444 4362 2705 4416 responsa
2754 4348 2885 4402 dicit
2916 4368 2927 4401 :
2954 4348 3192 4403 Jussisse
3236 4349 3481 4405 videlicet

1934 4444 2191 4504 tanquam
2240 4452 2306 4491 ex
2358 4438 2541 4491 divina
2571 4438 2781 4492 visione
2826 4439 2878 4492 in
2927 4440 3068 4493 buxo
3098 4441 3337 4495 scribere
3360 4457 3481 4512 quae

1935 4535 2158 4582 ostensa
2205 4527 2442 4592 fuerant,
2476 4538 2536 4583 ut
2586 4530 2841 4585 omnibus
2888 4532 3170 4601 perspicua
3206 4532 3396 4588 ﬁerent
3423 4548 3485 4588 ac
3522 4598 3523 4601 η

1936 4621 2173 4690 patentia
2226 4620 2530 4690 legentibus
2580 4637 2699 4690 qua:
2747 4623 2890 4677 dicta
2942 4633 3096 4677 erant
3138 4632 3191 4680 et
3245 4626 3486 4694 scripta;

1930 4726 2124 4782 nempe
2147 4727 2211 4767 ea
2238 4729 2358 4783 qua:
2385 4728 2415 4767 a
2446 4713 2756 4785 Babyloniis
2792 4724 3051 4771 eventura
3076 4726 3253 4785 erant,
3294 4725 3411 4773 et-a
3430 4733 3487 4771 se

1930 4803 2158 4861 inferius
2181 4805 2428 4861 dicenda.
2462 4805 2598 4860 Tum
2621 4806 2771 4861 addit
2807 4825 2819 4860 :
2851 4827 2869 4859 ι
2905 4807 3040 4874 Quia
3064 4810 3239 4863 adhuc
3267 4810 3402 4863 visio
3434 4810 3487 4861 in

1930 4894 2147 4965 longum
2179 4903 2413 4966 tempus,
2434 4903 2489 4951 et
2527 4896 2733 4951 orietur
2760 4896 2814 4951 in
2847 4896 3028 4956 linem.
3061 4905 3113 4951 et
3146 4912 3253 4951 non
3300 4898 3354 4949 in
3392 4911 3487 4948 va-

1930 5000 2115 5041 cuum.
2166 5005 2186 5040 ι
2228 4985 2441 5041 Etenim
2490 5002 2609 5056 qua:
2658 4995 2877 5043 ostensa
2923 4995 3088 5061 sunt,
3119 4987 3262 5041 haud
3302 4987 3484 5042 statim

1931 5079 2133 5133 exitum
2186 5079 2483 5144 habebunt,
2516 5079 2611 5134 sed
2644 5089 2767 5149 post
2811 5079 3025 5148 aliquod
3078 5087 3310 5147 tempus,
3341 5077 3485 5147 quod

1932 5184 2076 5224 nunc
2103 5170 2254 5224 abest
2281 5211 2296 5235 ,
2329 5170 2425 5225 sed
2471 5178 2652 5225 tamen
2692 5171 2913 5224 omnino
2940 5170 3072 5231 erit,
3106 5184 3169 5223 ac
3200 5170 3361 5223 linem
3397 5185 3485 5223 ac-

1933 5260 2097 5329 cipiet
2133 5273 2282 5314 :non
2328 5260 2471 5315 enim
2508 5259 2622 5313 haec
2677 5260 2875 5314 frustra
2928 5259 3159 5313 revelata
3202 5268 3350 5324 sunt,
3390 5261 3485 5316 sed

1933 5364 2158 5417 prorsus
2189 5357 2249 5403 ut
2274 5360 2552 5405 eventura.
2600 5369 2619 5401 ι
2655 5349 2711 5403 Si
2748 5364 2951 5403 moram
2996 5348 3205 5410 fecerit,
3231 5361 3483 5421 exspecta

1941 5443 2112 5507 illum,
2153 5442 2280 5512 quia
2308 5443 2529 5499 veniens
2554 5444 2751 5504 veniet,
2773 5453 2826 5496 et
2850 5456 2957 5496 non
2986 5442 3243 5497 tardabit.
3272 5462 3287 5493 ι
3313 5443 3489 5508 Quare

1939 5536 2151 5589 etiamsi
2202 5535 2390 5589 dilatio
2438 5534 2573 5588 forte
2605 5534 2784 5603 aliqua
2828 5549 3013 5589 eorum
3062 5550 3179 5604 qua:
3234 5534 3489 5603 prmdicta

1939 5633 2085 5687 sunt,
2108 5626 2221 5679 ﬁeri
2252 5626 2541 5690 videbitur,
2557 5633 2870 5680 constanter
2901 5626 3111 5681 interim
3144 5634 3491 5696 exspectate;

1939 5714 2202 5784 siquidem
2257 5730 2376 5784 quae
2410 5715 2590 5769 futura
2637 5722 3008 5784 cventuraquc
3056 5716 3310 5785 praedicta
3344 5726 3489 5780 sunt,
