3992 6232
472 341 581 398 435

1613 339 1957 396 THEODORI
1994 338 2477 396 MOPSUESTENI

3587 331 3700 388 «ί»ὖῦ

474 474 559 521 ea,
597 455 840 524 inquam,
866 453 1116 508 evenient
1160 452 1397 522 ﬁentque
1456 468 1704 521 prorsus,
1735 471 1912 524 neque
1969 456 2024 508 in
2056 505 2059 513 ,

2161 457 2429 527 ιεμήνυται
2452 495 2465 517 ,
2494 454 2662 507 ταῦτα
2687 454 2749 525 δὴ
2783 454 2899 524 ἥξει
2930 471 2988 505 τε
3019 452 3111 507 xui.
3140 451 3426 522 γενήσεται
3454 449 3699 514 πάντως.

475 553 790 617 perpetuam
850 544 1164 599 dilationem
1208 546 1504 599 incurrent.
1549 563 1568 596 ι
1622 544 1679 599 Si
1715 560 1774 598 se
1826 544 2039 599 subtra-

476 636 639 696 xerit,
674 651 781 687 non
830 633 964 688 bene
1003 634 1235 702 placebit
1285 633 1478 686 animae
1511 648 1642 687 mea:
1682 633 1845 703 239
1877 650 2040 703 super

476 740 600 778 eum
633 742 647 789 ;
682 725 865 792 justus
897 735 1075 777 autem
1096 739 1161 777 ex
1193 723 1296 777 tide
1324 738 1440 777 mea
1473 723 1624 776 vivit.
1665 743 1684 774 ›
1728 724 1782 777 Si
1815 725 1937 793 quis
1972 725 2039 777 ad

485 815 644 869 tidem
696 814 892 873 futuris
919 815 1079 869 rebus
1110 813 1343 883 praedam
1393 814 1678 882 torpuerit,
1731 825 1781 868 et
1816 815 2041 884 ancipiti

489 906 670 957 animo
700 905 823 967 erit,
857 904 943 957 hic
989 904 1118 957 mihi
1158 905 1311 959 valde
1340 913 1423 959 est
1473 904 1683 958 invisus
1718 922 1728 955 :
1764 920 1863 974 ego
1896 906 2041 958 enim

484 996 691 1066 justum
721 997 868 1051 illum
902 1012 1023 1051 esse
1070 995 1287 1058 definio,
1321 998 1413 1067 qui
1438 998 1889 1067 promissionibus
1918 1013 2041 1052 cre-

488 1090 587 1154 dit,
610 1098 664 1142 et
690 1089 973 1144 utilitatem
1001 1105 1067 1142 ex
1094 1090 1176 1144 eis
1206 1089 1369 1158 capit.

557 1264 725 1319 Vens.
757 1267 811 1327 5,
842 1268 894 1320 6.
926 1294 993 1305 -ο
1025 1266 1119 1321 llis
1151 1269 1295 1322 circa
1330 1270 1716 1339 revelationem
1762 1270 1941 1335 dictis,
1970 1280 2045 1325 at-

483 1374 593 1429 que
615 1358 681 1411 ad
706 1358 1036 1412 credendum
1084 1360 1318 1414 ostensis
1366 1361 1634 1425 hortatus,
1674 1362 1925 1432 deinceps
1973 1364 2047 1417 vi-

487 1452 696 1504 sionem
733 1450 989 1504 evolvens
1018 1450 1093 1503 ait
1136 1468 1148 1503 :
1193 1469 1211 1501 ι
1254 1450 1345 1505 Vir
1375 1461 1555 1507 autem
1596 1454 2045 1523 praesumptiosus

476 1552 540 1611 et
570 1551 910 1610 contemptor
966 1549 1126 1609 atque
1168 1545 1435 1611 superbus
1483 1545 1615 1597 nihil
1681 1544 1936 1610 perducet
1980 1545 2044 1597 ad

491 1632 669 1686 linem.
710 1652 728 1682 ι
769 1632 945 1687 Probe
984 1648 1112 1701 ergo
1167 1637 1480 1702 cognoscite
1532 1636 1673 1688 hunc
1697 1635 1901 1689 hostem
1956 1650 2045 1689 ve-

487 1730 688 1787 strum,
714 1721 1067 1794 Babylonium
1108 1723 1421 1793 designans,
1454 1724 1740 1778 immodica
1795 1741 2048 1795 arrogan-

2138 546 2197 597 οὑ
2237 546 2341 615 μὴν
2368 547 2446 608 είς
2477 538 3383 612 ὑπέρθεσινέμπεσείταιπαντσλῆ.ι
3413 541 3539 595 Ἐὰν
3565 542 3701 593 ὑποο

2142 638 2409 708 στείληται
2430 678 2443 700 ,
2485 637 2585 690 οὐκ
2621 636 2828 689 εὑδοκεί
2867 637 2899 705 ὴ
2933 634 3077 704 ψυχή
3113 650 3214 703 μου
3250 633 3335 685 ἐπ’
3362 632 3511 702 αὑτῷ
3532 649 3544 661 ·
3580 634 3609 685 ὁ
3641 630 3727 684 δέ

2138 728 2339 790 δίκαιος
2392 729 2453 779 ἐκ
2502 726 2733 789 πίστεώς
2783 742 2882 796 μου
2906 724 3358 797 ζήσεται.»Ὦστε
3402 725 3451 774 εἰ
3491 722 3585 773 καί
3617 739 3701 784 τις

2140 820 2385 887 ὀκνήσειε
2420 819 2545 888 περὶ
2574 818 2670 886 τὴν
2704 817 2884 868 πίστιν
2925 815 3030 867 τῶν
3062 814 3332 884 ἐσομένων
3357 852 3372 876 ,
3404 814 3499 865 καὶ
3530 814 3700 882 ἀμφι·

2141 906 2345 958 ϐάλλων
2381 907 2427 957 εί
2460 906 2744 973 γενήσεται
2771 904 3015 967 πάντως,
3046 901 3248 971 σφόδρα
3280 918 3368 969 μοι
3396 900 3481 952 διὰ
3510 900 3702 969 μίσους

2141 998 2286 1051 ἐστὶν
2308 999 2336 1049 ό
2363 996 2598 1058 τοιοῦτος
2619 1011 2633 1025 ·
2671 994 2855 1065 ἐπειδὴ
2897 993 3100 1046 δίκαιον
3129 992 3307 1061 ἔγωγε
3340 989 3592 1061 ὁρίζομαι
3614 989 3705 1041 τὸν

2144 1085 2462 1139 πιστεύοντά
2486 1101 2545 1137 τε
2580 1086 2687 1145 τοῖς
2712 1082 3134 1153 ἐπηγγελμένοις
3157 1122 3170 1145 ,
3202 1080 3291 1133 καὶ
3317 1080 3413 1149 τὴν
3439 1078 3498 1141 ἐξ
3524 1076 3704 1131 αὑτῶν

2146 1176 2497 1247 κομιζόμενον
2521 1175 2806 1243 ὠφέλειαν.

2213 1267 2359 1336 Στίχ.
2400 1273 2461 1329 ε’,
2492 1273 2563 1330 ς’.
2602 1295 2673 1305 --
2704 1265 2885 1318 Ταῦτα
2917 1265 3042 1335 περὶ
3077 1263 3177 1332 τῆς
3206 1260 3597 1328 ἀποκαλύψεως
3628 1260 3710 1311 εί-

2148 1357 2349 1430 ρηκὼς,
2394 1359 2487 1411 xui.
2515 1356 2952 1429 προτρεψάμενος
2984 1354 3259 1408 πιστεύειν
3289 1355 3397 1415 τοῖς
3423 1351 3709 1419 δεικνυμιί⁹

2146 1467 2275 1512 νοις,
2320 1449 2503 1501 λοιπὸν
2537 1448 2755 1516 ἐπάγων
2800 1448 2867 1500 τὰ
2909 1447 3004 1517 τῆς
3054 1446 3291 1516 ὁράσεως
3333 1441 3473 1495 οὕτω
3505 1441 3703 1509 φησίν’

2150 1558 2167 1589 ι
2219 1540 2275 1592 Ὀ
2305 1539 2361 1592 δέ
2393 1538 2733 1607 κατοιόμενος
2765 1540 2859 1591 xui.
2881 1535 3289 1607 καταφρονητὴς
3320 1535 3456 1604 ἀνὴρ
3491 1530 3709 1594 ἀλαζὼν

2146 1629 2298 1681 οὐθὲν
2345 1629 2405 1681 οὑ
2436 1628 2510 1698 μὴ
2558 1629 2782 1700 περάνῃ.
2823 1646 2841 1679 ι
2874 1623 2947 1680 Εὖ
2984 1626 3093 1679 ῐστε
3121 1625 3317 1686 τοίνυν,
3358 1624 3543 1693 φησὶν,
3585 1638 3709 1674 του-

2145 1720 2257 1772 τονὶ
2283 1719 2371 1773 τὸν
2401 1720 2649 1788 πολέμιον
2677 1720 2766 1772 τὸν
2797 1719 3056 1789 ὑμέτερον
3080 1735 3093 1749 ο
3126 1717 3271 1784 λέγει
3317 1716 3372 1767 δέ
3406 1715 3497 1767 τὸν
3530 1712 3709 1766 Βαϐυ-

489 1813 564 1865 tia
592 1812 816 1874 elatum,
853 1814 1158 1881 divinaeque
1187 1813 1458 1880 patientia:
1502 1820 1951 1881 contemptorem,
1993 1822 2045 1867 et

2161 1808 2357 1873 λώνιον,
2394 1810 2468 1879 (p.
2504 1810 2628 1878 565)
2670 1810 2759 1862 τὸν
2791 1810 3011 1880 ἀμέτρῳ
3055 1808 3134 1879 τῷ
3170 1810 3393 1878 οίήματι
3431 1805 3709 1877 κεχρημέ⁴

488 1902 716 1954 aliorum
757 1902 1151 1955 calamitatibus
1182 1902 1560 1965 exsultantem,
1600 1902 1766 1964 hunc,
1803 1900 2043 1969 inquam,

488 1991 876 2045 dominationis
913 2006 1025 2045 suae
1063 1991 1335 2061 negotium
1382 1991 1522 2044 felici
1557 1992 1705 2045 exitu
1755 2007 1862 2045 non
1917 2007 2048 2045 con-

489 2085 793 2145 clusuvum,
820 2083 911 2136 sed
943 2084 1238 2137 terribilem
1271 2082 1559 2150 quamdam
1591 2099 1618 2133 a
1651 2082 1832 2135 divina
1859 2084 2038 2138 vindi-

490 2182 576 2225 cta
606 2174 1015 2228 conversionem
1045 2181 1417 2242 experturum.
1450 2193 1466 2223 ι
1490 2172 1590 2237 Qui
1626 2172 1871 2227 dilatavit
1905 2174 2047 2227 sicut

490 2263 740 2319 infernus
788 2265 1024 2319 animam
1075 2279 1253 2329 suam,
1282 2273 1336 2318 et
1360 2267 1551 2318 mortis
1583 2265 1758 2318 instar
1783 2275 1867 2318 est
1903 2265 2045 2319 insa-

492 2354 736 2418 tiabilis;
768 2354 862 2423 qui
904 2354 1165 2409 adunabit
1211 2354 1317 2409 sibi
1378 2369 1565 2409 omnes
1597 2364 1804 2424 gentes,
1835 2365 1887 2408 et
1915 2371 2050 2409 cun-

491 2449 612 2496 ctos
641 2442 867 2512 populos
913 2442 977 2496 ad
1015 2458 1074 2496 se
1109 2443 1354 2511 recipiet.
1401 2463 1418 2493 ι
1453 2442 1553 2507 Qui
1601 2443 1754 2512 quasi
1806 2444 2050 2497 infernus

494 2550 523 2585 a
549 2538 754 2589 lversus
792 2549 980 2589 omnes
1009 2534 1115 2586 vim
1150 2549 1302 2587 suam
1341 2535 1614 2597 extendit,
1650 2536 1847 2603 passim
1883 2535 2050 2587 inter-

495 2625 681 2678 ficiens
700 2665 714 2686 ,
738 2633 792 2677 et
838 2626 1032 2679 mortis
1065 2626 1304 2679 imitator
1328 2627 1529 2679 nullam
1562 2627 1864 2681 occisorum
1891 2626 2053 2680 satie-

496 2725 665 2769 tatem
697 2718 858 2784 cepit,
892 2716 1174 2784 captivans
1222 2716 1505 2782 plurimos,
1536 2723 1590 2771 et
1631 2717 1829 2785 ubique
1866 2733 2052 2773 omnes

495 2805 599 2859 sub
654 2820 807 2857 suam
864 2812 1185 2873 potestatem
1224 2807 1494 2874 redigens,
1520 2806 1607 2861 hic
1650 2805 2049 2861 formidabilem

497 2896 783 2964 quamdam
831 2896 926 2948 abs
964 2894 1146 2948 divina
1205 2895 1284 2948 ira
1343 2897 1747 2951 subversionem
1800 2900 2050 2966 patietur.

503 3007 523 3039 ι
556 2986 745 3040 Nonne
773 2987 888 3040 hzec
932 2987 1116 3040 omnia
1152 2987 1459 3052 parabolam
1510 2987 1772 3043 adversus
1800 3004 1922 3042 eum
1963 3005 2055 3042 su-

496 3085 668 3142 ment,
700 3086 754 3131 et
793 3078 1066 3146 problema
1097 3078 1163 3131 de
1195 3079 1310 3145 ipso
1354 3079 1657 3132 narrabunt
1684 3079 2049 3149 ?dicentque:

2154 1919 2242 1954 νον
2279 1901 2372 1953 xui.
2409 1900 2846 1972 καταφρονοῦντα
2877 1901 2977 1969 τῆς
3021 1899 3366 1963 ἀνεξικακίας
3401 1899 3498 1967 τῆς
3541 1896 3709 1961 θείας,

2153 1993 2245 2046 καὶ
2273 1994 2329 2045 ἐν
2355 1995 2472 2055 ταῖς
2501 1993 2699 2061 ἐτέρων
2725 1991 3178 2062 άλαζονευόμενον
3209 1990 3589 2061 δυσπραγίαις,
3613 1989 3712 2041 οὐκ

2152 2085 2231 2146 είς
2264 2083 2435 2154 πέρας
2487 2082 2583 2152 μὲν
2627 2078 2717 2135 οὖν
2756 2082 2824 2135 τὰ
2868 2083 2959 2135 ἐπὶ
3007 2083 3104 2151 τῆς
3139 2082 3327 2134 ἑαυτοῦ
3373 2081 3709 2142 δυναστείας,

2154 2173 2387 2243 φοϐερὰν
2427 2174 2485 2226 δέ
2517 2191 2639 2227 τινα
2680 2176 2746 2244 τῇ
2790 2174 2984 2244 ἀπειλῇ
3013 2176 3079 2243 τῇ
3118 2173 3236 2243 θείᾳ
3273 2172 3370 2243 τὴν
3414 2170 3717 2242 μεταϐολὴν

2154 2264 2543 2335 ὑπομενοῦντα.
2597 2283 2617 2316 ι
2683 2266 2777 2328 Ὃς
2825 2264 3088 2319 ἐπλάτυνε
3141 2263 3319 2327 καθὼς
3355 2266 3384 2316 δ
3432 2263 3567 2333 ᾅδης
3617 2261 3716 2331 τὴν

2152 2356 2327 2426 ψυχὴν
2357 2354 2540 2419 αὑτοῦ,
2574 2356 2666 2409 xui
2707 2356 2866 2418 αὐτὸς
2894 2355 2968 2418 ὡς
2996 2355 3220 2418 Θάνατος
3244 2356 3342 2408 οὑκ
3389 2352 3713 2424 ἐμπιμπλάυ

2159 2462 2316 2515 μενος
2337 2460 2352 2476 ο
2398 2445 2493 2497 καὶ
2540 2444 2849 2510 ἐπισυνάξει
2878 2445 3013 2514 πρὸς
3046 2444 3207 2497 αὑτὸν
3255 2444 3430 2496 πάντα
3465 2441 3536 2493 τὰ
3563 2440 3713 2511 ἔθνη,

2156 2537 2249 2589 καὶ
2285 2533 2555 2600 ἐκδέξεται
2599 2537 2735 2607 πρὸς
2776 2537 2935 2589 αὑτὸν
2968 2538 3171 2598 πάντας
3198 2537 3322 2598 τοὺς
3362 2534 3543 2596 λαούς.
3583 2552 3603 2585 ι
3658 2534 3721 2585 '0

2158 2626 2262 2698 γὰρ
2294 2626 2444 2697 δίκην
2476 2626 2601 2697 ᾅδου
2634 2626 2775 2679 κατὰ
2822 2628 3036 2681 πάντων
3082 2625 3326 2688 ἐκτείνας
3359 2625 3573 2690 ἑαυτὸν,
3621 2624 3719 2676 καὶ

2160 2723 2361 2783 πάντας
2398 2721 2493 2791 μὲν
2527 2720 2785 2792 ἀναιρῶν,
2828 2721 2965 2773 κατὰ
2997 2719 3227 2790 μίμησιν
3267 2720 3324 2772 δέ
3365 2718 3592 2772 θανάτου
3621 2716 3716 2768 κό-

2162 2829 2253 2883 ρον
2298 2811 2406 2863 τῶν
2462 2812 2864 2882 ἀναιρουμένων
2912 2812 3009 2863 οὑκ
3057 2810 3213 2879 ἔχων,
3261 2807 3609 2879 χειρούμενός
3658 2823 3717 2859 τε

2160 2903 2458 2966 πλείστους,
2482 2906 2575 2955 xui.
2599 2904 2724 2965 τοὺς
2745 2903 3074 2972 πανταχόθεν
3099 2902 3203 2954 ὑπὸ
3222 2900 3319 2971 τὴν
3342 2900 3546 2953 οἰκείαν
3566 2899 3719 2967 ἄγων

2162 2993 2423 3059 ἐξουσίαν,
2455 2994 2581 3061 φοϐε
2593 2995 2688 3063 ράν
2717 3010 2838 3046 τινα
2859 2995 2959 3064 τὴν
2986 2992 3285 3062 μεταϐολὴν
3307 2991 3393 3044 διὰ
3420 2991 3519 3059 τῆς
3544 2989 3721 3060 ὀργῆς

2161 3087 2417 3155 ὑπομενεῖ
2437 3087 2533 3154 τῆς
2565 3086 2731 3149 θείας.
2770 3105 2789 3137 ι
2832 3087 2963 3156 Οὐχὶ
2989 3087 3163 3139 ταῦτα
3197 3084 3373 3136 πάντα
3404 3080 3721 3151 παραϐολὴν

498 3168 593 3222 Vae
618 3169 712 3239 qui
740 3169 843 3223 sibi
872 3184 979 3223 non
1016 3185 1113 3224 sua
1145 3170 1465 3239 multiplicat
1493 3172 1506 3223 !
1542 3170 1833 3241 Quousque
1860 3148 2059 3226 collare

2161 3148 2280 3229 xuc;
2301 3177 2461 3229 αὑτοῦ
2490 3148 2763 3248 λήψονται,
2805 3148 3215 3248 καὶιπρόϐλημα
3245 3176 3322 3237 είς
3351 3148 3596 3244 διήγησιν
3622 3148 3723 3223 αύ-

502 3277 661 3315 suum
720 3261 1031 3331 aggnvahit
1085 3260 1487 3316 vehementer?
1541 3282 1559 3313 ι
1627 3264 1820 3318 Cuncti
1880 3275 2062 3333 postea

500 3358 769 3421 quotquot
794 3351 993 3419 ubique
1028 3360 1193 3414 sunt,
1228 3367 1407 3405 rerum
1453 3354 1577 3419 ejus
1609 3353 1962 3408 conversione
1993 3362 2068 3405 at-

501 3442 660 3496 toniti
688 3483 701 3507 ,
735 3450 991 3511 tanquam
1033 3444 1087 3496 in
1137 3443 1410 3511 parabola,
1443 3443 1623 3498 dicent
1672 3442 2067 3509 :‘Miserrimtts

505 3535 597 3587 ille
622 3536 863 3588 omnium
890 3535 982 3603 qui
1015 3534 1205 3588 aliena:
1243 3534 1318 3587 rei
1348 3534 1534 3602 rapina
1564 3550 1693 3589 suas
1725 3550 1854 3604 opes
1885 3546 2063 3605 auget,

506 3624 599 3692 qui
630 3626 811 3695 gravis
839 3624 1073 3679 subditis
1112 3624 1171 3677 tit
1195 3624 1265 3677 ob
1295 3639 1407 3677 sum
1447 3625 1704 3678 suavitatis
1734 3624 1943 3692 pondus
1976 3626 2065 3677 :id

506 3715 651 3768 enim
694 3716 964 3786 significat
1002 3715 1203 3773 dictio.
1247 3714 1443 3768 collare
1497 3731 1648 3767 suum
1701 3716 1925 3783 graviter
1973 3733 2065 3785 ag-

507 3822 751 3875 gravans.
790 3806 1039 3860 Profecto
1082 3806 1221 3859 lmud
1275 3806 1471 3875 poterit
1525 3806 1590 3857 ad
1651 3816 1947 3860 extremum
1976 3824 2066 3860 us-

509 3912 614 3965 que
669 3898 779 3950 haec
832 3890 990 3967 agere
1030 3917 1041 3949 :
1082 3911 1314 3965 namque
1364 3896 1415 3949 id
1468 3896 1754 3949 denotatur
1805 3898 2067 3950 vocabulo

509 4004 809 4056 quousque,
885 3990 1031 4060 quod
1096 3990 1149 4043 in
1209 3993 1386 4047 medio
1474 3986 1637 4057 240
1684 3989 1947 4055 pOSituIn.
2000 3989 2066 4042 ad

511 4078 691 4131 omnia
720 4076 953 4130 refertur
986 4096 999 4130 :
1025 4076 1180 4145 quasi
1202 4076 1415 4130 dicatur
1447 4094 1459 4127 :
1489 4074 1639 4128 Haud
1671 4075 1724 4127 in
1753 4086 2067 4145 perpetuum

511 4171 617 4224 hoc
650 4176 793 4224 statu
822 4169 926 4222 erit
948 4207 963 4230 ,
996 4166 1091 4221 sed
1126 4166 1535 4222 conversionem
1587 4182 1673 4220 res
1722 4166 1840 4234 ejus
1870 4170 2072 4235 patien-

511 4268 623 4325 tur,
656 4267 871 4330 propter
901 4258 1242 4327 inﬂigendam
1284 4258 1384 4326 ipsi
1414 4273 1443 4309 a
1477 4256 1586 4309 Dco
1630 4273 1866 4326 pmnam.

2160 3269 2285 3330 τοῦ;
2328 3270 2421 3321 καὶ
2455 3268 2686 3339 ἐροῦσιν.
2732 3270 2868 3322 Οὐαὶ
2905 3270 2933 3321 ὁ
2971 3268 3255 3337 πληθύνων
3300 3264 3476 3333 ἐαυτῷ
3511 3262 3578 3315 τὰ
3618 3262 3721 3314 οὒκ

2159 3360 2287 3411 ὅντα
2322 3356 2485 3409 αὑτοῦ
2511 3356 2642 3421 ίέως
2667 3358 2807 3420 τίνος
2837 3358 2930 3410 καὶ
2963 3356 3207 3427 βαρύνων
3234 3355 3325 3407 τὸν
3350 3352 3525 3407 κλοιὸν
3553 3349 3721 3404 αὐτοῦ

2164 3447 2430 3517 στιϐαρῶς
2456 3458 2472 3501 ς
2503 3467 2522 3499 ι
2581 3450 2852 3509 ’Ἅπαντες
2892 3447 2955 3516 δὴ
3004 3445 3188 3498 λοιπὸν
3222 3447 3269 3497 οἱ
3310 3441 3583 3511 πανταχοῦ
3619 3441 3727 3511 τὴν

2166 3542 2283 3592 κατ’
2325 3539 2483 3591 αὑτὸν
2523 3539 2818 3609 μεταϐολὴν
2867 3539 3284 3608 ἐκπληττόμενοι
3336 3535 3410 3597 ὡς
3446 3537 3504 3586 ἐν
3540 3550 3727 3603 παρα-

2162 3629 2313 3700 ϐολῇ,
2356 3631 2553 3693 πάντες
2604 3630 2856 3701 ἐροῦσινο
2913 3629 3302 3701 Ἐλεεινότατος
3342 3626 3404 3696 δὴ
3438 3625 3653 3678 πάντων
3694 3626 3727 3676 ὁ

2162 3723 2228 3775 τὰ
2285 3723 2485 3793 ἐτέρων
2544 3721 2959 3793 ἀφαιρούμενος,
3015 3722 3108 3774 xui.
3154 3706 3244 3772 τὸν
3292 3721 3487 3787 οἰκεῖον
3540 3714 3724 3780 utiva

2164 3813 2409 3877 πλοῦτον,
2456 3816 2483 3866 ὁ
2527 3814 2693 3883 βαρὺς
2734 3816 2845 3875 τοῖς
2872 3813 3130 3878 ὑπηκόοις
3166 3811 3251 3864 διὰ
3293 3810 3390 3880 τὴν
3419 3806 3727 3877 ὑπερϐολὴν

2162 3905 2258 3975 τῆς
2298 3906 2605 3974 ὠμότητος·
2651 3905 2805 3957 τοῦτο
2835 3905 2942 3975 γὰρ
2966 3904 3111 3972 λέγει
3167 3902 3248 3964 τὸ,
3288 3921 3305 3952 ι
3349 3899 3592 3971 βαρύνων
3634 3897 3730 3950 τὸν

2170 3993 2345 4046 κλοιὸν
2378 3993 2543 4046 αὐτοῦ
2589 3992 2888 4063 στιϐαρῶς’
2931 4012 2949 4045 ι
2999 3993 3061 4045 οὑ
3106 3992 3214 4061 γὰρ
3252 3992 3331 4052 εἰς
3362 3988 3424 4041 τὸ
3465 3984 3729 4047 παντελὲς⁵

2168 4085 2455 4153 δυνήσεται
2503 4084 2570 4138 τὰ
2605 4084 2828 4137 τοιαῦτα
2875 4086 3082 4137 ποιεῖν·
3132 4082 3290 4135 τοῦτο
3333 4080 3441 4149 γὰρ
3472 4078 3617 4145 λέγει
3643 4074 3731 4136 τὸν

2175 4192 2194 4224 ι
2233 4174 2337 4238 ἐως
2361 4176 2523 4239 τίνος,
2558 4180 2611 4232 »ὃ
2646 4175 2733 4228 διὰ
2787 4176 2951 4244 μέσου
3001 4174 3271 4245 κείμενον.
3309 4173 3385 4241 (p.
3422 4168 3546 4239 366)
3589 4166 3732 4237 πρὸς

2170 4265 2389 4322 ἅπαντα
2419 4268 2750 4327 ἀποδέδοται,
2783 4269 2868 4320 ἵνα
2901 4267 3049 4339 εἴπῃ,
3075 4268 3156 4320 ὅτι
3185 4262 3297 4315 Οὐκ
3322 4264 3399 4325 είς
3429 4262 3489 4314 τὸ
3531 4275 3733 4312 παντε-

510 4349 601 4411 λὲς
633 4350 915 4419 γενήσεται
962 4346 1220 4410 τοιοῦτος,
1275 4346 1570 4416 μεταϐολὴν
1615 4347 1719 4399 τῶν
1768 4350 1884 4400 κατ’
1919 4350 2080 4404 αὑτὸν
2109 4352 2427 4427 δεξομένων,
2457 4359 2546 4411 διὰ
2579 4359 2676 4430 τὴν
2708 4357 3050 4428 ἐπαγομένην
3091 4353 3237 4426 αὑτῷ
3278 4344 3425 4423 παρὰ
3462 4351 3555 4404 τοῦ
3592 4349 3736 4403 Θεοῦ

512 4442 801 4511 τιμωρίαν.

587 4526 751 4582 Vens.
795 4528 945 4581 7-10.
980 4557 1047 4564 ——
1074 4525 1276 4581 Deinde
1318 4528 1548 4594 qualiter
1582 4528 1961 4597 quomodoqne
2010 4545 2059 4583 et

2247 4534 2391 4604 Στίχ.
2422 4535 2545 4597 ζ’-ι’.
2589 4564 2657 4572 —
2687 4529 2819 4585 Εἶτα
2867 4532 2982 4594 πῶς
3023 4531 3117 4584 καί
3152 4530 3270 4581 τίνα
3303 4528 3393 4580 τὸν
3420 4527 3617 4598 τρόπον
3642 4527 3701 4578 λέ
3720 4559 3739 4569 -

517 4619 644 4673 ﬁent
666 4619 835 4673 dicit:
876 4637 892 4668 t
920 4619 1061 4683 Quia
1099 4618 1281 4672 subito
1314 4629 1641 4686 consurgent
1665 4620 1754 4686 qui
1793 4620 2073 4674 mordeant

515 4725 661 4771 eum,
695 4715 749 4762 et
781 4707 1087 4777 vigilabunt
1121 4708 1466 4761 insidiatores
1511 4708 1609 4767 tui,
1654 4718 1705 4761 et
1737 4711 1849 4764 eris
1897 4716 1951 4765 in
1986 4727 2074 4765 ra-

516 4800 697 4868 pinam
738 4798 838 4852 eis.
885 4816 903 4849 »
941 4796 1229 4868 Emergent
1283 4808 1478 4867 praeter
1534 4815 1749 4854 omnem
1805 4816 2077 4871 exspecta-

516 4892 719 4946 tionem
753 4890 962 4955 hostes,
990 4889 1203 4943 damnis
1235 4891 1343 4944 tuis
1370 4891 1583 4952 intenti,
1610 4892 1752 4944 bona
1781 4899 1870 4945 tua
1896 4896 2075 4947 omnia

516 4982 860 5051 diripientcs.
912 5000 931 5033 ι
998 4980 1133 5045 Quia
1185 4990 1243 5033 tu
1301 4981 1548 5049 spoliasti
1600 4991 1788 5053 gentes
1855 4987 2074 5051 multas,

517 5074 828 5141 spoliabunt
867 5082 919 5126 te
962 5087 1153 5125 omnes
1197 5071 1394 5140 reliqui
1430 5076 1634 5143 populi,
1682 5084 1901 5145 propter
1947 5093 2076 5131 san-

516 5163 733 5229 guinem
768 5163 1071 5224 hominum,
1096 5171 1149 5215 et
1197 5163 1528 5230 impietatem
1576 5166 1811 5235 regionis
1841 5183 1905 5222 ac
1949 5170 2082 5223 civi-

521 5254 672 5315 tatis,
704 5263 757 5307 ct
778 5267 1099 5309 cunctorum
1144 5254 1445 5308 incolarum
1480 5255 1616 5323 ejus.
1663 5276 1680 5306 ι
1718 5257 2080 5322 Quemadmo-

516 5345 647 5396 dum
682 5344 795 5412 ipse
826 5345 1024 5413 impetu
1056 5345 1198 5400 facto
1235 5346 1409 5399 aliena
1448 5347 1694 5415 rapuisti,
1730 5348 1802 5399 ita
1841 5348 2079 5403 vicissim

518 5443 609 5491 tua
635 5434 957 5503 diripientur
984 5436 1051 5490 ab
1085 5438 1150 5492 iis
1175 5437 1268 5505 qui
1314 5437 1573 5505 puniendi
1604 5440 1680 5490 tui
1716 5452 1881 5494 causa
1908 5440 2080 5493 relicti

519 5535 648 5578 sunt
681 5570 689 5578 .
720 5525 845 5594 quia
890 5537 946 5577 tu
997 5542 1191 5596 nempe
1234 5529 1496 5597 plurimos
1530 5527 1618 5582 Dei
1653 5529 1886 5586 famulos
1921 5532 2082 5586 inter-

522 5612 726 5675 fecisti,
768 5623 821 5667 et
850 5616 1112 5670 adversus
1140 5616 1233 5671 Dei
1258 5621 1534 5688 regionem
1579 5634 1641 5674 ac
1672 5622 1944 5676 civitatem
1981 5622 2082 5674 im-

525 5704 611 5775 pie
634 5705 818 5776 cgisti,
852 5716 1042 5760 contra
1065 5721 1251 5763 omnes
1280 5710 1512 5780 denique
1536 5710 1680 5765 illius
1709 5710 1939 5775 incolas,
1959 5711 2080 5766 Hie-

2172 4645 2301 4696 γων,
2344 4646 2362 4677 ι
2404 4628 2524 4680 ’Ότι
2553 4626 2807 4695 ἐξαίφνης
2839 4624 3285 4692 ἐξαναστήσονται
3316 4619 3599 4679 δάκνοντες
3632 4618 3741 4669 αὑ-

2171 4720 2281 4784 τὸν,
2318 4720 2412 4772 καὶ
2440 4718 2761 4788 ἐκνήψουσιν
2786 4718 2835 4769 oi
2863 4714 3132 4768 ἐπίϐουλοί
3161 4731 3277 4776 σου,
3302 4712 3396 4764 καὶ
3425 4711 3521 4780 ἔσῃ
3550 4711 3743 4772 αὐτοῖς

2173 4813 2250 4873 εἰς
2294 4810 2619 4880 διαρπαγήν.
2647 4809 3142 4875 »Ἃναφανήσονται
3186 4803 3295 4873 γὰρ
3348 4800 3498 4871 παρὰ
3545 4802 3738 4852 πᾶσαν

2174 4900 2364 4952 ἐλπίδα
2404 4898 2671 4967 πολέμιοι,
2720 4898 2868 4965 λέγει
2908 4896 2963 4949 δέ
3004 4896 3129 4956 τοὺς
3176 4894 3410 4964 Πέρσας,
3449 4891 3498 4942 οἳ
3538 4889 3741 4960 ὥσπερ

2175 4993 2412 5061 δήγμασι
2438 4993 2555 5052 ταῖς
2592 4990 2799 5058 ἐφόδοις
2839 4990 2956 5049 ταῖς
2993 4987 3217 5047 οἰκείαις
3253 4981 3607 5037 ὃιασπάσουσί
3643 4997 3744 5032 σου

2177 5082 2275 5151 τὴν
2296 5081 2521 5150 δύναμιν
2551 5086 2641 5133 xui.
2670 5080 2767 5150 τὴν
2793 5078 3059 5145 ἐξουσίαν,
3098 5076 3232 5147 μετὰ
3275 5074 3472 5141 πολλῆς
3505 5073 3601 5141 μὲν
3639 5072 3747 5139 τῆς

2178 5173 2489 5244 ἐπιμελείας
2538 5173 2606 5226 τὰ
2658 5172 2791 5244 πρὸς
2847 5169 3047 5240 βλάϐην
3099 5167 3195 5237 σὴν
3239 5164 3629 5236 ἐργαζόμενοι⁸
3669 5161 3745 5213 δι’

2178 5265 2430 5335 ἁρπαγῆς
2457 5263 2512 5315 δὲ
2543 5262 2636 5315 xui.
2672 5262 2739 5314 τά
2779 5278 2859 5312 σοι
2909 5257 3175 5329 προσόντα
3218 5254 3492 5322 τιθέμενοι
3538 5249 3741 5302 πάντα.

2183 5375 2201 5407 ι
2250 5356 2391 5407 Διότι
2432 5354 2496 5406 σὺ
2535 5351 2861 5412 ἐσκύλευσας
2906 5349 3031 5419 ἔθνη
3078 5345 3265 5407 πολλὰ,
3300 5338 3652 5396 σκυλεύσουσί
3677 5356 3745 5391 σε

2179 5447 2375 5508 πάντες
2413 5447 2462 5498 οἱ
2510 5440 2955 5511 ὑπολελειμμένοι
3006 5439 3123 5492 λαοὶ
3158 5438 3225 5490 δι’
3276 5436 3485 5503 αἵματα
3528 5429 3749 5501 ἀνθρὼ-

2178 5553 2315 5599 πων,
2350 5534 2443 5586 καὶ
2471 5532 2723 5594 ἀσεϐείας
2744 5531 2844 5599 γῆς
2881 5529 2973 5580 xui
3011 5528 3218 5587 πόλεως
3256 5525 3352 5577 καὶ
3390 5523 3608 5575 πάντων
3632 5518 3749 5572 τῶν

2178 5626 2570 5681 κατοικούντων
2619 5625 2807 5693 αὑτήν.
2854 5640 2872 5671 ι
2915 5622 3121 5690 Ὂνπερ
3171 5617 3281 5686 γὰρ
3325 5616 3527 5685 τρόπον
3577 5612 3748 5673 αὐτὸς

2180 5714 2346 5770 ἐπιὼν
2376 5716 2583 5785 ἁφῄρου
2612 5715 2680 5766 τὰ
2709 5712 2929 5783 ἐτέρων,
2954 5710 3045 5766 τὸν
3071 5710 3231 5763 αὑτὸν
3253 5707 3321 5779 δὴ
3348 5703 3548 5775 τρόπον
3576 5702 3749 5771 tique-
