4054 6238
280 325 377 382 η’]

1252 326 1795 382 COMMENTARIUS
1831 327 1895 381 IN
1936 327 2276 384 IIABACUCI
2310 328 2461 382 CAP.
2497 326 2559 383 11.

3398 328 3508 385 ιδε

282 443 562 513 ρεθήσεται
597 443 692 494 καὶ
732 442 799 495 τά
831 459 909 495 σοι
944 443 1207 512 προσόντα
1236 442 1383 512 παρά
1422 443 1526 494 τῶν
1556 443 1632 502 εἰς
1663 458 1835 511 τιμω-

1966 443 2179 495 νυεειιοω
2234 442 2473 507 scilicet,
2502 451 2553 497 et
2591 441 2851 511 quidquid
2908 440 2975 494 ad
3025 455 3144 496 eam
3181 442 3506 511 pertinebat.

283 537 401 606 ρίαν
460 534 556 605 σὴν
615 534 1150 605 καταλελειμμένων·
1211 534 1349 605 ὑπὲρ
1398 528 1470 588 ὧν
1528 532 1733 594 ἀνεῖλές
1779 548 1837 583 τε

278 627 562 686 πλείστους
595 626 701 679 τῶν
730 626 809 696 τῷ
839 626 955 694 Θεῴ
1001 627 1399 696 προσηκόντων,
1430 626 1523 678 καὶ
1566 623 1840 693 ἠσέϐησας

282 719 362 780 εἰς
390 736 447 770 τε
469 717 565 787 τὴν
592 717 696 785 γῆν
723 717 820 787 τὴν
864 718 1010 770 θείαν
1040 718 1133 770 καὶ
1161 718 1259 788 τὴν
1306 718 1477 781 πόλιν,
1510 719 1600 769 καί¹
1634 717 1841 779 πάντας

281 808 346 877 δὴ
394 808 516 870 τοὺς
558 808 839 870 οἰκοῦντας
868 808 1053 877 αὐτὴν,
1085 807 1231 875 λέγει
1269 808 1324 859 δὲ
1362 807 1486 878 περί
1519 825 1579 859 τε
1606 808 1705 877 τῆς
1744 808 1839 859 Ἱε-

292 898 567 967 ρουσαλὴμ
598 896 827 949 καὶτῶν
856 897 973 949 κατ’
1006 896 1172 963 αὐτὴν
1211 896 1481 948 ἁπάντων.
1513 892 1625 948 Εἶθ’
1661 896 1735 958 ὡς
1776 895 1841 948 ἂν

239 993 243 1055 Ϊ
288 988 631 1058 ἐπεμϐαίνων
659 988 807 1057 αὐτῷ
831 987 1051 1051 δικαίως
1093 986 1379 1039 πεπονθότι
1424 988 1662 1051 τοιαῦτα,
1695 987 1843 1053 λέγει

288 1079 384 1141 τάς
411 1078 754 1148 παρανομίας
786 1076 925 1147 ὑπὲρ
953 1070 1027 1129 ὧν
1056 1076 1152 1145 τὴν
1186 1075 1437 1145 τοιαύτην
1482 1075 1722 1129 δέδεκται
1761 1094 1843 1127 τι·

293 1168 500 1239 μωρίαν
519 1184 531 1196 ⁸
559 1186 578 1218 ‹
594 1168 656 1219 Ὢ
679 1168 708 1219 ὁ
734 1166 1069 1219 πλεονεκτῶν
1092 1165 1398 1230 πλεονεξίαν
1424 1166 1595 1237 κακὴν
1615 1167 1691 1237 τῷ
1714 1166 1846 1237 οἴκῳ

289 1260 472 1323 αὑτοῦ,
506 1260 584 1330 (p.
614 1258 740 1330 56⁸7)
782 1258 939 1322 τάξαι
970 1259 1049 1321 είς
1090 1257 1221 1327 ὕψος
1263 1258 1479 1312 νοσσιὰν
1524 1258 1709 1322 αὑτοῦ,
1752 1257 1845 1311 τοῦ

290 1349 662 1419 ὲκσπασθῆναι
692 1351 757 1402 ἐκ
786 1350 964 1419 χειρὸς
992 1350 1213 1404 κακῶνῐ
1248 1348 1550 1402 ἐϐουλεύσω
1588 1350 1847 1420 αἰσχύνην

292 1441 368 1511 τῷ
394 1444 527 1512 οῐκῳ
562 1460 657 1495 σου
685 1483 700 1506 ,
742 1444 1113 1515 συνεπέρανας
1143 1444 1302 1507 λαοὺς
1332 1438 1584 1508 πολλοὺς,
1633 1445 1724 1497 καὶ
1765 1445 1851 1511 ἐξ·

295 1534 534 1604 ήμαρτεν
556 1536 589 1604 ή
620 1533 765 1605 ψυχή
795 1551 911 1586 σου.
933 1552 952 1585 ι
982 1534 1151 1597 Αὐτὸς
1172 1530 1333 1604 ἦσθα,
1367 1536 1550 1604 φησὶν,
1574 1536 1602 1587 ό
1630 1536 1852 1606 ἀμέτρῳ

300 1624 630 1693 κεχρημένος
652 1627 719 1694 τῇ
754 1624 1032 1695 πλεονεξίᾳ
1061 1625 1151 1677 ἐπὶ
1182 1624 1260 1695 τῷ
1283 1625 1373 1677 τὸν
1402 1626 1630 1679 πλοῦτον
1670 1626 1851 1691 αὔξειν

301 1713 389 1765 τὸν
410 1714 605 1765 οίκείον
637 1715 702 1767 ἐκ
730 1713 838 1766 τῶν
878 1714 1166 1785 ἀλλοτρίων
1191 1715 1396 1778 κακῶν,
1432 1716 1640 1786 ὑψηλήν
1666 1734 1723 1771 τε
1754 1718 1853 1785 τῆς

1951 533 2211 588 Posthinc
2240 535 2397 603 quasi
2431 535 2479 589 ei
2506 534 2653 603 juste
2698 535 2967 590 insultans
3000 535 3128 588 talia
3158 550 3341 604 passo,
3393 552 3512 590 sco--

1951 626 2059 677 lera
2086 626 2297 689 recitat,
2328 641 2558 695 quorum
2594 641 2758 679 causa
2802 641 3017 695 pmnam
3048 625 3361 694 bujusmodi
3391 626 3508 678 luit.

1953 738 1970 768 ‹
2011 716 2055 770 Ο
2098 718 2188 785 qui
2228 718 2451 784 ampliat
2498 718 2775 770 avaritiam
2822 717 3016 770 malam
3057 716 3241 771 domui
3289 733 3419 782 suae,
3456 726 3512 769 ut

1950 815 2115 876 ponat
2143 806 2196 858 in
2224 806 2444 860 'excelso
2473 806 2659 859 nidum
2692 822 2872 868 suum,
2904 815 2963 860 ut
2992 815 3216 860 eruatur
3243 806 3309 860 de
3346 821 3511 859 manu

1951 900 2215 951 malorum
2246 898 2257 949 ἒ
2289 897 2551 967 Cogitasti
2583 897 2961 952 confusionem
3013 898 3197 952 domui
3230 906 3352 963 tum,
3378 913 3509 951 cou-

1954 986 2237 1055 Sumpsisti
2272 988 2498 1055 populos
2530 987 2750 1052 multos,
2774 995 2827 1040 et
2860 988 3103 1056 peccavit
3133 987 3313 1040 anima
3340 994 3451 1039 tua.
3487 1008 3504 1037 ι

1953 1078 2054 1141 Τυ,
2097 1079 2289 1147 inquit,
2318 1078 2603 1131 immodica
2645 1079 2874 1132 habendi
2912 1079 3208 1147 cupiditate
3242 1080 3508 1149 percitus,

1951 1170 2023 1224 ob
2074 1184 2205 1239 Opes
2256 1178 2378 1223 tuas
2427 1185 2490 1223 ex
2526 1170 2716 1224 alienis
2767 1169 2980 1223 damnis
3016 1171 3308 1239 augendas,
3336 1172 3506 1225 subli-

1954 1277 2204 1331 memque
2238 1263 2386 1331 regni
2416 1266 2492 1314 tui
2521 1261 2888 1316 conditionem
2922 1262 3299 1316 ostentandam
3332 1281 3345 1327 ;
3382 1263 3512 1316 dum

1954 1354 2067 1408 haec
2102 1368 2312 1422 ageres,
2351 1353 2491 1407 haud
2527 1363 2703 1406 tamen
2756 1353 2981 1422 potuisti
3032 1352 3342 1407 discernere
3378 1370 3511 1423 quo-

1954 1447 2115 1501 modo
2140 1447 2587 1515 imponendorum
2617 1446 2714 1499 tibi
2749 1447 3012 1500 malorum
3036 1446 3248 1513 pondus
3274 1446 3473 1501 vitares
3497 1464 3509 1498 :

1955 1539 2048 1593 sed
2076 1538 2276 1593 multos
2315 1538 2528 1591 interim
2576 1537 2796 1599 laedens,
2827 1544 2989 1606 atque
3027 1537 3079 1590 in
3105 1551 3294 1593 omnes
3325 1554 3517 1593 secure

1958 1644 2227 1699 peccans;
2266 1629 2411 1682 haud
2464 1628 2705 1691 divitias,
2735 1636 2793 1681 ut
2822 1628 3105 1691 credebas,
3131 1628 3223 1683 sed
3287 1630 3518 1699 ignomi-

1957 1722 2126 1785 niam,
2168 1728 2225 1774 ut
2263 1736 2453 1790 reapse
2480 1721 2656 1775 exitus
2687 1719 2946 1785 ostendit,
2978 1719 3161 1774 domui
3199 1729 3304 1774 tua:
3341 1723 3519 1775 conci~

303 1804 504 1867 οἰκείας
558 1804 830 1873 βασιλείας
892 1804 1167 1870 ἀποδεῖξαι
1224 1805 1322 1877 τὴν
1379 1805 1637 1860 σύστασιν
1662 1823 1675 1836 ’
1735 1797 1852 1860 εἷτα

1966 1811 2137 1877 liasti;
2164 1825 2290 1864 nam
2319 1811 2388 1864 ob
2429 1811 2542 1865 haec
2580 1812 2764 1864 omnia
2811 1826 2931 1881 qua:
2965 1810 3158 1865 fecisse
3204 1822 3256 1865 te
3286 1820 3516 1875 constat,

302 1894 468 1947 ταῦτα
503 1896 599 1965 μὲν
638 1896 858 1959 ἐποίεις,
888 1896 1033 1959 ὅπως
1076 1897 1120 1949 δ’
1166 1898 1231 1951 ἂν
1259 1897 1576 1968 δυνηθείσης
1603 1897 1716 1952 τῶν
1752 1902 1850 1953 έπ-

1958 1902 2101 1955 hanc
2131 1914 2347 1970 pinnam
2382 1902 2711 1970 persolvisti.

303 1987 577 2056 αγομένων
606 2006 688 2041 σοι
716 1988 898 2041 κακῶν
939 1989 1253 2061 ἀπαλλαγὴν
1286 1991 1545 2063 εὕρασθαί
1570 2011 1711 2054 τινα.
1736 1996 1961 2050 συνιδεῖν
1986 1997 2046 2049 οὐ
2072 1995 2354 2065 δεδύνησαι
2377 2012 2389 2025 ·
2422 1996 2556 2049 ἀλλὰ
2583 1996 2689 2068 γὰρ
2714 1996 2933 2059 πολλοὺς
2962 1998 3160 2050 ἀδικῶν
3193 1997 3520 2068 παρανομῶν

300 2100 356 2136 τε
377 2084 454 2145 είς
482 2081 730 2145 ἅπαντας
770 2080 955 2147 ἀδεῶς,
1000 2083 1343 2148 ούπλοῦτον,
1389 2084 1463 2148 ὡς
1501 2085 1630 2155 ᾤου,
1671 2088 1929 2160 αἰσχύνην
1969 2089 2048 2153 δὲ,
2074 2090 2150 2152 ὡς
2197 2090 2229 2155 ὴ
2261 2087 2482 2151 ἔκϐασις
2523 2087 2807 2158 δεδήλωκε,
2838 2089 2913 2160 τῷ
2937 2089 3069 2160 οἴκῳ
3107 2092 3411 2162 συνήγαγες
3443 2092 3520 2161 τῷ

301 2175 493 2228 σαυτοῦ
512 2190 529 2205 ⁸
550 2175 696 2245 ὑπὲρ
724 2175 830 2245 γὰρ
848 2176 1099 2230 ἁπάντων
1133 2170 1208 2231 ὧν
1228 2178 1699 2251 διαπεπραγμένος
1737 2176 1902 2251 ῶψαι,
1928 2183 2024 2255 τὴν
2060 2183 2327 2255 τιμωρίαν
2355 2183 2588 2247 δέδωκας
2616 2183 2835 2253 ταύτην.

363 2270 511 2340 Στίχ.
551 2276 642 2325 ια’.
676 2300 747 2309 -
796 2289 816 2322 ι
870 2271 1013 2324 Διότι
1056 2271 1199 2335 λίθος
1242 2275 1307 2327 ἐκ
1354 2276 1532 2345 τοίχου
1585 2275 1860 2345 βοήσεται,

300 2362 389 2414 καὶ
419 2361 694 2431 κάνθαρος
726 2364 789 2414 ὲκ
819 2361 971 2426 ξύλου
1003 2362 1287 2431 φθέγξεται
1314 2366 1473 2417 αὑτά.
1513 2383 1531 2416 ι
1564 2366 1861 2439 Τοιγαροῦν

298 2456 360 2505 ὲκ
389 2452 484 2507 τοῦ
520 2453 785 2521 μεγέθους
821 2453 927 2507 τῶν
956 2456 1155 2519 κακῶν,
1202 2456 1295 2507 καὶ
1334 2457 1398 2508 ὲκ
1419 2456 1525 2508 τῶν
1562 2457 1859 2527 οἰκοδομῶν

298 2544 361 2606 ἃς
394 2544 584 2605 κακῶς
618 2544 907 2615 ἀνήγειρας
953 2547 1366 2616 ἀναπέμπονται
1403 2548 1643 2619 ὡσπερεὶ
1687 2550 1861 2618 φωναί

297 2654 438 2699 τινες
486 2637 889 2707 κατηγοροῦσαί
920 2654 1015 2690 σου
1057 2638 1155 2709 τὴν
1194 2640 1525 2705 πλεονεξίαν,
1552 2641 1660 2694 τῶν
1685 2660 1744 2695 τε
1774 2643 1856 2696 λί-

302 2728 404 2780 θων
436 2728 721 2797 μονονουχὶ
751 2727 933 2797 φωνὴν
962 2729 1229 2797 ἀφιέντων
1270 2731 1411 2784 κατά
1444 2730 1537 2783 σοῦ
1582 2732 1858 2803 τοιαύτην,

302 2818 395 2869 καὶ
420 2818 532 2871 τῶν
571 2818 864 2888 σκωλήκων
901 2818 957 2871 δὲ
995 2821 1091 2872 σὺν
1118 2821 1299 2883 αὐτοῖς
1327 2821 1555 2885 ὁπόσους
1581 2824 1638 2875 ὲν
1670 2824 1861 2893 μέσαις

301 2914 420 2972 ταῖς
447 2910 556 2963 τῶν
588 2910 749 2963 λίθων
774 2927 833 2963 τε
862 2910 955 2963 καὶ
984 2912 1216 2965 πλίνθων
1240 2914 1503 2983 ἁρμογαῖς
1528 2916 1862 2984 ὲμφωλεύειν

303 3002 441 3064 ἔθος,
462 3002 496 3072 ἦ
524 3003 618 3054 καὶ
652 3003 709 3054 ὲν
744 3003 926 3072 μέσοις
948 3003 1206 3066 πολλάκις
1236 3005 1580 3074 εὑρίσκεσθαι
1621 3009 1732 3069 τοῖς
1774 3006 1864 3073 ξύ-

304 3092 414 3154 λοις
437 3112 451 3124 ο
485 3093 751 3162 κάνθαρον
787 3096 893 3163 γὰρ
934 3094 1163 3148 ἐνταῦθα
1208 3095 1352 3164 λέγει
1389 3096 1456 3149 τὰ
1499 3097 1555 3149 ἕν
1586 3115 1645 3150 τε
1688 3098 1863 3161 ξύλοις

306 3183 689 3252 εὑρισκόμενα,
742 3182 817 3252 (p.
864 3183 989 3252 568)
1031 3184 1089 3236 ἔν
1130 3202 1188 3237 τε
1225 3186 1422 3256 τοίχοις
1463 3188 1519 3239 ὲν
1569 3187 1716 3256 μέσῳ
1754 3186 1863 3240 τῶν

2028 2278 2196 2333 Vens.
2230 2279 2313 2331 Η.
2344 2307 2413 2318 -
2457 2296 2475 2329 ι
2513 2277 2652 2342 Quia
2686 2278 2825 2347 lapis
2874 2279 2940 2332 de
2991 2280 3196 2348 pariete
3245 2280 3520 2343 clamabit,

1957 2379 2007 2424 et
2048 2370 2355 2423 scarabzeus
2404 2367 2470 2422 de
2512 2368 2658 2438 ligno
2690 2369 2939 2437 loquetur
2968 2386 3051 2425 ea.
3092 2391 3110 2421 ›
3147 2371 3315 2439 Igitur
3362 2370 3517 2441 241

1955 2477 2018 2515 ex
2046 2461 2265 2515 cumulo
2295 2461 2580 2526 malorum,
2613 2476 2824 2514 necnon
2857 2477 2921 2514 ex
2948 2462 3193 2516 aedificiis
3240 2478 3360 2531 quae
3386 2478 3519 2516 con-

1958 2558 2045 2603 tra
2086 2549 2167 2605 l‘as
2204 2549 2477 2615 struxisti,
2524 2563 2687 2605 voces
2736 2550 2902 2605 veluti
2935 2551 3180 2622 quaedam
3235 2552 3523 2605 mittuntur

1970 2654 2091 2709 qua:
2113 2649 2260 2692 tuam
2293 2638 2573 2691 avaritiam
2608 2648 2886 2703 accusant,
2912 2642 3059 2695 saxis
3086 2639 3215 2706 ipsis
3241 2655 3522 2709 propemo-

1958 2730 2085 2785 dum
2123 2731 2203 2786 sic
2235 2738 2422 2784 contra
2479 2739 2540 2785 te
2590 2731 2973 2795 clamantibus,
3032 2745 3244 2784 necnon
3295 2738 3348 2784 et
3398 2744 3521 2782 ver-

1960 2822 2138 2875 nribus
2165 2826 2430 2890 quotquot
2476 2819 2531 2872 in
2580 2819 2773 2874 mediis
2810 2820 2960 2873 saxis
3012 2818 3354 2887 laterumque
3393 2818 3521 2887 jun-

1959 2915 2123 2968 cturis
2156 2913 2364 2966 latitare
2392 2913 2599 2975 solent,
2623 2919 2679 2965 et
2706 2910 2845 2964 intra
2874 2910 3016 2979 ligna
3047 2925 3186 2979 Sthe
3214 2910 3519 2978 comperiri.

1960 3004 2172 3059 Etenim
2223 3003 2554 3059 scarabaeum
2602 3001 2705 3056 hoc
2760 3003 2877 3055 loco
2927 3000 3159 3069 appellat
3204 3000 3523 3054 animaicula

1965 3111 2086 3164 quae
2129 3095 2180 3148 in
2229 3095 2386 3163 lignis
2415 3102 2725 3155 occurrunt,
2761 3100 2813 3147 et
2857 3092 2912 3145 in
2947 3092 3114 3145 muris
3148 3093 3287 3144 intra
3322 3091 3525 3161 lapides

1967 3186 2225 3240 lateresve
2253 3185 2514 3247 cubitant,
2539 3184 2715 3253 quasi,
2739 3184 2978 3251 inquam,
3003 3182 3104 3236 hoc
3133 3182 3350 3236 nomine
3381 3181 3527 3235 dicat

306 3243 546 3328 πλίνθων
578 3243 834 3337 εἰωθότας
865 3243 1216 3344 ἐμφωλεύειν,
1245 3243 1417 3340 tbgAJtv.
1433 3295 1515 3341 τις
1547 3243 1699 3332 ειῖποιι
1723 3279 1864 3342 ζωθ-

1970 3276 2292 3330 animalcula
2324 3277 2525 3345 quaevis
2575 3288 2629 3331 et
2673 3290 2905 3339 vermes,
2942 3290 3037 3329 ceu
3080 3275 3123 3328 si
3163 3274 3344 3327 omnia
3376 3288 3526 3328 COIII-

306 3366 405 3434 φιὰ
434 3383 494 3419 τε
531 3366 625 3419 καί¹
655 3364 936 3435 σκώληκας
961 3366 1132 3431 οὕτως
1163 3369 1469 3438 ὀνομάζων,
1517 3369 1592 3433 ὡς
1633 3370 1699 3424 ἂν
1716 3372 1867 3441 κοινῇ

307 3457 480 3531 ταύτῃ
526 3459 865 3530 προσηγορία
903 3458 1246 3530 καλουμένων
1279 3461 1532 3514 ἁπάντων
1564 3461 1672 3514 τῶν
1696 3460 1871 3514 τοιού-

307 3566 436 3602 των.
469 3550 629 3602 Ἔστι
660 3550 716 3602 δέ
745 3566 864 3602 τινα
895 3552 952 3602 ὲν
980 3553 1091 3613 τοῖς
1124 3553 1441 3618 καταγαίοις
1472 3552 1698 3605 είωθότα
1733 3552 1869 3622 μᾶλ-

308 3641 394 3694 λον
443 3643 502 3693 ἐν
552 3641 701 3712 μέσῳ
734 3642 831 3711 τῆς
859 3642 1059 3704 νοτίδος
1086 3642 1433 3710 εὑρίσκεσθαι
1470 3644 1506 3696 ἃ
1546 3643 1871 3714 κανθαρίδας

310 3732 536 3786 καλοῦσι
557 3750 572 3763 ·
617 3732 760 3795 τινὲς
800 3732 858 3785 δὲ
884 3732 1092 3800 ἔφασαν
1134 3733 1225 3786 τὸν
1272 3734 1439 3805 Σύρον
1479 3734 1748 3788 πάσσαλον
1786 3734 1873 3786 λέο

310 3843 427 3892 γειν
442 3839 462 3856 ⁸
485 3824 602 3879 ἀλλ’
621 3826 846 3893 ἀνόητον
875 3824 959 3895 εἴη
991 3825 1057 3878 ἂν
1081 3826 1313 3896 ἀφέντας
1338 3828 1437 3896 τῆς
1476 3826 1747 3897 Ἐϐραῖδος
1776 3826 1873 3896 τὴν

310 3917 494 3985 φωνὴν
543 3914 668 3969 καθ’
713 3916 781 3985 ἣν
815 3918 845 3968 ό
884 3918 1169 3989 προφήτης
1211 3917 1527 3986 ἐφθέγξατο,
1567 3917 1744 3989 ἥνπερ
1779 3914 1873 3971 οὖν

309 4010 443 4076 ἡμῖν
490 4007 584 4059 διὰ
621 4008 721 4077 τῆς
760 4007 965 4070 οἰκείας
1019 4003 1312 4079 ἑρμηνείας
1344 4009 1487 4079 σαφῆ
1539 4008 1874 4080 κατέστησαν

310 4098 504 4170 ἄνδρες
539 4096 960 4167 Ἑϐδομήκοντα,
1002 4096 1213 4168 δόκιμοί
1257 4115 1315 4150 τε
1361 4097 1455 4150 καὶ
1494 4097 1734 4169 ἀκριϐῶς
1778 4098 1875 4167 τῆς

310 4188 561 4258 γλώττης
601 4189 955 4258 ἐπιστήμονες
985 4188 1216 4257 ἐκείνης,
1259 4189 1415 4258 Σύρῳ
1455 4190 1742 4260 προσέχειν
1782 4207 1877 4260 με-

308 4278 673 4349 ταϐεϐληκότι
696 4279 795 4349 τὴν
841 4278 1105 4348 Ἐϐραίων
1128 4281 1207 4341 εἰς
1232 4279 1328 4349 τὴν
1355 4278 1540 4349 Σύρων
1557 4296 1570 4311 ·
1610 4276 1729 4333 εἷτα
1753 4281 1879 4333 πολ-

312 4370 471 4432 λάκις
498 4370 554 4422 τὸ
576 4372 821 4438 πταῖσμα
840 4369 900 4421 τὸ
935 4372 1152 4432 οίκεῖον,
1180 4370 1340 4438 νόμον
1380 4369 1689 4440 βουληθέντι
1711 4372 1879 4425 θεῖναι

314 4460 522 4529 φωνῆς,
552 4459 611 4521 ὃς
640 4459 784 4512 δοκεῖ
819 4476 929 4528 μοι,
961 4459 1034 4528 μὴ
1065 4460 1243 4522 συνεὶς
1270 4460 1300 4511 ὃ
1332 4459 1382 4512 τί
1412 4477 1542 4513 ποτε
1581 4460 1747 4528 λέγει,
1789 4461 1880 4514 τὸν

1971 3369 2117 3423 muni
2154 3370 2253 3423 hac
2284 3368 2641 3438 appellatione
2679 3368 3003 3421 vocitentur.
3039 3368 3175 3421 Sunt
3200 3366 3363 3419 etiam
3397 3365 3525 3419 sub-

1973 3468 2214 3513 terranea
2246 3458 2487 3526 quaedam
2537 3458 2591 3509 in
2640 3456 2815 3511 media
2853 3454 3119 3525 praecipue
3164 3453 3409 3522 rubigine
3446 3452 3529 3505 iu-

1971 3551 2141 3604 veuiri
2200 3550 2375 3614 solita,
2434 3562 2569 3612 quas
2624 3546 2971 3601 cantharidas
3016 3551 3229 3599 vocant.
3272 3542 3527 3596 Nonnulli

1973 3657 2100 3696 vero
2132 3642 2383 3695 dixerunt
2439 3640 2579 3709 apud
2632 3638 2823 3709 Syrum
2877 3638 3221 3705 interpretem
3268 3634 3526 3703 paxillum

1973 3734 2096 3803 legi.
2151 3734 2311 3802 Atqui
2358 3734 2580 3787 stultum
2638 3739 2720 3786 est
2763 3729 2965 3785 omissa
3014 3727 3274 3781 Hebraica
3321 3727 3525 3795 lingua,

1972 3839 2078 3894 qua
2110 3826 2367 3895 propheta
2398 3826 2612 3877 locutus
2637 3831 2741 3888 est,
2777 3820 2935 3890 cujus
2966 3819 3283 3873 vocabulum
3314 3817 3531 3887 propria

1974 3917 2414 3987 interpretatione
2452 3915 2789 3985 septuaginta
2819 3914 2921 3967 viri
2973 3913 3128 3967 nobis
3163 3911 3528 3973 declararunt,

1975 4006 2183 4074 probati
2220 4006 2470 4059 nimirum
2504 4005 2579 4057 illi
2611 4014 2663 4059 et
2688 4002 2807 4072 ejus
2836 4001 3032 4073 lingua:
3061 4006 3313 4054 accurate
3351 3999 3531 4068 periti.

1978 4096 2114 4168 Syro
2143 4096 2417 4151 attendere
2456 4096 2549 4166 qui
2593 4094 2914 4149 Hebraicum
2958 4093 3220 4163 scriptum
3269 4091 3335 4145 ad
3367 4090 3535 4160 Syro-

1978 4202 2096 4240 rum
2124 4201 2425 4242 sermonem
2449 4186 2728 4240 transtulit
2752 4204 2763 4239 :
2790 4185 2881 4253 qui
2914 4199 3053 4252 sazpe
3081 4196 3321 4237 errorem
3372 4193 3533 4235 suum

1978 4292 2078 4347 pro
2120 4278 2315 4347 linguae
2357 4276 2541 4347 regula
2591 4276 2705 4331 vult
2757 4274 3067 4337 obtrudere,
3098 4280 3357 4343 quantum
3402 4269 3532 4323 mihi

1978 4369 2214 4433 videtur,
2249 4369 2375 4437 quid
2405 4368 2546 4422 dicat
2590 4368 2808 4421 minime
2847 4366 3150 4435 intelligens
3180 4381 3194 4417 :
3226 4363 3406 4431 itaque
3438 4376 3534 4430 pro

1982 4461 2253 4514 scarabaeo
2279 4459 2478 4528 passim
2510 4458 2563 4511 in
2598 4459 2766 4511 muris
2793 4456 3035 4511 cubitare
3068 4455 3246 4519 solito,
3278 4454 3535 4521 paxillum

314 4550 589 4620 κάνθαρον
623 4550 762 4603 πάνυ
789 4566 853 4617 γε
890 4550 1119 4603 εἰωθότα
1164 4550 1496 4620 ὲμφωλεύειν
1526 4553 1635 4613 τοῖς
1681 4551 1864 4621 τοίχοις

1984 4551 2183 4621 posuit,
2221 4559 2278 4603 ut
2327 4550 2613 4618 quamdam
2664 4549 2930 4603 sermonis
2976 4546 3247 4615 sequelam
3304 4544 3538 4597 retinere

312 4642 373 4694 τὸ
405 4661 424 4693 ι
480 4640 754 4704 πάσσαλος
790 4660 808 4692 ι
843 4640 1157 4705 τεθεικέναι,
1203 4641 1290 4694 ἵνα
1318 4641 1446 4712 δοκῇ
1488 4658 1609 4694 τινα
1646 4642 1704 4693 τὸ
1730 4640 1881 4709 λεγό-

317 4750 483 4801 μενον
508 4730 826 4784 ἀκολουθίαν
866 4731 1008 4800 ἔχειν
1029 4748 1042 4761 ο
1099 4732 1274 4785 καίτοι
1306 4749 1366 4799 γε
1401 4732 1675 4786 πάσσαλον
1699 4733 1764 4784 ὲκ
1794 4731 1883 4796 ξύ-

313 4824 407 4876 λου
445 4820 779 4890 φθέγγεσθαι
806 4823 1165 4876 ἀνακόλουθον
1201 4825 1367 4891 ἄγαν.
1398 4824 1583 4893 ἐπειδὴ
1606 4824 1671 4875 ἐκ
1700 4824 1880 4893 τοίχου

320 4915 420 4981 μὲν
447 4912 796 4982 ἐνδεχόμενον
814 4952 829 4975 ,
863 4915 928 4965 ὲκ
954 4913 1109 4977 ξύλου
1144 4914 1200 4967 δὲ
1236 4914 1416 4966 οὐκέτι
1437 4931 1450 4945 ·
1483 4915 1545 4967 οὐ
1568 4915 1672 4985 γὰρ
1697 4914 1884 4985 ὥσπερ

318 5008 382 5057 ὲκ
435 5005 601 5058 λίθων
652 5005 955 5059 συντίθεται
1012 5009 1209 5076 τοῖχος,
1260 5005 1434 5069 οὕτως
1484 5009 1548 5059 ἐκ
1595 5008 1884 5061 πασσάλων

318 5096 494 5157 ξύλον.

389 5186 537 5256 Στίχ.
574 5186 754 5255 ιβ’-ιε’.
781 5216 853 5225 -
880 5186 954 5239 Οὐ
983 5185 1163 5255 μέντοι
1184 5200 1247 5252 γε
1272 5186 1552 5255 προφήτης
1580 5187 1765 5256 ἐπειδὴ
1795 5188 1885 5240 καὶ

315 5280 381 5330 ἐκ
416 5278 528 5331 τῶν
564 5278 760 5348 τοίχων
791 5277 902 5330 εἴτε
958 5279 1066 5330 τῶν
1123 5279 1371 5331 ὲνιόντων
1410 5280 1591 5341 αὐτοῖς
1636 5279 1740 5347 ἔφη
1786 5278 1882 5348 τὴν

316 5369 659 5438 κατηγορίαν
692 5370 935 5437 γίνεσθαι
978 5370 1100 5422 κατ’
1131 5369 1318 5432 αὑτοῦ,
1351 5370 1531 5431 καλῶς
1574 5371 1879 5439 ἐπήγαγενο

322 5478 339 5507 ι
381 5459 520 5513 Οὐαὶ
544 5460 575 5511 ὁ
602 5460 897 5528 οἰκοδομῶν
926 5461 1079 5513 πόλιν
1111 5463 1168 5515 ὲν
1195 5461 1409 5531 αἵμασι,
1456 5462 1548 5513 καὶ
1585 5459 1887 5529 ἐτοιμάξων

319 5552 481 5605 πόλιν
509 5555 567 5604 ὲν
594 5552 830 5614 ἀδικίαις
849 5569 863 5583 ·
894 5552 957 5605 ού
982 5553 1155 5606 ταῦτά
1181 5553 1295 5606 ἐστι
1334 5552 1485 5624 παρὰ
1522 5552 1728 5623 Κυρίου
1756 5570 1891 5605 παν-

1985 4640 2276 4693 videretur.
2308 4637 2469 4707 Atqui
2520 4636 2780 4706 paxillum
2826 4651 2890 4689 ex
2932 4635 3075 4704 ligno
3112 4634 3278 4703 loqui,
3316 4650 3421 4687 non
3455 4641 3538 4686 est

1962 4735 2405 4783 «consentaneum
2444 4746 2457 4780 :
2492 4741 2616 4780 nam
2656 4726 2699 4779 si
2744 4741 2805 4777 ex
2856 4739 3011 4778 muro
3060 4731 3255 4793 potest,
3294 4739 3357 4777 ex
3395 4724 3538 4790 ligno

1983 4833 2321 4887 nequaquam
2357 4838 2370 4871 :
2406 4833 2513 4871 non
2546 4817 2691 4871 enim
2744 4816 2883 4870 sicut
2936 4831 3001 4870 ex
3039 4814 3307 4884 lapidibus
3353 4828 3540 4866 murus

1991 4910 2292 4976 conﬁcitur,
2325 4909 2397 4961 ita
2431 4924 2495 4961 ex
2531 4907 2742 4976 paxillis
2770 4908 2993 4975 lignum.

2063 5182 2223 5235 Vens.
2250 5178 2431 5233 12-15.
2449 5207 2518 5217 ——-
2538 5178 2678 5247 Ergo
2707 5178 2985 5247 propheta,
3008 5171 3437 5242 quandoquidem
3470 5188 3533 5227 ex

1990 5278 2161 5330 muris
2176 5284 2228 5329 et
2246 5290 2313 5328 ex
2328 5272 2653 5327 merentibus
2670 5272 2776 5324 illic
2788 5266 3126 5323 aniinalculis
3140 5267 3538 5319 accusationum:

1993 5366 2105 5420 ﬁeri
2126 5371 2314 5418 contra
2330 5362 2677 5433 Babylonium
2699 5362 2855 5423 dixit,
2872 5359 3122 5427 praeclare
3143 5357 3346 5412 addidit
3370 5378 3381 5410 :
3413 5377 3429 5407 ι
3457 5355 3545 5410 Va:

1986 5458 2079 5527 qui
2107 5455 2336 5510 :ediﬁcat
2371 5455 2641 5508 civitatem
2686 5454 2738 5505 in
2785 5452 3162 5519 sanguinibus,
3194 5459 3246 5504 et
3278 5456 3544 5518 praoparat

1988 5550 2172 5604 urbem
2214 5547 2267 5600 in
2322 5545 2724 5614 iniquitatibus!
2764 5542 2878 5598 Non
2922 5549 3048 5596 sunt
3089 5544 3199 5595 lucc
3249 5555 3279 5591 a
3320 5538 3544 5591 Domino

318 5645 690 5715 τοκράτορος·
739 5645 814 5713 (p.
859 5645 985 5713 569)
1028 5647 1122 5698 καὶ
1160 5646 1403 5710 ἐξέλιπον
1440 5645 1566 5698 λαὸν
1605 5644 1784 5697 ἱκανὸν
1835 5646 1862 5697 ὲ

1991 5640 2379 5709 omnipotente.
2412 5637 2478 5689 Et
2506 5635 2817 5689 defecerunt
2845 5634 3027 5704 populi
3055 5632 3207 5685 multi
3231 5632 3286 5682 in
3318 5628 3461 5695 igne,
3492 5638 3546 5679 et

325 5739 483 5808 πυρὶ,
519 5736 617 5789 καὶ
654 5734 781 5805 ἔθνη
822 5735 990 5790 πολλὰ
1016 5736 1321 5808 ὠλιγοψύχη
1334 5755 1419 5792 τεν
1440 5779 1451 5801 ,
1484 5737 1563 5789 ὅτι
1594 5736 1895 5807 πλησθήσε-

1996 5740 2181 5804 gentes
2215 5730 2394 5785 multa:
2437 5728 2616 5781 animo
2662 5726 3034 5782 conciderunt.
3077 5723 3213 5788 Quia
3254 5719 3546 5790 replebitur
