4054 6238
410 277 515 333 439

1562 290 1909 348 THEODORI
1942 291 2420 369 MOPSUESTENI

3532 304 3643 361 «ᾶόο

417 404 580 459 πειτα,
639 401 699 449 ut
745 408 1038 469 cognoscat
1084 402 1307 472 gloriam
1351 404 1563 461 Domini
1598 406 1793 477 :quasi
1841 420 1977 475 aqua

2080 426 2169 461 ται
2196 412 2229 480 ἡ
2249 413 2317 482 γῆ
2342 412 2435 466 τοῦ
2458 416 2657 482 γνῶναι
2685 417 2781 488 τὴν
2808 417 2966 482 δόξαν
2998 416 3223 489 Κυρίου,
3247 417 3320 483 ὡς
3341 417 3481 490 ὕδωρ
3502 418 3637 471 πολὺ

418 487 582 541 multa
618 487 781 561 242
811 493 1060 562 operiens
1095 497 1284 550 maria.
1319 516 1338 548 ι
1372 499 1507 565 Quis
1552 507 1603 554 te
1632 514 1739 554 non
1787 496 1980 554 defleat

417 578 582 632 urbes
618 580 857 638 czedibus
883 592 936 637 et
962 584 1337 656 iniquitatibus
1368 589 1759 645 aedificantem?
1796 588 1979 659 Neque

418 671 562 723 enim
618 675 795 729 cernis
846 692 1090 744 quaenam
1138 674 1232 735 tibi
1291 681 1454 752 hujus
1484 685 1559 739 rei
1588 698 1754 739 causa
1802 697 1834 736 a
1871 682 1980 736 Deo

416 760 724 817 tuferentur
760 768 919 820 mala.
986 767 1066 823 Tu
1115 771 1331 841 quidem
1385 776 1605 841 multos,
1649 782 1780 847 quot
1821 790 1980 831 nemo

420 854 688 919 recitabit,
718 858 872 925 quasi
916 858 1039 929 igne
1075 862 1397 920 crudelitate
1430 875 1519 920 tua
1548 867 1927 937 consumpsisti
1963 886 1977 921 :

422 946 623 999 multos
668 946 733 1000 ad
778 950 896 1004 vitae
927 953 1129 1006 exitum
1184 954 1539 1014 intolerandis
1593 960 1851 1015 aerumnis
1887 959 1980 1013 de-

424 1034 618 1089 duxisti
667 1056 680 1090 :
727 1043 1075 1109 quamobrem
1123 1063 1266 1102 nunc
1310 1048 1424 1103 haec
1480 1050 1763 1106 sustines:
1799 1058 1858 1104 ut
1907 1049 1980 1103 ita

423 1139 611 1182 omnes
647 1144 739 1195 per
762 1133 945 1187 orbem
977 1142 1245 1192 terrarum
1270 1139 1514 1196 homines
1541 1148 1841 1211 agnoscant
1870 1157 1975 1195 ma-

422 1230 583 1284 gnam
642 1217 731 1274 Dei
788 1224 1179 1291 providentiam
1230 1230 1360 1283 talia
1388 1242 1733 1301 operantem,
1776 1231 1982 1302 tibique

423 1307 494 1360 ob
522 1306 759 1364 facinora
794 1322 996 1369 tantam
1036 1334 1249 1388 poenam
1287 1322 1600 1393 imponenti,
1635 1333 1980 1395 peccatorum

422 1404 640 1454 tuorum
677 1405 1000 1461 multitudini
1030 1411 1457 1469 convenientem.
1498 1412 1817 1486 Rursusque
1856 1431 1979 1470 cum

421 1492 922 1555 exprobrationem
949 1496 994 1552 0
1043 1502 1134 1570 qui
1179 1506 1449 1574 propinat,
1487 1506 1683 1576 inquit,
1735 1508 1982 1576 proximo

423 1596 524 1678 suo
548 1586 952 1643 snbversionem
983 1591 1274 1658 turbidam,
1304 1605 1357 1650 et
1385 1597 1617 1652 inebriat
1647 1604 1704 1651 ut
1732 1584 1982 1668 inspiciat

423 1673 478 1724 iu
531 1673 819 1740 speluncas
867 1682 1086 1733 eorum!
1128 1700 1147 1732 ι
1185 1681 1301 1739 Dixi
1341 1685 1453 1754 jam
1504 1701 1675 1757 saepe,
1712 1687 1892 1741 vinum
1931 1697 1984 1743 et

423 1763 596 1830 ipsam
646 1768 970 1834 putationem
1020 1787 1118 1841 pro
1154 1777 1409 1832 :erumnis
1459 1777 1585 1833 dici.
1623 1778 1705 1833 Tu
1737 1796 1866 1849 ergo
1899 1796 1978 1844 es,

421 1857 513 1925 qui
545 1859 809 1915 universis
840 1861 1146 1919 hominibus
1175 1868 1446 1922 turbidum
1483 1878 1667 1940 potum
1702 1872 1979 1941 propinas,

422 1948 690 2006 inebriare
722 1967 786 2007 ac
817 1956 1129 2013 subvertere
1161 1968 1409 2028 potantes
1436 1964 1657 2018 omnino
1692 1965 1980 2028 valentem,

420 2039 475 2094 id
500 2052 608 2107 est,
627 2046 1005 2109 gravissimum
1032 2052 1356 2121 supplicium
1394 2057 1607 2110 cunctis
1641 2055 1828 2111 infers.
1856 2056 1981 2110 Han:

421 2131 675 2197 faciebas.
709 2137 900 2207 inquit,
930 2140 1059 2195 dum
1097 2142 1271 2198 aliena
1303 2151 1734 2217 concupisceres,
1762 2159 1816 2204 et
1846 2151 1978 2205 alie-

418 2228 519 2279 nes
543 2226 825 2285 thesauros
869 2235 1208 2301 scrutareris,
1268 2245 1325 2290 ut
1368 2240 1422 2293 in
1475 2256 1584 2294 rem
1633 2250 1777 2295 tuam
1824 2258 1981 2298 sevo-

419 2325 574 2367 cares
593 2350 609 2367 ι

488 2601 650 2658 Vens.
686 2604 860 2660 16-18.
887 2637 940 2646 -—
982 2627 1001 2658 ι
1041 2608 1388 2667 Saturitatem
1426 2614 1730 2683 ignominiaa
1766 2615 1835 2670 de
1863 2618 1979 2688 glo-

414 2694 498 2748 ria
531 2695 653 2750 bibe
703 2706 757 2750 et
812 2707 869 2752 tu
904 2716 917 2752 :
950 2716 1044 2753 cor
1088 2714 1454 2760 commovetor
1497 2715 1550 2760 et
1600 2711 1924 2765 concutitur.
1956 2729 1974 2761 ι

414 2783 545 2851 Quae
569 2785 734 2855 igilur
755 2789 875 2844 aliis
905 2788 1100 2855 fecisti,
1129 2793 1324 2864 dignus
1350 2797 1463 2865 ipse
1492 2800 1603 2866 pati
1635 2815 1732 2866 es;
1767 2807 1825 2852 ut
1857 2810 1980 2869 post

412 2891 626 2931 omnem
653 2878 797 2932 illam
827 2880 1053 2950 gloriam
1094 2882 1384 2952 ignominia
1420 2887 1669 2950 obrutus,
1698 2898 1897 2944 nutans
1927 2899 1980 2943 et

412 2968 726 3035 concidens,
778 2973 933 3040 quasi
986 2974 1206 3042 crapula
1249 2974 1504 3042 quadam,
1541 2992 1570 3029 a
1610 2979 1977 3047 magnitudine

2081 504 2455 574 κατακαλύψαι
2481 506 2780 572 θαλάσσας.
2829 529 2847 562 ι
2888 511 3000 563 Οὐκ
3038 511 3101 564 ἀν
3135 526 3193 562 σε
3223 508 3540 580 θρηνήσειεν
3572 510 3638 561 ἐκ

2081 590 2254 659 φόνων
2283 594 2374 647 καὶ
2404 596 2627 651 ἀδικιῶν
2658 598 3129 663 κατασκευάζοντα
3167 598 3378 664 πόλεις;
3418 599 3494 653 Oi)
3527 598 3638 669 γὰρ

2082 683 2354 756 συνεώρας
2412 688 2570 742 ἀτινα
2628 691 2767 762 ὑπὲρ
2827 689 3030 744 τούτων
3086 689 3503 761 ἐπενεχθήσεταί
3554 706 3639 741 σοι

2082 777 2233 848 παρά
2256 777 2352 831 τοῦ
2379 779 2513 834 Θεοῦ
2532 797 2546 811 ·
2574 781 2708 835 ἀλλά
2736 782 2961 845 πολλοὺς
3002 783 3100 852 μέν
3124 799 3275 845 τινας
3300 781 3392 834 καὶ
3431 781 3643 851 ἀμυθή-

2079 885 2205 933 τους
2226 868 2415 941 ὥσπερ
2448 872 2580 942 πυρὶ
2607 875 2674 944 τῇ
2707 872 2903 926 σαυτοῦ
2941 871 3325 936 καταναλώσας
3361 871 3602 941 ὠμότητι
3620 911 3638 934 ν

2081 959 2307 1024 πολλοὺς
2328 961 2385 1014 δὲ
2414 962 2549 1034 πρὸς
2590 963 2721 1017 αὐτὸ
2740 963 2801 1017 τὸ
2836 962 2988 1027 τέλος
3024 964 3229 1033 ἧγαγες
3255 961 3350 1016 τοῦ
3381 961 3495 1032 βίου
3518 964 3641 1024 ταῖς

2081 1050 2396 1119 ἀνηκέστοις
2427 1057 2726 1125 συμφοραῖς
2746 1069 2762 1083 ⁸
2791 1055 2929 1125 ὑπὲρ
2961 1048 3037 1109 ὧν
3072 1054 3137 1124 δὴ
3168 1053 3338 1108 ταῦτα
3371 1053 3466 1107 νῦν
3503 1054 3639 1106 ὐπο-

2084 1146 2283 1212 μενείς,
2338 1143 2478 1199 ὥστε
2527 1148 2773 1210 ἅπαντας
2815 1148 2940 1210 τοὺς
2993 1145 3135 1200 κατά
3178 1145 3282 1215 γῆν
3321 1143 3640 1217 ἀνθρώπους

2081 1235 2374 1303 ἐπιγνῶναι
2411 1238 2509 1308 τῆς
2544 1238 2693 1301 θείας
2716 1239 3022 1310 οἰκονομίας
3057 1240 3116 1293 τὸ
3148 1238 3376 1310 μέγεθος
3412 1237 3643 1292 τοιαῦτα

2081 1326 2451 1399 ἐργαζομένης
2471 1344 2484 1356 ·
2512 1330 2654 1383 οὓτω
2673 1330 2731 1383 τέ
2766 1348 2848 1384 σοι
2885 1331 2962 1402 τῷ
2986 1330 3217 1384 τοσαῦτα
3238 1328 3516 1401 δυνηθέντι
3544 1330 3641 1382 καὶ

2082 1420 2425 1491 πεποιηκότι,
2466 1421 2700 1495 φοϐερὰν
2742 1423 3001 1492 ἐπάγοντι
3040 1424 3139 1493 τὴν
3190 1423 3492 1494 τιμωρίαν,
3544 1422 3641 1475 καὶ

2081 1516 2395 1585 πρέπουσάν
2445 1533 2507 1585 γε
2561 1515 2639 1586 τῷ
2691 1517 2885 1589 πλήθει
2933 1517 3042 1570 τῶν
3095 1514 3495 1588 ἡμαρτημένων
3536 1514 3647 1567 ὑπὸ

2084 1610 2197 1666 σοῦ.
2232 1610 2335 1664 Καὶ
2362 1611 2521 1665 πάλιν
2557 1610 2918 1674 ὀνειδιστικῶς
2953 1610 3162 1679 λέγων’
3193 1628 3213 1661 ι
3243 1605 3316 1662 Ὠ
3342 1609 3371 1662 ὀ
3405 1608 3639 1672 ποτίζων

2081 1702 2172 1755 τὸν
2213 1702 2436 1771 πλησίον
2492 1700 2653 1754 αύτοῦ
2695 1702 3005 1772 ἀνατροπὴν
3052 1701 3297 1772 θολεράν,
3341 1699 3437 1753 καὶ
3475 1698 3643 1768 μεθύ-

2084 1811 2226 1847 σκων
2247 1794 2395 1856 ὅπως
2421 1792 2687 1863 ἐπιϐλέπῃ
2716 1792 2809 1844 ἐπὶ
2831 1793 2900 1846 τά
2926 1791 3161 1863 σπήλαια
3190 1789 3386 1844 αὐτῶν.
3425 1806 3444 1841 ι
3471 1784 3640 1841 Εἶπον

2081 1888 2337 1951 πολλάκις
2378 1888 2458 1941 ὅτι
2486 1889 2576 1942 τὸν
2605 1884 2744 1942 οἶνον
2786 1887 2880 1941 καὶ
2914 1886 2975 1938 τὸ
3020 1885 3191 1937 πίνειν
3226 1883 3389 1936 αὑτὸν
3426 1881 3516 1934 ἐπὶ
3540 1882 3644 1951 τῆς

2083 1980 2361 2051 συμφορᾶς
2397 1980 2565 2047 λέγει.
2610 1980 2680 2032 Σὺ
2720 1973 2834 2040 οὖν,
2860 1977 3045 2047 φησὶν,
3090 1971 3230 2046 ἦσθα
3284 1976 3314 2026 ὁ
3352 1975 3516 2027 πᾶσιν
3552 1974 3645 2026 ἀνευ

2081 2073 2318 2144 θρώποις
2347 2071 2498 2142 πόμα
2527 2070 2751 2132 θολῶδες
2795 2067 3104 2138 προσάγων,
3138 2066 3427 2136 μεθύσκειν
3461 2082 3520 2118 τε
3546 2064 3643 2119 καὶ

2080 2164 2404 2236 ἀνατρέπειν
2452 2163 2546 2217 τὸν
2592 2162 2817 2215 πίνοντα
2859 2160 3154 2230 δυνάμενον
3198 2157 3508 2221 παντελῶςο
3551 2158 3641 2210 ἵνα

2080 2256 2231 2327 εῐπῃ,
2268 2254 2539 2325 τιμωρίαν
2582 2251 2891 2323 βαρυτάτην
2924 2250 3127 2304 ἅπασιν
3164 2251 3416 2317 ἐπάγων*
3467 2246 3638 2301 ταῦτα

2079 2349 2154 2413 δὲ,
2182 2348 2365 2418 φησὶν,
2392 2346 2594 2408 ἐποίεις
2620 2344 2727 2397 τῶν
2753 2343 3047 2414 ἀλλοτρίων
3080 2340 3380 2410 ἐπιθυμῶν,
3415 2340 3489 2409 (ρ.
3510 2339 3639 2408 370)

2080 2439 2316 2503 καὶτοὺς
2354 2437 2656 2508 θησαυροὺς
2693 2436 2818 2497 τοὺς
2850 2433 3164 2504 ἀλλοτρίους
3200 2429 3641 2503 ἀνερευνώμενος

2080 2532 2173 2584 καὶ
2201 2527 2400 2584 σαυτοῦ
2444 2528 2620 2582 ποιεῖν
2643 2525 2860 2579 ἐθέλων.

2149 2622 2294 2692 Στίχ.
2331 2626 2529 2691 ις’-ιη’.
2571 2648 2643 2660 --
2684 2638 2704 2668 ι
2752 2616 3074 2688 Πλησμονὴν
3118 2616 3341 2686 ἀτιμίας
3369 2615 3433 2667 ἐκ
3475 2612 3641 2683 δόξης

2079 2716 2168 2769 πίε
2197 2718 2290 2769 καὶ
2325 2713 2423 2767 σύ⁶
2458 2711 2654 2783 καρδία
2696 2710 3006 2780 σαλεύθητι,
3040 2708 3134 2761 καὶ
3180 2707 3442 2777 σείσθητι.
3497 2724 3515 2756 ι
3569 2704 3642 2758 Ἀ

2079 2810 2255 2862 τοίνυν
2302 2806 2606 2876 πεποίηκας
2648 2804 2873 2874 ἑτέροις,
2905 2802 3109 2862 δίκαιος
3151 2800 3215 2853 ἂν
3254 2797 3371 2868 εἴης
3411 2796 3636 2849 παθεῖν·

2080 2899 2144 2951 ἶν’
2163 2898 2223 2961 ἐξ
2246 2896 2464 2965 ἀπάσης
2495 2895 2708 2965 ἐκείνης
2737 2893 2834 2962 τῆς
2871 2892 3027 2960 δόξης
3067 2889 3290 2959 ἀτιμίας
3311 2886 3641 2959 πληρωθεὶς,

2077 2987 2521 3058 διασαλευόμενός
2548 3005 2607 3041 τε
2630 2985 2724 3040 καῖ
2746 2985 3102 3038 καταπίπτων
3139 2982 3214 3045 ὡς
3235 2980 3340 3033 ὑπό
3372 2996 3513 3042 τινος
3541 2978 3640 3047 μέ-

412 3059 708 3128 punitionis
744 3059 859 3117 ﬁas.
904 3082 923 3115 ι
958 3062 1325 3119 Circumdedit
1353 3077 1402 3120 te
1428 3068 1563 3121 calix
1603 3067 1837 3124 dexterae
1868 3069 1973 3126 Do-

2078 3082 2175 3153 θης
2208 3082 2275 3151 τῇ
2315 3080 2413 3150 τῆς
2451 3078 2716 3149 τιμωρίας
2756 3076 3030 3146 διαμένοις
3065 3073 3360 3145 ὑπερϐολῇ.
3407 3091 3425 3124 ι
3480 3069 3642 3124 Ἐκύ-

413 3147 568 3212 mini,
594 3158 647 3204 et
671 3159 887 3221 aggesta
913 3162 995 3207 est
1017 3153 1307 3221 ignominia
1336 3172 1499 3225 super
1520 3157 1746 3227 gloriam
1770 3168 1971 3215 tuam.»

411 3238 652 3294 Adduxit
692 3241 789 3296 tibi
833 3244 1057 3300 calicem
1098 3260 1253 3299 suum
1289 3244 1452 3308 Deus.
1487 3264 1583 3317 pro
1620 3264 1685 3303 eo
1735 3258 1793 3303 ut
1833 3251 1978 3306 dicat

412 3330 682 3386 decretam
708 3348 739 3387 a
776 3348 834 3389 se
866 3350 1102 3406 pcenam,
1127 3346 1184 3390 ut
1212 3338 1381 3407 gloria
1421 3348 1510 3393 tua
1545 3342 1595 3394 in
1628 3343 1975 3412 ignominiam

411 3422 695 3491 plurimam
738 3427 972 3496 undique
1019 3429 1073 3482 in
1124 3438 1175 3483 te
1220 3441 1530 3502 congestam
1573 3434 1824 3505 deinceps
1846 3451 1976 3491 con-

409 3520 668 3566 vertatur.
705 3532 725 3564 ι
765 3515 901 3581 Quia
932 3518 1182 3587 impietas
1209 3520 1395 3576 Libani
1429 3528 1636 3594 aperiet
1676 3534 1745 3589 te,
1789 3535 1844 3581 et
1878 3528 1976 3579 mi-

409 3604 551 3657 seria
580 3603 876 3661 bestiarum
929 3613 1149 3666 terrebit
1185 3624 1254 3676 te,
1297 3626 1514 3684 propter
1558 3618 1850 3687 sanguines
1878 3619 1977 3673 ho-

410 3695 635 3762 minum,
668 3706 721 3752 et
750 3699 1052 3770 impietates
1087 3715 1242 3761 terrae
1279 3717 1331 3761 et
1369 3709 1517 3764 urbis
1551 3710 1778 3779 ejusque
1821 3710 1974 3765 ineo-

411 3787 603 3842 larum.
634 3809 652 3843 ι
683 3789 833 3847 Sicut
859 3796 1005 3850 enim
1027 3798 1287 3855 adversus
1318 3803 1570 3872 populum
1604 3803 1764 3872 impie
1794 3804 1972 3873 egisti.

409 3893 552 3932 nunc
576 3896 789 3949 poenam
820 3885 957 3948 lues.
986 3888 1230 3945 hostibus
1264 3889 1499 3947 ferarum
1537 3893 1641 3947 ritu
1678 3893 1837 3965 253
1876 3894 1973 3948 tibi

410 3970 804 4041 ingruentibus,
839 3988 1001 4045 atque
1038 3981 1092 4033 in
1122 3982 1339 4043 miseria
1378 3986 1545 4039 multa
1583 3986 1970 4049 constitueris;

410 4074 628 4131 propter
689 4064 932 4121 homines
960 4084 990 4122 a
1034 4080 1084 4126 te
1116 4071 1501 4146 Hierosolymis
1542 4056 1875 4144 interfectos,
1920 4090 1976 4134 et

409 4153 533 4220 quia
568 4154 793 4211 sceleste
836 4166 1025 4212 contra
1070 4160 1160 4216 Dei
1211 4165 1481 4235 regionem
1520 4170 1816 4238 urbemque
1859 4173 1971 4242 egi.

410 4245 502 4310 sti,
536 4247 737 4300 nemini
767 4262 996 4317 parcens
1036 4252 1337 4311 incolarum
1376 4258 1517 4329 ejus.
1542 4259 1658 4315 Jam
1690 4278 1969 4334 postquam

410 4340 485 4394 illi
515 4352 735 4411 peccata
765 4343 1027 4400 adversus
1066 4351 1323 4417 p0pulum
1369 4354 1730 4425 templumque
1778 4376 1971 4430 expro-

408 4435 603 4495 bravit,
628 4445 1026 4507 consequenter
1048 4440 1228 4494 subdit
1259 4457 1273 4495 :
1312 4460 1331 4493 ι
1370 4442 1507 4509 Quid
1553 4447 1773 4515 prodest
1827 4428 1970 4505 scul-
2006 4428 2047 4481 θ

407 4524 556 4592 ptile,
582 4527 706 4594 quia
748 4528 1086 4596 sculpserunt
1132 4531 1296 4586 illud?
1344 4532 1610 4591 Fecerunt
1660 4541 1788 4595 illud
1836 4560 1969 4603 con.

406 4612 590 4675 ﬂatile,
620 4631 815 4671 vanum
846 4620 1219 4685 simulacrum,
1247 4627 1501 4695 quoniam
1552 4635 1775 4690 confidit
1816 4640 1972 4696 lictor

404 4900 494 4942 res
525 4888 607 4942 vel
640 4887 886 4945 homines
926 4893 994 4946 ad
1032 4910 1154 4949 eum
1181 4901 1547 4968 pertinentes;
1600 4909 1669 4961 ab
1709 4910 1866 4968 idolis
1917 4925 1969 4970 te

2078 3173 2281 3228 κλωσεν
2310 3171 2402 3224 ἐπὶ
2440 3169 2501 3222 σέ
2527 3170 2784 3239 ποτήριον
2807 3167 2983 3231 δεξιᾶς
3014 3166 3238 3236 Κυρίου.
3274 3164 3367 3216 καὶ
3399 3158 3641 3232 συνήχθη

2076 3265 2268 3335 ἀτιμία
2306 3263 2397 3315 ἐπὶ
2426 3260 2523 3332 τὴν
2552 3259 2710 3323 δόξαν
2761 3275 2875 3312 σου.
2929 3277 2946 3310 ι
3007 3257 3280 3325 Ἐπήγαγε
3320 3255 3425 3324 γάρ
3465 3270 3544 3306 σοι
3574 3250 3643 3304 τὸ

2076 3356 2273 3409 οἰκεῖον
2301 3354 2557 3423 ποτήριον
2588 3353 2619 3403 ὁ
2646 3350 2799 3414 Θεὸς,
2825 3350 2911 3403 ἵνα
2933 3348 3063 3418 εἴπῃ
3091 3348 3190 3417 τὴν
3220 3347 3284 3399 ἐκ
3310 3346 3405 3414 τῆς
3433 3344 3643 3407 οἰκείας

2076 3448 2402 3516 ἀποφάσεως
2444 3444 2731 3516 τιμωρίαν,
2786 3444 2926 3497 ὥστε
2976 3457 3058 3494 σοι
3084 3439 3183 3510 τὴν
3220 3437 3375 3501 δόξαν
3413 3437 3493 3499 εἰς
3528 3452 3644 3489 ατι-

2080 3540 2207 3609 μίαν
2235 3539 2491 3608 πλείστην
2530 3534 2868 3605 πανταχόθεν
2900 3531 3292 3603 ἀθροιζομένην
3320 3530 3413 3583 ἐπὶ
3445 3528 3505 3617 σὲ
3548 3545 3644 3598 μεει

2075 3627 2437 3699 ταϐεϐλῆσθαι
2474 3626 2679 3680 λοιπόν.
2733 3642 2752 3675 ι
2808 3624 2952 3677 Διότι
2993 3622 3214 3676 ἀσέϐεια
3258 3618 3351 3674 τοῦ
3403 3619 3641 3674 Λιϐάνου

2078 3720 2305 3790 καλύψει
2341 3736 2422 3782 σε,
2453 3719 2545 3771 καὶ
2585 3714 2928 3785 ταλαιπωρία
2956 3713 3159 3784 θηρίων
3188 3713 3412 3782 πτοήσει
3449 3728 3528 3775 σε,
3567 3710 3640 3763 δι’

2074 3815 2280 3884 αἵματα
2327 3809 2652 3879 ἀνθρώπων,
2691 3808 2783 3861 καί.
2818 3806 3070 3869 ἀσεϐείας
3110 3807 3213 3876 γῆς
3273 3806 3368 3858 καὶ
3422 3805 3642 3858 πάντων

2075 3892 2189 3958 τῶν
2231 3902 2623 3958 κατοικούντων
2665 3899 2854 3968 αὐτήν.
2911 3917 2929 3948 ι
2994 3898 3081 3959 Ὠς
3109 3896 3217 3967 γὰρ
3261 3898 3340 3960 εἰς
3380 3897 3470 3950 τὸν
3506 3896 3640 3949 λαὸν

2075 3996 2373 4067 ἠσέϐησας,
2398 3992 2495 4047 νῦν
2531 3990 2721 4053 δώσεις
2755 3989 2910 4058 δίκην
2932 3987 3177 4051 δικαίως,
3207 3987 3393 4057 ὥσπερ
3427 3986 3530 4039 ὑπό
3561 4003 3642 4039 τι·

2075 4108 2180 4143 νων
2218 4089 2421 4160 θηρίων
2450 4084 2559 4139 τῶν
2588 4082 2851 4135 ἐπιόντων
2891 4097 2975 4133 σοι
3008 4080 3309 4151 πολεμίων·
3353 4082 3433 4143 είς
3471 4079 3638 4148 φόϐον

2075 4184 2167 4235 καὶ
2198 4176 2568 4247 ταλαιπωρίαν
2605 4174 2916 4246 καταστήσῃ
2957 4172 3154 4241 πολλήν
3176 4186 3189 4200 ·
3237 4171 3374 4242 ὑπὲρ
3395 4165 3469 4224 ὧν
3489 4171 3639 4223 ἀνεῖ-

2073 4274 2161 4336 λές
2188 4289 2248 4324 τε
2279 4269 2582 4341 ἀνθρώπων
2608 4264 2750 4318 κατά
2788 4263 2885 4334 τὴν
2914 4264 3288 4335 Ἰερουσαλὴμ,
3306 4263 3399 4318 καὶ
3416 4262 3638 4333 ησέϐεις

2073 4366 2149 4427 εἰς
2182 4378 2241 4416 τε
2283 4362 2383 4433 τὴν
2409 4361 2513 4431 γῆν
2539 4362 2636 4432 τὴν
2663 4360 2811 4414 θείαν
2851 4359 2946 4413 καὶ
2980 4356 3076 4428 τὴν
3112 4355 3286 4421 πόλιν,
3335 4354 3455 4408 οὐδὲ
3502 4355 3636 4424 μίαν

2070 4456 2179 4507 τῶν
2223 4452 2513 4507 οἰκούντων
2552 4452 2721 4522 αὐτὴν
2761 4450 2925 4520 φειδὼ
2967 4446 3237 4502 ποιεῖσθαι
3287 4446 3632 4517 βουλόμενος.

2070 4546 2179 4601 Καὶ
2208 4543 2501 4613 ἐπειδήπερ
2536 4541 2682 4612 αὐτῷ
2707 4542 2803 4610 τὴν
2841 4543 2920 4604 εἰς
2941 4539 3033 4592 τὸν
3062 4539 3189 4592 λαὸν
3225 4540 3316 4592 καὶ
3349 4538 3447 4609 τὴν
3478 4538 3637 4593 πόλιν

2069 4640 2161 4692 καί
2187 4639 2276 4691 τὸν
2315 4635 2439 4688 ναὸν
2462 4634 2735 4688 ὠνείδισεν
2760 4634 2818 4684 ἐν
2846 4632 3054 4694 τούτοις
3082 4630 3475 4700 πλημμέλειαν,
3498 4631 3634 4684 ἀκο-

2067 4729 2270 4791 λούθως
2303 4727 2497 4794 ἐπάγει
2519 4742 2531 4756 ·
2580 4745 2600 4777 ι
2645 4726 2710 4777 Τί
2752 4725 2950 4793 ὠφελεῖ
2991 4722 3248 4791 γλυπτὸν,
3280 4723 3364 4774 ὅτι
3394 4722 3634 4791 ἐγλυψαν

2068 4821 2196 4873 αὑτό
2219 4837 2233 4882 ;
2284 4818 2524 4871 ἔπλασαν
2549 4816 2682 4869 αὐτὸ
2708 4815 2962 4884 χώνευμα
2990 4813 3288 4882 φαντασίαν
3324 4811 3515 4880 ψευδῆ,
3547 4812 3633 4865 ὅτι

2068 4912 2322 4971 πέποιθεν
2349 4912 2378 4962 ό
2405 4908 2616 4970 πλάσας
2645 4909 2737 4960 ἐπὶ
2764 4908 2823 4959 τὸ
2852 4907 3076 4977 πλάσμα
3100 4904 3264 4959 αὑτοῦ
3295 4901 3518 4972 ποιῆσαι
3551 4903 3634 4955 εί-

404 4979 649 5079 adjutum
698 4980 762 5034 iri
790 4984 1065 5051 putabas:
1106 4989 1250 5057 quod
1299 4993 1548 5051 humana:
1589 5014 1784 5057 manus
1829 5021 1968 5061 vano

2076 5006 2204 5059 Βωλα
2249 5001 2428 5069 κωφά.
2481 5019 2501 5051 ι
2560 4998 2718 5051 Ἀλλά
2759 5001 2871 5067 γὰρ
2896 4997 3119 5066 ἠμέλεις
3164 4997 3280 5066 μὲν,
3309 4995 3495 5065 φησὶν,
3534 4993 3633 5047 τοῦ

404 5070 785 5164 simulamento
815 5071 1202 5140 formaverant,
1238 5091 1290 5132 tu
1326 5084 1553 5140 adorare
1581 5092 1856 5157 sludebas,
1880 5096 1968 5164 ju-

2076 5098 2211 5157 Βυτος
2239 5091 2376 5146 Θεοῦ
2398 5110 2410 5122 '
2445 5092 2520 5161 (p.
2554 5090 2681 5159 571)
2719 5090 2813 5143 καὶ
2839 5088 3201 5159 ὲπλημμέλεις
3232 5086 3401 5149 ἀδεῶς
3449 5088 3528 5147 είς
3564 5087 3635 5140 τὰ

402 5158 517 5211 vari
546 5166 599 5213 te
643 5160 717 5218 ab
753 5161 914 5219 idolis
956 5170 1123 5224 mutis
1160 5181 1213 5225 et
1257 5172 1491 5229 humana
1525 5198 1686 5237 manu
1721 5158 1966 5245 formatis

2076 5187 2213 5258 χὺτῷ
2240 5204 2304 5255 γε
2330 5158 2706 5256 προσήκοντα·
2751 5182 2854 5234 ὑπὸ
2880 5181 2935 5234 δὲ
2962 5158 3070 5233 τῶν
3096 5179 3327 5232 εἰδώλων
3352 5176 3633 5248 ὠφεληθήι

402 5266 651 5318 sperans.

2071 5299 2124 5333 σε
2134 5281 2252 5332 σθαι
2289 5276 2395 5347 ᾤου
2415 5293 2427 5306 ·
2449 5276 2478 5328 ὃ
2499 5278 2618 5337 ταῖς
2656 5273 3020 5343 ἀνθρωπίναις
3045 5271 3403 5342 εἰργασμένον
3439 5271 3639 5340 χερσὶν

402 5346 459 5444 ἐν
478 5344 729 5444 ἀπατηλῇ
758 5366 862 5402 τινι
891 5352 1158 5444 φαντασίᾳ
1189 5352 1505 5425 θεραπεύειν
1526 5361 1799 5432 ἔσπευδες,
1823 5370 2269 5444 ὡφεληθήσεσθαί
2301 5344 2353 5421 τι
2383 5367 2626 5438 οἰόμενος
2654 5366 2763 5418 ἀπὸ
2794 5363 3025 5417 εἰδώλων
3061 5362 3293 5431 ἀφώνων
3312 5363 3630 5435 ἀνθρωπείῳ

400 5434 745 5489 πλασθέντων
769 5438 931 5509 χειρί.

470 5524 633 5584 Vens.
656 5529 834 5586 19-20.
863 5562 930 5572 —
951 5532 1141 5590 Postea
1168 5548 1532 5594 consentanea
1563 5558 1810 5601 sermone
1838 5565 1960 5619 pro-

399 5621 641 5688 sequitur
697 5643 708 5677 :
763 5643 782 5676 ι
836 5623 928 5681 Vae
967 5628 1057 5693 qui
1113 5627 1243 5682 dicit
1290 5632 1434 5701 ligno
1483 5652 1493 5686 :
1552 5634 1953 5707 Expergiscere.

399 5726 558 5783 surge
583 5731 594 5778 ;
622 5723 673 5768 et
702 5715 864 5789 lapidi
892 5737 904 5772 :
938 5717 1205 5776 Extollere
1238 5742 1248 5775 ;
1284 5723 1414 5777 nihil
1450 5742 1571 5780 vero
1616 5728 1756 5781 aliud
1787 5747 1952 5802 quam

2136 5551 2281 5621 Στίχ.
2329 5549 2415 5615 ιθ’,
2446 5556 2513 5606 κ’.
2572 5546 2701 5602 Εἶτα
2732 5547 3037 5611 ἀκολούθως
3099 5549 3326 5615 ἐπάγει*
3360 5565 3378 5595 ι
3417 5545 3552 5598 Οὐαὶ
3594 5546 3627 5597 ό

2062 5640 2232 5709 λέγων
2267 5640 2345 5710 τῷ
2370 5639 2528 5711 ξύλῳ,
2556 5641 2844 5709 Ἔκνηψον,
2880 5638 3215 5710 ἐξεγέρθητι·
3248 5639 3341 5691 καὶ
3371 5637 3448 5706 τῷ
3470 5636 3621 5704 λίθῳ,

2064 5733 2365 5805 ’Υψώθητυ
2401 5733 2494 5789 καὶ
2539 5731 2683 5785 αὑτό.
2717 5734 2827 5784 ἐστι
2862 5732 3125 5802 φαντασία
3147 5747 3160 5760 ·
3192 5729 3350 5787 τοῦτο
3388 5729 3444 5785 δέ
3477 5730 3627 5787 ἐστιν
