3992 6232
184 317 275 378 ίῦί

1078 320 1627 379 COMMENTARIUS
1661 322 1727 378 IN
1769 323 2107 383 HABACUCI
2151 324 2571 381 ORATIONEM.

3344 327 3449 381 ιη

189 441 397 507 ἔλασμα
443 437 511 488 ἐκ
570 435 797 506 χρυσίου
854 435 948 489 καὶ.
987 436 1269 508 ἀργυρίου.
1298 440 1391 493 καὶ
1427 442 1534 493 πᾶν
1562 441 1776 510 πνεῦμα

1896 441 2161 498 ihantasia
2184 450 2308 509 est;
2342 442 2394 497 id
2433 451 2516 498 est
2547 441 2663 496 auri
2692 441 2964 512 argentive
2998 442 3217 504 lamina,
3248 444 3452 498 nullus-
3484 454 3485 457 ‘

193 531 289 581 οῦκ
321 529 465 580 ἔστιν
494 529 557 579 ὲν
585 526 771 598 αὐτῷ’
812 527 842 579 ὁ
869 527 926 580 δὲ
971 527 1174 596 Κύριος
1215 531 1272 581 ἐν
1302 529 1414 600 ναῷ
1444 531 1584 600 ἁγίῳ
1613 529 1777 585 αὐτοῦ

194 618 527 675 εὐλαϐείσθω
556 620 669 673 ἀπὸ
709 621 998 691 προσώπου
1028 622 1191 675 αὐτοῦ
1226 624 1373 675 πᾶσα
1405 625 1439 685 ἠ
1467 623 1561 692 γῆ.
1602 642 1622 675 ι
1659 622 1781 687 Πῶς

193 706 294 764 οὖν
323 711 419 763 οὐκ
447 709 807 773 ὲλεεινότατος
834 712 950 780 είης
978 710 1043 764 ἂν
1078 711 1153 775 ὡς
1186 714 1506 783 ἐγρηγορότι
1536 712 1613 783 τῷ
1642 713 1782 783 ξύλῳ

193 801 595 871 διαλεγόμενος,
622 801 717 853 καί¹
754 800 1001 872 βοήθειαν
1029 803 1104 865 ώς
1145 804 1205 867 ἐξ
1232 803 1437 873 ὑψηλοῦ
1481 803 1656 875 ζητῶν
1688 804 1780 858 τοῦ

196 893 438 958 εἰδώλου,
485 893 515 946 δ
562 894 825 961 φαντάζει
883 896 978 965 μὲν
1018 895 1109 949 τὸν
1153 896 1361 967 ὁρῶντα
1400 899 1557 968 μόνον
1600 898 1675 961 ώς
1724 898 1781 965 ἐξ

199 988 334 1055 ὕλης
382 987 885 1058 κατεσκευασμένον
939 989 1145 1057 τιμίας,
1194 988 1398 1061 ἔρημον
1439 990 1496 1044 δὲ
1547 990 1782 1060 ζωτικῆς

196 1080 385 1148 πάσης
414 1079 531 1131 ἐστὶ
574 1080 886 1149 δυνάμεως
928 1080 1106 1150 πολλῷ
1156 1081 1262 1151 γὰρ
1302 1078 1372 1152 ἦν
1418 1081 1639 1152 ἄμεινόν
1677 1100 1778 1144 σοι,

195 1168 410 1220 τούτων
467 1169 564 1237 μὲν
622 1170 979 1238 καταφρονεῖν
1029 1170 1122 1222 καί⁸
1158 1169 1361 1241 μηδένα
1410 1170 1567 1239 λόγον
1605 1172 1783 1224 αὐτῶν

198 1260 496 1324 ποιεῖσθαι,
539 1259 953 1327 ἀναλογίζεσθαι
1013 1260 1071 1313 δὲ
1114 1260 1209 1313 τοῦ
1255 1260 1386 1315 Θεοῦ
1429 1262 1490 1315 τὸ
1534 1263 1780 1332 μέγεθος,

197 1349 419 1418 ἔχοντος
473 1349 572 1419 μὲν
627 1349 852 1421 φοϐερὸν
903 1351 996 1403 καὶ
1045 1352 1355 1424 ἀπόρρητον
1406 1353 1531 1407 ναὸν
1570 1355 1631 1407 τὸ
1674 1356 1785 1409 τῶν

195 1441 449 1510 οὐρανῶν
473 1442 807 1511 οἰκητήριον,
846 1442 1179 1513 κεκτημένου
1208 1443 1263 1496 δὲ
1288 1444 1413 1497 ναὸν
1442 1446 1535 1499 καί⁵
1562 1448 1652 1499 ἐπὶ
1681 1449 1783 1518 γῆς

197 1529 291 1583 διὰ
316 1530 415 1600 τὴν
439 1531 550 1583 τῶν
578 1532 881 1603 ἀνθρώπων
906 1534 1092 1604 χρείαν
1111 1550 1123 1562 ⁸
1160 1535 1295 1605 πρὸς
1325 1535 1384 1589 ὃν
1414 1538 1474 1591 οὐ
1514 1540 1571 1591 σὲ
1604 1539 1780 1609 μόνον,

198 1621 342 1673 ἀλλὰ
369 1622 461 1674 καὶ
488 1622 696 1686 πάντας
724 1623 851 1686 τοὺς
878 1624 1015 1677 κατὰ
1040 1625 1145 1694 γῆν
1189 1626 1506 1699 ἀνθρώπους
1533 1631 1780 1701 ἀφορῶν-

200 1727 325 1774 τας,
364 1711 502 1780 μετὰ
536 1711 732 1764 πολλοῦ
784 1712 1056 1783 προσῆκον
1104 1709 1173 1784 ἦν
1218 1715 1313 1767 τοῦ
1360 1716 1510 1779 δέους
1557 1720 1647 1770 καὶ
1683 1717 1782 1788 τὴν

1879 553 1986 606 que
2030 535 2085 589 in
2130 551 2196 590 eo
2234 535 2459 605 spiritus
2506 543 2609 590 est.
2651 534 2909 589 Dominus
2943 544 3125 589 autem
3164 534 3219 587 in
3252 540 3451 604 templo

1881 636 2073 683 sancto
2096 642 2197 681 suo
2226 646 2239 681 :
2269 638 2582 682 revereatur
2604 641 2631 679 a
2657 624 2793 681 facie
2811 626 2931 694 ejus
2950 625 3204 681 universa
3234 634 3398 679 terra.
3431 648 3446 675 ι

1880 718 2081 786 Quidni
2110 736 2239 789 ergo
2268 720 2606 775 miserrimus
2651 718 2747 781 sis,
2789 719 2881 787 qui
2922 718 3152 787 lapidem
3189 733 3288 772 ceu
3320 717 3453 785 vigi-

1881 813 2081 867 lantem
2121 813 2449 883 alloqueris;
2494 821 2546 866 et
2594 812 2876 873 auxilium,
2919 810 3072 880 quasi
3115 826 3181 864 ex
3219 812 3348 869 alto,
3383 810 3452 862 ah

1884 902 2028 957 ίιιοιο
2059 903 2311 972 exposcis
2331 945 2344 967 ,
2374 903 2515 970 quod
2552 901 2891 971 phantasiam
2924 901 3298 953 tantummodo
3330 914 3452 967 spe-

1882 993 2050 1046 ctanti
2087 992 2293 1059 objicit,
2344 1008 2442 1046 ceu
2491 991 2725 1061 pretiosa
2778 991 3002 1044 materia
3045 997 3326 1052 constans,
3358 987 3451 1042 sed

1883 1092 2063 1139 tamen
2095 1086 2144 1137 vi
2179 1083 2325 1137 omni
2362 1083 2508 1137 vitali
2537 1080 2916 1137 caret2Multo
2949 1081 3044 1133 tibi
3092 1079 3287 1134 melius
3316 1090 3451 1144 erat,

1885 1175 1997 1228 haec
2026 1182 2374 1229 contemnere
2402 1187 2465 1227 ac
2494 1170 2646 1226 ﬂocci
2681 1171 2893 1237 facere;
2926 1183 2977 1225 et
3006 1170 3244 1240 cogitare
3275 1169 3453 1237 potius

1883 1265 1947 1320 de
1998 1263 2091 1320 Dei
2137 1264 2529 1334 magnitudine,
2562 1262 2653 1332 qui
2690 1262 3025 1317 tremendum
3087 1275 3456 1329 arcanumque

1883 1357 2045 1411 habet
2093 1359 2146 1409 in
2197 1360 2335 1409 coelo
2397 1355 2784 1414 habitaculum,
2835 1364 2887 1406 et
2937 1352 2991 1405 in
3030 1352 3188 1405 terris
3240 1366 3455 1420 quoque.

1882 1450 2137 1517 templum
2178 1447 2417 1517 possidet
2466 1447 2743 1500 hominum
2782 1445 2902 1501 usui
2938 1442 3402 1497 accommodatum
3439 1459 3453 1505 ;

1882 1541 1948 1595 ad
1976 1556 2134 1611 quem
2178 1556 2286 1594 non
2333 1547 2384 1593 te
2442 1538 2639 1600 solum,
2686 1538 2780 1592 sed
2825 1547 2878 1592 et
2921 1552 3113 1590 omnes
3143 1550 3235 1604 per
3267 1533 3453 1588 orbem

1883 1633 2130 1688 homines
2170 1634 2439 1700 respicere
2474 1628 2639 1682 multa
2666 1644 2788 1681 cum
2826 1626 3128 1681 reverentia
3162 1633 3451 1694 oporteret,

1881 1726 2109 1794 ejusque
2166 1723 2483 1777 memoriam
2537 1727 2719 1773 mente
2770 1726 2973 1772 tenere.
3034 1718 3210 1786 Atque
3264 1716 3319 1769 in
3373 1715 3457 1768 bis

202 1804 419 1856 ἔννοιαν
465 1805 606 1875 ἔχειν
656 1807 714 1858 ἑν
770 1806 979 1870 ἑαυτοῖς
1022 1805 1120 1878 τὴν
1176 1808 1401 1862 ἐκείνου.
1449 1811 1534 1861 Ἐν
1574 1812 1670 1880 μὲν
1718 1812 1781 1884 δὴ

1896 1790 2153 1872 :oliclusit
2188 1814 2334 1868 illam
2382 1812 2448 1881 de
2492 1827 2597 1879 qua
2648 1823 2749 1863 nos
2797 1808 3059 1861 hactenus
3090 1807 3299 1876 egimus
3331 1820 3457 1874 pro-

204 1893 422 1957 τούτοις
472 1896 798 1965 συνεπέρανε
859 1896 969 1949 τῶν
1028 1897 1436 1969 προειρημένων
1500 1901 1630 1969 ἡμῖν
1683 1902 1782 1971 τὴν

205 1986 542 2056 προφητείαν
574 1987 605 2038 ὁ
638 1987 905 2058 μακάριος
938 1988 1278 2060 Ἀμϐακοὺμ,
1313 1994 1389 2059 (p.
1430 1990 1553 2061 372)
1584 1991 1694 2045 τῶν
1725 2009 1781 2044 τε

203 2080 268 2132 tv
298 2077 375 2147 τῷ
584 2079 1151 2134 καταδυναστευόντων
1199 2084 1323 2145 τοὺς
1364 2083 1606 2150 ίπένητας
1657 2084 1785 2138 καθ-

204 2171 505 2239 αψάμενος,
546 2171 641 2223 καὶ
688 2172 786 2242 τὴν
836 2172 1285 2244 ὲπαχθησομένην
1328 2175 1509 2239 αὐτοῖς
1550 2175 1636 2228 διὰ
1687 2177 1787 2246 τῆς

205 2263 562 2318 Βαϐυλωνίων
585 2264 774 2332 ἐφόδου
804 2265 1073 2336 τιμωρίαν
1113 2265 1303 2319 εἰπών.
1331 2268 1438 2319 Καὶ
1474 2269 1590 2337 μετ’
1615 2270 1787 2322 ἐκεῖνο

204 2356 303 2426 τὴν
345 2356 530 2409 αὐτῶν
577 2373 639 2409 τε
682 2357 793 2409 τῶν
853 2357 1207 2411 Βαϐυλωνίων
1255 2359 1491 2429 εἰρηκὼς
1544 2361 1636 2413 καὶ
1688 2361 1788 2433 τὴν

204 2448 464 2518 ὡμότητα
557 2449 685 2519 περί
712 2466 770 2501 τε
812 2450 938 2512 τοὺς
984 2450 1201 2513 λοιποὺς
1243 2453 1338 2505 καὶ
1374 2451 1474 2521 τὴν
1519 2454 1786 2523 Ἰερουσα-

205 2539 317 2610 λὴμ
362 2542 667 2611 ἐχρήσαντο
709 2540 835 2604 τούς
880 2559 938 2595 τε
979 2542 1260 2605 οἰκοῦντας
1299 2544 1489 2614 αὐτὴν,
1536 2545 1685 2608 ὅπως
1729 2563 1788 2598 τε

205 2634 447 2689 κάκεῖνοι
475 2633 633 2695 δίκας
664 2633 763 2701 τῆς
794 2634 995 2696 οἰκείας
1024 2634 1287 2688 δεδώκασι
1316 2637 1680 2709 παρανομίας.

591 2724 960 2778 ΠΡΟΣΕΥΧΗ
999 2728 1413 2782 ΑΜΒΑΚΟΥΜ.
1700 2732 1703 2733 ⁷

272 2815 426 2885 Στίχ,
460 2814 532 2881 α’,
564 2816 628 2886 β’.
654 2850 719 2861 -
748 2819 950 2888 Τρὲπει
983 2818 1038 2871 δὲ
1084 2819 1175 2870 ἐπὶ
1208 2818 1515 2889 προσευχὴν
1546 2820 1791 2875 ἐντεῦθεν

208 2909 295 2962 τὸν
319 2909 505 2976 λόγον,
530 2910 588 2960 ὲν
625 2910 866 2979 σχήματι
895 2912 1204 2982 προσευχῆς
1241 2913 1309 2964 τὰ
1355 2913 1506 2983 παρὰ
1536 2913 1626 2966 τοῦ
1656 2913 1792 2967 Θεοῦ

209 3003 333 3073 περὶ
373 3001 466 3054 τὸν
513 3001 643 3053 λαὸν
690 3001 920 3072 ἐσόμενα
951 3003 1171 3073 μηνύων
1200 3005 1397 3072 ἀγαθά.
1438 3006 1699 3078 ’Δρχεται
1736 3006 1792 3059 δὲ

1886 1905 2119 1976 plietiam
2172 1905 2363 1959 beatus
2418 1901 2773 1965 Habacucus;
2840 1900 3111 1967 principes
3158 1895 3319 1949 simul
3364 1897 3457 1964 qui

1886 2010 2151 2065 pauperes
2210 1992 2588 2062 opprimebant
2646 1989 2977 2057 increpans,
3039 1983 3308 2052 simulque
3371 1982 3457 2034 iii-

1886 2088 2160 2141 l'erendam
2211 2086 2316 2137 illis
2365 2099 2395 2137 a
2437 2082 2745 2153 Babyloniis
2791 2094 3004 2149 pmnam
3048 2074 3210 2151 244
3245 2075 3457 2129 dicens.

1886 2180 2079 2229 Pustea
2125 2174 2542 2244 Babyloniorum
2586 2173 2827 2241 ipsorum
2875 2168 3116 2223 narravit
3173 2165 3458 2229 saevitiam,

1886 2284 2048 2339 quam
2097 2276 2152 2322 et
2200 2267 2254 2320 in
2294 2273 2521 2320 cateros
2569 2271 2622 2317 et
2664 2270 2852 2316 contra
2887 2257 3191 2314 Jerusalem
3233 2257 3462 2324 ejusque

1888 2361 2033 2415 cives
2072 2363 2535 2427 exprompseraut,
2570 2364 2623 2409 et
2658 2369 2766 2424 quo
2798 2361 2957 2422 pacto
2988 2360 3041 2404 et
3084 2350 3174 2403 isti
3210 2349 3463 2417 nequitia:

1890 2468 2001 2508 sua:
2030 2466 2220 2522 poenas
2252 2450 2474 2505 meritas
2500 2448 2769 2504 dederint.

2337 2729 2595 2786 ORATIO
2640 2724 3005 2781 IIABACUCI.

1963 2827 2159 2883 VsasJ
2174 2866 2187 2890 ,
2206 2825 2258 2879 2.
2278 2856 2347 2864 —
2366 2824 2645 2879 Convertit
2669 2820 2864 2876 deinde
2890 2818 2955 2872 ad
2979 2814 3278 2869 orationem
3303 2812 3470 2867 verba

1892 2920 2174 2992 propheta,
2210 2926 2264 2973 et
2307 2918 2409 2973 sub
2452 2916 2659 2971 orantis
2698 2912 2879 2983 specie
2910 2920 3167 2965 eventura
3201 2907 3397 2977 popqu
3437 2922 3467 2959 a

1892 3015 2003 3069 Deo
2032 3014 2172 3068 bona
2201 3010 2465 3082 prazdicit.
2516 3007 2608 3063 Sic
2651 3015 2833 3060 autem
2878 3002 3070 3071 incipit
3106 3019 3117 3055 :
3164 3017 3183 3051 ι
3222 2998 3474 3061 Domine.

451 3113 470 3144 ι
506 3094 699 3186 Κύριε,
734 3096 1031 3165 εἰσακήκοα
1064 3096 1164 3167 τὴν
1194 3098 1362 3167 ἀκοήν
1398 3114 1512 3163 σου,
1550 3098 1643 3152 καὶ
1671 3100 1794 3166 ἐφο-

1897 3106 2076 3161 audivi
2133 3103 2464 3159 auditionem
2514 3110 2685 3162 tuam,
2733 3104 2789 3153 et
2839 3095 3017 3151 timui.
3063 3113 3082 3147 ι
3122 3092 3495 3165 Αυᾱίιῐοιιειιιιη

212 3183 405 3254 ϐήθην.
438 3203 457 3236 ι
506 3184 701 3254 Ἀκοὴν
726 3183 872 3251 λέγει
912 3185 1011 3255 τὴν
1053 3186 1418 3257 ἐγγενομένην
1460 3186 1606 3256 αὐτῷ
1643 3187 1794 3257 παρὰ

212 3274 300 3327 ωῦ
320 3274 460 3328 Θεοῦ
491 3273 831 3343 ἀποκάλυψιν
850 3292 863 3305 ·
888 3275 1076 3346 ὥσπερ
1106 3277 1197 3329 καὶ
1222 3279 1249 3329 ὁ
1271 3279 1536 3349 μακάριος
1570 3279 1795 3341 Ἡσαΐας

213 3365 289 3430 τὸ,
325 3385 349 3419 ι
385 3366 486 3429 Τίς
519 3365 804 3421 ἐπίστευσε
842 3367 940 3438 τήν
979 3366 1163 3438 ςάκοην
1196 3369 1383 3439 quiin);
1425 3386 1443 3418 ι
1484 3371 1578 3423 καὶ
1620 3375 1649 3425 ὁ
1693 3389 1797 3442 μα-

215 3458 402 3529 κάριος
431 3453 612 3511 Δαυῒδ.
648 3474 666 3507 ι
700 3457 881 3509 Κλινῶ
926 3460 1006 3520 εἰς
1052 3458 1368 3530 παραϐολὴν
1395 3461 1456 3513 τὸ
1479 3456 1573 3525 οῦς
1604 3480 1703 3531 μου
1725 3480 1738 3493 ·
1771 3481 1790 3515 ι

213 3544 395 3620 ὧνπερ
426 3546 526 3603 οὖν
562 3549 661 3603 καὶ⁸
704 3552 763 3602 ὲν
803 3553 914 3614 τοῖς
952 3550 1241 3623 ἀνωτέροις
1276 3553 1619 3624 πεποιήμεθα
1662 3558 1797 3626 μνή-

220 3660 344 3713 μην.
385 3639 686 3695 Κάνταῦθα
730 3640 908 3695 τοίνυν
946 3640 1105 3696 τοῦτό
1152 3660 1335 3713 φησιν,
1366 3646 1448 3698 ὅτι
1497 3647 1799 3718 Δεξάμενός

222 3752 312 3787 σου
361 3736 466 3806 τὴν
517 3734 882 3803 ἀποκάλυψιν,
925 3733 994 3789 δι’
1036 3729 1107 3809 ἧς
1142 3737 1463 3808 ὲγνώρισας,
1508 3737 1655 3802 ὅπως
1701 3740 1800 3809 μὲν

218 3825 511 3895 τιμωρήσῃ
537 3824 665 3886 τοὺς
693 3824 751 3876 ἐν
782 3821 862 3892 τῷ
888 3821 1002 3893 λαῷ
1029 3822 1476 3893 παρανομοῦντας
1500 3823 1588 3876 διὰ
1626 3823 1801 3878 Βαϐυ-

219 3917 443 3978 λωνίων,
473 3917 626 3978 ὅπως
647 3915 705 3968 δὲ
730 3914 892 3968 πάλιν
922 3917 1033 3979 τοῖς
1059 3915 1416 3979 Βαϐυλωνίοις
1437 3916 1699 3985 ἀνάλογον
1720 3910 1802 3979 οἷς

221 4006 761 4077 πεπλημμελήκεσαν
789 4004 1007 4071 ἐπάξεις
1046 4005 1143 4075 τὴν
1171 4006 1458 4076 τιμωρίαν,
1494 4005 1661 4074 φόϐου
1697 4007 1802 4070 πᾶς

220 4098 546 4171 ἐπληρώθην
574 4098 817 4160 εἰκότως.
852 4097 930 4167 (p.
955 4095 1080 4167 373)
1111 4114 1131 4149 ι
1160 4096 1352 4168 Κύριε,
1398 4098 1703 4168 κατενόησα
1732 4097 1802 4151 τὰ

224 4191 361 4264 ἔργα
401 4208 498 4244 σου
545 4190 643 4243 καὶ
685 4187 931 4259 ἐξέστην.
972 4208 990 4240 i
1032 4188 1509 4259 Ἀναλογισάμενος
1556 4190 1664 4261 γὰρ
1702 4191 1803 4247 ὅσα

224 4284 486 4347 ποικίλως
540 4282 848 4353 διαπράττῃ
898 4280 1025 4352 περὶ
1066 4282 1193 4344 τοὺς
1245 4280 1561 4351 ἀνθρώπους
1622 4281 1803 4348 ἀνεξι-

223 4377 395 4447 κακίᾳ
438 4391 504 4429 τε
554 4378 626 4445 τῇ
677 4373 874 4443 δεούσῃ
914 4372 1249 4443 κεχρημένος
1271 4415 1287 4434 ,
1328 4375 1424 4425 καὶ
1462 4372 1802 4445 ἁδιορθώτως

1895 3198 2028 3254 dicit
2070 3196 2267 3251 factam
2294 3195 2398 3251 sibi
2441 3209 2470 3247 a
2508 3191 2618 3246 Deo
2650 3189 3071 3251 revelationem;
3122 3186 3261 3241 sicut
3308 3186 3478 3237 etiam

1895 3290 2038 3361 apud
2089 3289 2308 3344 beatum
2371 3285 2561 3341 Isaiam
2603 3302 2617 3339 :
2672 3299 2693 3335 ‹
2748 3282 2881 3348 Quis
2930 3278 3158 3334 credidit
3203 3274 3470 3330 auditioni

1896 3391 2097 3436 nostra:
2139 3380 2221 3434 "?
2256 3399 2272 3431 ι
2308 3378 2441 3433 Item
2492 3377 2683 3432 beatus
2740 3373 2956 3428 David:
3013 3391 3031 3423 ι
3091 3370 3364 3425 lnclinabo
3418 3368 3479 3419 in

1896 3473 2210 3545 parabolam
2242 3486 2427 3525 aurem
2460 3484 2632 3523 meam
2666 3467 2712 3499 “
2748 3486 2760 3519 :
2801 3484 2819 3516 ι
2851 3465 3010 3533 cujus
3041 3463 3115 3516 rei
3150 3464 3203 3515 in
3229 3460 3471 3529 superiu-

1896 3569 2049 3623 ribus
2074 3579 2288 3635 quoque
2320 3561 2649 3616 mentionem
2685 3558 2931 3614 fecimus.
2968 3555 3078 3608 Iloc
3119 3554 3277 3623 igitur
3312 3552 3479 3605 etiam-

1899 3657 2018 3711 loco
2041 3655 2152 3709 ait:
2178 3656 2410 3721 Accepta
2434 3666 2534 3720 ego
2586 3648 2911 3702 revelatione
2955 3654 3064 3707 tua,
3102 3656 3207 3711 qua
3257 3656 3340 3693 me
3372 3638 3481 3689 do-

1897 3745 2082 3803 cuisti.
2107 3739 2379 3811 quomodo
2416 3737 2704 3807 puniturus
2745 3734 2823 3788 sis
2856 3730 3275 3802 Babyloniorum
3307 3740 3484 3780 manu.

1899 3842 2185 3906 peccantes
2217 3832 2270 3885 in
2305 3829 2537 3900 populo,
2567 3836 2621 3882 et
2653 3824 2930 3895 quomodo
2974 3822 3216 3877 vicissim
3247 3818 3473 3888 Babylo-

1899 3929 2008 3984 niis
2029 3939 2324 3995 congruam
2359 3921 2571 3975 delictis
2606 3933 2792 3972 eorum
2826 3928 3041 3986 primam
3074 3914 3150 3969 sis
3190 3911 3475 3980 impositu-

1900 4036 2029 4083 rus;
2081 4030 2279 4087 pavore
2317 4029 2438 4068 sum
2491 4012 2749 4081 repletus,
2796 4016 2850 4063 et
2914 4006 3128 4061 merito.
3161 4024 3181 4055 ‹
3226 4003 3475 4066 Domine,

1900 4108 2243 4168 consideravi
2274 4120 2436 4177 opera
2476 4111 2589 4164 tua.
2633 4111 2686 4158 et
2734 4100 3010 4171 obstupui.
3060 4118 3077 4151 ι
3112 4097 3477 4153 Considerans

1899 4209 2100 4274 quanta
2151 4196 2505 4254 multifariam
2563 4192 2756 4249 feceris
2804 4207 2931 4262 erga
2982 4188 3226 4243 homines
3282 4187 3478 4240 idonea

1901 4294 2156 4365 patientia
2189 4300 2367 4352 utens,
2394 4298 2448 4343 et
2485 4303 2581 4343 eos
2614 4286 2707 4357 qui
2735 4286 2852 4339 sine
2896 4282 3209 4353 paenitentia
3243 4279 3479 4350 prolapsi

1902 4394 2029 4443 sunt
2088 4384 2439 4439 conveniente
2503 4379 2714 4433 ratione
2771 4377 3033 4447 puniens,
3089 4385 3308 4442 stupore
3356 4386 3480 4427 sum

224 4468 541 4531 πταίοντας,
580 4466 716 4537 μετὰ
750 4465 908 4530 λόγου
938 4464 1030 4517 τοῦ
1067 4465 1432 4536 προσήκοντος
1467 4467 1794 4539 τιμωρούμε·

1906 4485 2212 4545 correptus,
2241 4486 2455 4527 arcanae
2489 4479 2595 4523 tum
2633 4466 2983 4537 providentia:
3024 4463 3340 4533 sapientiam
3384 4464 3481 4515 ad-

222 4578 336 4625 νος,
368 4561 445 4623 εἰς
476 4558 730 4612 ἔκστασιν
758 4554 990 4627 ἐλήλυθα
1018 4556 1109 4608 ἐπὶ
1138 4554 1216 4625 τῷ
1245 4556 1478 4626 θαύματι
1498 4557 1606 4610 τῶν
1637 4557 1808 4623 οὕτως

224 4653 556 4725 ἀτωρρήτως
596 4648 748 4720 παρὰ
786 4648 887 4718 τῆς
927 4647 1027 4718 σῆς
1082 4648 1546 4718 οἰκονομουμένων
1593 4649 1805 4719 σοφίας.

233 4764 251 4797 ι
299 4744 396 4797 Ἔν
449 4742 601 4813 μέσῳ
634 4740 729 4794 δύο
773 4738 927 4804 ζώων
970 4738 1281 4810 γνωσθήσῃ.
1326 4757 1345 4791 ι
1388 4737 1518 4793 Ἰδοὺ
1564 4740 1673 4810 γὰρ
1716 4742 1808 4794 καὶ

227 4834 322 4889 νῦν
354 4833 543 4902 ὥσπερ
571 4834 629 4884 ὲν
656 4830 749 4884 δύο
768 4829 926 4895 ζώοις
964 4832 1077 4893 τοῖς
1100 4846 1159 4882 τε
1201 4831 1259 4883 ὲν
1297 4829 1376 4900 τῷ
1414 4829 1527 4900 λαῷ
1559 4831 1811 4902 πλημμε-

224 4927 389 4980 λοῦσι
415 4927 506 4979 καὶ
536 4926 647 4989 τοῖς
677 4924 1036 4987 Βαϐυλωνίοις
1073 4924 1189 4993 μετ’
1215 4923 1474 4989 ἐκείνους,
1498 4924 1557 4989 ἐξ
1583 4916 1657 4978 ὧν
1683 4928 1812 4997 περὶ

228 5019 522 5089 ἑκατέρους
558 5015 884 5084 πεποίηκας,
932 5017 1031 5083 τήν
1070 5030 1126 5067 τε
1164 5013 1393 5086 δύναμιν
1433 5017 1526 5069 καὶ
1571 5017 1669 5086 τὴν
1718 5033 1806 5069 σο-

228 5112 366 5180 φίαν
398 5110 486 5163 καὶ
513 5110 612 5178 τὴν
642 5108 769 5177 περὶ
800 5107 860 5159 τὸ
900 5105 1105 5159 δίκαιον
1144 5107 1457 5178 ἐπιμέλειαν
1504 5106 1807 5180 ὲγνώρισας

229 5202 453 5257 σαυτοῦ.
492 5221 509 5253 ι
552 5201 644 5254 Ἕν
670 5199 746 5269 τῷ
788 5199 1022 5268 ἐγγίζειν
1060 5200 1130 5253 τὰ
1174 5199 1267 5271 ἔτη
1306 5199 1708 5271 ὲπιγνωσθήσῃ,
1750 5202 1808 5253 ὲν

228 5293 309 5359 τῷ
340 5296 594 5363 παρεῖναι
620 5292 711 5345 τὸν
750 5292 942 5363 καιρὸν
962 5290 1340 5361 ἀναδειχθήσῃ,
1377 5311 1396 5343 ι
1425 5292 1539 5345 Νῦν
1574 5292 1671 5362 μὲν
1701 5292 1807 5364 γὰρ

232 5382 379 5436 αὐτὰ
410 5383 477 5435 δι’
516 5382 913 5451 ἀποκαλύψεως
957 5381 1297 5451 κατέστησας
1328 5384 1459 5453 ἡμῖν
1499 5383 1810 5454 γνώρισμα·

236 5475 683 5546 παραγενομένου
710 5476 768 5528 δὲ
800 5474 893 5528 τοῦ
934 5474 1147 5545 καιροῦ,
1173 5475 1293 5528 καθ’
1320 5475 1350 5529 δ
1377 5478 1648 5548 προσῆκεν
1678 5477 1816 5531 αὐτὰ

235 5564 384 5617 κατὰ
421 5566 480 5618 τὸ
522 5563 713 5618 δοκοῦν
755 5581 836 5618 σοι
880 5564 1051 5635 πέρας
1098 5564 1303 5629 λαϐεῖν,
1353 5564 1573 5635 μείζονά
1613 5583 1674 5619 τε
1722 5567 1816 5620 καὶ

238 5658 580 5727 σαφεστέραν
607 5658 788 5720 αὐτοῖς
822 5657 1001 5728 ἔργοις
1036 5658 1135 5729 τῆς
1170 5659 1375 5723 οἰκείας
1408 5660 1687 5731 δυνάμεως
1721 5660 1816 5718 καὶ

351 5761 401 5798 ⁸⁸
428 5763 527 5823 lsa.
574 5781 695 5833 Lm,
733 5768 779 5821 l.
851 5767 895 5798 ³³
931 5768 1069 5824 Psal.
1108 5785 1270 5833 XLVII,
1302 5770 1356 5824 5.

1904 4569 2128 4622 mirans.
2168 4584 2185 4615 ι
2226 4566 2279 4617 ln
2321 4563 2499 4617 medio
2546 4562 2776 4615 duorum
2831 4554 3142 4612 animalium
3179 4568 3478 4623 cognosce-

1902 4661 1997 4715 ris.
2035 4679 2053 4711 ι
2096 4640 2231 4711 ECce
2268 4657 2409 4711 enim
2438 4660 2493 4709 et
2528 4669 2690 4711 nunc,
2728 4650 2882 4720 quasi
2930 4650 2982 4703 in
3018 4649 3231 4702 duobus
3271 4648 3481 4701 anima-

1905 4751 2067 4812 libus,
2091 4748 2143 4802 id
2169 4754 2252 4801 est
2282 4746 2465 4815 populi
2514 4742 2909 4813 peccatoribus,
2944 4751 2995 4793 et
3041 4756 3163 4793 mox
3214 4739 3268 4791 in
3307 4737 3482 4807 Baby~

1907 4842 2087 4901 louiis,
2116 4854 2178 4893 ex
2227 4839 2294 4892 iis
2322 4852 2443 4906 qua
2482 4836 2629 4889 circa
2657 4842 2917 4901 utrosque
2951 4830 3148 4893 fecisti,
3182 4828 3481 4899 potentiam

1908 4939 2054 4984 tuam
2096 4939 2258 4997 atque
2295 4925 2616 4996 sapientiam
2664 4923 2998 4993 justitiazque
3056 4934 3242 4975 curam
3293 4926 3480 4972 osten-

1910 5022 2059 5078 disti.
2098 5041 2115 5072 ε
2148 5021 2280 5075 Cum
2326 5017 2875 5087 appropinquaverint
2908 5014 3056 5075 anni,
3093 5009 3481 5080 cognosceris;

1910 5123 2035 5163 cum
2085 5115 2295 5175 tempus
2349 5105 2549 5169 aderit,
2602 5103 3082 5160 demonstraberis.
3124 5118 3143 5150 ι
3176 5095 3331 5151 Nunc
3371 5100 3487 5151 lucc

1915 5209 2041 5255 nota
2072 5200 2227 5254 nobis
2268 5197 2555 5253 revelando
2598 5196 2809 5253 fecisti:
2842 5194 2934 5249 sed
2968 5190 3285 5246 adveniente
3321 5188 3485 5261 245

1916 5302 2174 5363 tempore,
2201 5308 2310 5362 quo
2344 5306 2408 5344 ea
2452 5298 2665 5358 oportet
2703 5298 2753 5343 te
2785 5286 2996 5340 volente
3026 5283 3229 5337 exitum
3262 5281 3486 5342 habere.

1913 5386 2173 5455 majorem
2218 5400 2282 5439 ac
2325 5381 2754 5437 manifestiorem
2795 5378 3047 5449 potentize
3097 5392 3162 5432 ac
3205 5374 3489 5449 sapientiae

1912 5487 2018 5533 tuze
2056 5477 2312 5546 operibus
2344 5476 2477 5545 ipsis
2514 5474 2678 5529 facies
2715 5470 3256 5527 demonstrationem.
3297 5487 3316 5519 ι
3348 5465 3485 5521 Cum

1914 5570 2127 5625 turbata
2172 5567 2335 5622 fuerit
2366 5568 2548 5623 anima
2596 5580 2734 5625 mea.
2772 5572 2827 5617 tu
2854 5552 2926 5616 'in
2979 5565 3056 5616 ira
3099 5557 3487 5616 misericordia:

1913 5658 2307 5719 recordaberis.
2336 5676 2355 5711 ι
2388 5655 2541 5713 Tunc
2571 5670 2781 5711 summa
2822 5663 2913 5711 tua
2939 5654 3219 5726 apparebit
3244 5650 3485 5731 benigni-
