4054 6238
455 303 554 353 ΗΒ

1612 288 1962 344 TllEODORl
2003 287 2490 346 MOPSUESTENI

3591 294 3694 350 ω

456 419 538 465 tas
570 424 691 481 erga
723 408 920 464 Iudaea:
951 407 1174 469 incolas,
1208 421 1330 460 cum
1362 421 1475 465 eos.
1507 415 1724 474 propter
1766 403 2018 458 inllictam
2049 457 2053 467 ,

2156 406 2332 474 οφίας,
2360 407 2455 476 τὴν
2496 407 2747 473 ἐπίδειξιν
2790 408 3010 477 ποιήσῃ.
3049 424 3067 456 ι
3116 405 3202 459 Ἐν
3247 405 3324 473 τῷ
3360 403 3695 477 ταραχθῆναι

458 513 800 569 peccatorum
834 516 1069 571 penam,
1095 500 1338 553 turbatos
1362 499 1555 552 animis
1584 506 1634 550 et
1668 495 1754 548 vix
1780 496 1862 549 sui
1885 511 2024 547 com-

461 605 634 661 jotes,
671 590 1056 646 misericordiae
1103 599 1208 643 tuae
1257 603 1479 647 memor,
1510 587 1766 639 aerumnis
1814 585 2027 639 subtra-

464 688 581 746 les,
621 693 671 737 et
720 692 911 752 pra-ter
933 698 1146 735 omnem
1186 682 1472 733 humanam
1516 694 1664 747 spem
1698 676 2028 748 postliminio

463 776 516 826 in
550 776 779 843 patriam
810 775 1085 829 restitues.

2132 494 2226 565 τὴν
2277 497 2453 567 ψυχήν
2492 515 2621 567 μου,
2666 500 2723 550 ἐν
2764 500 2896 567 ὀργῇ
2941 496 3118 560 ἐλέους
3160 496 3463 568 μνησθήσῃ.
3510 516 3527 547 ι
3562 498 3694 550 Τότε

2135 590 2427 658 φανήσεταί
2477 607 2569 642 σου
2609 590 2702 644 καὶ
2746 594 2843 660 τῆς
2889 588 3291 660 φιλανθρωπίας
3343 590 3375 658 ὴ
3426 588 3695 661 ὑπερϐολὴ

2134 680 2259 748 περὶ
2317 680 2444 743 τοὺς
2500 682 2597 751 τῆς
2651 682 2935 747 Ἰουδαίας,
2978 676 3053 735 ὧν
3101 681 3204 734 ὑπὸ
3246 681 3344 751 τῆς
3387 680 3552 749 ὀργῆς
3598 680 3696 748 τῆς

2131 770 2231 839 σῆς
2253 772 2349 842 τῆς
2386 790 2444 824 τε
2476 774 2801 845 ἐπαχθείσης
2829 776 3010 838 αὐτοῖς
3040 775 3177 844 ὑπὲρ
3207 767 3281 826 ὧν
3304 773 3695 842 πεπλημμελή-

464 884 590 919 κασι
615 868 880 935 τιμωρίας
907 866 1401 936 διατεταραγμένων
1430 863 1527 933 τὴν
1554 862 1728 931 ψυχὴν
1759 860 1850 914 καὶ
1874 859 1993 912 οὐδὲ
2025 860 2082 912 ἐν
2110 863 2317 923 ἑαυτοῖς
2336 864 2524 927 ὄντων,
2555 868 2768 936 μνήμην
2808 869 2904 935 τῆς
2937 864 3341 935 φιλανθρωπίας
3370 862 3468 932 τῆς
3499 862 3698 922 οἰκείας

465 955 853 1025 ποιησάμενος,
874 956 1199 1020 ἀπαλλάξεις
1218 974 1276 1009 τε
1309 956 1503 1018 αὐτοὺς
1526 956 1631 1007 τῶν
1652 954 1855 1015 κακῶν,
1884 953 1977 1005 καὶ
1999 953 2289 1019 ἐπανάξεις
2318 957 2410 1008 ἐπὶ
2438 957 2506 1009 τὰ
2531 959 2702 1010 οἰκεῖα
2731 958 2880 1026 παρὰ
2910 958 3087 1009 πᾶσαν
3125 954 3464 1025 ἀνθρωπίνην
3488 951 3696 1004 ἐλπίδα.

544 1046 703 1101 Vens.
728 1048 841 1102 5-5.
870 1077 939 1087 ——
973 1066 991 1099 ι
1034 1048 1174 1101 Deus
1207 1050 1270 1102 de
1292 1047 1546 1101 Thamian
1572 1048 1767 1107 veniet.
1810 1052 2036 1099 sanctus

466 1137 533 1189 de
560 1146 742 1191 monte
768 1138 1043 1191 umbroso.
1081 1157 1097 1188 ι
1133 1137 1385 1194 Thaeman
1418 1139 1549 1191 dicit
1574 1138 2036 1191 ldunneaemetro-

470 1229 630 1296 polim
686 1247 699 1283 :
763 1237 1002 1283 montem
1060 1240 1239 1284 autem
1294 1232 1630 1293 umbrosum,
1667 1230 1901 1291 illum,in
1931 1243 2039 1296 quo

469 1320 828 1385 Hierusalem,
873 1329 1058 1391 utpote
1090 1320 1179 1376 Dei
1215 1324 1601 1392 protectionem
1644 1321 1884 1389 undique
1917 1336 2040 1375 sor-

469 1407 647 1459 titum.
676 1406 825 1460 Tunc
845 1424 970 1477 ergo
990 1409 1273 1477 apparebis
1305 1410 1369 1464 de
1396 1409 1650 1463 Tltteman
1678 1410 2033 1463 ldumzeorum

473 1500 715 1557 veniens,
772 1516 908 1567 quos
958 1510 1173 1569 propter
1206 1517 1332 1554 suas
1368 1516 1494 1569 erga
1524 1515 1623 1554 nos
1670 1500 1899 1569 injurias
1925 1499 2032 1566 jam

476 1587 776 1655 puniveris;
811 1588 875 1641 de
904 1599 1093 1641 sancto
1121 1597 1297 1643 autem
1325 1587 1503 1641 Sionis
1534 1597 1735 1651 monte,
1766 1595 2033 1656 quatenus

472 1694 594 1732 eum
655 1680 827 1733 reditu
878 1691 1064 1733 nostro
1132 1681 1493 1735 clarissimum
1545 1681 1761 1733 cunctis
1823 1680 2034 1733 feceris.

480 1789 498 1820 ι
537 1770 941 1840 Operuitcoelos
977 1773 1146 1826 virtus
1175 1774 1312 1842 ejus,
1340 1780 1392 1826 et
1428 1773 1603 1825 laudis
1635 1773 1753 1841 ejus
1780 1774 1933 1840 plena
1960 1780 2043 1825 est

477 1872 641 1917 terra.
679 1882 697 1913 ι
753 1862 985 1931 Operum
1020 1880 1242 1918 suorum
1302 1864 1671 1934 magnitudine
1704 1865 1899 1916 cwlnm
1931 1870 2043 1913 ter—

481 1971 704 2023 ramque
761 1955 1006 2023 replebit,
1053 1956 1106 2007 in
1143 1962 1351 2009 tantunt
1397 1964 1453 2009 ut
1476 1956 1656 2008 cuncti
1683 1955 1749 2007 ad
1785 1956 2042 2024 hymnum

478 2049 889 2107 convertantur,
946 2043 1267 2112 sapientiam
1311 2059 1372 2098 ac
1415 2045 1837 2112 magnitudinem
1866 2054 2044 2113 gesto-

478 2149 597 2186 rum
664 2135 731 2186 ab
793 2136 912 2203 ipso
971 2135 1325 2189 admirantes.
1392 2134 1527 2189 Nam
1562 2137 1661 2189 hoc
1709 2137 1868 2189 etiam
1923 2137 2045 2189 loco

478 2225 619 2292 quod
655 2241 945 2281 commune
987 2235 1071 2281 est
1102 2241 1198 2294 per
1238 2228 1505 2281 diaeresin:
1538 2228 1689 2291 dicit,
1738 2243 1895 2296 quem
1937 2244 2045 2281 non

480 2304 878 2386 infrequentem
940 2318 1137 2373 divina:
1193 2319 1490 2389 Scripturae
1532 2321 1864 2375 idiotismum
1923 2335 2046 2374 esse

478 2398 838 2463 ostendimus.
907 2409 1128 2465 Scilicet
1178 2413 1347 2467 caelos
1390 2420 1702 2481 terramque
1745 2414 1820 2464 ait
1848 2412 2046 2465 virtute

482 2497 574 2553 Dei
601 2506 837 2569 opertos,
861 2501 1114 2554 utomnia
1138 2501 1285 2554 dicat
1315 2519 1327 2553 :
1353 2501 1671 2570 laudemque
1692 2501 1808 2569 ejus
1828 2509 2046 2569 prapter

483 2607 569 2647 res
593 2601 773 2662 gestas
797 2594 1133 2647 aliomuibus
1172 2595 1437 2647 cumulari
1488 2601 1756 2662 oportere.
1796 2612 1812 2643 ι
1852 2592 2044 2662 Splen—

481 2685 581 2738 dor
624 2685 741 2753 ejus
795 2686 950 2753 quasi
1006 2686 1093 2738 lux
1153 2686 1275 2738 erit.
1334 2704 1351 2735 ι
1389 2685 1629 2759 Adventu
1689 2700 1808 2747 suo,
1851 2685 2044 2754 inquit,

483 2791 679 2830 cuneta
705 2778 906 2831 lumine
926 2777 1188 2846 implebit.
1220 2796 1237 2827 ι
1268 2778 1482 2829 Cornua
1512 2777 1565 2829 in
1588 2777 1840 2830 manibus
1869 2778 2040 2842 ejus.»

485 2868 745 2923 Ostendit
806 2870 1002 2924 habere
1033 2884 1091 2923 se
1154 2869 1379 2923 idoneas
1427 2870 1490 2921 ad
1520 2884 1649 2923 suos
1677 2868 2046 2922 defendendos

2203 1046 2353 1115 Στίχ.
2381 1050 2516 1116 γ’-ε’.
2562 1081 2619 1089 -
2654 1067 2671 1098 ι
2709 1050 2764 1102 Ὀ
2800 1048 2929 1110 Θεὸς
2956 1047 3063 1100 ἀπὸ
3093 1046 3302 1114 Θαιμὰν
3331 1043 3468 1115 ἥξει,
3492 1045 3521 1096 ὁ
3546 1042 3701 1109 ἅγιος

2133 1138 2190 1205 ἐξ
2232 1140 2386 1211 ὅρους
2430 1141 2741 1193 κατασκίου.
2781 1160 2798 1192 ι
2833 1140 2908 1208 (p.
2940 1139 3064 1205 574)
3099 1137 3309 1206 Θαιμὰν
3344 1138 3442 1205 μέν
3471 1133 3567 1204 τὴν
3597 1149 3700 1201 μη-

2133 1233 2381 1303 τρόπολιν
2425 1232 2571 1299 λέγει
2623 1233 2719 1301 τῆς
2755 1231 3085 1300 Ἰδουμαίας·
3131 1229 3252 1299 ὅρος
3299 1227 3355 1279 δὲ
3409 1225 3703 1278 κατάσκιον

2135 1326 2195 1377 τὸ
2242 1325 2342 1394 τῆς
2374 1325 2742 1396 Ἰερουσαλὴμ,
2792 1322 2981 1391 ὥσπερ
3033 1318 3361 1389 πανταχόθεν
3403 1316 3501 1386 τῆς
3556 1316 3704 1376 θείας

2141 1415 2436 1484 ἠξιωμένον
2469 1415 2694 1485 σκέπης.
2725 1415 2854 1466 Τότε
2894 1410 2985 1465 οὖν
3024 1412 3233 1480 φανήσῃ
3274 1409 3381 1462 ἀπὸ
3403 1408 3614 1475 Θαιμάν
3643 1424 3701 1457 τε

2140 1506 2238 1574 τῆς
2281 1505 2578 1574 Ἰδουμαέας
2608 1503 2915 1573 ἐρχόμενος,
2968 1500 3057 1563 οὓς
3107 1502 3391 1570 τιμωρησῃ
3431 1497 3567 1565 ὑπὲρ
3607 1497 3706 1563 τῆς

2142 1599 2219 1659 είς
2248 1598 2393 1666 ἡμᾶς
2438 1594 2828 1664 πλημμελείας,
2862 1593 2955 1645 καὶ
2977 1594 3041 1644 ἐκ
3078 1590 3169 1642 τοῦ
3216 1590 3368 1657 ἁγίου
3404 1588 3559 1657 ὅρους
3609 1585 3704 1638 τοῦ

2142 1688 2278 1741 Σιὼν
2307 1687 2336 1738 ὃ
2364 1686 2609 1755 λαμπρὸν
2637 1686 2722 1739 διὰ
2760 1686 2856 1754 τῆς
2885 1682 3142 1737 ἐπανόδου
3170 1683 3332 1734 πᾶσιν
3360 1678 3567 1749 ἐργάσῃ
3603 1678 3707 1746 τῆς

2142 1779 2430 1849 ἡμετέρας.
2464 1797 2482 1829 ι
2523 1777 2815 1846 Ἑκάλυψεν
2842 1776 3099 1847 οὐρανοὺς
3129 1777 3161 1843 ἡ
3195 1772 3361 1844 ἀρετὴ
3399 1770 3582 1834 αὐτοῦ,
3612 1772 3709 1824 καὶ

2139 1872 2236 1940 τῆς
2263 1871 2518 1931 αἰνέσεως
2541 1868 2701 1922 αὑτοῦ
2749 1869 2956 1939 πλήρης
2983 1870 3015 1937 ὴ
3043 1869 3132 1937 γῆ.
3175 1886 3193 1918 ι
3226 1865 3315 1935 Τῷ
3337 1864 3464 1932 γοῦν
3491 1861 3708 1933 μεγέθει

2141 1962 2247 2014 τῶν
2280 1964 2407 2032 παρ’
2438 1960 2917 2030 αὐτοῦεγινομένων
2943 1962 3033 2013 καὶ
3058 1959 3279 2030 οὐρανὸν
3311 1955 3582 2028 πληρώσει
3612 1956 3711 2008 καὶ

2142 2055 2277 2123 γῆν·
2320 2052 2459 2105 ὥστε
2492 2051 2733 2113 ἅπαντας
2789 2050 2925 2121 πρὸς
2970 2051 3135 2119 ὕμνον
3166 2047 3458 2120 τρέπεσθαι
3500 2045 3707 2111 λοιπὸν,

2143 2145 2515 2214 θαυμάζοντας
2540 2145 2637 2213 τήν
2664 2160 2723 2195 τε
2754 2142 2944 2209 σοφίαν
2967 2142 3058 2195 καὶ
3088 2141 3149 2193 τὸ
3188 2139 3411 2210 μέγεθος
3438 2136 3544 2190 τῶν
3576 2138 3708 2205 παρ’

2142 2236 2305 2289 αὐτοῦ
2341 2236 2656 2306 γινομένων.
2698 2234 2853 2288 Κατὰ
2901 2233 3157 2303 διαίρεσιν
3198 2231 3306 2301 γὰρ
3340 2227 3616 2282 κάνταῦθα
3648 2226 3713 2278 τὸ

2143 2327 2319 2380 κοινὸν
2370 2326 2539 2394 λέγει,
2584 2326 2717 2395 ὅπερ
2760 2319 2852 2377 οὖν
2893 2325 2985 2376 ἐπὶ
3032 2323 3239 2376 πολλῶν
3290 2321 3566 2391 ἐδείξαμεν
3608 2319 3712 2388 ἤδη

2147 2418 2340 2489 ἰδίωμα
2389 2418 2486 2488 τῆς
2536 2416 2681 2479 θείας
2728 2416 2969 2487 ὑπάρχον
3008 2414 3248 2485 Γραφῆς.
3304 2414 3410 2466 Kal.
3459 2411 3566 2480 γὰρ
3618 2410 3716 2462 καὶ

2142 2510 2399 2581 οὐρανοὺς
2442 2509 2534 2560 καὶ
2569 2508 2670 2576 γῆν
2721 2504 3055 2574 κεκαλύφθαι
3097 2504 3243 2572 λέγει
3289 2507 3353 2573 τῇ
3397 2503 3562 2571 ἀρετῇ
3612 2500 3713 2552 τοῦ

2143 2600 2297 2662 Θεοῦ,
2340 2601 2424 2653 ἵνα
2454 2600 2579 2669 εἴπῃ
2626 2598 2685 2649 τὸ
2732 2596 2980 2666 σύμπαν·
3022 2595 3114 2647 καί⁸
3164 2594 3261 2664 τὴν
3305 2593 3506 2647 αῖνεσιν
3544 2592 3713 2644 αὑτοῦ

2143 2692 2250 2743 τῶν
2279 2691 2574 2760 γεγονότων
2604 2689 2786 2740 ἕνεκεν
2834 2687 2984 2757 παρὰ
3021 2686 3217 2748 παντὸς
3252 2685 3444 2755 χρῆναι
3478 2682 3715 2752 πληροῦ-

2148 2784 2269 2837 σθαί
2302 2800 2453 2853 φησι.
2500 2801 2516 2832 ι
2550 2782 2656 2833 Καὶ
2683 2780 2881 2848 φέγγος
2922 2777 3085 2830 αὐτοῦ
3112 2777 3186 2840 ώς
3214 2776 3324 2844 φῶς
3357 2775 3527 2826 ἐσται.
3567 2792 3586 2824 ι
3631 2773 3713 2841 Τῇ

2151 2879 2245 2949 μὲν
2271 2873 2360 2929 οὖν
2394 2874 2679 2943 ἐπιφανείᾳ
2718 2874 2784 2942 τῇ
2828 2870 3027 2941 οἰκείᾳ,
3048 2868 3230 2939 φησὶν,
3256 2868 3467 2921 ἅπαντα
3495 2865 3717 2934 πληρώ-

482 2962 647 3024 vires,
669 2970 721 3014 et
751 2961 833 3013 bis
853 2960 1079 3016 infestos
1108 2961 1409 3015 domandos
1442 2980 1455 3015 :
1480 2961 1850 3029 metaphoram
1884 2975 2045 3029 porro

2154 2987 2228 3022 σει
2257 2968 2448 3034 φωτός.
2468 2984 2485 3016 ι
2506 2965 2724 3035 Κέρατα
2758 2964 2815 3015 ἐν
2845 2962 3028 3033 χερσὶν
3059 2959 3220 3012 αὐτοῦ
3250 2960 3481 3027 ὑπάρχει
3506 2956 3675 3025 αὐτῷ.
3694 2976 3713 3005 ι

487 3054 554 3107 ab
591 3054 916 3108 animalibus
966 3070 1085 3122 qua:
1130 3054 1389 3108 cornibus
1440 3051 1739 3115 decertant,
1792 3052 2045 3121 sumpsit.

491 3164 513 3197 ς
563 3146 629 3198 Et
699 3146 879 3215 posuit
949 3146 1295 3199 dilectionem
1367 3146 1643 3198 robustam
1713 3143 2049 3197 fortitudinis

489 3252 620 3293 suae.
667 3256 683 3287 ›
722 3235 844 3290 llam
875 3236 1127 3289 nimirum
1155 3236 1333 3299 faciet,
1361 3234 1522 3305 246
1548 3234 1915 3304 magnitudine
1941 3250 2053 3288 sua:

489 3347 615 3401 erga
650 3347 749 3385 nos
786 3330 1091 3383 dilectionis
1117 3336 1296 3383 utens.
1336 3350 1353 3378 ι
1390 3328 1528 3379 Ante
1556 3326 1746 3378 faciem
1800 3325 1918 3393 ejus
1954 3323 2053 3377 ibit

493 3424 735 3478 verbum.
775 3442 791 3473 ι
835 3421 1012 3476 Rebus
1053 3421 1186 3490 ipsis
1230 3421 1383 3490 praeit
1412 3419 1577 3472 futuri
1632 3416 1907 3481 revelatio,
1939 3432 2059 3485 qum

493 3530 616 3566 eum
655 3513 909 3566 Omnibus
944 3526 973 3564 a
1023 3510 1129 3565 Deo
1178 3510 1456 3579 prophetis
1504 3508 1644 3562 facta
1678 3506 1861 3570 fuerit,
1915 3521 2061 3560 nunc

494 3606 626 3660 mihi
648 3621 863 3674 quoque
894 3605 1035 3657 haud
1061 3604 1241 3659 secius
1264 3602 1443 3657 oblata
1468 3602 1585 3655 fuit.
1621 3619 1638 3651 ι
1676 3600 1738 3654 Et
1758 3600 2062 3670 egredietur

495 3698 563 3751 ad
588 3700 984 3768 correptionem
1035 3712 1130 3766 per
1180 3695 1406 3765 vestigia
1447 3695 1586 3763 ejus.
1631 3713 1649 3745 ι
1700 3693 2063 3760 Subsequitur

495 3810 621 3849 vero
651 3809 790 3863 opus
819 3793 994 3862 ipsum
1023 3809 1036 3857 ;
1079 3792 1152 3843 ita
1197 3797 1257 3843 ut
1289 3800 1519 3858 utroque
1555 3789 1713 3842 modo
1743 3788 2064 3842 erudiantur

497 3884 563 3937 ad
588 3885 822 3937 ollicium
846 3884 1111 3937 homines.
1131 3881 1262 3947 Quae
1284 3897 1369 3934 res
1404 3879 1597 3933 futura:
1620 3890 1743 3934 sunt
1771 3880 2063 3948 praedictae,

497 3992 575 4028 ea:
602 3983 788 4045 postea
820 3982 991 4029 nacta
1020 3981 1146 4028 sunt
1175 3974 1400 4027 exitum.

2161 3061 2236 3131 (p.
2262 3059 2387 3130 375)
2428 3058 2596 3122 Δείξει
2630 3056 2685 3109 δὲ
2716 3053 2877 3108 αὑτὸν
2920 3048 3228 3121 ἀρκούντως
3260 3045 3451 3115 ἔχοντα
3489 3040 3720 3112 ἀμύνειν

2164 3154 2261 3224 μὲν
2279 3155 2389 3215 τοῖς
2408 3150 2645 3213 οἰκείοις,
2665 3145 2976 3217 χειροῦσθαι
2999 3144 3055 3196 δὲ
3073 3142 3195 3204 τοὺς
3211 3138 3512 3208 ἐχθραίνειν
3534 3134 3719 3193 αὐτοῖς

2164 3241 2597 3313 ἐπιχειροῦντας
2644 3241 2708 3291 ἐκ
2747 3236 3057 3307 μεταφορᾶς
3085 3231 3191 3284 τῶν
3235 3230 3345 3291 τοῖς
3385 3226 3576 3296 κέρασι
3608 3238 3717 3291 μα-

2160 3336 2400 3403 χομένων
2432 3332 2583 3396 ζώων
2612 3330 2782 3391 οὕτως
2815 3325 2980 3379 εἰπών
3002 3342 3014 3354 ·
3061 3346 3076 3372 ι
3112 3321 3220 3375 Καὶ
3249 3320 3399 3372 ἔθετο
3439 3316 3717 3403 ἀγάπησιν

2165 3424 2425 3495 κραταιὰν
2456 3421 2633 3490 ἰσχύος
2659 3419 2852 3474 αὐτοῦ’
2895 3438 2913 3468 ι
2960 3417 3097 3484 άπερ
3124 3408 3217 3466 οὖν
3244 3406 3594 3479 διαπράξεται
3626 3400 3718 3456 διὰ

2164 3492 2224 3567 ei.
2269 3515 2496 3584 μεγίστῃ
2524 3515 2590 3582 τῇ
2639 3512 2765 3581 περὶ
2799 3511 2943 3578 ἡμᾶς
2974 3505 3159 3574 ἀγάπῃ
3188 3499 3504 3572 κεχρῆσθαι.
3539 3514 3556 3546 ι
3602 3492 3721 3584 Πρὸ

2153 3601 2442 3675 προσώπου
2492 3596 2656 3650 αὑτοῦ
2716 3595 3003 3664 πορεύεται
3049 3589 3231 3656 λόγος·
3277 3604 3295 3637 ι
3331 3586 3437 3654 πρὸ
3492 3584 3588 3654 μὲν
3628 3578 3726 3635 οὖν

2154 3671 2261 3751 τῶν
2288 3691 2645 3764 πραγμάτων,
2680 3684 3031 3755 ἀποφαίνεται
3075 3680 3136 3732 τὸ
3168 3678 3444 3748 ἐσόμενον,
3472 3677 3602 3745 ὅπερ
3629 3671 3724 3726 οὖν

2161 3790 2387 3843 πάντοτε
2414 3784 2501 3837 διὰ
2526 3781 2633 3834 τῶν
2658 3777 2945 3848 προφητῶν
2974 3772 3159 3834 ποιῶν,
3190 3772 3286 3840 οὐχ
3314 3764 3473 3841 ἦττον
3502 3768 3594 3820 καὶ
3628 3765 3725 3817 νῦν

2160 3881 2429 3949 πεποίηκε
2458 3876 2526 3929 δι’
2564 3871 2718 3944 ἐμοῦ.
2758 3890 2776 3921 ι
2813 3870 2922 3923 Καὶ
2962 3864 3299 3932 ἐξελεύσεται
3348 3861 3427 3922 εἰς
3472 3858 3726 3949 παιδείαν

2163 3967 2302 4022 κατὰ
2347 3947 2508 4025 πόδας
2552 3960 2734 4014 αὑτοῦ.
2779 3978 2797 4009 ι
2849 3952 3152 4008 Ἀκολουθεῖ
3190 3951 3247 4003 δὲ
3297 3949 3388 4003 καὶ
3434 3948 3495 4001 τὸ
3544 3947 3728 4017 ἔργον,

499 4042 637 4122 ὥστε
667 4069 729 4121 δι’
757 4070 1077 4138 ἀμφοτέρων
1112 4069 1237 4130 τοὺς
1272 4066 1588 4135 ἀνθρώπους
1630 4067 1971 4121 παιδεύεσθαι
2000 4066 2059 4119 τὸ
2086 4065 2236 4119 δέον·
2272 4061 2339 4115 δι’
2368 4055 2441 4113 ὧν
2474 4074 2533 4110 τε
2571 4054 2893 4126 προείρηται
2929 4051 2986 4102 τὸ
3015 4048 3290 4117 ἐσόμενον,
3318 4045 3410 4097 καὶ
3455 4045 3530 4105 εἰς
3571 4042 3731 4113 ἔργον

499 4164 793 4235 ἐκὸέϐηκεν
826 4163 950 4216 ὒστε
958 4180 1067 4233 ρον.

573 4256 735 4310 Vens.
760 4256 912 4309 6-l2.
954 4284 1021 4294 --
1056 4272 1073 4302 ι
1103 4250 1293 4313 Stetit,
1351 4258 1403 4304 et
1431 4256 1699 4302 commota
1726 4255 1808 4299 est
1835 4253 1998 4299 terra.
2041 4261 2060 4295 ι

506 4348 737 4402 Tantum
781 4361 1069 4416 apparens.
1133 4354 1330 4397 terram
1387 4348 1709 4394 commovet.
1760 4338 1934 4394 Veluti
1986 4343 2069 4390 est

505 4441 638 4495 illud
679 4460 688 4493 :
724 4459 740 4488 ι
784 4439 923 4492 Deus
955 4437 1174 4492 stetitiu
1203 4447 1477 4504 synagoga
1507 4430 1785 4487 deorum"
1806 4438 1851 4486 ;ι
1902 4429 1953 4481 id
1985 4438 2069 4483 est

2240 4240 2386 4309 Στίχ.
2431 4233 2605 4305 ς’-ιβ’.
2653 4262 2723 4271 -
2768 4250 2785 4280 ι
2826 4231 3014 4300 Ἔστη,
3062 4229 3151 4282 καὶ
3199 4223 3462 4296 ἐσαλεύθη
3505 4226 3537 4295 ἡ
3580 4223 3670 4292 γῆ.
3708 4243 3727 4274 ι

2169 4332 2361 4394 Φανεὶς
2416 4328 2571 4400 μόνον
2621 4323 2831 4378 σαλεύει
2871 4322 2967 4393 τὴν
3019 4324 3153 4391 γῆν·
3203 4321 3277 4383 ὡς
3320 4319 3400 4381 τὸ,
3438 4338 3455 4369 ι
3504 4318 3559 4369 '0
3602 4314 3737 4378 Θεὸς

2171 4421 2300 4489 ἔστη
2330 4421 2386 4472 ἐν
2416 4416 2701 4484 συναγωγῇ
2730 4411 2886 4465 θεῶν’
2913 4429 2929 4460 ι
2953 4411 3037 4462 ἵνα
3065 4411 3192 4481 εἴπῃ
3214 4410 3294 4462 ὅτι
3320 4407 3473 4477 ώφθη
3502 4408 3557 4458 ἐν
3583 4404 3736 4474 μέσῳ

507 4533 564 4585 in
591 4530 763 4583 medio
789 4544 975 4583 eorum
1005 4526 1273 4596 apparuit.
1313 4544 1331 4575 ι
1363 4523 1606 4592 Aspexit,
1631 4530 1687 4575 et
1708 4528 2053 4574 extanuerunl

2168 4511 2365 4565 αὐτῶν.
2407 4528 2428 4561 ι
2476 4504 2792 4572 Ἐπέὅλεψε,
2824 4503 2917 4557 καὶ
2961 4502 3128 4572 ἐτάκη
3163 4501 3322 4571 ἔθνη·
3371 4497 3620 4567 διεθρύὸη
3668 4495 3741 4548 τὰ

508 4630 696 4693 gentes
726 4640 737 4673 :
771 4620 989 4674 contriti
1020 4626 1147 4672 sunt
1200 4615 1462 4671 violenter
1501 4621 1733 4675 montes,
1781 4613 2075 4664 tabuerunt

510 4716 677 4771 colles
705 4713 891 4767 tetcrni
921 4727 950 4764 a
985 4710 1263 4781 gressibus
1296 4708 1516 4763 aeternis
1574 4705 1713 4774 ejus.
1762 4722 1780 4754 ι
1832 4702 1925 4757 Vel
1957 4704 2075 4756 solo

512 4812 735 4874 aspectu
776 4811 961 4873 gentes
994 4817 1183 4856 omnes
1212 4799 1542 4871 pessumdat,
1576 4806 1629 4851 et
1648 4806 1856 4850 montes
1880 4795 2075 4848 eolles~

511 4914 617 4968 que
660 4894 916 4954 conterit,
971 4892 1061 4961 qui
1114 4899 1264 4944 tanto
1295 4900 1536 4960 tempore
1590 4888 1640 4940 vi
1676 4887 1892 4955 propria
1926 4885 2077 4937 vide-

514 4990 710 5043 bantur
767 4994 1025 5055 perstare.
1072 4982 1312 5051 Namque
1346 4983 1458 5036 hazc
1478 4981 1691 5036 coalitus
1734 4978 1913 5032 facere
1962 4994 2079 5030 mos

514 5079 635 5148 ejus
664 5086 769 5139 est,
795 5087 849 5132 et
882 5078 967 5131 his
997 5075 1251 5146 operibus
1286 5074 1563 5142 regiminis
1593 5071 1674 5126 sui
1702 5085 1922 5124 cursum
1983 5069 2080 5122 de-

519 5176 823 5223 monstrare
854 5170 1011 5223 solet.
1041 5184 1059 5217 ι
1098 5164 1205 5219 Pro
1266 5163 1541 5217 laboribus
1572 5162 1681 5215 vidi
1734 5160 2079 5213 tabernacula

521 5260 861 5328 x‘Ethiopum,
885 5256 1403 5329 pavebunttentoria
1425 5263 1582 5310 terra:
1606 5254 1836 5308 Madian.
1880 5271 1897 5303 ι
1926 5251 2083 5304 Nam-

522 5368 628 5417 que
676 5358 728 5403 et
774 5351 900 5403 olim
930 5365 1052 5403 cum
1099 5350 1153 5403 in
1190 5345 1426 5417 Egypto
1480 5346 1828 5405 serviremus,
1869 5351 2083 5413 postea—

525 5459 687 5514 quam
710 5441 805 5495 tibi
836 5442 991 5494 libuit
1017 5457 1191 5496 nosex
1214 5440 1306 5494 illo
1325 5438 1549 5493 servitio
1565 5436 1841 5506 expedire,
1866 5435 2081 5514 deserta

526 5508 760 5589 vidimus
806 5540 860 5587 et
894 5531 1254 5589 habitationes
1297 5529 1632 5600 Ethiopum,
1663 5543 1724 5582 ac
1765 5508 2079 5580 Madiani‘ta-

604 5713 649 5747 ’δ
693 5711 836 5767 Psal.
880 5727 1062 5767 Lxxxl.
1094 5711 1139 5765 Ι.

2168 4605 2268 4676 ὅρη
2303 4602 2416 4672 βίᾳ,
2456 4601 2548 4651 καὶ
2583 4597 2853 4665 ἐτάκησαν
2886 4594 3060 4663 βουνοὶ
3098 4593 3303 4647 αἰώνιοι
3340 4590 3561 4662 πορείας
3611 4589 3743 4641 αἰω-

2170 4696 2313 4758 νίους
2344 4692 2526 4746 αὐτοῦ.
2560 4710 2578 4741 ι
2622 4687 2849 4741 Ἀπιδὼν
2876 4686 2932 4738 δὲ
2968 4686 3122 4757 μόνον
3172 4685 3296 4756 ἔθνη
3343 4702 3401 4736 τε
3445 4682 3740 4735 ἀπόλλυσιν

2171 4789 2288 4853 ὅλα,
2318 4786 2411 4837 καὶ
2461 4783 2559 4853 ὅρη
2609 4782 2698 4833 καὶ
2737 4778 2955 4848 βουνοὺς
3002 4775 3316 4845 διαθρύπτει
3348 4777 3412 4826 ἐκ
3448 4772 3641 4825 πολλοῦ
3675 4789 3741 4839 γε

2175 4875 2491 4931 συνεστάναι
2535 4872 2674 4925 κατὰ
2720 4870 2817 4939 τὴν
2862 4867 3013 4938 ἰσχὺν
3056 4864 3311 4920 δοκοῦντα
3356 4864 3453 4933 τὴν
3498 4861 3737 4914 οἰκείανο

2175 4970 2360 5040 ἐπειδὴ
2405 4965 2609 5020 ἄνωθεν
2656 4960 2803 5031 αὐτῷ
2847 4959 3066 5013 τοιαῦτα
3106 4956 3525 5027 διαπράττεσθαι
3557 4954 3743 5024 ἔργον,

2176 5064 2269 5117 καὶ
2298 5061 2385 5113 διά
2413 5056 2667 5111 τοιούτων
2697 5053 2872 5124 ἔργων
2913 5052 3009 5121 τῆς
3053 5049 3360 5119 οἰκονομίας
3392 5048 3488 5117 τὴν
3518 5046 3745 5115 πορείαν

2177 5149 2571 5208 ἐπιδείκνυσθαι
2620 5146 2717 5215 τῆς
2763 5143 2985 5206 οἰκείας.
3023 5161 3042 5193 ι
3085 5141 3228 5193 Ἀντὶ
3270 5140 3327 5193 δέ
3380 5139 3563 5193 κόπων
3605 5132 3748 5189 εἶδον

2180 5243 2510 5314 σκηνώματα
2567 5238 2874 5297 Αἰθιόπων,
2932 5232 3323 5303 πτοηθήσονται
3391 5230 3586 5299 σκηναὶ
3643 5228 3748 5297 γῆς

2186 5335 2429 5404 Μαδιάμ.
2467 5352 2486 5384 ι
2520 5331 2626 5384 Καὶ
2656 5328 2762 5399 γὰρ
2807 5326 2970 5380 πάλαι
3017 5323 3279 5394 πρότερον
3322 5320 3556 5392 ὁπηνίκα
3607 5317 3751 5372 κατὰ

2187 5428 2284 5497 τὴν
2348 5426 2613 5492 Αἴγυπτον
2675 5421 2830 5490 ήμῶν
2887 5414 3253 5476 δουλεύοντες,
3323 5414 3410 5466 ὅτε
3474 5408 3751 5497 βουληθεὶς

2187 5496 2497 5591 ἀτέὴλλαξας
2526 5514 2669 5585 ἡμᾶς
2702 5512 2797 5582 τῆς
2840 5509 2930 5562 ὑπ’
2979 5505 3293 5575 Αἰγυπτίοις
3319 5502 3577 5568 δουλείας,
3612 5496 3753 5556 εἶδον
