4054 6238
274 337 387 398 443

1178 332 1720 390 COMMENTARIUS
1742 331 1807 387 IN
1844 328 2186 386 HABACUCI
2209 327 2632 385 ORATIONEM.

3414 319 3520 383 4.Ξὸ

278 458 518 526 ἐρήμους
550 455 648 517 τὰς
677 455 915 526 οἰκήσεις
948 454 1217 508 Αἰθιόπων
1254 472 1312 507 τε
1346 455 1436 508 καὶ
1475 453 1842 524 Μαδιηναίων,

1963 467 2088 514 -um,
2139 458 2193 505 et
2237 455 2506 519 quotquot
2553 455 2682 500 tunc
2738 442 3077 498 inimicitiam
3121 442 3382 527 adversus
3421 456 3522 497 nos

277 548 373 599 καὶ
398 545 611 598 πάντων
637 562 698 612 γε
733 546 916 598 ὁπόσοι
960 546 1058 616 τὴν
1088 546 1285 616 ἔχθραν
1322 545 1543 616 ᾑροῦντο
1589 546 1709 597 τότε
1751 546 1848 614 τὴν

277 640 403 693 καθ’
439 639 610 711 ἡμῶν.
646 656 664 689 ι
710 640 800 709 Μὴ
843 642 900 692 ὲν
935 643 1193 710 ποταμοῖς
1244 641 1519 711 ὀργισθῇς,
1577 642 1767 710 Κύριε,
1816 639 1849 709 ἢ

275 733 340 783 ἐν
373 732 631 801 ποταμοῖς
662 732 690 782 6
722 730 888 800 θυμός
921 749 1032 794 σου,
1071 732 1147 801 (p.
1188 732 1310 801 576)
1344 732 1377 802 ἢ
1414 737 1470 785 ὲν
1515 732 1757 802 θαλάσσῃ
1792 732 1852 783 τὸ

277 821 511 890 ὅρμημά
539 837 633 872 σου
659 837 674 885 ;
716 838 734 871 ι
773 820 932 883 Ἔθος
959 839 1038 874 σοι
1071 823 1209 875 κατὰ
1245 808 1502 893 ποταμῶν
1530 824 1622 875 καὶ
1650 822 1851 874 θαλάσ-

281 929 385 979 σης
434 912 530 982 τὴν
563 911 731 982 ὀργὴν
781 912 1179 966 ἐπιδείκνυσθαι
1226 914 1321 984 τὴν
1363 914 1600 967 οίκείαν·
1653 914 1713 967 τὸ
1744 912 1852 982 γὰρ

287 1022 309 1055 ι
353 1004 428 1072 μὴ
460 1004 516 1054 ὲν
545 1005 829 1072 ποταμοῖς,
863 1023 881 1054 ο
914 1005 1034 1057 ἀντὶ
1070 1004 1184 1067 τοῦ,
1221 1006 1333 1058 Οὐκ
1362 1007 1419 1058 ὲν
1459 1007 1718 1075 ποταμοῖς
1758 1006 1853 1058 καὶ

280 1095 529 1165 θαλάσσῃ
547 1094 773 1147 πάντοτε
798 1094 893 1164 τὴν
920 1096 1087 1166 ὀργὴν
1112 1098 1205 1149 καὶ
1227 1096 1316 1149 τὸν
1346 1095 1512 1166 θυμὸν
1536 1095 1852 1161 ὲπιδέδειξαι

282 1186 566 1256 βουληθεὶς
588 1186 680 1237 τὸν
707 1187 921 1238 οἰκεῖον.
958 1186 1181 1254 Ἐπάγει
1209 1185 1339 1255 γοῦν
1358 1204 1370 1217 ·
1406 1205 1424 1238 ι
1463 1188 1582 1239 Ὅτι
1616 1185 1851 1257 ὲπιόήσῃ

280 1277 522 1339 ἐπἰτοὺς
557 1276 754 1338 ἵππους
795 1291 911 1339 σου,
943 1275 1090 1346 καὶὴ
1136 1276 1368 1330 ἰππασία
1402 1294 1494 1329 σου
1542 1276 1802 1346 σωτηρία.
1828 1293 1846 1326 ι

282 1368 403 1419 Ὀτ’
426 1366 493 1419 ἂν
523 1367 630 1436 γὰρ
650 1367 931 1438 βουληθῇς,
952 1368 1134 1439 φησὶν,
1166 1368 1350 1439 ὥσπερ
1380 1370 1461 1436 ἐφ’
1483 1369 1661 1421 ἵππων
1695 1367 1853 1420 τινῶν

282 1459 578 1513 ἐπιϐαίνων
607 1462 726 1522 ταῖς
756 1461 1002 1530 ἀοράτοις
1032 1462 1123 1515 καὶ
1153 1460 1544 1531 λειτουργικαῖς
1567 1460 1853 1529 δυνάμεσιν

283 1552 623 1615 ἐπιτάττειςο
667 1555 713 1605 οἱ
759 1553 815 1605 δὲ
863 1554 1067 1616 πάντας
1111 1554 1207 1623 μὲν
1251 1554 1458 1625 ἀθρόως
1491 1554 1852 1624 τιμωροῦνται

284 1645 417 1707 τοὺς
452 1645 747 1708 ἐναντίους
780 1646 1021 1717 σωτηρία
1047 1647 1104 1699 δὲ
1126 1631 1389 1700 ’ἐντεῦθεν
1417 1646 1711 1714 ἐπιγίνεται
1744 1650 1854 1710 τοῖς

289 1735 427 1795 σοῖς.
469 1752 487 1783 ι
535 1734 804 1787 Ἐντείνων
847 1738 1076 1799 ὲντενεῖς
1116 1739 1177 1789 τὸ
1212 1736 1362 1801 τόξον
1392 1754 1485 1790 σου
1514 1738 1605 1789 ἐπὶ
1631 1738 1699 1791 τὰ
1724 1737 1854 1807 σκῆ-

288 1841 459 1895 πτρα,
494 1824 634 1893 λέγει
684 1824 905 1896 Κύριος.
944 1845 961 1877 ι
999 1826 1253 1897 Συνεχὲσι
1303 1828 1357 1880 δὲ
1397 1830 1516 1890 ταῖς
1569 1828 1857 1899 τιμωρίαις

287 1914 690 1978 κατακοντίζεις
713 1916 836 1978 τοὺς
860 1918 934 1968 ἐν
976 1915 1223 1987 βασιλείᾳ
1262 1918 1355 1970 καὶ
1403 1916 1686 1988 δυναστείᾳ
1728 1918 1859 1970 καθ-

285 2008 504 2060 εστάναι
557 2006 864 2071 δοκοῦντας.
902 2028 921 2060 ι
954 2009 1225 2079 Ποταμοῖς
1274 2010 1565 2080 ῥαγήσεται
1612 2012 1645 2079 ή
1699 2009 1792 2080 γῆ.
1834 2028 1851 2060 ι

286 2098 450 2151 Ὥστε
489 2099 597 2151 τῶν
643 2100 903 2169 ποταμῶν
952 2100 1050 2172 τὴν
1102 2101 1376 2172 ἀναίρεσιν
1423 2103 1487 2153 ὲκ
1537 2102 1635 2171 τῆς
1692 2101 1859 2171 ὀργῆς

284 2191 479 2262 ἁθρόον
508 2192 799 2261 γινομένην
829 2192 925 2262 τῆς
958 2192 1057 2261 σῆς
1084 2192 1368 2264 διαρρῆξαι
1421 2192 1517 2263 τὴν
1559 2193 1692 2262 γῆν
1742 2190 1859 2252 ἔθος

286 2283 394 2351 γὰρ
430 2282 591 2335 τοῦτο
623 2286 691 2353 τῇ
728 2286 795 2354 γῇ
834 2283 1171 2353 μειωθέντων
1204 2284 1491 2353 ὑπομένειν
1520 2283 1627 2335 τῶν
1657 2281 1860 2335 ὑδάτων

285 2373 394 2425 ἀπὸ
410 2372 511 2443 τῆς
531 2373 996 2444 ἐπακολουθούσης
1018 2371 1310 2445 ξηρότητος
1337 2373 1581 2444 ὕστερον.
1613 2391 1631 2423 ι
1663 2373 1858 2440 Ὄψον-

287 2464 376 2516 ταί
418 2481 477 2517 σε
525 2468 622 2517 καὶ
654 2465 973 2536 ὠδινήσουσι
1004 2465 1138 2519 λαοί.
1187 2485 1205 2517 ι
1269 2466 1354 2518 Ἑν
1391 2464 1602 2527 ὀδύναις
1650 2463 1859 2516 ἔσονται

288 2555 549 2620 πλεῖστοι,
612 2556 731 2609 οὐδὲ
788 2557 884 2626 τὴν
940 2558 1200 2628 πρόσοψιν
1258 2560 1497 2625 ἐνεγκεῖν
1548 2556 1861 2627 δυνηθέντες

287 2646 390 2714 τὴν
441 2646 562 2716 σήν.
621 2648 693 2715 (p.
744 2647 872 2716 577)
921 2668 939 2699 ι
970 2648 1281 2720 Σκορπίζων
1321 2648 1489 2701 ὕδατα
1552 2648 1791 2718 πορείας.
1838 2666 1855 2697 ι

307 2736 613 2804 Ἀφανίζεις
648 2738 756 2808 γὰρ
791 2738 1069 2810 βουληθεὶς
1122 2741 1338 2793 ἅπασαν
1383 2739 1571 2802 ὕδατος
1612 2738 1856 2803 διέξοδον.

299 2845 320 2878 ε
365 2828 602 2881 Ἔδωκεν
634 2831 668 2899 ἡ
706 2829 935 2893 ἄϐυσσος
963 2831 1145 2902 φωνὴν
1176 2833 1363 2901 αὐτῆς,
1393 2830 1523 2901 ὕψος
1568 2830 1862 2899 φαντασίας

292 2921 486 2991 αὐτῆς.
522 2940 541 2973 ι
579 2921 709 2974 Τότε
760 2922 824 2992 δὴ
876 2924 969 2975 καὶ
1013 2923 1245 2985 ἄϐυσσος
1292 2922 1479 2993 ὥσπερ
1522 2922 1642 2975 τινὰ
1681 2921 1861 2991 φωνὴν

293 3014 436 3065 κατὰ
484 3014 545 3066 τὸ
600 3014 825 3083 μέγεθος
877 3015 1071 3085 ἀφήσει
1123 3016 1183 3066 τὸ
1240 3017 1454 3080 οἰκεῖον,
1515 3013 1592 3084 τῷ
1638 3013 1861 3084 νεύματι

1952 549 2331 611 susceperunt.
2372 559 2389 591 ι
2423 539 2561 593 Num
2590 536 2905 590 ﬂuminibus
2938 534 3110 586 iratus
3139 548 3218 593 es,
3271 530 3517 589 Domine.

1951 651 2077 688 num
2108 630 2373 703 (inquam)
2411 632 2669 684 adversus
2684 627 2905 680 ﬂumina
2934 624 3088 677 furor
3121 632 3268 682 tuus,
3303 632 3356 675 et
3387 637 3520 674 con-

1951 734 2032 779 tra
2057 740 2204 778 mare
2230 725 2458 792 impetus
2493 721 2658 774 tuus?
2692 739 2709 770 ι
2742 718 2857 772 Mos
2888 717 2983 770 tibi
3014 724 3096 769 est
3124 715 3385 768 adversus
3421 711 3525 763 tiu»

1951 820 2097 870 mina
2129 824 2180 870 et
2208 829 2355 868 mare
2378 814 2513 867 iram
2542 819 2691 864 tuam
2715 809 3121 870 demonstrare;
3147 806 3198 860 id
3222 814 3303 859 est
3331 811 3520 857 contra

1952 906 2374 961 innumerabiles
2406 904 2633 975 populos
2664 902 2807 956 soles
2846 902 3017 954 iratus
3044 899 3337 969 potentiam
3370 908 3517 947 tuam

1952 997 2253 1052 ostendere.
2293 995 2426 1049 Nam
2477 994 2698 1055 locutio,
2727 1012 2744 1043 ι
2778 1006 2903 1044 num
2934 989 3268 1050 ﬂuminibus,
3308 1004 3325 1037 ι
3365 985 3519 1054 poni-

1951 1096 2042 1143 tur
2084 1101 2202 1158 pro,
2232 1082 2346 1139 Non
2389 1086 2701 1139 [luminibus
2761 1093 2921 1151 atque
2954 1083 3090 1135 mari
3138 1080 3274 1132 iram
3307 1090 3521 1143 semper

1952 1179 2296 1247 furoremque
2335 1186 2484 1229 tuum
2514 1176 2595 1229 vis
2644 1175 3038 1226 demonstrare.
3094 1166 3256 1221 Addit
3288 1167 3470 1233 itaque
3502 1178 3518 1213 :

1958 1292 1976 1324 ι
2012 1272 2147 1338 Quia
2176 1268 2441 1325 ascendes
2464 1283 2626 1336 super
2645 1281 2815 1334 equos
2840 1274 2997 1327 tuos;
3032 1268 3084 1315 et
3115 1258 3379 1328 equitatio
3402 1261 3517 1312 tua,

1952 1361 2200 1415 salvatio.
2224 1378 2241 1410 ›
2270 1358 2403 1412 Nam
2423 1372 2545 1410 cum
2571 1357 2828 1414 volueris.
2856 1336 3051 1420 inquit,
3072 1358 3328 1416 tanquam
3351 1357 3523 1410 equos

1952 1451 2212 1522 quosdam
2284 1449 2681 1508 conscendens,
2727 1443 3089 1499 invisibilibus
3150 1436 3522 1502 ministrisque

1954 1544 2245 1598 virtutibus
2264 1542 2495 1609 imperas
2525 1559 2537 1593 :
2573 1540 2653 1592 hac
2677 1553 2803 1592 vero
2826 1545 3052 1590 cunctos
3080 1532 3261 1586 subito
3286 1528 3522 1598 puniunt

1956 1635 2342 1689 adversarios:
2386 1641 2547 1700 atque
2581 1632 2711 1684 hinc
2737 1630 2936 1698 populo
2977 1636 3071 1679 tuo
3101 1625 3251 1680 salus
3280 1628 3517 1676 creatur.

1961 1744 1979 1777 ι
2040 1724 2328 1779 lntendens
2380 1721 2627 1776 intendes
2689 1734 2874 1773 arcum
2929 1726 3079 1771 tuum
3138 1729 3301 1783 super
3362 1708 3521 1781 247

1959 1829 2194 1887 sceptra,
2228 1816 2360 1870 dicit
2392 1814 2679 1868 Dominus.
2718 1830 2735 1862 ι
2772 1808 3051 1880 Perpetuis
3076 1802 3523 1874 castigationibus

1961 1911 2146 1981 pulsas
2170 1923 2264 1962 eos
2294 1908 2389 1975 qui
2420 1907 2474 1959 in
2507 1919 2679 1976 regno
2708 1918 2771 1957 ac
2822 1907 3087 1971 potestate
3118 1893 3400 1951 constituti
3433 1892 3525 1943 vi—

1958 2004 2174 2057 dentur.
2212 2018 2231 2051 ι
2266 1998 2607 2053 Fluminibus
2633 1996 2909 2051 scindetur
2931 2002 3095 2048 terra.
3137 2009 3155 2041 ι
3184 1985 3523 2041 Fluminibus

1959 2101 2179 2164 repente
2210 2094 2277 2145 ab
2332 2094 2410 2146 ira
2442 2099 2531 2144 tua
2571 2088 2879 2152 exstinctis,
2904 2093 3048 2139 terra
3079 2080 3375 2136 scindetur.
3410 2075 3523 2128 Mus

1958 2189 2102 2243 enim
2135 2194 2218 2241 est
2253 2195 2311 2239 ut
2356 2186 2460 2238 hoc
2493 2194 2635 2238 terra
2667 2182 2924 2251 patiatur,
2960 2175 3258 2231 imminutis
3288 2172 3443 2240 aquis
3472 2179 3527 2221 et

1959 2288 2325 2349 consequente
2355 2292 2479 2330 mox
2527 2275 2794 2330 siccitate.
2834 2290 2851 2322 ι
2894 2269 3165 2324 Videbunt
3196 2275 3267 2332 te,
3298 2273 3350 2318 et
3374 2262 3522 2317 dolo-

1960 2371 2095 2424 bunt
2140 2368 2343 2439 populi.
2388 2385 2405 2417 ι
2441 2362 2965 2418 Plurimidoloribus
3014 2358 3397 2425 corripiemur,
3432 2367 3528 2403 nc-

1959 2476 2064 2531 que
2096 2460 2238 2513 ferre
2256 2465 2510 2528 poterunt
2558 2464 2838 2525 aspectum
2903 2463 3074 2505 tuum.
3117 2466 3134 2498 ι
3200 2444 3527 2513 Dispergens

1961 2566 2128 2622 aquas
2160 2550 2394 2604 itineris.
2430 2568 2449 2613 ι
2494 2544 2814 2607 Ριιιεριυιιίε,
2846 2543 2889 2597 si
2923 2541 3062 2595 forte
3123 2537 3380 2598 volueris,
3411 2547 3530 2586 om—

1962 2657 2082 2695 nem
2115 2655 2266 2708 aqua:
2297 2640 2522 2693 exitum.
2600 2654 2617 2687 ι
2660 2634 2815 2689 Dedit
2875 2631 3106 2701 abyssus
3134 2640 3318 2681 vocem
3350 2636 3526 2677 suam.

1960 2731 2188 2784 altitudo
2234 2729 2531 2799 pbantasize
2577 2725 2720 2794 ejus.
2769 2743 2788 2776 ι
2830 2721 2985 2775 Tunc
3042 2717 3263 2788 quidem
3294 2714 3528 2782 abyssus

1962 2824 2123 2878 etiam
2183 2836 2367 2875 vocem
2403 2820 2689 2889 quamdam
2739 2831 2838 2885 pro
2863 2828 2959 2869 sua
2986 2806 3351 2879 magnitudine
3385 2803 3530 2863 edet,

1962 2926 2097 2971 nutu
2148 2923 2241 2968 tuo
2270 2926 2557 2969 concussa.
2623 2928 2640 2960 ι
2713 2909 2968 2962 Elevatus
3007 2914 3090 2958 est
3116 2902 3219 2961 sol,
3290 2905 3343 2952 et
3402 2896 3530 2948 luna

1965 3010 2111 3061 stetit
2142 3006 2194 3058 in
2215 3003 2406 3059 ordine
2432 3018 2550 3058 suo.
2587 3022 2604 3054 ›
2640 2999 2906 3066 Quoniam
2939 2995 3020 3048 sol
3052 2992 3303 3046 occidere
3332 2986 3533 3041 dicitur

293 3082 623 3174 κλονουμένη
652 3105 727 3174 τῷ
756 3105 852 3176 σῷ.
886 3123 903 3156 ι
949 3082 1189 3177 Ἐπήρθη
1218 3108 1247 3159 6
1271 3107 1439 3176 ἥλιος,
1474 3082 1627 3175 καὶήή
1665 3082 1859 3175 σελήνη

1963 3099 2305 3167 angustiatis,
2346 3112 2495 3150 nunc
2558 3098 2673 3147 vult
2734 3092 2917 3145 dicere
2975 3087 3091 3141 fore
3122 3090 3181 3137 ut
3216 3082 3342 3142 illis.
3393 3091 3532 3149 quos

2047 3189 2058 3195 -
2357 3188 2368 3195 .
2960 3180 2970 3195 .
3232 3170 3527 3195 “nudum

294 3196 447 3247 ἔσται
477 3197 533 3248 ὲν
560 3199 624 3267 τῇ
659 3196 808 3260 τάξει
855 3197 1044 3267 αὐτῆς.
1078 3217 1096 3248 ι
1136 3197 1350 3268 Ἐπειδὴ
1395 3197 1537 3249 δύειν
1579 3196 1725 3263 λέγει
1770 3194 1859 3247 τὸν

291 3288 445 3356 ἥλιον
475 3291 585 3350 τοῖς
615 3290 674 3339 ἐν
706 3288 988 3357 ἀνάγκαις,
1032 3289 1263 3343 ἐνταῦθα
1302 3288 1457 3341 τοῦτο
1506 3286 1750 3359 βούλεται
1786 3288 1863 3338 εἰ-

1961 3200 2018 3244 tu
2047 3189 2100 3243 iu
2126 3188 2486 3258 prosperitate
2513 3184 2869 3242 constituisti,
2894 3180 2973 3234 sol
2992 3186 3045 3230 ct
3065 3179 3191 3229 luna
3230 3170 3528 3227 secundum

1962 3280 2238 3351 propriam
2279 3288 2528 3333 naturam
2568 3273 2837 3345 splendidi
2894 3275 3212 3341 appareant.
3262 3281 3281 3314 ι
3323 3262 3379 3315 In
3411 3261 3535 3314 luce

293 3381 442 3442 πεῖν,
480 3379 558 3431 ὅτι
583 3381 704 3443 Τοῖς
738 3348 890 3452 παρὰ
922 3348 1015 3434 σοῦ
1045 3384 1103 3435 ἐν
1138 3382 1414 3452 εὐπραγία
1449 3348 1862 3449 καθισταμένοις

1963 3348 2137 3441 iacula
2169 3380 2261 3425 tua
2296 3371 2468 3423 ibunt.
2514 3386 2531 3419 ι
2572 3365 2862 3435 Splendide
2903 3362 3179 3428 multaque
3212 3371 3335 3409 cum
3367 3353 3533 3406 clari-
3576 3348 3581 3361 ‘

293 3472 535 3541 φωτεινὰ
562 3473 707 3527 κατὰ
748 3474 844 3544 τὴν
866 3475 1071 3527 οἰκείαν
1100 3474 1259 3544 φύσιν
1289 3476 1534 3543 φανεῖται
1567 3474 1595 3525 6
1622 3473 1771 3543 ἥλιός
1804 3489 1863 3525 τε

293 3564 395 3617 καὶ
422 3566 455 3633 ἡ
486 3565 701 3635 σελήνη.
729 3585 747 3616 ι
779 3567 874 3628 Εἰς
906 3567 1021 3634 φῶς
1056 3567 1255 3637 βολίδες
1298 3584 1391 3619 σου
1417 3565 1793 3637 πορεύσονται·
1840 3582 1858 3615 ι

297 3656 610 3727 περιφανῶς
659 3657 752 3709 καὶ
798 3656 934 3726 μετὰ
990 3656 1189 3727 πολλῆς
1230 3658 1326 3728 τῆς
1359 3656 1734 3727 λαμπρότητος
1769 3656 1868 3707 ὲπ-

298 3740 448 3809 άξεις
472 3746 569 3810 τὰς
596 3746 804 3817 πληγὰς
828 3750 934 3809 τοῖς
964 3748 1241 3811 ἐναντίοις.
1273 3767 1289 3797 ι
1326 3748 1419 3810 Εἰς
1442 3747 1641 3814 φέγγος
1666 3746 1867 3814 ἀστρα-

298 3838 412 3908 πῆς
440 3840 616 3892 ὅπλων
646 3856 759 3891 σου.
801 3858 818 3888 ι
861 3840 1165 3909 Ἀστραπῆς
1200 3839 1352 3909 δίκην
1378 3838 1644 3907 ἐκλάμψει
1681 3853 1771 3888 σου
1800 3834 1867 3887 τὰ

296 3931 461 3995 ὅπλα,
490 3932 574 3983 ἵνα
600 3931 749 4000 εἴπῃ,
793 3931 852 3983 Ἡ
891 3932 1028 3983 κατὰ
1060 3931 1168 3995 τῶν
1200 3929 1468 4000 πολεμίων
1507 3930 1672 4000 ἰσχύς.
1716 3945 1734 3978 ι
1783 3928 1868 3979 Ἐν

298 4023 498 4095 ἀπειλῇ
546 4040 637 4076 σου
688 4023 965 4092 ὀλιγώσεις
1005 4027 1129 4094 γῆν,
1172 4026 1264 4077 καὶ
1318 4026 1374 4078 ὲν
1411 4023 1566 4093 θυμῷ
1621 4022 1871 4087 κατάξεις

299 4116 452 4189 ἔθνη.
492 4138 510 4169 ι
545 4119 732 4171 Πᾶσαν
776 4117 873 4187 τὴν
902 4118 1003 4186 γῆν
1050 4117 1186 4185 μετὰ
1233 4118 1338 4170 τῶν
1379 4116 1668 4170 οἰκούντων
1705 4115 1873 4185 αὐτὴν

300 4208 581 4280 ὀργισθεὶς
619 4209 888 4277 ἀποφάσει
917 4209 1047 4279 μόνῃ
1084 4208 1358 4271 παντελῶς
1381 4207 1681 4271 ἁπολλύεις.

1963 3472 2072 3518 tate
2102 3464 2286 3533 plagas
2320 3459 2643 3514 adversariis
2670 3456 2777 3509 tuis
2804 3456 3099 3522 impones.c
3134 3450 3184 3501 lu
3216 3443 3532 3516 splendores

1964 3554 2368 3613 coruscationis
2412 3564 2690 3605 armormn
2743 3556 2981 3600 tuorum.
3025 3562 3043 3593 ι
3080 3538 3332 3608 Fulguris
3363 3536 3534 3588 instar

1966 3648 2328 3720 splendebunt
2365 3659 2513 3697 arma
2581 3652 2691 3703 tua,
2729 3638 2781 3692 id
2804 3645 2891 3691 est
2909 3642 3099 3689 contra
3157 3633 3342 3684 hostes
3375 3624 3536 3679 forti-

1965 3740 2116 3795 tudo.
2164 3756 2180 3789 ι
2222 3737 2279 3789 ln
2304 3732 2727 3789 con‘uniuatione
2782 3736 2873 3780 tua
2908 3725 3199 3779 imminues
3225 3728 3446 3776 terram,
3481 3726 3534 3769 et

1968 3835 2022 3887 in
2056 3833 2239 3885 furore
2268 3841 2359 3882 tuo
2378 3825 2632 3880 detrabes
2696 3829 2901 3892 gentes.
2943 3834 2960 3867 ›
2992 3814 3308 3869 Universam
3329 3816 3532 3862 terram

1969 3940 2093 3979 cum
2153 3920 2349 3976 incolis
2402 3918 2539 3986 suis,
2566 3930 2690 3970 cum
2753 3913 2925 3966 iratus
2957 3906 3145 3972 fueris,
3177 3917 3285 3957 uno
3317 3901 3535 3956 decreto

1970 4026 2188 4083 pessum
2219 4011 2338 4065 das.

378 4269 525 4368 έτίχ.
564 4269 769 4367 ιγ’-ιςλ
824 4269 962 4350 -ι·‹
1018 4269 1268 4371 ίίίξῆλθες
1312 4269 1391 4362 εἰς
1443 4269 1713 4370 σωτηρίαν
1774 4298 1863 4352 τοῦ

2041 4292 2207 4348 Vens.
2249 4288 2517 4344 l3—l6.-—
2560 4303 2578 4335 ι
2612 4284 2876 4354 Egressus
2904 4295 2963 4333 es
3004 4278 3057 4330 in
3085 4276 3312 4331 salutem
3346 4269 3533 4371 populi

302 4392 438 4445 λαΑοῦ
470 4410 598 4453 σου,
632 4392 724 4445 τοῦ
754 4393 923 4445 σῶσαι
972 4394 1097 4455 τοὺς
1136 4392 1385 4462 χριστούς
1420 4410 1533 4445 σου.
1572 4411 1590 4443 ι
1628 4393 1876 4445 ’Ἀπαντα

304 4483 417 4555 γὰρ
440 4485 699 4553 πράττεις
728 4485 817 4537 ἐπὶ
848 4485 1088 4555 σωτηρίᾳ
1118 4485 1207 4537 τοῦ
1238 4484 1436 4537 οἰκείου
1466 4483 1593 4536 λαοῦ
1628 4484 1721 4536 ἅτε
1747 4484 1876 4547 ἐξει-

304 4574 590 4642 λεγμένων
636 4576 785 4643 παρὰ
834 4575 957 4627 σού·
1022 4576 1272 4645 χριστοὺς
1320 4575 1427 4647 γὰρ
1473 4575 1705 4627 ἐνταῦθα
1750 4577 1875 4638 τοὺς

309 4667 728 4737 ἐξειλεγμένους
765 4667 936 4747 λέγει,
991 4668 1052 4719 ού
1097 4669 1219 4727 τοὺς
1264 4668 1652 4738 κεχρημένους
1678 4684 1689 4693 ·
1733 4668 1807 4729 ῶς
1849 4669 1877 4719 ὁ

312 4760 583 4831 μακάριος
612 4758 772 4811 Δαυῗδ
802 4759 927 4829 περί
950 4776 1007 4810 τε
1032 4758 1124 4810 τοῦ
1169 4758 1414 4829 Ἀϐραὰμ
1449 4760 1540 4811 καὶ
1566 4758 1658 4811 τοῦ
1697 4758 1878 4812 Ἰσαὰκ

308 4852 408 4904 καὶ
440 4850 532 4903 τοῦ
580 4848 792 4908 Ἰακὼϐ,
828 4850 1018 4916 λέγων,
1055 4868 1073 4900 ‹
1125 4850 1212 4920 Μὴ
1241 4848 1475 4903 ἅπτεσθε
1504 4850 1611 4902 τῶν
1645 4850 1879 4920 χριστῶν

315 4960 422 5012 μου
446 4983 461 5003 ,
492 4943 587 4994 καὶ
622 4945 678 4993 ὲν
704 4944 816 5003 τοῖς
846 4942 1150 5011 προφήταις
1184 4959 1282 5010 μου
1312 4941 1384 5011 μὴ
1416 4940 1777 5011 πονηρεύεσθε
1804 4958 1815 4970 ·
1855 4961 1872 4991 ι

310 5033 571 5100 χριστοὺς
592 5032 689 5100 οὐχ
710 5030 785 5092 ὡς
811 5030 1221 5100 κεχρισμένους,
1252 5029 1451 5092 ἀλλ’ὡς
1477 5030 1879 5099 ἐξειλεγμένους

311 5121 512 5180 αὐτοὺς
555 5118 814 5189 εἰρηκώς.
855 5128 932 5187 (p.
990 5118 1134 5186 578)
1174 5138 1191 5170 ι
1254 5118 1484 5181 Ἔὸαλες
1515 5122 1593 5181 εἰς
1640 5118 1880 5186 κεφαλὰς

312 5210 535 5278 ἀνόμων
564 5210 811 5263 θάνατον.
846 5228 864 5261 ›
914 5210 1081 5280 ’Υπὲρ
1109 5209 1297 5262 τούτου
1331 5208 1541 5278 θανάτῳ
1572 5208 1879 5279 περιϐαλεῖς

312 5301 442 5364 τοὺς
478 5302 768 5361 ἐναντίους.
816 5318 835 5350 ι
886 5301 1196 5371 Ἐξήγειρες
1227 5301 1456 5371 δεσμοὺς
1481 5303 1583 5363 ἕως
1610 5300 1878 5371 τραχήλου

314 5392 399 5452 εἰς
425 5390 601 5453 τέλος.
634 5410 653 5441 ι
679 5392 788 5443 Καὶ¹
816 5391 1065 5461 δεσμίους
1092 5392 1288 5454 αὐτοὺς
1312 5391 1638 5462 ἡττηθέντας
1672 5392 1884 5460 ἀποφα-

315 5483 451 5543 νεῖς.
486 5498 505 5531 ι
540 5482 807 5550 Διέκοψας
849 5484 905 5534 ἐν
954 5484 1208 5537 ἐκστάσει
1250 5483 1488 5553 κεφαλὰς
1519 5483 1809 5536 δυναστῶν.
1858 5504 1877 5535 ι

317 5570 461 5633 Τοὺς
497 5572 753 5643 πρότερον
792 5572 1207 5639 δυναστεύοντας
1239 5574 1377 5628 οὕτω
1406 5578 1470 5645 τῇ
1510 5572 1703 5627 σαυτοῦ
1746 5576 1879 5644 ὀργῇ

428 5747 476 5779 ⁸³
512 5745 659 5802 Psal.
699 5764 807 5813 ειν,
844 5748 929 5804 15.

1970 4387 2071 4450 tui,
2108 4384 2175 4439 ad
2208 4379 2498 4438 salvandos
2523 4377 2758 4431 christos
2789 4383 2931 4427 tuos.
2963 4389 2980 4421 ι
3008 4368 3202 4422 Omnia
3234 4379 3331 4434 pro
3363 4363 3538 4417 salute

1972 4477 2185 4548 prOprii
2225 4474 2409 4544 pepuli
2449 4472 2583 4540 agis,
2637 4469 2728 4537 qui
2765 4473 2982 4519 constat
3024 4478 3087 4516 ex
3129 4457 3318 4514 electis
3378 4455 3487 4507 tuis
3521 4470 3534 4504 :

1973 4568 2210 4622 christos
2230 4564 2376 4619 enim
2414 4562 2502 4615 hic
2525 4562 2723 4615 eleCtos
2746 4556 2996 4626 appellat,
3021 4568 3128 4604 non
3159 4564 3286 4602 vero
3320 4553 3534 4600 unctos.

1976 4660 2127 4715 Sicut
2151 4660 2342 4713 beatus
2370 4653 2539 4709 David
2579 4653 2647 4706 de
2674 4650 3000 4711 Abrahamo,
3034 4647 3221 4699 lsaaco
3251 4649 3303 4696 et
3332 4639 3537 4694 Jacobo

1974 4752 2202 4822 loquens
2230 4768 2243 4803 :
2277 4767 2292 4798 ι
2316 4748 2511 4812 Nolite,
2534 4744 2729 4814 inquit,
2750 4750 2971 4811 tangere
2995 4738 3232 4792 christos
3285 4748 3457 4792 meos,
3486 4735 3539 4782 et

1974 4819 2335 4914 in'proplietis
2361 4839 2496 4893 meis
2517 4835 2685 4890 nolite
2717 4831 2999 4902 malignari
3030 4830 3111 4893 ";
3143 4847 3161 4879 ι
3198 4826 3433 4879 christos
3461 4819 3539 4870 vi-

1974 4912 2165 4992 delicet
2208 4949 2301 4987 eos
2360 4930 2655 4999 appellans.
2709 4941 2815 4979 non
2858 4924 2984 4993 quia
3016 4930 3229 4977 unctos,
3288 4915 3377 4969 sed
3409 4912 3536 4979 quia

1975 5030 2198 5082 electos.
2249 5042 2266 5072 ι
2316 5020 2508 5074 Misisti
2556 5019 2608 5071 in
2658 5018 2833 5083 capita
2875 5015 3183 5081 iniquorum
3232 5012 3481 5058 mortem.
3513 5019 3532 5051 ι

1977 5119 2271 5188 Propterea
2332 5112 2674 5167 adversarios
2712 5116 2884 5162 morte
2917 5101 3231 5171 occupabis.
3267 5113 3285 5146 ι
3308 5092 3539 5188 _Susci-

1979 5183 2103 5261 tasti
2128 5202 2347 5259 vincula
2373 5215 2545 5269 usque
2574 5201 2639 5252 ad
2679 5199 2899 5258 collum,
2933 5194 2985 5245 in
3016 5191 3194 5243 ﬁnem.
3242 5204 3261 5236 ι
3303 5183 3541 5253 Supera-

1979 5309 2066 5354 tos
2097 5313 2125 5351 a
2161 5306 2233 5355 te,
2264 5295 2477 5347 vinctos
2513 5292 2677 5345 etiam
2728 5285 3048 5342 ostentabis.
3094 5280 3257 5351 258
3283 5295 3301 5328 ι
3342 5272 3547 5330 Prmci-

1981 5389 2108 5445 disti
2139 5390 2190 5441 in
2226 5394 2448 5455 stupore
2480 5385 2659 5451 capita
2688 5379 3012 5448 principum.
3056 5392 3074 5425 ›
3120 5374 3225 5427 Eos
3257 5368 3349 5439 qui
3384 5372 3547 5421 antea

1984 5479 2418 5538 dominabantur,
2472 5485 2576 5528 tam
2609 5472 2949 5526 vehementer
2978 5467 3059 5519 ira
3095 5474 3185 5518 tua
3232 5456 3544 5518 concidisti,

1992 5584 2049 5628 ut
2080 5570 2330 5627 omnibus
2360 5579 2550 5636 stupor
2592 5562 2770 5617 fuerit.
2808 5579 2825 5611 ι
2878 5557 3212 5614 [{claxabuut
3246 5554 3395 5605 frena
3422 5560 3545 5611 sua,
