4054 6238
456 267 489 315 4
502 261 563 316 Π
1614 260 1964 317 THEODORI
1999 259 2227 317 MOPSU
2239 257 2482 316 ESTENI
3582 254 3607 306 ἰ
3628 254 3690 309 £3

462 388 605 439 sicut
644 396 845 451 pauper
885 378 1176 435 comedens
1233 380 1286 434 in
1324 382 1614 437 absconso.
1680 401 1698 433 ο
1734 381 2028 438 Resolvere

2155 381 2371 452 τφοδρῶς
2397 380 2663 450 διέτεμες,
2699 380 2838 433 ὥστε
2888 380 3088 433 άπασιν
3131 378 3446 449 ἐγγενέσθαι
3479 377 3686 448 θαῦμα.

462 494 557 528 ora
597 490 695 528 sua
751 472 818 526 ad
858 474 1081 527 liberum
1110 488 1413 527 sermonem
1449 490 1555 527 non
1591 474 1899 538 audebunt;
1932 475 2026 530 sed

2199 471 2577 540 Σεισθήσονται
2629 471 2684 523 ὲν
2731 471 2889 542 αὐτῇ.
2946 491 2964 523 ι
3013 472 3373 542 Σαλευόμενοι
3422 472 3684 540 τιμωρίᾳ.

465 581 614 617 more
650 563 919 632 pauperis,
969 563 1059 631 qui
1102 564 1418 617 subfuralus
1441 564 1643 632 aliquid
1678 566 1910 620 latenter
1934 582 2023 620 co-

468 655 654 711 medit,
687 671 753 705 ne
780 653 914 706 l'ortc
942 654 1395 721 deprehendatur,
1457 656 1627 707 multo
1677 671 1799 708 cum
1835 656 2028 712 timore

466 746 776 813 inquentur.
813 762 829 793 ι
877 745 938 796 Et
992 743 1362 811 superduxisti
1395 746 1449 797 in
1494 760 1641 799 mare
1688 762 1859 815 equos
1882 755 2025 815 tuos,

471 838 753 890 tmbmtes
786 851 957 904 aquas
991 838 1206 889 multas.
1251 854 1268 886 ι
1304 835 1579 891 lmmisisti
1609 837 1908 894 invisibiles
1935 854 2030 910 po-

470 938 693 983 testates
722 937 841 982 tuas
870 928 1129 982 adversus
1162 928 1397 981 hostium
1432 928 1856 993 multitudinem,
1888 931 2030 985 mul-

473 1029 582 1073 tam
624 1020 731 1072 illis
786 1020 1149 1073 turbationem
1194 1031 1616 1076 commoventes.
1672 1040 1689 1072 ι
1729 1021 2030 1088 Custodivi,

471 1123 522 1163 et
568 1111 784 1180 expavit
823 1119 1009 1164 venter
1043 1126 1195 1164 meus
1244 1124 1275 1162 a
1309 1125 1439 1165 voce
1475 1111 1738 1167 orationis
1766 1112 2030 1167 labiorum

475 1216 740 1265 meorum,
793 1209 847 1256 et
893 1202 1175 1271 ingressus
1205 1211 1290 1258 est
1330 1211 1534 1257 tremor
1565 1204 1619 1256 in
1645 1217 1771 1258 ossa
1816 1218 1957 1267 mea,
1981 1212 2038 1258 et

474 1292 661 1347 subter
694 1307 779 1345 me
806 1293 1130 1348 conturbata
1175 1302 1259 1350 est
1311 1295 1574 1350 habitudo
1607 1310 1744 1349 mea.
1804 1315 1822 1347 ι
1884 1296 2036 1366 δωρθ

475 1383 643 1451 igitur
688 1383 837 1437 circa
873 1386 1014 1438 mala
1041 1400 1163 1455 quae
1193 1387 1492 1456 agebantur
1545 1389 1819 1443 silentium
1852 1401 2037 1447 tenere

476 1475 704 1539 malens,
754 1482 810 1530 et
863 1477 1098 1529 orationi
1138 1493 1350 1543 vacare,
1392 1479 1700 1533 futurorum
1748 1489 2037 1537 eventuum

478 1564 809 1620 revelatione
832 1573 1075 1635 accepta,
1102 1566 1264 1621 timor
1285 1578 1518 1623 mentem
1540 1586 1712 1627 meam
1730 1573 2035 1641 occupavit,

477 1661 533 1708 et
562 1662 680 1709 toto
708 1670 961 1727 ,tcorpore
987 1658 1307 1713 contremui.
1364 1678 1382 1710 ι
1443 1658 1799 1729 Requiescam
1851 1663 1905 1716 in
1949 1664 2039 1717 die

2133 582 2153 615 ι
2199 561 2531 628 Διανοίξουσι
2578 562 2829 630 χαλινοὺς
2879 562 3058 615 αὐτῶν
3102 562 3177 626 ὡς
3234 562 3426 615 ἐσθίων
3476 562 3689 630 πτωχὸς

2130 653 2324 724 λάθρα.
2364 673 2384 705 ι
2418 653 2687 716 Διανοῖξαι
2714 653 2775 705 τὸ
2798 654 2970 723 στόμα
2991 653 3169 706 αὐτῶν
3189 654 3269 716 εἰς
3302 654 3686 725 πεπαρρησια-

2134 745 2336 814 σμένην
2358 743 2419 796 οὐ
2447 742 2772 813 τολμήσουσι
2805 743 2992 798 λαλιάν
3011 760 3025 773 ο
3058 743 3215 813 δίκην
3241 742 3297 795 δὲ
3333 743 3564 810 πένητος
3596 758 3689 794 κε-

2131 835 2386 903 κλοφότος
2416 852 2468 886 τι
2504 835 2597 887 καὶ
2624 834 2894 905 λαθραίως
2928 834 3196 899 ἐσθίοντος
3222 835 3297 897 ὡς
3321 833 3386 887 ἂν
3420 833 3494 905 μὴ
3533 831 3646 902 ἁλῷ
3668 871 3684 896 ο

2136 926 2272 996 μετά
2300 927 2494 979 πολλοῦ
2517 927 2833 996 φθέγξονται
2856 927 2947 979 τοῦ
2976 925 3145 989 δέους.
3175 942 3195 976 ι
3232 926 3342 978 Καὶ
3359 923 3687 985 ὲπεϐίϐασας

2134 1017 2261 1080 τοὺς
2308 1018 2506 1081 ἰππους
2558 1034 2651 1070 σου
2705 1018 2797 1070 ἐπὶ
2837 1018 2937 1087 τὴν
2998 1016 3271 1071 θάλασσαν
3319 1016 3688 1086 ταράσσοντας

2136 1106 2301 1162 ὕδατα
2344 1109 2531 1163 πολλά.
2578 1127 2597 1160 ι
2647 1109 2965 1178 Ἐπαφῆκας
3000 1108 3098 1171 τὰς
3140 1108 3402 1180 ἀοράτους
3433 1106 3689 1175 δυνάμεις

2133 1200 2424 1272 τῷπλὴθει
2463 1201 2573 1254 τῶν
2606 1201 2896 1271 πολεμίων,
2940 1200 3202 1270 μεγίστην
3244 1200 3425 1261 αὐτοῖς
3448 1197 3691 1268 ταραχὴν

2135 1293 2586 1364 ὲνεργαζομένας.
2618 1311 2637 1343 ι
2689 1290 3091 1361 Ἐφυλαξάμην,
3119 1292 3211 1344 καί
3234 1289 3471 1359 ἐπτοήθη
3500 1290 3531 1359 ἡ
3554 1305 3692 1358 καρ-

2135 1386 2221 1439 δία
2270 1402 2371 1456 μου
2428 1385 2537 1439 ἀπὸ
2577 1385 2758 1454 φωνῆς
2791 1384 3093 1453 προσευχῆς
3135 1380 3356 1453 χειλέων
3408 1396 3508 1451 μου
3538 1395 3553 1410 °
3600 1379 3695 1432 καὶ

2138 1477 2355 1548 εἰσῆλθε
2389 1477 2589 1549 τρόμος
2620 1478 2699 1539 εἰς
2748 1492 2818 1529 τα
2860 1474 2994 1527 ὀστᾶ
3038 1490 3139 1543 μου
3163 1515 3178 1539 ,
3228 1472 3320 1525 καὶ
3346 1470 3695 1524 ὑποκάτωθεν

2141 1588 2241 1641 μου
2268 1568 2540 1639 ἐταράχθη
2570 1570 2603 1639 ἡ
2633 1567 2745 1632 ἕξις
2781 1584 2905 1637 μου.
2948 1584 2967 1618 ι
3015 1564 3277 1627 Πολλάκις
3305 1561 3435 1631 γοῦν
3458 1561 3550 1615 ἐπὶ
3580 1564 3695 1621 τοῖς

2139 1661 2533 1732 πραττομένοις
2571 1660 2759 1721 κακοῖς
2797 1658 2895 1728 τὴν
2920 1658 3153 1727 ἡσυχίαν
3188 1655 3437 1725 ἑλόμενος
3469 1654 3698 1719 ἀγαγεῖν

480 1747 863 1813 tribulationis,
887 1756 947 1802 ut
1003 1749 1292 1804 ascendam
1343 1751 1410 1805 ad
1468 1728 1723 1822 populum
1768 1754 2040 1810 incolatus

2155 1728 2204 1823 τῆ
2237 1728 2511 1822 προσευχῇ
2541 1748 2906 1820 χρησάμενος,
2956 1748 3051 1801 καὶ
3089 1747 3218 1818 περὶ
3255 1744 3366 1798 τῶν
3397 1742 3698 1815 μελλόντων

482 1840 607 1893 mei.
648 1858 669 1891 ι
720 1838 942 1896 Miratus
975 1856 1095 1894 sum
1130 1842 1314 1895 audita
1373 1842 1676 1898 incredilibi
1715 1859 1809 1912 per
1855 1852 2045 1914 potel-

482 1927 610 1979 tiam
649 1934 796 1979 tuam
829 1943 887 1981 re
918 1928 1129 1993 futura;
1181 1930 1325 1998 quod
1367 1946 1560 2000 nempe
1603 1946 1667 1985 ex
1696 1931 1788 1985 tali
1818 1932 2046 1985 tribula-

483 2020 627 2073 tione
649 2019 924 2087 tautisque
952 2020 1128 2083 titulis,
1160 2022 1360 2090 quibus
1390 2022 1444 2075 in
1476 2023 1789 2092 captivitate
1828 2024 2045 2078 exerci-

486 2119 572 2165 tus
607 2110 705 2175 fui,
750 2112 993 2180 requiem
1027 2126 1330 2182 consequar
1353 2121 1407 2168 et
1442 2115 1813 2169 molestiarum
1859 2115 2049 2184 depul-

484 2201 744 2275 sionem:
796 2202 928 2271 quin
984 2202 1154 2262 etiam
1220 2203 1288 2256 ad
1342 2203 1612 2261 incolatus
1655 2206 1829 2260 nostri
1870 2206 2049 2261 locum

484 2305 701 2359 pergam
737 2305 861 2346 cum
897 2295 1119 2362 proprio
1148 2294 1368 2362 populo.

2141 1844 2387 1897 ἐντεῦθεν
2409 1841 2747 1911 ἀποκάλυψιν
2771 1840 2972 1904 λαϐὼν,
2999 1840 3146 1910 φόϐῳ
3163 1852 3221 1891 τε
3248 1835 3577 1906 κατεσχέθην
3599 1835 3700 1903 τὴν

2140 1935 2394 1999 διάνοιαν,
2447 1934 2542 1987 καὶ
2575 1932 2778 2003 τρόμος
2832 1932 2951 1985 ὅλον
2998 1948 3064 2001 με
3116 1930 3184 1983 δι’
3232 1928 3353 1982 δλου
3412 1925 3698 1993 κατέσχεν.

2144 2025 2220 2095 (p.
2244 2025 2369 2095 579)
2404 2044 2423 2077 ι
2470 2024 2878 2093 ’Δναπαύσομαι
2906 2024 2964 2075 ὲν
2992 2020 3173 2093 ἡμέρᾳ
3199 2018 3427 2087 θλίψεως
3449 2014 3542 2068 τοῦ
3575 2017 3702 2067 ἀνα-

2142 2115 2303 2184 ϐῆναι
2336 2116 2416 2178 εἰς
2441 2115 2567 2168 λαὸν
2596 2113 2883 2185 παροικίας
2916 2130 3037 2183 μου.
3072 2129 3092 2163 ι
3127 2110 3236 2163 Καὶ
3262 2107 3369 2179 γάρ
3397 2106 3703 2176 ἐθαύμαζον

2149 2204 2334 2273 μαθὼν
2370 2207 2603 2276 πρᾶγμα
2625 2206 2853 2259 ἄπιστον
2881 2203 3137 2275 ἐσόμενον
3157 2204 3223 2272 τῇ
3253 2200 3474 2269 δυνάμει
3499 2200 3565 2267 τῇ
3597 2198 3663 2265 σῇ
3685 2209 3698 2223 ⁸

2145 2300 2226 2352 ὅτι
2250 2300 2313 2352 ἐκ
2336 2299 2603 2368 τοσαύτης
2635 2299 2865 2368 θλίψεως
2890 2297 2985 2351 καὶ
3012 2295 3281 2350 τοσούτων
3308 2291 3511 2357 κακῶν,
3545 2290 3603 2341 ὲν
3624 2283 3705 2349 οἷς

483 2377 570 2432 διὰ
615 2379 715 2449 τῆς
763 2380 1136 2450 αἰχμαλωσίας
1168 2381 1507 2453 ὲξητάσθηνι
1532 2385 1588 2438 ὲν
1625 2386 1928 2441 ἀναπαύσει
1965 2406 2023 2440 τε
2064 2388 2253 2459 ἔσομαι
2298 2390 2391 2444 καὶ
2427 2390 2710 2459 ἀπαλλαγῇ
2752 2389 2861 2441 τῶν
2896 2386 3117 2441 δεινῶν·
3159 2384 3250 2438 καὶ
3285 2382 3348 2453 δὴ
3370 2382 3462 2437 καὶ
3484 2380 3577 2432 ἐπὶ
3606 2377 3709 2448 τὴν

485 2472 776 2542 παροικιαν
802 2473 899 2545 τὴν
931 2475 1198 2546 ἡμετέραν
1232 2475 1585 2548 ἀνελεύσομαι
1610 2481 1745 2549 μετά
1777 2480 1871 2533 τοῦ
1898 2481 2025 2535 λαοῦ
2056 2481 2145 2535 τοῦ
2171 2482 2389 2535 οἰκείου.

558 2655 726 2712 Vsus.
758 2658 933 2711 17-19.
981 2690 1050 2698 -
1086 2680 1105 2711 ι
1152 2661 1417 2727 Quoniam
1450 2665 1583 2722 licus
1622 2683 1728 2722 non
1754 2668 2052 2724 fructiﬁca-

486 2749 588 2813 bit,
639 2756 693 2803 et
738 2766 845 2804 non
892 2761 1052 2805 erunt
1108 2757 1351 2823 germina
1387 2758 1442 2810 in
1492 2759 1717 2822 vitibus,
1763 2760 2057 2814 mentietur

488 2856 628 2910 opus
648 2843 822 2907 olivae,
857 2851 912 2897 et
983 2859 1109 2897 arva
1134 2860 1240 2899 non
1299 2846 1526 2902 ali‘erent
1564 2864 1776 2915 escam;
1808 2851 2057 2905 destituit

489 2946 616 2985 esca
639 2947 788 2997 oves,
817 2943 869 2988 et
891 2950 996 2988 non
1020 2945 1147 2989 sunt
1166 2937 1330 2993 boves
1364 2939 1416 2992 in
1441 2942 1795 3009 praesepibus.
1838 2962 1856 2993 ι
1892 2942 2056 2997 Vide-

494 3019 641 3082 bam,
698 3020 896 3090 inquit,
944 3023 1077 3076 iram
1130 3040 1348 3095 quoque
1392 3026 1657 3083 adversus
1706 3037 2055 3084 contumaces

496 3113 812 3177 terribilem,
843 3116 912 3168 ob
941 3130 1101 3185 quam
1129 3116 1252 3172 illos
1277 3134 1385 3174 non
1420 3119 1635 3175 hostilis
1667 3128 1876 3175 tantum
1908 3122 2056 3175 cala-

496 3204 658 3261 mitas
709 3207 996 3276 corripuit,
1028 3209 1121 3264 sed
1168 3210 1332 3263 etiam
1389 3212 1676 3267 sterilitate
1745 3213 2056 3267 omnimoda

495 3298 745 3363 occupati
791 3296 1029 3363 fuerunt,
1066 3300 1273 3354 nullum
1331 3302 1398 3356 de
1444 3303 1780 3372 germinibus
1834 3303 2060 3372 lignisve

496 3401 723 3457 carpere
748 3386 982 3442 fructum
1003 3390 1263 3446 valentes.
1294 3390 1554 3446 Peribunt
1577 3394 2061 3461 insuperjumenta

498 3476 704 3543 omnia,
740 3480 926 3546 pascui
952 3488 1007 3535 et
1034 3481 1303 3536 alimonia:
1343 3482 1580 3538 defectu.
1606 3501 1625 3535 ι
1660 3482 1771 3553 Ego
1794 3474 1971 3538 autem
2005 3484 2061 3537 in

503 3567 733 3625 Domino
760 3572 922 3644 259
978 3574 1280 3641 exsultabo,
1310 3576 1533 3630 laetabor
1560 3576 1613 3629 in
1659 3575 1768 3630 Deo
1794 3578 2065 3632 salvatore

502 3677 643 3719 meo.
676 3683 695 3715 ι
723 3662 790 3716 Ει
811 3679 897 3718 res
911 3665 1130 3734 quidem
1156 3667 1371 3721 illorum
1392 3667 1464 3721 ita
1481 3683 1541 3723 se
1565 3667 1876 3736 habebunt;
1906 3670 2063 3725 nobis

504 3761 706 3819 autem,
734 3762 786 3810 te
811 3757 1088 3825 suppetias
1129 3756 1354 3820 ferente,
1381 3758 1633 3828 voluptas
1654 3760 1756 3813 erit
1789 3768 1951 3830 atque
1977 3777 2064 3816 sa-

506 3844 613 3899 lus'.
650 3843 783 3899 Nam
812 3862 1136 3914 pronomen,
1159 3864 1283 3917 ego,
1315 3849 1450 3904 dicit
1489 3849 1544 3903 in
1584 3851 1801 3920 propria
1834 3867 2064 3920 persona

504 3928 572 3990 de
597 3936 853 3991 universo
898 3941 1122 4007 populo;
1150 3940 1243 4009 qui
1284 3956 1405 3996 mos
1439 3942 1823 4010 prophetarum
1864 3945 2070 4014 perire:

505 4041 681 4096 quens
704 4038 809 4082 est.
844 4027 998 4083 Sicut
1021 4031 1183 4084 etiam
1208 4031 1425 4085 beatum
1475 4031 1727 4087 Davidem
1753 4050 1939 4103 preces
1971 4052 2066 4105 pro

509 4119 983 4188 communipopuli
1006 4136 1236 4189 persona
1269 4120 1556 4176 facientem
1587 4123 1870 4191 videmus;
1898 4128 2066 4181 veluti

508 4223 629 4263 cum
662 4209 737 4262 ait
772 4228 786 4262 :
829 4227 847 4259 ι
886 4212 940 4263 In
977 4219 1048 4275 te,
1085 4211 1330 4275 Domine,
1357 4216 1592 4283 speravi,
1626 4233 1731 4271 non
1765 4218 2069 4274 confundar

509 4301 562 4357 in
586 4310 844 4357 asternum
875 4304 938 4363 “.
976 4322 994 4354 ι
1022 4302 1150 4359 ltem
1177 4322 1191 4359 :
1222 4323 1241 4356 ι
1271 4304 1516 4371 Domine,
1548 4310 1743 4363 exaudi
1768 4314 2067 4367 orationem

510 4408 704 4455 meam,
730 4403 783 4448 et
821 4395 1030 4449 clamor
1058 4411 1210 4450 meus
1233 4396 1299 4451 ad
1331 4406 1384 4451 te
1410 4398 1590 4453 veniat
1611 4400 1677 4454 ’⁷.
1714 4420 1733 4452 ι
1773 4400 1897 4456 Ilaec
1923 4404 2069 4457 enim

509 4501 574 4539 ex
615 4488 890 4540 communi
938 4487 1071 4542 dicit
1099 4490 1436 4557 captivorum
1467 4507 1696 4561 persona
1729 4511 1744 4559 ;
1771 4494 1845 4547 ita
1869 4503 1928 4549 ut
1958 4497 2072 4551 s’in-

2221 2671 2366 2741 Στίχ.
2404 2668 2589 2734 ιζ’-ιθ’.
2626 2698 2701 2712 --
2747 2686 2765 2718 ι
2799 2666 2942 2720 Διότι
2977 2664 3115 2735 συκῆ
3160 2663 3219 2716 οὐ
3266 2659 3669 2732 καρποφορήσει
3692 2697 3710 2725 ,

2149 2762 2240 2813 καὶ
2263 2763 2361 2813 οὐκ
2396 2760 2545 2813 ἔσται
2570 2760 2882 2829 γεννήματα
2901 2760 2959 2810 ὲν
2987 2758 3103 2818 ταῖς
3128 2752 3389 2824 ἀμπέλοις
3413 2768 3427 2781 °
3451 2750 3711 2819 ψεύσεται

2149 2854 2307 2925 ἔργον
2340 2853 2523 2915 ἐλαίας
2543 2859 2570 2880 ’⁸
2600 2850 2778 2904 καὶτὰ
2812 2848 2967 2902 πεδία
2997 2848 3057 2899 ού
3091 2846 3301 2914 ποιήσει
3329 2841 3528 2914 βρῶσιν
3558 2858 3570 2871 ’
3625 2839 3711 2905 ἐξ-

2151 2946 2330 2998 έλιπεν
2362 2944 2467 2997 ἀπὸ
2507 2941 2759 3012 βρώσεως
2797 2938 3073 3009 πρόϐατα,
3112 2934 3203 2987 καί
3235 2934 3331 3003 οὐχ
3377 2930 3711 3001 ὑπάρχουσιν

2157 3038 2275 3109 βόες
2302 3037 2391 3109 ἐπὶ
2418 3037 2661 3105 φάτναις.
2694 3052 2711 3084 ι
2751 3030 2965 3100 Ἑὼρων
2985 3028 3114 3099 γάρ,
3146 3027 3298 3097 φησι,
3330 3025 3423 3077 καὶ
3449 3024 3546 3093 τὴν
3570 3021 3713 3109 κατά

2154 3106 2263 3183 τῶν
2292 3106 2542 3182 ἐναντίων
2571 3123 2740 3194 ὀργὴν
2780 3122 3013 3193 φοϐεράν
3054 3135 3175 3172 τινα
3207 3113 3389 3180 οὖσαν,
3426 3115 3515 3183 ἀφ’
3545 3108 3610 3183 ἧς
3649 3114 3711 3165 οὐ

2158 3220 2225 3274 τὰ
2263 3221 2327 3272 ἐκ
2378 3218 2487 3271 τῶν
2533 3215 2804 3285 πολεμίων
2835 3214 3029 3275 αὐτοὺς
3067 3211 3225 3281 μόνον
3270 3209 3481 3277 συνεῖχε
3520 3206 3669 3258 κακά
3698 3222 3712 3235 ·

2164 3311 2300 3366 ἀλλά
2323 3309 2433 3379 γὰρ
2459 3310 2553 3362 καὶ
2599 3308 2705 3360 ὑπὸ
2734 3306 3011 3378 ἀκαρπίας
3039 3302 3350 3372 κατείχοντο
3378 3296 3678 3359 παντελοῦς
3699 3335 3715 3361 ,

2161 3404 2257 3457 οὐκ
2286 3397 2853 3471 ὲκγεννημάτων,οὑκ
2867 3398 2929 3450 ὲκ
2945 3395 3115 3461 ξύλων
3143 3392 3352 3464 καρπὸν
3384 3388 3721 3461 κομίσασθαι

2161 3492 2262 3549 οἷοί
2305 3512 2367 3548 τε
2408 3494 2586 3556 δντεςο
2632 3489 3128 3563 προσαπολέσονται
3172 3488 3227 3541 δὲ
3284 3487 3377 3539 καὶ
3426 3483 3493 3537 τὰ
3545 3484 3718 3553 κτήνη

2162 3588 2357 3646 πάντα.
2390 3584 2594 3657 ἐρημίᾳ
2627 3583 2797 3654 νομῆς
2837 3599 2896 3634 τε
2928 3581 3022 3634 καὶ
3055 3579 3372 3652 βρωμάτων.
3417 3594 3437 3629 ι
3493 3573 3633 3643 Ἐγὼ
3660 3574 3722 3626 δὲ

2164 3680 2221 3732 ὲν
2252 3678 2330 3747 τῷ
2355 3677 2544 3747 Κυρίῳ
2568 3674 2994 3743 άγαλλιάσομαι,
3017 3672 3327 3742 χαρήσομαι
3361 3668 3456 3720 ἐπὶ
3491 3665 3569 3735 τῷ
3597 3664 3720 3732 Θεῷ

2162 3768 2240 3841 τῷ
2269 3768 2483 3840 Σωτῆρί
2517 3785 2637 3838 μου.
2683 3785 2701 3816 ι
2742 3764 2853 3819 Καὶ
2895 3763 2965 3817 τά
2993 3764 3088 3833 μὲν
3125 3762 3252 3832 περὶ
3287 3759 3525 3821 ἐκείνους
3565 3757 3721 3809 ἔσται

2164 3862 2387 3917 τοιαῦτα
2413 3880 2426 3892 ·
2460 3863 2594 3931 ἡμῖν
2613 3859 2670 3912 δὲ
2695 3862 2759 3929 τῇ
2796 3861 2861 3929 σῇ
2895 3857 3116 3928 βοηθείᾳ
3139 3856 3300 3927 ἡδονὴ
3335 3871 3395 3907 τε
3422 3854 3720 3925 προσέσται

2164 3956 2259 4008 καὶ
2293 3952 2565 4024 σωτηρία·
2598 3950 2660 4003 τὸ
2696 3949 2825 4019 γὰρ,
2868 3947 2978 4017 ἐγὼ
3010 3948 3085 4008 δὲ,
3118 3949 3183 3999 ὲκ
3209 3945 3498 4016 προσώπου
3528 3940 3625 3996 τοῦ
3645 3944 3725 3995 οἰ-

2166 4044 2311 4097 κείου
2346 4041 2588 4113 περὶτοῦ
2611 4039 2787 4093 κοινοῦ
2820 4039 2964 4108 λέγει
2990 4037 3140 4099 λαοῦ,
3170 4038 3304 4105 ὅπερ
3329 4031 3420 4089 οὖν
3448 4033 3564 4097 ἔθος
3596 4033 3730 4086 πολ-

2167 4132 2332 4204 λαχοῦ
2380 4133 2491 4193 τοῖς
2546 4132 2850 4201 προφήταις
2890 4129 3093 4180 ποιεῖν·
3134 4125 3221 4196 (p.
3260 4124 3406 4195 580)
3443 4124 3519 4187 ὡς
3563 4124 3657 4175 καὶ
3698 4122 3731 4173 6

2173 4225 2438 4297 μακάριος
2463 4223 2623 4275 Δαυῖδ
2642 4223 2739 4284 τάς
2757 4221 2996 4289 αἰτήσεις
3021 4220 3085 4272 ἐκ
3104 4217 3397 4289 προσώπου
3426 4216 3517 4269 τοῦ
3547 4214 3730 4268 αὐτῶν

2170 4316 2485 4386 ποιούμενος
2522 4313 2794 4383 φαίνεται·
2827 4312 2902 4373 ὡς
2943 4312 3017 4363 ὅτ’
3053 4311 3118 4362 ἂν
3162 4308 3295 4381 λέγῃ
3317 4325 3329 4337 ·
3376 4326 3395 4358 ι
3432 4307 3554 4360 Ἐπί
3608 4306 3690 4357 σοὶ
3713 4345 3729 4362 ,

2169 4408 2362 4479 Κύριε,
2402 4406 2604 4477 ἡλπισα
2626 4445 2640 4464 .
2680 4404 2752 4474 μὴ
2777 4400 3223 4471 καταισχυνθείην
3253 4402 3332 4461 εἰς
3354 4398 3444 4451 τὸν
3468 4396 3640 4451 αἰῶνα
3663 4414 3675 4425 ·
3709 4415 3729 4447 ο

2172 4500 2287 4562 καὶ,
2326 4518 2344 4550 ι
2370 4497 2563 4568 Κύριε,
2594 4496 2909 4548 εἰσάκουσον
2936 4494 3035 4563 τῆς
3068 4490 3373 4562 προσευχῆς
3405 4506 3505 4559 μου
3526 4532 3538 4552 ,
3570 4488 3663 4541 καὶ
3697 4490 3733 4558 ἡ

510 4576 620 4647 guli
659 4592 815 4645 prece
851 4579 951 4631 hac
991 4583 1274 4637 commode
1312 4583 1388 4637 uti
1430 4591 1651 4652 queant.
1691 4583 1892 4639 Eodem
1923 4601 2055 4642 nunt

2172 4589 2386 4661 κραυγὴ
2429 4604 2528 4657 μου
2588 4585 2723 4655 πρὸς
2755 4584 2811 4637 σὲ
2844 4582 3061 4635 ἐλθέτω.
3092 4600 3111 4632 ›
3145 4580 3327 4665 ’ξαῦτα
3362 4578 3472 4649 γὰρ
3524 4579 3589 4630 ἐκ
3634 4579 3735 4629 τοῦ

511 4670 673 4728 modo
705 4672 964 4741 propheta
1009 4682 1268 4743 tanquam
1307 4692 1370 4730 ex
1413 4678 1689 4731 communi
1723 4693 1956 4747 persona
1989 4679 2064 4734 lo-

509 4765 716 4834 quitur,
749 4764 1188 4834 quandoquidem
1214 4778 1268 4824 et
1293 4769 1360 4825 de
1380 4772 1655 4824 communi
1676 4754 1911 4827 utilitate
1940 4773 2070 4840 agit.

517 4873 535 4907 ι
577 4853 838 4907 Dominus
867 4854 1028 4919 Deus,
1071 4858 1244 4913 virtus
1284 4875 1400 4914 mea
1427 4877 1440 4911 :
1465 4869 1519 4916 et
1539 4872 1700 4930 ponet
1729 4863 1892 4931 pedes
1924 4878 2075 4918 meos

511 4946 668 5015 quasi
700 4946 867 5005 cervi.
898 4955 952 5001 et
980 4946 1047 5001 ad
1093 4949 1307 5004 excelsa
1350 4965 1434 5006 me
1486 4951 1725 5013 deducit,
1777 4946 1834 5004 nt
1865 4954 2075 5011 vincam

514 5036 568 5090 in
591 5037 807 5094 cantico
829 5038 1018 5107 ipsius.
1057 5058 1075 5091 ι
1112 5041 1159 5094 Is
1183 5040 1309 5094 mihi
1337 5041 1389 5093 in
1434 5043 1687 5097 omnibus
1708 5042 1849 5096 vires
1875 5057 2074 5112 suppe~

514 5128 669 5192 ditat,
693 5128 785 5198 qui
818 5145 919 5185 nos
946 5131 1193 5186 celeriter
1225 5130 1512 5186 admodum
1547 5134 1849 5203 captivitati
1874 5133 2076 5188 subdu-

515 5233 647 5279 cet:
701 5242 821 5278 nam
853 5242 1002 5281 more
1049 5243 1333 5282 cervorum
1387 5230 1614 5283 celerem
1648 5231 1773 5284 inde
1813 5230 2075 5284 faciemus

517 5314 775 5377 reditum.
819 5318 1305 5375 Sublimes‘autem
1330 5335 1429 5374 nos
1454 5335 1561 5389 pra:
1608 5323 1863 5375 omnibus
1892 5334 2078 5375 osten-

520 5408 646 5473 det;
675 5407 749 5459 ita
776 5417 835 5459 ut
852 5409 1008 5462 nobis
1046 5411 1177 5466 nihil
1211 5409 1355 5463 aliud
1382 5410 1637 5487 supersit,
1664 5422 1827 5478 quam
1848 5413 2077 5467 canticis

521 5506 685 5568 atque
708 5498 923 5569 hymnis
953 5499 1115 5556 Deum
1147 5502 1460 5558 celebrare:
1490 5503 1930 5574 quandoquidem
1964 5505 2079 5560 vic-

629 5674 675 5713 ¹¹⁶
707 5674 847 5735 Psal.
890 5692 1013 5739 ιιι,
1037 5676 1092 5735 2.
1194 5680 1237 5709 "
1274 5677 1510 5743 Psal.CI,
1549 5681 1604 5737 ’2.

2173 4682 2352 4736 κοινοῦ
2381 4680 2528 4747 λέγει
2560 4679 2667 4731 τῶν
2696 4678 2789 4729 ἐπὶ
2813 4676 2909 4746 τῆς
2938 4672 3309 4744 αἰχμαλωσίας
3333 4670 3521 4732 ὄντων,
3554 4669 3631 4731 ὡς
3664 4667 3739 4720 ἂν

2173 4774 2405 4829 ἑκάστου
2436 4771 2707 4842 ἁρμοδίως
2734 4771 2799 4839 τῇ
2847 4769 2996 4837 φωνῇ
3028 4763 3373 4836 χρησαμένου
3395 4760 3588 4831 ταύτῃ.
3629 4760 3741 4813 Τὸν

2172 4865 2333 4919 αὐτὸν
2363 4864 2428 4934 δὴ
2475 4863 2674 4934 τρόπον
2716 4861 2809 4914 καὶ
2844 4859 2938 4911 νύν
2981 4859 3010 4910 6
3044 4857 3327 4927 προφήτης
3360 4854 3434 4916 ὠς
3479 4852 3588 4905 ἀπὸ
3636 4851 3738 4905 τοῦ

2175 4955 2356 5011 κοινοῦ
2388 4954 2536 5023 λέγει
2575 4952 2767 5015 ταῦτα,
2808 4950 2995 5020 ἐπειδὴ
3039 4948 3133 5001 καὶ
3170 4947 3296 5015 περὶ
3323 4944 3430 4997 τῶν
3460 4942 3539 5013 τῷ
3570 4942 3741 5013 κοινῷ

2180 5046 2595 5117 προσεσομένων
2643 5044 2972 5110 διαλέγεται.
3034 5059 3053 5091 ι
3083 5038 3286 5109 Κύριος
3333 5039 3362 5089 ὁ
3406 5035 3539 5099 Θεός
3590 5052 3694 5103 μου
3723 5051 3740 5065 ⁶

2178 5141 2405 5210 δύναμίς
2433 5155 2553 5209 μου*
2582 5138 2677 5189 καὶ
2708 5134 2857 5199 τάξει
2879 5134 3005 5195 τοὺς
3034 5132 3195 5193 πόδας
3228 5146 3328 5199 μου
3359 5129 3490 5181 ὡσεὶ
3514 5127 3738 5195 ἐλάφου·

2181 5231 2275 5285 καὶ
2315 5230 2405 5283 ἐπὶ
2432 5229 2502 5282 τὰ
2533 5228 2712 5298 ὑψηλά
2763 5224 2981 5293 ἐπιϐιϐᾷ
3030 5239 3130 5292 με,
3170 5220 3264 5273 τοῦ
3316 5218 3534 5289 νικῆσαι
3578 5220 3638 5270 ὲν
3671 5220 3741 5286 τῇ

2184 5312 2293 5393 ᾠδῇ
2326 5321 2509 5375 αὑτοῦ.
2558 5340 2576 5370 ι
2612 5315 2785 5380 Αὐτὸς
2812 5317 2920 5385 γάρ
2946 5316 3092 5367 ἐστιν
3118 5314 3147 5365 6
3175 5313 3275 5383 τὴν
3306 5313 3364 5363 ὲν
3389 5309 3557 5362 ἅπασι
3586 5308 3747 5361 δύνα-

2189 5416 2281 5484 μίν
2319 5431 2410 5484 μοι
2441 5412 2796 5483 χαριζόμενος
2820 5425 2833 5438 ·
2857 5408 2913 5469 ὃς
2937 5405 3123 5474 ἀφελεῖ
3148 5405 3245 5474 μὲν
3277 5404 3417 5473 ἡμᾶς
3448 5399 3591 5472 μετά
3620 5397 3747 5451 πολ-

2185 5506 2278 5562 λοῦ
2332 5504 2428 5559 τοῦ
2472 5503 2671 5574 τάχους
2713 5502 2812 5572 τῆς
2865 5497 3259 5568 αἰχμαλωσίας,
3317 5495 3470 5564 δίκην
3525 5490 3744 5557 ἐλάφων
