3992 6232
547 319 643 375 ἂδί

1713 314 2064 371 ΤιιΕυοοιιι
2093 311 2572 370 MOPSUESTENI

3677 315 3786 370 43?.

547 439 800 495 neraliter
851 438 1004 501 dixit,
1059 437 1356 492 «Deﬁciant
1411 438 1657 498 omnia,»
1713 439 1886 508 pergit
1937 437 2109 491 dicere

2226 453 2332 488 των
2375 435 2558 498 ἀξίους
2602 434 2825 496 ἑαυτοὺς
2862 432 2927 486 δι’
2959 427 3033 486 ὧν
3079 433 3342 504 ἔπραττον
3391 431 3784 502 πεποιήκασιν·

545 531 949 599 particulatim:
991 531 1245 582 «Deﬁciat
1279 529 1462 590 homo,
1492 537 1544 582 et
1569 529 1814 597 jumeuta
1842 528 2113 594 deﬁciant,

541 635 758 674 necnon
810 620 934 672 caali
971 620 1254 680 volucres,
1325 627 1376 671 et
1417 619 1585 671 maris
1622 618 1834 686 pisces:
1884 625 1937 670 et
1969 618 2115 669 iulir-

529 711 837 763 ‘mabuntur
874 708 1044 778 impii,
1085 719 1139 763 et
1173 709 1416 764 auferam
1463 709 1682 776 iniquos
1712 724 1739 762 a
1773 708 1910 762 facie
1932 717 2152 771 teme“

545 809 676 860 dicit
711 805 991 860 Dominus.
1021 825 1038 856 ι
1087 803 1445 874 Hyperbolicc
1469 802 1686 872 quidem
1714 802 2030 856 hominibus
2053 815 2116 855 ac

541 897 802 965 jumentis
842 896 1094 949 volucres
1120 910 1335 963 quoque
1363 905 1414 948 et
1450 895 1621 962 pisces
1662 893 1963 962 copulavit:
2032 892 2114 946 vel

546 989 708 1041 etiam
744 989 967 1057 tropice,
997 1003 1092 1041 ceu
1118 987 1254 1040 solet
1283 986 1425 1055 loqui
1452 1004 1466 1048 ;
1503 984 1575 1038 ita
1608 993 1665 1038 ut
1691 986 1940 1039 volucres
1971 983 2116 1038 dicat

547 1081 668 1133 illos
701 1080 793 1146 qui
825 1079 1135 1148 principatu
1170 1079 1314 1130 inter
1333 1087 1562 1131 czrteros
1593 1077 1838 1131 homines
1853 1076 2112 1140 eminent,

547 1173 727 1239 pisces
759 1186 886 1223 vero
935 1171 1176 1237 plebeios
1230 1170 1322 1237 qui
1364 1168 1515 1222 valde
1570 1168 1846 1222 humiliter
1897 1174 2112 1236 repunt.

548 1261 666 1315 Mox
703 1273 755 1314 et
782 1277 1001 1314 causam
1034 1261 1258 1318 addens,
1292 1279 1308 1310 ι
1337 1259 1400 1311 Ει
1438 1259 1878 1324 inﬁrmabuntur,
1915 1258 2108 1328 inquit,

547 1355 721 1422 impii,
745 1362 797 1407 et
821 1353 1063 1406 auferam
1092 1354 1310 1422 iniquos
1339 1353 1404 1406 de
1432 1352 1568 1404 facie
1607 1360 1782 1412 terrm,
1833 1352 1967 1406 dicit
2002 1351 2106 1406 Do-

545 1446 749 1498 minus.
779 1463 795 1496 ι
836 1443 940 1509 Qui
963 1445 1124 1512 impie
1153 1445 1463 1512 injusthue
1494 1443 1699 1502 vivunt,
1729 1443 1794 1495 ad
1818 1451 2114 1497 extremam

546 1533 885 1587 deducentur
932 1533 1321 1593 inﬁrmitatem,
1384 1531 1508 1600 quia
1539 1531 1642 1586 sub
1671 1532 1886 1586 hostilis
1919 1548 2114 1586 manus

547 1625 656 1677 ictu
691 1623 926 1677 cadent:
965 1623 1157 1691 reliqui
1185 1637 1312 1676 vero
1343 1623 1614 1690 mancipio
1634 1623 1802 1691 capti,
1835 1622 2114 1675 abducen-

547 1725 631 1767 tur
660 1731 688 1768 a
713 1715 950 1784 regione,
982 1730 1140 1782 quam
1175 1728 1203 1764 a
1231 1729 1312 1767 me
1335 1721 1611 1782 acceptam
1641 1728 1750 1766 non
1787 1715 1907 1767 sine
1929 1713 2113 1768 multis

548 1805 846 1859 sceleribus
877 1806 1202 1858 retinebant.

2215 528 2335 580 ὅθεν
2366 526 2427 597 δὴ
2453 528 2543 578 καὶ
2572 525 2944 596 ἀποφήνασθαι
2980 526 3107 595 περὶ
3135 515 3312 577 αὐτῶν
3355 523 3582 576 τοιαῦτα
3619 542 3787 594 προσ-

2214 619 2378 688 ῆκται
2413 619 2562 681 Θεός.
2606 615 2735 671 Εἶτα
2779 612 3310 680 καθολικῶςεὶπὼν,‹
3331 613 3626 668 Ἐκλιπέτω
3654 618 3786 670 πάνυ

2214 727 2318 774 τα,
2357 728 2379 762 ι
2415 710 2610 777 ἐπάγει
2655 708 2796 762 κατά
2828 707 3018 779 μέρος·
3063 725 3082 758 ι
3129 706 3427 760 Ἐκλιπέτω
3469 707 3782 777 ἄνθρωπος,

2214 801 2308 853 καὶ
2336 802 2506 871 κτήνη
2555 800 2840 864 ἐκλιπέτω,
2873 799 2942 853 τὰ
2986 798 3205 852 πετεινά
3231 799 3322 852 τοῦ
3346 798 3578 869 ούρανοῦ
3613 800 3704 852 καὶ
3729 804 3782 854 οἰ

2218 891 2398 962 ἰχθύες
2435 893 2536 961 τῆς
2576 891 2881 963 θαλάσσης·
2911 892 3007 945 καὶ
3031 891 3418 960 ἀσθενήσουσιν
3455 893 3503 943 οἰ
3535 891 3779 954 ἀσεϐεῖς·

2215 984 2308 1036 καὶ
2338 983 2513 1054 ἐξαρῶ
2537 984 2662 1045 τοὺς
2687 983 2922 1052 ἀνόμους
2953 982 3062 1036 ἀπὸ
3092 981 3385 1053 προσώπου
3409 985 3507 1052 τῆς
3533 981 3660 1052 γῆς,
3693 982 3782 1036 λέ-

2215 1087 2300 1138 γει
2331 1071 2552 1142 Κύριος.
2583 1090 2602 1123 ι
2653 1071 3056 1141 ’Υπερϐολικῶς
3086 1071 3182 1140 μέν
3211 1074 3320 1131 τοῖς
3351 1069 3661 1140 ἀνθρώποις
3690 1074 3783 1125 καὶ

2214 1166 2326 1226 τοῖς
2357 1165 2578 1234 κτήνεσι
2606 1164 2674 1216 τά
2695 1181 2755 1216 τε
2784 1163 3005 1217 πετεινά
3030 1163 3123 1215 καὶ
3152 1163 3278 1224 τοῦς
3302 1162 3491 1232 ἰχθύας
3515 1164 3779 1235 συνῆψεν·

2214 1255 2248 1324 ἢ
2287 1255 2382 1307 καὶ
2420 1255 2714 1323 τροπικῶς,
2761 1255 2940 1318 καθὼς
2958 1255 3144 1307 εἴωθεν
3183 1253 3390 1321 λέγειν,
3433 1255 3519 1308 ἵνα
3561 1257 3783 1310 πετεινά

2219 1345 2316 1415 μὲν
2354 1346 2483 1417 εἴπῃ
2525 1348 2652 1409 τοὺς
2697 1346 3012 1408 δυναστείας
3045 1346 3508 1418 ὑπεραιρομένους
3539 1347 3649 1400 τῶν
3681 1347 3785 1400 λοι-

2215 1436 2350 1498 πῶν,
2390 1435 2574 1505 ἰχθύας
2607 1437 2664 1489 δέ
2697 1437 2824 1499 τοὺς
2883 1438 2940 1488 ἐν
2981 1437 3058 1506 τῷ
3098 1437 3254 1507 δήμῳ
3293 1437 3382 1490 διὰ
3423 1438 3783 1507 ταπεινότητα

2215 1528 2479 1598 ἕρποντας
2539 1527 2756 1597 πολλήν.
2785 1528 2890 1579 Kal
2918 1529 3014 1598 τὴν
3048 1528 3225 1580 αἰτίαν
3251 1528 3308 1580 δέ
3336 1529 3577 1596 ἐπάγων,
3621 1548 3640 1580 ι
3679 1531 3782 1581 Καὶ

2215 1620 2601 1690 ἀσθενήσουσιν
2627 1621 2674 1672 οἱ
2701 1619 2934 1682 ἀσεϐεῖς,
2961 1621 3054 1671 καὶ
3071 1617 3248 1689 ἐξαρῶ
3269 1620 3393 1681 τοὺς
3416 1618 3653 1688 ἀνόμους
3681 1619 3785 1670 ἀπὸ

2215 1710 2509 1782 προσώπου
2552 1711 2650 1780 τῆς
2678 1711 2800 1780 γῆς,
2830 1709 2973 1776 λέγει
3004 1707 3226 1778 Κύριος.
3276 1728 3294 1760 ι
3332 1710 3394 1760 Oi
3431 1709 3538 1778 γὰρ
3562 1709 3785 1777 ἀσεϐείᾳ

2144 1779 2185 1832 Β
2213 1779 2303 1855 καὶ
2331 1801 2528 1874 ἀνομίᾳ
2558 1779 2846 1865 συζῶντες,
2878 1801 2955 1869 (p.
2983 1799 3108 1867 585)
3144 1801 3223 1862 εἰς
3257 1798 3491 1869 παντελῆ
3515 1799 3783 1867 καταντή-

550 1909 733 1945 σουσιν
760 1891 1072 1955 ἀσθένειαν,
1107 1893 1209 1947 ὑπὸ
1240 1897 1304 1964 τῇ
1341 1893 1446 1945 τῶν
1475 1894 1744 1964 πολεμίων
1775 1895 2120 1958 πεπτωκότες
2159 1895 2334 1964 χειρί·
2368 1895 2417 1946 οἰ
2461 1893 2636 1946 λοιποί
2666 1911 2723 1945 τε
2757 1893 3097 1963 αἰχμαλωσίᾳ
3133 1891 3445 1964 ληφθέντες,
3483 1894 3783 1964 ἀφαιρεθή-

551 2003 730 2039 σονται
762 1986 860 2055 τῆς
897 1987 1022 2055 γῆς,
1049 1987 1114 2056 ἣν
1141 1989 1270 2058 παρ’
1301 1987 1433 2055 ἐμοῦ
1457 1988 1711 2053 λαϐόντες
1746 1988 1882 2059 μετά
1912 1988 2112 2058 πολλῆς
2135 1991 2384 2058 κατεῖχον
2410 1989 2510 2058 τῆς
2537 1987 2905 2058 παρανομίας.

620 2076 785 2131 Vens.
812 2077 932 2132 4-6.
955 2109 1026 2118 —
1045 2079 1246 2133 Deinde
1266 2080 1332 2134 de
1354 2081 1554 2148 quibus
1585 2082 1699 2136 haec
1721 2084 1889 2146 dicat,
1910 2082 2113 2137 clarius

547 2169 867 2239 explanatis,
897 2189 914 2221 ι
940 2168 1255 2233 Extendam,
1277 2171 1472 2242 inquit,
1500 2187 1718 2226 manum
1746 2191 1917 2229 meam
1953 2190 2114 2244 super

548 2258 764 2320 Judatn,
793 2271 844 2314 et
878 2277 1040 2330 super
1069 2277 1258 2316 omnes
1287 2262 1626 2318 Hierusalem
1661 2266 1925 2321 incolas.»
1958 2265 2114 2321 Post-

549 2366 708 2418 quam
746 2352 811 2405 de
845 2353 986 2405 tribu
1023 2362 1076 2404 et
1105 2357 1238 2408 urbe
1285 2362 1571 2423 capturum
1623 2372 1682 2410 se
1730 2372 1918 2426 poenas
1952 2358 2106 2422 dixit,

551 2443 858 2494 necessario
893 2452 1054 2496 tantae
1108 2445 1596 2501 animadversionis
1651 2463 1848 2502 causas
1880 2452 2109 2503 recitat:

553 2552 569 2580 ι
599 2532 662 2584 Et
687 2533 928 2588 auferam
947 2539 1014 2588 de
1036 2535 1155 2588 loco
1188 2535 1295 2590 isto
1327 2539 1545 2592 nomina
1571 2538 1794 2602 Baalim,
1817 2549 1870 2594 et
1892 2541 2112 2593 nomina

547 2624 895 2678 delubrorum
920 2640 1045 2678 cum
1077 2627 1475 2688 sacerdotibus,
1501 2639 1554 2684 et
1577 2630 1670 2699 qui
1693 2630 1920 2683 adorant
1950 2645 2113 2698 super

549 2721 687 2768 tecta
718 2717 1016 2769 exercitum
1043 2717 1190 2780 εαξη,
1241 2727 1294 2772 et
1335 2723 1427 2788 qui
1456 2721 1644 2788 juraut
1673 2735 1770 2789 per
1798 2719 2108 2784 Dominum,

547 2813 599 2856 et
628 2804 718 2873 qui
758 2805 946 2873 jurant
982 2821 1074 2874 per
1126 2806 1507 2875 Melchomum,
1563 2817 1616 2864 et
1644 2810 1736 2878 qui
1775 2810 2050 2864 declinant
2081 2827 2111 2864 a

546 2893 795 2960 Domino,
834 2905 888 2948 et
922 2897 1012 2965 qui
1044 2896 1330 2951 Dominum
1362 2916 1470 2952 non
1497 2911 1765 2969 quali-unt,
1799 2911 1848 2954 et
1877 2902 1969 2970 qui
2001 2917 2109 2954 non

548 2985 784 3038 retinent
817 2985 1123 3040 Dominum.
1149 3007 1166 3039 ι
1221 2989 1446 3057 Ejiciam
1477 2992 1698 3045 omnino
1728 2993 1794 3045 de
1838 2993 1957 3046 loco
1987 2995 2108 3057 huc,

549 3075 742 3142 partim
785 3077 916 3130 cardi
940 3078 1179 3145 tradens,
1201 3082 1397 3148 partim
1420 3083 1719 3151 captivitati
1743 3101 1757 3148 ;
1782 3084 1922 3136 idola
1949 3084 2110 3138 simul

547 3167 728 3218 omnia
754 3171 1064 3232 destruens,
1097 3179 1148 3224 et
1180 3172 1396 3225 illorum
1432 3175 1725 3239 culturam,
1763 3191 1885 3230 cmn
1923 3177 1990 3230 iis
2016 3178 2108 3246 qui

546 3257 860 3312 sacerdotes
905 3261 1220 3315 eorumdem
1254 3264 1609 3332 videbantur;
1664 3277 1938 3336 postremo
1987 3269 2108 3324 illos

545 3350 634 3418 qui
667 3364 828 3418 super
862 3360 1004 3404 tecta
1057 3353 1424 3410 luminaribus
1463 3357 1586 3410 caeli
1615 3359 1821 3411 cultum
1853 3361 2110 3416 exhibere

544 3440 860 3494 studebant.
888 3443 992 3497 Sed
1021 3444 1225 3512 justam
1251 3448 1494 3516 apprime
1517 3449 1548 3500 ii
1576 3450 1848 3517 patientur
1870 3466 2105 3521 pinnam,

545 3528 636 3595 qui
683 3529 830 3582 circa
885 3534 1143 3601 templum
1202 3551 1380 3588 meum
1425 3546 1727 3600 versantes,
1766 3555 1873 3592 non
1913 3542 2110 3596 erube-

543 3630 703 3674 scunt
733 3621 1000 3676 idolorum
1028 3625 1197 3679 cultui
1229 3643 1452 3680 vacare:
1486 3629 1580 3682 sed
1609 3630 1769 3684 modo
1801 3631 1959 3700 252
1989 3633 2110 3702 qui-

541 3712 687 3774 dem,
746 3715 927 3769 cultus
967 3717 1070 3770 mei
1099 3733 1155 3771 se
1185 3733 1453 3774 memores
1494 3722 1866 3786 ostendentes,
1899 3739 1992 3792 per
2025 3740 2109 3779 me

538 3803 757 3866 juraut;
800 3805 959 3858 modo
993 3818 1171 3860 autem
1207 3824 1300 3877 per
1339 3809 1480 3863 idola
1511 3827 1729 3881 qquue
1753 3813 1973 3882 juraut:
2028 3822 2109 3868 et-

541 3894 684 3942 enim
714 3892 1066 3947 Melchoinum
1097 3898 1297 3950 idolum
1332 3901 1597 3966 nominat,
1621 3910 1677 3954 ut
1701 3919 1764 3957 ex
1792 3920 1916 3967 uno,
1949 3911 2109 3974 prout

541 3983 698 4042 solet,
739 3993 932 4036 cuncta
968 3986 1186 4041 denotet
1222 3989 1385 4044 idola.

2284 2083 2428 2152 Στίχ.
2443 2082 2592 2146 δ’-ς’.
2610 2114 2675 2123 -
2693 2078 2824 2134 Εἶτα
2855 2082 2948 2133 καί⁵
2969 2081 3095 2152 περὶ
3110 2080 3267 2134 τίνων
3288 2081 3432 2149 λέγει
3453 2082 3780 2153 σαφέστερον

2213 2171 2402 2234 ποιῶν,
2464 2190 2482 2222 ι
2517 2171 2626 2224 Καὶ
2669 2171 2870 2223 ἐκτενῶ
2923 2171 3018 2242 τὴν
3059 2172 3215 2243 χεῖρά
3273 2189 3372 2242 μου
3425 2173 3517 2225 ἐπὶ
3571 2173 3774 2226 Ἰούδαν

2213 2263 2306 2315 καὶ
2337 2261 2430 2314 ἐπὶ
2477 2261 2681 2325 πάντας
2723 2263 2849 2324 τοὺς
2913 2261 3296 2324 κατοικοῦντας
3351 2261 3727 2333 Ἰερουσαλήμ.
3759 2284 3776 2316 ι

2212 2355 2368 2407 Κατά
2420 2372 2480 2407 τε
2536 2355 2633 2424 τῆς
2692 2354 2895 2424 φυλῆς,
2963 2355 3104 2407 κατά
3163 2371 3217 2405 τε
3277 2355 3375 2424 τῆς
3425 2356 3632 2418 πόλεως
3696 2359 3784 2409 ἐπ-

2215 2446 2366 2510 άξειν
2390 2445 2623 2518 εἰρηκὼς
2650 2445 2747 2516 τὴν
2781 2445 3064 2516 τιμωρίαν,
3104 2445 3411 2511 ἀναγκαίως
3447 2446 3502 2498 δέ
3546 2446 3641 2498 καὶ
3687 2446 3784 2509 τάς

2211 2537 2311 2607 τῆς
2351 2537 2614 2608 τοσαύτης
2655 2537 2919 2608 τιμωρίας
2950 2537 3120 2604 λέγων
3157 2537 3350 2600 αἰτίας·
3403 2556 3422 2588 ι
3466 2537 3574 2589 Καὶ
3602 2539 3784 2608 ἐξαρῶ

2213 2631 2278 2681 ἐκ
2309 2627 2400 2681 τοῦ
2433 2628 2596 2682 τόπου
2628 2629 2694 2681 τά
2726 2629 2961 2698 ὀνόματα
2993 2629 3100 2681 τῶν
3147 2627 3378 2698 Βααλίμ,
3423 2626 3514 2680 καὶ
3563 2629 3630 2681 τὰ
3666 2631 3781 2682 όνὸ⁵

2217 2738 2358 2791 ματα
2386 2719 2454 2772 τά
2483 2719 2591 2772 τῶν
2614 2718 2771 2790 ἱερῶν
2801 2719 2937 2790 μετά
2969 2719 3076 2772 τῶν
3108 2719 3314 2792 ἱερέων,
3342 2718 3436 2772 καὶ
3460 2720 3585 2781 τοὺς
3612 2732 3781 2790 προσο

2213 2810 2502 2871 κυνοῦντας
2523 2810 2612 2862 ἐπὶ
2634 2809 2701 2862 τὰ
2720 2807 2940 2874 δώματα
2965 2812 3028 2878 τῇ
3059 2810 3283 2879 στρατιᾷ
3308 2806 3396 2861 τοῦ
3419 2809 3670 2878 ούρανοῦ,
3690 2811 3783 2862 καὶ

2211 2901 2337 2961 τοὺς
2362 2896 2657 2967 ὀμνύοντας
2681 2897 2818 2950 κατά
2853 2896 2943 2950 τοῦ
2974 2897 3175 2968 Κυρίου
3199 2937 3214 2958 ,
3245 2898 3339 2950 καὶ
3388 2899 3513 2960 τοὺς
3552 2896 3780 2966 ὀμνύον-

2211 3007 2308 3050 τας
2352 2989 2490 3041 κατά
2531 2988 2622 3040 τοῦ
2666 2988 2917 3058 Μελχὸμ,
2967 2990 3059 3042 καὶ
3103 2989 3230 3050 τοὺς
3284 2987 3622 3050 ἐκκλίνοντας
3674 2989 3780 3041 ἀπὸ

2210 3075 2302 3128 τοῦ
2355 3074 2592 3144 Κυρίου,
2639 3075 2730 3128 καὶ
2777 3077 2900 3138 τοὺς
2955 3076 3029 3146 μὴ
3079 3076 3374 3145 ζητοῦντας
3429 3077 3520 3129 τὸν
3554 3077 3779 3147 Κύριον,

2212 3168 2304 3220 καὶ
2330 3167 2453 3229 τοὺς
2485 3166 2559 3236 μὴ
2586 3167 2975 3236 ἀντεχομένους
2999 3167 3091 3220 τοῦ
3115 3167 3339 3239 Κυρίου.
3376 3187 3394 3220 ι
3439 3169 3648 3237 Ἀφελῶ
3674 3170 3780 3238 γάρ

2213 3257 2484 3319 παντελῶς
2508 3256 2598 3310 τοῦ
2629 3258 2788 3310 τόπου
2811 3257 3020 3322 τούτου,
3043 3259 3166 3322 τοὺς
3197 3259 3296 3329 μὲν
3323 3261 3387 3330 τῇ
3421 3263 3622 3330 σφαγῇ,
3657 3260 3781 3323 τοὺς

2137 3343 2177 3400 C
2210 3348 2265 3400 δέ
2289 3350 2354 3418 τῇ
2389 3348 2746 3419 αἰχμαλωσίᾳ,
2772 3349 3143 3417 συναφανίζων
3165 3351 3347 3413 αὐτοῖς
3380 3352 3470 3403 καὶ
3495 3352 3562 3403 τά
3583 3351 3778 3423 εἴδωλα

2208 3440 2403 3500 πάντα,
2436 3441 2535 3509 τήν
2567 3457 2625 3491 τε
2659 3441 2752 3491 ἐπ’
2795 3441 2976 3504 αὐτοῖς
3015 3440 3331 3512 θεραπείαν,
3374 3441 3511 3510 μετά
3545 3442 3653 3496 τῶν
3704 3445 3780 3495 ἰεο

2210 3531 2453 3601 ρατεύειν
2488 3531 2668 3593 αὐτοῖς
2702 3531 3016 3607 δοκούντων,
3047 3533 3183 3603 πρὸς
3213 3533 3381 3586 ἅπασί
3415 3551 3473 3586 τε
3525 3537 3655 3596 τοὺς
3689 3534 3780 3586 ἐπὶ

2205 3622 2312 3674 τῶν
2333 3622 2594 3692 δωμάτων
2616 3624 2740 3685 τοὺς
2762 3624 2878 3675 κατ’
2902 3623 3124 3694 οὐρανὸν
3146 3626 3328 3696 φωστῆ
3338 3643 3434 3696 ρας
3455 3625 3779 3696 θεραπεύειν

2207 3715 2618 3777 ἐσπουδακότας·
2651 3715 2860 3768 δικαίαν
2897 3717 3004 3789 γὰρ
3049 3718 3112 3788 δὴ
3149 3718 3377 3788 μάλιστα
3418 3713 3562 3771 οὗτοι
3598 3719 3780 3786 agam-

2212 3823 2300 3858 ται
2339 3806 2436 3877 τὴν
2485 3806 2766 3878 τιμωρίαν,
2809 3809 2857 3860 οἳ
2909 3809 3036 3880 περὶ
3065 3809 3154 3862 τὸν
3193 3810 3319 3862 ναὸν
3365 3809 3638 3872 οἰκοῦντες
3691 3812 3780 3864 τὸν

2214 3899 2344 3968 ἐμὸν
2389 3899 2487 3950 οὐκ
2524 3898 2862 3968 αἰσχύνονται
2906 3900 3033 3970 περὶ
3079 3901 3176 3971 τὴν
3217 3900 3577 3953 τῶνείδὼλων
3607 3903 3779 3972 ἀσχο-

2214 3987 2463 4056 λούμενοι
2489 3987 2809 4057 θεραπείαν⁹
2837 3989 2911 4058 (p.
2932 3988 3055 4059 584)
3082 3989 3215 4042 ἀλλά
3242 3989 3370 4042 ποτὲ
3397 3991 3492 4059 μὲν
3511 3991 3611 4059 τῆς
3637 3991 3779 4060 ἐμῆς

540 4072 896 4126 ἐνδείκνυνται
961 4075 1254 4144 θεραπείας
1311 4083 1612 4152 φροντίζειν
1661 4086 1737 4136 ὅτ’
1788 4086 1853 4139 ἂν
1913 4088 2094 4150 αὐτοῖς
2141 4088 2358 4158 ὀμνύειν
2398 4090 2516 4141 κατ’
2561 4087 2692 4157 ἐμοῦ
2741 4088 2903 4160 δοκῇ,
2952 4091 3080 4144 ποτέ
3111 4091 3166 4144 δὲ
3205 4091 3342 4144 κατά
3384 4093 3491 4146 τῶν
3541 4093 3778 4146 εἰδώλων

539 4165 813 4235 ὀμνύουσι·
844 4165 1066 4236 Μελχὺμ
1097 4169 1203 4238 γὰρ
1231 4171 1288 4222 τὸ
1319 4171 1528 4226 εἴδωλον
1549 4176 1728 4243 λέγει·
1764 4178 1827 4230 ἵν’
1852 4180 1942 4247 ἀφ’
1965 4180 2104 4242 ἐνὸς,
2141 4179 2323 4242 καθὼς
2361 4180 2566 4242 εἴωθεν,
2609 4179 2821 4234 ᾶπαντα
2854 4182 2982 4254 εἴπῃ
3008 4183 3074 4236 τά
3108 4184 3313 4238 εἴδωλα.

609 4257 804 4312 Multas
839 4259 1055 4311 memini
1089 4276 1173 4315 me
1207 4267 1620 4330 praetermittere
1657 4267 1870 4325 fabulas
1916 4287 2104 4325 eorum

539 4351 631 4417 qui
669 4351 732 4401 ad
786 4350 1063 4419 Syriacam
1113 4353 1614 4422 interpretationem
1660 4361 1980 4428 respiciunt,
2041 4377 2108 4417 ne

541 4439 758 4506 ineptiis
787 4440 998 4492 viderer
1029 4439 1264 4492 divinam
1297 4443 1521 4509 implere
1549 4443 1908 4514 Scripturam.
1953 4447 2104 4502 Nunc

541 4546 674 4584 vero
706 4539 1012 4598 opportune
1056 4533 1313 4586 existimo
1343 4531 1418 4587 rei
1463 4536 1623 4604 hujus
1656 4538 1837 4594 facere
1877 4541 2104 4594 mentio-

544 4637 686 4681 nem,
723 4623 792 4674 ob
821 4625 1226 4690 coarguendam
1260 4637 1372 4680 tum
1395 4628 1458 4681 id
1500 4630 1644 4697 quod
1677 4632 1745 4684 ab
1795 4633 1930 4700 ipsis
1957 4649 2102 4686 nunc

541 4714 838 4781 incongrue
885 4715 1106 4776 dicitur,
1166 4725 1277 4770 ttttn
1322 4720 1482 4772 etiam
1527 4730 1718 4775 uetera
1765 4723 2100 4792 hujusmodi,

540 4820 659 4873 qua!
688 4806 756 4856 ab
800 4805 989 4857 iisdetn
1026 4805 1192 4872 dicta,
1245 4825 1344 4878 ego
1369 4819 1550 4865 tamen
1577 4813 1646 4866 ob
1677 4829 1794 4867 eam
1827 4830 1988 4883 quam
2021 4833 2107 4870 re-

540 4894 635 4946 tuli
670 4909 889 4948 causam
943 4899 1284 4962 prmtermisi.
1336 4900 1532 4955 Dicunt
1569 4903 1733 4972 igitur
1778 4907 2104 4961 vocabulum

539 4982 897 5038 Melcbomuin
932 4985 1035 5038 hoc
1079 4986 1198 5040 ioco
1226 5004 1402 5058 regem
1449 4993 1786 5059 signiﬁcare;
1823 4997 1946 5065 quia
1980 4997 2108 5052 Mel-

537 5074 694 5126 cbom
741 5089 831 5127 rex
879 5075 1080 5129 dicitur
1128 5075 1182 5129 in
1233 5076 1492 5148 Syrorum
1540 5095 1698 5152 atque
1749 5083 2098 5142 Hebrzeorum

538 5165 753 5232 lingua;
808 5167 899 5219 sed
950 5167 1272 5236 interpretes
1301 5184 1486 5224 errore
1518 5173 1790 5244 deceptos.
1845 5193 1941 5246 pro
1975 5194 2100 5249 rege

537 5255 894 5309 Melcbomum
941 5258 1167 5320 dixisse,
1217 5260 1362 5328 quod
1390 5270 1472 5314 est
1499 5263 1719 5318 idolum.
1773 5267 1934 5336 Atqui
1969 5268 2101 5323 illud

541 5347 811 5415 imprimis
875 5352 1162 5416 oportebat
1209 5351 1592 5415 considerare,
1650 5356 1890 5412 divinam
1953 5360 2102 5416 Scri-

536 5446 748 5508 pturam
783 5436 1047 5494 chraico
1079 5457 1332 5497 sermone
1356 5443 1523 5498 fuisse
1551 5445 1837 5514 dictatam,
1895 5453 1962 5504 ad
1997 5455 2100 5522 Sy-

538 5543 723 5582 rorum
759 5537 934 5582 autem
973 5545 1130 5585 usum
1168 5533 1487 5588 translatam
1523 5534 1694 5590 fuisse
1732 5539 1831 5595 abs
1863 5543 2106 5610 qttolibet

537 5618 757 5673 homine
793 5624 993 5689 (neque
1021 5623 1162 5676 enim
1198 5622 1262 5676 ad
1306 5624 1450 5680 hunc
1487 5641 1658 5697 usque
1689 5629 1828 5685 diem
1860 5633 1984 5702 quis
2017 5635 2105 5690 ille

534 5711 696 5764 fuerit
740 5715 993 5768 rcsritum
1027 5716 1150 5785 est).
1209 5714 1264 5768 In
1299 5716 1608 5774 Graecorum
1646 5730 1828 5780 autem
1865 5726 2104 5795 linguam

2287 4272 2443 4324 Ἀλλὰ
2463 4273 2572 4340 γὰρ
2604 4271 2802 4336 πολλὰς
2831 4274 2928 4342 μὲν
2955 4270 3071 4328 οἰδα
3096 4275 3418 4346 μυθολογίας
3446 4281 3644 4350 παρεῖς
3669 4280 3777 4333 τῶν

2205 4363 2338 4433 πρὸς
2365 4364 2488 4424 τοὺς
2529 4363 2730 4433 Σύρους
2779 4365 3106 4436 κεχηνότων,
3155 4367 3229 4429 ὡς
3259 4369 3324 4420 ἂν
3373 4369 3446 4438 μὴ
3495 4370 3777 4442 φλυαριῶν

2197 4453 2411 4522 δοκοίην
2442 4453 2760 4524 ἐμπιμπλᾷν
2789 4455 2887 4523 τήν
2936 4455 3086 4508 θείαν
3125 4458 3366 4527 Γραφήν·
3405 4461 3462 4511 ἐν
3506 4461 3690 4531 καιρῷ
3721 4461 3776 4512 δὲ

2199 4543 2293 4598 νῦν
2321 4545 2540 4613 ἐνόμισα
2559 4543 2644 4596 διὰ
2672 4544 2860 4596 τούτου
2894 4547 3216 4617 ποιήσασθαι
3252 4551 3487 4620 μνήμην,
3512 4553 3591 4614 εἰς
3619 4551 3776 4620 ἔλεγ-

2205 4652 2295 4704 χον
2325 4635 2434 4686 είτε
2478 4634 2571 4686 τοῦ
2631 4635 2723 4686 νῦν
2747 4636 2805 4687 οῦ
2835 4636 3058 4699 δεόντως
3099 4639 3225 4710 παρ’
3258 4641 3432 4692 αὐτῶν
3455 4642 3772 4712 λεγομένου,

2205 4727 2314 4779 εἴτε
2367 4726 2459 4778 καὶ
2491 4725 2598 4777 τῶν
2635 4725 2852 4788 λοιπῶν,
2883 4727 2916 4780 ἃ
2947 4728 3209 4796 λεγόντων
3242 4731 3416 4782 αὐτῶν
3448 4733 3675 4802 παρῆκα
3709 4733 3775 4786 δι’

2205 4819 2270 4887 ἢν
2317 4816 2451 4888 ἔφην
2482 4816 2680 4870 αἰτίαν.
2719 4817 2949 4884 Λέγουσι
2995 4820 3101 4891 γὰρ
3139 4822 3218 4873 ὅτι
3267 4823 3490 4893 Μελχὸμ
3542 4825 3778 4878 ἐνταῦθα

2202 4908 2293 4960 τὸν
2333 4908 2550 4978 βασιλέα
2585 4907 2825 4978 βούλεται
2859 4913 3049 4964 εἰπεῖν·
3099 4915 3323 4984 Μελχίιμ
3347 4916 3455 4985 γὰρ
3486 4916 3578 4969 τοῦ
3619 4918 3777 4985 βασι·

2203 5000 2338 5064 λέως
2359 4999 2650 5070 λεγομένου
2672 5001 2810 5054 κατά
2841 5004 2938 5073 τήν
2965 5003 3151 5074 Σύρων
3183 5007 3275 5059 καὶ
3317 5007 3586 5077 Ἐϐραίων
3607 5011 3780 5077 γλῶτ-

2204 5107 2323 5154 ταν,
2361 5090 2725 5162 πλανηθέντας
2756 5093 2880 5155 τοὺς
2914 5095 3368 5164 ἑρμηνεύσαντας,
3398 5100 3519 5152 ἀντὶ
3554 5100 3649 5153 τοῦ
3683 5103 3780 5172 βα-

2209 5183 2418 5246 σιλέως,
2452 5184 2675 5254 Μελχὸμ
2712 5187 2902 5249 εἰπεῖν,
2945 5188 3080 5258 ὅπερ
3108 5189 3256 5242 ἐστὶν
3298 5191 3358 5244 τὸ
3385 5192 3620 5246 εἴδωλον.
3672 5196 3781 5259 Οὓς

2207 5275 2370 5344 ἐχρῆν
2401 5275 2506 5345 πρὸ
2537 5277 2750 5330 πάντων
2775 5278 2946 5330 ἐκεῖνο
2979 5279 3228 5346 συνιδεῖν,
3269 5283 3350 5334 ὅτι
3381 5284 3521 5336 κατά
3557 5286 3655 5354 μὲν
3682 5287 3780 5356 τὴν

2218 5365 2482 5435 Ἑϐραίων
2531 5367 2773 5435 γλῶτταν
2805 5369 3014 5440 εἴρηται
3055 5371 3125 5422 τά
3163 5373 3265 5443 τῆς
3311 5372 3460 5436 θείας
3507 5376 3550 5428 Γ
3554 5377 3739 5447 ραφῆς
3769 5415 3784 5438 ,

2209 5458 2545 5526 ἡρμήνευται
2585 5458 2640 5509 δὲ
2682 5459 2848 5512 ταῦτα
2889 5463 2967 5523 εἰς
3007 5461 3106 5530 μὲν
3133 5462 3228 5533 τὴν
3258 5463 3442 5534 Σύρων
3485 5469 3619 5536 παρ’
3654 5471 3779 5520 ὅτου

2202 5547 2397 5616 δήποτε
2430 5547 2584 5615 (οὐδὲ
2611 5547 2717 5618 γάρ
2741 5549 3006 5618 ἔγνωσται
3039 5554 3200 5625 μέχρι
3239 5556 3336 5624 τῆς
3359 5556 3599 5627 τήμερον
3625 5559 3781 5621 ὅστις

2205 5637 2332 5689 ποτέ
2363 5629 2518 5698 οὗτός
2544 5638 2745 5707 ἐστιν
2772 5641 2849 5702 εἰς
2877 5639 2931 5692 δέ
2961 5643 3059 5712 τὴν
3104 5643 3368 5713 Ἐλλήνων
3401 5646 3781 5717 ἐϐδομήκοντα

2208 5729 2623 5800 μετενηνόχασιν
2649 5730 2836 5803 ἄνδρες
2871 5735 3223 5807 πρεσϐύτεροι
3250 5737 3341 5791 τοῦ
3366 5738 3514 5804 λαοῦ,
3544 5742 3776 5813 ἐπιστή-
