3992 6232
207 296 309 353 453
1189 295 1728 352 COMMENTARIUS
1766 295 1780 347 Ι

1886 291 2232 349 501⁵11οΝΙῶ
2268 291 2418 347 CAP.
2461 293 2501 345 Ι.
3360 293 3462 344 454

212 428 368 482 μονες
401 411 504 480 μὲν
529 410 779 480 ἀκριϐῶς
807 410 904 478 τῆς
931 410 1171 479 γλώττης
1199 412 1298 480 τῆς
1319 412 1542 475 οἰκείας,
1571 414 1788 482 ἐπιστή-

1896 410 2236 480 septuaginta
2269 410 2368 462 viri
2400 416 2808 472 converterunt,
2843 411 3085 464 seniores
3127 411 3192 465 de
3233 414 3455 480 populo.

215 518 370 571 μονες
398 500 456 552 δὲ
491 501 591 552 καὶ
616 500 727 552 τῶν
757 501 916 552 θείων
946 501 982 551 Γ
991 500 1196 570 ραφῶν,
1242 502 1347 554 ὑπό
1375 519 1434 554 τε
1473 502 1566 554 τοῦ
1608 503 1791 573 ἱερέως

1903 503 2221 571 peritissimi
2247 502 2441 570 lingua:
2465 501 2714 570 propria,
2750 501 2904 570 periti
2932 505 3131 570 pariter
3150 502 3454 556 divinarum

213 594 308 642 καὶ
353 591 556 653 παντὸς
593 591 687 643 τοῦ
751 592 1306 662 Ἰσραηλιτικοῦ-λαοῦ
1343 593 1789 664 δοκιμασθέντες.

1901 589 2332 658 Scripturarum,
2365 606 2393 642 a
2429 590 2683 659 pontiﬁce
2708 601 3016 659 cunctoque
3040 593 3243 662 populo
3284 591 3460 646 Israe-

219 689 296 751 (ῃ.
323 684 447 742 535)
484 684 565 744 ὡς
598 683 667 735 ἂν
694 683 912 736 πάντων
956 684 1189 752 μάλιστα
1224 684 1358 754 πρὸς
1380 685 1477 754 τὴν
1503 685 1795 754 ἑρμηνείαν

1901 684 2054 737 litico
2102 682 2334 751 probati,
2383 697 2481 736 ceu
2527 697 2635 750 pra-
2661 681 2872 735 cteteris
2911 683 3163 736 omnibus
3194 683 3462 752 interpre-

219 776 387 838 ἄξιοι·
424 768 500 826 ὧν
543 776 644 843 τήν
679 791 740 826 τε
779 775 1072 845 ἑρμηνείαν
1118 775 1211 826 καὶ
1241 774 1336 844 τὴν
1367 774 1576 827 ἔκδοσιν
1622 775 1716 827 καὶ
1747 775 1794 826 οί

1899 775 2067 828 tando
2099 774 2312 828 idonei:
2344 787 2575 842 quorum
2624 771 3126 841 interpretationem
3159 784 3320 842 atque
3347 775 3464 828 edi-

225 869 483 936 μακάριοι
524 865 812 918 ἀπόστολοι
856 866 1134 935 δεξάμενοι
1178 865 1454 933 φαίνονται
1492 865 1790 935 προδήλως,

1899 855 2102 921 tionem
2138 867 2325 920 beatos
2359 880 2574 934 quoque
2595 865 2874 934 apostolos
2904 874 3174 934 receptam
3208 868 3463 920 habuisse

222 960 271 1010 οἳ
302 959 396 1010 καὶ
425 960 538 1019 τοῖς
566 960 672 1010 ἀπὸ
695 956 863 1008 ἐθνῶν
893 956 1307 1009 πεπιστευκόσιν
1337 956 1444 1008 οὐδ’
1468 956 1602 1018 ὅλως
1628 972 1798 1025 προσ-

1904 964 2166 1026 apparet;
2202 956 2470 1024 quietiam
2508 955 2889 1008 accedentibus
2904 956 2969 1007 ad
3003 955 3156 1009 ﬁdem
3189 972 3251 1009 ex
3287 957 3464 1010 ethni-

222 1048 404 1117 έχουσι
445 1047 710 1117 πρότερον
753 1026 864 1109 τδῖς
890 1046 987 1114 τῆς
1019 1046 1258 1108 Παλαιᾶς
1305 1046 1609 1116 Διαθήκης,
1655 1063 1796 1114 παρ-

1899 1050 2000 1109 cis.
2033 1056 2087 1101 et
2124 1046 2291 1100 Vetus
2322 1055 2478 1100 antea
2510 1047 2913 1100 Testamentum
2949 1063 3174 1116 prorsus
3205 1050 3461 1116 ignoran-

222 1140 434 1192 έδωκαν
465 1140 566 1201 τὰς
589 1139 737 1200 θείας
765 1138 983 1208 Γραφὰς
1009 1138 1100 1189 ἐπὶ
1130 1138 1228 1206 τῆς
1261 1138 1523 1207 Ἑλλήνων
1545 1138 1798 1207 κειμένας

1899 1139 2065 1200 tibus,
2111 1139 2324 1190 divinas
2369 1136 2716 1190 tradiderunt
2760 1137 3094 1206 Scripturas,
3147 1138 3462 1193 GrzecOrum

221 1228 473 1297 γλώττης
492 1229 635 1282 κατὰ
656 1229 752 1297 τὴν
776 1229 882 1280 τῶν
897 1228 1292 1297 Ἐϐδομήκοντα
1333 1231 1645 1299 ἑρμηνείαν·
1670 1229 1797 1300 παρ’

1900 1230 2082 1297 lingua
2116 1244 2422 1297 expressas,
2478 1229 2777 1283 secundum
2833 1233 3176 1300 septuaginta
3219 1234 3461 1287 virorum

223 1311 299 1370 ὧν
327 1318 385 1370 δὲ
415 1320 514 1370 καὶ
559 1317 966 1387 παραλαϐόντες
1000 1317 1169 1380 αὐτὰς
1193 1317 1284 1370 νῦν
1329 1318 1522 1388 ἔχομεν
1567 1319 1799 1381 ἅπαντες

1901 1320 2446 1388 interpretationem:
2493 1334 2522 1372 a
2553 1321 2750 1388 quibus
2780 1336 2874 1376 eas
2903 1332 3152 1392 acceptas
3177 1340 3320 1378 nunc
3349 1339 3465 1377 om-

224 1411 270 1461 οἱ
301 1408 363 1472 ἐξ
388 1406 562 1460 ἐθνῶν
588 1407 665 1475 τῷ
682 1407 924 1476 Δεσπότῃ
950 1409 1365 1473 πεπιστευκότες
1390 1409 1626 1479 Χριστῷ,
1658 1410 1714 1461 ἓν
1742 1426 1799 1461 τε

1899 1428 1997 1464 nes
2027 1422 2296 1475 tenemus,
2326 1413 2417 1480 qui
2443 1427 2506 1468 ex
2539 1412 2774 1466 ethnicis
2804 1414 2856 1466 in
2889 1413 3092 1469 Christi
3121 1425 3301 1483 partes
3330 1431 3459 1469 con-

222 1501 343 1561 ταῖς
365 1498 686 1566 ἐκκλησίαις
698 1497 1157 1564 ἀναγινώσκοντες
1171 1501 1261 1551 καὶ
1278 1495 1550 1552 κατόἷκον
1567 1500 1773 1568 ἔχοντες
1784 1541 1796 1552 .

1901 1502 2207 1569 cessimus;
2247 1519 2450 1573 easque
2480 1512 2534 1557 et
2581 1505 2635 1557 in
2671 1505 2919 1559 ecclesiis
2949 1506 3199 1574 legimus.
3235 1518 3290 1561 et
3318 1508 3463 1560 domi

225 1591 351 1653 Πῶς
377 1586 476 1643 οὖν
503 1591 602 1642 οὐκ
617 1589 842 1658 ἀνόητον
857 1590 1094 1658 νομίζειν
1111 1590 1254 1642 ὅτιοί
1283 1591 1377 1658 μὲν
1405 1590 1801 1660 Ἐὅδομήκοντα

1904 1594 2185 1656 habemus.
2258 1594 2458 1660 Quidni
2507 1609 2637 1664 ergo
2690 1595 2943 1649 insanum
3000 1596 3071 1651 sit
3124 1598 3461 1662 existimare,

229 1685 326 1737 xui.
351 1683 597 1736 τοσοῦτοι
638 1685 733 1734 καὶ
775 1683 1004 1736 τοιοῦτοι
1038 1686 1130 1736 καὶ
1170 1684 1310 1736 οὕτω
1359 1685 1801 1754 δεδοκιμασμένοι

1905 1685 2247 1754 septuaginta
2267 1685 2415 1740 viros
2442 1685 2577 1738 tales
2594 1683 2753 1754 253
2775 1692 3064 1753 tantosque
3084 1685 3326 1754 adeoque
3345 1701 3466 1754 pro-

230 1776 604 1844 διεσφὰλλοντο
630 1794 694 1828 πε
705 1777 756 1845 ρὶ
785 1776 948 1839 λέξιν,
974 1777 1023 1828 οἳ
1053 1778 1146 1828 καὶ
1167 1777 1272 1846 πρὸ
1302 1777 1480 1846 πάσης
1508 1743 1800 1847 ἑρμηνείας

1903 1776 2084 1838 batos,
2118 1791 2334 1830 errasse
2365 1776 2420 1830 in
2450 1776 2750 1840 vocabulo;
2803 1775 2896 1844 qui
2929 1785 2982 1828 et
3013 1783 3137 1830 ante
3165 1776 3463 1845 quamlibet

231 1866 433 1935 ᾔδεσαν
457 1865 669 1928 πάντως
696 1866 756 1918 τὸ
783 1867 840 1917 ἐν
872 1869 937 1935 τῇ
966 1865 1084 1935 θεία
1112 1866 1360 1936 κείμενον
1377 1867 1587 1938 Γραφῇ,
1605 1869 1698 1920 καὶ
1721 1868 1799 1920 εῐο

1909 1867 2409 1935 interpretationem
2438 1866 2608 1935 probe
2626 1866 2872 1922 sciebant
2889 1867 3017 1935 quid
3041 1875 3182 1922 esset
3205 1868 3261 1920 in
3281 1866 3463 1921 divina

231 1975 291 2008 τε
319 1957 539 2026 βασιλέα
566 1958 734 2024 λέγει,
779 1958 888 2009 εἴτε
926 1958 1170 2022 εῖδωλον;
1244 1958 1699 2028 Ἀξιοπιστότερον
1745 1957 1801 2010 δέ

1909 1958 2212 2028 Scriptura.
2253 1966 2307 2012 et
2357 1969 2539 2014 utrum
2576 1975 2753 2029 regem
2787 1973 2850 2013 ea
2878 1960 3174 2014 diceret-an
3223 1959 3468 2013 idolum?

232 2048 487 2099 ἁπάντων
547 2048 770 2100 ἐκείνων
825 2047 1149 2115 ὑπειλῆφθαι
1210 2048 1480 2118 προσῆκεν
1535 2047 1632 2100 ἕνα
1682 2047 1804 2100 τινὰ

1907 2049 2038 2103 Nam
2075 2051 2277 2117 majore
2309 2051 2409 2105 lide
2436 2051 2682 2119 dignum,
2729 2066 2837 2120 prae
2878 2052 3091 2106 caeteris
3121 2052 3353 2115 cunctis,
3381 2052 3466 2120 ju-

231 2140 413 2207 ἀφανῆ
459 2141 537 2202 εἰς
586 2139 684 2209 τὴν
725 2138 911 2209 Σύρων
959 2139 1202 2207 γλῶτταν
1252 2140 1692 2209 μεταϐεϐληκότα
1737 2139 1804 2192 τὰ.

1906 2143 2090 2196 dicare
2115 2151 2411 2210 oporteret,
2454 2158 2620 2195 unum
2654 2142 2949 2208 quemlibet
2971 2141 3262 2196 obscurum
3293 2143 3468 2196 humi-

241 2228 534 2298 Ἐϐραίων,
566 2231 640 2292 ῶς
670 2230 733 2296 γέ
763 2244 917 2298 φασι·
954 2230 1088 2296 πρὸς
1114 2229 1191 2298 τῷ
1215 2231 1432 2282 κάκεῖνο
1453 2229 1610 2300 δῆλον
1643 2226 1800 2293 εἶναι,

1909 2250 2028 2289 nem
2058 2235 2149 2302 qui
2192 2234 2243 2286 in
2277 2233 2536 2301 Syrorum
2571 2233 2809 2299 linguam
2843 2235 3109 2286 convertit
3142 2231 3463 2286 Hebraicum

228 2323 310 2374 δτι
335 2323 438 2391 τῆς
464 2321 572 2372 τῶν
597 2321 830 2374 εἰδώλων
867 2321 1051 2374 ἕνεκεν
1077 2321 1367 2392 θεραπείας
1398 2323 1592 2386 αὐτοὺς
1619 2325 1647 2375 ό
1673 2323 1804 2386 Θεὸς

1905 2326 2139 2386 textum,
2198 2331 2255 2376 ut
2300 2326 2472 2376 aiunt.
2538 2321 2901 2392 Praeterquam
2947 2322 3090 2391 quod
3143 2323 3274 2375 illud
3305 2311 3481 2375 etiam!

231 2415 472 2465 αἰτιᾶται
504 2415 564 2464 ἐν
613 2412 823 2475 τούτοις
865 2412 953 2465 διὰ
983 2412 1078 2465 τοῦ
1127 2413 1424 2482 προφήτου·
1471 2414 1565 2466 καί⁵
1618 2413 1804 2484 ἐπειδὴ

1909 2425 2074 2488 patet,
2129 2431 2320 2484 nempe
2368 2415 2434 2468 de
2465 2414 2731 2467 idolorum
2776 2414 2922 2466 cultu
2975 2413 3140 2466 Deum
3195 2410 3468 2467 lsraelitas

231 2505 361 2573 περὶ
387 2504 480 2555 τὸν
514 2503 642 2556 ναὸν
671 2504 761 2556 τὸν
791 2503 931 2557 θεῖον
958 2502 1108 2566 ὄντες
1132 2503 1356 2556 τοιαῦτα
1399 2504 1800 2573 διεπράττοντο,

1910 2507 2013 2561 hoc
2061 2508 2180 2561 loco
2229 2521 2488 2561 accusare
2530 2520 2627 2573 per
2669 2504 3008 2573 prophetam.
3047 2503 3111 2556 Et
3149 2506 3274 2574 quia
3321 2506 3466 2558 circa

231 2596 388 2650 τοῦτο
417 2597 601 2658 αὐτοῖς
630 2595 1020 2666 ἐπιμέμφεται,
1053 2598 1134 2650 ὅτι
1172 2597 1265 2649 καὶ
1289 2597 1379 2649 τὸν
1402 2596 1495 2650 τοῦ
1521 2595 1648 2649 ναοῦ
1675 2596 1804 2648 Θεὸν

1909 2599 2153 2652 divinum
2209 2597 2464 2666 templum
2513 2596 2828 2658 incolentes,
2879 2596 2993 2649 hate
3040 2596 3308 2664 agebant,
3367 2597 3471 2649 hoc

234 2685 559 2757 θεραπεύειν
588 2687 824 2750 ἐδόκουν,
852 2688 1096 2740 τουτέστι
1119 2688 1210 2740 τὸν
1227 2687 1322 2740 τοῦ
1353 2687 1552 2750 παντὸς
1581 2687 1803 2758 Κύριον,

1912 2690 2023 2744 illis
2051 2688 2362 2758 exprobrat,
2424 2687 2566 2756 quod
2613 2701 2735 2739 cum
2771 2687 2954 2755 templi
3007 2685 3172 2741 Deum
3221 2689 3467 2742 venerari

235 2781 328 2831 καὶ
365 2780 467 2848 τῆς
508 2778 617 2830 τῶν
652 2779 885 2832 εἰδώλων
919 2780 1019 2832 οὐκ
1048 2780 1331 2849 ἀπείχοντο
1361 2779 1675 2850 θεραπείας.
1699 2778 1805 2831 Τοῦ

1910 2781 2248 2841 viderentur,
2300 2780 2352 2832 id
2400 2785 2482 2832 est
2531 2779 2766 2832 universi
2815 2777 3000 2830 mundi
3054 2778 3363 2839 Dominum,
3402 2781 3471 2834 ab

235 2872 288 2923 δὲ
311 2871 536 2923 εἰδώλου
570 2869 761 2922 τούτου
792 2869 1061 2940 μέμνηται
1090 2871 1181 2923 καὶ
1207 2871 1235 2921 ὁ
1261 2871 1526 2940 μακάριος
1577 2869 1753 2940 Ἀμὼς
1778 2873 1807 2924 ό

1911 2873 2179 2926 idolorum
2220 2881 2401 2925 tamen
2443 2886 2551 2924 non
2594 2870 2940 2923 abstinebant
2973 2869 3255 2939 obsequio.
3302 2869 3469 2925 Porro

237 2963 524 3032 προφήτης
557 2962 633 3030 (p.
671 2961 794 3031 386)
819 2961 893 3024 ὡς
923 2963 1026 3014 ὑπὸ
1066 2963 1407 3032 Ἀμμανιτῶν
1438 2962 1807 3030 θεραπευομέ-

1913 2964 2076 3033 hujus
2125 2963 2251 3016 idoli
2297 2963 2486 3017 beatus
2512 2977 2728 3030 quoque
2778 2961 3021 3014 meminit
3066 2962 3299 3015 Amosus
3344 2976 3471 3029 pro-

236 3071 349 3112 νου.
383 3053 560 3120 λέγων
588 3051 778 3114 οὕτως·
809 3053 917 3104 Καὶ
947 3053 1232 3123 πορεύεται
1265 3052 1488 3123 Μελχὺμ
1524 3055 1582 3104 ἐν
1605 3055 1806 3122 αἰχμα-

1912 3055 2094 3122 pheta,
2131 3067 2228 3106 ceu
2267 3052 2334 3104 ab
2379 3049 2699 3104 Ammanitis
2727 3049 2956 3102 adorati.
3007 3048 3146 3103 Dicit
3188 3051 3367 3104 enim:
3405 3049 3470 3103 Et

237 3146 429 3216 λωσία,
465 3146 515 3198 οί
547 3147 711 3214 ίερεῖς
736 3141 922 3206 αὑτοῦ,
946 3145 1038 3196 καὶ
1064 3145 1114 3197 οἱ
1141 3145 1395 3216 ἄρχοντες
1421 3145 1600 3197 αὐτῶν
1630 3145 1722 3196 ἐπὶ
1748 3144 1809 3195 τὸ

1910 3145 2058 3198 vadit
2087 3144 2349 3198 Melcbum
2381 3146 2434 3196 in
2464 3143 2855 3212 captivitatem,
2879 3142 3106 3210 ejusque
3134 3141 3471 3202 sacerdotes.

239 3237 388 3300 αὐτὸ,
420 3236 574 3303 λέγει
601 3235 821 3305 Κύριος·
855 3235 1012 3288 τοῦτο
1031 3235 1202 3304 λέγων
1223 3235 1251 3288 ὂ
1271 3236 1362 3288 καὶ
1385 3235 1650 3304 πολλαχοῦ
1683 3234 1809 3303 φαί-

1908 3245 1962 3292 et
1997 3236 2273 3306 principes
2313 3235 2494 3303 populi
2541 3234 2724 3297 simul,
2771 3234 2903 3286 dicit
2934 3231 3214 3287 Dominus.
3253 3232 3364 3286 lloc
3391 3231 3473 3285 di-

241 3345 384 3380 νεται
411 3325 502 3380 διὰ
527 3325 636 3378 τῶν
662 3325 951 3396 προφητῶν
969 3326 1277 3396 είρημένον,
1310 3327 1391 3378 ὅτι
1416 3327 1449 3394 ἡ
1476 3326 1617 3378 κατὰ
1639 3326 1808 3397 ὀργὴν

1909 3347 2062 3392 cens,
2089 3328 2235 3400 quod
2274 3343 2644 3397 saepenumero
2679 3326 2820 3394 apud
2847 3326 3138 3395 prophetas
3167 3326 3340 3394 legere
3368 3335 3470 3386 est.

241 3420 353 3470 οἷαν
401 3417 720 3486 ἐπαγομένη
769 3415 1009 3486 τιμωρία
1039 3420 1149 3479 τοῖς
1197 3416 1512 3483 ἀλλοφύλοις
1546 3417 1670 3488 ἄχρι
1701 3417 1808 3471 τῶν

1907 3423 2055 3494 quod
2086 3436 2279 3490 nempe
2305 3419 2548 3488 qualibet
2595 3433 2659 3470 ex
2707 3416 3101 3485 indignatione.
3145 3416 3471 3484 imponenda

240 3508 475 3561 εἰδώλων
494 3507 590 3560 καὶ
608 3505 714 3558 τῶν
739 3506 1122 3576 ἱερατευόντων
1142 3506 1319 3567 αὐτοῖς
1346 3504 1655 3568 ἐξετείνετο.
1689 3508 1807 3559 "Ott

1910 3515 2234 3585 alienigenis
2277 3527 2456 3582 poma.
2487 3526 2659 3578 usque
2683 3509 2750 3562 ad
2781 3509 2924 3562 i'dola
2955 3508 3262 3575 horumque
3292 3523 3472 3562 sacer—

240 3599 292 3652 ὣ
335 3598 559 3652 ἃπασαν
593 3597 690 3666 τὴν
739 3598 866 3667 περὶ
909 3597 979 3648 τὰ
1019 3597 1210 3660 εἴδωλα
1249 3596 1541 3667 θεραπείαν
1587 3598 1651 3650 ἐκ
1702 3598 1808 3652 τῶν

1910 3605 2072 3658 dotes
2107 3602 2378 3656 deveniet.
2415 3598 2568 3664 Quod
2609 3606 2789 3651 autem
2828 3611 3042 3649 omnem
3073 3595 3342 3648 idolorum
3379 3612 3468 3648 sn-

243 3689 386 3758 παρὰ
408 3690 524 3750 τοῖς
553 3686 775 3753 Ἕλλησι
798 3685 1248 3755 θρησκευομένων
1269 3686 1536 3756 δαιμόνων
1557 3686 1808 3739 εἵλκυσαν

1911 3693 2311 3765 perstitionem,
2372 3705 2403 3743 a
2451 3688 2613 3741 cultis
2656 3684 2798 3755 apud
2841 3685 3088 3738 ethnicos
3133 3683 3469 3737 daemonibus

242 3781 286 3830 0i
322 3779 684 3850 Ἰσραηλῖται,
731 3778 888 3846 δῆλον
921 3777 993 3839 ὡς
1034 3779 1062 3828 ό
1121 3778 1384 3846 μακάριος
1433 3776 1582 3844 λέγει
1625 3779 1806 3832 Δαυῖδ·

1909 3787 2164 3842 lsraelitze
2222 3781 2616 3840 contraxerint,
2679 3779 3018 3846 exploratum
3088 3784 3194 3838 est,
3255 3774 3470 3828 dicente

249 3887 265 3917 ι
297 3870 406 3922 Καὶ
426 3867 771 3937 ἐπεμίγησαν
796 3869 853 3918 ἐν
879 3869 988 3928 τοῖς
1019 3867 1213 3926 ἔθνεσι,
1239 3867 1331 3918 καὶ
1358 3865 1556 3936 ἔμαθον
1582 3867 1652 3920 τὰ
1676 3867 1809 3937 ἔργα

1911 3879 2069 3932 beato
2084 3874 2284 3927 Davide
2301 3872 2374 3922 "z
2419 3888 2437 3920 ι
2459 3869 2522 3921 Et
2543 3867 2812 3922 commisti
2846 3874 2973 3919 sunt
3007 3864 3147 3918 inter
3176 3871 3386 3932 gentes,
3418 3871 3471 3916 et

243 3961 438 4019 αὐτῶν,
463 3959 562 4012 καὶ
593 3959 908 4010 ἐδούλευσαν
927 3961 1037 4020 τοῖς
1057 3958 1313 4025 γλυπτοῖς
1334 3958 1528 4010 αὐτῶν·
1562 3977 1578 4010 ι
1600 3959 1811 4022 δεικνὺς

1909 3968 2212 4021 didicerunt
2241 3976 2406 4032 opera
2443 3973 2652 4017 eorum,
2700 3964 2754 4010 et
2781 3957 3089 4010 servierunt
3127 3953 3471 4020 sculptilibus

241 4054 318 4104 δτι
348 4051 445 4121 τὴν
487 4049 709 4102 ἐκείνων
755 4049 1066 4117 ἠσπάσαντο
1106 4049 1559 4122 είδωλολατρείαν·
1606 4053 1680 4116 ὡς
1721 4054 1812 4106 τὸν

1911 4073 2095 4112 eorum
2118 4053 2374 4124 pquibus
2391 4050 2576 4105 verbis
2594 4049 2931 4102 demonstrat
2944 4044 3302 4098 idololatriam
3319 4059 3469 4096 suam

244 4144 400 4194 αὑτὸν
439 4142 720 4210 φαίνεσθαι
753 4142 948 4210 τρόπον
997 4144 1090 4194 καὶ
1121 4143 1218 4212 τὴν
1249 4145 1375 4213 περὶ
1420 4144 1480 4195 τὸ
1522 4145 1756 4210 εἴδωλον,
1786 4145 1814 4196 ὃ

1911 4151 2188 4206 Israelitas
2217 4147 2286 4200 ab
2315 4144 2548 4201 ethnicis
2573 4140 2956 4195 condidicisse.
3005 4137 3127 4190 Pari
3155 4152 3282 4206 ergo
3313 4137 3473 4190 modo

241 4234 465 4303 Μελχὸμ.
491 4233 754 4294 ἐκαλεῖτο,
784 4233 1068 4302 θεραπείαν
1095 4233 1288 4295 αὐτοὺς
1318 4234 1600 4287 ποιεῖσθαι.

1914 4251 2139 4314 apparet
2167 4256 2261 4295 eos
2286 4239 2432 4292 circa
2464 4235 2693 4295 idolum,
2723 4230 2866 4300 quod
2899 4228 3162 4283 Melchom
3189 4241 3472 4295 nuncupa-

1916 4338 2096 4395 batur.
2134 4330 2576 4400 superstitionem
2613 4324 2948 4378 exercuisse.

306 4417 457 4487 Στίχ.
492 4416 646 4480 ις’-θ’.
690 4416 750 4468 '0
801 4417 978 4486 μέντοι
1018 4433 1080 4485 γε
1116 4418 1402 4486 προφήτης
1432 4420 1542 4478 τοῖς
1583 4419 1806 4489 εἰρημέ-
1839 4429 1882 4483 ι)

1989 4423 2148 4478 Vens.
2185 4422 2303 4475 6-9.
2333 4451 2400 4460 -
2431 4421 2542 4488 Age
2575 4430 2704 4469 vero
2742 4413 3000 4483 propheta
3029 4418 3150 4479 post
3186 4407 3472 4476 superiora

241 4525 348 4572 νοις
381 4509 555 4571 οὕτως
592 4510 807 4576 ἐπάγει·
857 4527 875 4556 σ
926 4510 1032 4561 Καὶ
1063 4510 1186 4571 τοὺς
1217 4510 1554 4572 ἐκκλίνοντας
1585 4511 1690 4563 ἀπὸ
1715 4510 1807 4563 τοῦ

1912 4516 1986 4568 ita
2029 4514 2203 4583 pergit
2235 4513 2487 4565 dicere."
2514 4508 2578 4561 Et
2602 4509 2698 4561 eos
2724 4509 2814 4573 qui
2847 4502 3123 4556 declinant
3158 4514 3186 4550 a
3226 4497 3471 4554 Domino.

243 4599 467 4669 Κυρίου,
491 4599 586 4651 καὶ
610 4599 734 4660 τοὺς
768 4598 842 4668 μὴ
875 4597 1166 4668 ζητοῦντας
1193 4599 1280 4650 τὸν
1307 4598 1530 4668 Κύριον,
1567 4601 1660 4652 καὶ
1686 4603 1810 4662 τοὺς

1912 4617 1963 4661 et
1992 4608 2084 4675 qui
2122 4620 2231 4658 non
2261 4611 2506 4671 quarunt
2545 4599 2830 4652 Dominum
2855 4635 2868 4654 ,
2900 4601 2954 4646 et
2979 4593 3072 4660 qui
3106 4606 3210 4643 non
3245 4589 3476 4642 retinent

246 4692 316 4762 μὴ
353 4691 746 4762 ἀπεχομένους
791 4691 882 4743 τοῦ
927 4691 1149 4764 Κυρίου.
1202 4711 1219 4742 ι
1257 4691 1585 4761 Βουλόμενος
1636 4694 1811 4744 είπείν

1915 4698 2222 4750 Dominum.
2254 4711 2272 4743 ι
2305 4690 2634 4760 Signiﬁcans
2666 4687 2922 4740 nimirum
2948 4722 2962 4744 .
2997 4697 3091 4736 eos
3121 4681 3194 4734 ita
3231 4678 3473 4747 agendo,

239 4785 318 4836 ὅτι
352 4785 466 4837 ἀπὸ
505 4784 710 4836 τούτων
743 4783 927 4853 δήλους
965 4784 1186 4843 ἑαυτοὺς
1220 4783 1542 4846 καθιστῶσιν
1573 4783 1810 4855 ἀπηλλο-

1915 4780 2205 4835 manifeste
2244 4776 2534 4832 ostendere
2572 4790 2631 4828 se
2669 4773 2902 4825 omnino
2943 4770 3150 4824 alienos
3189 4769 3256 4820 ab
3291 4781 3478 4820 amore

241 4876 574 4945 τριωμένους
599 4874 876 4937 παντελῶς
906 4875 1000 4943 τῆς
1031 4876 1167 4943 ἐμῆς
1194 4874 1403 4936 εύνοίας
1423 4915 1437 4934 ,
1483 4875 1575 4926 καὶ
1612 4875 1812 4943 μηδένα

1918 4871 2010 4924 Dei
2043 4910 2056 4933 ,
2099 4869 2414 4934 nullamque
2454 4863 2618 4930 hujus
2649 4903 2662 4925 ,
2703 4869 2756 4914 ct
2796 4866 3190 4928 praceptorum
3230 4854 3473 4919 eiusdem

241 4962 399 5031 λόγον
423 4964 701 5026 ἐθέλοντας
723 4962 855 5033 ἐμοῦ
867 4981 926 5015 τε
943 4965 1034 5016 καὶ
1057 4964 1162 5016 τῶν
1179 4964 1299 5032 ἐμοὶ
1323 4963 1620 5015 δοκούντων
1643 4966 1811 5016 ποιεῖ-

1915 4963 2116 5016 habere
2167 4959 2452 5011 rationem.
2506 4953 2862 5021 Perspicuum
2899 4961 2983 5004 est
3027 4951 3208 5006 enim.
3245 4943 3390 5012 quod
3429 4945 3474 4998 si

245 5057 387 5110 σθαι·
422 5056 680 5127 πρόδηλον
713 5057 822 5124 γὰρ
852 5055 924 5116 ὡς
948 5056 1042 5122 τῆς
1080 5056 1219 5123 ἐμῆς
1240 5054 1487 5121 γνώσεως
1520 5056 1812 5123 ἀντεχόμε-

1915 5053 2142 5106 ﬁdeliter
2172 5047 2459 5102 scientiam
2493 5044 2594 5099 mei
2627 5045 2924 5096 retinerent
2947 5080 2961 5102 .
2990 5051 3333 5106 nequaquam
3361 5035 3475 5089 ido-

241 5167 322 5203 νοι
355 5149 612 5216 γνησίως,
653 5148 752 5199 οὐκ
783 5148 848 5199 ἄν
878 5163 1004 5198 ποτε
1035 5148 1331 5216 προσέσχον
1361 5147 1617 5209 εἰδώλοις.
1644 5147 1812 5216 Εἰρη-

1913 5141 1978 5195 lis
2029 5139 2385 5193 adhaererent.
2429 5132 2592 5203 254
2663 5130 2782 5184 Jam
2819 5137 3102 5198 postquam
3138 5124 3273 5216 diiiit
3317 5123 3479 5191 justze

243 5240 354 5302 κὼς
399 5238 456 5290 δὲ
485 5239 698 5300 δικαίας
744 5237 841 5304 τῆς
886 5237 1151 5306 τιμωρίας
1194 5237 1291 5298 τὰς
1339 5237 1538 5300 αίτίας,
1587 5238 1812 5303 ἐπάγει·

1913 5227 2404 5284 animadversionis
2437 5239 2662 5278 causam
2689 5262 2702 5284 ,
2742 5218 3163 5290 prosequiturzc
3201 5212 3414 5268 Timete
3450 5231 3477 5266 a

246 5347 266 5377 ι
319 5327 649 5383 Εὑλαὸεῖσθε
709 5328 817 5379 ἀπὸ
881 5326 1172 5397 προσώπου
1231 5327 1428 5398 Κυρίου
1486 5327 1578 5380 τοῦ
1635 5327 1810 5392 Θεοῦ,

1916 5322 2056 5375 facie
2089 5319 2301 5372 Domini
2334 5317 2426 5370 Dei
2447 5355 2462 5378 ,
2494 5316 2621 5384 quia
2652 5327 2818 5382 prope
2849 5317 2935 5362 est
2961 5307 3079 5360 dies
3105 5305 3320 5361 Domini
3345 5305 3444 5398 Dei
3465 5346 3479 5368 ,

243 5424 318 5484 (p.
374 5417 501 5486 587)
531 5417 667 5470 διότι
707 5417 873 5483 ἐγγὺς
927 5417 1106 5487 ἡμέρα
1144 5417 1384 5488 Κυρίου·
1430 5418 1512 5470 ὅτι
1550 5417 1811 5486 ἡτοίμασε

1919 5415 2048 5483 quia
2083 5411 2295 5482 paravit
2329 5410 2592 5464 Dominus
2638 5405 2874 5458 hostiam
2909 5415 3065 5454 suam
3088 5440 3104 5464 ,
3137 5408 3192 5453 et
3236 5397 3480 5453 sanctiﬁ-

243 5509 450 5579 Κύριος
485 5509 579 5580 τὴν
613 5508 806 5562 θυσίαν
851 5509 1011 5562 αὐτοῦ
1032 5551 1046 5576 ,
1073 5510 1265 5579 ἠγίακε
1299 5511 1422 5573 τοὺς
1456 5509 1686 5580 κλητοὺς
1715 5508 1810 5561 αὑ-

1915 5505 2064 5560 cavit
2104 5511 2326 5558 vocatos
2363 5516 2516 5557 suos.
2551 5519 2569 5551 ι
2600 5497 2706 5552 Sed
2758 5495 3014 5564 quoniam
3075 5493 3239 5548 Deum
3297 5489 3483 5560 negle-

351 5689 398 5716 ³⁸
430 5687 568 5741 Psal.
603 5704 690 5752 LV,
725 5687 815 5741 55.
