3992 6232
515 262 621 319 £55

1695 262 2043 320 THEODORI
2083 253 2565 321 MOPSUESTENI

3645 250 3754 319 438

521 384 714 459 sistis,
744 382 1065 441 necessario
1092 394 1241 435 nunc
1276 376 1546 434 timebitis
1572 379 1941 433 universalem
1978 378 2082 433 Do-

2190 376 2294 433 τοῦ.
2318 397 2354 435 Δι
2402 377 2540 431 Ἀλλ’
2569 370 2755 447 ἐπειδὴ
2785 375 2999 447 ἀμελῶς
3040 375 3166 447 περὶ
3193 375 3252 429 τὸ
3277 375 3430 429 Θεῖον
3460 376 3757 447 ἐσχήκατε,

521 477 727 531 minum
749 516 764 540 ,
794 490 917 531 cum
950 474 1167 543 dignam
1195 485 1409 541 plenam
1440 470 1679 540 peccatis
1699 471 1898 524 vestris
1916 470 2088 539 impo-

523 574 632 621 net.
649 565 765 619 Non
804 566 945 619 enim
986 564 1135 617 abest
1174 570 1390 631 tempus
1429 558 1590 625 illud,
1632 561 1743 614 imo
1780 561 2087 629 proximum

517 667 604 711 est
624 697 642 722 ,
673 671 782 726 quo
812 672 909 711 vos
946 654 1199 708 hostibus
1229 652 1385 723 quasi
1417 651 1668 705 victimas
1694 652 1873 705 tradet
1902 668 1917 705 :
1948 665 2089 721 quos

516 747 611 803 ille
662 748 850 802 hostes
901 746 1124 816 proprio
1170 743 1429 799 mandato
1478 742 1547 797 ad
1595 743 1701 797 hoc
1730 742 1893 813 elegit
1919 756 2087 797 voca-

518 838 727 904 vitque.
779 836 835 891 Id
883 836 1028 891 enim
1077 834 1392 903 signiﬁcant
1438 833 1641 899 verba,
1671 850 1690 885 ι
1725 831 2089 887 sanctiﬁcavit

518 936 746 982 vocatos
794 942 927 982 suos
953 967 968 989 ,
995 946 1015 978 ι
1047 927 1203 996 quasi
1253 926 1401 979 dicat
1454 924 1657 980 habere
1703 939 1763 979 se
1792 924 1907 994 jam
1940 923 2089 978 dele-

404 1056 413 1069 .
520 1026 673 1079 ctos,
706 1031 849 1086 quos
880 1016 947 1069 ad
988 1016 1130 1069 hanc
1162 1016 1399 1069 hostiam
1440 1013 1786 1067 mactandam
1820 1012 2037 1069 vocavit
2070 1030 2085 1079 ;

521 1110 706 1163 hostes
734 1108 994 1163 nimirum
1027 1106 1356 1176 intelligens,
1382 1105 1475 1174 qui
1505 1112 1558 1158 et
1583 1120 1680 1160 vos
1707 1104 2087 1159 immolabunt.

526 1219 544 1251 ‹
579 1199 645 1253 Ει
677 1201 782 1255 erit
824 1200 877 1252 in
919 1199 1008 1254 die
1045 1198 1241 1252 hostia:
1276 1195 1527 1259 Domini,
1559 1205 1612 1250 et
1654 1194 1889 1248 ulciscar
1925 1209 2090 1266 super

522 1292 804 1361 principes
825 1331 840 1351 ,
874 1298 926 1343 et
955 1305 1123 1359 super
1154 1293 1374 1343 domum
1406 1287 1551 1357 regis
1574 1326 1588 1349 ,
1624 1295 1680 1342 et
1708 1302 1873 1356 super
1898 1301 2089 1343 omnes

520 1383 612 1451 qui
650 1382 823 1436 induti
859 1389 986 1436 sunt
1014 1389 1165 1434 veste
1196 1378 1508 1449 peregrina.
1541 1376 1608 1430 Et
1640 1378 1879 1432 ulciscar
1911 1379 2089 1432 maui-

522 1475 656 1525 I‘eSIe
690 1486 856 1540 super
886 1469 1157 1526 vestibula
1191 1470 1245 1523 in
1279 1470 1368 1523 die
1400 1469 1493 1523 illa
1514 1511 1529 1534 ,
1564 1469 1657 1538 qui
1685 1469 1959 1538 complent
1992 1469 2089 1524 doc

520 1577 667 1615 mum
699 1560 792 1616 Dei
822 1562 906 1616 sui
940 1562 1219 1630 impietate
1247 1574 1310 1612 ac
1344 1558 1491 1641 dolo.
1525 1577 1545 1612 ι
1571 1557 1839 1629 Tempore
1868 1560 1962 1614 illo
1990 1577 2092 1631 pu-

521 1653 669 1708 niam
700 1668 797 1709 eos
829 1653 923 1723 qui
961 1652 1243 1722 principes
1282 1650 1450 1705 vestri
1485 1649 1766 1727 videntur,
1804 1651 2090 1723 ipsamque

2186 469 2280 524 νῦν
2305 471 2433 539 γοῦν
2455 471 2544 523 ὑπ’
2568 470 2734 539 αὐτῆς
2755 469 2852 540 τῆς
2871 470 3115 539 ἀνάγκης
3137 468 3517 540 φοϐηθήσεσθε
3546 469 3638 521 τὸν
3661 469 3758 523 τοῦ

2186 559 2383 623 παντὸς
2414 558 2630 632 Κύριον,
2665 560 2753 613 ὅτε
2790 559 2887 630 τὴν
2916 559 3186 629 τιμωρίαν
3217 560 3345 629 ὑμῖν
3374 556 3535 623 ἀξίαν
3563 558 3759 627 ἐπάγει

2185 651 2293 705 τῶν
2324 650 2832 722 πλημμελημάτων·
2863 649 2983 703 οὐδὲ
3021 650 3131 719 γὰρ
3160 648 3470 719 ἀφέστηκεν
3501 651 3534 703 ὁ
3570 652 3760 720 καιρὸς

2194 743 2423 806 ἐκεῖνος,
2466 741 2600 796 ἀλλά
2629 742 2723 794 καὶ
2776 740 2919 811 μάλα
2957 759 3018 809 γε
3045 739 3272 808 ἐγγύθεν
3301 737 3478 806 ἐστὶν,
3519 742 3583 793 ἐν
3605 732 3756 810 ᾧπερ

2187 833 2331 903 ὑμᾶς
2350 836 2413 904 τῇ
2437 833 2543 887 τῶν
2570 832 2841 902 πολεμίων
2879 832 3192 903 παραδώσει
3229 831 3411 903 θυσίᾳ,
3450 832 3547 895 οὓς
3574 832 3761 902 οἰκείῳ

2186 923 2565 994 προστάγματι
2599 922 2871 994 ἀφώρισέν
2902 939 2963 974 τε
2993 922 3085 973 καὶ
3124 921 3392 992 κέκληκεν
3430 923 3524 974 ἐπὶ
3552 922 3756 991 τούτῳο

2186 1014 2342 1067 τοῦτο
2361 1014 2468 1085 γὰρ
2486 1013 2629 1083 λέγει
2650 1013 2729 1077 τὸ,
2755 1013 2978 1083 ιηγίασε
3007 1014 3116 1082 (50)
3136 994 3260 1075 τοὺς
3285 1013 3513 1083 κλητοὺς
3532 1012 3720 1075 αὑτοῦ,
3734 1030 3757 1063 ι

2190 1104 2278 1157 ἵνα
2309 1104 2439 1177 εἰπῃ
2471 1104 2551 1156 ὅτι
2593 1104 3003 1174 ἀφωρισμένους
3032 1102 3145 1173 ἔχει
3172 1104 3295 1166 τοὺς
3321 1105 3401 1166 εἰς
3439 1104 3538 1175 τὴν
3569 1104 3763 1157 θυσίαν

2186 1194 2387 1264 ταύτην
2405 1194 2569 1264 κεκλη
2576 1195 2785 1262 μένους’
2810 1194 2956 1261 λέγει
2974 1194 3033 1247 δὲ
3049 1195 3173 1257 τοὺς
3189 1194 3494 1264 πολεμίους,
3507 1194 3558 1248 οἳ
3587 1212 3761 1248 κατα-ι

2188 1288 2439 1342 θύσουσιν
2463 1288 2623 1358 ὑμᾶς.
2659 1306 2677 1337 ι
2708 1288 2818 1341 Καὶ
2838 1287 2990 1340 ἔσται
3014 1288 3071 1340 ὲν
3105 1287 3287 1358 ἡμέρᾳ
3312 1287 3498 1350 θυσίας
3529 1289 3759 1357 Κυρίου,

2188 1382 2281 1432 καὶ
2319 1380 2589 1448 ἐκδικήσω
2616 1378 2727 1448 (51)
2760 1380 2850 1431 ἐπὶ
2900 1379 3027 1441 τοὺς
3064 1380 3351 1449 ἄρχοντας.
3399 1379 3493 1430 καὶ
3530 1380 3624 1431 ἐπὶ
3670 1380 3765 1432 τὸν

2188 1466 2333 1524 οἰκον
2359 1470 2453 1524 τοῦ
2483 1469 2765 1540 βασιλέως,
2810 1470 2903 1523 καὶ
2929 1466 3021 1522 ἐπὶ
3070 1471 3277 1533 πάντας
3309 1471 3434 1534 τοὺς
3473 1471 3763 1539 ἐνδεδυμέ-

2188 1580 2313 1626 νους
2358 1563 2633 1634 ἐνδύματα
2660 1562 2932 1633 ἀλλότρια·
2973 1563 3066 1617 καὶ¹
3107 1562 3376 1631 ἐκδικήσω
3405 1562 3497 1614 ἐπὶ
3546 1562 3763 1623 πάντας

2188 1652 2443 1723 ἐμφανῶς
2488 1654 2578 1706 ἐπὶ
2604 1652 2675 1706 τά
2705 1651 2957 1721 πρόπυλα
2989 1654 3045 1704 ὲν
3074 1651 3255 1722 εκείνη
3282 1654 3345 1721 τῇ
3386 1651 3568 1721 ἡμέρᾳ
3590 1690 3605 1709 ,
3635 1652 3765 1709 τοὺς

520 1743 668 1814 regis
699 1742 921 1815 domum
962 1742 1214 1797 funditus
1253 1740 1568 1807 destruam,
1601 1742 1729 1812 quia
1764 1742 1818 1796 in
1857 1744 2087 1814 captivi-

2190 1745 2525 1816 πληροῦντας
2554 1745 2646 1799 τὸν
2684 1743 2831 1799 οἶκον
2865 1744 2960 1797 τοῦ
3002 1744 3138 1796 Θεοῦ
3166 1743 3342 1795 αὐτῶν
3368 1742 3627 1804 ἀσεϐείας
3661 1742 3764 1794 καὶ

526 1843 693 1889 tatem
727 1834 1087 1889 abducendus
1114 1843 1200 1889 est
1230 1832 1278 1888 is
1308 1834 1403 1902 qui
1432 1842 1564 1888 tunc
1598 1849 1692 1888 rex
1722 1843 1903 1890 vester
1933 1835 2088 1892 vide-

520 1928 707 1982 bitur:
737 1935 901 1996 atque
928 1926 984 1980 in
1010 1940 1201 1980 omnes
1237 1940 1467 1995 prorsus
1503 1926 1958 1994 animadvertam,
1993 1929 2087 1998 qui

522 2026 815 2093 tantopere
838 2015 1130 2075 imitationi
1154 2016 1499 2071 ethnicorum
1521 2026 1692 2071 semet
1721 2017 2088 2087 tradiderunt,

524 2117 580 2163 ut
611 2111 772 2163 etiam
802 2109 1035 2164 vestium
1073 2108 1294 2163 illarum
1331 2125 1491 2165 usum
1524 2109 1903 2165 aﬂ‘ectaverint
1923 2151 1937 2172 .
1967 2127 2088 2181 quae

523 2218 551 2254 a
582 2202 698 2271 lege
745 2201 963 2263 vetitae,
1016 2201 1271 2270 gentibus
1322 2211 1650 2270 congruunt.
1690 2200 1958 2268 Cunctos,
1995 2203 2085 2257 in-

523 2308 686 2360 quam
746 2300 872 2345 ante
902 2291 1175 2346 vestibula
1213 2290 1396 2359 templi
1429 2291 1649 2359 puniam
1673 2329 1688 2355 ,
1720 2300 1911 2346 contra
1940 2292 2087 2361 quod

524 2381 685 2450 inpie
713 2388 979 2450 egerunt;
1031 2378 1160 2431 dum
1215 2378 1345 2432 illuc
1394 2379 1816 2448 ingrederentur
1866 2382 2085 2450 quidem

523 2473 595 2527 ob
635 2472 999 2525 simulandum
1048 2472 1255 2524 cultum
1307 2486 1521 2533 meum,
1571 2471 1665 2525 sed
1705 2472 1925 2527 nonnisi
1962 2489 2086 2527 cum

523 2562 795 2633 hypocrisi
826 2570 879 2615 et
905 2562 1032 2615 dolo
1059 2561 1290 2614 introire
1318 2561 1450 2616 illuc
1476 2562 1739 2616 auderent
1765 2580 1778 2615 :
1814 2564 2084 2632 siquidem

525 2655 727 2707 nullam
765 2669 903 2708 vero:
933 2653 1210 2724 religionis
1234 2653 1501 2706 rationem
1539 2652 1742 2708 habere
1758 2654 2086 2722 voluerunt,

524 2746 617 2799 sed
650 2745 811 2800 idolis
845 2746 1026 2815 potius
1056 2746 1305 2800 studiose
1332 2745 1633 2801 adhaerere.

2183 1837 2355 1890 δόλου.
2385 1855 2403 1888 ι
2458 1837 2546 1891 Ἐν
2567 1836 2759 1907 ἐκείνῳ
2777 1834 2841 1906 δὴ
2862 1834 2940 1905 τῷ
2967 1835 3142 1905 καιρῷ
3170 1836 3297 1898 τοὺς
3324 1833 3513 1904 ἄρχειν
3547 1836 3607 1886 ὲν
3630 1833 3763 1903 ὑμῖν

2181 1930 2468 1994 δοκοῦντας
2497 1933 2875 2003 τιμωρήσομαι
2896 1948 2908 1961 ·
2948 1931 3108 1983 αὐτόν
3133 1947 3192 1983 τε
3232 1929 3505 1993 παντελῶς
3540 1929 3765 1999 ἀφανιῶ

2181 2021 2275 2074 τοῦ
2301 2022 2563 2092 βασιλέως
2591 2022 2680 2076 τὸν
2708 2020 2876 2088 οἷκον,
2920 2021 3015 2076 ἅτε
3050 2023 3185 2093 πρὸς
3228 2022 3612 2092 αἰχμαλωσίαν
3648 2022 3762 2073 ἀπ-

2185 2114 2411 2181 ἀγεσθαι
2444 2114 2725 2184 μέλλοντος
2760 2113 2855 2166 τοῦ
2885 2113 3003 2166 τότε
3039 2112 3336 2183 βασιλεύειν
3360 2112 3514 2181 ὑμῶν
3539 2111 3763 2165 δοκοῦν-

2179 2223 2293 2269 τος·
2332 2206 2408 2277 (ρ.
2448 2206 2574 2277 588)
2614 2207 2706 2259 καί
2749 2206 2955 2268 πάντας
2988 2206 3043 2269 δὲ
3076 2204 3330 2268 καθάπαξ
3370 2206 3761 2273 τιμωρήσομαι

2181 2299 2305 2361 τοὺς
2328 2296 2469 2350 οὕτω
2490 2297 2621 2368 πρὸς
2656 2297 2756 2367 τὴν
2790 2296 3118 2367 ⁹Ελληνικὴν
3158 2296 3386 2366 μίμησιν
3421 2296 3651 2357 ἑαυτοὺς
3678 2298 3765 2347 ὲκ-

2182 2388 2499 2453 δεδωκότας,
2546 2388 2621 2452 ὡς
2658 2388 2888 2442 καὶτῶν
2922 2389 3151 2459 ἱματίων
3196 2384 3391 2458 ζηλοῦν
3431 2386 3532 2457 τὴν
3560 2385 3765 2456 χρῆσιν

2183 2483 2281 2551 τὴν
2304 2482 2381 2551 τῷ
2408 2483 2557 2552 νόμῳ
2596 2482 2694 2552 μὲν
2718 2481 3192 2552 ἀπηγορευμένην,
3231 2483 3342 2555 τοίς
3365 2478 3541 2532 ἔθνεσι
3564 2477 3620 2530 δὲ
3658 2479 3762 2547 ἀρ·

2195 2573 2398 2641 μοδίαν.
2435 2574 2648 2635 Πάντας
2677 2572 2771 2643 δὴ,
2825 2572 2979 2641 φησί,
3019 2569 3329 2641 περιφανῶς
3374 2568 3765 2639 τιμωρήσομαι

2193 2663 2299 2735 πρὸ
2332 2665 2439 2718 τῶν
2464 2664 2557 2718 τοῦ
2595 2664 2723 2718 ναοῦ
2752 2664 3060 2736 προθύρων,
3092 2664 3170 2725 είς
3198 2662 3257 2715 δν
3287 2661 3535 2732 ἠσέϐουν,
3569 2659 3767 2710 εἰσιόν-

2191 2773 2283 2819 τες
2311 2758 2407 2826 μὲν
2436 2757 2512 2827 τῷ
2539 2758 2713 2810 δοκεῖν
2738 2758 2816 2817 είς
2845 2756 2982 2825 ὲμὴν
3021 2754 3339 2825 θεραπείαν.
3378 2753 3495 2820 μεθ’
3529 2750 3765 2820 ὑποκρί-

527 2854 661 2900 σεως
691 2837 748 2889 δὲ
778 2836 868 2889 καὶ
896 2836 1045 2889 δόλου
1088 2835 1354 2889 ποιεῖσθαι
1387 2835 1484 2905 τὴν
1512 2836 1715 2890 εἴσοδον
1742 2836 2080 2908 τολμῶντες,
2112 2846 2167 2898 εἴ
2196 2863 2257 2914 γε
2286 2847 2386 2916 τῆς
2424 2849 2523 2917 μὲν
2545 2848 2823 2910 εὐσεϐείας
2858 2846 3051 2899 οὐθένα
3079 2845 3234 2912 λόγον
3275 2842 3554 2895 ἐϐούλοντο
3595 2840 3768 2892 ποιεῖ·

525 2929 669 2992 σθαι,
699 2929 809 2990 τοῖς
838 2925 1072 2989 εἰδώλοις
1092 2926 1150 2978 δὲ
1179 2927 1533 2996 προσανεῖχον
1569 2927 1792 2998 σπουδῇ.

600 3023 764 3079 Vsus.
801 3022 888 3088 ιθ,
926 3022 1011 3075 ll.
1030 3040 1137 3073 -‹
1158 3020 1223 3076 Ει
1250 3020 1357 3075 erit
1386 3020 1477 3075 die
1507 3021 1623 3085 illa,
1648 3022 1782 3076 dicit
1800 3022 2085 3091 Dominus,

2261 3029 2402 3096 Στίχ.
2450 3033 2500 3087 ι’,
2545 3033 2631 3080 ια’.
2674 3056 2741 3065 -
2779 3046 2797 3077 ι
2839 3026 2944 3077 Καὶ
2977 3025 3128 3076 ἔσται
3159 3026 3216 3076 ὲν
3250 3022 3428 3092 ἐκείνῃ
3460 3023 3519 3090 τῇ
3554 3022 3763 3091 ἡμέρᾳ,

527 3132 632 3169 vox
665 3115 926 3169 clamoris
958 3129 986 3166 a
1022 3123 1176 3184 porta
1207 3112 1534 3167 caedentium
1557 3154 1572 3178 ,
1601 3121 1655 3167 et
1684 3115 1922 3171 ululatus
1954 3132 1985 3170 a
2015 3133 2095 3173 se-

529 3207 709 3260 cunda
733 3246 749 3270 ,
780 3215 834 3259 et
862 3204 1123 3258 contritio
1156 3218 1354 3273 magna
1384 3217 1415 3255 a
1450 3203 1705 3259 collibus.
1734 3223 1753 3257 ι
1776 3205 1930 3261 Tunc
1960 3222 2095 3265 sane

530 3316 631 3352 vox
682 3298 925 3368 quaedam
979 3295 1237 3350 terribilis
1294 3292 1642 3359 exaudietur,
1679 3311 1710 3349 a
1749 3305 1907 3366 porta
1957 3299 2094 3354 inci-

528 3394 719 3463 piens,
783 3398 1007 3460 propter
1068 3388 1257 3441 hostes
1325 3387 1693 3455 irrumpentes
1753 3390 2095 3460 multamque

529 3480 869 3535 occidionem
906 3478 1065 3547 255
1100 3478 1378 3530 facientes.
1428 3475 1671 3545 Excipiet
1720 3494 1853 3532 vero
1902 3496 2092 3535 vocem

529 3573 681 3626 illam
728 3571 970 3625 ululatus
1006 3568 1369 3621 intolerabilis
1418 3566 1700 3619 hominum
1759 3584 1856 3637 per
1902 3570 2095 3627 domos

528 3664 892 3722 contritorum
919 3662 1177 3730 varieque
1201 3660 1541 3729 pereuntium
1574 3675 1587 3723 ;
1641 3660 1973 3731 insuperque
2004 3679 2097 3718 eo-

530 3772 649 3809 rum
683 3757 777 3825 qui
807 3754 872 3808 ad
907 3754 1139 3808 celsiora
1178 3753 1296 3805 loca
1332 3765 1429 3820 spe
1468 3750 1733 3806 evadendi
1774 3752 2097 3823 confugient

530 3847 623 3918 (id
655 3848 800 3902 enim
834 3848 963 3901 dicit
989 3845 1314 3900 vocabulum
1364 3843 1587 3898 collibus
1612 3846 1657 3906 i,
1706 3860 1886 3916 neque
1914 3854 2095 3902 tamen

531 3939 827 4009 quidquam
877 3938 999 4007 epis
1038 3936 1350 3997 invenient,
1392 3934 1487 3989 sed
1528 3943 1835 3989 extremum
1884 3939 2095 4008 suppli-

532 4030 674 4084 cium
702 4025 996 4097 perferent.
1016 4025 1227 4091 Quibus
1257 4034 1626 4079 consentanec
1648 4026 1833 4081 subdit
1853 4045 1897 4081 ε(
1926 4026 2095 4082 Plan-

532 4121 656 4188 gite,
677 4120 771 4188 qui
814 4118 1082 4171 habitatis
1122 4116 1420 4171 concisam.
1460 4135 1478 4167 ι
1508 4114 1696 4179 Nunc,
1749 4117 1960 4187 inquit,
2020 4120 2098 4173 la-

532 4208 764 4263 mentari
792 4208 1015 4277 dignum
1044 4216 1128 4261 est
1153 4206 1491 4259 habitatores
1516 4204 1856 4261 Hierusalem
1880 4247 1895 4269 ,
1932 4224 2096 4277 quam

532 4300 683 4353 varia
721 4301 868 4354 czede
916 4298 1224 4353 incolarum
1273 4296 1462 4352 hostes
1508 4297 1833 4362 concident,
1869 4300 2097 4368 ejusque

2199 3119 2343 3188 λέγει
2367 3119 2587 3189 Κύριος,
2617 3117 2767 3189 φωνὴ
2792 3118 3038 3188 κραυγῆς
3067 3116 3172 3169 ἀπὸ
3194 3115 3365 3183 πύλης
3397 3112 3766 3165 ἀποκεντούν-

2195 3228 2325 3275 των,
2360 3210 2454 3263 καὶ
2479 3209 2774 3279 ὀλολυγμὸς
2799 3207 2906 3261 ἀπὸ
2935 3208 3034 3277 τῆς
3064 3206 3337 3276 δευτέρας,
3374 3206 3467 3257 καὶ
3507 3221 3768 3275 συντριμ-

2196 3304 2296 3374 μὸς
2342 3302 2518 3374 μέγας
2556 3302 2664 3355 ἀπὸ
2690 3302 2795 3354 τῶν
2835 3296 3057 3372 βουνῶν.
3100 3320 3117 3349 μ
3156 3299 3289 3351 Τότε
3321 3297 3386 3367 δὴ
3418 3296 3626 3366 φοϐερά
3663 3296 3764 3362 μέν

2191 3412 2275 3459 τις
2302 3397 2588 3465 γενήσεται
2620 3393 2771 3463 φωνὴ
2799 3394 2906 3446 ἀπὸ
2935 3393 3032 3461 τῆς
3074 3390 3247 3459 πύλης
3278 3388 3509 3441 λαϐοῦσα
3537 3388 3637 3457 τὴν
3664 3389 3765 3455 ἀρε

2192 3488 2313 3559 χὴν,
2340 3487 2428 3540 διὰ
2454 3486 2563 3539 τῶν
2583 3486 2855 3538 εἰσιόντων
2877 3502 2933 3535 τε
2966 3483 3091 3535 πολε
3103 3482 3258 3552 μίων,
3290 3481 3382 3532 καὶ
3409 3479 3574 3531 πολὺν
3597 3480 3769 3548 ἔργα-

2194 3580 2436 3650 ζομένων
2467 3579 2558 3632 τὸν
2588 3578 2763 3646 φόνον
2794 3576 3094 3642 διαδέξεται
3122 3575 3177 3627 δὲ
3201 3575 3298 3644 τὴν
3330 3573 3510 3642 φωνὴν
3543 3571 3769 3640 εκείνην

2192 3673 2416 3743 ὀλολυγή
2445 3690 2527 3735 τις
2553 3672 2822 3740 ἀφόρητος
2851 3668 2957 3721 τῶν
2984 3670 3102 3722 κατ’
3123 3668 3298 3720 οἰκίαν
3326 3663 3768 3735 συντριϐομένων

2191 3782 2253 3817 τε
2278 3765 2372 3817 καὶ
2406 3764 2789 3833 ἀπολλυμένων
2824 3762 3097 3823 ποικίλως.
3134 3760 3211 3812 ἔτι
3253 3759 3347 3811 καὶ
3375 3757 3484 3810 τῶν
3530 3758 3588 3808 ὲν
3618 3756 3765 3825 ὑψη-

2193 3855 2432 3926 λοτέροις
2461 3856 2647 3918 τόποις
2690 3853 2864 3907 ἐλπίδι
2895 3852 3068 3921 φυγῆς
3108 3849 3549 3920 κατατρεχόντων
3583 3846 3770 3912 (τοῦτο

2193 3945 2303 4014 γάρ
2331 3944 2475 4012 λέγει
2528 3962 2546 3995 ι
2585 3943 2785 4013 βουνῶν
2819 3961 2837 3993 ι
2861 3945 2902 4009 ),
2932 3942 2993 3994 οὐ
3040 3941 3197 4010 μόνον
3243 3940 3394 3993 οὐδὲν
3438 3937 3770 4006 ὠφελεῖσθαι

2193 4036 2501 4107 δυναμένων
2533 4035 2798 4093 ἐντεῦθεν,
2824 4034 2959 4087 ἀλλά
2978 4033 3085 4103 γὰρ
3111 4032 3203 4085 καὶ
3227 4033 3326 4101 τὴν
3353 4031 3584 4100 ἐσχάτην
3613 4027 3771 4099 δεχο-

2199 4127 2372 4196 μένων
2402 4126 2687 4197 τιμωρίαν.
2723 4123 2816 4188 Ol;
2845 4124 3148 4186 ἀκολούθως
3177 4123 3371 4191 ὲπάγει
3390 4139 3403 4152 ”
3442 4118 3762 4190 «Θρηνείτε,

2195 4220 2242 4270 οἱ
2273 4217 2643 4279 κατοικοῦντες
2665 4217 2762 4288 τὴν
2785 4214 3293 4285 κατακεκομμένην.
3327 4231 3347 4265 ι
3381 4209 3651 4264 Ἐνταῦθα
3680 4209 3765 4279 δὴ.

2197 4311 2348 4379 φησί,
2378 4310 2592 4379 θρηνεῖν
2624 4310 2867 4372 ἅπαντας
2899 4308 3046 4372 ἀξιον
3076 4309 3200 4370 τοὺς
3221 4304 3501 4366 οἰκοῦντας
3530 4302 3630 4372 τὴν
3674 4302 3771 4355 Ἰε-

530 4392 763 4447 :cdiﬁcia
818 4392 1198 4462 pcriringent,
1253 4395 1310 4443 et
1363 4388 1665 4456 inquilinos
1714 4391 2090 4446 trucidabunt.

2201 4402 2494 4471 ρουσαλὴμ,
2529 4403 2594 4472 ἢν
2621 4400 2889 4473 διαφόρως
2915 4400 3004 4453 διά
3043 4400 3149 4452 τῶν
3192 4397 3482 4451 οἰκούντων
3521 4396 3768 4448 κατακὸο

537 4481 722 4548 «Quia
776 4480 1070 4535 universus
1130 4478 1367 4548 populus
1422 4478 1763 4532 assimilatus
1824 4491 1907 4533 est
1957 4481 2098 4533 Cha-

530 4570 716 4635 naani,
738 4570 1108 4639 disperierunt
1134 4584 1325 4623 omnes
1349 4568 1441 4638 qui
1466 4568 1592 4622 elati
1624 4580 1778 4622 erant
1804 4579 2045 4639 argento.
2074 4590 2092 4621 ι

531 4661 989 4729 Quandoquidem
1018 4660 1456 4715 Chananazorum
1492 4676 1673 4714 mores
1706 4661 1900 4715 imitati
1934 4670 2096 4729 sunt,

531 4753 654 4808 ideo
684 4767 781 4821 par
810 4752 919 4806 illis
950 4752 1262 4807 sustinuere
1290 4752 1657 4821 supplicium,
1719 4754 2097 4824 pessumdati;

528 4844 986 4914 quemadmodum
1020 4844 1229 4897 scilicet
1258 4846 1412 4897 etilli
1448 4847 1733 4916 perierunt
1759 4859 1881 4899 cum
1912 4848 2092 4915 regio-

530 4950 652 4990 nem
694 4934 957 4989 lsraelitis
985 4933 1215 4987 tradidit
1247 4935 1411 4990 Deus.
1450 4937 1628 4990 Simul
1678 4939 1935 5005 peribunt
1969 4953 2096 4992 cum

530 5027 790 5095 reliquis,
827 5027 903 5079 illi
955 5026 1049 5095 qui
1106 5025 1527 5094 superbiebant.
1581 5028 1788 5081 divitiis
1830 5044 1890 5082 se
1929 5028 2099 5083 fultos

530 5130 859 5174 cernentes:
900 5122 1110 5173 nullum
1166 5136 1198 5173 a
1250 5121 1368 5175 suis
1418 5122 1616 5189 Opibus
1668 5126 2096 5175 eumlumentum

531 5211 846 5274 habebunt,
879 5213 971 5266 sed
1012 5222 1203 5267 contra
1232 5213 1457 5266 omnino
1493 5213 1651 5267 bonis
1682 5216 1797 5268 suis
1834 5216 2092 5283 spoliati,

533 5301 893 5369 pauperrimis
925 5304 1137 5359 similes
1168 5304 1319 5359 ﬁent.

2194 4492 2384 4561 ψουσιν
2426 4493 2476 4544 oi
2511 4493 2787 4563 πολέμιοι,
2820 4493 2918 4555 τάς
2964 4508 3024 4543 τε
3061 4488 3346 4560 οἰκοδομὰς
3372 4488 3542 4557 αὐτῆς
3582 4486 3769 4540 διατέο

2199 4598 2418 4650 μνοντες
2437 4621 2453 4641 ,
2529 4585 2622 4636 καὶ
2687 4584 2812 4646 τοὺς
2881 4580 3264 4642 κατοικοῦντας
3317 4579 3766 4646 διασφάττοντες.

2202 4691 2221 4722 ι
2252 4673 2394 4726 Διὸτι
2415 4672 2527 4743 (52)
2553 4673 2810 4744 ὡμοιώθη
2841 4675 2947 4736 πᾶς
2968 4673 2997 4725 ὁ
3018 4670 3143 4734 λαὸς
3168 4670 3404 4733 Χαναὰν,
3432 4667 3740 4740 ὲξωλοθρεύ

2199 4763 2369 4834 θησαν
2399 4764 2597 4827 πάντες
2621 4766 2670 4816 οί
2707 4764 3003 4835 ἐπηρμένοι
3028 4762 3297 4832 ἀργυρίῳ.
3334 4780 3353 4812 ι
3402 4761 3618 4830 Ἐπειδὴ
3656 4760 3769 4830 γὰρ

2196 4852 2305 4906 τῶν
2322 4854 2639 4907 Χαναναίων
2654 4853 3115 4945 ὲμικὴοαντοδτὸν
3141 4854 3361 4922 τρόπον,
3394 4857 3472 4922 (p.
3508 4852 3636 4919 389)
3680 4853 3768 4905 διὰ

2194 4947 2350 4999 τοῦτο
2364 4947 2752 5017 παραπλησίως
2770 4948 2996 5009 ἐκείνοις
3007 4942 3101 5000 καὶ
3116 4942 3213 5017 τὴν
3234 4945 3499 5015 τιμωρίαν
3515 4944 3769 5009 ἐδέξαντο

2194 5038 2550 5110 ἀπολλύμενοι
2592 5040 2891 5103 παντελῶς,
2924 5041 3091 5110 ὅνπερ
3130 5040 3192 5109 δὴ
3241 5039 3441 5109 τρόπον
3485 5038 3770 5091 ἀπώλοντο

2195 5133 2432 5184 κάκεῖνοι
2452 5132 2687 5201 ὁπηνίκα
2706 5135 2817 5194 τοῖς
2847 5131 3207 5201 Ἰσραηλίταις
3229 5128 3514 5197 παρεδίδου
3542 5131 3644 5198 τὴν
3665 5130 3768 5198 γῆν

2196 5224 2224 5273 ό
2256 5221 2405 5285 Θεόςο
2441 5222 2997 5293 συναφανισθήσονται
3038 5222 3147 5293 γάρ
3180 5221 3243 5292 δὴ
3279 5222 3481 5284 πάντες
3512 5225 3628 5284 τοῖς
3658 5222 3767 5273 λοι-

2198 5313 2317 5373 ποῖς
2346 5312 2438 5364 καὶ
2463 5313 2511 5363 οἱ
2543 5312 2681 5382 μέγα
2711 5311 3029 5382 φρονοῦντες
3066 5312 3156 5365 ἐπὶ
3185 5313 3397 5382 πλούτῳ
3434 5311 3767 5383 θεωροῦντες

533 5395 752 5457 ἑαυτοὺς
775 5435 791 5459 ,
844 5395 1007 5464 μηδὲν
1047 5400 1109 5451 έκ
1152 5401 1251 5470 τῆς
1282 5399 1542 5471 εὐπορίας
1582 5402 1771 5473 κέρδος
1800 5401 2050 5463 λαϐόντες
2072 5418 2084 5431 ·
2120 5403 2424 5460 τούναντίον
2472 5407 2570 5476 μὲν
2601 5402 2693 5461 οὖν
2746 5408 2805 5459 ὲν
2850 5409 2914 5477 τῇ
2951 5406 3237 5477 ἀφαιρέσει
3264 5405 3373 5459 τῶν
3410 5405 3628 5459 οἰκείων
3661 5421 3768 5457 πα·

533 5485 819 5556 ραπλήσιοι
851 5489 1128 5554 γεγονότες
1152 5495 1263 5555 τοῖς
1291 5493 1565 5556 παντελῶς
1598 5496 1926 5564 πενομένοις.

605 5621 715 5676 (50)
754 5622 826 5673 Iln
860 5622 948 5675 hic
978 5622 1099 5674 cod.

602 5689 714 5759 (51)
747 5692 881 5747 Cod.
919 5693 1213 5763 ἐκδίκησιν.

2266 5626 2376 5699 (se)
2406 5627 2538 5683 Cod.
2570 5627 2653 5679 διὰ
2690 5628 2761 5678 τί.
