4054 6238
278 352 378 407 δέἰῖ

348 463 497 535 Στίχ.
532 463 732 533 ιβὀιςν.
764 492 834 504 -—
868 482 887 516 ι
912 464 1021 517 Καὶ
1058 463 1208 518 ἔσται
1246 469 1303 519 ὲν
1334 472 1398 539 τῇ
1430 470 1612 540 ἡμέρᾳ
1642 468 1839 539 ἐκείνῃ,
1870 471 1918 526 Α

275 555 614 627 ὲξερευνήσω
635 555 733 625 τὴν
771 556 1122 628 Ἰερουσαλὴμ
1152 559 1287 628 μετὰ
1312 560 1524 630 λύχνου.
1562 579 1580 612 ι
1626 562 1840 631 Ἐπειδὴ

282 652 387 713 τοῖς
435 648 501 702 τά
543 649 796 702 ὲνδότατα
838 650 931 701 καὶ
973 649 1144 719 σκότῳ
1169 668 1283 712 πως
1317 653 1717 725 κατειλημμένα
1746 655 1843 724 ξη-

274 740 499 803 τοῦσιν,
539 739 658 803 ἔθος
702 739 881 811 λύχνῳ
935 742 1229 812 κεχρῆσθαι
1268 745 1401 810 πρὸς
1449 746 1838 816 ἀκριϐεστέραν

274 832 505 903 ἔρευναν
534 833 642 884 τῶν
678 833 1202 903 ἀποκεκρυμμένων,
1239 835 1393 889 τοῦτο
1410 835 1673 903 λέγει,ὃτι
1704 834 1838 905 μετά

274 922 474 991 πολλῆς
503 923 605 992 τῆς
633 921 915 993 ἀκριϐείας
940 922 1419 993 ἐξερευνηθήσεται
1446 926 1621 978 πάντα
1644 926 1711 979 τὰ
1736 926 1835 996 τῆς

286 1014 669 1085 Ἰερουσαλὴμ,
712 1014 787 1077 ὡς
817 1016 980 1085 μηδὲν
1006 1015 1113 1068 τῶν
1155 1017 1379 1069 ἐνόντων
1416 1016 1685 1070 διαλαθεῖν
1713 1019 1835 1081 τοὺς

272 1106 767 1176 πολεμίους.”οπερ
799 1104 897 1176 [F.
922 1100 1107 1177 ᾧπερ]
1136 1106 1439 1169 ἀκολούθως
1465 1108 1738 1177 ἐπήγαγεν
1753 1109 1833 1170 τὸ,

276 1213 298 1245 ί
342 1197 847 1268 Ἐξωλοθρεύθησαν
871 1198 1066 1259 πάντες
1087 1199 1133 1249 oi
1163 1197 1458 1267 ἐπηρμένοι
1487 1199 1732 1269 ἀργυρίῳ
1751 1215 1764 1228 ο
1810 1218 1827 1249 ι

268 1284 487 1347 δεικνὺς
523 1286 605 1338 ὅτι
625 1284 768 1338 οὕτω
802 1286 975 1339 πάντα
999 1286 1106 1338 τῶν
1139 1286 1385 1356 εὐπόρων
1413 1286 1832 1357 ἀφαιρεθήσεται

269 1372 339 1424 τὰ
377 1374 508 1425 ὄντα
529 1413 544 1439 ,
576 1374 793 1437 οὐθενὸς
825 1375 1003 1427 λαθεῖν
1044 1375 1150 1427 τῶν
1180 1375 1448 1446 πολεμίων
1480 1377 1579 1445 τὴν
1612 1376 1831 1447 ἔρευναν

265 1463 584 1533 δυναμένου.
642 1484 660 1514 ι
696 1466 804 1518 Καὶ
848 1466 1112 1536 ἐκδικήσω
1160 1466 1251 1518 ἐπὶ
1294 1468 1419 1529 τοὺς
1466 1467 1660 1537 ἄνδρας
1706 1468 1831 1530 τοὺς

268 1556 740 1625 καταφρονοῦντας
776 1557 867 1609 ἐπὶ
909 1557 974 1609 τὰ
1015 1556 1338 1627 φυλάγματα
1371 1554 1708 1619 αὑτῶν,τοὺς
1741 1559 1828 1611 λέ-

266 1662 468 1716 γοντας
506 1649 563 1699 ὲν
592 1649 711 1709 ταῖς
742 1647 986 1718 καρδίαις
1021 1649 1218 1714 αὐτῶν,
1250 1650 1323 1701 Οὐ
1354 1648 1426 1720 μὴ
1459 1648 1829 1722 ἀγαθοποιήσῃ

271 1736 501 1806 Κύριος,
523 1737 636 1790 οὐδὲ
663 1737 736 1807 μὴ
762 1738 1006 1809 κακώσῃ.
1041 1758 1058 1790 ι
1092 1741 1482 1812 Τιμωρήσομαι
1516 1741 1643 1811 γὰρ,
1673 1742 1823 1811 φησὶ,

1228 316 1769 413 COMMENTARIUS
1806 351 1872 407 lN
1914 346 2276 406 sections:
2316 345 2466 402 CAP.
2505 347 2542 400 ι.

3390 352 3493 410 458

2020 459 2182 514 Vens.
2222 458 2404 513 12-16.
2437 486 2504 499 —
2539 474 2557 507 ι
2589 455 2652 508 Ει
2701 458 2804 511 erit
2850 457 2904 510 in
2939 457 3026 513 die
3059 474 3173 522 tua,
3212 463 3491 518 scrutabor

1942 552 2281 608 Hierusalem
2316 566 2437 605 cum
2461 552 2732 605 lucerna.»
2754 548 3020 615 Quoniam
3052 565 3261 617 eorum,
3286 553 3380 622 qui
3416 556 3494 608 in-

1942 646 2069 697 tima
2104 646 2223 709 etin
2242 644 2479 698 tenebris
2506 642 2722 697 condita
2754 651 3024 712 quazrunt,
3043 658 3160 699 mos
3177 646 3494 701 estlucerna

1938 736 2015 789 uti
2040 735 2106 788 ad
2134 736 2529 789 accuratiorem
2551 736 2824 789 latentium
2854 750 3035 790 rerum
3063 738 3493 807 vestigationem,

1936 826 2139 880 idcirco
2174 826 2253 881 sic
2279 826 2536 895 loquitur.
2591 824 2705 880 fore
2750 842 2938 896 nempe
2975 838 3032 879 ιιι
3057 830 3226 883 multa
3256 845 3379 883 cum
3409 846 3494 885 se-

1936 919 2160 973 dulitate
2195 918 2532 988 vestigentur
2550 933 2637 972 res
2666 932 2853 971 omnes
2875 919 3232 983 Hierusalem,
3270 930 3328 973 ut
3359 923 3493 975 nihil

1936 1020 2097 1075 opum
2158 1005 2277 1074 ejus
2324 1005 2505 1059 hostes
2560 1006 2736 1059 lateat.
2785 1007 2901 1072 Quo
2942 1008 2997 1059 fit
3040 1016 3100 1061 ut
3133 1018 3493 1066 eonsentanee

1936 1097 2251 1167 subjungat,
2284 1113 2303 1147 ι
2340 1096 2717 1165 Disperiernnt
2749 1113 2937 1153 omnes
2968 1099 3095 1153 elati
3123 1103 3491 1169 argentovsi-

1934 1186 2196 1256 gnilicans
2213 1185 2328 1240 fore
2352 1197 2409 1239 ut
2431 1187 2609 1238 cuncti
2643 1186 2869 1240 divitum
2891 1188 3128 1243 thesauri
3145 1189 3487 1259 diripiantur,

1933 1295 2055 1333 cum
2111 1279 2246 1333 nihil
2298 1277 2536 1333 hostium
2591 1279 2997 1348 vcstigationem
3059 1281 3355 1336 vitaturum
3398 1283 3485 1341 sit.

1938 1389 1956 1421 ι
1985 1368 2052 1422 Ει
2074 1369 2303 1423 ulciscar
2330 1384 2493 1438 super
2518 1369 2685 1433 viros,
2707 1369 2799 1438 qui
2831 1378 3183 1425 contemnunt
3215 1374 3490 1429 custodias

1931 1476 2079 1525 suas,
2113 1461 2205 1530 qui
2238 1460 2426 1514 dicunt
2457 1460 2510 1513 in
2536 1460 2793 1515 cordibus
2820 1460 2935 1515 suis
2960 1479 2973 1515 :
3008 1460 3204 1532 Utique
3233 1478 3300 1517 ne
3329 1462 3483 1518 facit»

1932 1554 2069 1607 bene
2089 1551 2371 1616 Dominus,
2398 1566 2451 1607 et
2481 1567 2586 1606 non
2609 1552 2771 1605 faciat
2794 1554 2984 1608 male.»
3011 1554 3141 1621 llos,
3172 1556 3369 1625 inquit,
3390 1572 3457 1627 pu

1931 1646 2075 1695 niam
2107 1643 2200 1711 qui
2234 1650 2499 1711 praecepta
2545 1657 2663 1696 mea
2697 1644 3013 1714 cultumque
3041 1645 3259 1701 omnino
3303 1662 3475 1716 asper-

1933 1742 2151 1800 nantur,
2186 1735 2383 1804 quibus
2423 1733 2682 1788 custodiri
2721 1750 2783 1788 ac
2824 1736 3026 1789 servari
3064 1738 3131 1791 ah
3157 1739 3300 1791 omni
3330 1738 3491 1809 256

270 1827 516 1892 τούτους,
562 1806 821 1899 (p.390)
862 1829 911 1881 οἳ
958 1806 1065 1884 τῶν
1250 1806 1694 1902 προσταγμάτων*
1725 1806 1829 1884 τῶν

1934 1825 2257 1880 detrimento
2286 1835 2882 1896 poterantzcontraque
2909 1830 3220 1883 existimant
3251 1832 3363 1885 fieri
3379 1847 3490 1886 non

271 1916 427 1988 ἐμῶν
461 1918 551 1969 καὶ
583 1918 680 1988 τῆς
713 1918 1005 1988 θεραπείας
1037 1921 1395 1990 κατεφρόνουν
1427 1921 1701 1985 παντελῶς
1734 1923 1830 1992 τῆς

268 2007 445 2076 ἐμῆς,
490 2008 582 2075 ἀφ’
609 2002 684 2061 ὧν
731 2008 794 2079 δὴ
844 2009 1202 2077 φυλάττεσθαι
1234 2012 1328 2064 καὶ
1360 2012 1726 2083 διατηρεῖσθαι
1766 2016 1829 2067 ἐκ

268 2096 452 2166 πάσης
500 2096 761 2165 ἠδύναντο
804 2097 1092 2169 ἐπηρείας·
1127 2099 1499 2169 διακειμένους
1541 2100 1596 2153 δὲ
1628 2101 1706 2154 ὅτι
1756 2101 1829 2171 μὴ

264 2182 377 2241 οἷόν
407 2189 465 2240 τέ
497 2206 549 2240 τι
597 2189 763 2241 κακὸν
802 2190 981 2251 αὐτοῖς
1020 2190 1372 2260 ἐπενεχθῆναι
1406 2191 1625 2244 τοιαῦτα
1655 2209 1831 2261 παρα-

268 2280 555 2349 νομοῦσιν·
593 2280 655 2333 τὸ
702 2281 829 2352 γάρ,
856 2299 873 2331 ι
914 2281 988 2333 Οὐ
1024 2282 1097 2351 μὴ
1126 2282 1496 2354 ἀγαθοποιήσῃ
1529 2281 1761 2352 Κύριος,
1806 2301 1824 2333 ι

269 2372 408 2425 κατά
464 2372 752 2444 ὑπόκρισιν
802 2373 1202 2441 ἀναγνωστέον,
1265 2373 1384 2427 ἀντὶ
1420 2374 1547 2439 τοῦ,
1612 2373 1832 2441 Ἀγαθο-

268 2464 504 2532 ποιήσει.
558 2483 576 2514 ι
612 2465 720 2518 Καὶ
748 2462 898 2516 ἔσται
936 2466 968 2533 ἡ
1004 2463 1232 2534 δύναμις
1265 2462 1443 2516 αὐτῶν
1494 2467 1574 2527 είς
1602 2465 1831 2535 διαρπα-

267 2556 391 2624 γὴν,
422 2556 514 2607 καὶ
533 2556 580 2606 οἱ
608 2550 745 2607 οἴκοι
768 2554 945 2606 αὐτῶν
965 2555 1045 2617 είς
1086 2554 1415 2625 ἀφανισμόνο
1441 2555 1532 2607 καὶ
1558 2554 1833 2625 οἰκοδομή⁹

268 2662 454 2701 σωσιν
490 2646 713 2708 οἰκίας,
757 2646 850 2698 καὶ
881 2647 941 2699 οὐ
976 2646 1049 2717 μὴ
1083 2647 1475 2717 κατοικήσωσιν
1512 2647 1570 2698 ἐν
1613 2646 1827 2709 αὑταῖς·

270 2738 364 2790 καὶ
394 2736 890 2804 καταφυτεύσουσιν
937 2736 1290 2805 ἀμπελῶνας,
1328 2738 1422 2790 καὶ
1458 2740 1516 2790 οὐ
1555 2737 1629 2808 μὴ
1668 2738 1830 2790 πίωσι

270 2828 364 2880 τὸν
393 2826 536 2880 οἶνον
572 2826 749 2880 αὐτῶν
767 2842 780 2855 ·
814 2827 896 2879 ὅτι
919 2828 1083 2895 ἐγγὺς
1106 2828 1285 2898 ἡμέρα
1306 2828 1508 2898 Κυρίου
1533 2830 1565 2898 ή
1600 2828 1829 2899 μεγάλη,

269 2919 440 2987 ἐγγὺς
490 2920 584 2973 καὶ
628 2920 817 2988 ταχεῖα
855 2918 1077 2988 σφόδρα.
1124 2938 1142 2969 ι
1182 2919 1334 2971 Πᾶσα
1387 2920 1482 2987 μὲν
1523 2914 1613 2973 οὖν
1657 2920 1831 2972 αὐτῶν

269 3014 307 3081 ἡ
332 3010 559 3081 δύναμις
594 3012 697 3065 ὑπὸ
726 3013 836 3064 τῶν
862 3010 1132 3080 πολεμίων
1164 3009 1658 3080 περιαιρεθήσεταιο
1690 3013 1830 3080 ἀφα-

271 3104 613 3173 νισθήσονται
656 3104 712 3157 δὲ
743 3105 835 3157 καὶ
861 3104 1061 3166 πάντες
1103 3101 1278 3156 αὐτῶν
1303 3104 1352 3154 οἱ
1381 3097 1546 3154 οἴκοι·
1584 3102 1674 3154 καὶ
1705 3102 1826 3155 οῦτε

269 3196 382 3248 τῶν
404 3197 569 3249 οἴκων
595 3195 1010 3259 ἀπολαύσουσιν,
1041 3194 1132 3258 οὒς
1167 3194 1304 3265 μετά
1336 3194 1531 3265 πολλῆς
1551 3195 1827 3266 οἰκοδομήο

272 3302 466 3348 σαντες
510 3285 852 3355 ἐπιμελείας,
881 3283 1002 3339 οὔτε
1032 3285 1136 3337 τῶν
1169 3284 1451 3353 γεωργιῶν
1487 3284 1594 3338 τῶν
1620 3285 1833 3340 οἰκείων

270 3375 534 3445 λήψονται
565 3376 653 3429 τὸν
686 3377 923 3448 καρπόνο
974 3375 1158 3446 ἐπειδὴ
1192 3374 1450 3446 πάρεστιν
1488 3376 1581 3428 καὶ
1610 3376 1833 3446 πλησίον

270 3468 412 3534 ἄγαν
434 3467 582 3520 ἐστὶν
610 3469 791 3540 ἡμέρα
810 3469 903 3521 τοῦ
926 3468 1080 3531 Θεοῦ,
1110 3468 1230 3523 καθ’
1254 3471 1319 3539 ἢν
1348 3467 1637 3537 ἐκϐήσεται
1663 3466 1836 3519 πάντα

271 3557 417 3626 amp
462 3555 555 3612 οὖν
592 3559 967 3627 ἀποπέφανται
1024 3560 1142 3613 κατ’
1173 3559 1350 3612 αὐτῶν
1382 3561 1409 3611 ὁ
1440 3557 1591 3619 Θεός.
1630 3574 1649 3607 ι
1680 3557 1833 3628 Φωνὴ

272 3649 486 3721 ἡμέρας
529 3652 734 3723 Κυρίου
765 3651 938 3723 πικρὰ
984 3653 1077 3705 καὶ
1107 3651 1314 3721 σκληρά
1353 3652 1622 3704 τέτακται.
1665 3669 1683 3701 ›
1720 3650 1832 3703 Με-

280 3742 513 3811 μήνυται
563 3744 669 3814 γὰρ
712 3745 739 3796 ὁ
786 3744 973 3813 καιρὸς
1017 3743 1114 3813 τῆς
1155 3742 1473 3811 ἀποφάσεως
1518 3741 1619 3811 τῆς
1664 3740 1830 3805 θείας,

1934 1931 2095 1986 posse
2136 1925 2192 1970 ut
2217 1917 2343 1970 mali
2370 1916 2577 1985 aliquid
2611 1919 2692 1971 eis
2719 1918 2928 1971 accidat
2951 1920 3078 1972 talia
3114 1924 3482 1991 peccantibus.

1931 2005 2065 2061 Nam
2096 2007 2264 2062 dictio
2286 2027 2304 2059 ι
2345 2006 2425 2063 Ne
2462 2009 2598 2062 bene
2626 2007 2812 2071 faciat,
2844 2028 2862 2058 ι
2903 2011 3124 2080 figurate
3156 2012 3378 2083 legenda
3405 2024 3490 2069 est

1930 2114 2053 2168 pro,
2088 2099 2225 2155 bene
2255 2098 2438 2154 faciet.
2470 2118 2487 2151 ι
2529 2099 2595 2152 Ει
2626 2102 2725 2154 erit
2753 2101 3009 2155 fortitudo
3039 2117 3226 2156 eorum
3258 2103 3313 2158 in
3345 2104 3463 2160 diro

1930 2190 2193 2259 ptionem,
2256 2200 2308 2245 et
2359 2191 2555 2245 domus
2599 2207 2785 2245 eorum
2842 2193 2893 2245 in
2948 2193 3356 2263 dissipationem
3388 2212 3400 2247 :
3435 2207 3487 2251 et

1931 2281 2274 2336 aadilicahunt
2319 2282 2532 2349 domos,
2587 2291 2641 2337 et
2688 2284 3151 2355 nouhabitabunt
3181 2287 3238 2340 in
3288 2288 3403 2355 eis;
3434 2298 3488 2343 et

1934 2375 2253 2443 plantabunt
2291 2378 2497 2439 vineas,
2553 2386 2606 2429 et
2662 2391 2771 2429 non
2828 2377 3013 2430 bibent
3052 2377 3484 2443 vinum,earum,

1931 2465 2058 2534 quia
2092 2465 2250 2533 juxta
2301 2472 2384 2518 est
2453 2465 2568 2519 dies
2617 2464 2832 2519 Domini
2868 2482 3084 2536 inagna,
3118 2470 3276 2536 juxta
3318 2479 3401 2523 est
3434 2479 3486 2524 et

1932 2555 2086 2608 velox
2110 2555 2293 2608 nimis.
2318 2573 2337 2605 ι
2372 2553 2663 2617 Universa,
2696 2556 2890 2626 inquit,
2915 2572 3100 2611 eorum
3135 2558 3390 2615 fortitudo
3419 2562 3484 2615 ab

1932 2644 2178 2700 hostibus
2205 2645 2599 2715 exstinguetur,
2647 2647 2996 2701 destruentur
3049 2659 3257 2703 cuncta.-
3288 2650 3485 2705 domus

1930 2750 2119 2789 eorum
2150 2755 2162 2789 :
2198 2751 2374 2808 neque
2403 2736 2649 2793 aediﬁciis
2708 2737 2956 2792 fruentur
2986 2754 3105 2810 qua:
3134 2739 3316 2794 sedula
3356 2757 3485 2795 cura

1932 2835 2335 2887 exstruxerant.
2368 2843 2545 2897 neque
2579 2830 2646 2883 de
2674 2830 2817 2884 arvis
2840 2830 2953 2883 suis
2979 2829 3214 2884 fructum
3242 2847 3481 2901 carpent.

1932 2918 2198 2984 Quoniam
2257 2919 2404 2972 adest
2437 2935 2712 2990 propeque
2745 2929 2827 2975 est
2857 2920 2949 2975 Dei
2978 2920 3119 2984 dies,
3146 2938 3256 2991 quo
3288 2932 3483 2978 cuncta

1931 3010 2177 3064 evenient
2203 3025 2321 3079 qua:
2349 3009 2415 3063 de
2453 3010 2562 3064 illis
2588 3010 2827 3064 decrevit
2846 3008 3009 3065 Deus.
3046 3029 3064 3059 ε
3100 3010 3214 3064 Vox
3244 3009 3348 3065 diei
3381 3012 3485 3065 Do-

1932 3100 2061 3153 mini
2095 3116 2275 3154 amara
2291 3111 2346 3155 et
2371 3102 2506 3155 dura
2540 3101 2712 3170 posita
2736 3108 2839 3156 est.
2873 3121 2890 3153 ι
2914 3101 3229 3156 Praedicitur
3276 3114 3485 3171 tempus

1931 3190 2098 3243 divini
2132 3190 2352 3257 decreti,
2385 3191 2746 3246 amaritudine
2777 3194 2943 3244 nmlta
2966 3202 3020 3245 et
3054 3193 3345 3261 asperitate
3371 3195 3483 3264 ple-

1933 3298 2079 3336 num.
2119 3300 2137 3334 ‹
2174 3282 2372 3339 Potens
2429 3284 2545 3339 dies
2605 3284 2716 3338 iras.
2750 3302 2769 3334 ι
2807 3282 3027 3340 Validus
3051 3284 3339 3340 admodum
3380 3286 3482 3341 diei

1932 3374 2076 3429 illius
2108 3373 2276 3429 furor.
2307 3394 2325 3426 ι
2361 3375 2482 3430 Dies
2516 3376 2628 3440 illa,
2662 3374 2778 3430 dies
2819 3377 3187 3431 tribulationis
3214 3385 3266 3432 et
3316 3392 3487 3448 angu~

1933 3466 2070 3531 stite,
2104 3466 2220 3521 dies
2247 3466 2743 3535 intempestivitatis
2786 3473 2839 3520 et
2878 3468 3050 3532 exitii,
3080 3466 3193 3522 dies
3230 3469 3484 3523 tenebra-

1937 3572 2053 3609 rum
2086 3564 2139 3609 et
2165 3557 2437 3627 caliginis,
2467 3557 2583 3611 dies
2604 3558 2813 3612 nebqu
2844 3568 2899 3614 et
2922 3558 3174 3623 turbinis,
3198 3558 3315 3615 dies
3345 3561 3486 3615 tubae

1930 3659 1983 3704 et
2018 3649 2270 3704 clamoris
2316 3666 2479 3720 super
2516 3651 2678 3705 urbes
2712 3651 2948 3706 munitas
2978 3659 3031 3705 et
3068 3666 3231 3720 super
3260 3655 3487 3723 angulos

1930 3741 2193 3794 excelsos.
2225 3757 2244 3789 ι
3086 3738 3091 3743 ’

272 3830 471 3901 πολλῆς
498 3833 719 3903 πικρίας
748 3850 806 3886 τε
837 3833 927 3885 καὶ⁸
954 3832 1283 3903 τραχύτητος
1310 3833 1509 3903 γέμων.
1552 3851 1570 3882 ι
1599 3833 1807 3900 Δυνατὴ
1833 3831 2013 3900 ἡμέρα
2042 3828 2230 3899 ὀργῆς.
2266 3849 2282 3878 ι
2304 3828 2540 3899 ’ἰσχυρὸς
2575 3829 2711 3896 ἄγαν
2748 3831 2845 3899 τῆς
2871 3831 3081 3900 ἡμέρας
3106 3832 3313 3901 ἐκείνης
3337 3835 3365 3885 ό
3391 3834 3484 3886 θυ-

274 3922 393 3989 μός.
416 3941 434 3971 ι
460 3924 521 3975 Ἠ
550 3925 727 3994 ήμέρα
754 3924 954 3993 ἐκείνη,
978 3924 1155 3994 ήμέρα
1190 3923 1416 3993 θλίψεως
1442 3926 1532 3977 καὶ
1563 3922 1824 3992 ἀνάγκης,
1858 3922 2038 3992 ἡμέρα
2071 3921 2275 3991 ἀωρίαις
2307 3920 2399 3972 καὶ
2429 3920 2753 3990 ἀφανισμοῦ,
2784 3920 2964 3993 ἡμέρα
2996 3921 3213 3984 σκότους
3238 3924 3330 3975 καὶ
3361 3926 3485 3993 γνό-

271 4030 396 4081 φου,
427 4014 609 4083 ἡμέρα
636 4014 863 4083 νεφέλης
885 4014 977 4066 καὶ
1009 4013 1255 4085 ὁμίχλης,
1287 4014 1466 4084 ἡμέρα
1489 4011 1784 4079 σάλπιγγος
1810 4012 1902 4063 καὶ
1931 4009 2175 4081 κραυγῆς
2196 4011 2270 4079 (p.
2302 4006 2427 4077 591)
2463 4000 2557 4060 ἐπὶ
2580 4006 2677 4070 τὰς
2707 4009 2886 4072 πόλεις
2910 4012 3007 4074 τὰς
3030 4013 3248 4083 ὀχυράς,
3273 4018 3364 4068 καὶ
3396 4018 3488 4073 ἐπὶ

267 4104 370 4157 τὰς
402 4103 604 4170 γωνίας
630 4104 724 4167 τὰς
762 4103 987 4173 ὐῂλάς.
1031 4124 1048 4155 ι

343 4194 491 4264 Στίχ.
528 4195 614 4257 ιζ’,
650 4202 736 4265 ιη’.
768 4226 839 4234 —
865 4196 998 4247 Τότε
1031 4196 1136 4265 γὰρ
1183 4195 1391 4265 ἀνάγκη
1432 4213 1488 4247 τε
1534 4195 1623 4247 καὶ
1658 4192 1833 4264 θλίψις

2001 4190 2163 4245 Vens.
2200 4190 2382 4243 17-18.
2412 4221 2478 4230 —
2509 4187 2663 4243 Tunc
2692 4190 2834 4242 enim
2885 4193 3149 4259 angustia:
3187 4203 3383 4257 erunt,
3433 4204 3485 4248 et

267 4288 423 4340 ἔσται
458 4286 626 4357 πολλή
646 4328 659 4349 ,
695 4288 787 4339 καὶ
836 4286 1049 4339 θάνατοι
1079 4286 1247 4359 ἄωροι
1273 4288 1380 4339 τῶν
1423 4289 1478 4339 ἐν
1504 4288 1670 4357 νηπία
1696 4303 1831 4354 σφα-

1934 4282 2205 4337 lribulatio
2228 4281 2418 4344 multa,
2454 4288 2506 4334 et
2534 4280 2839 4333 immaturae
2873 4290 3074 4336 mortes
3098 4283 3151 4335 in
3186 4293 3365 4338 tenera
3396 4300 3484 4338 oc-

269 4375 517 4443 ζομένων
546 4376 611 4443 τῇ
640 4373 852 4444 ἡλικία*
902 4376 1202 4445 ἀφανισμός
1225 4393 1283 4427 τε
1312 4375 1609 4449 ἀνθρώπων
1635 4376 1797 4438 πολὺς
1816 4417 1829 4437 ,

1934 4374 2165 4428 cisorum
2188 4381 2363 4433 :etate,
2382 4369 2556 4424 caedes
2584 4371 2863 4423 hominum
2890 4372 3080 4437 multa,
3114 4373 3188 4425 ita
3219 4374 3487 4432 utabbinc

266 4466 348 4527 ὡς
388 4463 636 4515 ἐντεῦθεν
691 4466 932 4527 ἅπαντας
987 4466 1161 4518 δοκεῖν
1211 4466 1406 4536 σκότῳ,
1433 4466 1612 4536 γνόφῳ
1661 4468 1831 4537 ἡτινι

1934 4465 2212 4518 videantur
2241 4477 2429 4515 omnes
2460 4460 2718 4522 tenebris,
2758 4460 3008 4529 caligine,
3040 4474 3093 4515 et
3122 4464 3318 4518 nebula
3353 4481 3487 4535 qua-

266 4551 471 4621 νεφέλῃ
521 4553 909 4623 περικεχύσθαι
959 4555 1051 4607 καὶ
1089 4554 1319 4626 ὁμίχλῃ·
1358 4556 1391 4625 ἦ
1427 4573 1482 4607 τε
1525 4556 1631 4626 γὰρ
1678 4556 1831 4608 πολε-

1934 4555 2055 4609 dam
2088 4568 2150 4606 ac
2178 4552 2394 4606 turbine
2428 4551 2815 4607 circumfundi.
2846 4550 2978 4606 Nam
3030 4562 3082 4607 et
3114 4553 3304 4609 bellica
3334 4558 3485 4624 tuba,

272 4645 408 4713 μικὴ
442 4643 705 4711 σάλπιγξ,
751 4646 841 4697 καὶ
879 4648 910 4716 ή
960 4647 1094 4715 μετά
1120 4648 1321 4715 ταύτης
1354 4649 1504 4718 φωνὴ
1534 4648 1640 4700 τῶν
1678 4649 1832 4701 πολε-

1934 4655 1983 4701 et
2005 4647 2143 4700 hanc
2177 4647 2501 4700 subsecutus
2533 4643 2771 4697 hostium
2797 4644 3005 4697 clamor
3043 4644 3306 4702 altissime
3335 4666 3487 4705 resoo

273 4736 413 4803 μίων
439 4735 693 4805 μέγιστον
713 4737 907 4806 ἡχήσει
929 4739 1373 4808 προσημαίνουσα
1391 4738 1498 4792 τῶν
1523 4756 1577 4793 τε
1603 4739 1833 4811 ἰσχυρῶν

1934 4738 2105 4799 nahit,
2160 4737 2491 4789 munitarum
2533 4735 2747 4788 urbium
2788 4750 2851 4788 ac
2892 4736 3214 4804 palatiorum
3264 4742 3485 4797 exitium

270 4829 482 4881 πόλεων
530 4828 625 4879 καὶ
666 4827 774 4880 τῶν
821 4828 1090 4897 μεγίστων
1142 4828 1325 4883 οἰκιῶν
1364 4829 1462 4901 τὴν
1496 4830 1829 4903 καθαίρεσιν.

274 4937 295 4970 ι
335 4919 450 4971 Καὶ
492 4919 731 4986 ὲγθλίψω
772 4919 898 4981 τοὺς
928 4917 1280 4989 ἀνθρώπους,
1325 4920 1426 4973 καὶ
1481 4922 1833 4992 πορεύσονται

265 5010 349 5071 ὡς
375 5008 589 5076 τυφλοὶ,
620 5010 702 5061 ὅτι
750 5007 827 5078 τῷ
864 5007 1052 5079 Κυρίῳ
1091 5009 1423 5080 ἐξήμαρτονο
1455 5012 1543 5063 καλ
1574 5012 1746 5081 ἐκχεῶ
1774 5011 1834 5065 τὸ

264 5097 414 5172 αἷμα
464 5099 639 5154 αὐτῶν
684 5101 759 5162 ὡς
817 5099 973 5169 χοῦν,
1016 5101 1107 5152 καὶ
1154 5101 1251 5164 τὰς
1302 5102 1507 5174 σάρκας
1547 5104 1723 5156 αὐτῶν
1762 5102 1835 5166 ὡς

268 5193 517 5264 βόλϐιτα.
566 5211 584 5243 ι
619 5194 699 5263 Τῇ
733 5191 832 5262 μὲν
860 5191 969 5263 γὰρ
1012 5192 1283 5263 ὑπερϐολῇ
1315 5192 1413 5262 τῆς
1454 5194 1680 5263 θλίψεως
1705 5194 1835 5246 διοί-

266 5300 428 5336 aqua:
469 5283 684 5350 τυφλῶν
728 5283 906 5335 οὐδέν*
955 5281 1073 5335 οὐδὲ
1118 5282 1185 5335 τά
1231 5284 1335 5355 πρὸ
1373 5284 1545 5337 ποδῶν
1576 5286 1706 5357 ὀρᾷν
1737 5280 1837 5339 οἷοί

263 5394 328 5428 τε
386 5377 574 5438 ὄντεςο
627 5376 904 5429 πείσονται
957 5374 1013 5427 δὲ
1047 5374 1257 5427 ἅπαντα
1312 5376 1586 5446 συντόμως
1632 5379 1833 5439 εἰπεῖν,

265 5465 575 5536 ἐπειδήπερ
597 5466 735 5532 ἄγαν
755 5462 1029 5532 ἠσέϐησαν
1058 5465 1131 5527 εἰς
1165 5462 1294 5515 Θεόν
1312 5479 1326 5493 ’
1349 5463 1487 5533 ὑπὲρ
1512 5456 1584 5513 ὧν
1612 5464 1837 5532 αἵματός

267 5574 335 5611 τε
367 5556 587 5627 ἔκχυσις
632 5556 708 5619 ὼς
758 5558 822 5607 ὲκ
872 5554 1063 5608 πολλοῦ
1100 5556 1384 5625 γενήσεται
1436 5553 1624 5621 φόνου’
1658 5554 1743 5606 ·αἶ
1780 5570 1838 5605 τε

266 5648 388 5703 τῶν
425 5647 879 5717 ἀποθνησκόντων
927 5645 1126 5715 σάρκες
1159 5644 1379 5715 ἀτάφων
1420 5643 1683 5715 μενόντων
1731 5643 1839 5694 τῶν

272 5738 708 5810 ἀναιρουμένων,
737 5736 866 5788 ὡσεὶ
912 5737 1108 5806 κόπρος
1142 5752 1226 5797 τις
1272 5736 1408 5791 κατά
1442 5736 1636 5800 παντὸς
1679 5735 1841 5808 ῥιφή-

603 5830 870 5887 Ριτιιοι.
905 5828 1017 5885 Gn.
1062 5826 1255 5886 LXVI.

1932 4828 2281 4899 portendens.
2317 4848 2333 4878 σ
2370 4828 2434 4881 Et
2460 4826 2731 4880 tribulabo
2764 4826 3033 4893 homines,
3056 4837 3107 4884 et
3136 4832 3487 4887 ambulabunt

1932 4931 1991 4975 ut
2020 4920 2167 4974 caeci.
2189 4921 2314 4987 quia
2335 4918 2560 4972 Domino
2578 4926 2934 4985 peccaverunt
2966 4936 2977 4972 ;
3000 4919 3337 4975 etell‘undam
3361 4939 3488 4977 san-

1935 5013 2150 5082 guinem
2202 5026 2392 5064 eorum
2450 5010 2591 5064 sicut
2639 5010 2936 5079 pulverem,
2981 5021 3033 5063 et
3073 5028 3265 5065 carnes
3298 5030 3485 5068 eorum

1936 5107 2077 5159 sicut
2110 5112 2350 5158 stercora
2383 5101 2565 5154 boum.
2608 5119 2625 5150 ι
2662 5100 3052 5156 Tribulationis
3098 5118 3345 5163 excessu.
3379 5120 3485 5160 non

1935 5202 2092 5250 erunt
2146 5193 2305 5248 cacis
2367 5192 2679 5255 dissimiles,
2730 5207 2797 5245 ne
2838 5192 2925 5243 illa
2955 5190 3172 5259 quidem
3220 5207 3340 5251 qua:
3365 5204 3489 5247 ante

1938 5286 2099 5355 pedes
2127 5291 2257 5338 sunt
2307 5283 2492 5337 videre
2520 5282 2777 5337 valentes.
2814 5283 3009 5351 Atque,
3068 5288 3127 5333 ut
3170 5286 3481 5337 summatim

1937 5377 2133 5441 dicam,
2170 5373 2304 5428 nihil
2336 5389 2443 5427 non
2474 5373 2631 5443 257
2673 5373 2963 5443 patientur,
3006 5371 3132 5442 quia
3165 5377 3404 5445 graviter
3430 5379 3485 5431 in

1936 5467 2101 5521 Deum
2132 5475 2509 5535 peccaverunt.
2530 5464 2603 5517 Ea
2632 5472 2850 5534 pr0pter
2876 5471 2931 5517 et
2961 5465 3242 5534 sanguinis
3268 5466 3488 5527 etfusio.

1937 5566 2190 5626 tanquam
2239 5558 2422 5610 multa:
2450 5555 2744 5610 occisionis
2780 5555 2903 5620 erit,
2942 5562 2996 5610 ct
3025 5558 3331 5613 occisorum
3364 5571 3481 5614 caro

1939 5665 2056 5713 nes,
2120 5648 2405 5716 insepultis
2465 5646 2693 5701 mortuis
2740 5647 3106 5713 manentibus,
3139 5648 3295 5716 quasi
3335 5650 3493 5707 fimus

1941 5742 2157 5810 quidam
2188 5737 2334 5793 onmi
2368 5738 2485 5793 loco
2522 5735 2892 5805 jactabuntur.
2932 5756 2949 5788 ι
2987 5736 3050 5791 Et
3084 5749 3364 5807 argentum
3398 5757 3491 5799 au-

3113 5827 3184 5890 15
