4054 6238
541 316 642 368 659

1721 313 1753 365 ἰ
1769 312 2065 365 ΙΙΙιιυυυΙίι
2105 314 2583 366 MUPSULS'I'ENI

3657 318 3773 365 4w

541 439 770 495 rumque
797 438 984 479 eorum
1044 439 1147 477 non
1185 423 1379 493 poterit
1410 423 1640 478 liberare
1667 436 1762 477 eos
1791 423 1847 477 in
1879 422 1969 478 die
2005 423 2099 478 iraa

2211 440 2349 477 σεται
2412 424 2595 477 τόπου.
2647 435 2666 470 I
2718 424 2827 478 Καὶ
2881 424 2942 477 τὸ
2986 424 3245 495 ἀργύριον
3289 425 3383 478 καὶ
3432 425 3495 479 τὸ
3547 430 3770 499 χρυσίον

540 516 776 582 Domini,
798 524 851 570 et
873 517 994 587 igne
1010 516 1107 570 zeli
1131 515 1249 584 ejus
1270 514 1893 609 consumetuuiniversa
1915 525 2058 570 terra
2084 533 2096 570 :

539 613 666 679 quia
689 608 1210 663 consummationem
1235 615 1289 661 et
1317 596 1718 662 festinationem
1749 604 1909 661 faciet
1938 622 2103 676 super

540 715 729 755 omnes
774 707 933 753 terrae
994 698 1348 752 habitatores.
1386 716 1403 747 ›
1436 695 1579 749 Nihil
1622 695 1758 764 ipsis
1806 695 2103 766 proderunt

540 789 1106 859 divitizequasinjuste
1120 793 1600 852 coacervaverunt,
1623 788 1747 855 quia
1781 787 1893 840 haec
1923 788 2103 841 omnia

540 890 781 951 tempore
832 881 925 933 illo
976 880 1170 933 divina:
1195 876 1390 931 cedent
1436 876 1549 937 ira},
1591 890 1711 943 qua:
1754 876 1897 945 ignis
1928 876 2102 930 instar

541 975 850 1029 universam
884 978 1169 1027 consumet
1200 978 1397 1024 terram
1418 1008 1433 1032 ,
1466 975 1695 1021 cunctos
1725 975 1902 1020 autem
1949 966 2102 1019 habi-

539 1075 742 1119 tatores
781 1064 899 1132 ejus
948 1062 1113 1115 multa
1162 1074 1282 1113 cum
1324 1058 1666 1112 festinatione
1706 1056 2099 1125 pessumdahit.

540 1155 742 1209 Deinde
774 1160 894 1222 post
938 1151 1201 1205 malorum
1253 1148 1680 1219 praedictionem,
1715 1148 1769 1200 in
1801 1163 1950 1216 spem
1984 1148 2104 1200 illos

542 1265 638 1318 pro
668 1262 817 1302 more
844 1260 943 1299 suo
970 1242 1229 1313 propheta
1255 1241 1489 1309 erigens,
1517 1239 1691 1309 pergit
1716 1240 1928 1293 dicere:

2197 514 2375 569 αὐτῶν
2425 515 2483 568 οὐ
2537 515 2611 586 μὴ
2666 515 2864 587 δυνηθῇ
2915 515 3187 580 ἐξελέσθαι
3235 516 3428 582 αὐτοὺς
3471 520 3531 573 ἐν
3584 522 3768 594 ήμέρα

2196 605 2365 676 ὀργῆς
2408 605 2610 676 Κυρίου
2635 644 2650 669 ,
2678 606 2770 659 καὶ
2799 607 2858 659 ἐν
2902 607 3034 676 πυρὶ
3066 606 3228 676 ζήλου
3256 608 3420 661 αὐτοῦ
3445 612 3765 665 καταναλω-

2200 694 2421 765 θήσεται
2461 696 2609 748 πᾶσα
2658 696 2704 771 ή.
2732 695 2803 765 γῆ
2826 712 2839 724 ·
2886 694 3018 747 διότι
3052 695 3359 749 συντέλειαν
3410 698 3503 751 καὶ
3535 699 3767 769 σπουδὴν

2200 788 2411 858 ποιήσει
2444 788 2535 839 ἐπὶ
2574 787 2781 850 πάντας
2828 788 2952 849 τοὺς
3006 788 3393 852 κατοικοῦντας
3428 789 3524 860 τὴν
3577 790 3698 860 γῆν.
3735 810 3758 844 ι

2205 876 2426 943 Ὀνησις
2473 877 2654 939 αὐτοῖς
2697 876 2920 946 οὐδεμία
2970 876 3061 928 τοῦ
3104 877 3332 931 πλούτου
3382 881 3667 949 γενήσεται
3705 882 3766 934 ὃν

2202 971 2503 1038 συνήγαγον
2550 971 2779 1034 ἀδίκως.
2838 970 2925 1040 (p.
2970 971 3107 1039 592)
3157 972 3343 1043 ἐπειδὴ
3382 974 3555 1027 ταῦτα
3593 975 3770 1028 πάντα

2202 1059 2341 1111 κατά
2371 1059 2460 1111 τὸν
2510 1060 2697 1131 καιρὸν
2745 1063 2949 1115 ἐκεῖνον
2998 1062 3222 1133 δεύτερα
3273 1063 3372 1133 τῆς
3409 1065 3576 1134 ὀργῆς
3614 1065 3768 1119 ἔσται

2200 1149 2298 1218 τῆς
2344 1150 2527 1215 θείας,
2580 1150 2614 1220 ἢ
2651 1153 2823 1223 πυρὸς
2850 1154 3006 1224 δίκην
3047 1156 3226 1209 πᾶσαν
3258 1156 3355 1225 μὲν
3394 1156 3769 1210 καταναλώσει

2203 1242 2300 1309 τὴν
2332 1242 2464 1311 γῆν,
2502 1242 2713 1306 πάντας
2754 1245 2811 1298 δέ
2867 1248 2992 1308 τοὺς
3033 1246 3373 1311 ἐνοικοῦντας
3415 1247 3581 1318 αὐτὴν
3634 1247 3771 1318 μετὰ

540 1335 730 1389 πολλοῦ
754 1350 817 1402 γε
843 1332 1093 1385 ἀπολέσει
1118 1329 1210 1382 τοῦ
1238 1330 1453 1398 τάχους.
1489 1324 1621 1382 Εἶτα
1661 1329 1794 1398 μετὰ
1826 1328 1923 1399 τὴν
1961 1331 2188 1398 μήνυσιν
2221 1330 2327 1381 τῶν
2361 1329 2577 1394 κακῶν,
2612 1332 2893 1397 εὐέλπιδας
2918 1335 3113 1396 αὐτοὺς
3147 1334 3325 1398 καθὼς
3353 1335 3542 1389 εἴωθεν
3582 1335 3612 1387 ὁ
3635 1350 3772 1405 προ-

541 1433 713 1499 φήτης
742 1424 926 1491 ποιῶν,
954 1422 1145 1490 ἐπάγει
1174 1452 1177 1455 ν

1197 1510 1349 1565 CAP.
1377 1511 1442 1564 ll.

611 1607 912 1662 Vens.l-5.
945 1635 1011 1645 --
1057 1623 1075 1655 ι
1103 1601 1544 1673 Congregamini,
1597 1600 1869 1668 simulque
1926 1609 2102 1658 orate.

536 1716 670 1774 gens
696 1697 989 1757 inerudita.
1022 1704 1313 1764 antequam
1363 1692 1506 1746 ﬁatis
1540 1700 1595 1745 ut
1622 1691 1720 1746 llos
1739 1692 2106 1760 pertransiens

538 1792 787 1853 diurnus,
845 1794 1132 1852 antequam
1178 1782 1358 1835 veniat
1398 1795 1564 1849 super
1620 1795 1717 1833 vos
1758 1781 1835 1832 ira
1903 1778 2107 1834 furoris

2846 1516 3000 1570 ΚΕΦ.
3043 1517 3116 1569 B'.

2273 1606 2416 1675 Στίχ.
2452 1605 2595 1671 α’-γ’.
2645 1635 2713 1645 -
2759 1625 2776 1657 ι
2811 1607 3117 1678 Συνάχθητε
3181 1608 3272 1660 καὶ
3327 1607 3671 1679 συνδεήθητε,
3704 1614 3770 1667 τὸ

2204 1694 2353 1755 έθνος
2374 1693 2433 1746 τὸ
2455 1693 2772 1748 ἀπαίδευτον
2796 1695 2902 1765 πρὸ
2926 1695 3018 1748 τοῦ
3046 1695 3295 1764 γενέσθαι
3328 1696 3471 1766 ὑμᾶς
3498 1696 3571 1759 ὡς
3611 1697 3772 1759 ἄνθος

2206 1783 2728 1854 παραπορευόμενον
2752 1785 2982 1855 ἡμέρας,
3009 1786 3114 1856 πρὸ
3133 1785 3225 1839 τοῦ
3248 1785 3492 1839 ἐπελθεῖν
3517 1788 3598 1855 ἐφ’
3624 1788 3770 1857 ὑμᾶς

539 1875 771 1930 Domini.
814 1891 832 1923 ι
878 1870 1070 1940 Agesis
1101 1869 1266 1932 enim,
1295 1880 1485 1921 omnes
1516 1864 1609 1934 qui
1643 1865 1912 1919 hactenus
1944 1866 2103 1919 ollicii

2211 1876 2371 1946 ὀργὴν
2405 1874 2577 1946 θυμοῦ
2611 1877 2898 1946 Κυρίου.Ξ»
2951 1877 3107 1930 Ἀλλά
3137 1879 3242 1949 γὰρ
3279 1879 3515 1943 ἅπαντες
3541 1881 3697 1950 ὑμεῖς
3717 1879 3771 1932 οἱ

540 1964 705 2020 vestri
728 1961 1075 2030 disciplinam
1098 1972 1205 2011 non
1246 1954 1572 2024 excepistis,
1608 1967 1755 2006 nunc
1780 1954 2104 2022 congregati

539 2068 853 2111 communes
876 2051 983 2105 Deo
1005 2064 1194 2119 preces
1215 2047 1475 2109 extollite.
1506 2061 1575 2101 ne
1605 2045 1743 2099 forte
1767 2044 1915 2099 lloris
1935 2046 2108 2098 instar

540 2154 759 2217 repente
779 2141 1188 2199 marcesceutis.
1212 2154 1521 2210 supremum
1547 2139 1771 2193 exitium
1802 2138 2103 2207 patiamini,

550 2246 661 2288 tota
690 2234 743 2287 in
768 2246 868 2285 vos
899 2231 1140 2284 irruente
1156 2229 1338 2282 divina
1369 2227 1469 2279 ira.
1495 2245 1512 2277 ι
1540 2226 1775 2291 Quaerite
1798 2226 2107 2291 Dominum,

541 2327 720 2383 eimcti
749 2324 983 2379 humiles
1026 2332 1202 2376 terrze.
1239 2338 1257 2371 ι
1291 2317 1400 2374 Vos
1422 2320 1516 2388 qui
1559 2334 1669 2388 pra:
1707 2317 1916 2372 caeteris
1953 2324 2109 2369 terrae

542 2420 775 2482 incolis,
835 2415 1242 2471 calamitatibus
1296 2412 1517 2467 inﬂictis
1567 2411 1835 2465 humiliati
1901 2409 2104 2473 fuistis,

542 2522 687 2561 nunc
714 2511 993 2573 resumpto
1014 2516 1155 2557 verae
1185 2500 1405 2571 pietatis
1432 2498 1636 2563 studio,
1673 2498 2107 2551 misericordiam

542 2599 828 2670 implorate
861 2595 1121 2650 divinam.
1164 2611 1182 2644 ι
1218 2591 1487 2646 Judicium
1536 2589 1833 2659 operamini
1865 2597 1919 2643 et
1945 2589 2112 2657 justi-

542 2693 673 2747 tiam
724 2690 969 2760 quaarite.
1003 2707 1021 2740 ι
1066 2684 1221 2743 Nunc
1249 2683 1377 2738 facti
1413 2683 1546 2752 justi
1578 2682 1773 2736 debita:
1806 2680 2108 2735 honestatis

541 2784 776 2853 judices,
817 2780 1301 2843 discernentesque
1329 2788 1358 2827 a
1384 2773 1658 2828 deteriore
1688 2772 1908 2834 melius,
1945 2771 2110 2841 justi-

546 2872 631 2925 tiae
642 2869 767 2923 date
783 2881 1022 2937 operam.
1048 2862 1312 2928 «Qumrite
1327 2858 1798 2913 mansuetudinem
1816 2866 1870 2911 et
1889 2872 2114 2928 respon-

546 2955 668 3011 dete
698 2969 782 3020 ea,
801 2948 1231 3021 utprotegamini
1263 2949 1316 2999 in
1347 2945 1433 3000 die
1463 2947 1556 2999 ira:
1573 2944 1839 3000 Domini.»
1860 2943 2111 2999 Mansue-

547 3047 788 3103 tudinem
806 3044 988 3113 eligite
1006 3048 1060 3095 et
1081 3038 1418 3110 patientiam,
1448 3052 1607 3091 secus
1636 3051 1700 3091 ac
1720 3037 1847 3091 olim
1902 3035 2115 3105 injustaa

547 3147 845 3207 pauperum
873 3128 1212 3200 Oppressioni
1240 3142 1459 3197 Operam
1491 3125 1753 3182 dedistis:
1785 3125 1950 3196 258
1982 3126 2114 3195 quin

2211 1964 2370 2035 μέχρι
2413 1962 2506 2016 τοῦ
2529 1963 2687 2033 δεῦρο
2729 1964 2826 2033 τὴν
2856 1963 2962 2019 τῶν
2992 1967 3371 2035 προσηκόντων
3400 1967 3461 2020 οὐ
3490 1967 3771 2038 δεξάμενοι

2208 2054 2477 2117 παιδείαν,
2519 2054 2613 2107 νῦν
2646 2055 2774 2123 γοῦν
2821 2056 3159 2120 συνελθόντες
3178 2100 3192 2121 ,
3217 2059 3398 2122 κοινάς
3429 2060 3527 2122 τάς
3554 2060 3771 2131 δεήσεις

2207 2146 2282 2215 τῷ
2306 2146 2425 2216 Θεῷ
2454 2148 2828 2218 προσαγάγετε
2847 2189 2863 2214 ,
2894 2148 2969 2211 ὡς
2993 2148 3058 2202 ἂν
3081 2157 3152 2227 μὴ
3184 2149 3336 2219 δίκην
3359 2150 3548 2214 ἄνθους
3576 2151 3774 2223 ἀθρόον

2208 2233 2594 2299 ἀφανισθέντος
2648 2235 2888 2306 παντελῆ
2951 2236 3046 2306 τὴν
3092 2236 3360 2289 ἀπώλειαν
3405 2239 3769 2311 ὑπομείνητε,

2209 2323 2482 2388 ὁλοτελοῦς
2521 2327 2606 2394 ἐφ’
2635 2327 2777 2395 ὑμᾶς
2823 2326 3132 2396 ἐνεχθείσης
3159 2328 3257 2397 τῆς
3284 2330 3451 2400 ὀργῆς
3475 2330 3577 2400 τῆς
3597 2332 3769 2392 θείας.

2217 2435 2233 2466 ι
2269 2418 2542 2486 Ζητήσατε
2574 2416 2663 2469 τὸν
2694 2416 2918 2487 Κύριον,
2954 2418 3153 2481 πάντες
3180 2422 3424 2474 ταπεινοὶ
3455 2422 3573 2491 γῆς.
3608 2441 3626 2475 ι
3660 2424 3774 2477 Καὶ

2210 2508 2257 2557 οἱ
2290 2506 2439 2574 παρά
2473 2505 2677 2569 πάντας
2702 2507 2825 2567 τοὺς
2853 2506 2949 2577 τὴν
2983 2507 3086 2575 γῆν
3119 2508 3400 2573 οἰκοῦντας
3430 2512 3550 2574 ταῖς
3584 2512 3775 2565 ἐπενεο

2212 2597 2452 2666 χθείσαις
2486 2598 2611 2667 ὑμῖν
2660 2597 2960 2669 συμφοραῖς
2996 2601 3477 2670 τεταπεινωμένοι,
3506 2603 3773 2675 ἐπιμελη-

2213 2683 2397 2745 θέντες
2426 2684 2525 2752 τῆς
2565 2684 2863 2750 εὐσεϐείας,
2892 2685 2981 2737 τὸν
3013 2686 3158 2740 ἔλεον
3210 2688 3466 2757 αἰτήσατε
3494 2688 3584 2742 τὸν
3606 2691 3767 2745 θεῖον.

2219 2791 2237 2822 ι
2276 2774 2461 2842 Κρῖμα
2509 2773 2814 2843 ἐργάσασθε
2866 2774 2960 2828 καὶ
3015 2775 3284 2847 ζητήσατε
3334 2778 3695 2849 δικαιοσύνην.
3743 2798 3766 2831 ι

2213 2865 2326 2917 Νῦν
2358 2864 2505 2935 ὀρθοὶ
2534 2865 2627 2918 τοῦ
2676 2866 3041 2938 προσήκοντος
3090 2869 3366 2939 γενόμενοι
3400 2871 3616 2941 κριταὶ,
3674 2871 3772 2924 καὶ

2214 2954 2575 3024 διακρίνοντες
2600 2956 2665 3007 ἐκ
2697 2956 2789 3009 τοῦ
2813 2957 3053 3029 χείρονος
3078 2958 3137 3011 τὸ
3159 2962 3402 3029 κρεῖττον
3426 2960 3770 3029 ἐπιμελεῖσθε

2208 3037 2300 3089 τοῦ
2313 3038 2540 3093 δικαίου.
2560 3042 2635 3109 (p.
2656 3040 2784 3112 ⁸595)
2805 3059 2823 3091 ι
2846 3043 3123 3113 Ζητήσατε
3145 3042 3421 3111 πραότητα
3433 3043 3523 3094 καὶ
3546 3043 3773 3114 ἀποκρί-

2210 3127 2362 3180 νεσθε
2396 3127 2553 3192 αὐτὰ,
2587 3130 2733 3192 ὅπως
2770 3132 3111 3199 σκεπασθῆτε
3155 3133 3211 3183 ἐν
3252 3132 3431 3203 ήμέρᾳ
3454 3133 3626 3203 ὀργῆς
3658 3134 3774 3185 Κυ-

547 3228 683 3283 adeo
713 3220 1225 3295 spondete.morum
1249 3219 1440 3272 horum
1462 3217 1577 3273 fore
1612 3233 1710 3272 vos
1742 3218 2035 3273 studiosos:
2059 3216 2109 3270 id

2215 3218 2351 3288 ρίου.
2384 3238 2402 3270 ι
2450 3220 2780 3274 Ἐπιείκειαν
2813 3222 2996 3275 ἕλεσθε
3033 3223 3123 3275 καὶ
3159 3221 3525 3287 ἀνεξικακίαν,
3550 3222 3665 3276 ἀνθ’
3702 3218 3773 3294 ἦς

549 3320 692 3372 enim
708 3315 1044 3380 valetdictio,
1056 3331 1074 3365 ι
1086 3312 1493 3384 Respondeteea
1508 3329 1521 3378 ;
1535 3319 1868 3380 iuttempore
1891 3310 2118 3379 punitio-

551 3408 637 3463 uis
658 3401 1071 3474 consequamini
1106 3398 1339 3467 aliquam
1355 3412 1383 3450 a
1403 3396 1509 3451 Deo
1522 3413 1697 3466 opem.
1721 3398 1909 3452 Postea
1930 3400 2121 3453 recitat

550 3496 861 3554 inferendas
886 3490 1207 3563 alienigenis
1233 3490 1637 3559 castigationes,
1658 3497 1879 3558 propter
1899 3490 2116 3545 illorum

550 3593 810 3645 adversus
857 3584 1133 3641 lsraelitas
1194 3582 1555 3651 iniquitatem,
1615 3589 1674 3633 ut
1727 3581 1806 3635 sic
1858 3583 2113 3650 majorem

555 3684 645 3737 Dei
675 3694 803 3752 erga
835 3679 935 3733 hos
958 3676 1180 3730 tutelam
1216 3674 1570 3730 demonstret.

2213 3310 2473 3380 πρότερον
2500 3312 2640 3364 κατὰ
2658 3312 2763 3365 τῶν
2794 3314 3129 3383 πενεστέρων
3155 3313 3503 3384 ἐπετηδεύετε
3538 3314 3772 3379 ἀδικίας,

2213 3403 2306 3455 καὶ
2335 3403 2397 3474 δὴ
2423 3403 2677 3456 σύνθεσθε
2707 3404 2941 3476 περὶτὴν
2954 3406 3158 3458 τούτων
3174 3405 3316 3475 ἔχειν
3339 3406 3569 3476 σπουδήν
3590 3405 3778 3460 ’τοῦτο

2213 3494 2321 3564 γὰρ
2348 3494 2493 3562 λέγει
2512 3494 2591 3559 τὸ,
2624 3514 2642 3546 ι
2674 3496 2783 3548 Καὶ
2807 3495 3165 3566 ἀποκρίνεσθε
3187 3497 3344 3557 αὐτὰ,
3375 3517 3391 3548 ι
3418 3499 3490 3560 ὼς
3519 3498 3583 3551 ἂν
3606 3514 3779 3568 προσ-

2213 3586 2419 3653 γένοιτο
2444 3586 2571 3655 ὐμῖν
2604 3586 2660 3637 ἐν
2695 3584 2771 3655 τῷ
2803 3586 2979 3655 καιρῷ
3007 3586 3106 3655 τῆς
3137 3588 3403 3657 τιμωρίας
3429 3592 3606 3659 τυχεῖν
3628 3606 3779 3653 τινος

2214 3674 2363 3742 παρὰ
2409 3673 2501 3725 τοῦ
2541 3672 2675 3726 Θεοῦ
2723 3673 2996 3743 βοηθείας.
3035 3670 3164 3727 Εἶτα
3193 3674 3337 3742 λέγει
3365 3673 3462 3737 τάς
3488 3674 3628 3727 κατά
3668 3673 3777 3725 τῶν

553 3772 841 3841 ἀλλοτρίων
884 3766 1149 3838 τιμωρίας
1210 3766 1348 3837 ὑπὲρ
1541 3765 1620 3827 είς
1653 3765 1846 3827 αὐτοὺς
1896 3765 2108 3828 ἀδικίας
2151 3765 2448 3834 ἐπάγεσθαι
2482 3768 2775 3837 μελλούσας
2797 3769 2871 3831 ὡς
2896 3767 2960 3821 ἂν
2995 3766 3212 3837 μείζονα
3263 3766 3362 3837 τῆς
3404 3767 3532 3837 περὶ
3579 3768 3781 3830 αὐτοὺς

552 3864 873 3936 κηδεμονίας
900 3862 992 3915 τοῦ
1020 3861 1152 3914 Θεοῦ
1180 3861 1460 3930 ποιήσαιτο
1489 3858 1585 3930 τὴν
1611 3858 1897 3924 ἀπόδειξιν.

630 3956 790 4011 Vens.
820 3954 939 4009 ι-θ.
982 3980 1037 3995 α-
1070 3973 1087 4004 ι
1124 3954 1258 4019 Quia
1288 3953 1432 4007 Gaza
1463 3955 1770 4024 diripietur,
1800 3964 1855 4010 et
1885 3955 2114 4010 Ascalon

550 4053 606 4106 in
638 4048 1053 4112 desolationem,
1092 4055 1145 4101 et
1179 4047 1380 4100 Azotus
1408 4046 1635 4100 meridie
1692 4047 2031 4116 projicietur,
2066 4059 2115 4102 et

560 4147 802 4197 Accaron
832 4139 1219 4195 eradicabitur.
1256 4157 1275 4190 ι
1302 4138 1631 4207 Alienigena:
1660 4153 1873 4201 omnes,
1898 4149 2118 4209 pr0pter

554 4249 613 4287 ea
639 4246 757 4301 qua
780 4232 1042 4285 adversus
1093 4243 1190 4283 vos
1227 4236 1472 4298 egerunt,
1525 4243 1631 4282 non
1669 4228 1887 4298 vulgare
1911 4228 2118 4297 suppli-

555 4328 700 4381 cium
756 4322 1049 4395 perferent.
1105 4320 1224 4377 Jam
1258 4340 1275 4373 ι
1307 4320 1553 4385 meridie,
1594 4340 1611 4372 ι
1657 4336 1947 4375 commune
1996 4322 2116 4374 aliis

556 4415 895 4476 vocabulum,
922 4413 1052 4468 dicit
1075 4427 1194 4482 pro,
1226 4410 1530 4475 manifeste,
1558 4412 1630 4465 ita
1656 4419 1713 4465 ut
1742 4427 1828 4466 res
1851 4410 2118 4466 neminem

558 4507 718 4559 lateat
767 4523 779 4561 :
821 4520 945 4559 nam
989 4519 1108 4574 quae
1148 4504 1214 4558 de
1260 4503 1488 4573 singulis
1531 4503 1661 4557 dicit
1703 4503 1958 4567 urbibus,
2010 4503 2121 4555 sive

559 4596 723 4653 Gaza.
762 4596 876 4650 sive
910 4595 1343 4657 Ascaloue,'sive
1381 4594 1626 4664 reliquis,
1665 4594 2023 4648 communiter
2057 4593 2124 4645 de

558 4686 810 4739 omnibus
841 4685 995 4749 dicit,
1021 4685 1125 4740 etsi
1158 4685 1328 4740 diviso
1386 4699 1668 4748 sermone,
1708 4691 1765 4737 ut
1799 4683 1955 4738 solet.
1998 4682 2124 4735 V’ult

2282 3956 2427 4026 Στίχ.
2463 3956 2606 4022 δ’-ς’.
2649 3989 2714 3997 -
2751 3976 2771 4008 ι
2809 3958 2954 4010 Διότι
3003 3958 3150 4023 Γάζα
3186 3959 3560 4031 διηρπασμένη
3602 3958 3778 4016 ἔσται,

2212 4049 2304 4101 καὶ
2350 4048 2624 4102 Ἀσκάλων
2672 4048 2749 4111 είς
2781 4048 3117 4119 ἀφανισμὸν,
3160 4048 3254 4103 καὶ
3294 4048 3533 4113 Ἄζωτος
3562 4063 3783 4118 μεσημ-

2212 4139 2369 4210 ϐρίας
2404 4138 2778 4210 ἐκριφήσεται,
2822 4138 2916 4191 καὶ
2955 4137 3234 4209 Ἀκκαρὼν
3267 4137 3716 4209 ἐκριζωθήσεται.
3756 4156 3778 4190 ν

2213 4229 2419 4293 Πάντες
2435 4228 2543 4299 γὰρ
2611 4230 2661 4282 οἱ
2714 4227 3027 4298 ἀλλόφυλοι,
3070 4230 3205 4301 ὐπέρ
3244 4222 3318 4283 ὧν
3353 4229 3470 4282 καθ’
3501 4227 3656 4299 ὑμῶν
3683 4244 3785 4282 πει

2216 4319 2503 4389 ποιήκασι,
2551 4321 2818 4392 τιμωρίαν
2864 4320 3105 4387 δέξονται
3156 4320 3215 4372 οὐ
3250 4319 3348 4390 τὴν
3374 4319 3676 4389 τυχοῦσαν
3719 4321 3785 4372 τὸ

2216 4410 2323 4481 γὰρ
2378 4429 2396 4460 ι
2450 4410 2793 4483 μεσημϐρίας
2840 4430 2858 4462 ι
2904 4410 3044 4464 κατά
3092 4411 3270 4464 κοινοῦ
3327 4410 3472 4478 λέγει
3514 4411 3636 4464 ἀντὶ
3659 4411 3785 4473 τοῦ,

2220 4502 2500 4573 προδήλως
2523 4541 2537 4565 ,
2587 4502 2660 4565 ὡς
2706 4502 2909 4572 μηθένα
2944 4502 3005 4554 τὸ
3033 4503 3312 4571 γινόμενον
3350 4502 3558 4555 λαθεῖν·
3593 4502 3630 4556 ἃ.
3672 4503 3789 4574 γὰρ

2220 4596 2346 4664 περὶ
2380 4595 2615 4664 ἑκάστης
2646 4594 2791 4661 λέγει
2820 4594 2926 4647 τῶν
2971 4595 3174 4648 πόλεων
3194 4636 3207 4659 ,
3242 4593 3296 4646 εί
3320 4611 3377 4645 τε
3406 4592 3604 4665 Γάζης,
3640 4596 3696 4647 εί
3724 4612 3787 4648 τε

2236 4684 2602 4749 Ἀσκάλωνος,
2656 4685 2710 4737 εί
2727 4702 2786 4737 τε
2822 4685 2929 4738 τῶν
2974 4685 3203 4751 λοιπῶν,
3248 4685 3386 4740 κατὰ
3420 4684 3597 4739 κοινοῦ
3650 4688 3787 4757 περὶ

558 4779 700 4832 enim
733 4776 911 4831 dicere
942 4784 1168 4832 cunctas
1198 4777 1623 4847 alienigenarum
1658 4778 1821 4831 urbes
1855 4775 2112 4845 direptum

2225 4776 2411 4829 πασῶν
2452 4776 2598 4844 λέγει
2649 4776 2834 4831 διελὼν
2866 4777 2942 4847 τῷ
2987 4777 3160 4848 λόγῳ,
3194 4777 3375 4841 καθὼς
3424 4776 3605 4833 εἴωθε.
3648 4776 3791 4829 Βού-

559 4872 1001 4939 destructumque
1028 4870 1117 4935 iri,
1147 4878 1200 4926 et
1233 4872 1379 4925 omni
1411 4885 1509 4926 sua
1533 4871 1862 4940 proprietate
1882 4868 2119 4938 deiectas

561 4975 875 5030 supremum
906 4959 1174 5014 excidium
1212 4974 1490 5029 passuras.
1543 4979 1560 5011 ι
1602 4958 1688 5013 Vae
1720 4959 1814 5029 qui
1860 4959 2119 5013 habitatis

561 5052 860 5107 funiculum
879 5051 1066 5117 maris,
1089 5052 1307 5105 advena:
1326 5050 1630 5108 Cretenses!
1653 5049 1884 5105 Verbum
1908 5050 2117 5103 Domini

561 5159 725 5214 super
754 5159 871 5207 vos,
893 5142 1151 5198 Chanaan
1185 5150 1327 5196 terra
1353 5142 1671 5197 alienorum.
1694 5141 1758 5195 Et
1780 5140 2000 5212 perdam
2024 5158 2119 5196 vos

560 5237 627 5290 de
647 5235 1002 5290 habitatione.
1024 5234 1086 5288 Et
1101 5234 1204 5289 erit
1220 5233 1378 5288 Creta
1405 5249 1602 5302 pascua
1627 5249 1872 5304 gregum,
1893 5241 1947 5288 et
1980 5234 2121 5287 Ovile

562 5341 841 5396 pecorum.
884 5345 903 5378 ι
941 5324 1077 5391 Quia
1128 5325 1411 5380 maritimae
1454 5327 1617 5381 urbes
1653 5326 1756 5379 illa‘.
1793 5333 1971 5387 erant,
2001 5324 2120 5377 ideo

563 5416 866 5471 funiculum
891 5418 1057 5473 maris
1079 5434 1171 5476 eas
1199 5418 1507 5488 appellavit,
1539 5418 1681 5472 sicut
1709 5417 1873 5473 etiam
1930 5416 2123 5470 beatus

566 5507 732 5563 David
757 5509 831 5563 ait
866 5508 951 5562 his
984 5510 1161 5566 verbis
1187 5526 1201 5563 :
1235 5530 1254 5563 ι
1285 5510 1433 5567 Dabo
1464 5511 1561 5566 tibi
1601 5520 1801 5566 terram
1832 5508 2119 5573 Chanaan,

567 5598 866 5655 funiculum
906 5600 1233 5661 haereditatis
1272 5612 1467 5661 vestra
1490 5604 1534 5637 "
1566 5620 1580 5659 :
1610 5619 1628 5652 ι
1655 5618 1828 5674 proeo
1844 5614 1901 5661 ut
1930 5602 2076 5656 dicat
2106 5616 2120 5653 =

642 5711 684 5741 "
715 5709 857 5767 Psal.
882 5726 989 5778 civ,
1030 5711 1116 5766 il.

2221 4868 2370 4920 λεται
2396 4866 2503 4937 γάρ
2532 4868 2702 4921 εἰπεῖν
2733 4868 2815 4920 δτι
2848 4869 3016 4921 πᾶσαι
3044 4865 3152 4920 τῶν
3182 4865 3491 4935 ἀλλοφύλων
3515 4867 3570 4919 αἱ
3597 4865 3787 4929 πόλεις

2221 4954 2681 5028 διαρπαγήσονταί
2752 4973 2811 5009 τε
2862 4957 2955 5009 καὶ⁵
3003 4955 3487 5027 ἁφανισθήσονται,
3539 4955 3633 5008 καὶ
3678 4956 3785 5026 τῆς

2217 5044 2422 5107 οἰκείας
2442 5046 2741 5117 εὐπραγίας
2758 5048 3143 5119 ἀπορῤιφεῖσαι
3165 5048 3395 5119 παντελῆ
3411 5048 3650 5114 δέξονται
3669 5049 3779 5117 τὴν

2216 5126 2504 5189 ἀπώλειαν.
2553 5157 2572 5188 ι
2609 5139 2745 5192 Οὐαὶ⁵
2778 5139 2828 5191 οί
2865 5138 3237 5202 κατοικοῦντες
3268 5140 3328 5192 τὺ
3360 5140 3646 5211 σχοίνισμα
3672 5141 3781 5210 τῆς

2218 5225 2509 5297 θαλάσσης,
2532 5228 2781 5296 πάροικοι
2796 5228 3025 5300 Κρητῶν
3049 5244 3062 5257 ·
3096 5228 3250 5296 λόγος
3271 5230 3477 5301 Κυρίου
3500 5232 3583 5299 ἐφ’
3605 5232 3780 5301 ὑμᾶς.

2218 5318 2437 5371 Χαναὰν
2474 5318 2543 5388 γῆ
2586 5319 2891 5387 ἀλλοφύλων
2912 5338 2924 5350 ·
2960 5318 3054 5372 καὶ
3092 5319 3278 5373 ἀπολῶ
3310 5321 3455 5391 ὑμᾶς
3495 5322 3560 5374 ἐκ
3596 5339 3785 5375 κατ-ηι-

2218 5410 2369 5475 κίας·
2407 5410 2501 5464 καὶ
2530 5409 2678 5462 ἔσται
2719 5409 2904 5481 Κρήτη
2949 5410 3085 5481 νομὴ
3120 5412 3399 5482 ποιμνίων,
3427 5413 3521 5467 καὶ
3565 5414 3787 5484 μάνδρα.

2221 5502 2524 5575 προϐάτων.
2559 5521 2577 5555 ι
2612 5503 2686 5574 (p.
2731 5501 2857 5573 39$)
2910 5502 3123 5574 Ἐπειδὴ
3156 5504 3451 5574 παραλίους
3500 5501 3640 5559 εἶναι
3677 5507 3787 5565 τὰς

2224 5596 2404 5658 πόλεις
2454 5592 2764 5658 συνέϐαινε,
2815 5591 3100 5663 σχοίνισμα
3146 5593 3416 5664 θαλάσσης
3464 5592 3633 5656 αὐτὰς
3683 5592 3784 5646 κέ,
