3992 6232
268 302 366 358 λοι
1258 309 1805 367 COMMENTARIUS
1835 310 1899 373 IN
1942 310 2304 367 SOPHONUE
2334 310 2486 366 CAP.
2528 310 2595 364 ll.

3402 310 3506 363 £82

270 424 502 496 κληκεν,
538 428 619 491 ὡς
665 428 693 479 δ
738 428 1006 499 μακάριος
1053 427 1198 497 λέγει
1242 430 1404 485 Δαυὶδ
1440 430 1644 497 λέγων’
1710 448 1727 479 ι
1766 430 1855 481 Σοὶ

1969 429 2294 486 Possessioni
2309 436 2502 483 vestrae
2516 429 2758 483 addicam
2772 428 3195 482 Chananmorum
3215 428 3510 497 regionem,

275 516 434 571 δώσω
503 519 609 589 τὴν
666 520 770 589 γῆν
820 519 1077 585 Χαναὰν,
1150 520 1436 589 σχοίνισμα
1492 519 1848 591 κληρονομίας

279 607 460 678 ὑμῶν’
502 627 522 660 ι
559 609 647 662 ἵνα
679 610 834 681 εἴπῃ,
884 610 964 662 ὅτι
992 611 1084 673 Εἰς
1129 611 1319 680 κτῆσιν
1364 611 1492 679 ὑμῖν
1520 608 1727 679 ἀφοριῶ
1756 607 1851 678 τὴν

282 697 606 755 Χαναναίων
639 700 765 771 γῆν,
796 702 861 753 ὲκ
888 702 1199 770 μεταφορᾶς
1221 700 1327 752 τῶν
1365 700 1557 769 σχοίνῳ
1593 698 1851 769 μετρούν-

287 809 395 844 των
413 791 521 843 τῶν
548 809 606 844 τε
627 792 968 863 διοριζόντων
986 791 1083 861 τὴν
1106 786 1229 862 γῆν.
1259 790 1444 853 υῦτως
1464 787 1555 843 οῦν
1576 789 1853 842 κάνταῦθα

285 881 433 947 λέγει
476 899 495 932 ι
532 881 595 933 τὸ
641 881 930 950 σχοίνισμα
962 881 1058 950 τῆς
1092 880 1396 951 θαλάσσης,
1438 900 1455 932 ι
1484 880 1603 933 ἀντὶ
1626 878 1717 931 τοῦ
1744 918 1757 940 ,
1791 880 1853 930 Οί

285 974 384 1042 τὴν
424 972 859 1043 παραθαλάττιον
907 971 1175 1035 οἰκοῦντες
1206 974 1416 1044 μερίδα.
1461 973 1532 1024 Τὸ
1560 971 1615 1023 δὲ
1650 990 1667 1022 ι
1710 969 1854 1040 πάρ-

284 1080 424 1114 οικοι
454 1062 690 1134 Κρητῶν
727 1083 745 1113 ι
775 1062 923 1131 λέγει
946 1103 959 1125 ,
994 1063 1178 1132 ἐπειδή
1224 1081 1365 1125 τινες
1391 1065 1453 1115 ἐκ
1484 1064 1706 1133 Κρήτης
1735 1063 1855 1116 κατ’

287 1154 562 1223 ἐμπορίαν
617 1155 806 1207 αὐτόθι
858 1155 1287 1225 παραγεγονότες
1336 1155 1410 1217 ὡς
1468 1157 1545 1217 εἰς
1602 1155 1853 1223 παραθαο

286 1244 547 1301 λασσίους
610 1246 826 1312 πόλεις,
884 1248 1050 1299 οἰκεῖν
1096 1247 1296 1299 εἴλοντο
1339 1247 1467 1317 παρ’
1518 1246 1718 1308 αὐτοῖς.
1769 1246 1856 1308 Ὡς

290 1336 388 1386 καὶ
417 1336 570 1406 παρά
598 1334 678 1404 τῷ
719 1334 898 1406 Ἀμῶς
936 1337 1105 1405 λέγει·
1162 1356 1179 1387 ι
1223 1337 1526 1404 Κατακὸιξρω
1576 1334 1745 1406 φυλὴν
1797 1333 1856 1399 ἐξ

285 1428 504 1496 ἀνδρῶν
550 1425 806 1498 Χαρρὰν,
857 1446 874 1478 ι
910 1429 1036 1497 περί
1074 1430 1181 1481 τῶν
1227 1428 1435 1481 ἐκεῖθεν
1483 1431 1548 1499 τῇ
1582 1426 1857 1497 Δαμασκῷ

287 1519 699 1593 παροικούντων
738 1520 940 1587 λέγων·
970 1519 1141 1583 οὕτως
1183 1520 1289 1592 γὰρ
1320 1521 1413 1573 καὶ
1444 1519 1676 1573 ἐνταῦθα
1715 1535 1857 1589 παρ-

286 1610 475 1672 οίκους
515 1611 747 1683 Κρητῶν
796 1613 978 1675 καλεῖ,
1039 1613 1124 1665 ἵνα
1175 1614 1302 1682 εἴπῃ
1330 1613 1452 1673 τοὺς
1498 1614 1624 1682 παρ’
1672 1612 1854 1673 αὐτοῖς

289 1702 572 1765 οἰκοῦντας
614 1704 848 1774 Κρητῶν
870 1721 881 1733 ·
915 1703 1159 1773 βούλεται
1192 1700 1285 1756 οὖν
1337 1698 1510 1750 εἰπεῖν
1532 1696 1611 1748 ὅτι
1638 1697 1856 1755 Ἀθλιώ-

1960 532 2173 589 sumpta
2202 521 2515 589 metaphora
2544 521 2614 574 ab
2633 521 2697 574 iis
2716 522 2803 587 qui
2836 519 3092 574 funiculis
3115 520 3411 573 metiuntur
3451 538 3512 577 ac

1958 610 2204 664 dividunt
2233 619 2424 665 terras.
2457 612 2532 665 Ita
2560 627 2701 665 nunc
2730 612 2892 664 etiam
2929 629 2945 660 ι
2984 610 3279 665 funiculum
3302 614 3467 666 maris
3491 634 3509 663 ›

1958 696 2109 760 dicit,
2139 712 2236 768 pro
2255 695 2717 764 maritimmpartis
2747 691 2958 749 incolis.
2976 698 3212 768 Denique
3232 718 3248 748 ι
3277 701 3512 756 advenas

1958 792 2243 846 Cretenses
2280 787 2949 858 idicit,quiauonnullicx
2985 792 3145 843 Creta
3194 799 3515 846 mercatura:

1960 900 2122 938 causa
2177 886 2305 939 illuc
2354 883 2620 953 progressi
2676 890 2859 951 utpote
2892 882 2957 935 ad
2992 884 3154 938 urbes
3189 886 3510 945 maritimas,

1962 977 2033 1029 ibi
2074 977 2317 1030 habitare
2352 975 2677 1028 maluerunt.
2711 973 2860 1025 Sicut
2888 975 3049 1026 etiam
3083 975 3223 1042 apud
3252 974 3512 1030 Amosum

1961 1069 2162 1120 dicitur
2193 1086 2206 1122 :
2238 1085 2255 1117 ι
2296 1066 2588 1121 Concidam
2622 1065 2818 1118 tribum
2850 1080 2914 1118 cx
2944 1065 3076 1117 viris
3105 1066 3347 1119 Charran
3377 1070 3443 1130 ”,
3491 1087 3509 1118 ›

1964 1161 2191 1228 loquens
2216 1159 2425 1212 scilicet
2452 1160 2517 1209 de
2549 1158 2693 1210 illius
2724 1157 2961 1225 regionis
2983 1158 3206 1213 advenis
3240 1160 3385 1214 circa
3409 1158 3516 1213 Da-

1965 1266 2208 1307 mascum
2238 1250 2623 1304 incolentibus.
2648 1249 2741 1302 Sic
2770 1264 2915 1303 nunc
2930 1266 3147 1318 quoque
3175 1251 3514 1307 Cretensium

1962 1343 2201 1397 advenas
2257 1341 2409 1404 dicit,
2444 1356 2541 1410 pro
2585 1355 2647 1393 ea
2684 1351 2834 1410 parte
2872 1340 3036 1411 259
3068 1342 3362 1396 incolarum
3399 1359 3522 1414 qua:

1962 1434 2120 1488 Creta
2154 1439 2271 1486 erat
2302 1431 2533 1485 oriunda
2584 1428 2711 1484 Vult
2737 1447 2867 1500 ergo
2895 1432 3075 1488 dicere
3106 1452 3119 1488 :
3151 1432 3521 1492 lufelicissimi

1962 1521 2204 1577 omnium
2231 1516 2412 1573 cuncti
2425 1529 2545 1585 vos,
2563 1514 2654 1587 qui
2673 1519 2996 1574 maritimam
3012 1532 3223 1589 partem
3263 1522 3519 1581 habitatis

1962 1627 2084 1666 cum
2116 1611 2471 1665 Cretensibus
2492 1609 2735 1664 advenis.
2753 1609 2994 1665 Decrevit
3010 1621 3196 1667 contra
3214 1632 3310 1671 vos
3330 1632 3519 1674 omnes

1963 1704 2128 1767 Deus,
2149 1719 2182 1757 o
2208 1704 2566 1758 Chananaeam
2598 1703 2902 1760 habitantes
2928 1707 3261 1778 alienigenae,
3281 1712 3521 1781 perditu-

296 1810 451 1845 τατοι
498 1795 732 1860 πάντων,
763 1798 959 1857 πάντες
1007 1796 1163 1865 ὑμεῖς
1209 1796 1258 1845 οἰ
1288 1793 1386 1865 τὴν
1428 1792 1859 1864 παραθαλάττιον

1969 1813 2079 1851 rum
2108 1812 2166 1851 se
2194 1813 2289 1851 vos
2306 1798 2551 1861 omnino,
2576 1813 2785 1852 necnon
2818 1815 2845 1852 a
2875 1800 3225 1856 Cretensibus
3257 1792 3395 1873 apud
3424 1821 3520 1861 vos

298 1884 571 1948 οἰκοῦντες
616 1886 831 1957 μερίδα,
858 1887 993 1956 μετά
1026 1888 1117 1940 καί
1154 1888 1260 1941 τῶν
1293 1885 1691 1956 παροικούντων
1735 1887 1860 1955 ὑμῖν

1969 1890 2253 1942 habitatum
2309 1891 2586 1959 regionem
2616 1890 2758 1959 (quae
2779 1906 3041 1960 pascuum
3073 1894 3163 1948 ﬁet
3203 1911 3445 1965 gregum,
3469 1909 3520 1949 e:

304 1978 569 2047 Κρητῶν’
623 1980 1000 2047 ἀποπέφανται
1056 1982 1164 2052 γὰρ
1216 1980 1355 2033 κατὰ
1404 1981 1618 2033 πάντων
1649 1977 1801 2049 ὑμῶν
1832 1981 1860 2033 ὁ

1969 1981 2120 2036 statio
2147 1982 2351 2051 ovium)
2390 1982 2442 2034 in
2476 1982 2826 2037 solitudinem
2859 1991 3066 2037 vastam
3104 1986 3327 2055 rediget.

292 2070 430 2134 θεὸς
452 2070 561 2124 τῶν
588 2072 875 2126 οἰκούντων
895 2074 992 2144 τὴν
1008 2073 1315 2127 Χαναναίαν
1346 2072 1681 2141 ἀλλοφύλων
1711 2075 1793 2127 ὅτι
1823 2074 1962 2144 ὑμᾶς
1990 2093 2048 2127 τε
2076 2075 2327 2128 ἀπολέσει
2352 2075 2650 2138 παντελῶς,
2672 2078 2764 2129 καὶ
2790 2077 2886 2147 τὴν
2914 2078 2977 2131 ἐκ
3006 2079 3113 2132 τῶν
3141 2082 3374 2151 Κρητῶν
3394 2088 3521 2155 παρ’

294 2169 426 2235 ὑμῖν
451 2168 778 2239 οἰκουμένην
802 2168 1005 2239 χώραν,
1037 2172 1171 2241 νομή
1196 2187 1254 2222 τε
1276 2170 1535 2240 ποιμνίων
1568 2171 1661 2223 καὶ
1680 2169 1886 2241 οῐκησις
1910 2172 2193 2242 προϐάτων
2210 2211 2225 2234 ,
2270 2171 2355 2223 διὰ
2385 2172 2482 2241 τῆς
2521 2173 2755 2243 ἐρημίας
2794 2172 3099 2243 παραδώσει
3125 2170 3223 2246 τῆς
3258 2176 3478 2248 πολλῆς.

365 2282 514 2351 Στίχ.
542 2281 683 2344 ζ’.--
709 2301 726 2332 ι
766 2283 875 2335 Καὶ
905 2282 1053 2335 ἔσται
1077 2283 1136 2336 τὸ
1163 2283 1444 2352 σχοίνισμα
1468 2284 1562 2352 τῆς
1596 2281 1868 2353 θαλάσσης

288 2381 410 2441 10E;
448 2377 798 2441 καταλοίποις
830 2378 977 2429 οἴκου
1038 2377 1231 2430 Ἰούδα·
1256 2377 1340 2429 ἐπ’
1371 2378 1564 2439 αὐτοὺς
1601 2376 1865 2446 νεμήσον-

291 2487 388 2523 ται
416 2471 478 2522 ὲν
507 2473 622 2533 τοῖς
661 2470 831 2532 οἴκοις
871 2470 1226 2532 Ἀσκάλωνος,
1275 2469 1454 2538 δείλης
1509 2469 1867 2521 καταλύσουσι

293 2562 406 2614 ἀπὸ
438 2561 732 2634 προσώπου
761 2562 869 2614 τῶν
897 2562 1025 2614 υἰῶν
1066 2562 1254 2624 Ἰούδα,
1288 2563 1369 2615 ὅτι
1394 2560 1729 2614 ἐπέσκεπται
1766 2561 1864 2612 αὐ-

295 2656 424 2716 τοὺς
446 2652 653 2723 Κύριος
682 2656 710 2706 ό
740 2653 871 2715 Θεὸς
898 2653 1108 2716 αὐτῶν,
1127 2654 1220 2705 καὶ
1251 2652 1557 2722 ἀπέστρεψε
1603 2653 1700 2720 τὴν
1750 2652 1868 2720 αἰχ-

296 2748 582 2816 μαλωσίαν
614 2747 812 2801 αὐτῶν.
850 2766 869 2799 ι
904 2749 982 2816 (p.
1027 2748 1151 2817 595)
1180 2748 1241 2800 Oi
1280 2747 1385 2817 γὰρ
1427 2746 1867 2815 περισωξόμενοι,

299 2843 489 2911 φησιν,
520 2843 587 2893 ὲκ
614 2840 714 2910 τῆς
736 2839 829 2891 τοῦ
865 2839 1030 2892 Ἰούδα
1051 2839 1242 2908 φυλῆς,
1273 2838 1449 2908 πάσης
1476 2837 1539 2907 δὴ
1562 2837 1661 2905 τῆς
1690 2851 1869 2906 παρα-

298 2931 590 2983 θαλαττίου
644 2929 928 2995 καθέξουσι
981 2930 1210 2999 μερίδος,
1252 2929 1346 2981 καὶ
1385 2931 1561 2978 πᾶσαν
1605 2924 1772 2993 αὐτὴν
1798 2922 1872 2986 ὡς

2035 2284 2199 2338 Vens.
2242 2284 2295 2337 7.
2337 2314 2407 2323 —
2450 2303 2469 2335 ι
2498 2284 2563 2338 Et
2605 2285 2709 2338 erit
2759 2283 3037 2339 funiculus
3076 2287 3243 2342 maris
3301 2290 3526 2359 reliquis

1964 2377 2030 2430 de
2057 2377 2217 2430 domo
2244 2375 2397 2430 Iuda:
2430 2396 2443 2429 :
2475 2391 2639 2444 super
2668 2376 2816 2443 ipsos
2846 2386 3142 2445 pascentur
3174 2380 3226 2433 in
3259 2380 3519 2437 domibus

1963 2466 2270 2528 Ascalonis,
2303 2465 2369 2518 ad
2395 2479 2677 2534 vesperam
2709 2465 3050 2533 requiescent
3076 2482 3105 2519 a
3125 2466 3263 2520 facie
3293 2470 3522 2524 filiorum

1960 2557 2132 2618 Judze,
2154 2556 2279 2626 quia
2304 2556 2485 2611 visitat
2505 2571 2599 2609 eos
2624 2554 2884 2610 Dominus
2904 2555 3043 2612 Deus
3063 2572 3271 2622 eorum,
3298 2568 3353 2614 et
3371 2575 3526 2616 aver-

1964 2650 2030 2700 tit
2057 2648 2424 2717 captivitatem
2457 2648 2715 2715 ipsorum.
2745 2665 2763 2697 ›
2793 2645 2926 2700 Nam
2952 2648 3044 2716 qui
3071 2651 3271 2703 servati
3303 2650 3523 2714 fuerint.

1967 2740 2164 2809 inquit,
2214 2738 2280 2793 de
2302 2736 2455 2792 Iudae
2487 2738 2658 2801 tribu,
2705 2747 2870 2791 totam
2910 2740 3170 2794 tenebunt
3203 2742 3528 2799 maritimam

1966 2841 2198 2901 partem,
2230 2832 2487 2900 illamque
2519 2844 2734 2884 omnem
2784 2831 2941 2891 quasi
2980 2846 3134 2885 suam
3175 2833 3412 2888 incolent
3438 2850 3531 2890 re-

1967 2925 2179 2994 gionem
2215 2938 2388 2992 usque
2415 2923 2757 2976 Ascalonem.
2787 2920 2916 2975 Vult
2951 2934 3127 2978 autem
3156 2941 3218 2978 ex
3249 2942 3354 2979 una
3395 2943 3529 2981 cun-

297 3023 510 3076 οἰκείαν
542 3024 869 3093 νεμήσονται
906 3021 1108 3093 χώραν,
1141 3021 1278 3073 ὥστε
1312 3020 1434 3083 τοὺς
1462 3020 1562 3089 τῆς
1604 3016 1867 3070 Ἀσκάλω-

1972 3024 2088 3067 ctas
2118 3013 2544 3082 alienigenarum
2581 3013 2744 3067 urbes
2766 3012 2966 3075 dicere,
2995 3029 3147 3069 more
3174 3031 3275 3069 suo
3307 3032 3335 3069 a
3369 3026 3524 3087 parte

299 3130 411 3175 νος.
442 3080 700 3165 Βούλεται
746 3112 802 3165 δὲ
834 3080 1063 3182 ἑκημίᾶς
1096 3080 1199 3173 ⁷τόις
1244 3111 1368 3173 ὅλας
1419 3080 1867 3173 τῶννάλλοφύλων

1976 3114 2147 3159 totum
2191 3080 2538 3176 significans,
2581 3105 2837 3159 timentes
2870 3105 3104 3159 filiorum
3134 3105 3286 3162 Iudae
3319 3080 3531 3164 fortitu-

302 3205 494 3266 πόλεις
530 3206 726 3269 εἰπεῖν,
757 3203 936 3267 καθὼς
980 3203 1167 3257 εἴωθεν
1195 3203 1299 3256 ἀπὸ
1332 3204 1527 3272 μέρους
1549 3200 1608 3253 τὸ
1631 3198 1747 3252 ὅλον
1775 3215 1873 3251 και

300 3296 435 3361 λῶν,
469 3298 854 3367 ὑφορωμένους
880 3296 989 3349 τῶν
1039 3297 1169 3349 υἱῶν
1220 3295 1383 3348 Ἰούδα
1405 3296 1504 3364 τὴν
1530 3293 1701 3363 ἰσχὺν,
1736 3289 1871 3361 μετά

300 3388 501 3441 πολλοῦ
530 3388 623 3441 τοῦ
654 3389 808 3452 δέους
834 3390 945 3451 τοῖς
971 3386 1187 3449 οἰκείοις
1218 3385 1422 3455 διάγειν
1442 3401 1454 3416 ·
1480 3383 1542 3436 τὸ
1574 3383 1698 3453 γὰρ,
1720 3401 1738 3433 ι
1763 3379 1871 3434 δεί-

296 3480 402 3550 ,λης
462 3479 865 3539 καταλύσουσι,
904 3499 922 3530 ι
975 3479 1132 3532 τοῦτο
1178 3478 1344 3543 λέγει.
1393 3474 1609 3544 Ἐπειδὴ
1655 3472 1762 3543 γάρ
1811 3470 1872 3524 τὸ

306 3592 329 3624 ι
371 3572 721 3643 μεσημϐρίας
745 3592 763 3623 ι
796 3572 1015 3642 εἴληφεν
1044 3573 1134 3624 ἐπὶ
1166 3571 1256 3623 τοῦ
1290 3565 1598 3639 προφανῶς,
1627 3565 1688 3616 τὸ
1722 3582 1740 3614 ι
1766 3562 1872 3617 δεί-

301 3661 403 3733 λης
450 3682 472 3714 ι
503 3663 693 3715 ἔλαϐεν
737 3663 828 3714 ἐπὶ
862 3662 956 3715 τοῦ
1003 3662 1183 3724 δέους’
1218 3661 1291 3723 ὡς
1346 3658 1453 3711 τῶν
1500 3654 1864 3709 λανθανόντων

302 3754 620 3822 φευγόντων
646 3755 743 3823 μὲν
771 3754 857 3805 τὸν
879 3754 1133 3823 ἡμερινὸν
1161 3752 1369 3823 καιρὸν,
1406 3749 1497 3802 ἐπὶ
1527 3749 1583 3801 δὲ
1600 3747 1689 3800 τὸν
1710 3742 1868 3797 ἑσπέ-

303 3860 422 3913 ριςν
443 3843 798 3914 κατατρέχειν
827 3843 1087 3895 είωθότων
1116 3843 1287 3895 ἑλπίδι
1321 3839 1412 3894 τοῦ
1450 3838 1650 3892 λαθεῖν.
1683 3834 1868 3888 Ταῦτα

1969 3196 2173 3259 dinem,
2206 3197 2378 3251 multo
2404 3210 2529 3249 cum
2563 3211 2764 3265 pavore
2785 3197 2837 3249 in
2864 3198 3085 3267 proprio
3114 3199 3230 3252 solo
3251 3200 3527 3268 degentes.

1969 3288 2103 3341 Nam
2156 3287 2345 3347 dictio,
2377 3306 2396 3338 ι
2428 3287 2507 3341 Ad
2552 3303 2834 3357 vesperam
2888 3289 3280 3356 requiescant,»
3322 3293 3423 3346 hoc
3462 3296 3535 3347 si-

1970 3376 2381 3449 gnificat.Sicu|
2415 3380 2560 3433 enim
2615 3398 2633 3429 ι
2662 3379 2890 3435 meridie
2914 3399 2934 3433 ι
2980 3397 3079 3450 pro
3119 3383 3424 3446 manifeste,
3460 3386 3532 3438 ita

1978 3482 1996 3515 ι
2020 3468 2296 3536 vesperam
2318 3485 2335 3516 ι
2356 3481 2453 3534 pro
2470 3465 2869 3536 timorezquasi
2899 3471 2934 3524 ii
2968 3474 3061 3541 qui
3104 3474 3274 3529 latere
3312 3478 3535 3530 student

1978 3556 2236 3611 diurnum
2267 3568 2478 3627 tempus
2530 3560 2721 3620 vitent,
2750 3561 3059 3628 vespertino
3095 3573 3271 3617 autem
3322 3564 3535 3620 discur‘

1976 3662 2096 3701 rere
2126 3647 2356 3711 soleant,
2389 3648 2631 3700 latitandi
2663 3664 2776 3717 spe.
2804 3648 2947 3712 llaec,
2993 3651 3187 3720 inquit,
3219 3662 3377 3705 erunt
3409 3671 3533 3708 cum

1977 3739 2120 3794 Deus
2148 3737 2301 3793 Judae
2330 3738 2532 3791 tribum
2556 3739 2784 3793 visitans
2803 3748 3011 3795 avertet
3037 3756 3132 3797 eos
3157 3757 3188 3796 a
3220 3746 3534 3813 captivitate

1975 3838 2137 3897 atque
2164 3831 2217 3881 in
2251 3827 2482 3897 patriam
2507 3844 2699 3883 rursus
2731 3830 2937 3884 auxilio
2972 3847 3073 3887 suo
3098 3835 3373 3889 restituet.

302 3936 380 4001 δι,
417 3936 603 4006 φησὶν,
643 3935 813 3999 ἔσται,
852 3934 1066 3987 ὲπειδάν
1112 3931 1543 4003 ἐπισκεψάμενος
1582 3930 1611 3982 ὁ
1660 3926 1791 3989 Θεὸς
1853 3924 1975 3984 τοὺς
2008 3921 2104 3991 τῆς
2139 3919 2308 3973 Ἰούδα
2337 3919 2507 3989 φυλῆς
2530 3918 2886 3983 ἀπαλλάξειέν
2906 3938 2966 3974 τε
2995 3922 3191 3987 αὐτοὺς
3214 3926 3310 3996 τῆς
3338 3927 3538 3999 αἰχμα-

302 4029 528 4092 λωσίας,
555 4028 651 4080 καὶ
679 4025 814 4097 πρὸς
846 4027 913 4078 τά
930 4028 1105 4079 οἰκεῖα
1129 4026 1286 4079 πάλιν
1319 4023 1455 4094 μετά
1478 4023 1575 4091 τῆς
1608 4020 1741 4081 ἰδίας
1780 4014 2109 4081 ὲπαναγάγοι
2136 4010 2417 4083 βοηθείας,

379 4141 530 4209 Στίχ.
570 4146 704 4211 η’-ι’.
738 4170 809 4181 —
840 4135 973 4193 Εἶτα
1004 4137 1113 4192 ἀπδ
1160 4138 1267 4191 τῶν
1298 4134 1607 4204 ἀλλοφύλων
1637 4134 1719 4201 ἐφ’
1763 4130 1877 4185 ἐτέ-

306 4250 437 4301 ρους
509 4233 762 4303 μετάγων
813 4232 903 4284 τὸν
955 4231 1132 4299 λόγον,
1192 4248 1210 4280 ι
1254 4230 1498 4281 Ἤκουσα
1546 4225 1877 4294 ὀνειδισμοὺς

307 4323 501 4386 Μωάϐ,
535 4325 630 4375 καὶ
665 4322 1046 4392 κονδυλισμοῦς
1076 4320 1204 4373 υἱῶν
1250 4318 1474 4390 Ἀμμὼν
1519 4319 1574 4369 ἐν
1606 4312 1686 4379 οἷς
1723 4314 1879 4368 ὠνεί-

306 4415 457 4478 διζον
506 4414 597 4465 τον
627 4412 752 4464 λαόν
786 4429 909 4483 μου,
948 4413 1039 4465 καὶ
1068 4410 1460 4481 ἐμεγαλύνοντο
1500 4407 1592 4459 ἐπὶ
1638 4406 1706 4458 τά
1753 4406 1877 4475 ὅρια

2047 4124 2207 4182 Vens.
2251 4125 2404 4180 8-10.
2443 4154 2514 4165 -—
2552 4125 2755 4181 Deinde
2796 4125 2868 4182 ab
2908 4127 3226 4197 alienigenis
3275 4130 3339 4183 ad
3396 4132 3533 4186 alios

1975 4232 2282 4273 sormonem
2333 4216 2713 4283 transferens,
2777 4219 2902 4272 ait:
2945 4219 3185 4274 «Audivi
3244 4225 3535 4290 Opprehria

1975 4310 2151 4375 Moab,
2180 4319 2234 4365 et
2267 4312 2629 4366 contumelias
2661 4310 2894 4365 filiorum
2922 4311 3173 4375 Ammon,
3218 4316 3419 4382 quibus
3450 4331 3540 4369 ex-

1976 4402 2308 4473 probrabant
2334 4403 2539 4472 populo
2575 4417 2717 4469 meo,
2767 4410 2820 4457 et
2855 4404 3343 4473 magnificahantur
3375 4420 3543 4477 super

305 4507 477 4561 αίιτοῦ
498 4542 511 4555 .
538 4505 641 4559 Διὰ
657 4502 812 4558 τοῦτο
850 4504 926 4569 ζῶ
954 4504 1084 4573 ἐγὼ,
1114 4504 1260 4572 λέγει
1318 4502 1520 4572 Κύριος
1570 4499 1679 4552 τῶν
1712 4497 1867 4550 δυνά-

1978 4498 2237 4549 terminos
2263 4495 2403 4562 ejus.
2452 4494 2765 4564 Propterea.
2790 4495 2915 4549 vivo
2944 4510 3066 4564 ego,
3099 4496 3231 4550 dicit
3257 4496 3537 4563 Dominus,

309 4613 460 4664 μεων
489 4598 519 4648 ό
543 4596 673 4657 Θεηις
699 4594 934 4666 Ἰσραὴλ,
959 4596 1039 4647 ὅτι
1065 4593 1234 4647 Mde
1254 4592 1329 4655 ὡς
1351 4592 1554 4660 Σόδομα
1584 4589 1733 4641 ἔσται
1750 4627 1763 4650 ,
1789 4589 1881 4640 καὶ

310 4687 421 4738 υἱοὶ
462 4686 687 4756 ’Δμμὼν
711 4686 783 4748 ὡς
819 4686 1085 4757 Γόμορρα.
1118 4705 1136 4736 ι
1163 4684 1273 4736 Καὶ
1297 4683 1364 4736 τά
1403 4683 1550 4751 παρά
1575 4679 1879 4735 Μωαϐιτῶν

306 4781 407 4832 καὶ
456 4778 805 4848 ’Ᾱμμανιτῶν
856 4780 934 4839 είς
980 4780 1104 4839 τοὺς
1155 4777 1319 4847 ἐμοὺς
1373 4774 1631 4843 γινόμενα
1669 4771 1876 4842 ἑώρων,

308 4872 387 4940 (p.
414 4870 542 4939 596)
585 4870 678 4921 ἆτε
705 4869 887 4936 ἔλεγον
933 4869 1112 4929 αὐτοῖς
1145 4866 1486 4929 ὀνειδίζοντες
1522 4863 1597 4924 ὼς
1643 4861 1793 4914 οὐδὲν
1817 4861 1879 4910 ὲκ

308 4964 409 5033 τῆς
437 4963 577 5032 ἐμῆς
593 4960 988 5031 ὠφελουμένοις
1012 4958 1323 5029 θεραπείας,
1339 4957 1437 5009 ὅσα
1462 4972 1520 5007 τε
1542 4952 1723 5014 αὐτοῖς
1740 4950 1879 5004 κατὰ

304 5055 409 5123 τὴν
431 5054 657 5122 δύναμιν
685 5052 782 5123 τὴν
801 5052 1005 5104 οἰκείαν
1034 5050 1237 5119 ἐπῆγον
1261 5048 1409 5101 κακά
1433 5065 1446 5078 ·
1467 5046 1606 5098 ὥστε
1637 5044 1730 5095 καὶ
1765 5041 1879 5111 μεθ’

308 5144 721 5214 ὑπερϐαλούσης
739 5144 836 5212 τῆς
857 5141 1224 5213 μεγαλαυχίας
1239 5139 1345 5191 τῶν
1361 5137 1521 5208 ὁρίων
1549 5133 1752 5202 ὲφάπτε
1762 5131 1882 5183 σθαι

304 5236 417 5287 τῶν
436 5237 599 5303 ἐμῶν
620 5236 695 5297 ὼς
726 5237 789 5287 ἂν
809 5236 988 5295 αὐτοῖς
1014 5235 1304 5302 προσήκειν
1329 5229 1645 5298 ὀφειλόντων
1669 5224 1850 5276 λοιπόν
1869 5239 1882 5252 ⁸

308 5329 453 5396 ὑπὲρ
486 5320 558 5379 ὧν
595 5328 659 5396 δὴ
687 5327 933 5395 Σοδόμων
987 5343 1046 5377 τε
1080 5326 1172 5377 καὶ
1196 5323 1499 5393 Γομόρρων
1549 5320 1874 5389 μιμήσονται

308 5419 412 5488 τὴν
445 5418 696 5487 ἐρημίαν.
738 5437 756 5470 ι
794 5420 903 5472 Καὶ
933 5418 1218 5489 Δαμασκὸς
1254 5412 1644 5484 ἐκλελειμμένη
1680 5410 1755 5473 ὡς
1781 5408 1876 5479 θη·

316 5507 495 5578 μωνιά
525 5508 723 5573 ἅλωνος
745 5511 837 5563 καὶ
869 5508 1210 5580 ἠφανισμένη
1241 5509 1319 5572 είς
1347 5507 1438 5561 τὸν
1464 5506 1633 5559 αἰῶνα
1653 5522 1664 5534 ’
1703 5503 1796 5556 καὶ
1827 5505 1875 5555 οἱ

386 5737 431 5771 ⁸⁸
467 5740 652 5803 Amos,
689 5752 724 5802 ι,
751 5735 802 5792 ὅ.

1976 4589 2102 4656 quia
2136 4586 2292 4639 Moab
2328 4588 2469 4641 sicut
2500 4587 2735 4641 Sodoma
2764 4588 2885 4650 erit,
2908 4597 2960 4640 et
2993 4587 3081 4640 filii
3120 4588 3349 4644 Ammon
3383 4593 3541 4660 quasi

1977 4678 2299 4732 Gomorrlia.
2331 4697 2347 4728 ι
2380 4677 2734 4731 Moabitat‘um
2770 4692 2987 4747 quoque
3014 4686 3066 4732 cl
3098 4682 3537 4736 Ammanitarum

1976 4770 2238 4824 adversus
2274 4784 2422 4823 meos
2453 4768 2705 4823 videbam
2740 4768 3005 4830 facinora,
3042 4780 3094 4822 et
3124 4772 3269 4840 quod
3299 4773 3378 4826 eis
3410 4786 3541 4826 con-

1976 4861 2244 4914 viriantes
2302 4860 2573 4925 dicerent,
2623 4859 2831 4914 nullum
2866 4860 3029 4931 260
3062 4861 3127 4916 iis
3177 4860 3292 4914 fore
3334 4860 3541 4915 emolu-

1977 4958 2218 5006 mentum
2255 4950 2434 5005 cultus
2463 4951 2597 5015 mei;
2642 4958 2844 5020 quanta
2872 4951 3103 5019 denique
3156 4951 3292 5003 mala
3335 4950 3542 5005 viribus

1979 5052 2096 5097 suis
2128 5043 2445 5097 intulerunt.
2493 5043 2668 5111 Atque
2713 5043 2786 5094 ita
2823 5040 3165 5112 gioriabundi
3210 5040 3344 5095 fines
3392 5055 3543 5096 meos

1981 5138 2320 5195 invaserunt,
2353 5149 2454 5188 ceu
2481 5133 2697 5189 futuros
2721 5135 2772 5187 in
2802 5142 3075 5202 posterum
3107 5132 3249 5198 juris
3278 5132 3539 5201 ipsormn.

1982 5225 2349 5291 Quamobrem
2409 5222 2766 5279 Sodomorum
2817 5232 2979 5290 atque
3029 5220 3347 5278 Gomorrhre
3385 5242 3547 5296 expc-

1985 5319 2193 5373 rientur
2228 5318 2557 5373 vastitatem.
2593 5336 2612 5368 ι
2644 5316 2706 5369 Et
2751 5315 3049 5368 Damascus
3098 5314 3357 5371 derelicta
3405 5320 3550 5374 sicut

1986 5424 2212 5463 acervus
2264 5423 2426 5474 areae,
2482 5422 2544 5459 ac
2580 5406 2845 5474 dissipata
2894 5406 2951 5458 in
3010 5414 3296 5462 aeternum.
3361 5408 3424 5462 Et
3454 5414 3545 5479 qui

1985 5502 2174 5571 reliqui
2211 5500 2410 5556 fuerint
2443 5500 2507 5555 de
2536 5499 2732 5569 populo
2767 5513 2888 5554 meo
2914 5498 3175 5572 diripient
3216 5516 3332 5567 eos,
3371 5510 3425 5555 et
3462 5518 3550 5557 re-
