3992 6232
532 328 636 383 463

1737 318 2082 376 THEODORI
2115 313 2593 371 MOPSUESTENI

3637 322 3728 379 465

532 440 673 499 sidui
740 439 914 508 gentis
968 452 1099 492 mea:
1152 438 1506 508 possidebunt
1561 453 1677 493 eos.
1721 460 1737 489 ι
1790 437 2085 493 Damascus

2198 435 2508 489 κατάλοιποι
2534 433 2662 488 λαοῦ
2694 451 2794 504 μου
2825 433 3158 505 διαρπῶνται
3185 434 3399 497 αὐτοὺς,
3440 436 3530 488 καὶ
3559 436 3606 489 οί
3641 457 3730 493 κα-

530 534 714 594 etiam,
747 531 942 599 inquit,
994 531 1151 600 quasi
1204 546 1431 586 acervus
1467 531 1519 584 in
1570 546 1692 585 area
1729 532 2001 586 contritus
2040 539 2096 586 et

532 624 891 679 conculcatus
936 622 1271 685 destruetur,
1328 632 1493 692 atque
1554 622 1811 693 ignobilis
1861 621 1971 687 ﬁet,
2029 638 2096 676 ex

532 723 745 768 tumore
781 714 1020 766 maximo
1058 714 1336 782 multaque
1385 713 1639 782 superbia
1691 713 1744 765 in
1796 714 1956 766 imam
2006 713 2098 767 de-

535 816 706 861 tracta
732 805 1090 858 humilitatem
1126 824 1137 856 :
1172 805 1244 857 ita
1280 813 1339 858 ut
1374 806 1466 874 qui
1495 806 1689 873 reliqui
1713 805 1780 859 dc
1812 805 1947 859 meis
1984 804 2097 858 fue-

534 901 666 962 rint,
722 898 1067 967 reditumque
1110 897 1307 960 sortiti,
1364 906 1597 951 cunctos
1652 898 1761 953 sint
1807 898 2093 967 direpturi,

533 1003 588 1043 et
620 990 823 1044 alienas
873 1003 1002 1058 opes
1051 1004 1147 1056 pro
1179 988 1293 1041 suis
1334 987 1663 1056 possessuri.
1719 1006 1735 1037 ι
1768 988 1893 1040 Ilaec
1938 995 2097 1040 erunt

532 1085 613 1137 eis
662 1096 760 1151 pro
818 1080 1147 1134 contumelia
1196 1094 1314 1139 sua,
1366 1079 1491 1148 quia
1534 1079 1825 1132 conviciati
1876 1086 2001 1132 sunt
2044 1088 2098 1131 et

536 1169 863 1241 magnificati
897 1176 1025 1223 sunt
1083 1184 1245 1235 super
1299 1168 1552 1235 populum
1598 1167 1809 1220 Domini
1843 1166 2094 1235 omnipo—

533 1264 762 1319 tentis.)
792 1260 935 1324 "me,
988 1262 1182 1329 inquit,
1220 1259 1494 1329 patientur
1550 1268 1769 1328 propter
1817 1275 1969 1313 suam
2013 1259 2100 1312 ad-

534 1370 725 1408 versus
783 1351 951 1406 Deum
1014 1352 1317 1413 audaciam,
1366 1359 1418 1403 et
1472 1360 1694 1421 propter
1741 1352 2097 1405 contumelias

531 1446 730 1517 quibus
780 1444 910 1497 mibi
967 1443 1276 1512 populoque
1312 1456 1431 1494 meo
1484 1442 1774 1495 conviciati
1824 1450 1971 1503 sunt,
2022 1442 2100 1493 in-

533 1539 796 1593 sultantes
851 1538 898 1590 ei
944 1536 1154 1588 scilicet
1202 1543 1458 1600 tauquam
1496 1534 1751 1587 extremis
1796 1534 1951 1586 malis
2002 1533 2097 1586 de-

531 1645 731 1686 merso.

602 1807 767 1862 Vens.
792 1808 875 1871 ll,
904 1807 990 1860 12.
1030 1832 1100 1847 -
1142 1824 1159 1856 ι
1188 1806 1759 1875 ApparebitDominus
1786 1820 1949 1874 super
1978 1820 2092 1869 eos,

533 1908 587 1953 et
617 1899 895 1968 disperdet
929 1913 1120 1952 omnes
1170 1898 1300 1952 deos
1332 1897 1571 1968 gentium
1608 1906 1789 1961 terrae,
1822 1896 1879 1951 et
1904 1895 2099 1951 adora-

538 1991 669 2044 bunt
695 2006 815 2046 eum
849 1990 1048 2060 singuli
1076 1990 1142 2044 de
1183 1990 1301 2043 loco
1330 2004 1452 2054 suo,
1499 1999 1708 2044 cuncta:
1742 1989 1935 2043 insula:
1968 2003 2099 2057 gen-

535 2084 693 2136 tium.
722 2100 742 2133 ι
778 2082 1047 2140 lUustrem
1106 2082 1269 2136 faciet
1315 2082 1577 2137 ultionem
1612 2098 1767 2137 suam
1802 2081 1965 2147 Deus,
2024 2084 2098 2135 ita

535 2183 594 2227 ut
623 2174 951 2245 alienigenas
980 2188 1170 2229 omnes
1194 2189 1318 2227 cum
1353 2174 1517 2230 cultis
1548 2175 1614 2229 ab
1646 2175 1726 2229 eis
1757 2175 1862 2229 diis
1895 2174 2101 2245 disper-

532 2268 624 2321 dat
659 2283 672 2319 :
707 2281 814 2335 quo
842 2265 931 2320 fiet
972 2272 1031 2318 ut
1083 2265 1280 2336 reliqui
1345 2280 1536 2319 omnes
1568 2266 1770 2335 ubique
1828 2267 2097 2329 homines,

532 2361 588 2413 in
657 2358 883 2411 urbibus
941 2356 1270 2425 insulisque,
1324 2354 1416 2410 Dei
1465 2356 1809 2411 facinoribus
1858 2356 2098 2422 attoniti,

531 2465 821 2506 commune
853 2449 927 2502 illi
963 2448 1281 2519 obsequium
1318 2448 1629 2513 exhibeant,
1658 2450 1710 2501 iu
1745 2465 1842 2503 sua
1869 2450 2101 2517 quisque

534 2540 765 2596 statione
794 2554 1067 2593 summam
1092 2538 1241 2592 illius
1282 2538 1578 2605 potentiam
1614 2538 1954 2592 conﬁtentes.
1995 2558 2012 2589 ι
2037 2537 2103 2590 Ει

535 2645 663 2691 vos,
685 2625 989 2700 Ethiopes,
1016 2631 1481 2704 vulneratigladio
1503 2650 1646 2691 meo.
1677 2650 1694 2682 ι
1732 2628 1842 2684 V08
1873 2645 2101 2699 quoque

533 2720 712 2790 gladio
740 2737 768 2773 a
804 2721 940 2775 meis
976 2720 1301 2789 puniemini,
1335 2728 1557 2790 propter
1591 2736 1654 2774 ea
1685 2736 1805 2790 qua:
1836 2722 2099 2775 adversus

533 2815 634 2867 hos
658 2812 947 2882 peccastis.
967 2811 1254 2880 [EthiOpcs
1267 2820 1445 2866 autem
1470 2828 1615 2866 nunc
1637 2813 1798 2867 etiam
1824 2814 1955 2867 dicit
1979 2814 2099 2867 illos

531 2900 766 2973 Aigypto
802 2901 1083 2956 finitimos.
1117 2900 1208 2954 Sic
1232 2911 1414 2954 autem
1444 2901 1682 2971 loquitur
1725 2903 1941 2955 beatum
1974 2902 2098 2955 imi-

2189 526 2431 579 τάλοιποι
2462 525 2644 589 ἔθνους
2676 543 2776 596 μου
2815 524 3311 595 κληρονομήσουσιν
3340 524 3549 589 αὐτούς.
3585 545 3604 579 ι
3636 529 3733 583 Καὶ

2190 620 2222 688 ή
2248 618 2535 688 Δαμασκὸς
2563 618 2638 682 δὲ,
2671 620 2853 688 φησὶν,
2878 618 2952 682 ὡς
2988 618 3052 671 ἂν
3087 617 3337 688 θημωνιὰ
3355 618 3411 669 ἐν
3434 617 3593 672 sum
3625 638 3731 674 συν·

2190 711 2436 782 τριϐεῖσα
2478 711 2832 781 ἀφανισθείη,
2887 711 3059 774 οὔτως
3106 711 3320 780 ἀφανὴς
3367 712 3644 781 γενήσεται
3686 712 3734 776 ἐξ

2193 803 2355 872 ὄγκου
2387 805 2643 874 μεγίστου
2678 804 2769 857 καὶ
2812 803 3184 874 ὑπερηφανίας
3229 802 3427 873 πολλῆς
3459 804 3537 865 εἰς
3564 820 3733 856 tamt-

2192 897 2388 965 νὸτητα
2434 895 2764 964 καταχθεῖσα
2795 896 3085 965 μεγίστην·
3119 894 3258 947 ὥστε
3287 896 3410 957 τοὺς
3455 895 3735 964 ὑπολιμπά-

2192 985 2445 1055 νομένους
2470 984 2578 1037 τῶν
2620 985 2767 1054 ἐμῶν
2797 984 2889 1037 καὶ⁸
2936 984 3037 1055 τῆς
3077 983 3332 1036 ἐπανόδου
3384 984 3663 1053 τυχόντας,
3689 986 3736 1035 ἐν

2191 1076 2466 1146 διαρπαγῇ
2509 1093 2567 1127 τε
2624 1074 2946 1145 ποιήσασθαι
2982 1076 3185 1137 πάντας
3228 1074 3422 1136 αὐτοὺς
3453 1074 3541 1126 καλ⁵
3569 1074 3737 1143 κτῆσιν

2197 1166 2329 1219 ίδίαν
2385 1170 2533 1236 σχεῖν
2587 1168 2653 1219 τὰ
2709 1167 2949 1220 ἐκείνων.
3000 1184 3018 1215 ι
3075 1166 3221 1235 Αὐτὴ
3275 1166 3458 1227 αὐτοῖς
3506 1165 3619 1217 ἀντὶ
3655 1165 3739 1232 τῆς

2195 1256 2404 1327 ὕϐρεως
2453 1257 2650 1315 αὐτῶν,
2699 1257 2831 1309 διότι
2873 1257 3154 1311 ὡνείδισαν
3199 1257 3293 1309 καὶ
3319 1255 3738 1326 ἐμεγαλύνθησαν

2195 1349 2286 1400 ἐπὶ
2326 1348 2415 1401 τὸν
2449 1348 2573 1400 λαὸν
2606 1349 2805 1419 Κυρίου
2858 1348 3312 1419 παντοκράτορος.
3365 1368 3382 1399 ι
3421 1347 3601 1399 Ταῦτα
3627 1346 3738 1416 γὰρ,

2196 1440 2347 1506 φησὶ,
2380 1440 2657 1491 πείσονται
2709 1440 2848 1510 ὺπέρ
2892 1432 2966 1492 ῶν
3011 1440 3312 1511 ἐτόλμησαν
3352 1442 3430 1503 εἰς
3465 1440 3626 1506 Θεὸν,
3661 1443 3741 1491 καί

2194 1532 2497 1601 ἐξυϐρίζειν
2530 1531 2878 1595 ὀνειδίζοντες
2913 1536 3023 1595 τοῖς
3057 1535 3210 1603 ἐμοῖς
3235 1534 3321 1585 ἐπ’
3354 1534 3477 1602 ἐμοὶ
3507 1550 3743 1585 κατεπαι·

2129 1657 2168 1708 Β
2200 1625 2415 1695 ρόμενοι
2466 1623 2640 1675 αὐτῶν
2693 1622 2768 1684 ὡς
2820 1620 2884 1674 ἂν
2918 1624 2973 1675 ἐν
3033 1626 3337 1693 συμφοραῖς
3387 1623 3555 1676 όντων
3601 1622 3743 1693 ἐσχά-

2199 1732 2337 1778 ταις.

2270 1805 2415 1873 Στίχ.
2451 1810 2537 1866 ια’,
2577 1802 2656 1871 ιβ’.
2692 1832 2759 1841 -—
2793 1821 2811 1852 ι
2836 1801 3129 1873 Ἐπιφανὴς
3158 1803 3308 1855 ἐσται
3338 1802 3542 1873 Κύριος
3569 1802 3650 1855 ἐπ’
3669 1803 3746 1855 αὖ·

2197 1896 2342 1959 τοὺς,
2362 1895 2454 1947 καὶ
2489 1894 2853 1965 ἐξολοθρεύσει
2879 1893 3083 1956 πάντας
3112 1894 3238 1957 τοὺς
3271 1894 3437 1958 Θεους
3460 1893 3569 1948 τῶν
3595 1894 3745 1947 ἐθνῶν

2197 1992 2295 2060 τῆς
2327 1991 2446 2059 γῆς’
2488 1989 2563 2059 (ρ.
2591 1989 2715 2059 597)
2747 1990 2839 2041 καὶ
2867 1990 3328 2061 προσκυνήσουσιν
3358 1986 3507 2058 αὐτῷ
3542 1987 3746 2049 ἕκαστος

2199 2085 2262 2136 ἐκ
2288 2084 2451 2136 τόπου
2485 2083 2648 2136 αὑτοῦ
2688 2085 2857 2137 πᾶσαι
2901 2086 2957 2136 αἱ
3004 2084 3154 2154 νῆσοι
3185 2082 3301 2153 τῶν⁸
3324 2082 3515 2135 ἐθνῶν.
3554 2102 3571 2133 ι
3600 2083 3746 2151 Περι-

2201 2176 2342 2246 φανῆ
2367 2176 2547 2228 τοίνυν
2582 2178 2864 2247 ποιήσεται
2912 2177 3011 2247 τὴν
3048 2176 3254 2229 οἰκείαν
3292 2175 3584 2228 ἐκδικίανό
3612 2175 3743 2236 Θεὸς,

2198 2268 2339 2321 ὥστε
2374 2268 2578 2330 πάντας
2613 2270 2738 2331 τοὺς
2758 2266 3069 2330 ἀλλοτρίους
3105 2267 3239 2336 μετὰ
3281 2266 3387 2319 τῶν
3428 2266 3561 2336 παρ’
3589 2265 3747 2327 αὐτοῖς

2200 2362 2646 2433 θρησκευομένων
2706 2360 2965 2413 ἀπολέσαι
3026 2359 3193 2411 θεῶν’
3255 2358 3506 2420 ἅπαντάς
3548 2376 3603 2411 τε
3638 2357 3747 2419 τοὺς

2202 2452 2476 2523 πανταχοῦ
2504 2453 2685 2505 λοιπὸν
2719 2449 3057 2522 ἀνθρώπους,
3095 2451 3148 2503 εί
3170 2467 3229 2502 τε
3267 2452 3323 2502 ἐν
3370 2450 3589 2502 πόλεσιν
3630 2448 3749 2502 εἴτε

2200 2549 2256 2598 ἐν
2284 2547 2485 2614 νήσοις,
2513 2544 2710 2615 πολλὴν
2739 2545 2830 2596 ἐπὶ
2857 2547 2966 2607 τοῖς
2993 2542 3143 2614 παρὰ
3168 2540 3261 2594 τοῦ
3292 2540 3424 2594 Θεοῦ
3466 2540 3750 2611 γινομένοις

2198 2638 2296 2707 τὴν
2325 2634 2582 2707 ἔκπληξιν
2609 2635 2890 2698 λαϐόντας,
2927 2636 3109 2704 κοινὴν
3139 2631 3289 2702 αὐτῷ
3334 2636 3429 2703 τὴν
3459 2632 3749 2703 προσκύνη-

2202 2743 2283 2779 σιν
2333 2725 2657 2786 ἀποδιδόναι,
2686 2727 2741 2776 ἐν
2774 2726 2886 2785 τοῖς
2923 2722 3069 2784 ἰδίοις
3097 2720 3326 2773 ἑκάστου
3373 2720 3563 2783 τόποις
3592 2716 3753 2789 ὁμολο-

2199 2817 2420 2885 γοῦντος
2466 2817 2563 2886 τῆς
2618 2815 2899 2884 δυνάμεως
2930 2812 3095 2865 αὐτοῦ
3122 2812 3220 2882 τὴν
3254 2810 3581 2881 ὑπερϐολήν.
3608 2829 3624 2860 ι
3658 2807 3751 2861 Kal

2200 2910 2375 2978 ὑμεῖς,
2405 2907 2676 2971 Αἰθίοπες,
2716 2905 3049 2976 τραυματίαι
3092 2904 3363 2975 ῥομφαίας
3411 2919 3518 2972 μου
3566 2900 3696 2954 ἐστέ.
3732 2918 3747 2948 ›

533 3003 657 3045 tans
689 2990 1004 3060 prophetam
1039 2989 1322 3053 Amosum,
1342 2991 1433 3060 qui
1457 2989 1584 3044 dum
1616 2989 1830 3045 lsraelis
1862 3007 1961 3046 nec
1990 3008 2096 3045 non

2201 2998 2310 3051 Καὶ
2330 2998 2480 3050 αὐτοὶ
2504 2996 2558 3050 δέ
2582 2996 2723 3065 ξίφει
2759 2995 2869 3064 (55)
2906 2994 2996 3047 διὰ
3021 2994 3126 3047 τῶν
3153 2993 3298 3064 ἐμῶν
3325 2987 3750 3063 τιμωρηθήσεσθε

536 3081 872 3136 Hierusalem
908 3081 1122 3135 futuros
1144 3095 1306 3135 casus
1330 3082 1543 3144 recitat,
1561 3082 1805 3135 meminit
1845 3082 2001 3152 261
2028 3084 2102 3137 si-

533 3174 644 3228 mul
665 3175 1111 3243 alienigenarum,
1137 3175 1316 3243 qualia
1332 3174 1542 3229 scilicet
1563 3174 1776 3244 passuri
1794 3175 1904 3229 sint
1919 3175 2106 3229 Dama-

533 3266 704 3326 sccui,
724 3265 897 3335 Tyrii,
937 3264 1179 3327 ldumaai,
1202 3265 1546 3328 Ammanitze,
1591 3266 1882 3336 exterique
1911 3282 2102 3322 omnes

532 3375 764 3428 quorum
796 3358 926 3412 facit
954 3359 1300 3412 mentionem.
1336 3356 1538 3413 Eodem
1590 3359 1755 3428 igitur
1787 3360 1947 3413 modo
1981 3360 2106 3413 bea-

534 3459 622 3506 tus
650 3451 958 3521 Sopbonias
988 3459 1276 3519 postquam
1306 3462 1566 3505 eventura
1608 3451 1729 3504 urbi
1751 3451 2095 3506 Hierusalem

536 3561 565 3597 ιι
598 3543 909 3614 Babyloniis
939 3544 1078 3596 mala
1114 3543 1381 3611 pnedixit,
1437 3551 1702 3597 memorat
1740 3544 1903 3597 etiam
1936 3552 2099 3614 quot-

535 3646 672 3708 quot
723 3636 811 3690 bis
840 3637 907 3688 ab
956 3634 1082 3688 aliis
1122 3635 1373 3705 gentibus
1419 3634 1600 3690 clades
1640 3643 1797 3689 crant
1830 3651 1924 3704 per
1959 3636 2096 3689 illud

533 3738 748 3799 tempus
784 3736 1214 3795 superventurze.
1243 3725 1586 3795 Quapropter
1624 3734 1748 3796 post
1781 3738 1908 3782 ante
1950 3727 2096 3782 dicta

533 3820 1123 3873 scrmonemtransfert
1156 3817 1224 3871 ad
1254 3818 1508 3888 Assyrios
1557 3827 1612 3873 et
1658 3816 1915 3883 Niniven,
1966 3819 2096 3888 quia

532 3909 788 3965 nimirum
821 3917 950 3961 tunc
979 3907 1257 3979 Babylonii
1274 3908 1621 3979 Assyriorum
1639 3908 1926 3978 imperium
1958 3909 2100 3963 dele-

531 4004 745 4058 verunt,
802 3996 948 4065 rcgia
1001 3996 1245 4065 ipsorum
1296 3997 1429 4051 urbe
1482 3995 1674 4051 Ninive
1732 3998 1994 4052 subversa
2044 4005 2098 4052 et

533 4090 773 4146 vastitati
801 4089 1128 4145 omnimoda:
1156 4089 1373 4143 tradita.
1413 4088 1566 4143 Unde
1593 4089 1745 4143 addit
1777 4109 1790 4144 :

2201 3091 2340 3160 ὑπὲρ
2374 3083 2448 3141 ὧν
2483 3087 2983 3158 πεπλημμελήκατε
3025 3089 3103 3149 εἰς
3138 3085 3334 3147 αὐτούς
3369 3100 3382 3113 ·
3425 3084 3679 3145 Αἰθίοπας
3705 3080 3753 3133 δὲ

2202 3182 2294 3235 καὶ
2321 3180 2414 3233 νῦν
2436 3181 2560 3242 τοὺς
2587 3180 2981 3249 πλησιάζοντας
3010 3178 3267 3248 Αἰγύπτῳ
3290 3178 3454 3245 λέγει.
3475 3175 3641 3230 Ταυτὶ
3667 3173 3752 3244 μὲν

2202 3268 2292 3325 οὖν
2327 3271 2447 3325 καθ’
2477 3271 2767 3341 ὁμοιότητα
2820 3270 2911 3323 τοῦ
2958 3271 3222 3341 μακαρίου
3269 3268 3449 3339 Ἀμὼς
3494 3266 3588 3321 τοῦ
3638 3281 3755 3335 προ-

2204 3366 2374 3435 φήτου
2409 3364 2594 3434 φησὶν,
2623 3364 2680 3423 ὃς
2707 3363 2776 3415 τά
2798 3379 2856 3415 τε
2898 3362 2975 3433 τῷ
3017 3361 3249 3433 Ἰσραὴλ,
3272 3363 3341 3414 τά
3372 3378 3432 3414 τε
3466 3364 3537 3431 τῇ
3582 3360 3754 3429 Ἰερου-

2200 3456 2382 3526 σαλὴμ
2411 3453 2799 3525 συμϐησόμενα
2828 3454 3022 3521 λέγων,
3055 3454 3328 3523 μέμνηται
3359 3452 3454 3504 καὶ
3495 3450 3604 3503 τῶν
3629 3447 3756 3502 ἀλλο-

2195 3548 2361 3619 τρίων
2409 3548 2582 3601 ὁπόσα
2620 3547 2898 3599 πείσονται
2952 3546 3046 3598 καὶ
3101 3544 3271 3607 αὐτοὶ,
3316 3540 3665 3613 Δαμασκηνοί
3703 3554 3755 3589 τε

2196 3640 2339 3707 λέγω
2371 3639 2468 3691 καὶ
2526 3638 2754 3709 Τύριοι,
2803 3637 3089 3707 Ἰδουμαῖοι
3138 3637 3232 3689 καὶ
3274 3637 3625 3706 Ἀμμανῖται,
3677 3634 3758 3685 καὶ

2197 3733 2398 3795 πάντες
2428 3731 2484 3784 δὲ
2505 3730 2715 3784 ὁπόσων
2755 3730 3044 3799 πεποίηται
3072 3729 3291 3799 μνήμην
3312 3746 3323 3757 ·
3355 3728 3447 3780 τὸν
3476 3725 3637 3781 αὑτὸν
3663 3724 3757 3794 γὰρ

2200 3825 2264 3898 δὴ
2318 3825 2519 3895 τρόπον
2564 3823 2659 3876 καὶ
2696 3824 2724 3875 ὁ
2760 3821 3027 3892 μακάριος
3085 3820 3345 3888 Σοφονίας
3390 3820 3458 3872 τά
3516 3819 3642 3889 περὶ
3670 3817 3757 3886 τὴν

2215 3917 2568 3989 Ἰερουσαλὴμ
2595 3916 2826 3985 ἐσόμενα
2866 3912 3017 3985 παρὰ
3053 3912 3161 3965 τῶν
3186 3911 3544 3966 Βαϐυλωνίων
3573 3912 3629 3965 ὲν
3652 3906 3757 3961 τούο

2202 4026 2315 4072 τοις
2368 4008 2562 4076 λέγων,
2596 4005 2869 4076 μέμνηται
2903 4005 2998 4056 καὶ
3030 4003 3138 4057 τῶν
3181 4004 3281 4057 ὅσα
3322 4005 3435 4065 τοῖς
3473 3999 3761 4069 ἀλλοτρίοις

2205 4105 2321 4156 κατ’
2353 4104 2556 4154 ἐκεῖνον
2598 4098 2915 4168 συμϐαίνειν
2949 4095 3182 4167 ἧμελλεν
3229 4095 3318 4147 τὸν
3363 4094 3577 4165 καιρόν.
3612 4089 3761 4145 Ὅθεν

530 4183 593 4252 δὴ
615 4180 753 4253 μετά
771 4180 838 4233 τὰ
869 4179 1248 4251 προρρηθέντα
1286 4180 1378 4231 ἐπὶ
1411 4180 1534 4242 τοὺς
1571 4178 1889 4249 Ἀσσυρίους
1918 4201 1973 4237 τε
1998 4190 2092 4242 καὶ
2121 4191 2217 4263 τὴν
2242 4188 2442 4257 Νινευὴ
2483 4188 2707 4255 μετάγει
2738 4187 2830 4238 τὸν
2853 4185 3009 4254 λόγον
3031 4202 3045 4215 ·
3083 4185 3270 4255 ἐπειδὴ
3299 4184 3418 4238 τότε
3444 4181 3761 4236 Βαϐυλώνιοι

531 4273 625 4327 καὶ
656 4273 751 4345 τὴν
767 4272 1062 4344 Ἀσσυρίων
1085 4270 1329 4325 καθεῖλον
1358 4269 1553 4340 ἀρχὴν,
1574 4270 1671 4341 τήν
1695 4270 2081 4340 βασιλεύουσαν
2115 4284 2171 4335 ἐν
2197 4282 2377 4343 αὐτοῖς
2408 4278 2580 4342 πόλιν,
2601 4282 2677 4347 (p.
2708 4277 2829 4346 598)
2852 4277 2949 4347 τὴν
2982 4277 3182 4348 Νινευὴ
3214 4276 3376 4343 λέγω,
3400 4274 3761 4346 ἐκπορθήσαν-

529 4366 619 4428 τές
652 4383 710 4419 τε
743 4365 835 4419 καὶ
869 4364 1074 4445 ἐρημία
1119 4362 1370 4417 παντελεῖ
1396 4362 1913 4430 παραδόντες.”Οθεν
1942 4369 2168 4439 ἐπάγει*

602 4458 770 4516 Vens.
840 4461 1021 4515 15-15.
1059 4490 1129 4503 —
1173 4477 1190 4509 ι
1222 4458 1284 4511 Et
1359 4458 1615 4512 extendet
1669 4477 1888 4516 manum
1945 4480 2099 4520 suam

2274 4469 2421 4537 Στίχ.
2454 4466 2716 4536 ιγ’-ιε’.--
2739 4484 2757 4517 ι
2795 4468 2905 4520 Καὶ
2937 4469 3143 4519 ἐκτενεῖ
3173 4466 3269 4535 τὴν
3305 4468 3460 4534 χεῖρα
3488 4461 3654 4516 αὐτοῦ
3680 4459 3762 4512 ἐπὶ

532 4566 695 4621 super
718 4553 1053 4621 aquilonem,
1094 4560 1148 4606 et
1183 4551 1371 4620 perdet
1402 4552 1713 4621 Assyrium,
1743 4562 1798 4605 et
1830 4569 1993 4622 ponet
2018 4556 2105 4611 Ni-

531 4644 689 4695 niven
739 4643 792 4694 in
832 4643 1224 4696 desolationem
1272 4645 1589 4712 iuaquosam
1615 4647 1772 4712 quasi
1803 4645 2096 4701 desertum.

533 4735 597 4788 Et
622 4745 914 4805 pascentur
938 4736 991 4787 in
1016 4735 1195 4788 medio
1217 4736 1337 4803 ejus
1368 4751 1579 4805 greges.
1612 4744 1665 4789 et
1696 4752 1884 4792 oumes
1917 4739 2100 4793 bestias

532 4839 709 4890 terrae,
741 4838 795 4882 et
819 4828 1238 4882 cbatnzeleontcs
1267 4838 1321 4882 et
1355 4828 1509 4881 ericii
1539 4829 1593 4881 in
1625 4830 1959 4898 prwsepibus
1986 4830 2104 4898 ejus

530 4920 929 4974 cubabuutzet
959 4919 1148 4974 bestiae
1196 4919 1509 4973 clamabunt
1556 4920 1609 4973 in
1663 4919 1833 4975 foveis
1865 4921 2006 4989 ejus,
2052 4929 2105 4975 et

530 5013 680 5067 corvi
736 5012 791 5066 in
831 5012 1007 5082 portis
1038 5011 1180 5079 ejus,
1232 5010 1357 5079 quia
1395 5012 1592 5066 cedrus
1635 5011 1866 5065 altitudo
1910 5012 2049 5081 ejus.
2080 5031 2097 5063 ι

529 5103 781 5159 Profecto
823 5106 989 5158 etiam
1023 5104 1091 5157 ab
1138 5104 1379 5174 Assyriis
1426 5119 1618 5172 poenas
1665 5120 1966 5174 reposcam,
2008 5106 2101 5174 qui

530 5197 621 5248 tali
654 5211 778 5248 cum
833 5197 1112 5266 proposito
1148 5194 1485 5249 Hierusalem
1541 5198 1783 5264 aggressi
1820 5205 1969 5249 sunt.
2008 5194 2101 5249 Et-

526 5286 673 5337 enim
708 5286 949 5353 ipsorum
972 5287 1172 5356 regiam
1196 5285 1380 5339 urbem
1402 5281 1628 5338 Ninivcn
1642 5286 1776 5340 adeo
1793 5286 2094 5348 destruant,

529 5386 587 5429 ut
621 5378 777 5444 plane
810 5377 1028 5431 deserta
1067 5378 1178 5440 ﬁat,
1237 5384 1290 5431 et
1339 5377 1390 5429 in
1423 5376 1600 5430 medio
1633 5377 1752 5445 ejus
1802 5387 2096 5446 pascantur

527 5484 735 5536 greges,
756 5477 808 5521 et
837 5468 962 5521 fera:
981 5470 1312 5533 habitent,et
1346 5474 1614 5538 quotquot
1639 5468 1894 5522 animalia
1916 5469 2097 5523 solent

530 5557 584 5607 in
623 5556 1013 5613 desertissimis
1045 5560 1176 5614 locis
1221 5561 1486 5617 cubitare.
1543 5557 1650 5613 Has
1686 5566 1863 5613 autem
1917 5559 2089 5627 justas

601 5715 711 5781 (55)
750 5717 882 5770 Cod.
913 5716 1059 5784 53:1}.

2207 4560 2429 4632 βορρᾶν,
2473 4561 2568 4612 καὶ⁵
2616 4560 2808 4612 ἀπολεῖ
2863 4560 2954 4611 τὸν
2996 4559 3309 4627 Ἀσσύριον,
3341 4558 3434 4609 καὶ
3474 4555 3629 4627 θήσει
3674 4551 3763 4621 τὴν

2206 4650 2408 4720 Νινευὴ
2445 4652 2527 4713 εἰς
2583 4651 2887 4721 ἀφανισμὸν
2924 4651 3148 4721 ἄνυδρον
3179 4651 3253 4711 ὡς
3302 4649 3530 4719 ἔρημον,
3565 4646 3657 4701 καὶ
3683 4661 3760 4697 νε-

2210 4744 2439 4811 μήσεται
2460 4746 2515 4795 ἐν
2551 4743 2700 4812 μέσῳ
2727 4744 2895 4814 αὐτῆς
2918 4742 3167 4813 ποίμνια,
3197 4745 3289 4798 καὶ
3306 4742 3484 4795 πάντα
3511 4740 3583 4793 τὰ
3610 4736 3764 4809 θηρία

2203 4834 2298 4901 τῆς
2323 4832 2446 4900 γῆς,
2483 4834 2575 4886 καὶ
2603 4834 2989 4903 χαμαιλέοντες
3019 4835 3112 4887 καὶ
3141 4836 3304 4902 ἐχῖνοι
3335 4836 3393 4887 ἐν
3426 4838 3538 4897 τοῖς
3567 4828 3763 4902 φατνώ-

2206 4940 2366 4991 μασιν
2399 4924 2568 4993 αὐτῆς
2600 4926 3066 4997 κοιτασθήσονται,
3101 4926 3194 4979 καὶ
3236 4926 3399 4997 θηρία
3433 4928 3672 4996 φωνήσει
3712 4924 3763 4974 ἑν

2201 5015 2312 5074 τοῖς
2352 5013 2708 5085 διορύγμασιν
2747 5017 2935 5086 αὐτῆς,
2968 5017 3062 5069 καὶ
3086 5017 3316 5087 κόρακες
3359 5020 3416 5069 ἐν
3445 5020 3559 5079 τοῖς
3591 5013 3763 5067 πυλῶ-

2200 5119 2281 5155 σιν
2310 5105 2477 5174 αὑτῆς
2500 5123 2513 5136 ·
2555 5106 2686 5160 διότι
2737 5107 2923 5177 κέδρος
2958 5107 3019 5160 τὸ
3052 5109 3340 5179 ἀνάστημα
3385 5108 3575 5177 αὐτῆς.
3611 5127 3629 5158 ι
3666 5103 3765 5159 Καὶ

2194 5193 2301 5264 γὰρ
2334 5195 2427 5248 καὶ
2459 5196 2607 5267 παρά
2640 5197 2748 5251 τῶν
2778 5198 3074 5269 Ἀσσυρίων
3093 5200 3213 5253 τότε
3240 5199 3303 5269 δὴ
3330 5198 3571 5270 λήψομαι
3596 5198 3762 5258 δίκας.

2205 5287 2343 5357 μετὰ
2380 5288 2634 5359 τοιαύτης
2653 5288 2878 5360 γνώμης
2924 5290 3170 5344 ἐπελθεῖν
3213 5290 3679 5362 ἐπιχειρησάντων
3704 5289 3763 5355 τῇ

2216 5379 2568 5452 Ἰερουσαλήμ
2609 5400 2621 5412 ο
2663 5382 2877 5451 ἀφανιῶ
2909 5383 3018 5454 γὰρ
3061 5384 3240 5437 αὐτῶν
3294 5382 3388 5436 κα)⁸
3439 5381 3640 5450 Νινευὴ
3676 5378 3766 5447 τὴ)

2206 5468 2448 5538 βασιλίδα
2484 5473 2667 5526 πόλιν
2708 5474 2846 5527 ὥστε
2899 5474 3152 5543 γενέσθαι
3207 5474 3305 5547 μὲν
3359 5475 3526 5545 αὐτὴν
3568 5471 3765 5543 ἔρημον

2212 5562 2506 5627 παντελῶς,
2541 5565 2597 5618 ἐν
2649 5565 2797 5637 μέσῳ
2827 5568 2882 5620 δὲ
2913 5567 3085 5637 αὐτῆς
3120 5567 3348 5639 ποίμνιά
3379 5583 3437 5619 τε
3485 5560 3763 5633 νέμεσθαι»
