4054 6238
311 328 420 386 δθίῖ

1259 331 1802 389 COMMENTARIUS
1842 334 1904 388 IN
1946 332 2309 390 ΞΟΡΗΟΝΙίΕ
2360 333 2511 389 CAP.
2555 334 2641 389 III.

3448 331 3550 389 666

310 447 408 501 καὶ
440 446 603 516 θηρία
629 445 853 515 διάγειν,
871 446 1049 500 καὶτὰ
1075 447 1236 502 λοιπὰ
1265 450 1327 522 δὴ
1348 451 1463 515 ζῶα
1500 454 1671 507 ὁπόσα
1696 456 1752 506 ἐν
1774 457 1885 518 τοῖς

1991 454 2132 507 dabit
2160 468 2371 524 poenas,
2402 454 2529 524 quia
2573 460 2761 508 contra
2799 467 2989 507 omnes
3031 450 3380 520 superbiebat
3415 450 3554 504 civi-

314 537 675 608 ἐρημοτάτοις
707 538 1045 608 ἐμφωλεύειν
1087 540 1276 595 εἴωθεν
1303 542 1505 607 τόποις.
1542 545 1756 616 Ταύτην
1781 547 1886 617 γὰρ

311 629 476 681 δώσει
520 627 671 699 δίκην
728 629 942 683 δικαίαν
993 631 1131 703 ὑπὲρ
1180 625 1254 686 ὧν
1314 634 1456 704 μέγα
1502 636 1643 690 κατὰ
1700 638 1887 690 πασῶν

312 720 533 791 ἐφρόνει
568 720 680 772 τῶν
723 721 949 784 πόλεων,
974 722 1170 777 ὡσανεὶ
1210 724 1404 797 κέδρου
1454 728 1609 798 δίκην
1659 730 1794 801 πρὸς
1820 731 1887 784 τὰ

311 811 480 864 λοιπὰ
513 812 840 883 κρινομένης
869 815 1009 881 φυτὰ
1051 816 1435 888 ὑπερφέρουσα
1465 819 1573 872 τῶν
1611 821 1882 875 ἁπάντων.

318 920 336 949 ι
359 902 510 971 Αὕτη
537 904 570 971 ἡ
602 902 754 966 πόλις
778 906 809 972 ἡ
835 905 1160 975 φαυλίστρια
1190 909 1221 976 ἡ
1250 909 1573 962 κατοικοῦσα
1595 914 1678 963 ἐπ’
1691 912 1883 979 ἐλπίδι,

311 993 345 1059 ἡ
381 991 611 1059 λέγουσα
644 994 702 1045 ἐν
735 994 930 1064 καρδίᾳ
965 996 1150 1065 αὐτῆς,
1191 997 1328 1065 Ἑγὼ
1352 1001 1487 1068 εἰμι,
1521 1001 1613 1052 καὶ
1646 1002 1745 1054 οὐκ
1773 1002 1885 1056 ἔστι

315 1083 435 1149 μετ’
453 1082 555 1152 ἐμὲ
584 1082 716 1134 ἔτι.»
741 1082 970 1153 Εὔδηλον
994 1086 1050 1138 δὲ
1069 1087 1147 1138 ὅτι
1179 1089 1244 1140 ἐκ
1261 1088 1360 1157 τῆς
1378 1090 1585 1151 πόλεως
1610 1092 1716 1144 τῶν
1746 1094 1885 1146 ἐνοι-

312 1171 557 1225 κούντων
575 1172 635 1224 τὸ
663 1174 916 1245 φρόνημα
942 1176 1088 1245 λέγει
1109 1195 1122 1208 ο
1147 1178 1208 1230 οὐ
1238 1179 1347 1250 γὰρ
1378 1180 1440 1251 δὴ
1468 1182 1595 1253 περὶ
1618 1183 1726 1236 τῶν
1749 1184 1886 1254 ἀψύ-

312 1280 427 1331 χων
460 1264 624 1317 λίθων
653 1266 827 1318 ταῦτά
870 1284 1051 1337 φησιν.
1084 1268 1231 1339 Αὕτη
1270 1271 1468 1335 τοίνυν,
1499 1276 1681 1343 φησὶν,
1740 1274 1884 1328 ἔστιν

314 1354 347 1421 ἡ
381 1354 728 1425 φαυλίστρια,
764 1357 883 1410 ἀντὶ⁵
916 1358 1031 1421 τοῦ,
1066 1361 1099 1429 ἡ
1133 1362 1308 1417 πάντα
1342 1364 1440 1432 μὲν
1462 1366 1881 1435 ἐκφαυλίζουσα,

315 1440 392 1503 (p.
440 1436 569 1503 399)
608 1440 704 1489 καὶ
761 1439 931 1510 μηθὲν
986 1438 1126 1495 εἶναι
1164 1447 1289 1509 τοὺς
1345 1447 1563 1511 λοιποὺς
1609 1452 1882 1522 ἡγουμένη

315 1524 455 1593 πρὸς
502 1526 723 1597 ἑαυτὴν,
764 1531 954 1599 ἀρκεῖν
982 1530 1037 1583 δὲ
1064 1533 1227 1605 ἑαυτῇ
1254 1536 1386 1606 πρὸς
1416 1537 1626 1591 ἅπαντα
1660 1539 1883 1611 ὑπειλη-

218 1672 221 1679 _
319 1620 485 1683 φυίαυ
508 1618 664 1671 τοῦτο
701 1620 810 1687 γάρ
850 1623 964 1675 ἐστι
1001 1623 1063 1676 τὸ
1096 1645 1114 1675 ι
1152 1628 1479 1681 κατοικοῦσα
1512 1632 1598 1681 ἐπ’
1632 1631 1824 1696 ἐλπίδι,
1858 1651 1876 1683 ι

320 1707 447 1759 ἀντὶ
493 1709 585 1761 τοῦ
605 1751 619 1769 ,
649 1710 837 1765 ἐλπίδα
869 1714 994 1784 περὶ
1026 1715 1225 1786 ἑαυτῆς
1267 1714 1461 1786 ἔχουσα
1501 1718 1577 1782 ὡς
1610 1720 1760 1773 οὐδὲν
1800 1722 1883 1773 οὺ-

1990 554 2147 611 tates,
2174 546 2329 615 quasi
2347 546 2540 600 cedrus
2562 546 2701 599 inter
2741 546 2977 616 reliquas
3016 544 3242 598 arbores
3267 550 3432 610 caput
3458 557 3549 596 ex-

1991 636 2207 689 tollens.
2252 653 2269 685 ι
2300 633 2422 688 Haec
2451 643 2535 689 est
2564 635 2755 690 civitas
2788 632 3149 703 vilipendens,
3192 648 3313 700 qua:
3341 632 3551 687 habitat

1989 727 2040 779 in
2077 741 2192 794 spe,
2220 741 2339 795 quae
2363 725 2496 779 dicit
2528 725 2579 779 in
2624 727 2787 780 corde
2837 740 2936 780 suo
2968 744 2980 779 :
3007 724 3118 795 Ego
3153 740 3297 788 sum,
3345 731 3400 779 et
3439 740 3549 778 non

1988 824 2070 868 est
2105 824 2224 885 post
2248 832 2331 870 me
2375 816 2627 885 amplius.
2653 837 2670 868 ι
2703 816 2855 871 Patet
2905 818 3218 887 prophetam
3268 815 3417 870 urbis
3452 832 3549 870 no-

1990 908 2133 961 mine
2159 909 2455 961 incolarum
2505 910 2812 977 superbiam
2837 910 3092 964 denotare
3125 925 3141 963 :
3176 923 3350 979 neque
3402 908 3545 962 enim

1988 1000 2055 1055 de
2094 1001 2383 1055 iusensatis
2428 1002 2697 1069 lapidibus
2748 1001 2861 1054 Inec
2904 1000 3054 1053 dicit.
3096 999 3222 1055 [Iac
3270 1009 3354 1055 est
3393 1015 3544 1070 ergo,

1986 1090 2185 1160 inquit,
2217 1094 2345 1145 urbs
2378 1091 2734 1161 vilipendens.
2760 1091 2812 1145 id
2858 1100 2941 1147 est
2974 1092 3216 1146 omnium
3271 1100 3547 1162 contemp-

1984 1175 2117 1241 trix,
2147 1186 2404 1232 ctomues
2421 1179 2655 1247 reliquas
2675 1195 2785 1249 prie
2814 1196 2872 1234 se
2891 1168 3299 1242 ﬂocci'faciens.
3336 1180 3547 1250 sibique

1985 1269 2087 1338 ipsi
2120 1271 2184 1323 ad
2208 1271 2387 1324 omnia
2416 1271 2660 1326 sullicere
2700 1273 3037 1328 existimans.
3070 1273 3128 1327 Id
3159 1274 3301 1326 enim
3342 1274 3545 1343 signiﬁ-

1985 1370 2111 1415 cant
2160 1362 2320 1431 262
2354 1362 2514 1416 verba
2567 1380 2584 1413 ι
2616 1362 2867 1418 habitans
2904 1364 2959 1416 in
2989 1378 3104 1432 spe,
3131 1382 3149 1414 ι
3186 1364 3239 1418 id
3265 1372 3369 1428 est,
3394 1380 3543 1434 spem

1984 1454 2174 1509 fovens
2200 1456 2332 1508 nihil
2367 1470 2602 1523 unquam
2627 1456 2750 1508 mali
2770 1471 2827 1511 se
2847 1456 2945 1511 abs
2961 1457 3202 1526 quolibet
3222 1472 3539 1527 passuram:

1984 1547 2199 1600 unicam
2222 1555 2395 1599 semet
2440 1545 2780 1610 existimans,
2829 1547 3139 1616 nullamque
3186 1547 3374 1601 urbem
3425 1564 3545 1602 esse

1981 1636 2200 1705 dignam
2232 1651 2349 1705 quae
2379 1651 2562 1689 secum
2588 1649 2951 1705 comparetur.
2986 1637 3082 1692 llis
3112 1653 3220 1691 non
3269 1639 3386 1693 sine
3420 1654 3548 1693 con-

1985 1728 2127 1781 vicio
2156 1728 2339 1791 dictis,
2365 1727 2593 1796 ejusque
2639 1727 2898 1782 adversus
2932 1743 3122 1784 omnes
3155 1730 3408 1799 superbia
3446 1731 3545 1785 ob-

318 1799 515 1852 δέποτε
542 1802 830 1874 πεισομένη
862 1805 991 1874 παρ’
1022 1805 1208 1876 ἐτέρου
1247 1809 1412 1863 κακόν
1447 1826 1460 1839 ο
1489 1805 1774 1882 διακεμένη
1797 1827 1877 1878 τε,

1991 1817 2218 1886 iurgata,
2242 1789 2458 1888 egregie
2488 1789 2639 1871 addit
2671 1836 2685 1872 :
2719 1836 2737 1869 ι
2767 1817 3046 1882 Quomodo
3088 1789 3241 1874 facta.
3258 1829 3342 1876 est
3370 1821 3423 1875 in
3455 1837 3547 1876 so-

324 1892 510 1962 φησιν,
540 1893 615 1955 ὡς
649 1894 781 1966 μόνη
822 1913 881 1948 τε
904 1892 1066 1964 οὖσα,
1091 1900 1183 1951 καὶ
1204 1899 1323 1951 οὐδὲ
1353 1902 1409 1952 ὲν
1434 1899 1511 1971 τῷ
1542 1896 1678 1956 εῖναι
1709 1901 1889 1975 κρίνε-

1991 1905 2290 1970 litudinem,
2317 1907 2371 1960 in
2403 1923 2663 1977 pascuum
2702 1907 3040 1962 bestiarum?
3096 1906 3288 1964 Omnis
3330 1910 3420 1978 qui
3453 1926 3546 1979 per

325 1981 450 2033 σθαι
497 1981 661 2047 ἀξίων
700 1983 872 2037 οὐσῶν
898 1985 1009 2038 τῶν
1049 1986 1251 2040 λοιπῶν
1286 1987 1491 2041 πόλεων
1534 1990 1669 2060 πρὸς
1696 1991 1886 2062 αὑτήν.

1991 2013 2102 2051 eam
2134 1999 2411 2062 transibit,
2458 2000 2696 2055 sibilabit
2730 2016 3030 2072 manusque
3070 2016 3199 2057 suas
3245 2016 3549 2056 commove-

320 2066 455 2122 Εἶτα
475 2070 840 2136 ὁνειδιστικῶς
863 2074 1034 2128 ταῦτα
1060 2076 1246 2141 εἰπὼν,
1280 2079 1369 2131 καὶ
1401 2078 1498 2150 τὴν
1522 2081 1659 2134 κατὰ
1676 2081 1888 2135 πάντων

1991 2086 2087 2140 bit.
2114 2087 2279 2143 »Ηοιη
2294 2090 2506 2157 qualem
2524 2101 2747 2160 experta
2781 2107 2840 2147 es
2862 2093 3300 2157 conversionem,
3346 2093 3399 2146 in
3432 2102 3548 2147 tan-

316 2162 585 2227 ὀνειδίσας
599 2164 898 2235 ὑπεροψίαν
915 2167 1071 2239 αὐτῇ,
1086 2168 1342 2224 κάλλιστα
1362 2171 1573 2239 ἐπάγει·
1597 2190 1614 2222 ι
1629 2172 1751 2236 Πῶς
1772 2174 1891 2243 ἐγέ-

1991 2186 2102 2233 tum
2129 2186 2185 2233 ut
2212 2195 2476 2250 pascuum
2510 2182 2806 2238 bestiarum
2827 2185 3068 2240 evaseris
3093 2224 3108 2249 ,
3142 2192 3202 2239 ut
3224 2200 3414 2239 omnes
3454 2187 3546 2255 qui

317 2272 439 2307 νετο
458 2258 540 2319 είς
563 2257 872 2348 γάφανισμὸν
895 2260 1031 2331 νομὴ
1058 2260 1292 2331 θηρίων;
1321 2264 1427 2325 πᾶς
1447 2266 1475 2317 ό
1500 2267 1889 2336 παραπορευό-

1991 2269 2141 2339 juxta
2163 2279 2216 2327 te
2240 2279 2544 2340 transeunt,
2570 2275 2875 2340 cxsibilent,
2906 2292 3210 2347 manusque
3253 2293 3383 2332 suas
3422 2294 3548 2348 erga

319 2362 482 2415 μενος
513 2347 684 2418 αὐτῆς
730 2351 1035 2420 συριεί,καὶ
1062 2353 1273 2422 κινήσει
1310 2354 1409 2418 τὰς
1437 2357 1622 2426 χεῖρας
1653 2358 1834 2410 αὑτοῦ.
1864 2378 1883 2411 ι

332 2437 494 2492 Ἀλλὰ
525 2438 634 2511 γὰρ
666 2442 783 2494 οἵαν
812 2443 1229 2515 ὑπομεμένηκας
1258 2446 1356 2517 τὴν
1389 2447 1686 2518 μεταϐολὴν
1706 2488 1719 2509 ,
1741 2451 1888 2515 ὅπως

1992 2371 2043 2416 te
2064 2364 2367 2429 intendant,
2402 2376 2601 2419 tantam
2634 2367 2895 2423 mirantes
2923 2370 3332 2425 conversionem
3360 2373 3371 2423 !
3410 2370 3549 2436 Quid

1990 2470 2119 2509 vero
2147 2456 2431 2510 dicentes?

319 2530 373 2580 δὲ
396 2532 475 2594 εἰς
496 2533 732 2603 ἐρημίαν
764 2535 1036 2598 καταστὰς
1067 2536 1202 2607 νομὴ
1231 2537 1458 2606 γέγονας
1491 2538 1722 2610 θηρίων;
1753 2538 1890 2593 ὥστε
1927 2542 2171 2606 ἅπαντας
2198 2545 2323 2606 τοὺς
2348 2545 2639 2614 παριόντας
2669 2544 2937 2616 συρίττειν
2962 2563 3021 2599 τε
3049 2548 3142 2598 ἐπὶ
3167 2548 3249 2599 σοὶ
3268 2549 3362 2600 καὶ
3384 2551 3550 2600 κινεῖν

317 2619 419 2681 τὰς
447 2624 654 2692 χεῖρας,
678 2623 1048 2694 θαυμάζοντας
1068 2643 1159 2678 σου
1186 2627 1285 2698 τὴν
1310 2627 1576 2699 τοσαύτην
1612 2630 1941 2701 μεταϐολήν·
1975 2633 2064 2684 καὶ
2101 2632 2153 2685 τί
2180 2631 2353 2700 λέγειν
2376 2649 2390 2697 ;

975 2785 1127 2836 ΚΕΦ.
1160 2785 1227 2837 Ρ.

393 2895 540 2966 Στίχ.
566 2903 634 2960 α’,
674 2895 737 2966 β’.
765 2928 833 2937 --
870 2895 967 2950 «Ὦ
998 2901 1029 2969 ἡ
1076 2900 1340 2970 ἐπιφανὴς
1384 2901 1476 2953 καὶ
1509 2900 1886 2973 λελυτρωμένη

325 2984 501 3047 πόλις·
527 2989 559 3056 η
596 2987 894 3057 περιστερὰ
924 2990 1024 3042 ουκ
1060 2991 1345 3060 είσήκουσε
1378 2992 1558 3061 φωνῆς
1579 3034 1592 3058 ,
1628 2994 1745 3046 οὐδὲ
1777 2994 1888 3046 ἑδέ-

323 3076 451 3140 ξατο
478 3077 744 3141 παιδείαν,
778 3078 869 3131 ἐπὶ
898 3078 974 3149 τῷ
997 3080 1183 3152 Κυρίῳ
1211 3081 1309 3133 οὐκ
1338 3082 1612 3136 ἐπεποίθει
1640 3083 1731 3136 καὶ
1754 3084 1886 3154 πρὸς

324 3167 416 3219 τὸν
449 3167 581 3219 Θεὸν
607 3167 777 3238 αὐτῆς
808 3169 907 3221 οὐκ
956 3170 1200 3240 ἤγγισεν.
1237 3191 1255 3223 ι
1291 3172 1496 3237 Ταῦτα,
1520 3176 1702 3244 φησὶν,
1736 3175 1889 3246 ἐροῦ-

327 3275 432 3321 σιν,
459 3259 659 3329 Ὀπόση
684 3277 765 3322 τις
785 3257 851 3331 ἦν
882 3262 915 3332 ἠ
946 3262 1148 3333 ταύτης
1178 3264 1518 3334 περιφάνεια,
1548 3266 1693 3330 ὅπως
1727 3267 1891 3320 ἀπάν-

323 3365 430 3401 των
472 3348 801 3420 ἐκεχώριστο
832 3351 938 3403 τῶν
982 3352 1165 3405 κακῶν
1186 3370 1199 3417 ;
1224 3354 1380 3407 τοῦτο
1411 3355 1517 3429 γὰρ
1549 3355 1714 3422 λέγει,
1753 3377 1770 3408 ι
1800 3357 1889 3410 λε-

324 3440 646 3511 λυτρωμένη
688 3458 702 3472 ο
737 3461 756 3494 ι
791 3443 960 3513 ὁπόση
1002 3461 1085 3507 τις
1141 3445 1311 3515 αὐτῆς
1357 3442 1425 3516 ἦν
1477 3449 1509 3518 ή
1553 3449 1885 3517 εύπρέπειας

323 3530 421 3600 τὴν
452 3530 561 3602 γὰρ
584 3533 909 3603 περιστερὰν
932 3534 1085 3587 τοῦτό
1116 3554 1299 3606 φησιν,
1321 3538 1502 3609 ἐπειδή
1529 3556 1644 3602 πως
1664 3540 1889 3610 τερπνὸν

325 3624 381 3675 ἐν
406 3624 614 3694 ὀρνέοις
648 3622 783 3679 εἶναι
809 3627 953 3679 δοκεῖ
983 3627 1043 3679 τὸ
1078 3628 1214 3691 ζῶον
1248 3631 1340 3683 καὶ
1367 3631 1611 3701 σοϐαρῶς
1638 3632 1847 3702 βαδίζον
1872 3650 1885 3665 ’

325 3714 467 3768 οὕτω
498 3717 594 3768 καὶ
613 3719 640 3768 ό
665 3718 929 3788 μακάριος
962 3717 1109 3786 λέγει
1128 3719 1289 3771 Δαυῖδ
1310 3738 1323 3751 ’
1371 3741 1386 3771 ι
1440 3722 1564 3774 Ἐὰν
1598 3724 1889 3794 κοιμηθῆτε

329 3806 432 3857 ἀνὰ
459 3806 638 3876 μέσων
664 3807 772 3860 τῶν
800 3808 1036 3879 κλήρων,
1058 3812 1132 3880 (p.
1158 3811 1282 3879 400)
1306 3813 1420 3863 ἐκεῖ
1440 3814 1704 3883 πτέρυγες
1735 3832 1891 3885 περι-

330 3899 526 3967 στερᾶς
574 3899 1110 3969 περιηργυρωμέναι,
1144 3902 1238 3952 καλ⁸
1268 3902 1335 3953 τὰ
1374 3902 1683 3973 μετάφρενα
1726 3906 1894 3976 αὐτῆς

327 3990 386 4040 ὲν
416 3989 717 4059 χλωρότητι
770 3990 1012 4059 χρυσίου·
1059 4012 1075 4042 ι
1119 3991 1488 4056 ἀπολαϐόντας
1517 3995 1614 4064 τὴν
1661 3996 1763 4066 γῆν
1797 3997 1895 4066 τῆς

329 4082 683 4149 ἐπαγγελίας,
735 4083 987 4135 ἁπάντων
1038 4083 1324 4150 φανεῖσθαι
1371 4086 1495 4148 τους
1560 4087 1896 4158 Ἰσραηλίτας

329 4174 723 4245 τερπνοτέρους
774 4174 946 4242 λέγων
998 4177 1062 4245 τῇ
1113 4175 1212 4244 τῆς
1250 4180 1573 4250 περιστερᾶς
1611 4180 1891 4250 ὀμοιώσει”

330 4266 475 4319 οὕτω
502 4265 776 4319 κάνταῦθα
811 4268 987 4320 εἰπεῖν
1011 4268 1306 4340 ἠϐουλήθη,
1354 4271 1472 4324 ἀντὶ
1510 4271 1625 4335 τοῦ,
1653 4273 1829 4344 ὡραία
1858 4275 1891 4348 ἢ

329 4358 633 4428 ἐπιτερπής
652 4375 666 4389 ο
702 4358 777 4421 ὼς
805 4358 895 4411 καὶ
926 4359 955 4410 ὁ
990 4360 1255 4429 μακάριος
1284 4361 1476 4431 Ναοὺμ
1506 4361 1775 4428 ὀνειδίζων
1804 4366 1901 4419 αύ-

328 4453 394 4519 τῇ
433 4448 581 4517 λέγει
608 4449 687 4513 τὸ,
721 4469 739 4499 σ
779 4450 956 4522 Πόρνη
989 4450 1126 4521 καλὴ
1157 4452 1248 4504 καὶ
1290 4453 1558 4524 ἐπίχαρις.
1593 4474 1610 4503 ι
1645 4456 1898 4529 Τοιαύτη,

331 4544 519 4611 φησὶν,
548 4537 700 4604 οὖσα,
732 4542 827 4611 τῆς
868 4542 963 4595 τοῦ
1013 4542 1351 4613 πεμφθέντος
1392 4545 1527 4615 πρὸς
1559 4546 1726 4617 αὐτὴν
1772 4566 1901 4620 προ-

332 4635 506 4703 φήτου
540 4633 725 4703 φωνῆς
771 4635 870 4686 οὐκ
905 4635 984 4697 εἰς
1020 4633 1169 4696 τέλος
1215 4635 1462 4704 ἤκουσεν,
1494 4637 1612 4690 οὐδὲ
1664 4640 1900 4710 παντελῆ

332 4726 433 4794 τὴν
487 4725 694 4777 ἐκεῖθεν
750 4724 965 4789 ἐδέξατο
1016 4724 1397 4779 διδασκαλίαν·
1439 4728 1574 4799 πρὸς
1621 4732 1813 4801 μικρὸν
1844 4731 1900 4783 δὲ

336 4817 767 4887 μεταϐάλλεσθαι
797 4816 1024 4870 δοκοῦσα
1051 4858 1067 4882 ,
1097 4813 1254 4879 αὖθις
1282 4820 1374 4871 ἐπὶ
1426 4820 1523 4890 τὴν
1575 4822 1776 4893 ἑαυτῆς
1808 4824 1901 4876 ἀν-

334 4909 569 4981 έδραμεν
602 4910 800 4961 κακίαν
821 4926 835 4940 ο
872 4908 990 4960 οὐδὲ
1022 4908 1151 4977 γοῦν
1189 4909 1343 4977 λόγον
1382 4911 1499 4964 τινὰ
1530 4911 1623 4963 τοῦ
1662 4913 1748 4966 τὸν
1774 4931 1903 4984 προ-

334 5002 512 5070 φήτην
556 4999 975 5062 ἀποστείλαντος
1002 5000 1295 5070 ἐποιήσατο
1324 5000 1479 5059 Θεοῦ,
1502 5001 1620 5054 οὐδὲ
1655 5003 1904 5071 ἐδοκίμα-

336 5110 430 5143 σεν
472 5090 618 5160 αὐτῷ
670 5090 855 5143 λοιπὸν
912 5090 1288 5161 προσανέχειν,
1343 5091 1596 5162 τοιαύτην
1654 5094 1900 5164 εἰληφυῖα

333 5185 552 5251 πεῖραν.
578 5183 900 5236 Τούναντίον
925 5182 1022 5252 μὲν
1054 5177 1146 5234 οὖν
1176 5182 1386 5252 ἀπέστη
1419 5200 1479 5236 τε
1509 5183 1671 5237 αὐτοῦ
1708 5203 1903 5238 παντε-

331 5277 465 5339 λῶς,
501 5275 595 5329 καὶ
651 5274 787 5341 πρὸς
836 5273 1071 5343 πόλεμον
1115 5273 1279 5326 αὑτοῦ
1312 5275 1569 5344 κατέστη,
1618 5277 1754 5345 μετὰ
1805 5279 1902 5349 τὴν

328 5366 442 5419 τῶν
476 5365 607 5418 δέκα
630 5364 811 5433 φυλῶν
843 5364 1118 5435 ἀναίρεσιν
1148 5363 1507 5434 ἐπεληλυθυῖα
1530 5369 1594 5435 τῇ
1630 5367 1901 5438 Ἰερουσα-

330 5455 472 5525 λὴμ,
499 5456 556 5506 ἐν
604 5448 749 5526 ᾗπερ
785 5449 924 5506 εἶναι
978 5452 1072 5505 τοῦ
1118 5452 1252 5505 Θεοῦ
1304 5453 1584 5507 συνέϐαινε
1633 5457 1724 5509 τὸν
1754 5460 1895 5513 ναόν.

346 5545 610 5599 Ἐνταῦθα
638 5546 801 5599 πάλιν
833 5547 881 5597 oi
911 5544 1213 5616 θαυμαστοὶ
1244 5543 1529 5613 μυθολόγοι
1555 5546 1660 5601 τῶν
1694 5548 1762 5601 Σύ
1773 5567 1899 5621 ρων,

405 5731 452 5763 κ
480 5730 529 5787 Ι,
553 5732 810 5800 ιιιηωνιι,
846 5729 928 5784 lt.
1006 5731 1046 5763 ²¹
1076 5729 1210 5787 Nah.
1251 5747 1327 5798 Ill,
1362 5729 1415 5784 ί.

2631 2792 2782 2847 CAP.
2821 2792 2904 2848 III.

2067 2903 2296 2967 Vens.l,
2315 2902 2443 2959 2.—
2469 2922 2487 2957 ι
2514 2902 2556 2957 0
2588 2905 2816 2960 illustris
2837 2913 2890 2959 et
2919 2905 3192 2973 redempta
3218 2904 3427 2973 civitas,
3455 2922 3548 2960 co-

1990 2993 2189 3046 lumba!
2223 2991 2340 3047 Non
2370 2993 2643 3047 exaudivit
2663 3008 2883 3055 vocem;
2916 3009 3022 3047 non
3049 2994 3270 3048 admisit
3301 2992 3546 3064 discipli-

1988 3100 2140 3150 nam;
2160 3084 2212 3139 in
2247 3084 2471 3140 Domino
2506 3100 2613 3139 non
2642 3093 2725 3140 cst
2756 3085 2982 3147 conlisa,
3008 3086 3179 3140 etDeo
3206 3101 3305 3142 suo
3334 3101 3441 3141 non
3456 3102 3549 3158 ap-

1990 3178 2392 3248 propinquavit.
2420 3197 2437 3228 ι
2484 3176 2573 3232 Sic
2614 3192 2821 3244 omnes,
2849 3178 3044 3248 inquit,
3082 3178 3263 3232 dicent
3299 3177 3551 3243 :Quanta

1991 3270 2093 3322 fuit
2144 3270 2305 3338 hujus
2357 3270 2686 3326 celebritas!
2734 3280 2998 3341 quantum
3039 3270 3185 3324 omni
3240 3269 3552 3323 calamitate

1991 3361 2211 3416 aberat!
2260 3356 2313 3412 Id
2329 3360 2526 3429 quippe
2542 3357 2991 3423 deuotatdietio,¢
3009 3357 3551 3430 redemptaaQuanta

1989 3454 2108 3521 ejus
2135 3451 2483 3523 pulchritudo
2514 3452 2656 3505 erat!
2700 3450 2803 3505 hoc
2832 3451 2976 3504 enim
3022 3450 3243 3505 denotat
3287 3450 3551 3505 columba:

1992 3544 2335 3606 vocabulum,
2368 3542 2510 3612 quod
2542 3541 2741 3595 animal
2768 3541 2980 3596 videtur
2998 3541 3139 3594 inter
3158 3556 3287 3595 aves
3308 3540 3554 3610 apprime

1992 3633 2307 3687 delectabile
2344 3641 2398 3686 et
2442 3646 2564 3684 cum
2617 3630 2879 3700 dignitate
2923 3630 3196 3683 incedens.
3249 3627 3341 3682 Sic
3390 3630 3554 3682 etiam

1993 3726 2185 3777 beatus
2216 3724 2292 3776 ait
2320 3722 2487 3776 David
2522 3741 2534 3776 :
2577 3742 2594 3773 ι
2626 3720 2680 3774 Si
2723 3720 3164 3775 dormiatisinter
3193 3719 3401 3774 medios
3446 3719 3556 3773 cle-

1993 3830 2106 3879 ros,
2140 3815 2211 3869 ibi
2248 3815 2344 3868 ala:
2379 3814 2643 3869 columbae
2674 3814 3059 3884 deargentatm,
3088 3822 3141 3867 et
3169 3813 3390 3868 dorsum
3434 3812 3555 3881 ejus

1995 3921 2117 3958 cum
2143 3905 2348 3975 pallore
2382 3904 2609 3958 auri'h
2640 3903 2776 3958 Dicit
2810 3903 3064 3956 nimirum
3100 3911 3221 3972 post
3236 3901 3554 3975 acquisitam

1997 3995 2378 4065 promissionis
2412 4006 2633 4059 terram,
2670 3993 2942 4049 Israelitas
2986 3993 3155 4048 videri
3199 4009 3307 4063 pra:
3344 3994 3556 4051 caeteris

1998 4089 2365 4153 delectabiles,
2430 4088 2495 4142 ad
2544 4088 2809 4141 columbae
2851 4086 3282 4140 similitudinem.
3329 4083 3406 4139 Ita
3453 4086 3555 4142 hoc

1997 4179 2157 4232 etiam
2211 4180 2330 4233 loco
2360 4180 2543 4232 dicere
2574 4179 2743 4231 voluit
2778 4192 2875 4247 pro
2918 4179 3141 4246 pulchra
3186 4184 3238 4231 et
3282 4178 3553 4247 speciosa.

1924 4283 1969 4339 ι)
1998 4268 2156 4324 Velut
2212 4272 2370 4323 etiam
2410 4269 2601 4325 beatus
2650 4268 2927 4324 Nahumus
2975 4269 3021 4323 ei
3066 4269 3376 4323 convicians
3437 4271 3552 4325 ait:

2002 4381 2020 4412 ι
2047 4361 2296 4417 Meretrix
2352 4362 2572 4431 pulchra
2614 4371 2667 4415 et
2695 4362 3014 4431 gratiosa".
3053 4380 3071 4413 ι
3111 4360 3255 4415 Talis
3291 4375 3415 4415 cum
3465 4378 3557 4417 es-

2000 4463 2081 4509 set
2113 4453 2346 4521 (Ninive)
2377 4453 2527 4507 missi
2562 4453 2628 4506 ad
2658 4469 2774 4506 eam
2825 4453 3099 4522 propheta:
3136 4452 3315 4505 noluit
3368 4468 3555 4508 vocem

2000 4560 2169 4614 usque
2199 4544 2263 4597 ad
2314 4543 2471 4597 linem
2525 4545 2731 4606 audire,
2789 4557 2965 4613 neque
3004 4541 3294 4613 perfectam
3340 4544 3557 4599 admisit

1999 4636 2374 4704 disciplinam;
2412 4633 2506 4688 sed
2541 4636 2807 4704 tantisper
2822 4635 2935 4689 visa
2964 4636 3228 4698 converti,
3259 4651 3454 4691 rursus
3491 4637 3556 4691 ad

2002 4724 2246 4777 eamdem
2282 4724 2512 4777 recurrit
2539 4725 2855 4794 nequitiam.
2894 4723 3035 4777 Nihil
3067 4725 3219 4794 pensi
3256 4724 3421 4780 Deum
3472 4726 3569 4779 ha-

2001 4816 2115 4868 buit
2160 4814 2248 4882 qui
2284 4814 2600 4882 prophetam
2636 4812 2875 4876 miserat,
2910 4829 3084 4882 neque
3120 4814 3278 4885 263
3324 4814 3397 4867 illi
3434 4814 3551 4867 obe-

2000 4908 2117 4960 dire
2172 4906 2432 4974 deinceps
2476 4906 2667 4969 voluit,
2722 4920 3032 4974 quanquam
3075 4908 3181 4960 tale
3238 4914 3559 4974 tantumque

1998 4998 2427 5067 experimentum
2471 5003 2705 5066 ceperat.
2770 4996 2875 5050 Sed
2915 5006 3102 5051 contra
3154 4997 3335 5066 potius
3383 5011 3412 5047 a
3451 4994 3559 5049 Deo

2000 5105 2226 5158 prorsus
2274 5088 2519 5152 recessit,
2562 5087 2669 5140 imo
2717 5088 2915 5143 bellum
2974 5090 3027 5141 in
3073 5103 3194 5142 eum
3247 5087 3557 5150 commovit,

1999 5196 2122 5235 cum
2178 5188 2299 5249 post
2343 5181 2528 5233 decem
2578 5181 2812 5234 tribuum
2868 5181 3173 5241 excidium,
3221 5178 3557 5234 Hierusalem

1997 5272 2185 5325 adorta
2219 5279 2323 5333 est,
2356 5284 2462 5341 qua
2493 5270 2546 5323 in
2588 5271 2720 5325 urbe
2753 5270 3010 5339 templum
3048 5269 3138 5323 Dei
3180 5280 3316 5324 erat.
3345 5269 3557 5325 llursus

1996 5364 2084 5417 hic
2133 5361 2406 5416 mirabiles
2454 5359 2709 5432 Syrorum
2782 5359 3077 5430 mythologi
3144 5360 3294 5414 aiunt
3368 5381 3379 5415 :
3431 5375 3556 5415 10m

2000 5456 2255 5526 Syrorum
2312 5453 2493 5522 lingua
2541 5451 2797 5522 appellari
2843 5450 3169 5506 columbam.
3224 5451 3554 5523 SOphoniam

1997 5549 2178 5619 igitur,
2206 5545 2442 5601 voluisse
2478 5546 2617 5600 hanc
2650 5542 2919 5614 appellare
2957 5545 3231 5615 propheta!
3269 5545 3417 5599 Jonae
3462 5560 3556 5598 ιιι-ο
