  <div class='ocr_page' id='page_1' title='image "/cluster/home/n/w/nwhite01/storage/ocr_20150623/66/hvd.32044020884102/243.png"; bbox 0 0 4054 6238; ppageno 0'>
   <div class='ocr_carea' id='block_1_1' title="bbox 446 335 476 362">
    <p class='ocr_par' dir='ltr' id='par_1_1' title="bbox 446 335 476 362">
     <span class='ocr_line' id='line_1_1' title="bbox 446 335 476 362; baseline 0 0"><span class='ocrx_word' id='word_1_1' title='bbox 446 335 476 362; x_wconf 71' lang='grc' dir='ltr'><strong><em>Ω</em></strong></span> 
     </span>
    </p>
   </div>
   <div class='ocr_carea' id='block_1_2' title="bbox 414 336 1972 402">
    <p class='ocr_par' dir='ltr' id='par_1_2' title="bbox 414 336 1953 398">
     <span class='ocr_line' id='line_1_2' title="bbox 414 336 1953 398; baseline 0.005 -8"><span class='ocrx_word' id='word_1_2' title='bbox 414 336 509 390; x_wconf 65' lang='lat'><strong>£67</strong></span> <span class='ocrx_word' id='word_1_3' title='bbox 1605 339 1953 398; x_wconf 82' lang='lat' dir='ltr'><strong>THEODORI</strong></span> 
     </span>
    </p>
   </div>
   <div class='ocr_carea' id='block_1_3' title="bbox 2075 336 2464 402">
    <p class='ocr_par' dir='ltr' id='par_1_3' title="bbox 2075 343 2464 402">
     <span class='ocr_line' id='line_1_3' title="bbox 2075 343 2464 402; baseline 0.013 -5"><span class='ocrx_word' id='word_1_4' title='bbox 2075 343 2464 402; x_wconf 73' lang='lat' dir='ltr'><strong>lPSUESTENI</strong></span> 
     </span>
    </p>
   </div>
   <div class='ocr_carea' id='block_1_4' title="bbox 3542 333 3644 390">
    <p class='ocr_par' dir='ltr' id='par_1_4' title="bbox 3542 333 3644 390">
     <span class='ocr_line' id='line_1_4' title="bbox 3542 333 3644 390; baseline 0.02 -2"><span class='ocrx_word' id='word_1_5' title='bbox 3542 333 3644 390; x_wconf 73' lang='grc'><strong>468</strong></span> 
     </span>
    </p>
   </div>
   <div class='ocr_carea' id='block_1_5' title="bbox 413 451 1972 532">
    <p class='ocr_par' dir='ltr' id='par_1_5' title="bbox 413 451 1972 528">
     <span class='ocr_line' id='line_1_5' title="bbox 413 451 1972 528; baseline 0.01 -30"><span class='ocrx_word' id='word_1_6' title='bbox 413 451 529 502; x_wconf 65' lang='grc' dir='ltr'>Ιιτῖῐιι</span> <span class='ocrx_word' id='word_1_7' title='bbox 556 490 571 516; x_wconf 90' lang='grc'><strong>,</strong></span> <span class='ocrx_word' id='word_1_8' title='bbox 605 451 696 520; x_wconf 89' lang='lat' dir='ltr'><strong>qui</strong></span> <span class='ocrx_word' id='word_1_9' title='bbox 733 451 839 505; x_wconf 88' lang='lat' dir='ltr'><strong>illic</strong></span> <span class='ocrx_word' id='word_1_10' title='bbox 867 453 1179 522; x_wconf 77' lang='lat' dir='ltr'><strong>praedicavit</strong></span> <span class='ocrx_word' id='word_1_11' title='bbox 1213 473 1225 508; x_wconf 94' lang='lat'>:</span> <span class='ocrx_word' id='word_1_12' title='bbox 1262 463 1316 509; x_wconf 90' lang='lat' dir='ltr'><strong>at</strong></span> <span class='ocrx_word' id='word_1_13' title='bbox 1346 454 1594 511; x_wconf 84' lang='lat' dir='ltr'><strong>Graecum</strong></span> <span class='ocrx_word' id='word_1_14' title='bbox 1621 457 1972 528; x_wconf 77' lang='lat' dir='ltr'><strong>interpretem</strong></span> 
     </span>
    </p>
   </div>
   <div class='ocr_carea' id='block_1_6' title="bbox 2075 451 3648 532">
    <p class='ocr_par' dir='ltr' id='par_1_6' title="bbox 2089 454 3648 532">
     <span class='ocr_line' id='line_1_6' title="bbox 2089 454 3648 532; baseline -0.004 -16"><span class='ocrx_word' id='word_1_15' title='bbox 2089 462 2277 530; x_wconf 80' lang='grc' dir='ltr'>Ἴωνα,</span> <span class='ocrx_word' id='word_1_16' title='bbox 2329 463 2482 532; x_wconf 80' lang='grc' dir='ltr'>φασὶ,</span> <span class='ocrx_word' id='word_1_17' title='bbox 2528 460 2742 528; x_wconf 85' lang='grc' dir='ltr'>λέγεται</span> <span class='ocrx_word' id='word_1_18' title='bbox 2788 459 2930 515; x_wconf 76' lang='grc' dir='ltr'>κατὰ</span> <span class='ocrx_word' id='word_1_19' title='bbox 2962 457 3060 530; x_wconf 74' lang='grc' dir='ltr'>τὴν</span> <span class='ocrx_word' id='word_1_20' title='bbox 3112 455 3296 527; x_wconf 89' lang='grc' dir='ltr'>Σύρων</span> <span class='ocrx_word' id='word_1_21' title='bbox 3325 454 3568 524; x_wconf 79' lang='grc' dir='ltr'>γλῶτταν</span> <span class='ocrx_word' id='word_1_22' title='bbox 3611 457 3648 529; x_wconf 71' lang='grc' dir='ltr'><strong>η</strong></span> 
     </span>
    </p>
   </div>
   <div class='ocr_carea' id='block_1_7' title="bbox 409 541 1974 618">
    <p class='ocr_par' dir='ltr' id='par_1_7' title="bbox 409 541 1974 618">
     <span class='ocr_line' id='line_1_7' title="bbox 409 541 1974 618; baseline 0.01 -30"><span class='ocrx_word' id='word_1_23' title='bbox 409 541 720 594; x_wconf 73' lang='lat' dir='ltr'><strong>columbam</strong></span> <span class='ocrx_word' id='word_1_24' title='bbox 749 559 857 594; x_wconf 86' lang='lat' dir='ltr'><strong>non</strong></span> <span class='ocrx_word' id='word_1_25' title='bbox 893 547 1010 598; x_wconf 86' lang='lat' dir='ltr'><strong>sine</strong></span> <span class='ocrx_word' id='word_1_26' title='bbox 1044 561 1230 601; x_wconf 89' lang='lat' dir='ltr'><strong>errore</strong></span> <span class='ocrx_word' id='word_1_27' title='bbox 1263 547 1488 602; x_wconf 81' lang='lat' dir='ltr'><strong>dixisse.</strong></span> <span class='ocrx_word' id='word_1_28' title='bbox 1517 545 1621 601; x_wconf 89' lang='lat' dir='ltr'><strong>Sed</strong></span> <span class='ocrx_word' id='word_1_29' title='bbox 1650 551 1795 602; x_wconf 87' lang='lat' dir='ltr'><strong>enim</strong></span> <span class='ocrx_word' id='word_1_30' title='bbox 1828 551 1974 618; x_wconf 91' lang='lat' dir='ltr'><strong>quod</strong></span> 
     </span>
    </p>
   </div>
   <div class='ocr_carea' id='block_1_8' title="bbox 410 635 1974 709">
    <p class='ocr_par' dir='ltr' id='par_1_8' title="bbox 410 635 1974 709">
     <span class='ocr_line' id='line_1_8' title="bbox 410 635 1974 709; baseline 0.012 -31"><span class='ocrx_word' id='word_1_31' title='bbox 410 645 516 681; x_wconf 78' lang='lat' dir='ltr'><strong>non</strong></span> <span class='ocrx_word' id='word_1_32' title='bbox 567 635 908 702; x_wconf 90' lang='lat' dir='ltr'><strong>septuaginta</strong></span> <span class='ocrx_word' id='word_1_33' title='bbox 955 635 1055 688; x_wconf 84' lang='lat' dir='ltr'><strong>viri</strong></span> <span class='ocrx_word' id='word_1_34' title='bbox 1118 640 1440 702; x_wconf 79' lang='lat' dir='ltr'><strong>erraverint,</strong></span> <span class='ocrx_word' id='word_1_35' title='bbox 1495 638 1588 692; x_wconf 91' lang='lat' dir='ltr'><strong>sed</strong></span> <span class='ocrx_word' id='word_1_36' title='bbox 1637 639 1752 707; x_wconf 87' lang='lat' dir='ltr'><strong>ipse</strong></span> <span class='ocrx_word' id='word_1_37' title='bbox 1793 641 1974 709; x_wconf 88' lang='lat' dir='ltr'><strong>potius</strong></span> 
     </span>
    </p>
   </div>
   <div class='ocr_carea' id='block_1_9' title="bbox 413 717 1976 796">
    <p class='ocr_par' dir='ltr' id='par_1_9' title="bbox 413 717 1976 796">
     <span class='ocr_line' id='line_1_9' title="bbox 413 717 1976 796; baseline 0.01 -27"><span class='ocrx_word' id='word_1_38' title='bbox 413 717 707 788; x_wconf 67' lang='lat' dir='ltr'><strong>Scripturaﬁ</strong></span> <span class='ocrx_word' id='word_1_39' title='bbox 742 721 914 794; x_wconf 83' lang='lat' dir='ltr'><strong>Syrus</strong></span> <span class='ocrx_word' id='word_1_40' title='bbox 948 725 1219 796; x_wconf 90' lang='lat' dir='ltr'><strong>interpres</strong></span> <span class='ocrx_word' id='word_1_41' title='bbox 1262 742 1479 783; x_wconf 89' lang='lat' dir='ltr'><strong>errores</strong></span> <span class='ocrx_word' id='word_1_42' title='bbox 1518 744 1714 796; x_wconf 85' lang='lat' dir='ltr'><strong>passus</strong></span> <span class='ocrx_word' id='word_1_43' title='bbox 1755 731 1976 784; x_wconf 87' lang='lat' dir='ltr'><strong>creden-</strong></span> 
     </span>
    </p>
   </div>
   <div class='ocr_carea' id='block_1_10' title="bbox 413 811 1974 878">
    <p class='ocr_par' dir='ltr' id='par_1_10' title="bbox 413 811 1974 878">
     <span class='ocr_line' id='line_1_10' title="bbox 413 811 1974 878; baseline 0.009 -16"><span class='ocrx_word' id='word_1_44' title='bbox 413 811 512 864; x_wconf 77' lang='lat' dir='ltr'><strong>dus</strong></span> <span class='ocrx_word' id='word_1_45' title='bbox 546 813 635 878; x_wconf 85' lang='lat' dir='ltr'><strong>sit,</strong></span> <span class='ocrx_word' id='word_1_46' title='bbox 665 813 872 868; x_wconf 91' lang='lat' dir='ltr'><strong>dictum</strong></span> <span class='ocrx_word' id='word_1_47' title='bbox 901 832 931 869; x_wconf 90' lang='lat' dir='ltr'><strong>a</strong></span> <span class='ocrx_word' id='word_1_48' title='bbox 969 819 1128 874; x_wconf 90' lang='lat' dir='ltr'><strong>nobis</strong></span> <span class='ocrx_word' id='word_1_49' title='bbox 1163 829 1318 874; x_wconf 88' lang='lat' dir='ltr'><strong>antea</strong></span> <span class='ocrx_word' id='word_1_50' title='bbox 1359 820 1494 876; x_wconf 85' lang='lat' dir='ltr'><strong>satis</strong></span> <span class='ocrx_word' id='word_1_51' title='bbox 1524 821 1648 876; x_wconf 75' lang='lat' dir='ltr'><strong>fuit.</strong></span> <span class='ocrx_word' id='word_1_52' title='bbox 1680 820 1812 876; x_wconf 87' lang='lat' dir='ltr'><strong>Illud</strong></span> <span class='ocrx_word' id='word_1_53' title='bbox 1844 836 1974 876; x_wconf 88' lang='lat' dir='ltr'><strong>vero</strong></span> 
     </span>
    </p>
   </div>
   <div class='ocr_carea' id='block_1_11' title="bbox 411 903 1972 983">
    <p class='ocr_par' dir='ltr' id='par_1_11' title="bbox 411 903 1972 983">
     <span class='ocr_line' id='line_1_11' title="bbox 411 903 1972 983; baseline 0.009 -30"><span class='ocrx_word' id='word_1_54' title='bbox 411 903 684 969; x_wconf 76' lang='lat' dir='ltr'><strong>quomodo</strong></span> <span class='ocrx_word' id='word_1_55' title='bbox 733 905 786 959; x_wconf 90' lang='lat' dir='ltr'><strong>hi</strong></span> <span class='ocrx_word' id='word_1_56' title='bbox 815 908 938 960; x_wconf 89' lang='lat' dir='ltr'><strong>miri</strong></span> <span class='ocrx_word' id='word_1_57' title='bbox 978 911 1274 980; x_wconf 87' lang='lat' dir='ltr'><strong>mythologi</strong></span> <span class='ocrx_word' id='word_1_58' title='bbox 1302 927 1409 966; x_wconf 90' lang='lat' dir='ltr'><strong>non</strong></span> <span class='ocrx_word' id='word_1_59' title='bbox 1451 913 1778 982; x_wconf 75' lang='lat' dir='ltr'><strong>intelligunt,</strong></span> <span class='ocrx_word' id='word_1_60' title='bbox 1823 913 1972 983; x_wconf 84' lang='lat' dir='ltr'><strong>quod</strong></span> 
     </span>
    </p>
   </div>
   <div class='ocr_carea' id='block_1_12' title="bbox 414 997 2002 1074">
    <p class='ocr_par' dir='ltr' id='par_1_12' title="bbox 414 997 2002 1074">
     <span class='ocr_line' id='line_1_12' title="bbox 414 997 2002 1074; baseline 0.008 -28"><span class='ocrx_word' id='word_1_61' title='bbox 414 1012 506 1063; x_wconf 77' lang='lat' dir='ltr'><strong>per</strong></span> <span class='ocrx_word' id='word_1_62' title='bbox 524 997 831 1054; x_wconf 83' lang='lat' dir='ltr'><strong>convicium</strong></span> <span class='ocrx_word' id='word_1_63' title='bbox 863 1001 993 1054; x_wconf 88' lang='lat' dir='ltr'><strong>dicit</strong></span> <span class='ocrx_word' id='word_1_64' title='bbox 1030 1020 1043 1033; x_wconf 91' lang='grc'><strong>·</strong></span> <span class='ocrx_word' id='word_1_65' title='bbox 1075 1021 1098 1054; x_wconf 88' lang='grc'><em>‹</em></span> <span class='ocrx_word' id='word_1_66' title='bbox 1130 1002 1174 1058; x_wconf 90' lang='grc' dir='ltr'>Ο</span> <span class='ocrx_word' id='word_1_67' title='bbox 1206 1005 1433 1061; x_wconf 84' lang='lat' dir='ltr'><strong>illustris</strong></span> <span class='ocrx_word' id='word_1_68' title='bbox 1459 1015 1511 1060; x_wconf 92' lang='lat' dir='ltr'><strong>et</strong></span> <span class='ocrx_word' id='word_1_69' title='bbox 1540 1007 1815 1074; x_wconf 87' lang='lat' dir='ltr'><strong>redempta</strong></span> <span class='ocrx_word' id='word_1_70' title='bbox 1841 1006 2002 1060; x_wconf 83' lang='lat' dir='ltr'><strong>civi-‘</strong></span> 
     </span>
    </p>
   </div>
   <div class='ocr_carea' id='block_1_13' title="bbox 414 1089 1966 1166">
    <p class='ocr_par' dir='ltr' id='par_1_13' title="bbox 414 1089 1966 1166">
     <span class='ocr_line' id='line_1_13' title="bbox 414 1089 1966 1166; baseline 0.009 -30"><span class='ocrx_word' id='word_1_71' title='bbox 414 1097 515 1148; x_wconf 77' lang='lat' dir='ltr'><strong>tas,</strong></span> <span class='ocrx_word' id='word_1_72' title='bbox 549 1089 870 1145; x_wconf 66' lang='lat' dir='ltr'><strong>columba?»</strong></span> <span class='ocrx_word' id='word_1_73' title='bbox 909 1091 1033 1148; x_wconf 61' lang='lat' dir='ltr'><strong>Haec</strong></span> <span class='ocrx_word' id='word_1_74' title='bbox 1062 1103 1189 1149; x_wconf 91' lang='lat' dir='ltr'><strong>sunt</strong></span> <span class='ocrx_word' id='word_1_75' title='bbox 1219 1097 1362 1152; x_wconf 90' lang='lat' dir='ltr'><strong>enim</strong></span> <span class='ocrx_word' id='word_1_76' title='bbox 1395 1105 1449 1152; x_wconf 92' lang='lat' dir='ltr'><strong>et</strong></span> <span class='ocrx_word' id='word_1_77' title='bbox 1478 1098 1584 1151; x_wconf 82' lang='lat' dir='ltr'><strong>alia</strong></span> <span class='ocrx_word' id='word_1_78' title='bbox 1629 1097 1966 1166; x_wconf 86' lang='lat' dir='ltr'><strong>hujusmodi,</strong></span> 
     </span>
    </p>
   </div>
   <div class='ocr_carea' id='block_1_14' title="bbox 411 1180 1971 1261">
    <p class='ocr_par' dir='ltr' id='par_1_14' title="bbox 411 1180 1971 1261">
     <span class='ocr_line' id='line_1_14' title="bbox 411 1180 1971 1261; baseline 0.013 -37"><span class='ocrx_word' id='word_1_79' title='bbox 411 1180 571 1230; x_wconf 70' lang='lat' dir='ltr'><strong>\‘cluli</strong></span> <span class='ocrx_word' id='word_1_80' title='bbox 593 1181 732 1248; x_wconf 80' lang='lat' dir='ltr'><strong>apud</strong></span> <span class='ocrx_word' id='word_1_81' title='bbox 755 1180 1092 1238; x_wconf 86' lang='lat' dir='ltr'><strong>Nahumum:</strong></span> <span class='ocrx_word' id='word_1_82' title='bbox 1137 1187 1425 1242; x_wconf 69' lang='lat' dir='ltr'><strong>«Meretrix</strong></span> <span class='ocrx_word' id='word_1_83' title='bbox 1462 1190 1683 1258; x_wconf 88' lang='lat' dir='ltr'><strong>pulchra</strong></span> <span class='ocrx_word' id='word_1_84' title='bbox 1700 1201 1750 1244; x_wconf 89' lang='lat' dir='ltr'><strong>et</strong></span> <span class='ocrx_word' id='word_1_85' title='bbox 1770 1191 1971 1261; x_wconf 81' lang='lat' dir='ltr'><strong>gratio-</strong></span> 
     </span>
    </p>
   </div>
   <div class='ocr_carea' id='block_1_15' title="bbox 412 1273 1970 1350">
    <p class='ocr_par' dir='ltr' id='par_1_15' title="bbox 412 1273 1970 1350">
     <span class='ocr_line' id='line_1_15' title="bbox 412 1273 1970 1350; baseline 0.009 -30"><span class='ocrx_word' id='word_1_86' title='bbox 412 1288 528 1331; x_wconf 60' lang='grc' dir='ltr'>δειςι</span> <span class='ocrx_word' id='word_1_87' title='bbox 559 1273 808 1327; x_wconf 88' lang='lat' dir='ltr'><strong>similiter</strong></span> <span class='ocrx_word' id='word_1_88' title='bbox 839 1291 984 1330; x_wconf 91' lang='lat' dir='ltr'><strong>nunc</strong></span> <span class='ocrx_word' id='word_1_89' title='bbox 1012 1279 1171 1331; x_wconf 87' lang='lat' dir='ltr'><strong>etiam</strong></span> <span class='ocrx_word' id='word_1_90' title='bbox 1204 1281 1466 1349; x_wconf 75' lang='lat' dir='ltr'><strong>exprobat</strong></span> <span class='ocrx_word' id='word_1_91' title='bbox 1492 1281 1636 1334; x_wconf 88' lang='lat' dir='ltr'><strong>illam</strong></span> <span class='ocrx_word' id='word_1_92' title='bbox 1669 1296 1775 1350; x_wconf 89' lang='lat' dir='ltr'><strong>qua</strong></span> <span class='ocrx_word' id='word_1_93' title='bbox 1816 1293 1970 1336; x_wconf 87' lang='lat' dir='ltr'><strong>antea</strong></span> 
     </span>
    </p>
   </div>
   <div class='ocr_carea' id='block_1_16' title="bbox 411 1363 1973 1442">
    <p class='ocr_par' dir='ltr' id='par_1_16' title="bbox 411 1363 1973 1442">
     <span class='ocr_line' id='line_1_16' title="bbox 411 1363 1973 1442; baseline 0.008 -29"><span class='ocrx_word' id='word_1_94' title='bbox 411 1363 745 1426; x_wconf 73' lang='lat' dir='ltr'><strong>gloriabatur</strong></span> <span class='ocrx_word' id='word_1_95' title='bbox 783 1365 1200 1423; x_wconf 78' lang='lat' dir='ltr'><strong>formositatem.</strong></span> <span class='ocrx_word' id='word_1_96' title='bbox 1245 1370 1630 1425; x_wconf 82' lang='lat' dir='ltr'><strong>Verumtamen</strong></span> <span class='ocrx_word' id='word_1_97' title='bbox 1666 1371 1818 1426; x_wconf 61' lang='lat' dir='ltr'><strong>Ionas</strong></span> <span class='ocrx_word' id='word_1_98' title='bbox 1845 1388 1973 1442; x_wconf 83' lang='lat' dir='ltr'><strong>pro-</strong></span> 
     </span>
    </p>
   </div>
   <div class='ocr_carea' id='block_1_17' title="bbox 409 1451 1966 1529">
    <p class='ocr_par' dir='ltr' id='par_1_17' title="bbox 409 1451 1966 1529">
     <span class='ocr_line' id='line_1_17' title="bbox 409 1451 1966 1529; baseline 0.009 -29"><span class='ocrx_word' id='word_1_99' title='bbox 409 1451 582 1517; x_wconf 65' lang='lat' dir='ltr'><strong>pheta:</strong></span> <span class='ocrx_word' id='word_1_100' title='bbox 609 1456 800 1510; x_wconf 86' lang='lat' dir='ltr'><strong>urbem</strong></span> <span class='ocrx_word' id='word_1_101' title='bbox 825 1497 840 1517; x_wconf 89' lang='lat'><strong>.</strong></span> <span class='ocrx_word' id='word_1_102' title='bbox 878 1467 1166 1527; x_wconf 86' lang='lat' dir='ltr'><strong>propterea</strong></span> <span class='ocrx_word' id='word_1_103' title='bbox 1201 1463 1345 1529; x_wconf 93' lang='lat' dir='ltr'><strong>quod</strong></span> <span class='ocrx_word' id='word_1_104' title='bbox 1377 1463 1444 1515; x_wconf 91' lang='lat' dir='ltr'><strong>ab</strong></span> <span class='ocrx_word' id='word_1_105' title='bbox 1477 1463 1570 1515; x_wconf 91' lang='lat' dir='ltr'><strong>illo</strong></span> <span class='ocrx_word' id='word_1_106' title='bbox 1601 1463 1808 1518; x_wconf 87' lang='lat' dir='ltr'><strong>salvata</strong></span> <span class='ocrx_word' id='word_1_107' title='bbox 1841 1463 1966 1522; x_wconf 79' lang='lat' dir='ltr'><strong>fuit.</strong></span> 
     </span>
    </p>
   </div>
   <div class='ocr_carea' id='block_1_18' title="bbox 409 1555 1969 1624">
    <p class='ocr_par' dir='ltr' id='par_1_18' title="bbox 409 1555 1969 1624">
     <span class='ocr_line' id='line_1_18' title="bbox 409 1555 1969 1624; baseline 0.008 -29"><span class='ocrx_word' id='word_1_108' title='bbox 409 1561 684 1613; x_wconf 78' lang='lat' dir='ltr'><strong>nunquam</strong></span> <span class='ocrx_word' id='word_1_109' title='bbox 729 1564 852 1605; x_wconf 88' lang='lat' dir='ltr'><strong>eam</strong></span> <span class='ocrx_word' id='word_1_110' title='bbox 898 1555 943 1607; x_wconf 91' lang='lat' dir='ltr'><strong>si</strong></span> <span class='ocrx_word' id='word_1_111' title='bbox 995 1555 1432 1624; x_wconf 75' lang='lat' dir='ltr'><strong>conviciareturj,</strong></span> <span class='ocrx_word' id='word_1_112' title='bbox 1473 1555 1722 1610; x_wconf 80' lang='lat' dir='ltr'><strong>dixisset.</strong></span> <span class='ocrx_word' id='word_1_113' title='bbox 1762 1557 1830 1607; x_wconf 85' lang='lat' dir='ltr'><strong>At</strong></span> <span class='ocrx_word' id='word_1_114' title='bbox 1880 1556 1969 1609; x_wconf 89' lang='lat' dir='ltr'><strong>isti</strong></span> 
     </span>
    </p>
   </div>
   <div class='ocr_carea' id='block_1_19' title="bbox 410 1637 1964 1727">
    <p class='ocr_par' dir='ltr' id='par_1_19' title="bbox 410 1637 1964 1727">
     <span class='ocr_line' id='line_1_19' title="bbox 410 1637 1964 1727; baseline 0.008 -42"><span class='ocrx_word' id='word_1_115' title='bbox 410 1637 646 1727; x_wconf 75' lang='lat' dir='ltr'><strong>dictione</strong></span> <span class='ocrx_word' id='word_1_116' title='bbox 675 1657 783 1694; x_wconf 92' lang='lat' dir='ltr'><strong>non</strong></span> <span class='ocrx_word' id='word_1_117' title='bbox 827 1644 1125 1707; x_wconf 90' lang='lat' dir='ltr'><strong>intellecta,</strong></span> <span class='ocrx_word' id='word_1_118' title='bbox 1167 1646 1234 1699; x_wconf 89' lang='lat' dir='ltr'><strong>ad</strong></span> <span class='ocrx_word' id='word_1_119' title='bbox 1291 1643 1547 1717; x_wconf 87' lang='lat' dir='ltr'><strong>Syriacas</strong></span> <span class='ocrx_word' id='word_1_120' title='bbox 1574 1649 1855 1717; x_wconf 87' lang='lat' dir='ltr'><strong>anilesque</strong></span> <span class='ocrx_word' id='word_1_121' title='bbox 1883 1647 1964 1698; x_wconf 88' lang='lat' dir='ltr'><strong>l&#39;a-</strong></span> 
     </span>
    </p>
   </div>
   <div class='ocr_carea' id='block_1_20' title="bbox 409 1727 1029 1791">
    <p class='ocr_par' dir='ltr' id='par_1_20' title="bbox 409 1727 1029 1791">
     <span class='ocr_line' id='line_1_20' title="bbox 409 1727 1029 1791; baseline 0.019 -13"><span class='ocrx_word' id='word_1_122' title='bbox 409 1727 562 1782; x_wconf 80' lang='lat' dir='ltr'><strong>bulas</strong></span> <span class='ocrx_word' id='word_1_123' title='bbox 597 1736 845 1789; x_wconf 86' lang='lat' dir='ltr'><strong>conversi</strong></span> <span class='ocrx_word' id='word_1_124' title='bbox 880 1746 1029 1791; x_wconf 80' lang='lat' dir='ltr'><strong>sunt.</strong></span> 
     </span>
    </p>
   </div>
   <div class='ocr_carea' id='block_1_21' title="bbox 2079 547 3646 625">
    <p class='ocr_par' dir='ltr' id='par_1_21' title="bbox 2079 547 3646 625">
     <span class='ocr_line' id='line_1_21' title="bbox 2079 547 3646 625; baseline -0.006 -18"><span class='ocrx_word' id='word_1_125' title='bbox 2079 555 2396 625; x_wconf 83' lang='grc' dir='ltr'>περιστερά·</span> <span class='ocrx_word' id='word_1_126' title='bbox 2431 555 2458 606; x_wconf 89' lang='grc' dir='ltr'><strong>ό</strong></span> <span class='ocrx_word' id='word_1_127' title='bbox 2487 553 2582 624; x_wconf 81' lang='grc' dir='ltr'><strong>μὲν</strong></span> <span class='ocrx_word' id='word_1_128' title='bbox 2602 550 2692 607; x_wconf 76' lang='grc' dir='ltr'>οὖν</span> <span class='ocrx_word' id='word_1_129' title='bbox 2727 554 3032 624; x_wconf 76' lang='grc' dir='ltr'><strong>προφήτης,</strong></span> <span class='ocrx_word' id='word_1_130' title='bbox 3070 551 3224 602; x_wconf 81' lang='grc' dir='ltr'>Ἰωνᾶ</span> <span class='ocrx_word' id='word_1_131' title='bbox 3243 547 3340 601; x_wconf 79' lang='grc' dir='ltr'><strong>τοῦ</strong></span> <span class='ocrx_word' id='word_1_132' title='bbox 3363 549 3646 618; x_wconf 76' lang='grc' dir='ltr'><strong>προφήτου</strong></span> 
     </span>
    </p>
   </div>
   <div class='ocr_carea' id='block_1_22' title="bbox 2081 636 3646 714">
    <p class='ocr_par' dir='ltr' id='par_1_22' title="bbox 2081 636 3646 714">
     <span class='ocr_line' id='line_1_22' title="bbox 2081 636 3646 714; baseline -0.006 -18"><span class='ocrx_word' id='word_1_133' title='bbox 2081 644 2232 696; x_wconf 85' lang='grc' dir='ltr'>πόλιν</span> <span class='ocrx_word' id='word_1_134' title='bbox 2265 644 2434 714; x_wconf 76' lang='grc' dir='ltr'>αὑτὴν</span> <span class='ocrx_word' id='word_1_135' title='bbox 2471 642 2712 714; x_wconf 82' lang='grc' dir='ltr'>βούλεται</span> <span class='ocrx_word' id='word_1_136' title='bbox 2744 641 2923 708; x_wconf 83' lang='grc' dir='ltr'>λέγειν</span> <span class='ocrx_word' id='word_1_137' title='bbox 2949 640 3037 693; x_wconf 64' lang='lat' dir='ltr'><strong>se;</strong></span> <span class='ocrx_word' id='word_1_138' title='bbox 3065 638 3126 690; x_wconf 80' lang='grc' dir='ltr'>τὸ</span> <span class='ocrx_word' id='word_1_139' title='bbox 3149 636 3336 690; x_wconf 78' lang='grc' dir='ltr'><strong>αὐτόθι</strong></span> <span class='ocrx_word' id='word_1_140' title='bbox 3362 636 3594 708; x_wconf 76' lang='grc' dir='ltr'>κηρύξαι</span> <span class='ocrx_word' id='word_1_141' title='bbox 3627 650 3646 663; x_wconf 66' lang='grc' dir='ltr'><strong><em>θ</em></strong></span> 
     </span>
    </p>
   </div>
   <div class='ocr_carea' id='block_1_23' title="bbox 2081 723 3642 805">
    <p class='ocr_par' dir='ltr' id='par_1_23' title="bbox 2081 723 3642 805">
     <span class='ocr_line' id='line_1_23' title="bbox 2081 723 3642 805; baseline -0.004 -21"><span class='ocrx_word' id='word_1_142' title='bbox 2081 736 2107 784; x_wconf 87' lang='grc' dir='ltr'><strong>ὁ</strong></span> <span class='ocrx_word' id='word_1_143' title='bbox 2140 733 2474 805; x_wconf 81' lang='grc' dir='ltr'>ἑρμηνεύσας</span> <span class='ocrx_word' id='word_1_144' title='bbox 2501 734 2576 796; x_wconf 81' lang='grc' dir='ltr'><strong>δὲ,</strong></span> <span class='ocrx_word' id='word_1_145' title='bbox 2595 731 2924 802; x_wconf 76' lang='grc' dir='ltr'>περιστερὰν</span> <span class='ocrx_word' id='word_1_146' title='bbox 2951 729 3120 797; x_wconf 83' lang='grc' dir='ltr'>αὑτὴν</span> <span class='ocrx_word' id='word_1_147' title='bbox 3151 723 3270 780; x_wconf 73' lang='grc' dir='ltr'>εἷπε</span> <span class='ocrx_word' id='word_1_148' title='bbox 3297 726 3642 795; x_wconf 86' lang='grc' dir='ltr'>διασφαλείς.</span> 
     </span>
    </p>
   </div>
   <div class='ocr_carea' id='block_1_24' title="bbox 2083 818 3640 894">
    <p class='ocr_par' dir='ltr' id='par_1_24' title="bbox 2083 818 3640 894">
     <span class='ocr_line' id='line_1_24' title="bbox 2083 818 3640 894; baseline -0.004 -18"><span class='ocrx_word' id='word_1_149' title='bbox 2083 826 2214 894; x_wconf 77' lang='grc' dir='ltr'>Περὶ</span> <span class='ocrx_word' id='word_1_150' title='bbox 2241 825 2338 894; x_wconf 72' lang='grc' dir='ltr'><strong>μὲν</strong></span> <span class='ocrx_word' id='word_1_151' title='bbox 2369 821 2460 878; x_wconf 80' lang='grc' dir='ltr'>οὖν</span> <span class='ocrx_word' id='word_1_152' title='bbox 2509 823 2601 876; x_wconf 79' lang='grc' dir='ltr'><strong>τοῦ</strong></span> <span class='ocrx_word' id='word_1_153' title='bbox 2649 825 2722 894; x_wconf 78' lang='grc' dir='ltr'>μὴ</span> <span class='ocrx_word' id='word_1_154' title='bbox 2754 825 2878 885; x_wconf 77' lang='grc' dir='ltr'>τοὺς</span> <span class='ocrx_word' id='word_1_155' title='bbox 2919 820 3317 892; x_wconf 80' lang='grc' dir='ltr'>Ἐὅδομήκοντα</span> <span class='ocrx_word' id='word_1_156' title='bbox 3357 818 3640 886; x_wconf 80' lang='grc' dir='ltr'>ἐσφάλθαι,</span> 
     </span>
    </p>
   </div>
   <div class='ocr_carea' id='block_1_25' title="bbox 2080 908 3643 982">
    <p class='ocr_par' dir='ltr' id='par_1_25' title="bbox 2080 908 3643 982">
     <span class='ocr_line' id='line_1_25' title="bbox 2080 908 3643 982; baseline -0.003 -17"><span class='ocrx_word' id='word_1_157' title='bbox 2080 916 2158 982; x_wconf 89' lang='lat' dir='ltr'><strong>(p.</strong></span> <span class='ocrx_word' id='word_1_158' title='bbox 2187 913 2310 980; x_wconf 66' lang='lat'><strong>401)</strong></span> <span class='ocrx_word' id='word_1_159' title='bbox 2350 913 2439 965; x_wconf 83' lang='grc' dir='ltr'><strong>τὸν</strong></span> <span class='ocrx_word' id='word_1_160' title='bbox 2459 913 2514 965; x_wconf 81' lang='grc' dir='ltr'><strong>δὲ</strong></span> <span class='ocrx_word' id='word_1_161' title='bbox 2541 914 2620 976; x_wconf 81' lang='grc' dir='ltr'><strong>εἱς</strong></span> <span class='ocrx_word' id='word_1_162' title='bbox 2644 913 2744 982; x_wconf 77' lang='grc' dir='ltr'><strong>τὴν</strong></span> <span class='ocrx_word' id='word_1_163' title='bbox 2774 911 2962 982; x_wconf 81' lang='grc' dir='ltr'><strong>Σύρων</strong></span> <span class='ocrx_word' id='word_1_164' title='bbox 2992 909 3238 978; x_wconf 88' lang='grc' dir='ltr'>γλῶτταν</span> <span class='ocrx_word' id='word_1_165' title='bbox 3259 908 3643 979; x_wconf 74' lang='grc' dir='ltr'>ἡρμηνευκότα</span> 
     </span>
    </p>
   </div>
   <div class='ocr_carea' id='block_1_26' title="bbox 2077 997 3644 1076">
    <p class='ocr_par' dir='ltr' id='par_1_26' title="bbox 2077 997 3644 1076">
     <span class='ocr_line' id='line_1_26' title="bbox 2077 997 3644 1076; baseline -0.004 -20"><span class='ocrx_word' id='word_1_166' title='bbox 2077 1006 2176 1075; x_wconf 74' lang='grc' dir='ltr'>τὴν</span> <span class='ocrx_word' id='word_1_167' title='bbox 2208 1005 2426 1076; x_wconf 83' lang='grc' dir='ltr'>Γραφὴν</span> <span class='ocrx_word' id='word_1_168' title='bbox 2463 1004 2639 1075; x_wconf 88' lang='grc' dir='ltr'>πολλῷ</span> <span class='ocrx_word' id='word_1_169' title='bbox 2679 1003 3008 1072; x_wconf 84' lang='grc' dir='ltr'>δικαιότερον</span> <span class='ocrx_word' id='word_1_170' title='bbox 3047 1002 3112 1054; x_wconf 85' lang='grc' dir='ltr'>ἂν</span> <span class='ocrx_word' id='word_1_171' title='bbox 3141 998 3455 1070; x_wconf 83' lang='grc' dir='ltr'>νομισθῆναι</span> <span class='ocrx_word' id='word_1_172' title='bbox 3485 997 3644 1051; x_wconf 80' lang='grc' dir='ltr'>τοῦτο</span> 
     </span>
    </p>
   </div>
   <div class='ocr_carea' id='block_1_27' title="bbox 2085 1091 3646 1168">
    <p class='ocr_par' dir='ltr' id='par_1_27' title="bbox 2085 1091 3646 1168">
     <span class='ocr_line' id='line_1_27' title="bbox 2085 1091 3646 1168; baseline -0.003 -21"><span class='ocrx_word' id='word_1_173' title='bbox 2085 1096 2428 1159; x_wconf 77' lang='grc' dir='ltr'><strong>πεπονθέναι,</strong></span> <span class='ocrx_word' id='word_1_174' title='bbox 2451 1096 2662 1168; x_wconf 71' lang='grc' dir='ltr'>εἴρηται</span> <span class='ocrx_word' id='word_1_175' title='bbox 2684 1095 2914 1167; x_wconf 81' lang='grc' dir='ltr'><strong>πρόσθεν</strong></span> <span class='ocrx_word' id='word_1_176' title='bbox 2943 1096 3077 1164; x_wconf 79' lang='grc' dir='ltr'>ἡμῖν</span> <span class='ocrx_word' id='word_1_177' title='bbox 3099 1091 3410 1164; x_wconf 84' lang='grc' dir='ltr'>ἀρκούντως</span> <span class='ocrx_word' id='word_1_178' title='bbox 3427 1108 3441 1120; x_wconf 87' lang='grc'><strong>·</strong></span> <span class='ocrx_word' id='word_1_179' title='bbox 3468 1091 3646 1144; x_wconf 80' lang='grc' dir='ltr'>ἐκεῖνο</span> 
     </span>
    </p>
   </div>
   <div class='ocr_carea' id='block_1_28' title="bbox 2077 1181 3641 1256">
    <p class='ocr_par' dir='ltr' id='par_1_28' title="bbox 2077 1181 3641 1256">
     <span class='ocr_line' id='line_1_28' title="bbox 2077 1181 3641 1256; baseline -0.004 -18"><span class='ocrx_word' id='word_1_180' title='bbox 2077 1187 2131 1238; x_wconf 76' lang='grc' dir='ltr'>δὲ</span> <span class='ocrx_word' id='word_1_181' title='bbox 2157 1188 2206 1238; x_wconf 80' lang='grc' dir='ltr'><strong>οἱ</strong></span> <span class='ocrx_word' id='word_1_182' title='bbox 2235 1185 2534 1256; x_wconf 72' lang='grc' dir='ltr'>θαυμαστοὶ</span> <span class='ocrx_word' id='word_1_183' title='bbox 2575 1185 2857 1256; x_wconf 81' lang='grc' dir='ltr'>μυθολόγοι</span> <span class='ocrx_word' id='word_1_184' title='bbox 2889 1185 3002 1248; x_wconf 83' lang='grc' dir='ltr'><strong>πῶς</strong></span> <span class='ocrx_word' id='word_1_185' title='bbox 3033 1185 3092 1236; x_wconf 89' lang='grc' dir='ltr'>οὑ</span> <span class='ocrx_word' id='word_1_186' title='bbox 3131 1182 3364 1236; x_wconf 76' lang='grc' dir='ltr'><strong>συνεῖδον</strong></span> <span class='ocrx_word' id='word_1_187' title='bbox 3395 1182 3476 1234; x_wconf 84' lang='grc' dir='ltr'>ὅτι</span> <span class='ocrx_word' id='word_1_188' title='bbox 3501 1181 3641 1234; x_wconf 86' lang='grc' dir='ltr'>όνει-</span> 
     </span>
    </p>
   </div>
   <div class='ocr_carea' id='block_1_29' title="bbox 2086 1273 3643 1349">
    <p class='ocr_par' dir='ltr' id='par_1_29' title="bbox 2086 1273 3643 1349">
     <span class='ocr_line' id='line_1_29' title="bbox 2086 1273 3643 1349; baseline -0.004 -18"><span class='ocrx_word' id='word_1_189' title='bbox 2086 1279 2242 1342; x_wconf 79' lang='grc' dir='ltr'>δίζων</span> <span class='ocrx_word' id='word_1_190' title='bbox 2277 1281 2349 1349; x_wconf 80' lang='grc' dir='ltr'>τῇ</span> <span class='ocrx_word' id='word_1_191' title='bbox 2381 1277 2531 1330; x_wconf 89' lang='grc' dir='ltr'>πόλει</span> <span class='ocrx_word' id='word_1_192' title='bbox 2557 1277 2723 1346; x_wconf 86' lang='grc' dir='ltr'>λέγει,</span> <span class='ocrx_word' id='word_1_193' title='bbox 2765 1297 2784 1330; x_wconf 71' lang='grc' dir='ltr'><strong>ι</strong></span> <span class='ocrx_word' id='word_1_194' title='bbox 2827 1273 2902 1330; x_wconf 81' lang='grc' dir='ltr'><strong><em>Ὦ</em></strong></span> <span class='ocrx_word' id='word_1_195' title='bbox 2930 1274 3196 1345; x_wconf 83' lang='grc' dir='ltr'>ἐπιφανὴς</span> <span class='ocrx_word' id='word_1_196' title='bbox 3244 1275 3336 1327; x_wconf 79' lang='grc' dir='ltr'><strong>καὶ</strong></span> <span class='ocrx_word' id='word_1_197' title='bbox 3376 1273 3643 1345; x_wconf 79' lang='grc' dir='ltr'>λελυτρω-</span> 
     </span>
    </p>
   </div>
   <div class='ocr_carea' id='block_1_30' title="bbox 2083 1361 3645 1440">
    <p class='ocr_par' dir='ltr' id='par_1_30' title="bbox 2083 1361 3645 1440">
     <span class='ocr_line' id='line_1_30' title="bbox 2083 1361 3645 1440; baseline -0.004 -20"><span class='ocrx_word' id='word_1_198' title='bbox 2083 1369 2215 1440; x_wconf 90' lang='grc' dir='ltr'>μένη</span> <span class='ocrx_word' id='word_1_199' title='bbox 2274 1367 2444 1431; x_wconf 83' lang='grc' dir='ltr'><strong>πόλις,</strong></span> <span class='ocrx_word' id='word_1_200' title='bbox 2475 1368 2508 1436; x_wconf 86' lang='grc' dir='ltr'>ἡ</span> <span class='ocrx_word' id='word_1_201' title='bbox 2562 1367 2894 1438; x_wconf 84' lang='grc' dir='ltr'>περιστερά;</span> <span class='ocrx_word' id='word_1_202' title='bbox 2935 1385 2953 1417; x_wconf 71' lang='grc' dir='ltr'><strong>ι</strong></span> <span class='ocrx_word' id='word_1_203' title='bbox 3011 1363 3240 1419; x_wconf 80' lang='grc' dir='ltr'>τοιαῦτα</span> <span class='ocrx_word' id='word_1_204' title='bbox 3281 1363 3389 1434; x_wconf 81' lang='grc' dir='ltr'>γὰρ</span> <span class='ocrx_word' id='word_1_205' title='bbox 3431 1362 3524 1415; x_wconf 79' lang='grc' dir='ltr'>καὶ</span> <span class='ocrx_word' id='word_1_206' title='bbox 3570 1361 3645 1414; x_wconf 83' lang='grc' dir='ltr'><strong>τά</strong></span> 
     </span>
    </p>
   </div>
   <div class='ocr_carea' id='block_1_31' title="bbox 2074 1451 3640 1529">
    <p class='ocr_par' dir='ltr' id='par_1_31' title="bbox 2074 1451 3640 1529">
     <span class='ocr_line' id='line_1_31' title="bbox 2074 1451 3640 1529; baseline -0.005 -17"><span class='ocrx_word' id='word_1_207' title='bbox 2074 1458 2221 1529; x_wconf 80' lang='grc' dir='ltr'>ἑξῆς,</span> <span class='ocrx_word' id='word_1_208' title='bbox 2253 1453 2363 1512; x_wconf 74' lang='grc' dir='ltr'>οἷον</span> <span class='ocrx_word' id='word_1_209' title='bbox 2394 1459 2507 1510; x_wconf 80' lang='grc' dir='ltr'>ἐστὶ</span> <span class='ocrx_word' id='word_1_210' title='bbox 2533 1459 2626 1510; x_wconf 76' lang='grc' dir='ltr'><strong>καὶ</strong></span> <span class='ocrx_word' id='word_1_211' title='bbox 2656 1459 2806 1528; x_wconf 85' lang='grc' dir='ltr'><strong>παρά</strong></span> <span class='ocrx_word' id='word_1_212' title='bbox 2837 1456 2914 1528; x_wconf 79' lang='grc' dir='ltr'><strong>τῷ</strong></span> <span class='ocrx_word' id='word_1_213' title='bbox 2943 1457 3136 1524; x_wconf 83' lang='grc' dir='ltr'>Ναοὺμ</span> <span class='ocrx_word' id='word_1_214' title='bbox 3167 1454 3275 1520; x_wconf 56' lang='lat' dir='ltr'><strong>tim</strong></span> <span class='ocrx_word' id='word_1_215' title='bbox 3297 1453 3472 1524; x_wconf 87' lang='grc' dir='ltr'>Πόρνη</span> <span class='ocrx_word' id='word_1_216' title='bbox 3503 1451 3640 1520; x_wconf 83' lang='grc' dir='ltr'>καλὴ</span> 
     </span>
    </p>
   </div>
   <div class='ocr_carea' id='block_1_32' title="bbox 2073 1544 3642 1620">
    <p class='ocr_par' dir='ltr' id='par_1_32' title="bbox 2073 1544 3642 1620">
     <span class='ocr_line' id='line_1_32' title="bbox 2073 1544 3642 1620; baseline -0.004 -18"><span class='ocrx_word' id='word_1_217' title='bbox 2073 1551 2166 1602; x_wconf 76' lang='grc' dir='ltr'><strong>καὶ</strong></span> <span class='ocrx_word' id='word_1_218' title='bbox 2203 1550 2522 1620; x_wconf 79' lang='grc' dir='ltr'>ἐπίχαριςί</span> <span class='ocrx_word' id='word_1_219' title='bbox 2555 1550 2754 1620; x_wconf 88' lang='grc' dir='ltr'>ὁμοίως</span> <span class='ocrx_word' id='word_1_220' title='bbox 2783 1547 2888 1620; x_wconf 78' lang='grc' dir='ltr'>γὰρ</span> <span class='ocrx_word' id='word_1_221' title='bbox 2914 1550 3050 1619; x_wconf 80' lang='grc' dir='ltr'>αὑτῇ</span> <span class='ocrx_word' id='word_1_222' title='bbox 3078 1545 3354 1604; x_wconf 68' lang='grc' dir='ltr'>κάνταῦθα</span> <span class='ocrx_word' id='word_1_223' title='bbox 3394 1544 3642 1606; x_wconf 82' lang='grc' dir='ltr'>ὀνειδίζει</span> 
     </span>
    </p>
   </div>
   <div class='ocr_carea' id='block_1_33' title="bbox 2071 1635 3644 1714">
    <p class='ocr_par' dir='ltr' id='par_1_33' title="bbox 2071 1635 3644 1714">
     <span class='ocr_line' id='line_1_33' title="bbox 2071 1635 3644 1714; baseline -0.005 -20"><span class='ocrx_word' id='word_1_224' title='bbox 2071 1643 2156 1710; x_wconf 78' lang='grc' dir='ltr'>ἐφ’</span> <span class='ocrx_word' id='word_1_225' title='bbox 2246 1641 2477 1711; x_wconf 83' lang='grc' dir='ltr'>πρόσθεν</span> <span class='ocrx_word' id='word_1_226' title='bbox 2505 1641 2823 1710; x_wconf 79' lang='grc' dir='ltr'>ἐσεμνύνετο</span> <span class='ocrx_word' id='word_1_227' title='bbox 2852 1639 3148 1711; x_wconf 77' lang='grc' dir='ltr'>εὐπρεπείᾳ</span> <span class='ocrx_word' id='word_1_228' title='bbox 3168 1655 3180 1667; x_wconf 89' lang='grc'><strong>·</strong></span> <span class='ocrx_word' id='word_1_229' title='bbox 3215 1637 3369 1690; x_wconf 79' lang='grc' dir='ltr'>Ἰωνᾶ</span> <span class='ocrx_word' id='word_1_230' title='bbox 3395 1636 3450 1688; x_wconf 77' lang='grc' dir='ltr'>δὲ</span> <span class='ocrx_word' id='word_1_231' title='bbox 3488 1635 3644 1688; x_wconf 87' lang='grc' dir='ltr'>πόλιν</span> 
     </span>
    </p>
   </div>
   <div class='ocr_carea' id='block_1_34' title="bbox 2071 1725 3641 1804">
    <p class='ocr_par' dir='ltr' id='par_1_34' title="bbox 2071 1725 3641 1804">
     <span class='ocr_line' id='line_1_34' title="bbox 2071 1725 3641 1804; baseline -0.006 -18"><span class='ocrx_word' id='word_1_232' title='bbox 2071 1733 2238 1804; x_wconf 82' lang='grc' dir='ltr'>αὑτὴν</span> <span class='ocrx_word' id='word_1_233' title='bbox 2289 1731 2381 1784; x_wconf 80' lang='grc' dir='ltr'><strong>τοῦ</strong></span> <span class='ocrx_word' id='word_1_234' title='bbox 2434 1731 2715 1800; x_wconf 77' lang='grc' dir='ltr'>προφήτου</span> <span class='ocrx_word' id='word_1_235' title='bbox 2765 1732 2851 1784; x_wconf 84' lang='grc' dir='ltr'><strong>διὰ</strong></span> <span class='ocrx_word' id='word_1_236' title='bbox 2881 1731 2943 1782; x_wconf 80' lang='grc' dir='ltr'><strong>τὸ</strong></span> <span class='ocrx_word' id='word_1_237' title='bbox 2987 1729 3046 1794; x_wconf 83' lang='grc' dir='ltr'><strong>ἐξ</strong></span> <span class='ocrx_word' id='word_1_238' title='bbox 3093 1728 3301 1782; x_wconf 87' lang='grc' dir='ltr'>ἐκείνου</span> <span class='ocrx_word' id='word_1_239' title='bbox 3351 1725 3641 1780; x_wconf 81' lang='grc' dir='ltr'>σεσῶσθαι.</span> 
     </span>
    </p>
   </div>
   <div class='ocr_carea' id='block_1_35' title="bbox 408 1819 3658 1901">
    <p class='ocr_par' dir='ltr' id='par_1_35' title="bbox 408 1819 3658 1901">
     <span class='ocr_line' id='line_1_35' title="bbox 408 1819 3658 1901; baseline 0 -32"><span class='ocrx_word' id='word_1_240' title='bbox 408 1823 504 1870; x_wconf 67' lang='grc' dir='ltr'><strong>οὐκ</strong></span> <span class='ocrx_word' id='word_1_241' title='bbox 526 1823 589 1873; x_wconf 77' lang='grc' dir='ltr'>ἄν</span> <span class='ocrx_word' id='word_1_242' title='bbox 618 1839 746 1876; x_wconf 89' lang='grc' dir='ltr'>ποτε</span> <span class='ocrx_word' id='word_1_243' title='bbox 766 1826 1038 1891; x_wconf 73' lang='grc' dir='ltr'>ὀνειδίζων</span> <span class='ocrx_word' id='word_1_244' title='bbox 1058 1829 1181 1900; x_wconf 77' lang='grc' dir='ltr'>ἔφη·</span> <span class='ocrx_word' id='word_1_245' title='bbox 1209 1829 1324 1882; x_wconf 79' lang='grc' dir='ltr'>ἀλλ’</span> <span class='ocrx_word' id='word_1_246' title='bbox 1353 1832 1402 1884; x_wconf 87' lang='grc' dir='ltr'>οἱ</span> <span class='ocrx_word' id='word_1_247' title='bbox 1439 1831 1534 1901; x_wconf 83' lang='grc' dir='ltr'><strong>μὲν</strong></span> <span class='ocrx_word' id='word_1_248' title='bbox 1554 1832 1622 1884; x_wconf 68' lang='grc' dir='ltr'><strong>οὑΔ</strong></span> <span class='ocrx_word' id='word_1_249' title='bbox 1648 1829 1957 1901; x_wconf 80' lang='grc' dir='ltr'>νενοηκότες</span> <span class='ocrx_word' id='word_1_250' title='bbox 1991 1827 2050 1880; x_wconf 84' lang='grc' dir='ltr'><strong>τὸ</strong></span> <span class='ocrx_word' id='word_1_251' title='bbox 2071 1823 2380 1896; x_wconf 80' lang='grc' dir='ltr'><strong>εἰρημένον,</strong></span> <span class='ocrx_word' id='word_1_252' title='bbox 2412 1824 2504 1876; x_wconf 74' lang='grc' dir='ltr'><strong>ἐπὶ</strong></span> <span class='ocrx_word' id='word_1_253' title='bbox 2536 1819 2831 1889; x_wconf 79' lang='grc' dir='ltr'>Συριακούς</span> <span class='ocrx_word' id='word_1_254' title='bbox 2860 1837 2920 1874; x_wconf 85' lang='grc' dir='ltr'><strong>τε</strong></span> <span class='ocrx_word' id='word_1_255' title='bbox 2945 1824 3033 1876; x_wconf 75' lang='grc' dir='ltr'>καὶ</span> <span class='ocrx_word' id='word_1_256' title='bbox 3061 1820 3323 1892; x_wconf 84' lang='grc' dir='ltr'><strong>γραώδεις</strong></span> <span class='ocrx_word' id='word_1_257' title='bbox 3345 1821 3658 1890; x_wconf 71' lang='grc' dir='ltr'>ἐτράποντοτ</span> 
     </span>
    </p>
   </div>
   <div class='ocr_carea' id='block_1_36' title="bbox 411 1909 631 1978">
    <p class='ocr_par' dir='ltr' id='par_1_36' title="bbox 411 1909 631 1978">
     <span class='ocr_line' id='line_1_36' title="bbox 411 1909 631 1978; baseline 0.005 -15"><span class='ocrx_word' id='word_1_258' title='bbox 411 1909 631 1978; x_wconf 78' lang='grc' dir='ltr'>μύθους.</span> 
     </span>
    </p>
   </div>
   <div class='ocr_carea' id='block_1_37' title="bbox 483 2094 2041 2174">
    <p class='ocr_par' dir='ltr' id='par_1_37' title="bbox 483 2094 2041 2174">
     <span class='ocr_line' id='line_1_37' title="bbox 483 2094 2041 2174; baseline 0.007 -28"><span class='ocrx_word' id='word_1_259' title='bbox 483 2094 646 2150; x_wconf 72' lang='lat' dir='ltr'><strong>Vrns.</strong></span> <span class='ocrx_word' id='word_1_260' title='bbox 675 2097 795 2153; x_wconf 83' lang='lat'><strong>5-6.</strong></span> <span class='ocrx_word' id='word_1_261' title='bbox 821 2129 890 2140; x_wconf 56' lang='grc' dir='ltr'><strong>η·-</strong></span> <span class='ocrx_word' id='word_1_262' title='bbox 925 2103 1126 2162; x_wconf 81' lang='lat' dir='ltr'><strong>Verum</strong></span> <span class='ocrx_word' id='word_1_263' title='bbox 1187 2104 1448 2174; x_wconf 76' lang='lat' dir='ltr'><strong>propheta</strong></span> <span class='ocrx_word' id='word_1_264' title='bbox 1479 2115 1842 2159; x_wconf 86' lang='lat' dir='ltr'><strong>conscntanee</strong></span> <span class='ocrx_word' id='word_1_265' title='bbox 1876 2121 1964 2158; x_wconf 52' lang='lat' dir='ltr'><strong>se-</strong></span> <span class='ocrx_word' id='word_1_266' title='bbox 2001 2107 2041 2164; x_wconf 78' lang='grc' dir='ltr'><strong>Β</strong></span> 
     </span>
    </p>
   </div>
   <div class='ocr_carea' id='block_1_38' title="bbox 410 2185 1971 2264">
    <p class='ocr_par' dir='ltr' id='par_1_38' title="bbox 410 2185 1971 2264">
     <span class='ocr_line' id='line_1_38' title="bbox 410 2185 1971 2264; baseline 0.005 -27"><span class='ocrx_word' id='word_1_267' title='bbox 410 2185 630 2252; x_wconf 86' lang='lat' dir='ltr'><strong>quentia</strong></span> <span class='ocrx_word' id='word_1_268' title='bbox 681 2204 898 2260; x_wconf 90' lang='lat' dir='ltr'><strong>quoque</strong></span> <span class='ocrx_word' id='word_1_269' title='bbox 956 2194 1140 2257; x_wconf 90' lang='lat' dir='ltr'><strong>addit,</strong></span> <span class='ocrx_word' id='word_1_270' title='bbox 1184 2195 1420 2264; x_wconf 89' lang='lat' dir='ltr'><strong>priscam</strong></span> <span class='ocrx_word' id='word_1_271' title='bbox 1467 2197 1613 2250; x_wconf 91' lang='lat' dir='ltr'><strong>illius</strong></span> <span class='ocrx_word' id='word_1_272' title='bbox 1661 2195 1971 2250; x_wconf 80' lang='lat' dir='ltr'><strong>felicitatem</strong></span> 
     </span>
    </p>
   </div>
   <div class='ocr_carea' id='block_1_39' title="bbox 411 2280 1966 2345">
    <p class='ocr_par' dir='ltr' id='par_1_39' title="bbox 411 2280 1966 2345">
     <span class='ocr_line' id='line_1_39' title="bbox 411 2280 1966 2345; baseline 0.007 -15"><span class='ocrx_word' id='word_1_273' title='bbox 411 2280 616 2336; x_wconf 85' lang='lat' dir='ltr'><strong>ironice</strong></span> <span class='ocrx_word' id='word_1_274' title='bbox 638 2283 798 2338; x_wconf 90' lang='lat' dir='ltr'><strong>simul</strong></span> <span class='ocrx_word' id='word_1_275' title='bbox 839 2291 892 2340; x_wconf 91' lang='lat' dir='ltr'><strong>et</strong></span> <span class='ocrx_word' id='word_1_276' title='bbox 926 2300 1048 2340; x_wconf 91' lang='lat' dir='ltr'><strong>cum</strong></span> <span class='ocrx_word' id='word_1_277' title='bbox 1074 2289 1323 2343; x_wconf 91' lang='lat' dir='ltr'><strong>convicio</strong></span> <span class='ocrx_word' id='word_1_278' title='bbox 1360 2304 1707 2345; x_wconf 87' lang='lat' dir='ltr'><strong>memorans:</strong></span> <span class='ocrx_word' id='word_1_279' title='bbox 1748 2307 1766 2339; x_wconf 73' lang='grc' dir='ltr'><strong>ι</strong></span> <span class='ocrx_word' id='word_1_280' title='bbox 1801 2289 1966 2341; x_wconf 88' lang='lat' dir='ltr'><strong>Prin-</strong></span> 
     </span>
    </p>
   </div>
   <div class='ocr_carea' id='block_1_40' title="bbox 411 2371 1972 2448">
    <p class='ocr_par' dir='ltr' id='par_1_40' title="bbox 411 2371 1972 2448">
     <span class='ocr_line' id='line_1_40' title="bbox 411 2371 1972 2448; baseline 0.008 -27"><span class='ocrx_word' id='word_1_281' title='bbox 411 2371 558 2439; x_wconf 78' lang='lat' dir='ltr'><strong>cipes</strong></span> <span class='ocrx_word' id='word_1_282' title='bbox 580 2371 698 2442; x_wconf 89' lang='lat' dir='ltr'><strong>ejus</strong></span> <span class='ocrx_word' id='word_1_283' title='bbox 726 2373 782 2428; x_wconf 93' lang='lat' dir='ltr'><strong>in</strong></span> <span class='ocrx_word' id='word_1_284' title='bbox 817 2390 878 2431; x_wconf 91' lang='lat' dir='ltr'><strong>ea</strong></span> <span class='ocrx_word' id='word_1_285' title='bbox 903 2377 1067 2430; x_wconf 89' lang='lat' dir='ltr'><strong>veluti</strong></span> <span class='ocrx_word' id='word_1_286' title='bbox 1097 2379 1374 2448; x_wconf 82' lang='lat' dir='ltr'><strong>rugientes</strong></span> <span class='ocrx_word' id='word_1_287' title='bbox 1404 2381 1605 2434; x_wconf 82' lang='lat' dir='ltr'><strong>leones.</strong></span> <span class='ocrx_word' id='word_1_288' title='bbox 1645 2397 1664 2431; x_wconf 86' lang='grc'>›</span> <span class='ocrx_word' id='word_1_289' title='bbox 1693 2379 1840 2433; x_wconf 83' lang='lat' dir='ltr'><strong>Adeo</strong></span> <span class='ocrx_word' id='word_1_290' title='bbox 1875 2395 1972 2448; x_wconf 82' lang='lat' dir='ltr'><strong>po-</strong></span> 
     </span>
    </p>
   </div>
   <div class='ocr_carea' id='block_1_41' title="bbox 412 2467 1972 2540">
    <p class='ocr_par' dir='ltr' id='par_1_41' title="bbox 412 2467 1972 2540">
     <span class='ocr_line' id='line_1_41' title="bbox 412 2467 1972 2540; baseline 0.005 -24"><span class='ocrx_word' id='word_1_291' title='bbox 412 2473 622 2528; x_wconf 75' lang='lat' dir='ltr'><strong>tentes,</strong></span> <span class='ocrx_word' id='word_1_292' title='bbox 671 2473 725 2520; x_wconf 91' lang='lat' dir='ltr'><strong>et</strong></span> <span class='ocrx_word' id='word_1_293' title='bbox 761 2467 1025 2524; x_wconf 87' lang='lat' dir='ltr'><strong>adversus</strong></span> <span class='ocrx_word' id='word_1_294' title='bbox 1061 2483 1251 2525; x_wconf 86' lang='lat' dir='ltr'><strong>omnes</strong></span> <span class='ocrx_word' id='word_1_295' title='bbox 1292 2472 1489 2539; x_wconf 85' lang='lat' dir='ltr'><strong>asperi.</strong></span> <span class='ocrx_word' id='word_1_296' title='bbox 1536 2491 1554 2522; x_wconf 75' lang='grc'><strong>(</strong></span> <span class='ocrx_word' id='word_1_297' title='bbox 1604 2469 1824 2526; x_wconf 85' lang='lat' dir='ltr'><strong>Judices</strong></span> <span class='ocrx_word' id='word_1_298' title='bbox 1854 2471 1972 2540; x_wconf 85' lang='lat' dir='ltr'><strong>ejus</strong></span> 
     </span>
    </p>
   </div>
   <div class='ocr_carea' id='block_1_42' title="bbox 413 2559 1972 2627">
    <p class='ocr_par' dir='ltr' id='par_1_42' title="bbox 413 2559 1972 2627">
     <span class='ocr_line' id='line_1_42' title="bbox 413 2559 1972 2627; baseline 0.009 -21"><span class='ocrx_word' id='word_1_299' title='bbox 413 2565 468 2608; x_wconf 86' lang='lat' dir='ltr'><strong>ut</strong></span> <span class='ocrx_word' id='word_1_300' title='bbox 502 2559 610 2626; x_wconf 84' lang='lat' dir='ltr'><strong>lupi</strong></span> <span class='ocrx_word' id='word_1_301' title='bbox 653 2559 902 2627; x_wconf 72' lang='lat' dir='ltr'><strong>Arabiae,</strong></span> <span class='ocrx_word' id='word_1_302' title='bbox 957 2563 1092 2618; x_wconf 87' lang='lat' dir='ltr'><strong>nihil</strong></span> <span class='ocrx_word' id='word_1_303' title='bbox 1126 2563 1474 2620; x_wconf 87' lang='lat' dir='ltr'><strong>dimittebant</strong></span> <span class='ocrx_word' id='word_1_304' title='bbox 1509 2567 1562 2618; x_wconf 91' lang='lat' dir='ltr'><strong>in</strong></span> <span class='ocrx_word' id='word_1_305' title='bbox 1615 2581 1793 2619; x_wconf 90' lang='lat' dir='ltr'><strong>mane.</strong></span> <span class='ocrx_word' id='word_1_306' title='bbox 1837 2585 1855 2617; x_wconf 79' lang='grc' dir='ltr'><strong>ι</strong></span> <span class='ocrx_word' id='word_1_307' title='bbox 1891 2565 1972 2620; x_wconf 82' lang='lat' dir='ltr'><strong>Ad</strong></span> 
     </span>
    </p>
   </div>
   <div class='ocr_carea' id='block_1_43' title="bbox 415 2651 1974 2726">
    <p class='ocr_par' dir='ltr' id='par_1_43' title="bbox 415 2651 1974 2726">
     <span class='ocr_line' id='line_1_43' title="bbox 415 2651 1974 2726; baseline 0.008 -28"><span class='ocrx_word' id='word_1_308' title='bbox 415 2665 522 2702; x_wconf 85' lang='lat' dir='ltr'><strong>rem</strong></span> <span class='ocrx_word' id='word_1_309' title='bbox 564 2651 955 2708; x_wconf 83' lang='lat' dir='ltr'><strong>conﬁciendam</strong></span> <span class='ocrx_word' id='word_1_310' title='bbox 999 2655 1240 2720; x_wconf 90' lang='lat' dir='ltr'><strong>celeres,</strong></span> <span class='ocrx_word' id='word_1_311' title='bbox 1291 2665 1349 2710; x_wconf 90' lang='lat' dir='ltr'><strong>ut</strong></span> <span class='ocrx_word' id='word_1_312' title='bbox 1390 2673 1496 2710; x_wconf 93' lang='lat' dir='ltr'><strong>una</strong></span> <span class='ocrx_word' id='word_1_313' title='bbox 1544 2656 1844 2726; x_wconf 88' lang='lat' dir='ltr'><strong>eademque</strong></span> <span class='ocrx_word' id='word_1_314' title='bbox 1887 2655 1974 2710; x_wconf 90' lang='lat' dir='ltr'><strong>die</strong></span> 
     </span>
    </p>
   </div>
   <div class='ocr_carea' id='block_1_44' title="bbox 413 2744 1971 2816">
    <p class='ocr_par' dir='ltr' id='par_1_44' title="bbox 413 2744 1971 2816">
     <span class='ocr_line' id='line_1_44' title="bbox 413 2744 1971 2816; baseline 0.007 -26"><span class='ocrx_word' id='word_1_315' title='bbox 413 2751 605 2794; x_wconf 81' lang='lat' dir='ltr'><strong>i-nncta</strong></span> <span class='ocrx_word' id='word_1_316' title='bbox 640 2744 948 2814; x_wconf 82' lang='lat' dir='ltr'><strong>concidant,</strong></span> <span class='ocrx_word' id='word_1_317' title='bbox 997 2747 1239 2816; x_wconf 90' lang='lat' dir='ltr'><strong>nihilque</strong></span> <span class='ocrx_word' id='word_1_318' title='bbox 1280 2763 1387 2801; x_wconf 84' lang='lat' dir='ltr'><strong>non</strong></span> <span class='ocrx_word' id='word_1_319' title='bbox 1426 2749 1734 2802; x_wconf 82' lang='lat' dir='ltr'><strong>conlectum</strong></span> <span class='ocrx_word' id='word_1_320' title='bbox 1786 2747 1840 2800; x_wconf 93' lang='lat' dir='ltr'><strong>in</strong></span> <span class='ocrx_word' id='word_1_321' title='bbox 1873 2761 1971 2816; x_wconf 86' lang='lat' dir='ltr'><strong>po-</strong></span> 
     </span>
    </p>
   </div>
   <div class='ocr_carea' id='block_1_45' title="bbox 415 2834 1969 2908">
    <p class='ocr_par' dir='ltr' id='par_1_45' title="bbox 415 2834 1969 2908">
     <span class='ocr_line' id='line_1_45' title="bbox 415 2834 1969 2908; baseline 0.011 -27"><span class='ocrx_word' id='word_1_322' title='bbox 415 2843 615 2885; x_wconf 67' lang='lat' dir='ltr'><strong>sierum</strong></span> <span class='ocrx_word' id='word_1_323' title='bbox 647 2834 975 2905; x_wconf 84' lang='lat' dir='ltr'><strong>relinquant.</strong></span> <span class='ocrx_word' id='word_1_324' title='bbox 1018 2857 1036 2888; x_wconf 76' lang='grc' dir='ltr'><strong>ι</strong></span> <span class='ocrx_word' id='word_1_325' title='bbox 1070 2837 1353 2907; x_wconf 69' lang='lat' dir='ltr'><strong>Propheta:</strong></span> <span class='ocrx_word' id='word_1_326' title='bbox 1380 2839 1500 2905; x_wconf 90' lang='lat' dir='ltr'><strong>ejus</strong></span> <span class='ocrx_word' id='word_1_327' title='bbox 1525 2839 1720 2908; x_wconf 89' lang='lat' dir='ltr'><strong>spiritu</strong></span> <span class='ocrx_word' id='word_1_328' title='bbox 1753 2839 1969 2908; x_wconf 79' lang='lat' dir='ltr'><strong>perciti.</strong></span> 
     </span>
    </p>
   </div>
   <div class='ocr_carea' id='block_1_46' title="bbox 417 2924 1973 3001">
    <p class='ocr_par' dir='ltr' id='par_1_46' title="bbox 417 2924 1973 3001">
     <span class='ocr_line' id='line_1_46' title="bbox 417 2924 1973 3001; baseline 0.006 -27"><span class='ocrx_word' id='word_1_329' title='bbox 417 2924 511 2976; x_wconf 83' lang='lat' dir='ltr'><strong>viri</strong></span> <span class='ocrx_word' id='word_1_330' title='bbox 560 2934 979 2996; x_wconf 84' lang='lat' dir='ltr'><strong>contemptores.</strong></span> <span class='ocrx_word' id='word_1_331' title='bbox 1021 2947 1039 2979; x_wconf 77' lang='grc' dir='ltr'><strong>ι</strong></span> <span class='ocrx_word' id='word_1_332' title='bbox 1075 2928 1177 2994; x_wconf 81' lang='lat' dir='ltr'><strong>Qui</strong></span> <span class='ocrx_word' id='word_1_333' title='bbox 1219 2931 1361 2999; x_wconf 88' lang='lat' dir='ltr'><strong>apud</strong></span> <span class='ocrx_word' id='word_1_334' title='bbox 1409 2931 1606 3001; x_wconf 82' lang='lat' dir='ltr'><strong>ipsam,</strong></span> <span class='ocrx_word' id='word_1_335' title='bbox 1634 2930 1842 3000; x_wconf 88' lang='lat' dir='ltr'><strong>inquit,</strong></span> <span class='ocrx_word' id='word_1_336' title='bbox 1882 2947 1973 2985; x_wconf 83' lang='lat' dir='ltr'><strong>va-</strong></span> 
     </span>
    </p>
   </div>
   <div class='ocr_carea' id='block_1_47' title="bbox 414 3017 1974 3093">
    <p class='ocr_par' dir='ltr' id='par_1_47' title="bbox 414 3017 1974 3093">
     <span class='ocr_line' id='line_1_47' title="bbox 414 3017 1974 3093; baseline 0.01 -30"><span class='ocrx_word' id='word_1_337' title='bbox 414 3017 622 3069; x_wconf 70' lang='lat' dir='ltr'><strong>licinnt‘i</strong></span> <span class='ocrx_word' id='word_1_338' title='bbox 654 3020 940 3086; x_wconf 84' lang='lat' dir='ltr'><strong>spondent,</strong></span> <span class='ocrx_word' id='word_1_339' title='bbox 975 3021 1147 3074; x_wconf 88' lang='lat' dir='ltr'><strong>multo</strong></span> <span class='ocrx_word' id='word_1_340' title='bbox 1177 3037 1301 3075; x_wconf 91' lang='lat' dir='ltr'><strong>cum</strong></span> <span class='ocrx_word' id='word_1_341' title='bbox 1332 3021 1474 3078; x_wconf 80' lang='lat' dir='ltr'><strong>fastu</strong></span> <span class='ocrx_word' id='word_1_342' title='bbox 1504 3023 1624 3078; x_wconf 83' lang='lat' dir='ltr'><strong>visa</strong></span> <span class='ocrx_word' id='word_1_343' title='bbox 1659 3024 1760 3077; x_wconf 90' lang='lat' dir='ltr'><strong>sibi</strong></span> <span class='ocrx_word' id='word_1_344' title='bbox 1788 3023 1974 3093; x_wconf 86' lang='lat' dir='ltr'><strong>loque-</strong></span> 
     </span>
    </p>
   </div>
   <div class='ocr_carea' id='block_1_48' title="bbox 416 3105 1969 3180">
    <p class='ocr_par' dir='ltr' id='par_1_48' title="bbox 416 3105 1969 3180">
     <span class='ocr_line' id='line_1_48' title="bbox 416 3105 1969 3180; baseline 0.009 -26"><span class='ocrx_word' id='word_1_345' title='bbox 416 3108 629 3160; x_wconf 67' lang='grc' dir='ltr'>ὶιῖιὶιίιιν.</span> <span class='ocrx_word' id='word_1_346' title='bbox 699 3122 719 3156; x_wconf 74' lang='grc' dir='ltr'><strong>ι</strong></span> <span class='ocrx_word' id='word_1_347' title='bbox 765 3105 1084 3169; x_wconf 88' lang='lat' dir='ltr'><strong>Sacerdotes</strong></span> <span class='ocrx_word' id='word_1_348' title='bbox 1138 3111 1258 3180; x_wconf 84' lang='lat' dir='ltr'><strong>ejus</strong></span> <span class='ocrx_word' id='word_1_349' title='bbox 1317 3114 1692 3168; x_wconf 84' lang='lat' dir='ltr'><strong>contaminant</strong></span> <span class='ocrx_word' id='word_1_350' title='bbox 1751 3125 1969 3176; x_wconf 85' lang='lat' dir='ltr'><strong>sancta.</strong></span> 
     </span>
    </p>
   </div>
   <div class='ocr_carea' id='block_1_49' title="bbox 416 3198 1974 3275">
    <p class='ocr_par' dir='ltr' id='par_1_49' title="bbox 416 3198 1974 3275">
     <span class='ocr_line' id='line_1_49' title="bbox 416 3198 1974 3275; baseline 0.009 -31"><span class='ocrx_word' id='word_1_351' title='bbox 416 3205 638 3262; x_wconf 64' lang='lat' dir='ltr'><strong>puri-unt</strong></span> <span class='ocrx_word' id='word_1_352' title='bbox 663 3198 717 3251; x_wconf 92' lang='lat' dir='ltr'><strong>in</strong></span> <span class='ocrx_word' id='word_1_353' title='bbox 755 3200 944 3268; x_wconf 82' lang='lat' dir='ltr'><strong>legem.</strong></span> <span class='ocrx_word' id='word_1_354' title='bbox 985 3217 1006 3252; x_wconf 73' lang='grc' dir='ltr'><strong>ι</strong></span> <span class='ocrx_word' id='word_1_355' title='bbox 1037 3199 1141 3266; x_wconf 85' lang='lat' dir='ltr'><strong>Qui</strong></span> <span class='ocrx_word' id='word_1_356' title='bbox 1181 3203 1324 3272; x_wconf 89' lang='lat' dir='ltr'><strong>apud</strong></span> <span class='ocrx_word' id='word_1_357' title='bbox 1355 3220 1448 3260; x_wconf 93' lang='lat' dir='ltr'><strong>eos</strong></span> <span class='ocrx_word' id='word_1_358' title='bbox 1485 3204 1633 3275; x_wconf 81' lang='lat' dir='ltr'><strong>fungi</strong></span> <span class='ocrx_word' id='word_1_359' title='bbox 1664 3207 1974 3261; x_wconf 84' lang='lat' dir='ltr'><strong>sacerdotio</strong></span> 
     </span>
    </p>
   </div>
   <div class='ocr_carea' id='block_1_50' title="bbox 413 3291 1974 3367">
    <p class='ocr_par' dir='ltr' id='par_1_50' title="bbox 413 3291 1974 3367">
     <span class='ocr_line' id='line_1_50' title="bbox 413 3291 1974 3367; baseline 0.011 -32"><span class='ocrx_word' id='word_1_360' title='bbox 413 3291 756 3352; x_wconf 70' lang='lat' dir='ltr'><strong>videbantur,</strong></span> <span class='ocrx_word' id='word_1_361' title='bbox 805 3291 970 3364; x_wconf 63' lang='grc'><strong>264</strong></span> <span class='ocrx_word' id='word_1_362' title='bbox 1019 3301 1212 3348; x_wconf 88' lang='lat' dir='ltr'><strong>contra</strong></span> <span class='ocrx_word' id='word_1_363' title='bbox 1241 3295 1410 3366; x_wconf 80' lang='lat' dir='ltr'><strong>legem</strong></span> <span class='ocrx_word' id='word_1_364' title='bbox 1457 3313 1633 3351; x_wconf 87' lang='lat' dir='ltr'><strong>meam</strong></span> <span class='ocrx_word' id='word_1_365' title='bbox 1667 3306 1974 3367; x_wconf 90' lang='lat' dir='ltr'><strong>contraque</strong></span> 
     </span>
    </p>
   </div>
   <div class='ocr_carea' id='block_1_51' title="bbox 413 3381 1971 3456">
    <p class='ocr_par' dir='ltr' id='par_1_51' title="bbox 413 3381 1971 3456">
     <span class='ocr_line' id='line_1_51' title="bbox 413 3381 1971 3456; baseline 0.006 -27"><span class='ocrx_word' id='word_1_366' title='bbox 413 3382 668 3446; x_wconf 70' lang='lat' dir='ltr'><strong>lt‘ttipillm</strong></span> <span class='ocrx_word' id='word_1_367' title='bbox 705 3381 866 3450; x_wconf 87' lang='lat' dir='ltr'><strong>impie</strong></span> <span class='ocrx_word' id='word_1_368' title='bbox 898 3383 1160 3452; x_wconf 76' lang='lat' dir='ltr'><strong>agebant;</strong></span> <span class='ocrx_word' id='word_1_369' title='bbox 1202 3392 1256 3440; x_wconf 92' lang='lat' dir='ltr'><strong>et</strong></span> <span class='ocrx_word' id='word_1_370' title='bbox 1295 3400 1433 3456; x_wconf 89' lang='lat' dir='ltr'><strong>quos</strong></span> <span class='ocrx_word' id='word_1_371' title='bbox 1482 3387 1845 3456; x_wconf 90' lang='lat' dir='ltr'><strong>obsequentes</strong></span> <span class='ocrx_word' id='word_1_372' title='bbox 1875 3387 1971 3438; x_wconf 84' lang='lat' dir='ltr'><strong>ha-</strong></span> 
     </span>
    </p>
   </div>
   <div class='ocr_carea' id='block_1_52' title="bbox 2137 2091 3644 2170">
    <p class='ocr_par' dir='ltr' id='par_1_52' title="bbox 2137 2091 3644 2170">
     <span class='ocr_line' id='line_1_52' title="bbox 2137 2091 3644 2170; baseline -0.007 -18"><span class='ocrx_word' id='word_1_373' title='bbox 2137 2101 2284 2170; x_wconf 84' lang='grc' dir='ltr'>Στίχ.</span> <span class='ocrx_word' id='word_1_374' title='bbox 2325 2098 2478 2168; x_wconf 71' lang='grc' dir='ltr'><strong>γ’-ς-’.</strong></span> <span class='ocrx_word' id='word_1_375' title='bbox 2503 2126 2571 2138; x_wconf 83' lang='lat'><strong>—-—</strong></span> <span class='ocrx_word' id='word_1_376' title='bbox 2603 2099 2663 2150; x_wconf 77' lang='grc' dir='ltr'>ὐ</span> <span class='ocrx_word' id='word_1_377' title='bbox 2691 2098 2748 2151; x_wconf 83' lang='grc' dir='ltr'><strong>δέ</strong></span> <span class='ocrx_word' id='word_1_378' title='bbox 2783 2099 3063 2170; x_wconf 76' lang='grc' dir='ltr'><strong>προφήτης</strong></span> <span class='ocrx_word' id='word_1_379' title='bbox 3105 2093 3410 2156; x_wconf 82' lang='grc' dir='ltr'><strong>ἀκολούθως</strong></span> <span class='ocrx_word' id='word_1_380' title='bbox 3454 2093 3547 2146; x_wconf 72' lang='grc' dir='ltr'>καὶ</span> <span class='ocrx_word' id='word_1_381' title='bbox 3571 2091 3644 2142; x_wconf 72' lang='grc' dir='ltr'><strong>τά</strong></span> 
     </span>
    </p>
   </div>
   <div class='ocr_carea' id='block_1_53' title="bbox 2074 2182 3642 2266">
    <p class='ocr_par' dir='ltr' id='par_1_53' title="bbox 2074 2182 3642 2266">
     <span class='ocr_line' id='line_1_53' title="bbox 2074 2182 3642 2266; baseline -0.009 -17"><span class='ocrx_word' id='word_1_382' title='bbox 2074 2197 2201 2266; x_wconf 80' lang='grc' dir='ltr'>ἐξῆς</span> <span class='ocrx_word' id='word_1_383' title='bbox 2218 2196 2430 2263; x_wconf 74' lang='grc' dir='ltr'>ἐπάγει,</span> <span class='ocrx_word' id='word_1_384' title='bbox 2456 2193 2550 2264; x_wconf 82' lang='grc' dir='ltr'><strong>τὴν</strong></span> <span class='ocrx_word' id='word_1_385' title='bbox 2572 2192 2804 2246; x_wconf 80' lang='grc' dir='ltr'>παλαιὰν</span> <span class='ocrx_word' id='word_1_386' title='bbox 2827 2189 3131 2261; x_wconf 77' lang='grc' dir='ltr'>εὐπραγίαν</span> <span class='ocrx_word' id='word_1_387' title='bbox 3153 2188 3322 2257; x_wconf 88' lang='grc' dir='ltr'>αὑτῆς</span> <span class='ocrx_word' id='word_1_388' title='bbox 3345 2182 3642 2256; x_wconf 76' lang='grc' dir='ltr'>εἰρωνικῶς</span> 
     </span>
    </p>
   </div>
   <div class='ocr_carea' id='block_1_54' title="bbox 2073 2274 3639 2358">
    <p class='ocr_par' dir='ltr' id='par_1_54' title="bbox 2073 2274 3639 2358">
     <span class='ocr_line' id='line_1_54' title="bbox 2073 2274 3639 2358; baseline -0.003 -17"><span class='ocrx_word' id='word_1_389' title='bbox 2073 2306 2132 2341; x_wconf 86' lang='grc' dir='ltr'><strong>τε</strong></span> <span class='ocrx_word' id='word_1_390' title='bbox 2153 2289 2267 2358; x_wconf 75' lang='grc' dir='ltr'><strong>ἅμα</strong></span> <span class='ocrx_word' id='word_1_391' title='bbox 2299 2287 2469 2355; x_wconf 90' lang='grc' dir='ltr'>λέγων</span> <span class='ocrx_word' id='word_1_392' title='bbox 2500 2287 2592 2340; x_wconf 75' lang='grc' dir='ltr'><strong>καὶ</strong></span> <span class='ocrx_word' id='word_1_393' title='bbox 2619 2281 3011 2345; x_wconf 80' lang='grc' dir='ltr'>όνειδίστικῶςο</span> <span class='ocrx_word' id='word_1_394' title='bbox 3045 2301 3062 2332; x_wconf 81' lang='grc' dir='ltr'><strong>ι</strong></span> <span class='ocrx_word' id='word_1_395' title='bbox 3087 2281 3149 2334; x_wconf 84' lang='grc' dir='ltr'>Οί</span> <span class='ocrx_word' id='word_1_396' title='bbox 3177 2279 3430 2348; x_wconf 83' lang='grc' dir='ltr'>ἄρχοντες</span> <span class='ocrx_word' id='word_1_397' title='bbox 3469 2274 3639 2343; x_wconf 79' lang='grc' dir='ltr'>αὐτῆς</span> 
     </span>
    </p>
   </div>
   <div class='ocr_carea' id='block_1_55' title="bbox 2074 2367 3648 2450">
    <p class='ocr_par' dir='ltr' id='par_1_55' title="bbox 2074 2367 3648 2450">
     <span class='ocr_line' id='line_1_55' title="bbox 2074 2367 3648 2450; baseline -0.01 -17"><span class='ocrx_word' id='word_1_398' title='bbox 2074 2383 2132 2434; x_wconf 85' lang='grc' dir='ltr'><strong>ἐν</strong></span> <span class='ocrx_word' id='word_1_399' title='bbox 2165 2381 2300 2450; x_wconf 78' lang='grc' dir='ltr'>ἀυτῇ</span> <span class='ocrx_word' id='word_1_400' title='bbox 2336 2379 2410 2442; x_wconf 84' lang='grc' dir='ltr'>ὡς</span> <span class='ocrx_word' id='word_1_401' title='bbox 2448 2379 2658 2440; x_wconf 84' lang='grc' dir='ltr'>λέοντες</span> <span class='ocrx_word' id='word_1_402' title='bbox 2687 2376 3007 2447; x_wconf 79' lang='grc' dir='ltr'><strong>ὠρυόμενοι.</strong></span> <span class='ocrx_word' id='word_1_403' title='bbox 3042 2393 3061 2426; x_wconf 76' lang='grc' dir='ltr'><strong>ι</strong></span> <span class='ocrx_word' id='word_1_404' title='bbox 3099 2371 3252 2425; x_wconf 82' lang='grc' dir='ltr'>Οὑτω</span> <span class='ocrx_word' id='word_1_405' title='bbox 3299 2368 3512 2422; x_wconf 75' lang='grc' dir='ltr'>δυνατοὶ</span> <span class='ocrx_word' id='word_1_406' title='bbox 3543 2367 3648 2420; x_wconf 74' lang='grc' dir='ltr'><strong>καϊ</strong></span> 
     </span>
    </p>
   </div>
   <div class='ocr_carea' id='block_1_56' title="bbox 2075 2457 3644 2538">
    <p class='ocr_par' dir='ltr' id='par_1_56' title="bbox 2075 2457 3644 2538">
     <span class='ocr_line' id='line_1_56' title="bbox 2075 2457 3644 2538; baseline -0.011 -12"><span class='ocrx_word' id='word_1_407' title='bbox 2075 2473 2216 2526; x_wconf 88' lang='grc' dir='ltr'>κα.τά</span> <span class='ocrx_word' id='word_1_408' title='bbox 2261 2473 2475 2525; x_wconf 85' lang='grc' dir='ltr'>πάντων</span> <span class='ocrx_word' id='word_1_409' title='bbox 2521 2468 2927 2538; x_wconf 85' lang='grc' dir='ltr'>θρασυνόμενοι.</span> <span class='ocrx_word' id='word_1_410' title='bbox 2969 2485 2987 2516; x_wconf 76' lang='grc' dir='ltr'><strong>ι</strong></span> <span class='ocrx_word' id='word_1_411' title='bbox 3021 2465 3082 2516; x_wconf 89' lang='grc' dir='ltr'><strong>Οἱ</strong></span> <span class='ocrx_word' id='word_1_412' title='bbox 3135 2461 3316 2532; x_wconf 75' lang='grc' dir='ltr'>κριταὶ</span> <span class='ocrx_word' id='word_1_413' title='bbox 3360 2461 3524 2530; x_wconf 81' lang='grc' dir='ltr'>αὑτῆς</span> <span class='ocrx_word' id='word_1_414' title='bbox 3563 2457 3644 2519; x_wconf 84' lang='grc' dir='ltr'>ὡς</span> 
     </span>
    </p>
   </div>
   <div class='ocr_carea' id='block_1_57' title="bbox 2073 2549 3640 2630">
    <p class='ocr_par' dir='ltr' id='par_1_57' title="bbox 2073 2549 3640 2630">
     <span class='ocr_line' id='line_1_57' title="bbox 2073 2549 3640 2630; baseline -0.01 -15"><span class='ocrx_word' id='word_1_415' title='bbox 2073 2563 2224 2615; x_wconf 82' lang='grc' dir='ltr'>λύκοι</span> <span class='ocrx_word' id='word_1_416' title='bbox 2261 2562 2357 2630; x_wconf 89' lang='grc' dir='ltr'><strong>τῆς</strong></span> <span class='ocrx_word' id='word_1_417' title='bbox 2400 2559 2675 2630; x_wconf 82' lang='grc' dir='ltr'>Ἀραϐίας,</span> <span class='ocrx_word' id='word_1_418' title='bbox 2704 2557 2803 2628; x_wconf 85' lang='grc' dir='ltr'>οὑχ</span> <span class='ocrx_word' id='word_1_419' title='bbox 2831 2556 3156 2608; x_wconf 84' lang='grc' dir='ltr'>ὑπελίποντο</span> <span class='ocrx_word' id='word_1_420' title='bbox 3187 2554 3266 2615; x_wconf 84' lang='grc' dir='ltr'>εἰς</span> <span class='ocrx_word' id='word_1_421' title='bbox 3307 2551 3368 2604; x_wconf 80' lang='grc' dir='ltr'><strong>τὸ</strong></span> <span class='ocrx_word' id='word_1_422' title='bbox 3411 2549 3572 2619; x_wconf 78' lang='grc' dir='ltr'>πρωϊ.</span> <span class='ocrx_word' id='word_1_423' title='bbox 3613 2568 3640 2600; x_wconf 80' lang='grc'><strong>›</strong></span> 
     </span>
    </p>
   </div>
   <div class='ocr_carea' id='block_1_58' title="bbox 2089 2647 3640 2721">
    <p class='ocr_par' dir='ltr' id='par_1_58' title="bbox 2089 2647 3640 2721">
     <span class='ocr_line' id='line_1_58' title="bbox 2089 2647 3640 2721; baseline -0.009 -15"><span class='ocrx_word' id='word_1_424' title='bbox 2089 2655 2259 2718; x_wconf 77' lang='grc' dir='ltr'>ὐξεῖς</span> <span class='ocrx_word' id='word_1_425' title='bbox 2307 2654 2431 2721; x_wconf 70' lang='grc' dir='ltr'>περὶ</span> <span class='ocrx_word' id='word_1_426' title='bbox 2474 2651 2536 2703; x_wconf 83' lang='grc' dir='ltr'><strong>τὸ</strong></span> <span class='ocrx_word' id='word_1_427' title='bbox 2586 2655 2757 2720; x_wconf 87' lang='grc' dir='ltr'>πέρας</span> <span class='ocrx_word' id='word_1_428' title='bbox 2796 2647 3092 2701; x_wconf 78' lang='grc' dir='ltr'>ἐπιτιθέναι</span> <span class='ocrx_word' id='word_1_429' title='bbox 3136 2648 3249 2708; x_wconf 89' lang='grc' dir='ltr'>τοῖς</span> <span class='ocrx_word' id='word_1_430' title='bbox 3297 2647 3640 2714; x_wconf 82' lang='grc' dir='ltr'>πράγμασιν,</span> 
     </span>
    </p>
   </div>
   <div class='ocr_carea' id='block_1_59' title="bbox 2074 2733 3648 2815">
    <p class='ocr_par' dir='ltr' id='par_1_59' title="bbox 2074 2733 3648 2815">
     <span class='ocr_line' id='line_1_59' title="bbox 2074 2733 3648 2815; baseline -0.009 -16"><span class='ocrx_word' id='word_1_431' title='bbox 2074 2746 2212 2799; x_wconf 81' lang='grc' dir='ltr'>ὥστε</span> <span class='ocrx_word' id='word_1_432' title='bbox 2242 2745 2549 2815; x_wconf 85' lang='grc' dir='ltr'>αὑθήμερον</span> <span class='ocrx_word' id='word_1_433' title='bbox 2597 2743 2811 2796; x_wconf 71' lang='grc' dir='ltr'>ἅπαντα</span> <span class='ocrx_word' id='word_1_434' title='bbox 2855 2741 3093 2811; x_wconf 85' lang='grc' dir='ltr'>τέμνειν,</span> <span class='ocrx_word' id='word_1_435' title='bbox 3120 2738 3216 2791; x_wconf 75' lang='grc' dir='ltr'>καὶ</span> <span class='ocrx_word' id='word_1_436' title='bbox 3251 2736 3414 2807; x_wconf 82' lang='grc' dir='ltr'>μηδὲν</span> <span class='ocrx_word' id='word_1_437' title='bbox 3446 2733 3648 2798; x_wconf 77' lang='grc' dir='ltr'>ἀτελὲς</span> 
     </span>
    </p>
   </div>
   <div class='ocr_carea' id='block_1_60' title="bbox 2075 2828 3641 2907">
    <p class='ocr_par' dir='ltr' id='par_1_60' title="bbox 2075 2828 3641 2907">
     <span class='ocr_line' id='line_1_60' title="bbox 2075 2828 3641 2907; baseline -0.009 -15"><span class='ocrx_word' id='word_1_438' title='bbox 2075 2842 2154 2902; x_wconf 85' lang='grc' dir='ltr'><strong>είς</strong></span> <span class='ocrx_word' id='word_1_439' title='bbox 2192 2838 2291 2907; x_wconf 82' lang='grc' dir='ltr'>τὴν</span> <span class='ocrx_word' id='word_1_440' title='bbox 2337 2835 2459 2905; x_wconf 82' lang='grc' dir='ltr'>ἐξῆς</span> <span class='ocrx_word' id='word_1_441' title='bbox 2496 2835 2732 2902; x_wconf 84' lang='grc' dir='ltr'>ἀφιέναι.</span> <span class='ocrx_word' id='word_1_442' title='bbox 2793 2853 2810 2884; x_wconf 86' lang='grc'><em>‹</em></span> <span class='ocrx_word' id='word_1_443' title='bbox 2843 2835 2904 2886; x_wconf 80' lang='grc' dir='ltr'><strong>Οἱ</strong></span> <span class='ocrx_word' id='word_1_444' title='bbox 2939 2830 3214 2904; x_wconf 80' lang='grc' dir='ltr'>προφῆται</span> <span class='ocrx_word' id='word_1_445' title='bbox 3260 2828 3426 2898; x_wconf 86' lang='grc' dir='ltr'>αὑτῆς</span> <span class='ocrx_word' id='word_1_446' title='bbox 3474 2843 3641 2880; x_wconf 87' lang='grc' dir='ltr'>πνευ-</span> 
     </span>
    </p>
   </div>
   <div class='ocr_carea' id='block_1_61' title="bbox 2079 2917 3648 3001">
    <p class='ocr_par' dir='ltr' id='par_1_61' title="bbox 2079 2917 3648 3001">
     <span class='ocr_line' id='line_1_61' title="bbox 2079 2917 3648 3001; baseline -0.009 -18"><span class='ocrx_word' id='word_1_447' title='bbox 2079 2929 2369 3001; x_wconf 81' lang='grc' dir='ltr'>ματοφόροι</span> <span class='ocrx_word' id='word_1_448' title='bbox 2410 2927 2597 2998; x_wconf 83' lang='grc' dir='ltr'>ἄνδρες</span> <span class='ocrx_word' id='word_1_449' title='bbox 2653 2922 3078 2996; x_wconf 88' lang='grc' dir='ltr'>καταφρονηταί.</span> <span class='ocrx_word' id='word_1_450' title='bbox 3116 2940 3135 2972; x_wconf 71' lang='grc' dir='ltr'><strong>ι</strong></span> <span class='ocrx_word' id='word_1_451' title='bbox 3192 2919 3302 2972; x_wconf 83' lang='lat' dir='ltr'><strong>Kal</strong></span> <span class='ocrx_word' id='word_1_452' title='bbox 3333 2919 3382 2972; x_wconf 87' lang='grc' dir='ltr'><strong>οἱ</strong></span> <span class='ocrx_word' id='word_1_453' title='bbox 3405 2920 3462 2971; x_wconf 82' lang='grc' dir='ltr'><strong>ἐν</strong></span> <span class='ocrx_word' id='word_1_454' title='bbox 3497 2917 3648 2986; x_wconf 81' lang='grc' dir='ltr'>αὑτῇ</span> 
     </span>
    </p>
   </div>
   <div class='ocr_carea' id='block_1_62' title="bbox 2073 3009 3640 3090">
    <p class='ocr_par' dir='ltr' id='par_1_62' title="bbox 2073 3009 3640 3090">
     <span class='ocr_line' id='line_1_62' title="bbox 2073 3009 3640 3090; baseline 0.001 -21"><span class='ocrx_word' id='word_1_455' title='bbox 2073 3022 2147 3086; x_wconf 73' lang='grc' dir='ltr'><strong>δὲ,</strong></span> <span class='ocrx_word' id='word_1_456' title='bbox 2185 3020 2335 3090; x_wconf 78' lang='grc' dir='ltr'>φησὶ,</span> <span class='ocrx_word' id='word_1_457' title='bbox 2378 3017 2733 3089; x_wconf 81' lang='grc' dir='ltr'>μαντεύεσθαι</span> <span class='ocrx_word' id='word_1_458' title='bbox 2765 3014 3238 3084; x_wconf 85' lang='grc' dir='ltr'>ἐπαγγελλόμενοι,</span> <span class='ocrx_word' id='word_1_459' title='bbox 3275 3011 3410 3082; x_wconf 85' lang='grc' dir='ltr'>μετὰ</span> <span class='ocrx_word' id='word_1_460' title='bbox 3439 3009 3640 3078; x_wconf 78' lang='grc' dir='ltr'>πολλῆς</span> 
     </span>
    </p>
   </div>
   <div class='ocr_carea' id='block_1_63' title="bbox 2075 3102 3642 3185">
    <p class='ocr_par' dir='ltr' id='par_1_63' title="bbox 2075 3102 3642 3185">
     <span class='ocr_line' id='line_1_63' title="bbox 2075 3102 3642 3185; baseline -0.011 -15"><span class='ocrx_word' id='word_1_461' title='bbox 2075 3113 2374 3185; x_wconf 77' lang='grc' dir='ltr'>ὑπεροψίας</span> <span class='ocrx_word' id='word_1_462' title='bbox 2403 3113 2471 3164; x_wconf 78' lang='grc' dir='ltr'>τὰ</span> <span class='ocrx_word' id='word_1_463' title='bbox 2501 3109 2759 3164; x_wconf 81' lang='grc' dir='ltr'>δοκοῦντα</span> <span class='ocrx_word' id='word_1_464' title='bbox 2788 3108 3130 3176; x_wconf 82' lang='grc' dir='ltr'>ἐφθέγγοντο.</span> <span class='ocrx_word' id='word_1_465' title='bbox 3181 3126 3198 3158; x_wconf 79' lang='grc' dir='ltr'><strong>ι</strong></span> <span class='ocrx_word' id='word_1_466' title='bbox 3232 3106 3294 3158; x_wconf 85' lang='grc' dir='ltr'>Οί</span> <span class='ocrx_word' id='word_1_467' title='bbox 3331 3105 3493 3173; x_wconf 74' lang='grc' dir='ltr'>ἱερεῖς</span> <span class='ocrx_word' id='word_1_468' title='bbox 3537 3102 3642 3154; x_wconf 86' lang='grc' dir='ltr'>αὑ-</span> 
     </span>
    </p>
   </div>
   <div class='ocr_carea' id='block_1_64' title="bbox 2075 3195 3636 3277">
    <p class='ocr_par' dir='ltr' id='par_1_64' title="bbox 2075 3195 3636 3277">
     <span class='ocr_line' id='line_1_64' title="bbox 2075 3195 3636 3277; baseline -0.009 -19"><span class='ocrx_word' id='word_1_469' title='bbox 2075 3209 2170 3277; x_wconf 85' lang='grc' dir='ltr'><strong>τῆς</strong></span> <span class='ocrx_word' id='word_1_470' title='bbox 2193 3203 2476 3276; x_wconf 78' lang='grc' dir='ltr'>βεϐηλοὺσι</span> <span class='ocrx_word' id='word_1_471' title='bbox 2499 3202 2563 3256; x_wconf 85' lang='grc' dir='ltr'>τὰ</span> <span class='ocrx_word' id='word_1_472' title='bbox 2587 3201 2736 3270; x_wconf 77' lang='grc' dir='ltr'>ἅγια,</span> <span class='ocrx_word' id='word_1_473' title='bbox 2764 3202 2858 3253; x_wconf 69' lang='grc' dir='ltr'><strong>καὶ</strong></span> <span class='ocrx_word' id='word_1_474' title='bbox 2876 3198 3159 3252; x_wconf 79' lang='grc' dir='ltr'>ἀσεϐοῦσιν</span> <span class='ocrx_word' id='word_1_475' title='bbox 3187 3199 3264 3261; x_wconf 83' lang='grc' dir='ltr'><strong>είς</strong></span> <span class='ocrx_word' id='word_1_476' title='bbox 3289 3196 3378 3250; x_wconf 79' lang='grc' dir='ltr'><strong>τὸν</strong></span> <span class='ocrx_word' id='word_1_477' title='bbox 3401 3195 3579 3263; x_wconf 90' lang='grc' dir='ltr'>νόμον.</span> <span class='ocrx_word' id='word_1_478' title='bbox 3613 3211 3636 3244; x_wconf 72' lang='grc' dir='ltr'><strong>ι</strong></span> 
     </span>
    </p>
   </div>
   <div class='ocr_carea' id='block_1_65' title="bbox 2079 3287 3636 3366">
    <p class='ocr_par' dir='ltr' id='par_1_65' title="bbox 2079 3287 3636 3366">
     <span class='ocr_line' id='line_1_65' title="bbox 2079 3287 3636 3366; baseline -0.011 -14"><span class='ocrx_word' id='word_1_479' title='bbox 2079 3302 2152 3366; x_wconf 91' lang='lat' dir='ltr'><strong>(p.</strong></span> <span class='ocrx_word' id='word_1_480' title='bbox 2184 3293 2332 3365; x_wconf 70' lang='grc'><strong>402)</strong></span> <span class='ocrx_word' id='word_1_481' title='bbox 2387 3293 2498 3347; x_wconf 74' lang='grc' dir='ltr'>Καὶ</span> <span class='ocrx_word' id='word_1_482' title='bbox 2553 3295 2601 3346; x_wconf 82' lang='grc' dir='ltr'><strong>οἱ</strong></span> <span class='ocrx_word' id='word_1_483' title='bbox 2651 3289 2932 3354; x_wconf 80' lang='grc' dir='ltr'>δοκοῦντες</span> <span class='ocrx_word' id='word_1_484' title='bbox 2975 3289 3032 3342; x_wconf 82' lang='grc' dir='ltr'>δὲ</span> <span class='ocrx_word' id='word_1_485' title='bbox 3087 3289 3214 3360; x_wconf 86' lang='grc' dir='ltr'>παρ’</span> <span class='ocrx_word' id='word_1_486' title='bbox 3255 3287 3438 3348; x_wconf 88' lang='grc' dir='ltr'>αὑτοῖς</span> <span class='ocrx_word' id='word_1_487' title='bbox 3487 3287 3636 3354; x_wconf 84' lang='grc' dir='ltr'>ἱερα-</span> 
     </span>
    </p>
   </div>
   <div class='ocr_carea' id='block_1_66' title="bbox 2073 3374 3646 3451">
    <p class='ocr_par' dir='ltr' id='par_1_66' title="bbox 2073 3374 3646 3451">
     <span class='ocr_line' id='line_1_66' title="bbox 2073 3374 3646 3451; baseline -0.01 -11"><span class='ocrx_word' id='word_1_488' title='bbox 2073 3389 2269 3449; x_wconf 84' lang='grc' dir='ltr'>τεύειν,</span> <span class='ocrx_word' id='word_1_489' title='bbox 2317 3387 2395 3450; x_wconf 82' lang='grc' dir='ltr'><strong>εἴς</strong></span> <span class='ocrx_word' id='word_1_490' title='bbox 2425 3403 2488 3438; x_wconf 88' lang='grc' dir='ltr'><strong>τε</strong></span> <span class='ocrx_word' id='word_1_491' title='bbox 2525 3385 2614 3438; x_wconf 75' lang='grc' dir='ltr'><strong>τόν</strong></span> <span class='ocrx_word' id='word_1_492' title='bbox 2661 3383 2821 3451; x_wconf 88' lang='grc' dir='ltr'>νόμον</span> <span class='ocrx_word' id='word_1_493' title='bbox 2852 3382 2943 3436; x_wconf 73' lang='grc' dir='ltr'><strong>τὸν</strong></span> <span class='ocrx_word' id='word_1_494' title='bbox 2993 3381 3123 3450; x_wconf 82' lang='grc' dir='ltr'>ἐμὸν</span> <span class='ocrx_word' id='word_1_495' title='bbox 3160 3378 3240 3443; x_wconf 74' lang='grc' dir='ltr'>εἷς</span> <span class='ocrx_word' id='word_1_496' title='bbox 3275 3395 3333 3430; x_wconf 89' lang='grc' dir='ltr'><strong>τε</strong></span> <span class='ocrx_word' id='word_1_497' title='bbox 3372 3376 3464 3429; x_wconf 81' lang='grc' dir='ltr'><strong>τὸν</strong></span> <span class='ocrx_word' id='word_1_498' title='bbox 3511 3374 3646 3427; x_wconf 71' lang='grc' dir='ltr'>ναὸν</span> 
     </span>
    </p>
   </div>
   <div class='ocr_carea' id='block_1_67' title="bbox 416 3463 1972 3550">
    <p class='ocr_par' dir='ltr' id='par_1_67' title="bbox 416 3473 1968 3544">
     <span class='ocr_line' id='line_1_67' title="bbox 416 3473 1968 3544; baseline 0.008 -23"><span class='ocrx_word' id='word_1_499' title='bbox 416 3473 632 3536; x_wconf 67' lang='lat' dir='ltr'><strong>hebant,</strong></span> <span class='ocrx_word' id='word_1_500' title='bbox 670 3474 734 3526; x_wconf 87' lang='lat' dir='ltr'><strong>ad</strong></span> <span class='ocrx_word' id='word_1_501' title='bbox 775 3473 890 3528; x_wconf 70' lang='lat' dir='ltr'><strong>haec</strong></span> <span class='ocrx_word' id='word_1_502' title='bbox 929 3475 1047 3544; x_wconf 86' lang='lat' dir='ltr'><strong>ipsa</strong></span> <span class='ocrx_word' id='word_1_503' title='bbox 1081 3477 1288 3531; x_wconf 88' lang='lat' dir='ltr'><strong>scelera</strong></span> <span class='ocrx_word' id='word_1_504' title='bbox 1321 3478 1566 3534; x_wconf 91' lang='lat' dir='ltr'><strong>studiose</strong></span> <span class='ocrx_word' id='word_1_505' title='bbox 1601 3480 1968 3535; x_wconf 91' lang='lat' dir='ltr'><strong>concitabant.</strong></span> 
     </span>
    </p>
   </div>
   <div class='ocr_carea' id='block_1_68' title="bbox 2075 3463 3640 3550">
    <p class='ocr_par' dir='ltr' id='par_1_68' title="bbox 2079 3466 3640 3550">
     <span class='ocr_line' id='line_1_68' title="bbox 2079 3466 3640 3550; baseline -0.01 -17"><span class='ocrx_word' id='word_1_506' title='bbox 2079 3479 2325 3550; x_wconf 74' lang='grc' dir='ltr'>ἠσέϐουν,</span> <span class='ocrx_word' id='word_1_507' title='bbox 2385 3476 2670 3546; x_wconf 85' lang='grc' dir='ltr'>διεγείρειν</span> <span class='ocrx_word' id='word_1_508' title='bbox 2727 3475 2818 3527; x_wconf 73' lang='grc' dir='ltr'><strong>ἐπὶ</strong></span> <span class='ocrx_word' id='word_1_509' title='bbox 2875 3472 3046 3526; x_wconf 84' lang='grc' dir='ltr'>ταῦτα</span> <span class='ocrx_word' id='word_1_510' title='bbox 3109 3472 3235 3534; x_wconf 82' lang='grc' dir='ltr'>τοὺς</span> <span class='ocrx_word' id='word_1_511' title='bbox 3288 3466 3640 3537; x_wconf 84' lang='grc' dir='ltr'>πειθομένους</span> 
     </span>
    </p>
   </div>
   <div class='ocr_carea' id='block_1_69' title="bbox 411 3563 1973 3636">
    <p class='ocr_par' dir='ltr' id='par_1_69' title="bbox 411 3563 1973 3636">
     <span class='ocr_line' id='line_1_69' title="bbox 411 3563 1973 3636; baseline 0.011 -28"><span class='ocrx_word' id='word_1_512' title='bbox 411 3563 770 3626; x_wconf 60' lang='lat' dir='ltr'><strong>Quamobrem</strong></span> <span class='ocrx_word' id='word_1_513' title='bbox 802 3577 1206 3636; x_wconf 86' lang='lat' dir='ltr'><strong>consequenter</strong></span> <span class='ocrx_word' id='word_1_514' title='bbox 1240 3570 1425 3625; x_wconf 86' lang='lat' dir='ltr'><strong>subdit</strong></span> <span class='ocrx_word' id='word_1_515' title='bbox 1459 3589 1471 3624; x_wconf 91' lang='lat'><strong>:</strong></span> <span class='ocrx_word' id='word_1_516' title='bbox 1504 3589 1526 3621; x_wconf 76' lang='grc' dir='ltr'><strong>ι</strong></span> <span class='ocrx_word' id='word_1_517' title='bbox 1575 3569 1838 3625; x_wconf 88' lang='lat' dir='ltr'><strong>Dominus</strong></span> <span class='ocrx_word' id='word_1_518' title='bbox 1875 3587 1973 3624; x_wconf 80' lang='lat' dir='ltr'><strong>au-</strong></span> 
     </span>
    </p>
   </div>
   <div class='ocr_carea' id='block_1_70' title="bbox 413 3653 1967 3728">
    <p class='ocr_par' dir='ltr' id='par_1_70' title="bbox 413 3653 1967 3728">
     <span class='ocr_line' id='line_1_70' title="bbox 413 3653 1967 3728; baseline 0.009 -29"><span class='ocrx_word' id='word_1_519' title='bbox 413 3667 512 3704; x_wconf 67' lang='lat' dir='ltr'><strong>iean</strong></span> <span class='ocrx_word' id='word_1_520' title='bbox 534 3654 716 3716; x_wconf 64' lang='lat' dir='ltr'><strong>justus</strong></span> <span class='ocrx_word' id='word_1_521' title='bbox 747 3653 800 3706; x_wconf 93' lang='lat' dir='ltr'><strong>in</strong></span> <span class='ocrx_word' id='word_1_522' title='bbox 833 3655 1013 3709; x_wconf 89' lang='lat' dir='ltr'><strong>medio</strong></span> <span class='ocrx_word' id='word_1_523' title='bbox 1047 3670 1258 3721; x_wconf 88' lang='lat' dir='ltr'><strong>eorum,</strong></span> <span class='ocrx_word' id='word_1_524' title='bbox 1283 3665 1337 3711; x_wconf 90' lang='lat' dir='ltr'><strong>et</strong></span> <span class='ocrx_word' id='word_1_525' title='bbox 1365 3658 1498 3711; x_wconf 91' lang='lat' dir='ltr'><strong>nihil</strong></span> <span class='ocrx_word' id='word_1_526' title='bbox 1537 3668 1658 3728; x_wconf 87' lang='lat' dir='ltr'><strong>aget</strong></span> <span class='ocrx_word' id='word_1_527' title='bbox 1679 3659 1924 3728; x_wconf 86' lang='lat' dir='ltr'><strong>iniquum</strong></span> <span class='ocrx_word' id='word_1_528' title='bbox 1955 3678 1967 3713; x_wconf 92' lang='lat'>:</span> 
     </span>
    </p>
   </div>
   <div class='ocr_carea' id='block_1_71' title="bbox 413 3745 1969 3813">
    <p class='ocr_par' dir='ltr' id='par_1_71' title="bbox 413 3745 1969 3813">
     <span class='ocr_line' id='line_1_71' title="bbox 413 3745 1969 3813; baseline 0.006 -20"><span class='ocrx_word' id='word_1_529' title='bbox 413 3759 566 3794; x_wconf 68' lang='lat' dir='ltr'><strong>inane</strong></span> <span class='ocrx_word' id='word_1_530' title='bbox 604 3745 1127 3813; x_wconf 84' lang='lat' dir='ltr'><strong>prol‘eretjudicium</strong></span> <span class='ocrx_word' id='word_1_531' title='bbox 1162 3763 1323 3802; x_wconf 92' lang='lat' dir='ltr'><strong>suum</strong></span> <span class='ocrx_word' id='word_1_532' title='bbox 1361 3749 1415 3802; x_wconf 92' lang='lat' dir='ltr'><strong>in</strong></span> <span class='ocrx_word' id='word_1_533' title='bbox 1442 3751 1638 3804; x_wconf 86' lang='lat' dir='ltr'><strong>lucem.</strong></span> <span class='ocrx_word' id='word_1_534' title='bbox 1675 3769 1694 3802; x_wconf 77' lang='grc' dir='ltr'><strong>ι</strong></span> <span class='ocrx_word' id='word_1_535' title='bbox 1734 3750 1969 3804; x_wconf 82' lang='lat' dir='ltr'><strong>Atenim</strong></span> 
     </span>
    </p>
   </div>
   <div class='ocr_carea' id='block_1_72' title="bbox 411 3833 1974 3912">
    <p class='ocr_par' dir='ltr' id='par_1_72' title="bbox 411 3833 1974 3912">
     <span class='ocr_line' id='line_1_72' title="bbox 411 3833 1974 3912; baseline 0.008 -28"><span class='ocrx_word' id='word_1_536' title='bbox 411 3833 543 3885; x_wconf 83' lang='lat' dir='ltr'><strong>nihil</strong></span> <span class='ocrx_word' id='word_1_537' title='bbox 587 3836 666 3888; x_wconf 87' lang='lat' dir='ltr'><strong>eis</strong></span> <span class='ocrx_word' id='word_1_538' title='bbox 701 3837 906 3905; x_wconf 79' lang='lat' dir='ltr'><strong>proluit</strong></span> <span class='ocrx_word' id='word_1_539' title='bbox 949 3838 1041 3892; x_wconf 88' lang='lat' dir='ltr'><strong>illa</strong></span> <span class='ocrx_word' id='word_1_540' title='bbox 1102 3839 1368 3906; x_wconf 86' lang='lat' dir='ltr'><strong>iniquitas</strong></span> <span class='ocrx_word' id='word_1_541' title='bbox 1414 3856 1428 3893; x_wconf 89' lang='lat'>:</span> <span class='ocrx_word' id='word_1_542' title='bbox 1478 3858 1714 3912; x_wconf 91' lang='lat' dir='ltr'><strong>namque</strong></span> <span class='ocrx_word' id='word_1_543' title='bbox 1764 3845 1818 3896; x_wconf 93' lang='lat' dir='ltr'><strong>in</strong></span> <span class='ocrx_word' id='word_1_544' title='bbox 1862 3859 1974 3897; x_wconf 85' lang='lat' dir='ltr'><strong>Ine-</strong></span> 
     </span>
    </p>
   </div>
   <div class='ocr_carea' id='block_1_73' title="bbox 409 3929 1970 3994">
    <p class='ocr_par' dir='ltr' id='par_1_73' title="bbox 409 3929 1970 3994">
     <span class='ocr_line' id='line_1_73' title="bbox 409 3929 1970 3994; baseline 0.008 -18"><span class='ocrx_word' id='word_1_545' title='bbox 409 3929 501 3978; x_wconf 86' lang='lat' dir='ltr'><strong>dio</strong></span> <span class='ocrx_word' id='word_1_546' title='bbox 543 3942 729 3980; x_wconf 79' lang='lat' dir='ltr'><strong>eorum</strong></span> <span class='ocrx_word' id='word_1_547' title='bbox 782 3931 1107 3986; x_wconf 87' lang='lat' dir='ltr'><strong>versabatur</strong></span> <span class='ocrx_word' id='word_1_548' title='bbox 1158 3931 1332 3994; x_wconf 88' lang='lat' dir='ltr'><strong>Deus.</strong></span> <span class='ocrx_word' id='word_1_549' title='bbox 1375 3935 1588 3988; x_wconf 87' lang='lat' dir='ltr'><strong>etiamsi</strong></span> <span class='ocrx_word' id='word_1_550' title='bbox 1639 3952 1762 3988; x_wconf 90' lang='lat' dir='ltr'><strong>eum</strong></span> <span class='ocrx_word' id='word_1_551' title='bbox 1817 3936 1970 3990; x_wconf 76' lang='lat' dir='ltr'><strong>ﬂecci</strong></span> 
     </span>
    </p>
   </div>
   <div class='ocr_carea' id='block_1_74' title="bbox 412 4018 1966 4096">
    <p class='ocr_par' dir='ltr' id='par_1_74' title="bbox 412 4018 1966 4096">
     <span class='ocr_line' id='line_1_74' title="bbox 412 4018 1966 4096; baseline 0.009 -28"><span class='ocrx_word' id='word_1_552' title='bbox 412 4018 682 4071; x_wconf 71' lang='lat' dir='ltr'><strong>faciebant</strong></span> <span class='ocrx_word' id='word_1_553' title='bbox 723 4020 863 4088; x_wconf 88' lang='lat' dir='ltr'><strong>:qui</strong></span> <span class='ocrx_word' id='word_1_554' title='bbox 908 4029 1091 4075; x_wconf 88' lang='lat' dir='ltr'><strong>tamen</strong></span> <span class='ocrx_word' id='word_1_555' title='bbox 1140 4039 1470 4095; x_wconf 81' lang='lat' dir='ltr'><strong>magnopere</strong></span> <span class='ocrx_word' id='word_1_556' title='bbox 1513 4029 1740 4096; x_wconf 71' lang='lat' dir='ltr'><strong>justitia:</strong></span> <span class='ocrx_word' id='word_1_557' title='bbox 1783 4039 1966 4091; x_wconf 85' lang='lat' dir='ltr'><strong>tenax,</strong></span> 
     </span>
    </p>
   </div>
   <div class='ocr_carea' id='block_1_75' title="bbox 411 4111 1971 4186">
    <p class='ocr_par' dir='ltr' id='par_1_75' title="bbox 411 4111 1971 4186">
     <span class='ocr_line' id='line_1_75' title="bbox 411 4111 1971 4186; baseline 0.008 -25"><span class='ocrx_word' id='word_1_558' title='bbox 411 4125 476 4162; x_wconf 91' lang='lat' dir='ltr'><strong>ne</strong></span> <span class='ocrx_word' id='word_1_559' title='bbox 506 4124 650 4164; x_wconf 90' lang='lat' dir='ltr'><strong>nunc</strong></span> <span class='ocrx_word' id='word_1_560' title='bbox 698 4111 916 4179; x_wconf 89' lang='lat' dir='ltr'><strong>quidem</strong></span> <span class='ocrx_word' id='word_1_561' title='bbox 957 4112 1152 4167; x_wconf 87' lang='lat' dir='ltr'><strong>horum</strong></span> <span class='ocrx_word' id='word_1_562' title='bbox 1196 4115 1537 4186; x_wconf 84' lang='lat' dir='ltr'><strong>iniquitatem</strong></span> <span class='ocrx_word' id='word_1_563' title='bbox 1568 4119 1661 4174; x_wconf 92' lang='lat' dir='ltr'><strong>diu</strong></span> <span class='ocrx_word' id='word_1_564' title='bbox 1697 4121 1971 4174; x_wconf 87' lang='lat' dir='ltr'><strong>dominari</strong></span> 
     </span>
    </p>
   </div>
   <div class='ocr_carea' id='block_1_76' title="bbox 408 4203 1973 4279">
    <p class='ocr_par' dir='ltr' id='par_1_76' title="bbox 408 4203 1973 4279">
     <span class='ocr_line' id='line_1_76' title="bbox 408 4203 1973 4279; baseline 0.008 -27"><span class='ocrx_word' id='word_1_565' title='bbox 408 4203 548 4254; x_wconf 70' lang='lat' dir='ltr'><strong>sinet</strong></span> <span class='ocrx_word' id='word_1_566' title='bbox 579 4203 808 4256; x_wconf 86' lang='lat' dir='ltr'><strong>:etenim</strong></span> <span class='ocrx_word' id='word_1_567' title='bbox 841 4217 965 4257; x_wconf 91' lang='lat' dir='ltr'><strong>cum</strong></span> <span class='ocrx_word' id='word_1_568' title='bbox 992 4205 1238 4274; x_wconf 91' lang='lat' dir='ltr'><strong>iniquum</strong></span> <span class='ocrx_word' id='word_1_569' title='bbox 1267 4217 1479 4278; x_wconf 87' lang='lat' dir='ltr'><strong>reputet</strong></span> <span class='ocrx_word' id='word_1_570' title='bbox 1510 4210 1761 4279; x_wconf 90' lang='lat' dir='ltr'><strong>impunes</strong></span> <span class='ocrx_word' id='word_1_571' title='bbox 1791 4211 1973 4265; x_wconf 88' lang='lat' dir='ltr'><strong>dimit-</strong></span> 
     </span>
    </p>
   </div>
   <div class='ocr_carea' id='block_1_77' title="bbox 407 4294 1970 4371">
    <p class='ocr_par' dir='ltr' id='par_1_77' title="bbox 407 4294 1970 4371">
     <span class='ocr_line' id='line_1_77' title="bbox 407 4294 1970 4371; baseline 0.008 -26"><span class='ocrx_word' id='word_1_572' title='bbox 407 4306 519 4348; x_wconf 82' lang='lat' dir='ltr'><strong>tcrc</strong></span> <span class='ocrx_word' id='word_1_573' title='bbox 548 4294 860 4363; x_wconf 87' lang='lat' dir='ltr'><strong>hujusmodi</strong></span> <span class='ocrx_word' id='word_1_574' title='bbox 900 4296 1149 4353; x_wconf 89' lang='lat' dir='ltr'><strong>homines</strong></span> <span class='ocrx_word' id='word_1_575' title='bbox 1169 4338 1183 4362; x_wconf 91' lang='lat'><strong>,</strong></span> <span class='ocrx_word' id='word_1_576' title='bbox 1213 4311 1561 4369; x_wconf 89' lang='lat' dir='ltr'><strong>properatum</strong></span> <span class='ocrx_word' id='word_1_577' title='bbox 1602 4302 1870 4371; x_wconf 86' lang='lat' dir='ltr'><strong>judicium</strong></span> <span class='ocrx_word' id='word_1_578' title='bbox 1904 4304 1970 4358; x_wconf 90' lang='lat' dir='ltr'><strong>de</strong></span> 
     </span>
    </p>
   </div>
   <div class='ocr_carea' id='block_1_78' title="bbox 413 4386 1971 4464">
    <p class='ocr_par' dir='ltr' id='par_1_78' title="bbox 413 4386 1971 4464">
     <span class='ocr_line' id='line_1_78' title="bbox 413 4386 1971 4464; baseline 0.007 -29"><span class='ocrx_word' id='word_1_579' title='bbox 413 4386 496 4436; x_wconf 90' lang='lat' dir='ltr'><strong>his</strong></span> <span class='ocrx_word' id='word_1_580' title='bbox 538 4386 854 4450; x_wconf 86' lang='lat' dir='ltr'><strong>cxercebit,</strong></span> <span class='ocrx_word' id='word_1_581' title='bbox 902 4388 1287 4459; x_wconf 87' lang='lat' dir='ltr'><strong>publicamque</strong></span> <span class='ocrx_word' id='word_1_582' title='bbox 1335 4393 1572 4460; x_wconf 90' lang='lat' dir='ltr'><strong>imponet</strong></span> <span class='ocrx_word' id='word_1_583' title='bbox 1597 4395 1676 4448; x_wconf 86' lang='lat' dir='ltr'><strong>eis</strong></span> <span class='ocrx_word' id='word_1_584' title='bbox 1720 4405 1971 4464; x_wconf 88' lang='lat' dir='ltr'><strong>peccato-</strong></span> 
     </span>
    </p>
   </div>
   <div class='ocr_carea' id='block_1_79' title="bbox 410 4478 1970 4552">
    <p class='ocr_par' dir='ltr' id='par_1_79' title="bbox 410 4478 1970 4552">
     <span class='ocr_line' id='line_1_79' title="bbox 410 4478 1970 4552; baseline 0.009 -26"><span class='ocrx_word' id='word_1_585' title='bbox 410 4492 526 4528; x_wconf 80' lang='lat' dir='ltr'><strong>rum</strong></span> <span class='ocrx_word' id='word_1_586' title='bbox 600 4478 963 4546; x_wconf 90' lang='lat' dir='ltr'><strong>punitionem.</strong></span> <span class='ocrx_word' id='word_1_587' title='bbox 1024 4479 1159 4535; x_wconf 86' lang='lat' dir='ltr'><strong>Nam</strong></span> <span class='ocrx_word' id='word_1_588' title='bbox 1217 4481 1491 4552; x_wconf 88' lang='lat' dir='ltr'><strong>duplicata</strong></span> <span class='ocrx_word' id='word_1_589' title='bbox 1547 4483 1790 4549; x_wconf 47' lang='lat' dir='ltr'><strong>diction</strong></span> <span class='ocrx_word' id='word_1_590' title='bbox 1812 4500 1970 4540; x_wconf 90' lang='lat' dir='ltr'><strong>mane</strong></span> 
     </span>
    </p>
   </div>
   <div class='ocr_carea' id='block_1_80' title="bbox 411 4572 1967 4630">
    <p class='ocr_par' dir='ltr' id='par_1_80' title="bbox 411 4572 1967 4630">
     <span class='ocr_line' id='line_1_80' title="bbox 411 4572 1967 4630; baseline 0.008 -13"><span class='ocrx_word' id='word_1_591' title='bbox 411 4584 585 4627; x_wconf 76' lang='lat' dir='ltr'><strong>inane,</strong></span> <span class='ocrx_word' id='word_1_592' title='bbox 616 4583 928 4624; x_wconf 66' lang='lat' dir='ltr'><strong>rsummam</strong></span> <span class='ocrx_word' id='word_1_593' title='bbox 955 4572 1299 4630; x_wconf 90' lang='lat' dir='ltr'><strong>celeritatem</strong></span> <span class='ocrx_word' id='word_1_594' title='bbox 1352 4576 1592 4629; x_wconf 83' lang='lat' dir='ltr'><strong>denotat.</strong></span> <span class='ocrx_word' id='word_1_595' title='bbox 1642 4575 1845 4630; x_wconf 85' lang='lat' dir='ltr'><strong>Deinde</strong></span> <span class='ocrx_word' id='word_1_596' title='bbox 1889 4577 1967 4630; x_wconf 91' lang='lat' dir='ltr'><strong>rei</strong></span> 
     </span>
    </p>
   </div>
   <div class='ocr_carea' id='block_1_81' title="bbox 409 4659 1966 4735">
    <p class='ocr_par' dir='ltr' id='par_1_81' title="bbox 409 4659 1966 4735">
     <span class='ocr_line' id='line_1_81' title="bbox 409 4659 1966 4735; baseline 0.004 -23"><span class='ocrx_word' id='word_1_597' title='bbox 409 4659 658 4712; x_wconf 62' lang='lat' dir='ltr'><strong>eiii-ctum</strong></span> <span class='ocrx_word' id='word_1_598' title='bbox 712 4661 1034 4730; x_wconf 81' lang='lat' dir='ltr'><strong>signiﬁcans</strong></span> <span class='ocrx_word' id='word_1_599' title='bbox 1061 4680 1106 4718; x_wconf 72' lang='grc' dir='ltr'><strong>ει</strong></span> <span class='ocrx_word' id='word_1_600' title='bbox 1130 4665 1186 4719; x_wconf 88' lang='lat' dir='ltr'><strong>In</strong></span> <span class='ocrx_word' id='word_1_601' title='bbox 1218 4665 1553 4734; x_wconf 86' lang='lat' dir='ltr'><strong>corruptela,</strong></span> <span class='ocrx_word' id='word_1_602' title='bbox 1583 4665 1782 4735; x_wconf 87' lang='lat' dir='ltr'><strong>inquit,</strong></span> <span class='ocrx_word' id='word_1_603' title='bbox 1825 4665 1966 4719; x_wconf 80' lang='lat' dir='ltr'><strong>traxi</strong></span> 
     </span>
    </p>
   </div>
   <div class='ocr_carea' id='block_1_82' title="bbox 410 4749 1968 4825">
    <p class='ocr_par' dir='ltr' id='par_1_82' title="bbox 410 4749 1968 4825">
     <span class='ocr_line' id='line_1_82' title="bbox 410 4749 1968 4825; baseline 0.005 -21"><span class='ocrx_word' id='word_1_604' title='bbox 410 4752 693 4817; x_wconf 70' lang='lat' dir='ltr'><strong>Superbos,</strong></span> <span class='ocrx_word' id='word_1_605' title='bbox 744 4749 1000 4820; x_wconf 88' lang='lat' dir='ltr'><strong>dissipati</strong></span> <span class='ocrx_word' id='word_1_606' title='bbox 1041 4761 1169 4807; x_wconf 91' lang='lat' dir='ltr'><strong>sunt</strong></span> <span class='ocrx_word' id='word_1_607' title='bbox 1222 4755 1404 4825; x_wconf 88' lang='lat' dir='ltr'><strong>anguli</strong></span> <span class='ocrx_word' id='word_1_608' title='bbox 1456 4771 1667 4820; x_wconf 89' lang='lat' dir='ltr'><strong>eorum,</strong></span> <span class='ocrx_word' id='word_1_609' title='bbox 1719 4757 1968 4812; x_wconf 86' lang='lat' dir='ltr'><strong>desertas</strong></span> 
     </span>
    </p>
   </div>
   <div class='ocr_carea' id='block_1_83' title="bbox 409 4841 1972 4917">
    <p class='ocr_par' dir='ltr' id='par_1_83' title="bbox 409 4841 1972 4917">
     <span class='ocr_line' id='line_1_83' title="bbox 409 4841 1972 4917; baseline 0.004 -22"><span class='ocrx_word' id='word_1_610' title='bbox 409 4843 631 4895; x_wconf 85' lang='lat' dir='ltr'><strong>omnino</strong></span> <span class='ocrx_word' id='word_1_611' title='bbox 665 4841 856 4896; x_wconf 80' lang='lat' dir='ltr'><strong>faciam</strong></span> <span class='ocrx_word' id='word_1_612' title='bbox 889 4842 1007 4896; x_wconf 77' lang='lat' dir='ltr'><strong>vias</strong></span> <span class='ocrx_word' id='word_1_613' title='bbox 1047 4858 1260 4908; x_wconf 90' lang='lat' dir='ltr'><strong>eorum,</strong></span> <span class='ocrx_word' id='word_1_614' title='bbox 1298 4847 1371 4898; x_wconf 80' lang='lat' dir='ltr'><strong>ita</strong></span> <span class='ocrx_word' id='word_1_615' title='bbox 1400 4856 1457 4900; x_wconf 91' lang='lat' dir='ltr'><strong>ut</strong></span> <span class='ocrx_word' id='word_1_616' title='bbox 1495 4863 1656 4901; x_wconf 91' lang='lat' dir='ltr'><strong>nemo</strong></span> <span class='ocrx_word' id='word_1_617' title='bbox 1687 4848 1816 4902; x_wconf 87' lang='lat' dir='ltr'><strong>illuc</strong></span> <span class='ocrx_word' id='word_1_618' title='bbox 1849 4865 1972 4917; x_wconf 89' lang='lat' dir='ltr'><strong>per-</strong></span> 
     </span>
    </p>
   </div>
   <div class='ocr_carea' id='block_1_84' title="bbox 412 4932 1976 5006">
    <p class='ocr_par' dir='ltr' id='par_1_84' title="bbox 412 4932 1976 5006">
     <span class='ocr_line' id='line_1_84' title="bbox 412 4932 1976 5006; baseline 0.006 -23"><span class='ocrx_word' id='word_1_619' title='bbox 412 4943 656 4987; x_wconf 77' lang='lat' dir='ltr'><strong>transeat</strong></span> <span class='ocrx_word' id='word_1_620' title='bbox 688 4953 700 4988; x_wconf 91' lang='lat'>:</span> <span class='ocrx_word' id='word_1_621' title='bbox 749 4932 1071 4989; x_wconf 79' lang='lat' dir='ltr'><strong>defecerunt</strong></span> <span class='ocrx_word' id='word_1_622' title='bbox 1116 4935 1371 4991; x_wconf 86' lang='lat' dir='ltr'><strong>civitates</strong></span> <span class='ocrx_word' id='word_1_623' title='bbox 1397 4952 1619 5000; x_wconf 90' lang='lat' dir='ltr'><strong>eorum,</strong></span> <span class='ocrx_word' id='word_1_624' title='bbox 1647 4939 1772 5006; x_wconf 90' lang='lat' dir='ltr'><strong>quia</strong></span> <span class='ocrx_word' id='word_1_625' title='bbox 1818 4955 1976 4992; x_wconf 90' lang='lat' dir='ltr'><strong>nemo</strong></span> 
     </span>
    </p>
   </div>
   <div class='ocr_carea' id='block_1_85' title="bbox 411 5024 1976 5101">
    <p class='ocr_par' dir='ltr' id='par_1_85' title="bbox 411 5024 1976 5101">
     <span class='ocr_line' id='line_1_85' title="bbox 411 5024 1976 5101; baseline 0.003 -23"><span class='ocrx_word' id='word_1_626' title='bbox 411 5036 659 5093; x_wconf 84' lang='lat' dir='ltr'><strong>superest</strong></span> <span class='ocrx_word' id='word_1_627' title='bbox 702 5025 785 5080; x_wconf 92' lang='lat' dir='ltr'><strong>vel</strong></span> <span class='ocrx_word' id='word_1_628' title='bbox 808 5024 1097 5079; x_wconf 88' lang='lat' dir='ltr'><strong>inhabitat.</strong></span> <span class='ocrx_word' id='word_1_629' title='bbox 1151 5045 1169 5076; x_wconf 85' lang='grc'><em>›</em></span> <span class='ocrx_word' id='word_1_630' title='bbox 1218 5027 1558 5101; x_wconf 68' lang='lat' dir='ltr'><strong>Corruptela:</strong></span> <span class='ocrx_word' id='word_1_631' title='bbox 1599 5027 1796 5081; x_wconf 89' lang='lat' dir='ltr'><strong>tradidi</strong></span> <span class='ocrx_word' id='word_1_632' title='bbox 1853 5030 1976 5083; x_wconf 91' lang='lat' dir='ltr'><strong>illos</strong></span> 
     </span>
    </p>
   </div>
   <div class='ocr_carea' id='block_1_86' title="bbox 413 5115 1973 5188">
    <p class='ocr_par' dir='ltr' id='par_1_86' title="bbox 413 5115 1973 5188">
     <span class='ocr_line' id='line_1_86' title="bbox 413 5115 1973 5188; baseline 0.003 -20"><span class='ocrx_word' id='word_1_633' title='bbox 413 5127 629 5183; x_wconf 85' lang='lat' dir='ltr'><strong>propter</strong></span> <span class='ocrx_word' id='word_1_634' title='bbox 682 5115 991 5186; x_wconf 87' lang='lat' dir='ltr'><strong>superbiam</strong></span> <span class='ocrx_word' id='word_1_635' title='bbox 1051 5132 1064 5165; x_wconf 95' lang='lat'><strong><em>:</em></strong></span> <span class='ocrx_word' id='word_1_636' title='bbox 1125 5117 1404 5170; x_wconf 74' lang='lat' dir='ltr'><strong>destruant</strong></span> <span class='ocrx_word' id='word_1_637' title='bbox 1455 5128 1681 5172; x_wconf 85' lang='lat' dir='ltr'><strong>cunctas</strong></span> <span class='ocrx_word' id='word_1_638' title='bbox 1731 5121 1973 5188; x_wconf 86' lang='lat' dir='ltr'><strong>ipsorum</strong></span> 
     </span>
    </p>
   </div>
   <div class='ocr_carea' id='block_1_87' title="bbox 413 5207 1975 5278">
    <p class='ocr_par' dir='ltr' id='par_1_87' title="bbox 413 5207 1975 5278">
     <span class='ocr_line' id='line_1_87' title="bbox 413 5207 1975 5278; baseline 0.003 -17"><span class='ocrx_word' id='word_1_639' title='bbox 413 5211 685 5271; x_wconf 72' lang='lat' dir='ltr'><strong>civitates,</strong></span> <span class='ocrx_word' id='word_1_640' title='bbox 748 5225 945 5278; x_wconf 86' lang='lat' dir='ltr'><strong>resque</strong></span> <span class='ocrx_word' id='word_1_641' title='bbox 994 5208 1209 5262; x_wconf 87' lang='lat' dir='ltr'><strong>illorum</strong></span> <span class='ocrx_word' id='word_1_642' title='bbox 1258 5207 1325 5261; x_wconf 89' lang='lat' dir='ltr'><strong>ad</strong></span> <span class='ocrx_word' id='word_1_643' title='bbox 1373 5217 1575 5262; x_wconf 89' lang='lat' dir='ltr'><strong>tantam</strong></span> <span class='ocrx_word' id='word_1_644' title='bbox 1628 5211 1975 5267; x_wconf 89' lang='lat' dir='ltr'><strong>solitudinem</strong></span> 
     </span>
    </p>
   </div>
   <div class='ocr_carea' id='block_1_88' title="bbox 409 5299 1971 5372">
    <p class='ocr_par' dir='ltr' id='par_1_88' title="bbox 409 5299 1971 5372">
     <span class='ocr_line' id='line_1_88' title="bbox 409 5299 1971 5372; baseline 0.005 -22"><span class='ocrx_word' id='word_1_645' title='bbox 409 5303 649 5370; x_wconf 77' lang='lat' dir='ltr'><strong>redigam</strong></span> <span class='ocrx_word' id='word_1_646' title='bbox 675 5340 692 5366; x_wconf 91' lang='lat'><strong>,</strong></span> <span class='ocrx_word' id='word_1_647' title='bbox 724 5310 783 5354; x_wconf 92' lang='lat' dir='ltr'><strong>ut</strong></span> <span class='ocrx_word' id='word_1_648' title='bbox 813 5303 946 5372; x_wconf 64' lang='lat' dir='ltr'><strong>ipsa;</strong></span> <span class='ocrx_word' id='word_1_649' title='bbox 978 5302 1268 5371; x_wconf 64' lang='lat' dir='ltr'><strong>incognita:</strong></span> <span class='ocrx_word' id='word_1_650' title='bbox 1299 5299 1495 5355; x_wconf 69' lang='lat' dir='ltr'><strong>futura:</strong></span> <span class='ocrx_word' id='word_1_651' title='bbox 1535 5303 1646 5355; x_wconf 90' lang='lat' dir='ltr'><strong>sint</strong></span> <span class='ocrx_word' id='word_1_652' title='bbox 1675 5313 1971 5358; x_wconf 85' lang='lat' dir='ltr'><strong>transeun-</strong></span> 
     </span>
    </p>
   </div>
   <div class='ocr_carea' id='block_1_89' title="bbox 408 5390 1973 5462">
    <p class='ocr_par' dir='ltr' id='par_1_89' title="bbox 408 5390 1973 5462">
     <span class='ocr_line' id='line_1_89' title="bbox 408 5390 1973 5462; baseline 0.005 -19"><span class='ocrx_word' id='word_1_653' title='bbox 408 5395 539 5444; x_wconf 85' lang='lat' dir='ltr'><strong>tium</strong></span> <span class='ocrx_word' id='word_1_654' title='bbox 568 5391 829 5459; x_wconf 87' lang='lat' dir='ltr'><strong>penuria;</strong></span> <span class='ocrx_word' id='word_1_655' title='bbox 857 5390 1003 5461; x_wconf 91' lang='lat' dir='ltr'><strong>quod</strong></span> <span class='ocrx_word' id='word_1_656' title='bbox 1038 5392 1218 5460; x_wconf 89' lang='lat' dir='ltr'><strong>ipsum</strong></span> <span class='ocrx_word' id='word_1_657' title='bbox 1250 5391 1467 5445; x_wconf 90' lang='lat' dir='ltr'><strong>cunctis</strong></span> <span class='ocrx_word' id='word_1_658' title='bbox 1502 5408 1720 5462; x_wconf 87' lang='lat' dir='ltr'><strong>quoque</strong></span> <span class='ocrx_word' id='word_1_659' title='bbox 1748 5395 1973 5451; x_wconf 89' lang='lat' dir='ltr'><strong>urbibus</strong></span> 
     </span>
    </p>
   </div>
   <div class='ocr_carea' id='block_1_90' title="bbox 405 5483 1970 5554">
    <p class='ocr_par' dir='ltr' id='par_1_90' title="bbox 405 5483 1970 5554">
     <span class='ocr_line' id='line_1_90' title="bbox 405 5483 1970 5554; baseline 0.003 -18"><span class='ocrx_word' id='word_1_660' title='bbox 405 5489 652 5548; x_wconf 76' lang='lat' dir='ltr'><strong>eveniet,</strong></span> <span class='ocrx_word' id='word_1_661' title='bbox 685 5484 815 5554; x_wconf 82' lang='lat' dir='ltr'><strong>quia</strong></span> <span class='ocrx_word' id='word_1_662' title='bbox 851 5485 1034 5540; x_wconf 86' lang='lat' dir='ltr'><strong>nullus</strong></span> <span class='ocrx_word' id='word_1_663' title='bbox 1067 5483 1327 5553; x_wconf 83' lang='lat' dir='ltr'><strong>deinceps</strong></span> <span class='ocrx_word' id='word_1_664' title='bbox 1361 5484 1540 5538; x_wconf 89' lang='lat' dir='ltr'><strong>incola</strong></span> <span class='ocrx_word' id='word_1_665' title='bbox 1585 5485 1892 5540; x_wconf 87' lang='lat' dir='ltr'><strong>invenietur</strong></span> <span class='ocrx_word' id='word_1_666' title='bbox 1918 5488 1970 5540; x_wconf 90' lang='lat' dir='ltr'><strong>in</strong></span> 
     </span>
    </p>
   </div>
   <div class='ocr_carea' id='block_1_91' title="bbox 404 5574 1973 5646">
    <p class='ocr_par' dir='ltr' id='par_1_91' title="bbox 404 5574 1973 5646">
     <span class='ocr_line' id='line_1_91' title="bbox 404 5574 1973 5646; baseline 0.004 -22"><span class='ocrx_word' id='word_1_667' title='bbox 404 5577 500 5625; x_wconf 82' lang='lat' dir='ltr'><strong>eis.</strong></span> <span class='ocrx_word' id='word_1_668' title='bbox 540 5574 792 5630; x_wconf 84' lang='lat' dir='ltr'><strong>Jamvero</strong></span> <span class='ocrx_word' id='word_1_669' title='bbox 825 5591 1116 5646; x_wconf 76' lang='lat' dir='ltr'><strong>postquam</strong></span> <span class='ocrx_word' id='word_1_670' title='bbox 1161 5581 1248 5634; x_wconf 76' lang='lat' dir='ltr'><strong>his</strong></span> <span class='ocrx_word' id='word_1_671' title='bbox 1291 5577 1472 5633; x_wconf 88' lang='lat' dir='ltr'><strong>verbis</strong></span> <span class='ocrx_word' id='word_1_672' title='bbox 1510 5575 1730 5632; x_wconf 84' lang='lat' dir='ltr'><strong>Ninives</strong></span> <span class='ocrx_word' id='word_1_673' title='bbox 1759 5577 1973 5632; x_wconf 90' lang='lat' dir='ltr'><strong>desola-</strong></span> 
     </span>
    </p>
   </div>
   <div class='ocr_carea' id='block_1_92' title="bbox 407 5663 1963 5738">
    <p class='ocr_par' dir='ltr' id='par_1_92' title="bbox 407 5663 1963 5738">
     <span class='ocr_line' id='line_1_92' title="bbox 407 5663 1963 5738; baseline 0.003 -23"><span class='ocrx_word' id='word_1_674' title='bbox 407 5663 606 5715; x_wconf 72' lang='lat' dir='ltr'><strong>tionem</strong></span> <span class='ocrx_word' id='word_1_675' title='bbox 641 5665 912 5729; x_wconf 84' lang='lat' dir='ltr'><strong>ostendit,</strong></span> <span class='ocrx_word' id='word_1_676' title='bbox 951 5675 1004 5722; x_wconf 90' lang='lat' dir='ltr'><strong>et</strong></span> <span class='ocrx_word' id='word_1_677' title='bbox 1037 5666 1313 5738; x_wconf 80' lang='lat' dir='ltr'><strong>Assyriaci</strong></span> <span class='ocrx_word' id='word_1_678' title='bbox 1351 5665 1566 5737; x_wconf 88' lang='lat' dir='ltr'><strong>imperii</strong></span> <span class='ocrx_word' id='word_1_679' title='bbox 1597 5665 1963 5730; x_wconf 82' lang='lat' dir='ltr'><strong>eversionem,</strong></span> 
     </span>
    </p>
   </div>
   <div class='ocr_carea' id='block_1_93' title="bbox 407 5754 1520 5829">
    <p class='ocr_par' dir='ltr' id='par_1_93' title="bbox 407 5754 1520 5829">
     <span class='ocr_line' id='line_1_93' title="bbox 407 5754 1520 5829; baseline 0.006 -27"><span class='ocrx_word' id='word_1_680' title='bbox 407 5755 562 5805; x_wconf 63' lang='lat' dir='ltr'><strong>uenit</strong></span> <span class='ocrx_word' id='word_1_681' title='bbox 591 5755 652 5807; x_wconf 88' lang='lat' dir='ltr'><strong>ad</strong></span> <span class='ocrx_word' id='word_1_682' title='bbox 681 5754 895 5811; x_wconf 57' lang='lat' dir='ltr'><strong>Julianus</strong></span> <span class='ocrx_word' id='word_1_683' title='bbox 935 5771 1270 5823; x_wconf 71' lang='lat' dir='ltr'><strong>sermonem,</strong></span> <span class='ocrx_word' id='word_1_684' title='bbox 1301 5758 1478 5829; x_wconf 73' lang='lat' dir='ltr'><strong>aitque</strong></span> <span class='ocrx_word' id='word_1_685' title='bbox 1507 5773 1520 5809; x_wconf 92' lang='lat'><strong>:</strong></span> 
     </span>
    </p>
   </div>
   <div class='ocr_carea' id='block_1_94' title="bbox 2079 3555 3643 3642">
    <p class='ocr_par' dir='ltr' id='par_1_94' title="bbox 2079 3555 3643 3642">
     <span class='ocr_line' id='line_1_94' title="bbox 2079 3555 3643 3642; baseline -0.01 -18"><span class='ocrx_word' id='word_1_686' title='bbox 2079 3573 2260 3642; x_wconf 78' lang='grc' dir='ltr'>αὑτοῖς</span> <span class='ocrx_word' id='word_1_687' title='bbox 2311 3571 2491 3624; x_wconf 82' lang='grc' dir='ltr'>πᾶσαν</span> <span class='ocrx_word' id='word_1_688' title='bbox 2548 3569 2760 3638; x_wconf 78' lang='grc' dir='ltr'>ἔχοντες</span> <span class='ocrx_word' id='word_1_689' title='bbox 2784 3564 2882 3636; x_wconf 81' lang='grc' dir='ltr'>τὴν</span> <span class='ocrx_word' id='word_1_690' title='bbox 2913 3562 3165 3633; x_wconf 85' lang='grc' dir='ltr'>σπουδήν.</span> <span class='ocrx_word' id='word_1_691' title='bbox 3202 3555 3294 3623; x_wconf 73' lang='grc' dir='ltr'><strong>Οἷς</strong></span> <span class='ocrx_word' id='word_1_692' title='bbox 3332 3555 3643 3618; x_wconf 82' lang='grc' dir='ltr'>ἀκολούθως</span> 
     </span>
    </p>
   </div>
   <div class='ocr_carea' id='block_1_95' title="bbox 2078 3652 3640 3738">
    <p class='ocr_par' dir='ltr' id='par_1_95' title="bbox 2078 3652 3640 3738">
     <span class='ocr_line' id='line_1_95' title="bbox 2078 3652 3640 3738; baseline -0.01 -18"><span class='ocrx_word' id='word_1_693' title='bbox 2078 3669 2356 3738; x_wconf 77' lang='grc' dir='ltr'>ἐπήγαγεν</span> <span class='ocrx_word' id='word_1_694' title='bbox 2379 3683 2392 3696; x_wconf 89' lang='grc'><strong>·</strong></span> <span class='ocrx_word' id='word_1_695' title='bbox 2423 3683 2442 3716; x_wconf 86' lang='grc'><em>‹</em></span> <span class='ocrx_word' id='word_1_696' title='bbox 2488 3664 2544 3717; x_wconf 83' lang='grc'><strong>’0</strong></span> <span class='ocrx_word' id='word_1_697' title='bbox 2576 3663 2633 3716; x_wconf 77' lang='grc' dir='ltr'><strong>δέ</strong></span> <span class='ocrx_word' id='word_1_698' title='bbox 2666 3662 2867 3732; x_wconf 88' lang='grc' dir='ltr'>Κύριος</span> <span class='ocrx_word' id='word_1_699' title='bbox 2910 3660 3114 3723; x_wconf 85' lang='grc' dir='ltr'>δίκαιος</span> <span class='ocrx_word' id='word_1_700' title='bbox 3152 3659 3210 3710; x_wconf 84' lang='grc' dir='ltr'><strong>ἐν</strong></span> <span class='ocrx_word' id='word_1_701' title='bbox 3249 3656 3396 3728; x_wconf 83' lang='grc' dir='ltr'>μέσῳ</span> <span class='ocrx_word' id='word_1_702' title='bbox 3435 3652 3640 3712; x_wconf 83' lang='grc' dir='ltr'>αὑτῶν,</span> 
     </span>
    </p>
   </div>
   <div class='ocr_carea' id='block_1_96' title="bbox 2078 3747 3638 3829">
    <p class='ocr_par' dir='ltr' id='par_1_96' title="bbox 2078 3747 3638 3829">
     <span class='ocr_line' id='line_1_96' title="bbox 2078 3747 3638 3829; baseline -0.008 -16"><span class='ocrx_word' id='word_1_703' title='bbox 2078 3761 2172 3814; x_wconf 76' lang='grc' dir='ltr'><strong>καὶ</strong></span> <span class='ocrx_word' id='word_1_704' title='bbox 2198 3760 2256 3811; x_wconf 91' lang='grc' dir='ltr'><strong>οὑ</strong></span> <span class='ocrx_word' id='word_1_705' title='bbox 2285 3761 2360 3829; x_wconf 80' lang='grc' dir='ltr'>μὴ</span> <span class='ocrx_word' id='word_1_706' title='bbox 2392 3757 2588 3827; x_wconf 82' lang='grc' dir='ltr'>ποιήσῃ</span> <span class='ocrx_word' id='word_1_707' title='bbox 2626 3754 2806 3807; x_wconf 78' lang='grc' dir='ltr'>ἄδικον</span> <span class='ocrx_word' id='word_1_708' title='bbox 2827 3771 2839 3784; x_wconf 93' lang='grc'><strong>·</strong></span> <span class='ocrx_word' id='word_1_709' title='bbox 2878 3751 3021 3823; x_wconf 80' lang='grc' dir='ltr'>πρωῒ</span> <span class='ocrx_word' id='word_1_710' title='bbox 3067 3751 3225 3803; x_wconf 86' lang='grc' dir='ltr'>δώσει</span> <span class='ocrx_word' id='word_1_711' title='bbox 3275 3751 3446 3820; x_wconf 83' lang='grc' dir='ltr'>κρῖμα</span> <span class='ocrx_word' id='word_1_712' title='bbox 3469 3747 3638 3800; x_wconf 81' lang='grc' dir='ltr'>αὑτοῦ</span> 
     </span>
    </p>
   </div>
   <div class='ocr_carea' id='block_1_97' title="bbox 2078 3837 3641 3917">
    <p class='ocr_par' dir='ltr' id='par_1_97' title="bbox 2078 3837 3641 3917">
     <span class='ocr_line' id='line_1_97' title="bbox 2078 3837 3641 3917; baseline -0.01 -14"><span class='ocrx_word' id='word_1_713' title='bbox 2078 3851 2158 3913; x_wconf 82' lang='grc' dir='ltr'><strong>εἰς</strong></span> <span class='ocrx_word' id='word_1_714' title='bbox 2192 3847 2326 3917; x_wconf 87' lang='grc' dir='ltr'><strong>φῶς.</strong></span> <span class='ocrx_word' id='word_1_715' title='bbox 2369 3865 2387 3898; x_wconf 73' lang='grc' dir='ltr'><strong>ι</strong></span> <span class='ocrx_word' id='word_1_716' title='bbox 2445 3845 2603 3898; x_wconf 83' lang='grc' dir='ltr'><strong>Ἀλλὰ</strong></span> <span class='ocrx_word' id='word_1_717' title='bbox 2636 3843 2744 3914; x_wconf 85' lang='grc' dir='ltr'>γὰρ</span> <span class='ocrx_word' id='word_1_718' title='bbox 2787 3841 2940 3895; x_wconf 83' lang='grc' dir='ltr'>οὑθὲν</span> <span class='ocrx_word' id='word_1_719' title='bbox 2966 3840 3158 3909; x_wconf 79' lang='grc' dir='ltr'>δφελος</span> <span class='ocrx_word' id='word_1_720' title='bbox 3189 3840 3370 3901; x_wconf 88' lang='grc' dir='ltr'>αὑτοῖς</span> <span class='ocrx_word' id='word_1_721' title='bbox 3417 3837 3641 3905; x_wconf 84' lang='grc' dir='ltr'>γέγονεν</span> 
     </span>
    </p>
   </div>
   <div class='ocr_carea' id='block_1_98' title="bbox 2077 3928 3645 4010">
    <p class='ocr_par' dir='ltr' id='par_1_98' title="bbox 2077 3928 3645 4010">
     <span class='ocr_line' id='line_1_98' title="bbox 2077 3928 3645 4010; baseline -0.01 -16"><span class='ocrx_word' id='word_1_722' title='bbox 2077 3941 2174 4010; x_wconf 88' lang='grc' dir='ltr'><strong>τῆς</strong></span> <span class='ocrx_word' id='word_1_723' title='bbox 2203 3937 2545 4010; x_wconf 84' lang='grc' dir='ltr'>παρανομίας</span> <span class='ocrx_word' id='word_1_724' title='bbox 2579 3935 2792 4004; x_wconf 81' lang='grc' dir='ltr'>ἐκείνης</span> <span class='ocrx_word' id='word_1_725' title='bbox 2816 3951 2828 3962; x_wconf 88' lang='grc'><strong>·</strong></span> <span class='ocrx_word' id='word_1_726' title='bbox 2870 3933 2964 3986; x_wconf 73' lang='lat' dir='ltr'><strong>xal.</strong></span> <span class='ocrx_word' id='word_1_727' title='bbox 3000 3932 3107 4002; x_wconf 86' lang='grc' dir='ltr'><strong>γὰρ</strong></span> <span class='ocrx_word' id='word_1_728' title='bbox 3136 3931 3231 3984; x_wconf 72' lang='grc' dir='ltr'><strong>καὶ</strong></span> <span class='ocrx_word' id='word_1_729' title='bbox 3268 3929 3505 3982; x_wconf 84' lang='grc' dir='ltr'>ἀκόντων</span> <span class='ocrx_word' id='word_1_730' title='bbox 3541 3928 3645 3982; x_wconf 84' lang='grc' dir='ltr'>αὑ-</span> 
     </span>
    </p>
   </div>
   <div class='ocr_carea' id='block_1_99' title="bbox 2075 4019 3642 4099">
    <p class='ocr_par' dir='ltr' id='par_1_99' title="bbox 2075 4019 3642 4099">
     <span class='ocr_line' id='line_1_99' title="bbox 2075 4019 3642 4099; baseline -0.006 -17"><span class='ocrx_word' id='word_1_731' title='bbox 2075 4028 2185 4082; x_wconf 86' lang='grc' dir='ltr'>τῶν</span> <span class='ocrx_word' id='word_1_732' title='bbox 2241 4030 2299 4081; x_wconf 87' lang='grc' dir='ltr'><strong>ἐν</strong></span> <span class='ocrx_word' id='word_1_733' title='bbox 2336 4029 2482 4099; x_wconf 85' lang='grc' dir='ltr'>μέσῳ</span> <span class='ocrx_word' id='word_1_734' title='bbox 2519 4027 2650 4088; x_wconf 87' lang='grc' dir='ltr'>Θεὸς</span> <span class='ocrx_word' id='word_1_735' title='bbox 2688 4027 2959 4095; x_wconf 84' lang='grc' dir='ltr'>ὑπῆρχεν,</span> <span class='ocrx_word' id='word_1_736' title='bbox 2997 4025 3046 4076; x_wconf 78' lang='grc' dir='ltr'><strong>εί</strong></span> <span class='ocrx_word' id='word_1_737' title='bbox 3091 4023 3185 4075; x_wconf 74' lang='grc' dir='ltr'>καὶ</span> <span class='ocrx_word' id='word_1_738' title='bbox 3231 4020 3435 4093; x_wconf 84' lang='grc' dir='ltr'>μηδένα</span> <span class='ocrx_word' id='word_1_739' title='bbox 3479 4019 3642 4087; x_wconf 85' lang='grc' dir='ltr'>λόγον</span> 
     </span>
    </p>
   </div>
   <div class='ocr_carea' id='block_1_100' title="bbox 2078 4110 3638 4186">
    <p class='ocr_par' dir='ltr' id='par_1_100' title="bbox 2078 4110 3638 4186">
     <span class='ocr_line' id='line_1_100' title="bbox 2078 4110 3638 4186; baseline -0.008 -12"><span class='ocrx_word' id='word_1_740' title='bbox 2078 4120 2242 4174; x_wconf 80' lang='grc' dir='ltr'>αὑτοῦ</span> <span class='ocrx_word' id='word_1_741' title='bbox 2301 4118 2568 4172; x_wconf 87' lang='grc' dir='ltr'>ποιεῖσθαι</span> <span class='ocrx_word' id='word_1_742' title='bbox 2625 4116 2938 4170; x_wconf 73' lang='grc' dir='ltr'>ἐϐούλοντο·</span> <span class='ocrx_word' id='word_1_743' title='bbox 2997 4115 3056 4178; x_wconf 83' lang='grc' dir='ltr'>ὃς</span> <span class='ocrx_word' id='word_1_744' title='bbox 3111 4114 3308 4186; x_wconf 87' lang='grc' dir='ltr'>πολλὴν</span> <span class='ocrx_word' id='word_1_745' title='bbox 3353 4112 3489 4182; x_wconf 83' lang='grc' dir='ltr'>έχων</span> <span class='ocrx_word' id='word_1_746' title='bbox 3541 4110 3638 4163; x_wconf 81' lang='grc' dir='ltr'><strong>τοῦ</strong></span> 
     </span>
    </p>
   </div>
   <div class='ocr_carea' id='block_1_101' title="bbox 2076 4201 3642 4284">
    <p class='ocr_par' dir='ltr' id='par_1_101' title="bbox 2076 4201 3642 4284">
     <span class='ocr_line' id='line_1_101' title="bbox 2076 4201 3642 4284; baseline -0.007 -18"><span class='ocrx_word' id='word_1_747' title='bbox 2076 4213 2285 4266; x_wconf 87' lang='grc' dir='ltr'>δικαίου</span> <span class='ocrx_word' id='word_1_748' title='bbox 2333 4211 2608 4284; x_wconf 84' lang='grc' dir='ltr'>φροντίδα,</span> <span class='ocrx_word' id='word_1_749' title='bbox 2651 4210 2770 4262; x_wconf 83' lang='grc' dir='ltr'>οὑδὲ</span> <span class='ocrx_word' id='word_1_750' title='bbox 2805 4209 2899 4262; x_wconf 78' lang='grc' dir='ltr'>νῦν</span> <span class='ocrx_word' id='word_1_751' title='bbox 2928 4208 3174 4274; x_wconf 83' lang='grc' dir='ltr'>ἀνέξεται</span> <span class='ocrx_word' id='word_1_752' title='bbox 3209 4210 3306 4278; x_wconf 81' lang='grc' dir='ltr'><strong>τῆς</strong></span> <span class='ocrx_word' id='word_1_753' title='bbox 3338 4204 3489 4276; x_wconf 86' lang='grc' dir='ltr'><strong>παρά</strong></span> <span class='ocrx_word' id='word_1_754' title='bbox 3511 4201 3642 4256; x_wconf 81' lang='grc' dir='ltr'>τού-</span> 
     </span>
    </p>
   </div>
   <div class='ocr_carea' id='block_1_102' title="bbox 2076 4293 3660 4370">
    <p class='ocr_par' dir='ltr' id='par_1_102' title="bbox 2076 4293 3660 4370">
     <span class='ocr_line' id='line_1_102' title="bbox 2076 4293 3660 4370; baseline -0.007 -14"><span class='ocrx_word' id='word_1_755' title='bbox 2076 4321 2182 4356; x_wconf 91' lang='grc' dir='ltr'><strong>των</strong></span> <span class='ocrx_word' id='word_1_756' title='bbox 2226 4301 2641 4370; x_wconf 73' lang='grc' dir='ltr'>ἐπιτελουμένης</span> <span class='ocrx_word' id='word_1_757' title='bbox 2699 4299 2905 4362; x_wconf 84' lang='grc' dir='ltr'>ἀδικίας</span> <span class='ocrx_word' id='word_1_758' title='bbox 2961 4299 3052 4351; x_wconf 74' lang='grc' dir='ltr'><strong>ἐπὶ</strong></span> <span class='ocrx_word' id='word_1_759' title='bbox 3082 4297 3237 4365; x_wconf 76' lang='grc' dir='ltr'>ίπολὺ</span> <span class='ocrx_word' id='word_1_760' title='bbox 3294 4293 3598 4366; x_wconf 86' lang='grc' dir='ltr'>κρατούσης</span> <span class='ocrx_word' id='word_1_761' title='bbox 3620 4309 3660 4328; x_wconf 66' lang='grc' dir='ltr'><strong>’κ</strong></span> 
     </span>
    </p>
   </div>
   <div class='ocr_carea' id='block_1_103' title="bbox 2076 4383 3641 4462">
    <p class='ocr_par' dir='ltr' id='par_1_103' title="bbox 2076 4383 3641 4462">
     <span class='ocr_line' id='line_1_103' title="bbox 2076 4383 3641 4462; baseline -0.008 -14"><span class='ocrx_word' id='word_1_762' title='bbox 2076 4395 2256 4448; x_wconf 83' lang='grc' dir='ltr'>ἄδικον</span> <span class='ocrx_word' id='word_1_763' title='bbox 2283 4392 2336 4444; x_wconf 82' lang='grc' dir='ltr'><strong>δέ</strong></span> <span class='ocrx_word' id='word_1_764' title='bbox 2369 4391 2712 4462; x_wconf 79' lang='grc' dir='ltr'>ἡγησάμενος</span> <span class='ocrx_word' id='word_1_765' title='bbox 2737 4390 2797 4442; x_wconf 83' lang='grc' dir='ltr'><strong>τὸ</strong></span> <span class='ocrx_word' id='word_1_766' title='bbox 2822 4390 3202 4460; x_wconf 84' lang='grc' dir='ltr'>ἀτιμωρήτους</span> <span class='ocrx_word' id='word_1_767' title='bbox 3224 4388 3440 4455; x_wconf 84' lang='grc' dir='ltr'>ἀφεῖναι</span> <span class='ocrx_word' id='word_1_768' title='bbox 3461 4383 3641 4437; x_wconf 87' lang='grc' dir='ltr'>τοιού-</span> 
     </span>
    </p>
   </div>
   <div class='ocr_carea' id='block_1_104' title="bbox 2075 4477 3639 4552">
    <p class='ocr_par' dir='ltr' id='par_1_104' title="bbox 2075 4477 3639 4552">
     <span class='ocr_line' id='line_1_104' title="bbox 2075 4477 3639 4552; baseline -0.007 -14"><span class='ocrx_word' id='word_1_769' title='bbox 2075 4501 2200 4547; x_wconf 86' lang='grc' dir='ltr'>τους</span> <span class='ocrx_word' id='word_1_770' title='bbox 2221 4484 2399 4548; x_wconf 81' lang='grc' dir='ltr'>ὅντας,</span> <span class='ocrx_word' id='word_1_771' title='bbox 2417 4482 2592 4547; x_wconf 77' lang='grc' dir='ltr'>ὀξεῖαν</span> <span class='ocrx_word' id='word_1_772' title='bbox 2625 4480 2802 4552; x_wconf 86' lang='grc' dir='ltr'>κρίσιν</span> <span class='ocrx_word' id='word_1_773' title='bbox 2832 4481 2940 4532; x_wconf 83' lang='grc' dir='ltr'><strong>τῶν</strong></span> <span class='ocrx_word' id='word_1_774' title='bbox 2958 4481 3076 4534; x_wconf 82' lang='grc' dir='ltr'>κατ’</span> <span class='ocrx_word' id='word_1_775' title='bbox 3101 4479 3293 4542; x_wconf 80' lang='grc' dir='ltr'>αὑτοὺς</span> <span class='ocrx_word' id='word_1_776' title='bbox 3330 4477 3639 4547; x_wconf 83' lang='grc' dir='ltr'>ποιήσεται,</span> 
     </span>
    </p>
   </div>
   <div class='ocr_carea' id='block_1_105' title="bbox 2075 4566 3643 4644">
    <p class='ocr_par' dir='ltr' id='par_1_105' title="bbox 2075 4566 3643 4644">
     <span class='ocr_line' id='line_1_105' title="bbox 2075 4566 3643 4644; baseline -0.006 -17"><span class='ocrx_word' id='word_1_777' title='bbox 2075 4575 2169 4627; x_wconf 71' lang='grc' dir='ltr'>καὶ</span> <span class='ocrx_word' id='word_1_778' title='bbox 2197 4573 2458 4644; x_wconf 89' lang='grc' dir='ltr'>πρόδηλον</span> <span class='ocrx_word' id='word_1_779' title='bbox 2481 4573 2664 4634; x_wconf 87' lang='grc' dir='ltr'>αὑτοῖς</span> <span class='ocrx_word' id='word_1_780' title='bbox 2693 4570 2882 4636; x_wconf 80' lang='grc' dir='ltr'>ἐπάξει</span> <span class='ocrx_word' id='word_1_781' title='bbox 2906 4572 3004 4641; x_wconf 85' lang='grc' dir='ltr'><strong>τὴν</strong></span> <span class='ocrx_word' id='word_1_782' title='bbox 3032 4571 3170 4640; x_wconf 87' lang='grc' dir='ltr'>ὑπὲρ</span> <span class='ocrx_word' id='word_1_783' title='bbox 3198 4570 3304 4623; x_wconf 83' lang='grc' dir='ltr'>τῶν</span> <span class='ocrx_word' id='word_1_784' title='bbox 3343 4566 3643 4637; x_wconf 87' lang='grc' dir='ltr'>ἐπταισμέ-</span> 
     </span>
    </p>
   </div>
   <div class='ocr_carea' id='block_1_106' title="bbox 2075 4660 3644 4734">
    <p class='ocr_par' dir='ltr' id='par_1_106' title="bbox 2075 4660 3644 4734">
     <span class='ocr_line' id='line_1_106' title="bbox 2075 4660 3644 4734; baseline -0.005 -16"><span class='ocrx_word' id='word_1_785' title='bbox 2075 4682 2179 4718; x_wconf 89' lang='grc' dir='ltr'><strong>νων</strong></span> <span class='ocrx_word' id='word_1_786' title='bbox 2206 4664 2474 4734; x_wconf 88' lang='grc' dir='ltr'>τιμωρίαν</span> <span class='ocrx_word' id='word_1_787' title='bbox 2501 4680 2515 4693; x_wconf 92' lang='grc'><strong>·</strong></span> <span class='ocrx_word' id='word_1_788' title='bbox 2548 4663 2747 4734; x_wconf 67' lang='grc' dir='ltr'>τὸζγὰρ</span> <span class='ocrx_word' id='word_1_789' title='bbox 2777 4683 2795 4713; x_wconf 75' lang='grc' dir='ltr'>σ</span> <span class='ocrx_word' id='word_1_790' title='bbox 2838 4662 2980 4734; x_wconf 73' lang='grc' dir='ltr'>πρωῒ</span> <span class='ocrx_word' id='word_1_791' title='bbox 3016 4662 3159 4732; x_wconf 81' lang='grc' dir='ltr'>πρωΐ</span> <span class='ocrx_word' id='word_1_792' title='bbox 3199 4681 3217 4711; x_wconf 70' lang='grc' dir='ltr'><strong>ι</strong></span> <span class='ocrx_word' id='word_1_793' title='bbox 3251 4661 3350 4730; x_wconf 75' lang='grc' dir='ltr'><strong>τὴν</strong></span> <span class='ocrx_word' id='word_1_794' title='bbox 3375 4660 3512 4726; x_wconf 84' lang='grc' dir='ltr'>ἀγαν</span> <span class='ocrx_word' id='word_1_795' title='bbox 3541 4675 3644 4711; x_wconf 88' lang='grc' dir='ltr'>τα-</span> 
     </span>
    </p>
   </div>
   <div class='ocr_carea' id='block_1_107' title="bbox 2075 4750 3644 4827">
    <p class='ocr_par' dir='ltr' id='par_1_107' title="bbox 2075 4750 3644 4827">
     <span class='ocr_line' id='line_1_107' title="bbox 2075 4750 3644 4827; baseline -0.005 -18"><span class='ocrx_word' id='word_1_796' title='bbox 2075 4757 2279 4827; x_wconf 89' lang='grc' dir='ltr'>χύτητα</span> <span class='ocrx_word' id='word_1_797' title='bbox 2337 4754 2503 4822; x_wconf 88' lang='grc' dir='ltr'>λέγει.</span> <span class='ocrx_word' id='word_1_798' title='bbox 2557 4750 2688 4806; x_wconf 85' lang='grc' dir='ltr'>Εἶτα</span> <span class='ocrx_word' id='word_1_799' title='bbox 2743 4754 2862 4806; x_wconf 87' lang='grc' dir='ltr'>τίνα</span> <span class='ocrx_word' id='word_1_800' title='bbox 2921 4753 2989 4806; x_wconf 77' lang='grc' dir='ltr'>τὰ</span> <span class='ocrx_word' id='word_1_801' title='bbox 3027 4755 3090 4806; x_wconf 85' lang='grc' dir='ltr'><strong>ἐκ</strong></span> <span class='ocrx_word' id='word_1_802' title='bbox 3133 4751 3324 4804; x_wconf 87' lang='grc' dir='ltr'>τούτου</span> <span class='ocrx_word' id='word_1_803' title='bbox 3376 4750 3644 4819; x_wconf 82' lang='grc' dir='ltr'>γινόμενα</span> 
     </span>
    </p>
   </div>
   <div class='ocr_carea' id='block_1_108' title="bbox 2074 4840 3638 4913">
    <p class='ocr_par' dir='ltr' id='par_1_108' title="bbox 2074 4840 3638 4913">
     <span class='ocr_line' id='line_1_108' title="bbox 2074 4840 3638 4913; baseline -0.004 -16"><span class='ocrx_word' id='word_1_804' title='bbox 2074 4845 2274 4912; x_wconf 80' lang='grc' dir='ltr'>λέγων’</span> <span class='ocrx_word' id='word_1_805' title='bbox 2336 4863 2353 4894; x_wconf 76' lang='grc' dir='ltr'><strong>ι</strong></span> <span class='ocrx_word' id='word_1_806' title='bbox 2408 4844 2494 4895; x_wconf 85' lang='grc' dir='ltr'>Ἐν</span> <span class='ocrx_word' id='word_1_807' title='bbox 2543 4843 2804 4913; x_wconf 83' lang='grc' dir='ltr'>διαφθορᾷ</span> <span class='ocrx_word' id='word_1_808' title='bbox 2862 4843 3178 4896; x_wconf 85' lang='grc' dir='ltr'>κατέσπασα</span> <span class='ocrx_word' id='word_1_809' title='bbox 3234 4840 3638 4910; x_wconf 80' lang='grc' dir='ltr'>ὑπερηφάνους,</span> 
     </span>
    </p>
   </div>
   <div class='ocr_carea' id='block_1_109' title="bbox 2074 4929 3643 5003">
    <p class='ocr_par' dir='ltr' id='par_1_109' title="bbox 2074 4929 3643 5003">
     <span class='ocr_line' id='line_1_109' title="bbox 2074 4929 3643 5003; baseline -0.003 -18"><span class='ocrx_word' id='word_1_810' title='bbox 2074 4931 2444 5003; x_wconf 77' lang='grc' dir='ltr'>ἠφανίσθησαν</span> <span class='ocrx_word' id='word_1_811' title='bbox 2494 4933 2685 4999; x_wconf 86' lang='grc' dir='ltr'>γωνίαι</span> <span class='ocrx_word' id='word_1_812' title='bbox 2717 4931 2928 4986; x_wconf 83' lang='grc' dir='ltr'>αὑτῶν·</span> <span class='ocrx_word' id='word_1_813' title='bbox 2971 4929 3302 5002; x_wconf 81' lang='grc' dir='ltr'>ἐξερημὼσω</span> <span class='ocrx_word' id='word_1_814' title='bbox 3354 4930 3450 4992; x_wconf 82' lang='grc' dir='ltr'>τὰς</span> <span class='ocrx_word' id='word_1_815' title='bbox 3481 4929 3643 4992; x_wconf 79' lang='grc' dir='ltr'>ὁδοὺς</span> 
     </span>
    </p>
   </div>
   <div class='ocr_carea' id='block_1_110' title="bbox 2073 5019 3642 5094">
    <p class='ocr_par' dir='ltr' id='par_1_110' title="bbox 2073 5019 3642 5094">
     <span class='ocr_line' id='line_1_110' title="bbox 2073 5019 3642 5094; baseline -0.003 -18"><span class='ocrx_word' id='word_1_816' title='bbox 2073 5023 2250 5076; x_wconf 83' lang='grc' dir='ltr'>αὑτῶν</span> <span class='ocrx_word' id='word_1_817' title='bbox 2297 5022 2358 5074; x_wconf 80' lang='grc' dir='ltr'>τὸ</span> <span class='ocrx_word' id='word_1_818' title='bbox 2397 5023 2654 5092; x_wconf 84' lang='grc' dir='ltr'>παράπαν</span> <span class='ocrx_word' id='word_1_819' title='bbox 2677 5022 2770 5076; x_wconf 82' lang='grc' dir='ltr'><strong>τοῦ</strong></span> <span class='ocrx_word' id='word_1_820' title='bbox 2804 5023 2878 5094; x_wconf 83' lang='grc' dir='ltr'>μὴ</span> <span class='ocrx_word' id='word_1_821' title='bbox 2910 5022 3236 5075; x_wconf 86' lang='grc' dir='ltr'>διοδεύεσθαι</span> <span class='ocrx_word' id='word_1_822' title='bbox 3261 5039 3273 5052; x_wconf 93' lang='grc'><strong>·</strong></span> <span class='ocrx_word' id='word_1_823' title='bbox 3308 5019 3551 5086; x_wconf 76' lang='grc' dir='ltr'>ἐξέλιπον</span> <span class='ocrx_word' id='word_1_824' title='bbox 3581 5022 3642 5073; x_wconf 78' lang='grc' dir='ltr'>αἱ</span> 
     </span>
    </p>
   </div>
   <div class='ocr_carea' id='block_1_111' title="bbox 2075 5112 3644 5186">
    <p class='ocr_par' dir='ltr' id='par_1_111' title="bbox 2075 5112 3644 5186">
     <span class='ocr_line' id='line_1_111' title="bbox 2075 5112 3644 5186; baseline -0.003 -18"><span class='ocrx_word' id='word_1_825' title='bbox 2075 5115 2255 5179; x_wconf 86' lang='grc' dir='ltr'>πόλεις</span> <span class='ocrx_word' id='word_1_826' title='bbox 2289 5115 2464 5168; x_wconf 78' lang='grc' dir='ltr'>αὐτῶν</span> <span class='ocrx_word' id='word_1_827' title='bbox 2494 5115 2646 5186; x_wconf 87' lang='grc' dir='ltr'><strong>παρά</strong></span> <span class='ocrx_word' id='word_1_828' title='bbox 2663 5116 2722 5168; x_wconf 83' lang='grc' dir='ltr'><strong>τὸ</strong></span> <span class='ocrx_word' id='word_1_829' title='bbox 2749 5115 2950 5185; x_wconf 86' lang='grc' dir='ltr'>μηδένα</span> <span class='ocrx_word' id='word_1_830' title='bbox 2978 5115 3240 5185; x_wconf 86' lang='grc' dir='ltr'>ὑπάρχειν</span> <span class='ocrx_word' id='word_1_831' title='bbox 3287 5112 3417 5184; x_wconf 74' lang='grc' dir='ltr'>μηδὲ</span> <span class='ocrx_word' id='word_1_832' title='bbox 3459 5129 3644 5164; x_wconf 63' lang='grc' dir='ltr'>κατοις</span> 
     </span>
    </p>
   </div>
   <div class='ocr_carea' id='block_1_112' title="bbox 2073 5205 3639 5280">
    <p class='ocr_par' dir='ltr' id='par_1_112' title="bbox 2073 5205 3639 5280">
     <span class='ocr_line' id='line_1_112' title="bbox 2073 5205 3639 5280; baseline -0.003 -20"><span class='ocrx_word' id='word_1_833' title='bbox 2073 5211 2208 5262; x_wconf 85' lang='grc' dir='ltr'>κεῖν.</span> <span class='ocrx_word' id='word_1_834' title='bbox 2245 5227 2264 5258; x_wconf 71' lang='grc' dir='ltr'><strong>ι</strong></span> <span class='ocrx_word' id='word_1_835' title='bbox 2293 5207 2569 5280; x_wconf 85' lang='grc' dir='ltr'>Διαφθορᾷ</span> <span class='ocrx_word' id='word_1_836' title='bbox 2609 5207 2705 5278; x_wconf 79' lang='grc' dir='ltr'><strong>μὲν</strong></span> <span class='ocrx_word' id='word_1_837' title='bbox 2729 5208 2839 5278; x_wconf 84' lang='grc' dir='ltr'>γὰρ</span> <span class='ocrx_word' id='word_1_838' title='bbox 2886 5208 3081 5270; x_wconf 83' lang='grc' dir='ltr'>αὐτοὺς</span> <span class='ocrx_word' id='word_1_839' title='bbox 3107 5205 3196 5258; x_wconf 80' lang='grc' dir='ltr'>διὰ</span> <span class='ocrx_word' id='word_1_840' title='bbox 3225 5206 3321 5276; x_wconf 82' lang='grc' dir='ltr'><strong>τὴν</strong></span> <span class='ocrx_word' id='word_1_841' title='bbox 3353 5205 3639 5275; x_wconf 86' lang='grc' dir='ltr'>ὑπερηφα-</span> 
     </span>
    </p>
   </div>
   <div class='ocr_carea' id='block_1_113' title="bbox 2071 5297 3640 5372">
    <p class='ocr_par' dir='ltr' id='par_1_113' title="bbox 2071 5297 3640 5372">
     <span class='ocr_line' id='line_1_113' title="bbox 2071 5297 3640 5372; baseline -0.002 -22"><span class='ocrx_word' id='word_1_842' title='bbox 2071 5299 2188 5353; x_wconf 89' lang='grc' dir='ltr'>νίαν</span> <span class='ocrx_word' id='word_1_843' title='bbox 2233 5300 2412 5354; x_wconf 85' lang='grc' dir='ltr'>αὑτῶν</span> <span class='ocrx_word' id='word_1_844' title='bbox 2451 5300 2846 5372; x_wconf 62' lang='grc' dir='ltr'>παραδέδωκω</span> <span class='ocrx_word' id='word_1_845' title='bbox 2879 5298 3092 5368; x_wconf 84' lang='grc' dir='ltr'>ἀφανιῶ</span> <span class='ocrx_word' id='word_1_846' title='bbox 3132 5299 3189 5352; x_wconf 84' lang='grc' dir='ltr'><strong>δέ</strong></span> <span class='ocrx_word' id='word_1_847' title='bbox 3223 5299 3402 5360; x_wconf 84' lang='grc' dir='ltr'>πάσας</span> <span class='ocrx_word' id='word_1_848' title='bbox 3453 5297 3640 5350; x_wconf 84' lang='grc' dir='ltr'>αὑτῶν</span> 
     </span>
    </p>
   </div>
   <div class='ocr_carea' id='block_1_114' title="bbox 2069 5387 3636 5460">
    <p class='ocr_par' dir='ltr' id='par_1_114' title="bbox 2069 5387 3636 5460">
     <span class='ocr_line' id='line_1_114' title="bbox 2069 5387 3636 5460; baseline -0.001 -17"><span class='ocrx_word' id='word_1_849' title='bbox 2069 5393 2167 5454; x_wconf 84' lang='grc' dir='ltr'><strong>τὰς</strong></span> <span class='ocrx_word' id='word_1_850' title='bbox 2199 5392 2412 5455; x_wconf 80' lang='grc' dir='ltr'>πόλεις’</span> <span class='ocrx_word' id='word_1_851' title='bbox 2461 5394 2540 5454; x_wconf 87' lang='grc' dir='ltr'>εἰς</span> <span class='ocrx_word' id='word_1_852' title='bbox 2581 5391 2846 5460; x_wconf 89' lang='grc' dir='ltr'>τοσαύτην</span> <span class='ocrx_word' id='word_1_853' title='bbox 2883 5407 2941 5442; x_wconf 89' lang='grc' dir='ltr'><strong>τε</strong></span> <span class='ocrx_word' id='word_1_854' title='bbox 2972 5389 3202 5460; x_wconf 83' lang='grc' dir='ltr'>ἐρημίαν</span> <span class='ocrx_word' id='word_1_855' title='bbox 3232 5389 3343 5453; x_wconf 81' lang='grc' dir='ltr'>ἄξω</span> <span class='ocrx_word' id='word_1_856' title='bbox 3391 5387 3462 5440; x_wconf 83' lang='grc' dir='ltr'>τὰ</span> <span class='ocrx_word' id='word_1_857' title='bbox 3501 5388 3636 5459; x_wconf 82' lang='grc' dir='ltr'>παρ’</span> 
     </span>
    </p>
   </div>
   <div class='ocr_carea' id='block_1_115' title="bbox 2069 5479 3636 5552">
    <p class='ocr_par' dir='ltr' id='par_1_115' title="bbox 2069 5479 3636 5552">
     <span class='ocr_line' id='line_1_115' title="bbox 2069 5479 3636 5552; baseline -0.003 -17"><span class='ocrx_word' id='word_1_858' title='bbox 2069 5483 2270 5548; x_wconf 82' lang='grc' dir='ltr'>αὑτοῖς,</span> <span class='ocrx_word' id='word_1_859' title='bbox 2295 5487 2370 5552; x_wconf 92' lang='lat' dir='ltr'><strong>(p.</strong></span> <span class='ocrx_word' id='word_1_860' title='bbox 2404 5483 2505 5536; x_wconf 69' lang='grc'><strong>405</strong></span> <span class='ocrx_word' id='word_1_861' title='bbox 2535 5483 2550 5552; x_wconf 90' lang='grc'><strong>)</strong></span> <span class='ocrx_word' id='word_1_862' title='bbox 2585 5482 2722 5535; x_wconf 84' lang='grc' dir='ltr'>ὥστε</span> <span class='ocrx_word' id='word_1_863' title='bbox 2761 5482 2855 5535; x_wconf 77' lang='grc' dir='ltr'><strong>καὶ</strong></span> <span class='ocrx_word' id='word_1_864' title='bbox 2888 5480 2986 5544; x_wconf 80' lang='grc' dir='ltr'>τὰς</span> <span class='ocrx_word' id='word_1_865' title='bbox 3019 5481 3170 5542; x_wconf 80' lang='grc' dir='ltr'>ὁδοὺς</span> <span class='ocrx_word' id='word_1_866' title='bbox 3193 5480 3378 5533; x_wconf 83' lang='grc' dir='ltr'>λοιπὸν</span> <span class='ocrx_word' id='word_1_867' title='bbox 3407 5479 3636 5548; x_wconf 84' lang='grc' dir='ltr'>ἀδήλους</span> 
     </span>
    </p>
   </div>
   <div class='ocr_carea' id='block_1_116' title="bbox 2068 5565 3633 5645">
    <p class='ocr_par' dir='ltr' id='par_1_116' title="bbox 2068 5565 3633 5645">
     <span class='ocr_line' id='line_1_116' title="bbox 2068 5565 3633 5645; baseline -0.004 -19"><span class='ocrx_word' id='word_1_868' title='bbox 2068 5569 2206 5626; x_wconf 82' lang='grc' dir='ltr'>εἶναι</span> <span class='ocrx_word' id='word_1_869' title='bbox 2240 5574 2446 5644; x_wconf 81' lang='grc' dir='ltr'>ἐρημίᾳ</span> <span class='ocrx_word' id='word_1_870' title='bbox 2473 5573 2580 5626; x_wconf 84' lang='grc' dir='ltr'><strong>τῶν</strong></span> <span class='ocrx_word' id='word_1_871' title='bbox 2613 5573 2954 5626; x_wconf 83' lang='grc' dir='ltr'>διοδευόντων</span> <span class='ocrx_word' id='word_1_872' title='bbox 2979 5613 2993 5638; x_wconf 89' lang='grc'><strong>,</strong></span> <span class='ocrx_word' id='word_1_873' title='bbox 3023 5565 3165 5645; x_wconf 79' lang='grc' dir='ltr'>ᾗπερ</span> <span class='ocrx_word' id='word_1_874' title='bbox 3200 5567 3293 5624; x_wconf 82' lang='grc' dir='ltr'>οὖν</span> <span class='ocrx_word' id='word_1_875' title='bbox 3325 5567 3633 5640; x_wconf 84' lang='grc' dir='ltr'>παραδώσω</span> 
     </span>
    </p>
   </div>
   <div class='ocr_carea' id='block_1_117' title="bbox 2073 5658 3633 5733">
    <p class='ocr_par' dir='ltr' id='par_1_117' title="bbox 2073 5658 3633 5733">
     <span class='ocr_line' id='line_1_117' title="bbox 2073 5658 3633 5733; baseline -0.005 -15"><span class='ocrx_word' id='word_1_876' title='bbox 2073 5665 2165 5718; x_wconf 75' lang='grc' dir='ltr'><strong>καὶ</strong></span> <span class='ocrx_word' id='word_1_877' title='bbox 2193 5664 2291 5726; x_wconf 84' lang='grc' dir='ltr'>τὰς</span> <span class='ocrx_word' id='word_1_878' title='bbox 2312 5665 2493 5727; x_wconf 86' lang='grc' dir='ltr'>πόλεις</span> <span class='ocrx_word' id='word_1_879' title='bbox 2518 5664 2696 5717; x_wconf 83' lang='grc' dir='ltr'>αὑτῶν</span> <span class='ocrx_word' id='word_1_880' title='bbox 2729 5664 2965 5726; x_wconf 83' lang='grc' dir='ltr'>ἁπάσας,</span> <span class='ocrx_word' id='word_1_881' title='bbox 2985 5661 3126 5716; x_wconf 84' lang='grc' dir='ltr'>ὥστε</span> <span class='ocrx_word' id='word_1_882' title='bbox 3155 5662 3357 5733; x_wconf 88' lang='grc' dir='ltr'>μηθένα</span> <span class='ocrx_word' id='word_1_883' title='bbox 3379 5658 3633 5712; x_wconf 76' lang='grc' dir='ltr'>οἰκοῦντα</span> 
     </span>
    </p>
   </div>
   <div class='ocr_carea' id='block_1_118' title="bbox 2074 5745 3634 5821">
    <p class='ocr_par' dir='ltr' id='par_1_118' title="bbox 2074 5745 3634 5821">
     <span class='ocr_line' id='line_1_118' title="bbox 2074 5745 3634 5821; baseline -0.007 -20"><span class='ocrx_word' id='word_1_884' title='bbox 2074 5749 2418 5818; x_wconf 80' lang='grc' dir='ltr'>εὑρίσκεσθαι</span> <span class='ocrx_word' id='word_1_885' title='bbox 2449 5752 2506 5803; x_wconf 74' lang='grc' dir='ltr'><strong>ἐν</strong></span> <span class='ocrx_word' id='word_1_886' title='bbox 2542 5751 2746 5815; x_wconf 77' lang='grc' dir='ltr'>αὑταῖς.</span> <span class='ocrx_word' id='word_1_887' title='bbox 2795 5749 2954 5804; x_wconf 78' lang='grc' dir='ltr'>Ἀλλὰ</span> <span class='ocrx_word' id='word_1_888' title='bbox 2995 5749 3102 5821; x_wconf 82' lang='grc' dir='ltr'>γὰρ</span> <span class='ocrx_word' id='word_1_889' title='bbox 3142 5748 3385 5821; x_wconf 84' lang='grc' dir='ltr'>δηλώσας</span> <span class='ocrx_word' id='word_1_890' title='bbox 3420 5750 3479 5802; x_wconf 76' lang='grc' dir='ltr'>ὲν</span> <span class='ocrx_word' id='word_1_891' title='bbox 3507 5745 3634 5800; x_wconf 67' lang='grc' dir='ltr'><strong>τοὺ.</strong></span> 
     </span>
    </p>
   </div>
  </div>
