4054 6238
244 300 273 353 -1
282 297 353 354 '39

1175 309 1719 367 conuenramus
1748 309 1816 364 lN
1846 290 2208 369 sornomie
2250 314 2401 371 CAP.
2434 314 2520 371 ιιι.

3376 315 3480 370 6Ἰο

236 428 358 475 τοιῖ
392 416 485 469 καὶ
512 418 606 488 τῆς
636 419 836 493 Νινευῆ
865 421 964 494 τὴν
1001 424 1256 496 ἐρημίαν,
1294 428 1394 498 τῆς
1431 446 1489 481 τε
1518 428 1623 482 τῶν
1670 429 1969 500 Ἀσσυρίων
2000 432 2171 502 ἀρχῆς
2209 434 2306 503 τὴν
2336 433 2670 503 καθαίρεσιν,
2701 432 2890 503 τρέπει
2920 430 3053 501 πρὸς
3073 426 3196 494 τοὺς
3220 431 3316 501 τῆς
3358 431 3482 485 ’1ου-

239 513 405 574 δαίας
428 513 520 567 τὸν
549 515 703 583 λόγον
728 519 820 571 καί
843 537 1005 590 φησιν
1024 539 1037 551 ·

323 608 474 677 Στίχ.
504 608 565 673 ζ’,
592 617 663 679 η’.
685 642 753 650 -
788 632 805 663 ι
838 608 1003 667 Εἶπον
1022 632 1035 646 ’
1064 616 1210 685 Πλὴν
1237 617 1483 686 φοδεῖσθέ
1516 636 1604 689 με,
1627 621 1721 673 καί
1743 618 1829 671 δέ-

2002 618 2165 674 Vens.
2207 621 2258 683 7,
2293 622 2345 674 8.
2372 653 2438 661 —
2467 641 2483 672 ι
2522 621 2638 674 Dixi
2672 638 2688 674 :
2721 618 3121 674 Verumtamem
3152 615 3338 670 timete
3374 630 3481 675 me,

246 701 418 765 ξασθε
439 701 700 766 παιδείαν,
721 706 814 756 καὶ
830 706 891 758 οὐ
913 705 985 776 μὴ
1005 706 1414 780 ἐξολοθρευθῆτε
1440 709 1498 775 ἐξ
1527 711 1818 784 ὀφθαλμῶν

1922 722 1974 765 et
2001 713 2235 781 excipite
2272 713 2652 782 disciplinam,
2688 717 2853 781 atque
2884 710 2958 763 ita
2992 724 3102 763 non
3136 706 3386 777 peribitis
3418 720 3483 757 ex

244 796 426 866 αὐτῆς
446 796 533 850 διά
558 799 733 852 πάντα
762 800 863 854 ὅσα
883 802 1164 873 ἐξεδίκησα
1189 806 1274 856 ἐπ’
1301 807 1489 876 αὑτήν.
1519 826 1536 858 ι
1561 805 1694 878 Ἤδη
1721 807 1820 879 μὲν

1960 803 2097 858 culis
2126 804 2292 867 illius,
2325 814 2545 873 propter
2572 819 2633 858 ea
2655 803 2859 864 omnia,
2896 815 3017 870 quae
3037 801 3184 853 ultus
3212 812 3332 853 sum
3354 810 3489 849 cono

243 883 340 939 οὖν
395 886 680 956 προλαϐὼν
704 886 1155 961 διεμαρτυράμην
1190 894 1317 961 ὑμῖν
1352 892 1438 946 διὰ
1466 893 1572 947 τῶν
1606 907 1820 967 προφη,

244 978 382 1044 τῶν,
415 979 555 1032 ὥστε
583 980 642 1032 ἐν
681 981 828 1051 φόόῳ
873 983 966 1053 μὲν
1010 983 1150 1053 ἔχειν
1174 984 1294 1053 ἐμὲ,
1324 985 1418 1038 ac:
1445 986 1641 1057 ῥαδίως
1678 988 1822 1058 ὑμᾶς

247 1074 299 1124 εἰ
334 1073 576 1126 πταίοιτε
600 1073 692 1126 καὶ
735 1076 1088 1145 τιμωρεῖσθαι
1122 1076 1438 1146 δυνάμενον,
1478 1078 1731 1144 δέξασθαι
1765 1079 1823 1133 δὲ

250 1166 352 1235 τὴν
379 1167 797 1237 προσαγομένην
819 1168 943 1238 ὑμῖν
964 1168 1306 1222 διδασκαλίαν
1327 1172 1790 1244 ἐπαγγειλάμενος
1807 1191 1823 1206 ’

251 1259 379 1311 οὔτε
410 1258 692 1328 ἀφανίζειν
725 1260 890 1329 ὑμᾶς,
947 1261 995 1312 εἰ
1027 1259 1199 1313 ταῦτα
1240 1264 1461 1327 ποιοῖτε,
1494 1265 1594 1334 τῆς
1647 1282 1813 1333 προσ·-

253 1351 431 1418 «inpetu;
471 1349 570 1421 τῆς
621 1350 761 1420 ἐμῆς
800 1350 1193 1422 ἀφαιρεθέντας
1238 1351 1345 1405 τῶν
1386 1354 1588 1418 τόπων,
1629 1356 1685 1406 ἐν
1717 1348 1830 1406 οἷσ-

258 1458 366 1512 περ
412 1441 752 1495 διατέτακται
794 1442 893 1511 τῆς
926 1441 1219 1512 θεραπείας
1268 1444 1411 1513 ὑμᾶς
1454 1445 1831 1514 ἐπιμελεῖσθαι

257 1532 361 1601 τῆς
413 1531 581 1601 ἐμῆςο
643 1533 757 1585 οὒτ’
810 1532 889 1585 ἔτι
942 1532 1338 1605 διαπράξασθαι
1388 1534 1592 1587 τούτων
1648 1534 1683 1588 ἃ.
1737 1535 1832 1589 νῦν

260 1626 542 1695 ἐπήγαγον
569 1624 695 1694 ὑμῖν
718 1626 796 1686 εἰς
823 1624 1065 1677 ἐκδικίαν
1088 1617 1162 1677 ὧν
1187 1624 1686 1695 πεπλημμελήκατε
1709 1625 1832 1678 πολ-

260 1715 445 1779 λάκις.
474 1734 492 1767 ι
540 1715 853 1786 Ἑτοιμάζου
882 1756 896 1778 ,
947 1716 1198 1788 ὄρθρισον
1222 1758 1237 1780 ,
1274 1716 1589 1787 διέφθαρται
1622 1719 1771 1770 πᾶσα
1798 1720 1831 1785 ἡ

266 1807 762 1878 ἐηφυλλίςζαύτῶν.
795 1829 813 1860 ι
859 1809 995 1862 Ἀλλ’
1017 1810 1202 1879 ἐπειδὴ
1226 1809 1349 1862 τότε
1383 1809 1442 1862 τὸ
1468 1809 1583 1862 δέον
1617 1809 1837 1880 παρελί-

1925 901 2005 944 tra
2064 907 2205 946 eam.
2250 913 2267 945 ι
2315 892 2648 963 Jampridem
2707 899 2941 947 testatus
3010 889 3166 944 vobis
3220 903 3339 943 sum
3390 900 3486 955 per

1928 985 2237 1054 prophetas,
2275 993 2332 1037 ut
2370 1000 2453 1039 me
2497 985 2784 1048 timeretis,
2830 983 2922 1054 qui
2961 981 3118 1037 facile
3156 994 3401 1050 possum,
3439 978 3487 1033 si

1928 1064 2303 1145 peccaveritis,
2331 1075 2556 1143 punire;
2596 1085 2758 1144 atque
2789 1083 2849 1128 ut
2878 1073 3003 1127 data
3042 1072 3249 1127 monita
3282 1069 3490 1138 recipe-

1927 1166 2063 1220 retis
2096 1166 2439 1232 denuntiavi,
2473 1182 2751 1236 nunquam
2786 1180 2920 1230 vos,
2960 1165 3005 1219 si
3051 1164 3127 1218 ita
3158 1179 3254 1218 vos
3303 1177 3489 1232 gesse-

1930 1258 2072 1322 ritis,
2129 1273 2215 1313 me
2256 1258 2685 1322 destructurum,
2729 1273 2905 1329 neque
2944 1272 2974 1311 a
3028 1257 3164 1311 locis
3210 1269 3350 1326 quos
3392 1268 3492 1322 ego

1930 1356 2155 1419 aspectu
2207 1365 2329 1404 meo
2368 1349 2559 1420 dignos
2609 1350 2833 1419 judico,
2873 1348 3228 1420 expulsurum
3275 1363 3287 1398 :
3339 1344 3494 1398 deni-

1931 1455 2038 1511 que
2075 1439 2214 1494 nihil
2246 1456 2435 1495 eorum
2466 1449 2770 1511 gesturum,
2797 1456 2916 1511 quae
2958 1454 3104 1494 nunc
3143 1444 3493 1509 peccatorum

1933 1543 2241 1589 vestrorum
2278 1534 2628 1588 multitudine
2649 1533 2809 1604 265
2834 1539 3141 1587 commotus
3173 1530 3253 1583 ira
3286 1525 3498 1583 vindice

1934 1626 2266 1698 perpetravi.
2320 1643 2337 1676 ι
2390 1624 2725 1695 Praeparare,
2762 1639 3030 1694 consurge
3067 1620 3331 1687 diluculo,
3376 1633 3501 1671 cor-

1938 1730 2093 1788 rupta
2125 1724 2209 1772 est
2235 1716 2565 1772 frondositas
2609 1731 2819 1770 eorum.
2858 1734 2877 1767 ι
2916 1714 3018 1770 Sed
3054 1715 3183 1783 quia
3218 1722 3350 1765 tunc
3381 1709 3501 1765 olli-

1938 1812 2084 1866 cinm
2110 1818 2357 1865 vestrum
2386 1808 2731 1875 deseruistis,
2762 1807 2991 1877 ideoque
3023 1807 3138 1860 haec
3162 1802 3500 1873 pertulistis;

266 1918 403 1956 πετε
428 1902 520 1954 καὶ
541 1900 837 1953 πεπόνθατε
864 1900 1105 1965 τοιαῦτα,
1135 1900 1228 1955 νῦν
1260 1900 1390 1968 γοῦν
1418 1902 1641 1966 ἑαυτοὺς
1663 1903 1737 1963 εἰς
1777 1899 1838 1953 τὸ

1960 1918 2088 1958 nunc
2128 1909 2341 1957 vosmet
2384 1908 2697 1971 comparate
2734 1901 2799 1955 ad
2843 1897 3206 1954 obediendum
3234 1893 3505 1949 mandatis

264 1994 389 2047 δέον
429 1995 877 2064 παρασκευάσαι-τε
919 1996 997 2056 εἰς
1031 1994 1092 2047 τὸ
1131 1995 1267 2064 μετά
1299 1996 1478 2067 πάσης
1524 1995 1837 2066 ἐπιμελείας

1960 1997 2074 2052 neis
2114 1996 2406 2051 sedulitate
2446 1970 2592 2048 omni
2642 2009 2704 2048 ac
2755 1993 2973 2059 studio;
3003 1991 3203 2061 quippe
3238 1987 3333 2058 qui
3375 2000 3508 2039 mea:

262 2104 326 2138 τε
356 2085 448 2137 καὶ
478 2084 713 2153 σπουδῆς
746 2082 854 2150 τῶν
886 2085 1018 2155 παρ’
1065 2084 1204 2155 ἐμοῦ
1234 2084 1674 2155 διατεταγμένων
1716 2087 1845 2138 άντ-

1960 2102 2067 2157 ιτειι
2114 2102 2212 2141 vos
2266 2084 2623 2156 providentiae
2674 2082 3201 2139 demonstrationem
3256 2075 3506 2138 habetis,

262 2176 505 2247 ἔχεσθαι,
533 2175 627 2229 ἀτε
659 2175 754 2228 καὶ
790 2175 891 2245 τῆς
928 2176 1252 2247 κηδεμονίας
1279 2194 1379 2247 μου
1418 2176 1519 2247 τῆς
1549 2177 1675 2249 περὶ
1703 2178 1847 2247 ὑμᾶς

1960 2179 2179 2236 iostium
2221 2187 2530 2233 vestrorum
2576 2178 2835 2246 potentiae
2888 2187 3205 2247 supremum
3249 2167 3510 2225 extermi-

262 2268 540 2335 ἀπόδειξιν
576 2267 789 2338 ἔχοντες
836 2268 897 2321 τὸ
942 2271 1121 2322 πᾶσαν
1158 2268 1437 2331 παντελῶς
1487 2268 1848 2340 ἀφαιρεθῆναι

1960 2272 2119 2325 ςιίυιη.
2150 2288 2169 2322 ι
2208 2271 2501 2341 Propterea
2529 2279 2787 2340 exspecta
2814 2284 2934 2334 me,
2965 2266 3099 2322 dicit
3134 2263 3422 2325 Dominus,
3454 2262 3512 2314 in

264 2362 387 2433 τὴνξ
414 2358 646 2432 δύναμιν
686 2361 792 2415 τῶν
854 2360 1084 2433 ἐχθρῶν.
1133 2380 1151 2413 ι
1191 2360 1290 2414 Διά
1333 2361 1494 2414 τοῦτο
1556 2362 1850 2433 ὑπόμεινόν

1960 2365 2092 2419 liem
2122 2363 2543 2419 resurrectionis
2572 2377 2704 2419 meae
2736 2361 2793 2416 in
2822 2358 3217 2415 testimonium.
3261 2373 3280 2405 ι
3316 2352 3398 2407 Ad
3428 2366 3513 2404 me

270 2471 360 2524 με,
399 2453 552 2522 λέγει
580 2454 784 2525 Κύριος
804 2495 818 2517 ,
852 2455 927 2523 (p.
966 2453 1070 2507 404
1100 2453 1116 2509 l
1142 2456 1220 2516 εἰς
1248 2454 1462 2524 ἡμέραν
1496 2454 1839 2517 ἀναστάσεώς

1960 2456 2285 2511 :ontinenter
2337 2455 2620 2526 respicite,
2670 2466 2964 2522 meumque
3029 2448 3292 2503 auxilium
3341 2458 3506 2513 expe-

270 2564 372 2617 μου
425 2548 508 2609 εἰς
549 2545 867 2617 μαρτύριον.
908 2565 925 2597 ι
965 2547 1075 2598 Καὶ
1127 2546 1418 2599 διατελεῖτε
1448 2545 1512 2616 δὴ
1558 2546 1693 2616 πρὸς
1743 2546 1840 2616 ἐμὲ

268 2640 605 2713 ἀφορῶντες,
635 2641 728 2694 καὶ
760 2641 858 2705 τὴν
885 2639 1014 2710 παρ’
1038 2638 1174 2709 ἐμοῦ
1207 2638 1460 2710 βοήθειαν
1488 2639 1843 2709 ἀναμένοντες

268 2735 337 2806 ἢν
383 2733 526 2787 κατά
574 2733 764 2803 καιρὸν
795 2733 924 2802 ὑμῖν
958 2731 1198 2803 παρέξω,
1238 2731 1314 2794 ὡς
1360 2732 1425 2783 ἐκ
1471 2730 1677 2803 νεκρῶν
1703 2731 1844 2800 ὑμᾶς

270 2826 529 2889 ἀνιστιῖιν,
584 2824 680 2877 καὶ
736 2823 1092 2877 ἀπαλλάττων
1154 2823 1252 2894 μὲν
1308 2823 1406 2893 τῆς
1452 2820 1844 2892 αἰχμαλωσίας,

272 2915 565 2983 ἐπανάγων
596 2914 652 2967 δέ
679 2913 885 2977 πάντας
907 2913 1050 2983 ὑμᾶς
1083 2912 1175 2965 ἐπὶ
1203 2911 1271 2965 τά
1300 2912 1495 2965 οἰκεῖα.
1528 2910 1711 2966 Ταῦτα
1739 2912 1846 2984 γάρ

276 3007 442 3059 πάλαι
474 3023 532 3058 τε
562 3004 653 3059 διὰ
678 3004 783 3057 τῶν
814 3002 1106 3074 προφητῶν
1142 3002 1231 3055 καὶ
1273 3000 1385 3054 νῦν.
1416 3001 1545 3070 ὑμῖν
1583 3001 1848 3072 ἐπήγγελ-

1947 2556 2093 2603 etate
2111 2549 2252 2618 quod
2279 2564 2378 2604 suo
2401 2559 2640 2617 tempore
2665 2544 2965 2609 conferam,
2990 2541 3119 2596 dum
3140 2554 3237 2593 vos
3257 2546 3514 2607 tanquam

1949 2654 1979 2692 a
2002 2640 2236 2694 mortuis
2260 2639 2560 2702 suscitabo,
2591 2645 2645 2693 et
2665 2636 2948 2707 expediam
2981 2629 3320 2701 captivitate,
3352 2633 3518 2696 atque

1952 2729 2018 2784 ad
2061 2732 2280 2801 propria
2329 2744 2774 2800 unumquemque
2815 2729 2934 2783 loca
2984 2724 3264 2779 reducam.
3309 2719 3520 2788 Quippe

1955 2823 2069 2878 haec
2109 2823 2239 2877 olim
2270 2840 2366 2893 per
2387 2825 2701 2894 prophetas,
2733 2831 2787 2877 et
2816 2834 2963 2875 nunc
2986 2817 3167 2871 denuo
3195 2814 3521 2870 collaturum

1955 2932 2041 2972 me
2069 2917 2224 2972 vobis
2249 2918 2514 2988 spondeo,
2543 2927 2603 2971 ut
2642 2914 2887 2972 veritatis
2916 2911 3342 2984 promissionum
3372 2919 3516 2960 mea-

1954 3020 2076 3060 rum
2118 3011 2276 3064 testis
2303 3008 2459 3064 vobis
2482 3009 2553 3063 sit
2574 3022 2753 3061 rerum
2781 3006 2978 3061 exitus.

279 3115 378 3168 μαι
414 3095 666 3169 παρέξειν
692 3137 708 3163 ,
758 3095 834 3159 ὡς
868 3095 935 3149 ἂν
972 3095 1276 3166 μαρτυρίαν
1310 3095 1408 3165 τῆς
1444 3093 1698 3165 ἀληθείας
1741 3093 1848 3148 τῶν
1896 3101 2025 3171 παρ’
2058 3101 2194 3172 ἐμοῦ
2244 3101 2736 3175 προηγορευμένων
2766 3099 2939 3169 ἔχοιτε
2971 3095 3078 3150 τῶν
3102 3092 3399 3165 γινομένων
3425 3089 3523 3161 τὴν

278 3191 521 3245 ἔκϐασιν.

347 3282 496 3353 Στίχ.
526 3285 594 3353 8',
632 3288 683 3337 t'.
715 3311 783 3323 —
818 3299 836 3332 ι
864 3281 1008 3355 ᾼιότι
1045 3279 1105 3333 τὸ
1137 3279 1312 3351 κρῖμά
1351 3296 1452 3349 μου
1503 3280 1581 3340 εἰς
1610 3295 1852 3347 συναγω-

2030 3282 2197 3340 Vens.
2244 3285 2298 3349 9,
2332 3285 2417 3340 10.
2450 3314 2517 3324 -
2551 3303 2569 3335 ι
2600 3282 2736 3350 Quia
2760 3280 3029 3351 judicium
3071 3292 3251 3334 meum
3285 3276 3355 3331 ad
3394 3290 3529 3328 con-

279 3379 382 3445 γάς
414 3375 592 3428 ἐθνῶν
624 3373 720 3427 τοῦ
771 3373 1112 3439 εἰσδέξασθαι
1148 3372 1385 3443 βασιλεῖς
1415 3371 1507 3425 τοῦ
1548 3371 1733 3442 ἐκχέαι
1767 3373 1851 3423 ἐπ’

282 3469 482 3531 αὐτοὺς
516 3468 696 3520 πᾶσαν
717 3466 886 3537 ὀργὴν
920 3462 1090 3535 θυμοῦ
1117 3480 1215 3534 μου
1236 3479 1249 3493 ·
1280 3463 1412 3517 διότι
1440 3464 1497 3515 ἐν
1526 3463 1659 3531 πυρὶ
1690 3461 1851 3532 ζήλου

286 3579 389 3631 μου
441 3559 951 3629 καταναλωθήσεται
986 3557 1134 3609 πᾶσα
1170 3556 1202 3626 ἡ
1260 3555 1355 3624 γῆ.
1397 3573 1415 3607 ι
1461 3554 1593 3606 Τότε
1637 3552 1743 3624 γὰρ
1789 3552 1853 3624 δὴ

291 3652 526 3723 μάλιστα
555 3651 699 3722 σαφῆ
744 3650 842 3720 τὴν
882 3648 1062 3718 κρίσιν
1108 3646 1445 3716 ἐπιδείξομαι
1478 3645 1577 3715 τὴν
1610 3646 1746 3715 ἐμὴν
1790 3643 1856 3714 ἢν

288 3747 433 3817 ὑπὲρ
463 3745 618 3816 ὑμῶν
670 3744 990 3812 ποιήσομαι,
1020 3741 1144 3803 τοὺς
1182 3738 1512 3807 πανταχόθεν
1542 3735 1859 3807 ἀθροιζομέ-

286 3856 415 3902 νους
446 3837 562 3893 τῶν
607 3836 774 3889 ἐθνῶν
810 3836 913 3887 ὑπὸ
948 3832 1219 3903 τιμωρίαν
1266 3830 1414 3898 άγων
1436 3846 1449 3859 ·
1498 3828 1722 3890 πολλοὺς
1752 3826 1859 3896 γὰρ

287 3933 354 4003 δὴ
385 3930 641 4001 βασιλέας
666 3947 726 3982 τε
759 3931 855 3983 καί⁸
883 3929 1168 3998 σατράπας
1189 3927 1286 3979 σὺν
1316 3928 1429 3987 τοῖς
1451 3922 1668 3984 οἰκείοις
1698 3937 1861 3992 στρα-

288 4024 538 4088 τοπέδοις
570 4023 662 4075 ἐπὶ
694 4023 792 4093 τὴν
825 4020 1175 4092 Ἰερουσαλὴμ
1196 4016 1504 4090 χωροῦντας
1532 4012 1856 4084 εἰσδέξομαι,

289 4121 569 4173 τουτέστιν
610 4118 781 4172 ἐλθεῖν
806 4118 951 4171 ἐάσω
972 4160 985 4183 ,
1016 4118 1156 4170 ὥστε
1185 4116 1329 4184 σαφῆ
1364 4114 1462 4185 μέν
1507 4130 1608 4182 μου
1637 4112 1734 4183 τὴν
1760 4128 1861 4182 κη-

290 4212 549 4281 δεμονίαν
580 4211 678 4281 τὴν
709 4210 837 4279 περί
883 4210 1025 4279 ὑμᾶς
1069 4207 1249 4260 αὐτῶν
1303 4206 1524 4275 ποιῆσαι
1564 4202 1671 4256 τῶν
1719 4218 1864 4274 πρα-

292 4304 563 4371 γμάτωνο
626 4302 824 4373 πολλὴν
875 4302 929 4355 δέ
995 4319 1114 4354 τινα
1153 4301 1250 4371 τὴν
1302 4299 1388 4353 ἐπ’
1447 4298 1642 4360 αὐτοὺς
1697 4295 1865 4367 ὀργὴν

292 4395 507 4465 ἐκχέαι,
550 4395 726 4448 πᾶσάν
756 4411 812 4447 τε
837 4394 1002 4463 αὐτὴν
1031 4394 1148 4447 κατ’
1182 4391 1362 4445 αὐτῶν
1396 4391 1618 4461 κινῆσαι
1638 4404 1651 4418 ο
1680 4386 1867 4457 ἐπειδὴ

293 4488 496 4540 ὠσανεί
522 4486 610 4539 διά
639 4486 811 4557 πυρὸς
843 4484 1104 4539 άναλώσω
1132 4485 1337 4546 πάντας
1369 4482 1566 4544 αὐτοὺς
1592 4480 1737 4552 ζήλῳ
1762 4479 1869 4531 τινὶ

295 4580 708 4651 λαμὸανόμενος
730 4616 744 4639 ,
773 4578 856 4630 ὅτι
890 4577 1032 4629 κατά
1070 4575 1180 4629 τῶν
1208 4574 1423 4628 οἰκείων
1458 4573 1566 4625 τῶν
1600 4570 1747 4642 ἐμῶν
1778 4586 1868 4622 τε-

296 4672 607 4743 τολμήκασι
654 4668 939 4722 τοσοῦτον’
975 4672 1051 4739 (p.
1105 4668 1254 4737 405)
1301 4666 1448 4732 λέγει
1488 4665 1546 4718 δὲ
1590 4664 1700 4717 τῶν
1744 4662 1872 4733 περὶ

296 4764 390 4815 τὸν
415 4763 540 4832 Γὼγ
566 4763 770 4823 ἕνεκεν,
794 4759 887 4823 οὒς
913 4761 1050 4829 μετά
1071 4758 1168 4830 τὴν
1190 4758 1444 4812 ἐπάνοδον
1475 4756 1873 4828 ἐπεληλυθότας

301 4856 490 4919 αὐτοῖς
562 4854 969 4925 ἀναριθμήτους
1032 4852 1192 4914 ὄντας
1268 4850 1549 4905 ἀπώλεσεν
1606 4850 1875 4913 ἅπαντας.

305 4946 475 4999 ‹⁹Οτι
502 4945 623 4999 τότε
684 4944 1042 5016 μεταστρέψω
1098 4944 1188 4997 ἐπὶ
1244 4943 1406 5007 λαοὺς
1483 4943 1737 5010 γλῶσσαν
1797 4942 1877 5005 εἰς

296 5036 494 5105 γενεάς
549 5034 761 5096 αὐτῶν,
798 5034 893 5086 τοῦ
943 5034 1316 5087 ἐπικαλεῖσθαι
1362 5034 1567 5095 πάντας
1610 5032 1671 5084 τὸ
1708 5030 1878 5101 ὄνομα

297 5130 532 5201 Κυρίου,
570 5126 663 5181 τοῦ
698 5124 968 5180 δουλεύειν
999 5125 1145 5195 αὐτῷ
1174 5125 1279 5177 ὑπὸ
1310 5124 1474 5192 ζυγὸν
1500 5124 1614 5177 ἕνα.
1644 5143 1662 5175 ι
1682 5122 1879 5193 θαῦμα

299 5221 433 5291 γοῦν
483 5219 662 5273 κοινὸν
718 5220 966 5280 ἃπαντας
1008 5216 1236 5287 λήψεται
1285 5216 1413 5279 τοὺς
1462 5215 1737 5284 πανταχοῦ
1770 5214 1878 5267 τῶν

300 5314 611 5385 ἀνθρώπων
658 5313 752 5365 ἐπὶ
797 5314 864 5381 τῇ
913 5309 1191 5379 καινότητι
1229 5309 1337 5362 τῶν
1376 5308 1693 5379 γινομένων,
1738 5306 1880 5360 ὥστε

302 5407 507 5459 ὡσανεί
557 5405 656 5475 μιᾷ
694 5402 911 5474 γλώττῃ
952 5398 1327 5471 κεχρημένους
1355 5401 1479 5463 τοὺς
1508 5403 1564 5454 ἐν
1608 5399 1881 5470 διαφόροις

299 5514 360 5549 τε
389 5495 741 5559 καθεστῶτας
770 5495 972 5559 τόποις,
1009 5494 1103 5547 καὶ
1128 5495 1209 5557 εἰς
1232 5493 1462 5563 διάφορα
1494 5490 1877 5555 συντελοῦντας

302 5586 461 5658 εθνη,
486 5586 790 5656 συμφώνως
816 5585 945 5639 Θεόν
974 5604 1031 5639 τε
1065 5585 1347 5655 ὁμολογεῖν
1382 5584 1469 5637 τὸν
1505 5584 1613 5637 τῶν
1669 5585 1879 5653 Ἰσραη-

304 5680 471 5733 λιτῶν
501 5678 653 5742 Θεὺν,
690 5676 879 5748 ῶσπερ
911 5678 999 5745 ὑφ’
1034 5678 1114 5731 ἐνὶ
1153 5675 1302 5747 ζυγῷ
1346 5676 1550 5739 πάντας
1580 5674 1882 5729 καταστάν-

312 5786 415 5835 τας
458 5770 795 5841 μακαριστὴν
837 5767 1085 5841 ἡγεῖσθαι
1126 5770 1227 5840 τὴν
1268 5768 1359 5821 ὑπ’
1405 5766 1554 5837 αὑτῷ
1607 5764 1883 5829 δουλείαν,

1961 3379 2304 3449 gregationes
2334 3378 2596 3448 gentium,
2636 3384 2694 3430 ut
2727 3374 3020 3444 corripiam
3050 3386 3226 3444 reges,
3256 3377 3318 3425 ut
3349 3368 3529 3424 eﬂ'un-

1961 3468 2085 3522 dam
2136 3483 2301 3538 super
2350 3483 2445 3523 eos
2508 3474 2678 3521 totam
2724 3465 2860 3518 iram
2898 3462 3102 3519 furoris
3128 3463 3254 3527 mei,
3296 3460 3421 3530 quia
3475 3459 3530 3511 in

1963 3558 2086 3628 igne
2128 3560 2228 3613 zeli
2279 3561 2381 3614 mei
2425 3564 2779 3613 consumetur
2808 3554 3062 3609 universa
3106 3561 3273 3607 terra.
3318 3569 3337 3601 ι
3376 3547 3532 3603 Tunc

1964 3651 2200 3704 maxime
2235 3652 2492 3705 ultionem
2525 3662 2700 3704 meam
2728 3645 3073 3702 manifestam
3099 3642 3345 3706 reddam,
3368 3656 3532 3712 quam

1967 3756 2065 3810 pro
2098 3742 2253 3795 vobis
2288 3740 2534 3794 facturus
2567 3754 2711 3802 sum,
2753 3753 2877 3792 cum
2921 3742 3109 3806 gentes
3138 3731 3378 3802 undique
3403 3744 3534 3784 coa-

1966 3842 2214 3887 cervatas
2240 3846 2412 3902 paena:
2443 3830 2757 3899 subjiciam.
2787 3827 2985 3883 Multos
3022 3826 3167 3882 enim
3196 3837 3352 3893 reges
3375 3829 3536 3889 atque

1968 3934 2214 3993 satrapas
2265 3938 2387 3976 cum
2433 3923 2550 3977 suis
2602 3921 2935 3976 exercitibus
2970 3918 3233 3973 adversus
3274 3915 3532 3970 Hierusa-

1970 4016 2074 4069 lem
2114 4014 2385 4069 irruentes
2412 4014 2701 4082 excipiam,
2726 4012 2777 4066 id
2805 4019 2889 4066 est
2910 4010 3095 4065 venire
3124 4005 3453 4079 permittam,
3477 4009 3539 4058 ut

1969 4120 2145 4159 meam
2196 4119 2321 4158 mox
2371 4118 2500 4175 erga
2538 4119 2638 4160 vos
2676 4103 2900 4157 tutelam
2942 4101 3104 4156 rebus
3137 4098 3272 4169 ipsis
3316 4096 3539 4151 demon-

1971 4205 2139 4252 strem
2190 4215 2203 4252 :
2254 4196 2478 4251 multam
2523 4195 2581 4250 in
2643 4210 2738 4250 eos
2786 4194 2923 4247 iram
2968 4189 3264 4254 eirundam,
3318 4195 3540 4257 totoque

1973 4290 2178 4359 impetu
2244 4287 2609 4358 intorquebo,
2671 4286 2798 4357 quia
2853 4294 3113 4355 tanquam
3169 4282 3295 4353 igne
3349 4293 3542 4334 omnes

1974 4397 2296 4438 consumam
2323 4381 2441 4437 zelo
2472 4380 2707 4452 quodam
2738 4386 3048 4447 correptus,
3080 4382 3363 4446 propterea
3396 4370 3541 4441 quod

1975 4482 2162 4527 contra
2194 4474 2454 4544 populum
2488 4487 2667 4527 meum
2703 4471 2832 4524 talia
2878 4468 2994 4522 ausi
3029 4475 3177 4521 sunt.
3212 4464 3441 4533 Insuper
3476 4461 3545 4517 de

1978 4565 2114 4636 Gogi
2170 4579 2387 4635 quoque
2439 4562 2770 4618 exercitibus
2827 4559 2992 4612 verba
3056 4555 3203 4619 facit,
3248 4568 3386 4624 quos
3422 4563 3546 4623 post

1976 4658 2348 4715 lsraelitarum
2378 4656 2614 4711 reditum
2660 4669 2782 4708 cum
2830 4651 3041 4705 inﬁnito
3082 4664 3312 4703 numero
3358 4648 3546 4700 incur-

1978 4750 2186 4804 sionem
2229 4746 2491 4801 facientes
2537 4743 2793 4815 perdidit.
2833 4760 2851 4792 ι
2885 4740 3023 4806 Quia
3068 4745 3202 4793 tunc
3232 4744 3548 4791 convertam

1980 4856 2145 4906 super
2179 4839 2409 4909 papulos
2440 4839 2678 4909 linguam
2725 4836 2780 4889 in
2829 4832 3210 4904 generationes
3242 4842 3455 4890 eorum,
3490 4832 3552 4879 ut

1978 4933 2232 4985 invocent
2270 4945 2461 4985 omnes
2508 4942 2704 4982 nomen
2740 4924 2975 4989 Domini,
3015 4922 3178 4992 266
3225 4929 3283 4972 ιιι
3333 4918 3380 4971 ei
3429 4924 3552 4968 tan-

1981 5038 2145 5092 quam
2202 5038 2308 5075 nno
2359 5020 2460 5076 sub
2490 5020 2620 5090 jugo
2669 5018 2930 5074 serviant.
2967 5036 2985 5067 ι
3016 5010 3321 5067 Admiratio
3360 5021 3552 5062 omnes

1981 5114 2290 5171 communis
2328 5112 2584 5181 corripiet
2614 5110 2813 5180 ubique
2854 5107 3118 5179 gentium,
3149 5107 3372 5171 propter
3399 5106 3553 5151 acta-

1980 5223 2102 5261 rum
2158 5220 2338 5260 rerum
2404 5205 2716 5266 novitatem,
2764 5203 2837 5256 ita
2889 5207 2949 5254 ut
2995 5194 3179 5253 cuncti
3234 5207 3342 5246 una
3387 5188 3552 5245 veluti

1983 5302 2165 5369 lingua
2216 5305 2457 5363 utentes,
2503 5296 2597 5367 qui
2642 5295 2875 5350 diversis
2922 5289 3174 5344 habitant
3214 5283 3552 5354 regionibus,

1981 5402 2036 5446 et
2060 5392 2116 5445 in
2143 5390 2326 5445 varias
2357 5389 2518 5444 scissi
2547 5395 2676 5444 sunt
2697 5394 2908 5457 gentes,
2940 5395 3045 5435 una
3070 5393 3203 5433 voce
3229 5376 3399 5432 Deum
3432 5388 3552 5429 esse

1983 5482 2367 5545 conﬁteantur,
2419 5480 2785 5537 lsraelitarum
2824 5474 3015 5535 Deum,
3057 5481 3112 5526 et
3153 5480 3412 5538 tanquam
3462 5464 3552 5517 uni

1982 5578 2115 5645 jugo
2174 5573 2404 5642 subjecti
2469 5573 2684 5626 beatum
2745 5566 3061 5621 existiment
3107 5560 3153 5614 ei
3200 5557 3437 5617 servire,
3494 5568 3551 5609 ea

1988 5669 2244 5723 nimirum
2276 5665 2537 5721 beneﬁcia
2566 5666 2851 5715 cernentes
2881 5656 3081 5728 quibus
3112 5667 3211 5721 ego
3242 5664 3338 5701 vos
3364 5646 3525 5716 digna

1990 5768 2146 5815 turus
2191 5774 2331 5815 sum.
2367 5774 2384 5807 ι
2423 5754 2600 5826 Usque
2630 5768 2659 5806 a
2701 5751 2897 5808 ﬁnibus
2942 5749 3225 5805 ﬂuminum
3268 5740 3551 5810 Ethiopia
