3992 6232
523 197 582 254 τι
1642 196 1987 256 THEODORI
2034 199 2261 256 MOPSU
2270 197 2509 256 ESTENI

3590 187 3709 248 472

489 313 752 380 excipiam
793 312 1158 383 supplicantes
1192 313 1323 368 mihi
1361 332 1377 368 :
1409 331 1530 370 cum
1575 316 1838 389 dispersis
1862 318 2040 388 (meis)

2158 318 2236 388 ἀφ’
2267 311 2340 371 ὧν
2367 317 2596 384 αὑτοίγε
2635 313 2912 379 ἀξιοῦσθαι
2939 312 3158 382 μέλλετε
3193 311 3320 381 παρ’
3348 308 3504 379 ἐμοῦ.
3549 328 3568 360 ι
3603 311 3710 362 Ἐκ

491 401 624 454 tnibi
665 402 912 458 victimas
953 404 1198 460 afferent.
1244 424 1262 456 ι
1297 404 1528 462 Venient
1567 408 1770 479 itaque.
1815 425 2072 478 meoque!

490 493 717 547 servitio
771 495 1051 559 accedent,
1099 495 1167 550 ab
1210 494 1523 567 Ethiopum
1569 500 1903 569 regionibus,
1951 500 2043 569 qui

493 583 774 639 vobiscum
825 602 971 640 nunc
1015 587 1324 655 captivitate
1366 591 1649 660 dispersis,
1693 599 1824 644 tunc
1866 600 2044 644 autem

494 675 820 743 reducibus,
861 680 1223 735 communiter
1268 681 1400 734 mihi
1450 682 1698 735 victimas
1756 681 2042 736 adducent.

2151 407 2398 477 περάτων
2445 403 2699 474 ποταμῶν
2738 403 3015 464 Αἰθιοπίας
3061 399 3418 471 προσδέξομαι
3442 401 3566 462 τοὺς
3589 400 3712 453 ἰκε-

2153 495 2438 559 τεύοντας,
2487 494 2622 564 μετὰ
2668 493 2773 545 τῶν
2813 491 3221 571 διεσπαρμένων
3259 489 3464 541 οἴσουσι
3514 487 3710 550 θυσίας

2156 605 2264 657 μοι.
2296 605 2315 638 ι
2371 585 2707 639 Ἐλεύσονται
2748 585 2876 652 γοῦν
2927 586 2992 654 τῇ
3035 581 3245 650 δουλείᾳ
3283 579 3710 651 προστρέχοντες

2156 681 2220 748 τῇ
2247 680 2351 748 ἐμῇ
2394 677 2499 730 ἀπὸ
2531 678 2637 731 τῶν
2680 677 2960 737 Αἰθιοπίας
2997 674 3195 745 μερῶν,
3225 674 3274 725 οἱ
3314 671 3430 743 μεθ’
3464 671 3614 740 ὑμῶν
3640 670 3712 740 δὴ

493 768 600 821 τῶν
625 769 718 821 νῦν
746 769 843 839 μὲν
873 769 1281 842 διεσπαρμένων
1306 775 1363 825 ἐν
1392 776 1457 845 τῇ
1487 773 1851 844 αἰχμαλωσίᾳ,
1879 770 2347 844 ἐπανεληλυθότων
2370 770 2426 822 δὲ
2455 770 2596 834 τότε,
2629 769 2810 831 κοινάς
2850 786 2937 839 μοι
2965 767 3291 840 προσάξουσι
3321 766 3419 828 τάς
3444 765 3650 827 Θυσίας.

569 861 731 919 Vens.
766 866 951 920 "-15.
985 899 1049 908 -—
1078 887 1096 920 ι
1134 868 1191 923 1η
1223 871 1310 926 die
1339 871 1428 924 illa
1452 887 1558 926 non
1587 871 1940 926 confunderis
1980 871 2048 924 ab

499 957 752 1010 omnibus
790 957 1267 1016 adinventionibus
1298 962 1428 1025 tuis,
1463 962 1663 1032 quibus
1693 963 1855 1032 impie
1893 962 2048 1032 egisti

497 1049 551 1100 in
583 1063 687 1113 me,
718 1051 844 1118 quia
876 1060 1005 1106 tunc
1029 1051 1271 1107 auferam
1300 1069 1329 1107 a
1360 1062 1414 1108 te
1444 1055 1736 1124 vilipendia
1767 1061 2054 1108 contume-

496 1138 582 1193 liae
616 1147 741 1205 tuae,
793 1150 846 1195 et
877 1141 1017 1196 ultra
1068 1159 1175 1197 non
1225 1144 1450 1216 adjicies
1480 1153 1538 1200 ut
1589 1147 1838 1216 glorieris
1890 1161 2054 1216 super

499 1238 738 1284 montem
791 1241 1039 1286 sanctum
1091 1249 1291 1290 meum.
1327 1253 1346 1285 ι
1405 1233 1500 1289 Illo
1545 1235 1759 1306 quidem
1809 1244 2052 1305 tempore

499 1319 635 1373 nihil
677 1322 972 1391 experieris
1012 1340 1225 1391 eorum,
1268 1341 1388 1394 quae
1436 1342 1582 1380 nunc
1629 1327 1920 1396 impietatis
1949 1335 2053 1380 tute

498 1426 662 1465 causa
684 1412 892 1480 patiens
909 1413 1113 1483 pudore
1134 1416 1366 1485 plurimo
1390 1415 1656 1470 obrucris.
1687 1416 1890 1470 Cuncta
1910 1416 2050 1470 enim

499 1517 618 1571 qua:
637 1502 849 1573 egistis,
881 1506 1201 1576 obsequium
1230 1522 1407 1561 meum
1437 1508 1786 1578 negligentes,
1815 1507 2054 1573 mihique

499 1605 660 1647 omne
689 1609 858 1666 genus
882 1594 1091 1665 injuria:
1127 1613 1222 1666 per
1264 1596 1532 1650 idolorum
1568 1597 1879 1652 servitutem
1917 1596 2052 1650 infe-

500 1693 704 1748 rentes,
740 1684 854 1739 haac
879 1685 1094 1756 inquam
1130 1687 1314 1756 procul
1360 1687 1612 1741 omnibus
1643 1687 1795 1741 vobis
1835 1685 2052 1750 faciam,

500 1785 691 1841 pcenas
734 1775 893 1830 simul
939 1777 1008 1831 ob
1043 1793 1106 1832 ca
1158 1778 1311 1832 vobis
1356 1780 1636 1848 impositas
1681 1779 1955 1841 auferens,
2000 1787 2056 1830 ut

501 1877 598 1916 vos
620 1863 875 1935 deinceps
915 1867 968 1921 in
993 1878 1175 1923 monte
1203 1868 1297 1939 qui
1327 1870 1495 1923 cultui
1527 1886 1646 1924 meo
1678 1878 1760 1926 est
1785 1870 2053 1935 addictus,

500 1953 593 2006 tali
655 1969 776 2008 cum
837 1960 1090 2029 superbia
1135 1975 1242 2014 non
1275 1963 1629 2026 consistatis,
1679 1963 1784 2017 mei
1839 1963 2055 2034 quidem

499 2044 676 2110 obliti,
715 2046 921 2101 cultum
957 2064 1085 2104 vero
1112 2065 1327 2105 omnem
1367 2051 1684 2107 exhibentes
1716 2053 1896 2108 idolis.
1935 2072 1954 2105 ς
1993 2052 2058 2106 Et

500 2127 801 2208 relinquam
828 2139 882 2193 in
904 2147 958 2194 te
985 2142 1240 2212 populum
1274 2155 1613 2198 mansuetum
1639 2152 1692 2198 et
1721 2145 1997 2199 humilem.
2031 2164 2050 2196 ›

496 2222 772 2282 Redueam
803 2245 900 2285 vos
935 2231 1070 2284 satis
1110 2231 1354 2286 eruditos
1385 2248 1449 2286 ex
1486 2233 1818 2303 captivitate,
1854 2242 1911 2288 ut
1943 2235 2057 2304 jam

497 2330 777 2374 mansuete
834 2321 1224 2392 humiliterque
1277 2325 1541 2389 viventes,
1588 2327 1671 2396 pie
1726 2311 1873 2380 cultu
1939 2343 2058 2382 meo

498 2407 819 2478 fungamini.
858 2409 1008 2466 Unde
1043 2413 1190 2468 addit
1220 2432 1232 2467 :
1273 2433 1292 2465 ι
1325 2414 1389 2468 Et
1420 2418 1750 2471 verebuntur
1777 2434 1804 2471 a
1842 2421 2057 2473 nomine

503 2498 714 2554 Domini
747 2503 990 2573 reliquiae
1026 2502 1268 2567 lsraelis.
1317 2516 1371 2560 et
1407 2523 1512 2560 non
1563 2508 1762 2563 facient
1799 2511 2056 2580 iniquita-

499 2597 628 2655 tem,
664 2597 718 2646 et
761 2607 871 2647 non
904 2594 1192 2665 loquentur
1224 2612 1386 2659 vana,
1431 2606 1484 2652 et
1527 2616 1633 2653 non
1668 2601 1972 2655 invenietur
2003 2601 2056 2654 in

499 2692 593 2731 ore
624 2693 812 2734 eorum
841 2681 1021 2751 lingua
1067 2685 1274 2748 dolosa,
1314 2688 1571 2756 quoniam
1613 2690 1714 2758 ipsi
1744 2698 2054 2758 pascentur,

499 2780 554 2826 et
585 2787 690 2826 non
715 2774 819 2828 erit
843 2774 1002 2845 267
1032 2777 1122 2845 qui
1151 2785 1420 2833 exterreat
1439 2795 1552 2834 eos.
1587 2799 1606 2831 ι
1637 2781 2056 2836 Perseverabitis

502 2868 681 2915 autem
750 2878 849 2918 vos
896 2865 1123 2920 reduces
1183 2881 1213 2920 e
1273 2869 1584 2938 captivitate
1630 2886 1825 2925 nomen
1876 2888 2052 2926 meum

2219 870 2363 940 Στίχ.
2417 874 2615 927 ,ια’-ιε’.
2669 891 2736 903 --
2767 865 2888 916 (Ἐν
2935 865 3001 933 τῇ
3036 862 3219 932 ἡμέρᾳ
3271 859 3454 930 ἐκείνῃ
3513 859 3572 912 ού
3633 859 3718 930 μὴ

2150 960 2548 1030 καταισχυνθῇς
2593 959 2655 1010 ἐκ
2697 956 2916 1009 πάντων
2970 953 3077 1006 τῶν
3116 951 3560 1020 ἐπιτηδευμάτων
3616 966 3719 1002 σου

2149 1047 2224 1106 ὧν
2257 1051 2529 1120 ὴπέεησας
2576 1049 2652 1110 εἰς
2685 1047 2804 1114 ἐμὲ,
2838 1046 2917 1096 ὅτι
2945 1042 3063 1095 τότε
3114 1039 3348 1112 περιελῶ
3376 1040 3482 1093 ἀπὸ
3507 1039 3601 1092 σοῦ
3643 1041 3718 1092 τὰ

2153 1142 2500 1212 φαυλίσματα
2525 1138 2624 1207 τῆς
2667 1135 2873 1206 ὕϐρεώς
2902 1152 3026 1198 σου,
3063 1133 3156 1186 καὶ
3187 1134 3286 1186 οὐκ
3320 1132 3399 1185 ἔτι
3437 1132 3512 1202 μὴ
3539 1149 3718 1202 προσ-

2161 1236 2256 1306 θῇς
2301 1231 2391 1285 τοῦ
2438 1227 2840 1300 μεγαλαυχῆσαι
2870 1227 2960 1278 ἐπὶ
2997 1225 3057 1276 τὸ
3087 1225 3211 1294 ὄρος
3258 1223 3318 1276 τὸ
3347 1223 3500 1292 ἅγιόν
3533 1240 3661 1292 μου.
3699 1242 3720 1274 ι

2159 1326 2292 1378 Κατ’
2317 1325 2521 1374 ἐκεῖνον
2549 1319 2612 1390 δὴ
2640 1319 2730 1370 τὸν
2762 1317 2951 1388 καιρὸν
2982 1317 3078 1384 οὐχ
3109 1316 3398 1384 ὑπομενεῖς
3425 1313 3584 1367 οὐθὲν
3609 1312 3726 1365 τῶν

2158 1419 2258 1472 ὅσα
2304 1419 2392 1471 διὰ
2424 1419 2520 1481 τὰς
2571 1415 2821 1478 ἀσεϐείας
2872 1432 2964 1466 σου
3012 1414 3292 1483 πάσχουσα
3343 1411 3437 1465 νῦν
3485 1409 3728 1478 αἰσχύνῃ

2161 1509 2543 1580 περιϐέϐλησαι
2601 1509 2852 1578 πλείστῃ·
2904 1506 3078 1558 πάντα
3116 1503 3222 1575 γὰρ
3245 1505 3342 1557 ὅσα
3382 1501 3728 1570 πεποιήκατε

2160 1599 2572 1670 ἐκφαυλίζοντές
2602 1617 2658 1651 τε
2695 1599 2763 1651 τὰ
2799 1597 2936 1666 ἐμὰ,
2975 1596 3068 1649 καί
3098 1593 3353 1655 παντοίας
3381 1590 3597 1663 ⁹ζ’)ϐρεώς
3632 1607 3730 1660 μοι

2157 1691 2245 1743 διὰ
2269 1690 2366 1761 τῆς
2407 1691 2532 1758 περὶ
2565 1689 2630 1740 τὰ
2664 1687 2852 1739 εἴδωλα
2889 1685 3178 1756 θεραπείας
3222 1683 3492 1752 γινόμενοι
3523 1681 3728 1752 πρόξεο

2158 1800 2256 1847 νοι,
2285 1782 2360 1851 (p.
2392 1781 2538 1849 406.)
2565 1778 2795 1849 περιελῶ
2824 1778 2885 1847 δὴ
2912 1777 2969 1841 ἐξ
2997 1776 3248 1829 ἁπάντων
3280 1773 3451 1844 ὑμῶν,
3489 1774 3589 1827 ἆτε
3630 1775 3730 1826 καὶ

2156 1879 2251 1941 τὰς
2275 1878 2365 1930 ἐπὶ
2394 1876 2598 1938 τούτοις
2629 1873 2952 1942 ἐπαχθείσας
2982 1873 3107 1941 ὑμῖν
3137 1869 3402 1940 τιμωρίας
3432 1867 3691 1937 ἀφαιρῶν
3712 1881 3728 1896 ⁸

2157 1971 2231 2034 ὡς
2264 1967 2458 2040 μηκέτι
2494 1967 2568 2037 μὴ
2598 1966 2652 2017 δὲ
2676 1966 2816 2036 ὑμᾶς
2845 1965 2901 2016 ἐν
2924 1962 2998 2034 τῷ
3026 1962 3138 2032 ϐρει
3163 1959 3238 2030 τῷ
3263 1959 3397 2030 πρὸς
3426 1959 3732 2030 θεραπείαν

2157 2061 2294 2133 ἐμὴν
2321 2057 2622 2112 καθεστῶτι
2646 2055 2780 2127 μετά
2811 2054 3180 2126 ὑπερηφανίας
3205 2053 3408 2119 διάγειν
3429 2050 3731 2121 τοσαύτης,

2156 2152 2489 2225 ἀμελοῦντας
2533 2150 2631 2221 μὲν
2664 2147 2770 2202 τῶν
2801 2148 2921 2200 κατ’
2959 2146 3090 2216 ἐμὲ,
3127 2143 3417 2216 θεραπείαν
3445 2140 3504 2196 δὲ
3538 2144 3732 2196 πᾶσαν

2157 2247 2530 2320 προσάγοντας
2567 2244 2681 2306 τοῖς
2729 2239 2987 2302 εἰδώλοις.
3037 2256 3056 2289 ι
3086 2237 3196 2291 Καὶ
3247 2235 3616 2306 ὑπολείψομαι
3669 2237 3734 2288 ἐν

2159 2339 2240 2392 σοὶ
2265 2337 2392 2392 λαὸν
2421 2336 2591 2406 πρᾶον
2623 2333 2718 2386 καὶ
2753 2331 3024 2386 ταπεινόν.
3063 2347 3082 2381 ι
3129 2326 3408 2392 Ἐπανάξω
3433 2327 3539 2399 γὰρ
3579 2327 3734 2397 ὑμᾶς

2158 2428 2617 2499 πεπαιδευμένους
2651 2429 2714 2478 ἐκ
2746 2425 2847 2494 τῆς
2872 2421 3264 2493 αἰχμαλωσίας,
3287 2418 3424 2472 ῶστε
3452 2418 3733 2490 πραότητι

2157 2520 2250 2573 καὶ
2301 2516 2644 2586 ταπεινότητι
2688 2515 2959 2580 συζῶντας
3007 2513 3072 2566 δι’
3130 2509 3412 2572 εὐλαϐείας
3457 2509 3606 2578 ἔχειν
3660 2509 3737 2562 τὰ

2158 2611 2285 2680 ἐμά.
2323 2609 2482 2664 Ὅθεν
2512 2609 2741 2676 ἐπάγει·
2793 2625 2810 2657 ι
2842 2606 2948 2658 Καὶ
2987 2601 3444 2673 εὐλαϐηθήσονται
3485 2597 3601 2652 ἀπὸ
3631 2598 3732 2651 τοῦ

2157 2701 2416 2771 ὀνόματος
2436 2700 2640 2770 Κυρίου
2675 2700 2724 2752 οί
2761 2696 3076 2750 κατάλοιποι
3106 2693 3199 2747 τοῦ
3244 2692 3488 2763 Ἰσραὴλ,
3527 2690 3630 2746 καὶ
3667 2693 3732 2744 οὐ

2159 2793 2469 2862 ποιήσουσιν
2509 2788 2719 2843 ἀδικίαν
2746 2828 2760 2852 ,
2800 2787 2896 2840 καὶ
2931 2787 2990 2840 οὑ
3024 2786 3318 2855 λαλήσουσι
3350 2785 3590 2853 μάταια·
3633 2781 3734 2838 καὶ

2158 2886 2217 2938 ού
2251 2885 2324 2954 μὴ
2353 2883 2548 2954 εὑρεθῇ
2599 2884 2655 2935 ἐν
2681 2880 2758 2952 τῷ
2794 2881 3018 2951 στόματι
3049 2880 3227 2933 αὐτῶν
3271 2879 3488 2947 γλῶσσα
3535 2878 3728 2932 δολίαο

503 2951 683 3004 timori
718 2951 1000 3018 habentes,
1029 2954 1098 3008 ab
1125 2954 1409 3024 iniquitate
1438 2960 1582 3012 omni
1613 2960 1968 3028 abstinentes,
2001 2972 2054 3016 et

2158 2951 2288 3029 διότι
2313 2951 2476 3028 ⁷αὐτοὶ
2519 2951 2880 3044 νεμήσονται,
2922 2971 3020 3024 καὶ
3059 2971 3161 3024 οὐκ
3215 2969 3364 3023 ἔσται
3401 2969 3430 3020 ό
3472 2968 3732 3037 ἐκφοϐῶν

501 3043 647 3096 omni
677 3042 807 3098 vitio
837 3046 1072 3115 purgati,
1115 3048 1201 3102 cui
1241 3059 1397 3103 antea
1441 3049 1626 3106 fuistis
1657 3053 1876 3108 obnoxii
1913 3073 1926 3108 :
1960 3070 2053 3108 ca-

499 3129 694 3185 vebitis
713 3138 892 3186 autem
920 3135 1210 3202 quominus
1237 3136 1440 3190 cultum
1467 3155 1644 3194 meum
1663 3140 1849 3196 dolosa
1876 3153 2056 3198 mente

499 3218 786 3284 simuletis,
827 3220 955 3275 dum
999 3223 1158 3278 idolis
1206 3224 1515 3282 adhaeretis.
1566 3229 1704 3284 Hinc
1742 3233 1898 3287 vobis
1931 3251 2057 3288 con-

500 3307 666 3379 tinget
690 3320 748 3364 ut
767 3326 958 3368 secure
976 3328 1202 3385 prorsus
1221 3319 1543 3386 pascamini,
1566 3323 1872 3392 vestrisque
1899 3325 2055 3379 bonis

500 3398 777 3468 fruamini,
818 3413 980 3474 atque
1018 3405 1071 3459 in
1101 3408 1208 3460 alta
1237 3409 1425 3476 requie
1459 3412 1675 3475 vivatis,
1712 3415 1926 3468 nemine
1961 3432 2055 3472 vos

502 3493 723 3550 turbare
753 3499 1054 3569 vestrisque
1101 3500 1322 3557 sedibus
1351 3503 1623 3558 abducere
1658 3508 1888 3562 valente.
1932 3507 2056 3564 Haec

499 3586 607 3640 illis
637 3596 758 3657 post
810 3589 1039 3644 reditum
1091 3589 1208 3647 fore
1250 3595 1593 3661 vaticinatus,
1620 3593 1813 3652 deinde
1857 3598 2005 3653 addit
2039 3619 2050 3654 :

504 3696 524 3729 ς
559 3676 768 3734 Laetare
798 3682 974 3746 valde,
1033 3683 1138 3736 filia
1173 3682 1342 3751 Sion;
1379 3687 1630 3754 praedica,
1663 3688 1770 3740 tilia
1802 3688 2056 3745 Hierusa—

499 3766 636 3832 lem;
667 3771 879 3822 exsulta
911 3778 965 3824 et
999 3771 1270 3827 delectare
1307 3781 1418 3828 toto
1454 3776 1617 3829 corde
1653 3786 1765 3841 tuo,
1805 3778 1910 3832 filia
1941 3779 2056 3835 Hie-

498 3864 766 3930 rusalem;
803 3867 1028 3920 abstulit
1053 3866 1313 3923 Dominus
1343 3879 1563 3935 peccata
1593 3877 1706 3934 tua,
1739 3871 1964 3924 redemit
2005 3881 2056 3926 te

497 3952 760 4010 Dominus
809 3955 875 4014 de
939 3973 1102 4010 manu
1158 3959 1502 4013 inimicorum
1551 3969 1802 4028 tuorum;
1868 3972 2055 4032 regnat

497 4045 760 4101 Dominus
793 4047 848 4100 in
874 4048 1051 4102 medio
1074 4050 1149 4101 tui
1176 4069 1187 4101 :
1210 4064 1314 4102 non
1350 4048 1561 4103 videbis
1589 4051 1726 4104 mala
1751 4052 1998 4107 ulterius.
2031 4073 2048 4104 ι

498 4137 555 4190 In
585 4139 895 4192 omnimoda
930 4137 1186 4207 deinceps
1217 4139 1492 4207 voluptate
1519 4154 1761 4203 versare,
1801 4157 1832 4193 ο
1857 4141 2056 4196 Ilioru-

497 4228 707 4291 salem,
754 4245 876 4284 cum
925 4232 1070 4285 omni
1143 4230 1325 4284 lzctitia
1381 4243 1433 4284 et
1484 4232 1838 4288 delectatione
1888 4237 2051 4290 vitam

495 4321 646 4389 exige
679 4340 691 4375 :
730 4336 855 4376 nam
882 4338 1006 4376 cum
1042 4332 1130 4375 tua
1171 4323 1352 4376 omnia
1392 4333 1612 4391 peccata
1650 4324 1794 4379 Deus
1835 4326 2050 4380 deleve-
2082 4313 2130 4370 Β

495 4413 585 4474 rit,
625 4417 932 4470 necessario
981 4424 1035 4468 te
1082 4417 1150 4470 ab
1197 4415 1544 4469 inimicorum
1604 4425 1888 4486 potentatu
1924 4419 2056 4474 sub-

494 4502 668 4564 duxit,
721 4505 919 4572 quibus
978 4521 1100 4559 eras
1156 4506 1400 4574 subjecta
1469 4505 1594 4558 dum
1644 4506 1821 4575 justas
1867 4522 2055 4578 poenas

493 4595 690 4650 lueres.
744 4595 860 4649 Erit
894 4613 1019 4650 vero
1046 4597 1190 4667 apud
1233 4607 1284 4652 te
1327 4598 1524 4652 abhinc
1569 4597 1732 4660 Deus,
1767 4615 1862 4668 per
1896 4617 2052 4654 suum

491 4700 619 4756 erga
685 4694 738 4742 te
792 4688 1173 4756 patrocinium,
1225 4689 1502 4758 proprium
1563 4705 1785 4759 regnum
1831 4690 2056 4745 demon-

492 4787 698 4833 strans.
734 4777 916 4844 Quare
941 4781 1087 4834 nulla
1115 4781 1227 4851 jam
1260 4782 1323 4834 ad
1361 4789 1414 4836 te
1444 4781 2053 4851 propiuquare'calami-

492 4876 576 4925 tas
604 4872 820 4939 poterit.

2155 3066 2369 3129 αὐτούς.
2412 3086 2430 3116 ι
2465 3067 2772 3135 Διαμενεῖτε
2809 3061 2914 3134 γὰρ
2943 3065 2992 3116 οἱ
3030 3060 3485 3132 ἐπανεληλυθότες
3520 3061 3592 3112 ἐκ
3627 3061 3731 3129 τῆς

2155 3156 2524 3228 αἰχμαλωσίας
2560 3156 2616 3208 ἐν
2654 3155 2803 3225 φόϐῳ
2835 3154 2932 3225 μὲν
2959 3154 3172 3225 ἔχοντες
3206 3153 3302 3224 τὴν
3341 3151 3478 3222 ἐμὴν
3525 3153 3734 3222 ὀνομα-

2157 3251 2310 3312 σίαν,
2343 3248 2555 3310 ἀδικίας
2587 3247 2644 3300 δὲ
2681 3247 3010 3317 ἀπεχόμενοι
3056 3246 3266 3316 πάσης,
3315 3244 3409 3298 καὶ
3445 3243 3555 3297 τῶν
3600 3246 3731 3297 ἀτοο

2156 3339 2294 3391 πιῶν
2322 3337 2713 3409 καθαρεύοντες
2753 3336 2818 3400 ἀς
2838 3336 2902 3406 δὴ
2939 3335 3202 3406 μετῄειτε,
3226 3335 3487 3407 πρότερον
3507 3352 3519 3364 ·
3550 3335 3733 3404 φυλά-

2155 3429 2309 3496 ξεσθε
2362 3429 2417 3482 δὲ
2463 3429 2583 3482 τότε
2618 3428 2712 3482 xal.
2742 3427 2801 3481 τὸ
2841 3426 3033 3498 δολερᾷ
3061 3429 3127 3499 τῇ
3167 3426 3375 3498 διανοίᾳ
3409 3429 3736 3496 προσποιεῖ-

2158 3521 2278 3574 σθαι
2311 3522 2407 3592 μὲν
2436 3521 2534 3590 τὴν
2583 3518 2718 3590 ἐμὴν
2749 3520 3064 3591 θεραπείαν,
3107 3519 3462 3590 προσκεῖσθαι
3513 3519 3574 3572 δὲ
3618 3522 3734 3583 τοῖς

2154 3610 2388 3674 εἰδώλοις
2409 3629 2423 3643 ·
2453 3609 2698 3665 ἐντεῦθεν
2724 3610 2852 3679 γοῦν
2881 3611 3008 3681 ὑμῖν
3037 3610 3332 3681 προσέσται
3368 3610 3461 3663 καὶ
3489 3611 3550 3663 τὸ
3587 3612 3734 3680 μετά

2154 3703 2333 3773 πάσης
2357 3700 2536 3764 ἁδείας
2563 3699 2817 3770 νέμεσθαί
2844 3717 2901 3752 τε
2926 3700 3018 3752 καὶ
3039 3697 3331 3752 ἀπολαύειν
3357 3699 3462 3752 τῶν
3483 3700 3731 3765 οἰκείων,

2154 3795 2211 3846 ἐν
2239 3794 2422 3866 ἁπάσῃ
2448 3810 2507 3845 τε
2536 3792 2739 3860 διάγειν
2773 3791 3095 3853 ἀναπαύσει,
3139 3791 3359 3862 μηδενὸς
3389 3792 3530 3861 ὑμᾶς
3566 3795 3735 3846 ἐκτα-

2158 3887 2372 3958 ράττειν
2412 3903 2470 3939 τε
2509 3886 2601 3938 καὶ
2633 3886 2864 3956 ἀφιστᾷν
2907 3885 3014 3937 τῶν
3044 3885 3255 3936 οἰκείων
3289 3886 3468 3937 τόπων
3507 3886 3626 3938 οἴου
3672 3903 3734 3940 τε

2153 3976 2322 4038 ὃντος.
2373 3974 2554 4028 Ταῦτα
2605 3973 2996 4043 ’ὑποσχόμενος
3042 3974 3220 4037 αὐτοῖς
3269 3974 3605 4044 παρέσεσθαι
3665 3976 3736 4028 ἐκ

2153 4070 2251 4138 τῆς
2307 4067 2594 4130 ἐπανόδου,
2657 4067 2850 4133 ἐπάγει
2898 4065 3120 4118 λοιπόν·
3179 4085 3197 4117 ι
3235 4064 3424 4136 Χαῖρε,
3483 4066 3734 4138 θύγατερ

2155 4158 2328 4220 Σιὼν,
2397 4157 2625 4227 σφόδρα·
2685 4158 2961 4228 κήρυσσε,
3023 4155 3255 4227 θύγατερ
3332 4156 3729 4228 Ἰερουσαλὴμ,

2155 4253 2231 4320 (p.
2269 4249 2394 4318 407)
2463 4247 2751 4318 εὐφραίνου
2812 4248 2907 4300 καὶ
2959 4247 3300 4317 κατατέρπου
3353 4248 3410 4312 ἐξ
3456 4247 3586 4314 ὅλης
3628 4248 3732 4317 τῆς

2155 4337 2380 4408 καρδίας
2411 4354 2522 4402 σου,
2561 4337 2794 4404 θύγατερ
2826 4337 3175 4407 Ἰερουσαλήμ
3201 4355 3212 4367 ·
3251 4338 3485 4406 περιεῖλε
3518 4339 3732 4408 Κύριος
3811 4409 3816 4416 _

2153 4428 2221 4480 τά
2247 4428 2556 4498 ἀδικήματά
2595 4445 2715 4479 σου·
2751 4427 3080 4496 λελύτρωταί
3117 4445 3171 4480 σε
3211 4428 3411 4499 Κύριος
3442 4431 3505 4481 ἐκ
3545 4431 3735 4500 χειρὸς

2153 4519 2361 4591 ἐχθρῶν
2409 4535 2530 4570 σου⁸
2593 4518 2862 4586 βασιλεύει
2908 4519 3110 4591 Κύριος
3161 4522 3217 4572 ἐν
3277 4521 3425 4589 μέσῳ
3463 4536 3592 4571 σου·
3629 4522 3735 4572 οὐκ

2152 4612 2270 4680 ὄψει
2304 4611 2446 4664 κακά
2475 4611 2676 4662 οὐκέτι.
2723 4631 2740 4659 ι
2783 4612 2869 4662 Ἑν
2897 4611 3105 4679 ἡδοναῖς
3127 4611 3182 4663 δὲ
3205 4610 3386 4663 λοιπὸν
3415 4609 3570 4678 δίαγε
3603 4630 3734 4665 πανο

2155 4701 2345 4764 τοίαις,
2385 4695 2430 4753 ὦ
2483 4701 2862 4771 Ἰερουσαλὴμ,
2928 4704 3047 4771 μετ’
3093 4701 3428 4772 εὐφροσύνης
3467 4704 3563 4756 καὶ
3599 4703 3732 4774 τέρ-

2158 4792 2302 4860 ψεως
2326 4792 2579 4860 διάγουσα
2608 4793 2925 4855 παντελοῦς·
2961 4793 3174 4863 ἀφελὼν
3202 4795 3308 4864 γάρ
3334 4810 3425 4846 σου
3453 4795 3632 4848 πάντα
3658 4797 3734 4848 τὰ

2164 4884 2602 4955 παρανομήματα
2627 4885 2654 4936 ό
2673 4884 2824 4946 Θεὸς,
2848 4885 3154 4951 ἀναγκαίως
3182 4901 3240 4936 σε
3263 4886 3357 4938 καὶ
3379 4884 3486 4938 τῶν
3511 4885 3732 4956 ἐχθρῶν

492 4975 677 5044 ἀφεῖλε
709 4977 1044 5041 δυναστείας.
1078 4977 1166 5046 ὑφ’
1193 4977 1285 5041 οὓς
1307 4979 1664 5044 ἐπεπτώκεις,
1686 4980 1784 5049 τῆς
1813 4981 2083 5050 τιμωρίας
2110 4981 2326 5036 διδοῦσα
2352 4981 2504 5043 δίκας
2524 4995 2538 5008 ·
2574 4981 2725 5033 ἔσται
2754 4999 2812 5033 τε
2851 4981 3051 5051 Κύριος
3086 4984 3142 5034 ἐν
3172 4982 3252 5034 σοὶ
3288 4981 3474 5034 λοιπὸν
3506 4981 3594 5035 διὰ
3628 4979 3732 5051 τῆς

491 5071 568 5130 είς
599 5070 658 5121 σὲ
692 5071 1012 5142 κηδεμονίας
1039 5071 1136 5140 τὴν
1170 5070 1371 5122 οίκείαν
1400 5070 1670 5139 βασιλείαν
1700 5071 1978 5123 δεικνύων·
2019 5072 2094 5134 ὡς
2136 5069 2300 5143 μηδὲν
2329 5073 2407 5125 ἔτι
2440 5088 2519 5123 σοι
2550 5073 2904 5141 προσεγγίσαι
2933 5066 3041 5124 οἷόν
3063 5089 3121 5124 τε
3151 5067 3286 5125 εἶναι
3318 5072 3508 5126 κακόν.

563 5160 727 5215 Vsus.
783 5163 964 5216 16-20.
994 5195 1058 5202 -—
1088 5184 1104 5214 ι
1144 5163 1409 5233 Tempore
1450 5167 1542 5219 illo
1595 5166 1738 5220 dicet
1789 5164 2050 5222 Dominus

494 5251 829 5308 Hierusalem
860 5275 872 5308 :
904 5255 1304 5322 Confide,Sion,
1331 5274 1438 5311 non
1466 5258 1836 5313 dissolvantur
1861 5274 2056 5313 manus

492 5353 615 5398 tuae.
657 5344 917 5398 Dominus
947 5346 1089 5402 Deus
1123 5357 1250 5404 tuus
1279 5349 1332 5402 in
1376 5358 1429 5403 te
1459 5360 1688 5418 :polens
1725 5351 1956 5406 salvahit
1980 5359 2054 5412 te.

491 5446 540 5486 et
595 5437 873 5491 renovabit
904 5445 955 5490 te
995 5440 1259 5508 charitate
1304 5457 1424 5503 sua,
1476 5450 1529 5495 et
1579 5442 1850 5497 laetabitur
1905 5445 1957 5496 in
2002 5452 2055 5498 te

493 5521 869 5590 delectatione,
905 5528 1061 5595 quasi
1093 5529 1146 5582 in
1193 5529 1282 5584 die
1311 5532 1560 5585 solemni.
1595 5520 1660 5583 Et
1705 5533 2054 5602 congregabit

495 5615 826 5672 confractus.
873 5638 890 5670 ι
919 5617 1073 5672 'l'unc
1125 5621 1192 5674 ab
1245 5625 1391 5678 omni
1453 5623 1767 5679 infirmitate
1814 5625 2056 5680 tuebitur

2226 5169 2371 5239 Στίχ.
2411 5174 2582 5232 ις’-κ’.
2609 5198 2673 5207 -
2693 5185 2709 5215 ι
2733 5166 2822 5221 Ἐν
2841 5167 2915 5236 τῷ
2949 5167 3123 5238 καιρῷ
3149 5167 3337 5238 ἐκείνῳ
3372 5168 3487 5238 ἐρεῖ
3519 5168 3728 5238 Κύριος

2156 5263 2219 5330 τῇ
2261 5259 2612 5330 Ἰερουσαλήμ
2636 5275 2648 5286 ·
2689 5257 2904 5327 Θάρσει,
2962 5256 3116 5319 Σιὼν,
3153 5256 3226 5328 μὴ
3256 5255 3636 5327 παρείσθωσαν
3665 5256 3726 5310 αἱ

2157 5351 2334 5422 χεῖρές
2359 5368 2450 5402 σου
2474 5368 2486 5378 ’
2517 5347 2717 5418 Κύριος
2743 5350 2772 5400 ὁ
2805 5349 2934 5412 Θεός
2969 5367 3061 5401 σου
3086 5352 3142 5402 ἐν
3170 5350 3271 5412 σοὶ,
3306 5349 3529 5411 δυνατὸς
3560 5347 3726 5401 σώσει

2159 5461 2236 5508 σε,
2262 5442 2451 5507 ἐπάξει
2507 5441 2597 5493 ἐπὶ
2644 5441 2701 5493 σὲ
2740 5441 3094 5511 εὐφροσύνην,
3135 5443 3226 5494 καὶ
3251 5442 3447 5494 καινιεί
3479 5458 3536 5493 σε
3563 5440 3621 5491 ἐν
3652 5441 3724 5512 τῇ

2159 5535 2428 5603 ἀγαπήσει
2463 5533 2644 5595 αὑτοῦ,
2681 5533 2772 5585 καὶ
2801 5533 3226 5604 εὐφρανθήσεται
3256 5533 3347 5586 ἐπὶ
3380 5532 3462 5585 σοὶ
3503 5533 3560 5584 ἐν
3591 5529 3724 5600 τέρα-

2159 5627 2248 5695 ψει
2292 5627 2364 5689 ώς
2422 5628 2477 5676 ἐν
2525 5624 2703 5696 ἡμέρα
2746 5625 2953 5696 ἑορτῆς,
2992 5629 3084 5686 καὶ
3126 5626 3336 5692 συνάξει
3371 5625 3494 5690 τοὺς
3535 5639 3727 5680 συννο-
