4054 6238
305 323 413 375 473

1431 321 1975 379 COMMENTARIUS
2000 322 2065 376 IN
2099 322 2430 381 AGGIEUM.

3420 314 3527 370 474

299 433 653 506 τριμμένους.
690 452 709 485 ι
741 433 869 486 Τότε
913 434 970 487 δὲ
1013 434 1191 506 πάσης
1246 436 1514 501 ἐκλύσεως
1576 435 1866 501 ἀπαλλάξει

1979 435 2306 494 Hierusalem
2351 437 2514 502 Deus,
2555 436 2671 506 ipse
2719 448 2867 490 luam
2904 447 3005 489 sua
3042 438 3245 488 virtute
3274 429 3525 493 salvabit,

302 528 401 599 τὴν
440 526 834 597 Ἰερουσαλὴμὸ
860 526 1009 591 Θεὸς,
1038 526 1198 590 αὐτὸς
1223 529 1389 599 αὐτὴν
1417 530 1504 583 διὰ
1524 530 1622 600 τῆς
1659 530 1863 590 οἰκείας

304 618 620 690 περισώζων
646 618 943 687 δυνάμεως,
985 620 1041 671 ὲν
1090 620 1255 691 πολλῇ
1292 638 1351 673 τε
1382 621 1638 684 καθιστὰς
1668 620 1863 691 εὐφρο-

306 711 445 785 σύνῃ
466 713 765 764 ἀνακαινιεί
789 710 884 781 τὴν
922 712 1046 783 περί
1079 712 1221 782 ὑμᾶς
1260 713 1477 782 άγὰπην
1502 729 1515 742 °
1546 711 1767 766 τοιαῦτα
1801 712 1864 782 δὴ

304 805 559 874 πράττων
580 821 639 856 τε
667 804 759 855 καὶ
796 804 1229 874 ἐπιδεικνύμενος
1256 806 1351 875 τῆς
1377 806 1643 876 ὑμετέρας
1682 804 1864 858 ἕνεκεν

307 892 598 963 σωτηρίας,
628 888 822 962 οἷάπερ
844 892 1146 958 ὲπεδείξατό
1164 911 1287 947 ποτε
1316 895 1450 964 μετὰ
1480 893 1685 947 πολλῶν
1708 893 1869 964 τερά-

305 1000 415 1036 των
442 1000 501 1036 τε
528 978 621 1036 καὶ
645 984 931 1054 θαυμάτων
965 984 1241 1052 ἐξαγαγὼν
1266 986 1407 1055 ὑμᾶς
1438 986 1533 1055 τῆς
1570 985 1862 1054 Αἰγύπτου.

308 1075 464 1128 Οὕτω
485 1076 597 1145 γὰρ
612 1075 675 1144 δὴ
691 1077 785 1129 καί
814 1075 909 1128 νῦν
932 1076 1073 1145 ὑμᾶς
1102 1076 1206 1129 ὑπὸ
1236 1078 1333 1146 τῆς
1359 1077 1728 1147 αἰχμαλωσίας
1755 1095 1871 1130 συνο

305 1165 594 1236 τριϐέντας
619 1165 911 1231 ἀπαλλάξει
940 1182 999 1218 τε
1040 1166 1144 1219 τῶν
1186 1168 1515 1237 κατεχόντων
1545 1168 1748 1233 κακῶν,
1776 1169 1869 1222 καὶ

307 1252 580 1306 ἀποδώσει
606 1256 715 1316 τοῖς
755 1253 969 1316 οἰκείοις
1016 1254 1193 1308 πάλιν.
1224 1273 1242 1305 ι
1280 1256 1432 1313 Οὐαὶ,
1461 1253 1541 1317 τίς
1567 1253 1753 1307 ἔλαϐεν
1781 1255 1867 1305 ἐπ’

308 1343 483 1413 αὐτὴν
502 1344 831 1414 ὀνειδισμόν;
872 1345 999 1397 Ἰδοὺ
1023 1344 1133 1413 ἐγὼ
1164 1347 1298 1399 ποιῶ
1326 1348 1380 1398 ὲν
1406 1347 1484 1398 σοὶ
1507 1346 1689 1398 ἕνεκεν
1712 1342 1867 1413 ἐμοῦ,

304 1433 458 1502 λέγει
483 1431 959 1507 Κύριος.ι(ρ.408)
977 1436 1137 1491 Ἀλλὰ
1150 1438 1257 1510 γὰρ
1274 1434 1621 1491 ὲλεεινότατοι
1636 1431 1750 1484 οῖτι
1773 1449 1869 1484 πε-

306 1521 765 1592 πλημμεληκότες
819 1524 897 1583 εἰς
949 1521 1137 1591 αὐτὴν,
1172 1524 1249 1585 είς
1282 1521 1375 1586 οὒς
1422 1521 1560 1592 ὑπὲρ
1598 1521 1749 1591 ὑμῶν
1775 1520 1871 1592 τὴν

308 1613 516 1664 οἰκείαν
546 1612 864 1677 ἐπιδείξεται
915 1611 1141 1682 δύναμιν
1179 1613 1207 1664 ὁ
1246 1613 1374 1677 Θεός
1394 1628 1408 1642 ’
1439 1614 1576 1666 ὥστε
1600 1614 1693 1666 καὶ
1723 1613 1872 1684 παρὰ

310 1707 481 1757 πᾶσιν
503 1704 799 1775 ἀνθρώποις
826 1705 1153 1772 ὀνομαστοὺς
1170 1705 1311 1775 ὑμᾶς
1344 1706 1432 1757 ἐπὶ
1458 1707 1569 1767 τοῖς
1599 1705 1871 1773 γεγονόσιν

1972 540 2135 599 alque
2168 531 2222 583 in
2267 530 2432 583 multa
2484 527 2757 582 hilaritate
2789 527 3150 587 constituens,
3203 538 3354 578 suam
3400 538 3527 592 erga

1975 637 2070 675 vos
2114 622 2433 675 charitatem
2477 618 3016 689 instaurabit:paria
3066 616 3170 670 illis
3216 614 3422 668 faciens
3476 620 3530 665 et

1975 719 2257 765 ostentans
2290 719 2483 766 vestrae
2507 710 2701 765 salutis
2732 723 2922 773 causa,
2960 707 3141 777 qualia
3186 705 3315 759 olim
3356 710 3531 757 osten-

1971 802 2123 864 tavit,
2157 816 2279 855 cum
2317 817 2425 855 non
2466 801 2586 855 sine
2618 799 2877 870 prodigiis
2916 799 3102 853 multis
3153 808 3316 865 atque
3360 794 3528 848 mira-

1975 892 2116 945 culis
2139 891 2375 963 .‘Egypto
2411 908 2509 948 vos
2536 892 2745 947 eduxit.
2773 891 2865 948 Sic
2889 906 3035 946 nunc
3064 890 3223 944 etiam
3257 902 3351 941 vos
3380 886 3529 940 cala-

1977 982 2159 1035 mitate
2181 982 2344 1056 268
2375 982 2640 1037 contritos
2684 982 2753 1036 ab
2795 980 3114 1052 urgentibus
3148 976 3307 1031 malis
3341 975 3531 1028 libera-

1973 1073 2072 1136 bit,
2114 1082 2168 1126 et
2218 1074 2270 1125 iu
2320 1074 2546 1142 patriam
2602 1074 2873 1127 restituet.
2930 1090 2949 1123 ι
2986 1070 3099 1131 Vae,
3141 1070 3231 1137 qui
3262 1065 3532 1135 acceperit

1976 1178 2143 1233 super
2172 1178 2290 1217 eam
2335 1163 2719 1232 opprobrium!
2757 1162 2894 1217 Ecce
2926 1176 3027 1231 ego
3066 1161 3206 1214 facio
3243 1159 3295 1212 in
3328 1166 3379 1212 te
3409 1172 3531 1226 pro—

1974 1264 2094 1324 pter
2151 1269 2253 1318 me,
2306 1255 2437 1307 dicit
2480 1254 2758 1309 Dominus.
2799 1273 2818 1305 ι
2876 1253 3123 1306 Profer-to
3175 1247 3532 1304 infelicissimi

1973 1352 2137 1399 erunt
2189 1343 2283 1413 qui
2334 1345 2537 1412 aliquid
2590 1344 2853 1398 adversus
2916 1342 3251 1396 llierusalem
3301 1340 3531 1409 egerint,

1975 1436 2134 1503 cujus
2181 1435 2355 1504 gratia
2394 1434 2534 1490 Deus
2567 1436 2861 1504 potentiam
2911 1450 3065 1487 suam
3119 1441 3433 1501 expromet;
3480 1430 3533 1481 in

1975 1534 2187 1580 tantum
2244 1535 2302 1579 ut
2340 1526 2481 1595 apud
2518 1542 2707 1581 omnes
2760 1526 3008 1579 homines
3055 1523 3246 1577 famosi
3295 1520 3536 1578 evadatis

1977 1618 2046 1669 ob
2077 1618 2335 1670 collatam
2370 1617 2524 1670 vobis
2552 1622 2829 1671 cmlestem
2865 1632 3040 1684 opem.
3090 1633 3108 1663 ι
3145 1613 3407 1679 Tempore
3446 1611 3535 1662 illo

1978 1706 2200 1760 salvabo
2246 1721 2582 1775 oppressam,
2640 1715 2692 1759 et
2732 1706 3016 1773 expulsam
3057 1701 3337 1771 recipiam.
3370 1715 3389 1748 ›
3439 1695 3537 1749 Pu-

316 1795 473 1864 ὑμῶν
492 1812 551 1862 γε
565 1796 741 1847 ἕνεκεν
763 1792 921 1847 εἶναι.
945 1814 963 1847 ι
987 1797 1073 1848 Ἐν
1089 1796 1166 1867 τῷ
1194 1798 1368 1867 καιρῴ
1399 1799 1588 1869 ἐκείνῳ
1613 1799 1768 1853 σώσω
1780 1801 1872 1871 τὴν

1980 1798 2128 1851 niam
2168 1798 2314 1862 illos,
2361 1797 2579 1852 salvabo
2624 1806 2803 1851 autem
2850 1804 2930 1849 tot
2982 1796 3137 1850 malis
3188 1795 3441 1857 obrutos,
3484 1797 3539 1845 et

312 1884 747 1954 ὲκπεπιεσμένην
772 1925 785 1946 ,
831 1885 921 1937 καὶ
977 1885 1076 1956 τὴν
1134 1887 1459 1959 ἀπωσμένην
1498 1889 1827 1960 εἰσδέξομαι·
1853 1911 1871 1942 ι

309 1979 687 2047 τιμωρήσομαι
710 1977 807 2046 μὲν
826 1978 933 2049 γὰρ
958 1977 1214 2041 ἐκείνους,
1239 1978 1523 2050 περισώσω
1550 1979 1606 2033 δὲ
1626 1980 1751 2045 τοὺς
1774 1982 1877 2034 ὑπὸ

309 2066 638 2137 τηλικούτων
652 2068 837 2120 κακῶν
851 2067 1318 2133 πιεσθέντας,τοὺς
1336 2070 1684 2140 ἁπωσμένους
1695 2089 1752 2126 τε
1770 2072 1878 2125 τῶν

304 2158 523 2211 οἰκείων
550 2159 804 2224 ἐπανάξω
832 2158 990 2214 πάλιν
1016 2160 1107 2213 ἐπὶ
1144 2159 1211 2213 τὰ
1242 2162 1429 2216 οἰκεῖα.
1461 2180 1480 2213 ί
1510 2163 1617 2216 Καὶ
1648 2162 1877 2234 θήσομαι

304 2251 505 2313 αὐτοὺς
525 2252 605 2315 εἰς
630 2251 908 2322 καύχημα,
930 2253 1023 2305 καὶ
1044 2254 1370 2324 ὀνομαστοὺς
1394 2255 1448 2306 ὲν
1475 2255 1623 2327 πάσῃ
1636 2258 1701 2327 τῇ
1723 2258 1792 2328 γῇ
1812 2259 1871 2326 σε)

306 2343 445 2396 ὥστε
460 2343 659 2406 αὑτοὺς
676 2345 739 2396 ὲκ
765 2343 869 2396 τῶν
887 2344 1015 2414 παρ’
1040 2344 1171 2415 ἐμοῦ
1194 2346 1319 2416 περὶ
1340 2345 1533 2411 αὐτοὺς
1548 2348 1879 2418 γιγνομένων

308 2436 363 2487 ὲν
377 2433 477 2488 θαύ
489 2435 621 2504 ματί
636 2452 691 2487 τε
709 2436 801 2488 καὶ
814 2435 1050 2499 ἐπαίνοις
1067 2438 1214 2506 παρὰ
1229 2439 1391 2489 πᾶσιν
1402 2436 1496 2490 ἀνθ
1507 2438 1702 2508 ρώποις
1718 2436 1875 2494 εἶναι.

314 2541 333 2574 ι
374 2525 486 2576 Καὶ
512 2524 1065 2595 καταισχυνθήσονται
1099 2527 1157 2579 ὲν
1180 2526 1259 2596 τῷ
1283 2526 1460 2598 καιρῷ
1490 2528 1683 2599 ἐκείνῳ
1707 2528 1783 2581 ὅτ’
1812 2530 1879 2583 ἂν

311 2612 493 2677 καλῶς
515 2615 643 2683 ὑμῖν
672 2617 899 2687 ποιήσω,
920 2617 1011 2670 καὶ
1040 2619 1097 2670 ὲν
1118 2616 1194 2688 τῷ
1228 2616 1403 2689 καιρῷ
1433 2620 1507 2671 ὅτ’
1542 2618 1607 2672 ἂν
1636 2620 1878 2687 εἰσδέξω-

315 2722 414 2773 μαι
443 2706 607 2775 ὑμᾶς.
654 2726 671 2757 ι
708 2706 1198 2779 Περιόληθήσονται
1244 2710 1351 2781 γὰρ
1400 2709 1626 2781 αἰσχύνῃ
1664 2711 1809 2781 πάσῃ
1830 2712 1877 2763 οἱ

314 2794 569 2867 ὑμέτεροι
602 2798 864 2868 πολέμιοι,
901 2800 1065 2853 ὲπειδ⁹
1088 2799 1153 2853 ἂν
1182 2799 1249 2853 τὰ
1278 2801 1538 2854 κάλλιστα
1584 2802 1713 2872 περὶ
1738 2803 1881 2871 ὑμᾶς

314 2886 801 2958 διαπραττόμενος,
827 2889 905 2952 εἰς
924 2889 989 2942 τά
1003 2891 1174 2943 οἰκεῖα
1188 2890 1345 2943 πάλιν
1360 2892 1501 2962 ὑμᾶς
1525 2892 1877 2961 ἐπαναγάγω.

323 2998 341 3029 ι
380 2978 524 3030 Διὸτι
554 2979 707 3031 δώσω
746 2981 887 3049 ὑμᾶς
914 2980 1259 3050 ὀνομαστοὺς,
1303 2984 1394 3035 καὶ
1427 2984 1507 3046 εἰς
1536 2984 1793 3056 καύχημα
1826 2987 1882 3039 ὲν

1982 1902 2080 1943 sua
2111 1887 2289 1957 patria
2324 1887 2579 1957 expulsos
2628 1885 2969 1957 postliminio
3014 1886 3070 1938 in
3105 1900 3223 1940 eam
3256 1882 3534 1937 reducam.

1987 1998 2005 2029 ι
2036 1978 2103 2032 Ει
2133 1993 2333 2049 ponam
2361 1992 2456 2032 eos
2491 1979 2544 2031 in
2573 1977 2819 2045 gloriam,
2852 1985 2906 2031 et
2932 1970 3170 2030 famosos
3196 1974 3250 2027 in
3283 1973 3537 2027 universa

1981 2080 2146 2124 terra.
2188 2089 2207 2122 ι
2242 2068 2354 2123 Hos
2387 2079 2554 2131 certe,
2580 2068 2649 2122 ob
2688 2083 2751 2122 ea
2785 2084 2905 2139 qua:
2938 2067 3182 2137 ipsorum
3222 2078 3389 2120 causa
3413 2062 3538 2129 feci,

1982 2161 2342 2215 admiratione
2398 2176 2463 2215 ac
2522 2160 2769 2215 laudibus
2818 2174 3009 2213 omnes
3064 2157 3310 2212 homines
3354 2170 3543 2226 prose-

1981 2262 2237 2326 quentur.
2282 2272 2299 2305 ι
2330 2253 2397 2309 Et
2442 2253 2848 2310 confundentur
2887 2261 3134 2323 tempore
3186 2251 3280 2305 illo
3323 2251 3543 2320 quando

1983 2346 2120 2401 bene
2146 2347 2299 2402 vobis
2323 2346 2527 2420 fecero,
2561 2354 2614 2401 et
2642 2356 2883 2416 tempore
2910 2360 3021 2415 quo
3051 2357 3342 2411 suscepero
3367 2357 3484 2397 vos.
3516 2360 3537 2393 ι

1982 2437 2197 2491 Pudore
2240 2438 2463 2492 omnino
2511 2436 2891 2492 sufl‘undentur
2940 2435 3147 2489 inimici
3174 2434 3364 2500 vestri,
3419 2448 3542 2488 cum

1982 2531 2148 2585 rebus
2201 2531 2397 2585 vestris
2444 2530 2659 2601 egregie
2705 2528 3021 2593 consulens,
3063 2526 3118 2580 in
3174 2526 3404 2596 patriam
3444 2539 3543 2580 vos

1983 2622 2290 2677 restituam.
2334 2641 2352 2672 ‹
2393 2621 2532 2688 Quia
2561 2621 2755 2676 faciam
2795 2636 2893 2676 vos
2920 2620 3162 2675 illustres
3191 2627 3353 2687 atque
3383 2615 3545 2672 nobi-

1984 2707 2064 2762 les
2094 2707 2233 2762 inter
2259 2709 2499 2777 reliquos
2537 2726 2728 2765 omnes
2777 2717 2939 2764 terra:
2970 2708 3369 2779 populos,cum
3410 2720 3544 2760 con-

1985 2807 2202 2854 vertere
2255 2801 2631 2870 captivitatem
2683 2810 2918 2856 vestram
2970 2815 3152 2855 coram
3196 2799 3376 2862 vobis,
3418 2795 3547 2852 dicit

1987 2890 2271 2945 Dominus.
2312 2911 2330 2943 ι
2374 2891 2478 2945 Tot
2520 2901 2779 2961 tantaque
2824 2893 2973 2947 circa
3004 2907 3101 2947 vos
3143 2905 3349 2961 proque
3391 2887 3547 2943 vobis

1988 2980 2251 3037 adversus
2278 2991 2495 3038 vestros
2524 2983 2777 3037 inimicos
2813 2998 2990 3052 agam,
3027 2990 3088 3037 ut
3125 2981 3331 3050 ubique
3358 2992 3547 3033 omnes

319 3072 455 3121 πᾶσι
485 3072 596 3133 τοῖς
622 3070 825 3136 λοιποῖς
852 3072 950 3142 τῆς
975 3073 1097 3142 γῆς,
1124 3075 1180 3126 ὲν
1208 3073 1282 3144 τῷ
1321 3074 1664 3147 ἐπιστρέφειν
1691 3094 1757 3147 με
1788 3076 1872 3147 τὴκ

1988 3078 2341 3131 memoraturi
2386 3078 2496 3132 sint
2539 3092 2636 3133 vos
2678 3091 2742 3131 ac
2786 3076 3081 3138 laudaturi,
3115 3074 3376 3127 mirantes
3406 3084 3545 3141 quo-

319 3162 694 3231 αἰχμαλωσίαν
740 3134 1164 3232 ὑμῶν-ὲνωπιον
1205 3134 1376 3235 ὑμῶν,
1408 3134 1569 3233 λέγει.
1602 3134 1872 3238 Κύριος..ι

1984 3169 2147 3223 modo
2178 3169 2272 3222 tali
2307 3185 2399 3225 vos
2431 3169 2748 3240 captivitate
2790 3167 3070 3239 expeditos
3110 3167 3164 3219 in
3198 3165 3429 3235 patriam
3463 3178 3549 3215 re-

318 3249 572 3303 Τοσαῦτα
624 3251 730 3320 γὰρ
769 3251 862 3304 καὶ
895 3252 1189 3322 τηλικαῦτα
1226 3255 1354 3320 περὶ
1381 3255 1523 3318 ὑμᾶς
1544 3273 1601 3308 τε
1630 3259 1721 3309 καὶ
1743 3256 1879 3327 ὑπὲρ
1984 3260 2249 3314 stituerim
2276 3260 2409 3331 (54).

318 3341 477 3414 ὑμῶν
503 3342 646 3395 κατὰ
671 3342 778 3396 τῶν
812 3342 1018 3414 ἐχθρῶν
1059 3346 1359 3415 ἐργάσομαι
1400 3346 1507 3399 τῶν
1542 3347 1841 3419 ὑμετέρων,
1864 3348 2003 3403 ὥστε
2044 3351 2286 3417 ἅπαντας
2317 3354 2440 3415 τοὺς
2465 3351 2739 3423 πανταχοῦ
2775 3351 2863 3405 διὰ
2901 3351 3118 3421 μνήμης
3150 3366 3209 3400 τε
3236 3347 3376 3418 ἔχειν
3407 3346 3550 3415 ὑμᾶς

319 3439 415 3491 καὶ
444 3440 699 3503 ἐπαίνων,
734 3440 822 3509 (p.
851 3441 976 3511 409)
1003 3441 1373 3514 θαυμάζοντας
1416 3438 1567 3517 ᾧτινι
1595 3443 1658 3517 δὴ
1683 3444 1763 3516 τῷ
1785 3447 1969 3519 τρόπῳ
1992 3448 2089 3520 τῆς
2107 3448 2361 3521 τοιαύτης
2387 3447 2757 3520 αἰχμαλωσίας
2782 3446 2923 3518 ὑμᾶς
2938 3442 3248 3509 ἀπαλλάξας
3276 3442 3549 3509 ἐπανήγαο

319 3547 417 3597 γον
446 3532 523 3592 εἰς
547 3529 616 3583 τὰ
646 3532 841 3585 οἰκεῖα.

397 3709 513 3786 (54)
551 3707 848 3780 Postquam
900 3713 981 3786 _de
1022 3726 1172 3786 vero
1209 3711 1490 3786 Sophonia
1519 3712 1772 3786 _egimus,
1826 3715 1882 3769 in
1989 3718 2047 3772 in
2091 3717 2151 3771 S.
2200 3716 2498 3786 Scriptura:
2543 3716 2763 3785 synopsi
2805 3732 2861 3769 n.
2901 3714 2987 3767 75.
3039 3714 3149 3786 lmo
3204 3720 3258 3786 et
3293 3711 3550 3786 Virgilius

327 3778 680 3833 Hebraeorum
704 3778 1008 3836 armarium
1040 3778 1480 3856 gChristianasque
1519 3778 1777 3838 Ecclesiae
1804 3799 1887 3838 ca-
1990 3786 2301 3842 Tolosanus
2326 3778 2719 3856 grammaticus
2756 3800 2784 3837 a
2822 3786 2978 3838 nobis
3017 3783 3198 3856 editus
3226 3778 3548 3856 _A.§._class.

326 3865 527 3935 nonem
574 3858 811 3935 recepto,
848 3869 965 3935 non.
998 3854 1163 3935 pigetn
1187 3850 1606 3935 aliunrquoque
1652 3867 1889 3935 commej
1991 3866 2036 3911 t.
2073 3856 2139 3935 γ,
2171 3873 2224 3926 p.
2257 3850 2640 3935 2_0I_quaadam
2673 3854 2992 3935 Sufphoniaa
3033 3853 3239 3935 llebraei
3273 3850 3420 3921 (falsi
3465 3852 3552 3906 ta-'

328 3934 545 3997 ηψπ-πθ
573 3919 683 3997 sed
710 3919 1092 3997 apocryphuui
1132 3919 1682 3997 Sophonia'quuem
1718 3922 1892 3997 citant
1995 3919 2144 3997 men)
2173 3919 2341 3982 verba
2370 3919 2647 3997 insperato
2674 3919 2834 3980 nobis
2866 3925 3078 3979 recitat.

325 3987 581 4045 Clemens
622 3987 776 4045 Alei.
809 3987 1012 4047 Strom.
1038 3991 1134 4046 lib.
1164 3987 1224 4058 νζ
1268 3992 1351 4058 11,
1385 4002 1439 4047 et
1473 3987 1893 4047 SfAthanasius

354 4220 3552 4254 Μ

854 4434 1413 4520 ΕΡΜΗΝΕΙΑ
1502 4432 1872 4517 ΑΓΓΑΙ(

2045 4430 2271 4516 ΤΟΥ
2360 4427 2998 4514 ΠΡΟΦΗΤΟΥ.

333 4846 1484 4965 COMMENTARIUS
1616 4844 1757 4957 IN
1912 4839 2539 4953 AGG/EUM
2654 4832 3559 4951 PROPHETAM.

418 5287 579 5357 Ὠσηὲ
613 5300 712 5357 μεν
753 5288 846 5339 καὶ
888 5286 1038 5356 Ἱωὴλ
1078 5288 1173 5339 καὶ
1222 5285 1400 5355 ’Λμὼς
1448 5295 1538 5339 και
1584 5284 1816 5356 Μιχαίας
1853 5302 1872 5337 c

2074 5282 2236 5354 269
2271 5280 2417 5336 Beati
2462 5285 2737 5351 pr0phetm
2782 5276 2950 5331 Oseas
2986 5280 3037 5329 et
3089 5269 3204 5326 Joel
3237 5278 3293 5325 et
3328 5268 3563 5324 Amosmt

335 5380 599 5451 μακάριοι
620 5378 895 5450 προφῆται
928 5378 1102 5434 κοινὸν
1126 5378 1259 5451 πρὸς
1278 5377 1490 5431 ἅπαντα
1522 5378 1610 5431 τὸν
1639 5379 1872 5450 Ἰσραηλι

2000 5386 2160 5445 atque
2201 5372 2447 5428 Michazas
2494 5371 2562 5425 ad
2602 5371 2911 5425 universum
2947 5362 3146 5435 pariter
3196 5361 3563 5418 lsraelitarum

327 5471 489 5526 τικὺν
508 5469 633 5525 λαὸν
658 5469 935 5525 ἐποιοῦντο
954 5470 1041 5523 τὸν
1082 5470 1257 5538 λόγον,
1284 5468 1409 5533 τούς
1437 5487 1495 5523 τε
1524 5470 1631 5523 τῶν
1652 5470 1779 5522 δέκα
1802 5488 1870 5538 φυ

2001 5467 2256 5538 populum
2282 5466 2442 5520 verba
2465 5462 2731 5527 fecerunt,
2757 5473 2947 5529 nempe
2971 5467 3023 5513 et
3045 5456 3111 5512 ad
3142 5457 3326 5512 decem
3360 5454 3563 5519 tribus,

332 5562 447 5615 λῶν
504 5554 578 5615 ὦν
621 5559 931 5615 ἐϐασίλευεν
970 5561 1002 5631 ἡ
1037 5560 1335 5631 Σαμάρεια,
1376 5562 1469 5613 καὶ
1527 5558 1631 5629 μὴν
1668 5560 1762 5612 καὶ
1782 5560 1872 5612 τοὺ

2002 5572 2233 5628 quarum
2266 5554 2579 5625 metropolis
2603 5550 2847 5607 Samaria
2878 5555 3011 5613 erat,
3040 5548 3276 5616 itemque
3315 5544 3378 5599 ad
3412 5540 3565 5597 Iudae

332 5654 438 5722 τῆς
488 5653 652 5707 Ἰούδα
672 5654 863 5724 φυλῆς,
891 5651 1013 5716 τούς
1035 5670 1094 5704 τε
1116 5653 1213 5721 τὴν
1239 5650 1591 5721 Ἰερουσαλὴμ
1609 5650 1872 5714 οἰκοῦντας

2005 5646 2335 5717 conjunctim
2414 5645 2617 5698 tribum
2699 5641 2954 5709 civesque
3031 5635 3562 5705 Hierosolymorum;

336 5742 684 5814 ἀμφοτέρους
732 5742 958 5813 ὁμοίως·
991 5741 1082 5794 ὲπί
1130 5759 1189 5795 τι
1217 5743 1336 5804 ταῖς
1362 5740 1637 5803 ἀσεϐείαις
1667 5740 1758 5792 καὶ
1782 5742 1872 5792 ταῖ

2006 5756 2146 5810 quos
2165 5752 2357 5794 omnes
2402 5734 2642 5806 peccatis
2697 5730 2910 5789 deditos
2937 5739 2994 5789 et
3017 5730 3354 5787 diversorum
3378 5725 3563 5783 crimi-
