4054 6238
417 340 526 397 475
1606 343 1952 401 THEODORI
2002 343 2478 403 MOPSUESTENI
3567 339 3672 395 476

422 476 551 515 num
582 473 707 515 reos
744 474 898 531 aeque
942 459 1340 533 objurgabant;
1398 463 1622 533 adjectis
1666 464 1985 535 impenden-

2091 465 2451 536 παρανομίαις
2477 462 2789 533 ἐλέγχοντες
2819 456 2906 525 αῖς
2946 459 3328 530 διεπράττοντο
3363 457 3624 521 ποικίλως
3652 474 3667 489 ·

420 560 553 613 tium
593 559 859 613 malorum
893 557 1077 623 minis,
1101 557 1146 610 si
1176 558 1294 612 sine
1340 559 1659 627 poenitentia
1706 559 1989 625 delinque—

2093 557 2470 627 προστιθέντες
2512 554 2570 608 δέ
2618 555 2711 608 καὶ
2742 554 2810 607 τὰ
2840 553 2979 623 ὑπὲρ
3010 550 3214 604 τούτων
3247 550 3429 613 αὐτοῖς
3455 550 3666 619 ἀμεταο

422 653 542 700 rent
575 667 589 701 :
620 662 719 701 ceu
744 662 933 716 reapse
955 646 1061 700 illis
1088 645 1307 709 accidit,
1362 646 1546 701 decem
1580 647 1785 700 scilicet
1818 646 1992 715 primo

420 736 675 792 tribubus
702 737 768 792 ab
797 737 1055 809 Assyriis,
1092 737 1287 793 deinde
1336 734 1489 791 Judie
1545 738 1707 791 tribui
1739 751 1768 791 a
1820 737 1992 807 Baby-

423 828 603 883 loniis.
638 828 743 884 Sed
772 837 950 882 tamen
980 843 1103 883 cum
1148 828 1233 883 his
1279 829 1722 898 przedictionibus
1778 826 1988 882 felicem

423 939 636 994 quoque
665 938 845 977 rerum
882 922 1289 977 conversionem
1325 921 1661 991 spondebant
1696 920 1987 989 pr0phetze,

423 1030 615 1085 nempe
645 1014 788 1085 quod
830 1015 1062 1084 populus
1106 1014 1421 1083 captivitate
1469 1012 1752 1080 expeditus
1784 1011 1837 1064 in
1896 1026 1991 1080 pa-

422 1106 583 1160 triam
649 1122 969 1161 reversurus
1047 1115 1210 1160 esset.
1274 1104 1468 1160 Beatus
1527 1114 1705 1158 autem
1788 1102 1990 1157 Abdias

424 1212 612 1266 poenas
662 1196 907 1251 ldumaais
957 1196 1102 1250 circa
1140 1196 1344 1250 reditus
1400 1203 1613 1263 tempus
1670 1192 1989 1263 inﬂigendas

424 1296 627 1341 narrat.
668 1288 866 1342 Beatus
896 1286 1064 1342 Jonas
1107 1287 1377 1342 excidium
1436 1284 1694 1339 Ninivitis
1728 1286 1986 1347 minatur,

425 1378 526 1432 nisi
590 1394 619 1431 a
668 1393 765 1432 sua
827 1378 1029 1431 malitia
1084 1376 1431 1446 resipuerint.
1480 1375 1676 1430 Beatus
1712 1375 1990 1430 Nahumus

422 1467 643 1524 Ninives
696 1469 1060 1530 obsidionem,
1094 1467 1440 1537 universique
1472 1467 1681 1536 imperii
1732 1466 1988 1537 Assyrio-

423 1574 541 1611 rum
575 1559 911 1614 eversionem
936 1558 1201 1629 prazcinit,
1230 1573 1390 1627 quam
1410 1574 1439 1610 a
1462 1557 1770 1628 Babyloniis
1798 1572 1989 1625 exper-

423 1648 530 1701 turi
562 1657 736 1703 erant.
765 1649 913 1704 Beati
959 1649 1231 1718 prOphetae
1260 1649 1548 1703 Abacucus
1579 1663 1642 1703 ac
1682 1648 1988 1718 Sephonias

424 1748 772 1811 posteaquam
845 1740 1029 1795 decem
1100 1741 1279 1795 tribus
1338 1741 1547 1810 Assyrii
1592 1739 1702 1808 jam
1746 1740 1986 1809 populati

2092 652 2296 718 νοήτως
2326 647 2574 700 πταίουσι
2602 644 2991 716 συμϐησόμενα
3019 642 3183 706 κακὰ,
3212 643 3279 695 τά
3304 658 3363 693 τε
3393 643 3515 703 ταῖς
3537 639 3669 692 δέκα

2093 738 2283 807 φυλαῖς
2327 738 2589 809 πρότερον
2625 736 2728 790 ὑπὸ
2766 736 2876 791 τῶν
2917 734 3215 806 ’Λσσυρίων
3252 732 3551 804 συμϐάντα,
3577 731 3671 784 καὶ⁹

2090 828 2158 881 τὰ
2208 830 2317 891 τοῖς
2367 827 2459 879 τοῦ
2506 826 2671 879 Ἰούδα
2708 824 2881 895 φυλῆς
2913 824 3016 877 ὑπὸ
3054 822 3409 876 Βαϐυλωνίων
3440 821 3667 891 ὕστερον

2090 919 2386 988 γεγονότα·’
2424 912 2504 982 οἷς
2534 936 2638 986 περ
2664 914 2755 971 οὖν
2780 918 2873 972 καὶ
2891 916 2987 988 τὴν
3018 917 3108 969 ἐπὶ
3137 915 3198 968 τὸ
3225 916 3466 986 κρεῖττον
3490 916 3667 967 αὐτῶν

2095 1010 2389 1079 μεταϐολὴν
2410 1010 2771 1079 ἐπισυνῆπτον
2790 1010 2909 1070 ταῖς
2941 1008 3274 1077 προρρήσεσι
3292 1007 3410 1068 ταῖς
3433 1005 3662 1067 ἑαυτῶν,

2089 1106 2169 1157 ὅτι
2191 1121 2248 1156 τε
2262 1102 2552 1172 ἀφεθέντες
2575 1103 2673 1173 τῆς
2686 1101 3062 1172 αἰχμαλωσίας
3074 1100 3165 1152 ἐπὶ
3184 1099 3282 1170 τὴν
3306 1097 3485 1170 χώραν
3506 1098 3666 1151 πάλιν

2091 1196 2461 1248 ἁνελεύσονται
2478 1195 2574 1265 τὴν
2596 1196 2819 1247 οἰκείαν.
2838 1191 3045 1246 ’Λϐδιοῦ
3072 1193 3167 1263 μὲν
3183 1190 3275 1244 τοῦ
3292 1190 3554 1263 μακαρίου
3568 1189 3667 1261 τὴν

2103 1286 2416 1355 Ἰδουμαίοις
2436 1286 2572 1339 κατὰ
2588 1286 2676 1338 τὸν
2695 1287 2791 1356 τῆς
2805 1284 3063 1339 ἐπανόδου
3082 1284 3272 1356 καιρὸν
3290 1284 3667 1355 ἐπαχθησομέ-

2091 1376 2441 1447 νηνλέγοντος
2459 1376 2724 1447 τιμωρίαν
2747 1393 2760 1406 θ
2789 1378 2943 1429 Ἰωνᾶ
2970 1375 3024 1428 δέ
3041 1374 3135 1428 τοῦ
3159 1376 3426 1446 μακαρίου
3445 1376 3540 1447 τὴν
3565 1392 3666 1428 xu.-

2089 1468 2396 1539 ταστροφὴν
2413 1467 2801 1537 ἀπειλήσαντος
2830 1468 2876 1519 Ν
2884 1467 3155 1530 ινευίταις,
3180 1468 3227 1518 εἰ
3258 1468 3332 1538 μὴ
3349 1467 3442 1537 τῆς
3461 1467 3665 1520 ἑαυτῶν

2094 1557 2473 1627 μεταϐάλοιντο
2536 1558 2765 1621 κακίαςο
2828 1558 2903 1628 (p.
2961 1559 3084 1628 410)
3141 1558 3234 1612 τοῦ
3284 1559 3551 1629 μακαρίου
3604 1558 3664 1611 δέ

2088 1650 2282 1719 Ναούμ
2335 1649 2519 1719 σαφῶς
2569 1652 2665 1722 τήν
2721 1668 2781 1703 τε
2831 1650 3141 1722 πολιορκίαν
3172 1652 3268 1722 τῆς
3314 1650 3531 1721 Νινευὴ,
3572 1652 3668 1703 καὶ

2090 1741 2188 1813 τὴν
2222 1740 2539 1812 καθαίρεσιν
2560 1742 2900 1815 ἁπάσηςλτῆς
2932 1742 3039 1795 τῶν
3070 1742 3366 1814 Ἀσσυρίων
3389 1742 3667 1813 βασιλείας

426 1807 661 1896 fuerant,
692 1833 914 1902 suisque
944 1833 1164 1888 sedibus
1236 1807 1486 1901 abreptas
1521 1807 1987 1901 inicaptivitatem

2095 1807 2404 1903 μηνύοντος-
2441 1807 2743 1905 προδήλως,
2786 1807 2867 1904 ἦν.
2901 1834 3005 1886 ὑπὸ
3052 1807 3404 1889 Βαϐυλωνίων
3442 1833 3668 1904 ἔμελλον

420 1925 837 1987 transtulerant,
874 1923 1027 1979 Judre
1063 1926 1287 1990 tribum,
1319 1941 1439 1994 qua:
1467 1925 1582 1979 sola
1608 1907 1726 1978 erat
1759 1924 1988 1992 reliqua,

2093 1924 2400 1994 ὑπομένειν.
2450 1925 2768 1996 Ἀμϐακοὺμ
2804 1925 2859 1978 δὲ
2893 1928 2986 1979 καὶ
3025 1927 3283 1997 Σοφονίας
3325 1926 3373 1978 οἰ
3409 1926 3665 1996 μακάριοι

419 2018 675 2086 civesque
726 2016 878 2071 urbis
934 2016 1435 2086 Hierosolymorum
1466 2015 1533 2069 de
1579 2028 1678 2069 sua
1706 2013 1989 2083 iniquitate

2093 2016 2363 2084 προφῆται
2380 2015 2481 2087 ἥδη
2510 2016 2615 2069 τῶν
2652 2018 2709 2071 ἐν
2733 2019 2852 2081 ταῖς
2873 2017 3001 2071 δέκα
3019 2018 3207 2087 φυλαῖς
3221 2016 3667 2089 ἐκπορθηθέντων

424 2106 707 2176 legumque
746 2107 1036 2163 violatione
1085 2118 1408 2178 coarguunt,
1462 2114 1623 2175 atque
1682 2105 1989 2159 adfuturam

2091 2123 2147 2158 τε
2184 2105 2289 2158 ὑπὸ
2315 2106 2422 2159 τῶν
2459 2108 2765 2180 Ἀσσυρίων
2797 2109 2891 2163 καὶ
2919 2109 3159 2179 παντελῆ
3178 2110 3277 2181 τήν
3306 2127 3364 2162 τε
3390 2109 3670 2180 αἰχμαλιιι⁶

420 2199 573 2252 aiunt
624 2214 652 2251 a
700 2199 1012 2270 Babyloniis
1074 2202 1357 2262 ultionem,
1405 2200 1547 2254 haud
1594 2198 1840 2271 equidem
1870 2213 1989 2253 sero

2093 2195 2212 2249 σίαν
2232 2198 2326 2250 καὶ
2353 2197 2450 2269 τὴν
2490 2200 2553 2252 ἐκ
2586 2199 2695 2253 τῶν
2731 2200 2912 2255 τόπων
2942 2201 3048 2254 τῶν
3090 2201 3303 2254 οἰκείων
3342 2201 3668 2272 μετάστασιν

420 2290 573 2360 pede,
611 2292 703 2347 sed
754 2292 857 2360 iam
901 2293 1227 2362 proximam,
1272 2309 1396 2347 cum
1426 2293 1687 2347 malorum
1721 2291 1987 2356 omnium,

2092 2287 2416 2359 δεξαμένων,
2451 2291 2577 2355 τοὺς
2612 2291 2711 2362 τῆς
2757 2292 2927 2347 Ἰούδα
2983 2294 3155 2365 φυλῆς
3190 2296 3401 2365 μόνους,
3435 2294 3559 2358 τούς
3606 2310 3670 2347 τε

418 2397 539 2449 quae
564 2371 817 2451 praedicta
836 2382 1067 2449 fuerant,
1094 2385 1318 2440 cohorte
1355 2402 1367 2437 :
1399 2392 1450 2439 et
1479 2397 1609 2438 sane
1628 2382 1989 2452 propinquum

2094 2379 2186 2432 ἐπὶ
2218 2381 2317 2449 τῆς
2350 2382 2705 2455 Ἰερουσαλὴμ
2760 2385 3061 2449 οἰκοῦντας,
3112 2386 3203 2439 ἐπὶ
3246 2390 3364 2449 ταῖς
3397 2386 3670 2449 ἀσεϐείαις

419 2488 600 2526 rerum
628 2474 832 2527 exitum
867 2472 1170 2544 Sophonias
1192 2474 1452 2544 propheta
1475 2474 1641 2528 canit.

2096 2473 2275 2527 αὐτῶν
2304 2475 2583 2545 ἐλέγχουσι
2607 2478 2699 2530 καὶ
2730 2479 2852 2541 ταῖς
2880 2477 3264 2549 παρανομίαις,
3293 2478 3541 2547 λέγοντες
3570 2476 3672 2548 τὴν

418 2564 505 2619 διὰ
530 2567 638 2620 τῶν
660 2568 1011 2623 Βαϐυλωνίων
1047 2570 1138 2622 ἐπὶ
1163 2569 1371 2633 τούτοις
1392 2567 1838 2640 ἐπαχθησομένην
1868 2567 2049 2631 αὐτοῖς
2072 2569 2221 2639 παρά
2241 2570 2334 2623 τοῦ
2365 2570 2501 2626 Θεοῦ
2521 2572 2811 2645 τιμωρίαν,
2840 2573 2901 2626 ού
2940 2572 3076 2644 μετὰ
3110 2572 3274 2626 πολύν
3308 2589 3370 2641 γε
3403 2575 3671 2643 ἐσομένην

416 2660 508 2713 τὸν
530 2660 744 2739 χρόνον,
770 2660 883 2714 ἀλλ’
907 2661 981 2724 ὡς
1022 2661 1147 2714 εὐθύ
1184 2678 1245 2730 γε
1268 2662 1362 2715 καὶ
1397 2660 1732 2732 παραχρῆμα
1756 2659 1863 2712 τῶν
1893 2658 2245 2729 μηνυομένων
2276 2662 2461 2717 κακῶν
2484 2666 2922 2735 ἐπελευσομένων
2955 2667 3133 2730 αὐτοῖς
3157 2665 3429 2728 ἁπάντων,
3455 2666 3548 2718 καὶ
3573 2666 3670 2733 ἐγ-

418 2753 654 2825 γυτέραν
675 2770 738 2822 γε
760 2753 867 2806 τῶν
900 2754 1173 2824 ἐσομένων
1201 2752 1298 2824 τὴν
1322 2753 1543 2807 ἔκϐασιν
1567 2751 1821 2820 Σοφονίου
1857 2749 2147 2820 μηνύοντος
2174 2752 2390 2807 έσεσθαι
2420 2755 2511 2807 τοῦ
2542 2757 2842 2827 προφήτου.

488 2849 651 2920 27ο
679 2848 880 2905 Beatus
907 2864 1035 2905 vero
1066 2850 1294 2920 Aggazus
1331 2851 1615 2920 propinata,
1659 2848 1816 2916 cujus
1844 2864 1989 2903 nunc

418 2940 746 3012 explanandi
797 2957 920 2996 cum
966 2940 1059 2997 Dei
1089 2944 1263 3013 gratia
1303 2943 1590 2998 consilium
1623 2957 1651 2995 a
1679 2943 1837 2996 nobis
1869 2957 1990 2996 sus-

2177 2849 2427 2918 Ἀγγαίος
2464 2849 2519 2902 δέ
2542 2852 2569 2903 6
2598 2850 2868 2921 μακάριος
2895 2851 3198 2921 προφήτης,
3223 2843 3280 2905 οῦ
3304 2849 3368 2921 δὴ
3384 2849 3668 2920 πρόκειται

2094 2936 2191 2990 νῦν
2215 2940 2345 3009 ἡμῖν
2384 2938 2519 2992 Θεοῦ
2572 2940 2752 3017 χάριτι
2807 2940 3075 2995 ποιεῖσθαι
3113 2940 3211 3012 τὴν
3254 2943 3566 3013 σαφήνειαν,
3600 2943 3666 2996 ού

419 3042 633 3104 ceptum
650 3041 754 3098 est,
787 3033 1103 3089 vaticinium
1125 3050 1284 3088 suum
1308 3049 1413 3088 non
1444 3034 1605 3088 modo
1631 3034 1776 3087 circa
1808 3049 1989 3087 recen-

2094 3028 2192 3099 τῆς
2245 3029 2620 3100 αἰχμαλωσίας
2671 3031 2831 3101 μόνον
2884 3032 2984 3103 ’ήδη
3037 3034 3408 3105 γεγενημένης
3440 3034 3538 3103 τῆς
3559 3035 3667 3088 ὑπὸ

418 3135 526 3180 tem
559 3122 1057 3195 Hierosolymorum
1101 3141 1132 3179 a
1171 3124 1486 3196 Babyloniis
1512 3133 1791 3194 captorum
1840 3124 1985 3179 cala-

420 3206 664 3267 mitatem
714 3212 875 3280 facit;
924 3228 1109 3267 verum
1144 3214 1305 3268 etiam
1346 3215 1556 3270 solutos
1586 3214 1697 3282 jam
1730 3214 1988 3269 servitute

421 3305 717 3371 lsraelitas,
774 3314 936 3375 atque
979 3308 1031 3360 in
1066 3308 1295 3376 patriam
1338 3317 1531 3377 praeter
1556 3323 1769 3361 omnem
1798 3308 1988 3361 huma-

424 3414 546 3453 nam
599 3415 748 3469 spem
806 3398 899 3454 Dei
934 3401 1106 3470 gratia
1141 3402 1444 3461 restitutos,
1501 3400 1745 3455 oratione
1778 3417 1873 3455 sua
1902 3417 1987 3455 re-

420 3487 588 3541 duces
611 3487 925 3556 alloquitur,
956 3490 1045 3548 aui
1079 3489 1129 3541 in
1177 3489 1410 3556 propriis
1440 3491 1646 3544 laribus
1694 3492 1987 3549 versaban-

427 3593 533 3648 tur,
552 3590 809 3651 tantoque
824 3578 1083 3638 beneficio
1102 3577 1423 3634 mirabiliter
1435 3576 1520 3631 usi
1554 3578 1797 3648 fuerant;
1827 3588 1989 3651 atque

419 3682 609 3721 eorum
662 3668 717 3723 in
747 3668 933 3739 templi
972 3669 1329 3725 aedificatione
1360 3671 1643 3740 segnitiem
1690 3672 1941 3743 objurgat
1970 3692 1984 3729 :

421 3759 565 3827 quod
614 3761 874 3831 templum
910 3769 970 3816 ut
1015 3762 1396 3827 aedificaretur,
1423 3764 1567 3819 haud
1621 3766 1869 3835 equidem
1903 3768 1986 3821 sui

422 3854 590 3905 causa
608 3859 812 3905 tantam
844 3868 1029 3908 curam
1082 3857 1303 3924 gerebat
1341 3856 1508 3922 Deus,
1541 3858 1632 3928 qui
1659 3862 1985 3930 caeteroquin

422 3942 500 3995 ait
528 3960 541 3995 :
575 3959 594 3993 ι
635 3943 847 3998 Caelum
873 3946 1004 4000 mihi
1029 3949 1281 4012 thronus,
1307 3956 1451 4004 terra
1478 3960 1657 4006 autem
1691 3954 1986 4008 scabelinni

422 4032 617 4102 pedum
651 4050 915 4090 meorum.
970 4037 1101 4106 Quae
1149 4049 1233 4096 est
1266 4042 1369 4096 ista
1414 4044 1610 4098 domus
1640 4060 1800 4117 quam
1854 4047 1984 4100 mihi

422 4123 723 4189 mdilicatis,
756 4126 832 4179 ait
867 4125 1148 4196 Dominus;
1181 4141 1273 4184 aut
1296 4132 1544 4201 quisnam
1588 4134 1737 4188 locus
1788 4137 1987 4205 quietis

424 4229 556 4270 mea:
588 4216 665 4269 ιιι
699 4235 717 4267 ι
760 4216 1010 4272 Profecto
1053 4220 1187 4273 nihil
1230 4239 1337 4276 non
1393 4238 1616 4291 parvum
1654 4235 1757 4289 est,
1792 4229 1836 4281 si
1869 4243 1990 4296 qua:

423 4306 659 4362 diximus
684 4322 805 4361 cum
853 4308 942 4363 Dei
992 4313 1363 4380 magnitudine
1410 4325 1810 4382 comparentur,
1869 4335 1989 4387 quae

2092 3119 2443 3174 Βαϐυλωνίων
2476 3124 2589 3185 τοῖς
2637 3122 2779 3176 κατὰ
2826 3123 2924 3193 τὴν
2957 3124 3313 3197 Ἰερουσαλὴμ
3338 3124 3667 3197 ἐπαχθείσης

2089 3214 2319 3265 ποιεῖται
2358 3213 2456 3283 τὴν
2502 3214 2860 3283 προφητείαν,
2908 3213 3042 3268 ἀλλά
3083 3215 3191 3287 γὰρ
3238 3215 3667 3283 ἀπαλλαγέντων

2091 3304 2188 3375 μὲν
2207 3303 2316 3357 τῶν
2354 3304 2701 3375 Ἰσραηλιτῶν
2727 3304 2826 3376 ’ήδη
2854 3305 2952 3376 τῆς
2979 3306 3371 3376 αἰχμαλωσίας,
3399 3308 3666 3375 ἐπανελη-

2087 3394 2324 3449 λυθότων
2372 3394 2429 3448 δὲ
2482 3393 2645 3447 πάλιν
2697 3395 2777 3457 εἰς
2802 3395 2900 3465 τὴν
2947 3395 3128 3466 χώραν
3165 3394 3262 3467 τὴν
3288 3396 3489 3449 οἰκείαν
3515 3397 3669 3467 παρὰ

2088 3489 2267 3541 πᾶσαν
2296 3486 2637 3557 ἀνθρωπίνην
2674 3486 2865 3540 ἐλπίδα
2897 3488 3079 3558 χάριτι
3122 3488 3268 3559 θείᾳ,
3302 3488 3378 3558 (p.
3410 3489 3533 3557 4H)
3554 3492 3669 3553 τοῖς

2086 3579 2264 3648 λόγοις
2292 3578 2555 3649 κέχρηται
2573 3580 2684 3641 τοῖς
2707 3578 2947 3640 οἰκείοις,
2968 3578 3093 3641 τοὺς
3113 3578 3580 3645 ἐπανεληλυθότας
3605 3596 3667 3631 τε.

2088 3672 2183 3725 καὶ
2217 3671 2311 3723 ἐπὶ
2355 3670 2456 3740 τῆς
2509 3669 2716 3731 οἰκείας
2747 3668 3034 3736 διάγοντας
3066 3668 3249 3739 χώρας
3275 3668 3373 3738 τῆς
3399 3668 3669 3739 τοσαύτης

2089 3764 2308 3835 χάριτος
2333 3760 2650 3832 παραδόξως
2683 3759 3049 3829 τετυχηκότας
3067 3759 3309 3830 ἐλέγχων
3330 3759 3420 3812 ἐπὶ
3447 3763 3511 3830 τῇ
3538 3778 3600 3812 πε
3609 3763 3668 3831 pl.

2087 3856 2186 3926 τὴν
2217 3854 2500 3924 οἰκοδομὴν
2550 3852 2644 3905 τοῦ
2674 3849 2803 3906 ναοῦ
2836 3850 3079 3922 ῥᾳθυμίᾳ
3101 3866 3115 3881 ·
3157 3847 3218 3905 οὗ
3246 3852 3345 3922 τῆς
3378 3851 3668 3922 οἰκοδομῆς

2090 3947 2351 4018 πρόδηλον
2374 3947 2447 4009 ὼς
2460 3946 2556 4015 οὐχ
2596 3943 2790 3998 ἐαυτοῦ
2814 3960 2877 4010 γε
2903 3944 3087 3997 ἕνεκεν
3112 3938 3225 4013 εἶχε
3251 3944 3507 4014 φροντίδα
3538 3944 3670 3997 πολ-

2088 4038 2183 4108 λὴν
2215 4038 2242 4088 6
2272 4035 2424 4098 Θεὸς,
2454 4034 2527 4097 ὡς
2558 4034 2719 4094 αὐτὸς
2761 4031 2889 4101 περί
2918 4028 3110 4083 ἐαυτοῦ
3140 4047 3333 4099 φησιν·
3373 4049 3390 4080 ι
3414 4032 3472 4083 'O
3503 4030 3669 4101 ούρα-

2088 4132 2172 4193 νός
2211 4146 2298 4199 μοι
2336 4126 2554 4197 θρόνος,
2582 4127 2615 4196 ή
2646 4124 2703 4177 δέ
2731 4125 2801 4194 γῆ
2838 4122 3124 4176 ὑποπόδιον
3165 4120 3275 4173 τῶν
3314 4120 3487 4174 ποδῶν
3525 4139 3663 4191 μουο

2090 4225 2241 4275 ποῖον
2265 4218 2453 4272 τοῦτον
2477 4212 2625 4270 οἷκον
2653 4213 3036 4287 οἰκοδομήσετέ
3066 4230 3178 4283 μοι,
3203 4211 3350 4280 λέγει
3368 4213 3604 4285 Κύριος;
3631 4212 3667 4282 ἦ

2088 4314 2169 4375 τίς
2195 4311 2357 4373 τόπος
2378 4310 2475 4380 τῆς
2490 4306 2884 4370 καταπαύσεώς
2901 4324 3001 4377 μου
3028 4306 3176 4370 ἐστί;
3214 4324 3234 4356 ι
3268 4304 3458 4359 Καίτοι
3475 4322 3537 4373 γε
3577 4323 3668 4375 μι-

422 4412 511 4451 res
533 4412 722 4454 omnes
749 4410 959 4457 creatas
985 4412 1194 4457 tantum
1237 4406 1467 4473 excedit,
1493 4419 1754 4477 quantum
1784 4409 1987 4466 bomini

2096 4405 2224 4477 κρὺν
2252 4403 2344 4457 καὶ
2375 4401 2552 4465 τοῦτο,
2591 4402 2639 4453 εἰ
2669 4399 2804 4472 πρὸς
2830 4399 2889 4452 τὸ
2912 4398 3137 4468 μέγεθος
3160 4397 3229 4450 τὰ
3250 4397 3512 4469 εἰρημένα
3536 4413 3669 4450 axo-

425 4503 526 4542 nec
556 4488 653 4543 fari
720 4492 860 4547 licet.
913 4492 1299 4551 Verumtamen
1353 4496 1513 4563 Deus,
1542 4500 1631 4553 cui
1681 4501 1985 4556 animarum

425 4593 555 4632 cura
596 4589 700 4643 est,
726 4583 1090 4638 lsraelitarum
1113 4588 1294 4657 potius
1314 4603 1480 4643 causa
1511 4589 1576 4643 de
1609 4593 1791 4661 templi
1828 4593 1992 4647 :ediii-

424 4669 638 4724 catione
675 4678 955 4740 tantopere
982 4673 1281 4731 laborabat.
1316 4675 1451 4730 Nam
1471 4678 1596 4747 quia
1638 4678 1693 4731 in
1720 4679 1991 4734 mandatis

424 4760 664 4826 dederat,
698 4770 757 4816 ut
804 4779 868 4817 eo
900 4764 953 4818 in
1006 4766 1125 4820 loco
1154 4768 1465 4838 temploque
1516 4772 1831 4840 congregati
1866 4786 1994 4825 con-

424 4869 619 4923 gruum
653 4854 907 4925 legitimis
953 4857 1390 4916 institutionibus
1416 4862 1620 4915 cultum
1649 4862 1753 4917 sibi
1782 4861 1994 4932 persol-

423 4953 653 5013 verent;
693 4954 854 5018 atque
902 4946 988 5003 bis
1046 4953 1387 5007 caeremoniis
1414 4954 1657 5008 exerceri
1706 4970 1735 5008 a
1794 4955 1994 5025 populo

424 5036 740 5106 religionem
767 5038 1002 5101 volebat,
1043 5048 1102 5094 ut
1154 5048 1275 5111 apte
1328 5043 1477 5098 illinc
1504 5055 1744 5115 tempore
1788 5061 1887 5101 suo
1927 5048 1995 5103 ad

426 5140 771 5183 communem
802 5131 1163 5200 peragendam
1199 5132 1432 5187 salutem
1457 5134 1709 5191 Christus
1737 5135 1995 5193 Dominus

428 5217 482 5271 in
510 5233 674 5273 carne
711 5231 1047 5291 emergeret;
1079 5223 1199 5278 ideo
1228 5223 1296 5279 de
1340 5226 1443 5280 hoc
1469 5226 1697 5283 aedificio
1728 5228 1996 5285 sollicitus

430 5309 740 5363 necessario
761 5321 911 5375 erat;
968 5330 1159 5384 nempe
1190 5325 1249 5370 ut
1277 5318 1631 5375 conventibus
1666 5319 1719 5374 in
1769 5336 1834 5375 eo
1856 5322 1996 5377 cele—

432 5398 653 5454 brandis
674 5415 851 5454 mores
878 5417 1008 5458 suos
1038 5406 1347 5461 emendaret
1372 5408 1621 5479 populus,
1653 5411 1741 5464 cui
1758 5425 1869 5479 pra:
1891 5425 1997 5465 cae-

435 5487 587 5549 teris,
636 5496 694 5541 ut
726 5487 860 5551 dixi,
904 5490 1216 5551 hominibus
1268 5504 1471 5551 tantam
1513 5480 1655 5554 Deus
1697 5515 1886 5555 curam
1915 5501 1999 5556 di-

434 5589 660 5648 gnanter
684 5579 1043 5649 impertiebat.
1088 5587 1223 5643 Nam
1256 5588 1415 5646 sicuti
1445 5591 1710 5648 sacriﬁcia
1735 5601 1788 5650 et
1807 5600 1998 5649 caetera

509 5752 553 5784 ³³
593 5752 697 5812 lsa.
738 5772 882 5821 uvr,
929 5759 973 5813 ι.

2090 4500 2240 4551 πεῖτο
2260 4495 2320 4548 τὸ
2340 4493 2500 4555 θεῖον,
2518 4493 2768 4546 ἁπάντων
2794 4508 2857 4559 γε
2874 4491 2980 4543 τῶν
3007 4491 3175 4543 ὄντων
3194 4488 3467 4560 προδήλως
3497 4489 3673 4561 ὑπερ-

2089 4591 2356 4659 κείμενον,
2384 4586 2492 4639 οὐδ’
2510 4584 2703 4638 ὁπόσον
2716 4584 2889 4635 εἰπεῖν
2913 4600 2970 4635 τε
2994 4582 3024 4654 ἢ
3051 4582 3237 4651 νοῆσαι
3255 4582 3465 4635 δύναιτο
3476 4581 3541 4635 ἀν
3560 4598 3669 4644 τις.

2102 4680 2240 4733 Ἀλλ’
2278 4679 2415 4749 ὑπὲρ
2446 4675 2624 4729 αὐτῶν
2650 4691 2713 4743 γε
2736 4674 2843 4727 τῶν
2885 4672 3231 4743 Ἰσραηλιτῶν
3260 4675 3288 4726 6
3324 4672 3430 4725 τῶν
3458 4671 3673 4742 ἀνθρω-

2096 4771 2263 4825 πείων
2320 4769 2506 4839 ψυχῶν
2543 4768 2858 4837 κηδόμενος,
2910 4767 3007 4836 τῆς
3065 4764 3348 4835 οἰκοδομῆς
3397 4764 3490 4818 τοῦ
3536 4764 3670 4818 ναοῦ

2092 4863 2258 4916 πολὺν
2291 4863 2517 4914 ποιεῖται
2546 4859 2635 4912 τὸν
2663 4858 2840 4927 λόγον.
2889 4856 3104 4927 Ἐπειδὴ
3122 4856 3229 4927 γὰρ
3246 4854 3525 4919 διετάξατο
3561 4855 3669 4924 μὲν

2089 4958 2147 5009 ἐν
2175 4955 2363 5024 ἐκείνῳ
2398 4952 2476 5023 τῷ
2520 4969 2579 5006 τε
2630 4952 2780 5022 τόπῳ
2828 4950 2921 5003 καὶ
2949 4949 3028 5020 τῷ
3085 4949 3216 5019 ναῷ·
3246 4949 3523 5012 συνιόντας
3568 4949 3671 5019 τὴν

2090 5046 2436 5117 καθήκουσαν
2466 5042 2613 5113 αὐτῷ
2642 5045 2753 5105 τοῖς
2788 5044 3029 5112 νομικοῖς
3061 5040 3509 5113 παραγγέλμασιν
3532 5040 3670 5095 ἀκο-

2091 5135 2296 5199 λούθως
2324 5134 2628 5188 ἀποδιδόναι
2675 5132 2990 5205 θρησκείαν,
3014 5132 3101 5186 διὰ
3129 5130 3345 5184 πάντων
3367 5130 3424 5183 δὲ
3461 5131 3672 5187 τούτων

2099 5228 2189 5280 ἐπὶ
2227 5226 2327 5296 τῆς
2358 5225 2638 5288 εὐσεὸείας
2667 5224 2912 5277 ἐϐούλετο
2951 5221 3265 5294 συνέχεσθαι
3303 5222 3393 5274 τὸν
3416 5221 3569 5287 λαὸν,
3592 5223 3671 5287 ὡς

2099 5321 2165 5373 ἂν
2219 5319 2600 5392 προσηκόντως
2659 5318 2867 5371 ἐκεῖθεν
2926 5317 3066 5371 κατὰ
3117 5314 3304 5386 καιρὸν
3350 5314 3539 5385 ὀφθείη
3575 5313 3673 5367 τὸν

2098 5411 2285 5465 δέοντα
2316 5412 2453 5483 ὑπὲρ
2496 5412 2594 5481 τῆς
2648 5411 2898 5465 ἁπάντων
2931 5409 3202 5480 σωτηρίας
3230 5409 3259 5460 ὁ
3297 5406 3572 5475 Δεσπότης
3607 5407 3676 5461 τὸ

2100 5500 2239 5555 κατὰ
2298 5503 2474 5573 σάρκα
2535 5501 2786 5574 Χριστὸς,
2837 5500 3145 5568 ἀναγκαίως
3179 5498 3279 5568 τῆς
3323 5497 3672 5568 κατασκευῆς

2101 5594 2416 5665 ἐπιμέλειαν
2441 5596 2671 5648 ἐποιεῖτο
2709 5592 2803 5647 τοῦ
2833 5594 2980 5659 ναοῦ,
3021 5593 3096 5657 ῶς
3130 5592 3194 5647 ἂν
3221 5593 3249 5644 6
3281 5588 3407 5653 λαὸς
3445 5590 3534 5644 διὰ
3566 5590 3674 5664 τῆς
