4054 6238
283 308 385 365 δἹῚ

1258 319 1815 385 COMMENTARIUS
1847 327 1917 382 ΙΝ
1953 329 2185 386 ACCAE!
2220 330 2372 387 CAP.
2399 329 2437 387 1.

3420 337 3527 392 478

281 432 340 482 ἐν
359 427 513 500 αύτῷ
529 429 851 500 συναγωγῆς
863 430 963 502 τὴν
984 430 1261 503 βελτίωσιν
1284 436 1509 507 δέχοιτο,
1532 436 1672 512 ὑπὲρ
1689 442 1849 496 ἁπάνε

1955 443 2220 511 ejusmodi
2248 447 2386 501 Deus
2429 446 2639 517 recipit,
2664 462 2773 502 non
2802 446 2932 518 quia
2971 447 3086 517 ipse
3115 446 3202 504 his
3223 460 3397 520 egeat,
3432 453 3526 505 sed

281 538 415 582 των,
469 523 545 586 ὡς
588 523 743 593 ἔφην,
775 524 1076 596 ἀνθρώπων
1106 527 1205 596 τῆς
1240 528 1381 583 οὕτω
1433 532 1634 604 πολλῆς
1663 552 1723 588 τε
1766 536 1861 589 καὶ⁵

285 615 552 685 μεγίστης
588 615 907 685 ἀξιούμενος
964 619 1311 687 ἐπιμελείας⁹
1370 622 1447 685 ὡς
1497 625 1603 696 γὰρ
1663 625 1861 678 θυσιῶν

281 708 537 777 ἀνέχεται
561 708 653 760 καὶ
679 707 790 759 τῶν
810 707 984 761 ἄλλων
1005 708 1067 775 δὴ
1081 710 1195 791 ρῶν
1221 712 1475 766 τοιούτων
1494 718 1521 768 ό
1536 716 1686 779 Θεὸς,
1708 718 1862 770 οὐθὲν

277 800 486 852 τούτων
494 800 740 869 δεόμενος
751 800 1004 867 καθάπαξ
1018 802 1177 866 αὐτὸς
1188 804 1273 857 διὰ
1288 806 1383 875 τὴν
1394 809 1425 875 ἡ
1437 808 1561 877 μετέ
1568 826 1665 878 ραν
1677 811 1863 879 χρείαν

280 895 299 958 (
311 907 361 957 p.
381 889 507 959 412)
525 888 665 942 οὕτω
685 891 779 942 καὶ
828 889 927 958 τῆς
968 909 1034 943 πε
1043 893 1093 961 ρί
1115 892 1205 946 τὸν
1221 894 1345 947 ναὸν
1359 898 1532 966 εἴχετο
1560 899 1856 968 φροντίδος,

277 982 340 1034 ού
347 1001 378 1050 χ
394 981 588 1035 ἐαυτοῦ
602 998 663 1050 γε
676 982 882 1045 ἕνεκεν,
897 981 1009 1035 ἀλλ’
1027 984 1165 1055 ὑπὲρ
1177 987 1420 1048 ἐκείνων,
1437 988 1531 1052 οὓς
1541 989 1727 1043 αὐτόθι
1747 1007 1863 1045 συν-

280 1072 423 1125 ιέναι
439 1089 495 1123 τε
524 1074 618 1125 καὶ
636 1071 733 1142 τὴν
746 1072 1091 1143 καθήκουσαν
1114 1075 1190 1145 τῷ
1215 1076 1333 1146 Θεῷ
1355 1078 1644 1148 θεραπείαν
1669 1081 1856 1135 ἀποδι-

278 1163 429 1217 δόναι
448 1166 718 1232 προσῆκον
737 1161 805 1235 ἦν
827 1166 965 1237 ὑπὲρ
987 1167 1236 1220 ἁπάντων
1251 1186 1314 1237 γε
1336 1168 1654 1239 ἀνθρώπων,
1673 1171 1856 1243 ὥσπερ

276 1252 374 1308 οὖν
399 1256 570 1324 ἔφθην
591 1256 824 1325 πρόσθεν
853 1257 1043 1311 εἰπών.
1085 1261 1235 1329 Ἔχει
1263 1260 1320 1312 δέ
1352 1278 1471 1313 τινα
1502 1262 1596 1315 καὶ
1626 1265 1856 1333 μήνυσιν

1958 537 2248 591 utilitatum
2287 548 2596 595 nostrarum
2638 556 2841 600 causa:
2873 542 2955 597 sic
3002 544 3162 596 etiam
3198 544 3378 612 templi
3425 553 3529 597 stu-

1956 628 2105 682 dium
2161 646 2272 700 pra:
2315 647 2373 687 se
2402 631 2627 695 ferebat,
2656 650 2763 688 non
2803 634 3053 704 equidem
3108 635 3192 690 sui
3224 636 3527 705 gratia,sed

1956 718 2291 787 Iudaeorum,
2346 740 2482 793 quos
2533 726 2643 780 illic
2683 728 3003 797 congregari
3051 726 3364 796 justamque
3416 724 3525 779 Deo

1959 814 2277 882 religionem
2308 819 2633 886 persolvere,
2672 820 2969 889 prat_27]
3005 819 3238 881 ceteris,
3271 825 3329 871 ut
3364 817 3527 886 paulo

1962 914 2086 960 ante
2120 906 2253 972 dixi,
2274 908 2603 973 hominibus,
2627 926 2839 980 aequum
2867 919 3003 964 erat.
3031 909 3352 963 Futurarum
3386 923 3525 976 pra:-

1961 1006 2108 1052 terea
2139 1014 2321 1052 rerum
2382 1002 2588 1057 mentio
2616 1001 2795 1070 aliqua
2836 1002 2889 1053 in
2922 1001 3104 1056 libello
3150 1007 3261 1065 cst;
3292 1013 3522 1068 quarum

1962 1088 2211 1142 notitiam
2270 1105 2333 1144 ex
2391 1091 2524 1159 ipsis
2596 1092 2813 1160 scriptis
2873 1106 3199 1162 cognoscere
3279 1095 3520 1160 praestat.

1962 1173 2073 1230 Hoc
2100 1187 2179 1232 est
2211 1180 2374 1248 igitur
2391 1192 2765 1251 argumentum
2796 1183 2942 1247 libri,
2974 1183 3067 1252 qui
3084 1182 3194 1252 jam
3211 1181 3521 1252 singillatim

1958 1270 2330 1337 explanandus
2362 1285 2465 1328 cst.

276 1349 553 1418 ἐσομένων
580 1349 640 1402 τὸ
670 1350 889 1419 βιϐλίον,
928 1353 1034 1405 τῶν
1061 1355 1187 1423 περὶ
1219 1354 1308 1406 τὸν
1337 1355 1459 1424 Γὼγ
1491 1358 1652 1428 φημὶ,
1681 1360 1747 1430 ἢν
1779 1360 1873 1412 ἀπ’
1902 1362 2081 1417 αὐτῶν
2106 1366 2214 1419 τῶν
2247 1372 2641 1441 γεγραμμένων
2675 1371 2893 1441 ἄμεινον
2935 1372 3027 1425 ίδοι
3056 1389 3138 1434 τις
3168 1370 3260 1424 ἄν·
3288 1371 3400 1425 ἀλλ’
3429 1364 3520 1425 οὗ·

273 1462 369 1509 τος
400 1446 499 1515 μὲν
519 1447 548 1499 ό
567 1445 658 1501 τοῦ
684 1446 887 1516 βιϐλίου
918 1449 1135 1512 σκοπός.
1168 1451 1500 1521 Προσεκτέον
1526 1452 1585 1506 δὲ
1605 1456 1720 1517 τοῖς
1741 1457 1881 1509 κατὰ
1908 1457 2070 1527 μέρος
2108 1460 2309 1516 λοιπόν.

945 1544 1098 1599 ΚΕΦ.
1124 1545 1196 1597 A'.

350 1633 501 1703 Στὶχ.
536 1641 605 1695 α’,
631 1633 695 1703 β’.
721 1665 787 1676 -—
824 1654 842 1686 ι
884 1636 971 1689 Ἐν
1005 1636 1181 1707 amis
1228 1637 1463 1710 δευτέρῳ
1490 1640 1596 1694 ἔτει
1636 1643 1725 1694 ἐπὶ
1749 1644 1850 1694 Δα-

282 1724 434 1793 ρείου
469 1725 561 1777 τοῦ
616 1726 896 1795 βασιλέως,
936 1730 994 1782 ἐν
1029 1728 1104 1797 τῷ
1144 1729 1273 1799 μηνὶ
1317 1730 1392 1800 τῷ
1420 1729 1584 1802 ἕκτῳ,
1619 1735 1713 1803 μιᾷ
1754 1733 1848 1787 τοῦ

2627 1561 2776 1617 CAP.
2818 1562 2853 1615 Ι,

2026 1647 2189 1703 Vens.
2224 1651 2276 1713 l,
2306 1651 2361 1703 2.
2403 1680 2470 1688 -
2508 1669 2526 1701 ι
2568 1653 2727 1704 Anno
2754 1652 2894 1706 Darii
2947 1653 3223 1722 mgnantis
3255 1651 3517 1712 secundo,

1956 1756 2141 1795 mense
2172 1752 2344 1803 sexto,
2373 1740 2461 1795 die
2504 1758 2608 1795 una
2667 1744 2882 1811 (prima)
2929 1745 3153 1806 mensis,
3215 1742 3388 1797 factus
3436 1751 3521 1795 cst

284 1814 459 1886 μηνὸς
491 1817 698 1883 ἐγένετο
740 1817 896 1886 λόγος
922 1819 1125 1890 Κυρίου
1164 1819 1221 1870 ἐν
1265 1822 1408 1891 χειρὶ
1460 1823 1711 1890 ’Λγγαίου
1754 1822 1847 1876 τοῦ

1952 1848 2131 1888 sermo
2160 1835 2367 1888 Domini
2419 1836 2472 1888 in
2508 1850 2668 1888 manu
2703 1836 2879 1905 Aggaei
2917 1836 3192 1904 propheta:
3220 1835 3406 1889 dicens
3437 1852 3450 1887 :
3496 1855 3514 1884 ι

283 1908 564 1977 προφήτου
614 1909 821 1977 λέγων·
857 1930 877 1962 ι
933 1914 991 1965 ἐν
1033 1910 1267 1982 δευτέρῳ
1320 1913 1417 1982 μὲν
1474 1914 1580 1966 ἔτει
1622 1917 1846 1984 Δαρείου

281 1999 510 2068 Περσῶν
557 1999 926 2068 βασιλεύοντος
975 2001 1069 2054 τοῦ
1118 2004 1372 2075 τετάρτου
1405 2005 1539 2074 μετά
1569 2006 1748 2076 Κύρον
1790 2007 1848 2071 ὃς

281 2087 495 2156 πρῶτος
532 2090 730 2159 Μήδων
779 2105 839 2141 τε
887 2090 981 2143 καὶ
1015 2091 1236 2161 Περσῶν
1267 2093 1404 2146 κατὰ
1452 2096 1642 2147 ταυτὸν
1671 2096 1848 2149 ἐϐασί-

276 2177 485 2239 λευσεν,
522 2179 993 2250 ἐπανεληλυθότων
1023 2182 1124 2252 ἤδη
1148 2185 1227 2245 είς
1249 2184 1319 2235 τὰ
1340 2186 1512 2238 οἰκεῖα
1540 2186 1646 2238 τῶν
1663 2203 1720 2239 τε
1747 2188 1848 2256 τῆς

289 2271 460 2323 Ἰούδα
490 2272 666 2341 φυλῆς
699 2272 917 2327 καὶτῶν
946 2273 1147 2327 λοιπῶν
1184 2277 1366 2330 ὁπόσοι
1388 2295 1492 2349 περ
1519 2279 1700 2343 αὐτοῖς
1726 2297 1845 2334 συνο

276 2363 521 2415 ανελθεῖν
555 2364 862 2435 προθυμίαν
894 2364 1073 2436 ἔσχον,
1104 2368 1197 2420 καλ⁸
1225 2367 1289 2438 δὴ
1316 2370 1409 2421 καὶ
1445 2370 1542 2439 τῆς
1586 2371 1848 2442 Ἰερουσα-

275 2451 387 2521 λὴμ
417 2452 799 2522 ἀπειληφότων
852 2454 950 2525 τὴν
996 2456 1228 2527 οἰκησιν,
1274 2459 1521 2525 Ἀγγαῖον
1550 2460 1642 2514 τὸν
1674 2464 1848 2532 μακά-

278 2560 392 2610 ριον
418 2545 704 2614 προφήτην
758 2545 1144 2616 ἀποκαλύψεως
1179 2548 1438 2618 ἠξιῶσθαι
1473 2550 1620 2614 θείας
1662 2554 1844 2624 φησὶν,

275 2634 369 2685 ἐπὶ
390 2635 469 2703 τῷ
494 2635 594 2704 τὴν
621 2636 729 2687 τῶν
752 2640 1131 2709 προσηκόντων
1162 2641 1391 2707 διάλεξιν
1421 2644 1556 2716 πρὸς
1587 2646 1712 2709 τοὺς
1753 2648 1847 2699 ἀν·-

275 2725 604 2793 εληλυθότας
655 2729 977 2797 ποιήσασθαι
1031 2732 1138 2784 τῶν
1198 2734 1484 2801 Ἰουδαίων,
1515 2737 1610 2789 καὶ
1649 2737 1756 2808 πρό
1783 2754 1847 2805 γε

275 2816 383 2867 τῶν
414 2816 589 2868 ἄλλων
612 2819 713 2887 τῆς
739 2822 1021 2891 οἰκοδομῆς
1050 2825 1487 2894 καταμελοῦντας
1514 2826 1724 2896 ἐλέγξαι
1752 2828 1846 2882 τοῦ

274 2906 429 2967 ναοῦ,
463 2909 522 2959 ὃν
548 2907 611 2978 δὴ
648 2910 881 2978 μάλιστα
903 2913 1361 2983 ἐπανεληλυθότας
1391 2917 1496 2969 ἀπὸ
1526 2919 1624 2989 τῆς
1649 2920 1848 2989 αἰχμα-

275 2996 479 3061 λωσίας
524 3001 659 3069 μετά
692 3001 889 3071 πολλῆς
928 3004 1200 3074 ἀνεγεῖραι
1233 3006 1329 3076 τῆς
1352 3008 1653 3079 προθυμίας
1682 3028 1847 3081 προσ-

275 3087 411 3154 ῆκον
462 3085 553 3159 ῆν.
602 3090 1046 3162 Ἐπισημαίνεται
1102 3094 1157 3149 δὲ
1209 3098 1301 3149 καὶ
1336 3098 1425 3151 τὸν
1454 3099 1596 3169 μῆνα
1627 3102 1720 3155 καὶ
1746 3101 1842 3172 τὴν

1949 1936 2093 1979 anno
2128 1926 2366 1979 secundo
2411 1924 2552 1977 Darii
2601 1924 2893 1978 Persarum
2944 1926 3107 1994 regis,
3155 1925 3336 1994 quarti
3400 1932 3521 1993 [ost

1948 2014 2145 2085 Cyrum
2196 2016 2347 2069 illum
2401 2017 2492 2084 qui
2541 2016 2751 2085 primus
2807 2016 3081 2071 Medorum
3137 2016 3298 2070 simul
3357 2020 3520 2078 atque

1948 2108 2234 2163 Persarum
2269 2109 2555 2178 imperium
2601 2116 2869 2172 tenuerat,
2906 2124 3027 2163 cum
3054 2107 3163 2177 jam
3213 2108 3266 2160 in
3290 2106 3517 2178 patriam

1949 2216 2008 2255 se
2038 2201 2369 2270 recepissent
2398 2208 2662 2271 quotquot
2687 2218 2753 2257 ex
2775 2200 2926 2255 Judae
2951 2200 3096 2253 tribu
3120 2206 3175 2251 et
3199 2213 3262 2252 ex
3296 2196 3527 2265 reliquis

1949 2299 2140 2361 sponte
2160 2305 2282 2345 cum
2316 2291 2407 2344 illa
2441 2291 2621 2347 redire
2637 2292 3184 2357 voluerant,cumque
3209 2287 3245 2340 ii
3268 2284 3520 2341 Hieroso-

1950 2384 2216 2453 lymorum
2256 2382 2446 2437 urbem
2497 2382 2609 2451 jam
2668 2381 2988 2442 incolerent,
3041 2380 3237 2434 beatus
3293 2378 3523 2447 Aggteus

1950 2475 2212 2543 propheta
2257 2473 2439 2526 divina
2508 2473 2838 2527 revelatione
2889 2472 3241 2525 collustratus
3290 2469 3529 2533 dicitur;

1950 2574 2009 2620 nt
2032 2564 2079 2620 is
2102 2564 2355 2618 nimirum
2386 2563 2614 2619 reduces
2635 2561 2853 2618 Iudaeos
2876 2561 2945 2617 de
2967 2561 3154 2616 olIiciis
3182 2560 3537 2622 admonerem.

1950 2666 2108 2725 atque
2141 2657 2404 2727 apprime‘
2430 2655 2811 2729 negligentiam
2854 2670 3041 2710 eorum
3094 2654 3147 2708 in
3201 2650 3527 2707 aadilicando

1950 2750 2150 2818 templo
2184 2750 2515 2819 obiurgaret,
2566 2748 2661 2817 qui
2706 2762 2839 2803 sane
2872 2745 3142 2803 excitandi
3174 2745 3321 2799 illius
3344 2743 3523 2797 maxi-

1950 2857 2096 2894 mum
2167 2841 2407 2895 studium
2458 2842 2776 2897 debuissent
2834 2853 3169 2909 expromere.
3241 2834 3525 2906 Significat

1949 2932 2113 2986 etiam
2138 2947 2376 2987 mensem
2408 2946 2471 2985 ac
2497 2931 2661 2996 diem,
2694 2945 2805 3000 quo
2844 2928 3142 2985 secundum
3177 2925 3270 2981 Dei
3314 2925 3521 2979 revela-

1950 3022 2151 3075 tionem
2173 3020 2511 3091 prophetaad
2534 3022 2787 3091 pupulum
2809 3020 2952 3089 loqui
2976 3034 3136 3074 orsus
3148 3014 3523 3079 es1;utdeinde

1953 3112 2239 3166 ordinatim
2257 3112 2400 3165 dicat
2415 3111 2545 3181 quid
2560 3113 2639 3167 eis
2656 3111 2913 3165 acciderit
2932 3112 2999 3164 ob
3013 3110 3312 3179 neglectum
3336 3107 3517 3177 templi

276 3179 491 3249 ἡμέραν
528 3182 647 3233 καθ’
676 3184 742 3251 ἢν
790 3183 849 3248 ἐξ
900 3185 1288 3256 ἀποκαλύψεως
1318 3189 1464 3253 θείας
1495 3193 1522 3243 ὁ
1566 3195 1846 3264 προφήτης

1951 3179 2587 3274 tediﬁcium;quantoque
2610 3205 2830 3258 meliore
2869 3204 2923 3256 in
2951 3211 3090 3255 statu
3122 3210 3251 3254 tunc
3283 3198 3517 3266 fuerint,

277 3272 480 3341 ἐχρῆτο
502 3277 615 3336 τοῖς
640 3276 775 3346 πρὸς
822 3278 1103 3342 Ἰουδαίους
1146 3278 1344 3349 λόγοις,
1374 3281 1448 3345 ὡς
1472 3284 1536 3336 ἂν
1572 3286 1842 3355 τεταγμέ-

276 3383 384 3429 νως
405 3368 628 3431 δείξειεν
660 3372 805 3433 ὅπως
835 3372 930 3441 μὲν
964 3374 1145 3435 αὐτοῖς
1170 3374 1245 3443 (p.
1278 3373 1402 3443 M5)
1430 3376 1527 3444 τῆς
1557 3377 1845 3447 οἰκοδομῆς

278 3457 543 3525 ἀμελοῦσι
572 3457 666 3511 τοῦ
696 3461 821 3513 ναοῦ
851 3461 918 3515 τὰ
944 3464 1239 3535 πράγματα
1268 3465 1567 3520 διακεῖσθαι
1594 3468 1843 3522 συνέϐαι-

274 3564 386 3611 νεν,
431 3550 563 3617 ὅσην
611 3549 667 3601 δὲ
728 3552 1059 3621 μετάστασιν
1102 3555 1192 3607 ἐπὶ
1244 3555 1306 3607 τὸ
1353 3558 1596 3626 κρεῖττον
1647 3557 1845 3612 ἔλαϐον

278 3639 520 3709 ὁπηνίκα
550 3640 647 3709 τῆς
674 3641 799 3712 περὶ
822 3641 911 3695 τὸν
934 3642 1057 3697 ναὸν
1084 3644 1371 3715 οἰκοδομῆς
1404 3646 1503 3716 τὴν
1542 3647 1846 3717 προσήκου-

280 3745 379 3783 σαν
418 3730 563 3801 ἔχειν
581 3730 809 3802 ἤρξαντο
842 3734 1112 3805 φροντίδα.
1150 3735 1281 3788 Τίνα
1321 3736 1376 3789 δὲ
1405 3732 1473 3808 ἦν
1499 3737 1640 3808 ἂπερ
1674 3741 1846 3791 εἰπεῖν

280 3823 419 3891 πρὸς
446 3823 642 3887 αὐτοὺς
676 3827 704 3877 ὁ
734 3827 1013 3896 προφήτης
1050 3827 1337 3899 ἐκελεύσθη
1376 3829 1527 3900 παρὰ
1559 3830 1652 3882 τοῦ
1687 3831 1844 3899 Θεοῦ,

279 3913 410 3981 ἑξῆς
437 3914 617 3984 φησίν.
646 3935 664 3966 ι
690 3915 853 3969 Εἰπὸν
871 3918 1005 3989 πρὸς
1034 3919 1335 3990 Ζοροϐάϐελ
1352 3921 1443 3974 τὸν
1466 3920 1558 3974 τοῦ
1582 3921 1847 3994 Σαλαθιὴλ

277 4007 346 4058 ἐκ
379 4008 551 4079 φυλῆς
588 4008 776 4071 Ἰούδα,
808 4010 900 4062 καὶ
939 4011 1071 4079 πρὸς
1114 4012 1317 4081 Ἰησοῦν
1356 4013 1447 4066 τὸν
1473 4013 1564 4067 τοῦ
1605 4015 1849 4069 Ἰωσεδὲκ

277 4099 371 4151 τὸν
399 4100 551 4169 ἱερέα
574 4098 665 4153 τὸν
688 4100 858 4169 μέγαν
878 4102 1057 4169 λέγων
1081 4120 1094 4134 ·
1123 4102 1260 4155 Τάδε
1294 4102 1438 4172 λέγει
1469 4105 1672 4177 Κύριος
1714 4124 1848 4161 παν·

276 4192 569 4261 τοκράτωρ
596 4190 797 4258 λέγων·
835 4194 891 4246 Ὀ
920 4194 1042 4257 λαὸς
1071 4188 1221 4258 οὗτος
1236 4194 1501 4261 λέγουσιν,
1533 4197 1643 4266 Οὐχ
1676 4198 1800 4267 ἥκει
1820 4200 1848 4252 ὁ

278 4283 475 4355 καιρὸς
500 4282 594 4335 τοῦ
620 4285 965 4355 οἰκοδομῆσαι
1011 4288 1101 4338 τὸν
1142 4283 1288 4341 οἷκον
1302 4289 1529 4359 Κυρίου.
1561 4309 1579 4340 ι
1623 4290 1848 4344 Κελεύει

276 4379 390 4447 γὰρ
418 4378 571 4446 αύτῷ
596 4381 729 4449 πρός
761 4396 820 4433 τε
848 4380 934 4433 τὸν
960 4379 1257 4450 Ζοροϐάϐελ
1275 4379 1333 4442 ὃς
1347 4379 1446 4448 τῆς
1480 4380 1647 4433 Ἰούδα
1676 4381 1849 4450 φυλῆς

276 4470 566 4538 ὑπάρχων,
586 4470 648 4524 ἐκ
664 4490 719 4525 τε
735 4471 827 4525 τοῦ
852 4473 1115 4543 μακαρίου
1134 4472 1293 4524 Δαυὶδ
1318 4472 1687 4542 καταγόμενος
1709 4472 1848 4527 κατὰ

274 4559 377 4620 τὰς
392 4559 726 4625 ἐπαγγελίας
754 4561 852 4622 τὰς
882 4560 1030 4623 θείας
1077 4561 1360 4613 ἐϐασίλευε
1388 4561 1508 4613 τότε
1534 4560 1629 4614 τοῦ
1676 4561 1805 4615 λαοῦ
1834 4581 1850 4595 ο

277 4649 376 4699 καὶ
434 4648 545 4718 μὴν
578 4650 669 4701 καὶ
710 4648 845 4718 πρὸς
886 4648 976 4702 τὸν
1020 4649 1262 4703 Ἰωσεδὲκ
1297 4649 1522 4720 Ἰησοῦν,
1565 4650 1625 4713 ὃς
1666 4651 1728 4705 τὸ
1753 4652 1853 4722 τῆς

277 4738 690 4809 ἀρχιερωσύνης
710 4740 868 4817 ἔργον
896 4740 1185 4813 ἀκολουθίᾳ
1216 4742 1405 4810 γένους
1431 4743 1572 4797 κατὰ
1598 4744 1696 4815 τὴν
1719 4744 1853 4797 Μω-

280 4830 480 4899 σαῖκὴν
511 4829 754 4893 διάταξιν
794 4832 856 4884 ἐκ
896 4831 988 4884 τοῦ
1038 4832 1246 4901 Ἀαρὼν
1284 4835 1654 4905 καταγόμενος
1698 4837 1852 4889 ἐκτε-

278 4920 394 4971 λεῖν
418 4922 796 4983 ἐπεπίστευτο,
822 4923 993 4973 εἰπεῖν
1024 4920 1197 4974 ταῦτα
1234 4922 1376 4995 ἅπερ
1407 4921 1501 4978 οὖν
1535 4927 1622 4977 ἐπ’
1646 4926 1852 4997 ἐλέγχῳ

276 5014 380 5081 τῆς
414 5010 544 5079 περὶ
577 5010 665 5062 τὸν
693 5012 819 5063 ναδν
850 5011 940 5064 τοῦ
975 5012 1105 5065 λαοῦ
1141 5013 1411 5084 ῥᾳθυμίας
1449 5014 1653 5079 διδάξαι
1688 5032 1855 5085 προσ-

277 5102 416 5168 ῆκον
449 5096 535 5170 ἦν.
560 5100 742 5154 Ταῦτα
791 5102 900 5173 γὰρ
950 5102 1014 5173 δὴ
1076 5105 1213 5175 πρὸς
1255 5105 1474 5168 τούτους
1509 5107 1738 5175 μάλιστα
1779 5106 1855 5169 ὡς

278 5194 619 5261 ἡγουμένους
671 5194 892 5259 εἰκότως
919 5195 1159 5264 ἐλέγετο·
1207 5197 1301 5250 ἆτε
1338 5198 1431 5251 καὶ
1476 5197 1601 5259 τοὺς
1637 5197 1853 5259 λοιποὺς

278 5284 567 5355 διεγείρειν
619 5284 715 5336 ἐπὶ
758 5285 819 5336 τὸ
847 5288 1077 5356 πρᾶγμα
1119 5287 1451 5356 ὀφείλοντας,
1480 5288 1723 5356 φαίνεται
1752 5287 1852 5339 οὐκ

280 5377 467 5437 αὐτοῖς
513 5377 570 5427 ἐν
598 5375 674 5443 τῷ
703 5376 846 5446 λόγῳ
896 5380 1404 5450 καταμεμφόμενος,
1433 5380 1565 5432 ἀλλά
1597 5379 1674 5449 τῷ
1695 5379 1809 5449 λαῷ
1832 5397 1845 5410 ⁸

279 5468 356 5529 ὡς
378 5466 537 5531 δῆλον
562 5462 700 5519 εἶναι
721 5468 864 5520 δτιοί
891 5470 987 5538 μὲν
1016 5470 1117 5541 τὴν
1147 5473 1521 5542 προσήκουσαν
1552 5469 1694 5542 εἶχον
1724 5472 1850 5541 περὶ

280 5558 341 5609 τὸ
406 5560 639 5629 πρᾶγμα
697 5561 1021 5631 προθυμίαν,
1058 5566 1132 5632 (p.
1165 5564 1288 5630 414)
1351 5564 1584 5617 ἐκτελεῖν
1616 5564 1673 5617 δὲ
1713 5565 1847 5636 ὅπερ

1944 3309 2067 3349 cum
2088 3304 2414 3349 structuram
2440 3294 2582 3346 illam
2604 3295 2767 3348 alacri
2799 3294 3184 3361 animout-gere
3215 3298 3514 3359 coeperunt.

1943 3383 2060 3439 Jam
2078 3400 2322 3454 quaenam
2352 3386 2418 3439 iis
2448 3384 2703 3454 prepheta
2724 3383 2903 3436 dicere
2930 3396 2959 3434 a
2982 3380 3089 3433 Deo
3117 3382 3514 3447 jussusl‘nerat.

1946 3478 2001 3530 in
2022 3477 2371 3546 sequentibus
2392 3475 2666 3531 declarat:
2703 3493 2720 3524 ι
2752 3474 2994 3543 Loquere
3032 3472 3096 3526 ad
3132 3471 3517 3525 Zorobabelem

1948 3566 2256 3621 Salathielis
2278 3567 2443 3619 lilium
2463 3568 2528 3620 de
2554 3566 2695 3619 tribu
2711 3564 2880 3628 Judze,
2898 3572 2951 3616 et
2977 3565 3041 3617 ad
3061 3562 3243 3618 Jesum
3273 3561 3518 3617 Josedeci

1946 3660 2114 3714 lilium
2133 3658 2465 3713 sacerdotem
2490 3658 2955 3727 magnum,dicens
2977 3676 2988 3709 :
3013 3657 3133 3709 Hmc
3157 3657 3230 3707 ait
3247 3656 3504 3709 Dominus

1946 3750 2286 3818 omnipotens
2302 3747 2521 3801 dicens:
2542 3746 2898 3814 Populusiste
2915 3746 3067 3809 dicit,
3085 3744 3201 3798 Non
3220 3745 3364 3798 venit
3383 3752 3520 3797 tem-

1945 3856 2047 3911 pus
2062 3839 2360 3894 aadilicandi
2374 3838 2590 3893 domum
2615 3836 2845 3892 Domini.
2861 3836 3106 3891 tMandat
3120 3837 3193 3901 ei,
3212 3845 3266 3889 ut
3281 3834 3519 3887 Zoruha-

1948 3932 2051 3987 beli
2080 3932 2172 4000 qui
2203 3932 2270 3985 de
2288 3929 2609 3998 Judm272
2623 3930 2766 3984 tribu
2792 3936 3033 3990 ortus,et
3060 3928 3125 3983 de
3142 3929 3280 3982 beati
3301 3927 3517 3985 Davidis

1946 4016 2201 4086 posteris,
2225 4014 2380 4084 juxta
2413 4012 2623 4067 divinas
2651 4012 3038 4080 promissiones
3064 4011 3400 4081 regnabatin
3425 4026 3519 4079 po-

1948 4105 2107 4174 pulo;
2132 4104 2255 4156 item
2269 4100 2398 4158 Jesu
2415 4099 2661 4155 Josedeci
2676 4101 2808 4162 lilio,
2834 4101 2921 4154 cui
2945 4101 3298 4155 sacerdotalis
3314 4100 3514 4169 operis,

1947 4195 2018 4249 ob
2037 4195 2229 4249 seriem
2247 4192 2460 4263 generis
2475 4195 2629 4261 juxta
2644 4191 2933 4245 Mosaicam
2950 4191 3411 4249 constitutionem.
3428 4199 3517 4243 ut-

1949 4293 2074 4355 pote
2093 4299 2154 4338 ex
2173 4283 2388 4337 Aarone
2406 4282 2660 4344 oriundo,
2679 4280 3078 4334 administratio
3096 4280 3384 4334 commissa
3404 4279 3519 4333 l‘ue-

1949 4384 2053 4439 rat,
2070 4376 2287 4430 mandat
2308 4375 2420 4428 haec
2441 4374 2623 4428 dicere
2646 4388 2764 4441 qua:
2780 4372 2846 4425 ad
2863 4372 3355 4441 reprehendendam
3376 4372 3519 4426 circa

1954 4469 2211 4538 templum
2232 4467 2511 4536 segnitiem
2541 4479 2663 4535 apta
2685 4473 2857 4519 erant.
2880 4463 3049 4518 Porro
3074 4464 3187 4519 hwc
3220 4464 3516 4534 prasertim

1955 4559 2184 4613 ducibus
2219 4557 2413 4611 merito
2455 4556 2796 4620 dicebautur,
2826 4557 2917 4627 qui
2959 4556 3223 4625 reliquum
3261 4556 3513 4625 populum

1954 4652 2022 4706 ad
2060 4667 2195 4720 opus
2221 4649 2572 4705 exstimulare
2599 4649 2867 4704 debebant
2895 4669 2907 4703 :
2940 4659 2996 4704 et
3024 4650 3373 4705 nihilominus
3409 4664 3515 4702 non

1953 4753 2061 4799 tam
2089 4744 2255 4797 duces
2285 4757 2446 4811 quam
2481 4741 2737 4812 populum
2762 4741 3053 4811 objurgare
3083 4741 3346 4812 prOpheta
3372 4742 3517 4794 vide-

1952 4842 2062 4898 tur;
2116 4833 2405 4887 constabat
2423 4833 2566 4887 enim
2590 4831 2760 4888 duces
2781 4834 3193 4889 convenientem
3218 4833 3397 4903 operis
3419 4848 3517 4885 cu-

1951 4939 2066 4978 ram
2102 4923 2367 4993 gessisse,
2400 4922 2541 4975 haud
2577 4930 2756 4978 tamen
2789 4924 2899 4976 voti
2930 4934 3210 4995 compotes
3252 4922 3402 4984 ﬁeri,
3431 4939 3517 4975 rc-

1951 5025 2149 5071 nuente
2184 5015 2381 5085 populo
2408 5014 2474 5069 ad
2514 5014 2567 5068 id
2595 5017 2873 5085 cooperari
2908 5036 2921 5070 :
2950 5017 3302 5087 quamobrem
3334 5014 3417 5068 his
3449 5028 3513 5066 ea

1951 5123 2070 5178 quae
2092 5108 2157 5161 ad
2194 5108 2374 5177 populi
2408 5107 2838 5178 objurgationem
2890 5109 3231 5179 pertinebant
3260 5106 3410 5172 dicit,
3453 5114 3514 5159 ut

1949 5207 2003 5257 et
2039 5199 2138 5268 ipsi
2168 5196 2340 5268 magis
2368 5199 2430 5251 ad
2456 5213 2591 5269 Opus
2628 5200 3015 5263 excitarentur,
3045 5206 3096 5253 et
3124 5198 3355 5267 papulus
3382 5213 3514 5251 con-

1950 5284 2135 5359 gruam
2167 5291 2561 5357 correptionem
2591 5290 2883 5359 acciperet,
2922 5303 3028 5357 quo
3062 5288 3208 5342 omni
3235 5290 3514 5344 alacritate

1954 5380 2165 5436 aedilicii
2202 5381 2477 5437 laboribus
2502 5382 2792 5445 instarent,
2818 5381 3042 5448 suisque
3087 5380 3314 5435 ducibus
3343 5381 3511 5435 multa

1954 5488 2075 5527 cum
2106 5471 2380 5526 docilitate
2409 5472 2711 5534 obedirent,
2756 5480 3023 5540 quatenus
3067 5472 3170 5526 sibi
3202 5472 3301 5526 hoc
3340 5472 3392 5523 in
3417 5487 3514 5526 ne-

1956 5565 2103 5635 gotio
2141 5563 2515 5633 prazciperent,
2553 5571 2810 5630 tanquam
2842 5562 2933 5617 Dei
2947 5562 3103 5632 jussa
3144 5562 3384 5617 iacturis.

282 5645 567 5700 ἐϐούλοντο
606 5649 880 5713 ἀδυνάτως
919 5647 1092 5721 εἶχον,
1114 5654 1212 5706 ούκ
1253 5652 1526 5716 ἐθέλοντος
1571 5653 1752 5716 αὐτοῖς
1789 5651 1882 5705 τοῦ
1930 5652 2058 5706 λαοῦ
2103 5652 2240 5724 πρὸς
2266 5653 2421 5705 τοῦτο
2448 5651 2843 5724 συμπράττειν·
2874 5651 3309 5725 διόιιιεερνιιτούιιοιςΔ
3332 5650 3399 5706 τά
3426 5651 3514 5705 ἐπ’

282 5736 498 5808 ἰλέγχῳ
529 5738 623 5792 τοῦ
659 5739 788 5795 λαοῦ
841 5743 1174 5797 συντείνοντα
1217 5743 1383 5813 λέγει,
1415 5743 1490 5807 ὡς
1523 5743 1587 5798 ἂν
1614 5736 1757 5797 οὗτοί
1789 5760 1847 5797 τε
1874 5744 2072 5815 μᾶλλον
2100 5746 2192 5799 ἐπὶ
2218 5744 2278 5798 τὸ
2308 5743 2467 5816 ἔργον
2499 5741 2843 5816 διεγερθεῖεν,
2886 5748 3123 5801 κάκεῖνοι
3149 5745 3204 5798 δὲ
3234 5744 3517 5817 διόρθωσιν
