3992 6232
580 325 677 383 Πθ
1775 321 2122 378 THEODORI
2162 323 2634 384 MOPSUESTENI
3635 335 3723 393 £80

576 443 813 511 δέξαιντο
845 443 944 514 τὴν
969 445 1341 514 προσήκουσαν
1359 482 1374 507 ,
1413 443 1493 506 είς
1522 442 1581 495 τὸ
1614 441 1758 513 πάσῃ
1784 444 1851 513 τῇ
1879 438 2152 512 προθυμίᾳ
2181 440 2251 493 τά
2287 443 2621 497 συντείνοντα
2652 444 2731 506 εἰς
2762 442 2860 514 τὴν
2890 443 3171 515 οἰκοδομὴν
3192 443 3283 496 τοῦ
3309 445 3430 499 ναοῦ
3453 445 3727 521 διαπράττε-

577 536 721 599 σθαι,
753 536 846 588 καὶ
880 534 1017 605 μετά
1062 533 1264 603 πολλῆς
1305 551 1368 603 γε
1401 532 1676 587 πείθεσθαι
1709 534 1820 595 τοῖς
1851 530 2171 602 ἡγουμένοις
2202 531 2298 601 τῆς
2346 534 2719 605 ἑτοιμότητος,
2751 534 2886 605 πρὸς
2935 534 3078 606 ἅπερ
3111 535 3175 588 ἂν
3216 536 3390 595 αὐτοῖς
3428 540 3545 610 περὶ
3570 542 3728 598 τούτου

575 628 884 692 κελεύωσιν,
925 629 1001 692 ὡς
1032 629 1171 682 κατὰ
1203 628 1453 698 βούλησιν
1485 628 1633 682 θείαν
1657 627 1717 681 τὸ
1746 627 2021 697 ἐπίταγμα
2051 625 2409 694 ποιουμένοις.

651 721 809 776 Vens.
837 722 956 775 5-5.
982 751 1056 762 -
1074 721 1190 776 Jam
1211 737 1340 777 vero
1361 721 1427 775 ad
1456 721 1636 791 populi
1655 720 2122 789 reprehensionem

2302 720 2449 790 Στίχ.
2479 727 2624 788 γ’-ε’.
2650 750 2721 761 —-
2739 720 3084 792 Τρεπόμενος
3122 722 3177 776 δὲ
3207 723 3297 777 ἐπὶ
3321 723 3407 776 τὸν
3441 724 3633 797 ἔλεγχον
3653 730 3728 784 τοῦ

576 803 895 872 conversus.
929 814 1187 883 prmelare
1217 828 1283 867 ex
1338 814 1577 883 ipsorum
1614 814 1865 869 simulata
1899 824 2122 866 excusa-

2233 809 2380 876 λαοῦ,
2409 811 2589 876 καλῶς
2617 816 2680 867 ἐκ
2705 815 2804 882 τῆς
2856 814 3238 886 πεπλασμένης
3278 815 3448 868 αὐτῶν
3484 818 3729 887 ἀπολογίας

576 907 720 961 tione
745 904 959 959 initium
994 906 1163 969 ducit,
1184 921 1289 975 qua
1320 913 1553 968 utentes,
1581 904 1827 974 specioso
1843 918 1965 957 eum
1994 918 2122 972 pra:-

2233 907 2462 956 ποιεῖται
2502 903 2599 976 τὴν
2642 906 2837 976 ἀρχὴν,
2867 901 3011 978 ᾗπερ
3046 906 3367 977 κεχρημένοι
3417 908 3730 979 εὐπροσώπως

578 1005 727 1051 textu
756 997 1145 1051 existimabant
1176 1013 1234 1051 se
1265 1013 1423 1066 posse
1466 1012 1605 1067 opus
1632 996 1924 1065 negligere.
1966 996 2122 1048 Aiunt

2233 995 2555 1065 καταμελείν
2595 997 2809 1050 ἐδόκουν
2843 995 2936 1049 τοῦ
2980 996 3162 1067 ἔργου.
3189 997 3413 1067 Λέγουσι
3435 1001 3551 1070 γὰρ,
3577 1002 3729 1070 φησιν,

576 1088 742 1153 enim,
801 1088 997 1157 inquit,
1061 1088 1301 1141 nondum
1360 1096 1570 1156 tempus
1593 1085 1891 1140 aedificandi
1945 1085 2122 1154 templi

2230 1084 2380 1138 οὔπω
2412 1088 2659 1157 παρεῖναι
2689 1086 2788 1155 τῆς
2835 1088 3118 1158 οἰκοδομῆς
3154 1087 3245 1141 τοῦ
3274 1088 3398 1142 ναοῦ
3428 1089 3513 1142 τὸν
3555 1092 3729 1160 καιρὸν,

577 1179 786 1242 adesse,
815 1180 889 1233 ita
916 1190 979 1232 ut
1008 1179 1201 1233 merito
1252 1192 1466 1232 cessare
1499 1178 1566 1231 ab
1595 1192 1760 1246 opere
1799 1176 2122 1230 viderentur.

2231 1177 2306 1239 ὡς
2360 1176 2426 1230 ἂν
2486 1178 2706 1241 δικαίως
2754 1178 3079 1248 ἀμελοῦντες
3150 1178 3412 1247 φαίνοιντο
3451 1179 3541 1232 τοῦ
3582 1182 3729 1252 ἔργον.

578 1270 779 1325 Deinde
808 1269 998 1324 falsam
1023 1270 1163 1324 hanc
1210 1270 1579 1324 defensionem
1608 1283 1912 1336 coarguens
1939 1283 2005 1321 ex
2038 1284 2122 1321 ne-

2230 1265 2362 1320 Εἶτα
2392 1269 2773 1340 πεπλασμένην
2807 1270 3043 1340 ἐλέγχων
3065 1269 3161 1341 τὴν
3187 1270 3469 1338 ἀπολογίαν
3495 1272 3553 1323 ὲκ
3574 1273 3733 1337 κακίας

576 1362 745 1430 quitia
774 1369 948 1415 ortam
997 1361 1063 1415 ad
1119 1361 1342 1415 desidia:
1397 1361 1673 1414 obtentum
1703 1360 1875 1429 pergit
1908 1358 2122 1412 dicere:

2231 1359 2544 1429 ηὑρημένην
2590 1364 2666 1423 είς
2700 1361 3067 1432 προκάλυμμα
3106 1363 3203 1433 τῆς
3237 1364 3513 1434 ῥᾳθυμίας,
3540 1365 3731 1433 ἐπάγειι

582 1472 601 1504 ι
638 1452 703 1505 Et
748 1453 948 1507 factum
993 1460 1078 1506 est
1124 1453 1346 1506 verbum
1393 1450 1605 1505 Domini
1657 1450 1710 1503 in
1767 1451 2122 1520 manuAggaei

2236 1470 2255 1503 ι
2284 1451 2394 1504 Καὶ
2453 1453 2667 1520 ἐγένετο
2714 1453 2870 1521 λόγος
2913 1454 3118 1525 Κυρίου
3151 1456 3207 1509 ἐν
3234 1456 3372 1526 χειρὶ
3407 1456 3633 1525 Ἀγγαίου
3659 1457 3733 1510 τοῦ

575 1544 869 1614 prophetae,
896 1542 1084 1598 dicens
1111 1563 1124 1597 :
1160 1542 1218 1597 Si
1247 1554 1456 1611 tempus
1478 1542 1695 1611 quidem
1750 1543 1904 1597 vobis
1932 1551 2016 1598 est
2045 1544 2122 1597 ha-

2231 1543 2504 1613 προφήτου
2532 1543 2703 1611 λέγων
2728 1562 2741 1575 ·
2775 1545 2837 1597 Εἰ
2869 1544 3057 1615 καιρὸς
3087 1546 3187 1616 μὲν
3214 1546 3340 1615 ὑμῖν
3369 1547 3478 1599 ἐστι
3497 1548 3581 1599 τοῦ
3598 1550 3733 1599 οἰκεῖν

577 1636 778 1690 bitandi
809 1635 862 1689 in
892 1636 1145 1690 domibus
1177 1635 1373 1689 vestris
1412 1635 1695 1703 laqueatis.
1723 1635 1915 1689 domus
1950 1643 2122 1689 autem

2228 1631 2285 1684 ἐν
2311 1632 2479 1695 οἴκοις
2502 1633 2656 1703 ὑμῶν
2680 1632 3106 1704 κοιλοστάθμοις,
3122 1637 3151 1687 ὁ
3174 1634 3230 1687 δὲ
3249 1630 3388 1698 οἶκος
3408 1628 3548 1699 οὗτος
3575 1635 3734 1706 ἐξηρή-

578 1727 689 1781 baac
719 1727 933 1781 deserta
968 1724 1086 1781 est?
1114 1745 1132 1777 ι
1175 1725 1375 1778 Deinde
1426 1726 1502 1778 ait
1529 1744 1542 1779 :
1572 1726 1651 1779 Ad
1678 1735 1887 1781 vestras
1913 1727 2122 1795 quidem

2232 1737 2405 1789 μωται
2433 1737 2447 1785 ;
2491 1740 2509 1772 ι
2552 1717 2688 1777 Εἶτά
2722 1710 2886 1793 φησίν
2912 1737 2926 1752 ⁸
2960 1724 3097 1794 Περὶ
3129 1724 3226 1793 μὲν
3250 1724 3347 1787 τάς
3377 1724 3637 1794 οἰκοδομὰς
3657 1726 3733 1788 τὰς

574 1820 962 1873 aedificationes
993 1817 1182 1872 scdulo
1234 1817 1566 1881 incumbitis,
1624 1833 1762 1885 quas
1814 1832 1924 1871 non
1953 1818 2122 1871 solum

2227 1811 2432 1873 οἰκείας
2475 1810 2647 1875 οὕτως
2695 1812 3080 1877 ἐσπουδάκατε,
3135 1816 3197 1867 οὐ
3227 1815 3379 1885 μόνον
3413 1816 3539 1886 μετά
3572 1814 3733 1885 πολλῆς

576 1910 816 1965 studiosa
840 1923 1001 1978 opera
1027 1909 1299 1969 excitatis,
1345 1922 1529 1963 verum
1563 1910 1725 1961 etiam
1770 1910 1900 1963 totis
1927 1909 2122 1964 viribus

2227 1902 2394 1966 αύτάς
2422 1903 2791 1975 ἀνεγείροντες
2818 1906 2920 1973 τῆς
2936 1906 3265 1977 προθυμίας,
3292 1907 3422 1961 ἀλλά
3450 1908 3538 1961 καὶ
3566 1908 3733 1961 καλλω-

572 2001 854 2058 exornatis
891 2020 904 2055 :
932 2002 1101 2056 solius
1130 2010 1308 2055 autem
1358 2001 1542 2071 templi
1573 2001 1887 2056 exstruendi
1914 2009 2122 2071 tempus

2231 1993 2475 2057 πίζοντες
2505 1993 2672 2059 αύτάς
2704 1997 2802 2050 σὺν
2829 1996 2976 2068 πάσῃ
3009 1997 3235 2069 δυνάμει
3263 2015 3280 2032 ·
3298 1999 3376 2069 τῷ
3400 1999 3455 2053 δὲ
3488 1998 3590 2068 ναῷ
3618 1999 3734 2068 μόνῳ

571 2095 751 2150 adhuc
778 2111 887 2149 non
910 2094 1098 2148 adest?
1142 2092 1326 2163 Neque
1365 2108 1459 2148 vos
1506 2093 1689 2162 pudet,
1719 2108 1939 2148 causam
1974 2094 2122 2147 vobis

2228 2083 2416 2153 καιρὸς
2441 2084 2728 2156 οἰκοδομῆς
2779 2086 2841 2139 οὑ
2877 2088 3173 2158 πάρεστιν;
3211 2090 3329 2143 οὐδὲ
3356 2088 3640 2160 αἰσχύνεσθε
3663 2089 3734 2141 τὸν

570 2186 858 2256 cujuslibet
879 2184 1005 2239 boni
1040 2184 1228 2249 Deum,
1256 2183 1311 2237 in
1339 2182 1497 2252 273
1522 2191 1669 2236 tanta
1691 2183 1939 2239 vastitate
1966 2184 2122 2237 relin-

2229 2176 2405 2245 πάσης
2439 2175 2566 2246 ὑμῖν
2602 2177 2699 2247 τῆς
2733 2178 3003 2249 σωτηρίας
3034 2180 3202 2233 αῐτιον
3229 2181 3287 2233 ἐν
3326 2180 3546 2250 τοσαύτῃ
3567 2180 3732 2248 τυγχά-

572 2277 763 2348 quere?
792 2279 865 2330 ita
894 2285 953 2329 ut
987 2284 1181 2331 vestrae
1201 2273 1419 2347 quidem
1444 2275 1636 2328 domus
1664 2289 1772 2328 non
1797 2274 2122 2329 aedificentur

2226 2282 2381 2319 νοντα
2415 2266 2775 2339 περιορῶντες
2804 2270 3029 2343 ἐρημίᾳ,
3060 2270 3137 2342 (p.
3156 2272 3283 2343 415)
3316 2273 3388 2337 ὡς
3418 2272 3483 2326 τὰ
3514 2273 3601 2343 μὲν
3620 2272 3734 2341 om).

574 2367 969 2429 tantummodo,
1020 2382 1207 2422 verum
1258 2367 1416 2420 etiam
1470 2366 1619 2421 omni
1670 2381 1793 2421 eum
1842 2366 2122 2421 sedulitate

2230 2375 2373 2429 ματα
2431 2360 2581 2431 ὑμῶν
2628 2360 2721 2415 καὶ
2763 2361 3040 2430 γεγονέναι
3074 2365 3216 2434 μετά
3243 2361 3305 2418 δὲ
3350 2364 3732 2419 κεκαλλωπίσθαι

570 2467 942 2523 exornentur;
968 2471 1092 2512 area
1138 2471 1266 2511 vero
1323 2457 1506 2526 templi
1534 2472 1758 2527 prorsus
1796 2458 2006 2512 deserta
2036 2459 2126 2522 sit,

570 2549 705 2603 nihil
730 2548 883 2603 vobis
912 2549 977 2602 ad
996 2547 1113 2616 ejus
1131 2556 1461 2604 structuram
1506 2551 1755 2608 conferre
1801 2554 2123 2609 volentibus.

575 2659 595 2691 ι
638 2639 700 2693 Et
726 2654 867 2695 nunc
896 2640 1009 2693 hac
1042 2639 1172 2695 dicit
1217 2639 1476 2697 Dominus
1522 2644 1865 2714 omnipotens
1894 2665 1906 2700 :
1939 2646 2128 2703 Ponite

569 2730 736 2785 corda
762 2737 943 2785 vestra
968 2730 1035 2783 ad
1058 2731 1174 2785 vias
1205 2740 1431 2789 vestras.
1457 2753 1476 2786 ι
1504 2732 1792 2805 Reputate,
1822 2739 2014 2809 inquit,
2042 2755 2128 2796 res

570 2829 800 2887 vestras,
824 2830 878 2875 et
905 2820 1047 2874 facta
1097 2823 1395 2891 explorate,
1453 2826 1545 2894 qui
1598 2827 1839 2882 divinum
1865 2831 2126 2900 templum

574 2913 880 2983 negligitis;
929 2922 983 2968 et
1010 2924 1257 2983 quamam
1305 2916 1462 2972 vobis
1511 2919 1736 2986 proinde
1780 2921 2123 2991 contigerint.

574 3005 724 3059 Patet
745 3018 925 3059 autem
953 3006 1267 3075 prophetam
1293 3007 1556 3063 vocabulo
1576 3010 1916 3075 vim,illorum
1942 3026 2126 3083 opera,

574 3103 734 3166 prout
758 3096 914 3158 solet,
943 3095 1248 3166 designare.

640 3266 807 3323 Vens.
845 3267 959 3323 6-8.
982 3297 1054 3307 —
1073 3266 1268 3323 Postea
1301 3268 1433 3324 dicit
1461 3286 1474 3323 :
1507 3289 1525 3321 ‹
1557 3268 1888 3329 Seminastis
1916 3276 2086 3330 multa
2107 3317 2122 3344 ,

2229 2448 2366 2518 μετὰ
2395 2450 2592 2522 πολλῆς
2640 2451 2778 2519 ἄγαν
2811 2452 2913 2521 τῆς
2967 2453 3304 2524 ἐπιμελείας,
3346 2454 3436 2509 τοῦ
3456 2454 3574 2510 ναοῦ
3596 2454 3645 2508 δὲ
3664 2453 3735 2507 τὸν

2224 2539 2393 2593 τόπον
2405 2540 2609 2611 ἐρημίᾳ
2629 2539 3019 2610 παραδεδόσθαι
3046 2541 3148 2606 ἔτι,
3172 2543 3339 2613 μηθὲν
3364 2545 3508 2615 ὑμῶν
3526 2546 3596 2606 εἰς
3616 2544 3733 2595 οἰκοο

2225 2628 2392 2699 δομὴν
2427 2630 2588 2683 αὑτοῦ
2639 2629 2861 2699 ποιῆσαι
2906 2631 3157 2697 καθάπαξ
3184 2633 3467 2705 ἑλομένων.
3504 2653 3520 2686 ι
3550 2635 3645 2688 Καὶ
3660 2633 3734 2687 νῦν

2226 2720 2349 2774 τάδε
2384 2720 2527 2788 λέγει
2548 2721 2747 2794 Κύριος
2769 2726 3187 2797 παντοκράτωρσ
3216 2726 3417 2791 Τάξατε
3444 2725 3534 2789 τὰς
3553 2724 3735 2796 καρδίας

2228 2807 2378 2877 ὑμῶν
2437 2808 2636 2872 εἰςτὰς
2671 2811 2821 2875 ὁδοὺς
2875 2812 3049 2883 ὑμῶν.
3090 2832 3108 2864 ι
3161 2811 3583 2881 Ἀναλογίσασθε,
3610 2809 3734 2879 φησὶν

2226 2899 2294 2952 τά
2330 2898 2450 2953 καθ’
2479 2899 2703 2967 ἑαυτοὺς
2728 2905 2821 2957 καὶ
2861 2904 3192 2975 δοκιμάσατε
3247 2906 3343 2975 μὲν
3382 2904 3415 2958 ἃ
3446 2904 3736 2974 πεπράχατε,

2226 2987 2319 3043 τοῦ
2344 2988 2473 3044 ναοῦ
2521 2994 3069 3065 ηταρῤᾳθυμοῦντες
3100 2994 3193 3048 τοῦ
3245 2995 3407 3060 θείου,
3434 2995 3543 3048 τίνα
3569 2994 3616 3046 δὲ
3638 2992 3736 3063 ὑμῖν

2227 3082 2291 3133 ἐκ
2314 3080 2501 3135 τούτου
2525 3082 2885 3155 συμϐέϐηκεν.
2924 3083 3159 3155 Εὔδηλον
3188 3085 3301 3157 γὰρ
3323 3088 3401 3140 ὅτι
3433 3086 3574 3148 ὁδοὺς
3595 3081 3735 3137 αὐτῶν

2223 3170 2325 3234 τὰς
2362 3169 2586 3241 πράξεις
2615 3173 2793 3227 αὐτῶν
2824 3172 2995 3238 καλεῖ,
3027 3173 3213 3237 καθὼς
3243 3175 3444 3230 εἴωθεν.

2297 3262 2444 3331 Στίχ.
2476 3269 2631 3333 ς’-η’.
2678 3292 2748 3304 --
2785 3259 2918 3318 Εἶτα
2940 3265 3127 3334 λέγει·
3182 3285 3203 3318 ι
3253 3265 3560 3337 Ἐσπείρατε
3584 3260 3736 3326 πολλὰ,

572 3369 627 3417 et
655 3361 917 3416 intulistis
946 3375 1121 3431 pauca
1148 3380 1161 3414 :
1192 3361 1525 3426 comedistis,
1547 3372 1599 3417 et
1625 3378 1735 3418 non
1769 3365 1835 3420 ad
1868 3368 2122 3422 saturita-

2228 3355 2321 3407 καὶ
2338 3355 2688 3424 εἰσηνέγκατε
2706 3356 2877 3425 όλίγω
2908 3357 3161 3427 ἐφάγετε,
3192 3360 3291 3413 καὶ¹
3318 3360 3415 3413 οὐκ
3441 3361 3515 3423 εἰς
3538 3358 3737 3428 πλησμο-

574 3462 681 3509 tem
710 3467 726 3505 :
764 3452 999 3519 bibistis,
1027 3461 1081 3508 et
1106 3468 1214 3507 non
1239 3452 1307 3507 ad
1333 3454 1650 3512 ebrietatem
1676 3474 1690 3510 :
1724 3456 1979 3514 induistis
2008 3476 2123 3524 vos,

570 3554 625 3601 et
650 3558 759 3600 non
789 3544 926 3600 estis
958 3545 1209 3599 calefacti
1245 3545 1299 3599 in
1334 3546 1413 3601 eis
1438 3563 1451 3600 :
1486 3558 1539 3602 et
1569 3549 1663 3617 qui
1693 3550 1971 3607 mercedes
1998 3567 2129 3607 con-

570 3640 864 3711 gregabat,
898 3642 1240 3695 coacervavit
1261 3656 1355 3695 eas
1377 3640 1434 3694 in
1464 3643 1738 3697 sacculum
1767 3652 2069 3714 pertusum.
2100 3666 2121 3700 ι

569 3731 966 3796 Considerate,
1018 3733 1074 3787 in
1119 3741 1378 3800 quantam
1433 3746 1628 3790 vestrae
1681 3736 1907 3807 ignaviae
1958 3754 2127 3794 causa

572 3818 902 3880 deveneritis
931 3834 1228 3896 egestatem
1260 3835 1313 3883 et
1337 3828 1414 3882 rei
1446 3830 1770 3884 necessariae
1796 3832 2082 3899 penuriam
2110 3850 2122 3885 :

577 3914 652 3968 ita
683 3925 746 3969 ut
772 3916 841 3971 de
871 3919 1061 3976 multis
1092 3921 1396 3976 seminibus
1429 3923 1684 3992 exiguum
1716 3922 1956 3976 fructum
2007 3924 2124 3977 col-

577 4003 845 4074 legeritis.
879 4016 933 4060 et
970 4024 1147 4079 neque
1186 4027 1312 4066 esca
1358 4028 1533 4081 neque
1577 4021 1704 4082 potu
1751 4029 1927 4084 neque
1956 4015 2124 4069 vesti-

577 4103 757 4149 mento
790 4097 925 4151 satis
962 4096 1067 4151 frui
1105 4103 1424 4169 potueritis,
1468 4119 1643 4173 neque
1681 4113 1965 4174 urgentem
1995 4121 2124 4177 ege-

572 4193 767 4242 statem
798 4187 1033 4254 satiare,
1068 4191 1195 4259 quia
1232 4193 1385 4247 vobis
1434 4194 1744 4249 necessaria
1791 4197 1968 4250 omnia
2026 4199 2122 4252 de-

573 4274 812 4330 fuerunt.
858 4276 998 4332 Hinc
1029 4281 1192 4332 etiam
1237 4283 1529 4351 pensiones
1578 4292 1805 4349 vestrm,
1856 4295 2124 4357 quotquot

573 4364 819 4420 locandis
848 4368 994 4437 agris
1023 4369 1105 4422 vel
1155 4371 1279 4425 aliis
1313 4371 1630 4440 hujusmodi
1660 4379 2078 4444 eomparavistis
2101 4420 2117 4445 ,

572 4452 640 4504 ad
674 4454 904 4509 nihilum
937 4458 1169 4513 redacta!
1211 4460 1432 4513 fuerunt
1465 4480 1475 4515 :
1512 4464 1710 4516 etenim
1754 4466 2123 4534 pessumdatis

572 4542 839 4599 fructibus
872 4587 886 4609 ,
923 4564 991 4602 ne
1030 4552 1320 4619 pensiones
1360 4551 1577 4620 quidem
1615 4568 1643 4605 a
1685 4556 2120 4625 redemptoribus

571 4632 689 4686 dari
727 4637 1018 4702 potuerint.
1075 4637 1227 4694 Sicut
1253 4650 1451 4707 jautem
1484 4643 1537 4695 in
1569 4659 1827 4699 crumena
1857 4657 1950 4702 aut
1985 4665 2120 4717 pan-

2229 3451 2354 3519 νην·
2392 3449 2608 3513 ὲπίετε,
2651 3450 2746 3503 καὶ
2775 3450 2876 3502 οὐκ
2908 3451 2988 3513 εἰς
3018 3451 3209 3521 μέθην·
3258 3450 3642 3523 περιεϐάλεσθε,
3666 3446 3740 3500 καὶ

2227 3542 2327 3595 οὐκ
2355 3541 2724 3614 ἐθερμάνθητε
2755 3544 2812 3597 ἐν
2843 3543 3043 3607 αὐτοῖς·
3078 3546 3172 3598 καὶ
3197 3548 3229 3600 ὁ
3258 3548 3383 3611 τοὺς
3410 3544 3614 3617 μισθοὺς
3639 3558 3738 3595 συν·-

2230 3635 2409 3703 άγων,
2462 3638 2762 3704 συνήγαγεν
2795 3639 2874 3701 εἰς
2914 3637 3111 3708 δεσμὸν
3140 3637 3563 3708 τετρυπημένον.
3587 3655 3605 3689 ι
3648 3633 3741 3686 Ἐν-

2227 3730 2453 3798 νοήσατε
2481 3728 2590 3799 γάρ
2614 3729 2671 3781 ὲν
2697 3730 2795 3800 ὅσῃ
2836 3729 2924 3783 διὰ
2962 3730 3059 3801 τὴν
3111 3729 3385 3801 ρᾳθυμίαν
3415 3729 3614 3797 ἐκείνην
3637 3740 3740 3779 κατι

2227 3820 2418 3889 ἐστητε
2445 3820 2619 3891 ἐνδείᾳ
2646 3838 2704 3873 τε
2738 3822 2831 3874 καὶ
2864 3823 3054 3875 σπάνει
3080 3821 3186 3874 τῶν
3211 3822 3520 3892 ἀναγκαίων
3538 3837 3549 3852 ·
3573 3819 3637 3882 ὼς
3658 3814 3742 3870 ἀπὸ

2227 3911 2433 3964 πολλῶν
2483 3914 2581 3982 μὲν
2628 3912 2954 3983 σπερμάτων
2987 3913 3190 3985 βραχὺν
3237 3914 3507 3983 συλλέγειν
3547 3907 3737 3982 καρπὸν,

2228 4003 2515 4057 ἀπολαύειν
2560 4005 2616 4057 δὲ
2648 4004 2723 4075 μὴ
2754 4005 2979 4076 τροφῆς,
3014 4006 3087 4075 μὴ
3131 4007 3319 4070 πότου,
3358 4005 3431 4076 μὴ
3476 4002 3742 4073 ἐνδυμάτων

2226 4094 2362 4166 πρὸς
2397 4096 2553 4165 κόρον
2584 4096 2679 4164 τῆς
2710 4095 3135 4167 κατεπειγούσης
3162 4098 3355 4168 χρείας
3379 4139 3395 4165 ,
3444 4097 3532 4151 ἅτε
3561 4094 3741 4147 πάντων

2226 4186 2595 4250 σπανιζόντων
2622 4188 2748 4257 ύμῖν
2775 4186 2883 4240 τῶν
2908 4189 3239 4257 ἀναγκαίων.
3280 4190 3374 4243 Ἐκ
3398 4189 3454 4242 δὲ
3482 4187 3651 4241 τούτου
3667 4179 3743 4235 καὶ

2223 4277 2293 4330 τὰ
2343 4277 2665 4349 μισθώματα
2718 4279 2864 4349 ὑμῖν,
2917 4280 2991 4343 ὡς
3038 4280 3202 4345 εἰκὸς,
3250 4282 3459 4352 ὅσαπερ
3515 4271 3741 4330 ἐποιεῖσθε

2226 4370 2427 4439 ἀγρούς
2454 4386 2514 4422 τε
2552 4370 2965 4439 ἐκμισθοῦντες,
3009 4372 3104 4425 καὶ
3128 4371 3307 4424 ὁπόσα
3348 4373 3411 4441 δὴ
3451 4368 3655 4423 τοιαῦτα
3681 4363 3743 4423 εἰς

2221 4462 2372 4515 οὐδὲν
2414 4462 2623 4530 ἐγίνετο
2654 4463 2841 4532 ὄφελος
2862 4479 2874 4492 ·
2926 4463 3110 4533 ἐπειδὴ
3153 4463 3260 4515 τῶν
3289 4463 3515 4533 καρπῶν
3545 4455 3743 4514 ἀπολλυ-

2226 4554 2419 4624 μένων,
2449 4554 2569 4606 ούδὲ
2594 4554 2662 4607 τὰ
2689 4553 3012 4625 μισθώματα
3045 4556 3171 4624 ὑμῖν
3198 4555 3352 4627 παρά
3374 4555 3481 4607 τῶν
3508 4546 3744 4620 ἐκλαμϐα-

2222 4644 2417 4696 νόντων
2446 4642 2711 4697 τελεῖσθαι
2753 4644 2971 4696 δυνατὸν
3015 4643 3277 4714 ὑπῆρχεν.
3325 4647 3396 4713 (p.
3419 4643 3539 4711 416)
3569 4640 3742 4701 Ὥσπερ

573 4725 751 4780 nieulo
780 4735 873 4779 aut
913 4730 1109 4796 quovis
1140 4732 1247 4786 alio
1283 4733 1599 4799 involucra,
1646 4737 1786 4805 quod
1836 4748 2116 4807 pertusum

2224 4734 2277 4787 δὲ
2309 4735 2367 4786 ἐν
2395 4731 2659 4805 βαλαντίῳ
2691 4736 2723 4806 ἦ
2756 4736 2910 4806 ῥάκει
2938 4736 2971 4805 ἦ
2996 4752 3098 4787 τινι
3129 4735 3262 4796 ὅλως
3295 4734 3580 4802 ἀποδέσμῳ
3606 4730 3649 4781 εἰ
3670 4741 3742 4777 τε·

572 4816 766 4880 fuerit,
802 4821 1116 4874 coacervari
1149 4833 1430 4893 argentum
1462 4827 1649 4895 nequit
1678 4866 1691 4889 ,
1725 4827 1869 4895 quod
1899 4830 2124 4885 omnino

569 4909 814 4964 elllueret
857 4924 920 4962 ac
951 4910 1173 4979 periret,
1215 4914 1297 4967 sic
1334 4919 1500 4969 etiam
1537 4917 1891 4985 pereuntibus
1930 4917 2123 4974 fructi-

573 5000 709 5064 bus,
758 5006 969 5054 vestras
1005 5013 1222 5068 quoque
1273 5004 1569 5070 pensiones
1615 5002 1863 5072 deperire
1895 5019 2122 5060 necesse

572 5090 693 5144 fuit.
722 5110 741 5141 ι
766 5090 891 5145 llaec
922 5091 998 5145 ait
1024 5090 1285 5146 Dominus
1306 5094 1651 5164 omnipotens
1682 5114 1694 5147 :
1728 5093 1920 5149 Ponite
1948 5094 2116 5148 corda

570 5188 752 5233 vestra
782 5180 849 5236 ad
882 5180 1001 5237 vias
1041 5188 1297 5237 vestras:
1337 5185 1618 5240 ascendite
1660 5186 1712 5239 in
1760 5193 1999 5239 montem
2025 5227 2040 5250 ,
2069 5195 2123 5239 et

568 5271 849 5340 praecidite
874 5274 1053 5344 ligna,
1083 5282 1139 5330 et
1166 5273 1375 5330 deferte
1394 5315 1409 5338 ,
1442 5291 1506 5332 ac
1533 5279 1794 5347 templum
1826 5277 2111 5343 azdificate,

567 5367 622 5413 et
648 5360 963 5416 delectabar
989 5364 1046 5419 in
1074 5380 1139 5421 eo
1161 5406 1177 5430 ,
1205 5375 1261 5420 et
1285 5365 1651 5437 glorificabor,
1682 5367 1759 5421 ait
1787 5367 2070 5424 Dominus.
2098 5386 2117 5420 ι

569 5448 662 5504 Eia
699 5465 833 5522 ergo
865 5450 982 5507 haec
1015 5466 1361 5525 reputantes,
1395 5457 1557 5512 facite
1583 5474 1703 5526 qua:
1735 5459 2003 5514 hactenus
2030 5475 2125 5515 ne-

2218 4825 2564 4897 τρυπημένον
2604 4826 2708 4897 εἴη,
2740 4827 3088 4895 συλλέγεσθαι
3128 4826 3393 4898 ἀργύριον
3417 4822 3650 4893 οὐδαμῶς
3670 4818 3741 4869 δυ’

2219 4916 2724 4983 νατὸν,διεκπίπτον
2753 4920 2845 4972 καὶ
2871 4919 3235 4988 ἀπολλύμενον
3267 4919 3502 4982 πάντως,
3518 4914 3673 4972 οὕτως
3688 4908 3740 4976 τῇ

2219 5006 2326 5059 τῶν
2361 5006 2583 5077 καρπῶν
2617 5007 2859 5079 ἀπωλείᾳ
2893 5008 2985 5061 καὶ
3021 5007 3089 5060 τὰ
3122 5005 3453 5077 μισθώματα
3493 5004 3612 5074 ὑμῖν
3644 5013 3744 5051 συν-

2219 5098 2619 5168 διαφθείρεσθαι
2648 5099 2939 5167 ἀναγκαῖον
2967 5100 3229 5170 ὑπῆρχεν.
3271 5116 3289 5149 ι
3318 5098 3458 5150 Τάδε
3484 5095 3621 5162 λέγει
3654 5085 3745 5142 K6-

2227 5206 2338 5260 ριος
2370 5190 2761 5261 παντοκράτωρ
2781 5207 2793 5220 ο
2827 5190 2992 5243 Θέσθε
3015 5189 3114 5253 τάς
3142 5191 3370 5261 καρδίας
3400 5188 3549 5259 ὑμῶν
3572 5186 3639 5245 εἰς
3664 5178 3745 5236 τὰς

2220 5278 2373 5340 ὀδοὺς
2402 5278 2552 5348 ὑμῶν
2570 5293 2581 5305 ·
2618 5279 2848 5348 ἀνάϐητε
2879 5280 2971 5333 ἐπὶ
3000 5280 3060 5333 τὸ
3091 5280 3238 5353 δρος,
3270 5281 3365 5334 καὶ
3394 5279 3591 5347 κόψατε
3617 5270 3743 5337 ξύλα.

2221 5370 2313 5421 καί⁴
2341 5367 2541 5433 οῐσατε,
2568 5372 2662 5423 καὶ
2690 5372 3077 5443 οἰκοδομήσατε
3104 5371 3271 5437 οἶκον,
3299 5373 3392 5425 καὶ
3421 5369 3678 5439 εὐδοκήσω
3700 5362 3746 5412 ἐν

2221 5458 2370 5529 αὑτῷ
2401 5460 2495 5513 καὶ
2523 5460 2995 5532 ἐνδοξασθήσομαι,
3027 5458 3147 5515 εἶπε
3181 5462 3403 5532 Κύριος.
3437 5480 3456 5514 ι
3496 5454 3644 5512 Ἀλλὰ
3659 5449 3747 5518 γὰρ

569 5542 851 5610 glexistis,
886 5544 1049 5617 274.
1078 5555 1133 5602 et
1159 5548 1229 5605 de
1261 5550 1463 5620 templo
1508 5551 1844 5617 exstruendo
1900 5552 2118 5607 solliciti

2224 5547 2393 5631 ταῦτα
2420 5549 2885 5621 ἀναλογισάμενοι,
2918 5552 3277 5625 διορθώσασθε
3309 5552 3410 5623 μὲν
3434 5552 3502 5605 τὰ
3529 5549 3616 5603 νῦν
3641 5538 3748 5613 παρ’

568 5641 777 5704 estote,
813 5635 958 5707 ligna
995 5639 1353 5709 praeidentes
1374 5681 1390 5706 ,
1422 5655 1487 5698 ac
1524 5642 1734 5713 reliqua
1769 5643 2117 5700 aediﬁcationi

2225 5639 2255 5692 ὑ
2263 5640 2379 5710 μῶν
2400 5640 2764 5712 ἀμελούμενα,
2791 5644 2886 5697 καὶ
2909 5646 3228 5715 φροντίσατε
3255 5647 3353 5717 τῆς
3378 5640 3654 5713 οἰκοδομῆς
3668 5635 3747 5689 τοῦ

570 5734 762 5784 Idonea
811 5730 983 5787 multo
1029 5734 1367 5791 cumanimi
1415 5735 1627 5793 fervore
1673 5744 1957 5803 parantes.
2002 5734 2119 5804 Ego

2224 5730 2351 5788 ναοῦ
2372 5748 2389 5768 ·
2424 5731 2556 5800 ξύλα
2586 5750 2646 5787 τε
2676 5734 3016 5808 ἐκτεμόντες,
3043 5739 3138 5793 καὶ
3161 5739 3231 5794 τὰ
3259 5737 3423 5793 λοιπὰ
3456 5736 3519 5808 δὴ
3546 5734 3610 5789 τὰ
3635 5726 3747 5801 πρὸς
