3992 6232
219 308 319 369 ιδι

1206 295 1758 357 COMMENTARIUS
1818 290 1885 347 IN
1956 273 2192 350 Αᾶωει
2229 295 2380 350 ese.
2413 296 2450 349 ι.

3347 290 3450 346 ιεξ

220 430 317 497 τὴν
341 422 632 493 οἰκοδομὴν
662 421 939 491 ἐπιτήδεια
983 417 1119 489 μετά
1152 417 1353 486 πολλῆς
1382 414 1788 482 εἰσενέγκαντες

1905 423 2021 463 vero
2058 409 2304 463 vicissim
2351 409 2455 462 hoc
2493 414 2675 461 vestro
2707 405 2895 476 templi
2936 406 3165 461 aedilicio
3203 407 3445 464 delectaa

218 520 319 588 τῆς
346 516 656 587 προθυμίας
677 530 692 545 ’
741 512 991 583 ἀρεσθεὶς
1022 510 1079 563 δὲ
1111 510 1206 563 καὶ
1237 508 1397 571 αὐτὸς
1425 508 1491 577 τῇ
1520 502 1788 574 γενομένῃ

222 612 354 679 παρ’
390 608 541 678 ὑμῶν
580 604 836 674 οἰκοδομῇ
864 601 957 655 τοῦ
980 601 1130 663 ναοῦ,
1159 600 1378 653 τοιαῦτα
1408 600 1487 661 είς
1519 596 1790 668 ὑμετέραν

219 700 537 772 εὐεργεσίαν
561 697 885 767 ἐργάσομαι,
914 694 948 747 ἂ
982 693 1130 763 παρὰ
1157 692 1287 743 πᾶσί
1322 707 1386 759 με
1415 688 1628 755 ποιήσει
1653 686 1790 751 γνώ-

223 810 404 864 ριμον,
434 791 508 853 ὡς
536 790 769 860 μέγιστα
800 788 923 847 τοὺς
968 784 1146 853 εὐνοίᾳ
1180 799 1267 853 μοι
1300 780 1576 833 πείθεσθαι
1609 777 1791 847 βουλο-

223 886 421 956 μένους
446 882 741 951 δυνάμενον
769 878 1018 945 ὠφελεῖν.

291 974 441 1041 Στίχ.
472 972 636 1024 θ’-ια’.
679 998 734 1009 -—
782 962 913 1019 Εἶτα
940 964 1100 1018 πάλιν
1136 963 1562 1033 ὑπομιμνήσκων
1594 960 1791 1020 αὐτοὺς

216 1057 295 1121 ὧν
320 1065 383 1117 τό
412 1065 675 1132 πρότερον
714 1058 801 1111 διὰ
833 1058 929 1126 τὴν
963 1056 1228 1126 ῥᾳθυμίαν
1257 1053 1545 1123 ὑπέμενον,
1586 1051 1680 1104 καὶ
1710 1051 1786 1101 εἰ·

215 1156 360 1222 πὼν,
413 1173 431 1204 ‹
457 1151 822 1219 Ἐπεϐλὲᾠατε
865 1150 942 1211 είς
985 1147 1188 1209 πολλὰ,
1230 1147 1325 1199 καὶ¹
1368 1145 1581 1213 ἐγένετο
1612 1142 1789 1209 ὀλίγα,

214 1250 314 1304 καὶ
339 1246 629 1317 εἰσηνέχθη
668 1245 746 1305 είς
777 1242 867 1293 τὸν
892 1237 1060 1305 οἶκον,
1105 1238 1196 1291 καὶ
1229 1236 1534 1306 ἐξεφύσησα
1575 1235 1730 1288 αὑτά.
1767 1252 1783 1282 ι

216 1344 335 1397 ἰνα
356 1341 488 1410 εἴπῃ
502 1341 604 1391 ὅτιο
624 1337 761 1389 Οὔτε
779 1336 903 1397 τοὺς
919 1333 1161 1405 καρποὺς
1185 1333 1311 1401 ὑμῖν
1328 1332 1391 1383 ἐκ
1417 1329 1516 1399 τῆς
1531 1328 1635 1397 γῆς
1651 1344 1791 1398 παρ-

215 1432 436 1503 έχεσθαι
474 1430 636 1482 εἴωνο
672 1427 765 1480 καὶ
792 1425 863 1477 τὰ
897 1424 1154 1477 δοκοῦντα
1192 1422 1469 1490 γίνεσθαι,
1504 1418 1788 1472 ἀπόλλυον.

224 1523 462 1593 Ἑτέρως
509 1518 740 1584 ἐπάγει·
803 1533 822 1565 ι
860 1514 957 1566 Διὰ.
997 1512 1153 1565 τοῦτο
1202 1511 1326 1564 τάδε
1386 1510 1530 1577 λέγει
1590 1508 1791 1578 Κύριος

215 1609 616 1680 παντοκράτωρ
638 1648 653 1670 ,
698 1605 718 1674 (
734 1622 786 1675 p.
814 1604 913 1657 M7
940 1603 956 1674 )
984 1602 1122 1655 Ἀνθ’
1148 1594 1222 1654 ὧν
1251 1602 1280 1653 6
1310 1597 1457 1661 οἶκός
1502 1615 1603 1668 μου
1645 1598 1792 1648 ἐστὶν

220 1703 623 1776 ἔρημος,ὑμείς
648 1700 705 1751 δέ
730 1697 949 1751 διώκετε
970 1696 1197 1756 ἕκαστος
1219 1695 1297 1755 είς
1326 1692 1414 1744 τὸν
1437 1687 1582 1743 οἶκον
1603 1687 1788 1751 αὑτοῦ,

221 1797 312 1849 διὰ
355 1796 509 1847 τοῦτο
554 1791 730 1854 άνέξει
779 1792 807 1842 6
852 1787 1077 1858 οὑρανδς
1123 1785 1229 1837 ἀπὸ
1255 1783 1480 1854 δρόσου,
1522 1781 1615 1833 καὶ
1655 1779 1787 1850 ὴγῆ

222 1888 488 1940 στελεῖται
528 1885 593 1936 τὰ
623 1882 853 1952 ἐκφόρια
894 1879 1064 1945 αὑτῆς
1110 1880 1195 1946 ἐφ’
1232 1877 1374 1946 ὑμᾶς
1398 1891 1411 1905 ⁸
1466 1875 1559 1927 καὶ
1606 1872 1791 1937 ἐπάξω

222 1979 496 2052 ῥομφαίαν
539 1976 630 2028 ἐπὶ
658 1975 756 2044 τὴν
781 1974 903 2041 γῆν,
941 1972 1033 2025 καὶ
1068 1970 1160 2023 ἐπὶ
1192 1968 1259 2021 τὰ
1286 1968 1408 2039 ὅρη,
1446 1967 1538 2020 καὶ
1576 1966 1667 2017 ἐπὶ
1698 1965 1789 2017 τὸν

221 2077 387 2134 σῖτον,
420 2072 515 2122 καὶ
554 2069 644 2121 ἐπὶ
677 2060 957 2127 τὸν,οἷνον,
988 2062 1082 2116 καλ⁵
1114 2061 1205 2113 ἐπὶ
1235 2060 1295 2112 τὸ
1332 2058 1528 2133 ἔλαιον,
1567 2057 1659 2109 καὶ
1700 2058 1791 2107 ἐπί

220 2165 397 2218 πάντα
429 2163 533 2213 ὅσα
577 2157 798 2228 ἐκφέρει
839 2157 872 2225 ὴ
904 2154 997 2222 γῆ,
1029 2152 1121 2205 καὶ
1160 2152 1251 2203 ἐπὶ
1283 2151 1409 2211 τοὺς
1450 2147 1787 2217 ἀνθρώπους,

219 2258 312 2311 καὶ
348 2256 447 2308 ἐπὶ
475 2253 546 2305 τὰ
579 2252 775 2321 κτήνη,
806 2248 900 2301 καὶ
932 2247 1026 2299 ἐπὶ
1055 2245 1260 2306 πάντας
1292 2244 1416 2305 τοὺς
1459 2242 1651 2303 πόνους
1683 2240 1791 2291 τῶν

220 2347 414 2418 χειρῶν
447 2340 652 2397 αὑτῶν.
695 2358 712 2390 ι
756 2335 1011 2390 Βοὺλεται
1051 2334 1107 2386 δὲ
1137 2333 1223 2385 διὰ
1250 2330 1452 2383 τούτων
1490 2329 1686 2390 αὑτοὺς
1717 2321 1792 2380 ὧν

222 2436 552 2507 ἀμελοῦντες
600 2429 697 2483 τοῦ
732 2428 861 2482 ναοῦ
907 2425 1238 2479 πεπόνθεσαν
1282 2419 1609 2489 ὑπομνῆσαι.
1662 2418 1793 2469 Ὅτε

221 2530 345 2601 γὰρ,
376 2528 536 2598 φησι,
567 2524 658 2577 τὸν
694 2517 843 2574 οἷκον
870 2517 961 2570 τὸν
991 2516 1120 2587 ἐμὸν
1151 2516 1208 2567 ἐν
1238 2512 1444 2584 ἐρημίᾳ
1468 2510 1797 2579 τυγχάνοντα

221 2621 613 2694 περιορῶντες,
648 2616 778 2687 περὶ
818 2615 916 2684 τὴν
942 2609 1227 2681 οἰκοδομὴν
1254 2608 1361 2662 τῶν
1403 2605 1566 2659 οἴκων
1598 2606 1796 2657 ἐσπου-

223 2715 407 2779 δάζετε
444 2711 556 2763 τῶν
593 2709 758 2771 ἰδίων,
798 2706 939 2769 τότε,
972 2704 1154 2773 φησιν,
1184 2702 1213 2755 ὃ
1257 2718 1317 2753 τε
1347 2698 1501 2762 ὑετὸς
1529 2696 1793 2765 ἐπείχετο,

223 2810 315 2861 καὶ
359 2808 394 2877 ἡ
445 2805 519 2874 γῆ
570 2802 660 2855 τὸν
703 2798 913 2871 καρπὸν
940 2798 1037 2851 οὑκ
1070 2795 1277 2857 ἐδίδου,
1318 2793 1412 2845 καλ⁵
1460 2791 1646 2860 ὥσπερ
1693 2789 1799 2841 τινὶ⁵

227 2902 366 2970 ξίφει
416 2898 628 2957 πάντας
666 2894 792 2955 τοὺς
836 2890 927 2942 ἐπὶ
966 2892 1063 2960 τῆς
1096 2888 1199 2956 γῆς
1228 2884 1485 2955 ἠφάνιζον
1530 2882 1794 2953 καρποὺς,

226 2993 533 3062 ἁπτόμενος
586 2986 681 3040 καὶ
734 2981 1034 3053 ἀνθρώπων
1086 2979 1179 3032 καὶ
1238 2976 1464 3062 κτηνῶνΔ
1500 2972 1758 3035 πολλάκις
1782 3014 1796 3037 ,

1891 509 2015 565 tus,
2051 514 2113 554 ea
2148 500 2303 555 vobis
2343 498 2608 554 beneficia
2644 498 2959 563 conferam,
2993 514 3113 569 qua:
3145 513 3231 555 me
3267 501 3444 571 palam

1891 593 2215 656 ostendent,
2269 593 2394 647 illos
2429 595 2663 648 maxime
2692 594 2886 664 juvare
2915 596 3182 650 valentem
3220 596 3311 666 qui
3352 596 3451 651 be-

1892 686 2085 739 nevolo
2104 685 2370 755 obsequio
2403 686 2532 739 mihi
2568 686 2850 740 obediunt.

1962 963 2130 1016 Vsus.
2174 963 2325 1017 9-H.
2362 991 2427 1001 --—
2462 961 2675 1018 Rursus
2731 976 2918 1034 postea
2977 982 3447 1035 commemorans,

1891 1070 2011 1123 qua:
2052 1063 2209 1107 antea
2268 1065 2485 1123 propter
2536 1072 2689 1109 suam
2735 1058 3023 1126 segnitiem
3066 1062 3447 1129 pertulerunt,

1891 1147 2004 1198 ait:
2040 1162 2058 1195 ι
2091 1144 2429 1214 Respexistis
2454 1145 2519 1198 ad
2566 1148 2753 1213 multa,
2789 1158 2841 1201 et
2884 1149 3025 1202 facta
3065 1161 3195 1205 sunt
3236 1168 3405 1222 pauca
3432 1196 3445 1219 ,

1890 1243 1943 1290 et
1974 1236 2121 1288 illata
2150 1247 2278 1289 sunt
2308 1237 2361 1288 in
2391 1236 2650 1301 domum,
2685 1246 2739 1292 et
2769 1238 3049 1293 exsulilavi
3080 1257 3164 1297 ea.
3198 1262 3215 1293 ι
3247 1243 3300 1297 Id
3328 1255 3411 1299 est
3432 1286 3446 1309 ,

1896 1325 1974 1379 Ne
2005 1328 2187 1395 fruges
2216 1328 2433 1395 quidem
2461 1328 2661 1381 vobisa
2689 1338 2830 1382 terra
2863 1332 3199 1399 suppeditari
3224 1334 3325 1387 sivi
3355 1353 3368 1387 :
3397 1342 3451 1388 ct

1892 1432 2012 1484 quae
2042 1425 2180 1470 nata»:
2213 1418 2557 1480 videbantur,
2587 1434 2680 1473 cas
2710 1423 3082 1488 pessumdedi.
3109 1422 3247 1477 Tum
3275 1432 3450 1497 pergit

1894 1508 2074 1562 dicere
2104 1528 2114 1561 :
2149 1528 2165 1558 ‹
2189 1509 2483 1578 Propterea
2517 1511 2628 1563 haec
2661 1513 2736 1564 ait
2767 1511 3030 1568 Dominus
3060 1517 3405 1586 omnipotens
3434 1560 3446 1573 .

1899 1593 2035 1659 Quia
2050 1594 2245 1649 domus
2265 1610 2380 1650 mea
2422 1598 2634 1654 deserta
2662 1610 2779 1665 est,
2808 1618 2903 1658 vos
2936 1613 3116 1658 autem
3147 1612 3451 1677 properatis

1893 1691 2265 1760 unusquisque
2288 1692 2340 1743 in
2366 1692 2633 1762 propriam
2660 1694 2905 1757 domum,
2928 1695 3133 1750 idcirco
3158 1699 3451 1754 abstinebit

1895 1782 2094 1832 cmlum
2132 1796 2159 1831 a
2193 1796 2350 1843 rore,
2402 1792 2454 1835 et
2505 1792 2648 1836 terra
2702 1786 2988 1841 subtrahet
3034 1791 3448 1856 procreationes

1896 1886 2025 1926 suas
2054 1874 2227 1926 vobis.
2262 1872 2325 1925 Et
2358 1875 2612 1927 inducam
2660 1876 2896 1945 gladium
2941 1894 3109 1948 super
3139 1890 3369 1943 terram.
3400 1891 3456 1937 et

1894 1979 2057 2033 super
2088 1977 2299 2021 montes
2322 2006 2336 2030 ,
2366 1979 2419 2022 et
2449 1983 2615 2038 super
2642 1970 2914 2035 triticum,
2945 1981 2998 2027 et
3034 1989 3199 2045 super
3228 1976 3409 2030 vinum
3437 2016 3452 2041 ,

1893 2064 1946 2109 et
1980 2072 2150 2125 super
2180 2059 2399 2124 oleum,
2436 2070 2490 2113 et
2523 2076 2689 2130 super
2721 2064 2903 2119 omnia
2952 2080 3073 2134 quae
3125 2067 3287 2122 tellus
3336 2084 3459 2137 ger-

1893 2150 2093 2213 minat,
2135 2161 2189 2207 et
2228 2169 2390 2222 super
2427 2155 2713 2222 homines,
2771 2165 2825 2212 et
2881 2175 3045 2229 super
3077 2159 3325 2228 iumenta
3349 2203 3365 2228 ,
3404 2175 3457 2219 et

1892 2241 2109 2296 labores
2136 2245 2409 2312 quoslibet
2440 2260 2698 2299 manuum
2738 2260 3067 2304 vestrarum.
3103 2270 3122 2302 ι
3150 2251 3246 2309 His
3276 2256 3458 2310 verbis

1892 2332 2009 2385 vult
2039 2335 2120 2387 eis
2154 2334 2209 2387 in
2244 2336 2562 2388 memoriam
2598 2352 2857 2392 revocare
2894 2356 3017 2409 qua:
3045 2342 3116 2396 ob
3150 2344 3456 2414 neglectum

1893 2425 2156 2494 templum
2209 2427 2352 2478 mala
2406 2429 2950 2495 pertuleranLDum
3006 2434 3188 2496 enim,
3243 2436 3457 2506 inquit,

1894 2513 2154 2582 templum
2206 2529 2383 2567 meum
2438 2514 2490 2567 in
2526 2516 2781 2570 vastitate
2824 2519 3008 2586 jacere
3051 2521 3332 2586 sinentes,
3368 2539 3461 2578 ve-

1895 2611 2131 2656 strarum
2164 2601 2358 2656 mdium
2389 2605 2744 2658 exstructioui
2775 2621 2996 2675 operam
3030 2608 3280 2673 dabatis;
3309 2620 3460 2679 tunc,

1898 2692 2100 2761 inquit,
2138 2692 2313 2747 imber
2342 2694 2651 2761 prohibitus
2681 2694 2803 2761 fuit,
2829 2698 2990 2752 tellus
3013 2698 3197 2770 fruges
3225 2704 3461 2773 negavit,

1897 2789 1950 2835 et
1982 2781 2217 2851 quodam
2252 2782 2420 2836 veluti
2453 2783 2637 2854 gladio
2665 2799 2896 2843 cunctos
2930 2804 3030 2859 ego
3058 2799 3216 2847 terrae
3250 2796 3464 2849 l‘ructus

1898 2873 2184 2940 destruxi,
2238 2874 2555 2930 hominibus
2607 2891 2827 2946 quoque
2877 2894 2941 2935 ac
2989 2879 3258 2951 iumentis
3315 2884 3461 2940 haud

1901 2982 2031 3021 raro
2083 2968 2408 3037 percussis;
2463 2971 2679 3025 cunctis
2728 2971 2995 3043 denique,
3041 2982 3099 3029 ut
3152 2980 3463 3032 summatim

228 3058 401 3140 πάντα
422 3098 487 3134 τε
518 3077 798 3146 συντόμως
828 3074 997 3125 εἰπεῖν
1018 3070 1250 3132 άπολλὺς
1270 3068 1408 3139 ὑπὲρ
1430 3059 1503 3119 ὧν
1533 3066 1795 3118 ἐπονεῖτε.

1905 3058 2079 3113 dicam
2102 3100 2116 3124 ,
2152 3060 2433 3113 laboribus
2464 3062 2659 3118 vestris
2693 3066 3081 3131 pessumdatis.
3112 3064 3232 3120 Jam
3265 3079 3465 3138 printer

240 3175 360 3228 Ἐπὶ
383 3173 496 3241 γὰρ
523 3172 593 3240 τῇ
625 3168 909 3237 προτροπῇ
935 3163 1028 3216 τοῦ
1061 3160 1326 3230 ἀναϐῆναι
1357 3160 1449 3213 καὶ
1483 3157 1645 3226 κόψαι
1670 3154 1798 3222 ξύλα

229 3268 471 3334 ἐνεγκεῖν
498 3279 558 3314 τε
604 3261 699 3313 καὶ
727 3256 1005 3329 φροντίσαι
1036 3255 1135 3324 τῆς
1164 3252 1468 3321 οἰκοδομῆς,
1491 3249 1662 3301 ταῦτα
1705 3250 1803 3299 ἐπ-

229 3362 426 3429 ήγαγε,
452 3356 522 3424 τῇ
558 3353 743 3422 μνήμῃ
793 3349 897 3401 τῶν
940 3345 1238 3415 γεγονότων
1267 3341 1445 3411 φοϐῶν
1488 3338 1681 3402 αὑτοὺς
1726 3337 1801 3408 μὴ

233 3451 493 3522 ὀᾳθὺμως
518 3442 774 3511 δέξασθαι
802 3440 862 3493 τὸ
892 3439 1192 3508 ἐπίταγμα.
1235 3434 1461 3502 Ἐπάγει
1489 3433 1620 3502 γοῦν
1644 3448 1657 3461 ·

300 3625 452 3693 Sail.
487 3619 670 3691 ιβ’-ιδ’.
701 3648 767 3657 -
812 3635 829 3666 ι
857 3615 1096 3668 Ἤκουσε
1125 3608 1426 3682 Ζοροϐάϐελ
1452 3610 1480 3661 6
1503 3605 1597 3660 τοῦ
1631 3606 1803 3659 Σαλα-

238 3716 352 3787 θιὴλ
383 3718 453 3768 ἐκ
488 3711 662 3782 φυλῆς
707 3707 897 3771 Ἰούδα,
929 3705 1024 3759 καὶ
1061 3701 1264 3775 Ἰησοῦς
1305 3704 1333 3754 6
1365 3699 1458 3753 τοῦ
1501 3697 1802 3787 Ἰωσεδὲκῗό

240 3803 413 3873 ἱερεὺς
445 3801 477 3853 6
508 3799 703 3870 μέγας,
745 3795 839 3848 καὶ
881 3794 1080 3854 πάντες
1111 3792 1160 3843 οἱ
1186 3790 1500 3843 κατάλοιποι
1523 3787 1616 3841 τοῦ
1652 3786 1802 3852 λαοῦ,

238 3894 333 3961 τῆς
357 3890 546 3959 φωνῆς
574 3887 781 3958 Κυρίου
806 3884 899 3938 τοῦ
929 3883 1063 3937 Θεοῦ
1106 3882 1305 3945 αὑτῶν,
1337 3881 1429 3934 καὶ
1476 3880 1581 3932 τῶν
1631 3879 1805 3944 λόγων

251 3985 507 4054 Ἀγγαίου
537 3980 632 4033 τοῦ
662 3980 963 4050 προφήτου,
1003 3977 1188 4030 καθότι
1226 3973 1604 4041 ἐξαπέστειλεν
1644 3971 1808 4023 αὑτὸν

240 4077 440 4148 Κύριος
472 4078 502 4128 6
547 4072 680 4135 Θεὸς
722 4070 900 4124 αὑτῶν
929 4068 1065 4141 πρὸς
1097 4068 1312 4130 αὑτοὺς,
1355 4067 1449 4119 καὶ
1494 4063 1733 4134 ἐφοϐήθη
1782 4065 1810 4116 6

240 4170 363 4233 λαὸς
386 4169 501 4223 ἀπὸ
531 4164 825 4237 προσώπου
855 4163 1078 4233 Κυρίου.
1114 4180 1131 4211 ι
1182 4160 1403 4221 Δεικνὺς
1450 4158 1529 4210 ὃτι
1577 4158 1675 4209 οὑκ
1715 4158 1809 4209 άν-

242 4262 470 4331 ωφελείς
499 4261 550 4311 οἱ
580 4258 726 4325 λόγοι
764 4255 1020 4324 γεγόνασι
1063 4253 1198 4323 πρὸς
1242 4252 1470 4313 αὑτοὺς,
1521 4249 1720 4312 πάντες
1752 4247 1811 4300 δέ

242 4357 336 4425 τὴν
378 4356 445 4405 ἐκ
492 4351 600 4403 τῶν
630 4348 933 4419 εἰρημένων
966 4344 1287 4415 φοϐηθέντες
1329 4341 1556 4411 ἀπειλὴν
1590 4339 1812 4392 ἕνευσαν

1905 3153 2346 3207 exhortationem
2402 3162 2458 3205 ut
2494 3153 2560 3207 ad
2595 3156 2941 3223 praecidenda
2978 3173 3041 3212 ac
3072 3159 3361 3214 deferenda
3402 3162 3470 3215 li-

1902 3259 2007 3313 gna
2038 3246 2399 3301 ascenderent
2424 3288 2439 3311 ,
2476 3256 2530 3300 et
2561 3248 2775 3302 aedilicii
2811 3266 2997 3305 curam
3041 3261 3323 3321 gererent,
3356 3255 3469 3309 haac

1904 3336 2147 3401 addidit,
2196 3338 2595 3408 praeteritorum
2647 3341 2908 3396 nimirum
2951 3346 3212 3399 memoria
3258 3356 3469 3404 terrens

1905 3430 2028 3485 illos
2054 3432 2348 3500 quominus
2382 3433 2624 3501 segniter
2655 3434 2965 3489 mandatum
2995 3437 3330 3505 exciperent.
3362 3438 3469 3492 Ad-

1906 3521 1985 3575 dit
2019 3522 2225 3592 igitur:

1976 3610 2142 3669 Vsns.
2185 3612 2371 3667 12-”.
2409 3647 2475 3656 —
2504 3635 2522 3667 ι
2565 3616 2634 3670 Et
2689 3617 2901 3672 audivit
2956 3618 3260 3675 Zorobabel
3315 3619 3470 3674 Sala-

1905 3706 2092 3762 thielis
2123 3707 2268 3763 lilius
2298 3709 2362 3762 de
2392 3709 2533 3763 tribu
2566 3708 2720 3764 Iudae
2743 3750 2758 3773 ,
2789 3718 2842 3766 et
2863 3709 3022 3766 Jesus
3052 3710 3297 3768 Josedeci
3325 3714 3470 3769 ﬁlius

1905 3798 2067 3870 275
2116 3800 2373 3856 sacerdos
2408 3816 2675 3871 magnus,
2717 3811 2770 3857 et
2807 3804 3002 3873 reliqui
3042 3820 3231 3860 omnes
3265 3806 3330 3860 de
3371 3821 3467 3876 po-

1906 3892 2067 3960 pulo,
2096 3906 2285 3947 vocem
2328 3891 2544 3946 Domini
2582 3891 2677 3949 Dei
2724 3897 2842 3959 sui,
2890 3904 2944 3949 et
2992 3911 3271 3951 sermones
3289 3899 3469 3966 Αεεωὶ

1909 3981 2218 4051 prophetae,
2246 3991 2405 4052 prout
2430 3986 2655 4040 miserat
2678 3999 2800 4039 eum
2829 3986 3085 4041 Dominus
3110 3985 3253 4041 Deus
3281 4002 3468 4040 eorum

1910 4071 1976 4125 ad
2036 4072 2217 4142 ipsos,
2265 4073 2555 4144 timuitque
2602 4076 2921 4145 populnsja
2971 4077 3112 4133 facie
3173 4077 3409 4133 Domini.
3446 4098 3463 4131 ι

1911 4162 2161 4217 Ostendit
2195 4165 2338 4219 haud
2372 4167 2606 4221 inaniter
2640 4166 2780 4222 facta
2815 4168 2980 4223 verba
3015 4168 3079 4224 ad
3118 4185 3213 4224 eos
3252 4169 3468 4235 fuisse;

1912 4256 2113 4311 etenim
2160 4260 2342 4312 cuncti
2386 4260 2896 4328 priedictas‘minas
2941 4271 3189 4317 verentes
3239 4264 3305 4318 ad
3354 4270 3469 4317 otii-

1914 4348 2061 4401 cium
2096 4350 2408 4404 redierant:
2448 4352 2521 4405 ita
2561 4360 2619 4405 ut
2659 4354 2859 4408 missus
2889 4368 2919 4407 a
2954 4352 3063 4408 Deo
3097 4354 3359 4423 propheta
3386 4356 3472 4409 di-

246 4448 377 4517 πρὸς
403 4447 468 4497 τὸ
500 4444 622 4496 δέον
648 4457 663 4470 ⁸
712 4444 788 4510 (p.
819 4440 943 4508 MR)
976 4437 1115 4491 ὥστε
1148 4436 1240 4489 καλ⁸
1266 4434 1635 4487 ἀποσταλέντα
1663 4429 1801 4502 ποιρὰ

1916 4439 2056 4491 xerit
2102 4440 2183 4493 eis
2212 4458 2223 4493 :
2252 4459 2270 4490 ι
2306 4439 2414 4510 Ego
2468 4443 2748 4497 vobiscum
2796 4458 2953 4508 sum,
3004 4445 3080 4497 ait
3132 4443 3418 4500 Dominus.
3449 4464 3468 4497 ι

245 4538 336 4592 τοῦ
362 4535 501 4590 Θεοῦ
534 4534 627 4587 τὸν
662 4533 945 4604 προφήτην
974 4532 1144 4582 εἰπεῖν
1180 4527 1316 4599 πρὸς
1344 4526 1558 4587 αὑτοὺς,
1615 4542 1632 4574 ι
1673 4522 1815 4590 Ἐγώ

250 4632 361 4701 εἰμι
394 4627 514 4700 μεθ’
549 4624 724 4695 ὑμῶν,
752 4624 900 4691 λέγει
936 4622 1157 4692 Κύριος.
1179 4639 1197 4671 ι
1263 4619 1349 4681 Ὠς
1387 4617 1451 4670 ἂν
1490 4616 1710 4681 δείξειεν
1734 4616 1814 4667 ὅτι

252 4724 365 4791 ἃμα
392 4717 755 4790 μετεϐάλοντο
796 4715 888 4768 τὸν
916 4715 1142 4784 τρόπον,
1176 4712 1269 4764 καὶ
1315 4711 1441 4782 περὶ
1481 4709 1582 4777 τὴν
1612 4708 1816 4759 οἰκοδο-

256 4815 359 4883 μὴν
384 4811 481 4865 τοῦ
510 4808 641 4862 ναοῦ
669 4806 767 4878 τὴν
798 4804 1029 4876 σπουδὴν
1060 4804 1213 4874 ἔσχον
1233 4843 1247 4866 ,
1292 4803 1387 4854 mi
1436 4801 1596 4865 εὐθὺς
1642 4804 1816 4869 ἐπηγ-

254 4904 466 4971 γείλατο
493 4899 627 4961 Θεὸς
653 4900 711 4951 ἐν
734 4896 935 4949 ἆπασιν
962 4896 1141 4957 αὑτοῖς
1167 4894 1263 4963 τὴν
1295 4891 1487 4945 ἐαυτοῦ
1519 4895 1817 4963 παρασχεῖν

254 4990 607 5061 κηδεμονίανσ
656 4987 813 5040 τοῦτο
849 4984 958 5057 γὰρ
993 4985 1142 5055 δηλοῖ
1167 4984 1249 5045 τὸ,
1282 5001 1299 5034 ι
1331 4981 1457 5049 Εἰμὶ
1484 4983 1601 5053 μεθ’
1639 4985 1813 5053 ὑμῶν,

255 5085 398 5151 λέγει
446 5082 672 5151 Κύριος,
699 5098 718 5131 ›
769 5079 887 5131 ἀντὶ
915 5078 1029 5137 τοῦ,
1071 5074 1242 5128 συνών
1283 5091 1343 5126 τε
1383 5074 1510 5145 ὑμῖν
1537 5076 1629 5127 καὶ
1662 5075 1821 5145 κηδό-

259 5191 411 5241 μενος
436 5173 531 5224 καὶ
562 5173 742 5223 πᾶσαν
768 5169 951 5238 χρείαν
974 5169 1101 5237 ὑμῖν
1131 5165 1374 5239 πληρῶν.
1411 5167 1550 5220 «Καὶ
1572 5165 1820 5236 ἐξήγειρε

257 5264 457 5334 Κύριος
488 5264 549 5316 τὸ
579 5261 793 5330 πνεῦμα
826 5258 1124 5330 Ζοροϐάϐελ
1147 5258 1240 5311 τοῦ
1270 5258 1536 5330 Σαλαθιὴλ
1566 5261 1628 5312 ἐκ
1653 5258 1824 5327 φυλῆς

269 5355 469 5416 Ἰούδα,
521 5354 619 5407 καὶ
671 5352 732 5404 τὸ
783 5350 996 5420 πνεῦμα
1060 5350 1233 5421 Ἰησοῦ
1288 5350 1380 5404 τοῦ
1450 5352 1690 5405 Ἰωσεδὲκ
1728 5350 1822 5403 τοῦ

262 5448 449 5516 ἱερέως
478 5446 571 5500 τοῦ
609 5443 863 5516 μεγάλου,
897 5446 988 5497 καὶ⁹
1016 5444 1078 5496 τὸ
1102 5443 1315 5514 πνεῦμα
1342 5444 1449 5496 τῶν
1478 5442 1822 5495 καταλοίπων

262 5541 456 5602 παντὸς
494 5539 589 5592 τοῦ
621 5535 773 5602 λαοῦ,
817 5537 912 5590 καὶ
944 5536 1178 5607 εἰσῆλθε,
1223 5536 1315 5589 καὶ
1346 5535 1561 5587 ἐποίουν
1595 5534 1731 5605 ἔργα
1767 5536 1825 5586 ἐν

264 5630 339 5699 τῷ
358 5632 492 5699 οἴκῳ
511 5630 717 5697 Κυρίου
742 5627 1172 5698 παντοκράτορος
1194 5624 1327 5678 Θεοῦ
1358 5624 1555 5678 αὐτῶν.
1570 5645 1588 5676 ι
1622 5625 1697 5677 Οὑ
1719 5623 1826 5693 γάρ

267 5722 630 5795 ἐπηγγείλατο
662 5720 822 5791 μόνον
863 5718 1021 5781 αὐτὸς
1068 5716 1165 5788 τὴν
1213 5716 1417 5770 οἰκείαν
1449 5715 1768 5786 κηδεμονίαν
1799 5716 1828 5767 6

1914 4530 2118 4600 Nempe
2145 4541 2205 4585 ut
2235 4532 2521 4596 ostendat,
2555 4535 2697 4601 quod
2730 4534 2895 4587 simul
2938 4550 3001 4587 ac
3049 4551 3231 4591 mores
3280 4537 3477 4591 immu-

1916 4629 2136 4686 tarunt,
2187 4633 2241 4676 et
2293 4622 2612 4677 aediﬁcando
2662 4625 2859 4693 templo
2905 4625 3147 4680 studium
3200 4627 3476 4697 impende-

1917 4719 2081 4775 runt,
2114 4712 2299 4766 statim
2352 4713 2495 4768 Deus
2538 4715 2852 4784 promiserit
2906 4731 2965 4770 se
3010 4718 3370 4785 patrocinium
3410 4718 3475 4771 ad

1919 4803 2103 4855 omnia
2145 4802 2538 4856 exhibiturum.
2576 4802 2789 4856 Etenim
2832 4805 2936 4859 hoc
2973 4805 3235 4860 denotant
3272 4806 3474 4859 verba:

1926 4909 1944 4943 ι
1978 4891 2266 4947 Vobiscum
2318 4908 2437 4947 sum
2464 4934 2479 4957 ,
2539 4895 2612 4947 ait
2690 4893 2993 4961 Dominus;
3025 4915 3044 4947 ι
3105 4896 3154 4951 id
3181 4900 3281 4957 est,
3311 4891 3477 4950 Vobis

1922 4984 2148 5046 adsum,
2204 4986 2530 5049 consulens,
2584 4994 2640 5040 et
2690 4986 2953 5057 quidquid
3005 4987 3161 5041 vobis
3209 5002 3347 5054 opus
3396 4999 3480 5042 est

1922 5076 2294 5145 suppeditans.
2326 5096 2342 5127 ‹
2372 5076 2436 5129 Et
2466 5078 2754 5131 suscitavit
2783 5077 3043 5131 Dominus
3082 5076 3337 5144 spiritum
3374 5078 3479 5131 Ζο-

1924 5169 2198 5223 robabclis
2237 5169 2328 5221 lilii
2372 5166 2683 5224 Salatbielis
2721 5169 2789 5223 de
2827 5168 2977 5220 tribu
3015 5165 3205 5229 ludat,
3235 5176 3290 5221 et
3320 5168 3483 5236 spiri-

1926 5270 2036 5313 tum
2075 5259 2202 5314 JcSu
2244 5260 2337 5313 lilii
2370 5258 2619 5314 Josedeci
2640 5301 2655 5324 ,
2684 5260 2986 5315 sacerdotis
3018 5259 3199 5328 magni
3226 5298 3241 5323 ,
3271 5266 3324 5313 et
3361 5260 3486 5313 reli-

1925 5366 2154 5421 quorum
2207 5351 2275 5406 de
2327 5352 2475 5405 omni
2524 5352 2765 5421 populo,
2820 5349 2912 5420 qui
2968 5351 3252 5419 ingressus
3299 5360 3381 5404 est
3419 5352 3483 5403 ad

1925 5460 2063 5514 opus
2093 5441 2395 5497 faciendum
2430 5445 2483 5497 in
2519 5444 2680 5513 domo
2717 5442 2928 5496 Domini
2960 5440 3355 5511 omnipotentis
3391 5439 3485 5495 Dei

1927 5538 2034 5594 sui.
2073 5534 2376 5591 iNimirum
2402 5538 2545 5593 baud
2598 5552 2759 5592 suum
2809 5537 3185 5591 tantummodo
3238 5537 3483 5605 patroci-

1926 5628 2079 5682 nium
2114 5625 2371 5697 promisit
2403 5625 2569 5690 Deus,
2604 5623 2698 5680 sed
2728 5626 3063 5681 alacritatem
3093 5625 3255 5679 simul
3288 5624 3489 5680 ducum

1929 5719 2226 5777 concitavit
2257 5718 2609 5777 universique
2648 5718 2866 5786 populi,
2914 5728 2971 5772 ut
3018 5718 3231 5774 caeteris
3278 5719 3491 5772 cunctis
