3992 6232
524 323 633 383 683

1715 318 2063 379 THEODORI
2087 319 2567 378 MOPSUES‘I‘ENI

3633 313 3743 365 48.2»

532 442 756 501 omissis
802 438 1124 494 :ediiicando
1181 436 1386 507 templo
1439 446 1721 498 vacarent,
1775 445 1943 505 utque
1991 449 2089 504 pro

2215 434 2343 500 356;,
2378 434 2512 489 ἀλλὰ
2555 432 2646 486 καὶ
2691 431 2787 502 τὴν
2826 430 3129 502 προθυμίαν
3156 429 3297 483 κατά
3332 431 3527 484 ταυτὸν
3560 431 3661 484 τῶν
3687 450 3747 483 τε

532 536 743 590 viribus
774 532 840 587 ad
876 532 1037 586 tinem
1072 545 1211 599 opus
1253 529 1639 597 perducerent.
1678 527 1935 581 i’osthinc
1976 528 2089 580 ala-

533 628 783 683 critatem
840 623 1060 679 illorum
1113 624 1286 691 magis
1339 621 1514 673 adhuc
1554 619 1920 683 -conﬁrmans,
1950 617 2104 673 Deus-

533 716 811 789 prOphetae
842 721 1104 784 apparet,
1138 713 1252 766 haec
1283 713 1472 765 dicens
1507 729 1520 763 :

2190 525 2503 595 ἡγουμένων
2546 521 2823 592 ἐπέρρωσε
2871 521 2964 574 καὶ
3011 522 3205 584 παντὸς
3258 521 3354 573 τοῦ
3411 520 3560 582 λαοῦ,
3604 521 3745 575 ὥστε

2193 620 2367 672 πάντα
2394 617 2457 686 δὴ
2489 616 2557 669 τά
2598 615 2759 667 λοιπά
2800 615 3226 683 παρωσαμένους
3266 614 3393 683 περὶ
3420 614 3517 683 τὴν
3544 614 3746 666 οἰκοδο-

2192 711 2297 782 μὴν
2322 707 2660 779 ἀσχολεῖσθαι
2689 707 2783 759 τοῦ
2815 706 2966 767 ναοῦ,
2995 708 3088 758 καὶ
3118 707 3176 757 τὸ
3197 707 3342 768 ὅπως
3375 706 3440 758 ἂν
3470 705 3648 768 αὐτοῖς
3669 708 3749 766 εἰς

537 807 686 869 τέλος
730 806 977 873 ἀφίκοιτο
1004 804 1064 856 τὸ
1091 802 1270 873 ἔργον.
1303 798 1433 855 Εἶτα
1474 803 1565 855 καὶ
1612 801 1708 873 τὴν
1752 802 2057 873 προθυμίαν
2084 800 2262 854 αὐτῶν
2282 798 2374 851 ἐπὶ
2387 797 2546 854 πλέον
2558 793 2931 869 ἐπιρῥωννὺςό
2967 798 3098 860 Θεὸς
3121 798 3457 865 ἐπιφαίνεται
3486 795 3645 850 πάλιν
3674 796 3750 865 τῷ

538 900 790 972 προφήτῃ
812 899 968 952 ταυτὶ
997 898 1167 965 λέγων
1186 912 1198 925 ·

1193 985 1343 1042 CAP.
1387 986 1444 1040 ΙΙ.

611 1082 775 1136 Vens.
814 1081 926 1134 1-5.
973 1098 990 1130 ι
1015 1080 1260 1149 Loquere
1290 1079 1609 1133 Zorohabeli
1644 1078 1954 1135 Salathielis
1987 1080 2095 1136 tilio

540 1174 608 1229 de
655 1173 795 1227 tribu
835 1172 1006 1230 Judte.
1060 1180 1113 1224 et
1157 1169 1280 1225 Iesu
1323 1170 1565 1224 Jcsedeci
1601 1172 1729 1235 lilio,
1776 1181 1829 1226 et
1877 1174 2097 1242 reliquis

540 1264 796 1318 omnibus
842 1263 907 1316 de
957 1262 1173 1332 populo,
1224 1261 1445 1314 dicens:
1481 1260 1614 1325 Quis
1664 1278 1730 1315 ex
1768 1262 1920 1316 vobis
1969 1264 2100 1316 vidit

541 1358 760 1411 domum
806 1354 964 1409 istam
1008 1355 1062 1407 in
1112 1353 1282 1423 gloria
1330 1368 1429 1407 sua
1477 1353 1696 1421 priore?
1736 1361 1791 1408 et
1828 1355 2097 1422 quomodo

540 1447 733 1501 videtis
766 1446 934 1513 ipsam
972 1460 1138 1507 nunc,
1185 1444 1344 1511 quasi
1375 1458 1482 1496 non
1510 1444 1581 1497 sit
1608 1459 1791 1498 coram
1825 1445 2009 1499 vobis?
2042 1445 2104 1497 lit

542 1550 688 1588 nunc
717 1532 1049 1594 eonfortare,
1074 1531 1401 1589 Zorohabel.
1427 1531 1555 1584 dicit
1576 1530 1863 1586 Dominus:
1888 1532 2105 1586 confor-

542 1632 659 1679 tare
689 1624 838 1685 item,
866 1620 996 1676 Jesu
1027 1620 1273 1676 Josedeci
1308 1621 1400 1687 lili,
1434 1621 1686 1676 sacerdos
1714 1638 1937 1693 magne:
1971 1639 2105 1677 con-

544 1711 775 1768 fortetur
825 1712 1059 1780 denique
1109 1711 1394 1765 universus
1448 1718 1607 1765 terra;
1661 1714 1920 1781 populus,
1974 1712 2107 1767 dicit

2839 978 2995 1033 ΚΕΦ.
3034 976 3109 1027 B'.

2265 1071 2411 1141 Στίχ.
2442 1076 2573 1123 α’-ε¹.
2605 1099 2669 1111 --
2701 1086 2719 1118 ‹
2739 1067 2904 1121 Εἰπὸν
2942 1068 3005 1138 δὴ
3039 1068 3171 1138 πρὸς
3198 1064 3499 1137 Ζοροϐάϐελ
3540 1064 3631 1119 τὸν
3656 1063 3752 1117 τοῦ

2198 1164 2466 1234 Σαλαθιήλ
2490 1166 2553 1217 ἐκ
2579 1162 2747 1231 φυλῆς
2790 1160 2975 1225 Ἰούδα,
3011 1160 3105 1212 καὶ
3138 1159 3271 1227 πρὸς
3312 1158 3511 1229 Ἰησοῦν
3537 1158 3627 1210 τὸν
3657 1156 3755 1208 τοῦ

2212 1254 2450 1308 Ἰωσεδὲκ
2475 1253 2565 1306 τὸν
2601 1252 2749 1323 ἱερέα
2774 1250 2863 1303 τὸν
2898 1250 3088 1319 μέγαν,
3118 1250 3209 1301 καὶ
3243 1248 3373 1317 πρὸς
3404 1249 3608 1308 πάντας
3630 1246 3758 1306 τοὺς

2199 1344 2555 1406 καταλοίπους
2593 1342 2684 1395 τοῦ
2719 1340 2867 1403 λαοῦ,
2898 1341 3069 1407 λέγων
3096 1358 3110 1372 ·
3160 1340 3254 1402 Τίς
3293 1337 3350 1402 ἐξ
3378 1338 3530 1407 ὑμῶν
3556 1338 3617 1400 ὃς
3648 1333 3755 1389 εἶδε

2196 1436 2285 1488 τὸν
2313 1430 2456 1487 οἰκον
2486 1432 2669 1485 τοῦτον
2710 1432 2765 1482 ἐν
2815 1432 2879 1500 τῇ
2923 1429 3047 1502 δόξῃ
3097 1428 3260 1480 αὐτοῦ
3293 1432 3357 1499 τῇ
3406 1426 3755 1498 ἔμπροσθεν;

2199 1527 2292 1578 καὶ
2347 1523 2463 1587 πῶς
2525 1524 2681 1591 ὑμεῖς
2746 1520 2967 1590 βλέπετε
3025 1520 3185 1572 αὐτὸν
3247 1518 3341 1572 νῦν
3400 1517 3584 1579 καθὼς
3639 1517 3761 1584 οὐχὶ

2201 1619 2511 1687 ὑπάρχοντα
2542 1614 2767 1667 ἐνώπιον
2810 1611 2961 1682 ὑμῶν
2990 1627 3004 1674 ;
3044 1609 3138 1663 καί⁵
3155 1606 3250 1663 νῦν
3266 1605 3547 1674 κατίσχυε,
3594 1609 3760 1677 Ζορο-

2202 1706 2386 1770 ϐάϐελ,
2426 1709 2498 1775 (p.
2523 1705 2647 1770 M9)
2692 1704 2837 1771 λέγει
2881 1700 3080 1771 Κύριος
3108 1717 3123 1731 ο
3168 1701 3261 1752 καὶ
3290 1696 3761 1768 κατίσχυε,ἰησοῦ

543 1805 806 1859 Dominus
828 1803 1168 1871 omnipotens
1191 1820 1202 1854 :
1237 1801 1399 1872 276
1421 1811 1474 1855 et
1499 1801 1733 1871 Spiritus
1760 1818 1910 1858 meus
1935 1806 2103 1859 astitit

2215 1802 2231 1854 5
2274 1798 2366 1853 τοῦ
2407 1798 2649 1851 Ἰωσεδὲκ
2691 1797 2720 1847 ό
2765 1795 2941 1865 ἱερεὺς
2969 1795 2997 1846 ὁ
3026 1792 3233 1863 μέγας·
3283 1792 3376 1844 καὶ
3420 1788 3765 1857 κατισχυέτω

545 1897 599 1949 in
628 1894 805 1948 medio
832 1895 1017 1947 vestri.
1046 1911 1064 1943 ι
1103 1890 1158 1944 Si
1188 1894 1311 1960 quis
1342 1902 1602 1957 vestrum,
1634 1893 1828 1962 inquit,
1866 1902 2097 1949 veterem

544 1987 739 2039 domus
782 1982 945 2050 hujus
990 1982 1217 2049 gloriam
1270 1983 1446 2045 novit,
1494 1990 1547 2035 et
1596 1983 1774 2051 qualia
1813 1998 1911 2054 ego
1939 1983 2100 2053 hujus

545 2087 709 2126 causa
757 2086 896 2139 saepe
928 2069 1169 2128 fecerim,
1219 2071 1297 2121 vel
1339 2083 1433 2136 pro
1484 2070 1681 2138 populo
1716 2071 1807 2139 qui
1858 2071 2099 2139 ejusdem

546 2160 963 2217 sollicitudinem
1016 2156 1202 2227 gessit,
1234 2157 1420 2225 utique
1470 2165 1789 2227 agnosceret
1840 2165 2099 2226 quantum

546 2253 637 2306 illa
667 2252 847 2321 priora
881 2265 907 2303 a
956 2248 1309 2318 praesentibus
1353 2246 1622 2301 ditl‘eraut.
1661 2246 1814 2302 Nunc
1861 2249 2103 2318 plerique

546 2351 787 2398 vestrum
818 2341 907 2394 illa
941 2342 1274 2410 ignorantes,
1321 2348 1374 2392 et
1412 2339 1699 2407 praesentia
1729 2346 1935 2391 tantum
1980 2354 2101 2407 spe-

547 2443 782 2495 ctantes,
806 2433 939 2485 nihil
973 2431 1359 2501 propemodum
1392 2443 1488 2483 vos
1519 2429 1701 2483 videre
1730 2429 1949 2499 putatis,
1979 2444 2105 2498 pro-

548 2538 667 2598 pter
700 2526 1033 2582 obsidentem
1068 2523 1323 2592 templum
1353 2522 1456 2575 hoc
1488 2520 1829 2576 solitudinem
1862 2538 1953 2576 seu
1991 2522 2103 2574 rui-

550 2633 696 2671 nam.
725 2614 1106 2685 Verumtamen
1139 2613 1183 2666 si
1214 2619 1594 2680 perseverante
1628 2612 1906 2664 alacritate
1937 2611 2106 2665 :edili-

549 2708 753 2763 cationi
781 2707 900 2775 ejus
926 2705 1225 2766 instabitis,
1245 2712 1407 2771 atque
1432 2702 1614 2756 omnia
1642 2699 1707 2752 ad
1730 2700 1848 2769 ejus
1869 2702 2107 2769 comple-

550 2806 791 2853 mentum
823 2796 1062 2850 studiose
1092 2793 1453 2855 contuleritis,
1485 2809 1654 2847 meam
1682 2795 1958 2848 enimvero
1985 2810 2108 2861 pro-

552 2888 842 2943 videntiam
862 2885 1211 2950 sentictis;et
1234 2884 1387 2953 quasi
1419 2898 1577 2937 omne
1601 2883 1829 2937 oﬂicium
1860 2898 1986 2952 erga
2018 2883 2109 2937 Dei

554 2978 809 3047 templum
857 2976 1252 3051 praestiteritis,
1315 2976 1650 3044 reliquorum
1720 2974 2108 3028 beneﬁciorum

555 3078 830 3138 compotes
877 3062 1047 3121 eritis.
1097 3065 1310 3135 Eroque
1346 3066 1655 3129 vobiscum,
1706 3063 1910 3134 inquit,
1957 3064 2111 3119 factis

555 3160 690 3229 ipsis
725 3158 778 3213 id
809 3157 1223 3224 demonstrans;
1250 3172 1532 3226 meamque
1558 3156 1784 3225 gratiam
1814 3171 2112 3227 conseque-
2142 3177 2179 3229 (;

556 3251 719 3316 mini,
752 3250 906 3305 vobis
948 3248 1345 3319 quodammodo
1384 3256 1650 3303 astantem
1681 3256 2000 3317 vestrasque
2026 3264 2112 3302 res

557 3344 1025 3400 administrantem
1046 3326 1205 3411 atque
1221 3340 1650 3411 regentem.Nam
1669 3341 1831 3394 verba
1852 3338 2115 3410 «Spiritus

558 3450 733 3500 meus,
776 3452 794 3486 ι
829 3434 1056 3505 gratiam
1090 3434 1157 3486 ab
1186 3448 1251 3487 eo
1282 3431 1530 3486 collatam
1571 3431 1899 3503 signiﬁcant.

628 3614 1074 3685 Quandoquidem
1117 3612 1353 3682 Spiritus
1387 3614 1559 3666 sancti
1607 3613 1937 3682 hypOstasim
1988 3626 2113 3681 pro-

560 3709 758 3776 priam,
794 3713 1052 3774 tanquam
1079 3705 1135 3757 in
1164 3705 1422 3774 singulari
1456 3718 1683 3773 persona
1709 3705 1943 3773 agnitam
1972 3705 2112 3773 apud

563 3796 730 3849 Deum
756 3796 953 3850 veteris
982 3793 1316 3848 Testameuti
1342 3794 1589 3848 homines
1614 3808 1719 3846 non
1748 3804 2078 3862 agnoverunt
2104 3812 2117 3858 ;

564 3887 747 3940 cuncti
796 3896 972 3940 autem
1016 3894 1140 3939 ante
1183 3884 1384 3939 Christi
1434 3883 1641 3938 Domini
1692 3884 2013 3947 adventum,
2069 3896 2121 3937 et

564 3977 731 4030 Deum
762 3982 815 4029 et
845 3975 1168 4029 creationem
1200 3976 1468 4036 sciebant,
1519 3976 1611 4028 sed
1648 3982 1904 4043 praeterea
1947 3975 2119 4041 nihil;

565 4064 746 4119 divina
774 4071 904 4117 tunc
939 4061 1219 4132 Scriptura
1246 4065 1486 4118 asseclas
1517 4079 1645 4118 suos
1679 4065 1750 4117 ita
1776 4064 2037 4132 docente;
2067 4066 2118 4119 in

565 4156 824 4212 invisibili
869 4164 1043 4208 autem
1076 4163 1323 4208 creatura
1355 4156 1486 4208 nihil
1514 4156 1731 4209 unicum
1763 4169 2117 4228 agnoscente,

566 4246 659 4301 sed
691 4247 910 4316 angelos
941 4253 1104 4314 atque
1130 4245 1360 4300 virtutes
1392 4257 1618 4301 cunctas
1649 4249 1952 4318 appellante
1979 4252 2120 4304 invi-

569 4341 755 4395 sibiles
785 4354 845 4392 ac
873 4339 1244 4391 ministrantes
1275 4338 1628 4405 substantias,
1662 4357 1795 4410 quas
1815 4342 2123 4397 subservire

571 4446 665 4499 per
689 4430 870 4483 omnia
898 4427 1142 4483 tradebat
1170 4429 1369 4482 divinis
1422 4430 1664 4485 nutibus.
1697 4430 1956 4500 Spiritum
1995 4448 2125 4486 sano

2207 1893 2313 1952 πᾶς
2334 1892 2363 1943 ό
2386 1889 2511 1952 λαὸς
2535 1887 2634 1955 τῆς
2660 1887 2781 1956 γῆς,
2814 1886 2960 1954 λέγει
2995 1886 3195 1956 Κύριος
3229 1882 3644 1954 παντοκράτωρ,
3674 1882 3767 1933 καὶ

2205 1985 2265 2034 τδ
2297 1977 2522 2050 [Ινεῦμά
2539 1997 2639 2051 μου
2655 1980 2950 2051 ἐφέστηκεν
2971 1980 3027 2033 ἐν
3045 1978 3197 2051 μέσῳ
3233 1975 3434 2046 ὑμῶν.»
3461 1976 3524 2027 Εἰ
3552 1974 3663 2043 γάρ
3685 1990 3768 2034 τις

2208 2072 2378 2143 ὑμῶν,
2425 2071 2577 2141 φησὶ,
2624 2070 2721 2140 τὴν
2767 2066 2997 2121 παλαιὰν
3042 2066 3134 2119 τοῦ
3180 2066 3330 2119 οἴκου
3375 2065 3561 2118 τούτου
3610 2063 3768 2127 δόξαν

2205 2165 2489 2236 ⁴ιιιπίστατο,
2512 2162 2603 2215 καὶ
2626 2157 2817 2231 οἷάπερ
2850 2160 2917 2212 τά
2949 2158 3074 2230 περὶ
3105 2159 3265 2213 αὑτὸν
3289 2158 3415 2228 παρ’
3443 2154 3577 2226 ἐμοῦ
3605 2171 3769 2222 γεγο·

2208 2258 2332 2310 νότα
2356 2252 2763 2318 πολλάκις,είτε
2792 2252 2918 2320 περί
2932 2251 3019 2303 τὸν
3046 2250 3171 2304 λαὸν
3186 2250 3285 2319 τῆς
3317 2251 3373 2304 ἐν
3400 2248 3546 2318 αύτῷ
3575 2247 3771 2300 τελου-

2215 2349 2376 2420 μένης
2430 2346 2663 2415 σπουδῆς
2697 2346 2901 2409 ἐνεκεν,
2936 2344 3165 2397 συνεῖδεν
3223 2341 3288 2395 ἂν
3315 2341 3484 2410 ὁπόση
3512 2338 3624 2392 τῶν
3651 2340 3773 2390 τότε

2211 2442 2303 2495 καὶ
2330 2440 2421 2493 νῦν
2454 2440 2598 2492 ἐστιν
2628 2440 2661 2509 ἡ
2696 2436 2964 2508 μεταϐολή
2990 2454 3002 2466 ”
3055 2434 3148 2488 νῦν
3188 2434 3296 2502 γὰρ
3333 2434 3515 2485 ἐκεῖνα
3546 2432 3647 2500 μὲν
3674 2431 3775 2481 οὐκ

2210 2531 2407 2594 εἰδότες
2442 2532 2591 2600 ὑμῶν
2634 2529 2683 2581 οἰ
2722 2528 2923 2591 πολλοὶ,
2956 2526 3023 2580 τὰ
3066 2527 3303 2597 παρόντα
3330 2524 3387 2577 δέ
3415 2522 3672 2592 ὁρῶντες,
3702 2519 3778 2581 ὡς

2211 2621 2275 2674 ἂν
2322 2622 2422 2674 ούκ
2463 2620 2590 2672 ὄντα
2644 2619 2731 2672 διὰ
2792 2619 2890 2689 τὴν
2945 2618 3273 2687 κατέχουσαν
3326 2615 3485 2669 αὑτὸν
3534 2613 3777 2683 ἐρημίαν

2212 2712 2370 2782 ὁρᾶτε
2394 2726 2406 2738 ·
2456 2709 2589 2762 ἀλλά
2617 2710 2724 2779 γὰρ
2756 2708 3068 2782 ἐπιμείνατε
3107 2710 3172 2777 τῇ
3209 2706 3335 2777 περὶ
3362 2705 3456 2776 τὴν
3484 2703 3777 2772 οἰκοδομὴν

2215 2781 2512 2872 προθυμία,
2542 2800 2636 2853 καὶ
2664 2781 2837 2852 πάντα
2864 2798 2928 2869 δὴ
2960 2797 3093 2868 μετά
3117 2799 3215 2867 τῆς
3244 2796 3629 2867 προσηκούσης
3660 2797 3778 2847 ἐπι-

2214 2894 2412 2946 τελεῐτε
2434 2893 2663 2962 σπουδῆς
2690 2895 2768 2954 εἰς
2795 2892 3136 2962 ἐκπλήρωσιν
3156 2891 3249 2944 τοῦ
3274 2890 3422 2943 ναοῦ·
3447 2889 3777 2959 αἰσθήσεσθε

2216 2984 2321 3055 γὰρ
2352 2984 2449 3053 τῆς
2495 2984 2629 3055 ἐμῆς
2679 2984 2998 3053 κηδεμονίας
3033 2984 3173 3048 τότε,
3226 2984 3320 3036 καὶ
3359 2977 3467 3035 οἷον
3498 2982 3568 3034 τὰ
3609 2981 3781 3049 καθή-

2217 3094 2377 3129 κοντα
2410 3079 2466 3127 ἐν
2494 3076 2570 3145 τῷ
2595 3075 2707 3144 ναῷ
2730 3078 2855 3146 περὶ
2874 3076 2963 3128 τὸν
2989 3075 3119 3128 Θεὸν
3151 3074 3498 3145 πληροῦντες,
3522 3071 3782 3138 τεύξεσθε

2213 3168 2303 3219 τοῦ
2327 3167 2534 3220 λοιποῦ’
2573 3166 2768 3237 ἔσομαι
2794 3167 2872 3233 δὲ,
2900 3168 3081 3236 φησὶν,
3116 3167 3171 3218 tv
3203 3167 3349 3237 ὑμῖν,
3377 3165 3441 3217 δι’
3472 3165 3652 3219 αὐτῶν
3674 3163 3783 3216 τῶν

2214 3257 2547 3329 πραγμάτων
2589 3258 2951 3328 δεικνύμενος,
3005 3258 3098 3311 καὶ
3142 3257 3213 3310 τὰ
3254 3257 3475 3328 χάριτος
3518 3256 3782 3320 τεύξεσθε

2211 3351 2308 3419 τῆς
2329 3349 2386 3412 ἐξ
2414 3347 2545 3418 ἐμοῦ
2575 3349 2731 3418 μόνον
2758 3350 2856 3402 ούκ
2880 3347 3192 3419 ἐφεστώσης
3214 3349 3362 3418 ὑμῖν,
3388 3348 3784 3418 οἱκονομούσης

2213 3456 2271 3492 τε
2295 3440 2386 3492 καὶ
2410 3438 2711 3510 διοικούσης
2735 3440 2802 3492 τὰ
2828 3440 2945 3492 καθ’
2972 3440 3132 3509 ὑμᾶς’
3155 3439 3216 3493 τὸ
3243 3440 3351 3509 γὰρ
3380 3439 3622 3507 11νεῦμὰ
3639 3457 3785 3508 μου,

2214 3529 2311 3599 τὴν
2339 3528 2495 3598 χάριν
2532 3528 2629 3599 τὴν
2656 3529 2715 3592 ἐξ
2746 3528 2905 3582 αὐτοῦ
2939 3530 3103 3597 λέγει.

2299 3621 2515 3691 Ἐπειδὴ
2557 3621 2869 3692 Πνεύματος
2909 3623 3061 3691 ἁγίου
3097 3623 3389 3676 ὑπόστασιν
3425 3620 3561 3675 ἰδίαν
3606 3623 3687 3685 ὡς
3731 3625 3791 3674 ὲν

2218 3711 2488 3782 προσώπῳ
2516 3711 2914 3783 γνωριζομένην
2940 3712 3121 3782 οἰκείῳ
3147 3712 3297 3782 παρά
3327 3711 3416 3764 τὸν
3445 3710 3581 3763 Θεὸν
3609 3714 3658 3763 οἱ
3689 3711 3790 3778 τῆς

2219 3802 2453 3865 παλαιᾶς
2515 3803 2614 3855 οὐκ
2681 3803 2974 3871 ἠπίσταντο
3033 3802 3301 3873 Διαθήκης
3350 3801 3497 3874 (55).
3538 3804 3618 3871 (p.
3662 3804 3788 3867 420)

2220 3895 2434 3947 πάντων
2478 3892 2584 3946 τῶν
2615 3894 2720 3964 πρὸ
2747 3892 2839 3946 τοῦ
2885 3894 3149 3947 Δεσπότου
3199 3893 3432 3965 Χριστοῦ
3479 3895 3793 3965 παρουσίας

2220 3987 2351 4038 Θεὸν
2393 3986 2605 4039 εἰδότων
2651 3986 2743 4039 καὶ
2794 3985 2988 4051 κτίσιν,
3041 3986 3225 4057 ἕτερον
3256 3986 3312 4039 δέ
3354 3986 3541 4039 οὐδένα
3574 4003 3658 4049 τε,
3696 3989 3793 4039 καὶ

2220 4080 2319 4147 τῆς
2359 4077 2506 4140 θείας
2547 4078 2765 4148 Γραφῆς
2798 4078 2951 4131 τοῦτο
2997 4078 3353 4150 παιδευούσης
3392 4080 3517 4142 τοὺς
3548 4081 3796 4142 οἰκείους

2223 4171 2280 4222 ἐν
2308 4168 2386 4239 τῷ
2413 4171 2532 4222 τότε
2579 4168 2783 4239 καιρῷ,
2822 4172 2878 4222 ἐν
2926 4171 3140 4241 ἀοράτῳ
3184 4170 3240 4223 δὲ
3286 4170 3457 4224 κτίσει
3500 4172 3796 4241 μοναδικὸν

2227 4262 2323 4329 μὲν
2367 4260 2515 4313 οὐδὲν
2565 4261 2928 4331 ἐπισταμένης
2953 4278 2966 4290 ·
3019 4264 3279 4330 ἀγγέλους
3320 4261 3376 4315 δὲ
3408 4264 3499 4315 καὶ⁵
3526 4262 3798 4335 δυνάμεις

2225 4351 2417 4414 κοινῶς
2443 4351 2709 4422 καλούσης
2737 4353 2949 4416 ἁπάσας
2967 4353 3066 4417 τὰς
3093 4354 3353 4424 ἁοράτους
3384 4356 3475 4407 καὶ
3496 4352 3802 4427 λειτουργι-

2195 4475 2198 4478 ~
2226 4441 2327 4506 κάς
2355 4443 2558 4508 οὐσίας,
2583 4444 2646 4507 ἃς
2671 4445 3054 4515 ὑπηρετεῖσθαι
3087 4447 3144 4497 ἐν
3172 4446 3371 4499 ἅπασιν
3404 4446 3651 4499 ἐδίδασκε
3683 4450 3800 4509 τοῖς

570 4529 715 4572 ctum
745 4521 927 4589 itaque
958 4520 1011 4573 in
1042 4520 1257 4588 pr0pria
1287 4519 1567 4590 hypostasi
1597 4523 1735 4591 apud
1762 4522 1928 4577 Deum
1962 4540 2116 4595 agno-

2230 4535 2459 4603 νεύμασι
2505 4538 2615 4600 τοῖς
2666 4537 2845 4601 Θείοις.
2897 4538 3119 4609 Πνεῦμα
3169 4540 3343 4592 τοίνυν
3392 4540 3544 4609 ἅγιον
3595 4544 3655 4594 ἐν
3695 4542 3802 4611 ἰδία⁵

574 4625 726 4666 scere
747 4611 1028 4679 nequibat:
1055 4625 1178 4663 nam
1198 4626 1372 4681 neque
1394 4613 1533 4666 inter
1549 4613 1916 4670 ministrantes
1942 4632 2121 4670 nurne-

572 4701 681 4755 rari
710 4707 915 4768 poterat
938 4702 1079 4768 quod
1100 4710 1215 4755 erat
1235 4703 1475 4761 unicum.
1495 4719 1669 4773 neque
1685 4720 1809 4758 cum
1833 4704 1942 4760 Deo
1970 4708 2129 4778 277

574 4793 828 4846 collocari
871 4791 1132 4861 quidquid
1175 4794 1230 4847 in
1266 4795 1522 4863 peculiari
1570 4811 1803 4865 persona
1833 4800 2132 4854 consistere

575 4884 889 4940 dicebatur:
922 4882 1056 4935 nihil
1089 4883 1231 4936 enim
1266 4884 1575 4952 hujusmodi
1606 4893 1735 4940 tunc
1759 4886 1953 4941 scitum
1980 4900 2130 4953 erat;

578 4978 669 5033 sed
714 4976 765 5029 id
793 4975 1008 5029 demum
1051 4988 1151 5029 nos
1194 4975 1408 5029 edocuit
1435 4976 1683 5031 Christus
1724 4976 2001 5039 Dominus,
2036 4982 2130 5049 qui

578 5068 837 5140 apostolis
885 5069 1000 5122 suis
1052 5066 1360 5131 mandavit,
1412 5068 1656 5124 «Euutes
1705 5070 1894 5125 docete
1940 5086 2131 5127 omnes

651 5239 1041 5313 (55)_Sequitur
1079 5239 1347 5313 Theodori
1379 5240 1693 5311 disputatio,
1748 5245 1888 5313 quod
1933 5243 2129 5301 veteris

578 5310 736 5367 aetate
757 5310 1084 5367 Testamenti
1134 5312 1365 5380 Spiritus
1392 5318 1563 5367 sancti
1590 5310 1817 5381 persona
1874 5326 1999 5368 nota
2022 5330 2131 5367 non

583 5383 781 5446 fuerit;
812 5396 972 5449 quam
1001 5397 1155 5454 suam
1186 5382 1489 5454 opinionem
1522 5383 1660 5437 idem
1698 5386 1853 5437 nobis
1892 5384 2134 5454 oggessit

580 5457 908 5520 etiamrretro
923 5466 975 5519 p.
1009 5452 1107 5505 85.Δ
1131 5451 1289 5520 Atqui
1313 5450 1527 5506 Nicetas
1550 5450 2134 5520 Aquileiensis,"l‘heo-

582 5524 716 5575 (loro
743 5519 907 5595 ferme
935 5519 1438 5595 genternpumneus,
1466 5538 1529 5575 ex
1557 5519 1659 5595 hoc
1682 5524 1797 5595 ipso
1822 5525 1994 5595 Aggaei
2019 5526 2137 5595 loco

584 5591 910 5664 contrariam
938 5587 1218 5643 Theodoro
1235 5600 1415 5646 tuetur
1428 5587 1745 5664 sententiam
1766 5593 1818 5646 in
1834 5587 2047 5664 egregio
2073 5594 2142 5645 De

588 5658 788 5739 Spiritu
814 5668 995 5739 saneto
1018 5669 1430 5739 tractatu,qn_em
1460 5679 1558 5718 uos
1586 5678 1647 5716 ex
1677 5658 1935 5739 Xriticano
1956 5658 2142 5739 codice

587 5729 877 5796 edidimus,
933 5730 987 5782 in
1052 5728 1252 5802 Script.
1293 5728 1438 5787 _Vct.
1492 5743 1621 5789 tom.
1677 5731 1789 5788 VII.
1857 5736 1945 5789 Ait
1992 5735 2134 5790 enim

2229 4626 2519 4680 ὑποστάσει
2547 4627 2697 4699 παρὰ
2722 4629 2810 4681 τὸν
2832 4630 2961 4683 Θεὸν
2988 4631 3181 4685 εἰδέναι
3210 4632 3310 4685 οὐκ
3337 4632 3600 4702 ἠδύναντο
3618 4651 3633 4663 ·
3672 4633 3802 4686 οὔτε

2227 4716 2333 4786 γὰρ
2360 4717 2417 4769 ἐν
2455 4716 2842 4788 λειτουργικοῖς
2886 4721 3134 4793 ἀριθμεῖν
3178 4720 3288 4776 οἰόν
3332 4740 3393 4777 τε
3416 4718 3485 4794 ἦν
3525 4724 3590 4777 τὸ
3630 4743 3805 4795 μονα-ο

2227 4805 2409 4869 δικὸν,
2465 4804 2588 4859 οὔτε
2639 4808 2757 4879 Θεῷ
2818 4812 3124 4865 συντάττειν
3177 4814 3234 4866 ἐν
3285 4811 3397 4881 ἰδίῳ
3436 4830 3488 4866 τι
3534 4813 3806 4883 λέγοντας

2231 4897 2503 4969 προσώπῳ
2527 4915 2540 4928 ·
2591 4900 2712 4952 ἐπεὶ
2777 4901 2941 4973 μηδὲν
2988 4902 3181 4973 ᾔδεσαν
3226 4902 3436 4957 τοιοῦτο
3461 4921 3474 4935 ·
3522 4905 3705 4959 ταῦτα
3748 4908 3808 4959 δὲ

2231 4991 2377 5058 ἡμᾶς
2405 4992 2433 5042 ὁ
2457 4992 2730 5065 Δεσπότης
2762 4995 2993 5063 Χριστὸς
3024 4994 3342 5063 ὲξεδίδαξεν,
3367 4997 3427 5059 ὃς
3456 5000 3571 5061 τοῖς
3601 4999 3809 5052 ἑαυτοῦ

2237 5080 2545 5151 παρέδωκεν
2588 5085 2904 5149 ἀποστόλοις
2959 5087 3043 5153 τὸ,
3065 5106 3084 5139 ι
3126 5088 3485 5159 Πορευθέντες
3524 5090 3816 5164 μαθηεεεύο

2231 5268 2283 5321 p.
2310 5250 2415 5332 525
2445 5272 2456 5305 :
2486 5251 2550 5307 de
2585 5252 2787 5323 Spiritu
2830 5261 3201 5332 sanetoaquod
3231 5259 3370 5332 adsit
3415 5263 3625 5332 ubique,
3674 5266 3815 5319 dicit

2230 5322 2479 5399 Ereptum
2521 5338 2585 5377 ex
2634 5340 2861 5399 persona
2901 5322 3152 5399 Domitii,
3219 5349 3236 5380 ι
3274 5329 3385 5399 Ego
3432 5332 3485 5384 in
3516 5322 3695 5398 'vob'is,
3767 5347 3816 5388 ει

2234 5391 2465 5473 Spiritus
2498 5411 2657 5473 ,τηετις
2682 5404 2790 5473 stat
2821 5398 3070 5473 in_me¢_1io
3116 5391 3361 5454 restruit}.
3424 5420 3439 5451 ι
3489 5391 3822 5473 Ibidemque

2235 5464 2338 5514 alia
2403 5464 2593 5517 recitat
2624 5468 2932 5520 testimonia
2976 5466 3115 5531 Jobi,
3178 5470 3413 5525 Davidis.
3470 5464 3819 5529 Salomonis.

2237 5531 2389 5611 Quod
2413 5543 2785 5611 argumentum
2806 5537 3006 5611 _lat-iu_s
3045 5546 3347 5611 tractarunt
3368 5542 3459 5594 alii
3489 5541 3709 5607 Patres,
3750 5547 3822 5599 de

2245 5603 2440 5675 quibus
2490 5603 2751 5660 videndus
2805 5603 3056 5662 Petavius
3098 5609 3172 5662 De
3205 5609 3350 5673 Trin,
3402 5612 3493 5665 lib.
3544 5627 3603 5675 ll,
3639 5603 3706 5668 7..
3744 5617 3825 5670 De

2246 5672 2348 5795 :iac
2379 5687 2443 5797 T21
2472 5687 2685 5727 ruitsmu
2720 5691 2818 5729 nos
2847 5676 3175 5734 disseremus
3209 5681 3274 5734 ad
3302 5672 3825 5754 Zachariaecapitu-

2267 5758 2354 5796 um
2456 5781 2465 5794 .

2267 5758 2354 5796 Ulli
2394 5758 2465 5796 I‘l.
