3992 6232
264 346 367 404 ιδδ
1324 323 1866 387 COMMENTARIUS
1897 327 1966 384 IN
1997 326 2228 385 AGGEI
2263 326 2413 382 CAP.
2446 327 2507 381 ll.
3402 323 3505 381 486

272 477 396 519 dare
419 460 604 516 πάντα
632 457 701 511 τά
723 456 868 527 ἔθνη,
898 450 1244 524 βαπτίζοντες
1263 453 1460 516 αὐτοὺς
1483 453 1561 515 εἰς
1589 452 1651 504 τὸ
1676 450 1845 521 ὄνομα

1963 456 2153 518 gentes,
2190 448 2526 518 baptizantes
2554 460 2648 501 eos
2678 445 2731 500 in
2761 445 2981 501 nomine
3009 444 3185 501 Patris
3213 452 3265 501 et
3296 443 3419 502 Filii
3451 454 3505 500 et

276 555 365 609 τοῦ
385 552 603 623 Πατρδς
631 549 728 605 καὶ
743 547 837 602 τοῦ
865 545 991 599 Υἰοῦ
1022 544 1115 598 καὶ
1146 543 1241 597 τοῦ
1275 543 1427 611 ἁγίου
1458 542 1787 613 Πνεύματος·
1820 561 1838 593 ι

276 646 365 713 ἀφ’
399 636 473 697 ὧν
524 641 592 715 δὴ
644 637 984 711 μανθάνομεν
1033 633 1242 705 Πατρός
1285 644 1343 687 τε
1377 633 1664 704 πρόσωπον
1696 632 1844 695 ἴδιον,

279 736 374 788 καὶ
437 732 569 786 Υἰοῦ
626 731 915 801 πρόσωπον
966 726 1093 779 ἴδιον
1118 764 1133 788 ,
1182 725 1277 777 κοιλ⁸
1329 724 1639 793 Πνεύματος
1693 722 1845 792 ἁγίου

280 825 571 894 πρόσωπον
602 820 755 884 ἴδιον,
783 818 881 887 τῆς
913 816 1062 878 θείας
1086 816 1179 867 καί.
1211 813 1378 866 ἀϊδίου
1412 813 1596 875 οὐσίας
1623 814 1847 865 ἕκαστον

277 914 482 967 τούτων
535 907 676 965 εἶναι
716 908 1025 979 νομίζοντες
1065 908 1280 976 ὁμοίως,
1316 905 1409 957 ἆτε
1454 904 1580 973 μιᾶς
1616 904 1713 974 μὲν
1750 903 1849 974 τῆς

285 1004 583 1077 μαθητείας
612 1001 775 1072 οῦσης
800 999 867 1069 ἦν
895 998 985 1051 ἐπὶ
1009 996 1322 1067 διδασκαλία
1349 996 1446 1065 τῆς
1468 996 1614 1059 θείας
1638 995 1851 1060 egemu-

282 1096 497 1150 δεύοντο
530 1091 781 1161 γνώσεως
805 1106 819 1120 ·
867 1089 983 1150 ἐνὸς
1016 1087 1072 1139 δὲ
1101 1086 1192 1139 τοῦ
1234 1085 1601 1155 βαπτίσματος
1638 1088 1730 1161 τοῦ
1763 1085 1848 1138 ἐπ’

282 1187 504 1256 ὀνόματι
528 1182 731 1236 τούτων
753 1177 1143 1250 πληρουμένου.
1186 1175 1249 1229 Ἡ
1271 1175 1563 1239 Παλαιάδέ,
1591 1174 1663 1239 ὡς
1693 1176 1849 1245 ἔφην,

281 1277 510 1346 Πνεῦμα
544 1275 697 1342 ἅγιον
733 1274 789 1325 ἐν
829 1271 938 1341 ἰδίῳ
972 1268 1243 1341 προσώπῳ
1273 1267 1367 1321 καὶ
1404 1268 1694 1321 ὑποστάσει
1724 1267 1848 1338 ἰδίᾳ,

282 1366 706 1439 κεχωρισμένως
744 1363 837 1415 τοῦ
884 1361 1018 1414 Θεοῦ
1060 1360 1158 1412 οὐκ
1198 1358 1496 1428 ἠπίστατο·
1538 1357 1757 1428 Πνεῦμα
1795 1358 1852 1412 δὲ

283 1460 440 1525 ᾰγιον
476 1454 683 1515 ἐκάλει,
725 1454 846 1522 ἦτοι
888 1450 1111 1519 Πνεῦμα
1140 1447 1293 1512 Θεοῦ,
1334 1448 1429 1517 τὴν
1468 1448 1624 1517 χάριν
1666 1447 1849 1511 αὑτοῦ,

1948 538 2185 609 Spiritus
2213 540 2384 595 sancti
2405 539 2449 569 ³³
2470 557 2483 591 :
2508 557 2526 589 ι
2561 538 2702 591 unde
2732 536 2995 591 discimus
3013 536 3185 590 Patris
3215 551 3500 606 personam

1946 631 2240 699 propriam,
2272 636 2327 684 et
2362 627 2480 682 Filii
2512 642 2800 697 personam
2845 630 3140 697 propriam,
3170 637 3222 680 et
3268 624 3503 695 Spiritus

1948 722 2119 776 sancti
2149 736 2430 791 personam
2467 720 2768 790 proiiriam,
2818 733 3263 788 unumquemque
3310 718 3504 772 horum

1947 812 2184 867 divinam
2211 827 2275 865 ac
2300 811 2682 879 sempiternam
2721 823 2875 879 aeque
2904 809 3101 863 habere
3145 809 3503 863 substantiam

1948 909 2269 970 censentes;
2303 902 2737 971 quandoquidem
2767 916 2875 955 una
2902 908 2985 955 est
3010 900 3277 965 doctrina,
3311 913 3416 969 qua
3450 900 3505 954 in

1948 997 2146 1052 divinae
2192 998 2434 1053 scientiae
2485 995 2777 1051 traditione
2840 996 3220 1050 imbuebantur
3268 1014 3282 1050 :
3338 1009 3507 1051 unum

1951 1090 2075 1143 item
2102 1089 2367 1158 baptisma
2394 1089 2444 1140 in
2472 1089 2690 1143 nomine
2714 1089 2904 1141 horum
2931 1088 3208 1142 collatum.
3248 1087 3318 1141 At
3361 1084 3509 1141 Scri-

1949 1186 2108 1249 ptura
2139 1184 2314 1240 vetus,
2345 1187 2404 1231 ut
2434 1178 2568 1242 dixi,
2608 1177 2868 1247 Spiritum
2912 1185 3160 1231 sanctum
3208 1176 3261 1231 in
3291 1178 3508 1247 propria

1950 1286 2210 1340 persona,
2254 1271 2389 1325 etin
2442 1271 2657 1339 propria
2689 1270 2994 1340 hypostasi,
3043 1284 3288 1325 seorsum
3336 1284 3367 1323 a
3414 1269 3507 1325 Dei

1951 1364 2185 1432 generali
2231 1363 2451 1417 notione
2493 1362 2759 1417 nescivit:
2795 1360 3056 1431 Spiritum
3089 1376 3215 1415 vero
3262 1368 3508 1415 sanctum

1952 1456 2066 1508 sive
2097 1453 2355 1522 Spiritum
2388 1452 2502 1515 Dei,
2547 1454 2774 1519 gratiam
2808 1452 2982 1522 ipsius
3012 1454 3261 1515 vocabat,
3296 1453 3378 1507 vel
3411 1453 3511 1507 im-

281 1552 317 1620 ἢ
351 1549 450 1619 τὴν
479 1542 886 1613 ἐπιστασίαν,ἧ
923 1543 1020 1610 τὴν
1059 1539 1460 1611 κηδεμονίαν,ἢ
1498 1541 1594 1611 τὴν
1634 1540 1757 1611 περί
1800 1558 1853 1593 τι

1963 1546 2163 1614 perium
2195 1560 2258 1597 ac
2294 1544 2708 1614 providentiam,
2743 1544 2826 1598 vel
2860 1558 2985 1609 erga
3017 1543 3221 1612 aliquid
3268 1542 3511 1597 aﬂ‘ectio-

284 1640 545 1701 διάθεσιν,
574 1635 748 1705 ἢεῖτι
778 1633 1032 1687 τοιοῦτον·
1071 1633 1142 1703 (p.
1166 1633 1291 1701 4‘21)
1320 1632 1458 1685 «Ποῦ
1481 1631 1727 1703 πορευθῶ
1749 1632 1855 1685 άπὸ

1963 1652 2096 1695 nem,
2118 1635 2200 1687 vel
2222 1636 2437 1705 quidvis
2461 1633 2786 1702 hujusmodi.
2824 1651 2843 1684 ι
2872 1634 2988 1701 Quo
3003 1647 3032 1687 a
3051 1632 3255 1704 Spiritu
3279 1642 3372 1688 tuo
3394 1635 3513 1689 ibo?

287 1730 383 1782 τοῦ
407 1726 725 1795 Πνεῦματός
759 1740 889 1787 σου;
927 1724 1021 1776 καὶ
1048 1723 1155 1776 ἀπὸ
1176 1722 1268 1775 τοῦ
1302 1722 1591 1791 προσώπου
1623 1740 1713 1775 σου
1752 1722 1853 1775 ποῦ

1963 1738 2007 1781 et
2043 1741 2072 1778 a
2116 1725 2251 1780 facie
2284 1732 2375 1779 tua
2404 1742 2513 1795 quo
2559 1726 2758 1795 fugiam
2778 1723 2858 1776 “?
2895 1742 2914 1774 ι
2968 1722 3094 1777 Vult
3139 1725 3284 1779 enim
3333 1725 3515 1782 dicere

294 1821 485 1890 φύγως
506 1837 524 1869 ι
556 1788 810 1870 Πούλεται
830 1815 936 1885 γὰρ
956 1816 1124 1867 εἰπεῖν
1146 1815 1226 1866 ὅτι
1254 1788 1396 1878 “Bito
1422 1814 1521 1885 τῆς
1542 1814 1856 1878 ἐπιστασίας

1963 1812 2072 1866 [ieri
2101 1827 2209 1864 non
2242 1826 2420 1880 posse.
2450 1823 2505 1865 ut
2535 1826 2686 1866 extra
2712 1821 2861 1865 tuum
2892 1812 3177 1881 imperium
3209 1814 3335 1877 sim,
3383 1830 3515 1885 quo-

299 1932 394 1967 σου
425 1911 672 1980 γενέσθαι
704 1911 764 1963 οὐ
791 1908 1030 1970 δυνατὸν,
1071 1906 1257 1977 ἐπειδὴ
1300 1908 1464 1975 πάρει
1508 1908 1618 1969 τοῖς
1657 1908 1852 1960 πᾶσιν·

294 2003 489 2071 ἐπάγει
528 1999 658 2069 γοῦν
698 1999 836 2068 πρὸς
872 1997 963 2050 τὸν
1003 1994 1156 2054 Θεὸν,
1193 1993 1372 2067 ορκὲτι
1408 1992 1717 2063 Πνεύματος
1759 2008 1852 2062 με-

294 2092 570 2164 μνημένος
587 2108 601 2122 ο
636 2108 655 2141 ι
680 2089 804 2141 Ἐάν
825 2084 1010 2141 ἁναδῶ
1027 2087 1105 2148 εἰς
1122 2084 1214 2138 τὸν
1239 2084 1483 2155 οὐρανὸν,
1510 2084 1573 2136 σὺ
1599 2084 1714 2136 ἐκεῖ
1735 2077 1804 2134 εἶ·
1831 2099 1850 2133 ι

292 2187 377 2238 ἵνα
402 2185 534 2254 εῐπῃ
561 2182 642 2234 ὅτι
678 2177 851 2229 Ὅπου
870 2175 985 2227 ποτ’
1008 2173 1072 2227 ἂν
1095 2170 1160 2239 ὢ,
1187 2175 1290 2229 ὑπὸ
1320 2174 1419 2246 τὴν
1444 2175 1689 2242 ἐξουσίαν
1723 2174 1857 2228 καθ-

284 2277 499 2346 έστηκα
530 2272 629 2343 τὴν
660 2271 777 2342 σὴν,
808 2269 928 2323 καθ’
955 2269 1020 2339 ἥν
1037 2269 1181 2331 ὅπως
1202 2266 1267 2320 ἂν
1293 2267 1479 2338 ἐθέλῃς
1507 2284 1563 2320 τε
1586 2269 1697 2331 τοῖς
1726 2267 1856 2320 πᾶσι

294 2366 485 2437 παρὼν
535 2364 605 2418 τὰ
657 2364 776 2418 κατ’
816 2362 915 2432 ἐμὲ
955 2360 1171 2422 διοικεῖς
1196 2376 1209 2390 ο
1270 2378 1288 2410 ι
1316 2358 1389 2412 Τὸ
1420 2357 1643 2427 Πνεῦμά
1677 2374 1771 2410 σου
1796 2357 1859 2411 τὸ

288 2456 496 2524 ἀγαθὸν
537 2455 793 2524 ὁδηγήσει
836 2469 899 2523 με
932 2453 988 2505 ἐν
1012 2453 1080 2522 γῇ
1110 2449 1309 2520 εὐθείᾳ·
1339 2468 1357 2501 ι
1394 2450 1482 2503 ἵνα
1510 2450 1656 2522 εἴπῃ,
1701 2450 1859 2517 ’Δγα-

290 2550 475 2621 θότητι
502 2547 734 2600 πάντοτε
773 2545 841 2597 τὰ
871 2542 988 2596 κατ’
1026 2543 1123 2613 ἐμὲ
1157 2542 1454 2612 διοικήσας,
1489 2541 1629 2595 κατά
1654 2540 1859 2611 ταύτην

292 2660 358 2712 με
386 2642 485 2694 καὶ
515 2640 614 2692 νῦν
644 2636 930 2701 ἐπανάξεις
952 2651 967 2664 ·
1013 2654 1031 2687 ι
1057 2635 1128 2688 Τὸ
1153 2634 1375 2703 Πνεῦμά
1403 2651 1495 2687 σου
1517 2633 1578 2686 τὸ
1600 2632 1751 2702 ἅγιον
1784 2634 1857 2703 μὴ

291 2734 591 2805 ἀντανέλῃς
628 2734 721 2786 ἀπ’
755 2729 911 2798 ἐμοῦ,
936 2749 954 2781 ι
1004 2728 1089 2781 ἶνα
1123 2727 1284 2799 εἴπῃ,
1326 2727 1436 2797 Τὴν
1461 2724 1733 2797 ἐξαίρετόν
1764 2741 1857 2777 σου

290 2828 384 2880 καὶ
414 2823 799 2892 ἐξειλεγμένην
842 2818 1160 2891 κηδεμονίαν
1197 2818 1291 2871 ἀπ’
1338 2816 1470 2886 ἐμοῦ
1515 2815 1588 2887 μὴ
1635 2815 1855 2888 ἀφέλῃς.

292 2917 479 2978 υῦτως
504 2915 601 2969 καὶ
630 2914 862 2967 ἐνταῦθα
887 2912 1057 2979 λέγει·
1103 2928 1121 2961 ι
1143 2910 1252 2964 Καὶ
1285 2910 1344 2962 τὸ
1370 2907 1593 2978 Πνεῦμά
1621 2925 1720 2978 μου
1769 2910 1860 2976 ἐφ-

292 3012 520 3080 έστηκεν
554 3008 612 3060 ἐν
646 3005 794 3077 μέσῳ
827 3003 999 3074 ὑμῶν·
1031 3022 1050 3055 ι
1087 3003 1172 3055 ἵνα
1202 3000 1351 3074 εἴπῃ,
1393 3001 1456 3053 Ἢ
1493 3000 1702 3071 χάριςή
1728 2999 1854 3071 ἐμὴ,

1958 1904 2103 1957 niam
2135 1904 2389 1959 omnibus
2421 1906 2581 1959 rebus
2623 1903 2772 1957 ades.
2814 1902 2989 1974 Pergit
3021 1904 3202 1973 itaque
3228 1906 3407 1960 dicere
3448 1906 3517 1960 de

1957 1995 2067 2049 Deo
2103 1997 2307 2050 omissa
2346 1996 2584 2065 Spiritus
2626 1995 2932 2050 mentione:
2972 2014 2991 2047 ι
3018 1995 3076 2049 Si
3123 1998 3420 2053 ascendero
3461 1996 3517 2052 in

1957 2088 2176 2152 caelum,
2210 2098 2265 2141 tu
2294 2087 2363 2140 ibi
2399 2104 2457 2141 es
2484 2088 2558 2154 ης
2592 2084 2933 2153 tubicunque
2948 2083 3115 2154 fuero,
3134 2092 3236 2146 sub
3257 2099 3519 2161 potestate

1959 2187 2048 2234 tua
2089 2194 2207 2234 sum
2234 2180 2589 2241 constitutus,
2624 2195 2730 2247 qua
2757 2180 3245 2248 quomodoeunque
3284 2184 3520 2239 volueris

1958 2272 2170 2327 cunctis
2193 2285 2454 2340 praesens,
2481 2286 2569 2324 res
2599 2286 2748 2326 meas
2778 2272 3069 2341 gubernas.
3097 2291 3114 2323 ι
3136 2270 3371 2342 Spiritus
3394 2283 3521 2331 tuus

1957 2366 2131 2419 bonus
2169 2363 2396 2417 deducet
2427 2378 2511 2417 me
2540 2363 2593 2415 in
2625 2372 2823 2415 terram
2854 2373 3057 2417 rectam
3079 2364 3155 2431 ³⁶;
3183 2384 3201 2417 ι
3231 2366 3402 2433 idest,
3423 2369 3521 2421 Bo-

1959 2455 2128 2508 nitate
2168 2464 2257 2507 tua
2297 2468 2383 2506 res
2419 2468 2565 2507 meas
2608 2454 2939 2524 gubernans,
2983 2453 3081 2507 hac
3112 2456 3226 2524 ipsa
3255 2472 3342 2510 me
3380 2472 3521 2511 nunc

1959 2545 2206 2599 reduces.
2240 2563 2256 2595 ι
2290 2544 2550 2614 Spiritum
2595 2554 2843 2597 sanctum
2895 2557 3045 2598 tuum
3097 2560 3164 2600 ne
3221 2546 3436 2602 auferas
3493 2564 3521 2601 a

1961 2653 2078 2703 me;
2104 2656 2121 2686 ι
2147 2636 2197 2689 id
2220 2644 2304 2689 est
2327 2636 2595 2705 peculiare
2612 2638 2979 2705 selertutnque
3005 2639 3360 2710 patrocinium
3387 2655 3414 2692 a
3438 2657 3523 2695 me

1961 2746 2065 2783 non
2085 2728 2318 2784 auferas.
2336 2729 2426 2782 Sic
2446 2725 2605 2777 etiam
2626 2723 2725 2777 hoc
2745 2721 3003 2778 lucoait”
3023 2742 3036 2779 :
3056 2742 3075 2774 ι
3103 2730 3339 2801 Spiritus
3370 2747 3525 2786 meus

1960 2820 2131 2874 astitit
2172 2820 2224 2873 in
2256 2819 2432 2873 medio
2464 2821 2630 2873 vestri
2653 2838 2668 2885 ;
2691 2836 2709 2877 ι
2729 2818 2891 2881 idest,
2912 2820 3093 2875 Gratia
3128 2837 3245 2876 mea
3268 2838 3525 2891 meusque

1959 2925 2083 2981 erga
2113 2926 2211 2965 vos
2247 2910 2474 2965 allectus
2500 2910 2780 2965 vobiscum
2812 2924 2917 2969 est.
2947 2914 3242 2980 praesidens
3266 2929 3526 2983 suamque

1958 3001 2115 3054 vobis
2149 3016 2303 3069 apem
2333 3002 2603 3069 praebens.
2630 3001 2783 3055 Sicut
2807 3004 3059 3058 videlicet
3078 3004 3314 3059 animam
3344 3006 3396 3059 in
3424 3004 3528 3059 Deo

292 3101 386 3153 καὶ
410 3100 447 3169 ἡ
489 3096 620 3167 περί
655 3095 798 3164 ὑμᾶς
829 3092 1064 3155 διάθεσις
1098 3090 1348 3144 συνέσται
1392 3090 1539 3159 ὑμῖν,
1573 3089 1858 3157 ἐφεστῶσά

1963 3089 2117 3151 dicit,
2150 3106 2257 3143 non
2286 3090 2442 3159 quasi
2472 3093 2760 3160 quamdam
2787 3103 3139 3174 nypostasup,
3160 3096 3251 3150 sed
3281 3095 3527 3150 allectum

291 3209 350 3244 τε
369 3190 467 3244 καὶ
494 3189 595 3257 τὴν
624 3186 819 3255 ἑαυτῆς
841 3187 971 3255 ἡμῖν
993 3183 1302 3255 παρέχουσα
1321 3180 1601 3248 ὠφέλειαν.
1646 3182 1732 3244 Ὠς
1752 3180 1860 3251 γὰρ

290 3284 388 3353 τὴν
414 3280 598 3351 ψυχὴν
630 3280 723 3331 ἐπὶ
766 3276 857 3329 τοῦ
899 3274 1034 3329 Θεοῦ
1063 3275 1228 3343 λέγει,
1264 3274 1361 3344 οὐχ
1401 3273 1690 3326 ὑπόστασιν
1719 3290 1859 3336 τινα,

290 3373 388 3443 τὴν
414 3372 473 3424 δὲ
505 3369 635 3438 περί
668 3386 719 3421 τι
747 3366 980 3421 διάθεσιν
1004 3364 1174 3429 οὕτως
1196 3362 1501 3434 ὀνομάζων·
1542 3358 1652 3415 οἷον
1689 3364 1765 3415 ὅτ’
1798 3362 1862 3416 ἂν

292 3462 448 3534 λέγῃ,
488 3479 507 3511 ι
537 3460 652 3521 Τὰς
672 3457 955 3527 νεομηνίας
980 3454 1132 3525 ὑμῶν
1166 3454 1256 3507 καὶ
1284 3453 1351 3507 τὰ
1381 3452 1625 3505 σάόδατα
1657 3454 1801 3523 μισεῖ
1827 3454 1858 3522 ἡ

292 3553 436 3623 ψυχή
465 3567 590 3620 μου,
622 3566 640 3599 ι
685 3547 769 3599 ἵνα
798 3545 893 3617 τὴν
922 3545 1154 3598 διάθεσιν
1193 3546 1318 3616 εἴπῃ
1351 3543 1469 3597 καθ’
1497 3545 1560 3615 ἣν
1590 3544 1767 3613 ἐμίσει
1797 3545 1863 3596 τὰ

1963 3194 2089 3245 erga
2117 3180 2319 3249 aliquid
2349 3182 2422 3233 ita
2454 3181 2763 3235 nominans.
2788 3177 2960 3234 Veluti
2981 3164 3103 3234 cum
3122 3179 3271 3236 dicit:
3296 3197 3313 3228 ι
3339 3186 3529 3239 Calen-

1963 3269 2063 3324 das
2094 3276 2334 3329 vestras,
2383 3278 2435 3323 et
2488 3270 2712 3325 sabbata
2760 3270 2873 3324 odit
2926 3271 3105 3325 anima
3130 3287 3246 3325 mea
3265 3273 3530 3337 "uarie-

1963 3361 2195 3414 ctionem
2242 3360 2408 3430 278
2450 3361 2593 3414 illam
2625 3362 2952 3431 signiﬁcans,
2980 3377 3085 3431 qua
3116 3364 3327 3417 illorum
3366 3380 3530 3435 Opera

1964 3452 2152 3506 oderat
2184 3454 2445 3522 improbis
2475 3454 2718 3507 moribus
2762 3454 3131 3523 prmditorum.
3159 3456 3231 3509 Ita
3269 3458 3532 3525 Spiritum

1964 3560 2179 3613 quoque
2196 3544 2348 3598 dicit.
2369 3543 2567 3598 Verum
2589 3546 2653 3598 de
2668 3545 2753 3599 his
2773 3547 2907 3600 satis
2927 3562 3196 3616 superque
3216 3549 3418 3602 dictum
3438 3550 3532 3604 sit.

294 3645 425 3712 παρ’
459 3640 643 3694 αὐτῶν
667 3638 923 3709 γινόμενα
952 3634 1236 3707 μοχθηρῶν
1266 3634 1432 3688 ὄντων
1470 3634 1559 3687 τὸν
1581 3633 1778 3704 τρόπον
1805 3649 1818 3663 ·
1850 3632 2021 3696 οὕτως
2067 3633 2162 3687 καὶ
2193 3633 2253 3685 τὸ
2286 3633 2507 3704 Πνεῦμα
2549 3634 2714 3701 λέγει.
2734 3633 2888 3688 Ἀλλά
2931 3634 3034 3707 γάρ
3059 3637 3229 3689 ταῦτα
3264 3638 3359 3707 μὲν
3397 3639 3535 3712 ὑπὲρ

295 3739 540 3799 πλείονος
566 3734 803 3807 εἰρήσθω
821 3733 919 3803 τῆς
944 3731 1241 3803 ἀκριϐείας.

370 3850 521 3903 Στίκ.
556 3854 692 3912 εἶ’-ι’,
724 3875 794 3885 ——
834 3845 891 3898 '(l
922 3845 978 3898 δέ
1010 3860 1073 3912 γε
1112 3844 1244 3906 Θεὸς
1272 3844 1459 3915 ἐπειδὴ
1490 3845 1721 3915 διήγειρε
1768 3844 1864 3913 μὲν

299 3944 356 3995 ἐν
400 3944 517 4004 τοῖς
566 3937 982 4010 προειρημένοις
1028 3938 1117 3990 τὸν
1157 3936 1284 3989 λαὸν
1329 3937 1418 3990 διὰ
1457 3936 1550 3989 τοῦ
1588 3937 1863 4007 προφήτου

299 4031 431 4101 περὶ
469 4029 531 4081 τὸ
568 4027 726 4098 ἔργον
760 4028 859 4097 τῆς
889 4025 1173 4096 οἰκοδομῆς
1205 4026 1491 4096 αὐτάρκως
1527 4026 1622 4078 καὶ
1667 4024 1867 4096 προθυο

303 4123 569 4193 μοτέρους
596 4117 908 4190 εἰργάσατο,
950 4117 1025 4188 (p.
1054 4117 1177 4187 422)
1218 4115 1364 4187 ἐώρα
1390 4116 1446 4168 δὲ
1488 4116 1865 4186 συλλογιζομέ-

299 4232 422 4278 νους
452 4212 617 4265 πόθεν
652 4210 717 4264 ἂν
746 4211 924 4273 αὐτοῖς
957 4209 1305 4280 προσγένοιτο
1333 4207 1568 4261 τοσαῦτα
1596 4208 1674 4261 ἔτι
1707 4225 1863 4262 πενο-

302 4307 486 4377 μένοις
518 4306 585 4356 ἐκ
616 4303 714 4371 τῆς
740 4302 1134 4372 αἰχμαλωσίας,
1167 4302 1258 4370 ἀφ’
1290 4294 1361 4353 ὧν
1389 4300 1613 4353 δυνατὸν
1638 4300 1781 4355 κατὰ
1806 4301 1866 4353 τὸ

300 4394 582 4467 προσῆκὸν
612 4410 672 4446 τε
705 4392 1101 4464 ἀπαρτισθῆναι
1129 4393 1220 4447 τὸν
1252 4393 1374 4445 ναὸν
1401 4394 1493 4446 καὶ
1518 4394 1696 4445 πᾶσαν
1718 4391 1865 4461 αὐτῷ

2031 3837 2201 3893 Vens.
2234 3837 2390 3893 6-10.
2426 3837 2491 3892 Et
2538 3838 2680 3895 Deus
2724 3840 2943 3907 quidem
2972 3855 3095 3894 cum
3132 3843 3426 3895 excitasset
3478 3843 3534 3898 in

1964 3932 2232 4001 praedictis
2266 3933 2522 4002 populum
2555 3948 2649 4002 per
2679 3934 2995 4003 prephetam
3020 3935 3084 3987 ad
3130 3936 3341 3990 mdiiicii
3373 3952 3531 4005 opus,

1964 4023 2203 4090 satisque
2235 4040 2357 4077 eum
2390 4033 2695 4094 promptum
2733 4024 3024 4090 ellecisset,
3062 4029 3318 4081 cernebat
3356 4037 3534 4083 tamen

1962 4129 2085 4168 eum
2111 4125 2471 4182 reputantem,
2506 4117 2776 4172 undenam
2811 4117 2914 4172 sibi
2952 4119 3174 4189 pauperi
3207 4135 3271 4173 ex
3311 4121 3537 4188 captivi-

1968 4214 2077 4259 tate
2126 4207 2353 4262 facultas
2404 4209 2539 4263 foret
2588 4209 2747 4278 digne
2796 4212 3055 4279 templum
3106 4211 3453 4274 exstruendi,
3484 4218 3532 4265 ut

1973 4309 2271 4366 congruum
2297 4307 2544 4351 ornatum
2570 4301 2823 4363 addeudi,
2847 4303 3059 4369 qualem
3086 4311 3242 4357 antea
3273 4304 3537 4358 habuerat

1978 4388 2032 4441 in
2065 4390 2356 4443 structuris
2394 4404 2457 4442 ac
2487 4392 2631 4445 vasis
2668 4393 2874 4446 sanctis
2914 4402 2965 4445 et
3000 4394 3261 4463 reliquis;
3309 4394 3538 4466 ideoque

298 4489 396 4557 τὴν
427 4486 812 4556 προσήκουσαν
843 4484 1172 4555 εὐπρέπειαν
1198 4482 1542 4552 ἀποδοθῆναι,
1567 4484 1683 4536 οἵαν
1709 4483 1773 4553 δὴ
1806 4484 1858 4536 τὸ

1972 4484 2156 4538 addit:
2195 4486 2520 4551 «Coniidite,
2564 4504 2737 4557 neque
2767 4491 3038 4546 metuatis.
3063 4510 3081 4542 ι
3121 4459 3288 4556 llaec,
3328 4459 3538 4563 inquit,

302 4579 570 4648 πρότερον
600 4571 746 4645 εἶχεν
779 4576 838 4626 ἐν
865 4573 1167 4644 οἰκοδομαῖς
1197 4590 1257 4626 τε
1292 4575 1384 4626 καὶ
1411 4573 1658 4626 σκεύεσιν
1690 4573 1864 4640 ἁγίοις

302 4672 395 4723 καὶ
440 4672 557 4733 τοῖς
607 4668 834 4730 λοιποῖς,
889 4667 1114 4734 ἐπάγει·
1178 4686 1195 4717 ι
1251 4665 1537 4737 Θαρσεῖτε,
1554 4665 1627 4735 μὴ
1666 4666 1731 4736 δὴ
1774 4682 1869 4733 φο-

303 4762 504 4815 εεῖσθε.
554 4780 573 4813 ο
614 4759 750 4831 Περὶ
789 4758 1021 4822 τούτων,
1057 4760 1224 4828 φησι,
1260 4759 1356 4812 καὶ
1396 4758 1511 4821 πῶς
1538 4758 1732 4821 ἔνεστι,
1794 4758 1866 4826 μὴ

306 4853 579 4924 φοϐεῖσθε.
627 4871 645 4903 ι
693 4851 836 4903 Διότι
875 4850 997 4903 τάδε
1031 4850 1177 4917 λέγει
1214 4849 1416 4921 Κύριος
1455 4849 1861 4920 παντοκράτωρ·

308 4947 426 4999 Ἔτι
463 4944 611 5010 ἆπαξ
655 4942 765 5011 ἐγὼ
808 4944 935 4995 σεὲω
979 4944 1068 4996 τὸν
1110 4943 1336 5013 οὐρανὸν
1377 4942 1471 4995 καὶ
1502 4942 1600 5012 τὴν
1641 4941 1744 5011 γῆν
1774 4943 1868 4994 καὶ

304 5038 400 5107 τὴν
427 5036 702 5090 θάλασσαν
736 5034 830 5087 xui.
852 5036 949 5104 τὴν
972 5033 1157 5105 ξηράν·
1197 5034 1290 5087 καί⁵
1316 5033 1581 5086 συσσείσω
1602 5033 1777 5086 πάντα
1806 5032 1874 5084 τὰ

305 5128 429 5199 ἔθνη
457 5144 472 5157 ·
502 5129 596 5180 καὶ
625 5126 743 5197 ἥξει
776 5128 845 5179 τὰ
874 5125 1103 5179 ἐκλεκτὰ
1144 5125 1357 5178 πάντων
1400 5124 1507 5176 τῶν
1548 5122 1743 5177 ἐθνῶν·
1781 5123 1875 5176 καὶ

304 5222 492 5293 πλήσω
506 5221 599 5274 τὸν
617 5217 766 5273 οἷκον
781 5218 966 5271 τοῦτον
981 5218 1158 5285 δόξης,
1181 5218 1327 5286 λέγει
1348 5217 1549 5289 Κύριος
1570 5215 1869 5285 παντοκρά-

305 5328 431 5384 τωρ·
463 5312 595 5364 διότι
626 5310 889 5382 μεγάληὴ
916 5310 1043 5376 δόξα
1070 5309 1162 5363 τοῦ
1189 5310 1338 5362 οἴκου
1364 5309 1550 5361 τούτου
1568 5349 1585 5376 ,
1609 5309 1642 5378 ἡ
1663 5305 1863 5378 ἐσχάτη

304 5403 441 5475 ὑπὲρ
472 5405 570 5474 τὴν
592 5403 838 5472 πρώτην,
867 5402 1010 5471 λέγει
1032 5400 1233 5473 Κύριος
1255 5400 1667 5471 παντοκράτωρ,
1694 5400 1789 5453 καὶ
1808 5400 1865 5451 ἐν

306 5495 379 5566 τῷ
403 5494 553 5566 τόπῳ
579 5492 759 5564 τούτῳ
786 5492 940 5547 δώσω
964 5494 1185 5565 εἰρήνην
1205 5533 1220 5558 ,
1249 5491 1399 5560 λέγει
1430 5491 1631 5563 Κύριος
1669 5508 1867 5546 παντο-

312 5740 391 5794 15.

1974 4579 2244 4645 quomodo
2302 4577 2475 4632 futura
2527 4580 2663 4641 sint,
2718 4597 2785 4633 ne
2832 4581 3138 4651 ambigatis.
3176 4602 3194 4633 ι
3235 4583 3372 4649 Quia
3427 4584 3539 4639 haec

1975 4667 2386 4722 dicitDomiuus
2419 4671 2794 4737 omnipotens:
2824 4670 3015 4725 Adhuc
3047 4688 3146 4742 ego
3176 4675 3372 4727 cmlum
3411 4691 3541 4727 cort-

1975 4760 2121 4812 cutio
2152 4767 2207 4812 ct
2240 4767 2438 4814 terram
2469 4776 2531 4814 ac
2562 4775 2710 4815 mare
2744 4770 2799 4817 et
2828 4763 3033 4817 aridam
3060 4782 3072 4817 :
3111 4774 3164 4818 et
3190 4766 3540 4819 commovebo

1976 4864 2165 4905 omnes
2207 4858 2430 4917 gentes:
2465 4861 2519 4905 et
2563 4852 2780 4908 venient
2828 4855 2999 4909 electa
3033 4871 3259 4925 quaaque
3299 4855 3537 4909 einnium

1976 4944 2257 5012 gentium:
2307 4952 2361 4999 et
2402 4944 2638 5013 implebo
2687 4946 2906 5000 domum
2960 4950 3099 5001 hanc
3150 4948 3357 5017 gloria.
3409 4951 3537 5001 dicit

1976 5035 2235 5090 llominus
2260 5037 2640 5105 omnipotens:
2667 5039 2794 5107 quia
2817 5053 3005 5099 magna
3030 5041 3131 5092 erit
3153 5040 3321 5107 gloria
3345 5038 3540 5096 domus

1973 5126 2159 5194 hujus,
2192 5127 2460 5195 posterior
2491 5140 2599 5196 pra:
2622 5126 2824 5194 priore,
2858 5126 2991 5179 dicit
3016 5125 3276 5179 Dominus
3302 5127 3538 5196 omnipo-

1976 5230 2126 5273 tens:
2177 5226 2232 5272 ct
2261 5219 2364 5272 hoc
2395 5220 2447 5271 iu
2496 5220 2614 5274 loco
2644 5219 2784 5272 dabo
2834 5233 3052 5287 pacem,
3101 5215 3233 5271 dicit
3282 5216 3544 5274 Dominus

1974 5310 2342 5379 omnipotens,
2374 5318 2427 5365 et
2448 5325 2633 5380 pacem
2667 5313 2861 5365 animae
2888 5309 2941 5363 in
2975 5309 3389 5378 acquisitionem
3426 5326 3543 5364 om-

1975 5403 2029 5456 ni
2058 5403 2369 5466 aeditieanti,
2409 5411 2467 5457 ut
2492 5404 2752 5472 templum
2782 5404 2882 5457 hoc
2916 5409 3183 5458 exstruat.
3211 5422 3230 5455 ι
3267 5402 3339 5457 De
3373 5418 3544 5470 penu-

1974 5493 2056 5546 ria
2088 5495 2555 5560 necessariorum;
2598 5495 2791 5564 inquit,
2837 5511 2905 5550 ne
2948 5495 3172 5551 solliciti
3218 5496 3339 5552 sitis
3382 5514 3395 5550 :
3444 5512 3543 5565 ego

376 5670 421 5703 ³³
453 5671 644 5728 Matth.
688 5683 886 5738 xum,
912 5672 998 5725 l9.
1074 5671 1118 5703 “
1152 5670 1300 5726 Psal.
1342 5685 1603 5735 cxxxvut,
1645 5670 1696 5723 7.
1777 5669 1819 5700 "
1860 5667 2069 5725 lbid.8.
2149 5671 2195 5703 ³⁸
2232 5670 2377 5726 Psal.
2419 5673 2700 5739 cu.u,10.
2777 5664 2819 5705 ”
2859 5671 3075 5738 Psal.t.,
3121 5673 3204 5727 15.
3283 5671 3327 5703 ³⁸
3365 5672 3449 5727 lsa
3502 5692 3541 5744 ι,
