4054 6238
446 380 546 442 437

1591 359 1937 419 THEODORI
1975 355 2458 415 MOPSUESTENI

3573 354 3674 411 £88

446 498 591 550 enim
621 497 848 546 cunctas
880 501 1013 559 pene
1058 493 1410 540 commovens
1442 488 1649 551 gentes,
1680 493 1878 548 magno
1909 492 2014 530 nu~

2138 474 2356 547 ιράτωρ,
2381 472 2474 524 καὶ
2497 470 2719 541 είρήνην
2741 466 2918 537 ψυχῆς
2945 468 3025 530 είς
3047 465 3392 537 περιποίησιν
3416 467 3580 519 παντὶ
3602 467 3679 536 τῷ

448 599 604 640 mero
650 582 943 650 multisque
996 576 1251 648 praeditas
1300 574 1526 644 Opibus,
1576 570 1642 624 ad
1691 584 1789 623 vos
1824 570 2013 623 venire

450 676 783 747 permittam.
815 672 950 727 Dicit
982 677 1162 723 autem
1196 666 1331 736 Gogi
1378 664 1657 735 populum,
1695 676 1803 731 quo
1849 659 2013 713 adve-

451 768 656 829 niente,
680 773 811 818 tunc
839 762 1069 817 maxime
1090 759 1284 813 domus
1307 757 1469 825 hujus
1498 754 1668 825 gloria
1694 753 2012 806 inclarescet

454 866 676 929 propter
710 871 883 910 meam
917 855 1174 908 tutelam:
1211 867 1335 905 nam
1376 851 1590 904 illorum
1633 856 1912 917 argentum
1960 852 2013 898 et

456 965 670 1013 aurum,
698 956 751 1002 et
779 944 1060 1016 quidquid,
1092 951 1148 996 ut
1168 940 1476 995 summatim
1503 939 1699 1000 dicam,
1730 938 1767 989 ii
1793 935 2011 998 habent,

456 1055 635 1096 meum
662 1047 766 1101 est,
789 1037 1043 1106 quoniam
1073 1033 1205 1087 nihil
1236 1032 1289 1085 in
1317 1031 1517 1085 mundo
1550 1044 1725 1083 meum
1754 1043 1863 1081 non
1894 1034 2013 1087 est,

457 1132 582 1203 quia
610 1141 859 1185 creatura
889 1128 1069 1181 omnis
1088 1141 1224 1194 opus
1256 1138 1433 1177 meum
1457 1129 1541 1175 est
1565 1140 1576 1173 :
1609 1135 1728 1189 qua:
1750 1134 1854 1188 ego
1884 1118 2016 1187 ipsis

456 1229 639 1290 erepta
689 1219 755 1271 ad
784 1232 882 1271 vos
926 1216 1274 1271 transferam,
1307 1214 1510 1264 nullam
1545 1211 1612 1265 iis
1654 1207 1908 1277 iniuriam
1940 1206 2019 1258 fa-

458 1314 609 1368 ciens
640 1312 730 1379 qui
762 1324 871 1362 non
904 1323 999 1361 sua
1038 1306 1413 1376 possidebant;
1452 1302 1545 1356 sed
1600 1316 1714 1353 mea
1743 1300 1867 1368 jure
1906 1313 2019 1352 nte-

459 1402 674 1471 ritoque
702 1400 836 1453 meis
864 1396 1152 1450 conferens
1174 1412 1189 1461 ;
1214 1395 1284 1447 ita
1315 1401 1369 1445 ut
1394 1392 1616 1461 gloriam
1644 1403 1818 1444 meam
1844 1389 1900 1441 in
1919 1387 2021 1441 hoc

461 1492 659 1560 templo
689 1505 785 1559 per
809 1505 873 1543 ea
903 1504 1024 1557 qua:
1042 1501 1221 1556 geram
1246 1494 1569 1538 ostensurus
1587 1481 1713 1543 sim,
1733 1494 1918 1549 preces
1932 1494 2021 1532 ve-

459 1591 603 1639 stras
639 1580 800 1649 279
838 1580 947 1633 illic
971 1578 1268 1646 ewipiens,
1309 1574 1575 1642 vobisque
1616 1572 1880 1625 adversus
1923 1570 2020 1624 ho-

460 1683 574 1730 stes
636 1675 779 1725 vires
839 1667 1226 1738 suppeditans,
1282 1666 1418 1719 tales
1470 1674 1756 1732 tantosque
1816 1660 1908 1729 qui
1969 1666 2023 1712 et

461 1780 677 1820 omnem
707 1777 991 1817 numerum
1029 1765 1377 1829 exsuperant,
1409 1764 1463 1810 et
1487 1755 1678 1810 bellica
1712 1753 1901 1823 peritia
1936 1752 2023 1804 in-

2116 565 2369 629 κτίζοντι,
2407 562 2501 616 τοῦ
2536 561 2833 631 ἀναστῆλαι
2867 560 2959 612 τὸν
2988 557 3113 611 ναὸν
3139 556 3347 610 τοῦτον.
3387 576 3405 607 ι
3440 557 3576 627 Περὶ
3620 556 3679 610 δὲ

2116 662 2214 729 τῆς
2260 659 2504 719 σπάνεως
2532 654 2642 706 τῶν
2677 651 3011 722 ἐπιτηδείων,
3048 650 3201 718 φησὶ,
3239 648 3311 719 μή
3341 648 3676 718 φροντίζετεο

2122 750 2276 819 μόνον
2310 749 2419 817 γὰρ
2447 748 2543 817 οὐχ
2573 746 2783 799 ἅπαντα
2818 742 3103 804 συσσείσας
3131 743 3198 794 τά
3236 741 3382 810 ἔθνη,
3421 740 3588 793 πολλά
3618 756 3679 792 τε

2120 844 2211 895 καὶ
2242 840 2437 895 πολλοῦ
2468 840 2702 909 γέμοντα
2733 838 2985 901 πλούτου,
3015 837 3098 905 ἐφ’
3134 837 3277 906 ὑμᾶς
3311 834 3482 888 ἐλθεῖν
3512 834 3675 885 ἐάσω.

2120 935 2284 1001 Λέγει
2310 932 2365 985 δὲ
2388 933 2511 993 τοὺς
2546 931 2672 1000 περὶ
2700 930 2788 982 τὸν
2818 928 2968 997 Γὼγ,
3011 923 3085 981 ὧν
3111 926 3442 998 ἐληλυθότων
3464 925 3581 976 τότε
3612 921 3681 993 δὴ

2122 1026 2219 1092 τῆς
2266 1022 2420 1091 δόξης
2472 1020 2565 1072 τοῦ
2617 1019 2765 1070 οἴκου
2812 1017 2999 1070 τούτου
3052 1017 3113 1069 τὸ
3169 1015 3397 1085 μέγεθος
3451 1010 3682 1080 ἐκφανὲς

2123 1118 2331 1186 ποιήσω
2371 1114 2455 1165 διὰ
2490 1114 2587 1182 τῆς
2613 1112 2934 1183 κηδεμονίας
2973 1109 3073 1179 τῆς
3111 1109 3248 1178 ὲμῆς
3274 1124 3286 1137 ·
3328 1106 3421 1158 καὶ
3453 1104 3559 1173 γὰρ
3584 1103 3681 1156 καὶ

2123 1210 2183 1261 τὸ
2212 1206 2469 1276 ἀργύριον
2498 1203 2557 1255 τὸ
2580 1203 2779 1273 προσὸν
2811 1201 3056 1266 ἐκείνοις,
3093 1200 3170 1270 (p.
3192 1199 3315 1268 423)
3342 1198 3434 1249 καὶ
3461 1196 3522 1249 τὸ
3546 1213 3679 1266 χρυ-

2125 1298 2269 1362 σίον,
2302 1296 2395 1349 καὶ
2444 1294 2618 1347 πάντα
2662 1294 2725 1365 δὴ
2775 1293 3051 1363 συντόμως
3098 1293 3270 1343 εἰπεῖν
3300 1289 3369 1341 τά
3414 1289 3679 1359 προσόντα

2125 1389 2350 1449 ἐκείνοις
2374 1388 2397 1438 ὲ
2407 1385 2507 1455 μά·
2542 1384 2635 1437 ατε
2655 1383 2719 1453 δή
2747 1381 2919 1433 πάντα
2939 1380 3067 1432 ὄντα
3100 1378 3237 1449 ὲμάο
3266 1377 3387 1429 ἐπεὶ
3415 1377 3507 1429 καὶ
3535 1377 3682 1428 πᾶσα

2126 1477 2282 1547 ἔργον
2328 1478 2361 1546 ἡ
2405 1475 2580 1536 κτίσις
2620 1472 2784 1541 ἐμόν’
2826 1471 2968 1539 ἇπερ
3017 1464 3108 1522 οὖν
3153 1467 3384 1536 ἀφελὼν,
3421 1469 3500 1529 είς
3540 1465 3683 1535 ὑμᾶς

2130 1569 2467 1636 μεταστήσω,
2498 1563 2598 1615 οὑκ
2631 1560 2829 1613 ἀδικῶν
2864 1560 2990 1619 τοὺς
3019 1557 3239 1627 ἔχοντας
3270 1558 3322 1627 οἵ
3349 1573 3410 1625 γε
3442 1552 3581 1627 εἶχον
3613 1556 3683 1608 τά

2132 1657 2204 1727 μὴ
2230 1655 2426 1709 αὐτῶν·
2453 1653 2523 1707 τὰ
2547 1652 2657 1724 ἐμὰ
2678 1652 2735 1705 δὲ
2761 1651 2985 1713 εἰκότως
3010 1650 3183 1713 διδοὺς
3209 1651 3320 1711 τοῖς
3350 1650 3521 1716 ἐμοῖς
3543 1647 3680 1700 ὥστε

2127 1749 2224 1819 τὴν
2267 1746 2386 1801 τότε
2423 1745 2776 1815 δεικνυμένην
2828 1744 2954 1814 περὶ⁸
2993 1741 3085 1795 τὸν
3116 1737 3262 1793 οἶκον
3298 1741 3489 1793 τοῦτον
3529 1740 3684 1803 δόξαν

461 1855 595 1908 victi
628 1863 791 1907 sunt:
826 1865 934 1920 quo
958 1850 1048 1903 ﬁet
1085 1857 1142 1901 ut
1167 1847 1378 1901 cunctis
1409 1846 1578 1913 major
1610 1854 1863 1913 appareat
1893 1858 2026 1912 prae-

2138 1841 2218 1909 icp'
2241 1834 2314 1892 ὧν
2335 1839 2753 1908 διαπράττομαι,
2778 1835 2832 1888 δε
2837 1835 3058 1905 χόμενός
3082 1850 3141 1886 τε
3165 1832 3317 1904 ὑμῶν
3335 1832 3433 1896 τὰς
3460 1833 3516 1884 ὲν
3539 1820 3688 1901 αὐτῷ

465 1959 612 2008 sens,
656 1958 819 2010 quam
876 1939 1147 2010 praeterita
1198 1938 1385 2007 templi
1433 1936 1594 2005 hujus
1633 1937 1848 2005 gloria:
1902 1936 2028 2003 quia

468 2033 646 2101 majus
674 2033 776 2085 hoc
813 2031 1083 2084 videbitur
1119 2030 1351 2091 facinus,
1383 2043 1545 2097 quant
1579 2027 1732 2094 prius
1765 2023 1896 2077 illud
1930 2026 2032 2078 sub

467 2125 706 2195 Assyriis
736 2124 818 2178 vel
858 2121 1184 2192 quibusdam
1224 2120 1396 2179 aliis:
1435 2125 1717 2188 propterea
1748 2118 1890 2185 quod
1925 2130 2031 2169 non

470 2213 811 2268 multitudine
848 2220 1084 2275 tantum,
1108 2212 1199 2265 sed
1230 2211 1413 2281 vigore
1443 2210 1605 2263 etiam
1644 2217 1805 2276 atque
1839 2206 2031 2277 peritia

471 2312 770 2372 praesentes
808 2303 991 2356 hostes
1026 2302 1221 2370 priscis
1250 2300 1598 2352 antecellant.
1626 2298 1834 2362 Quibus
1858 2298 2035 2348 omni-

473 2396 571 2451 bus
592 2396 794 2450 virtute
826 2410 943 2449 inea
974 2393 1298 2447 mirabiliter
1320 2393 1614 2460 superatis,
1649 2391 1702 2443 in
1727 2388 2037 2442 outnitnoda

472 2502 601 2557 pace
644 2485 857 2547 vivetis,
910 2483 1208 2553 tranquillo
1251 2483 1437 2535 animo
1480 2489 1703 2552 propter
1751 2480 2038 2548 cujuslibet

473 2575 645 2631 hostis
675 2574 1069 2644 depulsionem,
1109 2572 1466 2643 plurimisque
1500 2569 1770 2624 manubiis
1801 2569 1926 2624 inde
1950 2585 2038 2624 re-

473 2668 723 2737 portatis,
773 2681 1003 2737 quarum
1055 2664 1213 2735 potiti
1259 2663 1472 2718 facilem
1518 2662 1785 2717 habebitis
1830 2662 2039 2731 copiam

472 2775 571 2830 pro
625 2766 811 2814 vestro
868 2758 1025 2813 libito
1080 2757 1340 2825 templum
1394 2755 1498 2808 hoc
1541 2754 1855 2808 exstruendi
1890 2764 1942 2807 et
1984 2752 2041 2806 in

473 2850 645 2904 altum
694 2849 1005 2912 attollendi,
1055 2854 1115 2900 ut
1136 2845 1306 2901 decus
1346 2861 1507 2900 suum
1559 2845 1775 2905 haheat,
1825 2853 2043 2913 propter

472 2957 569 2998 eos
595 2943 689 3012 qui
730 2941 926 2996 orandi
974 2948 1030 2996 et
1072 2939 1281 2994 cultum
1311 2937 1602 2993 exhibendi
1630 2951 1796 2992 causa
1843 2952 2043 2991 conve-

475 3033 646 3087 nient.

2128 1932 2362 2000 δεήσεις,
2412 1931 2508 1982 καὶ
2551 1928 2802 2000 παρέχων
2842 1928 2969 1997 ὑμῖν
3002 1925 3063 1978 τὸ
3110 1924 3248 1978 κατά
3274 1922 3379 1975 τῶν
3417 1922 3688 1992 πολεμίων

2130 2024 2346 2093 κράτος,
2371 2020 2638 2073 τοσούτων
2664 2038 2721 2073 τε
2742 2021 2909 2073 ὄντων
2936 2019 3026 2071 καὶ
3059 2015 3332 2079 τοιούτων,
3359 2014 3432 2077 ὼς
3460 2012 3689 2083 ἀριθμὸν

2135 2114 2229 2183 μὲν
2253 2111 2449 2173 αὐτοὺς
2475 2110 2552 2179 τῷ
2580 2110 2768 2175 πλήθει
2797 2110 2971 2179 νικᾷν,
2993 2108 3445 2179 άκαταμαχήτους
3464 2106 3520 2159 δὲ
3553 2102 3690 2158 εἶναι

2130 2204 2216 2257 διὰ
2244 2203 2471 2273 δύναμίν
2515 2219 2574 2254 τε
2604 2220 2696 2255 και
2732 2200 3031 2272 πολεμικὴν
3062 2200 3386 2272 ὲμπειρίαν’
3416 2201 3526 2263 τοῖς
3559 2200 3691 2251 πᾶσι

2132 2296 2305 2348 δοκεῖν
2352 2295 2573 2364 μείζονα
2618 2294 2900 2363 φαίνεσθαι
2945 2292 3043 2363 τῆς
3082 2292 3210 2345 ποτὲ
3253 2292 3381 2363 περὶ
3414 2291 3505 2343 τὸν
3541 2285 3688 2341 οἷκον

2132 2387 2318 2440 τοῦτον
2353 2387 2609 2457 φανείσης
2640 2387 2831 2457 δόξηςο
2858 2388 2953 2441 ἅτε
2987 2387 3081 2440 καὶ
3112 2385 3204 2439 τοῦ
3243 2385 3404 2457 ἔργου
3448 2382 3690 2455 μείζονος

2134 2480 2284 2543 ὄντος
2310 2480 2343 2551 ἢ
2374 2480 2636 2553 πρότερον
2668 2481 2756 2533 ὲπί
2785 2497 2844 2533 τε
2869 2480 2975 2533 τῶν
3017 2477 3386 2551 Ἀσσυρίων,ἢ
3418 2476 3510 2530 καί
3533 2493 3694 2528 τινων

2137 2572 2335 2643 ἐτέρων
2368 2572 2609 2639 ἐγένετο·
2641 2571 2733 2624 διὰ
2764 2571 2824 2624 τὺ
2865 2572 2925 2624 οὐ
2966 2570 3156 2641 πλήθει
3192 2569 3380 2640 μόνον,
3426 2567 3560 2621 ἀλλὰ
3599 2568 3694 2619 καὶ

2137 2663 2363 2733 δυνάμει
2398 2665 2491 2716 καὶ
2522 2664 2783 2735 ἐμπειρίᾳ
2808 2663 3075 2733 πολεμικῇ
3116 2663 3242 2725 τοὺς
3260 2660 3355 2715 νῦν
3381 2659 3694 2730 ὑπεραίρειν

2137 2753 2245 2807 τῶν
2271 2755 2468 2809 πάλαι·
2495 2749 2568 2809 ὧν
2596 2754 2658 2826 δὴ
2684 2755 2895 2807 πάντων
2915 2757 2980 2825 τῇ
3009 2757 3113 2824 ἐμῇ
3136 2753 3361 2823 δυνάμει
3383 2750 3697 2822 παραδόξως

2144 2847 2556 2918 περιγεγονότες
2586 2850 2643 2901 ἐν
2665 2848 2854 2920 εἰρήνῃ
2880 2847 3132 2899 παντελεῖ
3155 2844 3469 2917 γενήσεσθε,
3498 2842 3698 2915 ἀθόρυι

2142 2937 2225 2990 6οί
2252 2955 2311 2990 τε
2345 2942 2464 3003 ταῖς
2501 2939 2695 3008 ψυχαῖς
2722 2940 3064 3010 διαμένοντες
3095 2938 3181 2991 διὰ
3208 2939 3268 2991 τὸ
3299 2937 3494 3000 παντὸς
3518 2934 3695 3006 ἀπηλ-

2142 3028 2334 3097 λάχθαι
2363 3029 2617 3099 πολεμίου
2634 3070 2648 3095 ,
2680 3031 2772 3082 καὶ
2802 3030 3027 3083 πλεῖστα
3055 3031 3152 3083 ὅσα
3183 3032 3246 3083 ὲκ
3274 3029 3381 3083 τῶν
3404 3028 3514 3090 τοῖς
3539 3025 3699 3079 πολε.

481 3124 624 3196 μίοις
660 3123 968 3196 προσόντων
997 3120 1212 3193 λάφυρα
1255 3118 1684 3188 συναγαγόντες·
1716 3118 1752 3172 ἃ
1789 3120 2237 3191 περιποιήσαντες
2272 3122 2515 3187 ἑαυτοῖς,
2547 3120 2769 3175 εὔκολον
2795 3123 2942 3186 ἕξετε
2976 3122 3319 3193 βουληθέντες
3349 3120 3444 3191 τὴν
3472 3119 3699 3189 δύναμιν

474 3218 568 3274 τοῦ
594 3219 684 3272 τὸν
704 3217 828 3270 ναὸν
856 3214 1040 3269 τοῦτον
1074 3214 1476 3268 κατασκευάσαι
1504 3229 1564 3265 τε
1593 3212 1687 3265 κα)⁴
1715 3213 2012 3282 ἀνεγεῖραι,
2037 3212 2111 3276 ὡς
2135 3212 2201 3265 ἂν
2224 3213 2321 3283 τὴν
2344 3213 2547 3267 οἰκείαν
2572 3214 2902 3285 εὐπρέπειαν
2922 3214 3053 3285 ἔχοι,
3069 3215 3167 3287 τῆς
3187 3215 3294 3267 τῶν
3320 3217 3377 3267 ὲν
3398 3212 3545 3284 αὺτῷ
3569 3229 3698 3265 συν-

484 3318 669 3375 ιόντων
703 3316 885 3369 ἕνεκεν
917 3312 1079 3383 εὐχῆς
1111 3328 1171 3364 τε
1203 3310 1297 3364 κα)⁸
1321 3308 1635 3381 θεραπείας.

546 3424 713 3479 Vsus.
738 3423 922 3478 11-15.
940 3452 1009 3463 —-
1026 3420 1144 3476 lam
1175 3432 1462 3491 postquam
1496 3418 1767 3491 prmdietis
1788 3417 2036 3473 omnibus

2215 3417 2361 3488 Στίχ.
2394 3425 2573 3472 ια’-ιε’.
2591 3449 2662 3459 -
2678 3420 2751 3491 (p.
2767 3418 2893 3491 424)
2912 3420 3007 3473 Διά
3023 3419 3086 3492 δή
3105 3420 3317 3474 πάντων
3333 3419 3436 3473 τῶν
3456 3437 3587 3490 προε
3596 3421 3701 3493 ιλη-

478 3518 612 3575 satis
637 3532 731 3571 eos
750 3515 1069 3568 adhortatus
1087 3523 1190 3576 est,
1217 3523 1377 3583 atque
1401 3512 1467 3565 ad
1487 3527 1707 3581 operam
1738 3510 2042 3564 aediﬁcandi

478 3610 713 3680 impulit,
747 3606 1206 3678 promissionibus
1233 3606 1395 3659 etiam
1438 3606 1493 3658 in
1523 3620 1672 3675 spem
1704 3604 1897 3666 erexit,
1930 3602 2044 3657 fore

482 3710 541 3757 ut
566 3701 734 3755 multa
767 3699 1024 3754 beatitate
1063 3696 1315 3751 fruantur
1354 3695 1481 3750 facti
1516 3696 1764 3751 hostibus
1800 3695 2044 3764 superio-

483 3808 589 3855 res,
616 3800 671 3847 et
704 3790 848 3861 quod
871 3790 1054 3845 omnia
1089 3788 1154 3843 ad
1196 3788 1381 3859 templi
1409 3786 1824 3841 :edilicationem
1850 3786 2045 3840 idonea

484 3884 719 3937 habituri
759 3880 959 3934 aﬂatim
988 3883 1119 3935 sint.
1158 3879 1423 3934 Caeterum
1457 3886 1603 3935 recte
1637 3879 1759 3933 illos
1793 3878 2047 3949 posthinc

487 3975 727 4027 victuros
765 3971 995 4039 putavit,
1027 3979 1081 4025 ct
1122 3971 1177 4024 in
1220 3970 1445 4040 reliquis
1478 3982 1767 4024 curaturos
1799 3977 2049 4037 peccatos

483 4078 604 4119 rum
666 4076 889 4118 suorum
952 4061 1409 4115 emendationem.
1475 4059 1566 4115 Sic
1634 4072 1813 4115 autem
1873 4060 2043 4115 dicit:

491 4175 512 4208 ‹
535 4155 738 4222 Quarta
761 4161 812 4208 et
832 4154 1089 4209 vicesima
1112 4154 1315 4208 mensis
1343 4153 1493 4215 noni,
1520 4168 1664 4206 anno
1688 4156 1930 4208 secundo
1945 4152 2047 4208 sub

490 4246 671 4309 Dario,
714 4244 891 4297 lactus
926 4250 1009 4298 est
1058 4256 1238 4297 sermo
1271 4242 1486 4296 Domini
1522 4243 1588 4296 ad
1621 4244 1872 4313 Aggzeum
1922 4259 2048 4313 pro-

489 4337 705 4407 phetam
735 4335 962 4390 dicens:
1010 4335 1134 4390 Haec
1180 4335 1315 4389 dicit
1358 4334 1620 4389 Dominus
1664 4337 2044 4405 omnipotens:

493 4431 777 4498 Interroga
807 4443 951 4482 nunc
997 4427 1308 4482 sacerdotes
1356 4426 1526 4495 legem
1558 4426 1782 4480 dicens:
1815 4425 1869 4482 Si
1902 4441 2051 4481 sum-

492 4516 658 4588 pserit
716 4518 875 4571 homo
906 4532 1121 4571 carnem
1164 4524 1405 4571 sanctam
1438 4517 1489 4569 in
1538 4517 1849 4571 summitate
1890 4518 2051 4571 vesti-

493 4611 659 4662 menti
684 4609 789 4671 sui,
815 4618 869 4662 et
900 4609 1133 4678 tetigerit
1160 4610 1449 4662 summitas
1478 4609 1785 4663 vestimenti
1808 4606 1924 4675 ejus
1942 4592 2048 4677 'pa»

492 4716 613 4754 nem
633 4709 724 4751 aut
745 4714 856 4751 rem
871 4710 1077 4752 coctam
1095 4707 1187 4751 aut
1202 4700 1385 4753 vinum
1411 4708 1503 4752 aut
1522 4701 1720 4763 oleum,
1751 4709 1844 4753 aut
1866 4716 2050 4769 quem-

493 4792 622 4845 libet
647 4789 849 4851 cibum,
879 4805 1009 4842 num
1041 4790 1499 4845 sanctiﬁcabitur?
1526 4789 2049 4860 Responderuntque

493 4880 802 4938 sacerdotes
830 4888 884 4936 et
911 4881 1163 4936 dixerunt
1204 4881 1607 4952 :Nequaquant.
1659 4882 1908 4951 Dixitque
1946 4882 2047 4951 Ag-

492 4990 681 5044 ga'us:
720 4972 776 5026 Si
812 4972 1044 5043 tetigerit
1067 4973 1246 5026 animo
1288 4975 1523 5042 pollutus
1560 4975 1626 5029 de
1656 4975 1909 5028 omnibus
1945 4975 2049 5037 his,

496 5082 623 5119 num
646 5063 1140 5118 contaminabitur?
1159 5062 1681 5135 Responderuntque
1705 5068 2048 5121 sacerdotes:

496 5156 982 5211 Contaminabitur.
1011 5155 1413 5224 llesponditquc
1431 5157 1676 5227 Aggeeus.
1695 5167 1749 5211 et
1766 5159 1901 5211 dixit
1927 5177 1941 5211 :
1964 5159 2055 5212 Sic

497 5248 726 5317 populus
761 5247 880 5308 iste.
903 5254 957 5302 et
986 5247 1065 5302 sic
1086 5261 1217 5317 gens
1235 5247 1347 5301 haec
1368 5262 1549 5301 coram
1578 5264 1682 5312 me,
1716 5248 1848 5302 dicit
1878 5248 2057 5303 Domi-

497 5354 632 5404 nus;
666 5346 721 5393 et
741 5338 905 5407 280
928 5341 1008 5393 sic
1044 5340 1223 5393 omnia
1251 5354 1415 5408 opera
1449 5356 1704 5395 manuum
1742 5355 1930 5395 eorum
1960 5358 1975 5396 :
2005 5350 2058 5397 et

497 5429 807 5498 quicunque
825 5430 1333 5500 appropinquaverit
1355 5431 1506 5495 illuc,
1528 5434 2005 5489 contaminabitur.
2032 5454 2050 5487 ι

500 5517 626 5575 Vult
646 5518 768 5575 illos
785 5519 1201 5589 reprehendere,
1226 5521 1318 5593 qui
1340 5535 1496 5579 sacra
1513 5536 1662 5588 vasa,
1678 5530 1733 5577 et
1748 5523 1957 5593 reliqua
1975 5523 2059 5578 di-

2145 3507 2320 3578 φότων
2351 3509 2660 3581 ἀρκούντως
2691 3512 2885 3574 αὐτοὺς
2911 3512 3351 3583 προτρεψάμενός
3379 3528 3437 3563 τε
3476 3514 3569 3565 καὶ
3603 3530 3696 3565 πα·

2148 3603 2431 3674 ρορμήσας
2455 3603 2547 3655 ἐπὶ
2565 3602 2625 3654 τὸ
2653 3601 2812 3673 ἔργον
2831 3603 2927 3674 τῆς
2944 3604 3233 3675 οἰκοδομῆς
3248 3644 3262 3666 ,
3283 3604 3373 3657 καὶ
3392 3603 3454 3675 δὴ
3477 3606 3567 3657 καί
3582 3608 3703 3667 ταῖς

2145 3693 2493 3761 ἐπαγγελίαις
2515 3694 2797 3759 εὐέλπιδας
2819 3696 3066 3767 ποιήσας,
3089 3696 3168 3749 ὃτι
3197 3696 3394 3769 πολλῆς
3420 3696 3708 3768 μεθέξουσι

2145 3786 2243 3857 τῆς
2295 3786 2553 3857 εὐπορίας
2593 3789 2994 3859 κεκρατηκότες
3043 3788 3150 3842 τῶν
3191 3790 3484 3861 πολεμίων,
3515 3791 3591 3854 ὡς
3636 3791 3703 3844 ἂν

2146 3876 2359 3931 ἅπαντα
2395 3880 2528 3949 πρός
2557 3895 2614 3931 τε
2658 3880 2752 3949 τὴν
2781 3880 3063 3952 οίκοδομήν
3094 3881 3187 3935 τοῦ
3219 3882 3345 3935 ναοῦ
3378 3884 3468 3936 καὶ
3500 3885 3631 3955 πρὸς
3674 3887 3703 3938 ὅ

2145 3986 2198 4022 τι
2224 3969 2286 4022 ἂν
2316 3969 2544 4022 ἐθέλοιεν
2569 3970 2773 4039 ἄφθονα
2798 3972 2989 4041 ἔχοιεν.
3015 3972 3119 4025 Τοῦ
3146 3973 3330 4027 λοιποῦ
3357 3975 3534 4033 καλῶς
3558 3976 3702 4045 ἔχειν

2148 4063 2390 4132 ήγήσατο
2419 4062 2509 4114 καὶ
2535 4062 2632 4134 τὴν
2674 4064 2731 4115 ἐν
2771 4064 2975 4135 ἑτέροις
3011 4064 3289 4134 διόρθωσιν
3328 4067 3508 4130 αὐτοῖς
3538 4084 3702 4136 προσ-

2149 4156 2370 4222 αγαγεῖν
2402 4155 2459 4206 ὲν
2493 4150 2685 4225 οἷσπερ
2717 4157 3043 4226 ἡμάρτανον.
3080 4157 3240 4225 Λέγει
3270 4158 3325 4212 δὲ
3353 4158 3543 4221 οὕτως·
3572 4180 3589 4211 ι
3622 4161 3703 4231 Τῇ

2146 4245 2358 4317 τετράδι
2390 4246 2485 4297 καὶ
2521 4246 2692 4299 εἰκάδι
2718 4244 2808 4299 τοῦ
2838 4247 3024 4299 ἐνάτου
3055 4249 3241 4318 μηνὸς,
3275 4249 3425 4313 ἔτους
3451 4249 3702 4315 δευτέρου

2149 4337 2241 4389 ἐπὶ
2278 4336 2531 4406 Δαρείου,
2574 4335 2787 4405 ἐγένετο
2821 4336 2975 4405 λόγος
3021 4340 3223 4409 Κυρίου
3266 4343 3400 4411 πρὸς
3454 4343 3706 4410 Ἀγγαῖον

2148 4427 2237 4482 τὸν
2276 4429 2556 4499 προφήτην
2586 4427 2786 4495 λέγων’
2824 4429 2959 4483 Τάδε
2989 4429 3136 4500 λέγει
3172 4433 3373 4503 Κύριος
3402 4438 3707 4507 παντοκρά-

2148 4523 2280 4590 τιόρθ
2335 4518 2706 4590 Ἐπερὼτησον
2739 4520 2864 4583 τοὺς
2904 4523 3065 4594 ἱερεῖς
3112 4523 3274 4594 νόμον
3319 4525 3518 4593 λέγων·
3582 4526 3707 4581 Ἐάν

2150 4610 2286 4683 λάϐῃ
2311 4610 2592 4681 ἄνθρωπος
2618 4610 2782 4679 κρέας
2809 4612 2962 4679 ἆγιον
2996 4614 3053 4665 ὲν
3082 4614 3156 4685 τῷ
3190 4614 3341 4685 ἄκρῳ
3367 4617 3458 4669 τοῦ
3493 4618 3708 4686 ἱματίου

2151 4701 2336 4762 αὐτοῦ,
2359 4702 2451 4753 καὶ
2479 4700 2678 4772 ἅψηται
2702 4703 2760 4755 τὸ
2780 4704 2946 4773 ἄκρον
2971 4704 3065 4757 τοῦ
3103 4707 3313 4776 ἱματίου
3349 4709 3511 4761 αὐτοῦ
3540 4710 3707 4780 ἄρτου

2150 4792 2182 4862 ἢ
2225 4792 2498 4863 ἑψήματος
2524 4794 2557 4865 ἢ
2588 4796 2729 4847 οἴνου
2774 4795 2805 4866 ἢ
2843 4795 3020 4850 ἐλαίου
3050 4798 3140 4851 καὶ
3166 4801 3363 4863 παντὸς
3400 4800 3707 4873 βρώματος,

2151 4885 2198 4936 εί
2234 4884 2654 4955 ἁγιασθήσεται;
2685 4887 2791 4938 Καὶ
2822 4888 3196 4960 ἀπεκρίθησαν
3224 4894 3272 4943 οἱ
3306 4894 3484 4962 ἱερεῖς,
3523 4895 3616 4947 καὶ
3640 4890 3691 4948 εἷ

2152 4993 2271 5030 πον·
2319 4977 2467 5047 Οὐχί.
2524 4980 2631 5033 Καὶ
2663 4978 2815 5033 εἶπεν
2869 4983 3145 5051 Ἀγγαῖος’
3206 4988 3331 5041 Ἐὰν
3369 4988 3570 5059 ἅψηται
3612 5010 3711 5061 με-

2155 5070 2449 5140 μιασμένος
2484 5072 2574 5123 ἐπὶ
2597 5071 2740 5143 ψυχῇ
2774 5074 2881 5127 ἀπὸ
2910 5076 3125 5129 πάντων
3148 5078 3369 5141 τούτων,
3405 5082 3452 5133 εί
3485 5083 3711 5155 μιανθή-

2155 5176 2339 5225 σεται;
2375 5161 2483 5214 Καὶ
2524 5163 2893 5235 ἀπεκρίθησαν
2933 5168 2980 5219 οί
3017 5167 3179 5236 ἱερεῖς
3216 5171 3308 5223 κα)⁸
3346 5166 3517 5224 εἷπον·
3552 5175 3699 5228 Μιαν

2153 5253 2391 5324 θήσεται.
2423 5255 2532 5308 Καὶ
2555 5257 2824 5329 ἀπεκρίθη
2863 5260 3232 5328 Ἀγγαῖος,καὶ
3252 5262 3435 5318 εἶπενο
3477 5266 3665 5331 Οὕτως
3694 5272 3717 5321 ὁ

2151 5343 2277 5407 λαὸς
2309 5339 2479 5410 οὗτος,
2520 5348 2611 5399 καὶ
2639 5348 2810 5413 οὕτως
2835 5349 2895 5402 τὸ
2920 5352 3070 5416 ἔθνος
3109 5354 3268 5408 τοῦτο
3298 5355 3525 5410 ἐνώπιον
3556 5358 3716 5429 ἐμοῖο,

2154 5436 2298 5504 λέγει
2334 5437 2538 5509 Κύριος
2558 5454 2570 5467 ·
2610 5440 2703 5494 καὶ
2722 5441 2891 5505 οὕτως
2918 5443 3096 5497 πάντα
3120 5446 3188 5499 τὰ
3214 5447 3349 5518 ἔργα
3378 5450 3484 5501 τῶν
3516 5450 3716 5522 χειρῶν

2154 5526 2318 5581 αὐτοῦ
2338 5542 2351 5557 ·
2394 5529 2489 5582 καὶ
2522 5528 2581 5592 ὃς
2618 5530 2713 5583 ὲάν
2736 5531 2926 5611 ὲγγίσῃ
2958 5534 3073 5585 ἐκεῖ
3102 5534 3237 5607 (56),
3286 5537 3658 5608 μιανθήσεται.
3690 5557 3707 5588 ι

558 5692 1897 5791 ιιξιωίξςεεςιιε-ιειιιιεῗῃὲριῐαιηῩηιὶῑρηηηει,
1937 5719 2061 5761 cum
2096 5703 2344 5762 Arabico.
2383 5708 2484 5765 Sed
2518 5712 2711 5767 melius
2750 5712 2801 5767 in
2861 5714 3161 5784 liebraico,
3193 5716 3329 5791 Syro
3381 5726 3541 5789 atque
3590 5716 3709 5775 Lat.

504 5772 719 5841 vulgato
744 5769 1001 5829 dicuntur
1026 5773 1379 5831 contaminari
1401 5775 1583 5831 omnia
1605 5773 1715 5829 illic
1741 5777 1938 5829 oblata.
