4054 6238
357 250 464 303 ‘89

1406 252 1948 310 COMMENTARIUS
1987 254 2051 311 IN
2103 254 2322 310 ACCAE!
2358 255 2509 310 CAP.
2568 256 2629 310 ll.

3472 271 3577 327 £90

355 367 614 421 Βούλεται
652 369 752 439 μὲν
784 370 977 435 αὐτοὺς
1020 371 1262 442 ἐλέγχειν
1302 372 1374 435 ὡς
1404 373 1511 426 τῶν
1556 373 1763 426 σκευῶν
1807 372 1895 425 τῶι

2017 374 2142 427 vino
2160 375 2327 429 cultui
2352 390 2591 446 congrua
2619 376 2949 447 negligenter
2970 375 3434 450 indill'crenterque
3461 395 3577 439 tan-

353 459 669 528 ἱερατικῶν,
698 460 790 513 καὶ
813 461 921 514 τῶν
947 462 1148 515 λοιπῶν
1169 463 1233 533 δὴ
1258 464 1364 517 τῶν
1385 467 1450 534 τῇ
1473 464 1566 517 τοῦ
1591 463 1731 517 θείου
1759 463 1918 534 θερα-

350 551 486 620 πείᾳ.
512 552 893 621 προσηκόντων
913 553 1129 624 ἀμελῶς
1158 554 1252 607 καὶ
1277 557 1580 625 προχείρως
1607 555 1919 624 ἐφαπτομέ-

351 659 502 707 νους,
534 646 629 695 καὶ
656 645 716 696 ού
752 646 889 714 μετὰ
913 646 1007 699 τοῦ
1042 648 1410 716 προσήκοντος
1445 646 1628 710 δέους,
1664 648 1741 719 (p.
1789 647 1913 717 425)

350 734 495 804 ὑπὲρ
530 728 591 788 οὗ
617 734 680 806 δὴ
722 739 831 799 τοῖς
877 736 1077 807 ἱερεῦσι
1112 740 1479 807 προσαγαγεῖν
1520 739 1619 809 τὴν
1649 738 1915 809 ἐρώτησιν

347 824 554 896 ταύτην
586 827 883 896 προσέταξε
916 827 994 898 τῷ
1036 830 1283 901 προφήτῃ
1303 870 1319 894 ,
1353 830 1447 883 ἁτε
1481 830 1538 881 ἐν
1584 829 1809 892 ἐκείνοις
1855 829 1914 882 ὃν

344 916 412 967 τὸ
436 916 505 969 τὰ
527 917 749 969 τοιαῦτα
776 919 833 970 ἐν
860 918 1085 989 ἀμελείᾳ
1108 920 1393 983 ποιεῖσθαι⁹
1414 920 1447 989 ἢ
1470 919 1605 990 μετά
1631 919 1724 972 τοῦ
1752 937 1914 991 προσ-

344 1008 569 1076 ήκοντος
609 1007 779 1071 δέους.
818 1008 1090 1063 Κάλλιστα
1126 1011 1183 1063 δὲ
1231 1012 1324 1064 καὶ
1363 1010 1461 1082 τὴν
1504 1010 1770 1082 ἐρώτησιν
1801 1011 1910 1064 ἀπὸ

342 1097 579 1150 εὐτελῶν
610 1101 933 1170 ἐποιήσατο,
962 1101 1046 1154 ἵνα
1090 1102 1349 1171 μειζόνως
1379 1102 1439 1155 τὸ
1477 1103 1615 1160 κατᾶ
1644 1104 1709 1155 τὰ
1743 1103 1909 1171 σκεύη

341 1191 414 1242 τὰ
462 1190 595 1259 ἅγια
630 1192 1004 1263 πλημμέλημα
1042 1192 1277 1265 αὐξήσῃ.
1314 1195 1474 1263 Λέγει
1510 1195 1689 1247 τοίνυν
1716 1196 1818 1259 ὅτι,
1848 1197 1914 1249 Εἴ

341 1298 428 1345 τις
461 1283 629 1352 κρέας
655 1283 807 1351 ἅγιον
846 1285 907 1337 τὸ
948 1286 1055 1339 ἀπὸ
1093 1287 1283 1350 θυσίας
1326 1287 1361 1358 ἦ
1406 1303 1550 1350 τινος
1594 1290 1909 1359 προσφορᾶς

342 1375 675 1443 ἡγιασμένον
702 1378 758 1428 ἐν
787 1377 937 1446 μέρει
966 1379 1072 1431 τινὶ
1094 1378 1187 1432 τοῦ
1219 1380 1436 1449 ἱματίου
1469 1379 1679 1450 ἐμϐάλῃ
1710 1379 1800 1433 τοῦ
1827 1381 1898 1433 oi-

341 1468 515 1530 κείου,
548 1463 666 1520 εἶτα
704 1469 862 1521 τοῦτο
901 1469 965 1539 δὴ
1000 1469 1059 1523 τὸ
1090 1469 1258 1541 ἀκρον
1301 1470 1489 1541 ἐτέρου
1530 1471 1675 1535 τινος
1714 1471 1904 1541 ἅψεται

340 1558 490 1609 οἴνου
533 1561 565 1629 ἢ
612 1560 794 1613 ἐλαίου
832 1560 865 1631 ἢ
902 1561 1023 1614 ὅτου
1058 1561 1121 1633 δή
1167 1579 1295 1616 ποτε
1342 1562 1450 1616 τῶν
1495 1562 1750 1634 βρωτῶν,
1792 1559 1905 1635 ἆρα

342 1649 503 1717 ἆγιον
533 1652 678 1705 ἔσται
703 1654 763 1706 τὸ
785 1655 992 1708 τοιοῦτο
1014 1654 1103 1708 διά
1122 1656 1221 1725 τὴν
1248 1655 1341 1709 τοῦ
1364 1656 1534 1726 ἀκρου
1562 1654 1658 1707 τοῦ
1691 1655 1904 1724 ἱματίου

2024 465 2239 534 gebant,
2257 475 2310 521 et
2328 482 2433 520 non
2448 482 2570 521 cum
2594 468 2944 523 conveniente
2962 484 3157 539 pavore
3182 488 3196 524 :
3219 485 3321 538 qua
3339 488 3500 541 super
3520 492 3580 530 re

2024 557 2333 613 sacerdotes
2366 560 2851 629 ipsosinterrogari
2883 576 2911 613 a
2945 561 3205 631 propheta
3237 561 3572 630 Deusjubet,

2024 645 2075 697 in
2104 662 2330 714 quorum
2358 649 2584 701 arbitrio
2605 658 2718 702 erat
2746 651 2858 704 haec
2886 652 2965 704 vel
2986 651 3319 721 negligenter
3346 653 3428 706 vel
3451 670 3573 707 cum

2020 734 2201 789 debito
2239 749 2381 791 metu
2410 746 2663 792 tractare.
2690 738 2914 809 Egregie
2938 755 3066 794 vero
3095 741 3571 813 interrogationem

2020 825 2215 881 vilibus
2244 827 2296 881 in
2341 829 2500 883 rebus
2526 829 2671 892 facit,
2705 842 2763 883 ut
2808 831 3069 887 adversus
3100 847 3255 886 sacra
3288 848 3414 887 vasa
3446 849 3571 903 pec-

2019 923 2198 970 catum
2226 921 2396 989 magis
2428 929 2643 989 augeat.
2684 920 2773 974 Ait
2812 920 2977 991 igitur
3009 939 3024 975 :
3058 919 3262 986 Quodsi
3301 923 3423 991 quis
3448 938 3571 975 san-

2017 1014 2159 1061 ctam
2198 1023 2417 1064 carnem
2447 1011 2515 1065 de
2548 1012 2767 1065 victima
2798 1021 2892 1066 aut
2923 1013 3160 1082 qualibet
3188 1012 3481 1075 oblatione,
3516 1015 3567 1066 in

2016 1110 2223 1168 partem
2264 1102 2501 1170 aliquam
2536 1102 2842 1156 vestimenti
2885 1104 2967 1157 sui
3000 1102 3327 1172 conjecerit;
3376 1101 3569 1157 deinde

2016 1190 2178 1260 hujus
2209 1193 2372 1247 vestis
2400 1193 2686 1247 summitas
2740 1194 2883 1248 aliud
2910 1195 3105 1263 aliquid
3149 1195 3433 1266 contigerit
3455 1195 3573 1249 sive

2016 1280 2200 1334 vinum
2244 1282 2359 1335 sive
2411 1282 2612 1346 oleum,
2658 1282 2773 1336 sive
2815 1284 3106 1351 quamlibet
3156 1283 3314 1337 aliam
3364 1300 3565 1349 escam,

2014 1386 2139 1423 num
2174 1369 2247 1435 id,
2269 1371 2513 1439 inquam,
2538 1379 2788 1425 sanctum
2813 1372 2996 1426 evadet
3019 1382 3236 1444 propter
3257 1375 3454 1429 summi
3478 1390 3568 1429 ve-

2011 1461 2251 1516 stimenti
2298 1472 2643 1528 contactum,
2704 1464 2759 1517 in
2814 1480 2923 1534 quo
2963 1481 3090 1519 raro
3132 1467 3367 1536 reposita
3415 1468 3567 1522 erat?

2010 1548 2089 1603 llli
2120 1565 2247 1605 vero
2275 1558 2635 1623 congruenter
2663 1555 3079 1622 responderunt,
3111 1571 3222 1609 rem
3255 1557 3564 1626 huiusmodi

2010 1652 2252 1696 sanctam
2290 1657 2398 1697 non
2445 1644 2578 1708 fore,
2610 1654 2876 1714 quatenus
2918 1661 3026 1701 non
3069 1647 3364 1704 subiciebat
3399 1651 3563 1705 vestis

338 1741 516 1810 ἁφὴν,
549 1744 604 1794 ἐν
634 1736 785 1815 ᾧπερ
810 1746 1065 1799 ἀπέκειτο
1098 1746 1159 1799 τὸ
1189 1745 1389 1816 κρέαςς
1420 1749 1483 1799 Οἱ
1521 1746 1578 1799 δὲ
1604 1745 1895 1809 ἀκολούθως

2008 1736 2315 1800 summitas,
2348 1736 2402 1789 in
2432 1752 2537 1807 qua
2572 1752 2701 1793 caro
2746 1750 2931 1793 sancta
2979 1740 3186 1796 inclusa
3218 1750 3384 1807 esset,
3414 1759 3563 1798 eom-

340 1831 554 1898 ἔφασαν
587 1833 666 1886 ὅτι
705 1833 778 1905 μὴ
815 1834 974 1903 ἁγιον
998 1835 1203 1904 γίνεται
1231 1836 1291 1888 τὸ
1321 1834 1549 1896 τοιοῦτο,
1582 1838 1657 1898 ὡς
1681 1836 1781 1889 οὐκ
1812 1835 1908 1890 αύ-

342 1921 563 1991 τάρκως
589 1921 801 1991 ἔχοντος
830 1923 922 1976 τοῦ
948 1925 1118 1995 ἄκρου
1151 1924 1245 1976 τοῦ
1274 1924 1485 1995 ἱματίου
1518 1924 1605 1979 διὰ
1638 1923 1699 1976 τὸ
1728 1924 1906 1992 ἐγκεί-

346 2029 509 2081 μενον
536 2012 700 2082 κρέας
723 2013 876 2082 ἀγιον
909 2015 1080 2085 ἐτέρῳ
1106 2014 1296 2087 βρωτῷ
1321 2015 1411 2068 τὸν
1443 2016 1710 2085 ἀγιασμὸν
1745 2015 1901 2086 παρέ-

332 2121 477 2173 χειν.
516 2101 647 2169 Εἶτα
698 2106 859 2159 πάλιν
889 2107 1100 2177 ἐρωτᾷ,
1143 2108 1267 2161 Ἐὰν
1316 2106 1373 2160 δέ
1415 2124 1498 2170 τις
1538 2109 1902 2179 μεμιασμένος

331 2196 424 2261 ἐφ’
459 2196 566 2265 ὅτῳ
612 2195 810 2266 δήποτε
847 2197 1050 2268 ἅψηται
1082 2198 1189 2251 τῶν
1221 2196 1507 2261 τοιούτων,
1553 2197 1751 2268 μιαίνει
1786 2193 1901 2267 ἄρα

335 2285 556 2347 πάντως
586 2286 747 2350 αὐτὰ,
787 2286 820 2356 ἦ
847 2285 939 2352 ob;
971 2288 1033 2339 Οί
1061 2287 1118 2340 δέ
1152 2280 1362 2356 ἔφασαν
1406 2286 1657 2358 μιαίνειν.
1710 2286 1898 2340 Ἦϐου-

331 2377 473 2449 λήθη
501 2378 558 2430 δέ
586 2376 676 2430 διὰ
702 2377 904 2431 τούτων
928 2378 1099 2430 εἰπεῖν
1138 2378 1243 2444 ὅτι,
1276 2378 1484 2448 Ὠσπερ
1514 2377 1575 2430 τὸ
1612 2377 1776 2448 ἀκρον
1805 2378 1897 2430 τοῦ

334 2469 575 2537 ἱματίου,
606 2468 667 2520 οὐ
693 2466 782 2521 διὰ
808 2467 868 2520 τδ
902 2467 1243 2538 ἐπικείμενον
1273 2467 1426 2535 ἀγιον
1458 2467 1703 2535 ἀγιάζειν
1741 2467 1898 2520 δύνα-

332 2578 425 2612 ται
448 2560 510 2612 τὸ
532 2560 909 2630 προσεγγίζον,
936 2561 964 2612 ὁ
995 2559 1363 2630 μεμιασμένος
1388 2558 1443 2611 δέ
1470 2558 1769 2630 ἁπτόμενος
1789 2559 1896 2613 τῶν

330 2652 593 2705 τοιούτων
637 2652 838 2722 μιαίνει
884 2652 1098 2715 πάντως
1138 2652 1305 2713 am,
1342 2650 1481 2705 οὕτω
1526 2651 1630 2722 χρὴ
1660 2650 1895 2720 νομίζειν

330 2745 429 2796 καὶ
450 2745 590 2813 ὑμᾶς
610 2745 945 2814 ἁπτομένους
965 2743 1284 2814 προχείρως,
1313 2756 1389 2813 (p.
1411 2742 1533 2809 426)
1561 2748 1653 2797 καὶ
1671 2744 1731 2796 ού
1759 2744 1895 2814 μετά

328 2834 428 2887 τοῦ
454 2836 816 2904 προσήκοντος
850 2834 1187 2904 σεϐάσματος
1209 2834 1316 2887 τῶν
1346 2834 1629 2888 ίεοατικῶν
1658 2835 1890 2898 σκευῶν,

327 2926 364 2997 ἢ
415 2928 523 2979 τῶν
552 2930 699 2991 ὅπως
728 2927 858 2982 ποτὲ
898 2927 976 2998 τῷ
1007 2927 1126 2998 Θεῷ
1170 2928 1570 2997 προσηκόντων,
1606 2928 1685 2981 ὅτι
1724 2928 1819 2997 οὐχ
1865 2930 1894 2982 ὁ

326 3018 557 3070 ἐγείνων
583 3016 850 3087 ἁγιασμὸς
884 3016 1027 3088 ὑμᾶς
1066 3016 1300 3084 ἁγιάζει,
1337 3018 1367 3069 ὁ
1394 3017 1450 3070 δὲ
1478 3016 1738 3087 ὑμέτερος
1765 3018 1889 3122 ’ξρό··
1918 3065 1960 3122 C

322 3123 433 3171 πος
467 3107 837 3177 μεμιασμένος
860 3104 935 3160 ὢν
955 3106 1111 3179 ὓὸριν
1140 3106 1526 3179 προστρίϐεται
1556 3109 1666 3170 τοῖς
1697 3106 1889 3174 ἁγίοις,

327 3201 493 3270 εἴπερ
524 3196 617 3252 οὖν
645 3197 822 3251 αὐτῶν
862 3197 965 3263 ἔξω
997 3196 1090 3251 τοῦ
1123 3200 1492 3269 προσήκοντος
1534 3199 1894 3268 ἐφαπτόμενοι

323 3289 631 3359 φαίνοισθε.
659 3288 819 3342 Ὀθεν
841 3288 936 3343 καὶ
960 3290 988 3341 ὀ
1015 3289 1296 3360 προφήτης
1316 3289 1670 3359 ἀποκρίνεται
1698 3290 1773 3352 ὼς
1798 3288 1890 3343 τοῦ

322 3378 467 3432 Θεοῦ
516 3378 761 3441 εἰπόντος
794 3377 875 3430 ὅτι
898 3418 912 3443 ,
957 3377 1176 3431 Τοιοῦτο
1222 3377 1286 3449 δὴ
1328 3378 1422 3431 καὶ
1468 3378 1530 3431 τὸ
1570 3380 1701 3449 παρ’
1741 3378 1893 3448 ὑμῶν

328 3468 615 3537 γινόμενον
634 3466 798 3531 ἐστιν,
824 3466 899 3519 ὅτ’
922 3466 987 3520 ἀν
1007 3464 1253 3537 ἀπτησθέ
1278 3483 1421 3529 τινος
1439 3466 1547 3521 τῶν
1575 3468 1696 3538 ἐμοὶ
1724 3485 1889 3538 προσ-

324 3560 575 3629 quidam;
618 3556 821 3625 ἁγίων·
854 3555 993 3610 ὥστε
1047 3558 1343 3629 προσήκειν
1384 3557 1527 3627 ὑμᾶς
1579 3558 1774 3611 εἰδέναι
1810 3560 1890 3613 ὅτι

326 3652 440 3713 πᾶς
471 3644 704 3717 ἐγγίζων
733 3648 857 3717 ἐμοὶ
886 3648 1162 3718 (ἐγγίζειν
1203 3650 1311 3719 γὰρ
1345 3648 1467 3718 ἐμοὶ
1487 3648 1631 3717 λέγω
1652 3688 1667 3713 ,
1698 3650 1758 3703 τὸ
1784 3652 1890 3705 τῶν

322 3742 451 3811 ἐμοὶ
477 3740 861 3810 προσηκόντων
904 3757 963 3793 τε
1000 3740 1096 3792 καὶ
1123 3740 1499 3811 ἀνακειμένων
1537 3741 1887 3812 ἐφάπτεσθαι)

322 3835 374 3883 εἰ
401 3830 704 3902 προχείρως
735 3829 827 3884 καὶ⁵
853 3830 911 3882 ἐν
940 3828 1169 3900 ἀμελείᾳ
1195 3829 1289 3883 καὶ
1312 3831 1707 3901 καταφρονήσει
1736 3830 1890 3884 τοῦτο

323 3922 530 3993 ποιοίη,
563 3922 626 3974 ού
673 3923 832 3991 μόνον
869 3919 1083 3983 οὐθενὸς
1122 3919 1383 3973 ἀπολαύει
1431 3922 1654 3993 κέρδους
1688 3924 1752 3974 ἐκ
1792 3924 1887 3993 τῆς

323 4012 492 4082 ἁφῆς.
524 4010 659 4064 ἀλλά
697 4011 806 4082 γὰρ
839 4010 931 4064 καὶ
962 4009 1245 4080 μολύνεται
1276 4011 1771 4082 προσαδικούμενος
1796 4014 1888 4066 καὶ

324 4101 838 4173 προσϐλαπτόμενος
856 4141 871 4165 ,
903 4101 1038 4173 ὑπὲρ
1072 4096 1147 4155 ὧν
1174 4100 1280 4155 τῶν
1309 4100 1481 4165 οὕτως
1510 4101 1678 4170 ἁγίων
1713 4102 1888 4172 ἥψατο

318 4194 650 4265 προχείρως.
703 4210 724 4244 ι
777 4192 1001 4246 Ἕνεκεν
1046 4192 1155 4245 τῶν
1206 4192 1506 4264 λημμάτων
1553 4192 1730 4248 αὐτῶν
1777 4193 1887 4247 τῶν

317 4283 587 4355 ὀρθρινῶν
640 4281 1055 4352 ὀδυνηθήσονται
1101 4282 1212 4336 ἀπὸ
1268 4282 1559 4354 προσώπου
1614 4282 1885 4354 πονηριῶν

315 4373 521 4436 αὐτῶν,
552 4372 646 4425 καὶ
684 4372 923 4442 ἐμισεῖτε
959 4372 1017 4423 ἐν
1051 4371 1245 4435 πύλαις
1276 4370 1614 4440 ἐλέγχοντας.
1667 4390 1686 4422 ι
1726 4373 1883 4442 Λημ-

318 4463 508 4532 μάτων
546 4462 753 4528 αὐτῶν,
793 4463 880 4516 ἵνα
924 4463 1053 4535 είπῃ
1101 4461 1175 4525 ὡς
1231 4460 1665 4532 ἐπελαμϐάνοντο
1711 4461 1878 4531 πρὰτο

310 4570 499 4616 τοντες
523 4553 584 4604 οὐ
609 4553 849 4616 δεόντως.
891 4552 1060 4622 Ὑπὲρ
1081 4553 1187 4622 γὰρ
1210 4545 1305 4615 ὧν,
1327 4553 1513 4623 φησὶν,
1543 4554 1879 4623 ὲπεχειρεῑτε

314 4644 581 4713 πράξεσιν
615 4643 864 4706 ἀτόποις,
895 4642 1102 4713 ὄρθριοι
1134 4642 1214 4705 εἰς
1247 4641 1404 4695 τοῦτο
1439 4642 1836 4712 διανιστάμενοι
1862 4682 1879 4708 ,

313 4739 411 4791 καὶ
436 4738 572 4808 μετὰ
598 4740 775 4807 πάσης
802 4737 870 4790 τὰ
894 4738 1069 4791 ἄτοπα
1089 4736 1189 4807 τῆς
1215 4735 1447 4807 σπουδῆς
1478 4736 1871 4801 ἐπιτελοῦντες,

2007 1826 2333 1881 municando
2360 1827 2513 1882 alteri
2546 1843 2685 1884 escae
2708 1831 3215 1887 sanctiﬁcationem.
3242 1834 3363 1889 Mox
3384 1836 3563 1891 denuo

2007 1912 2301 1985 interrogat
2338 1934 2351 1970 :
2396 1913 2452 1969 Si
2498 1919 2619 1986 quis
2658 1919 3147 1990 quomodoeunque
3198 1923 3434 1992 pollutus
3476 1941 3560 1979 res

2005 2003 2311 2073 hujusmodi
2356 2007 2616 2078 attigerit.
2650 2025 2778 2063 num
2812 2009 2932 2065 illas
2959 2013 3177 2067 omnino
3195 2016 3561 2069 contaminat?

2003 2091 2082 2148 llli
2126 2110 2255 2151 vero
2304 2098 2595 2153 dixerunt:
2623 2095 2989 2156 Contaminat.
3034 2101 3216 2158 Voluit
3255 2114 3434 2159 autem
3465 2122 3561 2175 per

2002 2185 2115 2241 bare
2141 2186 2343 2253 dicere,
2370 2190 2515 2259 quod
2539 2193 2842 2247 vestimenti
2868 2194 3084 2264 quidem
3116 2198 3399 2252 summitas
3435 2214 3556 2268 pro-

2001 2283 2120 2345 pter
2153 2291 2265 2331 rem
2296 2285 2543 2332 sanctam
2581 2279 2843 2335 inclusam
2882 2283 3221 2340 sanctiﬁcare
3251 2286 3554 2355 proximum

1999 2366 2197 2435 aliquid
2243 2376 2511 2437 nequeat;
2557 2369 2651 2424 sed
2690 2371 2834 2440 quod
2880 2373 3040 2427 homo
3075 2376 3311 2443 pollutus
3348 2379 3394 2433 si
3426 2381 3553 2448 quid

1998 2459 2259 2528 ejusmodi
2300 2469 2503 2530 tangat,
2548 2463 2703 2530 plane
2749 2464 2878 2517 illud
2921 2468 3278 2522 Contaminet:
3330 2470 3556 2541 ideoque

1996 2549 2348 2615 credendum,
2387 2550 2532 2620 quod
2565 2550 2608 2606 si
2642 2566 2738 2607 vos
2771 2560 2994 2617 temere,
3027 2562 3080 2609 et
3109 2556 3226 2610 sine
3263 2556 3441 2611 debita
3467 2575 3553 2613 re-

1994 2642 2193 2712 ligione
2228 2658 2356 2697 vasa
2404 2657 2582 2709 sacra,
2630 2646 2712 2697 vel
2751 2644 3015 2715 quidquid
3044 2646 3227 2701 divino
3264 2650 3431 2703 cultui
3462 2652 3555 2703 ad-

1994 2733 2197 2786 dictum
2227 2740 2327 2796 est,
2382 2732 2685 2803 tetigeritis,
2727 2733 2868 2788 haud
2916 2734 3134 2790 illorum
3174 2740 3429 2792 sanctitas
3460 2756 3554 2795 ves

1994 2821 2313 2885 sanctiﬁcet,
2352 2822 2445 2877 sed
2487 2824 2597 2877 vita
2637 2833 2817 2879 vestra
2851 2827 3135 2897 inquinata
3173 2832 3550 2885 contumeliam

1993 2914 2155 2968 rebus
2200 2914 2407 2968 sanctis
2449 2924 2721 2985 aspergat,
2757 2917 3025 2988 siquidem
3074 2918 3196 2974 illas
3226 2920 3430 2991 absque
3460 2927 3551 2977 de.

1993 3002 2102 3055 bita
2132 3004 2432 3057 reverentia
2468 3012 2805 3062 contrectare
2835 3006 3146 3062 videamini.
3192 3007 3548 3075 Quamobrem

1994 3091 2154 3145 etiam
2194 3093 2455 3162 propheta
2491 3097 2805 3165 respondet,
2854 3107 3107 3168 tanquam
3137 3098 3246 3155 Deo
3277 3100 3548 3172 loquente.

1994 3181 2099 3235 hoc
2125 3179 2299 3251 ipsum
2329 3182 2491 3252 281
2525 3184 2595 3237 ab
2630 3185 2697 3241 iis
2722 3185 2834 3241 ﬁeri
2867 3187 3297 3259 quotiescunque
3317 3205 3403 3247 res
3428 3207 3551 3247 saa—

1994 3280 2109 3327 ctas
2121 3272 2289 3326 cultui
2307 3289 2427 3328 meo
2451 3274 2696 3330 addictas
2715 3277 3008 3349 tetigerint.
3027 3277 3385 3345 Quamobrem
3409 3285 3550 3337 scire

1992 3363 2222 3427 debetis,
2266 3364 2562 3434 quemlibet
2605 3366 2739 3420 mihi
2778 3368 3232 3439 propinquantem
3293 3372 3543 3442 (propin-

1991 3470 2160 3526 quare
2187 3465 2366 3510 autem
2392 3456 2524 3510 mihi
2559 3457 2711 3512 illum
2744 3458 2888 3524 dico,
2917 3461 3009 3530 qui
3048 3476 3134 3516 res
3168 3476 3315 3517 meas
3351 3464 3547 3519 tnihire

1990 3546 2198 3601 oblatas
2238 3548 2508 3617 attingit),
2551 3549 2598 3604 si
2627 3557 2829 3606 temere
2856 3567 2920 3607 ac
2967 3553 3264 3608 socorditer
3293 3562 3385 3608 aut
3416 3570 3545 3610 con-

1991 3639 2231 3708 temptim
2259 3639 2313 3694 id
2343 3647 2487 3711 agat,
2517 3657 2624 3696 non
2658 3642 2819 3697 modo
2846 3645 3053 3699 nullum
3082 3660 3148 3700 ex
3175 3654 3427 3701 contactu
3455 3664 3544 3703 ca-

1990 3744 2117 3798 pere
2136 3730 2579 3795 emolumentum,
2602 3748 2789 3787 verum
2813 3735 2975 3789 etiam
3006 3735 3278 3805 inquinari
3307 3752 3411 3791 non
3428 3738 3544 3793 sine

1988 3834 2088 3874 sua
2127 3820 2286 3889 culpa
2328 3834 2391 3874 ac
2439 3820 2654 3890 damno,
2709 3834 2991 3895 propterea
3030 3827 3173 3896 quod
3212 3836 3413 3883 temere
3457 3845 3543 3885 res

1988 3911 2124 3964 adeo
2150 3919 2367 3967 sanctas
2403 3917 2839 3970 contrectarerit.
2894 3915 3159 3987 «Propter
3186 3934 3406 3973 munera
3445 3937 3541 3978 sua

1989 4003 2251 4056 matutina
2274 4003 2586 4059 dolebunta
2626 4006 2764 4062 facie
2806 4009 3150 4080 iniquitatum
3185 4026 3442 4066 suarum:
3489 4028 3543 4070 et

1986 4092 2221 4147 odoratis
2243 4104 2528 4165 arguentes
2550 4096 2604 4151 in
2636 4098 2830 4167 portis.
2853 4117 2871 4149 ι
2902 4099 3119 4155 Munera
3141 4100 3272 4155 dicit
3294 4117 3414 4172 qua:
3434 4120 3538 4156 non

1987 4192 2131 4239 recte
2163 4185 2370 4255 agendo
2410 4188 2771 4257 accipiebant.
2807 4188 3032 4261 Propter
3078 4192 3353 4262 improbos
3387 4206 3542 4250 actus

1984 4281 2213 4339 vestros,
2243 4292 2381 4345 quos
2410 4276 2651 4332 diluculo
2678 4289 3086 4351 consurgentes,
3114 4283 3424 4338 omnimoda
3457 4300 3542 4340 se-

1986 4364 2210 4420 dulitate
2236 4368 2592 4434 exercebatis,
2612 4369 2666 4422 in
2691 4370 2875 4439 gravia
2914 4369 3054 4422 mala
3076 4369 3367 4433 incidistis.
3406 4389 3542 4444 pra:-

1984 4457 2171 4513 sertim
2192 4456 2319 4525 quia
2336 4460 2719 4527 prophetarum
2746 4459 3219 4528 reprehensionem
3246 4478 3402 4532 aequo
3424 4468 3543 4518 ani-

1981 4563 2071 4603 mo
2111 4563 2218 4601 non
2240 4548 2446 4603 tulistis
2470 4566 2485 4614 ;
2514 4548 2827 4618 indignatus
2861 4548 2944 4605 bis
2972 4549 3100 4604 dum
3131 4552 3183 4605 in
3212 4557 3383 4623 portis
3412 4570 3539 4608 con-

1981 4641 2258 4702 sisterent,
2290 4649 2349 4694 ut
2394 4656 2734 4697 communem
2771 4644 2983 4698 cunctis
3017 4643 3441 4714 ingredientibus
3486 4657 3539 4700 et

1981 4734 2309 4791 exeuntibus
2346 4735 2506 4790 dictis
2539 4736 2655 4791 suis
2686 4736 2979 4790 suaderent
3014 4740 3465 4794 emendationem.

310 4834 380 4901 τῇ
406 4830 668 4901 βαρύτητι
689 4829 795 4882 τῶν
823 4828 1259 4898 προσγεγονότων
1281 4828 1406 4898 ὑμῖν
1434 4829 1889 4899 περιπεπτώκατε
1914 4826 2116 4889 κακῶν,
2138 4827 2232 4879 καὶ
2258 4825 2433 4895 πολλῷ
2454 4844 2517 4895 γε
2548 4826 2707 4881 πλέον
2746 4828 2932 4900 ἐπειδὴ
2956 4828 3047 4882 τὸν
3090 4832 3257 4904 παρὰ-
3284 4833 3390 4886 τῶν
3415 4849 3539 4902 προ-

310 4922 501 4990 φητῶν
526 4920 742 4991 ἔλεγχον
766 4920 865 4972 οὐκ
892 4920 1134 4991 ἐδέχεσθε
1154 4937 1169 4953 ο
1197 4920 1275 4992 (ρ.
1310 4921 1434 4991 427)
1466 4922 1867 4993 ἐδυσχεραίνετε
1904 4922 1960 4975 δὲ
2004 4921 2139 4992 πρὸς
2186 4921 2382 4984 αὐτοὺς
2405 4922 2496 4974 ἐπὶ
2548 4925 2665 4981 ταῖς
2699 4922 2891 4989 πύλαις
2924 4924 3185 4989 ἑστῶτας,
3213 4925 3288 4988 ὡς
3328 4925 3393 4979 ἂν
3425 4943 3535 4979 κοιι

310 5020 413 5090 νὴν
446 5018 617 5071 ἁπασι
637 5019 746 5080 τοῖς
773 5015 999 5069 εἰσιοῦσί
1030 5033 1089 5070 τε
1121 5019 1215 5070 καὶ
1240 5016 1440 5081 ἐξιοῦσι
1470 5018 1568 5089 τὴν
1601 5017 1708 5071 ἀπὸ
1736 5018 1843 5071 τῶν
1881 5016 2186 5087 λεγομένων
2228 5018 2551 5087 προσάγοιεν
2589 5018 2945 5089 ἐνδιόρθωσιν.

384 5108 532 5177 Στίχ.
566 5113 737 5169 ις’-κ’.
769 5134 842 5145 --
875 5122 895 5156 ι
932 5107 1041 5159 Καὶ
1093 5107 1186 5160 νῦν
1215 5106 1370 5159 θέσθε
1397 5108 1460 5180 δὴ
1496 5109 1589 5162 ἐπὶ
1613 5110 1711 5172 τὰς
1742 5125 1878 5179 καρ-

304 5202 428 5262 δίας
479 5197 634 5269 ὑμῶν
683 5196 791 5250 ἀπὸ
828 5197 925 5267 τῆς
963 5197 1173 5267 ἡμέρας
1219 5199 1421 5265 ταύτης
1480 5200 1572 5252 καὶ
1622 5199 1877 5269 ὑπεράνω

304 5291 418 5361 xy)
466 5288 558 5341 τοῦ
596 5289 766 5341 θεῖναι
806 5287 948 5340 λίθον
997 5290 1089 5340 ἐπὶ
1116 5288 1259 5341 λίθον
1290 5290 1347 5341 ἐν
1377 5288 1453 5358 τῷ
1491 5289 1600 5359 ναῷ
1626 5290 1831 5359 Κυρίου
1858 5304 1872 5318 ⁸

302 5384 450 5441 τίνες
498 5375 595 5449 ἦτε
626 5380 716 5433 ὅτε
757 5378 1069 5431 ἐνεϐάλλετε
1110 5380 1190 5442 εἰς
1235 5379 1468 5449 κυψέλην
1497 5380 1668 5433 εἴκοσι
1702 5380 1872 5444 σάτα,

298 5472 403 5521 καὶ
430 5469 633 5536 ἐγίνετο
672 5469 804 5521 δέκα
838 5470 974 5523 σάτα
1004 5469 1227 5540 κριθῆς·
1265 5471 1357 5523 καὶ
1389 5470 1761 5540 εἰσεπορεύετο
1794 5473 1873 5534 είς

296 5562 363 5612 τὸ
412 5560 692 5628 ὑπολήνιον
730 5560 1046 5630 ἐξαντλῆσαι
1091 5563 1422 5631 πεντήκοντα
1463 5563 1731 5634 μετρητάς
1779 5565 1902 5616 καὶ·

296 5651 547 5721 ἐγίνοντο
582 5652 781 5704 εἴκοσιν
867 5653 1107 5719 ἐπάταξα
1138 5653 1280 5716 ὑμᾶς
1330 5656 1387 5705 ἐν
1427 5654 1625 5725 ἀφορίᾳ
1672 5655 1764 5708 καὶ
1811 5656 1866 5706 ἐν

624 5748 894 5809 Parnm.
937 5749 1051 5810 Gn.
1103 5750 1312 5810 LXVI.

2043 5106 2209 5163 Vens.
2244 5107 2427 5161 16-20.
2490 5139 2559 5147 —
2596 5127 2614 5160 ι
2672 5108 2740 5162 Et
2778 5124 2923 5163 nunc
2954 5109 3135 5179 ponite
3187 5108 3242 5161 in
3282 5109 3536 5164 60""th

1970 5201 2165 5254 vestris
2185 5216 2214 5252 a
2240 5199 2327 5254 die
2348 5200 2448 5255 hac
2465 5209 2517 5256 et
2537 5216 2723 5269 supra,
2753 5210 3039 5270 antequam
3076 5207 3369 5268 poneretur
3400 5202 3535 5270 ιηρὶς

1972 5307 2136 5361 super
2176 5292 2407 5362 lapidem
2453 5293 2505 5345 in
2538 5295 2739 5363 templo
2778 5292 3023 5346 Domini:
3058 5291 3274 5361 quinam
3306 5295 3533 5359 fueritis,

1971 5382 2189 5451 quando
2213 5384 2509 5437 mittebatis
2540 5383 2593 5437 in
2623 5384 2875 5455 cypselen
2896 5382 3083 5452 viginti
3108 5390 3249 5444 sata,
3269 5391 3319 5436 et
3340 5382 3537 5436 fiebant

1975 5474 2159 5528 decem
2194 5483 2313 5529 sata
2342 5475 2529 5531 hordei
2566 5494 2578 5530 :
2614 5484 2667 5531 et
2706 5472 3159 5545 ingrediebamini
3195 5474 3435 5528 torcular
3477 5482 3535 5525 ut

1975 5563 2264 5619 hauriretis
2284 5566 2675 5636 quinquaginta
2707 5567 3079 5634 amphoras,et
3100 5564 3295 5618 ﬁebant
3325 5564 3530 5632 viginti.

1972 5653 2227 5710 Percussi
2244 5672 2339 5712 vos
2358 5658 2663 5723 sterilitate,
2678 5667 2730 5711 et
2750 5660 2892 5713 aeris
2910 5656 3279 5727 correptione,
3297 5667 3345 5708 et
3372 5669 3534 5727 gran-

3136 5751 3208 5809 16
