4054 6238
538 304 641 364 691

1738 309 2083 365 TIIEODORI
2120 307 2597 363 MOPSUESTENI

3648 304 3754 360 402

539 429 666 484 dine
726 425 907 480 omnia
966 438 1132 495 opera
1195 440 1457 479 manuum
1508 433 1843 489 vestrarum;
1892 435 1944 479 et
2001 442 2099 479 non

2210 422 2570 493 ἀνεμοφθορίᾳ
2598 421 2690 474 καὶ
2717 421 2774 473 ὲν
2808 420 3012 493 χαλάζῃ
3050 420 3224 474 πάντα
3254 421 3321 473 τὰ
3351 420 3486 491 ἔργα
3511 422 3620 474 τῶν
3650 440 3760 492 χει-

541 516 743 573 reversi
774 516 907 571 estis
955 516 1020 569 ad
1050 531 1154 578 me,
1193 514 1329 569 dicit
1352 514 1632 569 Dominus.
1654 515 1924 584 Apponite
1956 528 2101 567 nunc

543 609 705 664 corda
738 622 911 661 vesttra
948 622 977 660 a
1007 606 1093 661 die
1126 608 1229 662 ista
1276 614 1329 660 et
1358 621 1545 675 supra,
1583 623 1612 658 ιι
1651 613 1847 675 quarta
1876 611 1930 657 et
1958 605 2101 657 vice—

541 702 677 756 sima
708 703 831 753 ιιοιιί
865 700 1088 761 mensis,
1153 707 1209 754 et
1238 714 1267 752 a
1298 699 1385 753 die
1419 713 1525 769 qua
1583 698 1930 751 fundamenta
1954 696 2100 764 jaeta

543 798 670 847 sunt
712 790 894 858 templi
953 789 1185 843 Domini.
1237 788 1429 842 Ponite
1478 789 1531 843 in
1565 788 1823 842 cordibus
1881 784 2099 848 vestris.

542 892 721 937 utrum
754 883 928 935 adhuc
977 891 1339 952 cognoscctur
1397 896 1560 951 super
1614 893 1817 942 aream,
1878 885 1931 930 et
1972 892 2100 929 num

542 974 717 1027 adhuc
769 973 862 1027 viti
912 981 966 1028 et
995 972 1121 1027 ticui
1174 983 1226 1027 et
1272 974 1665 1042 malogranato,
1711 978 1766 1026 et
1811 968 2101 1023 arboribus

542 1066 694 1130 olete,
723 1081 843 1134 qua:
859 1063 1094 1119 fructum
1123 1072 1343 1133 negant,
1376 1081 1439 1120 ex
1465 1065 1569 1119 hac
1594 1063 1681 1118 die
1710 1062 2046 1117 benedicam.
2078 1078 2095 1109 ι

432 1186 435 1191 λ
540 1156 954 1227 Comparatione
1007 1157 1253 1211 instituta
1306 1156 1608 1225 superioris
1664 1154 1948 1224 temporis,
1994 1167 2102 1222 quo

543 1247 729 1317 templi
758 1246 1168 1301 aedificationem
1204 1247 1565 1317 uegligebant,
1593 1253 1647 1299 et
1681 1244 1965 1314 prmsentis
1994 1258 2103 1312 quo

545 1354 735 1408 urgere
764 1353 901 1409 opus
939 1346 1238 1408 cmperant,
1273 1337 1559 1392 ostendere
1588 1337 1757 1390 voluit
1781 1350 1960 1390 rerum
1984 1350 2103 1402 qua:

543 1432 704 1500 282
730 1431 863 1500 ipsis
887 1430 1221 1485 obvenerant
1260 1428 1620 1484 dili'erentiam
1660 1448 1673 1482 :
1712 1436 1765 1480 et
1796 1428 1849 1480 in
1901 1433 2102 1495 quanta

541 1526 820 1594 neglectus
857 1533 1096 1593 tempore
1150 1522 1349 1577 versati
1410 1520 1641 1575 fuissent
1694 1520 2000 1578 sterilitate,
2052 1526 2104 1571 et

544 1627 743 1689 quanta
774 1618 912 1671 bona
941 1614 1147 1683 experti
1193 1620 1477 1682 postquam
1527 1608 1858 1664 exstruendo
1905 1609 2103 1678 templo

545 1713 767 1765 multam
844 1706 1201 1761 contulissent
1262 1702 1623 1758 sedulitatem.
1681 1700 1842 1767 Ergo,
1908 1699 2099 1768 inquit,

2205 512 2310 582 ρῶν
2353 512 2537 583 ὑμῶν’
2586 512 2678 566 καὶ
2718 513 2817 565 οὐκ
2863 511 3224 581 ἐπεστρέψατε
3285 512 3421 583 7:96;
3459 530 3558 582 με,
3614 514 3761 581 λέγει

2204 604 2401 674 Κύριος
2450 603 2838 674 παντοκράτωρ
2858 618 2870 632 ·
2907 602 3103 667 τάξατε
3132 602 3194 672 δὴ
3227 603 3325 667 τάς
3357 604 3580 674 καρδίας
3611 605 3763 675 ὑμῶν

2201 693 2309 744 ἀπὸ
2338 693 2435 761 τῆς
2469 691 2678 763 ἡμέρας
2730 692 2930 761 ταύτης
2979 692 3068 744 καὶ
3100 691 3370 756 ἐπέκεινα,
3412 694 3517 745 ἀπὸ
3544 696 3640 765 τῆς
3669 713 3761 748 τε·

2201 783 2391 854 τράδος
2426 782 2517 835 καὶ
2546 782 2754 845 εἰκάδος
2789 782 2881 836 τοῦ
2936 782 3124 835 ἐνάτου
3167 784 3334 853 μηνὸς
3354 823 3368 845 ,
3402 787 3493 837 καὶ
3527 786 3633 838 ἀπὸ
3660 787 3761 855 τῆς

2202 874 2411 945 ἡμέρας
2438 869 2508 945 ἦς
2537 873 2865 944 ἐθεμελιιὶιθη
2900 876 2927 926 ό
2948 874 3070 937 ναὸς
3092 874 3296 942 Κυρίου
3319 891 3333 905 ο
3376 874 3530 928 θέσθε
3556 878 3614 928 ἐν
3639 880 3762 940 ταῖς

2201 967 2445 1040 καρδίαις
2488 966 2639 1036 ὑμῶν
2667 967 2716 1018 εἰ
2749 964 2831 1018 ἐτι
2867 966 3329 1036 ἐπιγνωσθήσεται
3358 967 3449 1019 ἐπὶ
3475 968 3573 1037 τῆς
3610 969 3722 1022 ἅλω
3744 986 3759 996 ·

2201 1057 2295 1109 καὶ
2338 1058 2387 1109 εἰ
2433 1056 2578 1127 ἐτιή
2624 1055 2862 1127 ἄμπελος
2909 1059 3000 1109 καὶ
3044 1059 3077 1128 ἡ
3124 1056 3261 1126 συκῆ
3310 1057 3403 1110 καὶ
3436 1056 3533 1127 ροὰ
3575 1059 3666 1112 καί
3692 1059 3763 1111 τὰ

2204 1148 2332 1212 ξύλα
2375 1146 2475 1216 τῆς
2515 1146 2696 1210 ἐλαίας
2740 1146 2811 1200 τὰ
2856 1148 2917 1200 οὐ
2973 1147 3203 1218 φέροντα
3238 1149 3481 1219 καρπὸν.
3525 1151 3632 1203 ἀπὸ
3658 1152 3761 1215 τῆς

2202 1237 2409 1309 ἡμέρας
2452 1237 2656 1308 ταύτης
2697 1237 2992 1310 εὐλογήσω.
3047 1259 3065 1290 ι
3109 1238 3411 1309 Παραθέσει
3444 1241 3606 1295 πάλιν
3652 1242 3764 1294 τῶν

2202 1347 2260 1382 τε
2311 1330 2602 1400 πρότερον,
2645 1329 2734 1382 ὅτε
2768 1347 2871 1400 περ
2914 1330 3149 1399 ἠμέλουν
3195 1330 3295 1399 τῆς
3350 1331 3631 1402 οἰκοδομῆς
3665 1332 3764 1385 τοῦ

2201 1422 2363 1485 ναοῦ,
2399 1423 2492 1474 καὶ
2534 1421 2641 1475 τῶν
2677 1421 2771 1475 νῦν
2816 1420 2978 1486 ἐξότε,
3009 1439 3111 1492 περ
3162 1422 3480 1487 σπουδάζειν
3531 1424 3768 1496 ἤρξαντο

2204 1514 2329 1583 περὶ
2356 1513 2415 1565 τὸ
2442 1512 2620 1583 ἔργον,
2650 1511 2919 1583 ἠϐουλήθη
2955 1511 3123 1577 δεῖξαι
3160 1513 3269 1566 τῶν
3300 1515 3596 1582 γεγονότων
3635 1518 3767 1587 περὶ

2203 1604 2396 1665 αὐτοὺς
2442 1602 2538 1674 τὴν
2566 1603 2861 1675 διαφοράνο
2915 1604 3008 1657 καὶ
3054 1607 3111 1658 ἐν
3157 1605 3256 1674 ὅσῃ
3305 1606 3400 1671 μὲν
3438 1606 3766 1677 ἀμελοῦντες

2204 1694 2401 1765 ἀφορίᾳ
2438 1696 2764 1763 γεγόνεσαν,
2804 1696 2941 1749 ὅσων
2976 1696 3033 1750 δὲ
3065 1699 3284 1767 ἀγαθῶν
3315 1703 3371 1753 ἐν
3401 1698 3564 1770 πείρᾳ
3595 1700 3761 1753 κατέ-

546 1808 791 1872 reputate
854 1798 1133 1867 superiora
1195 1801 1462 1863 tempora,
1496 1806 1619 1845 cum
1660 1790 1895 1843 nondum
1934 1789 2099 1843 adiﬁ—

2210 1800 2430 1853 στησαν,
2448 1784 2628 1854 ἐπειδὴ
2645 1788 2710 1856 τῇ
2728 1785 2819 1838 τοῦ
2838 1784 2964 1839 ναοῦ
2987 1789 3267 1859 προσέχειν
3287 1790 3534 1859 οἰκοδομῇ
3559 1790 3765 1860 προθυ-

545 1891 701 1943 candi
762 1886 942 1956 templi
1000 1900 1187 1939 curam
1240 1880 1627 1951 susceperatis,
1676 1880 1731 1933 in
1780 1879 2102 1949 quibusnam

544 1995 724 2034 rerum
752 1978 1025 2048 adiunctis
1056 1974 1426 2037 versaremini,
1444 1988 1565 2027 cum
1584 1973 1836 2026 nimirum
1861 1973 2107 2042 manipu-

544 2073 626 2126 los
673 2069 1004 2140 colligebatis
1058 2066 1250 2137 viginti
1306 2075 1547 2121 satorum
1608 2062 1807 2118 fructui
1852 2063 2105 2133 suppedi—

543 2162 710 2216 tando
735 2161 952 2223 idonea,
982 2163 1071 2215 vix
1117 2168 1293 2213 autem
1323 2158 1611 2213 exstabant
1665 2158 1850 2211 decem
1886 2164 2106 2226 propter

545 2254 758 2323 frugum
784 2251 1165 2322 corruptelam.
1192 2249 1256 2304 Et
1276 2250 1494 2320 quidem
1526 2248 1686 2303 etiam
1710 2248 1835 2302 vitis
1868 2246 2101 2300 fructum

543 2351 749 2396 tantum
765 2342 1100 2412 colligebatis
1129 2348 1388 2409 quantum
1418 2338 1693 2408 amplioris
1717 2336 2103 2406 quinquaginta

545 2432 832 2505 implendis
863 2433 997 2488 satis
1026 2441 1176 2499 erat;
1209 2439 1443 2486 attamen
1475 2430 1563 2483 vix
1598 2429 1785 2500 viginti
1837 2427 2102 2483 elﬁcieba-

547 2526 638 2588 tis,
675 2525 801 2595 quia
833 2531 887 2579 et
933 2523 1019 2577 hic
1050 2523 1117 2576 ab
1146 2537 1271 2577 aere
1295 2528 1521 2575 exustus
1569 2519 1762 2574 fuerat.
1807 2517 1947 2572 Sane
2006 2533 2104 2589 ego

543 2613 698 2670 vobis
725 2612 923 2668 immisi
948 2610 1248 2667 sterilitatis
1279 2611 1526 2680 aerisque
1554 2609 1861 2679 pestilentis
1893 2611 2099 2678 plagas,

543 2705 675 2776 quin
703 2706 863 2760 etiam
915 2703 1175 2775 grandine
1208 2710 1417 2757 vestros
1472 2715 1660 2755 omnes
1705 2699 1916 2754 labores
1978 2715 2102 2769 per-

542 2797 699 2851 didi:
739 2810 831 2849 vos
888 2802 1066 2849 autem
1105 2800 1227 2863 post
1287 2793 1376 2846 illa
1434 2808 1650 2862 quoque
1706 2791 2101 2845 contumaciam

541 2895 774 2941 vestram
809 2885 1125 2940 retinuistis.
1165 2881 1271 2938 Sed
1312 2899 1396 2947 ea,
1442 2883 1636 2952 inquit,
1672 2881 1929 2951 praeteriti
1964 2889 2101 2933 tem-

542 2976 689 3046 poris
724 2982 869 3029 sunt.
920 2972 1072 3027 Nunc
1100 2988 1228 3028 vero
1278 2971 1636 3034 considerate,
1666 2984 1911 3040 quamam
1947 2969 2101 3024 vobis

540 3082 606 3119 ex
634 3065 721 3119 illa
753 3066 840 3118 die
869 3064 1168 3125 evenerint,
1199 3076 1303 3131 qua
1332 3061 1397 3115 ad
1450 3061 1631 3129 templi
1686 3060 2095 3114 aadilicationem

541 3158 782 3226 coepistis
825 3158 1136 3211 incumbere
1202 3174 1215 3210 :
1267 3154 1610 3224 comperietis
1684 3153 1847 3217 enim,
1925 3167 2100 3221 neque

542 3263 679 3302 area:
708 3246 964 3309 fructum,
992 3262 1165 3316 neque
1193 3246 1469 3306 arborum,
1499 3246 1921 3317 comparandum
1978 3261 2100 3299 cum

543 3338 817 3408 superiore
854 3356 867 3391 :
895 3353 957 3391 ex
983 3337 1067 3392 his
1092 3336 1232 3390 enim
1258 3347 1415 3389 antea
1433 3335 1612 3388 nullus
1630 3335 1782 3390 vobis
1808 3348 2102 3405 proventus

541 3430 787 3485 exstabat
824 3449 836 3484 :
879 3436 1162 3498 postquam
1191 3442 1318 3482 vero
1336 3428 1521 3497 templi
1557 3427 1656 3482 mei
1687 3443 1870 3481 curam
1897 3430 2099 3498 geritis,

542 3524 725 3576 omnia
752 3529 932 3577 vestra
964 3520 1430 3574 benedictionibus
1460 3520 1591 3574 meis
1633 3520 1937 3582 cumulans,
1969 3520 2102 3575 ube-

542 3627 653 3667 rem
684 3613 835 3668 vobis
856 3611 1008 3667 ell‘eci
1050 3610 1263 3683 frugum
1314 3627 1491 3665 usum.
1537 3610 1654 3664 Jam
1688 3623 1969 3682 postquam
2029 3612 2100 3666 ita

542 3717 635 3759 eos
685 3705 999 3759 cohortatus
1044 3704 1237 3767 fuerat,
1280 3711 1439 3773 atque
1471 3702 1536 3756 ad
1579 3718 1717 3773 opus
1773 3703 2101 3757 excitaverat

543 3804 783 3850 veterum
852 3812 1030 3851 rerum
1089 3796 1372 3858 memoria,
1410 3802 1464 3848 et
1523 3793 1884 3863 posteriorum
1919 3794 2101 3863 adjec-

546 3886 711 3947 tione,
756 3895 977 3956 propter
1000 3903 1153 3942 suam
1208 3886 1385 3940 adhuc
1432 3884 1766 3957 ambigentes
1798 3887 2096 3953 penuriam,

543 3987 733 4027 rursus
768 3974 973 4029 animos
999 3975 1079 4029 eis
1110 3974 1255 4029 addit
1277 3975 1462 4029 dicens
1494 3993 1506 4027 :

613 4156 776 4212 Vens.
818 4156 1008 4210 2l-25.
1036 4187 1106 4196 —
1142 4176 1159 4209 ι
1200 4156 1265 4209 Ει
1300 4156 1495 4210 factum
1519 4165 1600 4210 est
1632 4158 1852 4211 verbum
1887 4158 2097 4213 Domini

543 4250 777 4305 secundo
800 4247 865 4302 ad
909 4248 1155 4319 Aggazum
1181 4249 1497 4318 prophetam
1537 4258 1733 4318 quarta
1759 4258 1811 4303 et
1843 4252 2098 4305 vicesima

544 4343 765 4406 mensis,
815 4342 1046 4397 dicens:
1107 4339 1353 4410 Loquere
1392 4340 1458 4392 ad
1520 4339 1905 4395 Zorobabelem
1947 4342 2091 4395 Sala-

2210 1874 2336 1943 μίαν
2360 1874 2513 1945 ἔσχον
2538 1876 2754 1947 πολλήν.
2794 1876 3205 1945 Ἀναλογίσασθε
3238 1877 3330 1934 οὖν
3349 1921 3363 1943 ,
3399 1881 3550 1949 φησὶ,
3575 1880 3643 1932 τὰ
3662 1881 3765 1946 τῆς

2206 1965 2415 2035 ἡμέρας
2462 1966 2733 2037 ἀνώτερα,
2768 1966 2851 2037 (p.
2881 1967 3017 2038 428)
3054 1971 3140 2022 ὅτε
3174 1972 3324 2025 οὔπω
3349 1972 3445 2040 τῆς
3473 1971 3764 2040 οἰκοδομῆς

2206 2056 2541 2127 ἐφροντίζετε
2585 2057 2677 2109 τοῦ
2706 2058 2832 2111 ναοῦ
2851 2099 2866 2123 ,
2908 2060 2965 2112 ἐν
3011 2060 3142 2122 οἵοις
3183 2056 3278 2131 ἦτε
3302 2103 3316 2126 ,
3341 2062 3419 2114 ὅτι
3448 2060 3760 2128 συνιλέγετε

2209 2149 2304 2218 μὲν
2343 2149 2628 2219 δράγματα
2667 2151 2826 2204 ίκανά
2849 2153 3059 2223 καρπὸν
3092 2153 3262 2206 εἴκοσι
3301 2155 3476 2206 σάτων
3510 2154 3759 2206 ἀποδιδό-

2204 2257 2309 2301 ναι,
2342 2241 2493 2310 μόγις
2521 2242 2576 2293 δὲ
2602 2241 2856 2306 ἐξεδίδοτο
2882 2243 3009 2297 δέκα
3038 2246 3100 2298 ἐκ
3120 2245 3211 2299 τοῦ
3236 2247 3359 2309 τοὺς
3390 2246 3629 2318 καρποὺς
3654 2246 3763 2299 διε-

2206 2330 2457 2401 φθάρθαι.
2496 2333 2602 2384 Kal.
2644 2331 2748 2403 μὴν
2783 2333 2878 2385 καὶ
2907 2334 3004 2404 τῆς
3029 2334 3270 2404 ἀμπέλου
3304 2335 3513 2405 καρποῦ
3546 2334 3762 2387 συνελέ-

2204 2437 2326 2488 γετε
2369 2422 2503 2491 πρὸς
2557 2422 2886 2493 πεντήκοντα
2944 2424 3224 2494 μετρητῶν
3256 2425 3526 2495 ἀρκοῦντα
3558 2426 3761 2496 φορὰν,

2205 2513 2294 2565 καὶ
2324 2512 2477 2582 μόγις
2523 2511 2840 2583 ἐκομίζεσθε
2881 2516 3049 2567 εἰκοσι
3079 2515 3165 2567 διὰ
3194 2515 3254 2568 τὸ
3281 2517 3504 2569 κάκεῖνα
3536 2518 3768 2588 ἐξηράν-

2204 2604 2291 2656 θαι
2324 2603 2402 2674 τῷ
2430 2604 2579 2676 ἀέρι’
2625 2603 2777 2672 κάγὼ
2809 2605 2906 2675 μὲν
2934 2606 3206 2676 ἐπήγαγον
3232 2607 3359 2675 ὑμῖν
3389 2606 3595 2676 πληγὰς
3630 2610 3766 2675 ἀφο-

2207 2695 2320 2766 ρίας
2353 2713 2410 2749 τε
2436 2697 2530 2749 καὶ
2553 2696 2967 2769 ἀνεμοφθορίας,
3001 2698 3092 2751 καὶ
3119 2697 3181 2768 δὴ
3212 2700 3303 2751 καὶ
3326 2697 3531 2769 χαλάζῃ
3554 2699 3764 2761 πάντας

2205 2784 2355 2853 ὑμῶν
2394 2786 2630 2853 ἠφάνισα
2666 2788 2789 2849 τοὺς
2836 2786 3064 2849 πόνουςο
3114 2789 3332 2858 ἐμένετε
3385 2788 3440 2841 δὲ
3486 2792 3763 2859 ἀκαμπεῖς

2203 2876 2297 2929 καὶ
2324 2875 2457 2944 πρὸς
2480 2876 2683 2930 ἐκεῖνα.
2720 2876 2877 2930 Ἀλλά
2901 2877 3073 2931 ταῦτα
3098 2878 3195 2947 μὲν
3220 2878 3323 2949 πρὸ
3346 2877 3552 2941 τούτου,
3575 2880 3759 2949 φησίν.

2216 2966 2624 3035 Ἀναλογίσασθε
2670 2968 2727 3021 δὲ
2756 2971 2841 3022 ἐπ’
2887 2971 3111 3034 ἐκείνοις
3147 2966 3341 3042 οἷάπερ
3371 2973 3496 3042 ὑμῖν
3530 2973 3636 3025 ἀπὸ
3662 2973 3763 3042 τῆς

2204 3059 2414 3129 ἡμέρας
2446 3062 2655 3131 ἐκείνης
2689 3064 3048 3133 προσγέγονεν
3075 3068 3131 3117 ἐν
3166 3059 3308 3138 ᾗπερ
3331 3066 3457 3135 περὶ
3480 3066 3574 3134 τὴν
3612 3067 3763 3118 οἰκοο

2127 3129 2173 3189 c
2201 3153 2366 3223 δομὴν
2396 3129 2757 3208 ἐσπουδάσατε
2792 3129 2883 3208 τοῦ
2910 3129 3042 3209 ναοῦ
3065 3174 3078 3186 ’
3113 3129 3368 3229 εὑρήσετε
3394 3129 3500 3227 γὰρ
3529 3129 3650 3209 οὔτε
3670 3157 3766 3209 τὸν

2202 3247 2299 3313 τῆς
2328 3244 2528 3307 ἅλωνος
2576 3245 2815 3317 καρπὸν,
2850 3244 2972 3299 οὔτε
3012 3247 3101 3298 τὸν
3135 3247 3241 3299 τῶν
3291 3247 3549 3317 δένδρων.
3586 3262 3766 3314 παρα-

2204 3336 2348 3389 θέσει
2394 3336 2500 3390 τῶν
2546 3337 2667 3389 τότε
2717 3336 3109 3407 ἐπιγνωσθῆναι
3146 3337 3456 3407 δυνάμενον.
3493 3336 3765 3407 Πρότερον

2206 3428 2303 3497 μὲν
2332 3427 2439 3499 γὰρ
2468 3429 2591 3498 ὑμῖν
2634 3428 2805 3491 οὐδεὶς
2834 3428 2889 3494 ἐξ
2918 3428 3095 3481 αὐτῶν
3124 3428 3318 3481 ἐδίδοτο
3348 3430 3583 3499 καρπός·
3612 3426 3763 3491 ἐξότε

2202 3523 2257 3575 δὲ
2285 3523 2414 3593 περὶ
2446 3524 2540 3577 τὸν
2570 3522 2694 3576 ναὸν
2726 3524 3094 3576 ἐσπουδάσατε
3124 3523 3212 3575 τὸν
3234 3523 3380 3592 ἐμὸν,
3416 3523 3588 3575 πάντα
3615 3521 3769 3573 εὐλο-

2203 3612 2325 3679 γίας
2380 3610 2674 3683 πληρώσας
2718 3612 2785 3665 τά
2823 3614 3089 3682 προσόντα
3136 3613 3292 3683 ὑμῖν,
3347 3611 3571 3681 ἄφθονον
3619 3612 3769 3677 ἔχειν

2203 3703 2431 3775 ἐποίησα
2468 3703 2575 3757 τῶν
2623 3703 2850 3774 καρπῶν
2887 3706 2984 3775 τὴν
3026 3704 3343 3758 ἀπόλαυσιν.
3380 3701 3506 3756 Εἶτα
3554 3705 3765 3767 τούτοις

2203 3796 2397 3859 αὐτοὺς
2431 3796 2590 3849 πάλιν
2639 3795 3076 3867 προτρεψάμενος
3109 3796 3201 3847 καὶ
3246 3795 3513 3864 διεγείρας
3544 3796 3668 3863 περὶ
3698 3794 3768 3846 τὸ

2203 3894 2361 3963 ἔργον
2403 3896 2468 3962 τῇ
2529 3893 2711 3962 μνήμῃ
2751 3891 2857 3943 τῶν
2913 3889 3154 3943 παλαιῶν
3209 3890 3300 3943 καὶ
3352 3892 3416 3960 τῇ
3467 3889 3765 3959 παραθέσει

2202 3984 2308 4036 τῶν
2338 3984 2562 4053 ὕστερον
2582 4025 2595 4047 ,
2623 3982 2709 4035 διὰ
2750 3983 2847 4052 τὴν
2875 3982 3061 4034 πενίαν
3092 3980 3520 4051 ἀμφιϐάλλοντας
3553 3981 3631 4033 ἔτι
3662 3984 3766 4051 τὴν

2202 4076 2424 4137 οἰκείαν,
2464 4073 2869 4145 παραθαρρύνει
2902 4073 3061 4127 πάλιν
3084 4072 3176 4125 καί
3205 4089 3367 4141 φησιν
3392 4072 3584 4134 οὕτως·

2273 4168 2289 4234 (
2310 4182 2363 4235 p.
2394 4165 2530 4236 4‘29)
2553 4165 2697 4233 Στίχ.
2723 4165 2940 4231 κα⁸-κγ’.
2968 4192 3029 4203 -
3066 4182 3082 4213 ι
3112 4164 3219 4214 Καὶ
3244 4164 3456 4230 ἐγένετο
3480 4161 3634 4229 λόγος
3655 4163 3763 4214 Κυ-

2205 4256 2318 4325 ρίου
2349 4258 2410 4308 ἐκ
2431 4255 2680 4326 δευτέρου
2705 4254 2841 4326 πρὸς
2880 4255 3126 4322 Ἀγγαῖον
3154 4255 3241 4306 τὸν
3272 4254 3581 4322 προφήτην,
3611 4254 3668 4305 ἐν
3693 4255 3762 4324 τῇ

2202 4346 2413 4417 τετράδι
2435 4348 2528 4400 καὶ
2557 4346 2728 4400 εἰκάδι
2758 4345 2850 4398 τοῦ
2874 4347 3060 4415 μηνὸς,
3091 4344 3282 4413 λέγων⁹
3316 4344 3482 4398 Εἰπὸν
3509 4345 3643 4414 πρὸς
3668 4345 3766 4397 Ζο-

542 4433 723 4487 thielis
758 4432 924 4486 ﬁlium
965 4432 1030 4486 de
1060 4431 1204 4486 tribu
1257 4429 1430 4491 Judae,
1465 4431 1654 4485 dicens
1689 4448 1702 4484 :
1749 4432 1940 4487 Adhuc
1998 4449 2097 4503 ego

2208 4439 2433 4510 ροϐάὸελ
2473 4439 2562 4491 τὸν
2601 4436 2693 4489 τοῦ
2720 4436 2985 4507 Σαλαθιὴλ
3024 4440 3085 4489 ἐκ
3116 4436 3285 4506 φυλῆς
3327 4436 3494 4489 Ἰούδα
3517 4478 3530 4500 ,
3553 4436 3724 4503 λέγων
3747 4454 3761 4466 ·

542 4526 706 4577 semel
731 4537 1042 4577 commoveo
1081 4523 1277 4575 caelum
1300 4530 1354 4575 et
1384 4529 1602 4585 terram,
1632 4538 1695 4575 ac
1722 4539 1869 4578 mare
1905 4532 1957 4577 et
1988 4525 2095 4578 ari-

541 4616 685 4668 dam.
719 4614 782 4667 Et
802 4615 1108 4669 subvertam
1140 4614 1366 4667 thronos
1398 4628 1605 4683 regum,
1641 4622 1693 4668 et
1726 4616 1945 4685 perdam
1984 4614 2096 4671 for-

543 4705 825 4760 titudinem
862 4703 1005 4773 regis
1060 4704 1322 4772 gentium,
1357 4705 1773 4774 subvertamque
1806 4722 2001 4763 currus
2043 4716 2096 4761 et

545 4808 865 4850 ascensorcs
900 4802 991 4847 :et
1024 4792 1354 4848 descendent
1389 4795 1512 4864 equi
1562 4806 1613 4848 et
1661 4809 1977 4851 ascensores
2006 4812 2097 4851 eo-

543 4899 683 4943 rum,
714 4884 1087 4950 unusquisque
1119 4896 1241 4934 cum
1284 4882 1463 4952 gladio
1488 4883 1650 4953 283
1685 4884 1944 4940 adversus
1984 4886 2095 4940 fra-

540 4984 676 5028 trem
709 4990 887 5027 suum.
927 4992 943 5024 ι
982 4971 1187 5025 Similia
1227 4974 1499 5042 prioribus
1544 4976 1706 5041 dicit;
1745 4977 1870 5028 talia
1899 4977 2097 5046 quippe

541 5076 668 5120 sunt
682 5066 860 5121 verba:
874 5082 891 5112 ι
906 5060 1174 5119 ELfactum
1192 5066 1508 5120 estverbum
1535 5066 1742 5121 Domini
1767 5068 2007 5123 secundo
2029 5068 2096 5124 ad

539 5164 811 5227 Aggzeum.
836 5156 1018 5225 »Λιουὶ
1039 5156 1093 5211 in
1124 5156 1498 5225 superioribus
1528 5166 1753 5227 apparet
1779 5175 1920 5229 saepe
1951 5158 2096 5213 divi-

542 5262 665 5299 nam
695 5247 1073 5301 revetali0nem
1105 5245 1380 5314 accepisse
1434 5251 1772 5316 prophetam,
1807 5260 1859 5305 et
1899 5268 2098 5308 secun-

539 5338 668 5391 dum
696 5338 841 5390 illam
874 5340 1072 5408 populo
1119 5339 1374 5391 locutum.
1410 5336 1514 5391 Sed
1538 5355 1679 5394 nunc
1713 5343 1787 5395 ait
1840 5362 1857 5393 ‹
1906 5361 2099 5401 secun-

540 5430 664 5489 don
699 5428 825 5498 quia
856 5444 941 5483 res
969 5430 1101 5498 Gogi
1126 5430 1304 5485 denuo
1335 5429 1639 5495 denuntiat,
1678 5443 1734 5487 ut
1757 5436 1848 5503 qui
1884 5448 2100 5507 propter

541 5526 756 5578 illarum
807 5524 1233 5589 magnitudinem
1291 5523 1699 5589 discredebant,
1775 5532 2097 5586 sententiam

542 5614 750 5667 firmam
785 5614 1146 5681 susciperent,
1200 5615 1457 5686 quoniam
1494 5614 1635 5669 haud
1666 5620 1831 5673 semel
1864 5626 2101 5675 tantum-

541 5704 721 5769 modo,
787 5719 973 5759 verum
1026 5704 1187 5759 etiam
1245 5705 1518 5775 secundo,
1597 5706 1949 5765 denuntiabat
2008 5728 2099 5769 cas

2205 4531 2326 4582 Ἔτι
2352 4527 2497 4592 ἅπαξ
2522 4527 2630 4595 ἐγὼ
2654 4528 2780 4580 σείω
2809 4527 2900 4580 τὸν
2927 4528 3152 4595 οὐρανὸν
3180 4528 3273 4580 καὶ
3300 4528 3397 4592 τὴν
3422 4529 3523 4597 γῆν
3549 4529 3641 4581 καὶ⁵
3666 4528 3769 4597 τὴν

2197 4620 2465 4674 θάλασσαν
2509 4621 2601 4671 καὶ
2632 4620 2729 4689 τὴν
2779 4618 2946 4689 ξηράν
2968 4636 2981 4649 ·
3028 4618 3120 4672 καὶ
3158 4618 3515 4688 καταστρέφω
3545 4617 3769 4689 θρόνους

2200 4713 2477 4782 βασιλέων,
2508 4712 2600 4765 καὶ
2629 4710 2990 4783 ἐξολοθρεύσω
3014 4710 3243 4779 δύναμιν
3283 4709 3546 4779 βασιλέως
3574 4709 3766 4770 ἐθνῶν,

2198 4805 2290 4857 καὶ
2341 4803 2698 4874 καταστρέφω
2752 4802 3006 4873 ἅρματα,
3061 4802 3154 4853 καὶ
3191 4801 3495 4863 ἀναδάτας*
3530 4802 3623 4853 καὶ
3665 4819 3761 4854 κα-

2197 4895 2519 4965 ταϐήσονται
2563 4894 2716 4946 ἵπποι
2749 4896 2840 4947 καὶ
2880 4893 3144 4946 ἀναϐάται
3190 4892 3400 4954 αὐτῶν,
3454 4893 3674 4945 ἕκαστοι
3709 4894 3771 4946 ἐν

2200 4987 2445 5057 ῥομφαίᾳ
2495 4987 2627 5057 πρὲις
2658 4985 2748 5037 τὸν
2781 4984 3006 5054 ἀδελφὺν
3055 4983 3240 5037 αὑτοῦ.
3281 5002 3298 5034 ι
3341 4983 3423 5036 Τά
3459 4984 3598 5036 αὐτὰ
3654 4986 3773 5048 τοῖς

2198 5078 2480 5148 προτέροις
2527 5077 2705 5145 λέγει’
2734 5076 2891 5130 τοῦτο
2925 5080 3031 5149 γὰρ
3059 5078 3209 5149 δηλοῖ
3230 5079 3316 5144 τὸ,
3359 5099 3377 5131 ι
3414 5082 3521 5133 Καὶ
3556 5081 3776 5147 ἐγένετο

2198 5166 2354 5235 λόγος
2386 5169 2587 5238 Κυρίου
2637 5170 2698 5220 ἐκ
2742 5168 2994 5239 δευτέρου
3042 5170 3175 5242 πρὸς
3215 5171 3484 5238 Ἀγγαῖον.
3527 5191 3544 5221 ι
3578 5172 3774 5224 Καίτοι

2199 5276 2260 5327 γε
2298 5258 2540 5327 φαίνεται
2583 5260 2640 5311 ἐν
2670 5263 2781 5322 τοῖς
2825 5261 3115 5331 ἀνωτέροις
3145 5263 3401 5326 πολλάκις
3427 5264 3775 5331 ἀποκάλυψίν

2199 5367 2257 5401 τε
2307 5350 2453 5402 Θείαν
2498 5349 2785 5420 δεξάμενος
2818 5352 2846 5403 ό
2896 5353 3178 5422 προφήτης
3226 5355 3319 5405 καὶ
3367 5354 3510 5407 κατά
3568 5356 3776 5421 ταύτην

2200 5437 2495 5507 διαλεχθεὶς
2544 5438 2621 5509 τῷ
2657 5438 2787 5508 λαῷ.
2837 5440 2997 5491 ’Λλλά
3037 5440 3195 5493 τοῦτό
3239 5459 3403 5511 φησιν
3436 5461 3455 5492 ι
3496 5445 3561 5495 ἐκ
3591 5443 3774 5495 δευτέ-

2206 5547 2320 5601 ρου,
2361 5550 2378 5580 ι
2414 5531 2495 5583 ὅτι
2526 5531 2591 5583 τὰ
2620 5532 2747 5601 περὶ
2791 5529 2881 5582 τοῦ
2914 5530 3036 5598 Γὼγ
3064 5531 3160 5583 νῦν
3194 5532 3357 5585 πάλιν
3387 5533 3552 5594 αὐτὸς
3596 5535 3773 5598 ἐπαγ-

2202 5621 2476 5688 γέλλεται,
2511 5621 2593 5672 ἵνα
2631 5621 2704 5689 μὴ
2747 5621 2835 5673 διὰ
2857 5620 2917 5672 τὸ
2948 5620 3174 5690 μέγεθος
3215 5622 3482 5675 ἀπιστῶσι
3514 5622 3593 5691 τῷ
3619 5622 3777 5689 λεγοο

2209 5713 2375 5784 μένῳ,
2409 5712 2773 5782 ἀναμφίόολον
2792 5712 2858 5783 ,δὲ
2890 5711 3053 5783 ἔχωσι
3091 5712 3188 5785 τὴν
3210 5712 3453 5784 γνώμην,
3484 5716 3551 5769 ἐκ
3580 5712 3677 5770 τοῦ
3699 5710 3779 5784 μὴ
