4054 6238
248 335 353 382 m

1333 332 1777 388 COMMENTARI
1790 336 1875 390 US
1914 337 1976 389 IN
2014 338 2357 392 ZACIMHIA
2369 339 2435 392 Μ.

3386 340 3488 394 εει

248 448 411 518 μόνον
442 448 623 515 ἅπαξ,
662 448 798 502 ἀλλά
843 448 938 503 καὶ
983 449 1231 523 δεύτερον
1275 454 1703 522 ἐπαγγείλασθαι
1753 456 1820 509 τὰ

1925 457 2087 513 Deus.
2128 459 2265 514 Dicit
2313 460 2455 515 enim
2485 460 2535 515 ei
2575 476 2587 511 ε
2650 458 2725 513 En
2756 474 2856 531 ego
2889 458 3277 529 propemodum
3307 464 3487 513 omnia

246 542 391 593 αὐτὰ
431 540 523 593 τὸν
573 540 726 594 Θεόν.
789 536 925 595 Εῖπε
952 542 1062 613 γὰρ
1104 543 1272 614 αὐτῷ,
1326 546 1510 617 φησιν,
1541 547 1622 600 ὅτι
1647 549 1821 602 Μονο-

246 632 403 701 νουχὶ
458 631 747 694 συσσείσας
807 631 1022 687 ἅπαντα
1082 637 1462 708 καταστροφὴν
1519 639 1823 710 ἐργάσομαι

249 722 468 775 πολλῶν
510 723 774 792 βασιλέων
817 724 1024 794 θρόνοις
1059 724 1352 795 βασιλικοῖς
1407 730 1821 800 κοσμουμένων,

249 815 353 884 τὴν
384 813 608 884 δύναμιν
638 831 697 867 τε
746 816 925 868 πᾶσαν
969 815 1145 869 αὐτῶν
1189 816 1497 885 ἀφανίζων,
1529 822 1623 873 καὶ
1661 838 1826 874 κατα-

252 904 504 975 στρέφων
553 901 623 955 τά
655 904 873 975 ἅρματα
905 905 1002 957 σὺν
1042 905 1153 967 τοῖς
1206 904 1669 976 ἐπαναϐεϐηκόσιν
1724 908 1822 958 αὺ-

250 986 551 1055 τοῖς”ὥστε
568 994 649 1055 εἰς
667 991 927 1059 ἀλλήλους
949 991 1145 1053 αὐτοὺς
1164 993 1561 1062 συμπεσόντας,
1582 994 1597 1063 (
1616 1010 1669 1064 p.
1696 995 1819 1065 450)

248 1081 378 1143 τούς
408 1099 467 1134 τε
500 1082 701 1143 ἵππους
745 1081 839 1133 καὶ
866 1082 992 1144 τοὺς
1035 1081 1428 1151 ἐπιϐεϐηκότας
1449 1084 1556 1138 τῶν
1595 1086 1778 1140 ἵππων
1798 1127 1817 1151 ,

249 1172 500 1243 ἀλλήλων
522 1172 775 1241 γενέσθαι
804 1172 1062 1240 σφαγέας,
1089 1172 1182 1225 καλ⁸
1209 1173 1375 1226 πολὺν
1399 1175 1822 1248 ἀποτελεσθῆναι

248 1263 345 1316 τὸν
385 1265 578 1332 φόνον,
618 1263 1021 1336 ἀναιρουμένων
1051 1264 1228 1317 αὐτῶν
1260 1266 1351 1320 ὑπ’
1381 1266 1624 1339 ἀλλήλων
1642 1285 1656 1300 ⁸
1687 1271 1823 1342 ὅπερ

248 1350 345 1407 οὗν
381 1356 715 1426 ἐργάσομαι,
751 1354 891 1408 ὥστε
932 1355 1087 1426 δῆλον
1114 1355 1173 1422 ἐξ
1220 1356 1471 1413 ἁπάντων
1530 1361 1781 1429 γενέσθαι
1804 1402 1819 1425 ,

1919 551 2261 613 concutiens,
2338 549 2747 605 subversionem
2860 550 3089 619 patraho
3188 549 3487 602 multorum

1920 655 2109 711 regum
2158 641 2375 695 thronis
2444 641 2717 710 regalibus
2806 642 3177 709 prmditorum,
3271 653 3487 692 onmem

1921 731 2138 785 illorum
2160 732 2455 801 potentiam
2498 732 2808 791 destrucns.
2833 741 2885 785 et
2921 747 3116 785 currus
3140 745 3261 784 cum
3299 744 3491 786 ascen-

1922 823 2144 879 soribus
2201 824 2319 879 suis
2368 824 2723 886 subvertcns;
2769 825 2840 875 ila
2899 835 2955 876 ut
3012 822 3243 877 invicem
3292 822 3491 891 impin-

1925 923 2113 982 gentes
2149 921 2262 966 tum
2300 914 2423 982 equi
2481 920 2593 966 tum
2624 928 2887 981 equorum
2919 925 3259 969 ascensares,
3315 909 3489 963 mqui

1922 1006 2197 1060 occisores
2252 1005 2401 1069 ﬁant,
2458 1006 2792 1074 multamque
2835 1003 3036 1058 cat-dem
3064 1002 3302 1058 elliciant
3354 1001 3493 1055 alter

1925 1097 2152 1151 alterum
2214 1097 2605 1151 interimentes.
2642 1095 2796 1161 Quod
2835 1095 3053 1165 quidem
3081 1110 3181 1165 ego
3212 1110 3386 1165 agam,
3432 1100 3490 1147 ut

1927 1185 2102 1254 palam
2131 1188 2384 1241 omnibus
2407 1187 2517 1249 ﬁat,
2543 1187 2687 1240 haud
2724 1202 2980 1239 manuum
3009 1194 3314 1241 vestrarum
3346 1199 3487 1255 opus

1928 1275 2068 1328 hanc
2114 1290 2234 1330 esse
2258 1276 2380 1331 belli
2408 1275 2821 1330 conversionem
2850 1286 3009 1344 atque
3050 1275 3356 1338 victoriam,
3393 1272 3487 1329 sed

1927 1364 2183 1432 potentia:
2215 1379 2347 1424 meae
2383 1364 2589 1418 viribus
2621 1364 2803 1417 omnia
2824 1379 2948 1418 esse
2985 1363 3251 1419 confecta.

248 1446 333 1499 ὅτι
381 1448 444 1499 οὔ
481 1448 579 1517 τῆς
610 1447 879 1518 ὑμετέρας
916 1446 1005 1501 διὰ
1046 1448 1223 1520 χειρὸς
1270 1449 1428 1521 ἔργον
1462 1455 1495 1523 ἡ
1543 1456 1717 1527 τροπὴ
1755 1454 1848 1509 τοῦ
1888 1456 2119 1528 πολέμου
2153 1458 2247 1511 καὶ
2290 1459 2323 1523 ἠ
2365 1457 2522 1528 νίκη,
2567 1456 2671 1510 ὑπὸ
2728 1456 2786 1509 δὲ
2843 1458 2939 1527 τῆς
2975 1457 3256 1527 δυνάμεως
3295 1458 3488 1510 ἀποτε-

246 1535 501 1589 τέλεσται
528 1535 588 1588 τὸ
615 1536 723 1588 πᾶν
751 1536 850 1605 τῆς
878 1535 1037 1607 ἐμῆς.

327 1626 477 1695 Στὶχ.
504 1624 603 1679 κδ’.
626 1654 697 1665 -
730 1643 750 1675 ι
794 1625 882 1678 Ἐν
906 1628 973 1697 τῇ
1000 1627 1179 1699 ἡμέρα
1218 1630 1420 1701 ἐκείνῃ,
1447 1630 1593 1700 λέγει
1620 1632 1821 1705 Κύριος

255 1714 685 1785 παντοκράτωρ,
722 1714 958 1786 λήψομαι
1007 1719 1555 1790 σε,Ζοροϐάϐελ,τὺν
1592 1723 1685 1777 τοῦ
1721 1724 1822 1777 Σα-

1999 1629 2164 1684 Vens.
2194 1628 2286 1683 24.
2309 1659 2379 1669 —
2429 1647 2449 1680 ι
2490 1627 2584 1683 Die
2625 1629 2738 1691 illa,
2773 1628 2906 1684 dicit
2944 1628 3206 1687 Dominus
3237 1633 3489 1704 omnipo-

1926 1728 2050 1776 tens
2074 1756 2089 1783 ,
2132 1734 2404 1775 assumam
2445 1727 2496 1775 te
2524 1719 2914 1776 Zorobabelem
2949 1719 3257 1777 Salathielis
3293 1724 3485 1786 lilium,

256 1806 459 1876 λαθιὴλ
482 1806 571 1859 τὸν
592 1805 768 1859 δοῦλόν
799 1824 921 1876 μου,
947 1808 1095 1877 λέγει
1115 1810 1314 1881 Κύριος
1330 1829 1343 1843 ·
1369 1815 1460 1867 καὶ
1498 1815 1731 1887 θήσομαι
1762 1833 1821 1870 σε

1928 1827 2141 1868 servum
2193 1826 2394 1876 meum,
2430 1811 2564 1866 dicit
2604 1812 2865 1867 Dominus
2898 1830 2911 1865 :
2965 1823 3018 1868 et
3050 1830 3245 1882 ponam
3291 1824 3341 1871 te
3365 1825 3483 1871 tan-

252 1900 341 1962 ὡς
379 1898 673 1970 σφραγῖδα⁸
709 1898 842 1951 διότι
865 1916 923 1951 σε
952 1899 1197 1970 ᾑρέτισα,
1218 1901 1364 1971 λέγει
1394 1906 1593 1977 Κύριος
1628 1925 1824 1961 παντο-

256 1991 503 2061 κράτωρ.
542 2009 565 2042 ι
595 1989 725 2043 Τότε
747 1990 833 2059 δὴ,
861 1992 1044 2061 φησιν,
1075 1985 1119 2046 ὦ
1146 1994 1468 2065 Ζοροϐάϐελ,
1502 1998 1601 2068 τῆς
1619 2000 1825 2062 οἰκείας

255 2084 498 2149 ἀξιώσας
525 2081 825 2153 ἡγούμενον
860 2081 955 2135 τοῦ
1006 2083 1395 2156 ’Ῑσραηλιτικοῦ
1419 2088 1571 2151 λαοῦ,
1610 2090 1825 2143 πάντων

255 2175 525 2248 κρατῆσαι
558 2175 995 2246 παρασκευάσω·
1051 2174 1191 2229 ὥστε
1240 2176 1299 2241 ἐξ
1330 2178 1507 2231 αὐτῶν
1549 2179 1704 2249 δῆλον
1733 2198 1826 2249 γε-

254 2267 443 2322 νέσθαι
481 2266 589 2320 τῶν
624 2266 824 2338 ἔργων,
866 2269 947 2321 ὅτι
992 2267 1159 2339 ψήφῳ
1208 2271 1272 2340 τῇ
1317 2272 1424 2342 ἐμῇ
1473 2271 1720 2340 βασιλεύς
1766 2291 1825 2326 τε

253 2358 459 2431 ᾕρησαι
492 2358 749 2427 βεϐαίως,
787 2359 881 2412 καὶ
906 2360 1166 2430 ἀρεσκείᾳ
1193 2362 1257 2431 τῇ
1296 2362 1403 2432 ἐμῇ
1437 2363 1516 2424 εἰς
1544 2361 1640 2433 τὴν
1669 2363 1824 2427 ἀξίαν

250 2451 672 2523 προκεχεῳισαι
711 2449 916 2521 ταύτην
940 2464 954 2477 ·
1003 2450 1201 2514 παντὸς
1229 2451 1475 2515 συνέντος
1520 2455 1586 2507 ἂν
1631 2455 1825 2525 ῥᾳδίως

251 2542 335 2596 δτι
362 2541 657 2612 δυνηθῆναί
700 2558 758 2594 σε
799 2541 968 2596 ταῦτα
1017 2542 1267 2613 οὐδαμῶς
1300 2540 1410 2598 οἷόν
1447 2563 1506 2598 τε
1551 2542 1637 2617 ἦν,
1670 2548 1718 2599 εἰ
1752 2548 1823 2617 μὴ

249 2633 394 2687 κατὰ
416 2632 647 2703 γνώμην
670 2633 813 2704 ἐμὴν
833 2633 895 2687 τὸ
933 2633 1234 2703 βασιλεύειν
1263 2635 1421 2706 ἔχων,
1445 2638 1549 2708 ἐμῇ
1579 2640 1645 2708 τῇ
1688 2640 1824 2709 ῥοπῇ

247 2724 347 2777 ’καὶ
372 2723 474 2796 τὴν
506 2722 777 2795 τοσαύτην
800 2727 1130 2799 κατεπράξω
1173 2727 1350 2799 νίκην,
1411 2729 1625 2801 Ἐπειδὴ
1654 2729 1763 2800 γὰρ
1792 2731 1825 2800 ἡ

260 2817 498 2888 σφραγὶς
531 2817 883 2889 ἐπιτιθεμένη
916 2818 1212 2889 ἀσφάλειάν
1256 2836 1378 2874 τινα
1421 2823 1532 2884 τοῖς
1563 2821 1825 2891 ἐμϐαλλο-

254 2906 441 2976 μένοις
468 2906 728 2977 παρέχειν
763 2907 927 2970 δοκεῖ.
956 2909 1115 2962 τοῦτο
1151 2909 1298 2977 λέγει
1326 2909 1385 2963 τὸ
1406 2932 1453 2975 ,ι
1471 2911 1716 2982 Θήσομαξ
1765 2928 1824 2964 σε
1852 2916 1857 2922 ’

247 2996 325 3061 ὡς
357 2992 826 3068 σφραγῖδα,ιάντὶ
847 2996 970 3064 τοῦ,
1002 2998 1168 3066 Δείξω
1197 3019 1257 3054 σε
1285 3003 1579 3071 ἀσφάλειαν
1613 3006 1707 3058 καὶ
1740 3004 1826 3075 βε-

250 3088 485 3143 ϐαίωσιν
505 3090 636 3144 ϐντα
659 3091 859 3155 παντὸς
884 3092 976 3145 τοῦ
1008 3092 1160 3156 λαοῦ,
1196 3093 1291 3146 ἆτε
1315 3095 1580 3148 τοσούτων
1605 3098 1671 3166 τῇ
1699 3097 1824 3166 ἡγε-

1926 1919 2088 1974 quam
2125 1904 2499 1974 signaculum;
2556 1906 2682 1974 quia
2735 1913 2787 1960 te
2823 1906 2985 1977 elegi,
3040 1907 3175 1962 dicit
3221 1908 3483 1965 Dominus

1922 1994 2289 2066 omnipotens.
2333 2014 2351 2047 ι
2385 1993 2538 2050 Tunc
2569 2010 2699 2059 vero
2728 2004 2802 2060 te,
2834 1998 2929 2059 ait.
2955 2014 2987 2052 ο
3010 1999 3333 2063 Zorobabel,
3368 2017 3488 2055 meo

1920 2086 2154 2156 dignans
2185 2086 2390 2141 auxilio
2424 2087 2617 2142 ducem
2677 2089 2861 2158 populi
2920 2090 3224 2153 lsraelitici,
3276 2096 3488 2147 cunctis

1923 2177 2194 2231 dominari
2222 2176 2417 2230 faciam
2447 2197 2457 2229 :
2490 2177 2564 2229 ita
2601 2186 2658 2230 ut
2684 2193 2748 2232 ex
2792 2179 2924 2248 ipsis
2951 2180 3210 2249 operibus
3235 2183 3488 2252 explora—

1926 2276 2045 2322 tum
2078 2268 2191 2334 ﬁat,
2226 2277 2281 2323 te
2309 2267 2570 2338 suffragio
2593 2283 2712 2323 meo
2739 2285 2915 2340 regem
2952 2273 3200 2327 stabilem
3233 2276 3485 2339 electum.

1927 2372 2154 2427 meoque
2186 2358 2520 2426 beneplacito
2551 2357 2613 2411 ad
2635 2357 2770 2411 lianc
2788 2370 3124 2429 assumptum
3145 2363 3485 2433 dignitatern;

1929 2458 1985 2501 ut
2020 2464 2177 2504 nemo
2226 2464 2336 2503 non
2385 2447 2546 2503 facile
2578 2450 2842 2520 intelligat
2894 2460 2944 2506 te
2997 2454 3307 2509 nullatenus
3353 2457 3487 2511 talia

1926 2541 2169 2610 potuisse
2198 2549 2417 2610 patrare
2465 2539 2728 2604 facinora,
2775 2541 2879 2595 nisi
2929 2544 3207 2599 voluntate
3245 2561 3362 2600 mea
3393 2563 3488 2603 rex

1926 2632 2122 2695 factus,
2145 2646 2245 2700 ope
2266 2630 2473 2701 pariter
2504 2647 2623 2687 mea
2647 2633 2929 2687 victoriam
2955 2642 3159 2688 tantam
3184 2638 3483 2694 retulisses.

1926 2724 2058 2780 Nam
2085 2726 2228 2780 sicut
2245 2727 2586 2796 signaculum
2611 2727 2925 2797 impositum
2945 2730 3169 2783 tutelam
3191 2733 3481 2801 quamdam

1925 2818 2219 2887 supposita
2241 2818 2317 2872 rei
2344 2817 2595 2873 conferre
2621 2817 2851 2884 videtur,
2884 2820 3005 2875 ideo
3045 2822 3180 2876 dicit
3204 2842 3217 2876 :
3239 2843 3256 2874 ι
3282 2822 3484 2878 Ponam

1923 2917 1979 2964 te
2011 2920 2266 2979 tanquam
2307 2911 2671 2980 signaculum,
2698 2928 2717 2962 ι
2752 2911 2806 2965 id
2839 2920 2945 2975 est,
2967 2910 3255 2968 Ostendam
3286 2923 3339 2968 te
3365 2932 3491 2973 esse

1926 3000 2090 3072 284
2138 3004 2364 3056 tutelam
2401 3002 2674 3070 totiusque
2724 3003 3351 3073 papuliﬁrmamentum,
3392 3007 3487 3077 qui

1928 3091 2055 3143 talia
2081 3090 2283 3145 ducatu
2314 3098 2410 3144 tuo
2427 3096 2755 3146 consecutus
2805 3098 2910 3151 est,
2940 3090 3033 3160 qui
3071 3106 3192 3147 meo
3227 3091 3485 3163 suﬂ'ragio

254 3178 421 3248 μανίᾳ.
467 3181 823 3251 τυγχάνοντος
863 3186 929 3253 τῇ
962 3186 1027 3254 σῇ
1050 3224 1065 3246 ,
1098 3185 1282 3255 ἐπειδὴ
1311 3186 1476 3258 ψήφῳ
1513 3187 1646 3258 πρὸς
1666 3187 1823 3241 τοῦτο

1926 3181 1991 3235 ad
2018 3180 2071 3235 id
2098 3179 2257 3236 olﬁcii
2284 3180 2489 3235 electus
2522 3196 2604 3235 es.
2637 3178 2731 3235 Sic
2760 3181 2923 3235 etiam
2956 3180 3009 3234 in
3054 3179 3362 3251 Evangeliis
3396 3182 3481 3236 di-

254 3270 459 3342 1ᾕρησαι
494 3273 560 3343 τῇ
601 3274 728 3344 ἐμῇ.
759 3272 943 3336 Οὕτως
971 3277 1066 3327 καὶ
1098 3276 1155 3327 ἐν
1196 3279 1308 3339 τοῖς
1341 3276 1688 3345 Εὑαγγελίοις
1733 3277 1824 3331 λέο

254 3378 344 3429 γει
368 3377 382 3390 ⁸
470 3382 489 3414 ι
525 3364 728 3418 Τοῦτον
754 3366 863 3438 γὰρ
894 3369 921 3420 ό
954 3368 1142 3439 Πατὴρ
1175 3369 1502 3439 ἐσφράγισεν
1538 3371 1566 3422 ό
1593 3369 1759 3435 Θεὸς,
1796 3390 1817 3423 ι

253 3453 379 3506 ἀντὶ
421 3453 514 3507 τοῦ
532 3494 547 3518 ,
582 3456 778 3510 Τοῦτον
813 3459 1041 3525 βεϐαίως
1065 3459 1314 3525 ἀπέδειξε
1340 3459 1593 3530 πρόξενον
1623 3460 1823 3516 ἅπασιν

255 3542 567 3613 ἀνθρώποις
605 3545 711 3599 τῶν
753 3548 1019 3616 μεγίστων
1070 3548 1308 3617 ἀγαθῶν.
1336 3546 1423 3618 (p.
1469 3549 1606 3616 451)
1656 3550 1767 3604 Καὶ
1798 3551 1828 3603 ό

259 3636 531 3707 μακάριος
564 3636 625 3690 δὲ
664 3636 906 3701 Παῦλος·
976 3657 994 3688 ι
1041 3640 1105 3691 Ἢ
1148 3639 1254 3711 γὰρ
1298 3640 1529 3711 σφραγὶς
1554 3640 1651 3710 τῆς
1691 3640 1828 3711 ἐμῆς

256 3728 568 3797 ἀποστολῆς
604 3729 762 3798 ὑμεῖς
804 3731 955 3793 ἐστε,
1008 3750 1026 3781 ι
1062 3727 1181 3783 ἀντὶ
1210 3726 1337 3793 τοῦ,
1398 3731 1685 3785 Βεϐαιοῦτέ
1735 3748 1826 3801 μοι

255 3818 358 3887 τὴν
396 3818 901 3890 ἁποστολὴν,ύμεῖς
953 3822 999 3872 οἱ
1043 3822 1481 3884 πεπιστευκότες.
1524 3821 1627 3876 Τὸν
1663 3822 1826 3876 αὑτὸν

254 3907 350 3964 οὖν
390 3911 592 3982 τρόπον
635 3911 911 3965 κάνταῦθα
954 3910 1097 3980 λέγει
1144 3912 1232 3975 τὸ,
1295 3931 1313 3963 ι
1352 3912 1597 3983 Θήσομαι
1646 3930 1705 3966 σε
1751 3913 1828 3977 ὼς

259 4004 566 4075 σφραγῖδα,
606 4022 625 4055 ι
659 4004 778 4055 ἀντὶ
811 4001 905 4054 τοῦ
926 4042 941 4065 ,
983 4001 1213 4054 Βεϐσίαν
1236 4002 1499 4066 ἀποδείξω
1539 4002 1636 4072 τὴν
1675 4002 1825 4071 βασι-

256 4092 412 4144 λείαν
456 4091 554 4161 τὴν
602 4091 697 4161 σὴν
735 4092 820 4144 ἐπ’
866 4091 1097 4160 ἀσφαλεῖ
1147 4092 1398 4147 ἁπάντων
1442 4091 1549 4144 τῶν
1582 4092 1824 4158 οἰκείων,

257 4181 526 4253 ἀρεσκείᾳ
557 4181 1001 4253 προϐεϐλημένην
1032 4185 1097 4253 τῇ
1130 4184 1257 4253 ἐμῇ.
1295 4184 1527 4246 Εἰκότως
1562 4184 1619 4237 δέ
1652 4184 1828 4238 ἀπαν-

260 4272 436 4343 ταχοῦ
465 4276 618 4343 κοινῇ
652 4272 784 4344 πρός
804 4290 862 4325 τε
886 4273 976 4326 τὸν
1022 4274 1323 4344 Ζοροϐάϐελ
1356 4275 1448 4327 καὶ
1492 4275 1582 4328 τὸν
1623 4275 1827 4347 Ἰησοῦν
1860 4324 1863 4331 .

254 4364 669 4433 διαλεγόμενος,
728 4364 958 4417 ἐνταῦθα
1003 4365 1139 4436 πρὸς
1178 4366 1268 4419 τὸν
1319 4366 1622 4439 Ζοροϐάϐελ
1667 4368 1829 4439 μόνον

252 4453 559 4525 ἐποιήσατο
606 4452 696 4505 τὸν
740 4452 895 4519 λόγον
915 4496 929 4518 ,
980 4455 1272 4526 ἐπειδήπερ
1315 4454 1409 4507 τοῦ
1452 4456 1686 4528 πολέμου
1730 4459 1829 4529 τὴν

257 4542 559 4614 ἠγεμονίαν
585 4541 664 4612 τῷ
698 4541 908 4612 βασιλεῖ
936 4543 1170 4615 μάλιστα
1203 4545 1495 4615 προσήκειν
1516 4547 1698 4616 ἐχρῆν.

328 4679 375 4709 ³⁹
402 4675 561 4733 Joan.
590 4694 666 4744 vr,
690 4678 779 4732 27.
857 4676 946 4731 ⁸³1
981 4677 1106 4733 Cor.
1140 4694 1217 4746 ιχ,
1256 4678 1310 4732 2.

1926 3270 2311 3327 citur;¢Hunc
2330 3272 2472 3325 enim
2506 3270 2664 3326 Pater
2703 3271 2939 3341 signavit
2990 3269 3130 3326 Deus
3180 3272 3246 3333 ",
3270 3272 3355 3326 .id
3378 3281 3485 3336 est,
3520 3318 3521 3321 η

1928 3362 2319 3418 Huncﬁrmiter
2335 3362 2564 3432 praebuit
2596 3362 2732 3416 Deus
2752 3362 2995 3417 datorem
3018 3362 3229 3418 cunctis
3255 3362 3488 3417 homini-

1930 3456 2031 3510 bus
2066 3454 2422 3508 maximorum
2454 3455 2739 3507 bonorum.
2773 3452 2909 3506 Tum
2944 3460 2998 3508 et
3029 3454 3219 3509 beatus
3240 3451 3483 3509 Paulus:

1933 3564 1951 3597 ι
1990 3544 2338 3615 Signaculum
2367 3543 2702 3614 apostolatus
2747 3541 2921 3598 nostri
2971 3557 3067 3597 vos
3097 3541 3355 3605 CSliS,lid
3380 3549 3485 3604 est.

1926 3636 2180 3694 Firmatis
2197 3633 2327 3687 mihi
2352 3633 2715 3702 apostolatum
2750 3648 2847 3687 vos
2896 3632 2990 3702 qui
3028 3629 3355 3686 credidistis.
3384 3631 3488 3684 Eo-

1926 3729 2046 3784 dem
2074 3727 2256 3796 itaquc
2285 3727 2445 3781 modo
2473 3727 2559 3780 hic
2600 3726 2764 3781 etiam
2793 3725 2925 3780 dicit
2955 3724 2999 3756 ⁴⁰
3028 3742 3040 3778 :
3072 3741 3090 3775 ι
3126 3722 3327 3777 Ponam
3347 3733 3396 3775 te
3432 3732 3490 3776 ut

1927 3818 2287 3890 signaculum,
2315 3835 2333 3866 ι
2357 3816 2408 3870 id
2437 3814 2754 3881 es:,Stabile
2771 3815 3051 3871 ostendam
3073 3829 3295 3885 regnum
3311 3822 3485 3875 tuum.

1926 3910 2073 3982 quod
2107 3911 2177 3965 ob
2207 3918 2425 3963 tuorum
2465 3910 2707 3963 omnium
2766 3909 3012 3971 tutelam,
3043 3908 3322 3962 voluntate
3368 3922 3489 3961 mea

1928 4003 2287 4057 constitutum
2317 4000 2439 4055 fuit.
2460 3999 2582 4055 Jam
2616 4016 2739 4056 cum
2774 4000 2974 4071 ubique
3000 4000 3364 4055 communiter
3392 3998 3491 4053 Ζοο

1927 4091 2234 4146 robabelem
2285 4091 2445 4146 simul
2484 4097 2539 4145 et
2582 4088 2765 4146 Jesum
2823 4091 3093 4145 allocutus
3152 4089 3244 4154 sit,
3297 4089 3490 4144 merito

1929 4197 2076 4236 nunc
2159 4181 2550 4237 Zorobabelem
2625 4182 2802 4238 solum
2892 4182 3208 4253 alloquitur,
3317 4196 3489 4252 quau-

1930 4273 2220 4344 doquidem
2289 4275 2416 4332 belli
2476 4274 2709 4333 ducatus
2792 4275 2904 4347 regi
2964 4276 3235 4345 praecipue
3293 4288 3489 4328 conve-

1931 4363 2135 4420 niebat.
2872 4392 2875 4395 -

818 4943 1373 5033 EPMHNEIA
1448 4948 1825 5036 ZAXAP]

1925 4950 1990 5037 Υ
2044 4952 2272 5039 ΤΟΥ
2323 4951 2967 5046 ΠΡΟΦΗΤΟΥ.

250 5298 1396 5417 COMMENTARIUS
1481 5308 1624 5418 IN
1684 5304 2519 5423 ZACHARIAM
2578 5312 3497 5428 PBOPHETAM.

326 5675 489 5729 Κατά
521 5675 611 5729 τὸν
652 5675 813 5731 αὐτὸν
848 5677 1036 5748 καιρὸν
1097 5678 1334 5749 ’Δγγαιῳ
1372 5681 1622 5752 προφήτῃ
1674 5681 1832 5753 δῆλός

2012 5686 2127 5741 Sub
2148 5684 2287 5741 idem
2328 5692 2563 5756 tempus,
2597 5701 2707 5757 quo
2752 5688 2945 5744 beatus
2992 5690 3221 5763 Aggzeus
3284 5691 3338 5746 in
3385 5704 3496 5762 pro-

251 5767 375 5819 ἐστι
415 5766 509 5819 καὶ
536 5766 565 5818 ὁ
600 5767 867 5838 μακάριος
901 5768 1258 5840 προφητεύων
1292 5771 1598 5842 Ζαχαρίας·
1634 5774 1691 5826 ἐν
1724 5773 1825 5828 ἔτει

1940 5775 2117 5846 plictis
2145 5776 2490 5842 versabatur,
2517 5778 2736 5867 beatum
2764 5781 2925 5837 etiam
2958 5781 3279 5837 Zachariam
3312 5783 3493 5843 vatici-
