3992 6232
617 290 724 347 195

1794 296 2144 351 'l‘llEODORl
2184 298 2669 355 MOPSUESTENI
3742 312 3829 359 ωδ

619 408 769 462 nium
823 422 981 462 suum
1062 409 1333 465 cecinisse
1399 418 1738 478 compertum
1783 419 1889 465 est.
1943 410 2173 482 Namqtu

2290 418 2396 489 γὰρ
2434 418 2669 492 δευτέρῳ
2713 419 2970 490 Δαρείου,
3019 418 3201 481 καθὼς
3231 419 3288 486 ἐξ
3325 421 3493 491 αὐτῆς
3527 423 3636 474 ἔστι
3664 421 3831 491 μαθεῖν

620 514 762 554 anno
786 499 932 554 Darii
963 502 1222 566 secundo,
1248 510 1307 555 ut
1334 518 1395 556 ex
1432 503 1566 572 ipsis
1596 518 1926 573 cognoscere
1951 506 2073 560 licet
2103 506 2189 560 di-

619 588 759 642 vinis
783 587 1024 653 Litteris,
1066 591 1246 645 aiebat
1281 591 1371 646 ille
1397 606 1456 646 se
1498 600 1622 661 post
1656 603 1934 663 acceptam
1974 595 2184 649 revela-

617 681 821 735 tionom
868 682 1083 736 initium
1132 682 1310 737 facere
1368 684 1763 753 prophetandi;
1799 694 1851 739 et
1903 702 2047 739 nunc
2083 687 2186 742 iste

619 773 888 828 similiter.
917 775 1095 840 Quare
1126 784 1248 845 post
1278 776 1510 830 reditum
1545 774 1823 830 lsraelitici
1849 778 2055 846 populi,
2091 781 2183 847 qui

619 864 888 937 Babylone
935 868 987 919 in
1013 866 1252 921 Juda-am
1306 884 1365 923 se
1424 869 1644 939 recepit,
1700 884 1926 939 prorsus
1970 878 2185 923 constat

625 966 914 1026 utrumque
956 959 1294 1029 prophetiam
1354 958 1534 1015 edere.
1596 958 1731 1014 Cum
1784 961 1927 1015 enim
1985 962 2183 1031 Cyrus,

616 1052 705 1120 qui
742 1050 951 1120 primus
991 1050 1171 1106 Persis
1202 1051 1363 1105 simul
1394 1060 1450 1107 et
1497 1051 1667 1108 Medis
1712 1053 2065 1122 imperitavit,
2098 1067 2183 1107 re-

617 1144 750 1196 verti
797 1143 849 1196 in
900 1145 1125 1212 patriam
1177 1144 1377 1198 Iuda-is
1419 1146 1803 1206 concessisset,
1847 1162 1954 1199 non
1989 1148 2181 1216 exigua

616 1234 698 1287 vis
734 1235 917 1303 populi
977 1236 1029 1287 in
1070 1239 1255 1290 urbem
1290 1234 1626 1290 Hierusalem
1671 1245 1832 1306 atque
1858 1238 1911 1291 in
1937 1236 2179 1292 Judmam

616 1341 865 1397 regressa
913 1336 1018 1389 est,
1064 1328 1201 1382 duce
1234 1328 1590 1384 Zorobabele.
1639 1333 1813 1400 Atque
1850 1332 1900 1384 hi
1950 1332 2179 1387 reduces

616 1418 964 1471 fundamenta
996 1421 1178 1488 templi
1218 1422 1487 1486 iecerunt,
1522 1421 1576 1475 in
1628 1438 1800 1492 eoque
1831 1423 2000 1477 altare
2028 1424 2177 1477 exei-

615 1517 884 1564 Iaverunt.
914 1509 1018 1565 Sed
1037 1512 1181 1565 enim
1202 1522 1485 1581 postquam
1513 1528 1648 1579 opus
1672 1513 1914 1583 impediri
1938 1523 2175 1583 coeptum

613 1608 716 1666 est,
783 1601 978 1669 partim
1024 1602 1374 1655 molestorum
1411 1604 1645 1657 hostium
1701 1604 1924 1667 malitia,
1981 1606 2175 1674 partim

614 1694 730 1761 ipsa
763 1688 1071 1747 Judaeorum
1103 1692 1332 1753 desidia.
1362 1695 1523 1765 285
1555 1706 1681 1750 tunc
1725 1698 1918 1752 beatus
1948 1697 2175 1767 Aggzeus

2292 509 2391 579 τῆς
2440 509 2588 573 θείας
2638 512 2892 581 Γραφῆς,
2943 510 3149 574 ἐκεῖνός
3207 528 3266 563 τε
3317 510 3460 564 κατὰ
3516 512 3829 583 ἀποκάλυψιν

2293 596 2441 652 θείαν
2470 598 2733 667 ἄρξασθαι
2783 598 2930 666 λέγει
2958 598 3057 668 τῆς
3101 598 3433 670 προφητείας
3452 638 3466 661 ,
3496 597 3589 651 καὶ
3616 599 3719 668 μὴν
3753 601 3830 653 καὶ

2291 685 2442 755 οὗτος
2467 693 2697 763 ὁμοίως,
2732 691 2806 753 ὡς
2850 691 2987 761 μετὰ
3030 691 3127 761 τὴν
3171 691 3425 744 ἐπάνοδον
3451 689 3543 744 τοῦ
3590 690 3829 761 Ἰσραηλι-

2290 784 2442 837 τικοῦ
2488 784 2619 838 λαοῦ
2671 784 2778 837 ἀπὸ
2825 785 2923 853 τῆς
2971 782 3291 845 Βαϐυλῶνος
3328 784 3407 845 είς
3443 782 3542 852 τὴν
3599 782 3828 834 Ἰουδαίαν

2291 874 2684 945 ἐπαναχθέντος
2709 874 3045 945 ἀμφοτέρους
3071 872 3350 944 προδήλως
3368 871 3650 940 φαίνεσθαι
3673 889 3827 924 ποιου-

2294 966 2486 1033 μένους
2527 964 2623 1035 τὴν
2680 965 3033 1035 προφητείαν.
3095 963 3276 1034 Κύρου
3332 963 3439 1032 γὰρ
3488 961 3582 1014 τοῦ
3638 960 3826 1032 πρώτου

2290 1053 2512 1124 Περσῶν
2552 1072 2611 1106 τε
2660 1055 2750 1107 καὶ
2795 1054 2992 1123 Μήδων
3026 1054 3166 1106 κατά
3196 1052 3389 1105 ταύτὸν
3439 1050 3828 1121 βασιλεύσαντος

2289 1142 2601 1195 ἐπανελθεῖν
2620 1144 2699 1206 είς
2728 1144 2825 1212 τὴν
2855 1144 3061 1197 οἰκείαν
3093 1141 3480 1213 ἐπιτρέψαντος
3502 1140 3704 1211 χώραν,
3729 1141 3830 1193 ἀνε·

2288 1233 2517 1303 λήλυθεν
2561 1235 2578 1304 (
2597 1251 2649 1304 p.
2682 1235 2821 1298 452)
2865 1236 2961 1305 μὲν
3011 1234 3212 1305 πλῆθος
3242 1234 3321 1297 είς
3355 1252 3413 1287 τε
3444 1234 3543 1304 τὴν
3580 1234 3827 1302 Ἰερουσα-

2287 1324 2397 1396 λὴμ
2446 1327 2539 1379 καὶ
2583 1328 2681 1397 τὴν
2744 1328 3000 1380 Ἰουδαίαν
3043 1328 3142 1381 οὐκ
3179 1328 3355 1396 ὀλίγον
3403 1326 3708 1397 ἡγουμένου
3750 1323 3828 1377 τοῦ

2287 1419 2614 1487 Ζοροϐάϐελ,
2659 1419 2707 1472 οἳ
2740 1420 2989 1482 καὶτοὺς
3029 1419 3307 1488 θεμελίους
3350 1417 3710 1472 κατεϐἀλοντο
3748 1414 3827 1469 τοῦ

2286 1511 2414 1564 ναοῦ
2461 1512 2552 1564 καὶ
2592 1512 2653 1564 τὸ
2703 1512 3082 1583 θυσιαστήριον
3129 1513 3420 1582 ἀνήγειραν
3465 1513 3521 1565 ἐν
3554 1509 3721 1579 αὐτῷ.
3755 1509 3827 1572 Ὧς

2284 1602 2339 1654 δὲ
2364 1601 2421 1655 τὸ
2450 1602 2608 1672 ἔργον
2637 1603 2867 1674 ἀχθῆναι
2900 1604 3033 1674 πρὸς
3082 1603 3254 1674 πέρας
3294 1601 3595 1662 ἐκωλύετο,
3624 1600 3719 1655 νῦν
3747 1600 3827 1669 μὲν

2283 1692 2373 1745 διὰ
2398 1693 2499 1762 τὴν
2513 1693 2621 1745 τῶν
2652 1694 3005 1764 ἐνοχλούντων
3036 1694 3219 1757 αὐτοῖς
3246 1693 3473 1758 κακίαν,
3496 1690 3654 1754 αὖθις
3675 1691 3729 1745 δέ
3754 1691 3826 1745 διὰ

617 1787 875 1853 propheta
919 1784 1101 1838 divina
1169 1786 1462 1841 instinctus
1521 1787 1850 1842 revelatione
1899 1789 2173 1858 segnitiem

2282 1784 2379 1853 τὴν
2411 1784 2587 1837 αὐτῶν
2642 1786 2863 1838 ἐκείνων
2914 1785 3203 1856 ρᾳθυμίαν,
3266 1786 3512 1854 Ἀγγαῖος
3545 1786 3643 1855 μὲν
3676 1787 3706 1838 δ
3743 1802 3828 1855 μα-

614 1876 826 1930 illorum
858 1874 1197 1944 ohjurgabat,
1228 1886 1389 1945 atque
1436 1880 1615 1947 operis
1668 1880 1969 1949 neglectum
1996 1896 2183 1934 vecor-

612 1968 715 2021 diae
766 1966 1079 2021 eorumdem
1129 1968 1451 2037 imputabat.
1505 1970 1596 2038 qui
1658 1972 1900 2041 privatos
1960 1971 2178 2041 quidem

611 2058 754 2112 lares
804 2073 910 2111 non
941 2057 1114 2111 solum
1164 2057 1355 2112 sedulo
1374 2060 1749 2123 exstruebant,
1799 2077 1986 2115 verum
2031 2062 2178 2115 omni

611 2165 827 2219 quoque
846 2150 1113 2219 elegantia
1136 2149 1473 2205 exornabant
1501 2169 1515 2217 ;
1547 2150 1638 2205 Dei
1658 2167 1787 2206 vero
1810 2153 2179 2207 habitaculum

611 2242 952 2313 negligebant
974 2261 987 2297 :
1013 2250 1068 2298 et
1094 2243 1174 2299 sic
1194 2258 1385 2300 omnes
1415 2252 1473 2297 ut
1503 2244 1776 2298 instarent
1798 2245 1946 2314 operi
1985 2260 2180 2314 perur-

610 2332 805 2402 gebat;
859 2348 1022 2403 quam
1075 2349 1190 2389 rem
1242 2334 1362 2405 ipse
1418 2336 1697 2405 propheta:
1752 2335 1889 2391 liber
1950 2337 2175 2391 demon.

608 2431 767 2478 strat.

676 2606 793 2662 Jam
820 2617 875 2663 et
908 2608 1097 2664 beatus
1139 2609 1452 2675 Zacharias,
1485 2609 1916 2679 divina'accepta
1967 2611 2180 2666 revela-

607 2702 776 2766 tione,
806 2701 921 2756 suis
956 2702 1161 2770 pariter
1189 2702 1639 2772 praedictionibus
1677 2702 1961 2757 conﬁrmat
1995 2704 2175 2773 populi

606 2790 880 2855 reditum;
930 2789 1196 2860 ﬁdemque
1246 2793 1472 2860 insuper
1518 2790 1668 2857 facit,
1722 2794 1836 2847 l'orc
1884 2802 1943 2846 ut
1984 2811 2176 2850 rursus

608 2882 742 2936 urbs
785 2880 1123 2937 Hierusalem
1181 2886 1460 2953 proprium
1496 2885 1664 2940 decus
1709 2896 2010 2955 recuperet,
2052 2903 2175 2959 rege

604 2975 681 3030 ibi
726 2975 909 3029 divina
949 2979 1216 3031 sententia
1266 2979 1465 3041 electo,
1516 2980 1840 3049 caelestique
1868 2982 2040 3049 gratia
2092 2983 2175 3035 in-

606 3074 834 3130 structo,
872 3068 946 3122 ita
999 3076 1059 3121 ut
1104 3078 1158 3123 et
1204 3070 1393 3124 urbem
1434 3071 1716 3141 gubernet,
1758 3084 1811 3125 et
1859 3082 2169 3127 exterorum

606 3158 844 3214 hostium
902 3161 1057 3215 bellis
1109 3163 1374 3217 resistat:
1406 3163 1641 3234 denique
1690 3166 1765 3219 ait
1805 3167 2170 3221 sacerdotium

605 3248 785 3303 denuo
812 3264 934 3303 cum
963 3259 1142 3306 vetere
1173 3251 1447 3307 hilaritate
1478 3254 1794 3323 dignitatem
1838 3270 1991 3311 suam
2026 3271 2175 3311 rece-

607 3350 846 3412 pturum.
875 3342 1048 3412 Atque
1074 3343 1145 3396 ita
1171 3344 1464 3400 reducibus
1494 3361 1711 3415 quoque
1736 3345 1947 3400 tlrmam
1982 3349 2096 3403 fore
2119 3348 2171 3402 in

603 3433 783 3502 patria
829 3434 1115 3489 stationem
1165 3436 1469 3490 suadebat:
1509 3453 1742 3507 namque
1791 3439 1971 3493 adhuc
2016 3438 2175 3493 dubi-

604 3531 721 3577 tare
755 3538 849 3579 eos
878 3524 1176 3580 verisimile
1209 3534 1347 3590 erat,
1395 3536 1579 3581 utrum
1613 3528 1758 3582 domi
1795 3538 1981 3584 essent
2019 3545 2173 3583 man-

606 3617 722 3671 suri
782 3632 977 3681 necne,
1037 3618 1153 3673 sive
1201 3628 1425 3687 propter
1486 3620 1738 3674 acerbam
1800 3620 2171 3690 captivitatem

604 3723 766 3778 quam
814 3724 1090 3780 nunquam
1141 3724 1199 3764 se
1245 3725 1602 3780 perpessuros
1649 3713 2011 3782 putavissent,
2059 3712 2173 3767 sive

604 3807 826 3868 propter
853 3799 1026 3868 ipsius
1073 3799 1283 3855 reditus
1319 3801 1517 3854 mirum
1558 3801 1886 3872 prodigium.
1930 3802 2172 3872 Denique

604 3890 766 3943 etiam
798 3890 1059 3959 reliquos,
1094 3891 1184 3960 qui
1221 3891 1397 3947 adhuc
1430 3894 1483 3946 in
1525 3893 1837 3963 captivitate
1878 3897 2172 3950 versaban-

604 3990 713 4039 tur.
751 3981 1025 4034 redituros
1068 3980 1123 4034 in
1158 3979 1399 4035 Judaeam
1441 3984 1781 4051 spondebat;
1826 3999 1946 4054 quae
1990 3999 2079 4040 res
2116 3984 2168 4038 in

604 4071 794 4144 primis
835 4071 1027 4124 stabile
1068 4068 1184 4123 fore
1222 4070 1643 4139 postliminium,
1687 4073 1772 4128 his
1805 4075 1899 4143 qui
1938 4074 2049 4145 jam
2084 4090 2170 4130 re-

610 4164 837 4225 iierant,
876 4160 1166 4216 testimonii
1205 4161 1326 4215 loco
1367 4168 1504 4215 erat.
1533 4160 1764 4219 Videtur
1799 4175 1980 4220 autem
2020 4180 2170 4221 com-

600 4255 785 4323 plures
838 4253 1194 4322 diversasque
1241 4253 1600 4309 revelationes
1651 4255 1877 4321 vidisse,
1935 4272 2167 4327 quarum

598 4345 913 4414 singillatim
958 4344 1065 4397 vim
1099 4352 1335 4397 enarrat.
1382 4343 1664 4413 Signiﬁcat
1706 4347 1869 4402 etiam
1915 4348 2167 4404 bellicam

598 4435 732 4506 Gogi
764 4438 1149 4497 incursionem,
1174 4435 1399 4506 ejusque
1423 4435 1660 4491 futuram
1698 4440 2164 4511 internecionem;

598 4531 799 4598 quippe
846 4529 1005 4598 cujus
1058 4530 1201 4583 vires
1256 4527 1429 4582 Judaei
1482 4539 1675 4599 przeter
1738 4548 1953 4587 omnem
2010 4549 2161 4605 Spem

598 4618 912 4673 debellaturi
964 4628 1140 4683 erant,
1184 4636 1309 4691 rege
1343 4619 1674 4675 Zorobabele
1711 4637 1773 4676 ac
1815 4624 1970 4679 duce.
2025 4625 2161 4678 Mala

596 4726 813 4781 qiioque
862 4711 947 4765 his
993 4718 1389 4780 superventura
1431 4719 1715 4774 memorat,
1747 4729 1867 4782 quae
1914 4713 2163 4769 Maccha-

596 4803 833 4857 baeorum
873 4810 1030 4857 aetate
1067 4818 1096 4857 a
1143 4801 1476 4857 Macedonici
1513 4802 1724 4872 imperii
1754 4808 2164 4861 successoribus

596 4894 962 4963 contigerunt.

2283 1875 2468 1944 κάριος
2499 1877 2780 1946 προφήτης
2830 1876 2971 1929 κατά
3008 1876 3156 1930 θείαν
3193 1876 3532 1945 ἀποκάλυψιν
3564 1874 3828 1946 ἐμέμψατό

2280 1980 2337 2015 τε
2366 1964 2548 2027 αὐτοῖς
2581 1966 2708 2034 περὶ
2743 1965 2843 2034 τῆς
2883 1966 3175 2038 ῥᾳθυμίας,
3200 1966 3293 2020 καὶ
3322 1966 3592 2037 μοχθηρίᾳ
3622 1964 3829 2036 γνώμης

2280 2054 2613 2125 ἀμελοῦντας
2638 2056 2859 2126 ἐλέγξας
2886 2057 2976 2111 τοῦ
3009 2058 3192 2129 ἔργου,
3221 2059 3312 2128 ἀφ’
3340 2052 3416 2113 ὧν
3436 2059 3564 2129 περὶ
3597 2058 3699 2129 μὲν
3720 2057 3828 2120 τοὺς

2282 2148 2487 2202 ἑαυτῶν
2549 2148 2879 2213 ἐσπούδαζον
2930 2150 3108 2214 οἴκους
3129 2190 3144 2214 ,
3209 2151 3357 2213 ὅπως
3415 2150 3482 2204 ἂν
3532 2151 3727 2213 αὐτοὺς
3766 2156 3829 2221 μὴ

2282 2242 2481 2293 ποιοῖεν
2522 2240 2700 2311 μόνον,
2730 2240 2865 2294 ἀλλὰ
2892 2243 2983 2295 καὶ
3016 2242 3151 2312 μετὰ
3181 2241 3378 2312 πολλῆς
3407 2240 3723 2313 ἐργάζοιντο
3742 2240 3829 2310 τῆς

2281 2332 2646 2402 εὐπρεπείας,
2693 2332 2788 2387 τοῦ
2837 2332 2894 2386 δὲ
2932 2333 3082 2387 οἴκου
3133 2335 3476 2405 κατημέλουν
3536 2334 3632 2387 τοῦ
3668 2334 3827 2392 θείου,

2279 2429 2549 2499 διήγειρεν
2578 2427 2823 2492 ἅπαντας
2859 2429 2949 2481 ἐπὶ
2977 2429 3038 2482 τὸ
3080 2427 3268 2500 ἔργον,
3298 2427 3373 2490 ὼς
3400 2425 3536 2496 αὑτὴ
3576 2425 3830 2479 δείκνυσιν

2285 2519 2313 2587 ἡ
2342 2517 2432 2570 τοῦ
2464 2519 2738 2588 προφήτου
2771 2516 2967 2587 βίϐλος.

2352 2610 2625 2680 Ζαχαρίας
2661 2609 2716 2662 δὲ
2748 2609 2776 2660 ὁ
2826 2609 3092 2679 μακάριος
3133 2606 3274 2660 κατά
3313 2605 3654 2673 ἀποκάλυψιν
3700 2603 3830 2655 θείαν

2276 2702 2373 2755 καὶ
2393 2702 2553 2764 αὐτὸς
2572 2701 2773 2771 ὁμοίως
2789 2700 2996 2770 βεϐαιοῖ
3022 2700 3119 2769 μὲν
3138 2702 3257 2762 ταῖς
3270 2698 3492 2760 οἰκείαις
3508 2698 3833 2768 προρρήσεσι

2281 2794 2380 2864 τὴν
2427 2794 2683 2846 ἐπάνοδον
2732 2792 2827 2846 τοῦ
2881 2792 3009 2846 λαοῦ
3033 2809 3047 2822 ·
3085 2790 3363 2844 πιστοῦται
3411 2790 3466 2842 δὲ
3506 2790 3567 2841 τὸ
3614 2789 3709 2841 καὶ
3744 2787 3832 2855 τὴν

2290 2885 2643 2957 Ἰερουσαλὴμ
2686 2884 2779 2936 ἐπὶ
2812 2884 2908 2953 τῆς
2955 2885 3159 2946 οἰκείας
3194 2882 3411 2935 ἔσεσθαι
3450 2880 3613 2933 πάλιν
3648 2881 3832 2946 εὐπρε-

2280 2978 2467 3040 πείας,
2502 2977 2763 3047 βασιλέως
2799 2994 2856 3029 τε
2887 2978 2945 3028 ἐν
2974 2976 3108 3045 αὐτῇ
3146 2973 3240 3027 τοῦ
3272 2972 3409 3026 κατά
3439 2972 3587 3025 θείαν
3618 2987 3831 3040 γεγενη-

2282 3069 2442 3140 μένου
2473 3069 2682 3138 ψῆφον,
2727 3068 2822 3121 καὶ
2847 3068 2946 3136 τῆς
2974 3067 3179 3120 ἐκεῖθεν
3212 3064 3532 3135 ἠξιωμένου,
3565 3062 3829 3123 διέποντός

2276 3180 2335 3216 τε
2368 3161 2434 3214 τὰ
2480 3164 2598 3213 κατ’
2650 3160 2817 3231 αὐτὴν
2863 3160 2958 3214 καὶ
3005 3158 3410 3230 προμαχοῦντος
3455 3157 3712 3210 ἁπάντων
3759 3156 3832 3217 είς

2276 3253 2400 3315 τοὺς
2430 3252 2570 3306 κατά
2597 3252 2706 3303 τῶν
2745 3251 3037 3322 ἀλλοτρίων
3085 3250 3381 3320 πολέμους’
3412 3249 3510 3317 τῆς
3543 3247 3830 3318 ἱερωσύνης

2272 3361 2334 3397 τε
2368 3343 2529 3397 πάλιν
2560 3343 2698 3413 μετά
2729 3343 2829 3413 τῆς
2870 3341 3104 3405 παλαιᾶς
3150 3340 3500 3411 φαιδρότητκ
3523 3338 3617 3391 τὸν
3647 3340 3833 3391 οἰκεῖον

2275 3437 2657 3507 ἀπολαϐούσης
2704 3436 2937 3507 κόσμονο
2988 3433 3064 3497 ὡς
3112 3434 3178 3488 ἂν
3219 3432 3305 3486 διὰ
3338 3432 3538 3485 τούτων
3590 3431 3832 3491 καὶτοὺς

2274 3530 2667 3601 ἀνεληλυθότας
2700 3530 2805 3600 ¹ἤδη
2852 3528 3087 3581 πείσειεν
3121 3525 3341 3597 βεϐαίαν
3370 3526 3457 3594 (p.
3488 3525 3631 3594 455)
3666 3525 3836 3585 aurei;

2275 3621 2539 3691 ἐσομένην
2570 3619 2817 3689 ἡγεῖσθαι
2849 3617 2945 3688 τὴν
2982 3617 3075 3670 ἐπὶ
3102 3617 3211 3669 τῶν
3239 3616 3415 3669 τόπων
3442 3616 3681 3686 οἴκησιν,
3718 3614 3835 3684 περὶ

2272 3707 2339 3782 ἦς
2381 3711 2524 3774 εἰκὸς
2564 3705 2862 3780 ἦνάὑτοὺς
2910 3708 3001 3761 καὶ
3040 3706 3501 3775 ἐπανεληλυθότας
3542 3705 3837 3775 ἀμφίϐολον

2273 3803 2352 3856 ἔτι
2385 3801 2481 3873 τὴν
2512 3799 2734 3871 γνώμην
2767 3800 2928 3869 ἔχειν,
2964 3800 3012 3851 εί
3047 3798 3297 3868 μενοῦσιν
3327 3796 3590 3867 βεϐαίως,
3618 3800 3729 3852 εἴτε
3757 3797 3836 3849 διὰ

2271 3890 2369 3961 τὴν
2392 3888 2763 3958 γεγενημένην
2794 3888 3072 3959 βαρύτητα
3095 3889 3192 3959 τῆς
3222 3887 3621 3957 αἰχμαλωσίας,
3649 3888 3717 3957 ἦν
3746 3887 3838 3939 ούκ

2272 3982 2337 4037 ἄν
2395 3999 2523 4035 ποτε
2573 3982 2809 4051 ἤλπισαν
2863 3979 3181 4050 ὑπομένειν,
3235 3979 3342 4033 εἴτε
3378 3980 3470 4032 καὶ
3512 3978 3606 4033 διὰ
3654 3978 3838 4047 τὸτῆς

2272 4074 2530 4127 ἐπανόδου
2550 4072 2867 4143 παράδοξον.
2906 4073 3011 4126 Καὶ
3033 4072 3096 4143 δὴ
3129 4072 3221 4124 καὶ
3246 4070 3464 4140 ἐτέρους
3494 4070 3608 4125 τῶν
3630 4072 3724 4124 ἐπὶ
3750 4071 3841 4137 τῆς

2272 4165 2643 4237 αἰχμαλωσίας
2682 4165 2849 4218 ὄντων
2881 4164 2960 4217 ἔτι
2994 4162 3270 4227 διδάξειειν
3322 4165 3400 4226 είς
3429 4163 3527 4233 τὴν
3581 4164 3839 4217 Ἰουδαίαν

2270 4258 2795 4328 ἐπανελευσομένους
2814 4273 2827 4286 ·
2856 4256 2885 4308 ὃ
2908 4257 2972 4327 δὴ
3021 4256 3252 4327 μάλιστα
3282 4255 3376 4308 καὶ
3411 4258 3526 4317 τοῖς
3554 4254 3843 4309 ἀνελθοῦσι

2268 4348 2362 4402 τοῦ
2397 4349 2609 4420 βεϐαίου
2658 4348 2760 4416 τῆς
2792 4347 3049 4401 ἐπανόδου
3101 4347 3278 4409 πίστις
3319 4346 3545 4414 ἐγίνετο.
3588 4348 3841 4401 Φαίνεται

2256 4436 2325 4493 δὲ
2357 4440 2554 4503 πολλάς
2586 4456 2738 4503 τινας
2769 4440 2863 4493 καὶ
2890 4439 3173 4509 διαφόρους
3205 4436 3575 4506 ἀποκαλύψεις
3609 4438 3843 4508 βλέπων.

2273 4527 2344 4586 ὧν
2388 4534 2624 4601 ἑκάστης
2670 4530 2767 4601 τὴν
2808 4531 3034 4601 δύναμιν
3078 4530 3384 4599 ἐξηγεῖται’
3421 4529 3620 4600 μηνύει
3666 4530 3723 4582 δὲ
3756 4530 3845 4581 καὶ

2269 4625 2378 4677 τῶν
2410 4625 2534 4695 περὶ
2557 4624 2647 4677 τὸν
2670 4622 2790 4691 Γὼγ
2813 4624 2910 4695 τὴν
2932 4622 3136 4693 ἔφοδον,
3162 4624 3259 4693 τήν
3284 4639 3340 4674 τε
3364 4620 3646 4675 ἀπώλειαν
3670 4620 3846 4675 αὐτῶν

2271 4716 2534 4786 ἐσομένην
2582 4714 2887 4777 παντελῶς·
2939 4715 3031 4768 καὶ
3068 4714 3147 4767 ὃτι
3201 4710 3515 4783 παραδόξως
3548 4713 3649 4765 καὶ
3697 4710 3844 4780 παρά

2271 4809 2452 4860 πᾶσαν
2486 4806 2830 4877 ἀνθρωπίνην
2864 4806 3053 4859 ἐλπίδα
3087 4806 3444 4876 κρατήσουσιν
3476 4804 3664 4856 αὐτῶν
3715 4805 3845 4856 ‘10::-

2271 4896 2407 4949 δαίοι
2441 4895 2546 4949 ὑπὸ
2577 4894 2657 4964 τῷ
2681 4894 2984 4967 Ζοροϐάϐελ
3024 4891 3431 4965 βασιλευόμενοί
3458 4910 3518 4944 τε
3549 4895 3652 4946 καὶ
3682 4910 3844 4963 στρα-

591 4986 934 5056 τηγούμενοι.
982 4987 1270 5056 Μέμνηται
1298 4984 1354 5038 δὲ
1390 4989 1482 5042 καὶ
1524 4988 1633 5041 τῶν
1680 4991 1802 5057 μετ’
1829 4990 2009 5041 ἐκεῖνο
2051 4989 2463 5061 προσεσομὲνων
2509 4990 2687 5049 αὐτοῖς
2728 4988 3009 5059 λυπηρῶν,
3041 4987 3077 5040 ἃ
3120 4984 3261 5038 κατὰ
3290 4985 3413 5047 τοὺς
3457 4984 3564 5036 τῶν
3616 4987 3847 5039 Μακκα-

594 5079 763 5132 ϐαίων
790 5079 971 5140 αὐτοῖς
1005 5077 1218 5145 ἐγένετο
1258 5078 1476 5148 χρόνους
1509 5078 1613 5130 ὑπὸ
1644 5077 1749 5129 τῶν
1777 5076 2036 5146 διαδόχων
2063 5078 2162 5148 τῆς
2186 5080 2559 5148 Μακεδονικῆς
2593 5077 2884 5148 βασιλείας.

668 5168 850 5238 Neque
878 5177 961 5224 est
986 5169 1292 5222 mirandum
1317 5170 1360 5221 si
1390 5170 1622 5237 quajam
1652 5168 1947 5237 praeterita,
1985 5178 2164 5223 tamen

598 5276 768 5316 instar
794 5262 870 5316 rei
906 5273 1119 5319 totum.
1156 5263 1207 5315 in
1234 5261 1563 5316 revelatione
1577 5261 1742 5331 286
1764 5261 2162 5316 ostenduntur:

593 5354 758 5407 veluu
811 5368 934 5406 cum
969 5361 1205 5423 quatuor
1244 5367 1472 5411 cornua,
1511 5368 1629 5421 qum
1665 5350 1920 5406 lsraelem
1954 5351 2170 5422 disper-

594 5452 799 5511 serant,
833 5453 1115 5499 contracta
1143 5446 1277 5499 vidit
1315 5445 1579 5515 propheta
1610 5461 1623 5498 :
1660 5459 1893 5514 namque
1931 5443 2034 5498 hoc
2059 5460 2167 5498 non

595 5534 861 5600 futurum,
904 5535 998 5590 sed
1024 5536 1135 5604 jam
1172 5544 1389 5606 peracta
1429 5536 1623 5591 fuerat.
1654 5536 1779 5592 Sive
1816 5536 1962 5589 enim
1998 5535 2167 5607 Assy-

594 5629 724 5689 rius,
782 5626 1125 5696 Babylonios,
1186 5627 1395 5694 Medos,
1448 5626 1750 5695 Persasque
1798 5627 1884 5682 his
1928 5635 2165 5697 quatuor

597 5718 872 5772 cornibus
896 5718 1090 5782 innuit,
1129 5726 1188 5773 ut
1226 5719 1611 5774 nonnullorum
1640 5720 1823 5787 opinio
1867 5719 1989 5784 fert,
2024 5720 2159 5774 satis

2338 5170 2644 5240 Θαυμὰζειν
2673 5169 2730 5222 δὲ
2760 5170 2821 5221 οὐ
2865 5168 3159 5238 προσῆκεν,
3203 5169 3257 5221 εἴ
3296 5185 3417 5221 τινα
3450 5167 3544 5220 καὶ
3578 5166 3850 5235 γεγονότα

2266 5258 2388 5329 ἤδη,
2406 5259 2478 5320 ὡς
2500 5258 2730 5327 ἐσόμενα
2745 5257 2810 5309 δι’
2831 5257 3222 5326 ἀποκαλύψεως
3244 5257 3393 5328 δηλοί
3409 5275 3420 5287 θ
3444 5258 3521 5319 ὡς
3538 5259 3678 5310 ὅταν
3695 5259 3848 5325 λέγῃ.

2265 5352 2345 5403 ὅτι
2376 5350 2614 5419 τέσσαρα
2644 5350 2846 5419 κέρατα
2863 5349 3320 5418 διασκορπίσαντα
3357 5348 3449 5401 τὸν
3487 5349 3719 5418 Ἰσραὴλ
3744 5343 3851 5401 εἶδε

2267 5440 2679 5511 συντριϐόμενα.
2710 5440 2895 5493 Ταῦτα
2940 5441 3047 5511 γὰρ
3086 5439 3306 5510 εὔδηλον
3329 5482 3342 5503 ,
3374 5441 3455 5493 ὅτι
3493 5442 3595 5493 οὐκ
3628 5441 3853 5493 ἔσεσθαι

2266 5530 2515 5601 ἤμελλεν,
2565 5531 2682 5583 ἀλλ’
2719 5531 2976 5598 ἐγεγόνει.
3023 5533 3085 5583 Ei
3123 5532 3220 5601 μὲν
3265 5532 3373 5602 γὰρ
3401 5532 3490 5584 τὸν
3552 5532 3854 5604 Ἀσσύριον

2265 5624 2360 5677 καὶ
2391 5622 2724 5678 Βαϐυλώνιον
2759 5624 2849 5675 καὶ
2874 5622 3055 5692 Μῆδον
3097 5624 3187 5675 καὶ
3217 5622 3432 5693 Πέρσην
3474 5624 3744 5692 σημαίνει
3770 5626 3857 5677 διὰ

2261 5715 2368 5770 τῶν
2392 5715 2667 5785 τεσσάρων
2698 5715 2941 5785 κεράτων
2969 5718 3057 5785 (p.
3088 5714 3219 5781 454)
3252 5714 3326 5777 ὡς
3344 5716 3370 5767 ὁ
3398 5714 3554 5769 ἐνίων
3590 5716 3859 5773 βούλεται
