4054 6238
276 318 386 372 497

1229 332 1777 390 COMMENTARIUS
1810 334 1873 390 IN
1910 336 2282 391 ZACllAlil/E
2315 337 2466 393 CAP.
2500 338 2538 392 1.
3408 338 3509 393 ιοξκ

268 430 459 521 λόγος,
489 434 752 506 πρόδηλον
803 439 901 509 μὲν
945 440 1027 495 ὅτι
1069 441 1162 497 καὶ
1221 443 1495 518 Ἀσσύριοι
1528 445 1621 501 καὶ
1670 445 1844 499 Βαϐυ-

1958 456 2160 503 :onstat
2221 449 2474 520 Assyrios
2537 464 2601 504 ac
2652 449 2980 521 Babylonios
3029 458 3153 505 ante
3194 450 3245 503 id
3294 459 3504 516 tempus

270 520 457 576 λὼνιοι
485 524 785 582 δεδώκεσαν
809 530 905 600 ήδη
932 531 1087 596 δίκας
1109 535 1251 589 κατά
1276 538 1365 590 τὸν
1394 538 1583 608 καιρὸν
1614 539 1838 593 ἐκεῖνον.

272 613 495 683 Μήδους
519 616 575 669 δὲ
612 618 791 690 Κύρος
829 622 1071 677 καθεῖλε·
1116 627 1234 697 μεθ’
1263 628 1322 680 ὃν
1359 629 1617 700 τέταρτος
1654 630 1841 697 γέγονε

273 706 520 775 Δαρεῖος·
572 711 723 778 παρὰ
754 712 997 782 Περσῶν’
1023 715 1080 769 δὲ
1112 716 1235 770 ούδέ
1282 719 1471 787 γέγονέ
1510 738 1562 772 τι
1611 718 1843 789 χαλεπὸν

270 798 389 858 τοῖς
444 795 835 870 Ἰσραηλίταις·
884 806 1193 861 τούναντίον
1248 809 1346 880 μὲν
1371 806 1462 864 οὖν
1512 806 1572 864 εὖ
1613 810 1717 864 ὑπὸ
1747 811 1845 880 τῆς

275 888 553 957 βασιλείας
597 892 794 948 ἔπαθον
816 897 1050 968 ἐκείνης,
1084 901 1346 971 πρότερον
1380 902 1479 972 μὲν
1507 903 1702 965 αὐτοὺς
1730 902 1843 957 Κύ-

279 997 376 1049 ρου
409 982 502 1035 τοῦ
545 985 759 1055 πρώτου
796 988 1209 1057 βασιλεύσαντος
1239 992 1469 1062 ἀφέντος
1514 994 1614 1063 τῆς
1646 995 1844 1064 αἰχμα-

274 1072 512 1141 λωσίας,
561 1079 679 1146 μετ’
729 1080 902 1132 ἐκεῖνο
935 1081 990 1134 δὲ
1039 1083 1270 1154 Δαρείου
1320 1086 1430 1147 τοῖς
1480 1084 1682 1149 λοιποῖς
1738 1085 1844 1139 τῶν

291 1163 561 1221 Ἰουδαίων
613 1169 705 1223 τοῦ
742 1172 985 1227 ἀνελθεῖν
1023 1176 1103 1237 εἰς
1151 1176 1220 1228 τά
1259 1178 1433 1229 οἰκεῖα
1474 1176 1847 1247 παρασχόντος

276 1256 380 1325 τὴν
430 1256 630 1312 ἄδειαν.
682 1260 828 1314 Εἰδέ
871 1264 963 1316 καὶ
994 1263 1158 1335 ἕτερά
1186 1283 1269 1328 τις
1300 1265 1541 1335 βούλοιτο
1590 1268 1848 1338 σημαίνε-

277 1347 407 1399 σθαι
453 1347 520 1400 τά
564 1349 806 1421 τέσσαρα
845 1354 1049 1425 κέρατα
1095 1356 1280 1420 κακῶς
1325 1357 1691 1412 διατεθεικότα
1723 1360 1848 1424 τοὺς

292 1438 628 1508 Ἰσραηλίτας
658 1442 750 1495 ἐπὶ
779 1442 870 1496 τοῦ
914 1445 1014 1515 τῆς
1043 1447 1419 1518 αἰχμαλωσίας
1449 1449 1673 1521 καιροῦ,
1713 1451 1849 1522 πρό-

279 1529 441 1599 δηλον
463 1532 547 1584 δτι
577 1532 804 1587 κάκεῖνα
828 1534 1000 1608 πέρας
1028 1536 1256 1608 εἰλήφει.
1299 1538 1437 1593 Ἀλλ’
1461 1540 1634 1595 ἔοικεν
1665 1543 1694 1596 ὁ
1719 1559 1848 1613 προ-

282 1622 465 1691 φήτης
492 1622 600 1675 τῶν
640 1623 895 1678 τοιούτων
945 1626 1034 1681 διὰ
1060 1627 1218 1683 τοῦτο
1260 1632 1649 1703 μνημονεύειν,
1680 1632 1754 1696 ὡς
1784 1632 1849 1686 ἂν

284 1714 385 1767 καὶ
415 1713 513 1783 τῆς
544 1713 689 1777 θείας
714 1716 930 1787 χάριτος
954 1718 1041 1773 διὰ
1079 1720 1235 1774 τοῦτο
1264 1721 1358 1776 νῦν
1389 1722 1535 1793 αύτῷ
1563 1722 1718 1776 τοῦτο
1744 1722 1851 1775 δει-

1943 552 2135 606 poenas
2163 537 2354 593 luisse.
2396 537 2580 592 Medos
2618 537 2747 592 item
2789 538 3017 610 imperio
3059 553 3090 591 a
3124 539 3263 609 Cyro
3305 540 3505 608 spolia-

1946 635 2030 682 tos
2069 627 2274 683 scimus
2306 646 2321 681 :
2360 635 2483 697 post
2522 643 2682 697 quem
2728 629 2973 698 reliquus
3016 637 3099 684 est
3141 640 3367 697 quartus
3402 628 3506 682 Da-

1944 720 2085 775 rius.
2118 718 2287 774 Porro
2322 735 2351 772 a
2395 718 2579 774 Persis
2614 719 2750 772 nihil
2794 720 3080 774 molestum
3116 721 3379 775 lsraelitis
3422 734 3506 773 ac-

1945 809 2109 873 cidit;
2151 809 2259 862 imo
2300 808 2482 863 omnia
2531 823 2691 863 secus
2730 809 2799 863 ab
2838 810 3066 864 istorum
3104 826 3272 879 regno
3299 812 3504 879 experti

1945 910 2108 966 sunt;
2149 899 2290 971 Cyro
2339 901 2571 970 primum
2615 901 2829 969 imperii
2878 910 3097 956 auctore
3141 902 3502 972 captivitatem

1946 990 2223 1055 solvente;
2262 988 2455 1043 deinde
2496 988 2657 1043 Dario
2690 987 2889 1045 ludatis
2941 990 3164 1060 reliquis
3210 999 3268 1044 ut
3309 991 3362 1044 in
3412 1007 3505 1060 pa-

1951 1081 2111 1133 triam
2158 1080 2394 1135 redirent
2432 1080 2714 1149 largiente.
2749 1080 2900 1146 Quod
2947 1082 2990 1135 si
3025 1082 3146 1151 quis
3187 1082 3329 1135 aliud
3376 1082 3505 1150 quid

1948 1172 2036 1228 his
2083 1183 2316 1243 quatuor
2356 1173 2633 1236 cornibus,
2687 1189 2808 1243 quae
2858 1172 3119 1229 lsraelitis
3176 1173 3507 1244 captivitatis

1949 1272 2190 1334 tempore
2221 1272 2545 1332 nocuerunt,
2578 1266 2879 1336 signiﬁcari
2928 1267 3247 1327 arbitratur,
3292 1274 3508 1321 constat

1947 1354 1999 1408 id
2024 1369 2240 1423 quoque
2268 1354 2378 1423 jam
2408 1362 2523 1409 tum
2554 1354 2714 1410 ﬁnem
2746 1354 2958 1409 fecisse.
2993 1355 3097 1409 Sed
3127 1358 3269 1410 enim
3298 1357 3507 1412 videtur

1952 1446 2208 1515 propheta
2242 1445 2446 1500 idcirco
2483 1445 2679 1499 horum
2718 1446 3032 1500 meminisse
3064 1447 3264 1516 (divina
3303 1449 3509 1503 scilicet

1946 1537 2119 1609 gratia
2161 1536 2231 1590 ob
2267 1536 2320 1590 id
2370 1538 2547 1606 ipsutn
2589 1537 2702 1591 haec
2741 1536 2927 1591 eadem
2958 1538 3007 1591 ei
3057 1538 3505 1607 demonstrante‘),

1948 1636 2008 1681 ut
2045 1642 2075 1680 a
2118 1627 2329 1683 caelesti
2370 1627 2695 1682 revelatione
2742 1635 2950 1681 certum
2985 1629 3100 1697 ipse
3153 1644 3331 1684 rerum
3388 1646 3509 1700 per-

1951 1727 2194 1774 actarum
2220 1718 2589 1773 testimonium
2626 1718 2929 1788 acciperet,
2966 1734 3205 1788 suosque
3234 1720 3509 1777 auditores

286 1803 587 1875 κνυούσης,
629 1807 692 1859 ἶν’
726 1810 788 1861 ἐκ
820 1809 919 1880 τῆς
950 1811 1342 1881 ἀποκαλύψεως
1379 1812 1479 1883 τῆς
1510 1792 1656 1876 θείας
1689 1814 1849 1877 αὑτός

1958 1810 2177 1865 omnino
2228 1810 2488 1865 certiores
2525 1807 2725 1862 laceret
2769 1807 2837 1863 de
2881 1807 3097 1864 decreta
3137 1810 3374 1865 inimicis
3418 1827 3511 1866 eo—

286 1910 354 1948 τε
401 1895 614 1966 βεϐαίαν
640 1897 740 1973 ἔχῃ
766 1901 870 1955 τῶν
895 1902 1193 1970 γεγονότων
1224 1903 1320 1976 τὴν
1348 1904 1557 1970 πίστιν,
1595 1905 1689 1959 καὶ
1725 1904 1850 1967 τοὺς

284 1986 582 2052 ἀκούοντας
620 1989 679 2042 δὲ
715 1991 955 2063 ἀκριϐῶς
988 1993 1277 2048 πεπεῖσθαι
1309 1995 1550 2067 διδάσκῃ,
1583 1996 1664 2050 ὅτι
1701 1994 1848 2067 μένει

286 2080 390 2149 μὲν
426 2082 459 2150 ἠ
491 2080 600 2135 τῶν
649 2082 1029 2156 λελυπηκότων
1063 2088 1257 2150 αὐτοὺς
1285 2089 1556 2160 τιμωρία*
1604 2089 1751 2159 μένει
1792 2088 1850 2142 δὲ

282 2171 381 2225 καὶ
416 2173 600 2237 αὐτοῖς
627 2174 817 2245 βέϐαια
841 2177 910 2231 τά
933 2177 1033 2249 τῆς
1059 2178 1302 2250 δοθείσης
1325 2180 1658 2251 εὐεργεσίας.
1694 2180 1851 2252 Εἴρη-

282 2279 377 2314 ται
404 2263 463 2316 δὲ
491 2264 664 2318 ταῦτα
693 2268 825 2339 ἡμῖν
853 2269 949 2338 οὐχ
996 2269 1182 2333 ἁπλῶς
1201 2312 1216 2333 ,
1250 2270 1364 2324 ἀλλ’
1396 2272 1484 2326 ἴνα
1518 2272 1591 2342 μὴ
1631 2274 1722 2325 ἐπὶ
1750 2272 1852 2342 τῆς

284 2356 428 2408 κατά
475 2357 640 2428 μέρος
680 2360 972 2431 ἑρμηνείας
1002 2362 1231 2433 ὁρῶντές
1254 2381 1377 2418 τινα
1417 2365 1747 2435 μηνυόμενα,
1777 2363 1852 2426 ὡς

286 2446 358 2499 ἂν
387 2448 621 2518 ἐσόμενα
639 2490 656 2513 ,
684 2450 719 2503 ἃ
744 2453 962 2519 γέγονεν
985 2453 1104 2525 ήδη,
1136 2455 1500 2526 θαυμάζωμεν
1527 2457 1560 2527 ἢ
1587 2456 1854 2527 διαπορῶ-

288 2557 394 2609 μεν
421 2542 548 2611 περί
574 2542 669 2594 τοῦ
708 2544 981 2615 σχήματος
1011 2546 1103 2599 τοῦ
1132 2547 1441 2619 λεγομένου.
1492 2548 1574 2619 (p.
1607 2548 1742 2617 455)
1774 2549 1855 2601 Τὰ

290 2631 396 2702 μὲν
411 2631 477 2701 δὴ
497 2632 596 2703 τῆς
616 2633 916 2697 ὑποθέσεως
937 2636 994 2689 ἐν
1013 2636 1219 2700 τούτοις
1234 2654 1246 2667 ⁸
1274 2639 1410 2691 κατά
1433 2639 1592 2708 μέρος
1615 2639 1671 2691 δὲ
1687 2656 1853 2710 προσ-

287 2720 480 2776 εκτέον
507 2722 713 2790 λοιπὸν,
746 2724 927 2790 καθὼς
965 2726 1029 2780 ἂν
1059 2729 1092 2798 ἡ
1126 2728 1242 2781 θεία
1279 2729 1437 2799 χάρις
1463 2728 1606 2799 διδῷ.

936 2817 1092 2870 ΚΕΦ.
1132 2817 1209 2869 A’.

368 2901 516 2970 Στίχ.
547 2902 687 2957 α’-δ’.
712 2933 784 2946 —-
816 2924 834 2957 ι
874 2906 960 2960 Ἐν
985 2906 1063 2977 τῷ
1102 2908 1268 2979 ὀγδόῳ
1290 2908 1419 2979 μηνὶ
1440 2907 1590 2972 ἔτους
1610 2908 1856 2981 δευτέρου

288 2997 391 3048 ἐπὶ
419 2997 665 3067 Δαρείου,
705 2998 918 3063 ἐγένετο
964 2997 1120 3065 λόγος
1162 2999 1362 3071 Κυρίου
1405 3000 1539 3072 πρὸς
1590 3002 1858 3073 Ζαχαρίαν

290 3088 387 3139 τὸν
428 3086 523 3141 τοῦ
556 3088 856 3160 Βαραχίου,
889 3090 1001 3142 υἱὸν
1055 3089 1216 3144 Ἐδδὼ
1236 3134 1251 3157 ,
1285 3091 1377 3145 τὸν
1411 3094 1725 3164 προφήτην,
1768 3091 1856 3145 λέ-

1954 1918 2072 1956 rum
2108 1916 2289 1971 paena,
2342 1911 2396 1956 et
2438 1900 2505 1955 de
2545 1898 2795 1954 beneﬁcii
2855 1900 3125 1968 impetrati
3177 1904 3507 1956 constantia.

1950 1995 2129 2065 Atque
2178 1996 2292 2048 haac
2320 2008 2419 2064 ego
2446 2008 2553 2047 non
2596 2000 2801 2047 temere
2847 1992 3103 2061 praefatus
3143 2009 3288 2058 sum,
3324 1996 3420 2050 sed
3454 2003 3512 2050 ut

1953 2084 2080 2140 dum
2135 2085 2191 2139 in
2233 2099 2400 2140 cursu
2443 2082 2911 2153 interpretationis
2952 2084 3195 2153 quaedam
3231 2085 3368 2142 forte
3410 2101 3509 2145 ceu

1954 2178 2133 2233 futura
2174 2184 2488 2241 occurrent,
2519 2177 2766 2246 qumjam
2795 2184 3108 2244 evenerant,
3138 2192 3207 2231 ne
3230 2180 3510 2241 miremur,

1954 2286 2131 2341 neque
2160 2271 2226 2326 de
2272 2270 2372 2334 rei,
2410 2284 2530 2339 quae
2571 2268 2793 2332 dicitur,
2835 2269 3016 2322 oblata
3062 2271 3243 2339 specie
3275 2272 3515 2342 ambiga-

1954 2377 2097 2416 mus.
2142 2360 2216 2415 De
2249 2359 2544 2430 prophetiae
2575 2365 2898 2428 argumento
2932 2359 3216 2417 hactenus.
3259 2361 3516 2430 Superest

1956 2461 2016 2508 ut
2047 2468 2135 2508 res
2181 2452 2443 2521 singulas,
2498 2461 2659 2521 prout
2701 2448 2887 2503 divina
2936 2454 3110 2520 gratia
3160 2455 3514 2517 concesserit,

1954 2559 2361 2615 persequamur.

2653 2817 2759 2871 AP.
2798 2818 2836 2869 l.

2610 2819 2759 2873 CAP.
2798 2819 2836 2869 l.

2036 2911 2194 2966 Vsus.
2232 2912 2284 2967 1-
2300 2910 2346 2966 ί.
2376 2939 2444 2949 -
2471 2927 2488 2960 ι
2524 2909 2729 2965 Octavo
2762 2924 2949 2964 mense
2979 2908 3105 2962 anni
3139 2906 3388 2968 secundi,
3416 2907 3518 2960 im-

1962 3016 2185 3075 perante
2218 3003 2399 3068 Dario,
2436 3002 2612 3059 factus
2642 3014 2727 3059 est
2753 3017 2935 3057 sermo
2966 2999 3178 3054 Domini
3213 2999 3277 3052 ad
3307 2997 3521 3052 Zachac

1961 3099 2099 3151 riam
2126 3096 2422 3162 Barachiae,
2451 3095 2545 3150 ﬁlii
2572 3095 2684 3167 (57)
2710 3093 2971 3154 Eddonis.
2999 3090 3336 3161 prephetam.
3374 3110 3390 3138 ο
3426 3086 3521 3141 llis

291 3194 424 3245 γων.
466 3197 484 3229 ι
528 3179 630 3232 Τὸν
665 3180 762 3249 μὲν
799 3179 983 3251 χρόνον
1012 3182 1278 3252 ἐδήλωσεν
1312 3183 1367 3235 ἐν
1398 3181 1605 3246 τούτοις
1646 3182 1766 3235 καθ’
1800 3184 1855 3236 ὃν

1959 3190 2140 3244 verbis
2188 3199 2399 3258 tempus
2447 3186 2754 3257 signiﬁcat.
2790 3185 2950 3254 287
2979 3199 3088 3251 quo
3137 3182 3316 3235 divina
3372 3196 3522 3234 reve-

290 3269 503 3340 ἠξιώθη
535 3270 632 3340 τῆς
663 3271 1058 3341 ἀποκαλύψεως
1094 3273 1192 3343 τῆς
1232 3273 1414 3336 θείας⁸
1454 3273 1574 3327 τίνα
1620 3274 1676 3327 δὲ
1718 3274 1859 3345 ἅπερ

291 3359 587 3430 ἐκελεύσθη
621 3360 755 3431 πρὸς
782 3361 874 3415 τὸν
902 3362 1027 3416 λαὸν
1054 3364 1248 3427 εἰπεῖν,
1272 3364 1397 3434 ἑξῆς
1426 3365 1642 3433 ἐπάγει.
1675 3384 1692 3416 ι
1738 3366 1857 3435 Ὡρ-

292 3451 458 3522 γίσθη
518 3453 720 3522 Κύριος
770 3453 861 3506 ἐπὶ
908 3456 1034 3518 τοὺς
1072 3456 1313 3527 πατέρας
1356 3456 1506 3525 ὑμῶν
1546 3457 1713 3529 ὀργὴν
1761 3475 1858 3527 με-

291 3545 488 3613 γάλην.
538 3565 557 3597 ι
594 3546 808 3617 Πρέπον
844 3545 919 3616 τῷ
951 3548 1128 3621 καιρῷ
1154 3549 1215 3602 τὸ
1255 3550 1538 3621 προοίμιον
1569 3552 1862 3622 ἐποιήσατο

290 3638 320 3689 ὁ
352 3639 655 3708 προφήτης.
685 3639 875 3711 ἐπειδὴ
903 3642 1011 3711 γὰρ
1040 3641 1237 3711 νεαρὰν
1261 3642 1355 3696 καὶ
1381 3640 1598 3696 ἔναυλον
1625 3643 1734 3696 τῶν
1763 3644 1861 3713 τῆς

291 3729 667 3797 αἰχμαλωσίας
701 3732 884 3784 κακῶν
923 3727 1070 3802 εἶχον
1110 3733 1206 3804 τήν
1242 3737 1479 3804 μνήμην,
1513 3734 1635 3806 ἄρτι
1672 3751 1731 3786 τε
1762 3734 1859 3786 αύ-

291 3821 397 3890 τῆς
418 3821 824 3890 ἀπαλλαγέντες
852 3826 945 3877 καὶ
968 3827 1047 3887 εἰς
1074 3825 1142 3878 τὰ
1165 3827 1339 3878 οἰκεῖα
1362 3825 1675 3879 ἐπανελθεῖν
1702 3827 1861 3897 δυνη-

294 3911 502 3977 θέντες,
528 3913 753 3978 εἰκότως
782 3915 888 3986 πρὸ
916 3915 1116 3980 παντὸς
1140 3915 1297 3984 λόγου
1325 3917 1423 3987 τῆς
1453 3934 1516 3969 συ
1526 3918 1737 3990 μφορᾶς
1764 3918 1861 3971 αύ-

293 4007 423 4069 τοὺς
457 4006 864 4077 ὑπομιμνήσκει
894 4007 994 4077 τῆς
1025 4008 1225 4078 ἀρτίως
1254 4008 1623 4079 γεγενημένης
1644 4026 1657 4039 ·
1689 4010 1764 4073 ῶς
1797 4010 1861 4063 ἂν

292 4099 362 4167 τῇ
395 4099 586 4169 μνήμῃ
611 4097 720 4150 τῶν
747 4100 1043 4166 γεγονότων
1063 4100 1414 4169 φυλάττοιντο
1439 4103 1519 4164 είς
1541 4104 1733 4173 πεῖραν
1755 4102 1863 4156 τῶν

292 4187 475 4242 αὐτῶν
516 4188 847 4258 καταστῆναι
885 4189 1065 4242 πάλιν.
1112 4190 1257 4242 Ἷστε
1302 4190 1439 4261 γὰρ,
1476 4191 1674 4262 φησὶν,
1708 4192 1861 4263 ὀργι-

294 4279 446 4343 σθεὶς
474 4279 668 4350 ήλίκην
693 4281 804 4343 τοῖς
836 4281 1069 4350 πατράσι
1101 4282 1212 4343 τοῖς
1261 4281 1545 4353 ὑμετέροις
1587 4284 1863 4352 ἐπήγαγον

290 4372 589 4442 τιμωρίαν,
622 4371 749 4425 οἵων
772 4388 831 4424 τε
854 4373 1049 4434 αὐτοὺς
1074 4372 1161 4427 διὰ
1184 4372 1281 4443 τὴν
1310 4374 1593 4428 ἀπείθειαν
1619 4376 1676 4427 ἐν
1700 4374 1864 4445 πείρᾳ¹

1961 3281 2161 3334 latione
2212 3278 2411 3348 dignus
2468 3278 2687 3332 habitus
2732 3286 2817 3331 est
2850 3294 2864 3329 :
2901 3275 3160 3343 deinceps
3202 3288 3331 3326 vero
3371 3271 3520 3325 addit

1958 3388 2077 3441 quae
2130 3371 2196 3425 ad
2243 3370 2498 3440 populum
2544 3367 2691 3437 loqui
2727 3367 2920 3436 jussus
2963 3364 3083 3418 fuit.
3135 3382 3153 3415 ι
3184 3362 3383 3418 Grandi
3438 3362 3517 3414 ira

1960 3461 2221 3515 adversus
2267 3465 2523 3528 parentes
2572 3464 2787 3511 vestros
2834 3455 3008 3508 iratus
3056 3461 3140 3507 est
3184 3451 3463 3506 Dominus.
3496 3469 3514 3502 ο

1960 3554 2273 3622 Congruum
2309 3549 2538 3620 tempori
2579 3546 2866 3604 exordium
2900 3544 3163 3615 propheta
3192 3541 3353 3608 fecit;
3396 3556 3520 3595 nam

1959 3645 2088 3712 quia
2133 3649 2401 3697 recentem
2451 3639 2630 3694 adhuc
2676 3644 3109 3708 praesentemque
3153 3634 3420 3687 malorum
3466 3631 3520 3683 in

1960 3735 2273 3804 captivitate
2331 3733 2734 3787 exantlatorum
2803 3727 3112 3782 retinebant
3169 3723 3520 3785 memoriam;

1960 3824 2160 3893 quippe
2188 3823 2278 3892 qui
2309 3824 2399 3876 vix
2440 3836 2559 3876 eam
2607 3819 2947 3890 depulerant,
2986 3817 3186 3885 vixque
3218 3814 3359 3869 lares
3396 3828 3525 3868 suos

1963 3928 2285 3983 recuperare
2351 3917 2667 3979 potuerant;
2741 3907 2936 3962 merito
3007 3915 3294 3974 antequam
3376 3902 3522 3957 aliud

1963 4007 2132 4072 dicat,
2185 4005 2546 4060 calamitatem
2598 4001 2791 4056 iisdem
2842 4001 3083 4060 rel'ricat,
3140 4013 3299 4068 quant
3354 4010 3526 4066 nuper

1966 4100 2204 4169 perpessi
2258 4097 2510 4161 fuerant;
2555 4105 2615 4149 ut
2658 4093 2914 4148 nimirum
2969 4092 3365 4159 prmteritorum
3409 4102 3527 4142 ma-

1965 4193 2139 4247 lorum
2185 4204 2451 4245 memores
2491 4194 2741 4242 caverent
2775 4186 2961 4254 utique
2996 4201 3061 4237 ne
3095 4185 3146 4236 in
3173 4182 3356 4236 eadem
3404 4194 3526 4231 rur-

1966 4299 2062 4338 sus
2106 4282 2430 4337 inciderent.
2464 4277 2667 4341 Nostis,
2728 4278 2905 4346 inquit
2956 4275 3118 4337 Deus,
3163 4279 3393 4342 quantas
3426 4285 3527 4339 ego

1968 4376 2141 4428 iratus
2167 4371 2485 4441 parentibus
2513 4370 2708 4423 vestris
2733 4383 2924 4437 poenas
2953 4364 3325 4435 imposuerim,
3352 4375 3529 4430 quan-

295 4464 610 4533 κατέστησα
634 4464 840 4528 κακῶν,
869 4464 1082 4534 ἀφελὼν
1126 4466 1224 4535 μὲν
1256 4466 1351 4535 τῆς
1383 4466 1484 4536 γῆς
1514 4466 1610 4535 τῆς
1636 4465 1855 4529 οἰκείας,

1968 4466 2147 4533 tisque
2190 4460 2615 4519 adversitatibus
2668 4467 2888 4529 propter
2941 4458 3180 4524 ipsorum
3244 4462 3529 4507 contuma-

293 4553 604 4623 ἀπαγαγὼν
646 4555 702 4607 δὲ
748 4555 1120 4625 αἰχμαλώτους
1168 4558 1248 4619 εἰς
1289 4556 1391 4626 γῆν
1434 4556 1752 4626 ἀλλοτρίαν,
1798 4556 1865 4625 ἦν

293 4648 450 4701 οὔπω
478 4648 745 4719 πρότερον
771 4644 926 4702 εἰδον.
963 4667 982 4697 ι
1020 4649 1130 4700 Καὶ
1161 4651 1304 4720 ἐρεῖς
1329 4650 1465 4719 πρὸς
1490 4650 1705 4711 αὐτοὺς,
1728 4649 1864 4702 Τάδε

294 4739 444 4806 λέγει
478 4740 681 4808 Κύριος
714 4741 1134 4811 παντοκράτωρ⁸
1183 4740 1571 4811 Ἐπιστρέψατε
1604 4741 1740 4811 πρός
1773 4758 1861 4810 με,

298 4831 447 4897 λέγει
490 4830 696 4900 Κύριος
739 4830 849 4882 τῶν
894 4830 1173 4901 δυνάμεων
1198 4869 1212 4892 ,
1253 4831 1349 4884 καὶ
1384 4832 1864 4902 ἐπιστραφήσομαι

297 4920 436 4990 πρὸς
468 4920 633 4990 ὑμᾶς,
666 4918 813 4987 λέγει
842 4919 1039 4989 Κύριος
1064 4920 1171 4973 τῶν
1205 4921 1486 4990 δυνάμεων
1506 4937 1518 4948 ’
1546 4922 1640 4974 καὶ
1675 4921 1748 4992 μὴ
1772 4921 1859 4990 γί-

294 5011 457 5065 νεσθε
498 5012 679 5075 καθὼς
708 5014 755 5067 οί
796 5013 1027 5083 πατέρες
1059 5014 1209 5085 ὑμῶν
1250 5010 1330 5078 οἷς
1363 5013 1648 5067 ἐνεκάλουν
1681 5014 1862 5073 αὐτοῖς

294 5103 348 5157 Ol
380 5104 655 5173 προφῆται
681 5105 730 5156 οί
766 5102 1072 5175 ἔμπροσθεν
1100 5106 1381 5175 λέγοντες,
1421 5110 1510 5175 (ρ.
1545 5105 1677 5175 456)
1725 5106 1863 5157 Τάδε

294 5192 449 5261 λέγει
485 5193 685 5264 Κύριος
731 5196 1155 5268 παντοκράτωρ,
1207 5196 1609 5267 Ἀποστρέψατε
1654 5196 1717 5264 δὴ
1758 5196 1863 5250 ἀπὸ

294 5285 412 5339 τῶν
450 5284 588 5339 ὁδῶν
618 5285 772 5354 ὑμῶν
815 5286 923 5339 τῶν
954 5287 1222 5358 πονηρῶν,
1268 5289 1363 5342 καὶ
1388 5288 1495 5341 ἀπὸ
1535 5287 1641 5341 τῶν
1677 5291 1865 5357 ἐπιτη-

294 5375 585 5446 δευμάτων
613 5375 766 5446 ὑμῶν
791 5375 902 5429 τῶν
927 5377 1178 5447 πονηρῶν
1195 5394 1210 5408 ο
1236 5379 1329 5430 καὶ
1354 5380 1454 5433 οὐκ
1478 5380 1736 5450 ἥκουσαν,
1771 5381 1865 5431 καὶ

293 5469 354 5522 σύ
414 5468 714 5538 προσέσχον
762 5467 858 5520 τοῦ
910 5469 1225 5523 εἰσακοῦσαι
1278 5487 1413 5540 μου,
1461 5470 1606 5540 λέγει
1663 5470 1865 5541 Κύριος

296 5559 713 5631 παντοκράτωρ.
781 5580 799 5611 ι
860 5561 1021 5616 ’Λλλα
1064 5561 1159 5616 νῦν
1205 5563 1335 5632 γοῦν
1387 5564 1715 5625 ἀποστάντες
1767 5562 1867 5631 τῆς

338 5723 458 5791 ('57)
506 5723 596 5779 Gr.
643 5722 830 5787 ﬁlium.

1964 4558 2102 4611 ciam
2150 4570 2243 4609 eos
2291 4552 2588 4616 obruerim,
2642 4552 2813 4621 patria
2856 4547 3139 4618 spoliatos.
3188 4546 3240 4598 in
3295 4543 3527 4596 alienam

1966 4646 2240 4714 regionem
2293 4658 2457 4712 quam
2510 4656 2782 4709 nunquatu
2820 4638 3067 4692 viderant
3112 4634 3383 4689 serviliter
3430 4631 3527 4684 ab-

1968 4745 2139 4789 actos.
2189 4755 2206 4784 ι
2252 4733 2519 4802 Dicesque
2562 4732 2662 4789 eis.
2701 4729 2824 4783 Hmc
2869 4730 2944 4782 ait
2982 4728 3247 4782 Dominus
3281 4724 3529 4793 omnipo-

1968 4838 2088 4881 lens
2135 4823 2534 4879 :llevertimini
2579 4820 2645 4874 ad
2689 4836 2807 4882 me,
2876 4819 3007 4875 dicit
3046 4819 3306 4872 Dominus
3353 4817 3529 4869 virtu-

1973 4934 2118 4987 tum;
2147 4928 2201 4972 et
2233 4932 2332 4988 ego
2353 4922 2644 4969 convertar
2671 4914 2735 4966 ad
2770 4928 2888 4976 vos,
2919 4913 3051 4967 dicit
3078 4912 3334 4965 Dominus
3359 4910 3529 4962 virtu-

1972 5025 2105 5065 tum.
2177 5009 2363 5079 Neque
2408 5007 2549 5061 ﬁalis
2590 5013 2651 5059 ut
2695 5011 2876 5074 patres
2917 5005 3081 5058 vestri
3111 5045 3124 5064 ,
3171 5016 3309 5069 quos
3348 5013 3530 5068 repre-

1975 5101 2283 5157 hendebant
2309 5098 2617 5168 superiores
2653 5093 2925 5164 prOphette
2952 5093 3195 5146 dicentes
3250 5106 3262 5140 :
3302 5089 3426 5141 Hazc
3455 5089 3530 5138 ait

1978 5193 2239 5248 Dominus
2265 5191 2608 5260 omnipotens
2639 5207 2655 5245 ε
2683 5188 2936 5243 Recedite
2981 5199 3011 5237 a
3054 5183 3157 5235 viis
3192 5179 3389 5232 vestris
3422 5192 3531 5230 ma-

1972 5286 2061 5348 lis,
2088 5294 2249 5354 atque
2287 5300 2318 5337 a
2366 5282 2566 5339 studiis
2605 5280 2802 5336 vestris
2834 5276 3013 5332 malis.
3058 5271 3141 5326 Illi
3172 5279 3356 5325 tamen
3399 5271 3528 5323 mihi

1973 5393 2082 5432 non
2128 5377 2508 5439 obediverunt,
2551 5388 2726 5444 neque
2766 5369 2902 5425 meis
2940 5364 3119 5420 verbis
3169 5377 3355 5417 aurem
3390 5377 3531 5431 prae-

1974 5472 2232 5532 buerunt,
2285 5468 2363 5520 ait
2420 5466 2680 5521 Dominus
2734 5460 3102 5529 omnipotens.
3141 5476 3158 5509 i
3203 5455 3355 5509 Nunc
3401 5467 3533 5516 ergo

1979 5562 2183 5615 omissa
2234 5560 2535 5612 imitatione
2579 5555 2844 5622 majorum
2876 5556 3177 5601 vestrorum
3223 5544 3288 5598 ad
3329 5557 3413 5596 me
3452 5555 3536 5593 re-
