4054 6238
577 358 682 418 £99

1746 348 2094 407 TIIEODOI’J
2134 342 2614 403 MOI‘SUESTENI

3701 325 3812 380 500

578 482 811 547 spicite,
858 478 1101 545 meisque
1146 473 1308 529 dictis
1360 487 1422 527 ac
1472 471 1695 527 monitis
1748 478 1936 541 erecto
1980 469 2143 522 oculo

2265 466 2527 535 ιιμήσεως
2561 460 2675 515 τῶν
2706 458 2955 527 πατέρων
2995 452 3101 506 τῶν
3150 449 3384 510 οἰκείων,
3415 444 3550 517 πρός
3583 460 3648 514 με
3677 442 3809 495 ἀπο-

581 572 862 633 attenilite,
909 579 967 623 ut
1012 585 1112 639 ego
1147 582 1365 637 quoque
1394 582 1493 620 vos
1528 565 1841 634 respiciam,
1869 561 2146 631 vestrique

579 676 767 712 curam
796 659 1024 713 libenter
1049 671 1249 727 geram.
1285 653 1362 708 Ne
1390 663 1573 723 patres
1612 660 1824 707 vestros
1859 649 2143 705 imitemini

578 747 924 799 vehementer
972 751 1182 806 cavete,
1228 741 1321 811 qui
1381 756 1505 793 cum
1555 738 1648 792 diu
1714 739 2055 804 multumque
2115 750 2143 786 a

579 836 776 906 priscis
808 835 1088 904 prophetis
1136 832 1397 888 admoniti
1443 830 1676 885 fuissent
1718 837 1880 897 atque
1913 827 2143 891 exorati,

579 942 688 995 quo
737 928 942 981 scilicet
1005 940 1032 978 a
1096 941 1194 978 sua
1255 924 1521 994 pravitate
1570 919 1904 978 recederent.
1969 933 2144 986 neque

581 1018 890 1071 auscultare
930 1016 1237 1077 voluerunt,
1284 1029 1459 1083 neque
1506 1013 1669 1064 ullam
1716 1008 2143 1062 admouitionurn

582 1108 848 1160 rationem
880 1108 1093 1159 habere.

2243 532 2471 625 ϐλέψατε
2492 598 2505 619 ,
2542 554 2636 607 καὶ
2663 550 2798 621 πρὸς
2835 546 2902 599 τὰ
2939 546 3065 615 παρ’
3094 540 3226 613 ἐμοῦ
3258 537 3525 609 λεγόμενα
3563 536 3689 625 ὑμῖν
3720 532 3812 625 καὶ

2245 622 2716 717 συμϐουλευόμενα
2768 637 3059 708 τεταμένον
3106 634 3256 704 ἔχετε
3313 631 3373 683 τὸ
3405 633 3596 717 ὄμμα1
3633 624 3707 686 ὡς
3747 622 3814 717 ἄν

2247 711 2340 788 καί
2371 734 2535 795 αὐτὸς
2578 711 2780 801 έφορᾷν
2820 728 2948 796 ὑμῖν
2989 722 3085 777 καὶ
3109 722 3175 775 δι’
3209 716 3528 789 ἐπιμελείας
3572 713 3714 784 ἔχειν
3744 711 3815 761 τά

2244 827 2367 880 καθ’
2419 827 2561 897 ὑμᾶς
2618 823 2874 891 ἑλοίμην·
2923 812 3227 886 φυλάξασθε
3274 812 3331 865 δὲ
3360 811 3537 862 πᾶσαν
3587 805 3815 897 μίμησιν

2250 919 2349 988 τὴν
2395 893 2532 989 πρὸς
2578 916 2702 977 τοὺς
2746 913 2989 984 πατέρας
3012 908 3139 970 τοὺς
3172 903 3467 976 ὑμετέρους
3488 918 3502 931 ο
3542 900 3592 951 οἳ
3618 893 3815 964 πολλὴν

2251 1010 2343 1063 καὶ
2371 1007 2565 1078 συχνὴν
2609 1004 2759 1076 παρὰ
2804 1003 2911 1056 τῶν
2951 997 3240 1072 προφητῶν
3282 995 3390 1048 τῶν
3428 992 3685 1059 πρότερον
3722 1003 3817 1054 γε·

2252 1100 2492 1172 νομένων
2524 1096 2829 1169 συμϐουλὴν
2857 1093 3135 1164 δεξάμενοι
3173 1088 3267 1141 καὶ
3302 1085 3637 1155 παραίνεσιν.

581 1197 681 1264 τῆς
721 1196 913 1257 κακίας
963 1195 1256 1262 ἀποστῆναι
1318 1193 1420 1262 τῆς
1445 1191 1669 1253 οἰκείας,
1705 1193 1795 1243 καὶ
1836 1190 2088 1259 κερδᾶναι
2144 1189 2231 1259 τὴν
2264 1170 2405 1260 ὑπὲρ
2455 1189 2562 1241 τῶν
2608 1187 2789 1250 κακῶς
2834 1181 3234 1254 πεπραγμένων
3288 1177 3466 1238 αὐτοῖς
3515 1170 3814 1243 τιμωρίαν,

582 1288 704 1344 οὔτε
755 1289 1036 1358 προσέχειν
1082 1286 1202 1340 οὕτε
1252 1286 1406 1352 λόγον
1452 1287 1573 1339 τινὰ
1624 1285 1893 1337 ποιεῖσθαι
1927 1283 2032 1336 τῶν
2060 1282 2413 1336 διδασκόντων
2437 1283 2733 1336 ἐϐούλοντο.

658 1376 819 1429 Vens.
880 1378 930 1439 5,
954 1379 1116 1432 ti.—-.
1140 1376 1328 1431 Patres
1389 1375 1555 1428 vestri
1602 1375 1825 1428 ubinam
1887 1373 2048 1427 sunt?
2097 1380 2151 1427 et

584 1470 859 1537 propheta:
893 1485 1017 1521 unm
1065 1483 1278 1537 semper
1311 1467 1531 1521 vivent?
1561 1466 1653 1519 Eia
1688 1481 1839 1520 meos
1866 1479 2150 1519 sermones

586 1558 752 1629 288
780 1560 1060 1628 legemque
1108 1574 1279 1613 meam
1330 1560 1583 1628 excipite,
1630 1556 1895 1627 quidquid
1939 1569 2040 1624 ego
2071 1554 2153 1608 vi-

586 1654 785 1706 delicet
831 1652 1087 1721 praecipio
1140 1651 1192 1704 in
1228 1647 1433 1720 Spiritu
1472 1664 1591 1703 meo
1642 1649 1816 1703 servis
1862 1647 1997 1701 meis
2027 1661 2153 1715 pro-

589 1744 790 1812 phetis,
814 1743 906 1811 qui
934 1753 1116 1810 patres
1147 1752 1357 1796 vestros
1384 1738 1933 1809 comprehenderunt.
1968 1757 1985 1788 ο
2020 1734 2153 1789 Pro-

589 1835 729 1887 fecto
756 1849 973 1903 aequum
1010 1840 1093 1886 est
1124 1848 1219 1885 vos
1262 1840 1534 1900 reputare,
1577 1830 1723 1900 quod
1766 1844 1941 1898 neque
1977 1837 2157 1897 patres

588 1925 753 1979 vestri
786 1922 898 1992 jam
932 1924 1211 1992 supersint
1256 1938 1432 1990 neque
1468 1922 1742 1990 prophetae
1770 1939 1782 1973 :
1811 1936 1938 1972 nam
1979 1928 2030 1972 et
2062 1918 2159 1972 lios

589 2022 643 2068 et
703 2013 828 2067 illos
886 2012 1198 2066 communis
1248 2020 1455 2064 natura:
1519 2012 1775 2064 interi-tus
1844 2009 2156 2076 intercepit,

591 2104 888 2175 quominus
931 2104 1097 2157 vitam
1141 2102 1351 2157 diutius
1386 2106 1772 2171 prapagarcut.
1814 2097 1879 2151 Et
1926 2098 2003 2151 illi
2033 2097 2153 2164 qui-

594 2199 717 2252 dem
752 2212 782 2251 e
816 2196 953 2249 vivis
983 2202 1361 2260 excesserunt,
1396 2192 1757 2247 contumaciae
1797 2204 1908 2242 suae
1945 2201 2159 2257 poenam

528 2318 531 2319 ν
593 2289 837 2360 experti;
900 2287 1178 2356 prophetae
1216 2294 1395 2339 autem
1452 2284 1551 2339 etsi
1602 2283 1764 2350 hujus
1822 2282 1944 2333 vita:
2002 2281 2159 2331 tinem

594 2381 862 2441 fecerunt,
897 2379 1252 2432 nihilominus
1288 2376 1575 2429 verborum
1614 2388 1838 2428 suorum
1879 2370 2160 2425 veritatem

595 2470 757 2526 factis
817 2470 1349 2538 comprobaverunt;
1392 2465 1833 2536 quandoquidem
1882 2463 1965 2516 vel
2028 2459 2163 2529 ipsis

596 2561 825 2614 mortuis
863 2558 1118 2611 vaticinia
1163 2571 1322 2610 suum
1374 2556 1578 2608 exitum
1628 2567 1781 2621 atque
1821 2550 2161 2611 habuerunt;

594 2650 720 2717 quia
756 2649 870 2702 haec
914 2648 1170 2700 nimirum
1208 2660 1292 2699 me
1328 2645 1552 2712 jubente
1598 2642 1743 2696 edita
1784 2640 2015 2694 fuerant.
2069 2635 2164 2690 llis

598 2740 861 2809 exemplis
906 2739 1145 2793 monitos
1178 2752 1263 2798 ea,
1310 2751 1431 2805 qua:
1476 2734 1755 2803 prophetae
1792 2746 1913 2785 meo
1944 2730 2165 2783 nomine

597 2830 779 2891 aiunt,
815 2846 921 2882 non
957 2828 1351 2897 parvipendere
1377 2825 1555 2883 decet,
1593 2825 1701 2877 imo
1735 2822 1819 2876 his
1855 2820 2166 2874 auscultare

597 2935 718 2990 quae
754 2921 988 2990 spiritali
1014 2919 1187 2988 gratia
1223 2917 1477 2970 commoti
1529 2916 1866 2984 loquuntur:
1906 2926 2031 2965 nam
2072 2926 2165 2966 ne-

598 3028 703 3082 que
732 3012 878 3065 diota
912 3013 979 3064 ab
1017 3013 1083 3065 iis
1116 3009 1319 3063 irritari
1349 3015 1577 3077 queunt,
1606 3020 1783 3075 neque
1816 3004 1968 3057 vobis
1997 3002 2166 3056 dicto-

2328 1376 2475 1444 Στίχ.
2513 1381 2574 1435 ε’,
2611 1372 2865 1437 ς’.-‹οἰ
2897 1368 3125 1438 πατέρες
3155 1362 3307 1435 ὑμῶν
3336 1356 3439 1413 ποῦ
3467 1359 3571 1410 εἰσι
3598 1371 3611 1419 ;
3642 1353 3735 1407 καὶ
3767 1350 3817 1405 οξ

2259 1467 2531 1536 προφῆται
2572 1465 2645 1535 μὴ
2687 1465 2765 1525 εἱς
2816 1462 2904 1514 τὸν
2950 1459 3123 1513 αἰῶνα
3163 1456 3456 1527 ζήσονταις
3504 1448 3647 1518 Πλὴν
3690 1444 3820 1536 τοὺς

2258 1533 2443 1622 λόγους
2484 1533 2583 1625 μου
2631 1555 2724 1609 καὶ
2768 1552 2837 1604 τὰ
2871 1550 3077 1621 νόμιμά
3131 1565 3232 1618 μου
3284 1542 3523 1613 δέχεσθε,
3576 1540 3675 1591 ὅσα
3708 1533 3821 1603 ἐγὼ

2259 1647 2571 1717 ἐντέλλομαι
2619 1647 2675 1698 ἐν
2717 1643 2993 1713 ιινεύματί
3039 1656 3139 1711 μου
3169 1641 3281 1700 τοῖς
3321 1634 3527 1694 δούλοις
3564 1647 3664 1696 μου
3701 1630 3817 1690 τοῖς

2261 1743 2582 1811 προφήταις,
2606 1738 2657 1791 οἴ
2677 1736 2970 1791 κατέλαϐον
3002 1734 3130 1796 τοὺς
3151 1731 3389 1800 πατέρας
3418 1726 3592 1797 ὑμῶν.
3632 1743 3650 1774 ι
3686 1721 3825 1775 Kai-

2257 1847 2339 1883 τοι
2366 1848 2428 1899 γε
2467 1829 2643 1893 καλῶς
2678 1828 2743 1882 ἂν
2771 1826 2883 1897 ἔχοι
2916 1826 3141 1878 κὰκετνο
3170 1821 3315 1891 ὑμᾶς
3363 1813 3781 1884 συλλογίσασθαι
3804 1850 3821 1873 ,

2258 1924 2337 1975 ὅτι
2376 1919 2497 1975 οὗτε
2528 1924 2574 1974 οἰ
2610 1919 2841 1991 πατέρες
2870 1917 3026 1988 ὑμῶν
3062 1915 3198 1968 εἰσιν
3224 1914 3301 1965 ἔτι
3323 1953 3336 1977 ,
3372 1909 3492 1963 οὕτε
3526 1909 3573 1960 οί
3605 1905 3819 1975 προφῆ-

2258 2029 2347 2067 τάι
2367 2030 2381 2043 ο
2432 2009 2865 2081 προκατελάὸετο
2899 2007 2954 2060 δὲ
2989 2005 3274 2066 κάκείνους
3299 2003 3393 2055 καὶ
3413 1998 3633 2059 τούτους
3657 1999 3685 2047 6
3710 2011 3826 2047 κοι-

2261 2105 2349 2167 νὸς
2382 2103 2478 2172 τῆς
2510 2101 2725 2171 φύσεως
2758 2100 2985 2162 θάνατος
3004 2140 3018 2163 ,
3050 2096 3142 2149 ἐπὶ
3173 2095 3419 2148 πλεῖστον
3453 2085 3820 2157 ὲκτεταμένην

2260 2196 2404 2265 ἔχειν
2439 2194 2535 2264 τὴν
2567 2192 2772 2245 οἰκείαν
2813 2190 2958 2261 ζωὴν
3005 2189 3105 2241 οὐκ
3151 2188 3290 2241 ὲῶν’
3343 2192 3416 2255 (p.
3461 2181 3582 2249 457)
3625 2177 3743 2231 ἀλλ’
3773 2178 3822 2229 οἰ

2266 2289 2361 2359 μὲν
2405 2285 2769 2356 ἀπεληλύθατι
2813 2286 2911 2354 τὴν
2961 2284 3025 2335 ὲκ
3074 2279 3176 2350 τῆς
3213 2275 3495 2337 ἀπειθείας
3544 2272 3826 2340 δεξάμενοι

2262 2379 2525 2448 τιμωρίαν
2550 2396 2563 2408 ·
2599 2379 2647 2429 οἰ
2689 2378 2963 2447 προφῆται
2994 2374 3051 2427 δὲ
3089 2373 3183 2427 καὶ
3210 2368 3549 2437 παυσάμενοι
3580 2363 3674 2415 τοῦ
3721 2376 3827 2413 πα-

2268 2471 2447 2541 ρόντος
2480 2468 2595 2538 βίου
2627 2467 2734 2523 τῶν
2775 2467 2991 2520 οἰκείων
3033 2463 3294 2535 ῥημάτων
3328 2461 3509 2531 ἔργοις
3547 2449 3829 2515 ἐπέδειξαν

2263 2563 2363 2633 τὴν
2418 2560 2675 2633 ἀλήθειαν
2702 2577 2716 2592 ο
2775 2559 2899 2611 ἐπεὶ
2959 2557 3053 2610 καὶ
3114 2548 3575 2620 τετελευτηκότων
3616 2542 3822 2605 αὐτῶν,

2263 2658 2418 2710 οὐθὲν
2462 2654 2623 2729 ἦττον
2674 2655 2816 2723 ᾶπερ
2862 2647 3013 2703 εἷπον
3063 2649 3142 2711 εἰς
3196 2646 3368 2716 πέρας
3421 2640 3677 2710 ἐξήγετο,
3730 2636 3829 2690 ἅτε

2265 2753 2382 2807 κατ’
2430 2728 2565 2823 ἐμὴν
2605 2746 2869 2817 εἰρημένα
2918 2741 3165 2811 γνώμην.
3204 2737 3344 2808 Πρὸς
3395 2734 3458 2803 δὴ
3509 2730 3667 2823 τοῦτο
3694 2728 3831 2823 άφοῖ

2268 2819 2474 2917 ρῶντας
2505 2819 2768 2913 προσήκοι
2803 2836 2867 2889 ἂν
2905 2834 2977 2905 μὴ
3015 2832 3265 2903 πάρεργα
3293 2824 3560 2917 ποιεῖσθαι
3592 2819 3659 2917 τά
3699 2819 3831 2917 παρ’

2267 2908 2398 3003 έμοῦ
2452 2908 2698 2984 διὰῠτῶν
2756 2922 3051 2996 προφητῶν
3108 2919 3411 2988 λεγόμενα*
3460 2909 3709 2982 δέχεσθαι

2268 3024 2445 3077 πάντα
2488 3023 2694 3090 ὅσαπερ
2738 3017 2865 3085 ὑμῖν
2914 3012 3001 3066 διὰ
3039 3011 3414 3083 πνευματικῆς
3470 3008 3686 3074 λέγουσι
3732 3002 3836 3072 τῆς

602 3118 719 3154 rmn
762 3102 1044 3169 neglectus
1092 3114 1286 3153 vacare
1330 3097 1568 3167 periculo
1614 3104 1812 3165 potest.
1856 3093 1954 3148 His
1983 3093 2162 3147 verbis

2270 3116 2491 3186 χάριτος
2517 3128 2531 3142 ·
2572 3110 2694 3163 ἐπεὶ
2726 3110 2861 3179 μήτε
2892 3104 3191 3176 ψευσθῆναι
3227 3098 3338 3154 οἷόν
3366 3100 3425 3152 τέ
3455 3115 3509 3151 τι
3538 3095 3645 3148 τῶν
3679 3093 3837 3160 λεγο-

601 3201 962 3262 compunctus
985 3192 1236 3263 populus,
1264 3205 1498 3259 quorum
1520 3189 1737 3243 veritati
1762 3188 2002 3257 locuples
2026 3186 2165 3240 facta

602 3287 971 3342 testimonium
1004 3284 1230 3347 dabant,
1263 3284 1345 3338 sic
1385 3280 1689 3351 respondit,
1728 3291 1786 3334 nt
1823 3279 2164 3333 docilitatem

601 3379 908 3432 animorum
952 3391 1176 3432 suorum
1214 3374 1557 3429 manifestam
1602 3374 1826 3428 faceret.
1870 3392 1887 3423 ι
1924 3371 2169 3437 Respon-

601 3472 818 3529 derunt,
862 3470 1058 3538 inquit,
1107 3476 1270 3538 atque
1316 3468 1573 3521 dixerunt
1617 3484 1631 3520 :
1682 3463 1852 3519 Sicuti
1903 3463 2172 3533 disposuit

607 3562 865 3617 Dominus
898 3561 1243 3628 omnipotens
1287 3557 1467 3611 facere
1523 3556 1682 3611 nobis
1711 3556 2012 3610 secundum
2057 3555 2172 3607 vias

605 3662 841 3711 nostras,
865 3659 920 3703 et
944 3649 1240 3705 secundum
1270 3646 1449 3702 studia
1469 3656 1675 3711 nostra,
1698 3646 1777 3699 sic
1803 3644 1928 3698 fecit
1947 3642 2125 3697 nobis.
2150 3660 2167 3692 ι

609 3740 1282 3809 Verbumcdisposuitipro
1315 3738 1663 3807 disposuerat
1687 3736 1910 3807 ponitur
1935 3751 1948 3787 :
1973 3734 2171 3788 etenim

606 3832 749 3887 haud
794 3831 861 3885 de
893 3830 1168 3900 praesenti,
1210 3827 1301 3883 sed
1339 3829 1405 3882 de
1436 3827 1705 3896 praeterita
1753 3840 1813 3879 re
1856 3838 2035 3878 sermo
2065 3833 2171 3878 est.

604 3921 882 3986 Fatemur,
915 3922 1121 3992 inquit,
1162 3935 1283 3989 qme
1334 3917 1483 3971 Deus
1535 3916 1692 3971 nobis
1739 3921 2004 3969 eventura
2050 3928 2176 3984 por-

608 4010 881 4071 tenderat,
923 4024 1167 4079 congruo
1200 4007 1539 4062 facinoribus
1589 4006 1795 4061 nostris
1838 4006 2080 4068 decreto,
2112 4020 2176 4060 ea

609 4118 708 4157 nos
777 4117 967 4155 revera
1024 4107 1280 4168 expertos
1336 4100 1507 4153 fuisse
1553 4112 1767 4166 :quare
1828 4098 2178 4152 vehementer

608 4194 767 4250 nobis
808 4208 1128 4263 persuasum
1169 4199 1253 4245 est
1296 4191 1566 4244 dictorum
1627 4190 1935 4243 divinorum
1979 4188 2179 4243 verita-

2273 3206 2447 3276 μένων
2494 3203 2622 3273 παρ’
2676 3200 2874 3265 αὐτῶν,
2921 3198 3046 3269 μήθ’
3091 3198 3219 3267 ὑμῖν
3276 3190 3557 3246 ἀκίνδυνον
3609 3184 3835 3254 ἀμελεῖν

2271 3296 2509 3349 ἐθέλουσι
2530 3294 2636 3346 τῶν
2664 3293 2793 3363 παρ’
2818 3291 2996 3344 αὐτῶν
3017 3288 3345 3359 λεγομένων.
3387 3284 3507 3336 Ἑπί
3535 3282 3598 3351 δὴ
3623 3279 3837 3341 τούτοις

2272 3386 2496 3447 εἰκότως
2526 3384 2634 3446 τοῖς
2666 3382 2908 3453 ῥήμασιν
2934 3381 2981 3432 oi
3012 3378 3104 3432 τοῦ
3134 3375 3285 3440 λαοῦ,
3315 3376 3409 3429 ἆτε
3434 3371 3540 3425 τῶν
3574 3369 3835 3442 πραγμά-

2271 3493 2377 3529 των
2401 3476 2465 3545 τῇ
2485 3474 2591 3526 τῶν
2613 3471 2918 3540 λεγομένων
2941 3465 3166 3538 ἀληθείᾳ
3196 3464 3615 3537 μαρτυρούντων
3636 3460 3840 3529 αὐτάρ-

2272 3583 2401 3629 κως,
2436 3564 2725 3633 ἀπόκρισιν
2754 3561 3095 3631 ἐποιήσαντο,
3125 3555 3272 3625 σαφῆ
3300 3554 3399 3625 τῆς
3420 3549 3839 3621 εὐγνωμοσύνης

2274 3656 2479 3711 ἑαυτῶν
2506 3655 2865 3725 παρεχόμενοι
2893 3651 2989 3722 τὴν
3019 3647 3313 3713 ἀπόδειξιν.
3349 3664 3367 3697 ‹
3399 3645 3505 3699 Καὶ
3534 3638 3840 3711 ἀπεκρίθη-

2276 3768 2372 3804 σαν
2415 3750 2522 3819 γὰρ
2548 3788 2563 3812 ,
2611 3747 2795 3817 φησὶν,
2827 3745 2923 3797 καὶ
2954 3738 3105 3795 εἶπον
3128 3759 3141 3771 ο
3195 3738 3393 3800 Καθὼς
3430 3734 3839 3806 παρατέτακται

2275 3840 2477 3911 Κύριος
2528 3836 2923 3907 παντοκράτωρ
2968 3832 3060 3886 τοῦ
3106 3831 3326 3901 ποιῆσαι
3382 3829 3512 3898 ἡμῖν
3554 3823 3696 3878 κατὰ
3740 3822 3840 3885 τὰς

2451 3929 2483 3998 ἡ
2494 3927 2628 3998 μῶν,
2654 3926 2746 3978 καὶ
2769 3923 2910 3977 κατά
2937 3922 3005 3974 τὰ
3030 3917 3432 3990 ἐπιτηδεύματα
3458 3913 3635 3984 ἡμῶν,
3665 3910 3841 3973 οὓτως

2276 4018 2527 4089 ἐποίησεν
2555 4018 2705 4088 ἡμῖν.
2742 4033 2760 4066 ι
2788 4014 2863 4067 Τὸ
2896 4032 2914 4065 ε
2954 4010 3383 4082 παρατέτακται,
3419 4026 3436 4057 ι
3462 4002 3843 4072 Παρετέτακτο

2276 4108 2453 4176 λέγει·
2482 4107 2542 4158 ού
2573 4105 2678 4175 γάρ
2705 4104 2833 4174 περὶ
2863 4101 3145 4173 παρόντων
3176 4097 3501 4163 διαλέγεται,
3535 4092 3673 4146 ἀλλὰ
3708 4090 3842 4160 περὶ

2276 4199 2383 4252 τῶν
2432 4197 2729 4266 γεγονότων
2771 4195 2894 4265 ήδη.
2941 4189 3371 4262 Ὀμολογοῦμεν,
3406 4186 3591 4257 φησιν,
3622 4184 3706 4235 ὅτι
3728 4177 3845 4235 οἷάο

608 4298 712 4339 tem
753 4302 876 4340 esse
903 4286 1285 4339 certissimam.
1324 4282 1447 4337 Haec
1476 4283 1748 4347 elocutus,
1790 4281 2162 4337 revelationcrr

2277 4304 2383 4358 περ
2404 4288 2431 4339 6
2457 4286 2588 4348 Θεὸς
2613 4284 2931 4353 ἀπεφήνατο
2956 4278 3208 4349 γενέσθαι
3229 4277 3357 4346 περὶ
3382 4275 3548 4345 ἡμᾶς,
3582 4269 3843 4358 ἀνάλογον

608 4379 867 4446 deinceps
915 4378 1175 4446 propheta
1218 4386 1403 4428 narrat
1443 4374 1544 4429 sibi
1584 4390 1614 4427 a
1659 4372 1769 4428 Deo
1809 4374 2069 4435 oblatam,
2109 4388 2162 4425 9)

2279 4355 2365 4438 οἷς⁷
2385 4373 2722 4442 ἐπράττομεν
2759 4366 3010 4424 ἐκϐαλὼν
3053 4366 3151 4436 τὴν
3182 4364 3475 4432 ἀπόφασιν,
3521 4356 3751 4446 τοιαῦτα
3788 4355 3847 4408 δὲ

609 4487 713 4537 qua
742 4487 863 4524 cum
895 4472 1010 4538 ipse
1042 4486 1146 4523 non
1180 4469 1397 4523 dubiam
1427 4468 1658 4538 publica:
1681 4466 1956 4521 felicitatis
1981 4466 2162 4519 contir-

2281 4462 2373 4515 καὶ
2432 4458 2775 4527 πεπόνθαμεν
2838 4455 2979 4508 ὥστε
3047 4452 3250 4523 σφόδρα
3301 4450 3445 4520 ἡμᾶς
3510 4444 3839 4505 πεπεῖσθαι,

608 4563 901 4615 mationem
951 4564 1211 4631 pereepit,
1246 4569 1359 4614 tum
1408 4534 1637 4613 fidenter
1688 4557 2029 4612 auditoribus
2060 4557 2162 4609 visa

2266 4555 2360 4624 .(p.
2383 4552 2508 4616 458)
2530 4553 2611 4604 ὅτι
2627 4548 3015 4619 ἁναντίρρητος
3030 4544 3137 4597 τῶν
3158 4541 3308 4612 παρά
3321 4538 3454 4592 Θεοῦ
3475 4535 3786 4631 λεγομένων
3807 4534 3841 4601 ἡ

611 4655 897 4706 nuntiavit.
935 4653 1025 4706 Sic
1050 4666 1228 4709 autem
1260 4656 1371 4708 ait:
2000 4658 2001 4661 “

2281 4641 2504 4712 ἀλήθεια
2523 4659 2535 4672 ·
2568 4640 2661 4693 καί¹
2688 4639 2790 4691 οὐκ
2806 4635 3081 4690 ἀκίνδυνον
3112 4634 3235 4704 ἡμῖν
3253 4629 3471 4701 ἀμελεῖν
3504 4624 3849 4696 βουλομένοις

608 4748 715 4800 τῶν
736 4750 867 4819 παρ’
886 4748 1048 4801 αὑτοῦ
1068 4749 1393 4818 λεγομένων.
1424 4746 1638 4799 Τούτων
1679 4745 1850 4807 οὕτως
1890 4742 2213 4813 εἰρημένων,
2250 4734 2589 4804 ἀποκάλυψιν
2630 4732 2812 4785 λοιπὸν
2854 4733 2882 4784 6
2913 4730 3198 4800 προφήτης
3243 4725 3507 4793 διηγεῖται
3540 4720 3848 4789 δειχθεῖσαν

608 4843 754 4913 αὐτῷ
794 4813 943 4913 παρὰ
972 4844 1065 4896 τού
1111 4813 1267 4907 Θεοῦ,
1300 4843 1392 4911 ἀφ’
1421 4838 1487 4914 ἦς
1533 4842 1693 4903 αὑτός
1752 4858 1808 4892 τε
1847 4839 2048 4908 ἀκριὸἧ
2084 4836 2194 4890 τῶν
2242 4833 2369 4905 περὶ
2396 4832 2488 4884 τὸν
2515 4828 2641 4881 λαὸν
2684 4824 2904 4894 ἀγαθῶν
2944 4823 3041 4893 τὴν
3070 4821 3249 4875 πίστιν
3298 4814 3587 4887 ἐλάμϐανε,
3612 4813 3845 4866 καὶτοῖς

609 4936 863 4991 ἀκούουσι
918 4935 1259 5007 θαρρούντως
1301 4934 1681 5007 εὐηγγελίζετο
1731 4934 1798 4987 τά
1851 4927 2335 5003 φαινόμενα.Λέγει
2368 4927 2423 4979 δὲ
2451 4923 2654 4985 οὕτως·

679 5028 844 5098 289
892 5025 1058 5081 Vens.
1113 5026 1266 5083 7-l0.
1312 5056 1382 5066 —-
1434 5044 1452 5077 r
1516 5026 1611 5082 Die
1665 5026 1920 5079 vicesima
1980 5030 2174 5093 quarta

609 5121 816 5173 mensis
850 5118 1146 5178 undecimi.
1179 5117 1269 5183 qui
1303 5126 1387 5172 est
1418 5118 1589 5181 sabat,
1623 5116 1863 5171 secundo
1894 5115 2038 5169 Darii
2076 5131 2174 5168 an-

609 5229 699 5274 no,
744 5227 924 5265 sermo
961 5210 1171 5265 Domini
1208 5208 1382 5264 factus
1422 5219 1506 5265 est
1532 5210 1597 5263 ad
1652 5209 1973 5262 Zachariam
2014 5207 2175 5261 Bara-

608 5306 763 5369 ehiaa,
796 5304 890 5358 lilii
916 5305 1028 5370 (58)
1058 5303 1316 5362 Edilonis.
1336 5302 1677 5372 prophetam,
1701 5301 1908 5355 dicens.
1945 5318 1961 5351 ι
2002 5299 2173 5353 Verba

613 5414 633 5447 ς
674 5395 864 5453 Sermo
889 5393 1100 5447 Domini
1135 5393 1310 5447 factus
1341 5402 1423 5447 est
1450 5411 1467 5442 ›
1496 5407 1610 5461 pro,
1636 5392 1818 5446 divina
1849 5391 2175 5444 revelatione

606 5504 707 5555 ego
737 5488 931 5556 dignus
954 5487 1167 5542 habitus
1189 5504 1329 5544 sum.
1364 5493 1675 5556 ponuntur;
1714 5488 1857 5539 unde
1885 5482 2173 5536 revelatio-

608 5591 733 5632 nem
762 5577 1014 5629 indicans
1041 5594 1055 5628 τ
1087 5595 1104 5626 r
1142 5573 1260 5629 Vidi
1296 5591 1389 5645 per
1421 5582 1656 5636 nor-tem,
1692 5594 1708 5625 ι
1749 5574 1945 5644 inquit.
1993 5570 2175 5639 Neque

2358 5017 2507 5085 Στίχ.
2536 5015 2669 5078 ιζ’-ι’.
2701 5040 2773 5052 -——
2809 5032 2828 5063 ι
2867 5012 2944 5081 Τῇ
2974 5007 3191 5081 τετράδι
3222 5007 3315 5060 καὶ
3367 5002 3571 5065 εἰκάδι,
3596 4999 3678 5071 τῷ
3704 4998 3846 5052 ἑνδε·

2280 5111 2429 5179 κάτω
2462 5107 2626 5178 μηνὶ,
2657 5099 2813 5168 οὗτός
2846 5105 2992 5155 ἐστιν
3024 5102 3053 5154 6
3091 5099 3195 5170 μὴν
3232 5096 3424 5161 σαὸὰτ,
3452 5096 3511 5148 ὲν
3538 5094 3596 5147 δὲ
3630 5092 3711 5162 τῷ
3733 5092 3849 5144 δευο

2275 5203 2415 5273 τέρῳ
2458 5201 2568 5252 ἔτει
2597 5199 2687 5253 ἐπί
2725 5195 2951 5269 Δαρείου
2973 5233 2987 5259 ,
3027 5192 3243 5261 ἐγένετο
3284 5188 3441 5257 λόγος
3470 5185 3676 5255 Κυρίου
3712 5183 3849 5255 πρὸς

2278 5295 2549 5365 Ζαχαρίαν
2584 5293 2676 5346 τὸν
2701 5291 2795 5345 τοῦ
2826 5289 3121 5359 Βαραχίου,
3143 5287 3259 5340 υἱὸν
3299 5281 3484 5348 Ἐὃδὼ,
3520 5281 3611 5334 τὸν
3635 5281 3848 5353 ripaeq-

2278 5407 2397 5459 την,
2422 5388 2617 5455 λέγων.
2651 5403 2668 5435 ι
2697 5383 2770 5436 Τὸ
2793 5380 3074 5447 (Ἐγένετο
3092 5378 3248 5445 λόγος
3271 5374 3497 5445 Κυρίου,
3538 5390 3557 5422 ι
3583 5371 3706 5424 ἀντὶ
3734 5368 3850 5429 τοῦ,

2294 5478 2707 5548 Ἀποκαλύψεως
2746 5473 2983 5546 ὴξιῶθην
3018 5470 3196 5536 θείαςο
3234 5469 3356 5522 ὅθεν
3388 5467 3485 5537 τὴν
3507 5463 3853 5532 ἀποκάλυψιν

2286 5569 2460 5637 λέγων
2486 5567 2688 5631 λοιπὸν,
2739 5585 2756 5617 ι
2808 5561 3086 5633 Ἑώρακα,
3140 5560 3308 5631 φησι,
3339 5558 3438 5627 τὴν
3476 5554 3671 5608 νύκτα.
3710 5571 3731 5604 ι
3773 5548 3851 5604 Οὐ

679 5753 793 5828 (ὃὸ)
825 5756 1010 5813 ϐῐεεε
1044 5757 1240 5827 ﬁlium.
1283 5757 1540 5813 Scholion
1569 5757 1812 5811 Onerum
1844 5772 1871 5808 a
1913 5769 2072 5811 manu
2101 5747 2439 5820 recentiore,
2477 5755 2539 5804 ut
2578 5754 2631 5802 et
2664 5743 2969 5818 sequentia.
