3992 6232
560 326 666 380 505

1705 324 2049 383 THEODORI
2077 328 2298 386 MOPSU
2308 327 2551 386 ESTENI

3665 330 3769 388 50‘

573 442 764 498 Vetere
795 439 1145 496 Testamento
1165 448 1282 495 erat
1313 461 1326 496 :
1351 440 1510 496 Patre
1541 440 1761 511 quidem
1795 442 2120 513 generaliter

2223 444 2311 497 ἐπὶ
2355 444 2449 513 τῆς
2473 440 2715 506 Παλαιᾶς
2742 438 2809 513 ἦν
2857 442 3157 513 Διαθηκης·
3192 442 3393 514 πατρὸς
3444 444 3545 513 μὲν
3576 446 3767 506 κοινῶς

565 534 674 587 Deo
706 532 979 604 appellato
1023 532 1304 586 hominum
1335 546 1464 585 cura
1504 531 1625 601 ejus
1666 531 1997 597 fruentium;
2034 533 2120 588 bis

561 626 803 681 vicissim
835 624 961 681 ﬁliis
996 626 1303 695 appellatis,
1342 625 1433 695 qui
1463 626 1585 693 plus
1619 624 1825 694 aliquid
1862 625 2122 679 haberent

564 726 787 787 propter
828 716 921 772 Dei
962 715 1410 771 familiaritatem.
1447 714 1552 771 Sed
1599 723 1778 771 tamen
1812 715 1977 772 Deum
2015 715 2121 770 Pa-

566 819 725 872 trem,
758 816 817 860 ut
842 807 953 876 jam
983 808 1116 868 dixi,
1149 806 1240 862 Dei
1261 806 1405 869 Filii,
1435 814 1489 862 et
1523 806 1719 861 Filium
1748 806 1915 862 Deum
1945 806 2122 863 Patris

569 902 687 965 Dei,
734 900 940 954 sciebat
994 900 1273 953 hominum
1322 899 1472 954 illius
1520 898 1620 953 aevi
1668 913 1896 967 prorsus
1938 913 2119 953 nemo.

570 991 787 1048 Etenim
820 991 986 1046 Deum
1015 991 1393 1046 tantummodo
1424 998 1480 1046 et
1505 990 1837 1047 creationem
1864 1000 2124 1046 noverant

567 1090 835 1154 quotquot
869 1090 995 1137 ante
1022 1083 1224 1138 Christi
1262 1081 1474 1137 Domini
1504 1082 1795 1137 adventum
1827 1097 2008 1136 veram
2038 1097 2122 1136 re-

566 1176 821 1247 ligionem
851 1175 1027 1229 edocti
1074 1174 1290 1229 fuerant
1322 1191 1338 1228 :
1382 1172 1546 1229 Deum
1581 1173 1798 1243 quidem
1837 1174 2122 1243 sempiter—

569 1280 693 1320 nam
736 1274 1092 1334 agnoscentes
1143 1263 1502 1319 substantiam
1555 1271 1609 1318 et
1656 1278 1834 1317 rerum
1879 1264 2123 1318 omnium

568 1371 829 1422 causam;
860 1355 1017 1426 29],
1050 1356 1381 1410 creationem
1415 1362 1619 1420 autem,
1664 1364 1725 1408 ut
1758 1354 1995 1409 breviter
2035 1354 2123 1409 di-

567 1462 708 1511 cam,
736 1462 825 1503 res
866 1447 936 1501 ab
964 1448 1055 1501 illo
1084 1462 1149 1501 ex
1198 1447 1370 1500 nihilo
1403 1446 1469 1500 ad
1513 1446 1881 1501 exsistendum
1925 1446 2124 1516 produ-

567 1546 707 1593 ctas.
733 1537 899 1609 quue
928 1539 1061 1593 satis
1095 1539 1497 1593 demonstratur
1528 1538 1609 1591 vel
1647 1552 1711 1592 ex
1743 1536 1878 1606 ipsis
1907 1546 2123 1607 aposto«

567 1631 656 1695 lis,
689 1632 780 1701 qui
815 1632 869 1687 in
901 1631 1113 1684 Domini
1142 1630 1397 1693 adventu,
1436 1630 1597 1699 longo
1622 1639 1865 1699 tempore
1898 1644 2022 1683 cum
2056 1643 2124 1684 eo

566 1725 790 1788 versati,
817 1722 1095 1777 Christum
1125 1721 1343 1793 quidem
1367 1736 1490 1775 eum
1517 1720 1934 1785 conﬁtebantur,
1961 1729 2122 1791 prout

2221 536 2357 588 κατὰ
2387 534 2704 605 κηδεμονίαν
2731 534 2823 586 τοῦ
2848 533 2983 586 Θεοῦ
3014 534 3303 603 λεγομένου
3325 534 3432 586 τῶν
3449 533 3551 602 τῆς
3569 534 3775 587 ἐκεῖθεν

2220 627 2532 697 ἐπιμελείας
2544 625 2690 691 ἀξίου
2698 626 2875 695 μένων
2887 625 2982 678 ἀνθ
2989 624 3203 695 ρώπων,
3211 622 3342 677 υίῶν
3353 625 3409 677 δὲ
3425 625 3531 678 τῶν
3545 626 3776 695 ἑχόντων

2218 738 2270 772 τι
2292 718 2451 772 πλέον
2472 716 2609 771 κατὰ
2622 716 2891 770 οίκείωσιν
2916 715 3068 769 Θεοῦ·
3097 716 3317 786 Πατέρα
3334 716 3390 768 δὲ
3417 716 3569 779 Θεὸν,
3585 716 3777 786 ὥσπερ

2219 806 2311 861 οὖν
2333 808 2466 879 ἔφην
2486 808 2606 879 ἤδη,
2633 808 2761 861 Υίοῦ
2778 807 2934 866 Θεοῦ.
2961 809 3056 860 καὶ
3077 808 3204 860 Υίδν
3223 808 3353 860 Θεὸν
3381 808 3516 860 Θεοῦ
3539 808 3770 879 Πατρὸς,

2218 903 2482 972 ἠπίστατο
2532 901 2641 978 τῷν
2667 900 2789 952 τότε
2834 899 3087 963 καθάπαξ
3117 900 3293 962 οὐδείς
3314 916 3329 929 ο
3375 900 3506 952 Θεὸν
3540 900 3649 970 γὰρ
3682 902 3778 954 καὶ

2221 993 2397 1046 κτίσιν
2432 992 2590 1062 μόνον
2621 991 2814 1062 ᾔδεσαν
2846 993 2893 1044 οί
2933 993 3037 1061 πρὸ
3072 992 3174 1061 τῆς
3215 991 3309 1045 τοῦ
3341 993 3614 1045 Δεστυότου
3638 994 3777 1063 Xpt-

2224 1084 2345 1137 στοῦ
2377 1083 2676 1155 παρουσίας
2690 1082 3068 1153 παιδευόμενοι
3086 1084 3184 1153 τὴν
3200 1082 3498 1138 εὐσέϐειανο
3521 1084 3653 1138 Θεὸν
3680 1083 3780 1154 μὶν

2222 1176 2317 1229 τὸν
2341 1175 2511 1229 ἀΐδιον
2542 1175 2899 1246 γνωρίζοντες
2928 1174 3116 1228 οὐσίαν
3169 1175 3263 1229 καὶ
3308 1175 3522 1230 πάντων
3554 1176 3737 1229 αἰτίαν
3761 1193 3777 1208 ο

2223 1269 2398 1319 κτίσιν
2428 1265 2484 1318 δὲ
2523 1265 2698 1319 πάντα
2746 1263 3024 1335 συντόμως
3062 1266 3236 1320 εἰπεῖν
3262 1265 3333 1320 τὰ
3364 1266 3457 1320 ὑπ’
3505 1267 3673 1320 αὑτοῦ
3715 1270 3783 1321 ὲκ

2220 1358 2314 1411 τοῦ
2352 1358 2425 1428 μὴ
2457 1357 2606 1421 ὄντος
2632 1358 2712 1421 είς
2738 1356 2799 1410 τὸ
2829 1355 2968 1410 εἶναι
3000 1357 3425 1428 παρεληλυθότα.
3446 1359 3554 1412 Καὶ
3586 1358 3781 1412 τούτου

2222 1465 2285 1517 γε
2315 1446 2584 1513 ἀπόδειξις
2613 1447 2892 1519 αὐτάρκης
2914 1447 2980 1500 ὲκ
3006 1447 3116 1500 τῶν
3148 1447 3431 1519 μακαρίων
3462 1447 3780 1501 ἀποστόλων

2220 1537 2431 1605 γένοιτο
2457 1535 2545 1598 ἂν.
2579 1536 2629 1589 οἳ
2662 1536 2753 1588 ἐπὶ
2793 1536 2892 1605 τῆς
2923 1532 3020 1589 τοῦ
3053 1536 3322 1589 Δεσπότου
3355 1536 3659 1608 παρουσίας
3689 1537 3784 1589 ἐπὶ

2225 1623 2421 1693 μακρῷ
2455 1622 2533 1693 τῷ
2563 1622 2740 1693 χρόνῳ
2782 1623 3169 1692 συγγεγονότες
3212 1624 3381 1695 αὐτῷ,
3413 1625 3649 1696 Χριστὸν
3683 1625 3784 1694 μὲν

2221 1715 2383 1768 αὐτὸν
2402 1715 2731 1785 ὡμολόγουν,
2752 1714 3048 1782 ἐγνωκότες
3072 1714 3160 1769 διὰ
3185 1716 3384 1786 πολλῆς
3403 1717 3781 1782 διδασκαλίας’

566 1827 632 1867 ex
662 1812 831 1866 multo
870 1811 1184 1881 magisterio
1229 1809 1561 1877 didicerant;
1605 1808 1800 1865 Filium
1832 1821 2032 1878 tamen,
2062 1825 2121 1866 ea

2229 1805 2360 1858 Υίὸν
2405 1806 2497 1871 δὲ,
2528 1805 2650 1859 καθ’
2680 1804 2738 1858 ὃν
2765 1804 2900 1877 ἔφην
2928 1805 3104 1874 λόγον,
3138 1805 3275 1859 Θεοῦ
3302 1808 3402 1860 οὐκ
3443 1808 3782 1876 ἠπίσταντο·

567 1918 677 1973 qua
715 1902 830 1956 dixi
870 1903 1102 1960 ratione.
1149 1899 1243 1954 Dei
1273 1914 1395 1955 esse
1441 1901 1755 1956 nesciebant
1785 1920 1799 1956 :
1828 1901 1938 1956 nisi
1979 1901 2123 1972 quod

570 1994 913 2066 peculiariter
934 1994 1025 2049 Dei
1054 1991 1246 2046 Filium
1272 1992 1521 2047 dicebant
1547 1992 2124 2063 Christum,antiquio-

567 2100 687 2140 rum
729 2099 879 2140 more
941 2091 1254 2139 sanctorum
1303 2091 1464 2152 atque
1499 2083 1791 2153 iustorum.
1830 2082 1968 2139 Hinc
1996 2082 2127 2138 Phi-

568 2172 750 2242 lippus
799 2170 1029 2225 Domino
1069 2171 1245 2225 aiebat
1293 2190 1303 2225 :
1359 2189 1377 2220 ι
1431 2169 1665 2226 Ostende
1705 2173 1861 2229 nobis
1912 2172 2121 2228 Patrem

570 2271 745 2327 tuum,
773 2272 828 2318 et
858 2261 1054 2317 sullicit
1093 2262 1251 2317 nobis
1273 2263 1355 2329 “;
1399 2283 1417 2314 ι
1461 2263 1607 2333 quod
1636 2278 1915 2333 nunquam
1954 2264 2124 2319 dixis-

570 2363 671 2416 set,
703 2354 747 2410 si
777 2354 997 2424 quinam
1020 2363 1163 2409 esset
1187 2354 1376 2416 Filius,
1408 2356 1628 2424 quinam
1651 2357 1776 2410 item
1809 2356 1987 2421 Pater,
2018 2359 2125 2413 sci-

571 2445 765 2498 visset.
803 2445 1019 2513 Alioqui
1053 2446 1210 2514 plane
1237 2457 1463 2498 noverat
1488 2446 1816 2501 invisibilem
1841 2462 1965 2501 esse
1989 2448 2126 2501 divi-

567 2551 692 2590 nam
720 2546 989 2590 naturam.
1036 2535 1190 2591 Unde
1215 2544 1269 2589 et
1308 2536 1569 2591 Dominus
1594 2537 1669 2591 illi
1700 2538 1871 2593 dixit:
1902 2558 1920 2589 ι
1952 2537 2124 2594 Tanto

567 2638 807 2698 tempore
840 2629 1116 2684 vobiscum
1148 2644 1290 2691 sum,
1325 2636 1377 2682 et
1404 2644 1511 2682 non
1541 2630 1841 2700 cognovisti
1868 2645 1972 2695 me,
1998 2629 2125 2685 Phi-

567 2721 708 2789 lippe
731 2721 778 2751 “
804 2737 818 2773 :
850 2739 867 2771 ι
893 2718 1204 2782 ostendens,
1227 2719 1371 2787 quod
1408 2736 1473 2775 ne
1503 2720 1679 2789 ipsum
1711 2720 1927 2788 quidem
1957 2735 2119 2790 agno-

566 2820 759 2866 sceret.
801 2826 963 2880 quem
997 2811 1138 2865 scire
1173 2811 1429 2879 putabat:
1473 2811 1699 2881 ideoque
1734 2812 1943 2865 Patrem
1985 2826 2123 2880 quo-

565 2916 673 2969 que
718 2902 899 2956 videre
946 2902 1212 2970 postulat,
1268 2902 1658 2968 impossibilem
1713 2917 1824 2957 rem
1875 2903 2121 2972 cupiens.

569 2993 763 3048 Subdit
789 3007 918 3061 ergo
942 2993 1204 3046 Dominus
1230 3012 1243 3045 :
1285 3013 1302 3043 ι
1333 2993 1435 3059 Qui
1461 2993 1605 3048 videt
1633 3010 1738 3059 me,
1772 2995 1917 3049 videt
1945 3003 1997 3049 et
2020 2995 2123 3049 Pa-

567 3092 703 3137 trem
745 3098 924 3136 meum
948 3084 1036 3136 δεῖ
1080 3103 1098 3135 ι
1133 3086 1428 3140 ostendens
1468 3102 1545 3151 se,
1584 3087 1649 3139 ad
1680 3086 1932 3141 deitatem
1978 3089 2120 3156 quod

2224 1896 2361 1966 πλὴν
2386 1897 2507 1950 ὅσον
2533 1895 2675 1951 κατὰ
2715 1896 2986 1951 οίκείωσιν
3016 1896 3199 1965 ελεγον
3230 1896 3365 1951 Θεοῦ
3394 1898 3507 1950 υίον
3537 1897 3629 1950 τὸν
3648 1899 3784 1971 Χριο

2224 1988 2347 2041 στὸν
2396 1987 2536 2042 κατὰ
2568 1988 2629 2040 τὸ
2670 1986 2779 2042 τῶν
2806 1986 3038 2059 πρόσθεν
3088 1986 3207 2050 ἔθος
3249 1988 3417 2056 ἁγίων
3456 2006 3515 2042 τε
3560 1989 3657 2043 καὶ
3704 1989 3782 2042 δι-

2222 2077 2391 2131 καίων
2443 2077 2577 2146 (61).
2654 2075 2931 2130 Ἐντεῦθεν
2964 2077 2992 2128 ὁ
3022 2075 3285 2139 Φίλιππος
3328 2076 3473 2146 λέγει
3510 2076 3645 2147 πρὸς
3694 2078 3786 2131 τὸν

2222 2168 2421 2239 Κύριον
2444 2166 2684 2233 ἰΔείξον
2719 2169 2853 2239 ἡμῖν
2892 2168 2983 2222 τὸν
3031 2168 3250 2241 Πατέρα
3292 2185 3407 2233 σου,
3462 2171 3554 2223 καὶ
3620 2170 3789 2236 ἀρκεῖ

2220 2262 2349 2331 ἡμῖν
2369 2252 2523 2309 ἰοὐκ
2542 2260 2606 2316 ἄν
2637 2277 2699 2328 γε
2726 2260 2885 2313 τοῦτο
2911 2259 3079 2314 εἰπὼν
3124 2262 3174 2314 εί
3204 2261 3497 2332 ἠπίστατο,
3526 2261 3609 2324 τίς
3635 2262 3788 2332 μὲνό

2224 2351 2368 2414 Υἱὸς,
2397 2351 2480 2414 τίς
2505 2350 2564 2403 δὲ
2589 2353 2617 2404 ό
2644 2351 2831 2421 Πατήρ
2856 2369 2868 2382 ⁸
2906 2351 3171 2422 ἠπίστατο
3213 2352 3321 2425 γὰρ
3360 2352 3594 2416 πάντως,
3620 2352 3703 2416 ὡς
3733 2352 3788 2405 δὲ

2221 2442 2445 2496 ἀθέατον
2487 2444 2520 2512 ἡ
2562 2442 2681 2496 θεία
2724 2444 2913 2512 φύσις⁹
2944 2445 3020 2513 (p.
3051 2445 3178 2511 441)
3226 2445 3346 2499 ὅθεν
3380 2446 3474 2499 καὶ
3519 2447 3549 2499 ὁ
3578 2446 3789 2517 Κύριος

2224 2533 2371 2602 λέγει
2401 2532 2535 2603 πρὸς
2561 2531 2747 2587 αὐτόν·
2778 2553 2795 2585 ι
2826 2534 3090 2589 Τοσοῦτον
3115 2537 3301 2607 χρόνον
3326 2536 3439 2608 μεθ’
3472 2537 3623 2608 ὑμῶν
3646 2539 3789 2607 εἰμι,

2223 2628 2316 2679 καὶ
2339 2626 2440 2679 οὐκ
2470 2624 2715 2694 ἔγνωκάς
2744 2643 2809 2696 με
2831 2666 2847 2690 ,
2879 2627 3140 2693 Φίλιππες
3166 2627 3399 2690 »δεικνὺς
3423 2630 3504 2683 ὃτι
3528 2630 3653 2683 οὐδὲ
3688 2632 3788 2683 αὑ-

2222 2718 2311 2770 τὸν
2342 2715 2624 2783 ἠπίστατο,
2659 2715 2719 2769 ὃν
2743 2717 2937 2772 εἰδέναι
2966 2716 3121 2789 ᾤετο.
3151 2720 3263 2772 Καὶ
3288 2720 3477 2774 τούτου
3509 2738 3571 2790 γε
3599 2723 3796 2777 ἕνεκεν

2223 2807 2438 2861 καὶτὸν
2480 2807 2698 2878 Πατέρα
2732 2808 2859 2861 ἰδεῖν
2910 2810 3090 2873 αἰτεῖ,
3139 2813 3461 2882 πράγματος
3504 2814 3792 2883 ἐφιέμενος

2223 2898 2481 2951 ἀδυνάτου
2514 2912 2529 2928 ο
2560 2898 2756 2967 ἐπάγει
2782 2900 2912 2967 γοῦν
2932 2917 2946 2931 ο
2980 2919 2998 2953 ι
3048 2903 3105 2955 '0
3141 2903 3398 2973 ἑωρακὼς
3425 2906 3543 2973 ἐμὲ.
3576 2906 3791 2975 ἑώρακε

2222 2989 2313 3041 τὸν
2355 2989 2599 3060 Πατέραο
2651 3009 2669 3042 ι
2705 2990 2914 3056 δεικνὺς
2948 2993 3028 3045 ὅτι
3065 2994 3203 3046 κατᾶ
3229 2995 3326 3064 τὴν
3355 2995 3582 3065 θεότητα
3623 2996 3791 3050 τοῦτό

2225 3081 2370 3132 ἐστιν
2403 3081 2538 3151 ὅπερ
2580 3083 2608 3134 ὁ
2654 3082 2875 3152 Πατὴρ,
2926 3083 3150 3148 ἀθέατος
3190 3086 3387 3151 ὁμοίως
3436 3086 3667 3157 ἐκείνῳ,
3702 3090 3796 3141 καὶ

565 3175 777 3237 attinet,
806 3174 1053 3229 eumdem
1084 3189 1205 3229 esse
1234 3192 1296 3228 ac
1340 3174 1574 3241 Patrem,
1625 3174 1947 3233 invisibilem
1977 3179 2121 3249 pari-

2232 3171 2353 3241 δψις
2382 3172 2519 3243 αὑτὴ
2550 3174 2756 3226 ἐκείνου
2787 3177 2818 3244 ἦ
2844 3175 2934 3227 καὶ
2960 3174 3171 3229 τούτου.
3208 3178 3316 3229 Καὶ
3342 3176 3572 3248 ἑτέρωθι
3602 3178 3665 3231 δὲ
3698 3196 3794 3233 σα-

566 3270 652 3316 ter
685 3280 698 3315 :
739 3262 1101 3331 eumdemque
1130 3278 1252 3317 esse
1278 3265 1558 3333 uttiusque
1581 3276 1953 3333 conspectum.
1983 3268 2121 3323 Alibi

567 3365 694 3405 vero
722 3350 1063 3405 manifestius
1088 3351 1225 3405 dixit
1258 3353 1365 3406 illis
1392 3352 1653 3407 Dominus
1680 3373 1693 3407 :
1723 3373 1740 3404 ι
1776 3353 1897 3409 [hec
1925 3357 1977 3409 in
2002 3371 2125 3425 pro-

567 3444 769 3499 verbiis
794 3444 1006 3498 locutus
1037 3460 1155 3498 sum
1182 3444 1365 3511 vobis;
1396 3443 1488 3499 sed
1522 3445 1660 3499 venit
1697 3445 1827 3500 hora
1860 3461 1982 3500 cum
2012 3448 2122 3515 jam

566 3551 674 3591 non
693 3538 744 3591 in
763 3536 1069 3607 proverbiis
1092 3536 1282 3606 loquar
1297 3536 1471 3597 vobis,
1489 3536 1584 3592 sed
1600 3545 1784 3606 aperte
1807 3539 2019 3593 Patrem
2038 3556 2128 3594 vo-

518 3632 521 3635 ’
565 3627 650 3682 bis
670 3626 999 3681 annuntiabo
1019 3627 1062 3658 ⁸⁷
1084 3646 1096 3680 :
1121 3646 1140 3679 ι
1162 3627 1473 3698 signiﬁcans
1488 3627 1630 3697 quod
1655 3637 1909 3697 tanquam
1928 3630 1981 3683 in
1995 3631 2125 3684 aeni-

515 3780 518 3783 ,
565 3727 739 3787 gmate
751 3718 928 3775 Patris
938 3719 1256 3775 vocabulum
1277 3719 1583 3793 audierant,
1600 3719 1667 3775 de
1683 3728 1873 3774 natura
1888 3720 2123 3775 humana

566 3810 864 3864 secundum
908 3810 1151 3865 eamdem
1186 3811 1505 3865 relationem
1553 3810 1606 3864 id
1644 3810 2040 3881 intelligentes;
2070 3820 2125 3865 at

571 3908 756 3967 postea
787 3914 973 3953 verum
1017 3898 1109 3953 Dei
1143 3898 1340 3953 Filium
1370 3899 1530 3970 292
1565 3901 1848 3970 agnituros
1870 3900 2035 3955 Deum
2060 3917 2125 3956 ex

574 3989 705 4055 Deo,
740 3989 1172 4046 substantialiter
1200 4007 1265 4045 ex
1300 3992 1419 4060 ipso
1450 3992 1824 4057 exsistentem,
1857 3993 2126 4046 eamdem-

2232 3262 2493 3336 φέστερον
2532 3264 2670 3333 πρὸς
2708 3265 2902 3327 αὐτοὺς
2937 3268 2964 3318 ὁ
2999 3266 3201 3338 Κύριος
3239 3267 3421 3335 λέγει’
3462 3285 3481 3318 ι
3516 3268 3711 3323 Ταῦτα
3739 3272 3795 3323 ἐν

2234 3355 2550 3425 παροιμίαις
2572 3354 2836 3425 λελάληκα
2860 3357 3005 3427 ὑμῖν.
3029 3358 3142 3410 ἀλλ’
3168 3358 3384 3429 ἔρχεται
3415 3358 3532 3431 ὥρα
3560 3362 3651 3414 ὅτε
3674 3363 3800 3416 οὐκ·

2233 3444 2313 3495 έτι
2365 3446 2419 3495 ὲν
2465 3446 2782 3515 παροιμίαις
2832 3446 3047 3517 λαλήσω
3096 3448 3263 3518 ὑμῖν,
3322 3450 3457 3503 ἀλλὰ
3510 3453 3800 3524 παρρησίᾳ

2233 3536 2360 3606 περὶ
2379 3536 2469 3589 τοῦ
2495 3537 2703 3608 Πατρὸς
2735 3539 3032 3607 ἀπαγγελῶ
3050 3540 3178 3610 ὑμῖν
3196 3558 3211 3572 ο
3238 3560 3259 3594 ι
3289 3540 3501 3605 δεικνὺς
3525 3543 3606 3596 ὅτι
3636 3545 3717 3607 t'o;
3744 3547 3800 3597 ἐν

2232 3628 2511 3698 αἰνίγματι
2557 3628 2655 3700 τὴν
2700 3629 2793 3682 τοῦ
2837 3631 3049 3702 Πατρός
3088 3633 3282 3702 ἤκουον
3329 3634 3529 3705 φωνὴν,
3572 3638 3673 3690 ἐπὶ
3703 3638 3802 3707 τῆς

2232 3720 2574 3791 ἀνθρωπείας
2602 3719 2816 3788 φύσεως
2848 3723 2990 3776 κατὰ
3016 3725 3198 3793 σχέσιν
3224 3725 3393 3796 αὐτὴν
3425 3726 3803 3797 ἐκλαμϐάνον-

2232 3830 2340 3876 τες.
2375 3812 2674 3881 γνώσονται
2706 3814 2762 3867 δὲ
2788 3814 3000 3886 ἀληθῶς
3030 3818 3156 3870 Υίὸν
3176 3818 3251 3871 ὅτ’
3283 3819 3350 3873 ἂν
3378 3821 3545 3888 γνῶσι
3576 3821 3715 3874 Θεὸν
3739 3826 3802 3874 ἐκ

2231 3905 2366 3958 Θεοῦ
2395 3906 2514 3960 κατ’
2543 3906 2730 3959 οὐσίαν
2764 3906 2893 3959 ὄντα
2926 3908 2983 3973 ἐξ
3015 3908 3179 3962 αὑτοῦ
3200 3948 3214 3971 ,
3243 3910 3337 3962 καὶ
3360 3910 3517 3963 τοῦτο
3540 3912 3672 3965 ὄντα
3704 3912 3803 3982 τὴν

2234 3997 2420 4050 οὐσίαν
2444 3996 2580 4068 ὅπερ
2606 3999 2828 4062 ἐκεῖνος.
2868 3999 2930 4051 Ei
2953 3999 3010 4052 δὲ
3036 4001 3086 4052 οί
3118 4000 3394 4071 προφῆται
3416 4004 3508 4056 καὶ
3538 4005 3589 4056 οί
3624 4006 3802 4077 πρόσ-

635 4152 681 4183 “
718 4149 875 4207 Joan.
928 4167 1036 4218 XIV,
1076 4151 1130 4207 8.
1205 4152 1249 4182 ⁸⁸
1281 4151 1415 4206 Ibid.
1448 4154 1499 4207 9.
1576 4155 1621 4186 δ’
1662 4155 1796 4209 Ibid.
1872 4154 1914 4186 "
1950 4153 2103 4208 Joan.
2147 4170 2253 4218 XVI,
2290 4154 2380 4209 25.

565 4309 686 4368 nem
728 4292 875 4368 _i_nt_er
913 4308 1006 4348 eos
1051 4301 1301 4349 auctores
1338 4296 1428 4363 qui
1473 4288 1542 4368 _ex
1594 4296 1713 4352 Vet.
1758 4297 2108 4354 Testamento
2211 4300 2281 4353 sit
2337 4306 2870 4368 per_sacramentum
2922 4300 3327 4368 regenerationis
3393 4300 3448 4352 in
3496 4300 3644 4365 ﬁlius
3711 4302 3809 4354 Dei

567 4362 686 4437 i-‘ilii
711 4362 1045 4437 divinitatem
1071 4362 1440 4437 aSIruserunt.
1465 4365 1583 4419 Jam
1609 4383 1850 4437 praesens
1873 4370 2107 4423 invectio

567 4433 797 4505 fortasse
834 4433 897 4505 fit
920 4433 1184 4505 adversus
1232 4433 1653 4505 Hieronymum,
1686 4439 1779 4505 qui
1824 4438 2106 4492 Christum

2213 4366 2404 4422 nasci?
2427 4366 2486 4422 Si
2519 4367 2804 4422 secundum
2844 4366 2987 4421 hanc
3027 4371 3461 4435 nuncupationem
3494 4369 3678 4423 Filius
3711 4371 3809 4424 Dei

2219 4440 2466 4494 Christus
2513 4448 2611 4501 est,
2657 4440 2920 4507 interrogo
2963 4439 3087 4507 quid
3135 4439 3268 4493 illud
3313 4442 3402 4499 sit,
3445 4442 3581 4506 quod
3641 4442 3810 4496 Petro

568 4502 848 4578 UOIIIiptlﬂl
886 4502 987 4578 hoc
1024 4504 1144 4555 loco
1175 4502 1449 4578 agnoscit;
1493 4505 1554 4557 Et
1587 4502 1803 4578 quidem
1838 4523 2116 4577 oppugna-
2149 4510 2193 4564 D
2227 4528 2244 4559 ι
2282 4525 2383 4562 non
2418 4524 2541 4561 caro
2570 4524 2728 4578 neque
2759 4502 3265 4578 sanguis'revelnuit,
3303 4510 3390 4564 sed
3428 4502 3585 4562 Pater
3612 4516 3713 4578 qui
3753 4514 3807 4566 in

565 4578 676 4646 tum
716 4570 882 4625 fuisse
905 4572 1012 4646 alio
1042 4570 1254 4646 opere}
1288 4570 1665 4644 Mopsuesteno
1701 4570 2111 4646 llieronvmiim.

565 4641 905 4693 demonstrat
929 4642 1172 4696 Cavaeus.
1200 4641 1518 4712 Quanquam
1550 4647 1594 4701 si
1626 4647 1862 4699 fortasse
1896 4641 2116 4701 nonnisi

564 4715 1057 4787 Graecosauctores
1084 4712 1294 4782 legebat
1314 4716 1409 4787 hic
1439 4725 1645 4787 uoster,
1674 4717 1870 4787 respici
1903 4718 1972 4772 ab
2000 4719 2119 4787 ipso

567 4789 697 4848 puto
724 4780 804 4834 vel
854 4778 1199 4857 llippqutuin
1247 4785 1327 4837 vel
1358 4778 1645 4857 Origenem
1680 4778 1779 4841 vel'
1800 4778 2117 4857 Didymu'm,

566 4865 706 4926 quos
738 4849 978 4918 appellat
1012 4849 1481 4926 Hieronymusin'
1505 4855 1659 4926 praef.
1717 4856 1785 4909 ad
1821 4849 1984 4912 ΖαὲΙι.
2017 4857 2120 4911 De-

568 4922 733 4997 i_iique
776 4935 882 4997 utin
914 4931 997 4973 est
1035 4921 1527 4997 dissimulandum,
1569 4928 1669 4980 abs
1696 4926 2027 4997 Hieronymo
2052 4927 2119 4980 ad

565 4988 701 5066 Dan.
725 4989 892 5066 x,_21.
916 5005 1014 5066 sit,
1119 4994 1554 5066 nonAChristum,
1581 4998 1675 5066 sed
1699 4988 1948 5065 angelum
1980 5000 2118 5066 apud

571 5057 890 5137 zachariatn
914 5057 1174 5131 intelligi,
1206 5064 1347 5137 sicut
1376 5069 1537 5137 etiam
1571 5084 1597 5118 a
1635 5057 1996 5133 Tlletidoreto,
2017 5057 2117 5137 'qui

564 5129 947 5197 Mopsuesteno
975 5129 1166 5185 nostro
1192 5134 1330 5187 solet
1365 5136 1732 5190 subscribere.

634 5199 744 5269 (tit)
772 5199 1131 5272 Mopsuesteni
1184 5202 1551 5272 interpretatio
1581 5219 1709 5264 haec
1749 5221 1854 5259 non
1895 5215 1977 5260 est
2028 5207 2121 5259 ad-

563 5268 823 5323 mittenda
845 5271 897 5322 in
929 5271 1269 5328 confessione
1298 5268 1440 5327 certe
1468 5273 1610 5329 Petri
1637 5295 1648 5329 :
1691 5276 1767 5328 Tu
1805 5294 1856 5330 es
1885 5275 2124 5330 Christus

571 5336 744 5390 Filius
774 5339 868 5392 Dei
897 5342 1015 5405 vivi,
1065 5357 1171 5397 etc.
1224 5342 1430 5397 Etenim
1464 5343 1522 5397 S.
1571 5344 1809 5401 Hilarius
1854 5346 1933 5399 De
1974 5346 2121 5401 Trin.

566 5422 642 5484 vl,
680 5407 950 5484 36_3__i_Von
995 5423 1094 5484 est,
1148 5413 1355 5481 inquit,
1404 5415 1701 5482 evangelica
1744 5428 1791 5470 et
1837 5417 2124 5484 apastotica

560 5478 710 5554 ﬁdes,
749 5476 946 5554 Filium
986 5481 1083 5554 Dei
1123 5476 1329 5554 nomine
1366 5476 1553 5551 potius
1571 5501 1727 5554 quam
1770 5476 1960 5540 natura
2011 5503 2125 5540 cre-

557 5547 787 5625 didis_s_e._
825 5548 883 5602 Si
916 5552 1070 5625 enim
1118 5547 1395 5622 adoptione
1437 5554 1547 5607 haec
1582 5547 1911 5625 nuncupatio
1949 5567 2045 5617 est.
2075 5567 2126 5609 et

559 5632 660 5696 non
684 5619 877 5696 idcirco
905 5617 1077 5696 Filius
1103 5632 1200 5696 est,
1218 5617 1343 5693 quia
1370 5625 1555 5696 exierit
1576 5641 1608 5679 a
1629 5617 1969 5696 Deoiqurzro
1992 5629 2127 5681 unde

560 5684 958 5763 beatusﬁimon
995 5684 1242 5763 Barjona'
1277 5706 1352 5747 est
1406 5694 1715 5763 confessus:
1754 5684 1833 5750 Tit
1879 5713 1933 5750 es
1968 5696 2125 5751 Clui-

560 5764 670 5808 stus
705 5758 877 5813 Filius
929 5759 1024 5813 Dei
1065 5764 1201 5817 civi?
1247 5764 1392 5818 Anne
1449 5758 1565 5819 cum
1614 5769 1851 5821 omnibus
1893 5778 2122 5835 potestas

2221 4580 2366 4632 caelis
2401 4581 2517 4634 est?
2554 4596 2572 4629 ι
2606 4576 2877 4632 Generatis
2920 4579 3174 4646 professio
3218 4579 3342 4649 quid
3388 4579 3539 4632 habet
3580 4576 3811 4637 meriti?

2221 4660 2310 4719 aut
2334 4665 2449 4719 qua:
2474 4649 2805 4719 reuelationis
2828 4658 2902 4702 est
2924 4649 3094 4717 gloria
3116 4651 3168 4703 in
3198 4650 3408 4719 publica
3435 4653 3768 4705 conscientia
3787 4656 3814 4706 .9

2219 4718 2282 4773 Si
2312 4717 2374 4772 ea:
2404 4718 2680 4786 adoptione
2710 4717 2885 4786 Filius
2916 4729 3013 4777 est,
3051 4717 3205 4772 unde
3227 4720 3336 4772 Iure
3368 4722 3421 4773 in
3456 4719 3612 4773 Petro
3646 4722 3810 4775 beata

2220 4789 2478 4858 confessio
2502 4785 2735 4859 est,__ltoc
2762 4785 2903 4841 Filio
2940 4788 3195 4857 deferenti
3242 4790 3379 4859 quod
3412 4800 3485 4842 est
3523 4806 3813 4847 commune

2220 4855 2565 4913 sanctorum?
2603 4855 2756 4911 Ultra
2786 4855 3070 4912 humanam
3106 4855 3278 4912 autern
3306 4860 3721 4928 intelligentiam
3757 4881 3813 4917 se

2222 4929 2349 4997 ﬁdes
2387 4927 2675 4997 apostolica
2727 4928 3024 4997 protendit.-
3061 4930 3242 4998 Pergit
3288 4929 3393 4982 alia
3446 4927 3649 4985 ibidem
3694 4948 3812 4985 cu-

2223 4998 2718 5069 Innlarellilarius,
2747 5014 2866 5064 quae
2894 5000 3124 5054 breviter
3150 5002 3235 5054 hic
3268 5001 3482 5052 recitari
3526 5015 3637 5053 non
3679 5018 3812 5069 pos-

2222 5080 2369 5140 sunt.
2416 5068 2692 5140 Consonat
2760 5078 2944 5140 autem
3000 5070 3420 5140 llilatio_altera
3479 5068 3810 5140 dogtna’tum

2223 5139 2371 5208 basis
2420 5137 2478 5194 S.
2532 5139 2863 5193 Athanasius
2911 5138 2988 5192 De
3029 5151 3160 5193 sent.
3208 5138 3473 5208 Dionysii,
3520 5137 3576 5193 ni
3633 5142 3697 5202 8,
3759 5151 3815 5195 et

2225 5206 2421 5263 Contra
2447 5208 2676 5262 Arianos
2712 5218 2852 5264 orat.
2888 5209 2951 5271 ll,
2994 5225 3048 5264 η.
3092 5210 3175 5264 i8.
3209 5210 3297 5269 62,
3329 5206 3381 5261 et
3411 5210 3558 5263 alibi.
3594 5209 3698 5265 Sic
3725 5212 3819 5267 de-

2225 5281 2386 5347 nique
2421 5276 2560 5332 Petri
2602 5280 2765 5332 verba
2789 5280 2856 5334 de
2892 5280 3124 5333 naturali
3159 5278 3296 5333 Filio
3342 5279 3432 5334 Dei
3463 5278 3695 5334 Christo
3728 5283 3816 5335 di-

2224 5357 2309 5402 cta
2352 5349 2735 5402 intellexerunt
2772 5358 3069 5404 summates
3098 5350 3184 5403 alii
3222 5350 3407 5404 Patres
3450 5351 3814 5417 Ambrosius,

2225 5419 2581 5488 Augustinus,
2611 5417 2882 5488 Cyrillus,
2912 5419 3356 5488 Chrysostomus.
3392 5435 3532 5487 quos
3574 5417 3821 5477 Tirinus

2226 5496 2491 5542 memorat
2519 5488 2588 5541 ad
2614 5488 2810 5542 Matth.
2842 5504 2953 5550 va,
3000 5489 3084 5543 16.
3130 5490 3237 5544 Nos
3281 5490 3444 5557 igitur
3487 5496 3823 5545 necessario

2226 5559 2368 5611 hanc
2414 5558 2661 5612 criticam
2727 5560 3131 5614 adnotationem
3196 5559 3500 5613 faciendam
3539 5559 3825 5627 judicavi~

2228 5645 2382 5699 mus._
2418 5629 2719 5696 praesertim
2748 5629 2873 5697 quia
2914 5628 3137 5684 Graecus
3184 5630 3527 5692 scholiastes,
3556 5631 3658 5699 qui
3709 5635 3825 5685 alia

2229 5698 2295 5823 it:i
2336 5696 2718 5821 Milipsuesteno
2759 5696 2985 5767 notavit,
3027 5700 3161 5754 nihil
3211 5700 3313 5754 hoc
3353 5700 3407 5753 in
3465 5696 3587 5753 loco
3627 5702 3825 5756 anim-

2230 5784 2259 5821 ξι
2302 5783 2392 5823 Ver
2420 5778 2479 5822 ιι.

2230 5777 2479 5823 δόνει-ιιι.
