3992 6232
278 306 383 362 505

1207 306 1758 366 COMMENTARIUS
1787 308 1853 363 IN
1892 304 2264 363 ZACHARLE
2303 306 2461 363 CAP.
2501 305 2542 362 ι.

3408 312 3514 368 506

276 423 372 476 θεν
414 422 481 495 δὴ
519 423 722 488 πάντες
757 424 1049 494 ἠπίσταντο
1093 426 1312 497 Πατέρα
1339 428 1433 480 καὶ
1468 427 1613 492 Υἱὸν,
1656 428 1751 482 καὶ
1773 427 1842 499 δὴ

1975 442 2054 496 pte
2081 425 2260 482 Patris
2293 427 2656 483 substantiam
2689 425 2998 481 habentem.
3026 424 3183 492 Quod
3215 427 3261 480 si
3290 433 3517 497 prophc.

277 515 436 569 τοῦτο
478 516 541 567 ὲκ
581 514 693 567 τῶν
729 514 889 569 θείων
929 515 1266 570 ἐδιδάσκοντο
1300 518 1550 589 Γραφῶν,
1602 517 1707 588 πρὸ
1736 518 1843 571 τῶν

277 607 455 661 ἄλλων
492 606 691 677 ᾔδεσαν
729 608 796 661 ἂν
826 608 877 660 οἱ
914 608 1198 662 ἀπόστολοι
1236 609 1393 663 τοῦτο
1416 627 1431 641 ·
1465 609 1579 662 ἀλλ’
1622 609 1844 679 εὔδηλον

276 694 357 757 ὡς
386 695 485 747 οὑκ
532 695 754 765 ᾔδεσαν,
802 696 1003 767 ἔμαθον
1028 698 1085 750 δὲ
1114 700 1352 769 ὁπηνίκα
1391 699 1482 753 τοῦ
1532 700 1845 769 Πνεύματος

278 786 474 840 ἔλαϐον
504 788 605 857 τὴν
649 789 810 859 χάριν
846 792 1176 861 φοιτήσασαν
1209 793 1295 845 ἐπ’
1339 793 1531 856 αὐτοὺς
1582 792 1719 861 μετὰ
1750 790 1846 861 τὴν

276 878 361 939 είς
382 876 643 947 οὐρανοὺς
664 877 850 932 ἄνοδον
874 879 966 932 τοῦ
994 882 1262 934 Δεσπὸτου
1286 882 1540 952 Χριστοῦ.
1570 880 1728 934 Ὅθεν
1755 881 1849 934 καλ⁵

276 972 305 1021 ὁ
331 970 535 1041 Κύριός
558 989 689 1042 φησι
711 973 848 1043 πρὸς
876 975 1090 1038 αὑτοὺς,
1122 994 1139 1026 ι
1176 975 1296 1027 Ἔτι
1325 974 1495 1027 πολλὰ
1517 973 1622 1043 ἔχω
1648 973 1845 1042 λέγειν,

278 1059 394 1113 ἀλλ’
424 1060 488 1113 οὑ
507 1061 733 1115 δύνασθε
760 1062 1047 1132 βαστάζειν
1074 1064 1216 1135 άρτι·
1250 1066 1326 1118 ὅτ’
1353 1065 1417 1118 ἂν
1443 1064 1499 1116 δὲ
1520 1063 1645 1134 ἔλθῃ
1675 1065 1849 1115 ἐκεῖνο

277 1150 341 1203 τὸ
373 1151 602 1221 Πνεῦμα
624 1153 725 1223 τῆς
750 1154 1052 1226 άληθείας,(
1163 1156 1290 1223 442)
1318 1155 1571 1226 ὁδηγήσει
1603 1156 1744 1224 ὑμᾶς
1771 1155 1849 1218 είς

286 1245 473 1298 πᾶσαν
501 1244 601 1315 τὴν
628 1246 902 1317 ἀλήθειαν.
938 1266 956 1299 ι
992 1249 1055 1301 Εἰ
1079 1248 1136 1301 δὲ
1162 1248 1259 1318 τὴν
1298 1249 1528 1319 θεότητα
1552 1247 1646 1301 τοῦ
1675 1250 1848 1301 Μονο-

280 1335 475 1403 γενοῦς
518 1337 817 1406 ἠπίσταντο
839 1378 856 1402 ,
886 1339 977 1392 καὶ
1012 1339 1076 1409 δὴ
1112 1339 1206 1392 καὶ
1246 1339 1463 1410 Πατέρα
1489 1339 1582 1392 τὸν
1609 1339 1684 1402 ὡς
1719 1337 1850 1392 Θεὸν

282 1426 418 1480 Θεοῦ
446 1427 688 1499 Πατέρα,
730 1430 783 1482 τί
810 1431 877 1497 δὴ
914 1430 1117 1484 τούτων
1145 1429 1328 1500 μεῖζον
1367 1426 1454 1501 ἦν,
1489 1430 1519 1483 δ
1560 1429 1851 1500 μανθάνειν

283 1519 516 1589 ἧμελλον
536 1520 792 1593 ῦστερονς
822 1520 933 1593 Τὴν
952 1522 1129 1576 τοίνυν
1145 1521 1373 1592 θεότητα
1402 1521 1495 1576 τοῦ
1521 1520 1852 1590 Μονογενοῦς

283 1612 406 1666 οὔτε
429 1613 699 1683 ἠπίστατό
720 1632 805 1677 τις
822 1614 931 1667 τῶν
956 1614 1062 1683 πρὸ
1084 1614 1182 1685 τῆς
1209 1612 1301 1665 τοῦ
1326 1614 1592 1667 Δεσπότου
1616 1612 1852 1684 Χριστοῦ

287 1706 607 1777 παρουσίας,
638 1704 764 1760 οὗτε
796 1723 878 1770 τις
902 1706 1009 1759 τῶν
1036 1705 1328 1777 προφητῶν
1357 1704 1485 1762 περὶ
1510 1704 1714 1776 ταύτης
1735 1704 1854 1759 δια-

288 1794 503 1862 λέγεται
535 1796 670 1865 (62).

377 1886 521 1937 Ἐπεὶ
564 1887 785 1939 κάκεῖνο
821 1888 999 1957 πάσης
1042 1886 1227 1950 ἀνοίας
1270 1887 1385 1940 ἐστὶ
1421 1887 1636 1958 μεστὸν,
1669 1886 1861 1959 ἀληθέ-

291 1992 479 2037 στερον
517 1975 577 2027 δὲ
615 1978 811 2038 εἰπεῖν,
849 1977 1288 2047 φρενοϐλαϐείας,
1337 1977 1398 2032 τὸ
1451 1977 1626 2047 λέγειν
1662 1980 1742 2032 ὅτι
1784 1977 1861 2031 ὅτ’

287 2066 353 2120 ἄν
377 2065 614 2133 ἀγγέλου
653 2083 712 2119 τε
741 2066 1013 2137 μέμνηται
1052 2068 1145 2120 καὶ
1188 2066 1405 2139 Κυρίου,
1436 2066 1577 2121 κατὰ
1608 2066 1796 2121 τοῦτον
1828 2067 1863 2139 ή

286 2156 499 2209 Παλαιὰ
536 2156 628 2209 τὸν
671 2156 797 2209 Υἱὸν
826 2156 916 2209 τοῦ
953 2157 1086 2210 Θεοῦ
1119 2158 1266 2226 λέγει
1286 2175 1299 2188 ·
1330 2158 1421 2222 οὓς
1450 2158 1616 2230 ἐχρῆν
1646 2160 1865 2228 αἰσχυν-

286 2247 449 2318 θῆναι
480 2247 635 2315 γοῦν,
665 2247 758 2300 τοῦ
804 2249 1070 2319 μακαρίου
1118 2248 1326 2302 Παύλου
1369 2250 1467 2321 τὴν
1504 2250 1686 2320 φωνὴν
1726 2249 1864 2302 διαι·

288 2339 512 2410 ροῦντος
557 2341 624 2392 ἐκ
662 2339 770 2393 τῶν
810 2339 1053 2408 ἀγγέλων
1093 2340 1185 2395 τὸν
1228 2341 1375 2407 Υίόν,
1420 2341 1515 2403 καὶ
1562 2340 1867 2404 δεικνύντος

286 2432 362 2493 ὠς
398 2430 596 2484 τούτου
640 2449 700 2484 τε
750 2432 999 2486 κάκείνου
1028 2433 1088 2485 τὸ
1125 2433 1287 2504 μέσον
1323 2434 1440 2487 ἐστὶ
1475 2434 1568 2486 καὶ
1596 2434 1865 2499 τοσοῦτον,

286 2523 409 2575 ὅσον
440 2540 509 2591 γε
540 2524 805 2595 ὑπερέτου
849 2525 941 2578 καὶ
983 2526 1272 2579 Δεσπότου.
1308 2525 1468 2594 Λέγει
1509 2524 1638 2594 γοῦν
1668 2524 1865 2588 οὕτως·

296 2633 315 2665 ι
356 2615 467 2667 Καὶ¹
502 2614 638 2686 πρὸς
678 2617 777 2685 μὲν
814 2618 937 2681 τοὺς
964 2618 1222 2686 ἀγγέλους
1254 2617 1420 2686 λέγει,
1458 2619 1516 2671 '0
1545 2618 1713 2672 ποιῶν
1745 2619 1871 2682 τοὺς

289 2704 559 2771 ἀγγέλους
605 2705 767 2759 αὑτοῦ
827 2708 1111 2778 πνεύματα
1133 2750 1148 2774 ,
1207 2709 1302 2763 καὶ
1352 2710 1476 2774 τοὺς
1531 2710 1873 2783 λειτουργοὺς

290 2796 459 2849 αὑτοῦ
511 2797 683 2868 πυρὸς
720 2797 919 2867 φλόγα·
962 2818 979 2850 ι
1007 2800 1142 2870 πρὸς
1184 2800 1241 2854 δὲ
1281 2801 1374 2855 τὸν
1402 2801 1551 2867 Υίὸν,
1588 2822 1607 2854 ι
1650 2803 1709 2857 ὐ
1752 2803 1876 2875 θρό-

291 2905 384 2951 νος
432 2906 552 2953 σου,
607 2891 637 2943 δ
694 2890 857 2956 Θεὸς,
902 2892 981 2955 εἰς
1022 2892 1112 2946 τὸν
1156 2893 1326 2947 αίῶνα
1367 2893 1462 2949 τοῦ
1501 2894 1725 2960 αἰῶνος·
1775 2896 1873 2968 ρά-

295 2980 421 3044 6δος
459 2981 752 3053 εὐθύτητος
798 2985 833 3055 ὴ
877 2983 1067 3056 ῥάϐδος
1106 2986 1206 3056 τῆς
1247 2985 1520 3056 βασιλείας
1558 3004 1671 3054 σου,
1715 3006 1737 3041 ›
1769 2988 1875 3041 δει-

294 3077 428 3139 κνὺς
464 3076 665 3130 ὁπόσον
711 3077 828 3132 ἐστὶ
876 3077 936 3132 τὸ
975 3078 1249 3151 διάφορον,
1292 3080 1422 3134 Υίοῦ
1468 3098 1529 3133 τε
1572 3082 1664 3135 καὶ
1705 3082 1874 3151 ἀγγέ-

296 3171 432 3224 λων·
486 3171 582 3224 καὶ
637 3172 720 3225 ὅτι
769 3173 902 3244 μηδὲ
955 3174 1227 3228 συνελθεῖν
1279 3169 1390 3228 οἷόν
1444 3192 1505 3228 τε
1552 3175 1649 3239 τάς
1695 3176 1875 3245 φωνὰς

296 3264 559 3335 ἀλλήλαις
597 3264 821 3328 ταύτας,
862 3265 971 3320 τῶν
1019 3268 1115 3338 μὲν
1169 3268 1422 3339 ἀοράτων
1468 3268 1746 3339 δυνάμεων
1784 3271 1878 3323 καὶ

297 3355 437 3424 πρὸς
495 3354 836 3425 λειτουργίαν
895 3356 1303 3429 ἐκτεταγμένων
1358 3359 1582 3423 εἰκότως
1634 3359 1878 3428 ἀγγέλων

298 3448 395 3499 καὶ
440 3447 791 3518 λειτουργῶν,
838 3448 925 3503 διὰ
962 3451 1061 3522 τὴν
1094 3451 1393 3523 ὑπουργίαν
1421 3452 1768 3523 καλουμένων
1802 3455 1881 3515 είς

298 3542 365 3609 ἣν
409 3541 709 3610 ἐτύγχανον
747 3542 1175 3614 προϐεϐλημένοι
1198 3561 1212 3575 ·
1260 3545 1353 3599 τοῦ
1396 3546 1527 3601 Υἱοῦ
1578 3546 1635 3599 δὲ
1679 3546 1883 3609 ταύτας

305 3633 403 3700 μὲν
448 3633 508 3685 οὑ
554 3634 911 3704 προσιεμένου
959 3637 1055 3699 τὰς
1109 3636 1312 3706 φωνὰς,
1360 3638 1527 3709 μόνην
1574 3639 1630 3692 δὲ
1679 3639 1883 3710 ταύτην

301 3720 707 3791 ἀναδεξαμένου
750 3722 849 3793 τὴν
890 3724 1069 3794 φωνὴν
1113 3726 1353 3791 δικαίως,
1381 3728 1500 3799 τὴν,
1542 3746 1563 3779 ι
1613 3728 1670 3781 ’0
1697 3727 1883 3799 θρόνος

306 3828 423 3875 σου,
454 3814 483 3864 ὁ
507 3812 663 3876 Θεὸς,
692 3815 771 3876 είς
804 3814 896 3867 τὸν
934 3815 1105 3869 αἰῶνα
1133 3817 1227 3869 τοῦ
1264 3817 1482 3882 αἰῶνος,
1518 3819 1592 3888 (p.
1624 3818 1751 3888 445)
1790 3820 1884 3889 ῥά·

306 3903 430 3966 ϐδος
460 3904 755 3975 εὐθύτητος
780 3908 815 3977 ἡ
854 3906 1044 3977 ῥάϐδος
1073 3911 1170 3979 τῆς
1211 3908 1483 3978 βασιλείας
1521 3927 1636 3973 σου,
1684 3930 1703 3962 ι
1748 3913 1885 3982 ὅπερ

306 3992 428 4044 ἐστὶ
466 3992 716 4061 λέγοντος
749 3995 919 4048 ἀΐδιον
957 3996 1178 4065 βασιλέα
1212 3998 1415 4071 Κύριον
1454 3999 1563 4053 τῶν
1608 4001 1882 4067 ἁπάντων,

307 4084 367 4136 ὲν
404 4085 665 4157 εύθύτητι
705 4088 853 4158 πάσῃ
892 4089 953 4140 τὸ
991 4090 1097 4142 πᾶν
1140 4090 1460 4144 διοικοῦντα·
1501 4091 1618 4154 πῶς
1656 4088 1747 4146 οὖν
1787 4093 1888 4146 οὑκ

306 4174 540 4242 ἀνόητον
592 4178 687 4229 καὶ
739 4178 964 4246 μανικὸν
1012 4179 1277 4249 τοσαύτης
1323 4181 1427 4233 ὑπὸ
1471 4181 1561 4234 τοῦ
1618 4181 1886 4253 μακαρίου

308 4268 525 4321 Παύλου
555 4268 656 4338 τῆς
698 4269 957 4341 διαφορᾶς
1002 4272 1132 4341 ἡμῖν
1173 4270 1646 4345 ὑποδεδειγμένης,
1684 4273 1888 4344 τολμᾷν

311 4360 571 4429 συνάγειν
608 4361 679 4414 τά
714 4360 1019 4433 ἀσύμϐατα,
1055 4364 1149 4416 καὶ
1181 4362 1358 4432 λέγειν
1395 4365 1488 4417 καὶ
1525 4365 1759 4433 ἄγγελον
1796 4367 1889 4419 καὶ

1949 528 2018 574 ta:
2040 528 2093 574 et
2114 520 2205 574 illi'
2222 530 2430 574 veteres
2451 520 2635 574 cuncti
2659 520 2940 574 novissent
2964 517 3178 573 Patrem
3211 534 3270 572 ac
3296 519 3515 579 Filium,

1951 612 2114 680 idque
2152 626 2180 663 a
2224 612 2427 666 divinis
2467 609 2769 682 Scripturis
2809 611 2987 665 edocti
3040 610 3296 675 fuissent,
3333 612 3519 680 utique

1951 704 2179 771 apostoli
2226 719 2333 772 pra:
2381 704 2594 757 caeteris
2633 703 2946 758 scivissent.
3005 701 3114 758 Sed
3163 712 3381 757 constat
3424 718 3522 756 eos

1953 793 2254 863 ignorasse,
2285 802 2339 848 et
2367 801 2479 848 tum
2522 794 2741 847 demum
2790 794 3074 858 didicisse,
3110 810 3233 848 cum
3282 792 3522 865 Spiritus

1952 885 2130 939 sancti
2174 886 2403 953 gratiam
2454 893 2779 953 receperunt
2812 884 2865 938 in
2915 901 3012 940 eos
3052 885 3349 941 immissam
3400 893 3523 954 post

1952 975 2152 1030 Christi
2189 975 2400 1028 Domini
2432 975 2484 1027 in
2516 976 2685 1031 caelos
2716 975 2972 1029 reditum.
3002 974 3156 1029 Unde
3174 982 3227 1029 et
3262 975 3522 1029 Dominus

1953 1068 2129 1122 aiebat
2148 1067 2255 1123 illis
2272 1064 2344 1117 “'z
2381 1085 2397 1117 ι
2426 1068 2614 1121 Adhuc
2640 1068 2806 1122 multa
2832 1068 3007 1122 habeo
3029 1067 3182 1122 vobis
3198 1067 3400 1129 dicere,
3425 1067 3522 1122 sed

1956 1176 2063 1213 non
2096 1159 2327 1228 potestis
2356 1167 2572 1228 portare
2599 1158 2797 1225 modo;
2828 1173 2951 1212 cum
2983 1167 3161 1211 autem
3202 1160 3408 1211 vent-rit
3434 1156 3522 1211 ille

1957 1249 2190 1319 Spiritus
2208 1250 2473 1310 veritatis,
2491 1250 2721 1305 deducet
2739 1266 2834 1305 vos
2851 1250 2905 1304 in
2926 1264 3143 1304 omnem
3167 1250 3466 1302 veritatem.
3496 1266 3515 1299 ι

1955 1338 2108 1403 Quod
2141 1340 2185 1395 si
2215 1341 2467 1395 deitatem
2499 1340 2769 1411 Unigeniti
2806 1342 3124 1404 scivisseut,
3158 1340 3391 1409 itemque
3418 1337 3522 1392 Pa-

1957 1438 2093 1484 trem
2127 1445 2225 1485 ceu
2255 1429 2420 1484 Deum
2463 1430 2557 1486 Dei
2589 1432 2825 1495 Patrem,
2861 1432 2989 1501 quid
3023 1431 3199 1500 majus
3243 1434 3525 1498 supererat

1958 1523 2103 1592 quod
2143 1530 2328 1592 postea
2376 1523 2692 1578 discerent?
2740 1526 2911 1594 Igitur
2953 1522 3233 1593 Uuigeniti
3266 1521 3524 1577 deitatem

1958 1629 2058 1669 nec
2082 1615 2372 1685 quisquam
2405 1614 2555 1668 novit
2584 1623 2709 1668 ante
2738 1613 2944 1668 Christi
2974 1613 3183 1666 Domini
3211 1612 3523 1674 adventum,

1960 1722 2138 1777 neque
2161 1706 2359 1777 aliquis
2388 1707 2777 1777 prophetarum
2814 1706 2882 1761 de
2912 1707 3014 1759 hac
3043 1705 3306 1775 loquitur.

2030 1891 2261 1961 insuper
2286 1896 2340 1944 et
2362 1886 2493 1942 illud
2516 1894 2659 1958 puta:
2682 1887 3004 1957 insipientia:
3031 1886 3246 1956 plenum
3270 1897 3372 1951 est,
3396 1886 3526 1950 imo,

1962 1980 2459 2042 utveriusdicatur,
2478 1979 2723 2043 insaniae,
2740 1978 2990 2032 videlicet
3003 1978 3047 2031 si
3062 1978 3188 2045 quis
3204 1976 3368 2041 dicat,
3386 1976 3529 2046 quod

1966 2077 2057 2132 ubi
2086 2075 2262 2146 angeli
2292 2073 2498 2129 mentio
2519 2073 2578 2126 lit
2600 2087 2663 2126 ac
2684 2070 2919 2135 Domini,
2949 2070 3020 2123 ibi
3047 2070 3213 2125 Vetus
3248 2068 3531 2140 Scriptura

1964 2168 2160 2224 Filium
2195 2166 2287 2222 Dei
2322 2165 2563 2221 denotet.
2600 2164 2761 2234 Atqui
2796 2161 3080 2232 oportebat
3111 2162 3348 2217 revereri
3388 2161 3532 2215 beati

1966 2259 2118 2313 Pauli
2136 2272 2322 2313 vocem
2344 2255 2728 2325 distinguentis
2751 2252 2820 2306 ab
2848 2251 3054 2322 angelis
3076 2249 3294 2315 Filium,
3318 2259 3372 2305 et
3394 2250 3536 2303 inter

1968 2352 2116 2406 hunc
2143 2356 2306 2418 atque
2329 2348 2453 2401 illos
2468 2346 2816 2402 intervallum
2840 2352 3048 2398 tantum
3071 2342 3343 2411 pauentis,
3362 2355 3536 2410 quan-

1969 2452 2082 2498 tum
2103 2449 2187 2497 est
2210 2442 2352 2496 inter
2383 2438 2644 2494 famulum
2686 2435 3102 2504 Dominumque.
3134 2433 3227 2487 Sic
3252 2448 3384 2503 ergo
3415 2432 3490 2485 ait
3518 2448 3532 2482 :

1975 2553 1993 2585 ι
2024 2532 2089 2587 Et
2118 2533 2182 2587 ad
2206 2531 2428 2601 angelos
2449 2528 2665 2600 quidem
2694 2527 2828 2582 dicit
2855 2522 2985 2591 :Qui
3009 2526 3137 2580 l'acit
3156 2526 3381 2592 angelos
3406 2540 3537 2579 suos

1972 2625 2216 2694 spiritus,
2236 2631 2289 2677 et
2307 2621 2586 2677 ministros
2615 2634 2747 2675 suos
2772 2619 2914 2688 ignis
2931 2616 3224 2671 ﬂammam.
3242 2615 3322 2671 Ad
3342 2614 3534 2669 Filium

1972 2727 2151 2772 autem
2181 2734 2194 2769 :
2230 2713 2488 2770 Thronus
2535 2723 2684 2776 tuus,
2720 2711 2883 2778 Deus,
2920 2711 2974 2764 in
3005 2709 3262 2765 szeculum
3311 2708 3535 2763 saeculi:

1973 2810 2126 2881 virga
2158 2808 2456 2879 aequitatis,
2498 2807 2649 2876 virga
2679 2806 2834 2875 regni
2887 2803 2966 2857 tui
2993 2803 3069 2869 ";
3100 2821 3117 2853 ι
3158 2801 3540 2856 demonstrans

1973 2911 2178 2975 quanta
2212 2902 2284 2958 sit
2320 2900 2627 2956 dili‘erentia
2660 2898 2785 2953 Filii
2837 2897 2905 2951 ab
2933 2895 3163 2963 angelis,
3199 2903 3254 2948 et
3298 2891 3441 2963 quod
3474 2907 3543 2946 ne

1975 2991 2282 3063 comparari
2334 2989 2552 3059 quidem
2613 2988 2726 3042 haec
2778 2983 3038 3040 vocabula
3092 2981 3254 3052 293
3298 2982 3438 3036 inter
3484 2997 3545 3037 se

1977 3084 2226 3155 possint:
2276 3079 2647 3137 invisibilibus
2679 3076 2900 3147 quidem
2934 3074 3317 3145 potestatibus,
3352 3080 3406 3128 et
3444 3072 3546 3127 mi-

1978 3175 2263 3232 nistrando
2307 3174 2562 3238 addictis,
2608 3171 2805 3227 merito
2857 3169 3172 3240 angelorum
3224 3166 3446 3221 nomine
3493 3174 3550 3219 et

1980 3268 2354 3324 ministrorum
2396 3272 2618 3334 propter
2668 3259 3035 3316 ministerium
3084 3258 3410 3329 appellatis,
3459 3256 3549 3311 cui

1981 3366 2110 3415 sunt
2137 3358 2343 3424 creati;
2379 3354 2518 3410 Filio
2547 3362 2729 3409 autem
2772 3349 3091 3422 hujusmodi
3132 3350 3402 3405 dictiones
3436 3363 3546 3403 non

1982 3451 2237 3521 patiente,
2263 3460 2429 3501 unam
2443 3445 2730 3515 verojuste
2743 3443 3055 3506 admitente,
3070 3440 3123 3497 id
3135 3450 3246 3499 est:
3267 3460 3285 3490 ι
3296 3442 3548 3495 ΤΙι.·οιιιιε

1982 3551 2132 3598 tuus.
2164 3541 2328 3604 Deus,
2361 3540 2415 3594 in
2448 3539 2667 3603 smeula,
2716 3538 2865 3605 virga
2900 3534 3175 3605 aequitatis
3221 3534 3373 3603 virga
3402 3531 3553 3601 regni

1985 3634 2288 3703 tui;iquod
2326 3632 2549 3702 perinde
2591 3638 2676 3685 est
2719 3644 2782 3683 ac
2823 3628 3006 3682 dicere
3037 3627 3426 3695 sempiternum
3468 3639 3555 3677 rc-

1983 3738 2100 3792 gem
2137 3720 2533 3788 Dominumque
2577 3718 2844 3779 omnium,
2891 3715 3041 3770 omni
3077 3714 3331 3783 aequitate
3360 3721 3558 3766 cuncta

1985 3820 2282 3881 regentem.
2327 3810 2528 3876 Quidni
2578 3809 2743 3880 igitur
2791 3807 3056 3877 insipiens
3086 3806 3157 3861 sit
3191 3816 3354 3874 atque
3391 3803 3560 3857 furio-

1987 3919 2130 3966 sum,
2159 3911 2307 3957 tanta
2341 3901 2500 3957 nobis
2520 3917 2550 3954 a
2583 3901 2744 3955 beato
2766 3899 2937 3954 Paulo
2961 3897 3269 3952 dili‘erentia
3289 3903 3562 3951 monstra—

1986 4002 2063 4064 ta,
2090 3993 2350 4065 copulare
2378 3991 2581 4047 audere
2617 4005 2739 4061 quae
2766 3987 3021 4058 componi
3054 3994 3351 4056 nequeunt,
3388 4000 3450 4039 ac
3475 3983 3562 4038 di-

1988 4102 2115 4143 cere
2158 4085 2276 4141 ﬁeri
2307 4099 2467 4154 posse
2493 4091 2553 4138 ut
2591 4082 2819 4152 angelus
2848 4096 2912 4137 ac
2943 4079 3208 4135 Dominus
3240 4079 3449 4134 dicatur
3472 4075 3563 4129 Fi-

1990 4179 2139 4234 lius?
2167 4177 2336 4233 Plane
2378 4176 2544 4246 igitur
2570 4177 2911 4245 exploratum
2939 4181 3044 4239 est,
3076 4171 3222 4242 quod
3253 4170 3344 4224 ubi
3375 4169 3564 4238 hujus-

1996 4270 2142 4327 modi
2178 4267 2386 4340 aliquid
2417 4269 2475 4322 in
2505 4267 2689 4321 divina
2718 4266 3005 4335 Scriptura
3035 4263 3232 4327 fertur,
3261 4262 3334 4316 ibi
3372 4260 3440 4315 de
3468 4275 3567 4315 an-

1994 4367 2113 4437 gelo
2150 4367 2327 4435 agitur
2380 4365 2687 4423 ministerio
2733 4376 2946 4426 eorum,
3004 4359 3071 4414 de
3114 4359 3310 4428 quibus
3363 4369 3566 4416 sermo,

313 4452 523 4524 Κύριον
558 4453 779 4506 δυνατὸν
806 4453 1054 4523 λέγεσθαι
1077 4454 1167 4508 τὸν
1197 4455 1355 4521 Υἱόν;
1398 4455 1536 4509 Ἀλλ’
1562 4455 1781 4527 εὑδηλον
1807 4458 1866 4510 ὅτ

1995 4458 2213 4513 addicto
2243 4478 2256 4513 :
2294 4456 2343 4489 “
2371 4458 2496 4527 quia
2529 4471 2719 4510 omnes
2750 4462 2877 4509 sunt
2916 4448 3369 4506 administratorii
3406 4446 3569 4517 spiri-

311 4545 466 4598 ὸπάτ⁹
494 4544 563 4597 ἄν
587 4561 640 4596 τι
664 4544 897 4598 τοιοῦτον
919 4546 975 4598 ἐν
999 4548 1065 4616 τῇ
1098 4545 1217 4616 θείᾳ
1237 4546 1468 4617 φέρηται
1487 4546 1698 4617 Γραφῇ,
1725 4547 1888 4616 ἀγγέσ

310 4636 408 4689 λου
444 4638 541 4707 μὲν
563 4637 837 4708 μέμνηται
862 4635 954 4690 τοῦ
975 4637 1109 4708 πρὸς
1125 4637 1222 4708 τὴν
1240 4637 1538 4708 ὑπηρεσίαν
1557 4640 1891 4709 ἐκτεταγμέ-

2002 4560 2089 4606 tus
2119 4551 2173 4603 in
2202 4548 2566 4603 ministerium
2598 4547 2751 4601 missi
2793 4553 3014 4617 propter
3042 4556 3137 4597 eos
3166 4541 3258 4611 qui
3283 4537 3567 4597 haeredita-

1998 4650 2103 4697 lem
2129 4640 2347 4709 capient
2377 4637 2592 4698 salutis,
2625 4643 2685 4689 ut
2710 4635 2904 4689 beatus
2927 4633 3002 4686 ait
3032 4630 3254 4685 Paulus.

313 4746 408 4781 νου
450 4730 559 4785 τῶν
598 4729 987 4797 δεικνυμένων·
1038 4727 1221 4798 ἐπειδὴ
1274 4728 1472 4793 πάντες
1519 4731 1625 4782 εἰσὶ
1666 4728 2013 4801 λειτουργικὰ
2057 4730 2342 4800 πνεύματα
2390 4731 2469 4792 είς
2519 4727 2793 4781 διακονίαν
2834 4722 3270 4792 ἀποστελλόμενα
3310 4719 3397 4773 διὰ
3448 4717 3571 4779 τοὺς

319 4825 614 4895 μέλλοντας
658 4820 1007 4891 κληρονομεῖν
1038 4817 1332 4888 σωτηρίαν,
1366 4818 1441 4880 ὼς
1470 4821 1498 4872 ὁ
1529 4820 1795 4890 μακάριος
1828 4820 2034 4883 Παῦλός
2063 4836 2215 4890 φησι.

388 4916 595 4987 Κύριον
644 4915 701 4968 δὲ
748 4914 998 4984 ὀνομάζει
1032 4916 1094 4968 οὑ
1135 4915 1225 4967 τὸν
1252 4914 1485 4983 άγγελον
1526 4914 1667 4968 οὑτω
1690 4914 1893 4981 καλῶν,

318 5010 415 5061 ἐπὶ
444 5008 572 5060 Θεὸν
602 5007 660 5059 δὲ
690 5007 971 5078 ἀναφέρων
1002 5004 1095 5059 τοῦ
1128 5007 1411 5077 γινομένου
1456 5007 1523 5061 τὸ
1564 5007 1722 5078 ἔργον
1747 5025 1760 5038 ·
1787 5007 1897 5061 ὦσ-

2072 4916 2361 4969 Dominum
2393 4920 2573 4966 autem
2611 4911 2879 4974 nominat,
2904 4925 3011 4964 non
3045 4906 3188 4977 quod
3221 4904 3469 4973 angelum
3502 4904 3575 4957 ita

2003 5009 2262 5078 appellet,
2296 5005 2392 5061 sed
2432 5006 2495 5059 ad
2526 5003 2693 5058 Deum
2735 5006 2811 5057 rei
2839 5011 3005 5072 gest-.e
3050 5013 3268 5069 operam
3311 4994 3573 5048 referens.

318 5116 434 5169 περ
463 5094 555 5153 οὖν
598 5099 693 5151 καὶ
738 5100 787 5149 οἰ
827 5099 1101 5168 προφῆται
1151 5098 1408 5161 πολλάκις
1451 5097 1520 5151 τά
1566 5098 1873 5171 ἁρμόττοντε

2004 5099 2186 5155 Veluti
2242 5100 2406 5155 etiam
2467 5097 2743 5168 propheta:
2781 5110 2924 5164 sepe
2984 5092 3145 5146 verba
3208 5087 3398 5140 dicunt
3465 5084 3573 5140 Deo

395 5235 624 5291 “Joan.
664 5252 773 5303 ut,
815 5235 901 5302 12,
946 5237 1028 5291 15.
1069 5232 1112 5268 δ’
1152 5235 1315 5292 Hebr.
1357 5252 1394 5300 I,
1435 5236 1489 5303 7,
1528 5236 1581 5291 8.
1658 5237 1703 5268 "
1746 5236 1878 5291 ibid.
1920 5236 2008 5293 M.

400 5356 512 5426 (ϐξ)
532 5355 807 5410 Scholion.
834 5353 942 5426 Καὶ
966 5354 1119 5407 τοῦτο
1144 5354 1370 5426 άμαθῶς
1399 5354 1656 5426 νομίζεις.
1674 5355 1900 5417 Ἠσαίας

326 5428 440 5496 γὰρ
468 5425 654 5495 ὥσπερ
687 5426 773 5496 διὰ
808 5425 1214 5496 τοῦῄτρισαγίου
1259 5426 1360 5488 τὰς
1393 5425 1541 5496 τρεῖς
1577 5426 1900 5496 ὑποστάσεις

327 5493 640 5560 ὑποφαίνει,
670 5494 811 5547 οὑτω
836 5494 933 5547 καὶ
957 5493 1041 5547 διὰ
1069 5493 1161 5547 τοῦ
1186 5493 1503 5559 είπεῖν,Κα“ι
1529 5497 1772 5564 καλεῖται
1800 5494 1901 5564 τῆς

1995 5355 2125 5423 ἡμῖν
2179 5350 2277 5421 τὴν
2322 5346 2614 5419 σωτηρίαν·
2648 5344 2725 5407 ὣς
2780 5360 2882 5395 που
2934 5338 3029 5393 καὶ
3079 5337 3240 5421 αὑτὸς
3300 5334 3465 5421 φησὶν
3488 5373 3502 5395 ,
3532 5332 3597 5381 "A

1996 5426 2204 5490 ἥκουσα
2248 5420 2398 5490 παρὰ
2435 5418 2529 5472 τοῦ
2584 5413 2795 5490 Πατρὸς
2830 5408 3130 5490 άνὴγγξιλα
3170 5407 3581 5490 υμῖνχκαιΛμὴ

2019 5454 2204 5494 μιυυυιι
2250 5454 2398 5490 “thym-
2446 5454 2529 5472 νυν
2584 5454 2792 5485 uw'rv‘
2836 5454 3130 5493 Ἰημγνη...
3180 5454 3294 5477 ,Γπ
3340 5454 3454 5490 .-πη
3504 5454 3577 5488 F.‘

2019 5494 2316 5531 -ηηιιφηεπε
2339 5490 2437 5531 τὴν
2472 5486 2793 5531 ’Δποστόλου
2819 5484 2973 5531 dum
2999 5480 3065 5531 δι’
3098 5477 3289 5531 ἑτέραν
3308 5474 3577 5531 εισαγθει-

330 5477 640 5560 ὑποφαίνει,
670 5494 811 5547 οὑτω
836 5494 933 5547 καὶ
957 5477 1041 5547 διὰ
1069 5477 1161 5547 τοῦ
1186 5477 1503 5559 ειπεῖὗδξαι
1523 5477 1772 5548 καλεῖται
1800 5477 1901 5564 τῆς
1999 5477 2437 5564 παράτρεπε’τὴν
2472 5477 2793 5565 Ἀποστόλου
2817 5477 2973 5561 ῥῆσιν
2999 5480 3065 5532 δι’
3098 5477 3577 5560 ὲτῢέρανιεὶσαχθεί-

330 5564 577 5643 μεγάλης
601 5564 1071 5643 Mli-smmi.
1110 5564 1339 5643 limin
1381 5565 1541 5643 αὺῖξγ
1564 5562 1708 5643 ,εἶναι
1731 5567 1898 5643 λέγειν
2000 5581 2098 5643 σαγ
2154 5561 2351 5643 αίῖίαν·
2417 5559 2554 5643 "96.
2585 5558 2706 5638 “et”
2734 5544 3579 5643 _3"???“¥._i’f_‘?i‘1'“232-3f“t‘ff

327 5617 393 5712 ξε
418 5617 579 5712 assa
601 5617 717 5712 ’τῂν
752 5617 942 5712 ’ἀρσιῴ
979 5617 1090 5712 .51.
1120 5617 1407 5712 ίέίγέχωγ,
1454 5617 1870 5712 ἐὴ

1998 5617 2135 5689 enim
2184 5634 2319 5712 sicut
2360 5628 2764 5712 pertris‘qgium
2807 5636 2922 5712 tres.
2953 5636 3202 5701 personas

326 5701 598 5775 Δεσπότου
622 5687 717 5775 τῆν
745 5703 933 5775 αὑτοῦ·
965 5703 1141 5775 εἰ-γὰρ
1169 5687 1631 5775 ἀπεστάληίπαρὰ
1654 5687 1766 5757 τοῦ
1788 5687 1871 5756 Ποῖ

2003 5687 2165 5775 etiam
2192 5703 2299 5775 iiiis
2333 5687 2545 5775 remisi}
2574 5687 2666 5749 llic
2702 5687 2993 5775 appellatur
3026 5692 3202 5760 magni
3241 5687 3448 5775 consilii

331 5724 598 5755 ωεσποτου
622 5724 717 5771 την
745 5724 933 5754 αυτου-
965 5724 1011 5755 ει
1034 5724 1140 5773 γαρ
1169 5724 1447 5775 απεσταΑη
1480 5724 1631 5791 παρα
1666 5724 1757 5757 του
1788 5724 1871 5756 ua.

331 5768 465 5838 τρὸς
498 5775 573 5836 ὡς
605 5773 713 5825 ἀπὸ
751 5773 952 5840 αἰτίου,
997 5773 1223 5844 ἄγγελός
1268 5777 1434 5843 ἐστιν,
1482 5776 1763 5847 ἀνηγγειλε
1793 5776 1873 5842 γά

2007 5724 2165 5758 ειιαιη
2192 5724 2299 5754 una
2333 5724 2545 5753 rerum."
2575 5724 2664 5749 tuo
2702 5724 2981 5761 αμνσιιυιιυ
3028 5724 3201 5760 ηιιιψιι
3241 5724 3447 5741 νυηυι...
3485 5724 3583 5737 ..ι-κ

2009 5774 2152 5842 qelus
2192 5771 2325 5837 (lsa.
2374 5785 2447 5837 Ix,
2483 5770 2594 5836 6),:
2639 5766 2882 5834 angelum
2924 5766 3091 5831 ipsum
3144 5774 3255 5816 esse
3297 5757 3450 5821 dicit,
3485 5770 3601 5811 non,
