3992 6232
457 299 559 352 κη

1616 299 1964 357 THEODORI
1993 301 2467 357 MSPSL’ESTEINI

3587 296 3686 351 5C8

444 410 860 481 ‘convenientia,
892 431 1001 470 non
1034 417 1177 487 quod
1214 417 1315 472 sibi
1340 418 1483 473 dicta
1511 419 1600 472 illa
1625 423 1886 488 tribuant,
1922 425 2013 477 sed

2126 424 2329 491 λέγουσι
2377 423 2453 491 τῷ
2497 421 2633 491 Θεῷ,
2682 422 2775 490 οὐχ
2820 421 3027 480 ἑαυτοῖς
3059 416 3389 486 λογιζόμενοι
3435 414 3500 468 τὰ
3541 414 3691 483 λεγόο

457 503 569 560 Deo
598 521 817 561 causam
856 522 1043 561 eorum
1107 509 1453 579 imputantes.
1490 512 1666 580 Atque
1709 514 1811 568 hoc
1838 516 2021 569 statim

457 612 526 652 ex
559 606 823 667 praesente
868 600 1128 669 propheta
1180 602 1452 671 quispiam
1508 615 1820 672 cognoscet.
1888 604 2021 659 Nam

459 700 747 760 postquam
772 691 847 745 ait
876 708 889 746 :
927 710 944 742 ι
976 690 1212 747 Verbum
1244 694 1455 748 Domini
1486 694 1689 749 factum
1716 707 1798 749 est
1828 697 1894 750 ad
1931 697 2025 750 Za-

460 784 725 847 chariam,
757 782 966 847 dicens,
1009 802 1028 836 ι
1064 783 1270 838 addidit
1303 804 1314 837 :
1358 804 1377 837 ι
1424 784 1602 841 Iratus
1634 795 1719 840 est
1759 786 2023 843 Dominus

464 872 748 924 adversum
776 879 955 940 patres
977 883 1186 927 vestros
1209 876 1287 926 ira
1310 889 1531 943 magna,
1564 894 1583 927 ι
1610 875 1771 945 Atqui
1795 892 2025 931 consen-

462 969 681 1015 taneum
732 972 849 1016 erat
886 963 1104 1017 dicere:
1135 962 1360 1018 Factum
1414 976 1501 1021 est
1550 967 1775 1020 verbum
1812 966 2023 1022 Domini

462 1053 649 1108 dicens
700 1076 710 1107 :
745 1054 919 1109 Iratus
954 1071 1074 1109 sum
1126 1057 1411 1111 adversum
1449 1063 1630 1124 patres
1660 1066 1895 1122 vestros;
1959 1074 2026 1115 ne

462 1146 623 1198 verba
659 1144 868 1198 Domini
906 1147 970 1199 ad
1007 1147 1316 1214 prophetam
1354 1146 1516 1210 facta,
1560 1147 1627 1201 de
1659 1149 1765 1201 alio
1789 1149 2022 1217 quodam

461 1236 1009 1289 viderenturdominu
1042 1237 1221 1291 dicere
1256 1246 1512 1307 tanquam
1544 1238 1703 1291 irato.
1740 1238 1843 1293 Sed
1878 1241 2022 1293 enim

459 1335 627 1397 patet.
658 1326 801 1396 quod
831 1342 954 1380 cum
988 1328 1181 1391 dictio,
1218 1346 1236 1378 ι
1283 1326 1501 1382 Factum
1538 1340 1621 1385 est
1657 1331 1883 1383 verbum
1919 1329 2025 1381 Do-

358 1456 365 1461 ρ
460 1418 652 1478 mini,»
682 1418 1006 1473 revelantem
1058 1419 1347 1490 signiﬁcet.
1378 1420 1528 1489 addit
1552 1436 1673 1475 mox
1704 1421 1866 1476 verba
1896 1436 2026 1490 pro-

463 1511 620 1579 pheta
656 1526 775 1581 quae
806 1510 947 1565 Deus
972 1512 1085 1581 ipse
1119 1513 1332 1567 locutus
1380 1520 1497 1574 est;
1534 1528 1708 1583 neque
1743 1528 1841 1567 sua
1872 1513 2023 1575 dicit,

463 1599 555 1651 sed
590 1613 708 1665 quae
735 1598 875 1653 Deus
909 1599 1303 1669 pronuntiavit,
1355 1600 1598 1669 exponit.
1633 1599 1832 1655 Eodem
1868 1600 2026 1670 plane

462 1692 623 1742 modo
653 1698 706 1742 et
730 1705 852 1742 cum
881 1690 1129 1760 angelum
1147 1690 1301 1753 dixit,
1330 1691 1525 1746 deinde
1549 1693 1709 1746 etiam
1734 1692 2024 1747 Dominum

460 1780 623 1852 294
652 1782 914 1848 nominat,
944 1783 1119 1850 angeli
1151 1782 1370 1851 quidem
1409 1785 1673 1838 vocabulo
1714 1786 2022 1841 ministrum
2057 1771 2096 1826 Β

458 1871 711 1931 denotat;
754 1871 965 1924 Domini
1000 1871 1290 1938 vocabulo,
1327 1873 1474 1926 illum
1508 1874 1600 1943 qui
1657 1889 1753 1943 per
1803 1876 2024 1946 angelos

461 1961 550 2014 illa
604 1961 715 2015 ﬁeri
758 1962 1048 2016 mandavit.
1108 1961 1211 2017 Sed
1239 1972 1291 2016 et
1345 1964 1473 2018 illud
1528 1966 1870 2035 exploratum
1914 1976 2021 2031 est,

461 2038 680 2124 angelos
706 2055 990 2109 visibiliter
1044 2056 1353 2111 hominibus
1390 2066 1739 2126 apparentes,
1797 2075 1921 2114 cum
1970 2061 2024 2116 id

462 2143 569 2198 Deo
626 2146 909 2213 placuerit,
942 2148 1233 2201 humanam
1295 2146 1525 2202 formam
1572 2151 1770 2205 imitari
1829 2154 2022 2217 solere,

459 2253 579 2304 qua:
599 2252 835 2307 congrua
871 2250 952 2292 est
976 2240 1326 2295 cernentibus
1364 2250 1417 2295 et
1446 2242 1827 2299 revelationem
1875 2245 2025 2299 exci-

460 2327 746 2396 pientibus.
786 2328 959 2397 Atque
977 2330 1077 2383 hoc
1109 2345 1174 2383 ex
1235 2329 1384 2385 Novo
1412 2346 1629 2402 quoque
1680 2334 2025 2389 Testamento

459 2419 774 2473 condiscere
802 2421 1072 2489 quispiam
1107 2430 1303 2491 potest.
1334 2422 1543 2478 Etenim
1577 2424 1779 2479 Christi
1812 2426 2024 2482 Domini

457 2513 913 2567 resurrectionem
945 2513 1127 2566 divina
1169 2514 1450 2585 Scriptura
1482 2531 1737 2576 narrans.
1762 2518 1837 2571 ait
1864 2534 2027 2591 auge.

458 2600 570 2654 lum
606 2604 780 2656 visum
813 2603 905 2671 qui
963 2603 1193 2673 lapidem
1225 2605 1526 2659 revolverat
1556 2607 1621 2659 ει.
1657 2606 1778 2661 Mox
1820 2608 2027 2664 descri-

458 2693 592 2745 bens
623 2694 744 2761 quis
769 2700 937 2755 esset,
964 2704 1017 2748 et
1041 2695 1315 2763 quomodo
1340 2695 1511 2759 visus,
1534 2714 1554 2747 ι
1590 2695 1739 2758 Erat,
1781 2716 1799 2748 ι
1828 2700 2020 2768 inquit,

463 2803 484 2835 ε
519 2784 685 2837 iacies
743 2784 862 2852 ejus
925 2794 985 2838 ut
1036 2784 1237 2856 fulgur,
1295 2787 1619 2841 vestimenta
1676 2796 1854 2843 autem
1904 2791 2024 2845 alba

459 2889 714 2944 tanquam
748 2877 838 2930 nix
873 2877 934 2931 “.
956 2878 1043 2932 iEt
1063 2889 1183 2947 post
1215 2876 1427 2930 Domini
1460 2878 1513 2931 in
1537 2880 1733 2933 caelum
1770 2881 2023 2949 reditum,

459 2967 644 3020 hiante
709 2983 803 3020 ore
851 2968 1198 3034 stupentibus
1240 2966 1306 3020 ad
1346 2967 1423 3021 rei
1461 2970 1754 3023 novitatem
1791 2971 2028 3039 discipu-

462 3056 647 3117 Ιίε⁸³,‹
674 3058 829 3116 Ecce.
861 3076 880 3108 ι
921 3057 1116 3126 inquit,
1149 3075 1167 3108 ι
1200 3057 1308 3111 duo
1343 3059 1443 3111 viri
1480 3061 1771 3115 astiterunt
1802 3061 1854 3113 in
1880 3070 2026 3117 veste

2127 530 2279 583 μενα,
2327 513 2417 563 ἐπὶ
2461 511 2588 563 Θεὸν
2631 510 2686 562 δὲ
2737 508 2914 561 αὐτῶν
2958 505 3311 576 ἀναφέροντες
3348 504 3448 575 τὴν
3492 506 3688 560 αἰτίαν.

2125 606 2233 658 Καὶ
2262 604 2416 658 τοῦτό
2463 622 2524 672 γε
2564 603 2720 665 εὐθὺς
2751 605 2812 654 ἐκ
2834 599 2925 653 τοῦ
2978 599 3253 668 προφήτου
3298 597 3390 649 τοῦ
3426 597 3693 667 παρόντος

2126 700 2221 751 ίδοι
2249 714 2331 761 τις
2362 696 2456 749 άνο
2493 694 2659 748 εἰπὼν
2693 692 2801 763 γὰρ
2828 692 2932 753 ὃτι,
2964 710 2981 740 ι
3024 690 3267 758 Ἐγένετο
3310 689 3464 756 λόγος
3491 688 3692 758 Κυρίου

2127 788 2259 859 πρὸς
2284 787 2554 857 Ζαχαρίαν
2592 786 2784 853 λέγων,
2824 802 2842 833 ι
2881 785 3188 853 ἐπήγαγενο
3221 801 3240 833 ι
3283 780 3537 850 Ὦργίσθη
3578 778 3694 832 Κύ-

2127 896 2239 948 ριος
2284 878 2376 929 ἐπὶ
2403 879 2526 940 τοὺς
2556 876 2795 945 πατέρας
2823 873 2973 943 ὑμῶν
3016 872 3183 943 ὀργὴν
3221 871 3479 941 μεγάλην.
3513 889 3531 920 ι
3568 868 3699 922 Καί-

2123 987 2203 1022 τοι
2231 985 2292 1036 γε
2319 964 2385 1039 ἦν
2416 968 2703 1021 ἀκόλουθον
2734 969 2780 1018 εί
2810 966 2919 1032 (63)
2950 962 3057 1032 ἄρα
3107 966 3275 1015 εἰπεῖν
3314 963 3414 1025 ὃτι,
3451 960 3697 1027 Ἐγένετο

2123 1061 2279 1127 λόγος
2320 1059 2513 1130 Κυρίου
2552 1060 2684 1129 πρὸς
2728 1057 2994 1127 Ζαχαρίαν
3040 1056 3232 1122 λέγων,
3266 1052 3552 1121 Ὠργίσθην
3603 1053 3697 1103 ἐπὶ

2125 1153 2248 1214 τοὺς
2290 1152 2531 1221 πατέρας
2565 1148 2748 1218 ὑμῶν·
2786 1147 2859 1209 ὡς
2891 1146 2956 1199 ἂν
2982 1147 3055 1215 μὴ
3094 1147 3122 1198 6
3155 1143 3390 1213 γεγονὼς
3412 1143 3567 1211 λόγος
3598 1140 3694 1194 τοῦ

2125 1240 2327 1311 Κυρίου
2354 1239 2490 1310 πρὸς
2516 1240 2606 1291 τὸν
2636 1238 2939 1309 προφήτην,
2966 1236 3091 1307 περὶ
3124 1235 3309 1305 ἐτέρου
3335 1234 3476 1296 τινὲς
3502 1233 3699 1301 φαίνη-

2125 1347 2213 1383 ται
2261 1329 2448 1399 κυρίου
2485 1328 2653 1395 λέγων
2694 1326 2769 1389 ὡς
2794 1324 3152 1397 ὀργισθέντος.
3191 1323 3326 1375 Ἀλλ’
3362 1322 3580 1392 εὔδηλον
3613 1323 3699 1374 ὅτι

2124 1419 2205 1482 τὸ,
2249 1436 2267 1469 ι
2311 1419 2555 1487 Ἐγένετο
2599 1417 2754 1485 λόγος
2800 1415 3025 1485 Κυρίου,
3080 1432 3095 1466 ι
3137 1414 3226 1467 τὸν
3273 1411 3701 1479 ἁποκαλύψαντα

2126 1510 2312 1575 εἰπὼν,
2342 1512 2417 1582 (ρ.
2443 1510 2570 1580 444)
2602 1509 2794 1577 ἐπάγει
2828 1507 3012 1561 λοιπὸν
3033 1506 3100 1559 τά
3123 1509 3338 1577 ῥήματα
3363 1507 3391 1558 6
3413 1504 3705 1574 προφήτης

2128 1606 2268 1676 άπερ
2304 1604 2464 1667 αὐτὸς
2499 1600 2648 1656 εἶπεν
2685 1606 2713 1656 6
2759 1602 2910 1665 Θεὸς,
2953 1602 3053 1656 οὐκ
3086 1602 3258 1654 οἰκεῖα
3299 1598 3492 1665 λέγων,
3529 1595 3599 1648 τά
3638 1595 3704 1648 δὲ

2128 1695 2276 1766 παρά
2301 1694 2392 1747 τοῦ
2418 1694 2550 1746 Θεοῦ
2576 1693 2875 1764 λελεγμένα
2906 1692 3270 1761 ἐκτιθέμενος.
3297 1689 3399 1741 Τὸν
3430 1687 3594 1741 αὐτὸν
3632 1685 3702 1755 δὴ

2123 1790 2321 1861 τρόπον
2369 1788 2463 1841 καὶ
2506 1787 2586 1840 ὅτ’
2618 1786 2683 1840 ἂν
2725 1784 2954 1853 άγγελον
2998 1784 3154 1855 λέγῃ,
3198 1777 3317 1833 εἶτα
3362 1780 3456 1832 καὶ
3494 1778 3704 1844 Κύριον

2123 1878 2385 1952 ὀνομάζῃ,
2418 1876 2497 1947 τῷ
2537 1877 2634 1947 μὲν
2679 1875 2894 1944 ἀγγέλῳ
2934 1874 3025 1927 τὸν
3071 1869 3444 1942 ὑπουργοῦντα
3484 1868 3699 1920 δείκνυ⁹

2126 1988 2230 2032 σιν,
2264 1972 2329 2039 τῇ
2358 1968 2413 2021 δὲ
2440 1966 2533 2020 τοῦ
2565 1966 2766 2039 Κυρίου
2794 1967 2943 2034 φωνῇ
2977 1964 3067 2017 τὸν
3105 1961 3434 2025 ἐπιτάξαντα
3471 1960 3556 2012 διὰ
3588 1957 3703 2010 τῶν

2123 2059 2368 2129 ἀγγέλων
2389 2060 2569 2111 ἐκεῖνα
2594 2056 2866 2126 γενέσθαι.
2905 2055 3064 2108 Ἀλλὰ
3092 2053 3203 2126 γὰρ
3227 2052 3442 2122 εὔδηλον
3463 2050 3543 2103 ὅτι
3570 2050 3704 2111 τοῦς

2124 2150 2384 2221 ἀγγέλους
2439 2149 2709 2220 αἰσθητῶς
2779 2146 3134 2217 φαινομένους
3191 2146 3304 2206 τοῖς
3368 2139 3701 2212 ἀνθρώποις,

2122 2246 2198 2298 ὅτ’
2244 2244 2309 2297 ἂν
2350 2243 2503 2297 τοῦτο
2546 2242 2677 2313 δοκῇ
2725 2238 2805 2310 τῷ
2851 2237 3003 2304 Θεῷ,
3047 2236 3163 2299 ἔθος
3215 2233 3515 2305 ἀνθρώπων
3558 2227 3703 2294 εἶδος

2128 2336 2427 2408 μιμεῖσθαι,
2460 2336 2594 2406 ὅπερ
2621 2332 2817 2387 οἰκεῖόν
2853 2332 2968 2383 ἐστι
3004 2335 3114 2392 τοῖς
3148 2326 3315 2399 ὁρῶσί
3342 2343 3399 2379 τε
3440 2324 3532 2378 καὶ
3571 2341 3705 2376 παι-

2122 2428 2446 2499 δευομένοις.
2497 2426 2666 2479 Τοῦτο
2713 2424 2771 2476 δὲ
2820 2423 2915 2477 καὶ
2951 2424 3015 2475 ὲκ
3035 2420 3133 2491 τῆς
3171 2420 3373 2489 Καινῆς
3422 2416 3708 2485 Διαθήκης

2123 2522 2220 2592 οὐχ
2247 2517 2405 2592 ἦττον
2438 2519 2593 2590 μάθοι
2630 2535 2714 2579 τις
2757 2517 2856 2571 ἄν’
2892 2514 2961 2567 τὰ
3001 2513 3108 2584 γὰρ
3156 2512 3296 2565 κατὰ
3325 2510 3422 2581 τὴν
3460 2507 3711 2562 ἀνάστα-

2128 2629 2211 2665 σιν
2248 2611 2339 2665 τοῦ
2373 2610 2645 2663 Δεσπότου
2671 2606 2905 2680 Χριστοῦ
2937 2604 3261 2675 διηγουμένη
3295 2604 3328 2674 ή
3362 2602 3483 2654 θεία
3510 2599 3707 2670 Γραφὴ

2127 2702 2292 2770 λέγει,
2328 2700 2552 2769 ἄγγελον
2589 2692 2766 2767 ὦφθαι
2817 2698 2910 2750 τὸν
2952 2693 3355 2749 ἀποκυλίσαντα
3390 2691 3480 2745 τὸν
3518 2689 3701 2742 λίθον·

2127 2790 2244 2846 εἶτα
2269 2792 2636 2862 διαγράφουσα
2667 2784 2779 2853 οἷός
2810 2806 2892 2851 τις
2920 2784 3010 2859 ἦν,
3041 2789 3134 2840 καὶ
3157 2788 3305 2848 ὅπως
3333 2782 3512 2854 ὤφθη,
3540 2799 3559 2833 ε
3590 2775 3705 2833 Ἦν

2125 2882 2309 2946 αὐτοῦ,
2340 2900 2358 2933 ι
2393 2883 2577 2951 φησιν.
2610 2898 2629 2932 ι
2659 2882 2693 2951 ἡ
2735 2879 2880 2933 εἰδέα
2910 2877 2986 2941 ὡς
3012 2874 3285 2947 ἀστραπὴ,
3312 2874 3381 2927 τὰ
3416 2874 3471 2926 δὲ
3507 2871 3706 2941 ἱμάτια

2126 2974 2295 3027 λευκά
2324 2973 2398 3037 ὡς
2428 2970 2583 3042 χιών.
2634 2989 2652 3023 ι
2689 2972 2800 3025 Καὶ
2841 2969 2977 3042 μετὰ
3017 2968 3116 3039 τὴν
3152 2967 3336 3021 ἄνοδον
3372 2965 3426 3019 δὲ
3457 2963 3552 3017 τοῦ
3585 2964 3708 3016 Κυ-

2130 3065 2244 3138 ρίου
2282 3066 2381 3136 τὴν
2406 3066 2486 3127 εἰς
2520 3064 2766 3135 οὐρανὸν,
2796 3061 3099 3133 κεχηνότων
3126 3060 3262 3131 πρὸς
3290 3057 3388 3130 τὴν
3418 3055 3513 3110 τοῦ
3539 3072 3707 3125 γεγο-

459 3145 708 3199 candida.
743 3163 760 3196 ›
796 3147 961 3199 Erant
1013 3155 1189 3199 autem
1234 3147 1428 3217 angeli,
1457 3148 1550 3216 qui
1580 3148 1879 3217 discipulos
1908 3166 2022 3205 rem

2126 3158 2275 3220 νότος
2303 3157 2588 3227 καινότητα
2622 3155 2730 3209 τῶν
2761 3154 3035 3226 μαθητῶν,
3068 3172 3086 3205 ι
3120 3153 3273 3215 Ἰδοὺ,
3317 3170 3335 3202 ι
3366 3149 3521 3218 φησὶ,
3556 3168 3574 3200 ι
3607 3148 3706 3202 δύο

459 3249 662 3303 gestam
695 3236 980 3291 docebant.
1008 3236 1208 3291 Eodem
1239 3237 1397 3292 modo
1421 3254 1567 3292 nunc
1584 3240 1744 3292 etiam
1770 3242 2019 3311 angelum

2126 3248 2314 3319 ἄνδρες
2338 3250 2676 3319 εἰστήκεισαν
2696 3249 2753 3299 ὲν
2788 3246 2973 3317 ἐσθῆτι
2995 3245 3161 3316 λευχῇ
3180 3262 3193 3274 ·
3229 3263 3247 3295 ι
3279 3238 3419 3314 ἦσαν
3441 3242 3499 3295 δὲ
3530 3242 3709 3309 ἄγγε-

460 3329 600 3381 videt
631 3331 891 3398 propheta
919 3346 946 3382 a
971 3332 1142 3399 gratia
1175 3334 1400 3387 missum
1430 3333 1499 3386 ob
1516 3347 1577 3385 ea
1593 3333 2021 3409 administranda

2126 3338 2205 3391 λοι
2243 3339 2580 3402 διδάσκοντες
2616 3338 2813 3400 αὐτοὺς
2848 3336 2885 3390 ὃ.
2920 3338 3193 3407 προσῆκον
3220 3330 3288 3405 ἦν
3325 3334 3416 3386 ἐπὶ
3449 3335 3563 3395 τοῖς
3608 3348 3707 3400 γε-

461 3435 579 3487 qua'
610 3419 858 3473 humanae
884 3422 1040 3474 saluti
1083 3422 1391 3479 conferunt.

2126 3430 2337 3498 γονόσιι
2362 3430 2576 3484 εἰδέναι.
2624 3429 2728 3482 Τὸν
2779 3427 2942 3481 αὐτὸν
2977 3426 3040 3498 δὴ
3076 3426 3272 3497 τρόπον
3312 3423 3591 3478 κάνταῦθα
3640 3426 3705 3475 ὲν

457 3507 744 3579 ἀνθρώπου
783 3512 961 3580 μορφῇ
1000 3510 1227 3579 ἄγγελον
1267 3512 1461 3585 θεωρεῖ
1502 3515 1636 3585 πρὸς
1680 3515 1980 3585 ὕπουρνίαν
2019 3519 2121 3574 ὑπὸ
2157 3521 2255 3592 τῆς
2287 3522 2507 3592 χάριτος
2542 3521 2873 3592 τεταγμένον
2903 3520 3010 3573 τῶν
3041 3522 3121 3584 είς
3155 3518 3429 3590 σωτηρίαν
3460 3519 3708 3588 ἡκόντων

455 3600 819 3672 ἀνθρωπίνην.

536 3696 1360 3770 \’sns.9,iU.—Speciesitaque
1383 3706 1606 3753 externa
1644 3702 1893 3770 angelum
1933 3720 2026 3758 ex-

464 3784 678 3837 hibebat
714 3800 807 3847 ;at
839 3789 1010 3856 ipsius
1062 3789 1339 3856 adjuncta,
1377 3790 1751 3861 signiﬁcabant
1782 3808 1868 3848 res
1907 3810 2027 3863 qua

461 3875 679 3929 ﬁebant.
708 3875 913 3946 Equum
936 3879 1117 3948 itaque
1141 3879 1504 3945 inscenderat,
1528 3882 1598 3936 ob
1614 3884 2025 3954 signiﬁcandum

460 3968 817 4031 celeritatem,
852 3984 956 4037 qua
990 3973 1171 4023 omnia
1202 3972 1425 4041 exsequi
1453 3974 1754 4031 invisibiles
1784 3986 2025 4047 potesta-

460 4066 540 4111 tes
572 4062 747 4114 solent
770 4060 862 4115 Dei
899 4066 1173 4119 mandata.
1203 4063 1377 4120 Rufus
1428 4077 1606 4123 autem
1661 4079 1779 4124 erat
1826 4088 2022 4141 equus,

454 4150 526 4204 ob
582 4151 715 4205 iram
751 4154 1132 4220 denotandam,
1160 4172 1265 4223 qua
1312 4172 1410 4225 pro
1449 4158 1530 4213 eis
1560 4161 1785 4229 angelus
1835 4172 2023 4217 contra

456 4240 665 4296 alienos
689 4252 805 4295 erat
835 4244 1111 4298 incensus.
1141 4242 1284 4298 Inter
1314 4253 1524 4300 montes
1545 4246 1778 4317 denique
1803 4249 2023 4304 umbro-

456 4347 548 4387 sos
569 4335 888 4389 constiterat
909 4340 920 4389 Ξ
946 4345 997 4388 et
1020 4346 1230 4390 montes
1247 4336 1462 4404 quidem
1481 4338 1680 4393 celsam
1705 4339 2023 4409 ﬁrmamque

2197 3706 2345 3776 Στίχ.
2372 3709 2445 3772 θ’,
2471 3703 2521 3759 ι’.
2551 3735 2617 3748 -
2639 3702 2705 3757 Ἥ
2730 3697 2949 3774 μὲν”οὖν
2980 3700 3102 3771 ὄψις
3125 3698 3353 3769 ἄγγελον
3376 3697 3559 3769 ἐδήλου
3577 3714 3592 3727 °
3634 3700 3708 3751 τὰ

2128 3800 2256 3871 περὶ
2290 3797 2449 3852 αὐτὸν
2481 3796 2537 3850 δὲ
2579 3792 2648 3868 ἦν
2687 3796 2954 3867 μηνυτικὰ
2992 3793 3359 3865 πραγμάτωνο
3398 3792 3567 3843 ἵππου
3604 3791 3705 3860 μὲν

2126 3887 2219 3945 οὖν
2239 3889 2584 3961 ἐπιϐεϐλήκει
2608 3889 2685 3953 είς
2700 3888 2930 3960 δήλωσιν
2953 3888 3045 3940 τοῦ
3063 3886 3280 3956 τάχους,
3300 3884 3418 3955 μεθ’
3437 3877 3499 3937 οὗ
3523 3883 3708 3937 πάντα

2129 3980 2395 4033 ἐπιτελεῖν
2420 3982 2541 4043 ταῖς
2572 3980 2822 4053 ἀοράτοις
2867 3978 3155 4047 δυνάμεσιν
3180 3975 3340 4047 ἔργον
3370 3974 3517 4028 ἐστὶν
3555 3974 3703 4046 ἆπερ

2131 4072 2197 4126 ἂν
2239 4071 2502 4144 ἐπιτάττῃ
2539 4070 2698 4132 Θεός·
2733 4070 2808 4140 (p.
2843 4069 2969 4138 445)
3018 4067 3228 4139 πυρροῦ
3265 4066 3343 4129 δὲ,
3371 4067 3447 4130 ὡς
3496 4065 3564 4118 ἂν
3609 4066 3705 4118 τὸν

2094 4210 2099 4215 .
2130 4162 2298 4233 θυμδν
2317 4163 2532 4233 δεικνύῃ
2572 4162 2630 4214 ὃν
2661 4163 2798 4233 ὑπὲρ
2834 4160 3013 4214 αὐτῶν
3048 4155 3192 4231 εἶχεν
3226 4158 3366 4213 κατὰ
3407 4158 3516 4211 τῶν
3544 4157 3708 4211 mo.

2128 4256 2311 4326 τρίων.
2340 4255 2428 4307 Ἐν
2470 4254 2615 4325 μέσῳ
2652 4254 2708 4307 δὲ
2743 4254 3052 4307 κατασκίων
3081 4252 3248 4323 ὀρέων
3288 4252 3561 4319 εἱστήκειο
3592 4249 3704 4302 τῶν

2131 4348 2228 4417 μὲν
2276 4347 2472 4419 ὀρέων,
2517 4346 2580 4399 τὸ
2617 4346 2817 4416 ὑψηλὸν
2863 4346 2958 4399 καὶ
3007 4342 3228 4414 στερᾣ
3271 4343 3370 4412 τῆς
3414 4341 3703 4411 δυνάμεως

456 4427 749 4492 potentiam
794 4427 969 4496 angeli
1025 4427 1472 4481 administratorii
1542 4431 2021 4495 demonstrabant;

2126 4436 2219 4489 τοῦ
2260 4436 2690 4508 λειτουργοῦντος
2736 4434 2966 4505 φανερὸν
3014 4432 3335 4486 ποιούντων·
3373 4430 3482 4483 τῶν
3531 4448 3706 4484 κατα-

454 4517 710 4571 umbrosa
772 4529 950 4573 autem
983 4521 1237 4587 qualitas,
1263 4519 1647 4589 perfectionem
1687 4537 1847 4590 quam
1881 4537 2021 4591 pra:-

453 4607 579 4661 bere
612 4611 810 4677 populo
854 4627 955 4665 suo
1000 4612 1138 4668 Deus
1165 4613 1513 4682 promiserat.
1553 4613 1855 4683 Interrogat
1889 4630 2021 4683 ergo

452 4702 714 4770 propheta
748 4722 759 4755 :
794 4721 811 4753 ι
839 4704 978 4770 Quid
1011 4705 1136 4758 isti?
1171 4727 1188 4757 ι
1222 4707 1553 4760 revelatione
1574 4722 1697 4760 eum
1746 4706 1811 4759 ad
1844 4708 2019 4760 inter-

453 4794 750 4861 rogandum
813 4798 1141 4865 impellente,
1200 4808 1259 4852 ιιι
1285 4798 1563 4854 edocendo
1594 4800 1676 4851 via
1722 4798 2014 4868 pandatur.

456 4906 476 4937 ‹
514 4887 817 4955 Respondit
847 4900 1051 4952 autem,
1083 4891 1278 4961 inquit,
1307 4892 1533 4960 angelus
1563 4891 1654 4960 qui
1697 4890 2020 4961 loquebatur

453 4978 506 5032 in
541 4994 666 5033 me:
707 4979 816 5050 Ego
858 4981 1137 5035 ostendam
1185 4983 1279 5036 tibi
1331 4984 1461 5051 quid
1493 4983 1601 5036 sint
1640 4984 1773 5036 hac.
1824 5001 1842 5033 ι
1876 4981 2017 5036 Dicit

452 5086 580 5124 γρ»το
601 5072 777 5139 ipsum
824 5075 1021 5136 virum,
1057 5052 1219 5142 quem
1259 5074 1584 5129 insidentem
1613 5091 1754 5142 equo
1784 5073 1906 5129 rufo
1933 5074 2016 5127 vi-

450 5166 620 5216 derat.
654 5166 858 5219 Idcirco
888 5168 1045 5221 etiam
1071 5167 1259 5237 dixit,c
1288 5166 1390 5233 Qui
1424 5169 1746 5237 loquebatur
1775 5166 1829 5220 in
1855 5182 1961 5229 me,
1991 5187 2010 5219 ι

518 5331 561 5361 ει
602 5302 790 5383 Μειιιιι.
844 5344 1036 5392 xxvm,
1076 5329 1131 5381 ε.
1208 5329 1253 5360 η
1287 5325 1422 5381 uno.
1464 5327 1515 5381 δ.
1592 5327 1639 5357 ³³
1680 5327 1798 5381 Act.
1842 5342 1882 5391 ι,
1924 5325 2008 5379 to.

452 5498 726 5554 secundum
784 5500 1087 5568 angelorum
1140 5502 1529 5563 substantiam,
1592 5498 1681 5552 sed
1733 5499 2013 5568 secundum

452 5586 619 5625 suam.
652 5570 705 5622 id
737 5579 813 5622 est
850 5567 1078 5625 Domini.
1131 5572 1191 5626 Si
1227 5575 1363 5625 enim
1411 5573 1599 5625 missus
1640 5570 1739 5635 fuit
1778 5586 1810 5621 a
1856 5567 2015 5621 Patre

454 5649 701 5710 umquam
732 5651 1003 5701 causante,
1031 5643 1241 5710 angelus
1272 5654 1382 5705 est;
1411 5643 1667 5695 nuntiavit
1701 5640 1836 5710 enim
1868 5637 2015 5710 nobis

454 5708 709 5766 salutem;
744 5720 796 5760 nt
836 5712 1027 5765 alicubi
1064 5708 1172 5781 ipse
1199 5712 1323 5767 dicit
1355 5729 1371 5765 :
1419 5731 1435 5764 ι
1472 5712 1601 5777 Qua:
1642 5708 1815 5764 audiri
1847 5728 1877 5762 a
1912 5709 2015 5762 Ρα-

2130 4526 2293 4579 σκίων
2322 4527 2397 4588 δὲ,
2428 4526 2657 4597 δήλωσιν
2685 4527 2912 4596 ἐχόντων
2949 4526 3047 4595 τῆς
3094 4524 3298 4593 σκέπης
3336 4522 3402 4593 ἣν
3441 4523 3704 4593 παρέχειν

2125 4619 2153 4669 6
2178 4617 2306 4681 Θεὸς
2348 4616 2726 4687 εὐηγγελίζετο
2768 4615 2845 4686 τῷ
2879 4615 2991 4686 λαῷ
3018 4616 3096 4686 τῷ
3120 4614 3322 4684 οἰκείῳ.
3362 4614 3571 4683 Ἐρωτᾷ
3602 4614 3704 4682 μὲν

2124 4704 2218 4761 οὖν
2265 4710 2294 4760 6
2343 4710 2645 4779 προφήτης,
2683 4726 2701 4758 ι
2745 4708 2809 4760 Τί
2862 4701 3039 4773 οὗτοις
3086 4726 3105 4759 ι
3154 4708 3251 4775 τῆς
3302 4704 3703 4773 ἀποκαλύψεως

2126 4802 2261 4873 πρὸς
2303 4800 2401 4871 τὴν
2448 4798 2713 4871 ἐρώτησιν
2762 4800 2930 4869 αὐτὴν
2975 4800 3307 4869 κινησάσης,
3354 4796 3429 4860 ὡς
3488 4796 3556 4849 ἂν
3608 4799 3701 4849 καὶ

2124 4893 2239 4948 ὁδὸν
2265 4895 2297 4964 ή
2323 4890 2632 4945 διδασκαλία
2658 4891 2830 4946 λάϐοι.
2862 4909 2879 4942 ι
2918 4890 3302 4959 Ἀποκρίνεται
3340 4888 3416 4954 δὲ,
3449 4907 3468 4940 ι
3507 4888 3698 4958 φησὶν,

2131 5004 2150 5036 ι
2181 4986 2209 5037 6
2240 4984 2463 5053 ἄγγελος
2490 4985 2517 5036 6
2554 4982 2726 5035 λαλῶν
2759 4985 2817 5035 ἐν
2840 4981 2981 5053 ὲμοί-
3019 4980 3158 5049 Ἐγὼ
3192 4978 3350 5045 δείξω
3382 4995 3462 5031 σοι
3500 4980 3552 5031 τί
3584 4980 3699 5032 ἐστι

2123 5073 2313 5128 ταῦτα.
2347 5092 2365 5124 ι
2409 5072 2569 5140 Λέγει
2601 5073 2659 5125 δὲ
2697 5073 2857 5126 αὐτὸν
2903 5073 2994 5125 τὸν
3028 5072 3196 5144 ἄνδρα
3225 5071 3284 5124 ὃν
3330 5070 3700 5139 έπιὸεδηκότα

2122 5168 2214 5220 ἐπὶ
2242 5167 2406 5220 ἵππον
2439 5162 2574 5218 εἶδεν
2605 5164 2807 5236 πυρρόν
2827 5180 2839 5194 ·
2876 5164 2962 5217 διὰ
2995 5162 3149 5217 τοῦτο
3180 5163 3272 5215 καὶ
3295 5160 3374 5224 τὸ,
3412 5181 3430 5211 σ
3468 5163 3497 5213 ὁ
3522 5159 3699 5214 λαλῶν

2125 5506 2220 5557 tre,
2259 5498 2492 5549 nuntiavi
2537 5494 2677 5548 vobis
2713 5495 2897 5564 (.oan.
2940 5512 3026 5555 xv,
3068 5493 3175 5564 15).
3216 5491 3411 5564 )Cat‘e
3456 5509 3585 5561 ergo
3637 5507 3700 5545 uc

2121 5566 2361 5633 Apostoli
2400 5567 2596 5618 dictum
2638 5562 2931 5633 pervertat,
2970 5563 3108 5636 quod
3149 5563 3312 5617 aliam
3360 5562 3423 5617 ob
3480 5577 3700 5617 causa.

2123 5638 2386 5705 prolatum
2417 5638 2538 5705 fuit.

2194 5708 2304 5777 (65)
2346 5707 2419 5761 lla
2453 5706 2573 5761 cod.
