4054 6238
383 314 488 371 509

1332 307 1879 366 COMMENTARIUS
1908 306 1974 361 IN
1991 306 2360 363 ZACHARIAE
2398 308 2552 391 (Ἀρ.
2596 311 2637 364 l.

3517 306 3621 361 MO

380 431 441 482 ὲν
466 427 610 497 ἐμοὶ,
646 442 666 476 ι
696 424 862 493 λέγει,
898 422 1085 495 ἐπειδὴ
1108 424 1207 476 οὐκ
1231 423 1427 489 ἔξωθεν
1459 424 1762 497 φερομένης
1789 425 1949 495 ἤκουε

2069 424 2305 493 ιιιοιιίεῐη
2336 425 2478 480 haud
2510 436 2817 480 extrorsum
2852 427 3070 480 allatam
3112 440 3300 480 vocem
3351 424 3627 489 audiebat,

379 518 605 587 φωνῆς,
660 514 795 568 ἀλλὰ
856 515 996 568 κατὰ
1047 514 1387 583 ἀποκάλυψιν
1445 514 1953 585 ὲναποτυπουμένης

380 604 548 660 αὑτοῦ
580 607 645 676 τῇ
674 602 898 675 διανοίᾳ.
940 604 1026 667 Ὠς
1067 606 1162 657 καὶ
1200 606 1227 657 ό
1258 604 1525 675 μακάριος
1556 604 1757 674 Πέτρος
1790 604 1954 675 ἦκουε

382 700 466 761 τὸ,
500 716 519 750 ι
556 696 847 761 Ἀναστὰς,
890 696 1097 766 Πέτρε,
1141 696 1301 749 θῦσον
1349 698 1441 751 καὶ
1487 696 1643 766 φάγε.
1681 716 1698 748 ι
1726 695 1956 767 Εὔδηλον

381 791 442 843 δὲ
475 791 556 845 ὃτι
601 789 702 842 ούκ
729 788 789 854 ἐξ
835 786 1076 858 οὐρανῶν
1120 788 1345 858 ἐφέρετο
1387 790 1606 858 τοιαύτη
1640 788 1788 857 φωνὴ
1824 786 1958 857 πρὸς

383 881 575 934 αὐτόν’
614 880 648 950 ἢ
688 878 796 949 γὰρ
820 879 886 932 ἂν
926 878 1020 931 καὶ
1056 880 1234 931 πᾶσαν
1264 879 1544 949 ἐπλήρωσε
1583 878 1678 949 τὴν
1709 875 1955 947 οἰκουμέ-

383 989 481 1041 νην
512 972 546 1041 η
571 968 666 1023 τοῦ
699 968 987 1040 λεγομένου
1025 968 1223 1036 γνῶσις
1244 987 1257 999 ’
1305 970 1703 1023 ὲναπετυποῦτο
1725 968 1778 1021 δὲ
1811 967 1958 1039 αύτῷ

384 1068 420 1134 ἡ
467 1063 641 1135 φωνὴ,
682 1061 758 1125 ὡς
811 1061 877 1115 ἂν
916 1060 1204 1131 οὐρανόθεν
1246 1062 1380 1132 πρὸς
1436 1061 1596 1114 αύτὸν
1640 1060 1956 1129 γιγνομένη.

387 1155 511 1206 Ὅτι
535 1152 592 1205 δὲ
623 1151 717 1205 τὸν
744 1148 1005 1204 λαλοῦντα
1032 1149 1259 1219 ἄγγελον
1285 1149 1450 1219 αὐτῷ,
1479 1149 1569 1201 τὸν
1596 1146 1959 1218 ἐπιϐεϐηκότα

400 1252 496 1303 ἐπὶ
515 1250 605 1302 τὸν
636 1250 803 1302 ἵππον
822 1246 911 1299 τὸν
937 1244 1143 1317 πυρρὸν
1161 1243 1329 1310 λέγει,
1353 1240 1509 1310 δῆλον
1525 1255 1537 1267 ·
1560 1238 1634 1300 ὼς
1657 1235 1764 1307 γὰρ
1785 1231 1955 1296 εἶπεν,

399 1361 417 1394 ι
460 1343 601 1410 Ἐγὼ
624 1340 781 1406 δείξω
808 1355 888 1391 σοι
917 1337 968 1390 τί
1000 1338 1116 1389 ἐστι
1144 1333 1339 1399 ταῦτα,
1358 1353 1374 1384 ι
1401 1331 1613 1399 ὲπάγει,
1640 1347 1658 1380 t
1694 1327 1803 1381 Καὶ
1824 1328 1957 1379 ἀπε-

395 1434 557 1505 κρίθη
587 1435 616 1486 ὁ
645 1432 782 1503 ἀνὴρ
812 1432 840 1484 ὁ
865 1427 1180 1499 ἐφεστηκὼς
1220 1424 1487 1495 ἀναμέσον
1514 1421 1619 1474 τῶν
1644 1419 1833 1491 ὀρέων,
1864 1416 1957 1469 καὶ

392 1524 545 1579 εἶπεν
572 1525 710 1595 πρός
743 1539 841 1594 με·
878 1515 1037 1576 Οὗτοί
1081 1521 1218 1573 εἰσιν
1259 1518 1352 1581 οὓς
1378 1513 1723 1580 ἐξαπέστειλε
1756 1510 1958 1579 Κύριος

395 1614 738 1684 περιοδεῦσαι
771 1612 868 1682 τὴν
897 1612 1035 1680 γῆν·
1079 1630 1096 1663 ι
1141 1611 1217 1677 (p.
1256 1608 1379 1677 446)
1416 1604 1598 1675 σαφὼς
1634 1602 1844 1663 δεικνὺς
1875 1600 1955 1651 ὅτι

398 1707 556 1769 αὐτὸς
587 1707 790 1768 ἐκεῖνος
812 1705 841 1757 ό
868 1702 1049 1771 ὀφθεὶς
1075 1700 1223 1771 αὐτῷ
1242 1699 1379 1770 ἀνὴρ
1408 1698 1464 1751 ὲν
1491 1697 1640 1768 μέσῳ
1661 1694 1768 1747 τῶν
1788 1692 1955 1763 ὀρέων

2057 516 2152 572 sed
2177 517 2224 569 vi
2261 517 2603 571 revelationis
2631 516 2796 587 295
2839 518 2891 570 in
2928 529 3106 572 mente
3146 516 3366 586 propria
3402 517 3629 584 impres-

2056 623 2193 664 sam.
2219 608 2546 664 Sicutetiam
2579 610 2765 664 beatus
2788 608 2979 663 Petrus
3005 609 3163 663 verba
3207 608 3295 660 illa
3322 605 3577 660 audiebat
3610 623 3624 637 ο

2059 703 2538 777 «Surgens,Petre,
2564 700 2752 755 occide
2788 711 2842 755 et
2887 702 3175 754 manduca.
3216 718 3234 751 ›
3264 696 3417 751 Patet
3471 695 3631 750 nimi-

2056 808 2174 846 rum
2221 793 2365 847 haud
2410 794 2477 848 de
2525 794 2680 848 etelis
2726 793 2988 863 allapsam
3019 789 3329 858 hujusmodi
3358 787 3425 841 ad
3477 788 3629 841 illum

2055 899 2305 938 vocem:
2354 885 2555 953 alioqui
2622 885 2935 939 universum
3008 883 3269 938 mundum
3346 880 3629 948 implesset

2055 974 2212 1028 dictae
2250 976 2325 1028 rei
2354 976 2580 1040 notitia;
2629 975 2723 1030 sed
2758 975 2811 1028 in
2844 991 2909 1030 eo
2948 974 3358 1043 imprimebatnr
3394 988 3496 1023 vox
3534 969 3626 1022 illa

2056 1072 2310 1134 tanquam
2340 1066 2555 1119 caelitus
2593 1066 2657 1118 ad
2685 1080 2807 1117 cum
2829 1064 3087 1119 demissa.
3128 1061 3279 1128 Quod
3313 1075 3438 1113 vero
3467 1073 3632 1125 ange-

2058 1156 2167 1209 lum
2190 1155 2293 1209 sibi
2318 1156 2619 1225 loquentem
2642 1154 2775 1208 dicit
2801 1155 2951 1208 illum
2985 1153 3076 1223 qui
3101 1153 3225 1206 rufo
3249 1165 3391 1220 equo
3429 1148 3631 1203 inside-

2057 1249 2169 1309 but,
2205 1244 2547 1301 manifestum
2574 1255 2674 1299 est.
2712 1244 2845 1298 Nam
2878 1254 3159 1315 postquam
3192 1244 3288 1304 ait,
3335 1261 3354 1295 ι
3393 1240 3503 1309 Ego
3532 1240 3628 1293 tibi

2056 1334 2337 1391 ostendam
2362 1334 2490 1403 quid
2522 1334 2633 1388 sint
2663 1334 2796 1399 haec,
2830 1355 2848 1387 ι
2874 1334 3043 1398 addit,
3081 1351 3100 1384 ι
3142 1332 3205 1385 Et
3233 1329 3509 1399 respondit
3537 1329 3629 1397 qui

2058 1426 2239 1480 stabat
2273 1425 2416 1478 inter
2448 1432 2679 1488 montes,
2719 1423 2961 1493 dixitque
3000 1423 3133 1477 mihi
3166 1440 3178 1475 :
3214 1421 3301 1475 Isti
3337 1428 3463 1475 sunt
3493 1434 3631 1487 quos

2058 1518 2206 1571 misit
2241 1516 2501 1569 Dominus
2533 1526 2590 1568 ut
2622 1523 2822 1569 terram
2855 1516 3208 1569 circumirent
3242 1528 3257 1566 :
3290 1531 3309 1564 ι
3341 1509 3630 1565 manifeste

2057 1610 2385 1672 ostendens,
2462 1609 2612 1662 illum
2686 1625 2779 1679 qut
2852 1616 3177 1679 apparuerat
3247 1606 3423 1661 visum
3493 1603 3635 1658 inter

2058 1710 2271 1757 montes
2319 1700 2628 1765 umbrosos,
2668 1700 2915 1755 eumdem
2949 1714 3071 1755 esse
3098 1698 3191 1767 qni
3222 1697 3277 1750 in
3336 1710 3402 1750 eo
3435 1696 3631 1764 loque-

398 1798 503 1850 τῶν
541 1796 870 1859 κατασκίων,
908 1794 1069 1858 αὐτὸς
1098 1789 1167 1864 ἦν
1200 1794 1230 1846 ό
1270 1790 1449 1846 λαλῶν
1479 1792 1534 1842 ὲν
1559 1786 1734 1857 αύτῷ·
1774 1786 1832 1848 ὂς
1864 1785 1955 1838 καὶ

2069 1793 2252 1856 batur,
2282 1800 2335 1848 et
2366 1792 2457 1863 qui
2487 1795 2533 1847 ei
2577 1799 2857 1861 receperat
2889 1790 3173 1845 docturum
3208 1803 3330 1843 esse
3362 1787 3633 1858 quodnam

396 1887 621 1952 διδάξειν
646 1885 808 1939 αὑτὸν
834 1885 1115 1954 ὑπέσχετο,
1138 1881 1257 1936 τίνα
1274 1880 1338 1951 δὴ
1356 1877 1527 1932 ταῦτα
1541 1875 1609 1929 τὰ
1625 1874 1732 1927 τῶν
1752 1872 1950 1925 ἴππων’

394 1972 486 2022 κει)⁵
529 1969 589 2037 δὴ
627 1978 723 2023 καὶ
769 1968 1003 2033 ἐδίδαξεν
1037 1966 1205 2021 εἰπὼν
1250 1966 1483 2036 καθεξῆς
1513 1967 1614 2030 ὅτι,
1643 1960 1795 2020 Οὗτοι
1829 1965 1966 2018 εἰσὶν

389 2063 438 2112 οὶ
477 2061 784 2131 πέμπεσθαι
821 2060 1070 2123 εἰωθότες
1116 2057 1266 2130 παρὰ
1313 2056 1409 2111 τοῦ
1458 2057 1592 2111 Θεοῦ
1632 2058 1723 2111 ἐπὶ
1762 2058 1840 2127 τῷ
1868 2057 1965 2128 τὴν

387 2152 491 2221 γῆν
521 2152 740 2205 ἃπασαν
774 2150 1123 2221 ὲκπεριῐέναι,
1174 2150 1266 2202 καὶ
1308 2148 1406 2220 τὴν
1453 2150 1794 2220 καθήκουσαν
1838 2150 1966 2201 ἑκα-

389 2242 587 2310 σταχοῦ
617 2242 855 2313 πληροῦν
884 2242 1223 2314 λειτουργίαν
1245 2241 1386 2295 κατὰ
1422 2241 1482 2295 τὸ
1508 2240 1697 2293 δοκοῦν
1724 2240 1802 2311 τῷ
1824 2239 1963 2309 Θεῷ.

387 2334 624 2403 Εὔδηλον
660 2334 758 2403 μὲν
794 2330 886 2387 οὖν
923 2335 1002 2387 δτι
1037 2334 1167 2404 περὶ
1206 2332 1451 2402 ἀγγέλων
1498 2333 1682 2404 φησίνο
1720 2332 1966 2400 ἀγγέλων

386 2425 496 2494 γὰρ
532 2424 691 2496 ἔργον
723 2425 907 2478 τοῦτο·
953 2425 1108 2478 τοῦτο
1145 2425 1202 2479 δὲ
1249 2426 1310 2479 ού
1359 2426 1485 2488 τοὺς
1531 2425 1733 2487 ἵππους
1784 2423 1963 2490 λέγει·

386 2517 511 2568 ὅθεν
556 2518 650 2570 καὶ
697 2518 726 2569 ό
774 2518 1109 2590 ἑρμηνεύων,
1165 2518 1496 2573 ἀπεστάλθαι
1557 2517 1702 2586 λέγει
1748 2517 1967 2578 τούτους

388 2611 485 2663 ἐπὶ
510 2610 570 2662 τὸ
608 2610 951 2679 περιοδεῦσαι
988 2613 1086 2681 τὴν
1112 2611 1259 2680 γῆν,,
1305 2612 1365 2664 ού
1412 2613 1538 2674 τοὺς
1579 2610 1797 2672 ἵππους,
1832 2608 1967 2661 ἀλλὰ

387 2702 517 2765 τοὺς
559 2702 957 2773 ἐπιϐεϐηκότας
1000 2704 1201 2772 λέγων’
1231 2704 1541 2772 ἀναγκαίως
1569 2702 1624 2756 δὲ
1665 2702 1758 2755 καὶ
1800 2695 1964 2763 οῦτοι,

390 2795 489 2847 at:
513 2794 751 2861 ἄγγελοι,
783 2798 865 2865 ἐφ’
896 2796 1074 2848 ἵππων
1106 2795 1385 2865 ὤφθησαν,
1438 2794 1577 2848 κατὰ
1616 2796 1707 2848 τὸν
1745 2795 1836 2847 ἐπὶ
1875 2796 1967 2848 τὸν

392 2886 559 2939 ἵππον
591 2885 956 2957 ἐπιϐεϐηκότα
1002 2888 1091 2940 τὸν
1122 2886 1358 2959 πυρῤόν’
1388 2886 1494 2938 τῶν
1526 2885 1623 2955 μὲν
1657 2886 1835 2938 ἵππων
1874 2886 1966 2955 δη-

392 2979 625 3032 λούντων
671 2978 768 3050 τὴν
818 2978 1091 3049 ταχύτητα
1135 2979 1237 3049 τῆς
1284 2979 1640 3050 λειτουργίας.
1675 2978 1855 3031 Ἀλλοι
1910 2978 1965 3031 δὲ

395 3070 623 3144 πυρρὸν,
659 3070 749 3124 τὸν
775 3070 941 3141 θυμὸν
973 3071 1030 3124 ὃν
1060 3070 1197 3123 κατὰ
1222 3071 1330 3124 τῶν
1360 3071 1652 3141 ἀλλοτρίων
1678 3066 1841 3140 εἶχον,
1874 3071 1967 3123 καὶ

392 3165 502 3216 τῶν
534 3162 743 3214 Αευκῶν
784 3161 839 3214 δὲ
882 3163 961 3224 είς
1011 3163 1237 3232 μήνυσιν
1282 3165 1381 3233 τῆς
1420 3162 1812 3232 περιεσομένης
1855 3164 1965 3225 τοῖς

404 3252 768 3323 Ἰσραηλίταις
793 3252 1076 3323 λαμπρότη
1089 3268 1190 3315 τος,
1225 3254 1289 3306 ὲκ
1312 3253 1409 3323 τῆς
1439 3253 1617 3306 αὐτῶν
1650 3253 1965 3324 ὑπουργίας,

391 3347 463 3414 ἦν
495 3342 835 3405 ἐκτελοῦντες
862 3344 910 3395 oi
942 3344 1181 3411 ἄγγελοι,
1204 3345 1302 3408 τάς
1329 3362 1387 3397 τε
1414 3346 1676 3418 τιμωρίας
1708 3346 1970 3413 ἐπάγουσι

393 3440 506 3499 τοῖς
535 3436 743 3489 τούτων
766 3435 955 3500 ἀξίοις,
1001 3437 1094 3488 καὶ
1140 3441 1239 3500 τὰς
1282 3437 1487 3508 δωρεὰς
1526 3438 1850 3509 παρέχουσιν
1878 3439 1972 3502 οὓς

394 3529 466 3582 ἂν
496 3527 748 3592 τοιούτοις
775 3527 1093 3595 ἀμείϐεσθαι
1127 3528 1253 3600 θέλῃ
1282 3529 1429 3593 Θεός.

480 3624 623 3693 Στίχ.
650 3630 738 3687 ια’,
771 3624 855 3693 ιβ’.
872 3653 943 3663 ——
974 3624 1038 3676 Ἠ
1063 3623 1118 3675 δὲ
1136 3622 1242 3675 τῶν
1258 3621 1564 3691 λεγομένων
1592 3618 1882 3682 ἀπόδειξις,
1904 3615 1972 3671 τὰ

404 3714 557 3783 ἑξῆς.
589 3734 604 3765 ι
652 3714 1047 3786 Ἀπεκρίθησαν
1077 3713 1205 3785 γὰρ,
1232 3713 1414 3783 φησὶν,
1442 3712 1517 3781 τῷ
1537 3710 1750 3778 ἀγγέλῳ
1771 3707 1969 3778 Κυρίου

403 3804 485 3873 τῷ
513 3804 776 3872 ὲφεστῶτι
800 3804 1069 3875 ἀναμέσον
1097 3805 1204 3857 τῶν
1224 3804 1411 3875 ὁρέων,
1444 3801 1538 3854 καὶ
1563 3796 1737 3852 εἷπονο
1763 3800 1971 3865 Περιω-

401 3895 676 3966 δεύσαμεν
709 3895 804 3966 τὴν
826 3895 929 3965 γῆν
955 3897 1165 3949 πᾶσαν·
1195 3896 1287 3948 καὶ
1310 3895 1416 3947 ἰδοὺ
1456 3894 1605 3945 πᾶσα
1637 3893 1669 3963 ἡ
1695 3890 1764 3960 γῆ
1792 3905 1973 3942 κατοι-

402 3991 583 4041 κεῖται
614 3988 709 4041 καὶ
728 3987 1011 4058 ἡσυχάζει.
1046 4008 1064 4039 ι
1100 3988 1211 4041 Ούκ
1236 3987 1300 4040 ἂν
1317 3988 1442 4049 τοὺς
1458 3986 1655 4046 ἵππους
1670 3982 1817 4053 αὐτῷ
1831 3981 1969 4034 ἀπο-

402 4078 689 4148 κεκρίσθαι
722 4073 906 4138 εῐπον,·
936 4078 1061 4132 ποία
1088 4081 1196 4148 γὰρ
1224 4077 1289 4131 ἂν
1321 4076 1414 4130 καὶ
1431 4077 1636 4144 γένοιτο
1655 4073 1761 4128 ἀπὸ
1790 4074 1970 4126 ἵππων

400 4168 553 4239 φωνή
578 4184 592 4233 ;
620 4168 694 4238 (p.
719 4167 846 4237 447)
871 4167 1007 4221 ἀλλὰ
1024 4166 1180 4239 δῆλον
1203 4167 1286 4220 ὅτι
1308 4166 1432 4230 τοὺς
1453 4164 1562 4218 τῶν
1587 4166 1768 4217 ἵππων
1788 4161 1971 4215 ἐπιϐε-

398 4253 639 4320 ϐηκότας
660 4252 663 4253 ⁷
685 4250 830 4318 λέγει
854 4289 868 4313 ,
904 4250 952 4301 οἳ
1003 4252 1060 4301 ὲν
1093 4253 1272 4321 μορφῇ
1321 4251 1631 4321 φαινόμενοι
1662 4252 1970 4323 ἀνθρώπου,

400 4341 797 4413 παραπλησίως
815 4340 909 4393 τοῦ
930 4342 1030 4394 ἀνα
1037 4341 1198 4412 μέσον
1218 4344 1323 4395 τῶν
1343 4342 1512 4414 ὀρέων
1532 4343 1640 4396 τῶν
1662 4346 1974 4401 κατασκίων

2068 1888 2170 1939 hoc
2212 1892 2358 1939 esset
2383 1899 2647 1952 equorum
2680 1882 2979 1951 negotium.
3026 1879 3235 1950 Reapse
3256 1886 3436 1931 autem
3480 1883 3636 1946 post-

2068 1990 2133 2030 ea
2177 1974 2365 2029 docuit
2396 1976 2607 2038 dicens,
2637 1976 2734 2028 hos
2774 1989 2896 2029 esse
2924 1971 3017 2041 qui
3057 1971 3193 2024 mitti
3226 1970 3401 2025 solent
3450 1982 3480 2020 a
3528 1966 3637 2021 Deo

2066 2065 2133 2119 ad
2164 2066 2605 2120 circumeundam
2632 2073 2859 2131 terram,
2886 2071 2940 2118 et
2965 2063 3292 2117 conveniens
3311 2058 3636 2129 explendum

2067 2157 2266 2226 ubique
2332 2157 2694 2212 ministerium
2750 2164 2910 2225 prout
2960 2154 3049 2208 Dei
3113 2155 3363 2206 voluntas
3419 2149 3629 2204 tulerit.

2066 2247 2291 2303 Constat
2322 2249 2485 2319 igitur
2507 2247 2575 2302 de
2594 2247 2799 2318 angelis
2816 2246 3134 2316 prophetam
3170 2245 3348 2312 loqui;
3381 2250 3465 2298 est
3489 2243 3635 2297 enim

2066 2342 2168 2395 hoc
2189 2340 2363 2411 angeli
2383 2340 2614 2394 oflicium
2638 2358 2652 2394 :
2676 2339 2742 2394 de
2765 2339 2849 2393 his
2872 2353 3021 2406 ergo,
3053 2352 3158 2390 non
3183 2336 3249 2390 de
3277 2335 3453 2403 equis,
3473 2331 3635 2386 verba

2069 2431 2197 2485 facit
2224 2450 2237 2485 :
2291 2432 2642 2501 quamobrem
2675 2439 2728 2484 et
2757 2431 2803 2484 is
2829 2429 2922 2499 qui
2976 2427 3276 2497 respondit,
3309 2427 3509 2480 missos
3539 2424 3637 2478 hos

2068 2523 2237 2577 fuisse
2262 2523 2337 2576 ait
2368 2523 2433 2576 ad
2465 2521 2905 2575 circumeundam
2946 2526 3168 2580 terram,
3208 2517 3351 2571 haud
3385 2515 3636 2585 equidem

2065 2629 2271 2683 equos,
2335 2613 2427 2668 sed
2475 2614 2686 2683 equites
2749 2611 2955 2666 dicens.
3010 2608 3330 2663 Necessario
3374 2616 3551 2660 autem
3583 2606 3635 2658 hi

2066 2721 2281 2775 quoque
2318 2713 2575 2771 tanquam
2626 2702 2801 2772 angeli
2835 2700 2992 2769 equis
3026 2698 3327 2753 insidentes
3371 2708 3636 2765 apparue-

2066 2808 2222 2862 runt,
2285 2797 2350 2850 ad
2419 2797 2540 2865 ejus
2574 2809 2817 2849 normam
2861 2792 2954 2861 qui
2994 2805 3135 2860 equo
3175 2789 3297 2843 rufo
3338 2786 3637 2850 insidebat;

2066 2891 2222 2961 equis
2251 2889 2497 2943 videlicet
2528 2884 2815 2940 ministerii
2852 2882 3185 2938 celeritatem
3232 2878 3639 2941 indicantibus;

2068 2982 2192 3036 rufo
2209 2989 2386 3036 autem
2412 2980 2592 3034 colore
2612 2979 2744 3030 iram
2765 2991 2872 3046 qua
2895 2976 2947 3029 in
2966 2972 3310 3027 adversarios
3328 2971 3637 3024 fervebant:

2069 3076 2299 3144 denique
2351 3080 2405 3127 et
2457 3071 2675 3141 quidam
2719 3069 2858 3134 albi,
2921 3067 3285 3123 lsraelitarunt
3339 3063 3639 3117 claritatem

2072 3152 2481 3233 portendebant,
2512 3176 2575 3214 ex
2604 3160 2818 3213 illorum
2872 3157 3173 3211 ministerio
3204 3154 3465 3217 futuram,
3496 3152 3641 3222 quod

2070 3271 2255 3311 revera
2293 3255 2465 3324 angeli
2517 3259 2794 3315 exercent,
2829 3265 3019 3321 pinnas
3067 3248 3242 3303 noxiis
3275 3248 3637 3317 intponentes,

2072 3348 2333 3403 beneficia
2369 3360 2496 3401 vero
2539 3347 2646 3399 illis
2696 3358 2835 3413 quos
2873 3340 3018 3397 Deus
3065 3340 3402 3395 remunerari
3456 3338 3643 3391 volue-

2074 3442 2159 3495 rit.

2144 3623 2308 3678 Vsus.
2339 3622 2425 3686 ll,
2454 3619 2539 3674 12.
2566 3649 2634 3659 -
2656 3618 2930 3672 Dictorum
2957 3623 3137 3670 autem
3166 3612 3556 3667 demonstratio
3586 3612 3638 3664 in

2074 3714 2431 3785 sequentibus
2476 3712 2551 3765 fit.
2608 3710 2714 3763 «Et
2752 3708 3172 3778 responderunt,
3218 3705 3413 3773 inquit,
3448 3706 3644 3773 angelo

2078 3806 2315 3867 Domini,
2359 3804 2451 3873 qui
2482 3804 2661 3857 stabat
2713 3802 2856 3855 inter
2886 3806 3119 3860 montes,
3154 3806 3317 3866 atque
3352 3795 3639 3851 dixerunt:

2076 3898 2505 3955 Circumivimus
2533 3900 2847 3949 universam
2874 3900 3114 3957 terram;
3145 3898 3198 3945 et
3221 3905 3348 3944 ecce
3390 3889 3643 3944 universa

2076 3999 2220 4046 terra
2249 3990 2550 4053 habitatur,
2590 3995 2645 4042 et
2674 3987 2932 4058 quiescit.
2962 4004 2981 4038 ι
3016 3981 3172 4038 Haud
3206 3984 3452 4053 equidem
3476 3997 3645 4052 equos

2075 4081 2178 4138 sibi
2203 4080 2368 4151 296
2386 4080 2738 4149 respondisse
2760 4078 2894 4133 dicit
2918 4093 2931 4142 ;
2958 4091 3084 4130 nam
3108 4090 3353 4146 quaenam
3380 4088 3644 4144 equorum

2075 4186 2180 4226 vox
2228 4171 2464 4228 fuisset?
2513 4170 2619 4227 Sed
2665 4177 2812 4241 patet
2851 4169 3067 4240 equites
3097 4169 3165 4223 ab
3206 4183 3273 4223 eo
3302 4167 3434 4230 dici,
3466 4166 3557 4236 qui
3589 4168 3644 4220 in

2075 4262 2315 4317 hominis
2364 4261 2535 4331 figura
2575 4261 2766 4325 oblati,
2810 4261 2877 4315 ad
2927 4274 3172 4313 normam
3217 4257 3337 4326 ejus
3380 4257 3472 4326 qui
3508 4257 3646 4309 inter

2077 4363 2292 4411 montes
2326 4355 2619 4410 umbrosas
2662 4368 2806 4423 equo
2840 4352 2966 4407 rufo
3016 4351 3261 4406 insidens
3298 4354 3644 4418 apparuerat,

400 4432 486 4500 ἐφ’
522 4432 689 4485 ἰππου
732 4430 991 4499 φανέντος
1028 4433 1237 4503 πυρροῦ
1264 4474 1278 4498 ,
1327 4432 1549 4496 εἰκότως
1601 4434 1860 4503 ἀνάλογον
1904 4440 1966 4509 τῇ

2082 4449 2276 4503 merito
2306 4462 2606 4517 congruum
2640 4447 2840 4515 speciei
2875 4460 2997 4498 cum
3033 4458 3097 4498 eo
3118 4442 3387 4511 dialogum
3412 4440 3644 4494 habituri

397 4525 521 4593 ὕψει
545 4524 645 4594 τὴν
673 4522 806 4593 πρὸς
827 4521 989 4575 αὐτὸν
1014 4524 1281 4576 ποιεῖσθαι
1319 4523 1552 4590 διάλεξιν
1584 4525 1815 4595 ἤμελλον
1834 4568 1848 4591 ,
1880 4528 1972 4597 ἀφ’

397 4614 467 4687 ἧς
504 4617 566 4687 δὴ
589 4618 684 4669 καὶ
711 4620 739 4669 ὁ
771 4618 1053 4688 προφήτης
1086 4617 1225 4669 κατά
1254 4616 1592 4686 ἀποκάλυψιν
1614 4618 1721 4671 τῶν
1751 4619 1976 4689 λεγομέ-

400 4728 508 4762 νων
540 4708 785 4773 ἀκούων,
823 4708 921 4779 τὴν
952 4707 1011 4773 ἐξ
1039 4708 1215 4761 αὐτῶν
1239 4708 1579 4762 διδασκαλίαν
1612 4710 1840 4782 ἐδέχετο.
1874 4713 1976 4766 Εὖ-

399 4800 556 4870 δηλον
582 4801 692 4871 γάρ
728 4800 808 4853 ὄτι
842 4802 992 4853 πᾶσα
1021 4802 1054 4870 ἡ
1087 4800 1426 4870 ἀποκάλυψις
1456 4802 1548 4854 καλ⁴
1581 4802 1647 4855 τὰ
1686 4803 1774 4857 ἐπ’
1807 4806 1976 4875 αὐτῆς

402 4892 790 4962 θεωρούμενα,
824 4893 919 4945 καὶ
974 4892 1083 4944 εἴτε
1137 4892 1440 4965 ἐρώτησις,
1487 4894 1593 4947 εἴτε
1653 4896 1975 4967 ἀπόκρισις,

402 4985 501 5037 εἶθ’
523 4987 552 5037 ὃ
588 5003 642 5037 τι
672 4986 889 5055 δήποτε,
923 4985 1097 5038 πάντα
1127 4987 1219 5039 ἐπὶ
1249 4987 1349 5057 τῆς
1377 4987 1770 5058 ἀποκαλύψεως
1802 4991 1975 5045 διετύ-

404 5077 593 5130 ποῦτο·
619 5078 695 5141 ὠς
723 5078 789 5132 ἂν
812 5078 899 5131 διὰ
919 5078 1135 5131 πάντων
1156 5080 1253 5150 τὴν
1276 5080 1620 5134 διδασκαλίαν
1643 5083 1671 5133 ό
1697 5086 1978 5155 προφήτης

402 5167 689 5238 δεξάμενος
710 5210 723 5229 ,
757 5167 919 5231 αύτός
948 5185 1007 5220 τε
1044 5168 1223 5222 πίστιν
1250 5171 1377 5240 περὶ
1412 5172 1521 5224 τῶν
1559 5173 1830 5242 ἐσομένων
1863 5173 1977 5243 ἔχοι

406 5260 645 5328 βεϐαίαν,
666 5261 759 5313 καὶ
780 5263 858 5322 είς
879 5260 1097 5331 ἐτέρους
1119 5262 1337 5332 ἐκφέροι
1358 5262 1456 5331 τὴν
1478 5263 1760 5333 ὠφέλειαν.
1792 5266 1975 5320 Ἐοικε

504 5352 594 5404 τὸν
626 5350 991 5421 ἐπιϐεϐηκότα
1020 5351 1113 5402 ἐπὶ
1150 5352 1241 5404 τὸν
1272 5352 1435 5405 ἵππον
1482 5353 1755 5425 ἀναμέσον
1791 5357 1985 5429 ὀρέων,

404 5442 631 5509 ἄγγελον
686 5441 1018 5495 αἰνίττεσθαι
1069 5443 1161 5495 τὸν
1224 5443 1503 5514 ἐφεστῶτα
1551 5445 1628 5515 τῷ
1678 5447 1820 5501 ἔθνει
1882 5452 1990 5506 τῶν

417 5534 766 5602 Ἰσραηλιτῶν
790 5573 805 5596 ,
842 5534 981 5587 κατὰ
1027 5535 1090 5588 τὸ
1129 5536 1417 5608 εἰρημένον
1445 5579 1456 5600 ,
1507 5555 1524 5587 t
1554 5539 1818 5610 Ἔστησε-ν
1856 5543 1979 5615 ὅρια

474 5712 517 5742 ⁸⁸
556 5710 713 5767 Deut.
761 5728 929 5778 xuii,
967 5714 1018 5769 8.

2080 4548 2274 4605 erant;
2333 4554 2399 4593 ex
2446 4553 2553 4608 quo
2601 4538 2765 4592 etiam
2816 4535 3076 4606 propheta
3122 4550 3220 4603 per
3268 4532 3646 4586 revelationent

2081 4648 2201 4703 quae
2225 4632 2543 4686 dicebantur
2568 4630 2816 4691 audiens,
2850 4644 3031 4682 rerum
3057 4626 3303 4680 notitiam
3341 4624 3645 4679 hauriebat.

2081 4724 2307 4777 Constat
2337 4722 2482 4775 enim
2510 4720 2807 4791 quamlibet
2836 4719 3245 4781 revelationem,
3294 4728 3349 4771 et
3378 4733 3467 4770 res
3503 4716 3555 4768 itt
3586 4729 3647 4767 ea

2082 4815 2250 4878 visas,
2301 4815 2413 4868 sive
2464 4812 2848 4881 interrogando
2896 4810 3009 4874 flat,
3080 4811 3195 4866 sive
3245 4804 3645 4878 respondendo,

2083 4907 2198 4961 sive
2243 4904 2671 4975 quomotlolibet,
2722 4902 2866 4957 haud
2911 4904 3071 4957 aliter
3107 4917 3268 4971 quam
3299 4898 3649 4953 revelationis

2082 5006 2211 5071 typo
2237 4998 2349 5051 fieri
2372 5016 2386 5051 :
2420 5004 2481 5051 ut
2512 5012 2607 5067 per
2635 4996 2749 5050 haec
2770 4996 2950 5050 omnia
2971 4996 3231 5066 pr0pheta
3253 4992 3500 5051 edoctus.
3533 4999 3646 5043 tum

2084 5092 2199 5159 ipse
2229 5089 2535 5143 futurorum
2563 5096 2855 5142 eventuum
2888 5088 3096 5141 ﬁrmam
3131 5085 3287 5138 fidem
3314 5088 3645 5151 conciperet.

2084 5190 2247 5250 atqttc
2293 5181 2416 5236 aliis
2461 5197 2677 5252 quoque
2707 5181 2992 5234 utilitatem
3045 5176 3435 5243 itnpertiretur.
3482 5174 3651 5228 l’orro

2085 5273 2299 5328 videtur
2327 5290 2423 5345 per
2454 5274 2606 5328 illum
2635 5274 2896 5339 equitem,
2939 5272 3165 5324 innuere
3194 5268 3443 5337 angelum
3478 5266 3651 5321 lsrae-

2080 5366 2297 5420 litarum
2349 5367 2495 5436 genti
2538 5366 2940 5436 pra-sidentem,
2988 5362 3145 5430 juxta
3194 5360 3434 5415 dictum:
3471 5359 3650 5413 «Coa—

2080 5459 2262 5512 stituit
2295 5459 2563 5512 terminos
2587 5458 2909 5527 populorum
2938 5453 3097 5525 juxta
3132 5468 3416 5508 numerum
3447 5451 3656 5519 angelo-

2086 5562 2208 5601 rum
2238 5545 2333 5603 Dei
2358 5548 2424 5599 ”.
2447 5568 2465 5601 ι
2503 5547 2769 5613 Quoniam
2801 5561 2933 5617 ergo
2962 5544 3156 5615 reliqui
3197 5542 3393 5614 angeli,
3427 5556 3571 5595 cura:
3597 5546 3656 5594 ut
