3992 6232
425 291 522 350 ιιι

1611 303 1955 362 THEODORI
1999 305 2477 365 MOPSUESTENI

3555 308 3661 366 512

430 424 529 477 par
557 414 673 461 erat
700 405 1015 475 participes,
1043 404 1111 460 de
1133 404 1426 463 antedictis
1478 409 1860 480 loquebantur,
1897 412 1989 466 alii

2113 415 2264 469 εθνῶν
2292 417 2429 470 κατά
2462 415 2693 487 ἀριθμὸν
2743 416 2986 485 ἀγγέλων
3017 417 3173 473 Θεοῦ.
3200 437 3219 470 ο
3265 420 3470 491 Ὥσπερ
3494 417 3587 474 οῦν
3610 423 3663 475 oi

428 513 557 552 vero
602 497 766 552 etiam
826 497 1045 551 aiebant
1100 497 1412 554 universam
1453 508 1651 556 terram
1708 504 1761 556 in
1817 505 2000 573 quiete

432 589 679 656 versari;
720 605 782 645 ex
817 590 902 643 his
934 589 1023 644 ille
1050 605 1266 660 quoque
1296 593 1639 648 occasionem
1677 604 1872 652 nactus
1892 604 1995 663 est,

429 683 522 748 qui
564 682 705 736 inter
754 680 1043 737 umbrosos
1086 691 1299 737 montes
1330 684 1642 753 apparebat,
1691 702 1791 742 ceu
1818 689 1998 757 populi

431 773 535 825 sibi
562 788 694 826 cura
724 772 1059 837 concredita,
1079 788 1142 828 ac
1170 773 1359 830 dolens
1383 775 1546 829 veluti
1571 777 1715 846 quod
1733 792 1856 832 cum
1881 796 2000 833 om-

433 866 521 918 nia
551 865 731 933 quiete
767 875 1005 934 agerent,
1031 864 1202 919 solius
1233 863 1569 921 Hierusalem
1596 883 1683 923 res
1709 870 2000 925 turbaren-

434 964 541 1020 tur,
563 955 931 1019 occasionem,
956 957 1199 1025 inquam,
1221 958 1366 1027 cepit
1392 973 1605 1027 precem
1631 960 1919 1029 quamdam
1947 972 2001 1017 et

431 1045 862 1099 obsecrationem
910 1061 1009 1115 pro
1052 1047 1313 1102 universo
1345 1049 1545 1118 popqu
1574 1048 1665 1105 Dei
1713 1051 1995 1107 oﬁerendi.

441 1153 459 1185 ι
479 1132 780 1204 Respondit
803 1136 971 1202 enim,
1006 1137 1200 1207 inquit,
1224 1140 1449 1209 angelus
1473 1139 1685 1195 Domini
1754 1144 2002 1215 dixitque

436 1222 549 1285 (ille
571 1224 779 1279 scilicet
807 1224 900 1294 qui
934 1224 1074 1281 inter
1099 1237 1311 1283 montes
1348 1229 1715 1297 consistebat;
1746 1248 1869 1286 nam
1896 1249 2001 1289 cte-

437 1314 539 1368 teri
579 1313 888 1369 universam
932 1325 1132 1370 terram
1181 1317 1434 1372 dixerant
1470 1318 1706 1374 habitari
1753 1329 1807 1375 et
1841 1323 2001 1391 quie-

438 1405 610 1475 scere)
635 1427 649 1461 :
743 1404 965 1462 Domine
992 1408 1358 1478 omnipotens,
1392 1425 1680 1482 quousque
1704 1427 1812 1466 non
1838 1414 2001 1468 mise-

434 1497 639 1553 reberis
671 1495 1026 1563 Hierusalem,
1060 1499 1391 1571 urbiumque
1413 1500 1587 1565 ludas,
1618 1519 1756 1573 quas
1781 1513 2002 1573 septua-

432 1591 581 1658 ginta
606 1589 718 1659 jam
750 1606 923 1645 annos
954 1601 1281 1660 aspernatus
1304 1593 1442 1648 es?»
1487 1593 1681 1650 Dicens
1711 1611 2001 1666 propemo-

433 1682 562 1735 dum
586 1698 599 1734 :
638 1680 861 1736 Ceteris
885 1682 1137 1753 gentibus
1164 1685 1442 1749 omnibus,
1474 1693 1652 1741 tutum
1675 1687 1887 1756 praabes
1914 1688 1998 1742 in-

433 1772 668 1825 eolatum
698 1783 751 1828 et
778 1773 1036 1843 quietem,
1070 1774 1122 1828 in
1146 1791 1252 1846 qua
1306 1777 1428 1832 illas
1460 1778 1665 1833 versari
1701 1779 2000 1847 concedis;
2032 1759 2072 1814 Β

434 1863 551 1916 sola
582 1880 709 1919 vero
750 1876 864 1929 tua,
928 1874 987 1921 ut
1033 1868 1265 1934 videtur,
1309 1868 1645 1924 Hierusalem
1680 1878 1736 1925 et
1785 1872 2005 1941 reliqua:

434 1950 587 2009 Judte
612 1953 862 2010 civitates
886 1958 1163 2012 communi
1198 1958 1300 2012 hoc
1327 1975 1436 2013 non
1468 1960 1727 2015 fruuntur
1755 1976 2001 2016 munere.

438 2041 545 2098 Sed
591 2045 848 2114 quoniam
898 2047 973 2102 rei
1020 2048 1185 2117 hujus
1214 2065 1380 2105 causa
1413 2060 1633 2120 peccata
1656 2052 2002 2116 exstiterunt,

435 2143 597 2204 atque
642 2137 937 2208 impietatis
993 2142 1259 2208 studium,
1323 2143 1485 2213 297
1531 2153 1586 2198 et
1635 2145 2000 2210 contumacia,

436 2231 808 2286 misericordia
851 2234 1010 2289 malis
1050 2235 1173 2303 ejus
1210 2236 1474 2295 medetor.
1519 2245 1575 2292 et
1604 2252 1873 2291 annorum
1906 2253 2008 2290 nu-

437 2337 648 2375 merum
686 2324 989 2393 respiciens
1019 2326 1220 2397 quibus
1253 2328 1338 2381 bis
1381 2339 1708 2399 premuntur
1731 2330 2008 2384 calamita-

438 2414 604 2479 tibus,
644 2416 1000 2473 suﬁicientem
1028 2419 1140 2487 jam
1172 2421 1410 2489 peccatis
1440 2422 1735 2476 arbitrator
1768 2423 2010 2490 punitio-

437 2517 557 2554 nem
597 2504 739 2557 mala
776 2504 908 2563 haec.
943 2522 1065 2574 quae
1100 2506 1249 2575 ipsos
1283 2516 1438 2561 tanto
1468 2518 1713 2578 tempore
1743 2510 2003 2563 obruunt.

437 2594 800 2657 Quamobrem
856 2601 1141 2654 clementia
1193 2612 1284 2655 tua
1336 2615 1558 2671 peccato
1610 2604 1756 2657 omni
1806 2602 2003 2665 deleto,

437 2685 724 2753 pristinam
777 2690 944 2743 redde
991 2692 1429 2760 prosperitatem,
1487 2701 1546 2745 ut
1573 2700 1627 2745 et
1667 2692 2003 2746 Hierusalem

398 2780 403 2783 ’
437 2774 590 2844 fuxta
635 2780 869 2845 priorem
909 2779 1137 2834 formam
1166 2781 1485 2848 aediﬁcetur,
1519 2791 1572 2835 et
1606 2783 1828 2852 reliqua!
1852 2781 2005 2835 Judze

437 2868 687 2922 civitates
717 2871 896 2923 denuo
927 2870 1258 2924 consistant.

2099 504 2274 558 λοιποὶ⁸
2301 504 2408 559 τῶν
2435 505 2680 573 ἀγγέλων
2709 506 3085 569 κοινωνοῦντες
3109 505 3183 570 ὡς
3214 508 3358 571 εἰκὸς
3377 510 3472 579 τῆς
3505 528 3666 580 φρον-

2098 592 2242 658 τίδος
2274 594 2403 665 περὶ
2430 594 2535 648 τῶν
2565 596 2935 667 προκειμένων
2957 595 3278 663 διελέγοντο,
3316 597 3363 650 οἳ
3402 599 3494 651 καί
3522 599 3663 669 ἐμή-

2102 702 2268 738 νυσαν
2302 685 2448 756 αύτῷ
2476 686 2535 739 τὸ
2558 688 2735 739 πᾶσαν
2767 686 2863 757 τὴν
2891 686 2992 753 γῆν
3020 688 3076 737 tv
3109 688 3307 757 ήσυχίᾳ
3337 687 3667 742 καθεστάναι

2098 778 2218 830 τότε
2241 794 2255 809 ·
2284 778 2376 846 ἀφ’
2405 771 2479 830 ὧν
2513 778 2575 848 δὴ
2609 779 2701 831 κα)⁸
2730 778 2911 849 χώραν
2938 781 3139 842 ἐκεῖνος
3177 778 3353 831 λαϐὼν
3392 780 3667 848 ἀναμέσον

2099 871 2208 923 τῶν
2234 869 2543 922 κατασκίων
2569 869 2739 938 ὁρέων
2762 869 2946 938 ὀφθεὶς
2962 909 2977 932 ,
3008 873 3079 939 (p.
3103 870 3227 938 448)
3249 870 3324 932 ὡς
3349 870 3417 923 ἂν
3443 871 3542 940 τὴν
3572 870 3666 923 τοῦ

2099 959 2231 1014 λαοῦ
2257 960 2509 1031 φροντίδα
2549 960 3003 1030 πεπιστευμένος,
3033 961 3126 1013 καί
3155 978 3207 1013 τι
3254 962 3345 1015 καὶ
3384 960 3574 1014 παθὼν
3619 964 3668 1014 εί

2104 1051 2278 1104 πάντα
2320 1050 2417 1121 μὲν
2446 1049 2592 1102 ἔστιν
2617 1052 2674 1103 tv
2705 1051 2939 1120 ἡσυχία,
2971 1050 3041 1103 τὰ
3079 1050 3219 1102 κατά
3254 1050 3353 1120 τὴν
3391 1052 3667 1120 Ἰερουσα-

2099 1140 2209 1210 λὴμ
2247 1140 2305 1193 δὲ
2360 1139 2775 1210 διατετάρακται
2812 1141 2966 1210 μόνα,
2987 1142 3151 1211 εὐχήν
3184 1158 3301 1191 τινα
3348 1140 3442 1191 καὶ
3484 1141 3668 1209 δέησιν

2100 1232 2241 1301 ὑπὲρ
2271 1231 2469 1295 παντὸς
2501 1231 2594 1284 τοῦ
2634 1230 2819 1295 ἔθνους
2850 1233 3120 1303 προσάγει
3166 1231 3245 1302 τῷ
3277 1231 3414 1301 Θεῷ.
3461 1250 3480 1282 t
3504 1232 3668 1284 Ἀπε-

2101 1322 2262 1393 κρίθη
2294 1322 2401 1393 γὰρ
2423 1364 2438 1387 ,
2475 1324 2638 1394 φησὶν
2662 1360 2678 1386 ,
2718 1324 2747 1375 6
2771 1323 3001 1392 ἄγγελος
3037 1322 3239 1394 Κυρίου
3292 1324 3385 1377 καὶ
3434 1318 3609 1375 εἶπεν.
3644 1342 3664 1373 ι

2113 1415 2346 1479 Ἐκεῖνος
2387 1415 2449 1485 δὴ
2493 1416 2522 1468 6
2563 1415 2834 1485 ἀναμέσον
2864 1415 2972 1469 τῶν
3020 1416 3188 1487 ὁρέων
3220 1414 3456 1484 ἐφεστὼς
3481 1454 3496 1477 ,
3529 1416 3671 1485 ὅπερ

2099 1501 2193 1559 οὖν
2240 1501 2393 1558 εἷπον
2420 1505 2470 1557 οί
2516 1503 2691 1557 λοιποὶ
2724 1504 2785 1557 τὸ
2817 1506 2996 1560 πᾶσαν
3022 1504 3120 1575 τὴν
3152 1504 3255 1574 γῆν
3301 1502 3672 1557 κατοικεῖσθαι

2101 1597 2193 1649 καὶ
2220 1596 2531 1666 ἡσυχάζειν.
2572 1613 2590 1646 ι
2615 1593 2787 1665 Κύριε
2826 1594 3253 1665 παντοκράτωρ,
3280 1594 3382 1656 ἕως
3418 1592 3562 1656 τίνος
3606 1593 3669 1644 ού

2104 1686 2178 1757 μὴ
2200 1686 2426 1757 ἐλεήσῃς
2453 1686 2554 1756 τὴν
2597 1684 2950 1757 Ἰερουσαλὴμ
2976 1685 3071 1739 καὶ
3112 1684 3210 1748 τὰς
3258 1685 3435 1746 πόλεις
3476 1682 3669 1743 Ἰούδα.

2100 1776 2167 1840 ἀς
2194 1777 2473 1848 ὑπερεῖδες
2521 1776 2679 1831 τοῦτο
2703 1777 3098 1847 ἑϐδομηκοστὸν
3123 1777 3240 1840 ἔτος
3264 1795 3279 1843 ;
3306 1796 3324 1828 ι
3372 1777 3675 1847 Μονονουχὶ

2098 1870 2293 1937 λέγων,
2316 1870 2457 1922 Πᾶσι
2483 1872 2596 1933 τοῖς
2613 1870 2815 1933 λοιποῖς
2836 1868 3013 1922 ἔθνεσι
3032 1871 3143 1932 τοῖς
3163 1869 3301 1923 κατά
3324 1869 3424 1936 γῆν
3453 1867 3674 1936 ἀσφαλῆ
3728 1924 3731 1927 η

2101 1958 2372 2030 παρέσχες
2393 1957 2489 2030 τὴν
2511 1960 2722 2029 οἴκησιν
2750 1958 2847 2012 καὶ
2874 1957 2971 2029 τὴν
2996 1957 3224 2028 ἡσυχίαν
3247 1997 3262 2020 ,
3300 1958 3416 2027 μεθ’
3442 1952 3511 2028 ἦς
3542 1956 3677 2009 ἐτα-

2102 2048 2199 2115 ξας
2226 2049 2429 2117 διάγειν
2462 2048 2658 2112 αύτούς
2677 2066 2691 2079 ο
2720 2049 2855 2119 μόνη
2874 2050 2928 2102 δὲ
2968 2051 3001 2119 ὴ
3029 2048 3095 2119 σὴ
3134 2049 3209 2112 ὡς
3231 2048 3405 2102 ἔοικεν
3427 2087 3443 2111 ,
3472 2048 3676 2119 Ἰερου-

2105 2138 2287 2209 σαλὴμ
2330 2139 2424 2191 καὶ
2463 2138 2519 2191 αί
2564 2140 2747 2192 λοιπαὶ
2793 2138 2887 2191 τοῦ
2930 2138 3098 2192 Ἰούδα
3141 2138 3323 2201 πόλεις
3358 2139 3457 2208 τῆς
3487 2138 3677 2208 κοινῆς

2100 2229 2302 2299 ταύτης
2344 2231 2445 2282 οὐκ
2502 2228 2833 2282 ἀπολαύουσι
2896 2230 3120 2301 δωρεᾶς.
3186 2228 3323 2281 Ἀλλ’
3376 2229 3678 2301 ἐπειδήπερ

2102 2319 2249 2372 αἰτία
2286 2319 2490 2372 τούτων
2515 2320 2697 2382 αὐτοῖς
2724 2319 2792 2372 τά
2847 2320 3218 2390 ἁμαρτήματα
3249 2318 3468 2389 γέγονε,
3515 2319 3611 2373 καὶ
3640 2322 3678 2390 ἡ

2101 2412 2201 2481 τῆς
2248 2411 2498 2475 ἀσεϐείας
2529 2411 2830 2481 ἐπιμέλεια,
2867 2411 2961 2464 καὶ
2991 2410 3052 2463 τὸ
3081 2410 3365 2473 δυσπειθὲς
3387 2451 3403 2474 ,
3436 2410 3572 2478 ἐλέῳ
3610 2410 3681 2480 δὴ

2100 2496 2169 2556 τὰ
2203 2505 2324 2555 κατ’
2358 2501 2525 2566 αὑτὰς
2554 2503 2732 2565 ἴασαι,
2768 2502 2800 2572 ἦ
2838 2502 2974 2572 πρὸς
3009 2502 3098 2555 τὸν
3129 2500 3359 2572 ἀριθμὸν
3398 2501 3505 2555 τῶν
3537 2500 3683 2555 ἐτῶν

2113 2593 2425 2664 ἀποϐλέψας
2459 2595 2519 2647 tv
2555 2589 2635 2656 οἷς
2684 2596 2740 2648 tv
2771 2597 2891 2657 ταῖς
2924 2596 3225 2666 συμφοραῖς
3264 2596 3518 2664 γεγόνασι
3547 2594 3685 2648 ταύο

2110 2702 2261 2748 ταις.
2292 2684 2563 2756 ἀρκοῦσαν
2593 2685 2731 2756 ὑπὲρ
2760 2679 2834 2738 ὧν
2858 2687 3104 2758 ἥμαρτον
3140 2684 3349 2754 λόγισαι
3373 2687 3473 2756 τὴν
3504 2703 3684 2757 τιμωο

2115 2777 2235 2846 ρίαν
2262 2778 2366 2830 τῶν
2411 2779 2469 2830 ὲν
2518 2778 2755 2849 τοσούτῳ
2797 2778 2972 2849 χρόνῳ
3001 2780 3440 2851 περιεσχηκότων
3484 2780 3688 2843 αὐτοὺς

2111 2870 2296 2924 κακῶν
2318 2887 2330 2900 ·
2370 2869 2501 2941 ἐλέῳ
2531 2888 2590 2922 τε
2612 2871 2795 2941 οἰκείῳ
2810 2870 2877 2923 τὰ
2908 2872 3279 2943 ἁμαρτήματα
3300 2873 3477 2927 αὐτῶν
3505 2890 3682 2943 παρα·

445 2957 783 3027 γραψάμενος
808 2958 1039 3020 ἅπαντα,
1068 2961 1160 3013 καὶ
1201 2961 1297 3031 τὴν
1339 2961 1574 3015 παλαιὰν
1602 2961 1782 3024 αὐτοῖς
1820 2962 2050 3024 ἀποδοὺς
2078 2960 2379 3030 εὐπραγίαν
2401 2979 2415 2993 ο
2453 2962 2591 3016 ὥστε
2625 2962 2720 3015 καὶ
2749 2963 2849 3032 τὴν
2882 2963 3233 3034 Ἰερουσαλὴμ
3265 2964 3570 3034 οἰκισθῆναι
3622 2964 3689 3017 τὸ

441 3048 701 3121 πρότερον
756 3054 938 3123 σχῆμα
1012 3055 1103 3108 καὶ⁹
1132 3056 1229 3118 τὰς
1256 3056 1449 3119 λοιπάς
1480 3057 1571 3109 τοῦ
1617 3057 1787 3111 Ἰούδα
1827 3057 2008 3121 πόλεις
2047 3055 2198 3121 αὖθις
2231 3058 2509 3128 συστῆναι.

512 3142 675 3198 Vens.
713 3145 793 3204 l5,
817 3145 898 3197 ΓΙ.
926 3175 987 3183 -
1019 3146 1242 3215 Insuper
1272 3150 1445 3217 pergit
1474 3149 1689 3202 dicere:
1725 3167 1742 3199 ‹
1765 3148 2008 3217 Respon-

2181 3147 2327 3217 Στίχ.
2359 3155 2448 3216 ιγ’.
2476 3149 2560 3213 ιζ’.
2586 3180 2653 3190 --
2674 3148 2817 3220 Πρὸς
2844 3149 2902 3203 δὲ
2925 3148 3101 3202 ταῦτα
3121 3148 3344 3215 ἐπάγειο
3366 3166 3385 3198 t
3412 3148 3523 3201 Καὶ
3550 3149 3693 3201 ἀπε-

440 3236 631 3304 dilque
663 3236 927 3290 Dominus
959 3240 1307 3308 omnipotens
1343 3241 1535 3310 angelo
1564 3242 1801 3309 loquenti
1837 3241 1891 3295 in
1926 3256 2013 3295 me

442 3324 581 3378 bona
612 3326 772 3379 verba
820 3335 873 3380 et
920 3343 1199 3383 sermones
1251 3330 1670 3384 οοιιδιιιςιιοιοὶοε.
1700 3351 1718 3379 ι
1759 3330 2013 3386 Ostendit

446 3417 530 3472 his
582 3417 765 3473 verbis
819 3419 959 3472 hanc
1014 3437 1135 3475 esse
1184 3422 1484 3475 orationem
1536 3422 1684 3475 illius
1733 3420 1824 3489 qui
1875 3424 2013 3475 inter

446 3519 657 3564 nmutes
707 3512 995 3565 ttinbrosos
1050 3513 1372 3583 loquebatur
1416 3514 1470 3567 in
1508 3528 1606 3570 co:
1668 3509 1754 3567 cui
1812 3509 2005 3579 inquit

446 3604 797 3672 respondisse
890 3603 1057 3658 Deum
1110 3604 1298 3675 plenos
1348 3604 1684 3675 benignitate
1732 3618 2015 3659 sermones

446 3696 849 3766 inultorumque
899 3696 1166 3751 bonorum
1212 3698 1597 3766 promissores,
1650 3696 1855 3765 quique
1901 3711 2017 3748 om-

447 3788 576 3839 nino
630 3789 697 3842 ad
739 3790 1135 3845 consolandum
1181 3789 1491 3845 suﬁicerent
1541 3788 1790 3842 homines
1830 3788 1882 3840 in
1936 3795 2017 3839 tot

446 3879 722 3948 tantisque
768 3883 1035 3949 angustiis
1080 3889 1386 3936 versantes.
1420 3879 1632 3945 Quibus
1672 3878 1854 3932 verbis
1900 3878 2016 3947 ipse

448 3970 672 4039 angulus
712 3972 778 4023 ad
820 3971 1073 4026 ﬁduciam
1113 3980 1350 4034 erectus,
1403 3971 1674 4040 signiﬁcat
1710 3970 2010 4039 prophetae,

447 4076 570 4129 quae
614 4061 718 4117 sibi
776 4061 918 4117 Deus
971 4063 1185 4117 dixerat
1233 4062 1473 4115 tuaxima
1525 4062 1665 4115 bona
1716 4060 2014 4122 spondens,

448 4168 571 4220 qum
600 4152 864 4223 deinceps
896 4153 1017 4208 urbi
1055 4152 1390 4207 Hierusalem
1427 4151 1692 4205 conferet.
1730 4170 1747 4202 ι
1770 4150 2019 4219 Dixitque

451 4246 583 4300 Inibi
606 4247 830 4316 angelus
856 4247 947 4316 qui
974 4247 1028 4300 in
1053 4262 1139 4299 me
1170 4244 1527 4315 loquebatur:
1558 4244 1765 4304 ultima,
1792 4243 2014 4297 dicens:

456 4341 582 4395 llaec
646 4339 778 4393 dicit
800 4336 1061 4393 Dominus
1081 4336 1462 4405 omnipotens:
1500 4332 1718 4388 Zelatus
1740 4349 1858 4386 sum
1889 4332 2018 4386 Sion

454 4434 617 4496 atque
662 4428 1005 4483 Hierusalem
1049 4429 1168 4483 zelo
1208 4442 1422 4496 magno.
1464 4426 1525 4480 Et
1565 4427 1645 4481 ira
1686 4442 1878 4497 magna
1912 4425 2021 4477 ira-

2117 3236 2277 3307 κρίθη
2300 3237 2499 3307 Κύριος
2525 3238 2915 3310 παντοκράτωρ
2940 3237 3017 3309 τῷ
3035 3237 3248 3308 ἀγγέλῳ
3270 3238 3344 3308 τῷ
3362 3236 3613 3290 λαλοῦντι
3629 3241 3692 3291 ἐν

2118 3330 2240 3398 ἐμοὶ
2253 3333 2469 3401 ῥήματα
2481 3330 2619 3383 καλά
2634 3332 2726 3383 καὶ
2738 3330 2924 3398 λόγους
2937 3349 3011 3383 πα
3018 3329 3398 3401 ρακλητικούς.
3420 3350 3437 3380 r
3460 3329 3535 3401 (p.
3556 3330 3689 3395 419)

2122 3422 2326 3488 Ἔδειξε
2359 3421 2452 3475 καὶ
2491 3422 2578 3475 διὰ
2604 3421 2793 3476 τούτου
2827 3422 2908 3476 ὃτι
2939 3421 3101 3475 αὑτοῦ
3146 3421 3237 3474 τοῦ
3282 3420 3553 3490 ἀναμέοον
3579 3420 3695 3473 τῶν

2118 3513 2289 3584 ὀρέων
2318 3512 2423 3566 τῶν
2452 3513 2759 3566 κατασκίων
2802 3511 2898 3565 τοῦ
2926 3510 3211 3574 λαλοῦντος
3259 3512 3316 3563 tv
3343 3509 3492 3578 αὐτῷ
3525 3510 3621 3562 καὶ
3656 3513 3693 3580 ἡ

2118 3605 2299 3674 δέησις
2318 3600 2385 3674 ἦν
2411 3603 2548 3673 αὕτη
2572 3620 2585 3633 ·
2616 3603 2749 3675 πρὸς
2775 3603 2833 3656 δν
2853 3603 3000 3669 λέγει
3027 3602 3117 3655 τὸν
3144 3602 3274 3655 Θεὸν
3295 3600 3699 3671 ἀποκεκρίσθαι

2120 3694 2323 3763 πολλῆς
2371 3696 2701 3763 ἀγαθότητος
2749 3694 3015 3765 γέμοντας
3066 3694 3284 3761 λόγους.
3336 3694 3430 3748 καὶ
3478 3694 3700 3747 πολλῶν

2122 3788 2341 3857 ἀγαθῶν
2370 3788 2589 3858 ἔχοντας
2624 3787 2955 3855 ἐπαγγελίαν
2978 3826 2993 3849 ,
3027 3787 3121 3841 καὶ
3170 3788 3387 3850 ἱκανοὺς
3430 3788 3702 3839 παντοίαν

2123 3878 2464 3949 παράκλησιν
2490 3879 2601 3939 τοῖς
2627 3878 2682 3930 tv
2716 3876 2990 3939 τοσούτοις
3019 3894 3076 3930 τε
3094 3876 3187 3929 καὶ
3205 3875 3482 3940 τοιαύταις
3518 3893 3704 3946 προσ-

2124 3972 2348 4039 αγαγεῖν
2394 3971 2676 4037 ἀνάγκαις.
2724 3968 2837 4038 Ἐφ’
2886 3963 2965 4030 οἷς
3016 3969 3080 4039 δὴ
3131 3968 3225 4021 καὶ
3276 3971 3305 4021 6
3353 3967 3584 4036 ἄγγελος
3634 3970 3704 4021 τὸ

2124 4061 2345 4133 θαρρεῖν
2375 4060 2573 4126 λαϐὼν,
2610 4058 2800 4131 μηνύει
2823 4058 2899 4130 τῷ
2927 4061 3180 4131 προφήτῃ
3213 4053 3407 4130 οἷάπερ
3439 4059 3591 4129 αὐτῷ
3616 4061 3705 4112 εἵ-

2128 4169 2258 4222 ρητο
2311 4152 2462 4223 παρὰ
2514 4151 2607 4204 τοῦ
2640 4151 2776 4204 Θεοῦ
2826 4150 3153 4219 ἐπαγγελίαν
3204 4151 3471 4222 μεγίστων
3504 4151 3706 4221 ἔχοντα

2126 4244 2365 4313 ἀγαθῶν,
2400 4243 2434 4297 ἃ
2464 4245 2591 4314 περ)⁸
2620 4244 2715 4316 τὴν
2742 4245 3097 4317 Ἰερουσαλὴμ
3122 4244 3443 4309 ἐπιδείξεται
3466 4245 3561 4297 τοῦ
3590 4245 3708 4297 λοι-

2127 4337 2252 4391 ποῦ.
2290 4338 2449 4405 Λέγει
2476 4338 2531 4390 δὲ
2555 4337 2725 4400 οὕτως
2745 4354 2759 4368 ⁸
2799 4358 2816 4390 ι
2845 4340 2953 4392 Καὶ
2986 4334 3103 4391 εἷπε
3130 4338 3264 4409 πρός
3295 4355 3361 4407 με
3404 4338 3433 4388 6
3466 4338 3706 4406 ἄγγελος

2125 4432 2154 4483 ὁ
2180 4430 2356 4484 λαλῶν
2385 4431 2441 4482 ὲν
2475 4430 2595 4500 ἐμοί
2616 4449 2628 4462 ·
2671 4430 3175 4501 Ἀνάκραγε,λέγων
3202 4446 3215 4457 ⁸
3247 4430 3383 4483 Τάδε
3410 4429 3559 4498 λέγει
3587 4431 3710 4482 K13-

453 4533 581 4572 scor
623 4535 722 4590 ego
759 4537 926 4590 super
972 4530 1164 4591 gentes
1197 4535 1318 4591 qua:
1365 4518 1637 4573 hostiliter
1670 4518 2008 4572 invaserunt

2132 4537 2241 4591 ριος
2267 4519 2686 4589 παντοκράτωρο
2726 4520 3004 4590 Ἑζήλωκα
3036 4520 3134 4589 τὴν
3165 4518 3302 4572 Σιὼν
3333 4520 3425 4571 καὶ
3455 4518 3555 4589 τὴν
3606 4521 3710 4573 Ἰε-

453 4610 714 4679 qumiiam
762 4628 862 4682 ego
899 4613 1111 4667 modice
1143 4613 1316 4668 iratus
1349 4611 1445 4674 fui,
1505 4611 1610 4665 illae
1642 4617 1820 4664 autem
1853 4610 2008 4664 scele-

2127 4610 2404 4682 ρουσαλὴμ
2436 4608 2592 4679 ζῆλον
2628 4609 2798 4680 μέγαν
2828 4627 2841 4641 ·
2879 4612 2971 4663 καὶ
2994 4610 3129 4681 ὀργῇ
3167 4610 3376 4681 μεγάλῃ
3407 4610 3517 4678 ἐγὼ
3541 4611 3673 4682 ὀργί
3693 4640 3710 4650 -

454 4714 594 4761 stam
631 4705 1039 4775 aggressionem
1094 4703 1363 4760 fecerunt.
1401 4703 1695 4771 Propterea
1746 4701 1858 4754 haec
1896 4700 2001 4752 dici

2126 4700 2287 4771 ζομαι
2315 4702 2406 4753 ἐπὶ
2438 4702 2504 4753 τά
2545 4700 2671 4770 ἔθνη
2719 4701 2785 4754 τά
2818 4702 3263 4772 συνεπιτιθέμενα
3286 4720 3299 4733 ·
3333 4703 3448 4755 ἀνθ’
3482 4696 3558 4755 ὧν
3589 4704 3711 4772 ἐγὼ

454 4798 753 4853 Dominus:
806 4796 1072 4851 Revertar
1100 4797 1165 4851 ad
1191 4795 1526 4851 Hierusalem
1561 4809 1683 4849 cum
1718 4792 2003 4846 misericor

2131 4797 2228 4864 μὲν
2256 4794 2531 4865 ὠργίσθην
2553 4793 2707 4862 ὀλίγα
2730 4833 2746 4857 ,
2786 4794 2938 4847 αὐτοὶ
2959 4794 3014 4846 δὲ
3046 4794 3396 4847 συνεπέθεντο
3427 4795 3506 4857 εἰς
3529 4795 3709 4848 κακά.

454 4891 565 4952 .lia‘,
603 4902 651 4944 et
685 4892 880 4944 domus
915 4906 1032 4944 mea
1074 4906 1268 4945 rursus
1298 4889 1659 4944 mdilicabitur
1696 4889 1749 4942 in
1782 4903 1868 4949 ea,
1901 4886 2007 4939 dici

2129 4887 2226 4939 Διά
2262 4885 2419 4939 τοῦτο
2469 4885 2593 4939 τάδε
2625 4885 2773 4953 λέγει
2821 4885 3019 4956 Κύριος
3043 4902 3057 4915 ο
3105 4885 3445 4956 Ἑπιστρέψω
3475 4888 3569 4938 ἐπὶ
3607 4887 3703 4938 Ἱερ

457 4981 721 5037 Dominus
750 4982 1122 5050 omnipotens,
1144 4991 1198 5036 et
1222 4998 1473 5036 mensura
1496 4978 1819 5034 extendetur
1850 4976 2008 5030 adhm

2137 4977 2418 5049 ρουσαλὴμ.
2446 4979 2503 5030 tv
2526 4978 2793 5048 οἰκτιρμῴ
2817 5020 2832 5041 ,
2859 4979 2951 5031 καὶ
2981 4981 3009 5031 6
3030 4973 3175 5039 οῐκος
3204 4995 3303 5047 μου
3346 4978 3709 5051 ἀνοικοδομη-

456 5075 512 5129 in
550 5075 910 5130 Hierusalem.
939 5073 1005 5127 Et
1028 5074 1166 5128 dixit
1193 5073 1323 5126 mihi
1344 5073 1568 5142 angelus
1591 5072 1683 5140 qui
1709 5068 2008 5138 Ithut'balm

2134 5071 2357 5140 θήσεται
2402 5072 2459 5122 tv
2512 5071 2646 5140 αὐτῇ
2673 5111 2687 5133 ,
2722 5070 2868 5137 λέγει
2920 5069 3121 5138 Κύριος
3158 5070 3579 5140 παντοκράτωρο
3612 5074 3718 5125 καὶ

456 5169 646 5230 inme,
680 5170 890 5231 Clama,
930 5166 1152 5222 dicens:
1196 5164 1323 5220 Haec
1368 5166 1441 5218 ait
1482 5164 1742 5217 Dominus
1780 5161 2008 5227 omnipo‘

2139 5160 2333 5231 μέτρον
2361 5159 2713 5229 ἐκταθὴσεται
2747 5162 2840 5212 ἐπὶ
2883 5158 3238 5228 Ἰερουσαλὴμ
3287 5158 3386 5212 ἔτι.
3429 5160 3540 5210 Καὶ
3584 5155 3717 5214 εἶπε

455 5270 613 5315 tens:
648 5261 837 5315 Adhuc
864 5260 1085 5315 allluent
1108 5258 1357 5313 civitates
1387 5255 1566 5318 bonis,
1596 5266 1650 5308 et
1681 5252 2008 5309 miserebitm

2138 5252 2270 5323 πρός
2308 5270 2374 5320 με
2408 5254 2436 5304 ὁ
2462 5251 2689 5319 ἄγγελος
2718 5253 2746 5303 6
2768 5250 2943 5303 λαλῶν
2976 5252 3035 5303 ὲν
3069 5249 3192 5320 ἐμοί
3217 5268 3230 5280 ·
3279 5250 3603 5321 ’Δνάκραγε,
3624 5252 3689 5305 λέ
3708 5284 3723 5293 ο

464 5354 637 5407 7adhuc
670 5352 931 5408 Dominus
958 5351 1113 5416 Sion,
1143 5359 1198 5408 et
1226 5350 1386 5420 eliget
1410 5347 1767 5403 Hierusalem.
1793 5365 1813 5398 ι

2140 5361 2253 5412 γων
2273 5360 2285 5373 ⁸
2320 5344 2458 5397 Τάδε
2484 5343 2632 5410 λέγει
2676 5342 2877 5413 Κύριος
2902 5342 3290 5412 παντοκράτωρ
3310 5359 3322 5373 ·
3359 5343 3480 5394 Ἔτι
3520 5342 3691 5413 διαχυ

2139 5435 2392 5505 θήσονται
2424 5434 2605 5497 πόλεις
2633 5434 2690 5487 ὲν
2717 5432 2940 5500 ἀγαθοῖς
2958 5472 2971 5493 ,
3001 5432 3093 5485 καὶ
3120 5432 3333 5502 ἐλεήσει
3376 5430 3584 5501 Κύριος
3629 5433 3720 5486 ἔτι

2138 5526 2234 5596 τὴν
2259 5525 2415 5593 Σιὼν,
2441 5526 2535 5579 καὶ
2566 5526 2791 5595 αἱρετιεί
2812 5523 2890 5576 ἔτι
2923 5522 3019 5594 τὴν
3067 5522 3438 5594 Ἰερουσαλήμ.
3463 5542 3481 5574 r

2211 5617 2285 5687 (p.
2317 5616 2444 5682 450)
2474 5616 2773 5684 Δεξάμενος
2800 5613 2906 5684 γάρ
2931 5654 2945 5678 ,
2982 5614 3143 5684 φησὶν
3168 5655 3182 5676 ,
3227 5613 3515 5683 ἀπόκρισιν
3557 5611 3726 5682 παρὰ

2141 5710 2231 5763 τοῦ
2257 5709 2389 5762 Θεοῦ
2424 5707 2675 5777 τοιαύτην
2703 5708 2730 5759 6
2754 5706 2979 5774 ἄγγελος
2998 5745 3014 5768 ,
3046 5707 3206 5768 αὐτὸς
3246 5724 3303 5759 τε
3332 5706 3421 5758 ἐπὶ
3464 5706 3576 5769 τοῖς
3623 5705 3730 5757 λεσ

537 5625 801 5694 Accepto,
818 5624 1015 5693 inquit,
1036 5623 1140 5677 hoc
1170 5639 1197 5677 a
1222 5624 1330 5677 Deo
1356 5636 1617 5691 responso
1640 5620 1882 5689 angelus,
1920 5629 2029 5671 lum

469 5718 583 5790 ipse
629 5716 713 5771 bis
743 5716 903 5772 dictis
952 5716 1171 5785 gavisus
1204 5724 1310 5783 cst,
1366 5723 1478 5769 tum
1535 5730 1620 5768 me
1655 5729 1869 5784 quoque
1902 5728 2033 5766 con-
