3992 6232
344 335 444 389 513

1307 328 1850 387 COMMENTARIUS
1884 330 1948 386 IN
1989 330 2361 389 ZACHARIE
2394 331 2543 387 CAP.
2578 331 2620 386 1.

3466 333 3567 391 ιιι

342 453 584 526 γομένοις
610 450 774 522 ἦσθη,
804 451 901 506 καλ⁵
924 451 1022 522 ἐμὲ
1042 452 1263 522 θαρῥείν
1288 452 1507 506 ἐκέλευε
1535 470 1602 506 πε
1612 454 1664 524 pl.
1688 453 1900 508 πάντων

2005 454 2170 510 ﬁdere
2192 454 2360 523 jussit
2389 453 2456 509 de
2476 452 2732 509 omnibus
2759 450 2816 507 in
2848 450 3124 507 futurum:
3162 452 3235 506 ita
3265 460 3324 507 ut
3351 468 3567 524 possem

341 548 417 610 είς
444 545 507 598 τὸ
525 544 655 615 ἑξῆς
678 561 693 575 ο
723 544 863 596 ὥστε
893 544 984 597 καὶ
1009 543 1314 615 θαρροῦντα
1343 544 1565 614 μηνύειν
1589 544 1792 599 ἅπασιν
1818 547 1899 599 ὅτι

343 638 541 711 σφόδρα
586 638 727 707 ὑπὲρ
766 637 866 707 τῆς
896 637 1247 707 Ἰερουσαλὴμ
1298 638 1573 709 ὀργίζεται
1623 639 1765 693 κατὰ
1794 639 1902 692 τῶν

339 734 602 800 τοσαύτην
625 730 882 799 ὠμότητα
904 728 1320 799 ἐπιδειξαμένων
1348 732 1428 794 είς
1458 730 1679 795 αὐτούς’
1707 731 1756 784 οἳ
1789 731 1905 801 μεί-

340 824 463 888 ζονα
484 824 586 894 τῆς
617 822 787 893 ὀργῆς
808 822 907 889 τῆς
930 822 1069 892 ἐμῆς
1095 822 1192 893 τὴν
1214 824 1481 893 τιμωρίαν
1505 824 1686 887 αὐτοῖς
1709 826 1775 877 ἐκ
1802 823 1902 893 τῆς

342 916 472 977 ιδίας
522 915 803 985 ἐπήγαγον
854 912 1050 975 κακίας
1074 929 1089 943 ·
1124 914 1408 985 τοιγαροῦν
1440 914 1691 968 ἀπάντων
1720 916 1902 968 ἕνεκεν

339 1005 515 1076 πολλῷ
566 1006 840 1075 χρήσομαι
887 1006 1014 1075 περὶ
1068 1005 1167 1076 τὴν
1216 1007 1568 1079 Ἰερουσαλὴμ
1614 1007 1692 1078 τῷ
1734 1008 1898 1079 ἐλέῳ·

338 1096 475 1149 ὥστε
507 1096 598 1149 καὶ
631 1095 722 1147 τὸν
767 1090 913 1147 οἷκον
944 1094 1034 1146 τὸν
1070 1096 1200 1165 ἐμὸν
1231 1098 1289 1149 ἐν
1333 1098 1492 1168 αύτῇσ
1513 1097 1771 1166 γεγονότα
1804 1098 1902 1169 τὴν

340 1188 543 1257 συνήθη
589 1190 701 1251 τοῖς
730 1189 817 1240 ἐπ’
866 1188 1026 1241 αὐτὸν
1079 1188 1347 1242 συνιοῦσιν
1375 1188 1639 1258 ὠφέλειαν
1673 1190 1903 1260 παρέχε-

342 1278 482 1342 σθαι,
516 1281 610 1331 ira!
636 1280 736 1350 τὴν
782 1279 1133 1352 Ἰερουσαλὴμ
1156 1280 1248 1332 ἐπὶ
1281 1282 1462 1349 μεῖξον
1485 1282 1518 1349 ἢ
1544 1280 1639 1335 νῦν
1666 1282 1900 1352 ἐκταθῆ-

340 1385 452 1421 ναι*
474 1369 571 1421 καὶ
597 1371 774 1431 πασας
805 1368 881 1432 δὲ,
915 1369 1192 1439 συντόμως
1218 1369 1409 1431 εἰπεῖν,
1441 1370 1538 1432 τάς
1565 1370 1699 1441 αὐτῇ
1734 1387 1903 1442 προσ-

339 1459 577 1530 ηκούσας
635 1460 818 1523 πόλεις
867 1461 925 1512 ἐν
985 1459 1211 1532 ἀφθονίᾳ
1265 1463 1596 1533 καταστῆναι
1654 1463 1861 1519 πολλῶν
1885 1484 1900 1498 ο

338 1552 456 1605 τότε
487 1551 595 1623 γὰρ
624 1551 757 1622 ἐλέῳ
785 1553 1058 1622 χρήσομαι
1092 1552 1269 1623 πολλῷ
1298 1556 1425 1623 περὶ
1456 1555 1625 1625 αὑτήν
1645 1572 1660 1586 ·
1696 1555 1898 1610 δεδοκί-

342 1660 485 1712 μακα
512 1643 621 1695 πᾶν
648 1644 677 1695 δ
705 1660 758 1694 τι
783 1642 1016 1713 χρηστὸν
1043 1643 1379 1713 ἐργάσασθαι
1405 1646 1484 1709 είς
1511 1646 1683 1718 αύτήν
1718 1665 1778 1700 τε
1808 1650 1902 1702 καὶ

337 1736 461 1799 τοὺς
479 1735 851 1806 προσήκοντας
871 1734 1005 1805 αὐτῇ
1029 1734 1121 1787 τοῦ
1147 1734 1355 1790 λοιποῦ.
1378 1736 1612 1808 Εῦδηλον
1641 1739 1697 1791 δὲ
1719 1740 1801 1792 ὅτι
1822 1741 1898 1793 ὅτ’

339 1830 402 1881 ἄν
436 1823 703 1899 λέγῃτδ,‹
726 1824 1044 1897 Ὀργίζομαι
1078 1827 1171 1880 ἐπὶ
1206 1827 1275 1881 τά
1309 1826 1435 1897 ἔθνη
1468 1826 1536 1881 τὰ
1566 1830 1897 1884 συνεπιτιθέ-

341 1936 492 1988 μενα,
529 1918 646 1971 ἀνθ’
672 1912 747 1972 ὧν
770 1916 880 1987 ἐγὼ
913 1918 1010 1988 μὲν
1034 1918 1311 1989 ὠργίσθην
1338 1919 1513 1987 ὀλίγα.
1547 1920 1901 1976 συνεπέθεντο

337 2011 388 2064 δὲ
422 2012 503 2074 είς
529 2009 695 2073 κακὰ,
724 2028 744 2062 ι
800 2010 924 2081 περί
970 2028 1029 2063 τε
1068 2011 1176 2063 τῶν
1217 2012 1701 2083 ἐκπεπορθηκότων
1731 2014 1900 2081 αὐτὴν

338 2101 688 2156 Βαϐυλωνίων
707 2101 901 2170 λέγων,
924 2103 1016 2155 καὶ
1040 2103 1147 2155 τῶν
1168 2103 1314 2166 ὅπως
1333 2104 1460 2156 ποτὲ
1490 2106 1569 2169 είς
1588 2104 1745 2159 τοῦτο
1771 2123 1902 2177 συμ-

337 2192 659 2263 πραξάντων
684 2192 885 2255 αὐτοῖς,
906 2192 1005 2262 τὴν
1034 2191 1404 2261 γενησομένην
1426 2192 1605 2256 αὐτοῖς
1633 2192 1900 2264 τιμωρίαν

332 2283 413 2337 διὰ
447 2282 656 2336 τούτων
689 2282 959 2354 σημαίνει.
986 2281 1293 2336 Δεδώκεσαν
1329 2282 1428 2353 μὲν
1455 2281 1565 2354 γάρ
1598 2283 1698 2353 ἤδη
1724 2283 1899 2336 Βαϐυ-

333 2377 511 2431 λώνιοι
544 2377 700 2439 δίκας
729 2416 744 2439 ,
777 2376 870 2429 καὶ
912 2373 1187 2445 καθῄρητο
1223 2374 1321 2445 μὲν
1358 2374 1535 2428 αὐτῶν
1566 2377 1599 2445 ἡ
1631 2373 1894 2443 βασιλεία,

333 2471 559 2541 εἴληπτο
590 2469 648 2522 δὲ
681 2471 714 2539 ή
759 2466 912 2530 πόλις
942 2465 1220 2529 παντελῶς
1266 2466 1369 2518 ὑπὸ
1402 2466 1583 2535 Κύρου
1628 2464 1719 2518 τοῦ
1755 2467 1897 2536 Περ-

334 2565 440 2617 σῶν
463 2562 760 2633 βασιλέως·
791 2559 1161 2631 τετιμώρηντο
1182 2560 1237 2613 δὲ
1270 2561 1317 2612 οί
1359 2557 1775 2631 συμπράξαντες
1802 2561 1899 2613 αὑ-

331 2656 438 2718 τοῖς
486 2651 779 2723 Ἰδουμαῖοί
804 2668 865 2703 τε
894 2652 985 2704 καὶ
1011 2652 1058 2703 oi
1098 2650 1273 2704 λοιποὶ
1298 2649 1361 2720 δὴ
1388 2650 1584 2712 πάντες
1603 2667 1615 2679 ·
1641 2650 1781 2702 ὥστε
1804 2649 1898 2719 δῆ-

330 2747 412 2800 λον
434 2748 620 2800 ἐκεῖνο
654 2740 791 2796 εἶναι
815 2743 877 2796 τὸ
898 2745 1025 2812 παρ’
1049 2741 1205 2811 ἡμῶν
1234 2741 1326 2793 ἐπὶ
1352 2742 1451 2811 τῆς
1476 2740 1779 2804 ὑποθέσεως
1821 2742 1897 2793 εί-

334 2838 568 2909 ρημένον
604 2876 620 2898 ,
678 2836 760 2887 ὅτι
835 2832 1047 2886 πολλῶν
1104 2833 1371 2903 μέμνηται
1422 2831 1720 2901 γεγονότων
1776 2832 1895 2903 ἤδη,

332 2935 405 2999 (p.
432 2928 564 2994 451)
601 2925 836 2997 βεϐαιῶν
885 2924 1023 2978 αύτά
1067 2926 1186 2987 ταῖς
1219 2923 1443 2987 οἰκείαις
1472 2924 1822 2992 ἐπαγγελίαις
1871 2925 1900 2977 ὀ

330 3018 457 3082 Θεός
474 3036 489 3049 ·
521 3018 649 3070 ἐπεὶ
672 3017 765 3070 καὶ
788 3015 991 3085 σφόδρα
1010 3014 1213 3066 τούτων
1235 3014 1341 3066 ἔδει
1364 3014 1482 3067 τότε
1503 3017 1614 3076 τοῖς
1638 3014 1900 3085 Ἰσραηλί-

328 3125 476 3172 ταις,
508 3109 572 3160 ὲν
604 3104 889 3177 ἀμφιϐόλῳ
929 3104 1022 3157 καὶ
1059 3103 1195 3173 μετά
1245 3103 1341 3175 τὴν
1397 3106 1666 3175 σωτηρίαν
1717 3105 1897 3177 ἔχουσι
1925 3143 1967 3201 c

327 3200 421 3269 τὴν
446 3199 664 3252 οἰκείαν
688 3215 700 3227 ·
730 3198 804 3259 ὡς
838 3195 912 3266 μὴ
940 3195 995 3247 δὲ
1016 3195 1106 3247 τὸν
1135 3195 1259 3247 ναὸν
1291 3195 1380 3247 τὸν
1404 3195 1543 3248 θεῖον
1564 3196 1900 3267 ἀρξαμένους

329 3291 503 3362 πέρας
523 3289 798 3349 ἐκϐαλεῖν,
825 3287 930 3339 εἴτε
953 3285 1039 3338 διὰ
1066 3286 1162 3357 τὴν
1193 3286 1467 3356 ἐνόχλησιν
1494 3287 1602 3339 τῶν
1623 3288 1898 3354 ἐναντίων,

328 3382 432 3433 εἴτε
465 3380 567 3433 καὶ
604 3378 693 3432 διά
726 3378 824 3448 τὴν
870 3378 1051 3431 αὐτῶν
1104 3378 1371 3449 ῥαθυμίαν
1410 3380 1778 3450 αὐξανομένην
1825 3381 1901 3445 ὡς

326 3474 470 3536 είκὺς
497 3475 572 3541 τῇ
611 3471 721 3524 τῶν
763 3469 1030 3540 πολεμίων
1062 3470 1256 3540 κακίᾳ·
1290 3469 1383 3522 δύο
1418 3470 1515 3540 μὲν
1549 3470 1612 3542 δὴ
1637 3470 1807 3523 ταῦτα
1836 3473 1901 3523 ἐκ

324 3566 420 3633 τῆς
452 3562 855 3631 ἀποκαλύψεως
892 3561 1189 3629 ἐγνωκέναι
1222 3560 1357 3631 ἔφη,
1387 3562 1468 3613 ὅτι
1514 3578 1572 3614 τε
1618 3562 1743 3625 τοὺς
1788 3562 1900 3631 ὴδι-

323 3660 572 3727 κηκότας
605 3655 697 3708 τὸν
731 3654 857 3707 λαὸν
893 3655 1261 3724 τιμωρήσεται
1296 3653 1323 3704 ὁ
1357 3653 1509 3716 Θεὸς,
1556 3655 1649 3706 καὶ
1687 3655 1769 3708 ὅτι
1799 3654 1899 3725 τὴν

334 3744 698 3818 Ἰερουσαλὴμ
737 3744 814 3807 είς
863 3742 960 3811 τὴν
1005 3741 1241 3796 παλαιὰν
1284 3742 1587 3814 εὐπραγίαν
1626 3743 1900 3796 ἀποκαταε-

326 3842 514 3911 στήσει
551 3836 736 3889 πάλιν.

391 3932 552 3999 Στίχ.
597 3933 832 3997 ιη’-κα’.
867 3956 937 3965 —
970 3925 1094 3979 Ἐπὶ
1144 3923 1428 3994 βεϐαιώσει
1483 3923 1538 3976 δὲ
1576 3924 1898 3995 ἀμφοτέρων

322 4018 702 4087 ἀποκαλύψεις
736 4015 969 4084 καθεξῆς
1005 4014 1273 4068 ἐκτίθεται
1304 4014 1522 4084 ἐτέρας,
1556 4013 1621 4077 ἃς
1656 4013 1778 4067 ίδὼν
1803 4015 1899 4067 αύ-

323 4114 409 4176 τός
439 4129 503 4165 τε
542 4111 644 4181 τὴν
675 4109 766 4162 ἐπὶ
810 4110 919 4171 τοῖς
962 4106 1271 4177 εἰρημένοις
1306 4105 1407 4177 ἤδη
1440 4106 1621 4159 πίστιν
1667 4102 1777 4177 εἶχε
1807 4106 1898 4175 βε·-

321 4204 484 4259 εαίαν
507 4220 521 4233 ·
564 4203 659 4256 καὶ
702 4200 765 4271 δὴ
814 4200 1064 4263 καὶτοὺς
1112 4198 1206 4252 τοῦ
1254 4197 1384 4251 λαοῦ
1439 4198 1646 4262 πάντας
1687 4198 1898 4252 ἔπειθεν

318 4297 525 4369 ὁμοίως
540 4292 794 4365 ἡγεῖσθαι
818 4307 832 4321 ·
857 4292 950 4344 καὶ
980 4289 1202 4361 πρώτην
1230 4306 1294 4358 γε
1326 4288 1451 4358 περὶ
1480 4289 1580 4359 τῆς
1611 4288 1718 4343 τῶν
1747 4291 1899 4343 ἐναν-

318 4389 447 4442 τίων
481 4384 761 4456 τιμωρίας
787 4382 956 4451 λέγει,
980 4381 1156 4452 ἤνπερ
1184 4376 1275 4434 οὖν
1313 4381 1404 4433 καὶ
1435 4380 1527 4433 ἐπὶ
1548 4381 1649 4449 τῆς
1684 4398 1899 4453 προκει-

2003 559 2127 599 cum
2163 545 2359 600 ﬁducia
2389 545 2554 616 298
2582 546 2759 615 palam
2787 542 3116 615 significare,
3148 543 3317 598 Deum
3347 560 3565 616 magno-

2004 651 2132 705 pere
2178 636 2516 693 Hierusalem
2578 652 2745 692 causa
2801 636 2963 692 irasci
3019 635 3428 690 adversus/eos
3477 638 3567 705 qui

2003 736 2205 782 tantam
2242 729 2505 785 adversus
2555 730 2700 783 illam
2732 734 3102 784 exercuerunt
3149 726 3570 790 crudelitatem;

2002 820 2097 889 qui
2136 820 2420 890 majorem,
2469 836 2630 891 quam
2685 820 2766 875 ira
2805 836 2923 875 mea
2956 820 3190 883 tulisset,
3233 819 3569 888 punitionem

2004 912 2250 967 fecerunt
2276 914 2538 969 adversus
2567 912 2863 969 Israelitas.
2894 912 3096 966 [lorum
3123 913 3305 980 itaque
3327 912 3567 964 omnium

2002 1018 2170 1057 causa
2206 1004 2429 1057 multam
2457 1019 2774 1074 expromam
2810 1018 2941 1074 erga
2977 1002 3312 1057 Hierusalem
3355 999 3570 1055 miseri-

2003 1098 2246 1151 cordiam
2276 1116 2289 1149 :
2330 1097 2407 1152 ita
2439 1106 2497 1151 ut
2523 1098 2717 1152 domus
2746 1112 2965 1167 quoque
2996 1111 3135 1159 mea,
3165 1110 3285 1164 quae
3320 1095 3430 1148 illic
3462 1101 3567 1159 est,

2002 1193 2319 1239 consuetam
2350 1186 2802 1241 convenientibus
2831 1186 2885 1239 in
2910 1200 2975 1240 ea
2999 1185 3284 1239 utilitatem
3309 1183 3567 1253 praebeat,

2001 1283 2055 1329 et
2081 1276 2212 1331 urbs
2248 1275 2585 1333 Hierusalem
2620 1277 2800 1347 majus
2827 1278 3005 1332 adhuc
3032 1276 3267 1346 spatium
3300 1276 3372 1330 sit
3398 1290 3568 1329 occu-

2002 1377 2216 1437 patura,
2247 1378 2581 1437 craterasque,
2606 1377 2663 1423 ut
2686 1370 2998 1425 summatim
3025 1369 3225 1435 dicam,
3244 1369 3293 1422 ei
3312 1369 3570 1439 subjectae

2004 1459 2167 1514 urbes
2200 1460 2253 1514 in
2280 1463 2449 1515 multa
2483 1478 2661 1517 rerum
2685 1464 2842 1533 copia
2867 1462 3060 1517 futurae
3090 1462 3220 1516 sint.
3244 1460 3399 1517 Tunc
3419 1462 3567 1515 enim

2002 1554 2227 1607 multam
2274 1555 2542 1609 exhibebo
2588 1555 2708 1609 urbi
2750 1554 3088 1609 Hierusalem
3134 1552 3565 1621 benignitatem:

2003 1645 2203 1715 quippe
2237 1646 2450 1701 decrevi
2474 1646 2608 1700 nihil
2638 1662 2745 1700 non
2774 1646 2902 1700 boni
2934 1645 3061 1699 huic
3090 1644 3269 1699 facere
3307 1644 3357 1697 in
3392 1651 3571 1713 poste-

2001 1752 2145 1795 rum.
2177 1752 2277 1791 nec
2307 1752 2413 1791 non
2441 1737 2655 1793 caeteris
2702 1737 2766 1791 ad
2808 1752 2924 1791 eam
2965 1735 3384 1806 pertinentibus.
3436 1732 3567 1787 Sine

2001 1829 2168 1883 dubio
2210 1836 2413 1891 autem,
2459 1844 2583 1882 eum
2632 1843 2693 1884 se
2734 1828 2897 1882 irasci
2931 1828 3064 1881 dicit
3111 1826 3385 1896 gentibus,
3449 1844 3569 1896 qua:

2002 1918 2336 1975 Hierusalem
2385 1919 2658 1975 hostiliter
2699 1920 3035 1983 invaserant,
3080 1915 3170 1971 cui
3202 1932 3304 1986 ego
3355 1916 3567 1972 modice

2001 2011 2172 2066 iratus
2216 2027 2388 2075 eram,
2432 2012 2561 2082 ipsa:
2604 2022 2783 2066 autem
2831 2010 3117 2065 scelestam
3158 2008 3565 2079 aggressionem

2002 2103 2263 2169 fecerant,
2307 2104 2374 2160 de
2412 2103 2721 2175 Babyloniis
2757 2102 2998 2172 loquitur
3045 2101 3141 2172 qui
3190 2102 3361 2170 ipsam
3401 2101 3568 2167 depo-

2001 2195 2170 2265 pulati
2204 2195 2441 2260 fuerant,
2486 2195 2661 2264 deque
2686 2194 2809 2248 aliis
2839 2194 2931 2264 qui
2972 2194 3106 2247 socii
3148 2192 3272 2247 belli
3308 2191 3427 2261 ejus
3450 2191 3569 2247 fue-

2002 2293 2168 2351 runt;
2199 2293 2254 2339 et
2276 2286 2676 2354 impendentem
2708 2283 2816 2338 illis
2848 2296 3062 2353 poenam
3082 2282 3168 2336 his
3188 2281 3369 2336 verbis
3398 2280 3567 2351 signi-

2002 2376 2146 2431 ﬁcat.
2180 2375 2325 2430 Sane
2349 2375 2461 2445 jam
2488 2390 2679 2445 paeuas
2701 2376 2919 2430 luerant
2939 2373 3241 2444 Babylonii,
3265 2388 3567 2442 eorumque

2000 2481 2226 2537 regnum
2257 2474 2566 2532 corruerat,
2616 2474 2669 2521 et
2697 2465 2827 2521 urbs
2857 2480 2887 2519 a
2916 2464 3061 2536 Cyro
3101 2464 3390 2518 Persarum
3442 2479 3568 2533 rege

1999 2565 2264 2628 oecupata
2331 2558 2525 2613 fuerat.
2595 2557 2813 2612 ldumaai
2870 2572 3087 2627 quoque
3146 2554 3564 2625 Babyloniorum

2000 2649 2279 2717 adjutores
2313 2648 2620 2717 reliquique
2652 2632 2842 2703 omnes
2883 2648 3056 2717 puniti
3093 2646 3329 2700 fuerant.
3360 2644 3567 2710 Quam-

2001 2740 2189 2794 obrem
2239 2746 2463 2808 apparet
2512 2738 2645 2793 illud
2670 2739 2815 2809 quod
2845 2754 2945 2794 nos
2978 2739 3032 2792 in
3064 2745 3385 2808 argumento
3410 2751 3564 2790 com-

2000 2829 2256 2883 mentarii
2292 2829 2565 2898 :diximus,
2623 2829 2822 2883 multas
2866 2828 2955 2882 hic
2994 2842 3083 2881 res
3116 2826 3406 2881 memorari
3445 2840 3567 2895 qua!

1998 2920 2108 2990 jam
2145 2930 2459 2986 evenerant,
2491 2937 2738 2991 quasque
2776 2922 2892 2976 suis
2940 2918 3398 2990 promissionibus
3431 2932 3565 2972 con-

2002 3014 2181 3067 firmat
2205 3016 2381 3070 Deus:
2417 3014 2503 3068 his
2539 3015 2684 3068 enim
2721 3027 3049 3083 magnopere
3090 3011 3405 3081 indigebant
3437 3019 3567 3065 tunc

2002 3104 2280 3170 lsraelitae,
2311 3107 2405 3177 qui
2430 3107 2592 3160 etiam
2629 3114 2751 3175 post
2777 3104 3011 3159 reditum
3036 3102 3104 3176 de
3132 3104 3309 3159 salute
3342 3117 3442 3157 sua
3466 3102 3567 3157 du-

2002 3198 2248 3253 bitabant
2268 3218 2281 3252 :
2305 3200 2376 3252 ita
2401 3207 2462 3253 ut
2480 3214 2547 3253 ne
2565 3198 2750 3268 templi
2769 3197 2989 3267 quidem
3008 3195 3379 3258 :rdificationi,
3403 3210 3565 3265 quam

2001 3299 2301 3361 cmperant,
2332 3292 2493 3346 ﬁnem
2524 3291 2805 3360 imponere
2823 3289 3186 3351 curavissent,
3210 3287 3323 3341 sive
3347 3295 3567 3356 propter

2002 3386 2444 3441 adversariorum
2469 3383 2797 3448 molestiam,
2820 3382 2934 3437 sive
2961 3388 3182 3451 propter
3212 3380 3567 3449 ipsorununet

2002 3478 2308 3548 segnitiem,
2349 3477 2418 3531 ab
2448 3477 2687 3531 hostium
2720 3475 2926 3529 malitia
2976 3481 3034 3527 ut
3063 3472 3325 3528 credibile
3353 3480 3437 3526 est
3467 3485 3565 3525 au-

2001 3578 2167 3624 ctam.
2218 3567 2603 3623 Verumtamen
2637 3567 2747 3622 duo
2786 3567 2899 3621 haec
2924 3582 2990 3620 ex
3029 3565 3366 3620 revelatione
3405 3564 3563 3617 inno-

2001 3658 2174 3712 tuisse
2211 3659 2306 3721 ait,
2343 3657 2486 3727 quod
2510 3655 2722 3711 Judaici
2744 3657 2924 3727 populi
2948 3655 3248 3710 olTensores
3274 3655 3564 3723 puniturus

1999 3749 2070 3804 sit
2101 3748 2265 3815 Deus,
2304 3757 2358 3803 et
2395 3748 2540 3819 quod
2578 3748 2767 3802 urbem
2804 3746 3140 3801 Hierusalem
3172 3746 3228 3799 in
3280 3742 3563 3813 pristinam

2000 3838 2313 3895 felicitatem
2348 3840 2729 3893 restituturus.

2069 3929 2235 3985 Vens.
2271 3929 2454 4007 18-21.
2482 3928 2733 3984 Jamvero
2758 3927 2822 3982 ad
2848 3927 3134 3996 utriusque
3168 3926 3244 3981 rei
3273 3923 3567 3980 conﬁrma-

1998 4021 2223 4085 tionem,
2257 4022 2392 4075 duas
2432 4020 2565 4075 alias
2614 4021 2867 4089 posthinc
2911 4019 3139 4087 exponit
3179 4017 3561 4081 revelationes,

1997 4113 2161 4183 299
2184 4129 2322 4184 quas
2337 4128 2461 4167 cum
2484 4113 2602 4183 ipse
2629 4113 2879 4178 vidisset,
2899 4112 3107 4167 firmam
3124 4113 3269 4167 circa
3288 4127 3374 4166 res
3389 4111 3562 4167 dictas

1999 4206 2154 4260 fidem
2176 4208 2462 4273 retinebat,
2478 4214 2528 4261 et
2550 4206 2748 4276 p0pulo
2766 4208 3022 4261 universo
3046 4213 3104 4258 ut
3126 4205 3264 4259 idem
3283 4203 3561 4258 existima-

1998 4308 2081 4354 ret
2102 4298 2381 4355 suadebat.
2402 4298 2645 4352 Priorem
2685 4299 2905 4368 quidem
2924 4298 2991 4353 de
3012 4297 3446 4352 adversariorum
3462 4311 3564 4365 pu-

1997 4391 2207 4446 nitione
2225 4392 2437 4457 recitat,
2456 4406 2620 4460 quam
2639 4391 2799 4445 etiam
2837 4390 2893 4442 in
2924 4389 3202 4457 superiore
3235 4388 3562 4443 revelatione

320 4482 497 4551 μένης
530 4475 929 4545 ἀποκαλύψεως
959 4474 1228 4544 προτέραν
1251 4471 1420 4526 εἶπεν.
1460 4491 1477 4525 ι
1502 4474 1611 4526 Καὶ
1638 4468 1748 4545 ἦρα
1775 4476 1899 4538 τοὺς

2001 4483 2232 4558 primam
2286 4490 2562 4552 posuerat.
2600 4500 2617 4532 ι
2642 4483 2705 4536 Et
2756 4481 2923 4536 levavi
2947 4481 3133 4535 oculos
3167 4495 3338 4544 meos,
3362 4488 3417 4536 et
3451 4478 3561 4533 vidi

318 4570 643 4642 ὀφθαλμούς
674 4585 773 4638 μου
802 4567 893 4619 καὶ
922 4561 1059 4618 εἶδον
1087 4567 1327 4635 τέσσαρα
1357 4564 1563 4633 κέρατα
1585 4578 1599 4593 ⁸
1633 4564 1727 4616 καὶ
1749 4560 1900 4616 εἶπον

317 4665 456 4736 πρὸς
507 4662 606 4715 τὸν
666 4658 893 4727 ἄγγελον
941 4657 1032 4710 τὸν
1069 4656 1330 4709 λαλοῦντα
1367 4658 1424 4709 ἐν
1477 4656 1636 4725 ἐμοὶ,
1688 4655 1752 4707 Τί
1786 4658 1900 4709 ἐστι

315 4759 519 4821 ταῦτα,
557 4752 766 4823 Κύριες
798 4751 910 4803 Καὶ
935 4745 1055 4802 εἷπε
1088 4747 1222 4816 πρός
1255 4764 1321 4817 με
1346 4764 1359 4778 ·
1396 4746 1578 4799 Ταῦτα
1604 4746 1672 4799 τὰ
1698 4748 1901 4817 κέρατα

316 4852 384 4901 τὰ
428 4845 904 4915 διασκορπίσαντα
930 4842 1019 4893 τὸν
1060 4840 1257 4893 Ἰούδαν
1290 4840 1383 4892 καὶ
1430 4838 1522 4891 τὸν
1566 4837 1779 4909 Ἰσραὴλ
1808 4840 1901 4893 καὶ

315 4940 413 5008 τὴν
459 4935 850 5007 Ἰερουσαλήμ.
883 4932 989 4985 Καὶ
1026 4931 1195 4996 έδειξέ
1251 4947 1340 4999 μοι
1384 4929 1586 5000 Κύριος
1630 4930 1900 4999 τέσσαρας

318 5032 587 5087 τέκτονας
611 5044 624 5055 ο
663 5026 757 5078 καὶ
786 5019 959 5087 εἷπον,
988 5022 1052 5075 Τί
1071 5014 1216 5075 οὗτοι
1245 5021 1492 5092 ἔρχονται
1519 5020 1761 5091 ποιῆσαι,
1791 5020 1900 5073 Κύ-

320 5137 439 5191 ριε;
476 5120 597 5171 Καὶ
627 5112 769 5180 εἷπε,
794 5114 977 5167 Ταῦτα
1004 5113 1073 5166 τὰ
1109 5114 1315 5184 κέρατα
1347 5111 1415 5165 τὰ
1445 5113 1901 5183 διασκορπίσαντα

314 5216 406 5267 τὸν
450 5212 665 5266 Ἰούδαν
707 5211 799 5262 καὶ
838 5210 927 5261 τὴν
962 5207 1209 5278 Ἰσραὴλ,
1249 5207 1342 5259 καὶ
1379 5205 1645 5271 κατέαξαν
1682 5205 1777 5258 καὶ
1805 5206 1897 5258 ού·

313 5305 424 5367 65i;
456 5303 649 5357 αὐτῶν
674 5298 807 5373 ἦρεν
839 5300 1078 5369 κεφαλήν
1103 5315 1117 5329 °
1155 5299 1231 5368 (p.
1259 5298 1387 5366 452)
1422 5297 1517 5351 καὶ
1553 5296 1773 5366 ἐξῆλθον
1801 5299 1899 5349 αύ-

315 5400 397 5451 τοὶ
426 5396 533 5449 τοῦ
588 5394 772 5460 ὀξῦναι
804 5392 942 5446 αὐτὰ
974 5393 1051 5454 είς
1091 5394 1278 5462 χεῖρας
1323 5389 1528 5444 αὐτῶν·
1561 5391 1628 5442 τὰ
1655 5390 1897 5461 τέσσαρα

316 5492 538 5558 κέρατα.
567 5487 634 5539 τὰ
681 5485 806 5555 ἔθνη
850 5484 919 5536 τὰ
961 5483 1295 5553 ἐπαιρόμενα
1334 5481 1504 5553 κέρας
1545 5482 1638 5534 ἐπὶ
1666 5483 1765 5552 τὴν
1793 5483 1896 5551 γῆν

314 5581 562 5651 Κυρίου,
594 5576 687 5630 τοῦ
715 5576 1091 5646 διασκορπίσαι
1132 5576 1320 5645 αὐτήν.
1342 5593 1360 5625 ι
1396 5575 1457 5626 Οἱ
1491 5574 1588 5643 μὲν
1610 5569 1700 5626 οὖν
1738 5574 1898 5644 μυθο-

313 5673 505 5739 λογεῖν
545 5669 820 5730 ἐθέλοντες
843 5706 858 5730 ,
882 5667 1118 5736 τέσσαρα
1141 5665 1347 5736 κέρατα
1380 5666 1467 5717 τὸν
1499 5665 1778 5737 Ἀσσύριον
1802 5667 1895 5717 καὶ

311 5765 407 5818 τὸν
448 5760 798 5815 Βαϐυλώνιον
820 5760 905 5812 τόν
928 5776 984 5812 τε
1024 5758 1202 5829 Μῆδον
1224 5760 1317 5812 καὶ
1344 5758 1432 5810 τὸν
1464 5756 1676 5828 Πέρσην
1708 5757 1889 5825 φασίν.

2001 4581 2236 4643 quatuor
2286 4588 2515 4627 cornua.
2557 4571 2620 4626 Et
2654 4571 3003 4641 dixiangelo
3045 4571 3098 4624 in
3149 4585 3235 4626 me
3282 4570 3556 4640 loquenti:

2001 4665 2142 4731 Quid
2180 4671 2308 4719 sunt
2336 4665 2469 4729 haec,
2506 4662 2767 4719 Domine?
2808 4662 3060 4733 Dixitque
3083 4662 3248 4717 mihi:
3278 4662 3401 4718 Haec
3431 4671 3559 4718 sunt

2000 4769 2227 4816 cornua,
2255 4769 2374 4821 qum
2400 4754 2774 4823 disperserunt
2798 4750 2992 4807 ludam
3022 4760 3075 4806 et
3112 4751 3362 4808 lsraelem
3397 4760 3559 4822 atque

2001 4845 2359 4902 Hierusalem.
2426 4846 2493 4899 Et
2550 4847 2787 4902 ostendit
2838 4846 2971 4900 mihi
3022 4845 3281 4901 Dominus
3327 4854 3560 4915 quatuor

2002 4939 2207 4993 fabros.
2247 4938 2313 4993 Et
2346 4940 2452 4993 dixi
2481 4955 2495 4992 :
2526 4938 2665 5005 Quid
2697 4939 2783 4993 isti
2813 4940 3036 4994 veniunt
3064 4938 3263 5002 facere,
3300 4938 3561 4993 Domine?

2000 5029 2064 5083 Et
2099 5029 2273 5084 dixit:
2331 5029 2453 5083 Haec
2482 5037 2612 5083 sunt
2656 5044 2862 5083 cornua
2892 5044 3013 5098 qua:
3052 5029 3428 5096 disperserunt
3456 5028 3557 5081 Ju-

1998 5119 2145 5184 dam,
2173 5128 2335 5189 atque
2365 5118 2616 5175 lsraelem
2639 5119 3042 5189 confregerunt,
3068 5126 3122 5172 et
3153 5132 3310 5171 nemo
3342 5118 3556 5173 illorum

2000 5210 2196 5264 levavit
2242 5221 2439 5279 caput:
2496 5218 2551 5264 et
2582 5212 2835 5265 exierunt
2875 5210 2961 5263 isti
3009 5208 3074 5261 ad
3114 5224 3177 5263 ea
3209 5208 3451 5262 acuenda
3500 5207 3555 5261 in

1999 5300 2253 5354 manibus
2293 5301 2429 5354 suis.
2472 5299 2719 5363 Quatuor
2758 5312 2985 5363 cornua,
3036 5304 3222 5365 gentes
3275 5304 3401 5350 sunt
3440 5310 3558 5364 quae

1964 5408 2169 5453 ,cornu
2198 5392 2509 5445 extulerunt
2541 5406 2705 5460 super
2736 5398 2933 5443 terram
2972 5387 3182 5441 Domini
3212 5396 3271 5442 ut
3302 5402 3421 5442 eam
3446 5389 3559 5443 dis-

1998 5484 2302 5553 perderent.
2326 5502 2343 5534 ι
2388 5484 2487 5549 Qui
2535 5498 2662 5552 ergo
2691 5481 2905 5535 fabulas
2944 5491 3158 5535 nectere
3187 5480 3392 5545 volunt,
3419 5496 3557 5548 qua.

1996 5584 2122 5628 tuor
2172 5590 2374 5628 cornua
2414 5577 2600 5628 dicunt
2643 5588 2765 5628 esse
2815 5572 3119 5643 Assyrium,
3177 5570 3556 5652 Babylonium,

1996 5666 2233 5728 Medum,
2284 5682 2345 5718 ac
2396 5665 2652 5721 Persam:
2707 5665 3051 5718 considerare
3093 5664 3235 5716 enim
3287 5662 3557 5725 nolentes,

1995 5774 2136 5827 sape
2182 5773 2466 5812 numerum
2512 5773 2540 5811 a
2578 5758 2755 5812 divina
2793 5756 3076 5819 Scriptura
3125 5755 3266 5810 haud
3302 5764 3558 5810 accurate
