3992 6232
274 317 379 375 517

1223 303 1771 365 COMMENTARIUS
1806 302 1885 357 ΙΝ
1916 299 2288 358 ΖἈΒΗΑΒΙᾹΞ
2312 299 2464 357 CAP.
2504 299 2571 355 ll.

3401 298 3507 357 διε

280 436 335 490 τὸ
365 433 558 504 μῆκος.
578 431 687 485 Καὶ
713 430 822 485 ίδοῦ
854 431 883 483 6
904 427 1132 496 ἄγγελος
1159 426 1188 479 6
1219 424 1395 479 λαλῶν
1422 427 1478 478 ὲν
1509 424 1632 494 ἐμοὶ
1654 420 1835 491 εἱστή-

1950 420 2098 473 batur
2127 418 2181 471 in
2206 432 2293 471 me
2323 415 2521 479 stabat,
2544 420 2599 468 et
2626 412 2852 484 angelus
2882 412 3021 469 alius
3047 413 3424 485 egrediebatur
3450 416 3507 470 in

276 544 359 580 κει
380 541 394 553 ·
426 523 519 577 καὶ
558 521 787 591 ἄγγελος
814 520 999 590 ἔτερος
1033 515 1384 588 ἐξεπορεύετο
1409 517 1488 578 είς
1520 514 1836 583 συνάντησιν

274 616 455 687 αὐτῷ’
496 617 593 668 καὶ
636 611 759 668 εἶπε
793 612 929 684 πρὸς
965 611 1129 666 αὑτὸν
1165 610 1358 678 λέγων,
1387 608 1569 679 Δράμε
1606 606 1700 659 καλ¹
1745 604 1839 658 λα-

275 716 436 779 λησον
470 708 606 778 πρὸς
642 706 734 758 τὸν
772 705 1049 757 νεανίσκον
1081 705 1284 757 ἐκεῖνον
1316 704 1510 771 λέγων,
1544 700 1839 771 Κατακάρ-

276 816 395 860 πως
434 795 891 867 κατοικηθήσεται
935 794 1286 864 Ἰερουσαλὴμ
1328 794 1435 847 ἀπὸ
1482 792 1716 863 πλήθους
1746 793 1841 844 ἁν-

276 889 510 962 θρώπων
544 887 638 942 καὶ
679 885 890 957 κτηνῶν
922 886 1030 938 τῶν
1064 887 1122 938 ἐν
1159 886 1307 955 μέσῳ
1356 884 1559 954 αύτῆς’
1597 883 1690 936 καὶ
1734 882 1844 951 ἐγὼ

276 984 463 1052 ἔσομαι
498 978 815 1049 αύτῇ,λέγει
836 977 1059 1048 Κύριος,
1076 980 1250 1047 τεῖχος
1271 977 1438 1048 πυρὸς
1457 976 1736 1039 κυκλόθεν,
1750 976 1844 1030 καὶ

277 1076 354 1135 είς
395 1070 553 1135 δόξαν
587 1070 780 1140 ἔσομαι
805 1071 863 1121 ὲν
898 1070 1045 1139 μέσῳ
1074 1069 1260 1139 αὐτῆς.
1302 1087 1319 1119 ›
1368 1067 1585 1139 Ἐπειδὴ
1616 1070 1726 1130 τοῖς
1746 1067 1845 1131 τὰς

277 1162 565 1233 οξκοδομὰς
586 1161 969 1231 ἐργαζομένοις
995 1159 1212 1229 σχοινίῳ
1247 1160 1463 1229 μετρεῖν
1485 1158 1602 1220 ἔθος
1632 1157 1723 1209 ἐπὶ
1748 1156 1844 1226 τῆς

278 1257 398 1327 γῆς.
432 1255 503 1309 τά
523 1271 581 1307 τε
625 1253 800 1320 πλάτη
848 1251 940 1305 καὶ
980 1251 1048 1304 τὰ
1081 1252 1226 1321 μήκη
1252 1249 1491 1312 καὶτοὺς
1518 1247 1720 1312 τύπους
1747 1247 1846 1316 τῆς

279 1344 585 1414 οἰκοδομῆς,
605 1340 915 1410 ἀναγκαίως
931 1338 1156 1407 ἄγγελον
1170 1339 1268 1408 ὁρᾷ
1291 1337 1450 1390 πάλιν
1472 1338 1612 1392 κατά
1641 1338 1701 1389 τὸ
1725 1338 1848 1390 εἰω-

284 1434 369 1495 θὸς
396 1436 453 1485 έν
473 1430 764 1501 ἀνθρώπου
798 1430 999 1499 μορφῇ,
1026 1427 1252 1498 σχοινίον
1276 1426 1572 1496 κατέχοντα
1604 1425 1810 1479 τοιοῦτο
1828 1442 1842 1456 ·

284 1525 335 1587 ὃς
351 1522 652 1596 ἐρωτηθεὶς
680 1520 820 1574 κατὰ
844 1519 939 1591 τὴν
960 1518 1249 1589 γινομένην
1263 1517 1599 1596 ἀποκάλυψιν
1625 1517 1701 1587 τῷ
1716 1535 1848 1587 προ-

285 1620 439 1688 φήτῃ,
482 1617 716 1683 ὅποιπερ
748 1614 982 1674 ἄπεισιν,
1020 1612 1285 1683 μετρῆσαι
1317 1611 1418 1683 ἔφη
1442 1612 1541 1682 τῆς
1578 1612 1845 1682 Ἰερουσα-

286 1709 393 1780 λὴμ
425 1707 645 1761 ἀπιέναι
677 1706 775 1777 τὴν
807 1705 1118 1775 οἰκοδομὴν,
1157 1703 1345 1757 ὁποίαν
1371 1722 1428 1757 τε
1460 1705 1552 1758 καὶ
1592 1705 1721 1774 ὅσην
1749 1704 1847 1756 αὐ-

287 1801 379 1871 τὴν
419 1799 669 1868 γενέσθαι
719 1798 1003 1869 προσήκει.
1053 1792 1185 1849 Εἶτα
1229 1796 1374 1865 λέγει
1429 1796 1526 1867 μὲν
1571 1796 1706 1868 πρὸς
1752 1797 1844 1850 τὸν

288 1893 506 1963 ἄγγελον
536 1892 628 1944 τὸν
671 1892 728 1945 ὲν
760 1888 908 1960 αύτῷ
930 1887 1212 1951 λαλοῦντα,
1239 1887 1297 1942 ὃν
1325 1890 1382 1940 ἐν
1414 1891 1525 1952 τοῖς
1558 1886 1845 1959 ἀνωτέροις

286 1990 342 2040 ὲν
366 1974 649 2055 ἀνθρώπου
686 1984 865 2054 μορφῇ
897 1981 1199 2053 καθήμενον
1229 1977 1363 2033 εἶδεν
1389 1980 1472 2049 ἐφ’
1512 1980 1677 2033 ἵππου
1707 1983 1845 2051 πυῤ⁶

287 2076 377 2149 ροῦ
446 2077 722 2147 ἁναμέσον
774 2074 880 2128 τῶν
930 2075 1098 2145 ὀρέων
1146 2074 1253 2127 τῶν
1303 2074 1640 2127 κατασκίων⁶
1669 2073 1846 2142 (τοῦτο

283 2170 385 2241 γὰρ
419 2170 551 2240 ἡμῖν
583 2169 649 2220 ὲκ
694 2166 803 2220 τῶν
852 2166 1255 2237 προειληφότων
1286 2165 1500 2232 ἐγένετο
1545 2164 1723 2234 δῆλον.
1763 2165 1845 2218 ὅτι

281 2259 364 2312 τὸν
385 2255 550 2311 αὐτὸν
583 2254 812 2323 ἄγγελον
840 2253 1109 2324 ἀναμέσον
1130 2270 1188 2306 τε
1220 2254 1517 2324 ἑωρακέναι
1535 2253 1643 2306 τῶν
1673 2254 1845 2326 ὀρέων

281 2350 400 2419 ἔφη,
459 2348 556 2402 καὶ
602 2347 668 2418 δὴ
708 2347 802 2400 καὶ
845 2344 1023 2399 λαλεῖν
1061 2346 1118 2397 έν
1163 2345 1365 2415 αύτῷο)
1408 2344 1594 2398 τοῦτον
1634 2345 1698 2415 δὴ
1752 2346 1847 2399 καὶ

280 2442 366 2494 νῦν
396 2438 703 2511 ἑωρακέναι
736 2437 897 2506 φησιν
926 2434 1135 2488 ἑστῶτα
1160 2432 1233 2497 ὼς
1263 2434 1328 2487 ἂν
1362 2435 1618 2504 ἡδόμενον
1646 2433 1740 2487 ἐπὶ
1768 2433 1847 2504 τῷ

280 2528 579 2599 γινομένῳ⁸
620 2528 695 2596 (p.
742 2524 867 2593 455)
916 2524 1008 2578 καὶ
1056 2524 1137 2576 ὅτι
1182 2522 1249 2575 τὰ
1288 2524 1385 2592 τῆς
1432 2523 1663 2593 δεήσεως
1701 2523 1847 2593 αὐτῷ

280 2620 371 2688 τῆς
400 2617 542 2687 πρὸς
570 2615 662 2669 τὸν
690 2614 821 2667 Θεὸν
854 2614 988 2685 πρὸς
1014 2612 1184 2684 πέρας
1212 2609 1379 2677 ἷκται,
1404 2613 1470 2684 ἢν
1496 2614 1635 2685 ὑπέρ
1655 2631 1714 2667 τε
1750 2615 1847 2685 τῆς

292 2704 647 2779 Ἰερουσαλὴμ
686 2702 780 2756 καὶ
809 2701 903 2755 τοῦ
937 2700 1120 2763 έθνους
1156 2701 1471 2771 προσήγαγε
1499 2699 1576 2769 τῷ
1604 2700 1740 2770 Θεῷ,
1770 2700 1848 2771 τῷ

286 2802 353 2872 μὴ
389 2800 557 2871 μόνον
586 2795 864 2867 δειχθῆναι
905 2794 1002 2863 τὴν
1036 2791 1480 2863 ἐπαχθησομένην
1515 2794 1626 2855 τοῖς
1656 2794 1847 2864 ήδικη-

281 2895 433 2947 κόσιν
473 2890 671 2953 αὐτοὺς
712 2886 1011 2959 τιμωρίαν’
1057 2885 1191 2939 ἀλλὰ
1222 2885 1329 2956 γὰρ
1359 2880 1592 2955 φανῆναι
1630 2887 1723 2939 καὶ
1759 2885 1849 2939 τὸν

283 2988 340 3040 τὸ
382 2984 621 3057 σχοινίον
667 2982 855 3052 ἔχοντα
884 2980 943 3032 τὸ
968 2980 1337 3051 γεωμετρικὸν
1377 2979 1640 3049 σύμϐολον
1668 2978 1761 3032 τοῦ
1792 2982 1849 3033 έν

282 3080 427 3149 ἔργῳ
454 3078 557 3147 τῆς
601 3073 806 3136 πόλεως
855 3067 989 3126 εἶναι
1021 3072 1203 3125 λοιπὸν
1233 3072 1329 3141 τὴν
1371 3072 1675 3141 οίκοδομήν.
1716 3067 1847 3125 Εἶτα

282 3172 423 3240 λέγει
457 3171 540 3222 ὅτι
564 3168 651 3220 έτε
661 3183 748 3237 ρος
777 3163 1001 3233 ἄγγελος
1033 3163 1353 3226 ἀποσταλεὶς
1376 3162 1476 3234 ἔφη
1509 3163 1643 3234 πρὸς
1665 3166 1845 3230 αὐτὸν,

282 3263 414 3317 ὥστε
451 3259 754 3315 καὶνείπεῖν
781 3256 858 3327 τῷ
891 3256 1155 3326 νεανίσκῳ
1184 3256 1244 3308 τὸ
1268 3256 1638 3326 γεωμετρικὸν
1676 3255 1847 3325 ἔχοντι

283 3354 520 3428 δηλονότι
550 3350 777 3421 σχοινίον
796 3367 810 3380 ·
843 3347 983 3402 οὕτω
1014 3348 1121 3419 γὰρ
1148 3348 1309 3401 αὐτὸν
1354 3347 1620 3417 κέκληκεν
1647 3347 1721 3410 ὡς
1758 3349 1849 3400 ἐπὶ

282 3447 373 3516 τῆς
402 3438 807 3508 ἀποκαλύψεως
839 3433 976 3490 εἶδεν
997 3438 1024 3489 6
1055 3439 1335 3507 προφήτης
1360 3439 1424 3507 τῇ
1457 3435 1577 3505 ὄψει
1614 3436 1707 3489 τοῦ
1726 3454 1848 3490 νεα-

283 3535 459 3587 νίσκου
484 3530 791 3601 δειχθέντα,
814 3530 894 3589 είς
915 3525 1142 3597 δήλωσιν
1171 3526 1265 3580 τοῦ
1298 3526 1433 3596 μετὰ
1464 3527 1639 3596 πάσης
1672 3525 1850 3595 ἰσχύος

286 3628 357 3687 εις
387 3627 569 3698 πέρας
609 3621 680 3675 τὰ
700 3618 1029 3689 προκείμενα
1055 3616 1222 3681 ἄξειν.
1257 3618 1415 3683 Λέγει
1438 3619 1634 3682 τοίνυν,
1665 3620 1847 3690 φησιν,

284 3722 309 3772 6
330 3715 659 3778 ἀποσταλεὶς
688 3711 915 3781 ἄγγελος
946 3708 1022 3779 τῷ
1069 3711 1126 3762 ὲν
1158 3710 1279 3780 ἐμοὶ
1326 3708 1572 3763 λαλοῦντι
1613 3711 1847 3782 ἀγγέλῳ,

288 3811 419 3880 μετὰ
449 3809 655 3880 τάχους
676 3822 736 3859 τε
780 3804 1003 3873 δραμεῖν
1037 3804 1129 3854 καὶ
1158 3804 1331 3855 εἰπεῖν
1356 3801 1433 3872 τῷ
1458 3802 1742 3874 νεανίσκῳ,
1771 3806 1851 3857 ὅτι

286 3904 485 3974 σ’,ςόδρα
518 3900 659 3972 μετᾶ
683 3899 880 3970 πολλῆς
906 3899 1004 3969 τῆς
1038 3894 1340 3966 εὐθηνίαςή
1387 3894 1738 3965 Ἰερουσαλὴμ
1773 3899 1851 3949 οἰ-

285 3995 585 4067 κηθήσεται
614 3992 722 4045 ἀπὸ
755 3990 1053 4062 ἀνθρώπων
1072 4006 1130 4042 τε
1155 3992 1247 4041 καὶ
1267 3989 1477 4055 κτηνῶν
1510 3988 1617 4040 τῶν
1651 3989 1854 4059 ὑπηρε-

282 4102 367 4137 του
376 4084 562 4155 μένων
578 4081 761 4144 αὐτοῖς
792 4077 1264 4151 στενοχωρουμένη
1280 4095 1292 4107 ·
1311 4078 1384 4140 ὡς
1404 4076 1468 4130 ἂν
1498 4077 1668 4132 ταῦτα
1693 4080 1851 4146 γνοὺς

282 4177 370 4227 ἐπὶ
404 4175 599 4245 μεῖζον
629 4172 917 4225 ὲκτείνειεν
944 4173 1041 4241 τῆς
1066 4170 1270 4232 πόλεως
1288 4170 1347 4221 τό
1373 4186 1432 4221 τε
1464 4168 1664 4232 πλάτος
1687 4170 1852 4223 καὶτὸ

284 4269 454 4337 μῆκος
483 4264 809 4336 ὀφειλούσης
843 4264 1031 4334 ἀρκεῖν
1068 4260 1146 4331 τῷ
1180 4258 1372 4331 πλήθει
1402 4258 1508 4311 τῶν
1527 4259 1853 4329 οἰκησόντων

279 4360 468 4430 αὑτήν.
505 4356 826 4428 Παρέξομεν
852 4356 960 4427 γὰρ
983 4354 1138 4423 αὐτῇ,
1165 4353 1316 4423 φησὶ,
1352 4353 1530 4405 πᾶσαν
1557 4350 1854 4420 ἀσφάλειαν

1939 525 2228 568 occursum
2262 509 2401 579 ejus.
2455 507 2709 578 Dixitque
2752 507 2802 562 ei
2852 506 3040 561 dicens
3076 525 3089 560 :
3127 504 3299 560 Curre
3328 517 3383 560 et
3428 508 3507 561 lo-

1939 619 2107 674 quere
2133 601 2543 657 adolescentulo
2577 600 2676 665 illi,
2706 597 2894 653 dicens
2921 616 2936 653 :
2968 597 3203 667 Copiose
3235 597 3505 651 habitabi-

1942 708 2032 753 tur
2063 699 2401 752 Hierusalem
2429 712 2457 749 a
2480 694 2826 750 multitudine
2844 693 3119 748 hominum
3155 702 3208 748 et
3229 695 3507 761 jumento-

1941 804 2061 843 rum
2093 790 2145 841 in
2184 789 2364 842 medio
2389 788 2528 856 ejus.
2556 788 2622 842 Et
2654 802 2754 857 ego
2780 801 2878 841 ero
2912 786 3011 850 illi,
3057 784 3190 839 dicit
3226 783 3512 845 Dominus,

1941 897 2133 936 murus
2162 881 2324 950 ignis,
2348 889 2402 935 et
2429 882 2481 935 in
2507 880 2676 950 gloria
2707 895 2800 934 ero
2821 879 2875 933 in
2899 878 3077 933 medio
3099 877 3238 948 ejus.
3270 897 3289 929 ι
3324 878 3511 943 Quan-

1944 973 2230 1044 doquidem
2282 988 2400 1027 mos
2442 981 2526 1027 est
2580 973 2960 1027 aadiiicantium
3019 972 3261 1026 funiculo
3308 981 3509 1025 terrain

1944 1067 2147 1131 metiri,
2190 1066 2533 1120 latitudinem
2565 1066 2775 1120 scilicet
2807 1073 2862 1120 et
2905 1065 3299 1135 longitudinem
3349 1073 3513 1135 atque

1947 1155 2152 1211 formas
2187 1156 2430 1212 struendi
2462 1157 2699 1221 aedificii,
2746 1157 3060 1211 necessario
3091 1156 3339 1226 angelum
3370 1156 3517 1211 videt

1945 1266 2138 1305 rursus
2166 1265 2314 1305 more
2339 1250 2501 1305 solito
2534 1250 2766 1303 humana
2798 1250 3001 1319 specie,
3037 1248 3340 1303 funiculum
3370 1250 3518 1305 hunc

1947 1349 2263 1401 tenentem;
2307 1340 2398 1409 qui
2434 1341 2822 1408 interrogatus,
2856 1349 2913 1392 ut
2948 1337 3087 1392 facta
3118 1339 3397 1408 prophetae
3430 1354 3516 1394 re—

1945 1432 2145 1486 velatio
2188 1442 2395 1493 narrat,
2453 1447 2689 1501 quonam
2746 1431 2958 1486 abiret?
2998 1430 3064 1484 ad
3107 1430 3513 1496 dimetiendam,

1946 1520 2501 1590 inquit,Hierusalem
2533 1520 3194 1589 aediﬁcationemqualem
3228 1530 3520 1589 quantam-

1949 1630 2052 1683 que
2091 1628 2209 1669 eatn
2257 1614 2371 1667 ﬁeri
2418 1620 2687 1680 oporteat.
2733 1610 2937 1666 Deinde
2967 1613 3041 1664 ait
3080 1612 3292 1680 angelo,
3338 1613 3429 1681 qui
3461 1613 3514 1665 in

1952 1706 2070 1776 ipso
2113 1705 2457 1774 loquebatur,
2500 1718 2661 1772 quem
2693 1703 2746 1755 in
2786 1702 3166 1771 superioribus
3195 1703 3398 1755 dictum
3434 1710 3518 1756 est

1947 1797 2014 1849 ab
2057 1809 2122 1849 eo
2158 1795 2334 1849 visum
2389 1808 2530 1863 equo
2566 1791 2689 1845 rufo
2737 1792 3061 1847 insidentem
3113 1792 3254 1846 inter
3301 1804 3515 1847 montes

1947 1887 2232 1942 umbrosos
2267 1886 2496 1954 (ctenim
2533 1885 2690 1939 nobis
2722 1900 2789 1939 ex
2823 1896 2948 1939 ante
2976 1884 3138 1939 dictis
3168 1886 3516 1954 perspicuum

1945 1980 2004 2033 lit
2057 1979 2306 2032 eumdem
2342 1993 2486 2041 esse,
2526 1993 2687 2045 quem
2718 1978 2860 2031 inter
2890 1985 3105 2031 montes
3140 1978 3341 2031 vidisse
3371 1979 3521 2031 dixe-

1947 2082 2049 2135 rat,
2083 2085 2245 2140 atque
2277 2072 2427 2124 illurn
2454 2069 2547 2141 qui
2581 2070 2634 2123 in
2677 2070 2795 2139 ipso
2822 2070 3192 2138 loquebatur.)
3236 2070 3410 2130 llunc,
3436 2070 3519 2123 in-

1947 2181 2133 2235 quam,
2183 2181 2331 2218 nunc
2374 2178 2590 2232 quoque
2625 2162 2827 2216 vidisse
2855 2164 2930 2215 ait
2976 2172 3235 2227 stantem,
3281 2175 3332 2218 et
3364 2167 3429 2221 de
3463 2184 3523 2224 re

1946 2272 2065 2326 quae
2096 2255 2385 2326 gerebatur
2421 2256 2726 2319 laetantem;
2762 2261 2816 2307 et
2846 2253 2990 2323 quod
3024 2255 3197 2323 ipsius
3236 2257 3303 2309 ad
3350 2259 3517 2313 Deum

1946 2348 2123 2402 oratio
2166 2362 2389 2417 scapum
2428 2354 2576 2401 esset
2612 2355 2884 2403 assecuta.
2936 2345 3022 2398 illa
3057 2348 3313 2401 nimirum
3356 2366 3518 2419 quam

1950 2456 2051 2509 pro
2089 2440 2429 2493 llierusalem
2455 2448 2508 2493 et
2542 2452 2639 2507 pro
2674 2445 2831 2507 gente
2868 2436 2977 2492 Deo
3008 2439 3318 2494 obtulerat:
3359 2441 3519 2510 cujus

1947 2532 2127 2586 exitus
2158 2541 2295 2594 erat,
2332 2544 2438 2583 non
2467 2530 2642 2583 solum
2689 2543 2862 2597 pmnre
2894 2532 3141 2585 ostensio
3170 2547 3330 2600 quam
3378 2534 3520 2588 Deus

1950 2622 2188 2676 inimicis
2214 2622 2571 2691 impositurus
2588 2628 2726 2684 erat,
2757 2636 2944 2675 verum
2977 2623 3138 2676 etiam
3170 2624 3308 2679 visio
3337 2628 3515 2694 angeli

1948 2713 2182 2768 tenentis
2223 2711 2548 2773 funiculum,
2596 2709 2742 2780 quod
2771 2718 2891 2763 erat
2924 2711 3182 2765 indicium
3211 2714 3373 2783 coepti
3401 2715 3515 2783 jam

1949 2804 2101 2858 urbis
2138 2801 2373 2857 mdillcii.
2420 2801 2580 2871 302
2622 2800 2824 2856 Deinde
2867 2802 2942 2854 ait
2985 2802 3213 2857 alterum
3272 2808 3521 2876 angelum

1950 2894 2198 2958 missum,
2251 2892 2378 2946 huic
2414 2893 2623 2947 dixisse
2663 2900 2721 2946 ut
2761 2894 3169 2948 adolescentulo
3211 2896 3526 2966 loqueretur

1950 2986 2332 3058 geometricum
2360 2986 2579 3040 babenti
2613 2985 2936 3040 funiculum.
2968 2986 3059 3039 Sic
3079 2988 3222 3042 enitn
3248 2989 3392 3045 hunc
3425 3008 3521 3047 no-

1874 3097 1916 3153 c
1952 3078 2141 3143 minat,
2175 3077 2631 3147 quemadmodum
2678 3077 2732 3131 in
2773 3079 3103 3135 revelatione
3145 3082 3353 3138 viderat
3397 3101 3521 3140 eum

1956 3171 2216 3239 propheta
2256 3169 2492 3238 speciem
2541 3169 2934 3225 adolescentuli
2983 3187 3093 3241 prae
3131 3190 3190 3229 se
3239 3175 3520 3243 ferentem,

1954 3259 2025 3312 ob
2058 3258 2472 3330 signiﬁcandum
2510 3260 2680 3315 robur
2718 3262 3090 3317 omnimodum
3133 3280 3242 3334 quo
3268 3283 3355 3323 res
3399 3285 3525 3338 pro-

1956 3350 2135 3420 posita
2190 3351 2257 3404 ad
2324 3352 2530 3405 exitum
2592 3353 2913 3409 deducetur.
2974 3356 3062 3410 Ait
3109 3356 3274 3428 igitur
3326 3362 3527 3419 missus

1955 3442 2181 3513 angelus
2235 3443 2476 3513 loquenti
2527 3444 2579 3497 in
2619 3461 2705 3499 me
2753 3451 2965 3517 angelo,
3019 3458 3075 3503 ut
3104 3451 3353 3506 celeriter
3402 3470 3527 3508 cur-

1959 3539 2041 3583 rat
2084 3532 2337 3601 dicatque
2403 3533 2842 3599 adolescentulo,
2915 3536 3030 3593 fure
3082 3549 3140 3593 ut
3203 3558 3530 3614 magnopere

1958 3623 2233 3692 multaque
2281 3624 2435 3693 copia
2484 3624 2759 3680 habitetur
2789 3626 3159 3696 Hierusalem,
3208 3634 3274 3687 ab
3298 3634 3533 3690 homini-

1958 3713 2060 3767 bus
2124 3722 2178 3768 et
2219 3714 2481 3783 jumentis
2542 3731 2763 3786 operam
2820 3719 2903 3774 his
2938 3722 3305 3789 praebentibus
3360 3741 3528 3796 prope

1959 3808 2265 3876 angustiata
2310 3827 2321 3863 :
2384 3809 2573 3878 sicque
2622 3810 2717 3874 ait,
2769 3820 2827 3864 ut
2880 3828 2936 3867 re
2972 3816 3207 3883 cognita,
3250 3817 3301 3871 in
3350 3818 3526 3888 majus

1960 3903 2192 3969 spatium
2241 3900 2497 3956 extendat
2550 3902 2893 3960 latitudinem
2942 3907 3093 3961 urbis
3123 3924 3186 3963 ac
3233 3910 3527 3982 longitudi-

1961 4008 2104 4052 nem,
2141 4008 2261 4061 qua:
2304 3993 2604 4048 incolarum
2648 3996 2978 4052 multitudini
3032 4000 3278 4057 suﬂicere
3307 4004 3524 4063 debeat.

1961 4082 2024 4135 Et
2073 4084 2288 4153 quidem
2342 4100 2442 4140 nos
2476 4086 2654 4155 majus
2702 4088 2749 4142 ei
2783 4090 3095 4158 praesidium
3145 4094 3527 4165 praebebimus,

1961 4188 2122 4241 quam
2157 4190 2345 4228 murus
2382 4176 2501 4245 igne
2524 4187 2875 4233 constructus
2907 4183 3182 4236 exhiberet
3209 4184 3300 4253 qui
3332 4200 3530 4254 aggre-

1961 4262 2172 4320 dientes
2219 4266 2420 4321 valeret
2479 4270 2820 4325 comburere.
2861 4271 2994 4325 Nam
3042 4290 3125 4328 me
3173 4277 3526 4344 conspicuum

1964 4354 2123 4409 factis
2174 4358 2310 4426 ipsis
2342 4368 2395 4413 et
2434 4360 2770 4428 providentia
2801 4378 2928 4432 erga
2978 4363 3126 4433 ipsos
3158 4364 3382 4420 eﬂlciam
3414 4386 3427 4421 :
3478 4376 3532 4424 et

274 4451 371 4521 τὴν
400 4451 464 4517 ἐξ
500 4449 642 4520 ἐμοῦ
696 4445 914 4519 μείζονα
943 4448 976 4517 ἢ
1009 4449 1185 4515 τεῖχος
1225 4447 1289 4498 ὲκ
1326 4444 1492 4515 πυρὸς
1522 4461 1848 4496 κατεσκευα-

1962 4447 2214 4504 laudibus
2242 4453 2641 4522 praeconiisque
2677 4455 3001 4509 celebrahor
3030 4457 3100 4510 ob
3130 4472 3373 4513 meorum
3400 4475 3529 4531 erga

279 4543 478 4612 σμένον
522 4541 797 4610 παράσχοι
839 4538 904 4593 ἂν
952 4538 1224 4611 αῦταρκες
1255 4538 1311 4591 δν
1356 4536 1683 4607 συμφλέγειν
1728 4538 1852 4600 τοὺς

1961 4554 2057 4593 eos
2086 4540 2509 4611 magnitudinem
2545 4543 2957 4601 beneficiorum.

280 4640 575 4701 ἐπιόντας*
610 4637 918 4706 φανήσομαι
962 4636 1020 4688 δὲ
1066 4635 1152 4688 ἐπ’
1184 4633 1360 4686 αὐτῶν
1409 4633 1582 4703 ἔργων
1626 4632 1713 4685 διὰ
1756 4633 1853 4702 τῆς
1891 4634 1969 4697 εἰς
2023 4635 2214 4699 αὐτοὺς
2262 4638 2620 4708 κηδεμονίας·
2656 4638 2797 4692 ὥστε
2846 4641 2996 4712 παρὰ
3058 4644 3223 4697 πᾶσιν
3269 4646 3326 4697 ὲν
3366 4644 3536 4715 εὐφη-

286 4736 436 4805 μίαις
466 4734 532 4787 τὲ
571 4730 710 4785 εἶναι
742 4732 836 4785 καὶ
870 4731 1123 4794 ἐπαίνοις,
1163 4730 1303 4801 ὑπὲρ
1329 4728 1421 4782 τοῦ
1461 4728 1721 4799 μεγέθους
1747 4728 1854 4782 τῶν
1892 4732 1971 4793 είς
2002 4731 2176 4801 αὐτὴν
2198 4734 2544 4804 εὐεργεσιῶν.

343 4920 423 4986 (p.
457 4915 595 4984 456)
647 4913 1077 4985 Ἐπισημαντέον
1114 4912 1170 4966 δὲ
1216 4911 1530 4966 κάκεῖνοιὲν
1569 4910 1855 4986 τῷμέσῳ,ι

276 5008 352 5059 δτι
378 5011 409 5061 6
440 5006 774 5068 ἀποσταλεὶς
804 5004 1031 5073 ἄγγελος
1060 5003 1139 5074 τῷ
1173 5004 1390 5075 ἀγγέλῳ
1415 5003 1492 5074 τῷ
1523 5002 1769 5056 λαλοῦντι
1796 5006 1854 5056 ἐν

276 5096 446 5167 αὐτῷ,
480 5096 732 5149 τουτέστι
776 5093 855 5165 τῷ
885 5095 942 5147 ἐν
973 5095 1122 5165 μέσῳ
1164 5094 1271 5146 τῶν
1301 5094 1468 5163 ὀρέων
1504 5092 1854 5164 ἑπιϐεϐηκότι

273 5187 362 5239 τοῦ
408 5188 589 5239 ἵππου
634 5186 729 5239 τοῦ
773 5186 1001 5258 πυρροῦ,
1042 5187 1239 5256 λέγειοι
1271 5187 1456 5258 Δράμε
1503 5186 1598 5239 κα)⁵
1626 5185 1855 5256 λάλησον

276 5279 412 5348 πρὸς
444 5280 547 5331 τὸν
589 5280 872 5333 νεανίσκον
905 5281 1128 5333 ἐκεῖνον.
1171 5298 1189 5330 ι
1223 5280 1284 5332 Ei
1315 5279 1372 5332 δὲ
1403 5279 1544 5333 κατὰ
1583 5281 1707 5342 τοὺς
1755 5297 1856 5350 μυ-

274 5369 533 5439 θολογεῖν
565 5371 846 5435 ἐθέλοντας
886 5373 914 5425 6
940 5372 997 5426 ὲν
1029 5372 1177 5443 μέσῳ
1206 5371 1311 5425 τῶν
1340 5356 1650 5425 κατασκίων
1684 5371 1859 5442 ὀρέων

274 5464 494 5529 φανεὶς,
524 5464 556 5515 6
580 5461 675 5514 τοῦ
705 5460 838 5514 Θεοῦ
871 5457 937 5532 ἦν
986 5462 1129 5529 Υἱὸς,
1174 5463 1290 5525 πῶς
1314 5458 1422 5517 οἷόν
1451 5481 1507 5515 τε
1539 5459 1605 5533 ἦν
1641 5463 1730 5516 τὸν
1764 5462 1863 5530 ἄγ-

275 5552 435 5618 γελον
472 5551 745 5621 τολμῆσαι
776 5551 911 5623 πρὸς
938 5553 1099 5606 αὐτὸν
1142 5553 1334 5613 εἰπεῖν,
1369 5569 1387 5600 ι
1423 5552 1605 5620 Δράμε
1640 5550 1733 5603 καὶ
1761 5551 1861 5603 λάμ

274 5642 446 5712 λησον
478 5644 622 5712 πρὸς
650 5643 738 5695 τὸν
766 5643 1041 5698 νεανίσκον
1073 5647 1297 5707 ἐκεῖνον,
1341 5643 1536 5711 λέγων,
1568 5644 1860 5717 Κατακάρ-

277 5752 393 5801 πως
432 5734 896 5807 κατοικηθήσεται
925 5737 959 5807 ή
993 5734 1376 5808 Ὶερουσαλήμ;
1413 5753 1431 5784 ι
1461 5736 1723 5805 ’Ἄγγελον
1762 5737 1859 5802 μὲν

2030 4913 2122 4967 Illa
2168 4906 2383 4985 quoque
2429 4917 2598 4971 dictio
2637 4919 3118 4977 animadvertenda
3161 4933 3245 4978 est
3282 4942 3299 4975 ι
3331 4926 3471 4982 inter
3507 4950 3526 4982 ι

1961 5008 2104 5076 quod
2138 5024 2333 5078 nempe
2359 5011 2608 5079 angelus,
2643 5012 2837 5083 angelo
2883 5013 3141 5084 loquente
3166 5017 3219 5069 in
3249 5019 3530 5088 propheta,

1962 5098 2016 5152 id
2054 5109 2138 5155 est
2182 5101 2377 5171 angelo
2430 5101 2572 5157 inter
2621 5112 2859 5170 montes,
2903 5120 3049 5175 equo
3078 5104 3199 5159 rufo
3252 5107 3529 5177 insidenti,

1962 5191 2293 5249 aituCurre
2338 5203 2390 5248 et
2444 5195 2668 5266 loquere
2716 5197 3124 5251 adolescentulo
3174 5198 3448 5256 illiJNam
3485 5204 3533 5259 si

1957 5281 2107 5351 juxta
2145 5282 2243 5339 bos
2284 5287 2652 5357 mythologos,
2699 5290 2748 5343 is
2770 5285 2861 5356 qui
2896 5287 3037 5340 inter
3070 5297 3281 5343 montes
3314 5292 3535 5344 umbro-

1957 5388 2048 5428 sos
2076 5376 2393 5444 apparebat,
2444 5376 2538 5432 Dei
2572 5385 2690 5433 erat
2722 5378 2913 5435 Filius.
2954 5377 3047 5447 qui
3091 5378 3295 5435 audere
3328 5384 3523 5450 potuis.

1958 5473 2041 5520 set
2070 5467 2145 5520 illi
2183 5466 2367 5524 dicere
2391 5470 2617 5525 :iCurre
2654 5479 2709 5524 et
2746 5471 2971 5539 loquere
3018 5472 3424 5529 adolescentulo
3457 5477 3531 5531 illi

1957 5556 2146 5611 dicens
2176 5577 2188 5611 :
2239 5558 2473 5628 C0piose
2502 5560 2844 5614 habitabitur
2898 5559 3241 5617 Hierusalem
3263 5562 3535 5619 ‘lDEtenim

1959 5649 2207 5717 angelum
2259 5649 2398 5706 Filio
2440 5651 2532 5707 Dei
2581 5652 2877 5723 prmcipere
2922 5654 3151 5724 aliquid,
3198 5657 3537 5724 impossibile

1965 5749 2080 5802 est:
2110 5750 2164 5794 et
2197 5740 2299 5796 hoc
2320 5744 2565 5811 t-rcdere,
2592 5759 2823 5800 summa:
2852 5746 3148 5816 impietatis
3183 5757 3267 5803 est
3292 5765 3306 5803 :
3352 5756 3406 5802 at
3436 5764 3536 5804 επις
