4106 6238
531 276 635 333 διε)
1703 265 2052 325 τιιεοοοιιι

2187 271 2314 331 PSH
2322 271 2568 332 ESTENI
3649 278 3756 334 520

528 394 702 464 gelum
732 389 923 461 angelo
953 388 1260 461 significare
1291 386 1420 457 quid
1452 385 1719 455 agendum
1752 387 1845 449 sit,
1879 388 1953 440 nil
1982 388 2085 442 mi-

2187 393 2293 464 γάρ
2336 393 2415 465 τῷ
2458 395 2572 465 Υίῷ
2602 394 2696 449 τοῦ
2743 396 2877 451 Θεοῦ
2908 396 3169 460 κελεύειν,
3197 397 3307 451 τῶν
3345 395 3617 451 ἀδυνάτων
3663 392 3753 468 ῆν,

531 501 686 540 rum:
732 500 853 538 nam
888 495 938 538 et
996 482 1321 536 famulorum
1362 488 1445 535 est
1489 479 1720 532 invicem
1768 472 2092 536 denuntiare

530 580 837 629 voluntates
878 574 1199 635 dominicas,
1243 573 1522 640 multoque
1573 570 1744 639 magis
1794 570 1897 624 hoc
1938 571 2095 627 decet

532 667 653 722 illos
682 668 773 737 qui
798 666 866 721 ab
892 666 1132 720 omnium
1152 664 1380 719 Domino
1410 664 1475 715 ad
1508 662 1558 715 id
1593 663 1899 726 mittuntur,
1931 670 2092 730 prout

533 773 678 812 nunc
726 757 941 811 accidit.
989 754 1235 824 Namque
1283 757 1476 822 angelo
1522 752 1614 821 qui
1669 752 1993 821 loquebatur
2037 752 2092 805 in

534 852 812 922 propheta,
849 859 902 904 et
928 863 1027 919 pro
1054 848 1187 901 urbe
1217 846 1425 909 orabat,
1468 845 1661 898 merito
1700 845 1927 914 angelus
1957 844 2087 899 mis-

531 960 626 999 sus
658 959 721 997 ex
765 941 1028 997 sententia
1078 937 1193 1001 Dei,
1231 952 1451 992 currere
1493 935 1651 1004 303
1700 936 1802 1005 ipsi
1851 934 2085 1005 imperat

529 1045 581 1089 et
606 1034 750 1103 loqui
792 1048 910 1102 qua:
940 1046 1079 1099 opus
1120 1038 1235 1084 erat
1283 1027 1712 1089 adolescentulo,
1757 1032 1920 1096 atque
1949 1042 2089 1080 nun-

528 1127 663 1179 tiare
710 1139 896 1195 preces
932 1124 1050 1192 ejus
1098 1136 1323 1189 scopum
1367 1133 1488 1172 esse
1534 1128 1836 1191 assecutas,
1886 1115 2091 1185 Deique

532 1218 859 1270 voluntatem
884 1230 1009 1284 erga
1031 1212 1367 1267 Hierusalem
1400 1210 1595 1262 factam
1619 1225 1741 1265 esse
1761 1209 2048 1279 benignam
2073 1225 2089 1263 :

528 1315 988 1379 oportereautem
1040 1305 1215 1373 ipsum
1253 1309 1473 1371 propter
1505 1301 1853 1370 impetratum
1894 1300 1987 1355 Dei
2016 1298 2093 1353 fa-

529 1418 737 1464 vorem,
769 1402 999 1455 libenter
1039 1400 1286 1469 jussihus
1316 1399 1543 1468 obsequi
1570 1414 1585 1461 ;
1630 1404 1684 1451 et
1715 1394 1967 1450 celeriter
1996 1392 2093 1447 ad-

529 1498 771 1556 modum,
799 1495 845 1548 ei
881 1509 972 1563 qui
1001 1492 1067 1545 ad
1094 1491 1465 1545 :editicandam
1508 1490 1693 1543 urbem
1728 1486 1933 1541 missus
1976 1484 2093 1540 fue-

529 1592 634 1647 rat,
670 1584 975 1653 significare
1005 1597 1124 1650 qua!
1156 1580 1297 1635 Deus
1322 1580 1391 1635 de
1418 1582 1534 1651 ipsa
1566 1584 1896 1632 decreverat.

2193 487 2287 538 καί
2334 486 2574 556 νομίζειν
2613 488 2670 541 δὲ
2718 487 2876 542 τοῦτο
2898 490 3000 560 τῆς
3034 490 3269 560 ἐσχάτης
3294 490 3441 541 ἐστὶν
3469 488 3721 551 ἀσεϐείας
3740 504 3755 519 ⁸

2192 573 2420 642 ἄγγελον
2465 576 2522 630 δέ
2552 577 2767 650 ἀγγέλῳ
2808 580 3090 650 σημαίνειν
3125 579 3188 633 τὸ
3227 579 3514 649 πρακτέον,
3549 579 3759 649 θαυμα-

2193 666 2316 719 στὸν
2342 666 2521 721 οὐδέν·
2561 670 2747 741 ἐπειδὴ
2790 670 2897 723 τῶν
2931 671 3215 741 ὑπηρετῶν
3256 671 3384 723 ἴδιον
3419 668 3639 740 μηνύειν
3667 671 3758 723 ἀλ-

2191 755 2371 825 λήλοις
2420 758 2488 811 τὰ
2548 759 2839 815 δεσποτικὰ
2890 761 3248 832 βουλεύματα,
3309 761 3403 815 καὶ
3458 759 3638 830 πολλῷ
3695 776 3759 827 γε

2192 847 2353 901 πλέον
2380 851 2506 912 τοὺς
2534 851 2626 903 ἐπὶ
2646 850 2803 904 τοῦτο
2841 852 3221 922 πεμπομένους
3252 851 3401 920 παρὰ
3423 850 3516 904 τοῦ
3540 852 3757 903 πάντων

2190 938 2409 1011 Κυρίου,
2455 936 2565 996 οἷόν
2600 961 2654 997 τι
2698 945 2791 996 καὶ
2833 944 2927 997 νῦν
2970 944 3204 1012 ἐγίνετο·
3256 943 3348 997 τοῦ
3379 944 3489 1013 γάρ
3521 942 3756 1011 ἀγγέλου

2189 1029 2281 1083 τοῦ
2314 1031 2597 1097 λαλοῦντος
2626 1037 2684 1088 ἐν
2717 1034 2865 1105 αύτῷ
2907 1034 3006 1107 τὴν
3039 1035 3178 1106 ὑπὲρ
3207 1035 3307 1103 τῆς
3336 1034 3541 1098 πόλεως
3583 1050 3753 1103 προσ-

2189 1123 2483 1189 αγαγόντος
2508 1124 2712 1193 δέησιν,
2745 1126 2970 1189 εἰκότως
3012 1126 3040 1177 ό
3066 1125 3331 1195 πεμφθεὶς
3364 1125 3590 1194 ἄγγελος
3616 1126 3755 1179 κατά

2192 1210 2415 1282 γνώμην
2444 1212 2598 1276 Θεοῦ,
2629 1216 2855 1287 δραμεῖν
2892 1215 3039 1286 αὐτῷ
3066 1217 3159 1270 καὶ
3186 1217 3412 1288 λαλῆσαι
3439 1216 3647 1270 κελεύει
3690 1216 3756 1269 τά

2189 1304 2533 1372 προσήκοντα
2583 1305 2717 1376 πρὸς
2746 1306 2839 1359 τὸν
2872 1309 3172 1374 νεανίσκον,
3205 1309 3281 1372 ὡς
3313 1309 3379 1362 ἂν
3415 1308 3754 1376 εὐαγγελιζό-

2194 1409 2351 1461 μενος
2406 1395 2486 1448 ὅτι
2541 1414 2645 1468 περ
2691 1398 2838 1469 αὐτῷ
2869 1399 2938 1453 τά
2984 1400 3086 1470 τῆς
3138 1400 3373 1470 δεήσεως
3415 1394 3564 1453 ἷκται
3620 1401 3755 1469 πρὸς

2190 1483 2383 1555 πέρας,
2428 1488 2521 1540 καί⁸
2563 1487 2805 1543 δέδοκται
2850 1492 2945 1561 μὲν
2976 1493 3104 1563 περὶ
3144 1492 3243 1562 τῆς
3283 1491 3633 1563 Ἰερουσαλὴμ
3674 1492 3752 1561 τῷ

2192 1573 2309 1645 Θεῷ
2342 1576 2409 1629 τά
2433 1577 2662 1647 κρείττω
2682 1596 2694 1610 ’
2723 1580 2826 1651 χρὴ
2851 1581 2908 1634 δὲ
2941 1581 3034 1634 καὶ
3060 1579 3218 1634 αὐτὸν
3242 1580 3317 1642 ὡς
3349 1580 3639 1649 ἰσχύσαντα
3666 1580 3752 1649 ἐφ’

524 1670 606 1739 οἷς
651 1674 841 1745 ἐδεήθη
887 1674 1037 1745 παρὰ
1083 1672 1161 1743 τῷ
1205 1672 1358 1742 Θεῷ,
1414 1672 1529 1742 μεθ’
1584 1670 1775 1742 ἡδονῆς
1838 1684 1896 1720 τε
1948 1667 2060 1727 τοῖς
2120 1665 2558 1737 κεκελευσμένοις
2606 1671 3024 1742 ὑπηρετεῖσθαι,
3083 1674 3176 1726 καὶ
3229 1671 3366 1742 μετά
3416 1670 3608 1727 πολλοῦ
3655 1670 3752 1726 τοῦ

525 1770 722 1838 τάχους
744 1768 820 1837 τῷ
840 1769 932 1820 ἐπὶ
956 1766 1052 1838 τὴν
1070 1766 1355 1836 οἰκοδομὴν
1379 1765 1732 1819 ἀποσταλέντι
1758 1762 1860 1832 τῆς
1888 1760 2093 1821 πόλεως
2124 1759 2385 1830 γνωρίσαι
2420 1762 2488 1815 τά
2519 1765 2647 1834 περί
2676 1766 2843 1836 αὐτῆς
2875 1765 3100 1831 δόξαντα
3120 1764 3199 1834 τῷ
3243 1764 3382 1835 Θεῷ.

599 1864 763 1918 Vens.
792 1864 986 1918 6-7.-—-
1032 1860 1142 1931 Age
1172 1877 1299 1915 vero
1340 1860 1646 1915 necessaria
1678 1858 1868 1912 liducia
1906 1856 1975 1911 ab
2006 1855 2085 1910 his

2260 1858 2407 1927 Στίχ.
2453 1860 2589 1923 ς’-ζ’.
2627 1892 2695 1901 -
2752 1860 2910 1914 Ἃ).λά
2946 1860 3054 1929 γάρ
3082 1861 3390 1928 ἀναγκαίως
3418 1860 3649 1932 θάρσους
3684 1862 3751 1913 ἐκ

526 1956 756 2010 ostentis
791 1952 1052 2023 prapheta
1085 1953 1324 2021 repletus
1357 1951 1694 2004 exclamabat
1724 1948 1948 2002 dicens:
1973 1964 1990 1996 ‹
2012 1943 2089 2009 Ο,

526 2062 562 2101 o
585 2088 598 2109 ,
638 2045 804 2115 fugite
840 2059 869 2097 a
900 2054 1041 2098 terra
1078 2044 1307 2105 boreali,
1339 2043 1472 2098 dicit
1513 2041 1802 2105 Dominus;
1836 2038 2092 2109 quoniam

526 2154 558 2192 a
589 2147 825 2208 quatuor
858 2138 1033 2191 ventis
1069 2137 1191 2191 caeli
1221 2137 1565 2206 congregabo
1594 2149 1717 2194 vos.
1743 2132 1876 2188 dicit
1910 2130 2093 2184 Domi-

526 2244 653 2283 nus.
680 2228 758 2282 Ad
809 2226 938 2281 Sion
972 2228 1107 2281 salvi
1151 2226 1463 2296 confugite,
1499 2240 1593 2280 vos
1633 2225 1724 2295 qui
1769 2239 1915 2278 nunc
1948 2219 2092 2290 apud

530 2319 693 2372 ﬁliam
726 2318 1018 2389 Babylonis
1050 2317 1310 2371 incolitis.
1348 2333 1366 2365 ι
1398 2314 1618 2369 Mandat
1646 2315 1806 2368 etiam
1838 2310 2089 2379 reliquis,

524 2411 621 2479 qui
658 2408 833 2463 adhuc
871 2410 924 2462 in
955 2409 1269 2476 captivitate
1302 2416 1612 2471 versantur,
1662 2414 1720 2459 ut
1757 2404 1928 2457 multa
1968 2415 2089 2454 cum

530 2500 885 2554 festinatione
917 2499 981 2553 ad
1014 2496 1197 2552 Sionis
1224 2507 1463 2552 montem
1495 2504 1788 2552 accurrant
1816 2494 2092 2549 conliden-

529 2602 611 2649 tcs
659 2593 751 2647 Dei
783 2591 1239 2662 promissionibus
1279 2591 1347 2646 de
1389 2591 1760 2655 Hierusalem,
1789 2589 1882 2657 qui
1923 2586 2091 2640 unde-

524 2700 741 2754 cunque
811 2699 904 2738 cos
938 2683 1065 2736 illuc
1111 2698 1170 2737 se
1210 2692 1662 2752 congregaturum
1704 2679 2088 2751 spoponderat.

528 2780 703 2846 Atque
730 2777 818 2831 hic
872 2790 1062 2829 rursus
1076 2776 1269 2834 dictior
1289 2789 1316 2826 a
1339 2782 1575 2843 quatuor
1598 2771 1963 2833 ventisuhancl
1992 2770 2092 2823 ali-

526 2886 685 2938 quem
718 2882 1034 2931 numerum,
1071 2869 1165 2919 sed
1212 2865 1393 2934 potius
1451 2865 1811 2933 undecunque
1835 2861 2086 2926 denotat,

526 2971 585 3015 nt
616 2961 787 3015 Judaei
831 2961 921 3028 qui
955 2958 1132 3012 adhuc
1168 2957 1542 3028 Babylonicam
1585 2956 1857 3026 regionem
1890 2953 2092 3007 incole-

527 3054 677 3115 bant,
715 3052 778 3103 ad
815 3051 1002 3104 urbem
1044 3049 1383 3103 Hierusalem
1424 3049 1606 3102 cuncti
1645 3047 2001 3111 festinarent;
2035 3046 2088 3098 in

524 3158 630 3212 qua
671 3143 927 3212 degentes
971 3141 1156 3194 stabili
1191 3141 1446 3210 posthinc
1490 3142 1669 3195 salute
1715 3138 2085 3208 perfruentur,

527 3234 634 3288 [leo
680 3236 828 3302 ipsos
873 3233 1030 3302 juxta
1080 3232 1345 3301 promissa
1387 3247 1483 3288 sua
1532 3231 1870 3287 custod‘ente
1903 3249 1919 3284 :
1957 3229 2083 3300 quia

520 3325 632 3393 jam
666 3332 779 3376 tum
803 3325 979 3379 deleta
1011 3322 1185 3377 fuerat
1215 3322 1473 3394 Babylon,
1513 3332 1733 3392 totaque
1763 3322 2085 3392 Babylonio-

524 3430 644 3467 rum
672 3410 968 3468 dominatio
999 3413 1286 3478 desiverat,
1320 3412 1462 3467 Darii
1486 3414 1740 3467 nimirum
1774 3412 1917 3482 regis
1947 3421 2083 3465 tem—

524 3505 770 3572 poribus.
800 3504 969 3556 Simul
994 3510 1175 3557 tamen
1207 3503 1451 3572 praedicit
1484 3504 1552 3558 de
1578 3506 1686 3558 illis
1706 3505 1799 3573 qui
1831 3519 1926 3574 per
1954 3501 2085 3556 illud

521 3606 736 3665 tempus
776 3596 1002 3650 redituri
1046 3606 1223 3652 erant.
1263 3594 1396 3649 Nam
1434 3609 1624 3665 reapse
1671 3595 1948 3649 redierunt
1981 3595 2085 3649 sub

526 3688 688 3742 Dario
728 3704 833 3741 non
866 3687 1025 3757 pauci
1057 3707 1070 3743 :
1108 3688 1461 3742 nihilominus
1498 3687 1652 3756 jubet
1681 3703 1775 3741 eos
1815 3686 2085 3755 Babylone

522 3782 745 3842 reverti,
798 3781 850 3834 id
899 3789 983 3835 est
1025 3782 1092 3835 de
1131 3782 1442 3850 captivitate
1483 3795 1647 3850 quam
1693 3795 1723 3832 a
1771 3777 2084 3848 Babyloniis

524 3871 765 3938 perpessi
796 3880 969 3924 erant.
991 3871 1215 3926 Constat
1256 3880 1434 3926 autem
1473 3871 1791 3939 prophetam
1820 3866 2082 3936 subjussi

523 3960 693 4030 ﬁgura
716 3964 1116 4031 praedictionem
1142 3964 1216 4017 rei
1259 3963 1454 4017 futura:
1480 3962 1679 4020 facere.

593 4229 758 4286 Vens.
786 4231 939 4286 8-l2.
975 4261 1043 4270 —--
1072 4251 1090 4283 ι
1123 4232 1246 4287 Haec
1273 4235 1416 4289 enim
1450 4235 1523 4289 ait
1546 4235 1806 4291 Dominus
1827 4236 2079 4306 omnipo-

522 4331 643 4379 tens
676 4341 690 4376 :
724 4322 849 4379 Post
885 4325 1115 4395 gloriam
1158 4326 1305 4381 misit
1344 4342 1430 4382 me
1468 4328 1535 4381 ad
1579 4339 1768 4399 gentes
1797 4346 1917 4401 qua:
1948 4346 2080 4401 spo-

522 4417 789 4471 liaverunt
838 4433 957 4483 vos,
994 4418 1122 4488 quia
1170 4418 1261 4489 qui
1320 4419 1564 4489 tetigerit
1607 4435 1726 4487 vos,
1776 4423 1935 4491 quasi
1984 4422 2078 4492 qui

519 4517 707 4578 tangat
738 4511 993 4580 pupillam
1023 4512 1169 4565 oculi
1211 4512 1351 4580 ejus.
1388 4510 1525 4577 Quia
1561 4528 1689 4567 ecce
1718 4529 1818 4584 ego
1848 4513 2076 4569 inferam
2111 4542 2155 4598 ι)

519 4615 741 4654 manum
772 4617 946 4655 meam
974 4617 1136 4671 super
1175 4618 1304 4671 eos;
1361 4611 1414 4658 et
1440 4612 1601 4658 erunt
1643 4606 1836 4674 praeda:
1886 4607 1951 4661 iis
1984 4608 2076 4677 qui

518 4692 821 4747 servierant
846 4692 1010 4761 ipsis:
1034 4693 1194 4765 304
1211 4703 1265 4748 et
1290 4697 1635 4764 cognoscetis
1662 4697 1789 4766 quia
1815 4696 2076 4752 Dominus

518 4783 859 4852 omnipotens
889 4785 1035 4839 misit
1063 4802 1164 4840 me.
1208 4804 1226 4837 ι
1262 4785 1385 4841 Haec
1415 4804 1536 4857 ego,
1571 4789 1778 4855 inquit,
1814 4792 1969 4845 vobis
1995 4790 2077 4845 ef—

519 4872 627 4926 fata
662 4874 848 4935 recito,
874 4871 965 4926 Dei
995 4874 1087 4943 qui
1117 4874 1198 4929 sic
1213 4884 1294 4929 est
1318 4877 1565 4931 elocutus
1594 4866 1775 4945 jussu,
1799 4880 1891 4947 qui
1930 4880 2075 4934 misit

518 4979 604 5017 me
640 4964 869 5032 gloriam
906 4963 1025 5033 ejus
1080 4966 1483 5033 nuntiaturum,
1531 4983 1596 5022 ac
1640 4969 2068 5036 magnitudinem

518 5056 772 5124 potentiae
833 5072 983 5120 suae,
1030 5072 1193 5126 quam
1246 5068 1437 5114 contra
1497 5060 1796 5117 olfensores
1860 5071 2071 5117 vestros

515 5148 764 5200 ostendet
805 5165 818 5200 :
854 5154 1136 5216 tantopere
1160 5148 1228 5202 iis
1258 5163 1588 5205 succensens
1617 5152 1714 5221 qui
1748 5166 1844 5206 vos
1874 5167 2073 5206 vexare

515 5238 837 5301 voluerunt,
898 5248 1103 5309 quanto
1153 5241 1218 5294 iis
1265 5241 1589 5297 irasceretur
1645 5245 1739 5314 qui
1787 5246 2071 5299 oculorum

518 5328 690 5397 ipsius
722 5330 951 5397 pupillas
983 5330 1217 5384 laederet.
1240 5328 1392 5385 Patet
1417 5340 1595 5387 autem
1628 5333 1791 5388 Deum
1825 5334 2068 5389 humano

516 5416 771 5488 loquendi
817 5433 965 5472 more
991 5420 1244 5473 eximiam
1284 5423 1677 5490 providentiam
1706 5439 1862 5477 suam
1897 5424 2073 5479 deno—

515 5520 632 5564 tare
661 5510 913 5563 voluisse.
939 5509 1068 5564 Tam
1095 5529 1309 5581 gravem
1335 5554 1350 5574 ,
1386 5513 1580 5582 inquit,
1616 5514 1854 5570 inimicis
1874 5516 2070 5571 vestris

516 5615 731 5669 pinnam
765 5600 1016 5666 inferam,
1054 5612 1109 5655 ut
1147 5604 1215 5656 ab
1253 5604 1358 5657 illis
1395 5604 1738 5673 expugnandi
1765 5608 1874 5660 sint
1904 5615 2068 5675 atque

514 5694 788 5758 vastandi,
841 5709 982 5761 quos
1024 5703 1183 5751 antea
1228 5695 1551 5753 famulorum
1605 5696 1724 5752 loco
1774 5698 2063 5754 habebant.

2193 1950 2298 2002 τῶν
2322 1950 2637 2020 δειχθέντων
2668 1954 2697 2005 ό
2721 1955 3004 2024 προφήτης
3038 1952 3345 2024 πληρωθεὶς
3373 1953 3500 2006 ἐϐόα
3541 1952 3713 2020 λέγων
3732 1968 3747 1985 ο

2198 2059 2215 2090 ι
2231 2040 2372 2103 Ὢῶ,
2396 2041 2621 2109 φεύγετε
2646 2042 2753 2095 ἀπὸ
2772 2043 2875 2112 γῆς
2901 2042 3092 2114 βορρᾶ,
3115 2042 3263 2110 λέγει
3283 2041 3501 2108 Κύριος·
3528 2041 3604 2109 (p.
3622 2040 3749 2109 457)

2190 2130 2325 2183 διότι
2355 2133 2420 2183 ἐκ
2448 2130 2555 2183 τῶν
2599 2132 2877 2202 τεσσάρων
2915 2131 3130 2202 ἀνέμων
3157 2130 3252 2183 τοῦ
3281 2129 3509 2201 ούρανοῦ
3541 2129 3752 2193 συνάξω

2192 2223 2354 2292 ὑμᾶς.
2383 2223 2526 2290 λέγει
2557 2223 2757 2294 Κύριος
2776 2240 2789 2252 ·
2824 2225 2901 2286 εἰς
2930 2223 3068 2277 Σιὼν
3094 2221 3457 2286 ἀνασώζεσθε,
3484 2222 3534 2274 οἱ
3563 2237 3750 2273 κατοι-

2191 2314 2412 2377 κοῦντες
2443 2315 2711 2386 θυγατέρα
2745 2316 3076 2379 Βαϐυλῶνος.
3104 2336 3123 2368 ι
3174 2315 3397 2369 Κελεύει
3427 2316 3534 2385 γὰρ
3561 2314 3623 2385 δὴ
3657 2314 3751 2367 καὶ

2189 2409 2301 2469 τοῖς
2343 2406 2547 2469 λοιποῖς
2575 2406 2682 2460 τῶν
2726 2408 2818 2461 ἐπὶ
2849 2407 2948 2478 τῆς
2993 2407 3364 2477 αἰχμαλωσίας
3406 2406 3574 2459 ὄντων
3604 2406 3748 2472 ἐτι,

2194 2499 2329 2563 μετά
2354 2498 2551 2567 πολλῆς
2578 2497 2855 2568 ἐκτρέχειν
2879 2498 2979 2568 τῆς
3001 2498 3231 2569 σπουδῆς
3250 2498 3342 2550 ἐπὶ
3363 2496 3424 2550 τὸ
3445 2495 3582 2550 Σιὼν
3601 2497 3749 2567 ὅρος,

2192 2587 2519 2657 θαρροῦντας
2568 2590 2678 2651 τοῖς
2725 2587 3149 2659 ἐπηγγελμένοις
3190 2586 3268 2658 τῷ
3310 2586 3429 2658 Θεῷ
3477 2588 3605 2658 περὶ
3649 2588 3750 2656 τῆς

2201 2678 2590 2749 Ἰερουσαλὴμ,
2641 2679 2699 2744 ὃς
2749 2680 3012 2750 ὑπέσχετο
3058 2681 3387 2751 πανταχόθεν
3437 2681 3634 2743 αὐτοὺς
3670 2681 3751 2743 εἰς

2190 2770 2359 2838 αὐτὴν
2399 2770 2644 2835 συνάξειν
2668 2787 2681 2801 ·
2723 2771 3000 2825 κάνταῦθα
3034 2772 3214 2842 μέντοι
3259 2772 3421 2827 πάλιν
3454 2772 3612 2825 me;
3639 2772 3749 2825 τῶν

2188 2863 2465 2932 τεσσάρων
2480 2866 2725 2931 ἀνέμων»
2743 2863 2842 2914 οὐκ
2874 2863 3104 2933 ἀριθμόν
3130 2880 3270 2924 τινα,
3296 2863 3430 2917 ἀλλά
3452 2863 3513 2917 τὸ
3539 2881 3748 2918 παντα-

2190 2953 2345 3022 χόθεν
2387 2953 2552 3021 δηλοῖ,
2585 2953 2660 3018 ὡς
2705 2954 2771 3007 ἂν
2809 2953 3136 3024 θαρροῦντες
3172 2956 3222 3007 οἱ
3255 2955 3352 3025 τὴν
3398 2953 3749 3009 Βαϐυλωνίων

2189 3043 2458 3107 οἰκοῦντες
2492 3043 2674 3115 χώραν
2700 3044 2781 3099 ἑτι
2812 3046 2921 3099 τῶν
2967 3045 3251 3109 Ἰουδαίων,
3282 3046 3374 3098 ἐπὶ
3403 3046 3501 3115 τὴν
3548 3046 3750 3116 Ἰερου-

2192 3137 2371 3209 σαλὴμ
2407 3138 2706 3206 ἐπείγοιντο
2738 3138 2938 3201 πάντες
2967 3156 2982 3169 ο
3025 3131 3196 3210 οὗπερ
3222 3139 3494 3206 διάγοντες
3526 3138 3751 3208 βεϐαίαν

2190 3229 2366 3293 ἕξουσι
2397 3229 2489 3281 τοῦ
2522 3229 2707 3283 λοιποῦ
2738 3230 2837 3299 τὴν
2868 3230 3157 3301 σωτηρίαν,
3189 3229 3284 3284 τοῦ
3317 3229 3451 3283 Θεοῦ
3484 3229 3624 3283 κατά
3648 3228 3750 3292 τὰς

2190 3319 2394 3383 οἰκείας
2439 3320 2642 3384 αὐτοὺς
2696 3322 3049 3389 φυλάττοντος
3101 3320 3465 3390 ἐπαγγελίας,
3515 3321 3598 3373 ὅτι
3650 3321 3752 3391 μὲν

2190 3408 2462 3481 καθῃρέθη
2494 3412 2612 3464 τότε
2645 3412 2918 3475 Βαϐυλὼν,
2950 3413 3045 3466 καὶ
3078 3414 3227 3466 πᾶσα
3255 3413 3548 3483 πέπαυτοή
3573 3411 3751 3464 8160-

2188 3501 2392 3556 λωνίων
2420 3503 2582 3574 ἀρχὴ,
2611 3507 2752 3558 κατά
2772 3504 2865 3558 τὸν
2889 3505 3113 3577 Δαρείου
3143 3505 3237 3559 τοῦ
3269 3505 3527 3575 βασιλέως
3558 3505 3751 3576 καιρὸν

2187 3594 2343 3666 δῆλον
2368 3613 2382 3626 ο
2435 3595 2547 3648 ἀλλ’
2593 3597 2742 3667 ὅμως
2783 3596 2999 3668 μηνύων
3034 3599 3160 3661 τοὺς
3202 3599 3323 3652 κατ’
3368 3598 3571 3650 ἐκεῖνον
3599 3597 3751 3665 ὀφεί-

2188 3683 2376 3748 λοντας
2414 3685 2505 3740 τὸν
2536 3686 2725 3757 καιρὸν
2756 3686 3018 3741 ἀνελθεῖν.
3070 3687 3181 3740 Καὶ
3230 3685 3337 3758 γὰρ
3384 3686 3611 3755 ἀνῆλθον
3656 3687 3749 3739 ἐπὶ

2187 3777 2410 3848 Δαρείου
2434 3778 2533 3831 οὐκ
2561 3778 2727 3846 ὀλίγοι
2760 3778 2847 3831 τὸν
2871 3777 3132 3849 ἀριθμόν·
3166 3778 3315 3848 ὅμως
3347 3778 3412 3831 ἐκ
3442 3780 3539 3848 τῆς
3575 3777 3749 3829 Βαϐυ-

2187 3866 2352 3931 λῶνος
2399 3868 2593 3931 αὐτοὺς
2634 3868 2943 3922 ἐπανελθεῖν
2985 3868 3224 3932 κελεύει,
3260 3868 3345 3922 ἵνα
3383 3867 3511 3940 εἴπῃ
3538 3868 3636 3939 τῆς
3661 3868 3747 3921 αἰ-

2186 3956 2507 4026 χμαλωσίας
2561 3956 2629 4027 ἣν
2681 3957 2786 4010 ὑπὸ
2833 3955 3186 4012 Βαϐυλωνίων
3245 3960 3742 4029 ύπομεμενήκεσαν.

2188 4048 2457 4119 Πρόδηλον
2484 4048 2540 4100 δέ
2570 4048 2645 4111 ὡς
2672 4049 2729 4101 ἐν
2749 4049 3115 4119 ἐπιτάγματος
3141 4050 3376 4120 σχήματι
3404 4050 3631 4120 μήνυσιν
3650 4050 3745 4103 τοῦ

2185 4140 2443 4210 ἐσομένου
2480 4141 2731 4195 ποιεῖται.

2255 4234 2400 4303 Στίχ.
2436 4233 2596 4304 η’-ιβ’.
2638 4262 2709 4271 —
2763 4250 2783 4284 ι
2808 4233 2951 4285 Διότι
2976 4232 3100 4287 τάδε
3130 4231 3274 4301 λέγει
3312 4230 3514 4302 Κύριος
3553 4248 3750 4284 παντο-

2184 4323 2403 4395 κράτωρ
2422 4340 2437 4356 ⁸
2484 4323 2686 4377 Ὀπίσω
2707 4322 2864 4392 δόξης
2883 4323 3189 4377 ἀπέσταλκά
3222 4339 3288 4394 με
3316 4322 3408 4376 ἐπὶ
3435 4322 3502 4375 τὰ
3526 4320 3653 4390 ἔθνη
3679 4320 3749 4372 τά

2186 4416 2554 4469 σκυλεύσαντα
2577 4416 2740 4485 ὑμᾶς’
2772 4415 2906 4468 διότι
2936 4415 2965 4466 ό
2991 4414 3293 4484 ἁπτόμενος
3313 4412 3486 4483 ὑμῶν,
3515 4414 3593 4482 (p.
3617 4412 3745 4482 458)

2183 4507 2259 4570 ὡς
2285 4509 2313 4561 ὀ
2340 4507 2641 4579 ἁπτόμενος
2662 4507 2761 4578 τῆς
2789 4506 2956 4579 κόρης
2980 4505 3073 4560 τοῦ
3097 4504 3369 4577 ὀφθαλμοῦ
3398 4504 3559 4558 αὐτοῦ
3576 4521 3590 4535 ·
3612 4504 3747 4557 διότι

2183 4598 2294 4667 ἐγὼ
2327 4600 2567 4671 ἐπιφέρω
2611 4598 2707 4670 τὴν
2731 4598 2889 4669 χεῖρά
2918 4615 3019 4669 μου
3052 4598 3137 4651 ἐπ’
3163 4597 3381 4660 αὐτοὺς,
3411 4596 3502 4649 καὶ
3532 4596 3746 4648 ἔσονται

2181 4691 2351 4745 σκῦλα
2401 4694 2511 4754 τοῖς
2558 4688 2887 4744 δουλεύουσιν
2928 4691 3110 4753 αὐτοῖς
3132 4728 3147 4752 ,
3198 4690 3293 4743 καὶ
3336 4687 3605 4758 γνώσεσθε
3660 4688 3745 4741 ὅτι

2179 4781 2380 4851 Κύριος
2424 4782 2814 4853 παντοκράτωρ
2861 4782 3166 4836 ἀπέσταλκέ
3198 4800 3286 4853 με.
3329 4801 3347 4834 ι
3411 4780 3592 4835 Ταῦτα
3636 4783 3747 4851 γάρ

2180 4874 2329 4943 ὑμῖν,
2387 4874 2570 4942 φησὶν,
2604 4874 2869 4944 εἰρημένα
2905 4874 3067 4942 λέγω,
3109 4872 3203 4927 τοῦ
3254 4874 3529 4944 εἰρηκότος
3562 4871 3747 4927 κελεύ-

2184 4980 2376 5028 σαντος
2400 4964 2556 5029 Θεοῦ,
2593 4964 2654 5028 ὃς
2695 4965 2998 5019 ἀπέσταλκε
3029 4983 3097 5035 με
3126 4966 3223 5036 τὴν
3251 4965 3404 5032 δόξαν
3433 4966 3558 5035 ὑμῖν
3601 4982 3747 5033 γνω-

2186 5058 2420 5128 ριοῦντα,
2452 5060 2547 5111 καὶ
2560 5058 2620 5112 τὸ
2650 5056 2875 5128 μέγεθος
2901 5059 2999 5127 τῆς
3029 5058 3192 5111 αὑτοῦ
3223 5058 3501 5128 δυνάμεως
3531 5050 3599 5128 ἦς
3628 5059 3749 5109 ἐπι-

2179 5146 2411 5210 δείξεται
2442 5146 2583 5201 κατά
2606 5147 2716 5201 τῶν
2745 5148 2888 5217 ὑμᾶς
2918 5146 3253 5218 ἠδικηκότων
3272 5163 3287 5177 ·
3335 5147 3506 5210 οὕτως
3534 5146 3748 5218 ὀργιζό·

2184 5257 2344 5310 μενος
2391 5240 2483 5293 ἐπὶ
2523 5242 2635 5303 τοῖς
2680 5257 2733 5293 τι
2781 5239 2969 5295 λυπεῖν
3001 5240 3145 5308 ὑμᾶς
3175 5239 3533 5309 βουλομένοις,
3569 5238 3645 5301 ὡς
3678 5238 3747 5292 ἂν

2181 5330 2459 5401 ὀργισθείη
2513 5332 2567 5385 εἰ¹
2612 5349 2695 5394 τις
2753 5330 2917 5385 αὐτοῦ
2979 5330 3076 5394 τὰς
3134 5332 3301 5401 κόρας
3353 5331 3577 5401 βλάπτοι
3636 5329 3745 5384 τῶν

2178 5423 2469 5494 ὀφθαλμῶν
2495 5440 2507 5452 ·
2561 5423 2780 5494 εὔδηλον
2811 5423 2907 5493 μὲν
2934 5418 3027 5476 οὖν
3056 5424 3137 5476 ὅτι
3176 5422 3529 5494 ἀνθρωπίνως
3551 5423 3612 5476 τὸ
3641 5421 3747 5491 τῆς

2177 5515 2503 5584 κηδεμονίας
2564 5514 2835 5587 ἐξαίρετον
2887 5515 3059 5567 εἰπεῖν
3115 5514 3407 5586 ἠϐουλήθη.
3466 5514 3625 5568 Οῦτω
3684 5513 3744 5566 δὲ

2179 5607 2397 5677 βαρεῖαν
2440 5606 2622 5671 ἐπάξω
2645 5647 2657 5667 ,
2713 5605 2880 5675 φησὶ,
2928 5609 3039 5669 τοῖς
3068 5606 3277 5676 ἐχθροῖς
3310 5608 3419 5668 τοῖς
3458 5605 3748 5675 ὑμετέροις

2179 5696 2278 5766 τὴν
2310 5696 2608 5766 τιμωρίαν,
2653 5693 2791 5747 ὥστε
2841 5695 2931 5747 ὑπ’
2984 5696 3203 5748 ἐκείνων
3251 5692 3744 5766 ἐκπολιορκηθῆναι
