3992 6232
243 286 344 346 εει

1183 295 1731 353 COMMENTARIUS
1771 299 1836 352 IN
1883 301 2257 361 ZACIIARl/E
2297 308 2452 364 CAP.
2498 311 2557 366 ll.

3418 323 3522 381 512

237 418 300 457 τε
335 402 427 456 καὶ
454 403 795 475 πορθηθῆναι
827 408 920 471 οὓς
950 410 1010 462 τὸ
1056 411 1320 482 πρότερον
1365 415 1422 465 ἐν
1450 414 1652 468 δούλων
1693 411 1815 486 εἶχοπ

1941 418 2311 485 Quamobrem
2340 439 2405 479 ex
2451 425 2568 496 ipso
2600 440 2782 481 rerum
2817 439 3012 486 eventu
3052 434 3267 503 pateﬁet
3304 453 3390 492 me
3414 431 3523 494 'Dei

235 495 415 560 τάξει·
445 495 520 560 ὡς
543 497 609 550 ἃν
635 497 696 564 ἐξ
721 499 904 553 αὐτῶν
925 501 1136 569 γένοιτο
1152 505 1310 574 δῆλον
1334 505 1442 559 τῶν
1472 509 1838 578 πραγμάτων,

233 588 326 642 δτι
358 589 551 661 γνώμῃ
581 589 722 643 Θεοῦ
757 593 852 646 τοῦ
903 595 1119 648 πάντιιιν
1153 597 1358 669 Κυρίου
1407 601 1833 672 εὐαγγελίζομαι

233 679 417 734 ταῦτα
451 681 614 750 ὑμᾶς.
670 678 805 736 Εἶτα
853 687 946 738 καὶ
979 687 1113 756 πρὸς
1154 688 1254 758 τὴν
1289 689 1441 741 πόλιν
1487 693 1835 763 ἀποστρέψας

231 767 337 821 τίπν
363 769 516 838 λόγον
540 787 554 799 ·
602 769 881 844 θυγατέρα
914 774 1023 846 γάρ
1049 776 1149 844 τῆς
1182 778 1318 830 Σιὼν
1344 778 1440 849 τὴν
1484 781 1836 853 Ἰερουσαλὴμ

233 861 435 915 εἴωθεν
464 863 754 933 ὀνομάζειν
775 882 788 895 ·
841 884 858 916 ι
887 867 1103 938 Τέρπου
1131 871 1224 923 καὶ
1251 872 1563 943 εὐφραίνου,
1594 874 1834 948 θύγατερ

232 949 383 1005 Σιών
407 968 421 982 ·
459 953 592 1006 διότι
622 954 730 1008 ίδοὺ
757 955 869 1023 ἐγὼ
901 956 1154 1029 ἔρχομαι,
1195 962 1288 1012 καὶ
1323 964 1730 1033 κατασκηνώσω
1775 967 1832 1016 ἐν

234 1044 397 1115 μέσῳ
434 1063 560 1110 σου,
591 1046 740 1115 λέγει
776 1049 1003 1119 Κύριος.
1040 1069 1059 1102 ι
1106 1052 1194 1105 Ἐν
1227 1054 1443 1122 ἡδοναῖς
1482 1055 1572 1108 ἔσο
1604 1057 1696 1108 τοῦ
1725 1058 1826 1110 λοι-

229 1133 368 1198 ποῦ,
397 1132 540 1199 ἔξεις
573 1136 681 1208 γάρ
713 1154 778 1207 με
815 1139 874 1190 ἐν
902 1140 982 1192 σοὶ
1020 1143 1086 1212 τῇ
1123 1142 1420 1215 κηδεμονία
1451 1146 1820 1216 δεικνύμενον·

231 1242 254 1274 ι
296 1226 412 1278 Καὶ
453 1226 884 1295 καταφεύξονται
923 1229 1048 1300 ἔθνη
1091 1234 1260 1287 πολλά
1299 1236 1391 1288 ἐπὶ
1420 1237 1510 1288 τὸν
1541 1239 1744 1308 Κύριον
1773 1241 1830 1292 ἐν

226 1317 302 1385 τῇ
356 1317 540 1388 ἡμέρᾳ
585 1317 808 1389 ἐκείνῃ·
864 1321 958 1373 καὶ
987 1321 1198 1376 ἔσονται
1233 1324 1384 1394 αὐτῷ
1429 1327 1510 1389 είς
1543 1327 1688 1391 λαὸν,
1734 1331 1829 1382 καὶ

227 1409 760 1478 κατασκηνώσουσιν
789 1413 846 1462 ἐν
877 1413 1028 1483 μέσῳ
1064 1432 1157 1467 σου
1181 1457 1193 1477 ,
1235 1418 1327 1469 καὶ
1371 1419 1556 1490 γνώσῃ
1590 1421 1671 1471 ὅτι
1717 1419 1830 1472 Κύ-

229 1516 357 1569 ριος
399 1500 794 1574 παντοκράτωρ
845 1505 1212 1569 ἐξαπέσταλκέ
1276 1527 1342 1578 με
1389 1511 1525 1581 πρός
1574 1529 1632 1564 σε
1661 1530 1672 1542 ·
1735 1513 1828 1565 καὶ

223 1592 778 1664 κατακληρονομήσει
828 1594 1031 1668 Κύριος
1079 1598 1174 1652 τὸν
1233 1600 1431 1654 Ἰούδαν
1480 1605 1578 1672 τὴν
1634 1605 1824 1674 μερίδα

222 1685 406 1739 αὐτοῦ
432 1688 522 1740 ἐπὶ
543 1687 640 1759 τὴν
665 1689 827 1757 ἁγίαν
853 1691 976 1763 γῆν,
1008 1695 1084 1764 lp.
1108 1694 1232 1765 459)
1261 1697 1354 1749 καὶ
1369 1699 1601 1769 αἱρετιεῖ
1620 1699 1700 1752 ἔτι
1727 1700 1826 1770 τὴν

227 1774 621 1849 Ἰερουσαλήμ.
653 1797 673 1831 ι
729 1780 1012 1851 Τοσαύτην
1038 1782 1118 1846 δέ,
1157 1785 1310 1853 φησὶ.
1355 1787 1454 1856 τήν
1503 1788 1630 1856 περὶ
1675 1787 1819 1857 ὑμᾶς
1853 1777 1896 1837 Β
1929 1799 2095 1856 Deum

218 1862 576 1938 ἱπιδείξομαι
609 1870 939 1942 κηδεμονίαν
962 1913 977 1935 ,
1031 1873 1176 1928 ὥστε
1221 1876 1315 1929 καὶ
1367 1877 1476 1930 τῶν
1525 1877 1821 1949 ἀλλοτρίων

217 1957 464 2023 πολλοὺς
503 1962 590 2031 ἐφ’
631 1963 778 2032 ὑμᾶς
830 1969 1164 2035 καταφυγεῖν
1189 2007 1204 2030 ,
1259 1967 1393 2020 Θεὸν
1427 1970 1822 2040 ὁμολογοῦντας

219 2054 442 2108 ἑαυτῶν
467 2057 566 2127 ἐμὲ
591 2056 682 2110 τὸν
709 2057 840 2129 παρ’
867 2059 1020 2130 ὑμῶν
1046 2060 1447 2134 γνωριζόμενον
1464 2082 1476 2096 ·
1511 2064 1561 2118 οἳ
1590 2067 1682 2119 καὶ
1709 2065 1818 2120 τῶν

216 2146 444 2200 οἰκείων
468 2148 804 2214 ἀποστάντες
827 2150 1010 2205 τόπων
1029 2152 1127 2223 τὴν
1147 2158 1362 2225 οἷκησιν
1382 2157 1698 2228 αἱρήσονται
1719 2158 1820 2229 τὴν

217 2238 277 2291 ἐν
301 2237 387 2292 σοὶ
411 2239 502 2293 διὰ
523 2240 621 2312 τὴν
647 2241 972 2312 κηδεμονίαν
1001 2243 1096 2316 τὴν
1127 2247 1268 2317 ἐμήν
1287 2263 1300 2277 ·
1327 2248 1450 2302 τότε
1480 2248 1541 2320 δὴ
1575 2249 1810 2320 μάλιστα

215 2327 500 2395 γνώσεσθέ
531 2349 598 2402 με
625 2330 760 2386 Θεοῦ
794 2334 987 2407 γνώμῃ
1013 2334 1108 2388 τοῦ
1138 2336 1355 2391 πάντων
1397 2339 1602 2410 Κυρίου
1633 2341 1806 2395 ταῦτα

1940 512 2222 568 voluntate
2255 516 2500 572 omnium
2543 520 2755 575 Domini
2799 521 2913 578 haec
2944 526 3098 582 vobis
3133 543 3280 583 nuiic
3309 527 3527 585 denun-

1942 605 2096 659 tiare.
2145 605 2351 662 Deinde
2383 609 2449 663 ad
2484 612 2674 666 urbem
2703 629 2922 684 quoque
2961 601 3268 675 sermonem
3293 636 3528 677 conver-

1939 706 2059 754 tens
2090 699 2252 769 (nam
2286 702 2450 756 filiam
2490 705 2620 760 Sion
2652 710 2792 762 solet
2827 707 3166 766 Hierusalem
3192 716 3524 785 appellare),

1943 810 1960 841 ι
1997 790 2223 856 Ιιίειίιτο,
2264 815 2280 845 ι
2316 796 2512 866 inquit,
2556 817 2572 848 ι
2601 808 2656 852 et
2690 802 2886 870 gaude.
2923 802 3032 856 lilia
3069 802 3224 869 Sion,
3249 808 3375 876 quia
3397 824 3527 864 ecce

1935 899 2035 954 ego
2076 886 2258 950 venio,
2295 895 2347 940 et
2395 889 2658 945 habitabo
2701 892 2755 946 in
2795 895 2972 948 medio
3017 896 3121 958 tui,
3158 898 3290 952 dicit
3343 901 3524 954 Domi-

1937 991 2060 1029 nus.
2106 995 2122 1025 ι
2159 976 2382 1033 laetitiis
2433 983 2683 1047 posthinc
2727 985 2948 1050 incede;
2984 987 3208 1044 habebis
3249 991 3394 1045 enim
3435 1008 3525 1047 me

1933 1074 2136 1135 tecum,
2192 1071 2375 1123 tutelae
2415 1073 2464 1126 vi
2505 1073 2962 1134 demonstratum.
3012 1096 3032 1128 ι
3087 1079 3524 1154 Confugientque

1933 1167 2123 1229 gentes
2158 1163 2338 1216 multa:
2371 1164 2436 1217 ad
2471 1164 2760 1221 Dominum
2793 1169 2882 1225 die
2915 1171 3002 1224 illa
3035 1190 3048 1226 :
3088 1185 3358 1245 eruntque
3388 1177 3436 1230 ei
3467 1177 3520 1231 in

1933 1251 2214 1318 populum,
2244 1264 2296 1307 et
2339 1255 2394 1308 in
2427 1257 2607 1312 medio
2635 1261 2711 1314 tui
2743 1261 3089 1328 habitabunt,
3135 1274 3190 1320 et
3217 1281 3522 1337 cognosces

1932 1340 2077 1408 quod
2125 1358 2212 1397 me
2261 1345 2611 1415 omnipotens
2664 1347 2928 1406 Dominus
2968 1353 3036 1407 ad
3083 1361 3136 1410 te
3187 1355 3420 1410 miserit.
3458 1355 3522 1410 Et

1933 1433 2236 1499 possidebit
2283 1435 2546 1495 Dominus
2581 1439 2777 1496 Judam
2819 1446 2977 1512 quasi
3015 1455 3227 1514 partem
3267 1463 3423 1508 suam
3466 1450 3518 1502 in

1933 1532 2074 1578 terra
2101 1536 2316 1591 sam-ta,
2347 1538 2400 1583 et
2426 1531 2588 1602 eliget
2611 1534 2788 1589 adhuc
2817 1535 3177 1592 Hierusalem.
3216 1558 3234 1588 ι
3265 1537 3516 1600 Tantam,

1932 1616 2128 1685 inquit,
2185 1621 2350 1674 vestri
2411 1624 2839 1680 sollicitudinem
2896 1644 3006 1697 prae
3069 1645 3154 1684 me
3205 1629 3396 1696 feram,
3461 1641 3519 1687 ut

1929 1710 2245 1782 alienigena:
2294 1731 2515 1786 quoque
2569 1721 2722 1772 multi
2773 1720 2839 1774 ad
2901 1737 2997 1777 vos
3044 1726 3329 1779 accursuri
3384 1726 3515 1791 sint,

2101 1819 2208 1872 que
2248 1821 2332 1861 me
2375 1809 2680 1865 conlessuri
2725 1814 2817 1882 qui
2862 1815 3006 1885 apud
3051 1831 3151 1872 vos
3197 1832 3470 1888 aguoscor
3500 1865 3514 1875 ν

1924 1890 2038 1954 isti,
2085 1894 2335 1964 inquam,
2390 1915 2420 1953 a
2476 1903 2596 1957 suis
2645 1903 2782 1960 locis
2825 1905 3214 1976 digredientes,
3269 1909 3516 1966 habitare

1924 1985 2066 2052 apud
2115 1997 2165 2042 te
2211 1989 2453 2054 malent,
2509 1996 2874 2064 patrocinium
2915 2013 3096 2054 meum
3139 2001 3513 2070 exquirentes.

1925 2073 2062 2130 Tum
2089 2093 2218 2135 vero
2243 2085 2480 2139 maxime
2506 2102 2602 2141 vos
2631 2090 2982 2158 cognoscetis
3003 2106 3091 2147 me
3133 2090 3227 2148 Dei
3262 2095 3509 2150 omnium

1925 2162 2140 2222 Domini
2177 2171 2458 2229 voluntate
2503 2176 2616 2231 hate
2657 2179 2812 2235 vobis
2845 2181 3130 2247 nuntiare,
3155 2185 3248 2254 qui
3283 2194 3338 2240 et
3361 2185 3516 2242 Judae

1919 2265 2156 2315 veterem
2203 2272 2363 2320 terra!
2397 2269 2691 2340 assignatas:
2739 2280 2948 2342 partem
2989 2277 3282 2344 restituet,
3317 2287 3516 2335 totam-

1917 2363 2025 2418 que
2059 2349 2396 2410 Hierusalem
2426 2361 2642 2413 cunctis
2673 2361 3013 2430 splendidam
3045 2362 3258 2419 elﬁciet.

217 2422 350 2490 ὗμῖν
377 2421 893 2496 εὐαγγελιζόμενον,
923 2427 982 2491 ὃς
1012 2427 1090 2498 τῷ
1122 2446 1182 2481 τε
1225 2430 1394 2501 Ἰούδᾳ
1433 2434 1530 2504 τὴν
1559 2433 1794 2489 παλαιὰν
1833 2437 1981 2510 αύτῴ
2015 2444 2208 2514 μερίδα
2237 2449 2336 2518 τῆς
2360 2449 2463 2520 γῆς
2487 2421 2776 2519 ἀποδώσει,
2811 2457 2990 2510 πᾶσαν
3016 2458 3114 2530 τὴν
3156 2460 3520 2533 Ἰερουσαλήμ

215 2536 277 2572 τε
305 2520 582 2591 ἀποφανεῖ
607 2523 757 2594 παρὰ
785 2526 950 2579 πᾶσιν
975 2525 1256 2598 λαμπράν.

287 2615 441 2686 Στίχ.
482 2622 570 2684 ιγ’.
618 2647 688 2656 -
742 2613 876 2671 Εῐτα
936 2618 1246 2684 ἀκολούθως
1305 2622 1498 2691 ἐπάγει
1525 2641 1538 2654 ·
1582 2643 1599 2673 ι
1637 2625 1814 2680 Εὐλα-

219 2705 421 2760 ϐείσθω
470 2709 620 2760 πᾶσα
664 2707 803 2780 σὰρξ
851 2710 960 2764 ἀπὸ
1001 2712 1292 2782 προσώπου
1339 2715 1572 2788 Κυρίου,
1610 2719 1690 2772 ὅτι
1730 2718 1816 2783 ἐξ-

218 2803 518 2872 εγήγερται
562 2801 626 2854 ἐκ
669 2801 907 2871 νεφελῶν
953 2805 1122 2872 ἁγίων
1163 2806 1348 2862 αὐτοῦ.
1389 2827 1407 2858 ι
1456 2810 1616 2864 ’Ὠστε
1649 2813 1813 2865 πᾶσιν

216 2891 422 2960 ὁμοίως
445 2895 556 2956 τοῖς
587 2910 646 2946 τε
679 2895 899 2959 οἰκείοις
919 2897 1012 2949 καὶ¹
1041 2899 1151 2962 τοῖς
1184 2899 1485 2974 ἀλλοτρίοις
1513 2904 1810 2975 ἁρμόττειν

218 2983 518 3040 δεδοικέναι
553 2987 743 3040 λοιπὸν
777 2989 868 3041 τὸν
897 2990 1049 3054 Θεὸν,
1088 2991 1147 3055 ὃς
1177 2994 1242 3046 ἐκ
1269 2993 1379 3047 τῶν
1410 2996 1696 3068 ἀνωτέρων
1727 2998 1812 3050 τό·

1990 2627 2157 2684 νειιε.
2193 2630 2274 2684 i3.
2308 2662 2375 2672 ο-
2409 2631 2612 2688 Deinde
2643 2638 2818 2707 pergit
2844 2637 3026 2694 dicere
3053 2661 3066 2694 :
3097 2661 3115 2692 ι
3145 2643 3357 2702 'l'imeat
3389 2651 3510 2704 uni-

1917 2732 2074 2772 versa
2119 2731 2248 2772 caro
2289 2735 2315 2770 ιι
2363 2719 2504 2776 facie
2555 2721 2795 2790 Domini,
2854 2731 3112 2797 quoniam
3159 2743 3509 2797 consurrexit

1914 2807 2074 2878 305
2127 2808 2194 2864 de
2248 2812 2488 2868 nubibus
2541 2817 2748 2870 sanctis
2802 2821 2941 2875 suis.
2985 2841 3003 2872 ι
3041 2823 3289 2883 Cunctos
3353 2847 3506 2902 mque

1915 2909 2028 2953 tum
2059 2899 2392 2959 domesticos
2419 2913 2532 2960 tum
2557 2908 2894 2980 alienigenas
2927 2913 3122 2972 timore
3158 2917 3249 2974 Dei
3285 2899 3503 2990 percelli

1915 2989 2175 3061 deinceps
2205 2992 2402 3058 decet,
2446 2995 2538 3065 qui
2576 2997 2644 3052 de
2679 3003 2937 3071 superuis
2979 3005 3149 3070 locis,
3179 2989 3318 3078 quos
3351 3011 3504 3068 inco-

223 3099 360 3140 πων,
399 3079 494 3145 οὓς
523 3084 694 3136 οἰκεῖν
723 3100 781 3136 τε
810 3083 966 3136 εἴωθε
995 3085 1087 3137 καὶ
1113 3086 1302 3154 ἁγίους
1334 3090 1398 3141 ἐκ
1429 3089 1526 3160 τῆς
1551 3092 1812 3162 οἰκήσεως

1921 3081 2031 3136 lere
2081 3085 2240 3148 solet,
2287 3101 2536 3157 quosque
2592 3104 2818 3148 sanctos
2873 3093 3114 3150 incolatu
3169 3114 3273 3154 suo
3315 3101 3501 3166 ellicit,

219 3172 602 3227 ἀποδεικνύναι
645 3176 743 3245 τῆς
776 3176 1002 3239 οἰκείας,
1039 3177 1324 3248 κεκίνηται
1351 3180 1407 3234 δέ
1437 3182 1528 3234 ἐπὶ
1561 3182 1812 3254 βοήθειαν

220 3265 499 3337 ήμετέραν
549 3264 754 3331 ἐλθεῖν,
798 3266 984 3322 τοῦτον
1013 3268 1294 3338 φοϐεῖσθαι
1335 3273 1498 3326 πᾶσιν
1541 3274 1812 3346 ἁρμόττον

221 3362 326 3422 τοῖς
349 3379 411 3415 τε
441 3362 683 3427 οἰκείοις,
712 3363 788 3426 ὡς
818 3365 883 3417 ἂν
913 3365 988 3437 μὴ
1021 3370 1386 3438 παρανομοῖεν
1419 3367 1690 3437 καθάπαξ,
1718 3373 1811 3426 καὶ

219 3457 325 3520 τοῖς
353 3455 660 3527 ἀλλοτρίοις
695 3455 770 3518 ὡς
798 3457 864 3510 ἂν
897 3457 1064 3528 μηδὲν
1100 3460 1228 3530 περί
1273 3460 1400 3524 τοὺς
1457 3461 1607 3533 αὐτῷ
1642 3480 1810 3534 προσ-

220 3546 453 3618 ήκοντας
480 3548 810 3619 ἐπιχειροῖεν
851 3548 952 3603 ἔτι.
983 3547 1138 3604 Οῦτω
1170 3549 1232 3622 δὴ
1279 3554 1400 3616 ταῖς
1433 3553 1808 3624 ἀποκαλύψεσι

218 3637 442 3702 ταύταις
469 3638 538 3692 τὰ
563 3639 656 3691 ἐπὶ
689 3639 788 3709 τῆς
818 3639 1050 3710 πρόσθεν
1078 3641 1473 3712 ἀποκαλύψεως
1503 3645 1809 3716 μηνυθέντα

219 3729 546 3799 βεϐαιώσας,
594 3730 676 3784 ὅτι
730 3733 1162 3803 τετιμωρήσεται
1209 3735 1338 3798 τοὺς
1375 3736 1670 3802 ἐναντίους,
1715 3739 1807 3792 καὶ

221 3823 298 3876 ὅτι
344 3823 633 3896 εύποιήσει
689 3823 788 3895 τὴν
826 3823 1212 3896 Ἰερουσαλὴμ,
1269 3825 1516 3891 ἅπαντάς
1562 3845 1622 3880 τε
1685 3831 1808 3892 τοὺς

225 3917 596 3986 προσήκοντας
624 3915 762 3985 αὐτῇ
791 3915 900 3968 τῶν
933 3916 1220 3982 Ἰουδαίων,
1259 3919 1343 3989 ἐφ’
1377 3918 1570 3990 ἑτέρας
1599 3920 1808 3973 ἀποκα-

222 4005 404 4076 λύψεις
433 4008 695 4077 τρέπεται
727 4007 870 4078 μάλα
895 4025 958 4076 γε
990 4009 1128 4078 πρὸς
1154 4011 1216 4063 τὸ
1251 4013 1609 4080 προκείμενον
1638 4013 1806 4081 ἀναγ-

221 4097 418 4160 καίας·
470 4098 530 4152 ἐν
575 4096 922 4168 αἰχμαλωσίᾳ
982 4098 1081 4168 μὲν
1135 4099 1244 4170 γὰρ
1291 4101 1667 4172 τυγχάνοντες,
1711 4103 1805 4157 καὶ

224 4187 482 4257 βασιλέως
501 4189 794 4260 ἐστέρηντο
821 4189 916 4242 καὶ
937 4189 1148 4262 ἱερέως,
1181 4193 1258 4262 (p.
1291 4191 1416 4262 460)
1448 4191 1484 4247 ἃ
1515 4193 1578 4265 δὴ
1607 4193 1806 4266 κυριώ-

220 4296 350 4334 τατα
373 4280 512 4350 πρὸς
536 4280 637 4352 τὴν
663 4280 757 4333 τοῦ
789 4279 972 4344 ἔθνους
998 4284 1370 4355 συγκράτησιν
1397 4280 1464 4356 ἦν
1483 4301 1498 4316 '
1533 4285 1627 4338 τοῦ
1657 4285 1804 4357 βασι-

219 4370 348 4436 λέως
383 4370 490 4443 μὲν
533 4370 592 4422 ἐν
643 4387 702 4423 τε
751 4372 864 4435 τοῖς
897 4371 1158 4443 πολέμοις
1208 4375 1303 4428 καὶ
1343 4378 1408 4448 τῇ
1452 4377 1560 4431 τῶν
1599 4376 1801 4432 λοιπῶν

1919 3188 2065 3228 nunc
2100 3190 2228 3230 vero
2259 3176 2326 3230 ad
2356 3193 2516 3247 opem
2551 3180 2708 3235 nobis
2735 3182 3013 3239 ferendam
3042 3190 3307 3256 procedit.
3347 3192 3503 3250 Hunc

1913 3279 1945 3317 a
1985 3266 2102 3321 suis
2129 3268 2384 3324 omnibus
2413 3270 2588 3326 timeri
2621 3283 2854 3342 oportet,
2887 3288 2942 3332 ut
2983 3283 3206 3336 omnino
3229 3299 3334 3339 non
3370 3302 3499 3357 pec-

1915 3365 2076 3424 cent;
2127 3360 2196 3414 ab
2242 3361 2570 3433 alienigenis
2640 3376 2842 3434 autem,
2899 3387 2968 3426 ne
3023 3390 3264 3445 unquam
3313 3388 3499 3449 postea

1911 3451 2172 3520 populum
2199 3454 2248 3506 ei
2272 3455 2551 3510 addictum
2581 3459 2776 3515 laedere
2796 3464 3006 3518 ausint.
3039 3466 3130 3522 Sic
3155 3471 3319 3540 igitur
3347 3483 3501 3542 post-

1909 3555 2074 3609 quam
2125 3541 2210 3597 his
2271 3546 2719 3613 revelationibus,
2791 3567 2880 3608 res
2938 3557 3122 3626 priore
3169 3541 3499 3618 revelatione

1911 3633 2200 3704 praedictas
2245 3637 2628 3704 conﬁrmavit,
2685 3659 2880 3715 nempe
2943 3651 3090 3718 quod
3155 3655 3498 3713 adversarios

1909 3725 2120 3794 puniet,
2169 3733 2224 3782 et
2265 3729 2385 3784 urbi
2444 3730 2784 3790 Hierusalem
2831 3739 2968 3794 bene
3017 3742 3200 3809 faciet,
3245 3763 3346 3803 nec
3388 3765 3496 3805 non

1909 3819 2166 3876 omnibus
2207 3821 2259 3874 in
2289 3821 2466 3890 ipsius
2509 3824 2716 3882 ditione
2743 3827 2983 3896 Iudicis;
3029 3836 3094 3891 ad
3125 3838 3264 3895 aiias
3297 3847 3497 3900 transit

1907 3912 2270 3969 revelationes
2343 3914 2469 3970 huic
2533 3921 2816 3991 proposito
2893 3927 3139 3997 apprime
3200 3948 3489 4005 congruas.

1907 4002 2122 4058 Etenim
2159 4006 2211 4059 in
2253 4009 2571 4078 captivitate
2615 4023 2921 4082 versantes,
2967 4035 3092 4090 rege
3139 4002 3402 4081 carebant
3429 4044 3493 4084 ac

1907 4096 2210 4160 sacerdote,
2237 4100 2329 4172 qui
2357 4101 2518 4156 ambo
2549 4105 2782 4160 maxime
2803 4108 2868 4162 ad
2905 4111 3116 4166 firmam
3148 4116 3325 4186 gentis
3361 4131 3494 4173 con-

1907 4188 2243 4243 SIitutionem
2272 4194 2568 4248 necessarii
2604 4206 2793 4254 erant:
2828 4209 2886 4254 ut
2913 4218 3003 4257 rex
3044 4206 3305 4262 nimirum
3334 4211 3492 4268 bellis

1905 4280 2160 4348 gerendis
2189 4283 2525 4355 reliquisque
2560 4290 2712 4359 regni
2748 4293 2942 4348 usibus
2962 4299 3329 4367 exsequendis
3364 4317 3492 4372 ope-

1905 4386 2020 4425 ram
2072 4389 2228 4429 suam
2283 4386 2527 4444 navaret,
2585 4382 2842 4438 sacerdos
2895 4394 3078 4440 autem
3125 4390 3382 4462 precibus
3439 4407 3492 4450 et

222 4462 481 4534 διοικήσει
525 4461 625 4534 τὴν
659 4461 846 4534 χρείαν
882 4464 1256 4536 παρεχομένου
1287 4466 1388 4538 τὴν
1420 4467 1650 4535 οίκείαν,
1703 4467 1800 4522 τοῦ

1920 4463 2432 4534 supplicationibus,
2472 4477 2525 4525 et
2556 4473 2824 4528 universa?
2857 4474 2966 4530 Deo
3009 4450 3208 4535 debita:
3255 4481 3493 4554 liturgize

223 4555 409 4624 ἱερέως
439 4554 498 4607 δέ
527 4553 638 4607 τῶν
669 4571 727 4608 τε
750 4554 984 4627 δεήσεων
1011 4557 1229 4611 καὶτῶν
1261 4559 1481 4613 ίκεσιῶν
1500 4560 1592 4613 καὶ
1623 4561 1805 4633 πάσης

227 4646 291 4717 δὴ
339 4648 435 4719 τῆς
487 4645 608 4718 Θεῷ
650 4648 1031 4720 προσηκούσης
1072 4647 1393 4720 ἐξάρχοντος
1441 4651 1800 4726 λειτουργίας.

230 4736 404 4811 Ὅπερ
428 4735 522 4794 οὖν
551 4741 644 4794 καὶ
689 4741 718 4792 ὸ
753 4741 1038 4812 προφήτης
1081 4741 1239 4811 Ὠσηέ
1269 4741 1570 4813 προλέγων,
1613 4761 1630 4794 ι
1656 4745 1804 4798 Διὸτι

229 4831 453 4900 ἡμέρας,
489 4851 506 4882 ι
547 4832 701 4901 φησὶ,
733 4851 752 4883 ι
792 4831 992 4896 πολλάς
1017 4832 1332 4887 καθίσονται
1358 4837 1409 4887 οἱ
1437 4835 1542 4887 υίοὶ
1587 4835 1802 4908 Ἰσραὴλ

226 4923 326 4974 οὐκ
342 4925 488 4987 δντος
515 4925 796 4994 ἄρχοντος,
817 4923 936 4977 οὐδὲ
963 4922 1127 4995 οὔσης
1153 4923 1362 4988 θυσίας,
1383 4927 1504 4979 ούδέ
1530 4925 1681 4991 ὄντος
1714 4927 1804 4981 θυ-

228 5015 695 5085 σιαστηρίου,ούδὲ
734 5018 1025 5089 ίερατείας,
1059 5018 1175 5070 οὖδέ
1203 5016 1396 5089 δήλων.
1433 5038 1452 5069 ι
1477 5019 1722 5072 Δεικνύει
1745 5019 1801 5072 δέ

221 5105 314 5159 διὰ
336 5107 431 5176 τῆς
461 5108 746 5179 παρούσης
787 5109 1183 5176 ἀποκαλύψεως
1215 5111 1244 5162 ὁ
1273 5109 1403 5173 Θεὸς
1437 5110 1513 5180 τῷ
1546 5112 1802 5183 προφήτῃ

223 5197 306 5259 είς
329 5196 669 5253 διδασκαλίαν
715 5199 914 5262 παντὸς
956 5199 1050 5252 τοῦ
1099 5197 1249 5262 λαοῦ,
1287 5200 1370 5253 ὅτι
1416 5202 1512 5253 καὶ
1559 5200 1734 5254 ταῦτα
1764 5200 1800 5255 ἃ
1843 5211 1848 5216 ’

225 5288 294 5362 δὴ
322 5290 546 5361 μέγιστά
575 5309 636 5344 τε
665 5286 734 5362 ἦν
761 5292 854 5344 καὶ
885 5292 1076 5362 πρῶτα
1107 5293 1202 5348 καὶ
1227 5295 1503 5361 ἀναγκαῖα
1535 5292 1671 5364 πρὸς
1698 5293 1800 5365 τὴν

221 5381 318 5432 τοῦ
343 5383 514 5437 κοινοῦ
545 5381 937 5454 συγκράτησιν,
971 5374 1155 5455 ὧνπερ
1181 5386 1273 5438 ἐπὶ
1296 5385 1400 5455 τῆς
1425 5384 1801 5455 αἰχμαλωσίας

1905 4566 2179 4627 praeesset.
2243 4558 2398 4626 Quod
2463 4559 2636 4619 Oseas
2691 4581 2908 4635 quoque
2972 4569 3234 4640 propheta
3292 4575 3487 4644 praedi-

1906 4663 2036 4705 cens
2063 4691 2077 4714 ,
2112 4669 2130 4700 ι
2165 4649 2302 4716 Quia
2341 4653 2459 4708 dies
2492 4655 2713 4720 multos,
2752 4677 2770 4707 ι
2811 4657 3007 4729 inquit,
3045 4681 3063 4712 ι
3099 4663 3364 4721 sedebunt
3394 4667 3489 4720 lilli

1905 4739 2123 4797 lsraelis
2171 4744 2292 4798 sine
2329 4745 2598 4816 principe,
2644 4749 2763 4804 sine
2810 4753 3103 4821 saerilicio,
3150 4757 3268 4812 sine
3304 4759 3486 4821 aitari,

1907 4836 2026 4888 sine
2053 4835 2272 4889 vatibus
2295 4837 2362 4890 ".
2380 4860 2396 4888 ι
2426 4837 2703 4895 Pr.esente
2731 4857 2862 4896 vero
2890 4845 3218 4902 revelatione
3246 4852 3488 4905 ostendit

1907 4925 2183 4995 prophetzc
2225 4927 2365 4982 Deus
2413 4931 2477 4982 ad
2516 4932 2680 4985 totius
2715 4935 2898 5004 populi
2949 4939 3333 5002 eruditionem,
3371 4939 3486 4996 fore

1909 5026 1964 5070 ut
2020 5019 2133 5071 haec
2185 5019 2298 5088 ipnil
2352 5035 2473 5089 qua:
2531 5021 2598 5074 ad
2641 5026 3027 5082 continendam
3091 5031 3482 5100 rempublicam

1905 5110 2139 5164 maxima
2187 5121 2316 5166 sunt
2353 5120 2406 5166 ct
2457 5117 2629 5182 prima
2681 5132 2746 5171 ac
2794 5121 3129 5183 necessaria,
3179 5123 3377 5190 quibus
3429 5125 3482 5179 in

1908 5203 2224 5272 captivitate
2271 5207 2551 5273 carebant,
2588 5208 2722 5277 ipsis
2754 5225 2782 5262 a
2826 5209 2938 5265 Deo
2979 5209 3277 5266 reddantur
3311 5231 3325 5244 ·
3357 5216 3486 5284 quia

1909 5293 2040 5347 urlzs
2081 5292 2338 5346 nimirum
2387 5310 2511 5349 cum
2555 5306 2714 5367 gente
2763 5313 2977 5352 omnem
3026 5311 3278 5356 ornatum
3325 5319 3484 5359 suum

1911 5368 2193 5452 receptura
2227 5394 2365 5440 erat.
2406 5387 2494 5442 Sic
2517 5405 2644 5458 ergo
2679 5391 2753 5442 ait
2788 5407 2799 5442 :
3445 5383 3452 5392 ’

227 5471 367 5536 εἰκὸς
403 5476 710 5546 ἐστέρηντο,
748 5477 1138 5549 ἀποδοθήσεται
1175 5479 1268 5533 νῦν
1306 5480 1487 5544 αὐτοῖς
1529 5481 1676 5551 παρὰ
1708 5479 1801 5535 τοῦ
1841 5481 1999 5546 Θεοῦ,
2041 5481 2137 5534 an
2167 5483 2265 5542 τῆς
2300 5483 2506 5548 πόλεως
2553 5487 2646 5540 σὺν
2692 5484 2770 5556 τῷ
2803 5485 2946 5542 ἔθνει
2989 5491 3171 5548 πᾶσαν
3207 5493 3305 5564 τὴν
3333 5494 3490 5548 εὐκο-

229 5560 388 5629 σμίαν
411 5565 816 5638 ἀπολαμβάνειν
847 5567 1146 5640 μελλούσης
1183 5571 1282 5650 τὴν
1313 5571 1536 5628 οἰκείαν.
1571 5573 1733 5642 Λέγει
1767 5573 1942 5628 τοίνυν
1970 5571 2161 5638 οὕτως’

306 5742 342 5774 ⁸⁷
375 5745 494 5805 Ose.
553 5748 734 5810 lll,~‘o

537 5841 817 5906 Ρηιιοι..
841 5839 954 5900 (in.
999 5839 1218 5930 ιχνιι

3073 5861 3164 5919 17.
