4106 6238
536 301 643 360 sas
1740 303 2094 359 TIIEODORI
2126 304 2157 358 Ν

2187 304 2355 361 DPSU
2368 304 2605 361 ESTENl
3707 315 3808 372 σει

1170 422 1329 477 CAP.
1376 423 1460 476 ιλιι.
2152 431 2196 486 Α

2152 431 2196 486 Α
2888 428 3042 479 ΚΕΦ.
3087 427 3158 480 Γ’.

607 518 771 571 Vens.
811 517 917 571 1-5.
939 547 1009 557 —-
1042 534 1060 565 ι
1104 514 1167 569 lit
1195 515 1440 570 ostendit
1477 514 1607 567 mihi
1640 514 1903 569 Dominus
1928 513 2116 570 Jesum

2293 516 2437 585 Στίχ.
2473 524 2610 570 α’-ε’.
2657 547 2712 555 -
2748 537 2764 568 ι
2793 520 2899 571 Καὶ
2920 519 3089 585 έδειξέ
3127 537 3216 589 μοι
3245 520 3449 591 Κύριος
3482 524 3569 576 τὸν
3604 525 3808 595 Ἰησοῦν

531 609 873 665 sacerdotem
930 623 1207 679 magnum,
1261 616 1497 663 stantem
1540 617 1668 664 ante
1705 608 1899 663 faciem
1941 611 2115 680 angeli

2218 609 2309 662 τὸν
2340 609 2490 679 ἱερέα
2521 610 2612 661 τόν
2651 610 2822 678 μέγαν
2867 610 3077 663 ἑστῶτα
3109 611 3216 682 πρὸ
3248 612 3540 683 προσώπου
3574 615 3806 683 ἀγγέλου

532 701 773 764 Domini,
804 710 858 756 et
889 701 1144 755 diabolus
1177 701 1360 754 stabat
1391 716 1419 753 a
1445 701 1653 756 dextris
1680 702 1827 773 ejus,
1853 711 1910 755 ut
1933 702 2119 755 adver-

2220 698 2426 769 Κυρίου
2446 717 2458 729 σ
2493 700 2588 752 καὶ
2617 702 2646 752 6
2673 700 2916 762 διάϐολος
2943 702 3187 768 εἱστήκει
3216 701 3279 753 ὲκ
3307 702 3495 766 δεξιῶν
3520 703 3685 757 αὑτοῦ
3711 706 3805 759 τοῦ

532 802 749 846 saretur
792 792 862 844 ei.
916 792 980 844 Et
1018 792 1155 845 dixit
1198 790 1462 847 Dominus
1513 793 1678 864 306
1722 794 1939 847 diabolo
1978 813 1989 847 :
2035 794 2117 847 ln-

2217 790 2556 844 ἀντικεῖσθαι
2596 790 2744 861 αύτῷ
2766 806 2779 818 ⁸
2822 793 2913 844 καὶ
2954 788 3076 846 εἷπε
3107 792 3307 863 Κύριος
3342 795 3477 863 πρὸς
3503 795 3592 848 τὸν
3624 796 3801 849 626160-

531 893 715 954 erepet
732 883 1007 938 Dominus
1031 891 1104 947 te,
1137 884 1382 949 diabolo;
1418 892 1469 938 et
1492 886 1734 954 increpet
1772 895 1822 939 te
1850 885 2115 939 Dominus

2217 883 2309 934 λον
2333 901 2345 913 ·
2401 883 2755 953 Ἐπιτιμήσαι
2783 881 2989 952 Κύριος
3015 884 3074 935 ἐν
3103 884 3208 945 σοὶ,
3240 884 3475 948 διάϐολε,
3510 887 3603 940 καὶ
3635 888 3806 940 ἐπιτι-

531 976 623 1044 qui
672 975 834 1042 elegit
874 974 1234 1029 Hierusalem.
1290 975 1479 1030 Nonne
1528 993 1655 1030 ecce
1704 979 1803 1031 hoc
1842 988 1898 1031 ut
1948 980 2115 1033 turris

2219 976 2387 1044 μήσαι
2415 975 2617 1043 Κύριος
2646 976 2703 1025 ἐν
2735 976 2815 1026 σοὶ⁹
2843 977 2871 1027 ὁ
2899 974 3258 1044 ἐκλεξάμενος
3287 976 3385 1047 τὴν
3426 978 3797 1049 Ἰερουσαλήμ.

529 1079 717 1122 erutus
749 1066 817 1120 de
843 1068 962 1137 igne
992 1076 1074 1121 est
1092 1068 1113 1118 *ἒ
1161 1066 1225 1119 Et
1255 1066 1417 1123 Jesus
1456 1067 1683 1122 indutus
1715 1076 1834 1121 erat
1869 1070 2114 1123 vestibus

2216 1064 2329 1116 υύκ
2357 1065 2463 1117 ἰδοὺ
2497 1065 2656 1117 τοῦτο
2686 1064 2759 1127 ώς
2802 1064 2957 1126 δαλὸς
2998 1065 3399 1136 ἐξεσπασμένος
3429 1071 3568 1122 κατά
3600 1072 3801 1141 πυρός,;

531 1160 804 1225 sordidis,
856 1170 907 1213 ct
940 1160 1118 1214 stabat
1151 1168 1279 1214 ante
1316 1159 1510 1214 faciem
1553 1161 1749 1229 angeli.
1786 1159 2113 1230 Respondit-

2216 1155 2324 1207 Καὶ
2363 1155 2570 1224 Ἰησοῦς
2603 1151 2671 1226 ἦν
2718 1155 3065 1225 ἐνδεδυμένος
3100 1158 3291 1226 ἱμάτια
3329 1161 3568 1230 ῥυπαρὰ,
3603 1164 3696 1214 καὶ
3729 1166 3805 1214 εἱ-

527 1271 657 1324 que,
698 1261 752 1308 et
783 1254 858 1306 ait
909 1253 1257 1307 adstantibus
1301 1267 1485 1306 coram
1539 1251 1678 1306 facie
1723 1268 1821 1306 sua
1868 1253 2059 1307 dicens
2097 1274 2107 1307 :

2217 1247 2401 1316 στήκει
2450 1248 2555 1316 πρὸ
2598 1247 2891 1318 προσώπου
2938 1248 3031 1301 τοῦ
3066 1249 3299 1316 ἀγγέλου
3328 1266 3340 1280 ·
3395 1252 3485 1303 καὶ
3530 1254 3804 1323 ἀπεκρίθη

526 1348 752 1401 Auferte
802 1346 1125 1401 vestimenta
1174 1345 1397 1399 sordida
1452 1345 1522 1399 ab
1569 1360 1656 1399 eo.
1706 1344 1963 1414 Dixitque
2006 1346 2055 1399 ei
2094 1361 2108 1398 :

2215 1338 2306 1390 καὶ
2331 1334 2451 1391 εἶπε
2486 1339 2621 1410 πρὸς
2664 1341 2790 1402 τοὺς
2821 1341 3121 1410 ἑστηκότας
3166 1342 3272 1408 πρὸ
3315 1342 3607 1409 προσώπου
3639 1345 3805 1397 αὑτοῦ

530 1440 669 1493 Ecce
705 1439 902 1493 abstuli
946 1437 1264 1506 iniquitates
1298 1446 1453 1503 tuas;
1492 1444 1546 1490 et
1595 1435 1802 1491 induite
1845 1453 1969 1491 eum
2017 1454 2113 1507 po.

2214 1426 2391 1492 λέγων
2419 1446 2433 1460 υ
2476 1436 2552 1496 (p.
2576 1428 2703 1499 461)
2757 1430 3007 1497 Ἀφέλετε
3035 1431 3104 1484 τὰ
3140 1432 3330 1502 ἱμάτια
3362 1432 3431 1485 τά
3467 1434 3686 1504 ῥυπαρὰ
3709 1435 3804 1487 ἀπ’

526 1535 656 1587 dere
680 1576 692 1596 ,
726 1540 779 1587 et
827 1532 1086 1600 imponite
1131 1531 1349 1583 mitram
1382 1545 1443 1583 ac
1468 1530 1694 1584 cidarirn
1727 1530 1983 1585 mundam
2017 1547 2111 1585 su-

2211 1522 2375 1575 αὑτοῦ
2392 1540 2405 1552 °
2426 1525 2519 1577 καὶ
2534 1522 2653 1577 εἷπε
2672 1525 2805 1595 πρὸς
2824 1526 3006 1584 αὑτὸν.
3027 1525 3157 1578 Ἰδοὺ
3181 1525 3442 1597 ἀφῄρηκα
3460 1527 3567 1578 ἀπὺ
3587 1526 3682 1579 σοῦ
3702 1527 3801 1588 τὰς

521 1642 621 1695 per
654 1632 817 1695 caput
851 1624 991 1691 ejus.
1038 1622 1100 1675 Et
1135 1622 1601 1692 circumjecerunt
1640 1624 1687 1676 ei
1730 1623 2056 1678 vestimenta
2092 1639 2103 1673 :

2222 1614 2455 1684 ἀνομίας
2488 1632 2580 1668 σου
2602 1634 2614 1646 '
2662 1619 2756 1670 καὶ
2790 1617 3043 1670 ἐνδύσατε
3087 1617 3247 1669 αὑτὸν
3284 1618 3515 1688 ποδήρη,
3555 1620 3650 1672 καὶ
3683 1620 3803 1673 ἐπί-

522 1727 577 1771 et
606 1718 983 1787 imposuerunt
1015 1717 1230 1768 mitram
1275 1730 1339 1768 ac
1380 1714 1608 1769 cidaritn
1653 1715 1909 1770 mundam
1941 1731 2107 1785 super

2210 1706 2331 1759 θετε
2386 1708 2579 1779 μίτραν
2624 1711 2717 1763 καὶ
2751 1710 2963 1781 κίδαριν
3011 1709 3259 1780 καθαρὰν
3290 1711 3381 1763 ἐπὶ
3428 1712 3527 1781 τὴν
3557 1714 3802 1783 κεφαλὴν

524 1786 695 1877 caput
729 1806 869 1874 ejus.
912 1825 930 1856 ι
982 1803 1307 1859 Necessario
1365 1806 1657 1859 sacerdotii
1706 1806 2106 1861 restitutionem
2143 1788 2145 1837 Ῑ

2178 1796 2183 1834 ι
2214 1796 2377 1853 αὑτοῦ
2400 1818 2413 1831 ’
2466 1803 2560 1854 καὶ
2600 1802 2921 1873 περιέϐαλον
2959 1803 3121 1855 αὑτὸν
3156 1802 3368 1873 ἱμάτια,
3401 1805 3493 1856 καὶ
3523 1804 3799 1875 ἐπέθηκαν

519 1898 580 1951 in
611 1896 914 1952 sacerdotis
951 1910 1185 1965 persona
1229 1896 1407 1960 videt;
1444 1913 1621 1966 neque
1673 1898 1818 1952 enim
1852 1899 2109 1954 sacerdo-

2217 1891 2413 1962 μίτραν
2437 1894 2530 1946 καὶ
2555 1894 2769 1963 κίδαριν
2800 1893 3044 1963 καθαρὰν
3069 1895 3161 1946 ἐπὶ
3184 1894 3281 1964 τὴν
3303 1895 3545 1966 κεφαλὴν
3567 1897 3757 1949 αὐτοῦ.
3775 1916 3794 1948 ι

524 1989 661 2041 tium
700 2002 796 2057 per
822 2002 883 2041 se
927 1986 1142 2040 visibile
1171 1995 1276 2051 est,
1307 1991 1400 2041 sed
1461 1987 1514 2039 ir:
1559 1988 1626 2041 iis
1663 1996 1874 2042 tantum
1907 1989 2108 2059 quibus

2226 1983 2563 2051 ’Δναγκαίως
2614 1983 2678 2053 δὴ
2726 1985 2825 2054 τῆς
2870 1983 3167 2055 ἱερωσύνης
3208 1984 3306 2057 τὴν
3348 1987 3800 2040 ἀποκατάστασιν

524 2079 663 2132 illud
705 2092 896 2148 gerere
931 2076 1289 2132 commissum
1316 2085 1421 2131 est.
1476 2076 1632 2133 Videt
1653 2093 1783 2147 ergo
1807 2077 1992 2132 Jesum
2024 2094 2110 2133 sa-

2212 2072 2304 2125 ἐπὶ
2330 2072 2425 2127 τοῦ
2458 2074 2752 2144 προσώπου
2790 2074 2883 2127 τοῦ
2917 2074 3103 2145 ἱερέως
3121 2076 3243 2145 ὁρᾷ.
3274 2074 3368 2128 ἆτε
3399 2077 3492 2127 καὶ
3525 2077 3623 2147 τῆς
3651 2078 3798 2149 ἱερω-

519 2171 796 2226 cerdotem
830 2183 1087 2240 magnum
1137 2169 1323 2239 (porro
1358 2184 1614 2239 magnum
1658 2169 1792 2224 dicit
1827 2171 1979 2225 illum
2014 2172 2107 2241 qui

2214 2163 2379 2234 σύνης
2413 2166 2472 2217 ού
2506 2166 2626 2218 καθ’
2659 2166 2829 2235 αὐτὴν
2853 2166 3205 2236 φαινομένης,
3230 2167 3345 2220 ἀλλ’
3377 2168 3469 2220 ἐπὶ
3497 2170 3603 2222 τῶν
3638 2187 3799 2239 μετα-

522 2262 893 2318 successionis
964 2261 1139 2330 jure,
1222 2262 1586 2317 ministerium
1659 2264 1859 2316 Aaroni
1953 2266 2109 2319 attri-

2210 2253 2545 2326 χειρὶζεσθαι
2579 2256 2927 2326 τεταγμένων
2964 2256 3155 2327 αὑτήν.
3214 2256 3345 2327 ⁸0ρᾷ
3371 2258 3549 2311 τοίνυν
3588 2259 3797 2329 Ἰησοῦν

524 2357 710 2410 butum
770 2355 1023 2425 gerebat)
1074 2354 1267 2423 angelo
1316 2361 1618 2418 astantem,
1672 2356 1929 2424 quoniam
1987 2371 2106 2409 orn-

2208 2345 2300 2397 τὸν
2329 2346 2478 2415 ἱερέα
2513 2346 2601 2398 τὸν
2639 2348 2832 2417 μέγαν,
2860 2346 3035 2417 μέγαν
3075 2349 3131 2400 δὲ
3165 2348 3310 2415 λέγει
3335 2348 3425 2401 τόν
3452 2349 3593 2402 κατά
3620 2351 3797 2404 διαδοι

518 2448 673 2502 niurn
720 2447 1000 2502 hominum
1043 2447 1251 2516 angelis
1292 2461 1423 2500 cura
1473 2448 1765 2502 commissa
1796 2454 1917 2511 est;
1965 2447 2108 2502 sicut

2209 2437 2309 2506 χὴν
2345 2438 2443 2508 τὴν
2484 2437 2562 2507 τῷ
2627 2438 2835 2508 Ἀαρὼν
2888 2440 3269 2511 προσήκουσαν
3318 2442 3638 2495 ὲκτελοῦντα
3681 2442 3798 2495 λει-

520 2545 685 2595 etiam
722 2539 989 2595 Dominus
1021 2538 1074 2592 in
1112 2539 1419 2609 Evangeliis
1454 2540 1529 2593 ait
1574 2558 1585 2591 :
1630 2558 1648 2591 ‹
1686 2540 1874 2610 Angeli
1915 2557 2102 2597 eorum

2208 2528 2489 2595 τουργὶαν,
2522 2528 2657 2599 πρὸς
2687 2528 2916 2597 ἀγγέλου
2951 2531 3047 2600 μὲν
3082 2531 3315 2598 ἑστῶτα,
3349 2533 3536 2604 ἐπειδὴ
3573 2534 3794 2587 πάντων

521 2647 737 2702 semper
796 2632 981 2685 vident
1025 2630 1220 2686 faciem
1290 2633 1465 2685 Patris
1531 2633 1635 2686 mei
1689 2635 1781 2703 qui
1843 2635 1897 2689 in
1946 2635 2103 2689 cmlis

2211 2620 2311 2690 μὲν
2344 2619 2647 2692 ἀνθρώπων
2690 2622 2911 2690 ἄγγελοι
2943 2624 3042 2694 τὴν
3089 2625 3409 2679 ἐπιστασίαν
3444 2628 3579 2679 εἰσὶν
3606 2630 3785 2681 ἐπιτε-

519 2734 604 2779 est
636 2725 704 2778 ⁸⁸.
744 2743 762 2776 ι
797 2723 936 2777 Tum
966 2732 1020 2776 et
1058 2722 1112 2776 in
1146 2721 1372 2777 Actibus
1391 2722 1678 2777 beatorum
1705 2727 2100 2794 apostolorum,

2206 2711 2511 2780 τραμμένοι
2543 2712 2683 2783 (65)·
2740 2714 2923 2777 καθὼς
2960 2715 2987 2767 ὃ
3031 2732 3090 2768 τε
3130 2716 3337 2788 Κύριος
3381 2720 3439 2772 ἐν
3470 2722 3578 2782 τοῖς
3610 2722 3795 2789 Εὐαγ-

524 2836 542 2867 ι
588 2816 830 2886 Angelus
858 2815 977 2884 ejus
1002 2825 1107 2875 est,
1145 2833 1162 2863 ›
1194 2812 1260 2866 de
1298 2815 1452 2867 beato
1493 2814 1649 2868 Petro
1679 2815 1933 2870 dixerunt
1974 2819 2099 2887 (μιῆς

2206 2802 2404 2870 γελίοις
2452 2804 2615 2874 φησίν
2638 2823 2652 2837 ·
2705 2825 2722 2855 ι
2754 2807 2814 2859 Οἱ
2847 2806 3067 2876 ἄγγελοι
3104 2809 3281 2863 αὐτῶν
3321 2810 3407 2863 διὰ
3442 2814 3639 2876 παντὸς
3671 2814 3794 2882 βλέ-

518 2911 664 2963 dam.
728 2907 1053 2963 Necessario
1099 2913 1279 2960 autem
1333 2907 1417 2959 hic
1468 2907 1630 2961 etiam
1670 2922 1856 2963 coram
1910 2914 2101 2982 angelo

2208 2911 2365 2947 πουσι
2403 2898 2462 2947 τὸ
2494 2896 2783 2970 πρόσωπον
2822 2898 2916 2952 τοῦ
2964 2901 3175 2970 Πατρός
3221 2919 3323 2971 μου
3357 2902 3449 2956 τοῦ
3479 2906 3536 2957 ἐν
3567 2908 3678 2968 τοῖς
3702 2907 3794 2959 ού-

520 3000 830 3056 consistens
869 3003 1094 3069 apparet
1115 3036 1129 3060 ,
1163 2997 1215 3051 id
1243 3006 1328 3051 est
1351 3011 1539 3051 coram
1574 2999 1666 3053 illo
1695 3000 1782 3053 cui
1817 3003 2100 3059 curandus

2206 2990 2419 3055 ρανοῖς’
2454 3008 2470 3040 ι
2527 2988 2583 3040 ἔν
2633 3006 2689 3042 τε
2734 2993 2855 3052 ταῖς
2902 2991 3141 3062 Πράξεσι
3180 2993 3287 3045 τῶν
3337 2995 3622 3066 μακαρίων
3654 2998 3793 3051 ἀποο

511 3108 553 3148 a
598 3090 783 3146 divina
829 3090 1110 3145 voluntate
1148 3088 1478 3144 commissus
1513 3088 1709 3146 fuerat.
1736 3090 1927 3146 Stabat
1970 3094 2095 3148 item
2128 3146 2132 3177 ‘

2206 3078 2425 3143 στόλων,
2462 3082 2543 3134 ὅτι
2597 3101 2614 3131 ι
2649 3082 2911 3150 Ἀγγελος
2952 3083 3117 3136 αὐτοῦ
3154 3086 3288 3150 ἐστι,
3322 3105 3339 3136 ι
3396 3088 3522 3158 περὶ
3553 3088 3647 3141 τοῦ
3681 3107 3793 3159 μα-

523 3184 771 3239 ’ὶίιώοἱυε
810 3182 1106 3237 adversans
1152 3180 1202 3234 ei
1228 3220 1243 3243 ,
1286 3180 1447 3250 cujus
1485 3184 1761 3252 negotium
1794 3192 1879 3239 est
1918 3185 2098 3239 lromi-
2130 3173 2144 3186 ’

2204 3173 2391 3244 καρὶου
2424 3174 2666 3242 λέγοντες
2716 3175 2944 3247 Πέτρου.
3011 3178 3346 3246 Ἀκιαγκαὶως
3388 3179 3445 3232 δὲ
3496 3182 3590 3234 καὶ
3631 3176 3790 3247 οὗτος

524 3288 651 3327 num
690 3274 831 3327 bono
867 3270 1166 3325 adversari.
1215 3269 1312 3324 Hic
1339 3309 1355 3334 ,
1396 3270 1611 3341 inquit,
1644 3288 1841 3328 nocere
1875 3275 1953 3328 illi
1987 3284 2099 3331 tota

2197 3263 2304 3333 πρὸ
2354 3263 2646 3334 προσώπου
2689 3265 2935 3334 φαίνεται
2976 3268 3233 3337 ἀγγέλου,
3285 3270 3531 3323 τουτέστι
3564 3271 3657 3324 τοῦ
3688 3272 3791 3344 τὴν

518 3377 688 3435 opera
713 3363 1010 3433 satagebat,
1033 3362 1178 3415 omni
1213 3362 1456 3433 legitimo
1481 3362 1786 3420 nrinisterio
1802 3368 2092 3436 repellens,

2197 3354 2520 3423 κηδεμονίαν
2553 3355 2717 3410 αὑτοῦ
2761 3358 2898 3411 κατά
2942 3358 3092 3412 θείαν
3139 3360 3615 3431 ὲπιτετραμμένου
3661 3362 3788 3432 βου-

506 3454 666 3525 quod
709 3454 951 3522 alioquin
990 3453 1044 3507 in
1086 3454 1398 3522 captivitate
1432 3469 1691 3524 peragere
1734 3471 1844 3510 non
1876 3457 2092 3513 licebat.

2195 3444 2292 3515 λήν
2312 3462 2324 3475 ·
2367 3449 2606 3519 εἱστήκει
2639 3449 2694 3502 δὲ
2730 3450 2824 3503 καὶ
2858 3453 2886 3503 6
2917 3449 3160 3535 διάϐολος
3190 3451 3281 3503 τοῦ
3318 3452 3658 3507 ἀντικεῖσθαι
3684 3455 3789 3508 αύ-

523 3543 664 3600 Dicit
697 3553 877 3599 autem
920 3544 1065 3597 hunc
1100 3557 1130 3595 a
1166 3541 1276 3597 Deo
1314 3542 1661 3613 increpitum,
1692 3547 1786 3615 qui
1838 3546 2096 3605 Hierusa-

2195 3537 2292 3607 τῷ,
2315 3539 2451 3611 ὅπερ
2474 3541 2585 3609 (64)
2617 3542 2776 3612 ἔργον
2790 3545 3179 3614 ἀντιπράττειν
3208 3546 3319 3608 τοῖς
3343 3544 3450 3598 τῶν
3481 3544 3788 3616 ἀνθρώπων

509 3634 626 3687 lem
658 3631 1006 3703 peculiariter
1038 3630 1143 3685 sibi
1185 3630 1455 3685 asciverat
1489 3649 1501 3684 :
1540 3642 1702 3702 atque
1742 3635 1815 3688 ita
1854 3638 2097 3692 ostendit

2202 3628 2442 3696 ἀγαθοῖς.
2493 3625 2656 3695 Οὗτος
2684 3632 2768 3702 δὴ,
2807 3633 2961 3703 φησὶ,
2987 3635 3082 3687 καὶ
3118 3634 3237 3687 τότε
3276 3635 3606 3708 ἐπηρεάζειν
3633 3636 3786 3708 αύτῷ

506 3720 855 3776 diabolicum
883 3734 1099 3774 omnem
1134 3727 1392 3773 conatum
1430 3718 1522 3774 Dei
1553 3724 1891 3791 protectione
1932 3724 2102 3782 fuisse

2202 3722 2382 3774 πᾶσαν
2413 3720 2555 3793 εἶχεν
2588 3725 2842 3795 σπουδὴν,
2869 3725 3084 3791 ὲξωθῶν
3117 3727 3278 3779 αὐτὸν
3302 3727 3402 3792 τῆς
3440 3729 3788 3799 τεταγμένης

508 3822 926 3877 compressum;
972 3808 1066 3876 qui
1110 3818 1393 3877 postquam
1434 3809 1536 3862 sibi
1592 3810 1866 3880 propriam
1903 3811 2102 3869 Hieru-

2198 3811 2348 3882 αὐτῷ
2379 3810 2737 3880 λειτουργίας,
2760 3812 2902 3885 (462)
2919 3817 2985 3886 ἣν
2999 3816 3115 3869 οὐδὲ
3135 3815 3544 3869 ὲκτελεῖναὺτὸν
3561 3818 3657 3872 ἐπὶ
3678 3818 3782 3887 τῆς

516 3894 687 3951 salem
737 3894 1154 3961 vindicaverat,
1218 3896 1535 3950 necessario
1597 3898 1761 3951 etiam
1824 3903 2095 3957 sacerdoti

2198 3900 2572 3972 αἰχμαλωσίας
2618 3895 2727 3955 οἷόν
2767 3920 2823 3955 τε
2854 3899 2940 3974 ἦν.
2995 3905 3156 3973 Λέγει
3194 3906 3256 3977 δὴ
3306 3906 3479 3977 τούτῳ
3521 3907 3612 3960 τὸν
3645 3907 3780 3960 Θεὸν

516 3982 798 4052 dignitatis
823 3997 935 4036 suae
962 3981 1130 4036 decus
1158 3982 1411 4036 reddidit.

2193 3990 2512 4063 ἐπιτιμῆσαι
2542 3995 2634 4048 τὸν
2665 3995 2764 4067 τὴν
2797 3996 3148 4067 Ἰερουσαλὴμ
3192 3998 3569 4069 ἐκλεξάμενον,
3604 3999 3680 4062 ὡς
3712 4000 3779 4052 ἂν

517 4075 670 4145 γνοίη
715 4076 894 4128 πᾶσαν
924 4074 1022 4165 την
1048 4075 1360 4165 ἀντίστασιν
1386 4076 1483 4146 τὴν
1512 4077 1820 4150 διαϐολικὴν
1844 4082 1949 4138 ὑπὸ
1991 4082 2089 4153 τῆς
2115 4084 2208 4138 τοῦ
2243 4086 2379 4139 Θεοῦ
2410 4090 2764 4161 πεπαυμένην
2806 4090 3158 4161 κηδεμονίας·
3200 4092 3258 4156 ὃς
3284 4093 3383 4163 τὴν
3420 4092 3780 4165 Ἰερουσαλὴμ

515 4165 903 4236 ἐκλεξάμενος,
941 4163 1254 4228 ἀναγκαίως
1278 4165 1373 4217 καὶ
1398 4165 1570 4237 τούτῳ
1593 4168 1691 4239 τῆς
1717 4170 2015 4241 ἱερωσύνης
2046 4175 2337 4229 ἀποδίδωσι
2368 4178 2463 4250 τὴν
2499 4180 2848 4252 εὐπρέπειαν.

584 4259 743 4330 307
767 4257 886 4311 Jam
918 4254 1137 4311 verba,c
1160 4264 1414 4323 tanquam
1433 4256 1597 4311 torris
1612 4257 1680 4314 de
1694 4260 1817 4332 igne
1828 4274 2035 4331 erutus,
2056 4288 2073 4320 ι
2126 4273 2167 4326 D

2160 4282 2167 4320 ι
2282 4272 2354 4325 Τὸ
2398 4272 2477 4337 δὲ,
2517 4293 2533 4324 ι
2579 4274 2685 4327 ἰδοὺ
2735 4274 2890 4329 τοῦτο
2939 4277 3014 4339 ώς
3055 4276 3209 4339 δαλὸς
3260 4277 3666 4349 ἐξεσπασμένος
3712 4284 3781 4336 ὲκ

515 4351 853 4420 significant,
910 4350 1052 4417 quod
1097 4347 1208 4402 Ceu
1256 4353 1303 4403 si
1363 4350 1490 4418 quis
1541 4352 1748 4423 lignum
1795 4372 1925 4443 mox
1961 4359 2086 4431 igne

2198 4361 2387 4434 πυρὸς,
2415 4383 2432 4413 ι
2470 4365 2555 4418 ἵνα
2581 4366 2713 4439 εἴπῃ
2742 4368 2842 4427 ὅτι,
2881 4366 2957 4429 ὼς
2984 4368 3049 4421 ἂν
3080 4371 3132 4422 εἰ
3164 4387 3246 4433 τις
3272 4370 3425 4434 ξύλον
3452 4347 3643 4441 μέλλον
3672 4374 3780 4428 ὑπὸ

512 4440 977 4505 consumendum,
1031 4447 1345 4493 extractum
1399 4449 1582 4496 servet
1636 4440 1942 4506 incolume:
2012 4451 2087 4505 ita

2195 4456 2367 4525 πυρὸς
2413 4458 2900 4513 καταναλίσκεσθαι
2932 4459 3161 4531 ἀθρόον,
3208 4440 3489 4526 ὲκσπάσας
3538 4465 3779 4532 ἀϐλαϐὲς

515 4529 661 4586 Deus
714 4530 864 4585 hunc
909 4531 1275 4597 sacerdotem,
1337 4532 1460 4602 igne
1495 4534 1667 4590 veluti
1738 4541 2081 4610 captivitatis

2192 4549 2497 4618 τηρήσειεν,
2530 4548 2673 4603 οὕτω
2713 4550 2777 4621 δὴ
2824 4552 2918 4605 καὶ
2956 4529 3141 4605 τοῦτον
3185 4553 3259 4617 ώς
3288 4554 3345 4606 ὲν
3382 4555 3515 4626 πυρὶ
3560 4560 3625 4627 τῇ
3674 4529 3777 4628 τῆς

511 4630 830 4693 correptum
858 4630 912 4678 et
940 4637 1062 4678 mox
1097 4624 1349 4679 comburi
1400 4627 1830 4696 periclitantem,
1874 4635 1994 4689 erui
2025 4642 2082 4691 et

2193 4637 2569 4707 αἰχμαλωσίας
2597 4641 2809 4713 ἀνάγκῃ
2847 4642 3163 4699 καθεστῶτα
3203 4648 3293 4699 καὶ
3331 4624 3774 4718 καταφλεχθῆναι

512 4713 840 4783 urgentibus
895 4714 1058 4767 malis
1106 4714 1371 4770 subduxi.
1422 4715 1654 4772 lndutus
1722 4734 1887 4789 porro
1960 4733 2080 4779 erat

2192 4728 2282 4782 ὑπ’
2318 4732 2487 4801 αὐτῆς
2515 4734 2711 4804 μικροῦ
2742 4736 3116 4791 κινδυνεύοντα
3145 4738 3418 4802 ἑξέσπασά
3453 4756 3512 4791 τε
3543 4743 3635 4793 καὶ
3661 4741 3774 4794 τῶν

508 4803 857 4860 vestimentis
888 4805 1130 4870 sordidis
1169 4805 1354 4873 Jesus,
1385 4822 1486 4877 pro
1530 4824 1596 4863 eo
1629 4824 1694 4864 ac
1728 4813 1877 4868 dicat
1924 4816 2080 4872 illum

2191 4820 2551 4890 περιεχόντων
2585 4803 2869 4893 ἀπήλλαξα
2901 4827 3104 4880 κακῶν.
3152 4827 3451 4881 Ἐνεδέδυτο
3476 4828 3552 4893 δὲ,
3581 4832 3773 4898 φησὶν,

507 4896 846 4966 captivitatis
887 4897 1037 4951 luctu
1073 4898 1334 4953 obrutum
1370 4900 1450 4970 (in
1485 4915 1597 4969 quo
1633 4918 1866 4961 versans
1914 4917 2075 4964 extra

2193 4912 2380 4979 ἱμάτια
2415 4914 2635 4985 ῥυπαρά
2663 4916 2691 4967 6
2734 4917 2961 4986 Ἰησοῦς,
2988 4919 3075 4973 ἵνα
3098 4919 3227 4990 εἴπῃ
3250 4922 3352 4984 ὅτι,
3380 4920 3453 4973 Τὸ
3478 4896 3776 4993 περικεχυ-

504 4989 736 5044 omnino
768 4986 1010 5043 divinam
1056 4988 1336 5060 liturgiam
1370 5000 1512 5056 erat,
1559 5001 1615 5048 et
1652 4996 1802 5064 gravi
1846 5000 2078 5054 servitio

2190 5003 2348 5073 μένον
2387 5006 2449 5057 ὲκ
2495 5006 2597 5076 τῆς
2639 5010 3016 5078 αἰχμαλωσίας
3055 4986 3235 5064 αὐτῶν
3275 5012 3492 5077 πένθος,
3528 4986 3585 5066 ὲν
3612 4986 3773 5088 ᾧπερ

503 5078 803 5151 addictus),
840 5077 1015 5145 illum,
1037 5081 1480 5154 inquam,juberi
1513 5100 1543 5139 a
1566 5084 1677 5141 Deo
1704 5091 1966 5148 sordibus
2001 5094 2071 5148 iis

2185 5094 2336 5165 διῆγε
2384 5098 2660 5162 παντελῶς
2698 5077 2803 5164 ἔξω
2846 5101 2945 5171 τῆς
2985 5102 3326 5174 λειτουργίας
3372 5077 3641 5176 ὑπάρχων*

503 5169 731 5238 spoliari
783 5169 1118 5226 adstantium
1177 5186 1368 5236 manu,
1428 5175 1480 5227 id
1533 5184 1618 5231 est
1678 5179 2069 5251 liturgicarum

2185 5187 2354 5252 θείας,
2385 5192 2440 5243 ἐν
2469 5190 2731 5263 βαρύτητι
2763 5193 3040 5258 καθεστὼς
3061 5194 3321 5259 δουλείας,
3350 5196 3522 5251 ταῦτα
3548 5198 3772 5267 ἀφελεῖν

501 5259 765 5315 virtutum
797 5276 997 5332 opera;
1054 5277 1174 5332 qua:
1201 5262 1399 5318 divina":
1438 5266 1710 5322 voluntati
1759 5271 2080 5343 obsequen-

2185 5282 2278 5334 ἀπ’
2316 5282 2479 5336 αὑτοῦ
2512 5287 2623 5348 τοῖς
2651 5287 2934 5357 ὲστηκόσιν
2964 5288 3242 5341 ἐπιτάττει
3275 5288 3408 5353 Θεός
3430 5306 3446 5323 ο
3492 5291 3770 5357 τουτέστι⁹

502 5354 584 5404 tes
622 5353 957 5419 captivitatis
1008 5362 1160 5409 veste
1214 5355 1366 5409 illum
1418 5370 1716 5425 exuerunt,
1799 5367 2103 5436 omnique

2183 5375 2302 5435 ταῖς
2351 5375 2820 5448 ὑπηρετουμέναις
2868 5379 3267 5450 λειτουργικαῖς
3302 5380 3617 5453 δυνάμεσιν,
3669 5382 3770 5436 ﬁt:

570 5507 616 5539 ⁵⁸
646 5506 835 5563 Matth.
879 5527 1036 5579 xrur,
1091 5514 1177 5570 10.
1254 5517 1300 5548 ⁸⁸
1351 5516 1471 5570 Act.
1508 5532 1604 5583 xu,
1652 5521 1739 5576 15.

567 5659 682 5802 ἒϐὅέ
715 5660 955 5717 Observa
996 5664 1390 5737 Mopsuesteni,
1439 5674 1547 5731 iuro
1580 5673 1678 5731 SS.
1736 5676 2054 5742 Dibliurum,
2084 5692 2188 5735 sem

590 5727 660 5785 64
706 5730 842 5785 Num
874 5749 971 5803 pro
998 5731 1209 5808 οὗπερῖ

1816 5676 2054 5742 diorum,
2084 5682 2408 5741 sententiam
2439 5683 2509 5739 de,
2536 5685 2743 5751 angelis
2776 5686 3062 5743 lrominunr
3092 5692 3433 5748 custodibus.
