4106 6238
115 5355 130 5486 ἰ

305 399 410 454 535
1198 394 1744 453 COMMENTARIUS
1775 395 1839 450 IN
1875 397 2246 456 ZACIIARle
2279 402 2430 458 CAP.
2471 404 2560 458 ιιι.
3440 416 3543 472 59.6

305 518 421 580 ταῖς
451 513 620 577 θείαις
648 514 1079 585 ύπηρετούμεναι
1117 513 1331 583 βουλαῖς
1365 513 1583 582 άφεῖλόν
1611 529 1669 564 τε
1712 511 1876 565 αὑτοῦ

1983 514 2242 584 βτωίὶἰοιο
2277 518 2448 580 luctu,
2477 527 2529 573 et
2565 521 2617 572 in
2652 522 2925 590 propriam
2964 521 3153 578 urbem
3187 525 3550 584 reduxerunt.

304 605 400 674 τῆς
430 604 806 676 αἰχμαλωσιας
851 605 947 676 τὴν
978 605 1201 674 ἐσθῆτα,
1248 607 1338 658 καὶ
1385 606 1444 658 τὸ
1493 605 1683 668 πένθος
1730 605 1874 660 ἅπαν

304 699 480 751 ἐκεῖνο
504 736 520 759 ,
570 697 663 750 καὶ
707 699 787 760 εἰς
824 696 920 766 τὴν
955 696 1109 748 πόλιν
1144 699 1486 766 ἐπανήγαγον
1515 697 1613 766 τὴν
1645 696 1872 750 οἱκείαν.

301 785 437 843 Εἶτα
466 788 657 842 τούτου
681 788 982 856 γεγονότος,
1013 787 1145 857 φησὶ
1173 788 1308 857 πρὸς
1336 787 1496 841 αὐτόν
1518 803 1529 815 ·
1593 788 1877 859 Ἀφῄρηκα

303 879 485 942 πάσας
511 879 609 943 τὰς
640 880 870 949 ἀνομίας
904 895 998 930 σου
1019 895 1032 908 ·
1077 879 1248 951 δηλῶν
1275 881 1355 932 ὅτι
1384 879 1450 932 τὰ
1475 881 1570 950 τῆς
1599 881 1876 950 αἰχμαλω-

307 971 426 1034 σίας
450 970 670 1024 λέλυται
701 971 867 1037 κακά,
901 971 1087 1041 ἐπειδὴ
1115 970 1222 1024 τῶν
1257 971 1536 1042 ἁμαρτιῶν
1563 973 1747 1040 ἀφεῖλε
1779 972 1878 1042 τὴν

306 1060 544 1130 μνήμην.
601 1061 676 1128 (p.
702 1059 824 1127 465)
883 1055 1014 1112 Εἶτα
1044 1059 1169 1130 ἐξῆς
1214 1059 1423 1113 κελεύει
1453 1060 1543 1113 τὸν
1573 1062 1781 1132 ποδήρη
1818 1078 1878 1114 τε

301 1152 463 1203 αὐτὸν
497 1151 812 1204 ἐνδύσασθαι
859 1153 951 1204 καὶ
980 1151 1327 1222 περιτεθῆναί
1369 1169 1427 1204 τε
1474 1151 1622 1221 αὐτῷ
1672 1153 1772 1221 τήν
1817 1168 1876 1203 τε

301 1241 500 1312 μίτραν
543 1243 636 1295 καὶ
688 1241 784 1312 τὴν
832 1242 1061 1314 κίδαριν,
1098 1245 1176 1305 είς
1209 1242 1430 1309 ἔνδειξιν
1463 1243 1556 1296 τοῦ
1591 1244 1688 1313 τῆς
1722 1247 1876 1316 ἱερω-

301 1329 466 1400 σύνης
495 1331 641 1401 αὐτῷ
666 1331 850 1384 λοιπὸν
879 1332 1272 1401 ἐπιτετράψθαι
1297 1333 1395 1402 τὴν
1426 1331 1702 1398 ἐξουσίαν·
1738 1336 1874 1406 ὅπερ

297 1419 390 1476 οὖν
431 1425 525 1476 καὶ
568 1424 756 1491 γέγονε
794 1423 936 1477 κατὰ
974 1425 1033 1477 τὸ
1083 1425 1330 1495 σύνθημα
1379 1425 1440 1477 τὸ
1485 1425 1644 1478 θεῖον.
1687 1425 1872 1480 Ταῦτα

297 1515 536 1586 εἱρηκὼς
586 1517 613 1569 ὁ
654 1517 938 1586 προφήτης
965 1519 1044 1581 είς
1075 1517 1299 1582 ἔνδειξιν
1327 1517 1420 1571 τοῦ
1447 1517 1544 1588 τὴν
1574 1519 1872 1590 ἱερωσύνην

1982 603 2102 672 Quo
2127 605 2292 670 facto,
2315 616 2566 674 cunctas,
2592 610 2688 675 ait,
2715 612 2918 665 abstuli
2947 612 3266 683 iniquitates
3296 623 3454 680 tuas;
3479 618 3551 671 ita

1983 699 2281 752 ostendens
2325 698 2600 753 dissoluta
2653 716 2777 757 esse
2823 703 3164 772 captivitatis
3211 709 3373 772 mala,
3421 711 3552 778 quia

1983 796 2333 857 peccatorum
2397 793 2720 846 memoriam
2783 793 3078 850 deleverat.
3139 796 3340 852 Deinde
3395 799 3555 868 jubet

1987 888 2044 932 ut
2071 881 2270 949 podere
2303 897 2426 936 eum
2459 884 2708 954 induant,
2731 887 2946 940 mitram
2983 895 3146 958 atque
3180 889 3407 944 cidarim
3447 892 3553 944 eir-

1984 983 2337 1040 eumponant,
2381 981 2438 1026 ut
2479 974 2736 1029 ostendat
2784 977 3041 1030 traditam
3097 979 3147 1032 ei
3179 979 3231 1031 iu
3271 989 3552 1047 posterum

1978 1062 2269 1117 sacerdotii
2295 1063 2618 1134 dignitatem
2656 1084 2668 1120 :
2708 1067 2854 1136 quod
2892 1083 3085 1136 reapse
3110 1069 3296 1122 divino
3331 1070 3554 1123 decreto

1975 1153 2228 1223 contigit.
2292 1153 2387 1210 His
2436 1156 2619 1221 dictis,
2677 1159 2747 1212 ob
2800 1158 3213 1228 significandam
3260 1162 3553 1216 sacerdotii

1976 1244 2243 1301 lsraelitis
2275 1249 2705 1314 restitutionem,
2743 1259 2799 1305 et
2832 1253 3174 1307 sacerdotem
3197 1254 3393 1308 abhinc
3417 1271 3550 1308 con-

1984 1347 2142 1391 sueto
2196 1339 2509 1393 ministerio
2553 1341 2943 1396 destinandum
2997 1343 3135 1406 fore,
3185 1345 3277 1414 qui
3334 1347 3554 1415 proprio

1982 1428 2170 1484 offlcio
2203 1429 2542 1486 confidenter
2591 1439 2644 1486 et
2667 1443 2817 1487 recto
2869 1435 2996 1504 jure
3040 1436 3321 1507 fungetur,
3375 1439 3554 1510 pergit

1977 1520 2159 1575 dicere
2194 1540 2206 1574 :

297 1609 481 1670 αὐτοῖς
509 1608 881 1673 ἀποδεδόσθαι,
912 1611 1001 1662 καὶ¹
1027 1609 1116 1662 τὸν
1157 1609 1305 1680 ἱερέα
1351 1609 1510 1662 πάλιν
1548 1609 1640 1662 ἐπὶ
1686 1609 1788 1680 τῆς
1833 1611 2092 1682 συνήθους
2135 1611 2482 1678 ἐξετάζεσθαι
2526 1614 2883 1687 λειτουργίας,
2927 1619 3025 1688 τὴν
3070 1621 3276 1673 οἰκείαν
3323 1621 3450 1692 περὶ
3493 1621 3554 1674 τὸ

299 1705 532 1773 πρᾶγμα
560 1702 872 1772 παρρησίαν
897 1720 956 1755 τε
997 1703 1188 1773 ἔχοντα
1221 1704 1314 1757 καὶ
1344 1704 1612 1769 ἐξουσίαν,
1644 1705 1855 1771 ἐπάγει·

369 1793 521 1862 Στίχ.
551 1793 622 1858 ς’,
658 1794 721 1858 ζ’.
745 1822 814 1830 -
843 1812 860 1843 ι
892 1794 1000 1846 Καὶ
1024 1795 1052 1847 ό
1083 1794 1311 1862 ἄγγελος
1348 1794 1551 1864 Κυρίου
1584 1794 1722 1865 πρὸς
1767 1795 1872 1863 Ἰη-

2053 1787 2216 1846 Vsus.
2254 1789 2308 1855 6,
2345 1790 2395 1842 7.
2431 1819 2501 1831 --
2528 1810 2546 1841 ε
2571 1791 3354 1863 EtangelusDominidieebat
3375 1798 3506 1852 Jesu
3534 1821 3546 1854 :

302 1884 430 1938 σοῦν
455 1885 643 1952 λέγων,
677 1885 816 1938 Τάδε
853 1885 997 1953 λέγει
1038 1885 1240 1956 Κύριος
1273 1887 1667 1957 παντοκράτωρ
1689 1903 1701 1916 ·
1751 1887 1874 1938 Ἐὰν

298 1981 360 2030 ἐν
382 1981 503 2040 ταῖς
533 1977 668 2041 ὁδοῖς
701 1996 804 2047 μου
835 1978 1097 2050 πορεύσῃ,
1131 1980 1225 2031 καὶ
1259 1979 1352 2032 ἐὰν
1377 1981 1444 2031 τὰ
1479 1978 1877 2050 προστάγματά

298 2087 400 2140 μου
433 2071 696 2143 φυλάξῃς,
734 2071 827 2125 καὶ
866 2072 930 2124 σὺ
974 2071 1268 2141 διακρινεῖς
1315 2070 1404 2123 τὸν
1433 2067 1578 2122 οἶκόν
1615 2087 1747 2139 μου·
1783 2072 1876 2122 καὶ

296 2160 390 2212 ἐὰν
417 2160 792 2231 διαφυλάσσῃς
827 2161 924 2230 τὴν
956 2159 1124 2230 αὐλήν
1161 2177 1284 2229 μου,
1314 2159 1409 2211 καὶ
1435 2157 1589 2212 δώσω
1621 2160 1878 2228 ἀναστρε-

296 2252 566 2322 φομένους
591 2253 648 2304 ἐν
673 2252 822 2322 μέσῳ
844 2251 949 2304 τῶν
976 2249 1286 2320 ἑστηκότων
1305 2249 1527 2302 τούτων.
1565 2267 1582 2298 ι
1628 2246 1878 2300 Ἀκολού-

296 2342 402 2407 θως
441 2343 768 2414 ἀπειληφότι
802 2345 900 2414 τῆς
943 2342 1243 2414 ἱερωσύνης
1289 2343 1387 2412 τὴν
1425 2339 1668 2405 ἐξουσίαν
1702 2339 1876 2392 ταῦτα

297 2435 549 2508 εἰρῆσθαί
579 2452 773 2506 φησιν·
806 2436 880 2500 ὼς
919 2435 983 2488 ἂν
1008 2435 1160 2505 γνοίη
1189 2435 1335 2496 ὅπως
1361 2432 1522 2485 αὑτὸν
1553 2431 1874 2501 μεταχειρίυ

296 2527 482 2591 ζεσθαι
533 2529 776 2598 προτῆκε
817 2527 914 2597 τὴν
945 2525 1301 2595 λειτουργίαν.
1369 2524 1492 2574 Ἐὰν
1525 2522 1654 2593 γάρ,
1704 2521 1870 2592 φησὶ,

295 2618 565 2689 ἐπιμένῃς
613 2617 721 2670 τῶν
755 2618 1244 2688 προστεταγμένων
1277 2616 1405 2686 παρ’
1446 2614 1581 2684 ἐμοῦ
1619 2614 1874 2684 φροντίδα

298 2707 643 2778 ποιούμενος,
680 2707 777 2779 ἔσῃ
811 2708 908 2776 μὲν
938 2709 992 2758 ἐν
1026 2705 1214 2776 ἱερέως
1242 2704 1496 2775 αύθεντίᾳ
1524 2704 1723 2776 κρίνων
1762 2706 1876 2766 τοῖς

299 2801 461 2853 πᾶσι·
490 2799 586 2852 καὶ
610 2801 676 2868 τῇ
705 2799 838 2868 αὐλῇ
869 2797 923 2850 δέ
945 2801 1012 2868 τῇ
1043 2799 1064 2848 ἐ
1075 2800 1147 2867 μῇ
1171 2797 1268 2866 τὴν
1300 2798 1679 2867 προσήκουσαν
1707 2793 1875 2863 φυλα-

299 2888 399 2959 κὴν
427 2888 520 2942 διὰ
542 2888 640 2958 τῆς
665 2886 982 2949 ἐπιμελείας
1011 2886 1302 2958 προσάγων
1324 2885 1420 2954 τῆς
1444 2883 1669 2945 οἰκείας,
1698 2900 1876 2953 παρα-

301 2979 540 3049 πέμψεις
571 2978 627 3031 δέ
661 2978 753 3030 καὶ
783 2977 862 3037 εἰς
892 2975 1167 3045 διαδόχους
1204 2975 1298 3045 τὴν
1326 2975 1510 3044 τιμὴν,
1543 2973 1590 3025 οἳ
1621 2973 1877 3042 γενήσον-

299 3089 388 3123 ται
414 3074 472 3123 ἐν
523 3069 674 3140 μέσῳ
712 3068 911 3131 παντὸς
937 3067 1030 3119 τοῦ
1066 3065 1196 3118 λαοῦ
1233 3066 1328 3135 τὴν
1361 3066 1744 3135 προσήκουσαν
1778 3064 1870 3116 αὑ-

1979 1877 2100 1935 llzec
2125 1881 2202 1934 ait
2231 1879 2492 1935 Dominus
2507 1881 2852 1950 omnipotens
2880 1901 2892 1935 :
2966 1883 3021 1937 Si
3055 1884 3109 1937 iu
3136 1887 3232 1941 viis
3267 1890 3404 1943 meis
3435 1908 3519 1942 aut

1977 1972 2276 2035 bulaveris,
2336 1983 2390 2028 et
2430 1973 2690 2028 mandata
2741 1989 2861 2028 mea
2909 1978 3238 2042 servaveris,
3275 1988 3327 2033 et
3360 1988 3416 2033 tu
3453 1982 3554 2036 do-

1977 2079 2123 2118 mum
2158 2079 2333 2119 meam
2386 2064 2662 2134 judicabis
2695 2083 2709 2118 :
2746 2073 2799 2120 et
2826 2066 2872 2122 si
2907 2069 3108 2122 atrium
3149 2085 3329 2124 meum
3364 2082 3554 2127 custo-

1976 2156 2166 2220 dieris,
2224 2165 2278 2210 et
2323 2157 2464 2211 dabo
2519 2159 2614 2211 tibi
2670 2159 2764 2228 qui
2817 2168 3220 2214 conversentur
3260 2163 3316 2216 in
3373 2165 3552 2220 medio

1977 2246 2242 2298 stantium
2278 2245 2536 2302 istorum.
2567 2265 2584 2296 ι
2619 2245 2936 2317 Opportune
2963 2250 3037 2304 ait
3067 2250 3212 2304 dicta
3239 2252 3353 2306 haec
3382 2253 3553 2310 fuisse

1979 2334 2186 2387 homini
2227 2335 2322 2404 qui
2382 2337 2675 2391 sacerdotii
2729 2338 3049 2408 dignitatem
3095 2352 3434 2412 susceperat,
3494 2355 3552 2399 ut

1978 2423 2118 2478 idem
2150 2435 2476 2488 agnosceret
2495 2431 2768 2497 quomodo
2810 2447 2997 2501 gerere
3046 2435 3409 2489 ministerium
3457 2439 3550 2492 dc-

1980 2513 2147 2569 bcret.
2175 2513 2231 2569 Si
2255 2517 2401 2570 enim
2435 2523 2896 2587 perseveraveris,
2925 2523 3122 2592 inquit,
3166 2526 3219 2580 in
3251 2541 3552 2600 pracepto-

1981 2618 2100 2656 rum
2128 2620 2372 2660 meorum
2413 2609 2791 2676 observantia,
2829 2615 3071 2668 manebit
3104 2617 3201 2670 tibi
3233 2623 3551 2676 sacerdota-

1979 2691 2046 2745 lis
2070 2696 2370 2751 auctoritas
2391 2697 2674 2766 judicandi
2703 2701 2768 2756 de
2793 2703 3070 2759 omnibus.
3110 2705 3172 2759 Et
3194 2709 3236 2760 si
3266 2711 3407 2763 atrio
3432 2727 3550 2766 meo

1981 2785 2390 2839 convenientem
2426 2791 2728 2844 custodiam
2765 2793 3056 2849 sedulitate
3081 2804 3172 2850 tua
3210 2799 3548 2866 adhibueris,

1979 2873 2142 2943 308
2177 2878 2413 2944 posteris
2453 2895 2668 2950 quoque
2709 2881 3031 2952 dignitatem
3077 2895 3224 2942 tuam
3268 2895 3552 2947 transmit-

1983 2973 2085 3026 tes,
2116 2968 2208 3036 qui
2239 2969 2292 3021 in
2325 2969 2503 3023 medio
2533 2973 2770 3026 universi
2811 2977 2996 3044 populi
3024 2977 3150 3044 jure
3185 2981 3251 3032 ad
3298 2998 3356 3037 se
3384 2987 3553 3053 perti-

1984 3067 2200 3112 nentem
2232 3062 2563 3115 exercebunt
2592 3063 2888 3134 liturgiam.
2925 3065 3119 3123 Postea
3156 3073 3310 3141 regni
3335 3089 3554 3147 quoque

298 3166 408 3228 τοῖς
430 3161 779 3222 ἐκτελοῦντες
804 3159 1163 3229 λειτουργίαν.
1197 3153 1328 3210 Εἶτα
1358 3158 1450 3210 καὶ
1474 3157 1571 3227 τῆς
1596 3156 1873 3226 βασιλείας

1983 3150 2432 3206 instaurationem
2460 3154 2714 3217 iuuuens,
2767 3157 2841 3209 ait
2880 3176 2892 3210 :
2942 3161 3142 3225 «Audi,
3188 3140 3318 3219 Jesu
3351 3140 3553 3222 sacer-

298 3255 394 3327 τὴν
445 3254 895 3306 ἀποκατάστασιν
937 3250 1132 3320 δηλῶν,
1169 3248 1311 3301 οῦτω
1357 3248 1542 3316 λέγει’
1593 3247 1687 3317 (p.
1731 3247 1875 3316 464)

303 3362 322 3395 ι
357 3345 562 3395 Ἀκουε
609 3341 695 3411 δὴ,
756 3339 927 3410 Ἰησοῦ
969 3341 998 3392 ὁ
1046 3338 1225 3407 ἱερεὺς
1265 3341 1294 3390 ό
1340 3337 1530 3408 μέγας,
1581 3337 1645 3389 σὺ
1690 3337 1782 3390 καὶ
1827 3338 1877 3389 οἱ

299 3435 524 3505 πλησίον
577 3450 671 3486 σου
699 3434 747 3485 οί
785 3431 1082 3500 καθήμενοι
1114 3429 1217 3500 πρὸ
1255 3428 1546 3500 προσώπου
1582 3446 1674 3480 σου
1696 3446 1709 3458 ε
1741 3425 1874 3480 διότι

297 3526 486 3597 ἄνδρες
511 3524 904 3594 τερατοσκόποι
936 3522 1091 3574 είσίν.
1135 3540 1152 3571 ι
1193 3521 1310 3573 ἰνα
1338 3521 1487 3592 εἴπῃ,
1521 3518 1662 3590 Πρὸς
1692 3518 1753 3572 σέ
1788 3535 1876 3587 μοι

295 3621 322 3670 ὁ
351 3619 534 3686 λόγος,
573 3617 667 3669 καὶ
712 3615 916 3676 πάντας
951 3615 1078 3677 τοὺς
1116 3614 1210 3666 σὺν
1254 3614 1336 3665 σοὶ
1381 3612 1570 3680 ἄρχειν
1607 3610 1699 3664 τοῦ
1744 3610 1876 3676 λαοῦ

298 3706 793 3775 πεπιστευμένους,
819 3704 874 3757 ἐν
895 3721 953 3756 τε
980 3703 1294 3772 διδασκαλίᾳ
1327 3703 1422 3754 καὶ
1449 3701 1706 3772 ἐξηγήσει
1734 3701 1880 3770 νομί-

303 3819 434 3870 μων,
471 3800 572 3852 καὶ
615 3801 680 3869 τῇ
712 3797 871 3866 λοιπῇ
906 3797 1014 3849 τῶν
1047 3798 1124 3858 εἱς
1157 3795 1466 3848 θεοσέϐειαν
1500 3793 1742 3863 ἡκόντων
1770 3793 1881 3845 λει-

297 3891 525 3962 τουργία
547 3907 562 3920 ο
596 3890 689 3952 οὒς
720 3889 1148 3961 τερατοσκόπους
1173 3887 1257 3940 διὰ
1287 3884 1443 3938 τοῦτο
1472 3884 1645 3949 καλεῖ,
1673 3884 1747 3947 ὡς
1770 3883 1878 3937 τῶν

297 3983 447 4053 παρα
476 3980 572 4033 τοῦ
601 3978 736 4032 Θεοῦ
767 3978 1080 4048 παραδόξως
1107 3975 1403 4046 γινομένων
1429 3974 1527 4037 τὰς
1549 3973 1729 4036 αἰτίας
1756 3990 1881 4027 σκο-

298 4077 418 4126 πεῖν
440 4090 500 4124 τε
536 4073 635 4124 καὶ
667 4071 863 4124 εἰδέναι
891 4070 1033 4133 οἴους
1061 4086 1119 4122 τε
1148 4069 1321 4130 ὂντας.
1351 4067 1415 4119 Τί
1445 4062 1537 4120 οὖν
1565 4065 1732 4137 φησί;

366 4163 519 4232 Στίχ.
545 4169 616 4232 η’,
643 4161 708 4214 θ’.
728 4190 796 4200 -
819 4180 836 4212 ι
872 4161 1013 4213 Διότι
1041 4160 1148 4213 ἱδοὺ
1175 4160 1284 4226 ἐγὼ
1307 4159 1425 4226 ἄγω
1443 4157 1534 4209 τὸν
1560 4156 1743 4209 δοῦλόν
1777 4173 1877 4226 μου

299 4253 588 4313 ἀνατολήν·
627 4252 760 4304 διότι
789 4250 934 4312 λίθος
963 4251 1020 4303 ὃν
1054 4250 1229 4302 ἔδωκα
1274 4248 1378 4317 πρὸ
1419 4246 1713 4319 προσώπου
1772 4248 1879 4318 ἰη-

301 4343 422 4408 σοῦ,
452 4343 550 4396 ἐπὶ
595 4342 685 4394 τὸν
724 4341 870 4393 λίθον
906 4341 994 4393 τὸν
1021 4340 1117 4392 ἐνα
1163 4338 1304 4392 ἐπτά
1344 4336 1609 4407 ὀφθαλμοί
1641 4337 1800 4389 εἰσιν.
1855 4355 1873 4386 ι

310 4436 452 4502 Ἐγὼ
476 4435 612 4504 γὰρ,
645 4433 798 4501 φησι,
829 4432 920 4484 τὸν
943 4431 1124 4484 δοῦλον
1152 4430 1240 4484 τὸν
1267 4430 1420 4501 ἐμὸν,
1455 4429 1545 4481 τὸν
1576 4428 1879 4498 Ζοροϐάϐελ

299 4527 495 4594 λέγων,
523 4524 624 4577 καὶ
648 4523 1052 4592 ἀποκαθίστημι
1084 4524 1150 4592 τῇ
1189 4520 1453 4590 βασιλείᾳ,
1491 4519 1757 4588 ἀνατολῆς
1779 4519 1878 4588 οὐχ

299 4615 462 4687 ἦττον
495 4615 750 4686 λαμπρὸν
789 4616 854 4684 τῇ
883 4613 980 4682 τῆς
1013 4613 1135 4682 (sic)
1168 4611 1380 4680 ἐξουσίᾳ
1409 4608 1640 4672 δεικνύς.
1679 4608 1880 4662 Τοῦτον

301 4710 364 4778 δὴ
391 4708 583 4777 ὥσπερ
630 4704 752 4757 τινὰ
774 4705 916 4756 λίθον
939 4702 1124 4772 τίθημι
1173 4701 1280 4772 πρὸ
1320 4702 1426 4754 τῶν
1451 4700 1743 4770 ὀφθαλμῶν
1773 4699 1880 4752 τῶν

307 4799 433 4860 σῶν,
481 4798 564 4864 ἐφ’
596 4789 750 4866 ᾧπερ
795 4793 1111 4863 ἐστηρίχθαι
1145 4809 1200 4845 σε
1246 4791 1386 4863 χρὴ,
1429 4791 1738 4862 παρέχοντα
1778 4790 1878 4860 μὲν

305 4887 451 4956 αὐτῷ
496 4886 597 4956 τὴν
642 4887 706 4938 ἐκ
774 4884 882 4937 τῶν
939 4881 1252 4954 προσευχῶν
1274 4882 1370 4934 καὶ
1425 4882 1524 4951 τῆς
1579 4879 1882 4950 ἱερωσύνης

309 4980 596 5048 βοήθειαν,
631 4974 988 5044 κομιζόμενον
1024 4973 1078 5026 δὲ
1110 4974 1237 5042 παρ’
1270 4972 1433 5026 αὑτοῦ
1473 4971 1573 5040 τὴν
1624 4971 1882 5040 σπουδὴν,

307 5073 371 5139 ἦν
395 5073 454 5123 ἐν
480 5070 595 5130 τοῖς
622 5065 758 5119 κατὰ
787 5065 892 5118 τῶν
927 5065 1181 5118 ἐναντίων
1210 5064 1574 5116 ἐπιδείκνυται
1602 5060 1882 5130 πολέμοις,

307 5160 380 5223 ῶς
405 5161 472 5214 ἂν
497 5160 555 5211 ἐν
589 5159 780 5230 είρήνῃ
803 5157 1080 5224 διάγοντες
1106 5155 1409 5223 ἐκτελοίητε
1443 5154 1540 5224 τὴν
1585 5151 1884 5222 ἱερωσύνην

311 5251 564 5312 δεόντως·
617 5249 837 5321 θαρρεῖν
887 5247 944 5301 δέ
997 5265 1056 5300 σε
1093 5245 1266 5316 τούτῳ
1312 5245 1557 5317 προσῆκε
1605 5243 1684 5312 τῷ
1729 5240 1882 5310 λίθῳ,

316 5341 449 5392 ἐπτὰ
479 5341 730 5410 μετέχειν
751 5338 910 5392 αὑτὸν
930 5337 1222 5408 ὀφθαλμῶν
1242 5334 1552 5407 νομίζοντα.
1584 5331 1887 5386 Κάνταῦθα

315 5431 367 5484 δέ
391 5432 471 5503 τῷ
499 5431 644 5484 ἐπτὰ
669 5431 767 5484 οὐκ
798 5432 890 5483 ἐπὶ
909 5428 1291 5501 ἀκριϐολογίας
1318 5425 1552 5498 ἀριθμοῦ
1575 5425 1745 5492 λέγει,
1767 5423 1884 5476 ἀλλ’

319 5527 400 5580 ἵνα
426 5527 578 5598 εἴτι-ῃ,
600 5527 681 5578 ὅτι
709 5525 1002 5594 Δυνήσεται
1021 5522 1077 5575 δὲ
1101 5519 1274 5574 ταῦτα
1304 5520 1331 5571 ὁ
1361 5516 1662 5588 Ζοροϐάϐελ
1685 5517 1762 5577 εἱς
1788 5515 1888 5584 τὴν

289 5589 596 5686 ’βασιλείαν
632 5618 762 5688 παρ’
811 5589 945 5687 ἐμοῦ
979 5611 1412 5686 προχειρισθεὶς,
1458 5609 1646 5679 ἐπειδὴ
1687 5605 1889 5677 πολλὴν

323 5727 436 5763 τινα
461 5710 557 5764 καὶ
583 5711 788 5777 ἄφατον
812 5707 961 5778 αὐτῷ
988 5705 1209 5776 παρέξω
1228 5706 1326 5774 τὴν
1351 5701 1580 5770 ἐποψίαν
1603 5699 1702 5768 τὴν
1726 5697 1886 5768 ἐμὴν,

325 5798 396 5872 (p.
437 5800 563 5870 465)
597 5799 694 5853 καὶ
732 5797 830 5869 τὴν
877 5795 1189 5868 ἐπιμέλειαν
1239 5794 1331 5862 ἀφ’
1381 5789 1448 5864 ἦς
1491 5807 1544 5844 τι
1601 5792 1887 5860 γενήσεται

1979 3240 2080 3294 dos
2121 3256 2334 3311 magne,
2367 3253 2420 3296 lu
2457 3252 2509 3297 et
2554 3247 2783 3314 proximi
2845 3250 2921 3302 tui
2958 3252 3050 3318 qui
3097 3253 3433 3313 sedentante
3468 3260 3550 3313 fa-

1980 3329 2116 3383 ciem
2143 3339 2313 3397 tuam,
2345 3334 2472 3402 quia
2505 3335 2602 3387 viri
2623 3345 2958 3404 spectatores
2975 3350 3346 3408 portentorum
3366 3358 3546 3403 suum

1985 3420 2041 3473 Id
2075 3429 2180 3486 est.
2227 3423 2309 3476 Ad
2333 3434 2382 3480 te
2404 3441 2584 3480 sermo
2640 3444 2794 3486 meus
2835 3441 2997 3502 atque
3025 3434 3092 3488 ad
3123 3451 3311 3492 omnes
3349 3438 3550 3507 quibus

1980 3517 2161 3566 tecum
2198 3515 2380 3583 populi
2416 3516 2755 3588 principatus
2783 3524 3027 3578 creditus
3055 3533 3160 3591 est,
3201 3536 3261 3580 ut
3286 3530 3548 3596 magile-

1983 3603 2068 3656 rio
2109 3603 2353 3673 legisque
2388 3607 2836 3676 interpretatione
2873 3614 3197 3687 fungamini,
3242 3626 3294 3672 et
3339 3621 3552 3688 reliquo

1982 3709 2166 3747 rerum
2203 3695 2388 3751 divino
2421 3700 2589 3753 cultui
2637 3701 2976 3758 addictarum
3027 3708 3330 3762 ministerio
3367 3728 3378 3762 :
3413 3728 3551 3780 quos

1979 3782 2232 3839 homines
2285 3787 2518 3855 appellat
2571 3798 2948 3858 portentorum
3031 3803 3392 3865 spectatores,
3453 3815 3549 3855 ceu

1981 3891 2162 3930 rerum
2219 3887 2414 3946 praater
2476 3884 2936 3951 exspectationem
2983 3901 3010 3938 a
3059 3885 3167 3941 Deo
3209 3896 3548 3957 patratarum

1981 3984 2180 4025 causas
2237 3971 2584 4027 considerare
2627 3983 2681 4029 et
2723 3990 3059 4046 cognoscere
3109 3979 3356 4038 idoneos.
3412 3983 3551 4050 Quid

1979 4076 2111 4130 ergo
2145 4061 2258 4114 ait?

2056 4151 2217 4207 Vens.
2247 4155 2300 4216 8,
2332 4154 2387 4209 9.
2423 4185 2490 4194 —
2534 4175 2552 4208 ι
2580 4157 2717 4213 Ecce
2751 4160 2895 4214 enim
2927 4177 3027 4233 ego
3073 4162 3286 4217 adduco
3330 4181 3552 4222 servum

1983 4259 2184 4306 meum,
2217 4244 2490 4301 Orientem
2526 4266 2539 4300 :
2571 4250 2697 4318 quia
2722 4251 2862 4322 lapis
2889 4269 3048 4322 quem
3067 4254 3190 4307 dedi
3214 4265 3336 4307 ante
3360 4256 3553 4310 faciem

1980 4333 2140 4402 Jesu;
2169 4353 2332 4406 super
2363 4339 2598 4408 lapidem
2629 4358 2795 4396 unum
2814 4354 3020 4412 septem
3045 4345 3188 4396 oculi
3209 4355 3356 4398 sunt.
3390 4367 3407 4398 ι
3443 4347 3554 4415 Ego

1985 4425 2152 4492 enim,
2186 4427 2384 4496 inquit,
2415 4445 2632 4483 servum
2676 4447 2878 4495 meum,
2931 4432 2982 4484 id
3014 4440 3097 4486 est
3139 4433 3552 4500 Zorobabelem,

1984 4530 2166 4584 regem
2199 4519 2494 4580 constituo,
2529 4520 2628 4573 soli
2670 4521 2866 4574 orienti
2910 4523 3202 4589 splendore
3257 4539 3441 4593 parem
3486 4527 3557 4583 ob

1986 4607 2272 4678 dignitatis
2303 4625 2414 4663 sua:
2448 4611 2879 4680 amplitudinem.
2911 4612 3067 4667 llunc
3091 4631 3219 4666 vero
3243 4631 3340 4670 ceu
3371 4635 3530 4688 quem

1985 4697 2109 4752 dam
2138 4700 2371 4769 lapidem
2408 4716 2649 4770 propono
2681 4717 2865 4755 coram
2910 4704 3086 4757 oculis
3114 4707 3245 4770 tuis,
3285 4708 3338 4760 in
3369 4725 3474 4776 quo
3509 4718 3561 4764 te

1987 4790 2215 4845 firmiter
2243 4792 2342 4844 niti
2367 4801 2597 4861 oportet,
2633 4793 2918 4862 eidemque
2947 4797 3206 4851 exhibere
3254 4813 3473 4865 precum
3499 4808 3554 4854 et

1987 4881 2274 4936 sacerdotii
2311 4883 2596 4946 auxilium,
2639 4883 2992 4955 vicissimque
3030 4887 3098 4939 ab
3125 4903 3190 4941 eo
3221 4888 3428 4942 referre
3474 4896 3561 4941 tu-

1989 4974 2174 5036 telam,
2201 4988 2366 5042 quam
2413 4974 2568 5028 bellis
2604 4981 2794 5027 contra
2844 4975 3031 5031 hostes
3065 4978 3321 5047 gerendis
3363 4994 3560 5048 repeti--

1991 5065 2090 5129 dit,
2139 5072 2198 5116 ut
2244 5078 2377 5132 pace
2429 5064 2672 5118 fruentes
2723 5068 3032 5122 sacerdotio
3074 5069 3176 5122 rite
3234 5067 3560 5140 fungamini.

1990 5153 2277 5209 Confidere
2307 5161 2483 5209 autem
2537 5163 2588 5208 te
2619 5157 2745 5211 huic
2776 5158 2941 5228 lapidi
2997 5166 3232 5229 oportet,
3270 5164 3326 5211 et
3355 5170 3563 5232 Scplelll

1991 5259 2114 5297 eum
2141 5244 2340 5300 habere
2365 5246 2554 5302 oculos
2577 5248 2911 5304 existimare.
2935 5249 3055 5302 Jam
3099 5249 3201 5303 hoc
3226 5254 3389 5305 etiam
3446 5253 3566 5306 loco

1992 5337 2317 5390 vocabulum
2347 5345 2552 5406 septem
2587 5339 2729 5394 haud
2762 5341 2830 5394 de
2860 5347 3054 5394 exacto
3089 5356 3321 5396 numero
3351 5344 3448 5406 ait,
3471 5344 3564 5397 sed

1998 5437 2056 5482 ut
2095 5429 2241 5484 dicat
2275 5428 2667 5486 Zorobabelem
2705 5431 2772 5485 ad
2819 5432 2934 5485 haec
2973 5432 3210 5485 validum
3253 5433 3388 5496 fore,
3421 5450 3449 5488 a
3483 5451 3570 5488 me

1998 5519 2209 5573 scilicet
2249 5519 2304 5572 in
2338 5534 2564 5588 regnum
2620 5529 2933 5588 provectum
2955 5536 2970 5584 ;
2992 5521 3117 5589 quia
3153 5521 3201 5575 ei
3226 5523 3452 5575 multam
3487 5531 3570 5575 at-

1997 5627 2102 5682 que
2134 5609 2457 5666 ineffabilem
2508 5611 2901 5679 providentiam
2934 5627 3107 5666 meam
3139 5628 3436 5681 curamque
3463 5615 3567 5668 im-

1997 5702 2249 5772 pendam,
2269 5717 2374 5772 qua
2406 5703 2582 5770 majus
2606 5703 3000 5757 incrementum
3025 5705 3224 5774 capiet.
3255 5724 3274 5772 ς
3307 5705 3442 5761 Ecce
3469 5723 3572 5776 ego

1997 5794 2145 5851 fodio
2180 5793 2410 5861 foveam,
2459 5794 2590 5848 dicit
2623 5791 2884 5851 Dominus
2929 5799 3295 5868 omnipotens,
3343 5809 3392 5852 et
3443 5817 3569 5855 eon-
