3992 6232
497 336 602 393 527

1673 327 2021 386 ΤΗΕΟΠΟΙΗ
2064 327 2547 385 ΜΟΡδυΕΞΤΕΝι

3647 327 3732 383 Βίέ8

500 453 746 509 trectabo
776 467 993 506 onmem
1026 450 1369 520 iniquitatem
1402 456 1559 503 terra:
1589 449 1735 502 illius
1771 449 1857 501 die
1891 464 2019 501 una.
2052 467 2068 499 ι

2183 449 2358 501 πλέον.
2413 468 2429 499 ι
2500 449 2631 501 Ἰδοὺ
2678 446 2787 516 ἐγὼ
2834 444 3047 516 ὀρύσσω
3099 446 3323 517 βόθρον,
3366 445 3513 513 λέγει
3552 448 3733 519 Rapio;

500 545 649 598 Adeo
703 544 852 597 illum
895 550 1173 612 potentem
1221 539 1473 597 elliciam.
1525 552 1583 593 ut
1634 554 1825 593 omnes
1876 538 2079 593 virtute

502 654 598 691 sua
626 636 817 690 bellica
852 635 1037 687 hostes
1061 633 1274 703 fugatis,
1308 633 1463 700 quasi
1513 630 1666 685 fovea
1693 629 1927 700 quadam
1959 631 2077 683 exi—

502 730 579 783 tio
622 744 717 783 eos
772 728 989 786 obruat,
1042 741 1174 779 mete
1223 723 1445 778 ultionis
1503 722 2078 789 minister,propterca

500 820 663 891 309
688 818 833 889 quod
867 818 971 870 mci
998 817 1141 884 juris
1172 825 1373 867 terram
1416 814 1619 867 violare
1653 813 1946 875 voluerint,
1988 812 2077 864 cui

501 928 600 982 ego
627 925 804 980 regem
853 924 1087 978 praeesse
1122 915 1438 961 statueram.
1488 904 1609 958 Mox
1645 904 1829 957 auxilii
1864 918 2080 974 quoque

504 1001 933 1072 magnitudinem
969 998 1286 1060 ostendens,
1328 1005 1381 1051 et
1418 1009 1753 1066 quantopere
1782 1012 1810 1048 a
1847 994 2081 1050 Zoroba.

503 1095 641 1149 belis
702 1108 803 1162 ope
866 1093 1060 1146 bellica
1107 1090 1334 1159 juvanili
1390 1095 1535 1144 sint:
1599 1089 1737 1142 «Die
1790 1088 1901 1151 illa,
1950 1088 2082 1142 dicit

506 1186 774 1240 Dominus
805 1184 1178 1253 omnipotens,
1204 1182 1535 1235 convocabit
1564 1180 1940 1249 unusquisque
1958 1194 2081 1247 pro-

505 1280 709 1334 ximum
747 1292 905 1332 suum
935 1278 1038 1330 sub
1064 1276 1222 1329 ticum
1256 1290 1431 1327 suam.
1465 1293 1481 1324 ι
1518 1273 1582 1327 Ει
1615 1273 1798 1326 hostes
1837 1272 2077 1341 quidem,

506 1372 608 1425 lioc
640 1371 779 1424 duce
807 1370 898 1423 illa
929 1370 1236 1438 patientur;
1278 1370 1371 1439 qui
1415 1376 1596 1423 autem
1629 1368 1695 1423 de
1735 1367 1921 1437 populi
1975 1365 2079 1420 mei

507 1479 737 1518 numero
765 1471 946 1523 erunt,
990 1462 1157 1516 multa
1190 1478 1314 1515 cum
1351 1463 1633 1530 voluptate
1679 1460 1930 1530 frugibus
1965 1457 2081 1512 suis

506 1567 817 1620 vescentur,
866 1556 937 1609 ita
995 1562 1053 1608 ut
1108 1556 1270 1609 etiam
1318 1554 1580 1608 continuo
1613 1553 1678 1607 ad
1716 1563 1903 1605 mutua
1953 1565 2083 1604 con-

506 1651 647 1702 vivia
684 1650 935 1702 invitent.
996 1646 1173 1715 Atque
1217 1646 1481 1699 hactenus
1526 1644 1689 1699 dictis
1720 1643 1871 1713 regni
1904 1652 1958 1698 et
1991 1657 2082 1697 sa-

505 1740 732 1795 cerdotii
780 1738 1154 1791 demonstrata
1210 1736 1629 1799 instauratione,
1681 1734 1878 1790 deinde
1928 1734 2082 1803 ponit

507 1833 891 1887 revelationem
940 1830 1100 1882 aliain
1142 1828 1460 1881 necessario
1498 1843 1725 1897 prorsus
1786 1833 1909 1896 post
1952 1841 2082 1895 pra:-
2116 1808 2157 1863 Β

504 1923 646 1978 dicta
678 1922 781 1976 sibi
813 1920 1073 1975 oblatam.
1103 1917 1193 1973 Sic
1221 1934 1350 1989 ergo
1379 1919 1511 1973 dicit
1544 1939 1556 1973 :

2182 541 2598 612 παντοκράτωρ,
2622 540 2717 592 καὶ
2743 539 3053 609 ψηλαφὴσω
3084 539 3265 591 πᾶσαν
3293 538 3393 608 τὴν
3416 537 3629 591 ἀδικίαν
3653 539 3734 608 τῆς

2181 633 2283 702 γῆς
2317 633 2533 703 ἐκείνης
2568 632 2625 684 ὲν
2656 631 2842 703 ἡμέρᾳ
2875 632 2992 701 μιᾷ.
3034 649 3050 681 ι
3087 630 3245 683 Οῦτω
3269 630 3376 699 γὰρ
3401 630 3564 682 αὐτὸν
3590 631 3757 700 ἐργάρν

2183 743 2343 795 σομαι
2372 725 2612 789 δυνατὸν,
2649 724 2788 777 ὥστε
2816 724 3022 786 πάντας
3046 723 3132 776 διὰ
3162 722 3259 792 τῆς
3285 723 3491 775 ἐκείνου
3526 738 3737 790 στρατη-

2181 818 2303 885 γίας
2331 818 2454 879 τοὺς
2487 817 2779 884 πολεμίους
2810 815 3145 886 τρεπόμενος
3167 856 3180 877 ,
3218 813 3410 885 ῶσπερ
3445 814 3619 885 βόθρῳ
3649 820 3736 866 τινὶ

2180 911 2245 978 τῇ
2297 907 2541 977 ἀπωλείᾳ
2592 906 2937 976 περιϐάλλειν
2984 906 3070 959 διὰ
3127 907 3220 976 τῆς
3277 906 3417 975 ὲμῆς
3457 906 3738 975 τιμωρίας,

2180 1000 2320 1070 ὑπὲρ
2354 993 2427 1052 ὧν
2466 999 2531 1051 ἂν
2574 999 2780 1052 ἀδικεῖν
2810 999 3039 1052 ἕλωνται
3072 1000 3172 1069 τὴν
3218 1000 3341 1068 ἐμοὶ
3378 1000 3739 1069 προσήκουσαν

2182 1091 2287 1160 γῆν
2307 1130 2320 1153 ,
2345 1085 2527 1160 ἧσπερ
2560 1084 2651 1142 οῦν
2683 1089 2848 1156 ἔταξα
2883 1090 3213 1161 προεστάναι
3240 1089 3329 1142 τὸν
3361 1088 3601 1158 βασιλέα.
3624 1084 3742 1142 Εἶτα

2183 1183 2278 1235 καὶ
2304 1182 2363 1234 τὸ
2403 1182 2501 1251 τῆς
2535 1182 2786 1252 βοηθείας
2818 1181 3045 1251 μέγεθος
3070 1182 3307 1244 δεικνὺς,
3344 1175 3456 1233 οἶόν
3482 1197 3541 1231 τε
3569 1182 3634 1232 ὲκ
3661 1180 3741 1249 τῆς

2184 1271 2276 1323 τοῦ
2321 1272 2625 1342 Ζοροϐάϐελ
2675 1272 3041 1325 ἀπολαύσουσι
3078 1272 3441 1343 στρατηγίας,
3490 1291 3508 1322 ι
3563 1271 3650 1322 Ἐν
3686 1274 3742 1340 τῇ

2184 1363 2365 1434 ἡμέρᾳ
2394 1365 2596 1436 ἐκείνῃ,
2632 1366 2779 1433 λέγει
2810 1365 3009 1437 Κύριος
3039 1366 3454 1436 παντοκράτωρ,
3490 1364 3743 1432 συγκαλέ-

2186 1471 2333 1507 σεται
2381 1455 2608 1519 ἕκαστος
2646 1456 2736 1508 τὸν
2786 1457 3011 1526 πλησίον
3063 1458 3228 1510 αὑτοῦ
3283 1456 3540 1509 ὑποκάτω
3594 1456 3745 1525 συκῆς

2185 1548 2371 1601 αὐτοῦ.
2414 1568 2430 1599 ι
2476 1551 2540 1601 Ol.
2584 1550 2681 1620 μὲν
2716 1550 2823 1619 γὰρ
2863 1551 3047 1622 ἐχθροὶ
3089 1552 3279 1604 τούτου
3329 1549 3748 1622 στρατηγοῦντος

2187 1644 2462 1695 πείσονται
2485 1644 2685 1696 ἐκεῖνα·
2719 1646 2765 1696 oi
2794 1645 2850 1697 δὲ
2870 1644 2947 1715 τῷ
2976 1645 3089 1716 λαῷ
3115 1647 3483 1717 προσήκοντες
3510 1644 3591 1714 τῷ
3621 1643 3747 1714 ἐμῷ,

2191 1735 2329 1806 μετά
2373 1736 2573 1806 πολλῆς
2616 1737 2713 1805 τῆς
2758 1737 2951 1807 ἡδονῆς
2984 1737 3351 1790 ἀπολαύσουσι
3390 1737 3499 1790 τῶν
3546 1736 3751 1789 οἰκείων

2190 1828 2439 1899 καρπῶν,
2482 1827 2619 1880 ὥστε
2651 1831 2745 1881 καὶ
2778 1828 3015 1899 συνεχῶς
3060 1831 3152 1883 ἐπὶ
3198 1829 3436 1883 ἑστίασιν
3473 1828 3750 1898 συγκαλεῖν

2192 1919 2476 1989 ἀλλήλους.
2532 1919 2619 1971 Ἐν
2655 1919 2712 1973 δὲ
2745 1920 2958 1982 τούτοις
2994 1922 3093 1992 τῆς
3126 1938 3183 1973 τε
3221 1920 3499 1990 βασιλείας
3530 1921 3627 1973 καὶ
3666 1921 3752 1990 τῆς

505 2014 806 2084 ἱερωσύνης
841 2011 938 2084 τὴν
966 2013 1409 2067 ἀποκατάστασιν
1443 2011 1708 2083 δηλώσας,
1753 2011 1877 2081 ἑξῆς
1920 2010 2133 2083 τίθησιν
2166 2012 2506 2082 ἀποκάλυψιν
2551 2013 2694 2083 μάλα
2740 2031 2803 2081 γε
2849 2014 3161 2083 ἀναγκαίως
3190 2015 3281 2068 ἐπὶ
3313 2018 3425 2079 τοῖς
3455 2015 3752 2086 εἰρημένοις

449 2132 459 2148 ι
505 2104 653 2176 αύτῷ
683 2103 1005 2174 δειχθεῖσαν.
1035 2102 1198 2171 Λέγει
1226 2101 1281 2155 δὲ
1305 2101 1476 2165 οὕτως
1495 2115 1508 2130 ·

1150 2191 1302 2249 CAP.
1339 2191 1425 2247 IV.

573 2288 744 2344 Vatis.
784 2287 895 2341 1-5.
934 2313 1007 2325 --
1045 2305 1062 2337 ι
1089 2284 1155 2339 Et
1188 2301 1443 2341 reversus
1482 2290 1565 2339 est
1609 2282 1836 2354 angelus
1873 2281 1962 2351 qui
2007 2281 2087 2334 lo-

505 2382 775 2452 quebatur
798 2379 853 2433 in
885 2393 991 2441 me,
1023 2386 1074 2432 et
1109 2376 1402 2433 suscitavit
1426 2392 1511 2430 me
1542 2376 1687 2430 sicut
1709 2372 1965 2430 suscitari
1992 2388 2087 2427 so-

506 2472 578 2525 let
610 2471 770 2523 liomo
816 2466 882 2522 de
911 2481 1105 2522 somno
1163 2480 1285 2520 suo.
1321 2464 1577 2535 Dixitque
1620 2464 1754 2517 mihi
1789 2462 1967 2528 :Qiiid
2024 2468 2081 2515 tu

507 2560 689 2615 vides?
718 2578 737 2611 ›
776 2558 993 2612 Rursus
1042 2557 1294 2627 angelum
1330 2556 1385 2610 in
1422 2572 1479 2611 se
1518 2556 1829 2625 loquentem
1862 2554 2085 2609 denotat

504 2654 655 2708 illum
712 2652 949 2707 humana
992 2649 1165 2704 forma
1218 2650 1505 2720 prmditum
1552 2648 1645 2719 qui
1690 2650 1834 2702 inter
1864 2656 2081 2701 montes

507 2744 795 2797 umbrosus
840 2755 981 2810 equo
1012 2740 1131 2794 rufo
1182 2740 1429 2793 insidens
1482 2745 1828 2807 apparuerat.
1882 2737 2082 2790 Didici-

506 2849 629 2888 mus
658 2832 802 2887 enim
829 2831 965 2887 satis
992 2831 1294 2894 evidenter,
1320 2845 1385 2885 ex
1420 2830 1817 2899 superioribus,
1849 2828 2082 2898 prophe-

506 2935 614 2979 tam
652 2924 720 2978 de
751 2924 843 2977 illo
897 2923 1016 2992 ipso
1049 2923 1104 2976 in
1158 2937 1217 2977 se
1258 2923 1515 2991 loquente
1546 2922 1749 2991 ubique
1794 2921 1959 2976 verba
1997 2921 2079 2974 fa-

504 3030 648 3075 cere,
700 3029 863 3084 aquo
891 3030 1035 3069 nunc
1067 3013 1231 3068 etiam
1277 3028 1337 3069 se
1372 3014 1669 3068 excitatum
1721 3012 1874 3076 dicit,
1923 3015 2081 3083 quasi

505 3122 698 3162 somno
714 3104 947 3177 quodam
980 3105 1216 3175 sopitum
1243 3106 1311 3159 ob
1326 3103 1711 3174 praedictarum
1736 3120 1919 3159 rerum
1947 3120 2078 3159 con-

2845 2189 3000 2241 ΚΕΦ.
3038 2193 3109 2241 Δ’.

2254 2277 2403 2347 Στίχ.
2431 2283 2687 2344 α’-γ’.-ι
2715 2277 2818 2331 Καὶ
2852 2282 3184 2352 ἐπέστρεψεν
3214 2286 3242 2336 6
3271 2285 3497 2353 ἄγγελος
3527 2290 3558 2341 ό
3589 2289 3757 2345 λαλῶν

2185 2367 2243 2421 ὲν
2276 2369 2417 2439 ἐμοὶ,
2452 2369 2544 2422 καὶ
2574 2370 2824 2443 ἐξήγειρέ
2866 2391 2953 2443 με,
2982 2375 3040 2428 ὃν
3065 2377 3264 2446 τρόπον
3287 2378 3365 2432 ὅτ’
3402 2381 3466 2433 ἂν
3504 2381 3754 2454 ἐξεγερθῇ

2185 2459 2470 2534 ἄνθρωπος
2498 2460 2556 2528 ἐξ
2594 2462 2761 2517 ὕπνου
2793 2465 2979 2518 αὐτοῦ’
3014 2468 3106 2521 καὶ
3148 2463 3270 2522 εἷπε
3300 2473 3435 2541 πρός
3468 2491 3571 2543 με·
3600 2475 3665 2527 Τί
3701 2478 3759 2529 σὺ

2189 2552 2403 2622 βλέπεις
2424 2571 2438 2619 ;
2473 2573 2490 2605 ι
2504 2555 2769 2623 ’Ἄγγελον
2788 2558 2947 2611 πάλιν
2964 2560 3054 2613 τὸν
3071 2563 3127 2614 ὲν
3145 2564 3293 2634 αύτῴ
3309 2563 3575 2619 λαλοῦντα
3590 2567 3760 2638 δηλῶν

2186 2645 2391 2696 ἐκεῖνον
2406 2645 2495 2696 τὸν
2513 2646 2568 2696 ἐν
2582 2645 2867 2716 ἀνθρώπου
2885 2652 3065 2720 μορφῇ
3086 2652 3140 2703 ἐν
3160 2652 3311 2724 μέσῳ
3328 2655 3433 2707 τῶν
3450 2660 3762 2712 κατασκίων

2184 2736 2354 2805 ὀρέων
2383 2736 2466 2804 ἐφ’
2499 2738 2665 2789 ἵππου
2692 2739 2927 2806 φανέντα
2958 2743 3166 2813 πυρροῡ
3188 2761 3201 2775 ·
3228 2747 3636 2819 μεμαθήκαμεν
3661 2755 3761 2822 γὰρ

2185 2827 2248 2878 ὲκ
2279 2826 2386 2878 τῶν
2425 2826 2710 2898 ἀνωτέρων
2745 2830 3007 2899 ἀκριϐῶς,
3042 2834 3122 2885 ὅτι
3153 2836 3313 2889 αὑτὸν
3344 2839 3553 2893 ἐκεῖνον
3584 2845 3643 2895 ὲν
3675 2844 3765 2894 αὖ⁴

2182 2917 2259 2988 τῷ
2305 2918 2569 2973 λαλοῦντα
2612 2922 2886 2991 πανταχοῦ
2935 2923 3115 2992 λέγει·
3161 2927 3179 2996 (
3201 2943 3252 2997 p.
3291 2928 3414 3001 466)
3449 2930 3505 2983 ὃν
3544 2934 3642 2986 καὶ
3676 2933 3763 2986 νῦν

2191 3028 2355 3081 φησιν
2404 3012 2677 3083 ἐξεγεῖραι
2722 3013 2821 3083 μὲν
2873 3015 3035 3069 αὐτὸν
3081 3017 3156 3081 ὡς
3202 3016 3267 3071 ἂν
3306 3021 3363 3087 ἐξ
3410 3023 3584 3077 ῦπνου
3626 3026 3766 3089 τινὸς

2189 3104 2552 3173 κατεχόμενον
2586 3106 2651 3175 τῇ
2674 3104 2781 3157 τῶν
2811 3107 2911 3177 ἤδη
2940 3107 3262 3179 δειχθέντων
3292 3111 3492 3186 θεωρίᾳ
3514 3135 3527 3145 ·
3560 3119 3692 3187 περὶ
3713 3118 3765 3169 δὲ

505 3199 950 3270 templationem;
1002 3206 1054 3253 et
1085 3197 1151 3251 de
1190 3206 1459 3267 praesente
1512 3203 1728 3252 ostento
1766 3197 2076 3266 interroga-

2184 3195 2291 3249 τῶν
2312 3196 2406 3249 νῦν
2432 3196 2797 3266 δεικνυμένων
2820 3199 2980 3253 πάλιν
3006 3198 3293 3271 ἐρωτῶντα
3315 3205 3475 3258 αὑτὸν
3502 3208 3531 3259 ὃ
3555 3225 3611 3260 τι
3638 3208 3766 3261 ποτε

504 3302 643 3354 tuin.
672 3291 932 3362 quidnam
982 3289 1189 3345 videret
1224 3308 1237 3344 :
1270 3298 1329 3343 ut
1366 3290 1482 3360 ipse
1516 3290 1773 3345 videlicet
1813 3290 2079 3344 visionem

502 3395 659 3435 suam
676 3384 951 3445 recitaret.
1018 3382 1111 3437 ille
1146 3390 1327 3438 autem
1373 3384 1574 3436 ostenti
1633 3396 1857 3437 sensum
1898 3381 2082 3457 expla-

504 3481 682 3530 naret.
717 3493 735 3525 ι
767 3473 831 3527 Ει
865 3474 977 3529 dixi
1009 3491 1024 3529 :
1104 3472 1253 3538 Vidi,
1307 3482 1360 3529 et
1384 3489 1513 3529 ecce
1552 3474 1945 3529 candelabrum
1979 3489 2080 3527 au~

504 3582 677 3629 reuin,
708 3576 762 3621 et
790 3566 1000 3635 lampas
1027 3580 1194 3635 super
1222 3565 1363 3635 ipso,
1397 3574 1450 3619 et
1480 3564 1715 3618 lucernae
1749 3572 1954 3633 septem
1990 3578 2081 3618 su-

504 3672 599 3727 per
625 3657 835 3721 eodem,
863 3671 967 3708 una
1007 3655 1379 3720 dextrorsum,
1419 3657 1592 3709 altera
1618 3654 2020 3709 sinistrorsum.
2055 3673 2073 3706 ι

503 3746 900 3800 Candelabrum
927 3746 1165 3815 quidem,
1212 3746 1471 3801 indicium
1519 3745 1716 3801 divinae
1742 3746 1929 3815 gratia:
1969 3752 2075 3809 est,

504 3837 560 3891 in
584 3847 726 3891 terra
762 3836 982 3905 quidem
1019 3852 1315 3903 succensas,
1366 3838 1459 3893 sed
1499 3853 1673 3907 usque
1705 3836 1773 3891 ad
1811 3852 1898 3891 res
1931 3839 2075 3891 ultra

504 3936 701 3984 terram
734 3926 940 3996 positas
969 3927 1339 3993 devenientis;
1384 3930 1582 3998 quippe
1612 3943 1731 3998 quae
1771 3929 1956 3983 omnia
1986 3928 2081 3982 ad-

501 4019 816 4074 ministrat:
852 4034 1017 4090 quam
1061 4021 1225 4074 etiam
1263 4020 1427 4090 310
1462 4028 1630 4083 recte,
1677 4035 1775 4074 ceu
1816 4019 2074 4089 grandem

500 4121 663 4183 atque
694 4112 983 4172 illustrem,
1019 4110 1153 4165 vidit
1182 4125 1400 4166 auream
1437 4120 1627 4176 totam,
1656 4111 1784 4181 quia
1812 4127 1920 4180 pra:
1948 4127 2077 4182 qua-

502 4206 631 4260 libet
680 4212 896 4258 terrena
939 4202 1163 4258 materia
1217 4202 1675 4273 pretiosissimum
1730 4220 1925 4260 aurum
1969 4212 2072 4259 est.

499 4296 618 4351 Jam
653 4297 859 4367 lampas
886 4295 966 4350 illi
1009 4294 1266 4364 imposita
1298 4293 1642 4350 demonstrat
1671 4296 1975 4351 radiantem
2006 4296 2075 4350 ab

499 4386 610 4440 alto
631 4401 794 4455 super
824 4399 1015 4439 omnes
1050 4384 1354 4455 terrigenas
1378 4400 1444 4439 ex
1462 4384 1645 4439 divina
1671 4387 1847 4456 gratia
1872 4386 2071 4440 lucem.

500 4473 660 4528 Videt
689 4481 871 4529 autem
904 4473 1158 4528 lucernas
1182 4483 1412 4544 septem,
1444 4483 1502 4527 ut
1528 4475 1921 4544 perfectionem
1979 4491 2073 4531 co-

2186 3285 2393 3355 βλέποι,
2431 3287 2496 3340 ἵν’
2527 3288 2555 3339 6
2589 3287 2687 3357 μὲν
2716 3289 2841 3359 εῖπῃ
2870 3288 2967 3359 τὴν
2992 3286 3131 3359 ὄψιν,
3165 3294 3193 3344 6
3224 3292 3279 3345 δὲ
3309 3292 3416 3346 τῶν
3443 3294 3768 3366 δειχθέντων

2180 3376 2395 3449 δηλώσῃ
2421 3377 2511 3432 τὸν
2535 3377 2677 3432 νοῦν.
2709 3379 2869 3448 Λέγει
2892 3380 3066 3435 τοίνυν
3086 3399 3099 3413 ·
3133 3404 3151 3434 ι
3192 3385 3302 3437 Καὶ
3326 3381 3477 3440 εἷπον
3495 3404 3508 3417 ·
3553 3389 3767 3459 Ἑώρα-

2181 3488 2252 3523 κα
2274 3513 2286 3535 ,
2333 3472 2425 3523 καὶ
2474 3471 2581 3524 ίδοῦ
2633 3471 2820 3540 λυχνία
2859 3473 3035 3544 χρυσῆ
3066 3472 3161 3543 ὅλη
3184 3514 3196 3536 ,
3231 3475 3324 3528 καὶ
3367 3476 3428 3529 τὸ
3457 3477 3771 3549 λαμπάδιον

2181 3560 2364 3615 Phanio
2401 3563 2592 3634 αὐτῆς,
2631 3566 2726 3618 καὶ
2771 3566 2913 3620 ἑπτά
2960 3566 3141 3637 λύχνοι
3189 3570 3372 3622 ἐπάνω
3424 3571 3637 3642 αὐτῆς·
3677 3573 3774 3625 καὶ

2180 3652 2272 3706 δύο
2314 3650 2490 3705 ἐλαῖαι
2518 3654 2701 3707 ἐπάνω
2735 3654 2904 3726 αὐτῆς
2925 3696 2939 3721 ,
2972 3655 3068 3727 μία
3106 3657 3169 3709 ὲκ
3198 3657 3387 3722 δεξιῶν
3416 3659 3512 3713 τοῦ
3540 3661 3773 3732 λαμπα·

2179 3745 2290 3797 δίου
2317 3745 2506 3816 αὐτῆς,
2544 3746 2637 3800 καὶ
2667 3745 2764 3817 μία
2795 3747 2854 3812 ἐξ
2880 3748 3194 3819 εὐωνύμων.
3240 3769 3258 3801 ι
3311 3752 3375 3805 Ἡ
3405 3752 3504 3822 μὲν
3544 3752 3769 3825 λυχνία,

2179 3836 2409 3908 δήλωσις
2435 3836 2535 3908 τῆς
2566 3837 2717 3902 θείας
2741 3838 2961 3910 χάριτός
2990 3840 3157 3903 ἐστιν,
3180 3842 3492 3913 ἁπτομένης
3527 3846 3636 3915 μὲν
3663 3846 3776 3898 τῶν

2180 3929 2271 3980 ἐπὶ
2301 3928 2424 3998 γῆς,
2454 3927 2755 4002 νδιηκούσης
2782 3930 2839 3983 δὲ
2875 3930 3002 4001 ἄχρι
3036 3930 3143 3983 τῶν
3175 3931 3314 4003 ὑπὲρ
3363 3934 3463 4004 γῆν
3502 3940 3777 4008 πραγμά-

2177 4037 2307 4083 των,
2337 4021 2429 4074 ἀτε
2458 4021 2567 4075 τῶν
2594 4022 2851 4077 ἁπάντων
2883 4024 3055 4094 ταύτῃ
3092 4022 3477 4091 διοικουμένων
3502 4044 3516 4058 ·
3560 4030 3636 4100 ἦν
3681 4031 3781 4083 καὶ

2179 4113 2402 4176 εἰκότως
2435 4113 2511 4177 ὡς
2551 4114 2796 4185 μεγάλην
2835 4132 2892 4168 τε
2926 4117 3021 4168 καὶ
3048 4117 3353 4186 περιφανῆ.
3390 4120 3612 4192 χρυσῆν
3646 4122 3779 4193 ὃλην

2177 4203 2337 4262 εἶδεν.
2404 4207 2619 4278 Ἐπειδὴ
2652 4209 2851 4279 χρυσὸς
2888 4210 3112 4264 ἀπασῶν
3158 4212 3267 4264 τῶν
3310 4213 3417 4265 ἀπὸ
3463 4214 3575 4285 γῆς
3629 4215 3783 4267 ὑλῶν

2178 4300 2296 4352 ἐστι
2336 4299 2397 4351 τὸ
2437 4298 2763 4369 τιμιώτατον
2786 4315 2802 4333 ο
2836 4301 2897 4354 τὸ
2934 4302 2992 4354 δὲ
3032 4304 3217 4357 ἐπάνω
3244 4304 3413 4376 αὐτῆς
3451 4304 3782 4377 λαμπάδιον

2177 4391 2325 4461 δηλοῖ
2359 4390 2418 4443 τὸ
2448 4392 2511 4443 ὲκ
2535 4391 2635 4461 τῆς
2660 4392 2882 4464 χάριτος
2911 4393 3010 4463 τῆς
3036 4394 3184 4459 θείας
3214 4395 3271 4462 ἐξ
3314 4395 3481 4465 ὕψους
3513 4399 3786 4461 ἃπαντας

2175 4485 2302 4545 τοὺς
2332 4484 2424 4535 ἐπὶ
2450 4483 2551 4554 γῆς
2583 4484 2924 4554 περιλάμπον
2949 4486 3063 4555 φῶς
3082 4504 3095 4517 ·
3120 4489 3261 4541 ἑπτὰ
3289 4489 3345 4541 δὲ
3372 4489 3617 4560 λύχνους
3647 4494 3779 4563 δρᾷ,

499 4568 753 4639 piamque
809 4566 997 4635 gratia:
1043 4566 1329 4634 ostendat;
1388 4566 1559 4621 veluti
1594 4567 1850 4637 superius
1892 4568 2071 4622 aiebat

2183 4575 2236 4627 τὸ
2258 4574 2460 4628 τέλειόν
2494 4592 2551 4627 τε
2589 4576 2682 4629 καὶ
2724 4576 2975 4631 πλούσιον
3002 4580 3099 4648 τῆς
3140 4580 3358 4651 χάριτος
3386 4583 3621 4647 δεικνύς
3642 4602 3660 4615 ·
3706 4586 3787 4647 ὡς

500 4658 662 4723 Deus,
701 4675 719 4706 ι
745 4668 915 4722 super
932 4670 1041 4708 uno
1060 4654 1238 4725 lapide
1256 4657 1446 4711 oculos
1465 4664 1695 4726 septem,
1718 4677 1733 4706 ι
1768 4658 1838 4713 ob
1865 4659 2074 4730 signiﬁ-

500 4747 728 4804 candam
782 4744 1135 4814 providentiae
1193 4761 1305 4800 sua:
1346 4747 1801 4816 magnitudinem.
1871 4750 2074 4807 Deinde

499 4850 687 4892 narrat
713 4839 970 4904 utrinque
1021 4836 1076 4889 in
1126 4837 1458 4893 candelabro
1500 4841 1672 4903 oleas,
1723 4842 2072 4897 dextrorsum
2116 4886 2123 4889 .

498 4944 683 4989 unam,
711 4928 1089 4984 sinistrorsum
1122 4927 1346 4983 alteram
1387 4946 1547 5000 :qiiae
1589 4948 1676 4987 res
1708 4948 1936 5003 regnum
1973 4933 2072 4988 de-

499 5019 719 5075 notabat
773 5034 837 5073 ac
877 5017 1421 5089 sacerdotium;qnze
1462 5023 1571 5077 duo
1617 5022 1901 5094 dignitatis
1947 5024 2067 5078 cul-

496 5112 641 5167 mina
668 5114 808 5166 inter
834 5114 1082 5168 homines
1113 5128 1237 5168 esse
1271 5111 1415 5169 Deus
1445 5115 1729 5169 constituit
1768 5133 1780 5168 :
1807 5125 1860 5171 et
1892 5115 2069 5170 abillo

494 5202 713 5271 quidem
757 5205 971 5274 negotia
1016 5204 1265 5266 tractari,
1317 5220 1438 5274 quae
1490 5206 1556 5259 ad
1619 5208 1904 5277 praesentis
1945 5208 2068 5262 vita:

494 5300 695 5347 statum
730 5304 858 5351 sunt
891 5296 1119 5363 idonea;
1147 5298 1215 5351 ab
1243 5297 1347 5352 lioc
1386 5310 1563 5355 autem
1606 5300 1851 5355 homines
1894 5316 2066 5369 usque

492 5386 559 5441 ad
602 5385 768 5442 Deum
809 5389 1105 5445 admoveri.

566 5477 732 5534 Vens.
775 5479 892 5534 4.7.
932 5510 1001 5520 —
1042 5481 1335 5556 Postquam
1380 5485 1495 5538 haec
1528 5486 1721 5554 angelo
1763 5502 1821 5542 se
1860 5487 2065 5542 vidisse

493 5568 632 5623 dixit
667 5569 950 5639 propheta,
990 5573 1069 5627 sic
1109 5577 1458 5647 prosequitur
1494 5597 1506 5631 :
1544 5595 1561 5627 ι
1591 5576 1657 5631 Et
1706 5578 2060 5649 interrogavi,

491 5658 713 5730 dixique
779 5661 994 5731 angelo,
1052 5667 1143 5733 qui
1195 5668 1520 5736 loquebatur
1564 5669 1618 5723 in
1666 5684 1773 5733 me,
1828 5670 2059 5725 dicens:

488 5749 627 5818 Quid
663 5752 953 5820 sunthaec,
978 5752 1239 5812 Domine?
1260 5758 1670 5832 RCSponditque
1702 5761 1924 5833 angelus
1964 5763 2055 5831 qui

2176 4666 2433 4736 ἀνωτέρω
2474 4666 2621 4735 λέγει
2666 4669 2748 4734 τὸ,
2792 4688 2811 4720 ι
2864 4671 2985 4723 Ἐπὶ
3028 4672 3117 4725 τὸν
3158 4673 3302 4725 λίθον
3343 4675 3434 4727 τὸν
3474 4676 3580 4729 ἕνα
3632 4676 3788 4729 ἑπτά

2173 4758 2439 4829 ὀφθαλμοί
2460 4762 2617 4821 εἰσιν,
2651 4780 2669 4812 ι
2700 4756 2786 4815 ἵνα
2807 4763 2936 4833 εἴπῃ
2959 4764 3055 4835 τῆς
3082 4762 3403 4836 ἐπιμελείας
3424 4769 3527 4837 τῆς
3554 4770 3790 4833 οἰκείας

2171 4848 2231 4901 τὸ
2265 4849 2512 4920 μέγεθος.
2547 4846 2680 4905 Εἶτα
2709 4853 3047 4925 ἑκατέρωθεν
3077 4857 3173 4909 τοῦ
3207 4857 3514 4928 λαμπαδίου
3550 4861 3787 4924 ἐλαίας,

2170 4940 2267 5010 τὴν
2300 4940 2400 5009 μὲν
2430 4942 2494 4993 ἐκ
2523 4940 2733 5005 δεξιῶν,
2764 4945 2863 5014 τὴν
2882 4944 2940 4997 δὲ
2968 4944 3027 5010 ἐξ
3048 4947 3361 5017 εύωνύμωνσ
3392 4949 3535 5019 ὅπερ
3574 4951 3793 5021 ἐδήλου

2175 5032 2271 5099 τήν
2299 5047 2356 5083 τε
2388 5030 2666 5100 βασιλείαν
2698 5034 2790 5086 καὶ
2815 5034 2913 5104 τὴν
2948 5035 3264 5107 ίερωσύνην,
3297 5039 3439 5113 ἆπερ
3472 5042 3798 5112 ἀκρότατα

2177 5121 2327 5191 παρά
2365 5127 2477 5187 τοῖς
2505 5124 2815 5195 ἀνθρώποις
2855 5124 2992 5180 εἶναι
3032 5128 3263 5184 δέδωκεν
3307 5133 3337 5184 6
3388 5132 3550 5195 Θεός’
3599 5135 3692 5198 ὼς
3726 5138 3797 5204 τῇ

2176 5214 2274 5284 μὲν
2303 5215 2621 5269 διοικεῖσθαι
2647 5218 2715 5270 τά
2740 5220 2875 5289 πρὸς
2901 5220 2996 5291 τὴν
3016 5220 3107 5274 τοῦ
3141 5225 3403 5294 παρόντος
3431 5224 3561 5293 βίου
3601 5230 3802 5281 κατά-

2173 5321 2363 5357 στασιν
2399 5308 2679 5377 ἐπιτήδεια
2700 5349 2714 5372 ,
2742 5310 2840 5381 τὴν
2884 5310 2939 5362 δὲ
2972 5312 3221 5383 αὐτάρκη
3246 5314 3545 5384 τυγχάνειν
3606 5320 3704 5382 εἰς
3739 5319 3809 5373 τὺ

2170 5395 2468 5464 προσάγειν
2503 5396 2825 5468 ἀνθρώπους
2853 5399 2994 5470 Θεῷ.

2241 5486 2389 5556 Στίχ.
2420 5488 2560 5550 δ’-ζ⁹.
2593 5520 2662 5530 -
2693 5490 2769 5561 (p.
2807 5490 2932 5560 467)
2981 5492 3164 5547 Ταῦτα
3210 5496 3344 5566 πρὸς
3383 5498 3471 5551 τὸν
3520 5499 3812 5569 ἄγγελον

2171 5580 2477 5649 ἑωρακέναι
2516 5585 2543 5635 ό
2592 5586 2877 5657 προφήτης
2914 5585 3122 5651 εἰπὼν,
3164 5588 3393 5658 ἐπάγει·
3449 5609 3467 5640 t
3516 5593 3662 5646 Καὶ
3698 5596 3814 5647 ἑπ-

2170 5670 2450 5743 ηρώτησα,
2472 5675 2565 5727 καὶ
2584 5671 2737 5729 εἷπον
2763 5677 2901 5748 πρὸς
2927 5679 3016 5734 τὸν
3039 5681 3265 5749 ἄγγελον
3287 5682 3376 5735 τὸν
3405 5682 3724 5743 λαλοῦντα
3752 5691 3817 5742 ἐν

2169 5764 2310 5834 ἐμοὶ.
2339 5764 2545 5833 λέγων’
2585 5767 2649 5820 Τί
2693 5769 2806 5824 ἐστι
2838 5768 3042 5840 ταῦτα,
3080 5772 3284 5844 Κύριε;
3318 5774 3426 5827 Καὶ
3470 5773 3816 5852 ἀπεκρξθη
