3992 6232
280 300 380 359 029

1187 300 1735 358 COMMENTARIUS
1776 298 1841 355 IN
1882 297 2256 355 ZACHARIIE
2299 300 2451 356 CAP.
2489 298 2572 353 IV.

3448 309 3559 363 550

280 420 310 470 6
345 414 577 483 ἅγγελος
609 416 639 467 6
666 414 843 469 λαλῶν
873 417 930 469 ὲν
957 416 1097 486 ἐμοὶ,
1128 418 1220 470 καὶ
1249 414 1367 471 εἷπε
1404 417 1539 489 πρός
1572 434 1638 487 με
1670 416 1844 483 λέγων

1974 414 2299 483 loquebatur
2331 414 2383 467 in
2413 428 2519 480 lue,
2556 422 2741 483 aitque
2774 415 2903 468 mihi
2960 416 3152 471 dicens
3185 437 3195 470 :
3227 417 3344 473 Non
3378 438 3553 489 agno-

279 509 353 560 υὺ
380 504 679 573 γινώσκεις
700 506 751 559 τί
778 507 894 559 ἐστι
925 506 1097 559 ταῦτα
1120 524 1132 572 ;
1159 507 1269 560 Καὶ
1291 503 1464 569 εἷπον,
1487 507 1642 575 Οὐχὶ,
1671 506 1865 577 Κύριε.

1976 504 2085 557 sris
2111 503 2241 573 quid
2273 513 2403 558 sunt
2432 503 2590 558 hate?
2622 503 2689 558 Et
2716 505 2831 559 dixi
2860 524 2872 559 :
2897 505 3277 577 Nequaquam,
3309 510 3555 567 Domine.

281 599 389 651 Καὶ
424 596 706 667 ἀπεκρίθη
737 599 832 650 καὶ
864 593 985 650 εἷπε
1016 599 1151 669 πρός
1184 616 1251 669 με
1280 598 1483 668 λέγων’
1532 592 1699 661 Οὗτος
1729 600 1757 651 6
1783 597 1852 650 λό

1976 594 2041 647 Et
2089 595 2392 664 respondit,
2438 595 2682 665 mihique
2727 598 2802 650 ait
2854 600 3080 654 dicens:
3116 599 3220 656 Iste
3258 611 3343 656 est
3377 618 3558 657 sermo

279 706 374 757 γος
413 691 623 760 Κυρίου
656 690 795 759 πρὸς
827 690 1130 759 Ζοροϐάϐελ
1161 691 1357 759 λέγων,
1404 693 1519 745 Οὐκ
1551 694 1607 745 ὲν
1640 691 1866 761 δυνάμει

285 780 529 850 μεγάλῃ,
559 780 684 832 οὐδὲ
715 781 772 832 ὲν
809 780 982 849 ίσχύῖ,
1018 781 1132 833 ἀλλ’
1162 784 1219 834 ὲν
1254 782 1531 852 Πνεῦματί
1563 799 1684 852 μου,
1720 782 1866 849 λέγει

280 872 485 943 Κύριος
517 873 938 943 παντοκράτωρ.
980 891 998 922 ι
1038 866 1209 935 Οὗτος
1238 874 1303 943 δὴ
1340 874 1368 925 6
1398 873 1661 941 ἄγγελος,
1709 874 1767 927 ὃν
1809 875 1866 925 ἐν

280 962 430 1031 αὐτῷ
471 961 657 1015 λαλεῖν
693 965 721 1014 6
765 964 1053 1032 προφήτης
1104 963 1274 1030 λέγει,
1316 958 1471 1027 οὗτος
1521 964 1584 1035 δὴ
1634 965 1728 1015 καὶ
1767 964 1866 1027 τὰς

281 1054 418 1122 ὑπὲρ
447 1053 549 1122 τῆς
588 1052 946 1124 Ἰερουσαλὴμ
978 1053 1192 1123 δεήσεις
1223 1053 1379 1123 ὤφθη
1414 1055 1753 1124 ποιούμενος,
1791 1055 1867 1117 ὼς

279 1147 540 1198 ἁπάντων
578 1146 678 1214 μὲν
722 1145 831 1197 τῶν
876 1147 1013 1201 κατὰ
1062 1146 1161 1216 τὴν
1214 1146 1468 1199 Ἰουδαίαν
1502 1147 1598 1217 τὴν
1643 1149 1866 1201 ἐπιστα-

279 1238 399 1290 σίαν
451 1239 962 1308 ὲπιτετραμμένος’
1001 1242 1313 1308 ἀναγκαίως
1355 1242 1410 1295 δὲ
1444 1245 1537 1295 καὶ
1585 1243 1726 1314 ὑπὲρ
1766 1243 1864 1313 τὴν

277 1328 457 1381 αὐτῶν
491 1328 676 1398 δέησιν
717 1331 1009 1399 προσάγων
1043 1330 1120 1401 τῷ
1150 1332 1288 1402 Θεῷ.
1331 1333 1490 1386 Ὅθεν
1525 1334 1618 1386 καὶ
1650 1337 1677 1387 6
1718 1353 1865 1404 προ-

281 1421 459 1490 φήτης
484 1420 675 1473 τοῦτον
713 1423 807 1473 καὶ
834 1423 1033 1492 ἐρωτᾷ,
1065 1426 1159 1477 καὶ
1188 1424 1257 1478 τὰ
1299 1425 1421 1478 καθ’
1458 1425 1687 1481 ἕκαστον
1725 1445 1861 1498 μαν-

280 1509 457 1562 θάνει·
493 1510 683 1580 ἐπειδὴ
715 1512 931 1565 πάντων
968 1512 1078 1566 τῶν
1110 1513 1428 1584 δειχθέντων
1457 1515 1689 1586 δήλωσιν
1721 1519 1864 1588 ἑχόν-

278 1615 403 1660 των,
454 1599 556 1669 τῆς
604 1601 733 1671 περί
772 1618 831 1653 τε
867 1601 963 1673 τὴν
996 1603 1150 1658 πόλιν
1180 1606 1275 1660 κα.)⁵
1319 1606 1380 1659 τὸ
1412 1607 1562 1671 ἔθνος
1597 1609 1689 1661 τοῦ
1726 1610 1861 1663 Θεοῦ

280 1688 617 1759 φιλοτιμίας,
666 1692 981 1759 ἀναγκαίως
1022 1694 1329 1766 ἥρμοττεν,
1372 1699 1521 1768 παρὰ
1562 1700 1754 1754 τούτου
1790 1702 1858 1755 τὰ

278 1779 620 1834 καθέκαστον
651 1781 762 1836 τῶν
783 1784 1170 1856 δεικνυμένων,
1203 1790 1354 1850 ὅπως
1378 1790 1513 1860 ἔχοι,
1544 1794 1856 1864 μανθάνειν.

280 1869 568 1940 Συντόμως
599 1868 693 1925 οὖν
722 1872 874 1929 εἶπεν
904 1878 1052 1948 αὐτῷ
1082 1880 1189 1932 τῶν
1222 1881 1541 1952 δειχθέντων
1572 1887 1669 1957 τὴν
1698 1888 1860 1943 δύνα-

283 1980 388 2032 μιν.
420 1964 506 2016 ὅτι
539 1964 643 2034 τῆς
675 1966 898 2049 χάριτός
924 1970 1039 2022 ἐστι
1066 1972 1301 2041 δήλωσις
1333 1974 1431 2045 τῆς
1467 1975 1647 2040 θείας,
1692 1981 1725 2049 ἢ
1766 1981 1861 2034 καὶ

277 2054 374 2123 τὴν
440 2055 539 2108 τοῦ
603 2044 910 2129 Ζοροϐάϐελ
968 2044 1395 2134 προεχειρίσατο
1445 2044 1749 2136 βασιλείαν*
1801 2074 1859 2137 ὃς

276 2148 485 2201 οίκοθεν
544 2150 644 2220 μὲν
692 2151 915 2207 δύναται
961 2157 1053 2209 καὶ
1101 2158 1357 2231 καθ’⁴τῇ
1410 2158 1524 2233 θείᾳ
1561 2164 1861 2236 προϐεϐλη-

278 2240 467 2308 μένος,
505 2243 678 2315 ταῦτῃ
712 2246 805 2298 καὶ
857 2246 1115 2302 δύνασθαι
1151 2249 1281 2320 ἔχει.
1322 2253 1484 2306 Ὅθεν
1519 2256 1613 2309 καὶ
1643 2258 1857 2322 δεικνὺς

272 2332 369 2400 τῆς
438 2336 570 2406 περὶ
630 2336 793 2389 αὐτὸν
855 2339 1062 2409 δωρεᾶς
1117 2344 1278 2396 αὑτὸν
1351 2346 1502 2399 οὐδὲν
1562 2350 1856 2421 κατορθοῦν

274 2423 376 2477 τῶν
425 2428 510 2489 είς
556 2427 657 2497 τὴν
712 2428 990 2498 βασιλείαν
1038 2434 1279 2502 ἡκόντων
1328 2438 1423 2491 καὶ
1451 2439 1549 2509 τὴν
1595 2441 1686 2493 τοῦ
1724 2442 1855 2495 λαοῦ

274 2518 644 2584 προστασίαν.
680 2522 745 2590 τῇ
785 2520 840 2573 δὲ
887 2521 1071 2592 χάριτι
1124 2525 1185 2576 τὸ
1216 2525 1465 2595 μέγεθος,
1516 2550 1533 2579 ε
1572 2530 1666 2592 Τίς
1693 2532 1740 2583 εί
1791 2534 1853 2586 σὺ

271 2605 328 2657 τὸ
354 2605 483 2674 ὅρος
508 2607 569 2660 τὸ
611 2610 752 2678 μέγα
802 2612 907 2681 πρὸ
942 2612 1229 2682 προσώπου
1261 2618 1564 2689 Ζοροϐάϐελ
1591 2621 1684 2673 τοῦ
1725 2641 1855 2676 κατ-

274 2697 545 2765 ορθῶσαις
609 2703 702 2754 καὶ
750 2703 944 2768 ἐξοίσω
985 2704 1076 2757 τὸν
1122 2705 1266 2759 λίθον
1310 2710 1406 2778 τῆς
1457 2708 1852 2783 κληρονομίας,

276 2786 497 2859 ἰσότητα
542 2791 764 2861 χάριτος
808 2794 994 2864 αὐτῆς.
1038 2814 1056 2846 ι
1118 2798 1209 2866 (p.
1258 2800 1398 2869 468)
1467 2802 1685 2875 Ἐπειδὴ
1745 2805 1854 2875 γάρ

274 2878 416 2932 λίθον
458 2880 715 2951 ὠνόμασε
743 2884 835 2937 τὸν
861 2886 1162 2955 Ζοροϐάϐελ
1183 2928 1197 2951 ,
1229 2890 1354 2960 ὅρος
1383 2890 1529 2960 λέγει
1559 2894 1701 2963 μέγα
1728 2897 1855 2959 τοὺς

272 2970 412 3038 ἄγαν
459 2972 723 3037 δυνατοὺς
765 2978 823 3028 ὲν
866 2976 1106 3050 βασιλείᾳ
1130 2997 1190 3033 τε
1230 2984 1324 3035 καὶ
1356 2986 1729 3053 στρατοπέδων
1758 2990 1854 3041 καὶ

275 3061 531 3130 ὑπηκόων
581 3064 796 3135 πλήθει.
843 3068 938 3130 Τίς
989 3070 1098 3139 γὰρ
1124 3070 1208 3142 δὴ,
1256 3074 1452 3144 φησιν,
1499 3075 1640 3129 οὕτω
1680 3077 1853 3146 μέγας

274 3147 439 3212 ἐστὶν,
469 3149 504 3219 ἢ
532 3150 677 3205 οὕτω
711 3153 855 3222 μέγα
875 3154 1170 3226 δυνάμενος
1195 3159 1282 3213 διά
1322 3178 1379 3213 τε
1410 3163 1471 3215 τὸ
1513 3163 1715 3233 πλῆθος
1743 3166 1851 3220 τῶν

274 3238 532 3310 ὑπηκόων
565 3244 657 3295 καὶ
702 3246 799 3315 τὴν
837 3246 930 3300 τοῦ
963 3250 1242 3304 ὁπλιτικοῦ
1290 3256 1642 3327 παρασκευὴν
1663 3297 1676 3319 ,
1711 3258 1850 3312 ὥστε

271 3330 565 3403 δυνηθῆναι
603 3336 928 3402 άιτεναντίας
955 3357 1005 3393 τι
1039 3342 1133 3395 τοῦ
1168 3346 1470 3414 Ζοροϐάϐελ
1519 3350 1762 3418 textis-at;
1790 3350 1850 3404 ὃν

270 3422 514 3494 διάδοχον
543 3426 643 3496 τῆς
674 3428 961 3501 βασιλικῆς
1014 3434 1299 3501 ἀποδείξας
1345 3438 1737 3511 κληρονομίας,
1782 3439 1849 3514 ἧς

271 3516 363 3579 τὰς
408 3517 749 3586 ἐπαγγελίας
802 3522 939 3592 πρὸς
985 3524 1075 3578 τὸν
1131 3529 1451 3601 προπάτορα
1501 3532 1594 3585 τοῦ
1659 3536 1847 3603 γένους

272 3608 640 3679 ἐποιησάμην,
672 3610 815 3679 λέγω
842 3612 898 3665 δὲ
922 3614 1013 3667 τὸν
1038 3616 1221 3679 Δαυῖδ,
1250 3618 1371 3673 ὅλον
1393 3621 1458 3673 δι’
1487 3623 1609 3676 ὅλου
1635 3624 1734 3694 τῆς
1753 3626 1849 3696 χά-

275 3716 415 3767 ριτος
445 3701 723 3773 πληρὼσω
744 3703 843 3775 τῆς
877 3706 1047 3777 ἐμῆς.
1082 3708 1250 3763 Τοῦτο
1296 3711 1402 3785 γάρ
1439 3714 1659 3784 ίσότητα
1703 3716 1847 3785 λέγει

273 3789 510 3860 χάριτος,
547 3792 642 3861 ἀφ’
678 3788 860 3865 ἧσπερ
892 3796 1039 3867 αὑτῷ
1083 3799 1392 3868 ἀναγκαίως
1444 3806 1735 3875 προσέσται
1787 3809 1848 3860 τὸ

275 3884 485 3950 μεγάλα
534 3886 677 3954 ὑπὲρ
714 3887 822 3941 τῶν
864 3889 1081 3943 οἰκείων
1126 3893 1520 3964 στρατηγοῦντι
1556 3896 1845 3968 δυνηθῆναι

272 3974 406 4027 κατά
434 3975 548 4029 τῶν
578 3977 855 4031 ἐναντίων.

270 4089 282 4103 -
337 4065 489 4136 Στίχ.
514 4067 657 4127 η’-ι’.
694 4097 758 4107 --
789 4063 921 4122 Εἶτα
957 4071 1055 4134 τὰς
1088 4072 1422 4140 ἐπαγγελίας
1454 4075 1551 4139 τὰς
1584 4078 1713 4148 περὶ
1749 4080 1847 4133 αὑ-

269 4150 355 4202 τὸν
384 4151 630 4221 βεϐαιῶν
654 4170 668 4183 ⁸
712 4174 730 4205 σ
770 4157 879 4208 Καὶ
915 4159 1131 4225 ἐγένετο
1175 4161 1331 4229 λόγος
1363 4164 1568 4235 Κυρίου
1610 4167 1746 4237 πρός
1776 4187 1843 4240 με

268 4243 459 4310 λέγων,
504 4246 570 4296 Δί
602 4248 781 4316 χεῖρες
823 4249 1127 4319 Ζοροϐάϐελ
1162 4252 1531 4322 ὲθεμελίωσαν
1568 4257 1660 4310 τὸν
1693 4255 1844 4313 οἶκον

265 4334 476 4398 τοῦτον,
505 4336 601 4389 καὶ
621 4339 676 4389 ai
703 4340 881 4408 χεῖρες
912 4342 1075 4394 αὑτοῦ
1110 4343 1512 4401 ὲπιτελέσουσιν
1539 4349 1721 4401 αὐτόν·
1751 4352 1844 4404 καὶ

1978 684 2189 739 Domini
2215 684 2281 737 ad
2318 683 2705 739 Zorobahelem
2741 686 2930 741 dicens
2958 707 2973 742 :
3001 688 3119 743 Non
3153 690 3204 743 in
3237 690 3558 747 fortitudine

1978 790 2192 845 magna,
2224 791 2399 845 neque
2433 776 2486 829 in
2512 776 2745 841 viribus,
2801 779 2894 833 sed
2933 781 2984 833 in
3012 781 3219 852 Spiritu
3248 797 3399 848 meo,
3428 783 3560 840 dicit

1976 865 2236 921 Dominus
2253 867 2624 937 omnipotens.
2651 890 2669 921 ι
2693 870 2800 926 Iste
2814 872 3061 943 angelus,
3090 886 3250 939 quem
3282 872 3337 926 in
3374 888 3433 928 se
3475 874 3546 927 lo-

1971 966 2229 1025 quentem
2260 958 2523 1029 propheta
2568 970 2781 1027 narrat,
2834 961 2975 1015 idem
3014 963 3104 1016 ille
3132 972 3216 1017 est
3262 964 3353 1032 qui
3399 965 3553 1020 visus

1974 1050 2073 1103 fuit
2102 1066 2199 1119 pro
2223 1050 2356 1105 urbe
2389 1050 2727 1107 Hierusalem
2754 1053 3058 1122 deprecari,
3087 1063 3377 1124 propterea
3407 1058 3555 1124 quod

1969 1141 2123 1196 Juda:
2146 1142 2338 1196 incola:
2366 1158 2559 1199 omnes
2595 1146 2776 1200 tutelm
2826 1146 2999 1215 ipsius
3025 1148 3304 1203 commissi
3347 1158 3503 1205 erant
3533 1167 3548 1216 ;

1970 1234 2280 1289 neceSsario
2321 1238 2487 1292 simul
2530 1253 2628 1307 pro
2665 1238 2773 1293 illis
2812 1254 3031 1310 quoque
3071 1255 3261 1309 preces
3307 1239 3416 1295 Deo
3459 1242 3546 1297 ot-

1970 1325 2147 1384 ferens
2178 1348 2190 1382 :
2218 1332 2574 1400 quamobrem
2630 1329 2893 1400 propheta
2926 1330 3071 1386 hunc
3122 1332 3443 1402 interrogat,
3497 1340 3553 1386 et

1966 1435 2051 1471 res
2078 1422 2321 1492 singulas
2355 1424 2637 1478 educetur.
2671 1422 2805 1477 Nam
2839 1422 2965 1492 quia
3004 1431 3218 1480 ostenta
3249 1426 3432 1480 omnia
3484 1439 3551 1477 eo

1966 1509 2281 1576 tendebant,
2325 1522 2383 1567 ut
2414 1513 2508 1569 Dei
2533 1529 2661 1584 erga
2698 1514 2888 1569 urbem
2911 1530 3099 1569 curam
3145 1517 3416 1586 ingentem
3454 1517 3549 1570 de-

1966 1611 2355 1668 monstrarent,
2379 1607 2695 1661 necessario
2723 1608 2971 1676 oportuit
3001 1608 3319 1677 prOphetam
3343 1609 3411 1663 ab
3442 1608 3546 1663 hoc

1967 1695 2158 1764 angelo
2191 1697 2531 1767 singularum
2561 1699 2835 1754 visionum
2865 1700 3299 1770 explanationem
3332 1701 3544 1755 audire.

1895 1758 1936 1812 Β
1968 1784 2216 1842 Breviter
2251 1805 2381 1858 ergo
2412 1789 2672 1859 patefecit
2718 1792 2767 1846 ei
2827 1798 3169 1846 ostentorum
3220 1793 3363 1859 vim;
3408 1793 3546 1847 hanc

1967 1879 2226 1933 nimirum
2266 1896 2389 1937 esse
2413 1884 2612 1938 divina:
2646 1884 2833 1953 gratia:
2879 1883 3397 1947 manifestationem,
3423 1900 3546 1954 qua:

1964 1971 2316 2028 Zorobabelis
2351 1990 2573 2044 quoque
2615 1990 2842 2046 regnum
2868 1978 3236 2029 constituerat
3274 1991 3288 2029 :
3323 1976 3414 2045 qui
3451 1989 3546 2045 per

1964 2079 2024 2117 se
2059 2062 2277 2131 quidem
2307 2067 2655 2137 propriisque
2703 2066 2912 2121 viribus
2949 2067 3157 2121 nullum
3197 2068 3347 2138 regni
3382 2066 3540 2136 311

1963 2156 2237 2225 negotium
2277 2160 2535 2228 expedire
2566 2160 2791 2223 valeret,
2828 2175 3005 2225 neque
3037 2159 3236 2229 populo
3260 2174 3498 2229 praeesse
3524 2177 3538 2223 ;

1963 2247 2055 2299 sed
2090 2254 2276 2302 tamen
2323 2250 2508 2304 divina
2545 2251 2720 2321 gratia
2763 2260 3068 2319 promotus,
3120 2252 3188 2305 ab
3219 2251 3321 2305 hac
3352 2250 3543 2320 agendi

1961 2339 2216 2393 virtutem
2248 2340 2432 2396 habet.
2468 2343 2646 2412 Atque
2692 2342 2901 2396 utdoni
2944 2343 3065 2411 ejus
3112 2343 3541 2413 magnitudinem

1960 2431 2234 2495 ostendat,
2261 2454 2276 2483 ι
2299 2434 2433 2499 Quis
2451 2433 2733 2503 tu,inquit,
2773 2448 2930 2487 mons
2956 2448 3167 2502 magne,
3194 2440 3318 2487 ante
3346 2430 3538 2485 faciem

1965 2520 2343 2583 Zorobabelis,
2385 2532 2443 2577 ut
2496 2539 2758 2593 prospere
2793 2525 3094 2595 quidquam
3144 2524 3313 2594 agas?
3358 2522 3421 2576 Et
3456 2520 3539 2575 ef—

1960 2610 2126 2664 feram
2200 2612 2432 2681 lapidem
2489 2614 2849 2674 luercditatis.
2926 2615 3290 2684 aequalitatem
3353 2612 3539 2684 gratiae

1956 2704 2099 2772 ejus.
2144 2724 2161 2756 ι
2209 2705 2663 2777 Quandoquidem
2710 2708 2939 2777 lapidem
2974 2707 3262 2777 appellavit
3300 2705 3538 2760 Zoroha-

1958 2798 2155 2860 belem,
2191 2809 2429 2853 montem
2480 2798 2617 2852 dicit
2656 2814 2913 2869 magnum
2964 2805 3213 2868 potentes
3246 2795 3403 2850 valde
3438 2796 3538 2850 ho-

1958 2892 2133 2943 mines
2188 2890 2304 2943 sive
2354 2890 2506 2959 regni
2557 2890 2847 2959 dignitate,
2897 2890 3011 2944 sive
3058 2888 3255 2943 bellica
3314 2888 3533 2952 virtute,

1958 2982 2075 3035 sive
2130 2980 2476 3035 subditorum
2520 2981 2890 3035 multitudine.
2939 2980 3072 3046 Quis
3112 2981 3280 3045 enim,
3336 2981 3533 3051 inquit,

1877 3118 1924 3181 Ο
1958 3079 2146 3125 tantus
2174 3079 2257 3127 est
2290 3080 2511 3139 tamque
2538 3070 2751 3126 validus
2797 3070 3137 3124 subditorum
3187 3085 3417 3126 numero
3477 3083 3533 3127 et

1954 3177 2233 3217 armorum
2265 3170 2556 3233 apparatu,
2578 3170 2635 3217 ut
2662 3163 2925 3217 adversus
2941 3162 3333 3217 Zorobabelem
3361 3164 3528 3218 hilum

1952 3254 2127 3322 possit
2154 3253 2448 3323 proiicere?
2479 3269 2639 3324 quem
2660 3255 2857 3324 regalis
2888 3253 3222 3309 luereditatis
3249 3270 3531 3310 successo-

1952 3361 2064 3398 rem
2100 3345 2423 3414 designavi;
2452 3346 2613 3416 cujus
2645 3347 2720 3402 rei
2757 3347 3154 3416 promissiones
3192 3348 3527 3418 progenitori

1951 3436 2160 3504 stirpis,
2215 3434 2406 3490 Davidi
2449 3436 2698 3506 inquam,
2762 3435 2939 3492 factas
2996 3437 3331 3492 adamussim
3362 3446 3528 3505 atque

1954 3526 2176 3581 omnino
2212 3527 2385 3596 gratia
2409 3543 2525 3582 mea
2553 3526 2855 3597 complebo.
2913 3526 2967 3581 Id
2995 3528 3140 3581 enim
3174 3528 3363 3582 dicunt
3406 3544 3520 3583 ver-

1949 3618 2015 3670 ba
2061 3636 2073 3670 :
2124 3616 2520 3687 AEqualitatem
2564 3619 2752 3686 gratiae
2789 3640 2800 3673 :
2831 3634 2937 3687 qua
2998 3618 3172 3674 fretus
3211 3620 3527 3675 necessario

1949 3707 2168 3760 insitam
2202 3707 2309 3762 vim
2342 3707 2563 3762 habebit
2609 3706 2835 3777 grandia
2874 3707 3001 3763 belli
3037 3708 3304 3764 adversus
3336 3708 3527 3765 hostes

1947 3804 2186 3867 patrare.

2022 4072 2183 4126 Vrsas.
2212 4070 2449 4125 8-tO.-—
2472 4070 2664 4126 Postea
2701 4071 3093 4142 promissiones
3124 4072 3193 4127 de
3219 4072 3312 4127 illo
3357 4071 3527 4127 factas

1947 4166 2309 4230 confirmans,
2354 4166 2457 4218 ait:
2487 4183 2504 4215 ι
2546 4163 2609 4217 Ει
2652 4165 2832 4219 factus
2867 4174 2949 4219 cst
2984 4180 3165 4220 sermo
3206 4163 3421 4219 Domini
3454 4167 3523 4219 ad

1954 4273 2041 4313 me
2087 4257 2277 4313 dicens
2326 4277 2337 4310 :
2374 4256 2565 4311 Manus
2613 4240 2966 4312 Zorobabe'lis
3018 4257 3384 4310 fundaverunt
3424 4256 3523 4311 do-

1948 4365 2095 4404 mum
2129 4350 2312 4409 istam.
2346 4359 2398 4403 et
2425 4365 2621 4404 manus
2651 4350 2772 4416 ejus
2805 4349 3084 4419 perﬁcient
3114 4364 3253 4402 eam.
3283 4349 3346 4402 Et
3381 4349 3522 4404 scie-

266 4427 633 4494 ὲπιγνώσεσθε
663 4429 745 4481 ὅτι
788 4430 990 4499 Κύριος
1020 4434 1416 4507 παντοκράτωρ
1466 4436 1837 4501 ὲξαπέσταλκέ

1958 4441 2022 4494 iis
2048 4442 2304 4510 quoniam
2340 4439 2603 4496 Dominus
2640 4442 2987 4509 omnipotens
3014 4440 3161 4492 misit
3186 4454 3271 4492 me
3302 4437 3367 4492 ad
3405 4454 3521 4492 vos.

270 4533 332 4582 με
380 4518 523 4587 πρὸς
573 4519 751 4588 ὑμᾶς·
788 4520 924 4574 διότι
972 4523 1055 4585 τίς
1101 4525 1459 4590 ἑξουδένωσεν
1509 4532 1586 4592 εἰς
1631 4532 1842 4601 ἡμέρας

270 4610 527 4678 μακράς;
578 4628 598 4659 ι
635 4611 805 4674 Αὐτὸς
833 4612 891 4665 δὲ
915 4606 1071 4678 οὗτος
1103 4618 1196 4669 καὶ
1238 4617 1333 4670 τοῦ
1369 4619 1503 4689 ἐμοῦ
1536 4622 1686 4675 οἴκου
1716 4626 1843 4688 τοὺς

267 4698 551 4767 θεμελίους
597 4702 1033 4773 καταϐαλόμενος
1062 4747 1075 4769 ,
1132 4708 1294 4773 αὐτὸς
1345 4712 1508 4765 αὐτὸν
1562 4715 1655 4767 καὶ
1709 4716 1843 4788 πρὸς

268 4790 436 4860 πέρας
456 4791 577 4857 ἄξει
599 4808 611 4821 ·
646 4793 787 4845 ὥστε
810 4797 905 4848 καὶ
930 4798 994 4850 ὲκ
1025 4798 1216 4851 τούτου
1249 4803 1381 4854 πάσι
1404 4803 1563 4873 δῆλον
1589 4807 1844 4873 γενέσθαι

265 4882 343 4934 ὅτι
399 4884 598 4956 γνώμῃ
658 4885 793 4939 Θεοῦ
850 4890 1200 4958 παραγέγονά
1258 4892 1429 4947 ταῦτα
1477 4900 1842 4969 προμηνύσων

270 4978 412 5048 ὑμῖν.
459 4978 550 5048 Μὴ
585 4978 765 5032 τοίνυν
812 4981 936 5050 μηδ’
971 4984 1046 5046 ὡς
1097 4986 1153 5037 ἐν
1187 4987 1362 5057 χρόνῳ
1414 4990 1593 5060 πολλῷ
1636 4992 1840 5050 τούτων

267 5068 509 5134 γίνεσθαι
565 5070 869 5139 μελλόντων
931 5074 1272 5146 ἀπιστήσητε
1317 5081 1430 5142 τοῖς
1480 5079 1793 5153 λεγομένοις
1822 5104 1834 5117 ·

266 5158 557 5227 ἀνοήτατος
604 5159 713 5228 γάρ
758 5163 840 5231 εἴη
888 5163 953 5217 ἂν
994 5167 1022 5217 ό
1068 5165 1164 5228 τὰς
1202 5169 1503 5236 ἀποφάσεις
1551 5172 1649 5236 τάς
1700 5176 1838 5245 ἐμάς

266 5246 473 5335 ἀτελεξ
527 5250 764 5318 νομίζων
798 5252 875 5321 τῷ
926 5256 1090 5324 μήκει
1128 5257 1409 5324 γίγνεσθαι
1464 5261 1559 5314 τοῦ
1607 5266 1836 5335 χρόνου·

267 5334 421 5387 τοῦτο
440 5337 547 5407 γάρ
578 5337 724 5405 λέγει
754 5338 863 5403 τὸ,‹
901 5341 1255 5405 ἐξουδένωσεν
1284 5349 1495 5420 ἡμέρας
1525 5334 1774 5422 μακράς·
1817 5375 1833 5406 ι

266 5425 400 5493 ἐμοῦ
423 5427 726 5498 δυναμένου
756 5429 815 5482 οὗ
834 5434 872 5452 "
896 5432 1093 5502 ῥαδίως
1113 5437 1287 5489 πάντα
1315 5437 1497 5502 καθὼς
1513 5440 1578 5493 ἂν
1601 5441 1839 5512 ἐθελήσω

266 5518 462 5579 ποιεῖν,
496 5520 572 5588 (p.
611 5519 739 5587 669)
767 5523 903 5590 μετὰ
931 5525 1129 5595 πολλῆς
1152 5545 1209 5580 τε
1232 5529 1385 5596 ἄγειν
1413 5532 1511 5601 τῆς
1544 5533 1835 5604 συντομίας

338 5632 356 5652 ’
392 5630 550 5701 Deest
579 5633 807 5701 aliquid.

1944 4533 2081 4597 Quis
2108 4533 2252 4587 enim
2298 4531 2547 4600 despexit
2578 4532 2631 4585 in
2660 4532 2776 4586 dies
2810 4532 3037 4600 longos?
3066 4550 3083 4582 ι
3136 4530 3278 4585 Idem
3312 4531 3398 4584 hic
3427 4530 3520 4600 qui

1945 4623 2139 4676 domus
2162 4638 2293 4677 mem
2321 4622 2672 4677 fundamenta
2698 4623 2850 4691 jecit,
2876 4623 3017 4676 idem
3048 4622 3247 4684 eidem,
3273 4622 3520 4691 inquam,

1946 4713 2263 4769 coronidem
2318 4714 2577 4783 imponet.
2625 4712 2805 4778 Quare
2846 4729 2911 4767 ex
2962 4714 3063 4769 hoc
3093 4729 3308 4784 quoque
3345 4715 3519 4782 palam

1946 4805 2203 4859 omnibus
2240 4806 2351 4867 lict,
2402 4822 2484 4859 me
2514 4806 2793 4859 voluntate
2842 4805 2934 4860 Dei
2968 4807 3081 4861 hate
3111 4806 3265 4861 vobis
3303 4805 3522 4858 nuntia-

1948 4905 2131 4950 turum
2170 4898 2406 4952 venisse.
2442 4898 2639 4951 Cavete
2667 4897 2832 4967 igitur
2863 4900 3157 4967 quominus
3197 4898 3361 4951 diells
3405 4896 3517 4949 dis-

1947 4985 2185 5040 credatis
2227 4989 2382 5056 quasi
2430 4986 2599 5040 multo
2622 4993 2865 5057 tempore
2896 4997 3017 5057 post
3042 4972 3315 5041 eventu'ris
3344 5000 3356 5035 :
3390 5000 3515 5038 nam

1948 5077 2310 5132 stultissimus
2344 5076 2502 5139 foret,
2540 5077 2632 5147 qui
2675 5079 2892 5133 decreta
2923 5093 3037 5131 mea
3065 5078 3215 5129 irrita
3246 5075 3359 5130 ﬁeri
3398 5092 3514 5144 pro-

1946 5166 2159 5223 lixitate
2176 5168 2439 5236 temporis
2458 5168 2817 5223 existimaret.
2837 5166 2890 5221 Id
2909 5166 3052 5221 enim
3070 5167 3299 5218 innuunt
3324 5169 3511 5229 verba.

1958 5275 1975 5307 ι
1996 5256 2241 5327 despexit
2258 5257 2440 5312 indies
2456 5257 2670 5327 longos:
2688 5281 2703 5310 ι
2722 5260 2977 5327 egoenim
2995 5258 3304 5331 facilequeo
3330 5262 3512 5315 omnia

1941 5356 2105 5417 prout
2136 5346 2361 5401 voluero
2397 5346 2594 5413 facere,
2621 5356 2899 5417 mu.toque
2933 5349 3258 5419 compendio
3300 5353 3366 5406 ad
3401 5355 3514 5408 exi-

1941 5446 2058 5491 tum
2084 5453 2171 5492 rcs
2189 5437 2460 5493 deducere
2481 5454 2602 5506 qua:
2628 5438 2842 5507 longum
2865 5447 3085 5509 tempus
3107 5441 3509 5498 desiderarent.

1943 5528 2080 5584 Tum
2127 5530 2272 5585 dicta
2321 5530 2670 5597 conﬁrmans,
2710 5549 2726 5581 ι
2783 5528 2843 5582 Et
2894 5531 3255 5600 laetabuntur,
3307 5533 3507 5603 inquit,

344 5704 386 5723 "
418 5699 788 5772 Expungenda
815 5707 1048 5775 negatio,
1091 5726 1253 5779 quam
1285 5713 1501 5782 quidem
1546 5733 1651 5771 non
1688 5717 1815 5787 legit
1845 5720 2131 5787 interpres.
2161 5714 2311 5767 Eoir.
