3992 6232
478 289 572 346 εὶὸι
1629 280 1976 338 ’ΠΙΕΟΒΟΒΙ
2013 286 2064 339 Μ

2170 288 2493 344 SUESTENI
3613 296 3704 351 532

478 406 639 466 atque
663 394 931 449 videbunt
976 397 1211 469 lapidem
1260 406 1550 453 stanneum
1594 399 1647 453 in
1696 415 1860 455 manu
1896 402 2057 457 Zoro-

2170 408 2239 470 είς
2280 409 2451 478 πέρας
2481 409 2547 461 τὰ
2593 389 2788 461 πολλοῦ
2820 407 3050 476 δεόμενα
3101 405 3195 460 τοῦ
3242 407 3453 477 χρόνου.
3497 409 3600 463 Kal
3635 412 3703 481 βε-

477 489 706 545 babelis.
740 508 756 539 ι
786 489 946 558 312
982 488 1058 545 Ne
1089 506 1240 561 ergo,
1275 491 1471 561 inquit.
1513 492 1670 547 ﬁdem
1698 494 1863 551 dictis
1889 496 2053 551 dene-

478 580 646 648 getis;
695 579 890 633 horum
931 580 1133 651 quippe
1171 582 1373 635 exitum
1424 582 1698 649 videbitis,
1744 600 1807 639 ac
1847 587 2055 641 la-tabi~

479 672 612 723 mini
656 678 932 739 potentem
976 673 1042 725 ad
1090 674 1273 727 omnia
1316 675 1565 730 videntes
1612 676 2001 733 Zorobabelem
2037 697 2050 732 :

478 779 603 818 nam
638 773 900 819 slanneus
946 764 1083 834 lapis
1133 765 1369 820 futuram
1399 767 1518 835 ejus
1552 767 1909 837 Deojuvante
1947 770 2054 824 for-

479 856 768 909 titudinem
827 856 1118 925 signiﬁcat.
1180 856 1544 923 Quamobrem
1603 873 1826 912 causam
1888 862 2052 915 etiam

480 944 631 998 addit
670 964 681 999 ε
721 964 739 994 ι
789 944 1007 1014 Septem
1050 946 1103 999 hi
1136 947 1279 1000 Oculi
1314 945 1526 1001 Domini
1561 954 1709 1009 sunt,
1743 946 2053 1001 universam

480 1044 679 1091 terram
701 1039 1068 1104 speculantes.
1108 1058 1123 1089 ι
1149 1038 1363 1092 Etenim
1393 1039 1486 1108 qui
1515 1047 1713 1093 cuncta
1746 1038 1965 1108 inspicit
1992 1054 2056 1093 ac

481 1128 618 1196 regit
649 1129 929 1197 salvatque
962 1130 1184 1199 copiose
1217 1146 1280 1185 ac
1326 1131 1493 1197 varie,
1530 1130 1673 1185 idem
1714 1142 1792 1186 est
1824 1133 1914 1201 qui
1941 1132 2055 1185 haec

482 1214 549 1270 de
596 1214 929 1271 Zorobabcle
964 1217 1216 1285 promisit
1253 1225 1308 1272 et
1344 1217 1411 1270 ad
1454 1219 1657 1271 exitum
1694 1219 2056 1286 perducturus

481 1316 563 1361 est
611 1305 743 1360 Nam
777 1306 881 1361 hoc
919 1309 1047 1362 item
1086 1309 1208 1364 loco
1249 1308 1571 1363 vocabulum
1653 1330 1668 1359 ι
1694 1316 1898 1377 septem
1936 1330 1951 1358 ι
1989 1309 2057 1362 de

489 1389 728 1457 perfecta
766 1406 832 1446 re
864 1390 1085 1446 dicitur.

555 1672 721 1728 Vens.
758 1675 941 1729 H—H.
973 1705 994 1713 -
1024 1707 1027 1710 ν
1064 1693 1081 1724 ι
1118 1673 1179 1726 Ει
1214 1674 1500 1743 respondi,
1533 1674 1755 1743 dixique
1783 1674 1831 1728 ei
1872 1694 1884 1728 :
1917 1675 2053 1741 Quid

484 1774 613 1819 sunt
642 1765 762 1819 duae
790 1765 922 1818 olea:
949 1765 1065 1820 ista:
1090 1805 1102 1828 ,
1145 1780 1265 1834 qua:
1293 1741 1552 1817 adcxtris
1589 1741 1903 1818 candelabri
1936 1772 1990 1818 et
2026 1778 2055 1816 a
2091 1741 2132 1798 Β

486 1857 770 1911 sinistris?
804 1854 869 1909 Et
902 1855 1510 1925 interrogavisecundo,
1542 1855 1762 1922 dixique
1789 1856 1836 1909 ei
1869 1876 1880 1908 :
1916 1856 2057 1922 Quid

486 1953 595 2002 duo
632 1949 767 2002 rami
794 1948 1037 2003 olearum
1074 1948 1130 2001 in
1178 1948 1431 2002 manibus
1460 1948 1692 2001 duarum
1724 1949 1936 2002 narium
1960 1964 2059 2002 au-

489 2054 744 2104 rearum,
811 2055 931 2109 qua:
982 2037 1278 2092 infundunt
1330 2048 1383 2093 et
1440 2039 1724 2093 retrahunt
1767 2038 2057 2093 sullusoria

487 2130 692 2184 aurea?
732 2128 985 2200 Dixitque
1024 2130 1155 2182 mihi
1187 2147 1198 2182 :
1238 2129 1353 2185 Non
1393 2132 1537 2184 nosti
1578 2131 1706 2200 quid
1741 2138 1869 2186 sunt
1910 2131 2060 2186 haec?

486 2221 552 2274 Et
592 2221 742 2276 dixi:
783 2220 1161 2292 Nequaquam,
1201 2222 1448 2277 Domine.
1491 2222 1556 2277 Et
1583 2222 1720 2276 dixit
1761 2242 1772 2276 :
1818 2222 1909 2279 Isti
1950 2224 2059 2278 duo

486 2313 580 2367 lilii
607 2313 951 2383 pinguedinis
977 2356 991 2379 ,
1025 2315 1117 2383 qui
1154 2315 1423 2369 universae
1462 2322 1621 2369 terra:
1654 2314 1884 2371 Domino
1919 2317 2061 2372 assi-

485 2414 656 2461 stunt.
696 2426 715 2457 ι
751 2405 1057 2475 lnterrogat
1088 2407 1215 2477 quid
1260 2408 1362 2462 sibi
1397 2408 1706 2462 velintduae
1735 2407 1886 2472 olere,
1920 2423 2057 2478 qua-

484 2512 606 2551 rum
640 2511 743 2551 una
771 2497 825 2550 in
858 2496 1050 2552 dextra
1086 2504 1239 2566 parte
1260 2537 1273 2560 ,
1308 2497 1476 2551 altera
1512 2498 1565 2551 in
1595 2497 1818 2553 sinistra
1858 2498 2059 2553 cande-

486 2590 622 2644 labri
673 2598 809 2655 erat,
850 2590 965 2645 sive
1018 2589 1283 2659 lampadis
1330 2605 1495 2658 super
1542 2605 1606 2645 eo
1647 2591 1881 2660 positae?
1920 2590 2061 2657 Quid

486 2680 616 2736 item
649 2680 761 2734 nati
793 2696 856 2735 ex
898 2681 1033 2735 oleis
1074 2681 1182 2735 duo
1230 2682 1411 2734 rami?
1456 2680 1529 2736 De
1575 2681 1797 2751 quibus,
1844 2683 2055 2738 audiit:

490 2766 556 2820 lli
590 2775 721 2821 sunt
766 2768 876 2823 duo
917 2770 1011 2823 ﬁlii
1056 2770 1435 2839 pinguedinis,
1471 2770 1563 2840 qui
1607 2772 2061 2827 universmterrae

489 2857 719 2912 Domino
744 2858 1030 2913 assistunt.
1061 2858 1193 2913 Nam
1222 2861 1349 2928 quia
1386 2862 1505 2915 duae
1528 2860 1660 2915 olea:
1690 2861 1839 2933 regni
1879 2877 1942 2916 ac
1971 2877 2061 2917 sa-

489 2949 722 3004 cerdotii
771 2949 1034 3004 indicium
1078 2960 1266 3015 erant,
1304 2967 1424 3020 quae
1456 2952 1564 3007 duo
1604 2954 1659 3008 in
1693 2961 1839 3009 terra
1879 2954 2060 3009 domi-

2158 498 2327 552 Εαιῶν
2373 500 2433 552 τὸ
2478 500 2786 570 εἰρημένον,
2828 516 2845 547 ι
2896 496 3005 551 Καὶ
3043 499 3410 568 χαρήσονται,
3450 500 3539 553 καὶ
3567 501 3695 571 clov-
3804 566 3805 571 η

2160 606 2247 641 ται
2279 588 2367 641 τὸν
2401 588 2547 641 λίθον
2568 588 2659 641 τὸν
2685 587 3062 656 κασσιτέρινον
3091 588 3148 640 ἐν
3172 588 3318 659 χειρὶ
3347 588 3651 660 Ζοροϐάϐελ.
3683 612 3699 645 ι

2160 678 2250 748 Μὴ
2283 678 2462 732 τοίνυν
2492 679 2795 741 ἀπιστεῖτε,
2828 678 2983 748 φησὶ,
3022 680 3135 740 τοῖς
3160 678 3473 748 λεγομένοις
3493 697 3505 710 ·
3539 682 3703 751 ἐπειδὴ

2160 769 2255 821 καὶ
2282 768 2475 837 ὄψεσθε
2509 768 2687 822 αὐτῶν
2712 768 2771 820 τὸ
2800 768 2993 838 πέρας,
3025 769 3119 820 καὶ
3142 769 3449 839 χαρήσεσθε
3475 771 3569 841 τὴν
3598 775 3707 843 περὶ

2161 859 2338 912 πάντα
2382 858 2609 929 δύναμιν
2657 858 2893 929 ὁρῶντες
2935 858 3026 912 τοῦ
3059 859 3394 929 Ζοροϐάϐελο
3438 860 3590 915 τοῦτο
3616 864 3708 933 γάρ

2158 952 2304 1018 λέγει
2322 951 2412 1005 τὸν
2443 953 2819 1023 κασσιτέρινον
2840 953 3005 1017 λίθον,
3039 952 3139 1023 τὴν
3169 953 3555 1022 περιεσομένην
3581 954 3709 1024 αὑτῷ

2158 1042 2333 1114 δηλῶν
2380 1043 2532 1111 ἰσχὺν
2566 1042 2717 1114 παρά
2760 1043 2855 1096 τοῦ
2885 1042 3042 1096 Θεοῦ.
3079 1041 3241 1095 Ὅθεν
3286 1044 3379 1095 καὶ
3407 1044 3507 1113 τὴν
3550 1045 3709 1098 αἰτίαν

2159 1136 2454 1206 ἐπήγαγενο
2508 1155 2526 1185 ι
2574 1134 2746 1189 Ἑπτὰ
2783 1130 2928 1189 οὗτοι
2955 1133 3224 1204 ὀφθαλμοὶ
3257 1133 3462 1204 Κυρίου
3496 1134 3643 1197 εἰσὶν,
3668 1136 3711 1188 οἳ

2159 1227 2547 1291 ἐπιϐλέποντες
2577 1228 2668 1280 ἐπὶ
2692 1230 2870 1281 πᾶσαν
2894 1227 2991 1297 τὴν
3018 1227 3143 1296 γῆν.
3191 1244 3209 1275 ι
3253 1226 3310 1278 Ὁ
3333 1224 3442 1295 γὰρ
3462 1225 3530 1277 τὰ
3556 1226 3713 1279 πάντα

2160 1320 2371 1389 ἐφορῶν
2402 1338 2462 1372 τε
2494 1323 2587 1374 καὶ
2623 1320 2839 1373 διοικῶν
2882 1318 2978 1372 καὶ
3009 1317 3196 1383 σώζων
3247 1317 3519 1381 πλουσίως
3549 1334 3605 1370 τε
3634 1319 3714 1370 καὶ

2166 1412 2461 1476 ποικίλως,
2496 1408 2647 1475 οὗτός
2682 1414 2828 1465 ἐστιν
2868 1413 2897 1464 ὁ
2931 1410 3025 1465 καὶ
3060 1409 3235 1463 ταῦτα
3281 1408 3640 1478 ὑποσχόμενός
3663 1426 3714 1461 τε

2162 1504 2291 1575 περὶ
2322 1504 2416 1558 τοῦ
2446 1503 2752 1575 Ζοροϐάϐελ
2791 1503 2884 1557 καὶ
2916 1502 3054 1573 πρὸς
3088 1500 3261 1570 πέρας
3289 1500 3431 1563 ἀξων
3454 1516 3469 1530 ’
3508 1500 3599 1553 xa‘t
3622 1499 3716 1569 γὰρ

2165 1596 2439 1650 κάνταῦθα
2470 1597 2530 1649 τὸ
2572 1616 2589 1647 ι
2627 1596 2768 1649 ἐπτά
2810 1615 2829 1648 ι
2864 1595 2956 1648 ἐπὶ
2987 1594 3080 1647 τοῦ
3108 1593 3317 1646 τελείου
3345 1592 3521 1660 λέγει.

2238 1690 2385 1759 Στίχ.
2424 1687 2605 1742 ια’-ιδ’.
2647 1717 2717 1728 --
2756 1706 2773 1738 ι
2812 1685 2917 1740 Kal
2945 1684 3248 1757 ἀπεκρίθην
3281 1683 3374 1735 καὶ
3417 1676 3570 1734 εἷπον
3596 1680 3717 1751 πρὸς

2166 1780 2358 1833 αὐτόν⁹
2393 1779 2457 1831 Τί
2491 1780 2546 1832 ai
2583 1780 2676 1832 δύο
2706 1777 2882 1830 ἐλαῖαι
2915 1771 3072 1831 αὗται
3113 1775 3169 1828 αἱ
3202 1775 3269 1826 ἐκ
3298 1771 3486 1837 δεξιῶν
3525 1772 3618 1843 τῆς
3638 1771 3721 1823 λυ-

2166 1872 2317 1941 χνίας
2369 1874 2463 1925 καὶ
2495 1871 2554 1936 ἐξ
2588 1868 2882 1939 εὐωνύμων
2910 1868 3081 1937 αὐτῆς
3108 1885 3122 1933 ;
3171 1866 3280 1919 Kal
3312 1864 3639 1936 ἐπηρώτησα
3665 1864 3721 1917 ἐκ

2166 1964 2455 2035 δευτέρου,
2491 1963 2585 2016 καὶ
2627 1956 2782 2015 εἷπον
2821 1959 2956 2031 πρὸς
2990 1958 3173 2023 αὑτὸν,
3210 1958 3276 2011 Τί
3325 1958 3376 2009 οἱ
3418 1956 3512 2010 δύο
3555 1955 3721 2009 κλάδοι

2167 2054 2275 2108 τῶν
2301 2054 2495 2107 ἐλαιῶν
2512 2055 2562 2107 οἱ
2596 2054 2653 2105 ἐν
2678 2055 2796 2116 ταῖς
2825 2054 2979 2123 χερσὶ¹
2998 2039 3117 2104 τῶν
3138 2050 3232 2104 δύο
3265 2050 3597 2122 μυξωτήρων
3626 2047 3723 2101 τῶν

2168 2147 2384 2219 χρυσῶν
2415 2145 2523 2198 τῶν
2568 2144 2894 2215 ἐπιχεόντων
2932 2144 3025 2196 καὶ
3071 2142 3458 2210 ἐπαναγόντων
3498 2139 3594 2203 τάς
3634 2141 3723 2191 ἐπ-

2167 2238 2494 2311 αρυστρίδας
2538 2237 2635 2299 τὰς
2667 2236 2906 2307 χρυσᾶς,
2937 2235 3052 2311 ’Καὶ
3090 2228 3212 2286 εἷπε
3243 2232 3378 2303 πρός
3410 2249 3501 2302 με,
3528 2230 3634 2284 Οὐκ
3655 2225 3725 2282 οἷ-

2168 2308 2265 2393 δας
2297 2308 2353 2381 τί
2396 2329 2510 2379 ἐστι
2556 2325 2765 2390 cauta;
2814 2308 3129 2385 Καὶέἶπον,
3180 2320 3337 2390 Οὐχὶ,
3388 2319 3600 2390 Κύριε·
3646 2316 3729 2369 καὶ

2168 2416 2348 2485 εἶπεν,
2392 2411 2553 2470 Οὗτοι
2582 2416 2631 2468 οἱ
2658 2414 2750 2467 δύο
2792 2415 2899 2467 ulol
2926 2413 3026 2481 τῆς
3064 2411 3353 2481 πιότητος,
3384 2410 3435 2462 οἳ
3466 2406 3729 2476 παρεστή-

2170 2531 2295 2567 κασι
2327 2511 2406 2582 τῷ
2440 2511 2626 2581 Κυρίῳ
2669 2511 2848 2577 πάσης
2880 2507 2979 2577 τῆς
3003 2506 3126 2576 γῆς.
3168 2524 3186 2556 ι
3233 2503 3445 2579 Ἐρωτκᾷ
3477 2500 3530 2553 τί
3562 2499 3653 2569 μὲν
3679 2497 3729 2549 αἱ

2167 2609 2260 2662 δύο
2301 2606 2578 2678 βούλονται
2618 2604 2826 2665 ἐλαῖαι,
2856 2594 2931 2657 ὧν
2971 2603 3005 2671 ή
3053 2599 3149 2670 μὲν
3185 2599 3251 2650 ἐκ
3279 2595 3493 2659 δεξιῶν,
3528 2592 3640 2663 ἠδὲ
3678 2588 3730 2653 ἐξ

2170 2699 2467 2769 εὐωνύμων
2502 2696 2763 2765 ἐτύγχανε
2785 2696 2881 2763 τῆς
2914 2693 3154 2763 λυχνίας,
3184 2690 3302 2761 ⁴ήτοι
3330 2686 3425 2742 τοῦ
3458 2688 3545 2740 ἐπ’
3577 2683 3732 2753 αὐτὴν

2170 2790 2512 2862 λαμπαδίου;
2565 2789 2617 2841 τί
2661 2788 2718 2841 δὲ
2769 2788 2820 2838 οἱ
2868 2785 3239 2853 ἐκπεφυκότες
3287 2781 3381 2834 δύο
3415 2778 3602 2832 κλάδοι
3634 2775 3731 2829 τῶν

2169 2882 2383 2948 ἐλαιῶν;
2401 2884 2475 2952 (p.
2496 2881 2619 2948 470)
2642 2896 2707 2932 πε
2718 2878 2768 2949 pl
2792 2870 2865 2931 ὧν
2881 2877 3131 2948 ’ήκουσενο
3158 2865 3315 2924 Οὗτοι
3338 2871 3386 2923 οἱ
3407 2869 3503 2923 δύο
3521 2868 3623 2923 υἱοὶ
3643 2867 3732 2937 τῆς

2171 2975 2459 3044 πιότητος,
2509 2972 2558 3024 οἳ
2610 2969 2991 3041 παρεστήκασι
3036 2965 3116 3037 τῷ
3162 2963 3352 3035 Κυρίῳ
3409 2962 3591 3031 πάσης
3639 2958 3731 3027 τῆς

490 3042 606 3096 nari
660 3040 804 3095 Deus
853 3043 1156 3106 constituit,
1212 3042 1350 3098 duos
1386 3059 1569 3100 ramos
1594 3061 1658 3100 ex
1704 3046 1825 3101 olea
1870 3057 2061 3104 enatos

2171 3069 2274 3138 γῆς
2299 3040 2330 3096 ’1
2362 3063 2550 3134 ἐπειδὴ
2593 3040 2703 3132 γὰρ
2734 3061 2789 3114 αί
2839 3060 3014 3113 ἐλαῖαι
3051 3058 3151 3128 τῆς
3201 3054 3478 3125 βασιλείας
3511 3052 3607 3107 καὶ
3644 3050 3732 3119 τῆς

490 3131 623 3185 dicit
661 3131 1049 3188 Zorohabeletn
1098 3140 1261 3203 atque
1301 3132 1526 3202 Jesum;
1569 3151 1804 3205 quorum
1848 3137 1997 3207 prior
2031 3152 2063 3191 a

2182 3099 2271 3138 [qs
2362 3099 2550 3134 ειυς-θυι,
2605 3099 2701 3132 μιν
2734 3099 2789 3114 w-
2839 3099 3014 3113 ·-ηυ--νι-
3062 3099 3149 3128 ηδτ
3201 3099 3476 3125 law-"ww,
3514 3099 3605 3107 --—~
3655 3099 3731 3119 --ιτ

2172 3156 2470 3230 ἱερωσύνης
2501 3150 2643 3226 ἦσαν
2670 3152 2972 3223 γνώρισμα,
2996 3152 3063 3213 ἃς
3092 3150 3186 3204 ἐπὶ
3224 3150 3326 3219 γῆς
3364 3149 3589 3218 κρατεῖν
3619 3145 3732 3230 ἐτα·

489 3225 674 3278 divina
721 3225 896 3294 gratia
946 3226 1001 3279 in
1045 3240 1270 3295 regnum
1321 3224 1500 3281 fuerat
1548 3238 1871 3296 provectus;
1928 3228 2067 3283 alter

489 3329 620 3368 vero
666 3314 958 3370 sacerdotii
999 3316 1175 3386 gratia
1218 3318 1403 3372 divino
1456 3318 1757 3374 ministerio
1792 3320 2061 3376 addictus.

490 3406 785 3476 Propterea
822 3408 1170 3478 pinguedinis
1193 3424 1409 3480 quoque
1429 3425 1523 3466 eos
1548 3411 1784 3481 appellat
1823 3412 1986 3480 ﬁlios,
2010 3414 2063 3468 id

490 3510 575 3557 est
604 3518 669 3557 ex
695 3501 912 3558 duobus
952 3502 1211 3558 maximis
1239 3510 1293 3558 et
1326 3504 1469 3574 apud
1506 3504 1752 3561 homines
1793 3505 2067 3560 honoran—

490 3593 735 3649 dissimis
773 3602 963 3659 ortos,
1007 3609 1173 3663 regno
1223 3609 1289 3649 ac
1334 3594 1675 3662 sacerdotio;
1716 3597 1808 3666 qui
1865 3597 2069 3667 pariter

495 3685 603 3740 Deo
624 3685 898 3742 deservire
916 3685 1057 3755 jussi
1083 3694 1210 3741 sunt
1240 3687 1480 3742 omnium
1500 3685 1751 3742 Domino.
1774 3688 1951 3757 Atque
1966 3686 2069 3741 hoc

493 3787 609 3831 toto
660 3793 934 3842 sermone,
980 3792 1068 3833 res
1114 3776 1455 3834 Hierusalem
1500 3778 2071 3849 gentisqueJudaicae

493 3870 789 3923 niaximum
813 3870 1081 3923 bonorum
1120 3869 1517 3925 incrementum
1551 3878 1810 3940 capturas
1843 3869 2070 3924 demon-

495 3958 862 4028 stravit313
880 3961 1160 4029 propheta,
1188 3960 1436 4015 hostibus
1456 3961 1672 4014 illorum
1693 3962 1917 4031 punitis,
1943 3976 2071 4030 pro-

495 4047 737 4102 videntia
769 4047 1003 4116 plurima
1028 4055 1082 4102 et
1110 4049 1426 4103 omnimoda
1457 4064 1583 4116 erga
1612 4048 1886 4105 lsraelitas
1913 4063 1941 4102 a
1962 4047 2073 4103 Deo

496 4147 854 4210 exprompta;
899 4138 1157 4208 quoniam
1202 4139 1269 4194 de
1309 4140 1624 4209 captivitate
1654 4140 1883 4194 redituri
1917 4149 2073 4195 erant

495 4233 589 4286 alii
627 4246 795 4302 prope
846 4232 1154 4295 innumeri,
1194 4232 1287 4301 qui
1346 4233 1525 4288 adhuc
1567 4234 1621 4287 in
1654 4249 1716 4287 ea
1762 4234 2075 4288 conditione

497 4332 627 4376 tunc
650 4330 804 4376 erant
840 4339 851 4375 :
888 4322 1018 4376 dato
1051 4323 1269 4377 demum
1292 4321 1494 4378 Judaeis
1526 4339 1692 4394 regno
1723 4339 1787 4378 ac
1819 4323 2073 4381 sacerdo-

2169 3229 2259 3308 ξεν
2288 3243 2316 3295 ὁ
2344 3240 2502 3304 Θεὸς,
2534 3238 2627 3291 δύο
2656 3235 2881 3299 κλάδους
2912 3236 2974 3287 ἐκ
2997 3234 3104 3287 τῶν
3136 3232 3329 3287 ἐλαιῶν
3365 3229 3734 3300 ἐκπεφυκότας

2168 3332 2316 3397 λέγει
2338 3330 2428 3383 τόν
2460 3345 2519 3381 τε
2546 3324 2851 3396 Ζοροϐάὸελ
2872 3324 2967 3376 καὶ
2999 3324 3087 3377 τὸν
3128 3322 3333 3394 Ἰησοῦν
3356 3343 3367 3352 ·
3397 3315 3476 3374 ὧν
3504 3322 3533 3373 ὁ
3557 3320 3650 3390 μὲν
3677 3317 3736 3368 ἐκ

2168 3424 2265 3491 τῆς
2292 3421 2441 3482 θείας
2485 3419 2702 3488 χάριτος
2739 3419 2814 3480 εἰς
2845 3416 2943 3485 τὴν
2968 3413 3243 3485 βασιλείαν
3266 3413 3577 3484 παρῆκτο,ὁ
3600 3410 3653 3464 δέ
3674 3409 3734 3478 τῇ

2171 3515 2270 3585 τῆς
2300 3511 2599 3581 ἱερωσύνης
2624 3509 2803 3579 χάριτι
2832 3507 2967 3577 πρὸς
2992 3507 3090 3577 τὴν
3114 3505 3459 3576 λειτουργίαν
3488 3501 3738 3575 προσεδέ-

2172 3606 2336 3675 6λητο
2357 3602 2454 3673 τὴν
2487 3601 2658 3654 θείαν.
2691 3598 2789 3652 Διὰ
2814 3598 2972 3652 τοῦτο
2996 3599 3088 3651 καὶ
3118 3596 3369 3667 πιότητος
3391 3595 3592 3655 αὐτοὺς
3623 3591 3737 3646 ἐκά-

2173 3696 2326 3747 λεσεν
2358 3694 2525 3755 υἱοὺς.
2562 3692 2649 3743 ἵνα
2670 3690 2821 3762 εἴπῃ,
2854 3697 2917 3748 0t
2937 3695 2999 3746 ἐκ
3018 3690 3125 3745 τῶν
3146 3689 3417 3762 μεγίστων
3435 3688 3532 3742 καὶ
3556 3700 3738 3755 τιμιω-

2172 3786 2348 3839 τάτων
2384 3783 2536 3855 παρά
2576 3785 2685 3845 τοῖς
2718 3778 3026 3851 ἀνθρώποις
3056 3778 3428 3847 ἐκπεφυκότες
3470 3774 3732 3849 βασιλείας

2174 3894 2233 3929 τε
2268 3877 2356 3929 καλ
2412 3874 2743 3946 ἱερωσύνηςο
2783 3873 2832 3924 οἳ
2882 3871 3082 3934 πάντες
3128 3871 3422 3941 ὑπουργεῖν
3474 3871 3583 3922 εἱσι
3625 3863 3733 3935 Θεῷ

2174 3966 2500 4037 τεταγμένοι
2533 3964 2610 4035 τῷ
2642 3965 2857 4019 πάντων
2900 3962 3109 4034 Κυρίῳ.
3153 3961 3250 4015 Διὰ
3296 3961 3522 4014 πάντων
3556 3960 3649 4030 μὲν
3677 3957 3735 4025 δὴ

2175 4057 2375 4111 τούτων
2421 4055 2490 4108 τὰ
2536 4054 2676 4108 κατά
2727 4070 2786 4107 τε
2836 4053 2934 4122 τὴν
2992 4050 3344 4122 Ἰερουσαλὴμ
3387 4052 3485 4104 καὶ
3538 4051 3600 4103 τὸ
3641 4047 3741 4100 τῶν

2188 4149 2457 4203 Ἰουδαίων
2479 4148 2651 4211 ἔθνος,
2682 4148 2763 4199 ὅτι
2798 4145 3060 4217 μεγίστην
3090 4142 3330 4197 ἐπίδοσιν
3353 4145 3434 4207 εἰς
3468 4144 3534 4197 τὸ
3570 4144 3740 4213 κρεῖτ-

2177 4260 2265 4293 τον
2297 4240 2525 4311 λήψεται
2562 4238 2861 4309 δεδήλωκεν
2896 4239 2922 4289 ὁ
2953 4237 3238 4307 προφήτης
3264 4251 3276 4264 °
3312 4234 3743 4306 τιμωρουμένων

2182 4333 2279 4402 μὲν
2313 4331 2421 4383 τῶν
2450 4329 2838 4402 ἐχθραινὸντων
2868 4327 3071 4391 αὐτοῖς,
3108 4325 3436 4396 κηδεμονίας
3469 4324 3527 4377 δὲ
3554 4321 3743 4391 πολλῆς

498 4418 591 4470 tali
615 4417 897 4487 dignitate,
919 4417 973 4470 in
1000 4417 1214 4471 illorum
1240 4416 1514 4486 personis,
1532 4432 1670 4486 quas
1691 4416 1873 4470 divina
1898 4416 2064 4487 gratia

2185 4421 2521 4493 ἀξιουμένων
2555 4423 2611 4475 ἐν
2659 4420 2861 4474 ἅπασιν
2891 4417 3072 4471 αὐτῶν
3101 4416 3252 4487 παρὰ
3296 4416 3389 4469 τοῦ
3440 4414 3578 4469 Θεοῦ
3601 4458 3615 4481 ,
3654 4413 3744 4467 ἅτε

498 4510 564 4563 ad
614 4510 727 4563 haec
774 4509 946 4564 cilicia
978 4516 1342 4580 promoverat.
1397 4508 1503 4563 Sed
1541 4510 1716 4571 enim,
1765 4523 1833 4563 ne
1876 4508 2064 4565 eximia

2179 4516 2273 4567 καὶ
2292 4512 2573 4566 ἐπανιέναι
2609 4511 2716 4565 ἀπὸ
2747 4513 2845 4581 τῆς
2887 4509 3261 4581 αἰχμαλωσίας
3294 4506 3598 4577 μελλόντων
3639 4504 3746 4557 ἐτέ-

495 4604 765 4657 bonorum
791 4603 1073 4671 prmdictio
1103 4600 1411 4671 ignaviores
1439 4597 1712 4654 Israelitas
1739 4597 1965 4665 faceret,
2001 4599 2075 4654 ita

498 4700 558 4747 ut
588 4693 792 4747 divinis
833 4692 1169 4747 conﬁdentes
1218 4690 1525 4762 promissis,
1556 4688 1791 4743 oﬁicium
1836 4690 2076 4761 neglige-

498 4794 643 4850 rent,
701 4785 1092 4840 revelationem
1148 4783 1403 4855 posthinc
1440 4782 1610 4846 videt,
1637 4798 1703 4835 ex
1751 4796 1857 4851 qua
1906 4796 2077 4851 pavor

498 4879 607 4933 illis
665 4877 1055 4940 incutiebatur,
1102 4890 1211 4947 quo
1248 4874 1438 4928 vitium
1500 4872 1769 4943 fugerent,
1812 4874 2065 4928 virtutem

499 4972 975 5042 amplecterentur.
1017 4968 1108 5023 Sic
1135 4983 1267 5038 ergo
1295 4966 1460 5021 dicit:

2178 4621 2284 4675 ρων
2310 4604 2409 4655 οὐκ
2429 4601 2809 4673 εὐαριθμήτων
2828 4602 3010 4664 τινῶν,
3040 4599 3131 4663 οὓς
3151 4599 3238 4651 ἐπ’
3266 4598 3476 4651 ἐκείνου
3499 4596 3596 4651 τοῦ
3626 4595 3746 4665 σχή-

2177 4714 2345 4768 ματος
2375 4693 2513 4750 εἶναι
2538 4695 2657 4749 τότε
2692 4693 3005 4747 συνέϐαινεν
3032 4690 3111 4744 ἔτι
3136 4708 3149 4722 ο
3188 4689 3549 4758 ἀποδοθείσης
3578 4688 3633 4740 δὲ
3656 4686 3745 4738 αὺ-

2175 4790 2285 4849 τοῖς
2311 4786 2405 4839 καὶ
2435 4786 2533 4856 τῆς
2565 4784 2849 4856 βασιλικῆς
2887 4782 2981 4837 καὶ
3006 4781 3103 4851 τῆς
3128 4779 3407 4851 ἱερατικῆς
3441 4779 3633 4845 ἀξίας,
3666 4774 3745 4829 διὰ

2176 4878 2285 4932 τῶν
2316 4879 2380 4930 ἐκ
2413 4878 2513 4948 τῆς
2535 4878 2685 4940 θείας
2714 4876 2932 4947 χάριτος
2970 4875 3063 4927 ἐπὶ
3088 4871 3246 4926 τοῦτο
3271 4869 3743 4941 προϐεϐλημένων.

2193 4967 2349 5021 Ἀλλά
2374 4968 2483 5039 γὰρ
2506 4968 2646 5022 ὥστε
2678 4968 2751 5038 μὴ
2776 4967 2875 5037 τὴν
2909 4967 3011 5018 ύπε
3022 4963 3351 5037 ρϐάλλουσαν
3387 4964 3620 5033 μήνυσιν
3646 4958 3747 5012 τῶν

496 5066 739 5133 ἀγαθῶν,
764 5060 1163 5136 ῥᾳθυμοτέρως
1206 5060 1401 5121 αὐτοὺς
1438 5058 1885 5129 ἀπεργάσασθαι,
1921 5057 2257 5129 θαρροῦντας
2293 5060 2390 5130 μὲν
2423 5064 2543 5126 ταῖς
2572 5059 2925 5128 ἐπαγγελίαις
2961 5060 3080 5121 ταῖς
3104 5056 3300 5121 θείαις,
3336 5054 3674 5126 ἀμελοῦντας
3696 5052 3746 5104 δὲ

496 5158 589 5209 τοῦ
632 5158 1001 5227 προσήκοντος
1029 5191 1044 5218 ,
1071 5150 1411 5219 ἀποκάλυψιν
1448 5151 1549 5220 ὁρᾷ
1579 5149 1762 5202 λοιπὸν
1791 5148 1856 5201 δι’
1881 5145 1948 5221 ἦς
1978 5151 2161 5215 αὐτοῖς
2195 5153 2288 5206 καὶ
2316 5153 2479 5221 φόϐος
2516 5150 2782 5205 ἐνετίθετο
2814 5149 2950 5221 πρὸς
2992 5149 3053 5202 τὸ
3082 5148 3302 5217 φεύγειν
3339 5149 3436 5219 μὲν
3463 5147 3533 5202 τὰ
3567 5147 3746 5219 χείρω,

500 5250 742 5318 μετιέναι
777 5249 831 5301 δὲ
862 5247 930 5301 τά
963 5246 1215 5319 κρείττω.
1250 5243 1413 5312 Λέγει
1440 5244 1495 5297 δέ
1528 5243 1717 5305 οὕτως·

1149 5335 1305 5391 CAP.
1350 5336 1413 5390 V.

572 5429 740 5484 Vens.
788 5429 903 5483 1-4.
951 5458 1022 5467 --
1058 5446 1076 5479 ι
1124 5426 1190 5481 Et
1236 5440 1534 5484 conversus
1596 5443 1738 5493 sum,
1791 5437 1844 5482 et
1899 5430 2072 5484 levav:

500 5523 693 5577 oculos
727 5537 910 5588 meos,
941 5531 997 5577 et
1020 5522 1165 5585 vidi,
1193 5531 1247 5577 et
1273 5535 1403 5577 ecce
1434 5519 1541 5574 falx
1573 5521 1786 5575 volans.
1817 5519 2073 5590 Dixitque

503 5612 635 5666 mihi
668 5610 845 5676 :Quid
872 5620 928 5666 tu
963 5611 1154 5667 vides?
1182 5611 1247 5665 Et
1276 5612 1386 5666 dixi
1417 5630 1429 5666 :
1459 5610 1627 5665 Video
1659 5608 1851 5665 falcem
1888 5611 2074 5666 volan-

503 5710 615 5758 tem
659 5703 1016 5771 longitudinis
1054 5704 1363 5760 cubitorum
1409 5704 1640 5775 viginti.
1676 5712 1725 5759 ct
1766 5704 2071 5760 latitudinis

2831 5334 2987 5386 ΚΕΦ.
3024 5334 3097 5385 Ε’.

2254 5430 2400 5500 Στίχ.
2455 5428 2595 5480 α’-δ’.
2646 5457 2715 5466 -
2756 5442 2775 5473 ι
2820 5423 2930 5477 Kal
2967 5422 3275 5493 ἐπέστρεψα
3332 5423 3425 5476 καὶ
3469 5419 3583 5494 ᾗρα
3632 5422 3750 5485 τοὺς

2182 5520 2492 5591 ὀφθαλμούς
2526 5536 2626 5590 μου
2650 5534 2663 5547 ·
2707 5519 2801 5570 καὶ
2826 5512 2983 5580 εἶδον,
3019 5515 3114 5568 καὶ
3158 5514 3265 5568 ἰδοὺ
3296 5514 3564 5585 δρέπανον
3596 5514 3749 5568 πετό-

2186 5629 2343 5682 μενον
2376 5628 2390 5640 ·
2416 5611 2509 5663 καί
2543 5607 2659 5662 εἷπε
2688 5607 2822 5679 πρός
2859 5624 2925 5679 με
2946 5625 2958 5637 ·
2984 5603 3050 5658 Τί
3080 5606 3144 5659 σὺ
3168 5606 3416 5676 βλέπεις;
3443 5607 3540 5659 καὶ
3569 5601 3748 5659 εἷπονο

2188 5706 2265 5767 (ι).
2290 5705 2384 5758 471
2422 5705 2438 5773 )
2475 5701 2613 5771 Ἐγὼ
2636 5702 2746 5773 ὁρῶ
2779 5700 3043 5772 δρέπανον
3071 5699 3382 5770 πετόμενον,
3413 5699 3628 5771 μήκους
3653 5715 3753 5767 πη-
