3992 6232
233 270 325 326 535

1160 267 1709 325 COMMENTARIUS
1759 268 1822 322 IN
1876 267 2245 323 ZACllARl/E
2286 269 2440 326 CAP.
2477 272 2534 326 Ὅ.

3371 268 3488 324 534³

233 386 334 457 χῶν
373 385 561 448 εἴκοσι,
598 385 693 436 καὶ
721 385 952 447 πλάτους
986 385 1171 454 πηχῶν
1203 385 1332 436 δέκα
1357 400 1369 414 ·
1406 384 1496 436 καὶ
1517 377 1636 437 εἷπε
1662 383 1796 454 πρός

1910 385 2210 439 cubitorum
2248 385 2458 440 decem.
2509 383 2763 454 Dixitque
2797 384 2924 437 mihi
2977 403 2988 437 :
3031 382 3154 436 llaec
3193 393 3276 438 est
3309 388 3474 438 male-

235 495 298 548 με
325 494 338 506 ·
365 476 507 538 Δῦτη
535 478 566 546 ἡ
595 474 703 544 ἀρά
737 477 770 544 ἡ
797 476 1201 546 ἐκπορευομένη
1238 476 1332 528 ἐπὶ
1370 476 1660 546 πρόσωπον
1688 477 1793 529 πά-

234 584 326 637 σης
341 567 437 635 τῆς
455 567 574 634 γῆς·
592 565 724 618 διότι
747 567 851 627 πᾶς
866 566 894 615 6
909 563 1144 634 κλέπτης
1165 565 1228 616 ἐκ
1243 564 1432 617 τούτου
1445 565 1548 628 ἕως
1567 565 1795 620 Θανάτου

233 659 636 728 ἐκδικηθήσεται
655 674 666 687 ·
695 660 786 710 καὶ
814 659 918 720 πᾶς
945 660 973 710 6
999 658 1251 727 ἐπίορκος
1272 659 1336 710 ἐκ
1362 658 1548 712 τούτου
1579 659 1684 722 ἓως
1705 661 1797 712 θα-

233 752 388 804 νάτου
415 749 827 818 ἐκδικηθήσεται
847 767 860 779 ·
900 751 991 802 καὶ
1021 749 1211 813 ἐξοίσω
1240 749 1390 815 αὐτὸ,
1419 751 1565 819 λέγει
1599 743 1797 822 Κύριος

234 842 657 911 παντοκράτωρ·
709 841 802 893 καὶ
840 841 1200 894 εἰσελεύσεται
1249 843 1329 903 είς
1374 840 1464 894 τὸν
1504 837 1650 895 οἷκον
1702 843 1795 896 τοῦ

235 935 481 995 κλέπτου,
530 935 623 987 καὶ
667 936 746 996 είς
791 934 880 986 τὸν
911 929 1056 987 οῐκον
1103 934 1194 986 τοῦ
1234 933 1522 1004 ὀμνύοντος
1564 934 1640 1006 τῷ
1684 937 1799 990 6V6-

237 1029 362 1098 ματί
399 1046 497 1097 μου
534 1028 626 1080 ἐπὶ
656 1026 871 1096 ψεύδει·
922 1028 1012 1079 καὶ
1061 1027 1355 1080 καταλύσει
1387 1029 1444 1080 ἐν
1487 1029 1634 1099 μέσῳ
1689 1031 1786 1083 τοῦ

234 1121 377 1173 οίκου
422 1119 623 1182 αὑτοῦ,
681 1119 774 1172 καὶ
821 1119 1124 1172 συντελέσει
1185 1120 1348 1173 αὐτὸν
1400 1122 1493 1173 καὶ
1550 1122 1615 1175 τὰ
1668 1120 1799 1186 ξύλα

234 1213 393 1264 αἰετοῦ
429 1212 519 1265 καὶ
561 1212 685 1275 τοὺς
717 1211 896 1274 λίθους
946 1212 1134 1265 αὑτοῦ.
1175 1229 1194 1263 ι
1244 1211 1521 1283 Δρέπανον
1557 1213 1658 1283 μὲν
1697 1215 1801 1284 ὀρᾷ

237 1305 414 1357 ἱκανὸν
474 1303 713 1358 κάτωθεν
768 1304 835 1356 τὰ
881 1304 1289 1374 προσπίπτοντα
1352 1304 1666 1374 ἐκτέμνειν·
1703 1322 1798 1357 πε-

234 1394 452 1464 τόμενον
491 1394 579 1457 δὲ,
630 1395 710 1456 εἰς
761 1393 990 1464 δήλωσιν
1029 1393 1122 1446 τοῦ
1169 1393 1336 1458 ὀξέως
1391 1393 1490 1463 τὴν
1530 1395 1800 1464 τιμωρίαν

235 1485 530 1553 ἐπάγεσθαι
567 1483 666 1554 τὴν
701 1484 854 1538 Θείαν
885 1487 998 1548 τοῖς
1029 1485 1238 1556 ταύτης
1281 1485 1483 1550 ἀξίοις·
1520 1484 1720 1549 πλάτος
1746 1485 1801 1539 δέ

235 1577 324 1632 καὶ
379 1579 588 1647 μῆκος,
630 1577 704 1640 ὠς
748 1577 814 1629 ἂν
842 1577 934 1630 καὶ
973 1575 1052 1648 τῷ
1086 1575 1303 1647 μεγέθει
1350 1576 1635 1648 φοϐήσειεν
1677 1577 1802 1640 τοὺς

235 1670 544 1734 ἀκούοντας.
583 1671 742 1738 Λέγει
775 1670 832 1723 δέ
878 1669 975 1740 τὴν
1024 1669 1292 1741 τιμωρίαν
1342 1667 1544 1739 ταύτην
1574 1668 1714 1722 κατά
1740 1685 1800 1721 τε

1899 475 2065 530 dictio
2094 493 2212 546 qua:
2241 477 2516 546 egreditur
2552 492 2718 547 super
2751 477 2943 529 faciem
2975 478 3244 529 universa:
3272 484 3469 536 terrae;

1898 567 2024 634 quia
2051 566 2229 622 omnis
2255 567 2342 620 fur
2367 567 2564 621 abhinc
2603 583 2776 636 usque
2810 566 2876 619 ad
2914 575 3144 619 mortem
3185 569 3467 635 punietur.

1897 665 1952 710 et
2003 657 2182 711 omnis
2225 655 2480 725 pcrjurus
2530 655 2727 708 abhinc
2765 670 2939 723 usque
2975 655 3041 708 ad
3075 661 3304 708 mortem
3345 656 3486 708 item

1901 748 2173 816 punietur.
2202 746 2266 799 Et
2289 747 2513 800 educam
2547 746 2732 810 illam,
2766 746 2899 799 dicit
2935 745 3199 799 Dominus
3228 744 3478 815 omnipo-

1902 848 2042 900 tens,
2079 845 2131 890 et
2159 837 2494 905 ingredietur
2524 836 2578 888 in
2621 835 2843 888 domum
2881 833 3017 888 furis
3039 873 3053 895 ,
3084 843 3139 886 et
3170 834 3224 887 in
3253 834 3476 887 domum

1897 928 2136 998 jurantis
2163 928 2382 982 nomine
2408 941 2528 982 meo
2559 941 2724 996 super
2748 925 3056 988 mendacio,
3088 932 3143 978 et
3174 925 3479 979 diversahi-

1901 1027 1992 1073 tur
2041 1019 2096 1073 in
2151 1019 2328 1072 medio
2378 1019 2576 1073 domus
2626 1019 2766 1088 ejus,
2815 1027 2870 1074 et
2916 1029 3205 1074 consumet
3246 1035 3390 1083 eam,
3423 1026 3482 1071 et-

1900 1112 2044 1181 ligna
2075 1112 2196 1180 ejus
2221 1119 2273 1164 et
2313 1109 2522 1181 lapides
2563 1112 2704 1180 ejus.
2739 1131 2757 1163 ι
2800 1110 3016 1165 Falcem
3051 1111 3199 1166 videt
3223 1111 3476 1166 idoneam

1900 1202 2153 1256 deorsum
2173 1203 2412 1256 secando
2432 1210 3145 1271 quacunqueoccurrerent
3166 1219 3180 1266 ;
3203 1203 3486 1256 volantem

1901 1299 2080 1346 autem
2108 1291 2178 1345 ob
2217 1291 2588 1345 deuotandum
2621 1291 2861 1345 divinam
2897 1306 3114 1362 paruam
3147 1292 3260 1346 cito
3288 1290 3478 1345 inferri

1901 1382 2240 1436 merentibus
2275 1399 2288 1434 :
2329 1381 2567 1451 denique
2608 1382 2730 1449 ejus
2779 1383 3124 1436 latitudinem
3183 1381 3482 1452 longitudi-

1900 1489 2134 1544 nemque
2187 1474 2340 1537 dicit,
2389 1481 2448 1526 ut
2505 1473 2881 1544 magnitudine
2930 1488 3147 1544 quoque
3195 1473 3480 1527 audientes

1903 1569 2243 1625 terrcfaciat.
2270 1569 2412 1624 Dicit
2442 1583 2572 1623 vero
2616 1568 2757 1624 hanc
2783 1583 3000 1638 pmnam
3031 1566 3296 1621 adversus
3329 1564 3483 1620 fures

1903 1666 1956 1714 et
1993 1658 2243 1729 perjuros
2275 1659 2608 1713 commoveri
2637 1677 2650 1712 :
2678 1673 2990 1728 quanquam
3026 1657 3226 1726 alioqui
3264 1664 3481 1710 constat

236 1762 578 1815 κλεπτόντων
610 1761 707 1814 καὶ
740 1759 1139 1831 ἐπιορκούντων
1188 1759 1453 1813 κινεῖσθαι.
1479 1776 1494 1790 ο
1533 1760 1692 1830 δήλου
1736 1776 1800 1828 γε

1910 1750 2048 1804 haud
2089 1750 2204 1803 haec
2237 1749 2616 1804 tantummodo
2654 1750 2861 1804 versari
2905 1748 3047 1802 inter
3072 1747 3321 1801 homines
3355 1761 3482 1815 pec-

240 1855 390 1917 ὅντος
415 1895 428 1913 ,
463 1855 538 1918 ὡς
568 1854 628 1906 ού
651 1852 822 1906 ταῦτα
854 1853 1009 1923 μόνον
1040 1852 1186 1906 ἐστὶν
1214 1852 1271 1904 ἐν
1291 1851 1594 1923 ἀνθρώποις
1620 1869 1800 1922 παρα-

236 1949 556 2016 νομήματα,
599 1945 771 1998 πολλά
809 1946 863 1998 δέ
897 1947 990 1999 καὶ
1027 1946 1221 2014 ἕτερα,
1259 1944 1415 2013 φόνος
1459 1962 1520 1997 τε
1555 1945 1646 1998 καλ⁵
1689 1962 1804 2016 μοι-

237 2039 385 2107 χεία,
421 2038 514 2090 καὶ
562 2037 631 2089 τά
671 2037 834 2090 λοιπὰ
862 2031 948 2101 δὴ,
975 2031 1010 2084 ἃ
1042 2036 1171 2107 μηδὲ
1211 2037 1462 2107 ἀριθμεῖν
1507 2038 1705 2108 ῥᾴδιον.
1737 2037 1802 2088 Τί

235 2125 322 2181 οὖν
353 2132 505 2182 ἐστιν
543 2129 571 2182 ὅ
597 2145 795 2198 φησινς
828 2128 920 2190 El;
959 2127 1051 2179 δύο
1082 2127 1255 2181 ταῦτα
1288 2127 1596 2199 κυριώτατα
1632 2145 1802 2199 μεμε-

237 2219 417 2290 ρίσθαι
446 2219 544 2282 τὰς
583 2218 801 2282 ἐντολὰς
835 2217 1145 2288 συμϐέϐηκε
1182 2218 1282 2282 τὰς
1314 2219 1483 2282 θείας,
1514 2221 1593 2283 είς
1619 2237 1675 2272 τε
1706 2218 1803 2289 τὴν

237 2313 360 2381 περὶ
413 2311 546 2364 Θεὸν
593 2310 836 2380 γνώμην,
872 2310 966 2362 καί⁸
1012 2312 1091 2371 είς
1131 2310 1229 2380 τὴν
1273 2314 1400 2382 περὶ
1440 2313 1530 2365 τὸν
1579 2312 1804 2382 πλησίον

235 2401 456 2466 ἀγάπην
475 2414 490 2427 ·
515 2402 592 2464 ὡς
616 2401 711 2455 καὶ
747 2401 778 2454 6
806 2401 1012 2473 Κύριος
1039 2402 1230 2465 εἰπὼν,
1270 2425 1286 2455 ς
1343 2405 1675 2475 ’Δγαπήσεις
1702 2406 1805 2457 Κύ-

239 2508 344 2559 ριον
375 2493 470 2546 τὸν
492 2490 628 2544 Θεόν
656 2507 750 2543 σου
795 2489 856 2554 ἐξ
894 2491 1022 2562 ὅλης
1053 2492 1150 2561 τῆς
1182 2491 1410 2562 καρδίας
1448 2508 1540 2543 σου
1563 2532 1576 2552 ,
1613 2493 1707 2544 καὶ
1745 2491 1804 2558 ἐξ

235 2581 355 2650 ὅλης
384 2581 490 2650 τῆς
521 2581 758 2644 διανοίας
783 2597 874 2633 σου
897 2619 911 2644 ,
947 2582 1040 2634 καὶ
1071 2581 1129 2645 ἐξ
1157 2582 1285 2650 ὅλης
1312 2583 1408 2651 τῆς
1446 2581 1626 2651 ἰσχύος
1673 2599 1766 2634 σου
1789 2600 1802 2614 ·

237 2673 323 2724 καὶ
370 2673 687 2741 ἀγαπήσεις
714 2674 805 2724 τὸν
840 2672 1068 2742 πλησίον
1122 2691 1213 2726 σου
1245 2673 1320 2736 ὠς
1354 2673 1578 2727 σεαυτόν
1599 2691 1613 2704 ·
1656 2694 1673 2726 ι
1711 2678 1808 2728 ἐπ-

239 2764 460 2832 ήγαγεν,
495 2763 573 2832 (p.
597 2757 721 2833 479)
755 2783 774 2815 ι
814 2765 900 2816 Ἐν
928 2764 1166 2827 ἐντολαῖς
1192 2763 1414 2828 ταύταις
1441 2764 1558 2829 ὅλος
1589 2766 1618 2818 6
1649 2767 1808 2837 νόμος

239 2854 323 2906 καὶ
351 2857 399 2908 al
428 2856 708 2925 προφῆται
732 2854 1032 2925 κρέμανται
1057 2874 1070 2886 ·
1109 2874 1126 2906 ο
1167 2854 1446 2927 βουληθεὶς
1474 2857 1652 2910 τοίνυν
1680 2875 1807 2910 συν-

237 2946 410 3016 τόμως
441 2948 619 2998 εἰπεῖν
660 2947 729 3000 τά
756 2963 813 2998 τε
842 2948 922 3011 είς
952 2947 1042 3004 τὸν
1070 2949 1202 3001 Θεὸν
1227 2951 1318 3002 καὶ
1345 2948 1412 3000 τὰ
1444 2951 1522 3012 είς
1549 2950 1638 3002 τὸν
1671 2951 1808 3020 πλη-

237 3035 364 3098 σίον,
388 3038 455 3106 τῇ
489 3037 586 3105 μὲν
615 3036 872 3108 ἐπιορκία
899 3037 974 3100 ὡς
1004 3037 1083 3100 είς
1110 3035 1242 3089 Θεὸν
1269 3037 1520 3110 τεινούσῃ
1559 3037 1658 3102 τὰς
1686 3040 1811 3091 ἀσε-

239 3127 377 3190 ϐείας
423 3128 637 3190 πάσας,
685 3127 825 3195 λέγω
861 3127 918 3180 δὲ
961 3127 1059 3189 τὰς
1106 3128 1185 3190 είς
1227 3127 1359 3180 Θεὸν
1405 3127 1806 3198 πλημμελείας,

240 3217 534 3286 συλλήϐδην
561 3216 742 3284 λέγει·
777 3220 844 3288 τῇ
877 3217 934 3270 δὲ
967 3216 1176 3287 κλοπῇ,
1220 3217 1318 3288 τὴν
1370 3219 1499 3289 περὶ
1537 3219 1630 3270 τὸν
1676 3219 1811 3290 πλη-

242 3307 372 3359 σίον·
409 3307 604 3376 ἐπειδὴ
631 3305 738 3375 γὰρ
781 3307 1068 3376 ἀφαίρεσις
1103 3307 1211 3359 τῶν
1239 3309 1298 3360 ού
1327 3308 1633 3378 προσόντων
1666 3311 1810 3363 ἐστὶν

238 3399 509 3469 ἠκλοπὴ,
559 3397 766 3469 κλοπὴν
811 3399 1003 3461 κοινῶς
1047 3399 1298 3469 ὠνόμασε
1339 3402 1520 3454 πᾶσαν
1571 3401 1670 3471 τὴν
1701 3402 1811 3456 τῶν

236 3487 530 3560 ἀλλοτρίων
565 3489 857 3558 ἀφαίρεσιν
881 3505 894 3519 ·
939 3490 1024 3542 ἵνα
1061 3491 1338 3561 συντόμως
1373 3493 1501 3564 εἴπῃ
1529 3493 1612 3546 ὅτι
1641 3496 1673 3564 ὴ
1703 3495 1813 3565 ἀρὰ

237 3579 370 3650 αὕτη
402 3580 642 3650 μεγίστη
681 3597 740 3632 τε
766 3583 858 3634 καὶ
887 3581 1096 3651 φοϐερὰ
1128 3584 1222 3635 καὶ
1257 3583 1417 3636 παντί
1456 3601 1519 3652 γε
1551 3585 1806 3651 ἐπιοῦσα,

239 3669 341 3722 ιίτε
365 3673 446 3734 είς
471 3670 607 3722 Θεόν
629 3687 682 3722 τι
711 3670 956 3741 ἀσεϐοίη,
988 3672 1098 3726 εἴτε
1121 3671 1201 3733 εἰς
1213 3670 1304 3724 τὸν
1338 3673 1562 3743 πλησίον
1599 3675 1739 3728 κατά
1759 3691 1812 3726 τι

239 3762 438 3814 πταίοι.
483 3762 650 3828 Λέγει
688 3761 744 3814 δὲ
779 3762 859 3814 ὅτι
899 3762 992 3814 καὶ
1022 3761 1312 3816 καταλύσει
1338 3764 1395 3816 ἐν
1429 3764 1578 3833 μέσῳ
1606 3764 1700 3816 τοῦ
1737 3767 1815 3818 ot-

241 3871 330 3905 κου
359 3854 551 3916 αὑτοῦ,
595 3855 690 3905 καὶ
717 3852 1019 3906 συντελέσει
1064 3854 1225 3907 αὐτὸν
1259 3856 1353 3908 καὶ
1385 3855 1453 3908 τὰ
1488 3854 1619 3919 ξύλα
1647 3856 1812 3910 αὑτοῦ

239 3944 472 4006 καὶτοὺς
490 3943 671 4006 λίθους
687 3941 850 3995 αὐτοῦ
872 3960 886 3972 ·
920 3944 1006 3995 ἵνα
1027 3943 1175 4017 εἴπῃ,
1193 3945 1270 3997 ὅτι
1305 3944 1402 4014 μὲν
1427 3942 1566 3999 Εῐπα
1592 3947 1815 4017 τοιούτῳ

239 4035 628 4104 ἀμετανοήτως
658 4034 936 4097 πταίοντι,
983 4034 1046 4086 Ἢ
1072 4035 1366 4106 τιμωρίαή
1399 4035 1518 4088 θεία
1562 4036 1718 4107 ἄχρις
1748 4036 1815 4090 ἂν

237 4126 398 4178 αὐτὸν
433 4127 533 4178 σὺν
563 4127 770 4179 ἅπασιν
803 4126 1056 4197 ἐξαλείψῃ
1096 4130 1206 4191 τοῖς
1245 4129 1596 4198 προσήκουσι.
1630 4128 1730 4182 Διά
1759 4131 1816 4184 δὲ

235 4217 437 4270 τούτων
465 4217 758 4288 αὐτάρκως
791 4218 1031 4288 φοϐήσας
1064 4220 1258 4281 αὐτοὺς
1279 4258 1292 4281 ,
1332 4219 1570 4272 δείκνυσι
1602 4220 1689 4275 διὰ
1709 4223 1816 4276 τῶν

237 4307 360 4376 ἑξῆς
389 4309 758 4380 ἀφῃρημένην
782 4310 959 4362 αὐτῶν
996 4311 1094 4381 τὴν
1141 4311 1278 4380 ὑπὲρ
1307 4311 1415 4365 τῶν
1454 4311 1817 4382 παρεληλυθό-

1903 1850 2042 1904 cata,
2077 1840 2249 1896 sedet
2289 1841 2394 1894 alia
2441 1842 2630 1904 multa,
2674 1841 3026 1894 homicidium
3059 1849 3224 1909 puta,
3267 1837 3480 1892 adulte-

1905 1933 2081 1996 rium,
2118 1941 2173 1985 et
2218 1941 2412 1988 caetera
2453 1949 2574 2004 quae
2617 1932 2783 2006 31a.
2816 1931 2961 1986 haud
3011 1932 3170 1987 facile
3202 1929 3480 1986 numerari

1903 2033 2127 2093 queunt.
2151 2024 2292 2090 Quid
2319 2039 2451 2096 ergo
2476 2025 2634 2079 dicit?
2664 2027 2720 2078 lu
2743 2028 2854 2079 haec
2876 2025 2986 2078 duo
3009 2023 3293 2093 potissima
3309 2021 3482 2077 dividi

1905 2116 2082 2170 solcnt
2133 2115 2388 2168 mandata
2428 2117 2646 2180 divina,
2679 2132 2877 2186 nempe
2923 2116 2978 2169 in
3025 2114 3121 2169 Dei
3157 2114 3481 2176 scientiam,

1902 2216 1958 2264 ct
2001 2209 2054 2262 in
2093 2207 2419 2263 charitatem
2453 2224 2582 2280 erga
2629 2210 2959 2279 proximum.
3005 2207 3188 2274 Quare
3215 2215 3270 2262 et
3300 2206 3486 2260 Domi-

1905 2318 2008 2356 nus
2027 2308 2314 2371 postquam
2332 2301 2471 2356 dixit
2487 2302 2554 2364 “,
2583 2319 2602 2352 ι
2625 2300 2825 2371 Diliges
2841 2299 3125 2352 Dominum
3146 2297 3312 2351 Deum
3332 2305 3483 2350 tuum

1905 2409 1968 2448 ex
1997 2401 2114 2447 toto
2146 2393 2312 2447 corde
2342 2400 2437 2446 tuo
2463 2436 2476 2458 ,
2505 2408 2571 2446 ex
2605 2399 2716 2446 tota
2748 2398 2931 2445 mente
2957 2397 3071 2455 tua,
3109 2396 3165 2443 et
3198 2403 3266 2443 ex
3303 2387 3484 2443 omni-

1905 2485 2008 2540 bus
2053 2483 2261 2538 viribus
2310 2482 2454 2545 tuis,
2503 2482 2742 2551 itemque
2795 2479 3102 2550 proximum
3144 2487 3294 2531 tuum
3342 2477 3487 2532 sicut

1907 2585 1959 2632 te
1981 2577 2192 2647 ipsum;
2225 2595 2242 2626 ν
2277 2573 2523 2628 addidit:
2562 2591 2581 2624 ι
2622 2573 2679 2626 ln
2715 2571 2799 2626 his
2824 2569 3096 2624 mandatis
3113 2569 3365 2623 universa
3400 2568 3481 2622 lex

1909 2668 2104 2740 pendet
2141 2677 2195 2722 et
2242 2666 2540 2737 prophetae.
2580 2685 2598 2717 ι
2635 2665 2836 2719 Volens
2859 2663 3041 2732 itaque
3081 2662 3184 2716 hoc
3217 2662 3336 2716 loco
3357 2661 3489 2717 bre-

1907 2762 2047 2816 viter
2091 2761 2272 2816 dicere
2315 2774 2437 2830 qua:
2476 2758 2646 2813 Deum
2704 2771 2933 2827 quchue
2999 2755 3306 2825 proximum
3363 2769 3487 2825 spe-

1909 2865 2094 2923 ctant;
2120 2854 2361 2926 perjurio
2382 2854 2600 2925 quidem
2626 2851 2769 2924 quod
2785 2853 2838 2904 in
2866 2849 3033 2905 Deum
3055 2849 3246 2912 tendit,
3265 2857 3489 2903 cunctas

1911 2948 2378 3018 irrcligiositates,
2398 2946 2453 3000 id
2475 2954 2559 3001 est
2589 2947 2853 3000 adversus
2873 2941 3040 2998 Deum
3074 2948 3318 3010 peccata.
3337 2957 3488 2994 com-

1853 3053 1894 3110 ί]
1912 3041 2106 3111 pendio
2131 3040 2266 3095 dicit
2294 3059 2307 3094 :
2335 3032 2705 3102 furto'autem,
2735 3051 2855 3106 quae
2877 3035 3144 3090 adversus
3175 3035 3486 3104 proximum

1910 3141 2056 3186 sunt.
2088 3130 2223 3185 Nam
2255 3131 2380 3201 quia
2413 3130 2615 3184 furtqu
2646 3135 2731 3183 est
2761 3128 2837 3181 rei
2866 3126 3057 3182 alienae
3086 3125 3309 3186 ablatio,
3341 3141 3488 3180 nunc

1914 3224 2116 3278 furtum
2153 3223 2482 3292 generaliter
2529 3220 2820 3291 appellavit
2862 3219 3132 3290 quidquid
3177 3219 3336 3274 alteri
3386 3233 3486 3272 au.-

1913 3313 2121 3378 fertur;
2183 3322 2242 3367 ut
2297 3313 2486 3382 paucis
2543 3311 2812 3381 signiticet
2859 3308 3299 3364 tnaledietionem
3346 3307 3488 3362 hanc

1911 3409 2034 3460 esse
2068 3405 2362 3458 maximam
2395 3419 2457 3457 ac
2497 3402 2799 3458 terribilem
2835 3408 2888 3454 et
2919 3401 3143 3455 cuilibet
3171 3399 3488 3470 impenden-

1913 3504 2044 3554 tem,
2090 3493 2205 3547 sive
2249 3493 2294 3547 is
2335 3493 2390 3546 in
2425 3491 2594 3545 Deum
2635 3491 2837 3558 impius
2880 3491 2972 3555 sit,
3020 3491 3137 3545 sive
3180 3489 3487 3558 proximum

1913 3583 2322 3654 quomodolibet
2357 3583 2544 3637 violet.
2590 3581 2935 3636 Dicitantem
2976 3582 3090 3636 fore
3121 3593 3178 3636 ut
3219 3597 3281 3635 ea
3319 3581 3489 3635 male—

1913 3675 2083 3730 dictio
2112 3675 2421 3729 diversetttr
2458 3674 2605 3728 domi
2639 3675 2781 3742 ejus,
2831 3681 2885 3727 et
2928 3682 3219 3727 consumat
3252 3673 3397 3726 illam
3426 3687 3492 3727 ac

1916 3768 2120 3837 lapides
2170 3767 2378 3836 ipsius;
2437 3767 2489 3820 id
2529 3775 2631 3830 est,
2679 3766 2796 3821 Dixi
2842 3767 2969 3820 huic
3003 3767 3124 3820 sine
3171 3765 3492 3836 paenitentia

1915 3859 2160 3930 peccanti
2201 3876 2215 3912 :
2250 3858 2440 3912 Divina
2467 3871 2625 3927 paena
2658 3865 2884 3913 eatenus
2905 3856 3293 3927 perseverabit,
3322 3856 3494 3913 donec

1918 3957 2263 4017 peccatorem
2303 3963 2427 4001 eum
2467 3948 2616 4003 onmi
2665 3963 2720 4003 re
2744 3964 2843 4002 sua
2880 3956 3187 4002 consumat.
3214 3948 3326 4017 Age
3359 3963 3493 4004 vero

1917 4049 2202 4108 postquam
2235 4039 2367 4093 satis
2402 4053 2497 4093 eos
2525 4036 2829 4103 terrefecit,
2865 4037 3102 4093 ostendit
3132 4036 3186 4090 in
3219 4037 3497 4105 sequenti-

1921 4132 2022 4187 bus
2045 4133 2328 4186 remissam
2357 4130 2526 4186 fuisse
2555 4133 2882 4200 praeteritam
2910 4131 3127 4184 illorum
3163 4131 3378 4198 culpam
3407 4139 3494 4182 at-

1917 4237 2023 4290 que
2057 4235 2271 4290 poenam
2297 4238 2311 4285 ;
2339 4228 2398 4273 ut
2425 4220 2602 4290 magis
2630 4219 2757 4274 inde
2778 4227 3137 4289 cognoscant,
3170 4226 3292 4287 post
3321 4219 3495 4290 impe-

1920 4319 2115 4365 tratam
2152 4311 2554 4380 praeteritorum
2597 4310 2831 4371 veniam,
2863 4320 3114 4378 oportere
3141 4324 3237 4363 eos
3260 4308 3495 4379 diligen-

236 4416 340 4452 των
393 4400 677 4470 ἁμαρτίαν
728 4417 785 4452 τε
831 4401 924 4453 καὶ
971 4401 1272 4473 τιμωρίαν·
1318 4402 1392 4466 ὡς
1437 4401 1503 4455 ἂν
1558 4403 1807 4473 μειζόνως

1925 4404 2034 4456 tius
2058 4401 2150 4457 Dei
2178 4403 2447 4456 voluntati
2477 4401 2728 4470 obsequi.
2763 4399 3129 4465 Quamobrem
3161 4399 3309 4454 addit
3340 4417 3353 4452 :

237 4489 410 4558 ἔχοιεν
441 4489 660 4551 εἰδέναι,
692 4491 773 4542 ὅτι
813 4491 909 4560 τῆς
943 4493 1054 4554 τοῖς
1101 4491 1194 4544 ἐπὶ
1223 4492 1576 4563 προειληφόσι
1624 4495 1843 4564 χάριτος
1879 4493 2169 4564 τετυχότας
2202 4493 2466 4564 προσήκοι
2496 4491 2562 4544 ἂν
2600 4489 3018 4560 ἐπιμελέστερον
3045 4489 3363 4559 ἀντέχεσθαι
3391 4488 3499 4543 τῶν

235 4581 538 4634 δοκούντων
575 4581 713 4651 Θεῷ.
740 4582 830 4634 Διὸ
858 4583 1071 4646 ἐπάγει·

305 4673 458 4742 Στίχ.
502 4672 648 4742 εὀη’.
678 4703 747 4712 -—
783 4691 802 4723 ι
855 4673 967 4724 Καὶ
994 4668 1219 4742 ἐξῆλθεν
1250 4673 1278 4723 6
1320 4670 1550 4739 ἄγγελος
1581 4672 1608 4723 6
1641 4670 1817 4723 λαλῶν

236 4769 292 4819 ἐν
327 4768 481 4836 ἐμοὶ,
515 4769 608 4820 καὶ
633 4763 754 4820 εἷπε
798 4769 932 4837 πρός
965 4785 1031 4836 με
1055 4783 1069 4797 ·
1127 4766 1452 4835 ’Λνάϐλεψον
1478 4768 1590 4828 τοῖς
1619 4765 1820 4834 ὀφθαλ-

240 4860 359 4925 μοῖς
390 4875 493 4910 σου
523 4861 618 4912 καὶ
662 4858 738 4911 ἴδε
769 4859 819 4911 τί
854 4859 912 4911 τὸ
939 4858 1368 4928 ἐκπορευόμενον
1399 4856 1587 4909 τοῦτο·
1629 4859 1720 4910 καὶ
1743 4853 1820 4910 εἷ-

239 4963 360 5012 πον,
396 4949 466 5000 Τί
506 4950 652 5014 ἐστι;
690 4950 785 5001 καὶ
831 4945 973 5012 εἷπε,
1030 4950 1200 5002 Τοῦτο
1230 4948 1289 5000 τὸ
1322 4948 1518 5018 μέτρον
1566 4947 1626 5000 τὸ
1657 4951 1823 5002 ἐκπο-

240 5039 536 5108 ρευόμενον
555 5057 572 5072 ·
601 5043 698 5094 καὶ
726 5036 900 5104 εἷπεν,
933 5041 1080 5110 Αὕτη
1111 5043 1144 5110 ὴ
1185 5039 1365 5093 ἀδικία
1390 5039 1568 5092 αὐτῶν
1589 5041 1647 5092 ὲν
1672 5041 1821 5112 πάσῃ

235 5131 300 5197 τῇ
352 5132 460 5198 γῇ·
524 5133 618 5185 καί
673 5132 781 5185 ἰδοὺ
845 5133 1102 5186 τάλαντον
1161 5131 1410 5202 μολίϐδου
1438 5131 1818 5202 ἐξαιρόμενον·

241 5220 314 5296 (p.
367 5225 514 5290 473)
553 5225 648 5276 καὶ
695 5225 804 5276 ἰδοὺ
856 5225 991 5294 γυνὴ
1047 5225 1142 5294 μία
1180 5223 1413 5294 ἐκάθητο
1450 5225 1508 5275 ἐν
1541 5224 1690 5294 μέσῳ
1723 5222 1819 5276 τοῦ

242 5320 448 5388 μέτρου
475 5355 488 5374 .
518 5317 610 5368 καὶ
641 5310 814 5377 εἶπεν,
845 5315 990 5387 Αὕτη
1027 5316 1174 5368 ἐστὶν
1201 5316 1232 5384 ἡ
1271 5314 1470 5384 ἀνομία
1493 5329 1506 5342 ·
1534 5315 1629 5367 καὶ
1669 5313 1819 5385 ἔρρι-

239 5412 338 5474 Ιζιεν
367 5413 547 5479 αὐτὴν
575 5413 656 5473 είς
699 5410 862 5479 μέσον
889 5410 981 5463 τοῦ
1021 5410 1248 5480 μέτρου·
1284 5409 1377 5463 καὶ
1407 5407 1598 5480 ἔρριψε
1628 5409 1690 5461 τὸ
1727 5409 1820 5462 τά·

239 5504 437 5556 λαντον
475 5500 565 5553 τοῦ
597 5501 846 5570 μολίϐδου
875 5503 951 5566 εἰς
986 5502 1047 5554 τὸ
1075 5501 1246 5572 στόμα
1280 5502 1466 5571 αὐτῆς.
1497 5519 1514 5553 ι
1534 5501 1637 5554 Τὸν
1659 5501 1821 5554 αὑτὸν

311 5685 357 5714 εο
409 5681 603 5735 Matth.
665 5695 798 5734 xm.
841 5679 931 5745 57,
974 5692 1092 5746 sqq.

1991 4668 2156 4725 Vens.
2194 4670 2302 4724 5-8.
2344 4701 2410 4711 -
2441 4690 2460 4720 ε
2498 4669 2561 4724 Ει
2610 4687 2866 4742 egressus
2899 4681 2985 4728 est
3028 4671 3255 4742 angelus
3288 4671 3380 4741 qui
3417 4671 3500 4725 lo-

1919 4763 2186 4832 quebatur
2225 4763 2277 4815 in
2331 4779 2450 4823 me,
2508 4761 2755 4833 dixitque
2808 4763 2940 4818 mihi
2986 4783 2998 4817 :
3053 4762 3282 4832 Suspicc
3321 4760 3500 4815 oculis

1923 4857 2052 4915 tuis.
2109 4865 2162 4908 et
2207 4854 2329 4908 vide
2376 4854 2478 4908 hoc
2534 4855 2681 4923 quod
2722 4856 3021 4925 egreditur.
3075 4855 3139 4908 Et
3166 4854 3278 4908 dixi
3315 4872 3327 4906 :
3359 4852 3500 4918 Quid

1923 4946 2042 5000 cSt?
2091 4945 2154 4998 Et
2186 4947 2262 5000 ait
2294 4963 2306 4999 :
2342 4944 2466 4999 Haec
2506 4953 2591 5000 est
2635 4962 2894 5002 mensura
2935 4963 3056 5016 quae
3105 4945 3402 5013 egreditur.
3437 4941 3504 4994 Et

1930 5040 2004 5092 ait
2044 5059 2055 5091 :
2091 5037 2214 5091 llaec
2247 5045 2329 5092 est
2357 5037 2618 5108 iniquitas
2645 5055 2834 5094 eorum
2867 5040 2920 5092 in
2954 5038 3209 5091 universa
3235 5045 3402 5090 terra.
3435 5033 3504 5088 Et

1926 5145 2052 5184 ecce
2076 5130 2333 5184 talentum
2353 5131 2552 5199 plumbi
2571 5131 2857 5185 elevatum:
2882 5137 3070 5183 etecce
3084 5126 3278 5181 nmlier
3299 5141 3403 5179 una
3426 5140 3508 5180 se-

1927 5223 2087 5278 debat
2105 5222 2157 5276 in
2177 5238 2442 5277 mensurae
2467 5223 2661 5278 medio.
2687 5221 2752 5275 Et
2773 5221 2910 5275 dixit
2935 5238 2948 5275 :
2976 5218 3097 5273 llaec
3119 5226 3202 5274 est
3223 5217 3383 5288 315
3400 5218 3507 5272 iui—

1926 5315 2126 5383 qlu'tas.
2155 5312 2218 5365 Et
2237 5312 2470 5380 conjecit
2497 5327 2616 5365 eam
2635 5311 2688 5365 in
2714 5309 2949 5363 medium
2977 5324 3273 5372 mensurae;
3295 5314 3347 5362 et
3378 5323 3510 5376 pro-

1924 5404 2054 5474 jecit
2076 5401 2306 5472 lapidem
2326 5402 2529 5474 plumbi
2551 5402 2601 5455 in
2633 5416 2696 5456 os
2713 5401 2854 5469 ejus.
2886 5416 2904 5448 I
2944 5399 3203 5454 Euntdem
3224 5398 3367 5454 videt
3388 5415 3518 5455 rur-

1930 5513 2024 5554 sus
2068 5495 2339 5566 angelum,
2381 5494 2654 5565 jubcutcm
2679 5492 2726 5547 ei
2755 5499 2811 5545 ut
2840 5491 3106 5560 aspiceret
3131 5487 3271 5561 quod
3290 5487 3345 5543 in
3373 5503 3524 5559 ιιι-τε.
