4106 6238
458 328 560 385 555

1654 315 2006 372 THiiODOIlI
2040 318 2267 376 MOPSU
2279 319 2521 376 ESTENI
3619 306 3721 359 53G

458 439 595 495 senti
625 438 834 493 visione
852 437 1165 493 discurrere
1193 436 1497 491 videbatur.
1524 434 1754 505 Moxque
1772 436 2034 506 prOpheta

2162 439 2239 507 ιρᾷ
2271 440 2431 492 πάλιν
2472 437 2722 506 ἄγγελον,
2751 436 2960 489 ἀπιδεῖν
2992 433 3141 503 αὐτῷ
3169 431 3459 485 κελεύοντα
3508 427 3641 499 πρὸς
3664 427 3729 482 τδ

461 533 694 588 intuitus
740 531 962 601 rogabat
995 550 1005 584 :
1048 528 1317 595 Quidnam
1354 529 1454 582 hoc
1500 528 1620 582 est?
1651 528 1886 597 Angelus
1918 543 2044 581 vero

461 621 743 691 t'espond.t
773 622 912 673 hanc
960 634 1084 674 esse
1130 631 1441 672 mensuram
1493 631 1700 685 postue.
1740 630 1902 683 quam
1929 629 2046 682 per-

460 715 569 785 ιγ)ιί
625 712 977 766 merebantur
1026 709 1281 763 Israelita:
1329 722 1538 761 morum
1585 720 1811 761 suorum
1857 720 2040 759 causa.

463 807 671 860 Deinde
728 805 933 874 plumbi
991 804 1252 857 talentum
1316 802 1486 863 videt,
1532 799 1679 869 quod
1739 807 1792 853 et
1854 806 2046 867 suapte

463 907 660 952 natura
704 909 867 966 grave
896 904 999 961 est,
1029 902 1083 948 et
1130 894 1334 963 ingenti
1382 891 1622 963 pondere
1650 897 1841 960 urget,
1879 896 1939 943 ut
1967 888 2046 943 sic

464 1004 638 1058 pinna:
666 990 985 1059 gravitatem
1019 987 1291 1042 ostendat.
1324 984 1497 1040 Porro
1529 983 1823 1053 quamdam
1862 981 2049 1035 mulie-

468 1098 581 1135 rem
624 1097 894 1137 mensurae
948 1080 1275 1134 insidentem
1328 1078 1552 1139 videns,
1615 1075 1757 1128 hanc
1808 1073 1884 1126 ait
1925 1087 2048 1127 esse

471 1187 754 1247 peccatum
781 1194 795 1241 ;
820 1192 944 1230 nam
971 1192 1068 1246 pro
1092 1175 1299 1245 peccati
1324 1173 1565 1234 modulo,
1593 1184 1765 1240 pmnte
1785 1168 2045 1237 gravitas,

470 1277 528 1322 ut
553 1283 648 1338 par
675 1276 794 1331 est,
830 1266 1214 1336 deputabatur.
1268 1262 1474 1317 Deinde
1516 1259 1799 1313 mulierem
1836 1257 1889 1311 in
1942 1270 2049 1309 me-

469 1361 615 1412 diam
659 1371 972 1412 mensuram
1020 1354 1258 1425 conjecit
1288 1394 1302 1417 ,
1344 1352 1661 1423 plumbique
1697 1349 1957 1402 talentum
1992 1345 2049 1398 in

469 1467 564 1506 ore
587 1450 710 1521 ejus
738 1450 917 1521 posuit
936 1488 950 1511 ,
982 1448 1390 1509 demonstrans,
1428 1444 1596 1499 Deum
1628 1452 1738 1497 tum
1764 1448 2047 1510 peccatum

470 1554 586 1596 tum
616 1549 1035 1596 eonscctaneam
1071 1540 1121 1594 ei
1156 1552 1371 1607 ptcnam
1411 1535 1575 1590 simul
1613 1531 1925 1592 sustulisse,
1969 1537 2050 1583 to-

471 1646 693 1706 tamque
713 1635 981 1689 malorum
1010 1633 1330 1702 gravitatem
1364 1630 1418 1683 in
1457 1628 1607 1683 illius
1636 1640 1698 1681 os
1723 1622 2046 1683 contulisse,

472 1727 629 1797 quasi
656 1724 994 1780 obstruendo
1022 1720 1479 1791 impediendoun
1506 1730 1624 1769 eam
1651 1728 1680 1766 a
1706 1710 1904 1781 praeda,
1941 1724 2049 1778 quo

474 1820 745 1891 signiticet
777 1826 1010 1872 cunctas
1038 1816 1088 1870 ei
1122 1816 1265 1868 vires
1301 1813 1547 1876 ablatas;
1592 1811 1665 1861 ita
1707 1814 1767 1859 ut
1801 1820 1870 1860 ne
1899 1804 2051 1857 vocis
2083 1806 2126 1860 Β

475 1912 692 1979 quidem
738 1924 851 1965 suae
886 1914 1208 1979 potestatem
1255 1903 1523 1967 retineat;
1565 1901 1615 1952 id
1658 1906 1761 1964 est,
1812 1913 1879 1951 ne
1916 1895 2053 1949 forte

474 2004 739 2059 lsraelitis
776 2002 1090 2070 exprobret,
1126 1998 1196 2052 ob
1236 2012 1299 2051 ea
1330 2010 1449 2066 quae
1496 1992 1643 2062 passi
1683 1997 1863 2053 erant,
1905 1989 2053 2042 dere-

473 2098 748 2152 tiationem
781 2094 898 2156 Dei,
944 2106 1159 2147 omnem
1190 2104 1409 2159 quoque
1442 2087 1592 2141 vocis
1631 2084 1943 2138 facultatem
1975 2080 2050 2132 illi

475 2196 737 2258 ereptam.
773 2186 927 2240 Sicut
954 2185 1145 2239 beatus
1178 2184 1250 2236 ait
1276 2179 1441 2233 David
1478 2198 1489 2233 :
1521 2196 1537 2228 ι
1580 2176 1724 2229 Muta
1752 2173 1881 2227 fiant
1909 2171 2051 2226 labia

475 2282 687 2341 delusa,
734 2292 856 2349 quae
896 2277 1198 2345 loquuntur
1244 2274 1507 2327 adversus
1545 2270 1755 2339 justum
1801 2263 2057 2334 iniquita-

477 2380 586 2425 tem
630 2369 703 2428 ".
762 2386 783 2420 ι
812 2367 876 2420 Et
916 2367 1032 2419 luce
1075 2362 1295 2433 quidem
1348 2360 1517 2421 vidit,
1563 2368 1622 2411 ut
1674 2354 2057 2411 ostenderetur

479 2463 849 2520 lsraelitarum
886 2459 1206 2528 iniquitates
1268 2468 1571 2522 eorumque
1603 2464 1795 2523 pmnas
1832 2460 2058 2518 prorsus

481 2561 649 2613 fuisse
679 2555 959 2611 remissas.
1000 2550 1156 2604 Nune
1187 2565 1355 2613 vero,
1382 2554 1439 2599 ut
1469 2546 1648 2615 palam
1688 2544 1801 2605 fiat,
1840 2553 2056 2610 poenam

483 2649 743 2707 lsraelitis
774 2647 1062 2702 remissam
1088 2682 1102 2705 .
1141 2644 1197 2697 in
1228 2657 1418 2698 eorum
1462 2640 1647 2694 hostes
1687 2635 1858 2689 fuisse
1893 2632 2059 2687 colla-

481 2756 623 2808 tam,
659 2743 832 2814 pergit
865 2742 1046 2794 dicere
1090 2756 1103 2768 ο

560 3116 724 3171 Vsus.
759 3111 910 3166 9-H.
946 3137 1013 3148 ——
1043 3126 1064 3157 ι
1103 3104 1168 3160 Et
1190 3106 1362 3159 levari
1389 3102 1581 3157 oculos
1611 3113 1783 3161 meos,
1813 3094 2057 3163 vidique,
2090 3088 2134 3148 C

491 3218 549 3263 et
583 3221 712 3263 ecce
758 3206 881 3259 duce
922 3201 1178 3255 mulieres
1219 3195 1583 3268 egredientes,
1632 3198 1686 3245 et
1731 3186 1959 3257 spiritus
2006 3185 2061 3238 in

485 3301 588 3357 alia
617 3312 827 3354 earum.
870 3293 935 3346 Et
990 3294 1126 3361 ipsae
1181 3286 1456 3342 habebant
1494 3284 1645 3345 alas,
1681 3288 1740 3333 ut
1782 3285 1911 3332 sunt
1967 3275 2065 3327 alte

489 3407 701 3464 upupae.
751 3388 817 3442 Et
859 3386 1173 3442 extulerunt
1206 3392 1518 3435 mensuram
1572 3376 1712 3429 inter
1749 3384 1952 3425 terram
2000 3381 2065 3420 ac

489 3486 709 3542 caelum.
767 3478 833 3534 Et
866 3477 982 3541 dixi
1020 3473 1234 3544 angelo,
1293 3470 1387 3541 qui
1437 3467 1766 3538 loquebatur
1820 3464 1873 3517 in
1926 3479 2061 3515 me:

490 3578 739 3644 Quonam
781 3573 902 3627 ista
928 3580 1246 3623 mensuram
1278 3560 1570 3618 deferunt?
1601 3557 1854 3626 Dixitque
1884 3554 2013 3608 mihi
2049 3574 2061 3604 ρ

488 3670 571 3724 Ad
603 3663 982 3723 mdificandum
1011 3661 1061 3716 ei
1088 3661 1308 3714 domum
1342 3655 1397 3708 in
1433 3652 1657 3723 regione
1689 3646 1983 3718 Babylonis
2013 3651 2067 3697 et

486 3756 921 3831 praeparandum.
954 3752 1022 3806 Et
1040 3755 1246 3820 ponent
1276 3746 1419 3800 illam
1438 3742 1512 3798 ibi
1538 3757 1699 3812 super
1718 3740 2063 3809 praparatio-

486 3830 612 3904 nem
645 3847 806 3900 illius.
835 3864 852 3896 ι
880 3838 1216 3910 Videt316
1238 3836 1459 3905 insuper
1485 3833 1621 3887 duas
1643 3830 1913 3892 mulieres,
1943 3843 2065 3897 qua:

490 3933 739 3989 celeriter
763 3929 1057 3984 admodum
1085 3925 1374 3987 volabant;
1406 3920 1459 3975 id
1488 3919 1635 3974 enim
1662 3917 1845 3971 valent
1880 3913 2062 3976 verba,

496 4045 517 4076 ι
547 4024 772 4094 spiritus
796 4021 851 4075 in
895 4018 993 4073 alis
1020 4031 1227 4077 earum,
1260 4033 1277 4063 ι
1303 4028 1332 4065 a
1357 4026 1466 4080 quo
1496 4008 1662 4063 veluti
1694 4005 1940 4076 impulsae
1971 4019 2064 4057 ve-

490 4117 740 4171 lociorem
775 4111 1044 4166 faciebant
1078 4107 1337 4161 volatum.
1366 4102 1437 4155 Ea
1463 4108 1684 4169 propter
1719 4111 1911 4167 upupa:
1937 4094 2070 4148 dicit

494 4210 637 4278 ipsas
666 4205 867 4260 habere
909 4201 1043 4262 alas,
1069 4198 1223 4267 cujus
1257 4196 1371 4249 avis
1405 4194 1550 4247 celer
1590 4198 1673 4245 est
1714 4189 1944 4245 volatus.
1978 4187 2069 4240 liae

478 4314 677 4371 porro.
721 4294 916 4363 inquit.
958 4289 1213 4345 mulieres
1251 4287 1396 4340 illam
1424 4299 1599 4354 poena:
1646 4294 1953 4335 mensuram
1984 4294 2070 4331 ra-

493 4392 704 4462 pientes
726 4397 886 4457 atque
921 4385 976 4437 in
998 4383 1167 4436 altum
1205 4378 1510 4440 eﬂerentes,
1547 4374 1712 4429 multa
1753 4387 1874 4427 eum
1905 4371 2071 4425 vehe-

2145 533 2201 583 ἐν
2231 534 2297 600 τῇ
2327 530 2445 600 ὄψει
2472 531 2774 599 δια-τρέχειν
2807 530 2872 598 τῇ
2904 527 3154 597 παρούσῃ
3180 523 3390 577 δοκοῦν.
3426 519 3543 575 Εἶθ’
3571 524 3600 574 ὁ
3628 521 3727 590 μὲν

2146 624 2428 694 προφήτης
2463 621 2795 691 θεασάμενος
2824 620 3007 690 ἤρετο,
3033 617 3095 669 Τί
3120 616 3184 686 δὴ
3217 615 3375 668 τοῦτό
3401 615 3548 667 ἐστιν
3577 631 3591 677 ;
3622 613 3726 667 ὁδε

2144 715 2495 788 ἀπεκρίνατο,
2523 714 2605 767 ὃτι
2637 713 2833 783 μέτρον
2870 710 3026 763 τοῦτο
3070 709 3165 777 τῆς
3191 707 3458 777 τιμωρίας
3498 706 3563 776 ἢν
3596 704 3729 758 ὑπο-

2150 811 2326 878 μεῖναι
2358 807 2635 877 προσῆκον
2665 801 2731 875 ἦν
2770 807 2895 867 τοὺς
2934 802 3272 873 Ἰσραηλίτας
3301 799 3440 869 ὑπὲρ
3474 790 3548 850 ῶν
3612 804 3725 856 διε..

2154 899 2465 967 πράττοντο.
2492 892 2623 951 Εῐτα
2642 896 2836 967 θεωρεῖ
2852 892 3111 948 τάλαντον
3148 893 3247 962 μὲν
3286 889 3555 960 μολίϐδου,
3583 887 3611 941 ὃ
3635 887 3731 941 καὶ

2147 993 2213 1059 τῇ
2250 989 2409 1058 φύσει
2435 986 2572 1057 βαρὺ
2602 985 2697 1038 καὶ
2728 984 2805 1054 τῷ
2835 982 3062 1054 σταθμῷ
3084 982 3251 1035 πολὺν
3277 980 3401 1051 ἔχον
3424 979 3512 1032 τὸν
3543 977 3726 1046 δγκον,

2149 1082 2222 1144 ὼς,
2257 1080 2323 1133 ἂν
2348 1078 2491 1132 οὕτω
2520 1078 2615 1149 τῆς
2642 1076 2911 1148 τιμωρίας
2934 1076 3155 1140 δείξειεν
3184 1075 3283 1146 τὴν
3311 1072 3605 1143 βαρύτητα·
3637 1087 3733 1139 γν-

2150 1175 2310 1226 ναῐκα
2336 1172 2393 1225 δέ
2420 1188 2541 1224 τινα
2569 1168 2937 1239 καθεζομένην
2954 1169 3046 1225 ἐπὶ
3063 1164 3156 1219 τοῦ
3175 1162 3394 1237 μέτρου,
3409 1164 3477 1234 ἢν
3500 1160 3733 1232 ἀνομίαν

2150 1267 2350 1334 ἔφησεν
2396 1258 2563 1316 εἶναι·
2601 1264 2664 1314 ὲκ
2696 1260 2804 1329 γὰρ
2835 1259 2935 1329 τῆς
2982 1256 3217 1327 ἀνομίας
3251 1254 3326 1318 ὡς
3364 1254 3511 1317 είκὸς
3561 1254 3596 1323 ἡ
3623 1250 3726 1321 τῆς

2150 1357 2419 1428 τιμωρίας
2442 1355 2649 1424 ἐγίνετο
2672 1351 2911 1424 βαρύτης
2930 1368 2942 1380 ·
2971 1347 3086 1402 εἶτα
3118 1348 3287 1419 αὑτήν
3314 1364 3375 1399 τε
3405 1344 3627 1418 ἔρριψεν
3653 1346 3734 1406 είς

2150 1451 2210 1504 τὸ
2243 1449 2407 1519 μέσον
2450 1446 2548 1516 τοῦ
2588 1446 2805 1517 μέτρου·
2838 1442 2933 1496 καλ⁵
2969 1442 3029 1495 τὸ
3055 1439 3149 1493 τοῦ
3187 1436 3436 1509 μολίϐδου
3467 1436 3734 1489 τάλαντον

2150 1541 2391 1594 τέθεικεν
2425 1538 2519 1590 ἐπὶ
2562 1536 2656 1590 τοῦ
2713 1536 2977 1602 στόματος
3008 1531 3211 1601 αὐτῆς,
3263 1529 3478 1591 δεικνὺς
3518 1527 3600 1581 ὅτι
3637 1526 3735 1579 καὶ

2152 1636 2251 1705 τὴν
2292 1632 2603 1704 ἁμαρτίαν,
2650 1631 2743 1683 καὶ
2784 1630 2884 1700 τὴν
2923 1628 2987 1679 ὲκ
3035 1622 3237 1693 ταύτης
3280 1619 3550 1692 τιμωρίαν
3595 1615 3737 1673 κατά

2140 1727 2349 1782 ταυτὸν
2376 1726 2628 1795 ἠφάνισε,
2664 1723 2845 1777 πᾶσάν
2872 1737 2932 1774 τε
2966 1719 3075 1773 τῶν
3106 1714 3294 1771 κακῶν
3328 1713 3425 1786 τὴν
3455 1711 3738 1785 βαρύτητα

2156 1820 2235 1882 είς
2262 1817 2320 1870 τὸ
2342 1817 2557 1885 ἐκείνης
2586 1814 2809 1886 ἐνέθηκε
2848 1811 3043 1881 στόμα,
3078 1808 3267 1878 ὥσπερ
3291 1805 3619 1876 ἐμφράττων
3642 1801 3738 1854 καὶ

2154 1908 2470 1963 διακωλύων
2504 1908 2641 1977 αὐτῇ
2681 1906 2779 1976 τὴν
2827 1903 3001 1967 λείαν,
3044 1901 3124 1964 είς
3155 1896 3379 1961 ἔνδειξιν
3426 1895 3519 1949 τοῦ
3555 1896 3739 1949 πᾶσαν

2155 2003 2326 2073 αὐτῆς
2355 2000 2674 2074 ἀφῃρῆσθαι
2712 2000 2811 2071 τὴν
2862 1998 3115 2067 δύναμιν,
3143 1994 3238 2048 καὶ
3272 1991 3408 2064 μηδὲ
3444 1988 3625 2060 φωνῆς
3654 1987 3737 2041 ἔτι

2157 2095 2350 2166 κυρίαν
2368 2090 2525 2155 εἶναι,
2542 2091 2620 2163 τῷ
2636 2094 2729 2145 καὶ
2750 2093 2860 2154 τοῖς
2880 2087 3227 2153 ὀνειδίζουσιν
3251 2084 3448 2145 αὐτοὺς
3475 2081 3740 2150 πρότερον

2157 2190 2242 2258 ἐφ’
2277 2184 2355 2247 οἷς
2382 2186 2619 2253 ἔπασχον
2650 2183 2723 2246 ὡς
2762 2181 2868 2234 ὑπὸ
2889 2178 2982 2231 τοῦ
3011 2175 3147 2229 Θεοῦ
3182 2169 3737 2241 καταλελειμμένους,

2160 2282 2378 2335 ἃπασαν
2408 2273 2714 2347 ἀνῃρῆσθαι
2747 2269 3004 2340 τοιαύτην
3034 2266 3217 2338 φωνήν
3239 2282 3256 2297 ο
3294 2263 3370 2327 ὡς
3406 2264 3434 2316 ὁ
3466 2260 3740 2332 μακάριος

2161 2373 2305 2440 Λέγει
2331 2369 2491 2422 Δαυίδ
2514 2384 2527 2399 ο
2567 2386 2585 2417 ι
2632 2364 2839 2417 ’Ἂλαλα
2868 2361 3151 2431 γενηθήτω
3187 2358 3256 2411 τὰ
3277 2356 3431 2427 χείλη
3460 2355 3528 2407 τά
3554 2352 3703 2407 δόλια
3721 2390 3736 2415 ,

2159 2465 2227 2518 τά
2247 2462 2508 2517 λαλοῦντα
2536 2457 2677 2512 κατά
2691 2455 2782 2508 τοῦ
2812 2454 3019 2508 δικαίου
3045 2451 3294 2523 ἀνομίαν.
3326 2468 3344 2501 ι
3387 2446 3547 2501 nam
3568 2444 3743 2499 ταῦτα

2161 2558 2260 2628 μὲν
2294 2550 2431 2608 εἶδεν
2460 2555 2538 2611 είς
2565 2546 2836 2612 ἀπόδειξιν
2860 2546 2954 2600 τοῦ
2985 2546 3054 2600 τά
3079 2560 3138 2597 τε
3167 2542 3495 2612 ἀνομήματα
3522 2537 3618 2590 καὶ
3640 2534 3743 2598 τὰς

2163 2650 2303 2719 ὑπὲρ
2351 2644 2555 2698 τούτων
2603 2640 2873 2712 τιμωρίας
2911 2638 3020 2691 τῶν
3071 2633 3420 2706 Ἰσραηλιτῶν
3462 2628 3743 2689 παντελῶς

2165 2737 2503 2811 ἀφῃρῆσθαι.
2553 2739 2645 2804 (p.
2675 2731 2801 2803 474)
2854 2729 3076 2792 Δεικνὺς
3104 2727 3163 2781 δὲ
3191 2727 3272 2779 ὅτι
3316 2724 3595 2795 ἀφῄρηται
3640 2719 3743 2790 μὲν

2166 2832 2343 2885 αὐτῶν
2374 2834 2407 2900 ἡ
2436 2828 2696 2900 τιμωρία,
2731 2828 2810 2889 είς
2854 2826 2911 2878 δὲ
2945 2823 3073 2884 τοὺς
3100 2818 3328 2890 ἐχθροὺς
3356 2816 3742 2887 μετενήνεκται

2165 2925 2289 2986 τοὺς
2327 2920 2525 2984 αὐτῶν,
2559 2923 2754 2987 suam
2769 2934 2781 2947 ·

2239 3098 2387 3168 Στίχ.
2432 3093 2600 3148 θὀια’.
2652 3122 2720 3133 -
2762 3110 2779 3142 ‹
2822 3092 2935 3144 Καὶ
2966 3085 3075 3161 ἦρα
3117 3088 3242 3149 τοὺς
3289 3080 3599 3153 ὀφθαλμούς
3640 3095 3748 3152 μου

2171 3194 2264 3247 καὶ
2289 3187 2451 3244 εἶδον·
2485 3189 2579 3242 καὶ
2605 3188 2712 3240 ἰδοὺ
2750 3186 2843 3239 δύο
2868 3185 3122 3252 γυναῖκες
3156 3176 3585 3249 ὲκτιορευὸμεναι
3606 3213 3621 3237 ,
3648 3173 3747 3227 καὶ

2169 3283 2385 3353 πνεῦμα
2424 3283 2481 3335 ὲν
2527 3282 2647 3343 ταῖς
2698 3276 2954 3348 πτέρυξιν
2999 3271 3208 3327 αὐτῶν·
3252 3270 3343 3324 καὶ
3385 3262 3543 3323 αὗται
3598 3260 3751 3334 εἶχον

2168 3352 2444 3447 πτέρυγας
2490 3371 2567 3435 ὡς
2616 3369 2896 3441 πτέρυγας
2940 3366 3180 3428 ἔποπος·
3231 3360 3326 3417 καὶ
3375 3355 3636 3413 ἀνέλαϐον
3684 3352 3749 3406 τὸ

2172 3444 2370 3541 μέτρον
2395 3467 2497 3519 ἀνα
2505 3464 2668 3535 μέσον
2691 3462 2790 3531 τῆς
2816 3460 2920 3530 γῆς
2944 3458 3036 3512 καὶ
3055 3457 3155 3510 ἀνα
3166 3453 3330 3525 μέσον
3355 3450 3450 3505 τοῦ
3479 3444 3711 3520 ούρανοῦ
3728 3461 3747 3477 ⁸

2169 3534 2263 3617 καὶ
2278 3534 2437 3614 ἐἷπον
2454 3534 2590 3629 πρὸς
2609 3556 2699 3609 τὸν
2723 3552 2952 3622 ἄγγελον
2979 3550 3072 3603 τὸν
3096 3546 3353 3602 λαλοῦντα
3376 3546 3433 3598 ὲν
3463 3543 3606 3612 ἐμοὶ,
3633 3534 3750 3592 Ποῦ

2171 3648 2333 3709 αὗται
2380 3650 2717 3721 ἀποφέρουσι
2762 3647 2825 3699 τὸ
2868 3643 3100 3715 μέτρον;
3146 3640 3258 3693 Καὶ
3291 3632 3411 3691 εἷπε
3461 3633 3599 3704 πρός
3635 3647 3745 3702 με,

2170 3745 2533 3816 υἱκώομῆσαι
2562 3739 2710 3809 αὐτῷ
2742 3737 2917 3792 οὶκίαν
2953 3738 3010 3791 ὲν
3035 3736 3105 3806 γῇ
3135 3729 3451 3791 Βαϐυλῶνος
3489 3725 3585 3780 καὶ
3608 3724 3749 3778 tto:-

2173 3839 2342 3909 μάσαι
2365 3854 2378 3867 ·
2415 3835 2509 3890 καὶ
2553 3834 2807 3904 θήσουσιν
2840 3828 2974 3882 αὐτὸ
3011 3828 3129 3880 ἐκεῖ
3163 3824 3257 3877 ἐπὶ
3289 3821 3387 3892 τὴν
3428 3816 3749 3887 ἑτοιμασίαν

2171 3928 2359 3982 αὑτοῦ.
2400 3947 2418 3980 ι
2455 3927 2660 3997 Θεωρεῖ
2685 3924 2748 3994 δὴ
2771 3921 2958 3975 λοιπὸν
2982 3920 3064 3972 ἐπ’
3093 3917 3320 3979 ἐκείνοις
3346 3913 3438 3967 δύο
3460 3911 3743 3980 γυναῖκας,

2170 4022 2227 4074 αἳ
2278 4018 2418 4090 μετά
2466 4015 2662 4070 πολλοῦ
2705 4014 2985 4067 διίπταντο
3031 4008 3124 4061 τοῦ
3173 4008 3404 4077 τάχους’
3443 4000 3599 4055 τοῦτο
3635 3998 3747 4069 γάρ

2169 4084 2318 4182 δηλοῖ
2352 4108 2463 4173 τὸ,‹
2503 4105 2723 4176 πνεῦμα
2744 4108 2802 4159 ὲν
2826 4107 2947 4166 ταῖς
2968 4098 3225 4173 πτέρυξιν
3253 4096 3455 4160 αὐτῶν,
3492 4114 3510 4147 ι
3541 4094 3630 4161 ὑφ’
3654 4084 3750 4144 οὗ·

2172 4220 2277 4272 περ
2308 4201 2384 4263 ὡς
2419 4198 2727 4267 ὠθούμεναι
2760 4195 3022 4266 ὀξυτέραν
3060 4189 3339 4246 ἐποιοῦντο
3366 4187 3464 4257 τὴν
3507 4184 3708 4254 πτῆσιν
3730 4199 3745 4212 ⁸

2169 4294 2358 4347 τούτου
2391 4291 2447 4343 δὲ
2472 4289 2654 4343 ἕνεκεν
2685 4286 2778 4339 καὶ
2802 4286 2876 4348 ὡς
2914 4286 3116 4345 ἔποπος
3146 4282 3293 4349 λέγει
3329 4278 3428 4341 τάς
3468 4275 3749 4343 πτέρυγας

2172 4384 2347 4439 αὐτῶν
2375 4377 2535 4446 εἶναι,
2555 4378 2743 4448 ἐπειδὴ
2768 4376 2913 4443 ὀξεῖα
2934 4374 3028 4428 τοῦ
3056 4373 3243 4444 ὀρνέου
3271 4374 3305 4441 ἡ
3333 4370 3530 4439 πτῆσις
3549 4383 3562 4398 ο
3590 4361 3752 4419 αὗται

496 4482 697 4537 mentia
730 4477 1036 4533 avolabant.
1067 4473 1275 4528 idcirco
1299 4471 1443 4525 enim
1479 4467 1631 4531 dixit,
1664 4487 1681 4517 ι
1706 4467 1845 4519 inter
1875 4473 2062 4517 terram

2173 4474 2260 4546 δὴ,
2297 4474 2481 4543 φησὶν,
2504 4472 2561 4524 αἱ
2586 4472 2844 4537 γυναῖκες
2864 4509 2878 4533 ,
2921 4468 3096 4519 ἐκεῖνο
3137 4467 3237 4535 τῆς
3261 4460 3535 4532 τιμωρίας
3558 4458 3620 4509 τὸ
3660 4456 3757 4525 μὲ-

495 4590 559 4628 ac
578 4573 804 4635 caelum;
837 4589 854 4621 ι
888 4570 1013 4637 quia
1043 4581 1108 4619 ex
1135 4565 1242 4617 alto
1273 4562 1336 4615 ad
1363 4561 1546 4615 citima
1574 4558 1780 4613 facilior
1804 4554 2070 4611 velocior-

498 4682 603 4735 que
634 4675 716 4718 est
752 4664 933 4717 avium
958 4661 1193 4715 volatus.
1217 4654 1446 4722 Quaesivi
1478 4653 1677 4721 itaque,
1708 4650 1803 4713 ait,
1836 4662 2071 4717 quonam

500 4757 604 4811 illa:
638 4754 873 4815 abirent,
897 4760 949 4804 et
976 4764 1208 4819 quonam
1238 4758 1547 4800 mensuram
1580 4737 1973 4796 transferrent?
1994 4749 2080 4789 co-

500 4847 769 4921 gnovique
812 4860 877 4899 ex
916 4842 1107 4913 angelo
1139 4855 1259 4895 eam
1293 4839 1359 4891 ab
1393 4836 1476 4890 his
1500 4831 1782 4888 transferri
1815 4831 1868 4884 in
1900 4826 2077 4897 regio-

500 4919 625 4995 nem
648 4934 1047 5007 Babylonicam,
1066 4930 1139 4985 ibi
1158 4930 1375 4983 domum
1393 4927 1439 4980 ei
1461 4923 1748 4985 mdiiicare,
1774 4919 2079 4985 ibidemque

502 5039 825 5104 perpetuum
845 5022 1211 5081 habitaculum
1236 5018 1411 5073 eidem
1428 5015 1673 5077 delinire,
1692 5012 1744 5067 id
1765 5017 1849 5067 est
1868 5024 2080 5080 poenam

501 5102 729 5178 omnem
754 5117 1081 5188 Babylonem
1114 5126 1173 5167 se
1203 5108 1611 5174 translaturum,
1642 5119 1762 5175 quae
1798 5102 1906 5157 illic
1936 5115 2081 5155 nun-

504 5226 666 5281 quam
696 5208 922 5264 remissa
962 5199 1419 5276 persevet'erabit.
1441 5212 1599 5253 secus
1619 5211 1683 5251 ac
1710 5202 1888 5249 vestra
1920 5190 2081 5246 ﬁnem

508 5318 667 5372 pmna
691 5309 848 5355 nacta
874 5308 975 5353 est.
1008 5298 1087 5351 En
1112 5304 1292 5350 autem
1315 5293 1384 5348 ob
1399 5291 1541 5347 dicta
1570 5304 1665 5346 sua
1696 5284 2082 5348 conﬁrmanda,

508 5395 689 5448 denuo
725 5391 1026 5446 orationem
1061 5387 1363 5442 continuat.

2174 4584 2301 4638 τρον
2329 4562 2647 4634 ἀρπάσασαί
2689 4578 2747 4614 τε
2782 4559 2875 4613 καὶ
2902 4560 2981 4621 εἰς
3011 4554 3146 4626 ὕψος
3188 4550 3583 4620 ἀναγαγοῦσαι,
3616 4556 3753 4618 μετα

2178 4658 2375 4727 πολλῆς
2403 4654 2505 4723 τῆς
2539 4653 2894 4723 σφοδρότητος
2933 4648 3335 4717 καθιπτάμεναι
3375 4644 3588 4712 ἀπῆγον
3610 4658 3623 4669 ο
3663 4638 3755 4692 διὰ

2176 4749 2284 4820 γὰρ
2310 4746 2464 4799 τοῦτο
2489 4742 2608 4797 εἶπε
2629 4743 2713 4808 τὸ,
2740 4762 2759 4796 ο
2810 4741 3084 4812 ἁναμέσον
3110 4738 3209 4808 τῆς
3232 4736 3335 4806 γῆς
3362 4735 3455 4787 καί⁹
3475 4732 3751 4803 ἀναμέσον

2175 4837 2269 4890 τοῦ
2312 4834 2540 4909 οὐρανοῦ
2566 4851 2579 4864 ·
2619 4855 2637 4887 ι
2689 4833 2877 4900 ἐπειδὴ
2928 4831 2987 4895 ἐξ
3026 4830 3194 4900 ὕψους
3234 4827 3327 4881 ἐπὶ
3368 4827 3437 4880 τά
3465 4822 3754 4894 κατώτερα

2174 4930 2553 5001 εὐμαρεστέρα
2592 4930 2702 4990 τοῖς
2730 4926 2937 4995 ὀρνέοις
2971 4926 3009 4995 ἡ
3034 4923 3233 4993 πτῆσις
3276 4921 3372 4973 καὶ
3400 4917 3635 4988 ὀξυτέρα
3665 4915 3755 4983 γίο

2174 5041 2341 5078 νεται.
2385 5021 2626 5093 Ἠρόμην
2658 5014 2771 5081 οὖν,
2810 5016 3007 5086 φησὶν,
3048 5015 3171 5067 ὅποι
3222 5011 3319 5082 μὲν
3366 5010 3610 5075 ἀπίοιεν,
3632 5010 3758 5062 ὅποι

2172 5116 2227 5169 δὲ
2260 5113 2523 5180 ἀπάγοιεν
2551 5109 2613 5163 τὸ
2640 5108 2836 5179 μέτρον
2868 5122 2881 5172 ;
2918 5104 3088 5173 ἔγνων
3118 5106 3175 5158 δὲ
3214 5101 3368 5173 παρά
3389 5098 3484 5154 τοῦ
3521 5099 3757 5167 ἀγγέλου

2175 5210 2256 5260 ὅτι
2289 5222 2393 5275 περ
2436 5201 2569 5256 αὐτὸ
2595 5203 2675 5263 είς
2701 5199 2800 5269 τὴν
2846 5196 3166 5259 Βαϐυλῶνος
3195 5196 3469 5264 ἀπάγουσι
3500 5192 3627 5261 γῆν,
3652 5196 3755 5253 αὖ-

2180 5297 2295 5349 τόθι
2338 5312 2399 5347 τε
2433 5292 2582 5362 αὐτῷ
2615 5291 2791 5345 οἰκίαν
2833 5288 3323 5357 οίκοδομήσουσαι,
3366 5285 3532 5338 κάκεῖ
3576 5282 3762 5333 πᾶσαν

2184 5386 2334 5456 αὐτῷ
2380 5384 2477 5455 τὴν
2523 5384 2736 5451 οἴκησιν
2781 5379 3027 5452 ὀριοῦσαι
3052 5393 3066 5406 ³
3109 5376 3198 5429 ἵνα
3230 5376 3361 5446 εἴπῃ
3382 5413 3396 5437 ,
3429 5375 3512 5428 ὅτι
3545 5370 3644 5443 τὴν
3675 5387 3761 5422 τι-

507 5496 717 5566 μωρίαν
765 5496 944 5549 πᾶσαν
1002 5498 1081 5558 εἰς
1129 5494 1417 5550 Βαϐυλῶνα
1474 5492 1705 5556 ἀπάξει.
1749 5492 2016 5561 μένουσαν
2057 5488 2240 5549 αὐτοῖς
2281 5484 2374 5537 καὶ
2410 5482 2468 5533 ού
2515 5475 2892 5547 λυθησομένην
2925 5474 3028 5535 ἔτι,
3069 5472 3237 5540 ὅνπερ
3264 5468 3331 5540 δὴ
3372 5468 3573 5537 τρόπον
3608 5463 3767 5517 λύσιν

502 5564 717 5650 ἐδέξατο
749 5584 818 5638 τὰ
848 5584 1105 5657 ὑμέτερα.
1137 5587 1211 5655 (ρ.
1244 5586 1369 5653 475)
1411 5584 1571 5638 Ἀλλά
1597 5584 1704 5655 γὰρ
1737 5586 1815 5646 είς
1842 5581 2130 5652 βεοαίωσιν
2168 5578 2274 5633 τῶν
2305 5572 2629 5644 εἰρημένων,
2666 5568 2859 5640 ἐπάγει
2892 5564 3073 5619 πάλιν

576 5769 618 5799 ⁴¹
665 5767 806 5822 ιιδκιι.
852 5785 979 5831 xxx,
1026 5768 1110 5823 t9.
