3992 6232
362 268 464 325 539

361 476 525 528 etiam
564 486 751 526 curam
784 471 957 526 fuisse
994 472 1206 526 varium
1236 469 1499 525 exhibere
1546 469 1938 531 ministerium,

365 563 512 635 quod
548 565 814 618 varietate
847 564 1049 619 coloris
1092 564 1175 619 sui
1237 563 1558 624 innuebant,
1608 561 1815 631 paratis
1855 563 1946 615 ob-

369 669 591 709 servare
623 668 752 707 num
793 652 929 723 quid
952 659 1100 707 esset
1130 661 1392 722 praeterea
1426 652 1525 705 abs
1568 666 1627 705 se
1672 659 1965 719 praestan~

369 744 521 810 dum,
551 743 705 811 juxta
737 742 831 796 Dei
864 743 1220 803 voluntatem,
1273 744 1338 794 ad
1368 742 1605 795 hostium
1635 756 1851 816 prenam
1893 748 1948 795 et

1528 260 1877 318 TllEODORl
1912 261 2404 318 MOPSUESTENI

364 397 485 435 rum
529 396 588 436 se
622 380 776 434 alnre
822 384 1123 449 oporteret.
1165 376 1449 447 Signiﬁcat
1495 385 1676 432 autem
1719 378 1945 447 reliquis

2081 376 2433 448 ξεπορεύοντο
2453 377 2543 428 ἐπι
2581 375 2685 443 γῆν
2709 378 2884 437 νότου,
2910 374 2983 436 ὼς
3012 373 3180 443 θυμοῦ
3203 372 3452 434 πνέοντες
3485 372 3628 424 κατά

3525 258 3628 314 δίθ

2048 468 2157 522 τῶν
2188 469 2371 521 αὐτόθι
2404 469 2529 529 τοὺς
2583 465 2919 537 Ἰσραηλίτας
2955 464 3365 517 διατεθεικότων
3403 463 3588 526 κακῶς
3610 481 3624 493 ο

2052 560 2169 630 μεθ’
2201 559 2293 622 οῦς
2319 562 2367 612 οι
2411 558 2641 610 ποικίλοι
2672 557 2765 608 καὶ
2808 556 2969 626 ψαροὶ
3009 555 3268 626 ὤφθησαν
3314 553 3625 625 ζητοῦντες,

2048 654 2169 705 ὅποι
2213 653 2340 703 ποτέ
2386 650 2636 703 ἀπελθεῖν
2684 650 2877 711 αὐτοὺς
2912 647 3019 700 δέοι
3065 648 3163 717 τῆς
3215 649 3337 715 γῆς.
3381 646 3541 712 Δηλοῖ
3570 646 3628 699 δέ

2048 743 2129 795 ὅτι
2160 743 2253 794 καὶ
2277 744 2387 803 τοῖς
2415 741 2857 812 ὑπολειπομένοις
2888 743 3106 812 φροντὶς
3126 736 3193 814 ἦν
3215 741 3349 812 πρὸς
3374 740 3626 811 ποικίλην

372 831 610 885 Iudaicae
641 831 817 900 gentis
876 832 1214 886 beneﬁcium.
1272 831 1482 896 Quibus
1524 832 1600 884 ait
1636 849 1648 883 :
1688 849 1706 881 ι
1732 833 1841 896 Ite,
1894 838 1948 885 et

2076 833 2404 901 ειτουργίαν,
2431 833 2571 885 κατὰ
2591 832 2686 903 τὴν
2707 832 2896 902 χροιὰν
2922 831 3338 901 ἐκτεταγμένοις
3381 831 3507 884 ἰδεῖν
3549 831 3625 901 μή

373 921 657 976 circumite
697 921 1095 976 terramJMox
1142 932 1197 976 et
1229 923 1379 976 addit
1418 940 1431 975 :
1481 940 1499 973 ι
1536 921 1600 975 Ει
1646 922 1943 976 circumie-

370 1021 500 1066 runt
543 1020 770 1077 terram,
817 1033 834 1064 ι
869 1015 1165 1070 ostendens
1225 1015 1431 1068 scilicet
1472 1028 1796 1069 concessum
1845 1015 1951 1068 illis

376 1113 437 1158 ut
462 1119 653 1158 curam
678 1120 835 1159 suam
878 1106 945 1160 ad
988 1106 1194 1160 exitum
1232 1107 1618 1176 perducerent,
1661 1115 1715 1161 et
1759 1122 1951 1176 reapse

374 1196 452 1249 ita
482 1210 541 1250 se
566 1196 766 1265 egisse.

2061 927 2163 979 πού
2189 944 2239 979 τι
2268 926 2361 978 καὶ
2388 925 2571 994 ἕτερον
2590 924 2735 977 ἔστιν
2764 924 3014 992 γενέσθαι
3045 926 3176 994 παρ’
3200 923 3375 976 αὐτῶν
3394 923 3626 991 όφεΰον,

2060 1016 2198 1069 κατὰ
2248 1015 2308 1067 τὸ
2353 1014 2541 1068 δοκοῦν
2568 1014 2645 1084 τῷ
2674 1015 2816 1083 Θεῷ,
2846 1016 2925 1078 εἰς
2951 1014 3218 1083 τιμωρίαν
3248 1032 3305 1066 τε
3337 1014 3443 1066 τῶν
3473 1016 3629 1067 ἐναν-

2057 1108 2207 1170 τίων,
2260 1106 2353 1158 καὶ
2405 1106 2722 1176 εὐεργεσίαν
2769 1105 2863 1158 τοῦ
2916 1106 3023 1157 τῶν
3082 1106 3349 1158 Ἰουδαίων
3407 1105 3626 1168 ἔθνους·

2060 1196 2195 1267 πρὸς
2238 1194 2331 1258 οὒς
2358 1195 2525 1263 λέγει,
2574 1214 2592 1245 ι
2634 1194 2937 1266 Πορεύεσθε
2989 1196 3082 1247 καὶ
3121 1195 3500 1266 περιοδεύσατε
3534 1194 3630 1265 τὴν

376 1291 478 1358 γῆν
501 1302 516 1318 ο
556 1306 574 1339 ι
615 1285 733 1340 εἶτα
781 1289 876 1342 καὶ
903 1291 1201 1361 ἐπήγαγεν,
1240 1310 1258 1342 ι
1312 1292 1423 1345 Καὶ
1467 1293 1836 1362 περιώδευσαν
1878 1292 1976 1362 τὴν
2005 1291 2128 1361 γῆν,
2171 1310 2189 1342 ι
2220 1291 2431 1354 δεικνὺς
2465 1292 2547 1344 ὅτι
2576 1290 2670 1344 καὶ
2704 1290 3091 1361 ἐπετράπησαν
3124 1291 3221 1362 τὴν
3251 1289 3505 1361 φροντίδα
3532 1290 3631 1358 τὴν

376 1379 576 1432 οἰκείαν
605 1380 830 1446 ἀγαγεῖν
869 1381 948 1443 εἰς
981 1382 1172 1451 πέρας,
1210 1381 1303 1434 καὶ
1332 1383 1721 1453 ἐπιτραπέντες
1748 1382 1956 1451 εἴχοντο
1983 1380 2193 1434 τούτου.

456 1473 616 1527 Vens.
658 1472 810 1528 9-15.
849 1502 921 1514 --
958 1491 976 1523 ι
1006 1474 1069 1527 Et
1094 1472 1273 1529 factus
1307 1483 1390 1529 est
1421 1491 1602 1529 sermo
1635 1473 1853 1528 Domini
1885 1474 1953 1527 ad

381 1578 465 1617 me
518 1562 752 1618 dicens:
794 1563 1037 1633 «Accipe
1085 1580 1208 1633 quae
1251 1565 1317 1619 de
1369 1565 1687 1634 captivitate
1744 1572 1872 1618 sunt
1924 1579 1954 1616 a

390 1653 756 1723 principibus,
790 1663 844 1709 et
872 1655 971 1709 abs
1019 1655 1377 1724 optimatibus
1410 1656 1552 1723 ejus,
1595 1667 1648 1710 et
1676 1657 1745 1710 ab
1770 1657 1836 1710 iis
1862 1657 1955 1725 qui

381 1751 754 1812 cognoverunt
782 1758 925 1807 cam,
960 1746 1029 1799 ab
1062 1745 1234 1810 Eldai,
1268 1753 1322 1798 et
1346 1761 1375 1799 a
1408 1746 1601 1810 Tobia,
1629 1754 1685 1802 et
1715 1749 1782 1799 ab
1804 1745 1952 1801 Ideo.

386 1832 447 1884 lit
477 1833 800 1902 ingredieris
831 1841 886 1886 tu
913 1834 1000 1888 die
1038 1835 1127 1887 illa
1164 1836 1219 1889 in
1262 1835 1483 1890 domum
1523 1836 1685 1891 Josia:
1730 1838 1823 1891 ﬁlii
1858 1837 1959 1891 So-

385 1925 615 1990 pboniaa,
651 1926 743 1993 qui
778 1925 927 1979 venit
948 1926 1015 1979 de
1045 1924 1340 1996 Babylone.
1370 1926 1733 1997 Accipiesque
1761 1943 1956 1997 argen-

384 2022 501 2065 tum
533 2022 587 2069 et
616 2029 833 2079 aurum,
873 2015 1150 2085 faciesque
1173 2031 1455 2076 coronam.
1498 2026 1551 2072 et
1574 2019 1820 2087 impones
1866 2035 1957 2074 su-

388 2119 482 2172 per
505 2113 668 2174 caput
701 2104 852 2170 Iesu,
884 2105 1149 2161 Josedeeo
1184 2108 1379 2177 geniti,
1414 2110 1720 2165 sacerdotis
1752 2110 1958 2180 magni.

386 2194 651 2265 Dicesque
681 2197 729 2252 ei
769 2214 781 2250 :
816 2196 941 2252 Haec
974 2198 1050 2252 ait
1086 2198 1352 2254 Dominus
1387 2200 1734 2271 omnipotens
1767 2219 1781 2255 :
1819 2201 1961 2256 Ecce

386 2286 489 2348 vir,
524 2288 611 2340 cui
647 2303 845 2342 nomen
879 2288 1103 2354 Oriens,
1153 2298 1205 2344 et
1237 2291 1427 2345 subter
1456 2307 1578 2345 eum
1627 2294 1854 2347 orietur.
1898 2292 1963 2346 Et

386 2378 680 2433 aediﬁcabit
703 2379 924 2434 domum
955 2380 1188 2443 Domini,
1221 2389 1275 2436 et
1302 2383 1417 2452 ipse
1433 2385 1665 2453 accipiet
1681 2385 1962 2447 virtutem,

388 2479 443 2522 rt
470 2470 681 2524 sedebit
710 2486 775 2523 ac
831 2471 1204 2527 dominabitur
1246 2489 1413 2542 super
1466 2474 1665 2529 throno
1723 2489 1845 2529 suo.
1900 2474 1965 2527 Et

388 2562 491 2614 erit
521 2561 783 2615 sacerdos
805 2577 834 2614 a
873 2562 1084 2618 dextris
1108 2564 1250 2631 ejus,
1293 2572 1347 2619 et
1380 2566 1523 2619 inter
1570 2573 1833 2636 utrosque
1862 2565 1966 2621 erit

391 2655 677 2707 consilium
718 2656 1026 2724 pacificum.
1059 2655 1276 2710 Corona
1306 2670 1487 2712 autem
1521 2657 1965 2726 exspectantibus

392 2746 520 2809 erit,
545 2755 598 2799 et
630 2747 988 2814 Optimatibus
1023 2746 1164 2815 ejus,
1196 2757 1251 2802 et
1277 2749 1371 2817 qui
1411 2759 1783 2818 cognoverunt
1821 2764 1964 2815 eam,

392 2846 445 2890 ct
469 2838 522 2890 in
549 2840 778 2907 gratiam
814 2838 907 2892 ﬁlii
941 2837 1249 2906 Sophoniaa,
1292 2848 1347 2893 et
1376 2839 1428 2892 in
1462 2840 1727 2906 psalmum
1780 2840 1967 2895 domui

397 2927 628 2993 Domini.
665 2929 727 2982 Et
758 2931 845 2996 qui
884 2931 1075 2998 procul
1111 2931 1175 2984 iis
1211 2939 1341 2985 sunt
1371 2932 1608 2993 venient,
1649 2941 1703 2985 et
1734 2930 1969 2985 aediﬁca-

2136 1473 2285 1542 Στίχ.
2324 1471 2477 1525 θ’-ιε’.
2506 1502 2575 1514 -
2623 1492 2641 1524 ι
2690 1472 2798 1525 Καὶ
2832 1472 3043 1540 ἐγένετο
3070 1471 3224 1539 λόγος
3252 1472 3455 1542 Κυρίου
3495 1471 3635 1540 πρός

2069 1583 2134 1635 με
2162 1565 2335 1632 λέγων
2357 1579 2370 1592 ⁸
2424 1563 2567 1615 Λάϐε
2598 1563 2667 1616 τὰ
2707 1565 2770 1616 ἐκ
2805 1564 2901 1632 τῆς
2931 1563 3302 1632 αἰχμαλωσίας
3334 1561 3485 1633 παρά
3523 1562 3635 1613 τῶν

1989 1690 2031 1744 Β
2063 1655 2359 1725 ἀρχόντων,
2406 1654 2499 1706 καί¹
2545 1652 2691 1723 παρὰ
2736 1654 2842 1705 τῶν
2887 1656 3171 1724 χρησίμων
3222 1651 3319 1720 τῆς
3368 1652 3490 1720 γῆς,
3540 1653 3638 1702 καὶ

2058 1747 2208 1817 παρὰ
2233 1746 2338 1800 τῶν
2364 1746 2750 1814 ἐπεγνωκότων
2778 1745 2944 1816 αὐτὴν
2970 1743 3119 1813 παρά
3157 1742 3334 1795 Ἐλδαῒ
3366 1742 3460 1794 καὶ
3484 1742 3639 1811 παρὰ

2058 1833 2286 1893 Τωὸίου,
2333 1833 2425 1886 καὶ⁹
2470 1833 2619 1905 παρὰ
2679 1833 2872 1886 Ἰδέου⁸
2922 1834 3019 1885 καὶ
3061 1830 3345 1901 εἰσελεύσῃ
3376 1832 3439 1883 σὺ
3473 1832 3529 1882 ἐν
3568 1833 3637 1900 τῇ

2058 1924 2241 1995 ἡμέρᾳ
2266 1924 2445 1995 ἐκείνῃ
2473 1927 2552 1987 είς
2579 1924 2670 1977 τὸν
2696 1919 2841 1977 οἶκον
2878 1924 3082 1977 Ἰωσίου
3121 1923 3214 1975 τοῦ
3246 1924 3497 1993 Σοφονίου
3535 1926 3634 1979 τοῦ

2059 2016 2285 2085 ἥκοντος
2319 2018 2382 2067 ἐκ
2417 2015 2764 2079 Βαϐυλῶνοςο
2811 2018 2903 2069 καὶ
2931 2015 3072 2087 λήψῃ
3104 2015 3362 2087 ἀργύριον
3389 2021 3480 2071 καὶ
3505 2039 3639 2091 χρυ-

2063 2108 2196 2173 σίον,
2228 2108 2321 2160 καὶ
2349 2109 2591 2178 ποιήσεις
2637 2107 2917 2175 στέφανον,
2968 2108 3060 2160 καὶ
3095 2108 3375 2177 ἐπιθήσεις
3413 2111 3504 2163 ἐπὶ
3537 2113 3640 2181 τὴν

2064 2200 2303 2272 κεφαλὴν
2337 2200 2509 2270 Ἰησοῦ
2540 2200 2632 2253 τοῦ
2671 2200 2915 2254 Ἰωσεδὲκ
2941 2201 3035 2253 τοῦ
3074 2202 3332 2271 μεγάλου,
3362 2204 3455 2255 καὶ
3491 2204 3640 2274 ἐρεῖς

2065 2294 2201 2365 πρὸς
2233 2294 2395 2347 αὐτόν
2415 2309 2427 2321 ·
2463 2294 2599 2347 Τάδε
2636 2294 2782 2362 λέγει
2810 2293 3014 2364 Κύριος
3042 2296 3431 2366 παντοκράτωρ
3457 2312 3469 2324 ·
3510 2296 3640 2351 Ἰδοὺ

2064 2386 2221 2457 ἀνὴρ,
2264 2385 2518 2456 Ἀνατολὴ
2547 2385 2716 2455 ὄνομα
2747 2384 2915 2455 αὐτῷ,
2953 2387 3047 2438 καὶ
3091 2387 3441 2441 ὑποκάτωθεν
3471 2390 3641 2442 αὐτοῦ

2064 2477 2337 2539 ἀνατελεῖ,
2390 2478 2483 2529 καὶ
2535 2477 2877 2547 οἰκοδομήσει
2915 2478 3005 2531 τὸν
3050 2473 3197 2531 οἷκον
3254 2480 3492 2551 Κυρίου·
3552 2484 3645 2536 καὶ

2065 2568 2227 2631 αὐτὸς
2244 2568 2468 2639 λήψεται
2499 2568 2719 2638 ἀρετὴν,
2745 2570 2838 2620 καὶ
2858 2567 3126 2622 καθιεῖται
3150 2570 3241 2623 καὶ
3264 2571 3520 2641 κατάρξει
3551 2572 3646 2624 ἐπὶ

2068 2658 2258 2729 θρόνου
2299 2657 2462 2711 αὐτοῦ
2489 2674 2502 2688 ο
2559 2659 2650 2710 καὶ
2697 2656 2849 2709 ἔσται
2901 2659 2929 2709 ὁ
2981 2659 3157 2728 ἰερεύς
3203 2661 3266 2711 ἐκ
3300 2660 3506 2724 δεξιῶν,
3549 2663 3646 2713 καὶ

2072 2748 2233 2819 βουλὴ
2284 2749 2532 2819 εἰρηνικὴ
2583 2748 2734 2800 ἔσται
2781 2748 3052 2818 ἀναμέσον
3100 2751 3455 2821 ἀμφοτέρωνσ
3512 2753 3542 2804 ό
3588 2752 3647 2806 δέ

2072 2841 2331 2910 στέφανος
2376 2840 2528 2892 ἔσται
2558 2842 2669 2902 τοῖς
2706 2840 3036 2909 ὑπομένουσι
3067 2841 3161 2894 καὶ
3198 2845 3309 2907 τοῖς
3357 2844 3649 2915 χρησίμοις

2070 2931 2239 3001 αὐτῆς
2270 2930 2363 2982 καὶ
2395 2931 2507 2991 τοῖς
2548 2929 2912 2996 ἐπεγνωκόσιν
2961 2929 3162 3000 αὐτήν·
3199 2934 3292 2985 καὶ
3326 2936 3405 2995 εἰς
3450 2935 3648 3004 χάριτα

397 3024 529 3074 bunt
581 3022 637 3074 in
687 3021 850 3075 domo
892 3021 1149 3076 Domini:
1192 3030 1247 3075 et
1292 3023 1479 3077 scietis
1540 3023 1666 3091 quia
1711 3022 1969 3077 Dominus

2076 3020 2191 3074 υἱοῦ
2218 3021 2492 3088 Σοφονίου,
2529 3021 2621 3072 καὶ
2660 3021 2741 3082 εἰς
2784 3019 2997 3089 ψαλμὸν
3026 3020 3160 3090 οἴκῳ
3193 3023 3402 3091 Κυρίου
3424 3039 3438 3052 ·
3480 3025 3575 3075 καὶ
3600 3026 3649 3075 οἱ

395 3112 742 3180 omnipotens
783 3113 931 3168 misit
956 3129 1039 3167 me
1065 3113 1130 3167 ad
1161 3128 1279 3168 vos.
1321 3113 1384 3166 Et
1430 3114 1554 3178 erit,
1577 3114 1625 3167 si
1673 3114 1969 3169 exaudien-

397 3211 477 3256 tes
503 3190 855 3256 exaudieritis
885 3218 1071 3257 vocem
1108 3202 1322 3257 Domini
1362 3203 1452 3258 Dei
1483 3204 1677 3257 vestri.
1708 3223 1728 3255 ι

2080 3112 2296 3183 μακρὰν
2341 3111 2435 3164 ἀπ’
2469 3110 2646 3164 αὐτῶν
2689 3109 2903 3178 ἥξουσι,
2959 3110 3035 3180 (p.
3070 3112 3195 3183 478)
3233 3114 3327 3165 καὶ
3368 3115 3653 3184 οἰκοδομή-

2079 3220 2263 3256 σουσιν
2310 3204 2369 3255 ἐν
2418 3202 2496 3272 τῷ
2534 3203 2663 3272 οἴκῳ
2699 3200 2903 3271 Κυρίου
2928 3217 2942 3232 ο
2994 3203 3086 3253 καὶ
3122 3202 3393 3271 γνώσεσθε
3430 3206 3510 3258 ὅτι
3538 3206 3654 3258 Κύ-

401 3310 513 3362 ριος
567 3294 961 3364 παντοκράτωρ
1012 3293 1322 3348 ἀπέσταλκέ
1359 3312 1425 3367 με
1478 3291 1615 3363 πρὸς
1666 3295 1843 3363 ὑμᾶς·
1897 3294 1994 3348 καὶ
2041 3295 2192 3347 ἔσται
2236 3293 2330 3346 ἐὰν
2368 3294 2655 3356 ἀκούοντες
2690 3291 3043 3365 εἰσακούσητε
3084 3294 3183 3363 τῆς
3226 3298 3408 3366 φωνῆς
3446 3297 3652 3362 Κυρὶου

398 3383 489 3437 τοῦ
522 3384 653 3437 Θεοῦ
685 3385 858 3455 ὑμῶν.
898 3405 916 3438 ι

470 3472 938 3537 Quemadmodum
983 3492 1114 3531 vero
1149 3479 1339 3533 beatus
1388 3478 1603 3548 Moyses
1646 3477 1883 3549 Egypto
1918 3492 1978 3532 e-

402 3579 645 3633 gressus,
678 3564 865 3619 divino
895 3566 1053 3635 jussu
1090 3568 1298 3636 accepit
1330 3583 1361 3621 a
1406 3569 1605 3638 pepulo
1635 3584 1756 3636 quae
1784 3567 1850 3619 ad
1892 3577 1977 3621 ta-

402 3655 683 3711 bernaculi
734 3657 1020 3712 :Bdiﬁcium
1068 3667 1434 3731 ornatumque
1479 3658 1855 3721 conferebant,
1904 3660 1979 3712 ita

404 3745 595 3802 beatus
627 3764 844 3818 quoque
871 3748 1034 3818 319
1056 3748 1348 3805 Zacharias
1387 3750 1612 3819 jubetur
1659 3751 1913 3819 accipere
1949 3764 1981 3803 a

405 3835 702 3890 reducibus
741 3837 807 3891 dc
855 3839 1192 3905 captivitate,
1239 3841 1353 3894 sive
1406 3841 1658 3905 ducibus,
1687 3840 1801 3895 sive
1838 3855 1976 3909 quo-

408 3924 706 3982 modolibet
744 3928 1024 3998 largiendo
1065 3930 1274 3987 idoneis
1295 3971 1310 3993 ,
1345 3932 1454 3986 imo
1485 3934 1554 3988 ab
1586 3932 1857 3986 universis
1884 3932 1977 4000 qui

410 4021 639 4086 patriam
674 4032 1148 4087 recuperaverant.
1189 4021 1490 4092 Optimates
1517 4035 1673 4078 terrae
1695 4025 1829 4080 dicit
1857 4039 1974 4088 eos,

412 4108 502 4178 qui
533 4110 603 4163 ob
633 4125 762 4165 suas
785 4110 1004 4165 divitias
1047 4112 1296 4168 conferre
1326 4114 1532 4183 aliquid
1574 4115 1703 4170 huic
1735 4116 1860 4171 usui
1890 4131 1981 4170 va-

414 4201 615 4255 lebant.
654 4200 1063 4273 Cognosccntes
1106 4220 1235 4259 vero
1267 4220 1410 4271 eam,
1455 4206 1587 4260 dicit
1615 4207 1707 4276 qui
1733 4223 1873 4271 eam,
1925 4207 1982 4262 id

412 4300 495 4346 est
530 4294 780 4361 patriam,
808 4304 1289 4363 recuperaverant,
1314 4311 1414 4351 ceu
1458 4297 1551 4366 qui
1582 4307 1778 4367 praeter
1806 4314 1981 4367 spem,

2146 3476 2356 3545 Ὅνπερ
2390 3474 2453 3545 δὴ
2491 3475 2689 3544 τρόπον
2714 3476 2742 3530 ό
2783 3475 3049 3545 μακάριος
3078 3475 3287 3543 Μωσῆς
3321 3472 3658 3544 ἐξεληλυθὼς

2074 3568 2172 3637 τῆς
2212 3565 2509 3634 Αἰγύπτου,
2541 3564 2682 3617 κατὰ
2716 3566 3043 3636 πρόσταγμα
3073 3564 3215 3617 θεῖον
3264 3563 3451 3632 εἴληφε
3506 3565 3661 3632 παρὰ

2074 3657 2169 3709 τοῦ
2204 3654 2334 3708 λαοῦ
2364 3655 2432 3709 τὰ
2475 3654 2610 3725 πρὸς
2643 3656 2992 3725 κατασκευήν
3023 3671 3081 3706 τε
3108 3653 3201 3706 καὶ
3230 3653 3525 3723 εὐκοσμίαν
3554 3652 3659 3721 τῆς

2081 3747 2288 3817 σκηνῆς
2321 3744 2700 3808 συντελοῦντα,
2748 3745 2839 3797 τὸν
2874 3745 3036 3798 αὐτὸν
3067 3744 3130 3812 δὴ
3173 3745 3268 3795 καὶ
3313 3745 3341 3796 ό
3388 3743 3659 3813 μακάριος

2082 3836 2355 3909 Ζαχαρίας
2401 3834 2676 3888 κελεύεται
2711 3834 2861 3905 παρὰ
2899 3833 3007 3885 τῶν
3057 3833 3120 3884 ἐκ
3151 3833 3248 3901 τῆς
3282 3832 3660 3901 αἰχμαλωσίας

2083 3928 2435 3998 ἐληλυθότων,
2491 3926 2600 3979 εἴτε
2637 3926 2971 3998 ἡγουμένων,
3008 3923 3108 3976 εἴθ’
3154 3924 3301 3987 ὅπως
3346 3923 3541 3994 δήποτε
3590 3923 3661 3976 δι’

2084 4019 2343 4089 εὐπορίαν
2373 4018 2696 4089 ἐπιτηδείων
2736 4018 2874 4089 πρὸς
2917 4015 3075 4068 τοῦτο
3118 4017 3213 4068 καὶ
3243 4016 3391 4085 παρὰ
3445 4014 3665 4066 πάντων

2084 4110 2147 4180 δὴ
2171 4110 2280 4163 τῶν
2313 4109 2447 4172 ὅλως
2476 4109 2852 4177 ἀπειληφότων
2878 4107 2944 4158 τὰ
2973 4108 3149 4158 οἰκεῖα
3168 4124 3181 4137 ·
3218 4105 3522 4177 χρησίμους
3565 4105 3666 4175 μὲν

2088 4201 2196 4272 γὰρ
2230 4201 2376 4269 λέγει
2406 4201 2504 4267 τῆς
2533 4200 2656 4270 γῆς,
2684 4199 2808 4261 τοὺς
2844 4198 2911 4250 δι’
2947 4197 3207 4267 εὐπορίαν
3236 4196 3668 4263 συνεισενεγκεῖν

2088 4311 2141 4345 τι
2168 4296 2233 4363 τῇ
2261 4292 2420 4364 χρείᾳ
2447 4291 2778 4361 δυναμένους
2799 4306 2811 4321 ο
2839 4288 3220 4356 ἐπεγνωκότας
3241 4286 3297 4340 δὲ
3327 4286 3517 4356 αὐτὴν,
3538 4286 3669 4348 τοὺς

413 4398 474 4435 ea
511 4385 790 4455 deperdita
829 4386 980 4455 potiti
1030 4394 1206 4441 erant.
1246 4385 1336 4441 Sic
1385 4389 1645 4442 nimirum
1691 4404 1720 4442 a
1756 4390 1971 4459 singuli:

2094 4384 2463 4454 ἀπειληφότας
2490 4383 2680 4452 αὐτὴν,
2712 4382 2786 4444 ὼς
2825 4382 2954 4450 παρ’
2986 4379 3208 4442 ἐλπίδας
3237 4377 3561 4448 δεξαμένους
3599 4377 3672 4448 ἣν

417 4490 516 4544 pro
540 4492 638 4529 sua
672 4480 829 4547 copia
862 4477 1215 4534 oﬂ‘crentibus
1258 4479 1599 4550 accipiendo,
1633 4480 1854 4534 domum
1892 4479 1983 4533 Dei

417 4565 695 4619 conditum
728 4577 778 4622 et
812 4584 911 4637 pro
941 4570 1205 4638 dignitate
1235 4582 1560 4625 exornatum
1597 4570 1686 4625 iri.
1722 4570 1987 4627 ltecitatis

417 4672 548 4711 vero
601 4658 812 4727 aliquot
875 4660 1039 4713 etiam
1093 4661 1374 4715 hominum
1435 4662 1748 4716 nominibus
1813 4663 1882 4715 ad
1934 4663 1987 4716 id

421 4749 654 4803 maxime
679 4750 1015 4814 idoneorum,
1060 4768 1183 4806 mox
1218 4753 1372 4821 jubet
1414 4753 1481 4806 ad
1516 4751 1679 4807 Josia:
1707 4751 1987 4822 Sophonia

420 4843 532 4895 nati
567 4842 788 4896 domum
829 4842 1107 4909 accedere,
1145 4845 1247 4898 viri
1288 4845 1353 4900 de
1388 4844 1716 4915 Babylonica
1757 4844 1988 4913 captivi-

423 4942 535 4987 tate
564 4934 790 4998 reversi,
816 4943 1149 5004 caeterosquc
1177 4952 1369 4991 omnes
1398 4938 1557 5006 copia
1580 4952 1765 4991 rermn
1793 4944 1848 4989 et
1876 4936 1993 4989 ala-

423 5027 617 5080 critate
649 5026 717 5081 ad
751 5041 889 5096 opus
932 5028 1260 5095 superantis.
1303 5028 1382 5081 Ab
1413 5028 1515 5082 hoc
1533 5037 1711 5083 autem
1730 5027 1992 5098 quidquid

426 5120 633 5185 argenti
665 5121 892 5189 aurique
923 5121 1177 5174 collatum
1214 5119 1411 5185 fuerit,
1444 5137 1701 5175 coronam
1730 5120 1854 5175 inde
1883 5120 1996 5176 ﬁeri

429 5212 542 5263 vult
577 5213 877 5267 sacerdotis
918 5213 1083 5282 capiti
1132 5212 1536 5280 imponcmlam,
1591 5213 1658 5267 ad
1706 5213 1998 5267 sacerdotii

430 5312 683 5356 ornatum
719 5319 781 5357 ac
824 5304 1012 5358 decus.
1048 5303 1159 5358 Hac
1194 5320 1318 5358 mox
1364 5304 1664 5359 sacerdotis
1698 5305 1860 5373 capiti
1899 5305 2000 5358 im-

435 5399 635 5466 posita,
671 5398 879 5451 moneri
918 5414 1042 5452 cum
1073 5398 1211 5463 vult,
1249 5406 1307 5451 ut
1334 5397 1401 5453 de
1432 5408 1578 5452 retro
1615 5398 1884 5467 expositis
1915 5412 1998 5451 re-

436 5490 540 5542 bus
590 5489 776 5542 multis
826 5503 888 5542 ac
936 5490 1191 5546 maximis
1251 5489 1502 5543 ﬁduciam
1548 5497 1749 5543 sumat.
1789 5488 1998 5542 Etenim

436 5576 614 5629 divina
663 5576 930 5631 sententia
978 5578 1150 5631 virmn
1196 5579 1534 5648 apparuisse,
1584 5579 1669 5631 cui
1716 5594 1780 5631 ex
1818 5592 1998 5631 rerum

438 5678 633 5720 eventu
667 5683 861 5723 nomen
899 5676 981 5723 cst
1011 5667 1239 5737 Oriens;
1271 5671 1400 5725 dicit
1436 5685 1559 5724 vero
1587 5669 1996 5731 Zorobabclcm,

2087 4477 2504 4530 ἀπολωλέκεσαν
2552 4475 2682 4544 ἤδη·
2739 4473 2879 4527 ὥστε
2943 4473 3096 4540 παρὰ
3148 4471 3353 4524 τούτων
3411 4469 3671 4523 ἁπάντων

2091 4570 2319 4623 ἑκάστου
2353 4568 2416 4637 δὴ
2448 4566 2516 4619 τὰ
2552 4564 2691 4618 κατά
2733 4564 2962 4633 δύναμιν
2989 4565 3331 4633 εἰσφέροντος
3364 4563 3548 4615 λαῆεῖν
3577 4563 3673 4616 ἐπὶ

2090 4662 2167 4732 τῷ
2198 4663 2287 4714 τὸν
2310 4657 2457 4713 οἷκον
2494 4659 2590 4712 τοῦ
2621 4659 2754 4711 Θεοῦ
2799 4657 3050 4726 γενέσθαι
3077 4675 3135 4710 τε
3176 4658 3269 4712 καὶ
3302 4657 3669 4727 κοσμηθῆναι,

2093 4754 2185 4806 καὶ
2229 4751 2372 4804 κατὰ
2402 4751 2464 4803 τὸ
2512 4750 2807 4820 προσῆκον.
2843 4749 3096 4819 Εἰρηκὼς
3138 4748 3194 4801 δέ
3226 4748 3320 4800 καί
3366 4763 3527 4799 τινων
3553 4748 3676 4799 ὀνο-

2096 4844 2297 4915 μασίας
2355 4842 2464 4895 τῶν
2528 4841 2761 4911 μάλιστα
2804 4841 2879 4903 ὡς
2939 4840 3087 4900 εἰκὸς
3130 4837 3485 4908 ἐπιτηδείων,
3534 4836 3675 4906 πρὸς

2093 4934 2249 4989 τοῦτο
2303 4934 2513 4986 κελεύει
2558 4936 2637 4996 εἰς
2677 4931 2768 4985 τὸν
2828 4931 3030 4985 Ἰωσίου
3080 4929 3173 4983 τοῦ
3221 4928 3473 4997 Σοφονίου
3524 4923 3676 4979 οἷκον

2094 5027 2495 5097 εἰσεληλυθότα,
2527 5024 2841 5094 ἐληλυθότος
2892 5023 2989 5094 μὲν
3019 5024 3082 5074 ἐκ
3112 5022 3212 5090 τῆς
3239 5020 3379 5074 κατὰ
3423 5019 3523 5089 τὴν
3566 5018 3677 5071 Βα-

2096 5117 2308 5171 ϐυλῶνα
2357 5115 2730 5186 αἰχμαλωσίας
2774 5114 2867 5166 καὶ
2916 5112 3105 5173 αὐτοῦ,
3152 5111 3409 5173 νικῶντος
3452 5110 3509 5162 δὲ
3542 5109 3677 5170 τοὺς

2098 5210 2291 5272 ἄλλους
2324 5209 2419 5261 καὶ
2449 5206 2679 5277 εὐπορίᾳ
2706 5206 2803 5259 καὶ
2846 5207 2910 5275 τῇ
2941 5204 3069 5273 περὶ
3113 5203 3175 5255 τὸ
3204 5204 3437 5273 πρᾶγμα
3470 5199 3678 5270 προθυ-

2103 5302 2220 5372 μίᾳ.
2259 5300 2360 5353 Καὶ
2407 5300 2470 5370 δὴ
2518 5298 2884 5368 κομισάμενον
2928 5294 3189 5366 ἀργύριόν
3222 5311 3283 5347 τε
3312 5293 3406 5346 καὶ
3439 5289 3666 5362 χρυσίον

2101 5391 2296 5444 ὁπόσον
2345 5386 2594 5457 ἀναδιδῷ,
2654 5386 2915 5453 στέφανον
2948 5384 3007 5448 ἐξ
3056 5383 3219 5436 αὐτοῦ
3265 5380 3679 5435 κατασκευάσαι

2100 5483 2191 5536 τὸν
2214 5481 2520 5535 ἐπικεῖσθαι
2535 5482 2601 5550 τῇ
2617 5479 2711 5533 τοῦ
2728 5480 2770 5530 ίε
2780 5478 2918 5547 ρέως
2934 5476 3216 5545 ὀφείλοντα
3238 5475 3467 5545 κεφαλῇ,
3483 5474 3562 5535 εἰς
3577 5472 3680 5541 τὴν

2101 5574 2199 5642 τῆς
2227 5573 2523 5643 ἱερωσύνης
2546 5568 2841 5638 εὐκοσμίαν
2872 5583 2931 5620 τε
2972 5566 3064 5619 καὶ
3084 5566 3432 5637 εὐπρέπειαν.
3457 5565 3514 5632 (p
3548 5561 3677 5631 ΠΒ)

2102 5664 2303 5719 Τοῦτον
2350 5665 2402 5717 δὲ
2433 5663 2689 5717 νενονότα
2720 5660 2983 5715 ἐπιθεῖναι
3021 5658 3123 5726 μὲν
3154 5661 3219 5731 τῇ
3244 5656 3335 5708 τοῦ
3368 5656 3554 5721 ἱερέως
3586 5669 3682 5704 κε-
