4106 6238
318 314 416 368 541

1227 316 1786 376 COMMENTARIUS
1820 319 1887 376 IN
1923 320 2290 377 ZACIIARIAS
2325 321 2477 377 CAP.
2517 322 2628 377 VII.

3469 320 3576 376 5η

316 428 485 497 quam,
518 424 692 480 εἰπεῖν
713 428 769 481 δὲ
799 428 931 499 πρὸς
962 429 1124 482 αὑτὸν
1157 429 1233 493 ὡς
1275 432 1340 485 ἂν
1373 433 1499 503 περὶ
1536 434 1643 486 τῶν
1674 451 1895 505 προκει-

2004 437 2066 490 ad
2091 437 2322 505 regalem
2353 434 2723 506 principatum
2743 434 2812 488 ab
2846 433 2981 504 ipsis
3002 434 3167 489 rebus
3197 434 3365 504 gestis
3395 441 3574 502 splen-

318 517 520 585 μένων,
552 516 762 570 πολλῶν
786 535 844 570 τε
869 518 1035 572 ὄντων
1067 522 1160 574 xui
1184 522 1473 591 μεγίστων,
1497 524 1608 593 ἐχοι
1632 524 1854 596 θαρρεῖν
1878 541 1889 553 ·

313 610 401 661 ὅτι
450 608 645 680 γνώμῃ
684 608 804 680 θεία
853 610 991 681 ἀνὴρ
1046 614 1439 682 ἀναπέφανται,
1486 610 1640 687 ᾧπερ
1696 619 1760 669 ἐκ
1798 616 1894 670 τοῦ

316 698 643 768 πράγματος
666 700 837 769 ὄνομα
877 701 1153 773 Ἀνατολή.
1182 705 1342 773 Λέγει
1368 705 1423 758 δὲ
1450 706 1539 758 τὸν
1568 706 1892 777 Ζοροϐάϐελ,

313 788 395 852 ὡς
421 790 511 842 ἐπὶ
542 791 639 860 τῆς
672 790 952 863 βασιλικῆς
982 796 1276 865 ἡγεμονίας
1319 797 1389 849 δι’
1431 797 1609 851 αὐτῶν
1648 798 1894 868 λαμπρὸν

316 880 657 951 φανούμενον
686 882 793 935 τῶν
826 885 1166 955 πραγμάτων
1186 903 1198 916 ·
1236 904 1254 939 ι
1295 886 1570 941 ’Λνατελεῖ
1596 888 1674 953 δὲ,
1707 890 1892 959 φησὶν,

317 971 675 1025 ὑποκάτωθεν
703 972 868 1026 αὑτοῦ
894 993 904 1006 ·
939 996 958 1030 ι
989 978 1108 1032 ἀντὶ
1136 977 1251 1033 τοῦ·
1277 979 1434 1032 Πᾶσα
1481 979 1803 1051 λαμπρότης
1834 980 1893 1047 ἐξ

315 1060 484 1113 αὐτοῦ
516 1063 802 1131 περιέσται
836 1065 914 1136 τῷ
952 1067 1144 1138 πλήθει
1187 1069 1295 1122 τῶν
1354 1070 1621 1124 Ἰουδαίων
1644 1088 1659 1102 °
1701 1072 1794 1126 τόν
1834 1090 1895 1126 τε

315 1152 427 1220 γὰρ
461 1152 587 1205 ναὸν
619 1148 773 1218 οὗτος
798 1156 1160 1228 οἰκοδομήσει,
1192 1160 1284 1211 xui
1318 1161 1495 1213 πᾶσαν
1524 1162 1589 1215 ἐκ
1617 1163 1715 1230 τῆς
1747 1161 1896 1224 θείας

316 1245 493 1315 ῥοπῆς
526 1246 728 1317 ἀρετήν
777 1249 1131 1320 περιθέμενος
1173 1253 1265 1304 ἐπὶ
1308 1253 1405 1322 τῆς
1433 1252 1717 1322 βασιλικῆς
1759 1252 1895 1306 καθ-

314 1335 482 1406 έδρας
513 1337 756 1407 διαμενεῖ
780 1338 1030 1409 βεϐαίως.
1080 1344 1173 1396 Ἐκ
1196 1344 1386 1396 τούτου
1408 1343 1470 1414 δή
1491 1362 1571 1397 σοι
1597 1344 1657 1397 τὸ
1674 1344 1895 1415 θαρρεῖν

316 1428 451 1497 περὶ
499 1427 607 1480 τῶν
658 1430 1031 1501 προκειμένων
1081 1435 1393 1502 περιέσται’
1449 1434 1548 1506 ἔσῃ
1593 1433 1701 1506 γὰρ
1746 1434 1896 1505 αὐτῷ

319 1517 463 1586 μετὰ
495 1518 693 1589 πολλῆς
730 1522 901 1575 συνὼν
930 1526 1029 1594 τῆς
1072 1526 1236 1595 τιμῆς
1257 1542 1269 1554 ’
1302 1526 1459 1579 τοῦτο
1498 1526 1605 1596 γάρ
1639 1526 1785 1595 λέγει
1812 1528 1893 1593 τὸ,

323 1628 343 1659 ι
398 1610 589 1663 Ἔσται
618 1614 680 1665 ἐκ
703 1612 890 1678 δεξιῶν
911 1615 1099 1681 αὑτοῦ,
1134 1636 1152 1667 ι
1178 1617 1427 1687 ὁμονοίας
1460 1619 1519 1671 ἐν
1543 1618 1894 1689 ἀμφοτέροις,

316 1698 448 1768 ύμῖν
496 1699 837 1771 κρατούσης·
873 1703 947 1766 ὡς
993 1704 1075 1756 σοί
1116 1721 1176 1756 τε
1225 1705 1293 1758 τά
1330 1706 1636 1778 πράγματα
1666 1706 1754 1761 διὰ
1795 1709 1897 1779 τῆς

317 1788 607 1859 βασιλικῆς
627 1789 874 1856 ἐξουσίας
899 1794 1141 1862 γίνεσθαι
1172 1797 1305 1867 ῥᾴω,
1337 1798 1544 1851 ἐκεῖνόν
1580 1815 1642 1850 τε
1672 1797 1760 1851 διὰ
1797 1800 1896 1871 τῆς

317 1878 422 1948 σῆς
456 1880 765 1951 ἱερουργίας
812 1883 1009 1956 πολλῆς
1055 1887 1341 1956 τυγχάνειν
1378 1887 1479 1957 τῆς
1512 1888 1659 1951 θείας
1699 1889 1892 1960 ῥοπῆς.

328 1967 391 2021 ὐ
424 1969 481 2021 δέ
514 1987 574 2038 γε
605 1972 668 2024 ἐκ
706 1972 799 2025 τοῦ
828 1976 1202 2046 περιτεθέντος
1234 1978 1497 2047 στεφάνου
1539 1979 1761 2050 κόσμος,
1794 1981 1895 2035 οὐκ

316 2062 484 2114 αὐτοῦ
517 2064 703 2133 μόνου,
739 2070 939 2132 παντὸς
978 2071 1035 2124 δὲ
1074 2071 1293 2135 ἔπαινος
1322 2072 1473 2125 ἔσται
1520 2074 1614 2126 τοῦ
1659 2074 1896 2145 πλήθους

313 2150 425 2203 τῶν
447 2170 507 2205 τε
544 2155 681 2226 πρὸς
709 2159 806 2228 τὴν
838 2160 986 2214 θείαν
1017 2162 1268 2233 ὁρώντων
1302 2163 1510 2228 ἐλπίδα,
1537 2166 1630 2218 xui
1662 2166 1770 2221 τῶν
1799 2166 1895 2222 νῦν

312 2242 381 2296 τὰ
427 2246 757 2317 ἐνδεχόμενα
800 2252 1258 2324 συμϐαλλομένων
1292 2256 1425 2328 πρὸς
1457 2256 1555 2325 τὴν
1600 2257 1692 2311 τοῦ
1743 2259 1894 2312 οἴκου

315 2339 688 2405 κατασκευὴν,
732 2342 826 2395 xui
879 2343 984 2415 πρό
1019 2360 1082 2411 γε
1121 2345 1338 2398 πάντων
1371 2347 1463 2399 τοῦ
1494 2348 1745 2416 Σοφονίου
1768 2367 1894 2403 τοσ-

312 2426 486 2498 αύτην
522 2431 958 2504 ἐπιδεδειγμένου
1004 2437 1104 2507 τὴν
1149 2437 1481 2508 φιλοτιμίαν.
1532 2440 1598 2491 Ἃ
1624 2440 1686 2510 δὴ
1719 2441 1894 2494 πάντα

313 2520 509 2587 γέγονέ
562 2539 622 2574 τε
670 2525 767 2577 xui
815 2528 1043 2593 γίνεται,
1084 2528 1158 2592 ὡς
1206 2529 1273 2583 ἂν
1315 2529 1567 2600 διηνεκὴς
1596 2531 1630 2601 ἦ
1688 2549 1748 2585 τε
1788 2535 1896 2587 τῶν

317 2609 512 2679 ἱερέων
541 2611 874 2687 λειτουργία,
907 2619 999 2672 xui
1032 2621 1080 2673 oi
1115 2619 1204 2673 διὰ
1247 2621 1356 2673 τῶν
1404 2622 1692 2675 συνιόντων
1737 2622 1895 2695 ὕμνοι

316 2704 457 2773 πρὸς
484 2707 575 2760 τὸν
609 2708 743 2763 Θεὸν
771 2711 1177 2783 ἐκπληροῦσθαι
1220 2714 1484 2767 δύναιντο.
1521 2714 1596 2784 (p.
1633 2714 1756 2786 480)
1789 2717 1896 2769 Καὶ

2002 529 2131 583 dide
2140 532 2414 583 evectum.
2428 546 2447 578 ‹
2464 526 2899 593 Orieturautem,
2920 525 3118 596 inquit,
3130 526 3321 581 subter
3336 524 3510 594 ipsum
3525 542 3539 589 ;
3554 545 3572 575 ι

2001 622 2054 675 id
2073 630 2176 685 est,
2198 621 2438 677 Claritas
2465 621 2645 674 omnis
2685 634 2749 673 ex
2798 634 2865 673 eo
2896 618 3096 672 conﬁet
3128 618 3328 688 populo
3354 615 3571 671 Judaeu—

1998 728 2150 779 rum;
2186 727 2313 765 nam
2352 711 2615 780 templum
2655 710 2740 764 hic
2766 710 3078 775 azdiﬁcabit,
3117 718 3170 763 et
3191 710 3338 762 omni
3370 710 3573 764 virtute

2000 803 2113 859 Deo
2144 803 2371 872 juvante
2392 812 2623 856 ornatus
2657 802 2711 855 in
2751 802 2915 870 regali
2954 801 3084 855 sede
3119 802 3361 855 manebit
3408 801 3573 854 ﬁrmi-

1999 903 2105 952 ter.
2149 895 2288 949 Hinc
2335 895 2432 950 tibi
2467 893 2744 949 conﬁdere
2789 894 3068 963 praedictis
3128 895 3294 948 rebus
3350 894 3579 960 licebit;

1996 988 2200 1044 etenim
2232 1003 2417 1043 secum
2450 988 2623 1040 multo
2652 1002 2775 1040 cum
2799 986 3008 1041 honore
3037 987 3370 1044 versaberis.
3416 984 3575 1039 Nam.

1997 1095 2105 1149 que
2125 1079 2198 1132 ita
2229 1078 2416 1132 valent
2458 1077 2645 1141 verba,
2683 1096 2700 1127 ι
2729 1078 2769 1131 Δ
2803 1077 3012 1131 dextris
3065 1077 3185 1147 ejus
3233 1078 3359 1139 erit,
3389 1095 3406 1127 ›
3439 1091 3573 1129 con-

1997 1171 2187 1226 cordia
2221 1170 2363 1224 inter
2400 1184 2498 1224 vos
2534 1169 2726 1223 ambos
2758 1177 3166 1236 perseverante,
3216 1170 3289 1222 ita
3320 1179 3377 1221 ut
3403 1176 3456 1222 et
3482 1183 3571 1223 res

1997 1270 2105 1317 tuae
2127 1261 2325 1331 regalis
2388 1267 2706 1330 potentatus
2758 1275 2860 1328 Ope
2891 1260 3020 1313 ﬁant
3065 1260 3340 1321 meliores,
3388 1270 3439 1314 et
3480 1260 3572 1315 ille

2000 1363 2223 1423 propter
2247 1362 2405 1406 tuum
2433 1350 2804 1407 sacerdotium
2837 1350 3024 1404 divino
3053 1350 3378 1405 fulcimento
3418 1350 3571 1404 frua-

2000 1449 2111 1495 tur.
2170 1441 2287 1495 Jam
2339 1451 2393 1498 et
2424 1442 2691 1509 impositae
2738 1455 2959 1495 coronae
3011 1449 3392 1493 ornamentum
3426 1439 3570 1493 haud

2001 1533 2099 1587 tibi
2136 1533 2239 1601 ipsi
2297 1541 2532 1596 tantum,
2566 1531 2659 1585 sed
2685 1530 2944 1589 universo
2977 1530 3178 1599 populo
3213 1530 3359 1584 laudi
3408 1530 3574 1600 320

1998 1624 2125 1686 erit,
2149 1623 2390 1677 divinam
2424 1638 2573 1691 spem
2609 1637 2718 1691 pra:
2745 1622 2923 1676 oculis
2961 1621 3180 1675 habenti
3208 1629 3263 1675 et
3300 1637 3446 1676 nunc
3472 1636 3572 1691 pro

1997 1716 2208 1769 viribus
2257 1713 2325 1767 ad
2385 1713 2569 1784 templi
2631 1713 2922 1767 mdiﬁcium
2991 1712 3186 1781 stipem
3242 1710 3570 1778 conferenti,

2002 1806 2279 1876 Sophonia
2327 1804 2380 1857 in
2427 1804 2619 1873 primis
2672 1811 2885 1856 tantum
2946 1804 3024 1857 rei
3063 1802 3306 1856 studium
3367 1816 3476 1871 prae
3513 1817 3573 1857 se

2001 1896 2232 1952 ferente.
2261 1895 2393 1961 Quae
2423 1896 2609 1948 omnia
2643 1902 2698 1949 et
2731 1894 2872 1949 facta
2911 1900 3040 1948 sunt
3070 1901 3124 1947 et
3161 1895 3318 1956 ﬁunt,
3368 1901 3426 1946 ut
3459 1908 3576 1961 per-

2000 1998 2221 2058 petuum
2254 1988 2599 2041 sacerdotum
2637 1985 2709 2040 sit
2754 1984 3143 2049 ministerium,
3188 1992 3243 2038 et
3276 1998 3576 2053 congrega-

1999 2087 2178 2133 torum
2227 2081 2281 2132 in
2314 2078 2512 2147 templo
2543 2077 2730 2147 hymni
2777 2077 2844 2131 ad
2889 2076 3056 2131 Deum
3097 2078 3284 2132 extolli
3336 2077 3571 2146 possint.

1998 2168 2112 2224 lmo
2143 2178 2195 2224 et
2226 2168 2554 2240 longinquos
2588 2168 2857 2237 plurimos
2904 2168 3010 2222 huc
3041 2178 3441 2222 concurrentes
3490 2170 3574 2222 vi-

2002 2262 2228 2326 debitis,
2262 2261 2566 2330 symbolam
2613 2274 2767 2314 suam
2822 2259 2889 2313 ad
2922 2260 3107 2328 templi
3161 2259 3575 2314 aediﬁcationem

2000 2353 2369 2409 conferentes.
2439 2351 2620 2418 Quare
2670 2367 2737 2407 ex
2787 2351 2946 2405 factis
3002 2352 3139 2419 ipsis
3212 2353 3573 2420 perspicuum

2002 2445 2257 2500 omnibus
2296 2444 2384 2499 ﬁet
2422 2460 2508 2500 me
2557 2443 2652 2499 Dei
2711 2444 2983 2498 sententia
3017 2445 3132 2497 haec
3179 2445 3572 2497 nuntiaturum

2002 2537 2070 2592 ad
2093 2552 2190 2594 vos
2218 2536 2467 2602 venisse;
2503 2551 2624 2605 qua:
2651 2535 2874 2604 quidem
2925 2536 3133 2589 exitum
3186 2550 3347 2589 suum
3394 2534 3579 2588 nanci-

2003 2638 2243 2692 scentur,
2272 2628 2317 2681 si
2350 2642 2444 2681 vos
2480 2640 2626 2682 certe
2652 2626 2910 2696 legitimis
2944 2626 3080 2681 meis
3098 2627 3416 2682 obedientcs
3445 2641 3579 2680 con-

2004 2726 2217 2773 stanter
2246 2717 2482 2773 fueritis.

315 2797 427 2867 γὰρ
475 2797 540 2868 δὴ
584 2801 679 2852 xui
726 2803 834 2856 τῶν
867 2804 1146 2874 πόρρωθεν
1185 2805 1354 2859 ὄντων
1391 2806 1678 2869 πλείστους
1710 2808 1866 2873 ὅσους
1906 2811 2294 2884 συντρέχοντας
2321 2810 2537 2880 ϐψεσθε,
2567 2826 2636 2863 τα
2678 2811 2805 2881 παρ’
2839 2810 3042 2862 ἑαυτῶν
3076 2812 3155 2872 εἰς
3177 2809 3275 2880 τὴν
3307 2809 3399 2862 τοῦ
3428 2808 3578 2861 οἴκου

318 2891 770 2962 συνεισφέροντας
798 2896 1116 2966 οίκοδομήν·
1154 2898 1228 2961 ὼς
1270 2898 1329 2963 ἐξ
1358 2898 1535 2951 αὐτῶν
1567 2899 1830 2969 πρόδηλον
1863 2902 2033 2955 ἆπασι
2080 2903 2328 2971 γενέσθαι
2376 2903 2483 2955 τῶν
2528 2903 2891 2972 πραγμάτων,
2940 2902 3020 2954 ὅτι
3065 2900 3259 2973 γνώμῃ
3305 2900 3437 2953 Θεοῦ
3484 2900 3580 2955 νῦν

316 2984 806 3054 εὐαγγελιούμενος
835 2987 977 3057 ὑμᾶς
1000 2988 1235 3057 ἐλήλυθα
1263 2993 1452 3055 ταῦτα,
1481 2989 1625 3061 ἅπερ
1664 2988 1756 3044 οὖν
1788 2992 1881 3047 καὶ
1915 2978 2050 3063 πρὸς
2084 2997 2254 3066 πέρας
2282 2994 2579 3061 ἐλεύσεται,
2612 2994 2815 3064 ἐάνπερ
2846 2993 3155 3064 διαμείνητε
3193 2996 3303 3056 τοῖς
3330 2992 3580 3063 νομίμοις

317 3078 714 3142 ἐσπουδακότες
741 3080 1021 3135 πείθεσθαι
1051 3083 1166 3146 τοῖς
1190 3085 1362 3154 ἐμοῖς.

985 3199 1144 3254 ΚΕΦ.
1184 3193 1260 3251 Z'.

390 3283 543 3353 Στίχ.
597 3284 717 3338 α’-ε’
778 3317 849 3325 -
884 3289 1038 3345 Μετὰ
1077 3289 1238 3342 τοῦτο
1283 3289 1453 3359 λέγει,
1498 3290 1742 3361 τετάρτῳ
1790 3290 1899 3344 ἔτει

320 3376 700 3444 βασιλεύοντος
750 3379 976 3449 Δαρείου
1022 3382 1357 3435 ἀπεστάλθαι
1416 3384 1514 3452 μέν
1568 3400 1717 3446 τινας
1773 3384 1900 3454 παρ’

318 3469 479 3522 ἐνίων
518 3470 626 3522 τῶν
656 3474 713 3524 ἐν
745 3475 855 3535 τοῖς
885 3472 1186 3544 ἀλλοτρίοις
1232 3474 1326 3527 τοῦ
1385 3474 1775 3545 Ἰσραηλιτικοῦ
1808 3474 1903 3544 βας

322 3560 672 3627 σιλευόντων,
708 3564 849 3633 πρὸς
883 3565 1010 3627 τοὺς
1054 3565 1147 3617 ἐπὶ¹
1193 3565 1292 3635 τῆς
1337 3566 1690 3636 Ἰερουσαλήμ
1740 3568 1903 3637 ἱερεῖς

320 3670 380 3705 τε
426 3655 524 3706 xui
570 3657 883 3724 προφήτας⁹
932 3654 1073 3709 ὥστε
1119 3657 1471 3721 ἐξιλάσασθαι
1506 3658 1604 3728 μὲν
1634 3658 1765 3711 Θεὸν
1804 3657 1900 3709 θυ-

323 3743 468 3807 σίαις
502 3746 643 3815 ὑπὲρ
681 3740 756 3800 ὧν
784 3748 1130 3818 ἡμαρτηκόσι
1161 3750 1459 3819 συνῄδεσαν
1491 3751 1702 3813 ἑαυτοῖς
1722 3766 1734 3779 °
1764 3752 1902 3819 ἐρω-

322 3835 490 3903 τῆσαι
514 3836 572 3889 δὲ
616 3839 709 3890 καὶ
750 3838 939 3907 μαθεῖν
967 3842 1015 3893 εί
1042 3840 1133 3892 τὸν
1163 3843 1362 3895 οἰκεῖον
1390 3840 1659 3912 ἀπείληφε
1702 3840 1903 3910 κόσμον

323 3928 353 3978 ὁ
384 3926 478 3979 τοῦ
525 3927 660 3980 Θεοῦ
695 3930 845 3993 ναὸς,
886 3930 963 3993 ὡς
1010 3931 1076 3984 ἂν
1101 3933 1195 3986 καὶ
1238 3935 1361 3996 ταῖς
1412 3932 1781 4004 καθηκούσαις
1813 3932 1905 3985 ἐπὶ

322 4020 392 4087 τῇ
419 4018 513 4071 τοῦ
563 4020 707 4073 θείου
749 4021 1019 4093 θεραπείᾳ
1044 4025 1337 4094 χρήσαιντο
1385 4025 1679 4093 νηστείαις.
1725 4025 1904 4095 Ὅπερ

323 4100 421 4158 οὖν
460 4107 554 4160 xui
597 4110 961 4177 πεποιήκασιν
1007 4111 1100 4163 ἐπὶ
1134 4112 1343 4164 πλείοσι
1389 4115 1502 4175 τοῖς
1542 4112 1717 4165 ἔτεσιν
1764 4113 1901 4183 ήδη·

322 4198 613 4266 γεγονότος
658 4199 714 4251 δὲ
753 4199 939 4252 τούτου
986 4202 1115 4272 παρ’
1156 4203 1399 4265 ἐκείνων,
1433 4203 1526 4256 xui
1565 4203 1627 4273 δὴ
1660 4204 1753 4256 xui
1796 4203 1905 4256 τῶν

323 4292 757 4361 ἀπεσταλμένων
800 4294 1081 4363 παρόντων
1121 4312 1182 4347 τε
1217 4294 1311 4349 xui
1342 4295 1441 4364 τὴν
1483 4296 1673 4366 χρείαν
1707 4296 1907 4367 ἐκπλη-

326 4383 569 4454 ρούντων
598 4384 681 4453 ἐφ’
709 4380 852 4457 ᾗπερ
883 4381 1022 4455 ἦσαν
1059 4386 1480 4457 ἀπεσταλμένοι,
1521 4388 1588 4441 δι’
1629 4389 1905 4442 ἀποκαλύ-

322 4478 473 4544 ψεως
499 4478 620 4541 οἶας
665 4478 742 4547 τῷ
774 4479 1030 4549 προφήτῃ
1074 4479 1432 4548 κελευσθῆναι
1465 4480 1636 4533 ταῦτα
1668 4480 1805 4551 πρός
1848 4498 1907 4534 τε

323 4570 420 4622 τὸν
452 4569 580 4621 λαὸν
608 4569 823 4623 ᾶπαντα
856 4570 953 4639 τῆς
982 4571 1086 4640 γῆς
1130 4570 1225 4623 xui
1253 4572 1379 4634 τοὺς
1409 4572 1575 4640 ἱερεῖς
1617 4572 1905 4642 διαλεχθῆ-

326 4679 416 4714 ναι
437 4676 449 4688 '
483 4661 629 4731 άπερ
655 4656 748 4713 οὖν
776 4660 1061 4723 κάκείνους
1095 4660 1285 4731 μαθεῖν
1319 4662 1591 4733 παρόντας
1617 4663 1807 4733 ἐχρῆν,
1831 4662 1906 4727 ὼς

326 4752 395 4805 ἂν
426 4752 487 4803 τὸ
516 4751 831 4821 λεγόμενον,
882 4751 956 4821 μὴ
1002 4751 1111 4804 τῶν
1156 4752 1371 4806 οίκείων
1408 4754 1589 4823 μόνον,
1634 4754 1772 4807 ἀλλὰ
1813 4755 1907 4807 καὶ

322 4841 437 4893 τῶν
483 4840 823 4910 ἐληλυθότων
862 4842 959 4912 ἔχῃ
990 4842 1358 4899 διδασκαλίαν.
1400 4840 1508 4897 Ἦν
1540 4844 1597 4897 δὲ
1639 4844 1706 4899 τὰ
1750 4846 1908 4914 λεγό-

327 4947 471 5000 μενα
515 4930 722 4983 ταῦτα’
768 4932 842 4984 Ού
892 4933 1092 5003 σπουδή
1154 4949 1276 5002 μοι,
1330 4933 1496 5003 φησὶ,
1550 4932 1911 5004 νηστεύοντας

323 5024 476 5092 ὑμᾶς
530 5023 624 5075 xui
662 5024 1028 5094 κοπτομένους
1079 5024 1329 5095 βλέπειν
1359 5027 1421 5079 ού
1460 5025 1569 5097 γὰρ
1606 5028 1665 5080 ἐν
1702 5026 1911 5091 τούτοις

322 5117 427 5186 τὴν
466 5114 703 5185 ἐμαυτοῦ
756 5116 975 5186 τίθεμαι
1025 5116 1356 5188 θεραπείαν·
1408 5118 1499 5170 ἐπὶ
1540 5116 1910 5187 ἐϐδομήκοντα

322 5207 462 5275 γοῦν
491 5210 602 5270 τοῖς
647 5207 821 5261 ἐτεσιν
864 5210 923 5261 ἐν
951 5211 1017 5279 τῇ
1049 5208 1397 5279 αἰχμαλωσίᾳ
1440 5207 1743 5277 γεγονότες,
1790 5208 1910 5261 οὐδὲ

329 5301 464 5370 μίαν
489 5300 834 5367 ἐπεδείξασθε
859 5302 1115 5373 νηστείαν
1133 5320 1147 5333 ο
1183 5301 1259 5373 (p.
1295 5301 1421 5373 481)
1455 5300 1549 5354 xui
1578 5301 1729 5372 ὅμως
1756 5299 1909 5353 οὐδὲν

322 5391 542 5446 τοιοῦτο
569 5394 701 5464 παρ’
727 5394 879 5463 ὑμῶν
904 5395 1153 5465 αἰτήσας,
1188 5392 1656 5464 μεταϐαλομένους
1675 5391 1777 5462 τῆς
1811 5409 1902 5445 κα-

327 5480 458 5543 κίας
507 5480 652 5543 ίδὼν,
698 5482 1117 5554 ἀποκατέστησα
1164 5485 1276 5545 τοῖς
1323 5483 1578 5545 οἰκείοιςο
1635 5481 1745 5534 εἴτε
1800 5480 1909 5551 γὰρ

328 5572 561 5639 φάγοιτε
601 5573 695 5626 xui
741 5573 936 5637 πίοιτε,
970 5574 1080 5627 εἴτε
1133 5574 1228 5628 xui
1270 5575 1368 5644 μὴ,
1424 5574 1666 5645 ὑμετέρα
1712 5573 1808 5643 μὲν
1850 5573 1911 5625 τὸ

330 5667 531 5731 φαγεῖν
578 5665 899 5731 ἀπόλαυσις,
948 5666 1187 5738 ὑμετέρα
1233 5666 1290 5721 δέ
1335 5668 1429 5720 xui
1474 5666 1535 5719 τὸ
1590 5665 1663 5736 μὴ
1715 5666 1910 5732 φαγεῖν

2637 3173 2788 3229 CAP.
2832 3172 2943 3231 νη.

2079 3292 2240 3347 Vens.
2297 3291 2427 3346 1-5.
2468 3320 2538 3332 -
2573 3290 2768 3344 Postea
2840 3288 2972 3343 dicit
3025 3296 3224 3357 quarto
3288 3287 3437 3342 Darii
3488 3302 3578 3342 re-

2002 3387 2221 3457 gnantis
2250 3399 2393 3437 anno
2423 3383 2624 3437 missos
2673 3381 2845 3435 fuisse
2892 3380 3109 3448 aliquos
3166 3395 3196 3431 a
3246 3377 3577 3448 quibusdam

2002 3480 2094 3547 qui
2122 3478 2262 3531 inter
2295 3475 2633 3544 alienigenas
2660 3471 2972 3526 Israeliticae
2992 3470 3138 3549 genti
3173 3470 3577 3540 imperitabant,

2004 3570 2072 3623 ad
2096 3569 2409 3623 sacerdotes
2449 3569 2501 3618 in
2536 3565 2672 3619 urbe
2698 3562 3037 3617 llierusalem
3073 3572 3234 3631 atque
3257 3563 3580 3631 prophetas,

2005 3670 2065 3715 ut
2105 3659 2271 3714 Deum
2309 3658 2595 3712 sacriﬁciis
2624 3657 3019 3723 placarentpro
3050 3653 3166 3706 suis
3195 3666 3428 3720 quorum
3444 3666 3577 3705 cono

2006 3752 2106 3807 scii
2137 3756 2294 3803 erant
2329 3748 2601 3818 peccatis;
2636 3754 2800 3815 atque
2833 3754 2890 3798 ut
2920 3744 3274 3812 exquirerent
3308 3756 3438 3794 num
3489 3755 3581 3796 sa-

2006 3844 2079 3899 tis
2111 3841 2472 3897 conveniente
2500 3846 2697 3892 ornatu
2729 3837 2990 3907 templum
3009 3835 3105 3888 Dei
3133 3836 3464 3889 instructum
3501 3847 3584 3888 es.

2007 3942 2242 4002 sel,quo
2276 3931 2380 4002 ipsi
2412 3929 2477 3983 ad
2514 3928 2606 3983 Dci
2642 3930 2907 3983 honorem
2935 3940 3176 3995 congrua
3203 3924 3412 3995 jejunia
3446 3938 3579 3992 per-

2008 4030 2267 4094 agerent;
2299 4020 2445 4091 quod
2483 4019 2733 4090 pluribus
2764 4018 2874 4087 jam
2916 4016 3075 4071 annis
3126 4015 3387 4070 fecerant.
3422 4013 3579 4080 Quod

2007 4130 2129 4167 cum
2165 4114 2243 4167 illi
2287 4113 2554 4183 egissent,
2602 4111 2969 4181 praesentibus
3017 4109 3108 4179 qui
3149 4110 3300 4164 missi
3342 4108 3580 4167 fuerant.

2008 4213 2063 4260 et
2092 4205 2306 4274 negotio
2337 4204 2496 4273 cujus
2543 4218 2711 4258 causa
2757 4209 3023 4256 venerant
3074 4208 3315 4270 peracto,
3360 4214 3455 4268 per
3498 4212 3583 4251 re-

2008 4297 2332 4351 velationem
2363 4296 2626 4365 propheta
2673 4296 2863 4363 jussus
2897 4301 2980 4353 est
3033 4293 3147 4346 Inec
3194 4292 3378 4346 omnia
3437 4289 3581 4359 apud

2009 4389 2324 4444 universum
2352 4393 2510 4440 terra:
2542 4384 2797 4455 populum
2826 4381 3251 4450 sacerdotesque
3271 4382 3580 4440 enuntiare,

2012 4496 2133 4549 qua
2159 4480 2368 4534 scilicet
2398 4478 2549 4547 ipsos
2580 4491 2798 4546 quoque
2840 4476 2984 4530 scire
3019 4474 3339 4542 oportebat;
3371 4481 3429 4525 ut
3465 4487 3586 4540 qua:

2011 4571 2348 4633 dicerentur,
2388 4584 2494 4623 non
2520 4568 2876 4638 popularibus
2923 4576 3161 4628 tantum,
3193 4580 3380 4619 verum
3419 4565 3585 4618 etiam

2015 4658 2243 4715 advenis
2280 4658 2597 4727 magisterio
2631 4656 2831 4711 forent.
2865 4655 3034 4709 Erant
3056 4662 3237 4708 autem
3273 4657 3421 4711 dicta
3438 4655 3577 4708 bzec:

2010 4749 2099 4805 Nil
2131 4765 2249 4803 mea
2276 4748 2837 4817 interestjejunantes
2868 4761 2962 4800 vos
2993 4754 3045 4799 et
3075 4752 3354 4816 gementes
3379 4743 3584 4807 videre;

2014 4862 2190 4916 neque
2223 4848 2368 4900 enim
2404 4845 2457 4898 in
2505 4845 2591 4899 bis
2639 4843 2823 4897 cultus
2862 4843 2968 4897 mei
3022 4843 3289 4896 rationem
3346 4840 3580 4910 positam

2010 4952 2133 4991 esse
2155 4935 2363 5005 judico.
2391 4934 2551 4988 Certe
2578 4932 2738 4987 annis
2774 4932 3117 5002 septuaginta
3152 4930 3467 5000 captivitate
3493 4928 3589 4981 de-

2010 5029 2147 5083 tenti
2171 5028 2379 5081 nullum
2407 5026 2677 5094 jejunium
2719 5025 3097 5090 observastis;
3143 5031 3381 5075 attamen
3423 5017 3583 5088 32],

2012 5119 2147 5172 nihil
2174 5116 2488 5185 hujusmodi
2534 5131 2564 5168 a
2598 5115 2750 5170 vobis
2780 5124 3060 5187 expetens,
3132 5119 3418 5181 postquam
3471 5106 3584 5161 vidi

2013 5224 2044 5262 a
2098 5208 2338 5278 nequitia
2395 5208 2809 5276 resipiscentes,
2868 5207 2921 5260 in
2966 5203 3197 5272 patriam
3252 5200 3587 5269 postliminio

2017 5299 2291 5354 revocavi.
2335 5297 2469 5351 Nam
2517 5314 2612 5353 seu
2647 5314 2744 5353 vos
2783 5295 3082 5351 comedatis
3141 5304 3304 5362 atque
3364 5292 3583 5354 bibatis,

2016 5393 2133 5447 sive
2162 5406 2345 5455 secus,
2383 5398 2561 5445 vestra
2607 5397 2692 5444 est
2723 5386 3039 5443 comedendi
3081 5385 3351 5455 voluptas,
3406 5393 3584 5440 vestra

2017 5484 2144 5537 item
2174 5498 2202 5535 a
2227 5481 2565 5535 comedendo
2593 5478 2957 5541 abstinentia;
3006 5477 3135 5529 mihi
3168 5491 3296 5532 vero
3330 5476 3464 5530 nulli
3495 5491 3583 5531 res

2019 5572 2333 5643 liujnsmodi
2365 5586 2513 5625 curae
2539 5578 2685 5625 sunt.
2713 5569 2891 5637 Atque
2912 5576 2971 5621 ut
2997 5567 3247 5622 ostendat
3275 5567 3413 5622 haud
3443 5580 3585 5624 nunc

2020 5666 2252 5736 primum
2284 5662 2396 5716 hmo
2427 5663 2534 5716 illis
2566 5662 2745 5715 dicere
2773 5676 2786 5716 :

334 5756 618 5826 στέρησις,
650 5756 774 5825 ἐμοὶ
803 5756 860 5810 δὲ
897 5755 1052 5825 λόγος
1089 5755 1292 5811 τούτων
1322 5756 1514 5820 οὐδείς.
1553 5755 1660 5810 Καὶ
1701 5754 1912 5817 δεικνὺς
1955 5757 2035 5811 ὅτι
2065 5756 2125 5810 ού
2156 5754 2248 5808 νῦν
2272 5750 2445 5807 ταῦτα
2487 5752 2701 5823 πρῶτον
2737 5768 2869 5819 φησι
2899 5750 3029 5819 πρὸς
3070 5746 3293 5810 αύτούς·
