4106 6238
502 291 610 348 533

1667 300 2017 358 Τιιεοῡοιιι
2056 300 2540 360 MOPSUESTENI

3659 305 3763 361 5H

579 420 742 476 ηις.
794 420 949 476 6—13.
983 451 1052 465 —-
1088 439 1107 474 ι
1149 420 1361 487 Nonne,
1412 422 1509 488 ait,
1561 421 1666 476 ista
1714 423 1875 479 verba
1932 431 2082 489 sunt,

2258 426 2406 497 Στίχ.
2440 426 2606 497 ις’-ιβ’.
2636 458 2700 469 —-
2729 446 2747 478 ι
2785 427 2897 497 Ούχ
2933 420 3078 479 οὗτοι
3107 427 3155 478 οί
3183 424 3327 491 λόγοι
3353 422 3489 475 εἰσὶν
3515 421 3608 486 οὓς
3649 423 3769 478 ἑλά⁸

442 582 445 587 ί
503 527 624 582 qua:
655 513 875 568 locutus
908 522 993 570 est
1019 513 1284 571 Dominus
1312 515 1367 569 in
1408 516 1662 571 manibus
1692 515 2082 585 prophetarum

505 604 598 673 qui
631 603 853 660 fuerunt
887 606 1061 676 prius,
1097 607 1319 677 quando
1352 606 1693 663 Hierusalem
1726 610 1925 677 populo
1967 609 2085 677 opi—

506 696 717 765 busque
756 696 1044 753 adluebat:
1082 700 1322 769 itemque
1369 699 1567 769 oppida
1610 699 1729 768 ejus
1770 701 1995 755 ﬁnitima
2031 707 2085 755 et

508 794 767 841 montana
798 796 851 841 et
892 790 1223 858 campestria
1272 791 1468 846 incolis
1504 789 2029 861 frequentabantur?
2061 810 2079 844 ι

507 877 634 933 Haec
665 888 720 932 et
762 880 916 946 olim,
961 882 1162 951 inquit,
1198 898 1295 952 per
1327 884 1622 955 prophetas
1646 885 1777 939 olim
1811 885 2084 951 dicebam,

507 985 616 1038 quo
650 978 897 1041 tempore
943 971 1282 1028 Hierusalem
1315 975 1615 1031 domestica
1656 977 1870 1031 lautitia
1909 978 2086 1031 abun-

507 1065 692 1128 dabat,
746 1074 1065 1138 cunctamque
1098 1069 1262 1124 urbes
1296 1070 1343 1124 ei
1391 1069 1676 1138 subjectae,
1713 1085 1836 1139 qum
1877 1070 1992 1127 sive
2032 1070 2086 1125 in

510 1164 772 1211 montana
810 1159 925 1214 sive
957 1161 1011 1213 in
1056 1165 1353 1232 campestri
1388 1163 1635 1232 regione,
1674 1163 1867 1218 idonea
1902 1163 2087 1234 populi

509 1249 863 1304 multitudine
889 1251 1060 1320 plena:
1090 1264 1269 1307 erant.
1307 1252 1488 1308 Nihilo
1515 1263 1694 1309 tamen
1729 1255 1911 1309 minus
1936 1256 2089 1311 vobis

509 1348 643 1392 tunc
692 1340 903 1394 aiebam
960 1357 1047 1397 me
1103 1344 1307 1397 nullam
1350 1344 1545 1412 jojunii
1604 1345 1769 1398 vestri
1822 1346 2088 1401 rationem

510 1429 731 1495 habere,
762 1432 906 1501 quod
949 1435 1069 1488 sine
1104 1435 1250 1488 bono
1293 1438 1491 1490 mentis
1534 1436 1723 1489 habitu
1753 1436 2087 1491 observaba-

509 1521 602 1576 tis.
659 1522 920 1589 Quantam
978 1540 1108 1580 vero
1166 1525 1297 1579 mihi
1358 1534 1512 1597 grata
1571 1535 1797 1591 essent,
1862 1541 2092 1597 quaeque

509 1614 859 1683 potissimum
915 1619 1073 1673 vobis
1127 1617 1447 1682 factitauda,
1503 1635 1601 1688 per
1653 1619 1948 1689 prophetas
1993 1634 2090 1676 vos

508 1707 822 1763 edocebam.
865 1728 883 1759 ι
914 1708 1188 1765 Judicium
1233 1712 1444 1780 justum
1472 1711 1737 1780 judicate,
1779 1719 1833 1767 et
1881 1713 2092 1766 miseri—

510 1799 703 1853 cordia
753 1815 817 1854 ae
864 1801 1220 1857 miseratione
1258 1804 1476 1857 utimini
1526 1804 1907 1873 unusquisque
1959 1820 2087 1874 erga

513 1888 739 1945 fratrem
782 1906 965 1953 suum,
1021 1901 1075 1947 et
1122 1894 1343 1948 viduam
1396 1902 1451 1948 et
1492 1895 1783 1963 pupillum,
1842 1902 1894 1950 et
1928 1894 2091 1949 adve-

513 1996 676 2045 nam,
745 1993 799 2037 et
863 1999 1157 2054 pauperem
1225 2000 1294 2040 ne
1346 1987 1706 2055 opprimatis,
1767 1993 1822 2040 et
1869 1986 2092 2039 malitiae

515 2076 901 2145 unusquisque
932 2077 1119 2130 fratris
1150 2078 1235 2131 sui
1271 2093 1338 2133 ne
1365 2078 1722 2133 memineritis
1750 2077 1804 2133 in
1828 2077 2089 2132 cordibus

510 2167 736 2220 vestris.
770 2185 785 2216 ι
835 2166 999 2222 Suasi
1029 2170 1185 2226 vobis
1224 2170 1371 2224 omni
1401 2170 1894 2239 temporejustitiae
1923 2171 2091 2241 pluri-

513 2273 656 2312 mam
691 2275 877 2313 curam
905 2276 1114 2331 gerere,
1148 2269 1202 2316 et
1231 2263 1617 2330 compassione
1653 2276 1779 2331 erga
1810 2261 2090 2330 proximos

513 2349 615 2409 uti,
654 2358 706 2404 et
730 2352 876 2405 omni
910 2366 1210 2421 pauperum
1244 2366 1307 2405 ac
1346 2352 1731 2406 derelictorum
1765 2352 2091 2407 detrimento

512 2442 827 2508 abstinere;
881 2443 1010 2498 item
1070 2443 1404 2497 simultatem
1453 2450 1506 2497 et
1554 2444 1688 2500 iram
1731 2452 1974 2498 mutuam
2019 2445 2091 2497 vi-

513 2541 650 2597 tare,
693 2533 939 2603 deposita
977 2534 1196 2589 illarum
1225 2550 1346 2605 quae
1378 2536 1541 2607 vulgo
1572 2536 1823 2590 incidunt
1856 2537 2091 2592 oll'eusa-

511 2637 633 2676 rum
665 2623 948 2678 memoria.
992 2623 1243 2679 Profecto
1285 2641 1407 2697 ego,
1437 2625 1703 2695 jejunium
1733 2638 1973 2682 vestrum
2005 2645 2092 2682 rec

511 2731 708 2781 nuens,
746 2715 860 2771 bare
880 2716 1036 2771 vobis
1068 2716 1275 2787 agenda
1311 2717 1630 2772 suadebam.
1661 2737 1679 2769 ι
1708 2719 1772 2771 Et
1795 2719 2090 2773 noluerunt

512 2807 812 2871 attendere,
855 2813 911 2860 et
949 2815 1271 2863 averterunt
1316 2808 1599 2863 dementer
1636 2809 1859 2865 dorsum
1907 2825 2087 2873 suum,

509 2906 566 2950 et
611 2910 772 2951 aures
820 2912 951 2953 suas
1004 2907 1439 2968 aggravaverunt
1478 2915 1546 2954 ne
1595 2901 1869 2962 audirent,
1907 2913 1959 2957 et
1994 2919 2091 2958 eor

512 3003 672 3042 suum
700 2997 995 3043 contumax
1028 2989 1277 3045 fecerunt
1311 3006 1378 3045 ne
1407 2991 1693 3045 obedirent
1726 2992 1829 3061 legi
1866 3009 1997 3048 meae
2024 3010 2088 3049 ac

2185 517 2314 588 λησε
2339 520 2542 590 Κύριος
2560 521 2617 573 ὲν
2637 519 2794 591 χερσὶ
2816 519 2925 572 τῶν
2953 517 3248 590 προφητῶν
3284 517 3391 571 τῶν
3419 516 3729 588 ἔμπροσθεν
3748 563 3764 583 ,

2185 609 2310 663 ὅταν
2325 605 2392 681 ἦν
2418 611 2772 684 Ἰερουσαλὴμ
2794 610 3195 681 κατοικουμένη
3218 610 3310 663 καί⁵
3330 609 3649 679 εὑθηνοῦσα,
3673 613 3767 664 καὶ,

2185 701 2240 752 αί
2282 700 2463 764 πόλεις
2499 704 2671 772 αὐτῆς
2707 703 2986 767 κυκλόθεν,
3019 702 3110 755 καὶ
3140 703 3172 772 ή
3212 700 3395 772 ὀρεινὴ
3444 701 3538 753 καὶ
3580 701 3768 773 πεδινὴ

2185 795 2519 860 κατῳκεῖτο;
2562 814 2580 846 ›
2602 795 2787 849 Ταῦτα
2807 796 2885 860 δὲ,
2916 795 3068 865 φησὶ,
3099 793 3190 846 καὶ
3215 793 3379 846 πάλαι
3404 793 3489 845 διὰ
3502 793 3608 846 τῶν
3633 810 3769 865 προ-

2188 885 2372 953 φητῶν
2398 885 2583 954 ἔλεγον
2610 888 2745 957 πρὸς
2768 888 2933 957 ὑμᾶς,
2963 887 3201 957 ὁπηνίκα
3228 886 3319 938 ὲπί
3343 902 3401 937 τε
3426 886 3524 955 τῆς
3556 886 3769 947 οἰκείας

2188 975 2475 1046 εὐθηνείας
2505 973 2575 1047 ἦν
2599 979 2633 1047 ἡ
2685 978 3041 1049 Ἰερουσαλὴμ
3074 978 3169 1031 καὶ
3204 978 3371 1030 πᾶσαι
3399 978 3452 1030 αἰ
3478 977 3570 1029 ὑπ’
3598 976 3769 1048 αὐτὴν

2188 1067 2374 1132 πόλεις
2404 1068 2686 1132 ὡσαύτως,
2714 1070 2809 1123 ἆτε
2848 1070 2943 1122 καὶ
2971 1070 3070 1139 τῆς
3110 1069 3326 1140 ὀρεινῆς
3367 1068 3458 1120 καὶ
3493 1068 3590 1136 τῆς
3618 1068 3770 1120 πεδι-

2189 1162 2288 1232 νῆς
2319 1161 2503 1232 χώρας
2545 1163 2643 1231 τῆς
2687 1160 3072 1233 προσηκούσης
3100 1160 3288 1223 αὐταῖς
3333 1158 3773 1229 πεπληρωμένης

2189 1253 2299 1306 τῶν
2324 1253 2617 1307 οἰκούντων
2639 1271 2651 1284 ’
2681 1255 2775 1308 καὶ
2797 1254 2946 1325 ὅμως
2972 1252 3146 1307 ταῦτα
3169 1252 3291 1305 τότε
3320 1251 3455 1322 πρὸς
3478 1252 3620 1321 ὑμᾶς
3648 1250 3770 1303 ἔλε-

2190 1361 2287 1412 γον
2328 1346 2410 1398 ὅτι
2457 1362 2547 1413 μοι
2598 1344 2753 1413 λόγος
2795 1345 2969 1407 οὐδεὶς
3016 1344 3115 1413 τῆς
3171 1344 3424 1413 νηστείας
3469 1342 3622 1413 ὑμῶν
3669 1343 3773 1395 οὐκ

2192 1436 2369 1507 ἀγαθῇ
2399 1437 2595 1510 γνώμῃ
2635 1436 3005 1506 νηστευόντων
3028 1452 3039 1466 '
3082 1436 3244 1489 τίνων
3273 1435 3329 1487 δέ
3366 1452 3455 1505 μοι
3485 1434 3661 1501 λόγος,
3691 1427 3770 1486 ὧν

2191 1527 2571 1597 ἐπιμελεῖσθαι
2606 1529 2840 1600 μάλιστα
2869 1530 3165 1600 προσήκειν
3193 1527 3338 1603 ὑμᾶς
3366 1526 3640 1580 ἐδίδασκον
3677 1525 3770 1579 διὰ

2190 1620 2300 1672 τῶν
2331 1604 2644 1691 προφητῶν.
2684 1638 2701 1671 ι
2746 1619 2936 1690 Κρίμα
2977 1621 3184 1673 δίκαιον
3214 1619 3455 1690 κρίνατε,
3488 1619 3581 1671 καὶ
3621 1617 3773 1671 ἔλεον

2196 1712 2289 1763 καὶ
2334 1711 2617 1781 οἰκτιρμὸν
2674 1712 2876 1763 ποιεῖτε
2930 1710 3159 1774 ἕκαστος
3221 1711 3358 1781 πρὸς
3400 1711 3490 1764 τὸν
3540 1710 3773 1782 πλησίον

2194 1801 2381 1863 αὑτοῦ,
2427 1802 2522 1854 καὶ
2567 1803 2742 1873 χήραν
2772 1801 2868 1854 καί⁸
2895 1802 3128 1873 ὀρφανὸν
3156 1802 3251 1855 καὶ
3295 1802 3628 1873 προσήλυτον
3674 1803 3775 1855 καὶ

2192 1894 2399 1961 πένητα
2431 1892 2504 1963 μὴ
2530 1893 3020 1946 καταδυναστεύετε
3038 1910 3052 1925 ο
3081 1894 3175 1947 καὶ
3196 1893 3395 1947 κακίαν
3416 1894 3640 1955 ἕκαστος
3674 1890 3773 1945 τοῦ

2192 1982 2420 2051 ἀδελφοῦ
2473 1982 2634 2036 αὑτοῦ
2686 1983 2759 2055 μὴ
2828 1985 3215 2053 μνησικακεῖτε
3264 1984 3322 2035 ὲν
3365 1986 3484 2045 ταῖς
3518 1981 3773 2053 καρδίαις

2192 2075 2366 2144 ὑμῶν.
2419 2093 2436 2126 ι
2472 2074 2863 2128 Συνεϐούλευον
2905 2075 3013 2147 γὰρ
3063 2075 3191 2144 ὑμῖν
3217 2073 3529 2145 ἁπανταχοῦ
3570 2072 3663 2126 τοῦ
3693 2074 3777 2127 δι⁴

2191 2166 2345 2220 καίου
2394 2168 2661 2220 ποιεῖσθαι
2707 2167 2967 2239 πρόνοιαν
3020 2167 3301 2236 πλείστην,
3350 2166 3661 2236 συμπαθείᾳ
3709 2183 3774 2219 τε

2189 2258 2426 2329 χρῆσθαι
2461 2258 2597 2329 πρὸς
2621 2260 2746 2321 τοὺς
2771 2258 2959 2323 πέλας,
2989 2260 3059 2329 (p.
3086 2258 3213 2329 48?.)
3254 2260 3348 2313 καί
3375 2258 3439 2330 δὴ
3472 2258 3564 2312 καὶ
3587 2259 3772 2330 πάσης

2193 2349 2395 2420 βλάϐης
2417 2350 2513 2420 τῆς
2534 2353 2613 2412 εἰς
2631 2351 2756 2417 τοὺς
2784 2350 3015 2421 πένητας
3032 2368 3091 2403 τε
3118 2350 3213 2404 καὶ
3254 2351 3771 2422 ἁπροστασιάστους

2192 2439 2494 2509 ἀπέχεσθαι
2516 2456 2529 2472 ⁸
2575 2442 2669 2495 καὶ
2717 2442 2936 2513 μήνιδος
2967 2441 3023 2495 δὲ
3066 2442 3160 2496 καὶ
3187 2441 3357 2513 ὀργῆς
3390 2443 3487 2512 τῆς
3530 2442 3648 2495 κατ’
3675 2442 3774 2495 ἀλ-

2191 2531 2367 2602 λήλων
2406 2533 2727 2601 ἀφεστάναι,
2767 2532 3136 2604 ἀφαιροῦντας
3184 2533 3283 2603 τὴν
3312 2534 3530 2605 μνήμην
3562 2533 3777 2587 ἑαυτῶν

2188 2623 2299 2675 τῶν
2331 2625 2387 2676 ὲν
2416 2623 2567 2693 μέσῳ
2614 2641 2729 2687 πως
2777 2624 3101 2695 συμϐάντων
3146 2624 3427 2697 λυπηρῶν.
3484 2624 3622 2677 Ἀλλ’
3660 2625 3778 2692 ἐγὼ

2195 2713 2293 2783 μὲν
2341 2713 2439 2784 τὴν
2494 2716 2748 2785 νηστείαν
2799 2716 3252 2786 παρωθούμενος,
3301 2716 3473 2770 ταῦτα
3522 2716 3777 2769 συνεϐού-

2191 2803 2345 2858 λευον
2382 2806 2529 2875 ὑμῖν.
2572 2806 2637 2857 Τί
2670 2805 2760 2870 es;
2812 2824 2832 2856 ι
2866 2808 2976 2860 Καὶ
3003 2806 3306 2877 ἠπείθησαν
3331 2807 3424 2860 τοῦ
3464 2809 3774 2879 προσέχειν,

2192 2895 2285 2946 καὶ
2307 2893 2513 2947 ἔδωκαν
2538 2895 2704 2946 νῶτον
2731 2895 2911 2948 αὐτῶν
2938 2896 3411 2967 παραφρονοῦντα,
3437 2898 3530 2949 καὶ
3565 2897 3632 2949 τὰ
3654 2891 3780 2951 ὦτα

2192 2984 2373 3037 αὐτῶν
2402 2985 2672 3055 ἐϐάρυναν
2698 2984 2791 3038 τοῦ
2823 2985 2898 3057 μὴ
2931 2987 3258 3050 εἰσακούειν,
3291 2988 3383 3041 καί
3419 2988 3517 3058 τὴν
3546 2988 3777 3060 καρδίαν

514 3078 696 3133 verbis
732 3095 855 3149 qua:
894 3081 1043 3135 misit
1076 3080 1342 3137 Dominus
1379 3083 1729 3152 omnipotens
1779 3083 1833 3137 in
1881 3083 2087 3153 Spiritu

2193 3074 2372 3128 αὐτῶν
2413 3073 2605 3139 ἔταξαν
2646 3076 2844 3146 ἀπειθῆ
2892 3076 2986 3131 τοῦ
3020 3077 3096 3149 μὴ
3135 3078 3441 3132 εἰσακούειν
3478 3079 3573 3133 τοῦ
3604 3080 3776 3150 νόμου

516 3187 617 3225 suo
655 3187 750 3241 per
778 3172 941 3243 322
974 3175 1322 3244 superiorum
1367 3177 1758 3246 prophetarum
1787 3194 2030 3233 manum.
2070 3201 2089 3233 ι

513 3261 592 3316 Ne
623 3262 710 3319 his
744 3264 962 3333 quidem
995 3267 1277 3322 attendere
1302 3269 1574 3331 voluistis,
1604 3269 1699 3324 sed
1727 3285 1851 3325 cum
1877 3272 2093 3327 insania

515 3356 683 3410 multa
721 3355 867 3411 dicta
910 3358 1125 3412 illorum
1160 3364 1395 3414 aversati
1430 3361 1587 3417 estis.
1632 3360 1691 3415 ιιι
1729 3364 1874 3417 enim
1909 3364 2095 3419 valent

516 3448 702 3511 verba,
740 3466 760 3500 ι
786 3450 1121 3506 Averterunt
1144 3451 1431 3508 dementer
1459 3452 1684 3509 dorsum
1716 3470 1898 3510 suum.
1943 3475 1961 3510 ι
1997 3456 2095 3513 His

515 3554 638 3606 qua:
690 3539 1018 3596 dicebantur
1063 3557 1252 3598 aurem
1304 3545 1552 3615 praebere
1600 3546 1879 3611 noluistis.
1916 3555 2096 3605 mente

518 3643 750 3697 prorsus
782 3630 1092 3699 obﬁrmata,
1140 3636 1438 3705 quominus
1477 3637 1622 3707 leges
1651 3653 1800 3695 meas
1833 3655 2093 3711 sequere-

515 3722 671 3785 mini,
706 3738 844 3792 quas
887 3739 984 3794 per
1023 3727 1337 3796 superiores
1385 3729 1679 3799 prophetas
1707 3730 1864 3789 vobis
1904 3732 2095 3803 expia.

515 3814 729 3869 nabam.
763 3814 905 3881 Quid
936 3831 1067 3872 vero
1088 3816 1217 3874 hinc
1250 3820 1489 3876 accidit?

585 4091 757 4145 Vens.
813 4089 900 4157 l3,
964 4092 1146 4147 14.-
1181 4111 1198 4143 ι
1232 4092 1299 4147 Et
1356 4095 1622 4164 processit
1680 4094 1759 4149 ira
1820 4111 2015 4169 magna
2062 4114 2094 4153 a

514 4183 747 4238 Domino
802 4184 1199 4254 omnipotente.
1243 4205 1262 4237 ›
1315 4183 1611 4255 Propterea
1663 4194 1875 4241 tantum
1925 4190 2095 4245 susti-

515 4277 714 4332 nuistis
763 4276 1118 4347 supplicium,
1173 4278 1432 4346 quoniam
1484 4292 1587 4348 ego
1631 4278 1859 4347 jejuniis
1898 4282 2093 4336 vestris

513 4369 843 4439 contemptis
876 4368 1135 4421 hortabar
1178 4383 1278 4423 vos
1307 4369 1373 4422 ad
1408 4369 1587 4440 legum
1632 4370 1872 4425 debitam
1903 4372 2093 4425 obser-

2199 3184 2321 3238 μου,
2346 3168 2437 3219 καὶ
2473 3168 2579 3220 τῶν
2608 3168 2780 3237 λόγων
2808 3162 2882 3229 ὧν
2912 3169 3311 3236 ὲξαπέσταλκεν
3337 3170 3539 3242 Κύριος
3571 3188 3776 3224 παντο-

2197 3260 2420 3331 κράτωρ
2457 3262 2513 3313 ὲν
2544 3261 2823 3331 Πνεύματι
2847 3262 3036 3328 αὑτοῦ,
3068 3264 3125 3316 ὲν
3152 3263 3307 3334 χερσὶ
3347 3264 3637 3336 προφητῶν
3666 3265 3779 3317 τῶν

2194 3353 2521 3424 ἔμπροσθεν.
2568 3375 2587 3411 ι
2622 3355 2757 3408 Οὐδὲ
2799 3354 3004 3409 τούτων
3047 3355 3112 3426 δὴ
3155 3355 3310 3424 λόγον
3350 3357 3617 3410 ποιεῖσθαι
3644 3357 3779 3427 ἠθέ-

2194 3444 2338 3508 λετε,
2377 3445 2493 3500 ἀλλ’
2537 3446 2603 3499 ὲκ
2656 3446 3078 3517 παραφροσύνης
3120 3446 3219 3517 μὲν
3251 3448 3451 3519 πολλῆς
3497 3448 3779 3513 παντελῶς

2194 3536 2607 3607 ἀπεστρέφεσθε
2628 3537 2694 3590 τὰ
2729 3536 2998 3608 λεγόμενα
3019 3555 3033 3569 ·
3060 3537 3218 3592 τοῦτο
3245 3538 3356 3611 γὰρ
3369 3539 3534 3607 λέγει,
3558 3556 3577 3589 ι
3602 3539 3779 3595 "eam-

2195 3647 2297 3683 καν
2333 3630 2501 3685 νῶτον
2548 3629 2729 3684 αὐτῶν
2779 3629 3260 3701 παραφρονοῦντα·
3323 3651 3341 3683 ι
3391 3633 3675 3703 προσέχειν
3714 3634 3780 3687 δὲ

2193 3723 2307 3785 τοῖς
2364 3722 2676 3793 λεγομένοις
2734 3722 2835 3775 οὐκ
2890 3721 3131 3786 ἐθέλετε,
3184 3722 3468 3793 κρίναντες
3520 3724 3783 3790 καθάπαξ

2193 3812 2433 3876 ἀπειθῶς
2462 3814 2606 3884 ἔχειν
2645 3813 2781 3884 πρὸς
2808 3814 2935 3877 τοὺς
2962 3813 3161 3883 νόμους
3190 3814 3316 3877 τοὺς
3345 3815 3529 3885 εμοὺς,
3565 3814 3656 3879 οὓς
3684 3816 3781 3869 διὰ

2193 3906 2301 3960 τῶν
2341 3907 2637 3979 προφητῶν
2666 3905 2776 3960 τῶν
2829 3906 3065 3975 πρόσθεν
3109 3906 3239 3976 ὑμῖν
3277 3904 3608 3978 ὲξηγούμην.
3656 3909 3775 3977 Ἐφ’

2193 3992 2275 4062 οἷς
2309 3999 2359 4051 τί
2386 3999 2573 4067 γέγονε
2593 4014 2608 4062 ;

2266 4088 2415 4158 Στίχ.
2456 4094 2542 4156 ιγ’,
2578 4087 2659 4143 ιδ’.
2683 4118 2753 4128 —-
2777 4108 2793 4138 ι
2832 4088 2942 4142 Καὶ
2973 4088 3189 4156 ἐγένετο
3221 4090 3358 4161 ὀργὴ
3392 4090 3599 4161 μεγάλη
3625 4093 3781 4161 παρὰ

2196 4178 2417 4249 Κυρίου,
2442 4178 2901 4249 παντοκράτορος.
2942 4198 2958 4228 ι
3017 4179 3188 4250 ’Υπὲρ
3221 4182 3424 4234 τούτων
3454 4181 3551 4253 τὴν
3581 4182 3781 4234 τοσαύ-

2194 4287 2293 4339 την
2330 4270 2709 4339 ύπομενήκατε
2747 4268 3039 4339 τιμωρίαν,
3087 4270 3229 4341 ὑπὲρ
3275 4267 3349 4328 ὧν
3386 4272 3483 4334 τὰς
3519 4274 3779 4342 νηστείας

2197 4364 2351 4432 ὑμῶν
2381 4360 2803 4434 παρωθούμενος
2837 4363 3021 4415 ἐκεῖνα
3068 4362 3449 4416 συνεϐούλευον
3498 4358 3572 4417 ὧν
3613 4364 3776 4433 μάλι-

515 4461 756 4514 vantiam
791 4480 805 4514 :
841 4468 895 4514 at
917 4476 1015 4515 vos
1058 4444 1434 4515 contra'ilocci
1469 4460 1676 4518 fecistis
1726 4463 1872 4532 leges
1915 4480 2088 4519 meas.

2197 4474 2296 4511 στα
2334 4456 2609 4527 προσῆκον
2648 4450 2716 4525 ἧν
2745 4455 2887 4521 ὑμᾶς
2918 4454 3026 4507 τῶν
3065 4456 3245 4524 νόμων
3275 4456 3616 4526 ἀντέχεσθαι.
3666 4458 3778 4510 Λό-

521 4570 540 4602 ι
574 4550 815 4623 Eritque,
847 4553 1306 4621 quemadmodum
1333 4552 1449 4623 ipse
1470 4552 1629 4616 dixit,
1665 4570 1767 4608 nec
1793 4556 1841 4609 ei
1873 4558 2095 4611 auscul-

515 4650 724 4710 tarunt,
782 4644 857 4697 ita
921 4645 1259 4709 clamabunt,
1328 4661 1428 4700 nec
1490 4661 1594 4715 ego
1647 4647 1959 4711 exaudiam,
2019 4651 2094 4703 ait

520 4736 781 4791 Dominus
804 4738 1170 4805 omnipotens.
1214 4758 1231 4789 ι
1267 4737 1423 4793 Sicut
1457 4739 1533 4792 illi
1560 4738 1706 4793 dicta
1739 4755 1857 4793 mea
1899 4742 2091 4796 nolue-

516 4839 643 4883 runt
691 4829 901 4893 audire,
950 4835 1025 4883 ita
1074 4846 1175 4900 ego
1230 4832 1476 4886 vicissim
1522 4832 1749 4886 clamori
1797 4849 1984 4887 eorum
2034 4835 2090 4887 in

515 4923 788 4993 angustiis
819 4924 1245 4979 constitutorum
1279 4940 1465 4979 aurem
1507 4941 1613 4979 non
1648 4927 1919 4995 praabcbo.
1948 4926 2089 4993 Quid

516 5027 682 5082 porro
710 5014 840 5083 egi?
875 5031 893 5063 ι
931 5011 1236 5083 PrOpellam
1269 5029 1363 5068 eos
1398 5021 1659 5083 tanquam
1693 5015 1911 5071 turbine
1949 5017 2093 5071 inter

513 5112 702 5171 gentes
728 5120 869 5175 quas
903 5120 1011 5159 non
1047 5114 1331 5171 noverant,
1366 5114 1419 5159 et
1446 5113 1592 5158 terra
1634 5115 1757 5174 post
1790 5120 1887 5161 eos
1928 5106 2092 5161 deso-

518 5195 720 5249 labitur
763 5198 971 5267 absque
1014 5203 1335 5251 transeunte
1378 5196 1462 5249 vel
1505 5205 1811 5251 revertente
1844 5215 1855 5251 :
1888 5212 2090 5267 posue-

517 5295 750 5356 runtque
780 5297 977 5343 terram
1019 5289 1245 5343 electam
1281 5287 1333 5341 in
1354 5288 1685 5342 vastitatem.
1714 5307 1733 5338 ι
1772 5287 2089 5343 Commina-

517 5386 605 5431 tus
649 5395 791 5442 sum,
821 5394 919 5433 vos
963 5394 1153 5435 omnes
1179 5378 1336 5449 quasi
1374 5378 1520 5432 venti
1563 5379 1798 5447 procella
1851 5381 2089 5435 maxima

518 5484 605 5523 me
634 5468 1034 5539 dispersuruut,
1070 5480 1122 5525 et
1163 5470 1465 5541 captivitati
1515 5470 1748 5527 traditos
1792 5471 1858 5525 ad
1908 5471 2088 5542 regio-

520 5574 643 5612 nem
679 5561 1034 5630 expulsurum
1066 5578 1227 5631 quam
1259 5574 1418 5618 antea
1447 5562 1805 5633 ignorabatis,
1830 5570 1884 5617 et
1921 5564 2091 5617 vasti-

519 5659 631 5704 tate
671 5659 871 5708 terram
917 5662 1154 5708 vestram
1200 5670 1287 5710 me
1337 5655 1659 5710 obruturum
1701 5654 1949 5724 prmdixi,
1992 5670 2089 5713 ne-

523 5742 669 5798 mine
725 5753 914 5814 postea
967 5746 1113 5800 illiue
1166 5755 1489 5812 revertente,
1534 5756 1628 5802 aut
1684 5747 1789 5802 iter
1832 5746 2084 5811 faciente,

2194 4566 2287 4616 γος
2315 4548 2372 4603 δὲ
2400 4544 2467 4618 ἦν
2508 4549 2637 4617 ὑμῖν
2685 4546 2792 4601 τῶν
2822 4546 3001 4615 νόμων
3029 4546 3205 4607 οὐδεὶς
3245 4546 3352 4600 τῶν
3397 4545 3564 4613 ἐμῶν.
3603 4567 3619 4597 ι
3665 4549 3780 4602 Καὶ

2193 4639 2367 4703 ἔσται,
2417 4639 2475 4691 ὂν
2515 4639 2716 4708 τρόπον
2762 4635 2902 4701 εἷπε,
2952 4637 3044 4691 καὶ
3089 4638 3190 4690 οὐκ
3223 4639 3553 4707 εἰσήκουσαν
3583 4639 3780 4703 αὐτοῦ,

2191 4731 2362 4794 οὕτως
2392 4730 2751 4800 κεκράξονται
2788 4731 2881 4783 καὶ
2909 4730 2970 4781 οὐ
3013 4730 3089 4799 μὴ
3127 4729 3452 4794 εἰσακούσω,
3487 4730 3632 4797 λέγει
3663 4731 3781 4784 Κύο
3808 4720 3811 4723 ’

2195 4841 2306 4889 ριος
2359 4822 2771 4891 παντοκράτωρ.
2827 4840 2846 4871 ι
2892 4821 3104 4889 Ὥσπερ
3146 4820 3204 4872 δὲ
3250 4823 3445 4874 ἐκεῖνοι
3492 4821 3599 4875 τῶν
3641 4824 3779 4894 παρ’

2196 4916 2333 4986 ἐμοῦ
2373 4916 2681 4986 λεγομένων
2713 4914 2931 4968 ἀκούειν
2956 4915 3055 4966 οὐκ
3088 4911 3297 4983 ήθελον,
3340 4914 3417 4981 (p.
3466 4914 3589 4983 485)
3629 4914 3780 4967 οὕτω

2195 5010 2260 5079 δὴ
2298 5008 2453 5077 κάγὼ
2494 5007 2796 5076 γεγονότων
2839 5006 3018 5062 αὐτῶν
3067 5009 3126 5060 ὲν
3177 5006 3454 5069 τοιαύταις
3508 5008 3781 5075 ἀνάγκαις

2200 5100 2446 5171 βοώντων
2480 5100 2541 5152 ού
2581 5101 2887 5169 προσεῖχον.
2929 5097 2993 5149 Τί
3033 5097 3090 5150 δὲ
3119 5097 3430 5165 πεποίηκα;
3468 5116 3486 5148 ι
3538 5098 3647 5150 Καὶ
3678 5100 3777 5151 sx-

2197 5190 2346 5245 ϐαλῶ
2393 5191 2587 5252 αὐτοὺς
2630 5190 2707 5251 ὼς
2751 5189 2810 5241 ἐν
2847 5188 3069 5242 λαίλαπι
3111 5189 3192 5249 εἰς
3237 5187 3414 5242 πάντα
3455 5188 3524 5241 τὰ
3563 5187 3689 5258 ἔθνη
3733 5187 3778 5242 ἃ

2195 5284 2294 5336 οὐκ
2325 5281 2567 5350 ἔγνωσαν
2588 5296 2601 5311 ·
2636 5280 2731 5333 καὶ
2759 5281 2793 5349 ή
2840 5280 2911 5348 γῆ
2958 5277 3390 5349 ἀφανισθήσεται
3439 5276 3773 5332 κατόπισθεν

2193 5373 2376 5427 αὐτῶν
2449 5370 2839 5433 ἐκδιοδεύοντος
2910 5369 3006 5423 καὶ
3074 5365 3604 5438 ὲξαναστρὲφοντοςο
3672 5368 3773 5420 καὶ

2193 5464 2391 5529 ἔταξαν
2427 5464 2532 5534 γῆν
2578 5461 2843 5532 ὲκλεκτὴν
2889 5463 2968 5522 εἰς
3011 5459 3340 5531 ἀφανισμόν.
3393 5478 3411 5509 ι
3468 5458 3774 5527 Ἠπείλησα

2194 5558 2303 5629 γὰρ
2363 5556 2608 5620 ἅπαντας
2658 5555 2803 5625 ὑμᾶς
2854 5553 3096 5624 ὡσπερεὶ
3141 5553 3417 5622 συστροφῇ
3467 5549 3784 5622 περιϐαλὼν

2195 5643 2397 5721 ἀνέμου
2445 5650 2675 5721 μεγίστῃ
2725 5646 3105 5719 διασκορπίσαι
3151 5663 3231 5710 τε,
3281 5645 3375 5698 καὶ
3425 5638 3782 5714 αἰχμαλωσίᾳ

2198 5742 2472 5813 παραδοὺς
2503 5742 2583 5803 είς
2613 5740 2794 5812 γὼραν
2816 5740 3121 5808 ἀπαγαγεῖν
3152 5740 3216 5809 ἥν
3246 5738 3344 5792 οὐκ
3369 5735 3547 5808 ᾔδειτε
3581 5731 3781 5806 πρότε-
