3992 6232
308 254 418 311 5εό

1240 246 1793 306 COMMENTARIUS
1832 246 1899 303 IN
1941 245 2313 304 ZACIIAIIIE
2344 249 2498 307 CAP.
2523 250 2637 305 VIII

3475 255 3579 310 538

309 388 404 442 ρον
423 386 437 400 ο
473 365 768 439 ἀφανισμῷ
802 385 860 422 τε
890 368 1388 441 περιϐληθήσεσοαι
1415 373 1512 443 τὴν
1543 375 1645 444 γῆν
1684 374 1895 443 ἀπεφη-

2004 381 2226 442 propter
2283 387 2554 427 summam
2606 374 2852 427 locorum
2916 374 3290 430 solitudinem.
3350 374 3474 430 Haec
3526 386 3579 431 et

308 462 492 531 νάμην
521 460 621 530 τὴν
652 460 945 531 ὑμετέραν,
996 459 1095 513 οὐκ
1134 462 1563 533 ἀναστρέφοντος
1606 463 1692 516 ἐπ’
1724 462 1897 532 αὐτῆς

308 550 388 603 ἔτι
420 551 587 613 τινὸς,
613 551 672 603 οὐ
699 550 1025 614 διοδεύοντος
1055 550 1143 603 διὰ
1167 551 1266 622 τὴν
1303 552 1748 624 ὑπερϐάλλουσαν
1777 554 1899 623 ἐρη-

308 643 462 713 μίαν.
497 644 539 693 Τ
542 643 684 695 αῦτα
711 642 774 711 δὴ
818 643 912 695 καὶ
944 644 1237 715 ἠπείλησα,
1273 646 1424 717 φησὶ,
1461 648 1551 699 καὶ
1582 644 1858 715 πεποίηκα
1879 662 1894 676 ·

304 734 374 806 ἢν
418 734 749 805 ὲξῖλεξάμην
787 737 890 807 γῆν
936 738 1201 809 πρότερον
1248 741 1326 800 εἰς
1367 741 1558 809 κτῆσιν
1597 740 1891 810 ὑμετέραν,

306 825 606 896 ἀφανισμῷ
641 825 1038 896 παραδέδωκα·
1074 824 1134 881 τὸ
1163 829 1271 899 γὰρ
1306 849 1324 880 ι
1364 830 1721 899 κεκράξονται
1757 850 1773 881 ι
1801 833 1895 885 καλ⁵

316 936 333 966 ι
372 918 825 987 ἀφανισθήσεται,
866 939 883 968 ι
916 919 991 981 ὡς
1024 922 1115 973 ἐπὶ
1153 922 1437 990 μέλλοντος
1485 922 1653 990 λέγει,
1702 924 1763 975 τὸ
1808 940 1896 991 γε·

310 1012 467 1078 γονὸς
498 1010 883 1080 ἐξηγούμενος,
913 1012 1004 1063 τὸν
1028 1014 1215 1083 χρόνον
1253 1014 1393 1067 κατὰ
1430 1015 1491 1067 τὸ
1521 1015 1710 1079 εἰωθὸς
1736 1015 1893 1069 ἐναλ-

309 1104 521 1158 λάττων
540 1120 553 1133 ο
586 1104 614 1155 ὃ
644 1104 910 1173 πολλαχοῦ
939 1106 1222 1173 γινόμενον
1254 1108 1343 1159 ἐπὶ
1372 1109 1468 1178 τῆς
1494 1109 1642 1167 θείας
1672 1109 1893 1180 Γραφῆς

309 1196 464 1266 παρὰ
487 1211 545 1247 τε
571 1194 649 1265 τῷ
682 1197 936 1268 μακαρίῳ
963 1197 1130 1250 Δαυὶδ
1155 1199 1247 1250 καὶ
1289 1202 1399 1263 τοῖς
1441 1200 1646 1263 λοιποῖς
1686 1204 1894 1273 προφή-

306 1305 430 1351 ταις
469 1288 555 1342 διὰ
594 1288 803 1342 πολλῶν
836 1288 1116 1359 ἐδείξαμεν
1155 1291 1275 1363 ἥδη.
1330 1293 1502 1364 Ὅπερ
1544 1290 1637 1346 οὖν
1682 1295 1776 1347 καὶ
1818 1296 1894 1348 δε-

308 1380 549 1452 δήλωκεν
573 1383 763 1445 εἰπὼν,
801 1402 820 1433 ι
863 1383 971 1436 Καὶ
993 1382 1186 1450 ἔταξαν
1216 1386 1320 1455 γῆν
1351 1385 1613 1457 ὲκλεκτὴν
1637 1389 1716 1451 είς
1754 1389 1892 1457 ἀφαο

310 1474 503 1545 νισμόν
526 1492 539 1505 ·
575 1494 594 1527 ι
632 1474 797 1539 ἔδειξε
842 1476 950 1546 γὰρ
987 1476 1069 1529 ὅτι
1114 1476 1175 1529 ού
1219 1476 1410 1547 μέλλον
1443 1479 1673 1547 πρᾶγμα
1722 1478 1889 1547 λέγει,

309 1564 449 1618 ἀλλὰ
496 1566 869 1637 παρεληλυθός
914 1584 973 1619 τε
1007 1567 1107 1638 ήδη
1152 1568 1245 1620 καὶ
1287 1569 1530 1636 γεγονός.
1585 1568 1890 1640 Ἦϐουλήθη

308 1656 367 1709 δὲ
392 1656 458 1710 δι’
479 1656 616 1710 ὅλων
638 1660 811 1711 εἰπεῖν
835 1700 848 1722 ,
875 1657 1084 1729 ὄτιΤὴν
1137 1658 1235 1729 μὲν
1268 1659 1522 1730 νηστείαν
1560 1660 1712 1731 ὑμῶν
1762 1678 1893 1732 παρ-

2000 464 2369 521 comminatus
2402 478 2545 527 sum,
2578 465 2779 534 inquit,
2804 476 2856 519 et
2877 466 3060 535 peregi
3087 480 3284 535 :quam
3308 467 3578 537 elegerant
3636 531 3650 550 θ

1998 564 2156 610 antea
2188 563 2391 610 terram
2425 555 2490 609 ad
2522 557 2815 611 ineolatum
2850 565 3113 621 vestrum,
3143 558 3383 613 vastitati
3418 561 3581 613 tradi-

1998 645 2051 700 di
2074 648 2105 713 ;'
2125 649 2328 702 etenim
2359 648 2541 710 verba,
2565 668 2583 700 ι
2607 648 2945 713 clamabunt,
2971 667 2991 699 ι
3017 659 3091 714 et,
3127 670 3145 701 ι
3168 650 3526 716 desolabitur,
3553 670 3572 701 ι

1998 739 2132 794 dicit
2163 753 2421 810 tanquam
2462 742 2528 795 de
2574 756 2634 795 re
2664 740 2867 807 futura,
2900 756 3022 795 cum
3061 754 3255 811 reapse
3287 741 3354 797 de
3384 751 3578 813 praete-

1997 832 2101 885 rita
2131 831 2406 901 loquatur,
2437 839 2651 901 tempus
2688 848 2839 886 more
2872 832 3037 887 solito
3078 832 3356 888 iuvertens
3386 851 3400 887 :
3429 834 3575 903 quod

1998 938 2139 992 saepe
2192 923 2306 978 ﬁeri
2354 932 2466 977 tum
2515 924 2655 993 apud
2710 924 2926 977 beatum
2968 920 3225 978 Davidem
3269 932 3382 978 tum
3429 924 3573 995 apud

1998 1021 2221 1067 caeteros
2282 1012 2577 1081 prophetas
2633 1014 2687 1066 in
2745 1013 2932 1067 divina
2996 1011 3309 1082 Scriptura,
3360 1014 3572 1083 jamdiu

1997 1102 2198 1155 allatim
2248 1103 2769 1157 demonstravimus.
2812 1103 2982 1166 Quem
3028 1102 3205 1170 ipsum
3239 1114 3450 1170 tropum
3485 1104 3573 1158 hic

1996 1204 2227 1263 usurpat
2276 1193 2466 1247 dicens
2497 1194 2960 1262 :tEtposuerunt
3013 1202 3210 1247 terram
3254 1195 3415 1268 323
3462 1197 3575 1251 ele—

1996 1292 2137 1337 ctam
2168 1285 2221 1337 in
2264 1283 2658 1338 desolationem
2691 1302 2704 1337 :
2742 1303 2760 1336 ι
2797 1283 3037 1340 ostendit
3079 1285 3221 1338 enim
3267 1299 3325 1339 se
3363 1300 3470 1339 non
3506 1286 3573 1341 de

1997 1389 2056 1430 re
2087 1372 2269 1428 futura
2325 1375 2493 1446 loqui,
2543 1376 2636 1431 sed
2677 1376 2745 1430 de
2786 1377 3059 1446 praeterita
3106 1386 3159 1429 et
3186 1377 3295 1445 jam
3331 1387 3568 1445 peracta.

1996 1468 2123 1523 Vult
2171 1480 2352 1526 autem
2392 1484 2488 1540 per
2529 1472 2643 1526 haec
2684 1474 2867 1527 omnia
2908 1473 3091 1526 dicere
3128 1470 3291 1535 Deus,
3338 1487 3398 1526 se
3437 1471 3576 1541 jeju-

1998 1559 2146 1612 nium
2202 1568 2447 1614 vestrum
2504 1576 2733 1616 renuere
2797 1562 2992 1617 vitiose
3049 1571 3265 1627 actum;
3330 1564 3573 1619 suasisse

1996 1660 2175 1705 autem
2207 1668 2329 1722 quae
2356 1668 2457 1707 vos
2509 1654 2686 1709 facere
2720 1654 3045 1722 oportebat;
3098 1662 3152 1709 et
3184 1654 3314 1723 quia
3365 1670 3572 1709 morem

311 1748 559 1820 ῃτούμην
583 1749 767 1813 κακῶς
790 1722 1078 1821 γινομένην
1096 1790 1109 1814 ,
1135 1722 1513 1805 συνεϐούλευον
1546 1722 1608 1805 δὲ.
1625 1753 1660 1806 ἀ
1682 1722 1889 1824 προσή-

2002 1743 2044 1799 ei
2086 1758 2274 1813 gerere
2323 1745 2604 1807 noluistis,
2637 1752 2845 1798 tantam
2892 1746 3050 1800 vobis
3090 1741 3419 1811 imposuisse
3456 1762 3574 1822 pm-

310 1858 412 1895 κον
440 1837 508 1911 ἦν
531 1841 863 1911 πράττεσθαι
884 1842 1013 1911 παρ’
1036 1842 1210 1912 ὑμῶν’
1247 1844 1339 1897 καὶ
1366 1844 1551 1915 ἐπειδὴ
1582 1844 1790 1909 τούτοις
1818 1845 1891 1917 μὴ

311 1933 930 2004 προσείχετε,τοιαύτην
951 1935 1079 2003 ὑμῖν
1101 1935 1380 2005 ἐπήγαγον
1403 1936 1697 2007 τιμωρίαν.
1732 1937 1892 1991 Ἀλλά

308 2025 432 2078 τότε
466 2025 564 2094 μὲν
592 2023 766 2078 ταῦτά
805 2042 939 2096 φησι
960 2042 972 2056 ·
1006 2025 1101 2078 νῦν
1129 2025 1185 2079 δὲ
1214 2027 1266 2079 τί
1282 2044 1297 2093 ;

960 2117 1118 2171 ΚΕΦ.
1168 2118 1250 2171 Η’.

379 2210 530 2279 Στίχ.
567 2208 708 2263 α’-ε’.
740 2236 808 2247 —-
842 2231 859 2259 ι
881 2202 1019 2263 Τάδε
1053 2209 1200 2279 λέγει
1224 2210 1431 2281 Κύριος
1458 2212 1849 2285 παντοκράτωρ
1876 2229 1891 2242 ·

322 2296 603 2367 Ἐζήλωσα
639 2300 737 2371 τὴν
776 2300 1130 2370 Ἰερουσαλὴμ
1172 2301 1265 2353 καὶ
1290 2302 1387 2373 τὴν
1417 2302 1554 2355 Σιὼν
1594 2304 1752 2372 ζῆλον
1796 2304 1895 2375 μέν

311 2401 421 2454 γαν
443 2403 455 2415 ·
493 2385 588 2439 καὶ
633 2385 790 2456 θυμῷ
835 2386 1053 2457 μεγάλῳ
1082 2387 1333 2458 ἐζήλωσα
1378 2392 1567 2460 αὑτήν.
1594 2410 1612 2443 ι
1645 2394 1891 2447 Μεταϐέο

311 2476 491 2549 ama
522 2496 624 2549 μου
655 2479 754 2549 τὴν
785 2478 913 2547 περὶ
944 2478 1114 2547 αὐτὴν
1139 2480 1340 2549 σχέσιν,
1368 2485 1442 2552 (p.
1466 2483 1597 2555 ‘84)
1631 2484 1771 2539 ὥστε
1800 2487 1894 2540 καὶ

312 2570 452 2638 ἀγαν
476 2568 789 2641 ὀργίζεσθαι
823 2569 964 2641 ὑπὲρ
997 2564 1072 2623 ὧν
1113 2572 1347 2625 πέπονθε
1383 2574 1523 2628 κατά
1567 2575 1675 2631 τῶν
1706 2577 1895 2649 ἠδικη-

312 2661 491 2715 κότων
511 2662 682 2731 αὑτήν
711 2676 724 2694 ο
758 2661 852 2714 καὶ
881 2662 1155 2732 ἐπιμένων
1187 2666 1298 2727 τοῖς
1334 2665 1642 2736 εἰρημένοις
1664 2708 1679 2734 ,
1717 2688 1735 2720 ι
1756 2669 1894 2723 Τάδε

310 2753 462 2821 λέγει
485 2752 707 2823 Κύριος,
737 2748 1083 2825 Ἐπιστρέψω
1106 2752 1198 2807 ἐπὶ
1236 2755 1371 2808 Σιὼν
1404 2758 1497 2810 καὶ
1542 2760 1897 2831 κατασκηνώ-

313 2860 396 2898 σω
428 2847 487 2899 ὲν
506 2846 655 2916 μέσῳ
684 2847 1039 2918 Ἰερουσαλήμ
1056 2863 1069 2876 °
1091 2847 1186 2901 καὶ
1208 2845 1537 2919 κληθήσεται
1564 2852 1595 2919 ή
1629 2851 1895 2923 Ἰερουσαι

310 2937 424 3007 λὴμ
448 2937 601 3000 πόλις
632 2938 857 3009 ἀληθινή
879 2950 893 3002 ,
931 2938 1024 2992 καὶ
1050 2939 1177 3008 ὅρος
1204 2939 1409 3011 Κυρίου
1438 2942 1891 3015 παντοκράτορος,

310 3029 441 3099 ὅρος
472 3030 645 3097 ἆγιον.
680 3048 698 3081 ι
746 3031 1034 3097 Ἐπανάξω
1080 3031 1188 3103 γάρ
1228 3047 1330 3101 μου
1362 3031 1461 3103 τὴν
1508 3035 1638 3104 περὶ
1681 3034 1743 3088 τὺ
1772 3035 1893 3107 δρος

313 3118 453 3171 Σιὼν
480 3119 719 3175 διάθεσιν
739 3162 753 3185 ,
783 3122 879 3174 καὶ
912 3122 1187 3192 φανοῦμαι
1218 3122 1380 3176 πάλιν
1409 3124 1498 3177 διὰ
1534 3124 1635 3196 τῆς
1663 3126 1897 3198 κηδεμο-

312 3211 430 3275 νίας
457 3212 557 3283 τῆς
591 3212 796 3276 οἰκείας
834 3213 925 3266 ἐπὶ
960 3214 1061 3283 τῆς
1112 3214 1465 3287 Ἰερουσαλήμ
1493 3232 1505 3247 '
1542 3214 1808 3283 ἀποδείξω
1836 3234 1895 3270 τε

311 3305 483 3377 αὐτὴν
512 3304 665 3358 πόλιν
698 3305 865 3369 ὅντως
905 3306 1266 3367 συνεστῶσαν,
1292 3306 1385 3360 καὶ
1413 3309 1471 3362 ἐν
1505 3308 1730 3381 εὐθηνίᾳ
1760 3310 1897 3365 καθ-

311 3398 557 3450 εστῶσαν
590 3396 757 3467 πολλῇ
781 3411 792 3424 ·
825 3396 885 3450 τό
910 3414 967 3450 τε
997 3397 1121 3467 ὅρος
1159 3398 1243 3467 ἐφ’
1292 3392 1466 3471 οὗπερ
1508 3398 1541 3471 ὴ
1570 3399 1723 3464 πόλις
1751 3404 1895 3454 οίκο-

310 3494 579 3565 δομεῖται,
616 3493 771 3564 ἀγιον
808 3492 1101 3559 ἀποδείξω,
1132 3494 1207 3558 ὡς
1249 3495 1349 3565 τῆς
1385 3496 1686 3567 παρουσίας
1732 3495 1897 3563 ἠξιω-

318 3586 478 3657 μένον
520 3584 619 3657 τῆς
670 3584 833 3656 ἐμῆς.
866 3586 976 3638 Καὶ
1022 3584 1335 3657 προστιθεὶς
1386 3582 1468 3637 ἐτι
1516 3586 1627 3648 τοῖς
1676 3583 1893 3647 αὐτοῖς’

319 3699 341 3734 ι
368 3678 510 3735 Τάδε
541 3678 688 3749 λέγει
729 3678 933 3752 Κύριος
965 3680 1359 3750 παντοκράτωρ
1378 3717 1393 3743 ,
1430 3674 1549 3731 Ἔτι
1583 3679 1896 3733 καθίσονται

317 3769 681 3842 πρεσϐύτεροι
710 3769 805 3824 καὶ¹
846 3767 1212 3840 πρεσϐύτεραι
1244 3770 1302 3822 ὲν
1334 3769 1456 3831 ταῖς
1483 3768 1766 3832 πλατείαις
1805 3770 1899 3822 ἰε-

323 3860 603 3933 ρουσαλὴμ
627 3900 641 3924 ,
691 3861 921 3923 ἕκαστος
977 3858 1075 3930 τὴν
1126 3857 1320 3930 ῥάϐδον
1372 3856 1538 3911 αὑτοῦ
1567 3856 1708 3928 ἔχων
1740 3857 1798 3911 ὲν
1830 3859 1895 3929 τῇ

318 3954 464 4025 χειρὶ
483 3951 681 4019 αὐτοῦ,
708 3952 813 4005 ἀπὺ
847 3951 1084 4022 πλήθους
1132 3950 1356 4021 ἡμερῶν
1382 3967 1395 3981 ·
1428 3950 1522 4004 καὶ
1542 3951 1597 4005 αἱ
1648 3949 1897 4003 πλατεῖαι

317 4047 417 4116 τῆς
447 4044 653 4108 πόλεως
704 4042 1110 4115 πλησθήσονται
1145 4039 1447 4113 παιδαρίων
1497 4042 1592 4095 καὶ
1630 4043 1899 4111 κορασίων

320 4136 623 4201 παιζόντων
656 4135 712 4188 ἓν
737 4134 857 4197 ταῖς
883 4133 1167 4195 πλατείαις
1200 4132 1389 4203 αὐτῆς.
1419 4151 1436 4183 ι
1465 4130 1651 4196 Οὕτως
1686 4133 1765 4197 δὲ,
1802 4150 1902 4205 φη·

320 4230 427 4293 σὶν,
457 4226 666 4299 ἀϐλαϐῆ
698 4226 915 4297 φυλάξω
944 4226 1042 4295 τὴν
1078 4224 1232 4278 πόλιν
1277 4224 1374 4278 καὶ
1424 4224 1633 4287 πάντας
1674 4226 1801 4289 τοὺς
1824 4226 1901 4279 oi-

317 4318 550 4381 κοῦντας
581 4315 749 4388 αὐτὴν
769 4356 784 4379 ,
819 4314 957 4369 ὥστε
988 4314 1061 4385 μὴ
1102 4313 1500 4383 παραπλησίως
1526 4314 1638 4374 τοῖς
1664 4314 1899 4385 πρόσθεν

2003 1850 2150 1890 nam.
2191 1835 2296 1891 Sed
2332 1845 2463 1892 tunc
2490 1837 2709 1908 quidem
2747 1839 2884 1904 haec,
2922 1840 3120 1911 inqait,
3150 1840 3391 1900 fuerunt.
3421 1844 3574 1900 Nunc

1994 1944 2124 1985 vero
2146 1931 2312 2001 quid?

2625 2114 2779 2172 CAP.
2814 2114 2953 2173 VIII.

2068 2206 2471 2264 Vsas.I-5.-—
2520 2209 2836 2266 «Ηωοᾶίοἰι
2864 2210 3131 2265 Dominus
3181 2212 3572 2281 omnipotens:

1998 2298 2216 2352 Zelatus
2238 2313 2360 2353 sum
2418 2298 2756 2353 Hierusalem
2799 2308 2966 2370 atque
3014 2300 3146 2356 Sion
3196 2303 3313 2357 zelo
3341 2319 3571 2374 magno,

1997 2391 2184 2444 furore
2215 2405 2413 2460 magno
2436 2391 2644 2445 zelatus
2667 2405 2788 2444 eam
2814 2405 2957 2445 sum.
2984 2411 3002 2443 ι
3040 2392 3367 2447 Convertam
3394 2410 3573 2448 meum

1995 2497 2124 2552 erga
2160 2482 2306 2536 illam
2334 2482 2611 2549 allectum,
2645 2482 2719 2535 ita
2754 2490 2812 2536 ut
2839 2498 3167 2554 magnopere
3198 2486 3573 2540 calamitatum

1996 2573 2117 2642 ejus
2163 2587 2329 2626 causa
2376 2572 2597 2642 iujustis
2647 2572 2766 2641 ejus
2819 2572 3059 2627 inimicis
3104 2573 3332 2627 irascar.
3365 2574 3430 2627 Et
3476 2590 3571 2628 sua

1996 2666 2141 2720 dicta
2193 2666 2523 2719 continuans
2568 2665 2781 2733 inquit:
2826 2662 2993 2719 «Haec
3031 2664 3107 2718 ait
3136 2665 3433 2719 Dominus:
3468 2666 3575 2727 Re-

1998 2764 2182 2811 vertar
2214 2754 2281 2809 ad
2314 2755 2465 2820 Sion,
2512 2762 2567 2810 et
2597 2754 2857 2809 habitabo
2907 2754 2961 2808 in
2994 2754 3173 2808 medio
3211 2754 3572 2809 Hierusalem.

2001 2848 2066 2901 Et
2090 2849 2376 2903 vocabitur
2398 2847 2740 2903 Hierusalem
2771 2847 2902 2901 urbs
2925 2862 3073 2909 vera,
3102 2856 3156 2901 et
3183 2860 3342 2902 mons
3360 2846 3575 2901 Domini

1998 2938 2410 3007 omnipotentis,
2466 2953 2624 2992 mons
2689 2946 2975 2992 sanctus.»
3033 2935 3312 2991 Redueam
3365 2937 3434 2991 ad
3490 2950 3578 2992 me

2001 3042 2181 3084 meum
2210 3045 2339 3100 erga
2376 3028 2559 3084 Sionis
2591 3038 2827 3083 montem
2858 3029 3134 3095 allectum,
3188 3046 3421 3099 meoque
3446 3044 3576 3097 erga

2000 3121 2340 3177 Hierusalem
2362 3120 2668 3191 patrocinio
2693 3121 3065 3185 innotescam;
3100 3120 3439 3190 elliciamque
3455 3135 3575 3175 eam

1997 3231 2127 3270 vere
2148 3213 2299 3268 urbis
2322 3214 2542 3267 nomine
2559 3211 2803 3282 dignam,
2832 3221 2884 3266 et
2906 3214 3075 3265 multa
3100 3210 3368 3267 fruentem
3394 3228 3575 3268 rerum

1997 3307 2190 3375 copia;
2225 3312 2574 3373 montemque
2615 3304 2704 3359 ubi
2736 3304 2867 3359 urbs
2894 3303 3136 3367 condita,
3171 3313 3421 3359 sanctum
3458 3319 3578 3360 esse

1996 3400 2306 3464 ostendam,
2363 3406 2550 3468 utpote
2598 3413 2757 3466 quem
2809 3413 2927 3452 mea
2978 3398 3268 3467 praesentia
3320 3397 3577 3469 dignatus

1998 3493 2123 3549 sim.
2157 3490 2452 3562 Pergitque
2478 3491 2737 3561 praedicta
2766 3490 3075 3545 cumulare:
3106 3506 3125 3538 ι
3150 3490 3275 3545 Haec
3303 3494 3378 3546 ait
3401 3490 3579 3546 Domi-

1997 3601 2103 3641 nus
2127 3584 2506 3654 omnipotens:
2527 3582 2720 3638 Adhuc
2738 3581 3011 3638 sedebunt
3038 3599 3199 3638 senes
3230 3599 3481 3655 anusque
3518 3585 3577 3639 in

1997 3674 2193 3746 plateis
2224 3671 2587 3735 Hierusalem,
2636 3672 2832 3741 singuli
2886 3671 3111 3727 baculus
3156 3688 3286 3729 suos
3317 3674 3576 3729 manibus

1997 3773 2247 3820 tenentes
2283 3776 2392 3834 prae
2421 3762 2635 3818 dierum
2665 3761 3038 3818 multitudine.
3092 3762 3155 3817 Et
3182 3763 3337 3820 urbis
3383 3765 3577 3835 plateae
3676 3790 3689 3799 -

1997 3856 2353 3927 rcplebuntur
2369 3854 2615 3924 puerulis
2636 3852 2943 3924 puellisque
2962 3854 3278 3912 ludentibus
3313 3857 3367 3912 in
3385 3857 3577 3928 plateis

1997 3948 2183 4017 ejus.»
2237 3946 2389 4002 Adeo
2441 3945 2771 3999 incolumem
2823 3946 3076 4011 servabo,
3134 3942 3331 4016 inquit,
3386 3947 3573 4001 urbem

1999 4050 2300 4108 omnesque
2347 4036 2419 4090 ibi
2467 4034 2793 4102 incolentes,
2825 4045 2884 4091 ut
2923 4038 3168 4103 minime,
3222 4046 3383 4109 prout
3415 4046 3575 4093 antea

2000 4129 2380 4193 usuveniebat,
2434 4129 2760 4184 immaturos
2789 4130 2974 4185 obitus
3020 4131 3091 4185 ab
3138 4129 3577 4201 impendentibus

2002 4223 2164 4277 malis
2197 4229 2553 4291 exspectent;
2586 4223 2659 4275 ita
2691 4229 2752 4275 ut
2783 4222 2916 4277 urbe
2955 4223 3370 4293 prosperitatem
3404 4222 3578 4292 pluri-

2001 4324 2144 4368 mam
2175 4313 2429 4375 babente,
2460 4313 2673 4367 civibus
2706 4328 2925 4383 quoque
2951 4315 3076 4368 vita:
3108 4313 3344 4382 spatium
3376 4327 3574 4383 proro-

318 4409 425 4461 ὑπὸ
448 4404 558 4460 τῶν
592 4406 923 4474 κατεχόντων
949 4404 1132 4457 κακῶν
1166 4402 1378 4473 ἀώρους
1413 4403 1704 4474 ὑπομένειν
1728 4404 1895 4459 θανά-

2003 4414 2160 4476 getur
2184 4423 2196 4461 :
2236 4418 2345 4475 quo
2370 4403 2467 4477 ﬁet
2489 4414 2547 4458 ut
2568 4406 2692 4461 vitae
2712 4406 3059 4477 longaevitate
3082 4414 3349 4474 cogantur
3367 4405 3579 4461 baculis

314 4514 441 4563 τους
465 4515 479 4528 .
528 4498 604 4562 ὡς
644 4499 703 4550 εν
739 4496 962 4568 εὐθηνία
992 4495 1049 4548 δὲ
1100 4495 1268 4565 πολλῇ
1315 4496 1414 4566 τῆς
1444 4496 1652 4560 πόλεως
1700 4495 1901 4569 οὔσης,

318 4589 630 4659 ἀναγκαίως
673 4589 768 4643 καὶ
809 4590 920 4651 τοῖς
951 4586 1189 4640 οἰκοῦσιν
1223 4586 1391 4657 αὐτὴν
1442 4587 1895 4657 παρεκτείνεσθαι

318 4680 418 4752 τὴν
445 4681 617 4752 ζωήν
652 4680 790 4734 ὥστε
826 4679 920 4732 καὶ
949 4676 1311 4739 ἀσθενοῦντας
1330 4715 1344 4739 ,
1373 4676 1465 4731 διὰ
1492 4677 1551 4730 τὸ
1592 4675 1767 4748 μῆκος
1802 4676 1894 4731 τοῦ

320 4774 515 4846 χρόνου
541 4774 639 4844 τῆς
675 4771 821 4842 ζωῆς
856 4771 1177 4843 βακτηρίαις
1219 4768 1623 4837 ἀναγκάζεσθαι
1674 4771 1754 4833 είς
1798 4769 1896 4841 τὴν

316 4871 418 4941 τῆς
443 4869 663 4941 πορείας
696 4867 947 4939 βοήθειαν
967 4884 980 4897 ·
1017 4868 1092 4938 (p.
1120 4864 1246 4935 485)
1287 4864 1438 4918 ἔσται
1470 4864 1527 4918 δὲ
1557 4866 1649 4917 καὶ
1679 4866 1713 4935 ή
1742 4862 1895 4929 πόλις

317 4961 488 5036 μεστὴ
532 4957 833 5029 παιδαρίων
857 4974 917 5011 τε
943 4958 1037 5011 καὶ
1070 4956 1341 5027 κορασίων
1371 4957 1701 5022 παιζόντωνο
1735 4954 1898 5025 εὐθή-

317 5051 588 5120 νουμένης
612 5048 720 5122 γὰρ
745 5049 839 5103 καὶ
863 5047 1285 5118 πολυανθρώπου
1325 5047 1530 5111 πόλεως
1553 5048 1774 5119 σημεῖον
1804 5047 1898 5101 καὶ

315 5158 496 5195 τουτο.

391 5228 541 5304 Στίχ.
575 5230 724 5297 ς’-θ’.
749 5262 819 5273 -
850 5226 963 5286 Εἶτ’
994 5230 1179 5301 ἐπειδή
1235 5242 1352 5292 πως
1384 5230 1519 5300 πρὸς
1554 5230 1622 5285 τά
1657 5228 1900 5300 παρόντα

291 5296 563 5378 τάδύνατα
590 5296 771 5377 ταῦτα
799 5317 936 5377 εἶναι
981 5296 1251 5391 ἐφαίνετο,
1303 5339 1321 5372 ι
1348 5296 1485 5374 Τάδε
1528 5319 1674 5387 λέγει
1700 5296 1902 5390 Κύριος

296 5396 720 5485 ’παντοκράτωρ
740 5430 752 5443 ·
788 5414 852 5467 Et
885 5413 1207 5483 ἀδυνατήσει
1236 5410 1465 5466 ἐνώπιον
1503 5409 1610 5464 τῶν
1652 5410 1901 5463 καταλοίι

323 5521 445 5558 πων
471 5503 563 5558 τοῦ
598 5502 729 5559 λαοῦ
774 5505 963 5558 τούτου
996 5506 1053 5559 ἐν
1098 5506 1217 5568 ταῖς
1244 5502 1479 5576 ἡμέραις
1518 5502 1782 5567 ἐκείναις,
1822 5500 1899 5574 μὴ

324 5595 422 5652 καὶ
451 5592 680 5652 ὲνώπιον
707 5596 843 5667 ἐμοῦ
884 5588 1206 5667 ἀδυνατήσει
1230 5638 1243 5663 ,
1282 5595 1429 5664 λέγει
1462 5594 1665 5667 Κύριος
1707 5610 1901 5647 παντο-

327 5686 586 5761 κράτωρς
611 5709 631 5743 ι
678 5688 817 5744 Ἀλλ’
844 5689 893 5741 εἱ
927 5689 1020 5743 καὶ
1047 5688 1283 5742 ἀδύνατα
1308 5731 1321 5757 ,
1353 5687 1488 5759 φησὶ
1513 5728 1528 5754 ,
1560 5685 1734 5742 ταῦτα
1774 5687 1901 5757 ὑμῖν

2011 4496 2167 4551 inniti
2188 4496 2259 4552 ob
2280 4498 2529 4553 incessus
2554 4497 2951 4566 adjumeutum.
2975 4495 3085 4551 Erit
3112 4497 3238 4551 item
3260 4495 3425 4568 324
3447 4498 3581 4553 urbs

2003 4586 2163 4660 plena
2219 4590 2467 4658 puerulis
2522 4590 2830 4659 puellisque
2886 4589 3267 4655 lusitantibus;
3348 4606 3582 4660 namque

2003 4688 2057 4737 et
2099 4682 2203 4736 hoc
2238 4682 2401 4736 lautae
2443 4697 2568 4736 cum
2616 4694 2914 4737 numereso
2942 4683 3145 4753 p0pulo
3172 4683 3409 4737 civitatis
3440 4681 3582 4736 indi-

2005 4772 2149 4826 cium
2180 4781 2283 4828 est.

2071 4863 2236 4922 Vnus.
2264 4866 2387 4923 6-9.
2414 4897 2484 4907 —
2516 4866 2723 4922 Deinde
2762 4867 2912 4937 quia,
2972 4880 3081 4937 pra:
3114 4867 3365 4937 przcsenti
3400 4881 3580 4921 rerum

2001 4969 2171 5024 statu,
2202 4958 2571 5030 impossibilia
2606 4960 2721 5013 haec
2752 4960 3101 5021 videbantur,
3144 4977 3160 5008 ι
3188 4957 3309 5012 llaec
3340 4957 3415 5009 ait
3439 4960 3585 5027 (per-

1996 5053 2078 5124 git
2122 5051 2329 5124 dicere)
2392 5051 2657 5107 Dominus
2699 5053 3089 5121 omnipotens:
3141 5050 3195 5104 Si
3244 5051 3585 5118 impossibile

2000 5143 2217 5196 videtur
2232 5142 2477 5211 reliquiis
2496 5144 2677 5211 populi
2698 5142 2859 5210 hujus
2876 5141 3073 5195 diebus
3094 5141 3223 5201 illis,
3242 5156 3370 5193 nutu
3395 5154 3581 5195 coram

2002 5248 2089 5290 me
2109 5248 2329 5304 quoque
2358 5235 2462 5289 erit
2490 5233 2591 5288 hoc
2624 5232 2985 5303 impossibile,
3018 5231 3152 5285 dicit
3177 5231 3441 5286 Dominus
3472 5247 3588 5285 om-

2006 5324 2331 5395 nipotens?»
2373 5323 2597 5379 Etiamsi
2627 5324 2741 5379 haec
2772 5323 3135 5392 impossibilia
3170 5324 3467 5378 videantur
3498 5326 3587 5380 his

2007 5416 2099 5485 Qui
2128 5414 2479 5483 exiguitatem
2523 5422 2772 5483 spectant
2821 5427 2966 5467 nunc
3000 5416 3054 5467 in
3099 5412 3235 5468 urbe
3283 5426 3583 5483 congrega-

2008 5513 2225 5560 torum:
2275 5510 2513 5559 attamen
2566 5503 2696 5558 mihi
2739 5511 2887 5557 certe
2919 5501 3064 5557 haud
3114 5502 3450 5573 impossibile
3500 5509 3585 5556 est

2010 5606 2215 5651 tantam
2236 5595 2447 5663 operari
2478 5609 2656 5650 rerum
2683 5595 3126 5660 conversionem,
3156 5603 3216 5650 ut
3236 5609 3301 5649 ex
3329 5590 3583 5663 praesenti

2010 5685 2229 5743 miseria
2271 5684 2339 5741 ad
2383 5686 2801 5757 prosperitatem
2842 5688 3134 5759 plurimam
3184 5695 3239 5743 et
3290 5686 3483 5741 urbem
3532 5690 3589 5737 cl
