3992 6232
406 293 512 349 δι’

1609 285 1960 341 THEODORI
2000 284 2485 343 MOPSUESTENI

3559 285 3662 338 διδ

415 410 537 479 ejus
565 422 651 463 .‘es
680 422 873 464 omnes
906 407 1251 463 transferam.
1302 408 1478 477 Atque
1507 420 1570 460 ex
1608 412 1777 460 semet
1806 402 1983 473 possi-

2089 402 2473 473 καταφαίνεται
2514 402 2762 473 ἀφορῶσι
2811 403 2945 473 πρὸς
2977 401 3072 472 τὴν
3101 399 3384 469 ὀλιγότητα
3415 395 3519 450 τῶν
3570 396 3665 448 νῦν

408 500 672 555 bilitatem
703 500 988 569 promissae
1020 502 1097 556 rei
1133 500 1489 563 conﬁrmans,
1527 499 1883 577 prosequitur
1905 496 1988 550 di-

406 603 573 645 cens:
611 588 807 645 Multos
848 605 981 645 sane
1003 592 1141 647 alios
1174 590 1450 647 lsraelitas
1482 588 1728 659 pluribus
1758 603 1824 641 ex
1854 586 1987 641 locis

409 682 477 735 ad
499 682 639 735 hanc
664 681 853 735 urbem
880 683 1225 747 contraham,
1262 684 1358 753 qui
1382 681 1562 736 adhuc
1593 679 1649 733 in
1673 678 1988 749 captivitate

411 779 721 834 versantur,
745 781 801 827 et
825 786 855 825 a
880 788 965 826 me
990 774 1179 842 patriae
1202 782 1362 828 terra;
1381 771 1641 825 incolatui
1668 770 1985 825 reddentur.

411 860 476 914 Et
509 868 730 930 prepter
779 875 953 915 meam
994 876 1121 931 erga
1171 862 1293 917 illos
1336 861 1764 917 sollicitudinem
1804 860 1988 915 clarus

414 950 560 1016 ﬁam,
593 953 723 1022 quia
763 952 886 1008 illos
914 970 974 1009 re
998 955 1114 1024 ipsa
1145 955 1403 1025 populum
1430 968 1611 1007 meum
1643 967 1766 1007 esse
1796 961 1986 1006 osten-

413 1044 559 1107 dam,
583 1054 855 1115 quatenus
879 1047 972 1100 tali
1007 1056 1269 1117 tantaque
1293 1045 1635 1117 providentia
1661 1059 1779 1098 mea
1803 1043 1986 1098 fruen-

417 1146 537 1191 tur:
582 1153 817 1207 vereque
862 1137 1087 1192 videbor
1126 1140 1342 1191 illormn
1390 1137 1555 1199 Deus,
1596 1136 1725 1190 dum
1776 1137 1986 1190 ﬁrmam

412 1244 587 1283 meam
618 1229 849 1285 exhibeo
880 1230 962 1284 eis
1000 1231 1230 1300 gratiam
1258 1248 1273 1297 ;
1330 1244 1560 1299 meaque
1585 1229 1800 1297 justitia
1829 1237 1988 1283 utens

411 1327 641 1373 cunctos
667 1319 889 1388 puniam
930 1320 1022 1389 qui
1048 1320 1343 1389 aliquando
1372 1334 1467 1375 eos
1499 1318 1692 1373 laedere
1721 1320 1839 1372 ausi
1868 1318 1988 1372 fue-

412 1412 542 1465 rint.
574 1410 830 1464 Cumulat
856 1411 971 1466 haec
996 1414 1289 1481 promissa,
1325 1412 1549 1467 dicens:
1587 1430 1605 1463 ι
1628 1410 1752 1465 llaec
1778 1412 1852 1464 ait
1884 1410 1988 1465 Do-

411 1504 599 1558 minus
640 1503 1022 1573 omnipotens:
1060 1503 1411 1559 Roborentur
1441 1520 1636 1558 manus
1666 1511 1860 1558 vestra:
1891 1504 1984 1572 qui

410 1595 616 1650 auditis
638 1595 723 1650 his
742 1594 937 1651 diebus
957 1611 1238 1652 sermones
1257 1597 1356 1652 hos
1376 1612 1439 1651 ex
1460 1612 1555 1651 ore
1573 1596 1983 1665 prophetarum,

405 1684 518 1752 jam
551 1684 675 1739 inde
700 1699 731 1738 a
758 1684 848 1739 die
876 1700 986 1755 quo
1025 1684 1249 1739 fundata
1279 1694 1364 1740 est
1393 1686 1589 1739 domus
1621 1684 1836 1739 Domini
1867 1701 1985 1738 om-

412 1774 729 1845 nipotentis,
788 1782 842 1829 et
902 1776 1161 1843 templum
1208 1775 1466 1829 aediﬁcari
1521 1783 1822 1844 coeptum.»
1874 1775 1986 1844 Age

410 1881 581 1930 nunc,
618 1866 815 1935 inquit,
864 1865 949 1919 his
981 1866 1265 1934 promissis
1300 1867 1435 1921 meis
1459 1866 1822 1928 attendentes.
1864 1881 1985 1935 qua:

412 1973 556 2027 saepe
584 1972 682 2027 per
720 1957 1018 2027 prophetas
1066 1956 1222 2010 vobis
1268 1956 1591 2027 signiﬁcavi,
1636 1957 1805 2011 multa
1859 1972 1984 2011 cum

408 2048 701 2105 sedulitate
745 2049 967 2104 domum
997 2063 1172 2103 meam
1222 2048 1609 2105 absolvendam
1641 2060 1856 2116 curate;
1895 2064 1983 2104 re-

408 2150 685 2212 putantes,
743 2158 773 2196 a
808 2158 918 2212 quo
963 2150 1205 2211 tempore
1252 2141 1381 2196 huic
1432 2157 1613 2212 operae
1665 2141 1981 2197 incumbitis

411 2235 608 2290 domus
636 2249 768 2291 meae
788 2234 1139 2302 aediﬁcandae,
1164 2245 1369 2306 quanto
1391 2236 1647 2291 meliores
1674 2249 1762 2291 res
1785 2242 1983 2289 vestrre

411 2328 705 2382 evaserint.

2088 495 2516 565 συνειλεγμένων
2569 494 2663 547 ἐπὶ
2716 494 2814 564 τῆς
2863 493 3097 555 πόλεως,
3150 490 3264 544 ἀλλ’
3300 489 3400 544 οὐκ
3447 487 3570 558 ἐμοί
3601 504 3665 554 γε

2086 586 2342 641 ἀδύνατον
2372 585 2641 656 τοσαύτην
2674 585 3010 655 ἐργάσασθαι
3049 582 3158 636 τῶν
3198 580 3537 651 πραγμάτων
3564 580 3666 647 τὴν

2089 678 2389 750 μεταϐολὴν
2409 718 2423 742 ,
2454 677 2595 731 ὥστε
2630 679 2692 730 ἐκ
2726 678 2827 747 τῆς
2866 675 2961 731 νῦν
2987 673 3361 746 ταλαιπωρίας
3399 674 3478 735 εἰς
3506 672 3667 741 εὐθη-

2086 768 2205 823 νίαν
2234 768 2433 839 πολλὴν
2463 768 2795 838 μεταστῆναι
2827 768 2926 837 τήν
2954 782 3014 819 τε
3041 764 3194 817 πόλιν
3224 764 3317 816 καὶ
3343 763 3409 815 τά
3430 761 3548 815 κατ’
3568 762 3667 814 αύ-

2086 861 2184 932 τὴν
2224 862 2457 916 ἅπαντα.
2487 862 2597 914 Καὶ
2644 860 3054 930 πιστωσάμενος
3080 857 3137 923 ἐξ
3166 856 3330 910 αὑτοῦ
3356 858 3416 908 τδ
3444 852 3669 907 δυνατὸν

2087 953 2194 1005 τῶν
2224 951 2650 1022 ἐπηγγελμένων
2674 991 2687 1014 ,
2718 950 3040 1021 προστίθησι
3082 948 3243 1002 πάλιν
3282 948 3361 1001 ὅτι
3390 986 3403 1010 ,
3433 946 3667 1008 Πολλοὺς

2093 1044 2190 1113 μὲν
2223 1044 2317 1097 καί
2351 1044 2571 1113 ἐτέρους
2597 1042 2702 1096 τῶν
2739 1041 3083 1114 Ἰσραηλιτῶν
3112 1038 3441 1108 πολλαχόθεν
3464 1039 3548 1090 ἐπ’
3569 1037 3668 1089 αύ-

2087 1136 2186 1206 τὴν
2218 1134 2430 1202 συνάξω
2458 1135 2567 1187 τῶν
2600 1134 2692 1187 ἐπὶ
2717 1133 2819 1203 τῆς
2837 1132 3213 1203 αἰχμαλωσίας
3243 1131 3410 1184 ὅντων
3440 1130 3540 1193 ἔτι,
3571 1128 3666 1193 οὓς

2088 1226 2351 1280 ἀποδώσω
2377 1230 2439 1298 τῇ
2463 1227 2673 1297 οἰκήσει
2719 1227 2820 1295 τῆς
2846 1227 2949 1296 γῆς
2981 1226 3081 1295 τῆς
3112 1223 3317 1287 οἰκείας
3341 1238 3355 1252 °
3392 1222 3583 1292 ἔσομαι
3608 1221 3667 1274 δὲ

2088 1318 2270 1381 αὐτοῖς
2289 1317 2375 1372 διά
2403 1319 2499 1385 τῆς
2525 1317 2846 1387 κηδεμονίας
2873 1314 3272 1386 γνωριζόμενος
3290 1353 3305 1378 ,
3327 1314 3403 1377 ὡς
3424 1312 3668 1374 ἐκείνους

2086 1424 2145 1459 τε
2167 1391 2241 1459 ’ἐκ
2266 1407 2371 1460 τῶν
2404 1409 2743 1478 πραγμάτων
2768 1407 3075 1460 δείκνυσθαι
3098 1406 3280 1460 αὐτῶν
3314 1405 3484 1468 ὅντως
3510 1404 3665 1466 Θεὸν,

2088 1500 2180 1567 ἀφ’
2213 1491 2286 1550 ὧν
2311 1498 2530 1568 βεϐαίαν
2563 1516 2622 1551 τε
2661 1500 2843 1561 αύτοῖς
2867 1498 3090 1570 παρέχω
3113 1498 3210 1569 τὴν
3251 1495 3456 1550 οἰκείαν
3485 1496 3666 1567 χάριν,

2087 1591 2181 1643 καί¹
2204 1593 2268 1661 τῇ
2296 1589 2607 1662 δικαιοσύνῃ
2640 1594 2705 1662 τῇ
2746 1592 2925 1662 οἰκείᾳ
2956 1590 3295 1662 κεχρημένος
3333 1589 3540 1652 πάντας
3585 1605 3668 1639 τι-

2091 1685 2380 1756 μωρούμαι
2411 1686 2537 1749 τοὺς
2571 1687 2719 1749 ὅπως
2761 1686 2891 1739 ποτὲ
2935 1686 3192 1756 βλάπτειν
3233 1684 3429 1745 αὐτοὺς
3456 1685 3635 1750 ἐπίχει

2017 1762 2059 1815 Β
2095 1778 2338 1847 ροῦντας.
2383 1777 2622 1840 Ταύταις
2676 1776 3030 1830 ἐπισυνάπτει
3086 1778 3204 1838 ταῖς
3262 1772 3617 1842 ἐπαγγελίαις
3650 1788 3665 1800 ’

2098 1889 2117 1922 ι
2146 1870 2282 1923 Τάδε
2334 1870 2482 1938 λέγει
2515 1869 2719 1943 Κύριος
2761 1865 3169 1937 παντοκράτωρ,
3204 1866 3666 1936 Κατισχυέτωσαν

2092 1964 2148 2017 αἰ
2178 1966 2361 2032 χεῖρες
2389 1962 2542 2032 ὑμῶν
2563 1962 2673 2015 τῶν
2702 1962 3007 2015 ἀκουόντων
3045 1962 3119 2030 (p.
3139 1959 3266 2028 486)
3303 1960 3360 2012 ἐν
3389 1960 3508 2022 ταῖς
3526 1956 3666 2027 ἡμέ-

2096 2072 2215 2125 ραις
2242 2054 2467 2118 ταύταις
2501 2055 2626 2118 τοὺς
2657 2054 2848 2122 λόγους
2891 2052 3109 2116 τούτους
3151 2054 3217 2105 ἐκ
3262 2052 3526 2122 στόματος
3559 2048 3668 2102 τῶν

2080 2143 2405 2215 προφητῶν,
2471 2144 2564 2213 ἀφ’
2595 2139 2663 2214 ἦς
2712 2142 2927 2214 ἡμέρας
2962 2142 3379 2213 τεθεμελείωται
3441 2142 3469 2193 6
3519 2136 3668 2203 οἰκος

2081 2236 2287 2306 Κυρίου
2316 2234 2753 2305 παντοκράτορος
2775 2275 2789 2298 ,
2820 2235 2914 2288 καί¹
2951 2235 2980 2286 6
3015 2234 3139 2299 ναὸς
3172 2233 3264 2303 ἀφ’
3288 2228 3348 2287 οὗ
3380 2232 3635 2302 ᾡκοδόμη
3663 2261 3668 2267 -

2082 2344 2190 2381 ται.
2225 2345 2244 2378 ι
2292 2326 2429 2397 Φέρε
2461 2326 2669 2389 τοίνυν,
2707 2327 2863 2396 φησὶ,
2903 2325 3127 2389 ταύταις
3160 2329 3277 2389 ταῖς
3311 2326 3668 2394 ἐπαγγελίαις

414 2418 769 2489 προσέχοντες
796 2421 915 2482 ταῖς
944 2419 1102 2489 ἐμαῖς
1122 2457 1135 2481 ,
1162 2416 1228 2479 ἃς
1262 2416 1519 2481 πολλάκις
1558 2416 1646 2469 διὰ
1692 2417 1799 2471 τῶν
1852 2414 2147 2486 προφητῶν
2187 2415 2322 2486 πρὸς
2365 2415 2509 2485 ὑμᾶς
2551 2416 2913 2486 ἐποιησάμην,
2950 2416 3088 2485 μετά
3118 2415 3317 2487 πολλῆς
3348 2417 3447 2486 τῆς
3471 2419 3636 2487 ἐπιμε

411 2510 559 2573 λείας
598 2511 687 2563 τὸν
724 2507 869 2563 οἷκον
905 2507 1256 2579 ἐκπληρῶσαι
1294 2508 1565 2561 σπεύσατε
1612 2506 1700 2559 τὸν
1757 2506 1907 2577 ἐμὸν,
1950 2505 2387 2575 ἀναλογιζόμενοι
2424 2504 2571 2569 ἐξότε
2610 2523 2717 2576 περ
2747 2506 2876 2576 περὶ
2903 2505 3074 2559 ταῦτα
3115 2508 3381 2578 ἐσχήκατε
3414 2508 3507 2560 καὶ
3541 2507 3670 2578 περὶ

410 2603 510 2673 τὴν
536 2602 872 2671 κατασκευὴν
906 2600 998 2653 τοῦ
1033 2601 1178 2653 οἴκου
1209 2598 1298 2652 τοῦ
1330 2598 1486 2669 ἐμοῦ,
1509 2598 1711 2668 ὁπόσην
1736 2600 1835 2669 τὴν
1868 2599 1959 2651 ἐπὶ
1982 2598 2040 2650 τὸ
2075 2600 2320 2668 κρεῖττον
2352 2596 2652 2668 μεταϐολὴν
2681 2598 2896 2664 ἐδέξατο
2917 2598 2987 2652 τά
3015 2600 3276 2670 ὑμέτερα.

485 2697 649 2753 Vens.
679 2698 761 2751 ll).
788 2725 858 2735 ——
886 2694 1046 2765 325
1079 2692 1282 2747 Deinde
1309 2709 1375 2747 ex
1412 2694 1653 2760 priorum
1694 2705 1985 2761 compara-

413 2791 560 2843 tione
580 2782 997 2839 conversionem
1012 2776 1366 2833 ostendenszi
1385 2779 1524 2847 Quia
1549 2792 1675 2838 ante
1699 2783 1815 2839 dies
1840 2784 1984 2846 illos,

413 2880 611 2950 inquit,
634 2892 842 2932 merces
862 2877 1143 2930 hominum
1172 2892 1277 2928 non
1301 2876 1489 2928 eratin
1510 2877 1740 2939 lucrum,
1761 2882 1814 2929 et
1844 2890 1989 2928 nter-

412 2988 505 3028 ees
546 2973 917 3041 jumentorum
952 2969 1100 3023 nulla
1128 2977 1267 3030 erat,
1322 2975 1376 3021 et
1423 2983 1520 3022 seu
1557 2966 1855 3033 egredienti
1887 2980 1986 3019 seu

414 3059 740 3130 ingredienti
771 3057 918 3112 nulla
945 3071 1047 3125 pax
1076 3071 1105 3108 a
1139 3055 1515 3109 tribulatione:
1548 3061 1601 3108 et
1630 3054 1840 3106 mittam
1870 3067 1987 3106 om-

414 3167 513 3204 nes
531 3148 778 3203 homines
798 3161 1239 3216 unumquemque
1258 3158 1421 3211 super
1438 3143 1743 3212 proximum
1766 3159 1945 3198 suum.
1962 3163 1981 3194 ι

408 3238 576 3303 Olim,
609 3237 806 3307 inquit,
838 3244 891 3289 et
919 3243 1043 3289 ante
1066 3234 1251 3303 templi
1279 3231 1695 3287 aediﬁcationem
1729 3234 1785 3286 in
1817 3233 1987 3286 multa

414 3324 780 3381 versabamini
812 3322 1055 3387 miseria,
1091 3332 1144 3375 et
1168 3336 1234 3374 ne
1262 3335 1327 3374 ex
1360 3319 1737 3389 jumentorum
1766 3319 1987 3389 quidem

414 3427 720 3474 vestrorum
751 3431 938 3487 opera,
961 3430 1137 3484 neque
1160 3430 1224 3469 ex
1248 3413 1434 3467 multis
1468 3411 1751 3466 laboribus
1776 3412 1987 3464 lucrum

413 3512 629 3582 aliquod
662 3509 1064 3580 reportabatis;
1099 3521 1223 3560 nam
1255 3507 1598 3561 infructuosa
1621 3504 1805 3558 omnia
1834 3502 1989 3556 vobis

412 3602 679 3658 eﬂicicbat
710 3600 860 3671 pacis
890 3598 1136 3666 cujusvis
1165 3595 1520 3658 desiderium,
1551 3594 1678 3649 dum
1714 3591 1991 3662 perpetuis

413 3696 688 3766 variisque
742 3690 1191 3747 tribulationibus
1254 3694 1588 3743 vexarentur
1646 3698 1838 3740 omnes
1893 3681 1988 3751 qui

302 3836 317 3843 -
413 3786 604 3841 urbem
632 3791 871 3839 vestram
902 3778 1354 3851 ingrediebantur
1381 3785 1476 3830 aut
1506 3775 1631 3830 inde
1658 3774 1901 3836 exibant,
1936 3771 1989 3825 id

412 3888 497 3932 est
544 3876 695 3929 urbis
735 3875 900 3929 cives.
938 3872 1188 3942 Augebat
1222 3878 1404 3925 autem
1447 3867 1850 3923 tribulationem
1893 3880 1987 3919 ve-

414 3975 607 4027 stram,
646 3963 791 4036 quod
846 3963 997 4016 nulla
1034 3976 1168 4032 pace
1220 3960 1544 4022 utebamini,
1602 3958 1785 4013 multis
1831 3963 1985 4011 extra

413 4056 874 4127 consurgentibus
924 4054 1261 4115 hominibus,
1319 4054 1448 4107 dum
1495 4066 1596 4121 ego
1632 4065 1718 4104 me
1750 4066 1780 4103 a
1829 4049 1985 4103 vobis

415 4159 739 4205 averteram.
762 4145 866 4201 Per
888 4147 1004 4200 haec
1035 4155 1212 4201 autem
1243 4145 1457 4199 videtur
1482 4145 1673 4198 eodem
1693 4158 1854 4198 sensu
1878 4156 1988 4211 quo

417 4244 605 4297 beatus
634 4238 865 4310 Aggzeus
899 4237 1184 4307 propheta,
1209 4235 1497 4290 manifeste
1516 4234 1847 4303 exprobrare
1879 4233 1987 4287 illis

417 4330 723 4400 ignaviam;
778 4327 1113 4383 memorabat
1162 4326 1307 4382 enim
1353 4330 1582 4396 Aggzeus
1612 4327 1843 4382 subnata
1878 4326 1987 4381 illis

2164 2690 2310 2764 Στίχ.
2351 2690 2402 2743 ι’.
2442 2720 2510 2730 -
2544 2686 2659 2742 Εἶτ’
2709 2690 2773 2742 ἐκ
2817 2690 3184 2762 ’παραθέσεως
3235 2691 3342 2745 τῶν
3388 2692 3669 2763 προτέρων

2092 2782 2304 2846 δεικνὺς
2325 2783 2421 2853 τὴν
2451 2781 2783 2853 μεταϐολήν·
2817 2800 2835 2832 ι
2860 2783 3004 2835 Διότι
3036 2783 3140 2853 πρὸ
3157 2784 3264 2836 τῶν
3282 2784 3505 2854 ἡμερῶν
3528 2784 3670 2836 ἐκεί-

2092 2891 2197 2927 νων
2223 2875 2251 2928 ό
2289 2872 2478 2943 μισθὸς
2503 2873 2610 2927 τῶν
2650 2873 2951 2943 ἀνθρώπων
2983 2874 3084 2927 οὐκ
3113 2869 3180 2945 ἦν
3210 2876 3290 2937 εἰς
3322 2874 3540 2945 ὄνησιν,
3575 2875 3671 2927 καὶ

2091 2968 2119 3018 6
2151 2964 2338 3035 μισθὸς
2370 2964 2477 3017 τῶν
2504 2964 2714 3034 κτηνῶν
2748 2965 2846 3035 οὐχ
2874 2965 3115 3036 ὑπῆρχε,
3148 2965 3344 3035 καὶτῷ
3377 2969 3671 3037 ἐκπορευο-

2096 3057 2240 3125 μένῳ
2267 3055 2360 3108 καὶ
2386 3056 2463 3126 τῷ
2502 3056 2938 3127 εἰσπορευομένῳ
2975 3057 3078 3109 οὐκ
3108 3052 3175 3127 ἦν
3204 3058 3393 3129 εἰρήνη
3437 3058 3545 3111 ἀπὸ
3570 3059 3671 3129 τῆς

2092 3144 2357 3213 θλίψεωςο
2403 3146 2498 3198 καὶ
2544 3145 2891 3211 ἐξαποστελῶ
2931 3147 3136 3210 πάντας
3172 3147 3298 3210 τοὺς
3346 3148 3670 3219 ἀνθρώπους

2090 3235 2317 3288 ἕκαστον
2356 3236 2448 3288 ἐπὶ
2493 3234 2584 3289 τὸν
2632 3236 2858 3306 πλησίον
2887 3236 3074 3291 αὐτοῦ.
3103 3255 3122 3286 ι
3162 3237 3335 3301 Πάλαι
3393 3239 3492 3307 μὲν
3537 3239 3667 3309 γάρ,

2091 3326 2244 3395 φησί,
2278 3324 2372 3379 καὶ
2406 3324 2513 3397 πρὸ
2541 3326 2639 3395 τῆς
2662 3326 2949 3397 οἰκοδομῆς
2974 3326 3066 3380 τοῦ
3097 3328 3227 3381 ναοῦ
3258 3330 3315 3380 ἐν
3343 3329 3508 3400 πολλῇ
3534 3330 3671 3383 καθ-

2090 3418 2389 3489 ειστήκειτε
2442 3419 2783 3491 ταλαιπωρίᾳ
2812 3435 2828 3450 ·
2895 3420 2987 3473 καὶ
3039 3420 3161 3473 οὔτε
3203 3424 3270 3491 τῇ
3316 3423 3422 3475 τῶν
3456 3424 3670 3494 κτηνῶν

2090 3509 2196 3561 τῶν
2230 3509 2508 3579 ὑμετέρων
2540 3509 2772 3581 ἐργασίᾳ
2803 3511 3186 3581 προσκείμενοι
3217 3513 3280 3565 ἐκ
3314 3512 3421 3565 τῶν
3457 3515 3670 3567 πολλῶν

2089 3618 2142 3653 τι
2186 3601 2362 3654 πόνων
2417 3601 2759 3672 ἀπεφέρεσθε
2806 3602 3034 3674 κέρδος’
3089 3604 3323 3675 ἀνόνητα
3377 3605 3486 3675 γάρ
3539 3607 3668 3677 ὑμῖν

2090 3693 2307 3748 ἅπαντα
2336 3694 2509 3748 ἐποίει
2536 3694 2597 3747 τὸ
2633 3695 2901 3766 μηδεμιᾶς
2952 3696 3050 3767 μὲν
3096 3698 3319 3769 εἰρήνης
3351 3698 3666 3765 ἀπολαύειν,

2090 3785 2147 3837 ἐν
2174 3783 2381 3853 θλίψεσι
2404 3785 2461 3838 δὲ
2485 3785 2715 3839 πάντοτε
2741 3786 3088 3853 ἐξετάζεσθαι
3122 3789 3393 3853 ποικίλαις
3420 3789 3669 3855 ἅπαντας

2093 3876 2213 3938 τοὺς
2235 3877 2328 3929 ἐπὶ
2364 3878 2463 3948 τῆς
2510 3877 2714 3942 πόλεως
2744 3879 3012 3942 εἰσιόντας
3057 3896 3118 3932 τε
3160 3882 3252 3934 καὶ
3293 3879 3530 3945 ἐξιόντας
3558 3883 3667 3937 τῶν

2090 3967 2147 4020 ἐν
2177 3968 2322 4037 ὑμῖν,
2350 3967 2436 4021 ἵνα
2467 3968 2596 4039 εἴπῃ
2622 3968 2745 4030 τοὺς
2777 3968 2871 4020 ἐπὶ
2896 3968 2996 4038 τῆς
3027 3968 3234 4032 πόλεως
3261 3970 3653 4041 ἀναστρεφομέυ

2089 4074 2231 4120 νους.
2274 4057 2482 4120 Ηῦξανε
2509 4057 2567 4109 δὲ
2587 4057 2757 4111 ταῦτα
2786 4059 2914 4129 ὑμῖν
2941 4060 3038 4130 τήν
3058 4077 3120 4113 τε
3154 4060 3351 4130 θλίψιν,
3382 4063 3474 4115 καὶ
3499 4062 3561 4115 τὸ
3590 4063 3665 4134 μὴ

2088 4150 2146 4201 ἐν
2176 4150 2365 4219 εἰρήνῃ
2390 4148 2737 4215 καθεστάναι,
2771 4149 2832 4202 τὸ
2870 4150 3094 4215 πολλοὺς
3128 4152 3256 4223 ὑμῖν
3283 4154 3666 4226 ἐπεγείρεσθαι

2050 4240 2196 4293 ντῶν
2248 4239 2447 4305 ἔξωθεν
2497 4238 2799 4311 ἀνθρώπων
2825 4281 2840 4305 ,
2890 4243 2977 4296 διά
3028 4244 3125 4315 τὴν
3176 4246 3525 4318 ἀποστροφὴν
3566 4248 3665 4319 τὴν

2089 4331 2228 4401 ἐμήν
2245 4348 2259 4362 ο
2295 4331 2437 4383 ἔοικε
2463 4330 2520 4383 δὲ
2546 4331 2719 4386 ταῦτα
2744 4333 2884 4388 κατά
2912 4335 3007 4406 τὴν
3050 4335 3259 4390 ἔννοιαν
3285 4341 3397 4401 τοῖς
3422 4338 3514 4391 τοῦ
3559 4357 3665 4409 μα-

415 4425 580 4487 mala,
613 4438 739 4476 cum
769 4421 833 4475 ad
858 4419 1273 4475 aediﬁcationem
1297 4419 1583 4487 torpebant
1609 4436 1624 4485 ;
1661 4417 1984 4473 ostendebat

2089 4421 2278 4492 καρίου
2317 4421 2572 4490 Ἀγγαίου
2599 4421 2694 4476 τοῦ
2722 4426 3001 4497 προφήτου
3045 4426 3230 4495 σαφῶς
3263 4427 3339 4499 (p.
3373 4429 3499 4498 487)
3526 4430 3638 4483 όνει

415 4515 574 4569 simul
593 4522 797 4584 quanta
822 4512 961 4566 facta
985 4511 1179 4566 fuisset
1205 4512 1257 4564 in
1285 4511 1477 4564 melius
1504 4510 1813 4574 conversio,
1837 4518 1983 4581 post-

414 4617 574 4673 quam
628 4610 909 4671 cmperant
956 4601 1125 4655 divini
1184 4600 1372 4670 templi
1424 4600 1712 4654 aedilicium
1762 4616 1977 4670 urgere.

416 4695 558 4750 Idem
605 4694 708 4747 hoc
749 4694 868 4747 loco
913 4693 1106 4747 beatus
1134 4690 1429 4746 Zacharias
1459 4692 1613 4754 dicit,
1662 4707 1857 4762 nempe
1889 4706 1983 4746 vos

414 4788 613 4840 multas
670 4784 925 4853 expertos
968 4798 1090 4838 esse
1141 4784 1500 4851 calamitates,
1547 4785 1674 4838 dum
1724 4786 1982 4854 templum

413 4875 782 4949 negligebatis:
805 4875 896 4929 sed
928 4881 1213 4943 postquam
1252 4883 1458 4929 mutata
1494 4877 1788 4940 sententia,
1828 4876 1983 4931 debi-

416 4980 522 5022 tam
554 4965 878 5036 suscepistis
906 4964 1093 5033 templi
1120 4979 1328 5027 curam,
1366 4965 1497 5035 quid
1531 4974 1644 5018 tum
1682 4966 1945 5035 contigit?

2086 4513 2246 4577 δίζων
2281 4514 2464 4577 αὐτοῖς
2494 4513 2593 4586 τὴν
2635 4516 2939 4587 ρᾳθυμίαν·
2977 4520 3352 4590 ἐμνημόνευσε
3408 4521 3508 4592 μὲν
3557 4522 3664 4574 τῶν

2089 4608 2485 4675 ἐπιγεγονότων
2524 4609 2707 4674 αὐτοῖς
2739 4611 2924 4664 κακῶν
2945 4652 2959 4675 ,
2991 4612 3225 4683 ὁπηνίκα
3249 4615 3348 4685 τῆς
3376 4615 3665 4686 οἰκοδομῆς

2089 4696 2573 4769 κατερρᾳθύμουψ
2609 4699 2845 4770 ἐδήλωσε
2890 4701 2947 4754 δὲ
2972 4702 3145 4772 πόσην
3196 4704 3320 4773 ἔσχε
3362 4706 3664 4774 μεταϐολὴν

2090 4786 2181 4839 ἐπὶ
2206 4785 2266 4838 τὸ
2291 4788 2534 4856 κρεῖττον
2559 4788 2626 4841 τά
2659 4789 2799 4842 κατὰ
2841 4793 2967 4853 τοὺς
2997 4790 3282 4861 ἑλομένους
3328 4794 3424 4864 τῆς
3465 4795 3638 4847 οἰκοδο
3664 4826 3667 4829 ›

2092 4878 2198 4947 μῆς
2221 4878 2315 4931 τοῦ
2348 4879 2477 4932 ναοῦ
2511 4880 2815 4951 φροντίζειν
2847 4882 2941 4935 τοῦ
2983 4883 3127 4936 θείου
3151 4901 3164 4913 θ
3199 4884 3357 4938 τοῦτο
3393 4887 3499 4955 γάρ
3531 4888 3636 4940 κάν
3708 4866 3713 4871 ἦ

2087 4967 2258 5021 ταῦθα
2309 4972 2338 5023 6
2374 4971 2640 5042 μακάριος
2670 4974 2942 5043 Ζαχαρίας
2987 4975 3168 5043 λέγει,
3199 4976 3279 5029 ὅτι
3321 4978 3407 5029 Ἑν
3442 4978 3661 5042 πολλαῖς

411 5055 531 5130 ἦτε,
555 5059 705 5128 φησὶ,
725 5056 1115 5125 ταλαιπωρίαις
1138 5056 1460 5125 ἀμελοῦντες
1495 5057 1589 5111 τοῦ
1618 5058 1786 5111 οἴκου·
1814 5058 2001 5129 ἐπειδὴ
2038 5058 2094 5112 δέ
2125 5063 2516 5130 μεταϐαλόντες
2557 5066 2654 5137 τὴν
2693 5068 2937 5137 γνώμην,
2976 5068 3072 5139 τὴν
3103 5070 3485 5141 προσήκουσαν
3511 5072 3663 5142 ἔχετε

391 5138 543 5221 ’περὶ
568 5151 659 5202 τὸν
692 5146 838 5202 οἷκον
867 5148 1122 5219 σπουδὴν,
1144 5147 1196 5199 τί
1229 5149 1416 5216 γέγονε
1440 5166 1454 5214 ;

485 5246 650 5299 Vens.
680 5247 859 5300 11-15.
886 5276 956 5285 -
991 5264 1007 5295 ι
1032 5243 1094 5297 Et
1116 5258 1263 5298 nunc
1295 5260 1405 5298 non
1434 5245 1589 5314 juxta
1619 5246 1739 5302 dies
1768 5248 1981 5318 priores

415 5336 556 5391 facio
598 5337 845 5405 reliquiis
882 5335 1068 5405 populi
1106 5334 1288 5403 hujus,
1340 5334 1471 5389 dicit
1503 5337 1767 5393 Dominus
1808 5339 1985 5392 omni-

413 5436 628 5496 potens,
665 5425 757 5481 sed
794 5441 983 5494 pacem
1014 5426 1319 5479 ostendam.
1355 5424 1522 5480 Vinea
1556 5427 1709 5481 dabit
1740 5428 1981 5482 fructum

415 5534 601 5583 suum,
639 5526 695 5573 et
724 5526 872 5572 terra
901 5517 1049 5571 dabit
1077 5517 1318 5587 germina
1366 5533 1485 5581 sua,
1519 5526 1573 5572 ct
1603 5518 1800 5572 cmlum
1833 5517 1984 5572 dabit

414 5625 593 5665 rorem
621 5626 803 5671 suum.
833 5608 1139 5678 faciamque
1170 5618 1228 5665 ut
1252 5610 1495 5680 reliquiae
1519 5611 1700 5679 pepuli
1733 5611 1836 5664 mei
1866 5610 1981 5663 hac

425 5702 607 5755 omnia
658 5700 990 5772 possideant.
1032 5699 1096 5755 Et
1130 5701 1254 5768 erit,
1290 5702 1433 5757 sicut
1470 5702 1633 5757 eratis
1674 5699 1982 5756 maledictio

2154 5245 2304 5315 Στίχ.
2343 5242 2518 5297 ια’-ιε’.
2548 5272 2616 5282 -
2643 5262 2660 5294 ι
2690 5245 2801 5297 Καὶ
2829 5244 2921 5297 νῦν
2943 5245 3002 5297 οὐ
3035 5244 3177 5298 κατὰ
3203 5246 3302 5309 τάς
3328 5246 3541 5317 ἡμέρας
3564 5247 3665 5311 τάς

2081 5334 2386 5407 ἔμπροσθεν
2416 5333 2528 5404 ἐγὼ
2555 5334 2692 5387 ποιῶ
2718 5338 2832 5397 τοῖς
2877 5337 3221 5401 καταλοίποις
3253 5338 3344 5391 τοῦ
3375 5335 3502 5392 λαοῦ
3534 5336 3662 5391 τού-

2082 5445 2196 5489 του,
2228 5426 2373 5494 λέγει
2405 5425 2608 5497 Κύριος
2643 5425 3034 5497 παντοκράτωρ
3066 5442 3078 5456 °
3109 5428 3223 5481 ἀλλ’
3251 5428 3284 5498 ἢ
3316 5429 3473 5493 δείξω
3502 5428 3658 5501 εἰρή-

2082 5534 2211 5587 νην·
2249 5520 2281 5588 ὴ
2314 5517 2555 5588 ἄμπελος
2583 5515 2743 5569 δώσει
2766 5517 2861 5570 τὸν
2898 5518 3107 5588 καρπὸν
3152 5519 3356 5591 αὐτῆς,
3388 5520 3482 5574 καὶ
3524 5521 3557 5589 ἡ
3586 5518 3658 5590 Υῆ

2088 5608 2247 5663 δώσει
2290 5608 2358 5661 τὰ
2418 5608 2700 5677 γενήματα
2756 5608 2926 5678 αὐτῆς
2946 5653 2959 5675 ,
2991 5611 3085 5662 καὶ
3117 5611 3343 5683 οὐρανὸς
3372 5610 3531 5665 δώσει
3561 5611 3660 5678 τὴν

2087 5701 2274 5772 δρόσον
2310 5701 2473 5756 αὑτοῦ
2498 5718 2509 5731 ·
2552 5702 2643 5754 καὶ
2676 5702 3208 5775 κατακληρονομήσω
3256 5707 3366 5769 τοῖς
3409 5705 3659 5761 κατάλοι-
