3992 6232
323 196 434 251 549

1227 195 1778 254 COMMENTARIUS
1827 197 1893 252 IN
1934 194 2305 252 ZACIIARLIS
2358 192 2515 248 CAP.
2565 193 2696 248 VIII.

3495 198 3600 254 550

324 327 451 372 ποις
488 305 582 360 τοῦ
609 306 740 360 λαοῦ
767 325 870 378 μου
900 309 1074 362 πάντα
1103 307 1272 362 ταῦτα
1293 327 1305 339 ·
1332 311 1423 362 καὶ
1450 309 1599 362 ἔσται
1629 310 1686 362 ὃν
1717 311 1914 368 τρόπον

2045 318 2160 364 nter
2190 315 2400 378 gentes,
2434 323 2465 360 0
2501 311 2696 380 domus
2718 305 2872 362 Judm
2905 316 2958 363 et
2999 309 3196 366 domus
3231 307 3474 374 Israelis,
3525 313 3599 366 ita

321 395 425 470 ἦτε
470 400 684 470 κατάρα
735 401 793 451 ἐν
825 402 938 462 τοῖς
976 399 1200 461 ἔθνεσιν,
1235 400 1379 463 οἶκος
1393 403 1562 456 Ἰούδα
1587 442 1600 466 ,
1642 404 1735 457 καὶ
1769 397 1913 465 οἶκος

335 490 560 560 Ἰσραὴλ
590 531 604 552 ,
637 489 810 553 οὕτως
837 491 1088 544 διασῶσω
1119 493 1285 562 ὑμᾶς,
1319 495 1412 546 καὶ
1448 494 1632 548 ἔσεσθε
1675 498 1730 548 ἐν
1761 496 1913 549 εὐλο-

325 581 477 653 γίᾳ.ι
500 583 611 652 Οὐχ
642 583 802 652 ὃμοια
835 586 945 646 τοῖς
975 585 1211 652 πρόσθεν
1241 587 1307 639 τὰ
1328 585 1421 638 νῦν
1447 589 1576 658 περὶ
1605 589 1728 651 τοὺς
1751 589 1914 640 ἐπαν-

329 674 661 744 εληλυθότας
708 676 1020 746 γενήσεται,
1059 675 1152 740 οὓς
1182 675 1244 729 ἐκ
1283 677 1492 730 πολλῶν
1516 678 1623 730 τῶν
1648 679 1917 748 ἀπολομέ-

329 782 437 818 νων
472 764 687 833 ὀλίγους
729 767 1176 837 περιλειφθέντας
1206 769 1429 839 αὑξήσω
1477 770 1637 824 πάλιν
1686 772 1796 838 ἐγὼ
1824 774 1916 825 καὶ

334 857 469 926 ﬂeas
499 857 699 926 πλῆθος
744 858 856 921 ἄξω
886 900 900 922 .
933 859 1154 930 εἰρήνης
1181 877 1239 913 τε
1268 861 1463 924 αὐτοὺς
1489 862 1718 934 πλήρεις
1754 865 1915 934 ἐργα-

334 949 567 1019 σάμενος
589 990 601 1012 ,
633 949 727 1001 καὶ
762 949 859 1019 τὴν
888 949 994 1002 ἀπὸ
1027 950 1135 1002 τῶν
1164 952 1392 1023 καρπῶν
1433 953 1686 1023 εὐθηνίαν
1735 956 1915 1019 αὐτοῖς

335 1039 620 1110 παρέχων.
661 1041 754 1092 καὶ
783 1040 998 1093 πάντων
1029 1042 1092 1113 δὴ
1129 1045 1407 1114 συντόμως
1433 1047 1606 1098 εἰπεῖν
1644 1047 1749 1099 τῶν
1781 1048 1918 1115 ἀγα-

333 1129 444 1183 θῶν
477 1117 814 1200 δωρούμενῗις
843 1130 1025 1194 αὐτοῖς
1051 1131 1150 1202 τὴν
1178 1134 1506 1187 ἀπόλαυσιν·
1540 1136 1604 1187 ἵν’
1641 1135 1828 1206 ὥσπερ
1857 1135 1918 1188 τὸ

334 1222 566 1274 παλαιὸν
604 1222 876 1292 τιμωρίας
902 1223 1187 1291 ἐφαίνεσθε
1220 1226 1384 1278 πᾶσιν
1414 1227 1551 1294 ἄξιοι
1581 1228 1670 1280 διὰ
1696 1228 1791 1297 τὴν
1819 1228 1914 1297 ὀρ-

332 1313 436 1384 γὴν
461 1314 557 1384 τὴν
585 1313 724 1385 ἐμὴν
754 1355 766 1375 ,
805 1317 880 1386 (p.
916 1316 1041 1382 488)
1073 1315 1245 1381 οὕτως
1285 1320 1348 1370 ἐκ
1382 1319 1480 1386 τῆς
1513 1319 1652 1388 ἐμῆς
1684 1319 1918 1390 κηδεμο-

334 1405 453 1470 νίας
489 1408 818 1477 μακαριστοὶ
857 1408 1132 1476 φαίνοισθε
1177 1411 1325 1480 παρὰ
1360 1415 1521 1464 πᾶσιν
1561 1411 1867 1482 ἀνθρώποις
1899 1428 1914 1441 ·

333 1499 428 1551 καὶ
458 1499 619 1551 πλέον
650 1497 1086 1570 παραθαρρύνων
1103 1500 1309 1565 αὐτοὺς,
1327 1519 1346 1554 ι
1369 1500 1633 1572 Θαρρεῖτε
1660 1500 1752 1552 καὶ
1785 1517 1916 1551 κατ-

336 1588 548 1660 ισχύετε
581 1590 637 1642 ἐν
675 1591 796 1652 ταῖς
831 1590 1016 1660 χερσὶν
1055 1589 1225 1660 ὑμῶν.
1263 1589 1404 1642 Διότι
1437 1590 1562 1642 τάδε
1603 1590 1749 1657 λέγει
1807 1589 1918 1644 Κύ-

2022 401 2245 455 salvabo
2294 416 2409 464 vos,
2445 410 2494 453 et
2525 400 2755 455 eritisin
2787 399 3216 456 benedictione»
3259 401 3414 456 llaud
3446 418 3601 472 atque

2021 505 2083 544 ac
2138 491 2563 560 antiquioribus,
2621 491 2694 544 ita
2744 493 2978 562 posteris
3036 493 3272 556 eveniet,
3323 507 3463 562 quos
3531 509 3598 546 ex

2022 584 2206 638 multis
2244 585 2533 637 exstinctis
2573 598 2777 654 paucos
2809 584 3051 650 relictos,
3079 599 3276 640 rursus
3306 599 3408 654 ego
3437 583 3602 654 326

2021 675 2232 745 augebo
2269 683 2322 729 et
2377 675 2428 727 in
2487 673 2890 728 multitudinem
2943 674 3259 744 provebam,
3321 689 3457 744 pace
3506 689 3601 728 eos

2022 767 2328 830 cumulans,
2371 774 2424 820 et
2473 765 2687 836 frugum
2719 767 2932 836 copiam
2985 766 3381 835 suppeditans;
3439 774 3604 834 atque

2024 868 2081 912 ut
2099 859 2421 928 compendio
2437 857 2634 921 dicant,
2659 860 2901 910 omnium
2923 858 3190 911 bonorum
3210 856 3414 911 eisdem
3440 871 3600 909 usum

2024 949 2292 1012 tribuens,
2327 958 2383 1001 ut
2411 949 2569 1002 sicuti
2614 948 2743 1001 olim
2779 964 2937 1018 poena
2977 947 3307 1002 videbamini
3345 946 3494 1016 digni
3531 947 3602 998 ob

2024 1039 2160 1093 iram
2207 1054 2402 1104 meam,
2458 1041 2529 1092 ita
2577 1051 2798 1109 propter
2823 1040 3188 1110 patrocinium
3223 1055 3404 1094 meum
3457 1038 3600 1092 beati

2023 1131 2316 1186 videamini
2347 1132 2561 1185 cunctis
2593 1132 2925 1187 hominibus.
2965 1131 3028 1184 Et
3053 1135 3225 1202 magis
3258 1131 3438 1184 adhuc
3465 1130 3602 1184 ﬁdu-

2025 1224 2163 1276 ciam
2201 1222 2281 1277 eis
2321 1238 2548 1290 augens,
2582 1242 2598 1273 ι
2628 1223 2920 1289 Conlidite,
2957 1224 3152 1293 inquit,
3188 1231 3242 1278 et
3277 1225 3604 1277 roborentur

2027 1329 2220 1366 manus
2265 1303 2458 1366 vestrir
2490 1333 2500 1366 :
2537 1315 2792 1382 quoniam
2828 1315 2940 1368 haec
2975 1316 3108 1369 dicit
3137 1314 3399 1368 Dominus
3423 1317 3602 1370 omni-

2027 1415 2253 1475 potens:
2289 1404 2756 1471 Quemadmodum
2789 1408 3023 1478 cogilari
3064 1424 3160 1463 vos
3186 1409 3442 1479 afﬂigere,
3476 1409 3602 1478 quia

2027 1512 2113 1549 me
2166 1507 2350 1567 patres
2405 1498 2570 1552 vestri
2622 1499 3106 1563 exacerbaverant,
3160 1501 3292 1554 dicit
3342 1500 3604 1554 Dominus

2027 1589 2396 1658 omnipotens.
2428 1605 2602 1658 neque
2640 1598 2772 1645 tunc
2807 1607 2891 1645 me
2921 1591 3197 1660 poenituit,
3236 1593 3307 1645 ita
3343 1593 3602 1646 constitui

341 1699 456 1752 ριος
480 1681 877 1752 παντοκράτωρ
901 1721 915 1745 ,
976 1683 1072 1734 Ὃν
1103 1681 1298 1752 τρόπον
1322 1681 1600 1752 διενοήθην
1627 1680 1718 1734 τοῦ
1751 1681 1923 1733 κακῶ-

2036 1694 2090 1732 ac
2122 1679 2418 1733 deliberavi
2452 1681 2646 1738 diebus
2678 1682 2764 1738 bis
2800 1683 3143 1738 benefacere
3182 1685 3308 1739 urbi
3347 1685 3605 1742 Hierusa-

340 1789 431 1825 σαι
466 1773 605 1843 ὑμᾶς
635 1775 692 1825 ἐν
725 1773 804 1844 τῷ
834 1771 1168 1843 παροργίσαι
1218 1790 1283 1842 με
1314 1773 1437 1837 τοὺς
1472 1772 1714 1843 πατέρας
1750 1773 1924 1843 ὑμῶν,

336 1861 490 1931 λέγει
517 1863 717 1935 Κύριος
762 1865 1154 1935 παντοκράτωρ
1180 1903 1195 1926 ,
1243 1864 1335 1917 καὶ
1365 1865 1423 1916 οὐ
1464 1865 1768 1935 μετενόησα
1790 1905 1802 1925 ,
1838 1863 1929 1916 οὓ-

335 1973 450 2019 τως
481 1956 902 2027 παρατέταγμαι
937 1957 1029 2010 καὶ
1061 1957 1414 2028 διανενόημαι
1459 1959 1517 2010 ὲν
1545 1960 1663 2022 ταῖς
1690 1957 1929 2030 ἡμέραις

335 2047 568 2110 ταύταις
605 2047 700 2100 τοῦ
760 2048 940 2111 καλῶς
973 2050 1192 2120 ποιῆσαι
1222 2054 1287 2123 τῇ
1334 2050 1690 2122 Ἰερουσαλὴμ
1728 2051 1820 2104 καὶ
1852 2048 1930 2120 τῷ

335 2140 473 2210 οἴκῳ
517 2141 706 2193 Ἰούδα.
738 2159 756 2191 ι
815 2141 1166 2214 Ἀποθέμενοι
1199 2142 1261 2215 δὴ
1297 2144 1473 2198 πάντα
1511 2144 1675 2212 φόϐον
1703 2144 1795 2196 καὶ
1828 2144 1924 2196 πᾶ-

338 2247 440 2284 σαν
473 2231 804 2299 ἀπόγνωσιν,
845 2236 903 2286 ἐν
929 2235 1213 2306 εὐθυμίαις
1239 2235 1426 2288 ἔσεσθε
1461 2237 1553 2289 καὶ
1579 2235 1764 2306 θάρσει
1796 2233 1924 2288 πολ-

337 2322 415 2393 λῷ
437 2341 449 2353 ·
479 2324 572 2379 καὶ
604 2325 739 2394 μετά
775 2326 977 2397 πολλῆς
1017 2326 1116 2396 τῆς
1165 2329 1399 2397 σπουδῆς
1429 2327 1616 2397 ἔχεσθε
1652 2327 1749 2396 τῆς
1782 2330 1926 2381 οἰκο-

337 2415 505 2486 δομῆς
538 2416 631 2468 τοῦ
658 2417 814 2470 ναοῦο
851 2413 908 2471 εὖ
963 2419 1160 2482 εἰδότες
1190 2421 1272 2473 ὅτι
1308 2419 1496 2490 ὥσπερ
1554 2420 1815 2490 πρότερον
1847 2437 1927 2471 τι·

343 2505 556 2575 μωρίαν
579 2507 944 2578 ἀπεφηνάμην
971 2509 1090 2561 καθ’
1118 2510 1267 2579 ὑμῶν
1297 2508 1435 2579 ὑπὲρ
1475 2505 1548 2563 ὧν
1579 2507 1921 2578 πλημμελεῖν

337 2599 468 2660 τοὺς
493 2597 792 2669 ὑμετέρους
826 2599 1140 2653 συνέϐαινεν
1162 2603 1239 2664 εἰς
1271 2602 1369 2672 ἐμὲ
1389 2645 1404 2667 ,
1438 2604 1530 2655 καὶ
1564 2601 1766 2673 ταύτην
1796 2602 1928 2673 ἠγα-

2029 1771 2130 1826 lem
2159 1779 2211 1824 et
2239 1771 2392 1826 Judzc
2418 1774 2623 1828 domui.
2650 1795 2668 1826 ι
2705 1775 2861 1828 Omni
2890 1777 3131 1844 seposito
3154 1776 3347 1830 timore
3373 1787 3427 1831 et
3453 1778 3601 1830 omni

2027 1861 2429 1932 desperatione,
2493 1864 2546 1916 in
2601 1864 2803 1934 gaudio
2851 1866 3006 1919 eritis
3054 1867 3333 1936 n'mltaque
3383 1866 3604 1930 ﬁducia,

2029 1952 2382 2023 studioseque
2425 1953 2718 2007 admodum
2751 1955 2818 2008 ad
2853 1955 3270 2010 aediﬁcationem
3306 1957 3488 2026 templi
3525 1957 3606 2009 in-

2030 2045 2333 2100 cumbetis:
2372 2046 2538 2114 probe
2561 2047 2820 2112 scientes,
2861 2048 3005 2118 quod
3036 2050 3177 2102 sicut
3200 2056 3358 2102 antea
3387 2063 3606 2118 poenam

2031 2137 2085 2192 in
2114 2153 2214 2193 vos
2248 2140 2580 2208 exprompsi,
2624 2149 2843 2209 propter
2892 2151 3108 2210 patrum
3156 2152 3467 2196 vestrorum
3515 2141 3606 2194 ad-

2031 2246 2224 2284 versus
2261 2246 2346 2285 me
2371 2231 2710 2300 iniquitates,
2740 2241 2903 2302 atque
2940 2234 3086 2288 illam
3123 2250 3312 2305 reapse
3344 2236 3607 2291 immobili

2033 2323 2304 2378 sententia
2357 2324 2775 2376 consunnnari:
2840 2327 2912 2378 ita
2970 2342 3116 2380 nunc
3164 2328 3437 2397 promissa
3489 2345 3608 2382 mea

2035 2431 2263 2486 prorsus
2319 2430 2608 2484 exsequar,
2667 2431 2787 2484 qua:
2820 2416 2888 2471 de
2917 2415 3254 2474 Hierusalem
3308 2420 3609 2490 signiﬁcavi

2033 2508 2210 2576 deque
2237 2506 2492 2560 universa
2515 2503 2670 2559 Judze
2698 2505 2840 2559 tribu
2865 2524 2878 2572 ;
2907 2510 3052 2576 quod
3082 2524 3274 2578 nempe
3301 2509 3391 2563 illa
3423 2526 3607 2564 rerum

2035 2599 2189 2668 copia
2225 2597 2449 2659 diIIluet,
2489 2599 2602 2651 haec
2633 2597 2803 2650 multa
2845 2597 3104 2654 felicitate
3134 2599 3368 2657 fruetur.

336 2703 440 2755 γον
469 2689 548 2751 είς
571 2689 744 2758 πέρας
763 2729 778 2753 ,
807 2689 867 2742 οὐ
904 2689 1336 2761 μεταϐαλόμενος
1363 2693 1461 2762 τὴν
1491 2691 1714 2763 γνώμην
1737 2711 1749 2724 ο
1783 2692 1925 2744 οὕτω
1949 2690 2041 2743 νῦν
2070 2689 2168 2752 τὰς
2202 2686 2534 2756 ἐπαγγελίας
2575 2689 2654 2750 εἰς
2686 2689 2858 2758 πέρας
2899 2688 3010 2752 ἄξω
3038 2691 3253 2755 πάντως
3290 2696 3357 2757 ἃς
3398 2695 3526 2765 περί
3557 2713 3612 2750 τε

338 2782 443 2852 τῆς
474 2781 828 2854 Ἰερουσαλὴμ
848 2782 1234 2854 ἀπεφηνάμην,
1272 2785 1365 2837 καὶ
1391 2785 1569 2857 πάσης
1603 2784 1666 2856 δὴ
1695 2784 1794 2854 τῆς
1823 2783 1993 2836 Ἰούδα
2022 2782 2192 2852 φυλῆς
2213 2798 2224 2810 ·
2251 2781 2324 2844 ὠς
2351 2781 2382 2850 ὴ
2425 2780 2521 2849 μὲν
2562 2780 2616 2832 ἐν
2646 2779 2870 2832 εύθτινίει
2909 2783 3212 2854 γενήσεται,
3241 2784 3289 2836 οἱ
3323 2784 3378 2836 δὲ
3416 2786 3614 2855 πολλῆς

345 2873 629 2944 μεθέξουσι
656 2873 756 2943 τῆς
787 2873 1094 2942 εὐετηρίας.

419 2965 563 3034 Στίχ.
600 2965 697 3030 ις’,
721 2965 804 3030 ιζ’.
828 2995 894 3006 -
917 2966 1026 3018 Καὶ
1077 2966 1292 3031 δεικνὺς
1324 2968 1352 3021 ὃ
1395 2985 1447 3020 τι
1480 2969 1607 3022 ποτὲ
1646 2969 1932 3031 ποιοῦντας

2103 2963 2269 3017 Vnas.
2308 2959 2391 3024 16,
2424 2960 2764 3031 I7.—Atque
2793 2971 2850 3015 ut
2883 2961 3109 3016 suadeat
3139 2962 3338 3019 debere
3367 2979 3483 3028 eos,
3522 2965 3616 3035 qui

343 3059 590 3128 προσῆκε
619 3057 697 3128 τῷ
727 3057 927 3128 βεϐαίῳ
955 3058 1177 3132 θαρρεῖν
1206 3059 1315 3111 τῶν
1349 3060 1718 3129 ἐπαγγελιῶν·
1759 3061 1929 3134 (Θαρ-

2036 3063 2179 3110 recte
2229 3055 2504 3118 facerent,
2554 3052 2799 3109 firmitati
2847 3055 3247 3124 promissorum
3302 3057 3613 3122 conlidere,

347 3152 513 3213 σεῖτε,
554 3142 700 3202 οὗτοι
728 3150 778 3202 οἱ
811 3150 959 3219 λόγοι
991 3151 1084 3213 οὓς
1116 3151 1369 3222 ποιήσετε
1393 3193 1406 3216 ,
1436 3152 1647 3205 λαλεῖτε
1674 3151 1931 3223 ἀλήθειαν

343 3241 578 3303 ’ἕκαστος
609 3242 746 3312 πρὸς
771 3240 862 3294 τὸν
904 3242 1126 3313 πλησίον
1164 3241 1329 3295 αὑτοῦ
1357 3286 1370 3310 ,
1404 3243 1498 3296 καὶ
1528 3243 1701 3314 κρίμα
1730 3245 1933 3314 εἰρηνι-

347 3333 444 3387 κὸν
473 3334 693 3406 κρίνατε
719 3335 776 3387 ἐν
828 3337 947 3397 ταῖς
979 3333 1176 3398 πύλαις
1204 3334 1358 3405 ὑμῶν
1385 3351 1398 3364 ·
1435 3336 1530 3389 καὶ
1561 3336 1791 3398 ἕκαστος
1835 3334 1933 3406 τὴν

348 3427 548 3480 κακίαν
577 3425 670 3478 τοῦ
700 3426 927 3498 πλησίον
976 3427 1050 3498 μὴ
1082 3426 1361 3494 λογίζεσθε
1396 3428 1451 3479 ἐν
1484 3426 1731 3498 καρδίαις
1757 3426 1931 3496 ὑμῶν,

348 3517 443 3572 καὶ
483 3518 644 3588 ὅρκον
688 3517 856 3588 ψευδῆ
900 3517 972 3589 μὴ
1005 3519 1255 3586 ἀγαπᾶτε
1281 3535 1296 3551 ·
1343 3518 1477 3571 διότι
1533 3518 1706 3572 ταῦτα
1757 3517 1934 3572 πάντα.

350 3609 611 3681 ἐμίσησα,
642 3609 790 3679 λέγει
813 3610 1016 3682 Κύριος
1040 3609 1457 3681 παντοκράτωρ.
1491 3628 1508 3660 ι
1549 3607 1623 3680 (p.
1645 3608 1768 3678 489)
1794 3608 1934 3678 Θαρ-

355 3705 497 3774 ρεῖτε
534 3702 598 3774 δὴ
629 3706 749 3767 ταῖς
770 3703 1123 3772 ἐπαγγελίαις
1153 3705 1270 3766 ταῖς
1301 3703 1464 3773 ἐμαῖς
1490 3719 1503 3732 ο
1559 3704 1606 3754 εί
1635 3702 1840 3754 τούτων
1870 3699 1934 3770 δὴ

354 3787 540 3866 ὧνπερ
562 3791 655 3848 οὖν
681 3793 1032 3866 συμϐουλεύω
1055 3794 1255 3864 πολλὴν
1275 3793 1449 3864 ἔχοιτε
1476 3794 1572 3864 τὴν
1596 3791 1934 3862 ἐπιμέλειαν,

351 3886 555 3949 ἀδόλως
605 3886 704 3956 μέν
730 3886 796 3940 τὰ
823 3886 958 3957 πρὸς
989 3883 1256 3957 ἀλλήλους
1289 3883 1622 3945 διατιθέντες
1645 3923 1659 3947 ,
1708 3880 1934 3952 ἀληθινῇ

350 3979 407 4032 δὲ
429 3979 636 4050 διανοίᾳ
655 3979 753 4050 τὴν
778 3978 912 4047 πρὸς
934 3976 1196 4048 ἀλλήλους
1223 3975 1595 4038 ἀποσῶζοντες
1619 3973 1820 4042 φιλίαν,
1845 3973 1938 4025 καὶ

351 4073 419 4144 δὴ
454 4073 791 4143 φροντίζοιτε
837 4071 1018 4134 πάσας
1061 4069 1158 4132 τὰς
1190 4068 1568 4138 ἐμπιπτούσας
1604 4066 1938 4136 φιλονεικίας

352 4165 665 4227 διαλύοντες
696 4165 775 4228 είς
805 4162 989 4232 φιλίαν
1023 4161 1353 4231 συνάγεσθαι
1393 4161 1711 4233 πρέπουσάν
1749 4177 1812 4228 γε
1844 4159 1938 4212 καὶ

355 4258 496 4328 πρὸς
556 4257 779 4328 εἰρήνην
853 4256 1182 4319 συνιοῦσαν,
1235 4256 1345 4309 τῶν
1405 4251 1938 4325 ἀμφισϐητουμένων

355 4346 668 4418 ποιούμενοι
692 4346 792 4418 τὴν
825 4346 1066 4400 διάλυσιν
1091 4387 1105 4411 ,
1145 4345 1214 4400 τά
1248 4344 1613 4416 συμϐαίνοντά
1651 4360 1709 4396 τε
1759 4359 1939 4412 παρα-

2039 3167 2057 3199 ι
2079 3146 2367 3210 Conﬁdite,
2389 3146 2594 3215 inquit;
2622 3147 2712 3201 isti
2739 3155 2866 3202 sunt
2889 3162 3174 3204 sermones
3197 3164 3339 3219 quos
3363 3150 3574 3206 facietis
3600 3171 3612 3203 :

2035 3238 2324 3309 loquimini
2387 3238 2676 3293 veritatem
2733 3240 3114 3310 unusquisque
3183 3241 3248 3294 ad
3304 3242 3613 3311 proximum

2035 3343 2218 3392 suum,
2249 3335 2304 3382 et
2325 3327 2537 3396 justum
2565 3328 2836 3398 judicium
2858 3329 3101 3397 judicate
3124 3332 3176 3384 in
3200 3334 3372 3400 portis
3397 3333 3612 3387 vestris.

2036 3417 2100 3472 Et
2127 3419 2515 3488 unusquisque
2559 3419 2762 3472 malum
2805 3424 3054 3489 proximo
3100 3435 3201 3474 suo
3233 3437 3300 3476 ne
3331 3423 3613 3477 machine-

2035 3509 2170 3564 mini
2209 3509 2264 3564 in
2299 3509 2563 3565 cordibus
2595 3509 2818 3575 vestris,
2869 3519 2925 3566 et
2964 3511 3192 3565 mendax
3225 3511 3614 3579 jusjurandum

2035 3618 2104 3657 ne
2131 3601 2394 3673 diligatis,
2451 3600 2580 3671 quia
2617 3601 2733 3655 bzcc
2780 3600 2965 3656 omnia
3019 3600 3130 3666 odi,
3179 3602 3314 3656 dicit
3347 3601 3615 3658 Dominus

2035 3693 2407 3763 omnipotens.
2450 3711 2467 3745 ι
2509 3693 2784 3748 Conlidite
2840 3693 3129 3763 promissis
3161 3694 3334 3757 meis;
3390 3693 3435 3748 si
3468 3706 3615 3748 certe

2035 3785 2397 3840 consiliorum
2451 3799 2574 3853 qua:
2608 3784 2764 3838 vobis
2799 3785 2947 3840 suasi
2985 3784 3249 3838 rationem
3289 3783 3612 3846 habueritis,

2037 3877 2155 3932 sine
2185 3875 2311 3930 dolo
2343 3874 2573 3929 invicem
2605 3881 2925 3936 tractantes,
2966 3881 3021 3928 et
3045 3889 3236 3928 verace
3273 3883 3455 3928 mente
3491 3891 3613 3929 mu-

2036 3977 2186 4022 tuam
2223 3965 2545 4021 cbaritatem
2573 3974 2887 4029 servantes;
2924 3974 2977 4018 et
3007 3963 3051 4019 si
3083 3977 3302 4034 operam
3329 3963 3610 4024 dederitis,

2038 4068 2098 4115 ut
2139 4059 2510 4114 incidentibus
2539 4057 2741 4128 jurgiis
2777 4057 3023 4126 prtccisis
3049 4057 3104 4110 in
3126 4056 3421 4110 amicitiam
3455 4070 3610 4110 coea-

2038 4151 2108 4205 tis
2141 4149 2377 4204 debitam
2411 4159 2464 4206 et
2492 4150 2655 4221 327
2696 4151 2845 4219 pacis
2890 4149 3119 4215 sociam,
3151 4156 3204 4204 et
3247 4148 3477 4204 sublatis
3509 4147 3616 4200 liti-

2039 4242 2143 4298 bus
2197 4241 2438 4296 oﬂensas
2488 4258 2610 4311 qua:
2661 4256 2956 4296 occurrere
3000 4241 3180 4295 solent
3233 4239 3614 4310 neglexeritis;

2041 4333 2188 4389 omni
2219 4333 2454 4402 denique
2481 4333 2765 4403 diligentia
2799 4333 3098 4403 perjurium
3129 4331 3456 4387 vitaveritis.
3492 4331 3620 4388 Ilmc

353 4437 668 4507 λογίζεσθαι
689 4436 798 4490 τῶν
832 4437 1211 4509 πταισμάτων,
1256 4438 1348 4490 καὶ
1371 4439 1549 4491 πᾶσαν
1576 4434 1749 4505 ἔχοιτε
1776 4450 1929 4503 ερρον⁶

2041 4424 2186 4480 enim
2247 4439 2348 4494 ego
2393 4424 2746 4480 vehementer
2799 4424 2912 4478 odi.
2975 4421 3086 4478 Vos
3133 4438 3264 4477 vero
3305 4423 3350 4478 si
3395 4423 3620 4493 reliquis

352 4531 476 4584 τίδα
497 4528 592 4583 τοῦ
630 4529 704 4602 μὴ
729 4532 843 4601 μετ’
873 4531 1159 4602 ἐπιορκίας
1184 4531 1412 4600 ὀμνύναι
1439 4546 1449 4559 ·
1482 4527 1652 4582 ταῦτα
1683 4527 1790 4597 γὰρ
1817 4525 1940 4597 ἐμοὶ

358 4621 462 4692 μὲν
493 4620 584 4675 διὰ
620 4620 813 4691 μίσους
854 4622 1001 4675 ἐστὶν
1031 4621 1171 4689 ἄγαν
1195 4636 1207 4650 ·
1242 4621 1397 4691 ὑμεῖς
1425 4618 1481 4672 δέ
1517 4620 1565 4670 εί
1595 4621 1703 4680 τοῖς
1736 4617 1939 4680 λοιποῖς

355 4712 673 4784 πειθόμενοι
693 4716 804 4777 τοῖς
820 4713 970 4783 ἐμοῖς
989 4711 1267 4783 βούλοισθε
1291 4709 1491 4779 σπουδῇ
1509 4705 1937 4780 διαπράττεσθαι

354 4802 429 4857 τὰ
453 4801 882 4874 παρηγγελμένα
910 4802 1038 4872 ὑμῖν
1067 4798 1307 4870 ἀγαθῶν.

429 4895 580 4966 Στίχ.
611 4901 700 4965 ιη’,
737 4893 821 4950 ιθ’.
855 4922 925 4933 -
959 4910 977 4943 ι
1007 4894 1114 4946 Καὶ
1149 4890 1363 4961 ἐγένετο
1385 4891 1542 4958 λόγος
1576 4889 1779 4961 Κυρίου
1806 4903 1945 4941 παν-

355 4988 689 5058 τοκράτορος
726 4986 861 5059 πρός
889 5003 957 5056 με
987 4985 1161 5055 λέγων
1188 5001 1203 5016 ο
1235 4983 1372 5038 Τάδε
1398 4983 1544 5050 λέγει
1576 4981 1779 5053 Κύριος
1807 4996 1944 5034 παν-

356 5077 682 5148 τοκράτωρ³
721 5075 964 5147 Νηστεία
1021 5077 1054 5146 ἡ
1093 5075 1187 5128 τοῦ
1232 5075 1528 5146 τετάρτου,
1580 5075 1673 5126 καὶ
1721 5071 1944 5144 νηστεία

357 5167 456 5222 τοῦ
481 5168 755 5238 πέμπτου,
786 5169 880 5222 καὶ
899 5167 1122 5239 νηστεία
1147 5165 1239 5220 τοῦ
1264 5165 1514 5236 ἑϐδόμου,
1546 5165 1637 5218 καὶ
1668 5162 1886 5233 νηστεία
1909 5164 1942 5234 ὴ

359 5259 456 5314 τοῦ
484 5259 712 5314 δεκάτου
741 5259 954 5313 ἔσονται
974 5258 1051 5329 τῷ
1073 5259 1206 5329 οἴκῳ
1233 5256 1404 5310 ’ἰούδα
1430 5258 1508 5319 είς
1536 5255 1708 5326 χαρὰν
1735 5251 1829 5306 καὶ
1866 5253 1945 5316 είς

360 5352 703 5424 εὐφροσύνην
749 5353 842 5406 καὶ
875 5351 1066 5424 ἑορτάς
1098 5349 1328 5420 ἀγαθάς,
1365 5349 1457 5402 καὶ
1485 5343 1942 5417 εὐφρανθήσεσθε,

362 5443 462 5498 καὶ
516 5444 616 5514 τὴν
670 5443 927 5514 ἀλήθειαν
971 5445 1067 5498 καὶ
1125 5443 1226 5514 τὴν
1286 5441 1510 5513 εἰρήνην
1556 5439 1940 5507 ἀγαπήσατε.»

375 5534 597 5606 Ἐπειδὴ
623 5534 731 5606 γάρ
770 5537 828 5587 ἐν
856 5535 969 5597 τοῖς
1005 5531 1296 5602 ἀνωτέροις
1336 5529 1616 5602 παρόντων
1651 5525 1756 5580 τῶν
1796 5524 1942 5578 ἀλλο-

364 5625 535 5696 τρίων
573 5625 667 5687 οὓς
689 5626 737 5678 οί
756 5625 864 5680 τῶν
887 5623 1052 5678 ἐθνῶν
1078 5621 1487 5677 ἀπεστάλκεσαν
1519 5618 1778 5693 βασιλεῖς,
1805 5633 1943 5686 παρ-

2045 4517 2439 4571 monitionibus
2482 4517 2621 4572 meis
2663 4516 3001 4580 obedientes,
3029 4515 3273 4572 studiose
3305 4531 3400 4571 eas
3431 4515 3621 4572 obser-

2043 4608 2261 4675 vabitis,
2288 4609 2559 4678 promissa
2597 4609 2749 4664 vobis
2777 4609 2920 4664 bona
2952 4609 3388 4679 consequemini.

2113 4882 2278 4937 Vsus.
2312 4881 2399 4946 18,
2437 4882 2524 4938 19.
2558 4913 2627 4923 -
2664 4901 2682 4934 ι
2734 4885 2799 4939 Et
2840 4882 3019 4940 factus
3077 4892 3160 4938 est
3186 4898 3367 4939 sermo
3408 4881 3618 4936 Domini

2045 4975 2432 5043 omnipotentis
2485 4974 2552 5028 ad
2594 4989 2679 5029 me
2719 4975 2907 5032 dicens
2959 4995 2972 5030 :
3019 4974 3144 5029 Ilaec
3188 4975 3322 5028 dicit
3355 4973 3618 5028 Dominus

2045 5075 2418 5135 omnipotens:
2443 5063 2718 5134 Jejunium
2743 5066 2947 5136 quarti,
2972 5074 3025 5122 et
3051 5065 3318 5134 jejunium
3339 5066 3537 5134 quinti,
3568 5075 3620 5120 et

2037 5156 2305 5226 jejunium
2329 5154 2570 5224 septimi,
2602 5154 2938 5223 etjejunium
2974 5153 3169 5208 decimi
3197 5162 3358 5208 erunt
3380 5154 3433 5207 in
3460 5153 3622 5210 domo

2041 5247 2192 5304 Juda:
2217 5246 2270 5300 in
2303 5246 2560 5317 gaudium
2581 5253 2636 5301 et
2662 5245 2898 5299 laetitiam
2937 5253 2990 5300 et
3024 5245 3196 5299 bonas
3223 5246 3622 5314 solemnitates;

2042 5347 2097 5394 et
2143 5336 2560 5401 Iaetabimini,et
2600 5338 2886 5390 veritatem
2933 5350 3233 5406 pacemque
3275 5336 3530 5407 diligatis.
3596 5356 3614 5391 ι

2045 5429 2179 5498 Quia
2213 5431 2266 5483 in
2307 5429 2704 5498 superloribus,
2760 5435 2984 5497 propter
3024 5429 3450 5499 alienigenarum
3481 5444 3619 5498 pra:-

2049 5522 2278 5578 sentiam
2297 5535 2437 5590 quos
2461 5520 2701 5589 gentium
2737 5535 2894 5588 reges
2925 5520 3204 5584 miserant,
3237 5520 3621 5588 reprobawrat

2052 5613 2194 5669 Deus
2223 5613 2512 5684 jejunium,
2557 5621 2609 5668 et
2649 5627 2710 5667 ea
2762 5626 2926 5681 opera
2959 5612 3335 5680 substituerat,
3364 5628 3484 5682 qum
3508 5609 3620 5664 ﬁeri
