3992 6232
342 314 441 371 551

1547 306 1899 363 ΊΙΙΕΟΒΟΠΙ
1964 305 2442 363 MOPSUESTENI

3502 302 3608 357 55:}

342 437 591 500 oportere
636 426 914 488 censebat,
969 433 1024 479 ut
1079 440 1208 480 suos
1261 423 1423 479 simul
1475 433 1531 478 et
1575 424 1783 480 alienos
1831 425 1922 494 qui

2041 428 2260 497 λτήσατο
2296 423 2392 493 μὲν
2425 421 2524 492 τὴν
2556 417 2828 490 νηστείαν,
2865 417 3225 486 ἁντεισήγαγε
3263 414 3320 468 δὲ
3352 415 3385 468 ἃ
3414 416 3610 486 χρῆναι

344 521 569 575 aderant
619 518 884 583 erudiret,
932 517 1248 573 necessario
1287 516 1341 570 in
1388 515 1756 585 subsequente
1802 532 1920 569 mo-

344 614 459 667 nito
487 613 564 668 sic
588 613 846 682 loquitur,
877 609 1253 664 demonstrare
1303 610 1489 665 volens
1519 611 1662 663 haud
1700 625 1757 665 sc
1780 609 1924 679 jeju-

346 704 494 757 nium
525 702 847 772 simpliciter
876 701 1212 770 improbaSsc
1231 740 1244 763 ,
1270 701 1363 757 sed
1394 701 1522 754 illud
1551 708 1759 754 tantum
1781 698 1926 770 quod

348 791 646 860 incongrue
679 789 871 843 ﬁebat:
896 804 1055 843 secus
1080 804 1206 844 vero
1230 789 1273 843 si
1296 789 1684 843 convenienter
1713 797 1924 857 agatur,

349 890 481 935 tunc
513 896 573 935 se
604 879 833 934 libenter
857 880 1127 950 excipere.
1159 879 1272 934 lloc
1309 895 1438 950 ergo
1472 870 1546 933 ait
1576 899 1587 933 :
1625 878 1730 935 Vos
1769 889 1927 934 antea

348 987 448 1042 pro
481 971 721 1042 peccatis
753 975 942 1026 vestris
967 988 1090 1026 cum
1126 973 1273 1026 lucttt
1306 973 1663 1043 jejunahatis,
1694 988 1928 1043 quorum

349 1078 515 1117 causa
542 1063 715 1119 tantis
757 1065 988 1133 correpti
1050 1063 1230 1119 fuistis
1280 1066 1727 1119 calamitatibus:
1786 1079 1930 1119 nunc

351 1163 532 1208 autem
605 1154 839 1210 reditum
896 1157 1209 1211 consecutis
1264 1158 1518 1225 Congruit
1571 1157 1724 1211 vobis
1787 1156 1929 1210 haud

350 1262 474 1301 cum
502 1247 649 1301 luctu
677 1246 943 1315 jejunium
977 1264 1261 1319 paragcre,
1293 1249 1387 1304 sed
1415 1249 1647 1303 libenter
1668 1248 1934 1317 jucunde-

352 1356 479 1408 que,
516 1338 654 1394 festo
685 1340 912 1410 dignum
960 1350 1273 1411 reputantes
1322 1342 1612 1411 jejunium;
1676 1343 1801 1412 quia
1832 1358 1932 1398 nos

354 1428 445 1485 Dei
474 1430 807 1500 propinquos
841 1429 1017 1485 facere
1048 1431 1300 1485 idonemn
1348 1440 1450 1486 est.
1507 1431 1729 1486 Decebit
1787 1432 1932 1486 enim

350 1520 716 1590 vosjejunare
742 1523 1003 1585 laetanter,
1021 1522 1065 1575 si
1093 1521 1338 1577 veritatis
1360 1537 1422 1575 ac
1452 1523 1599 1592 pacis
1625 1529 1934 1592 respectum

353 1610 644 1667 habebitis.
664 1614 837 1682 Atque
862 1623 919 1666 nt
941 1612 1193 1667 ostendat
1216 1615 1480 1668 bonorum
1504 1612 1935 1684 magnitudinem

354 1718 586 1770 quorum
618 1705 791 1773 gratia
845 1703 1000 1758 decet
1043 1718 1138 1758 eos
1164 1704 1217 1758 in
1266 1705 1612 1760 solemnitate
1640 1719 1703 1760 ac
1749 1704 1935 1759 laetitia

350 1793 577 1862 jejuniis
605 1795 704 1855 uti,
738 1794 817 1849 sic
851 1796 1231 1864 prosequitur:

2029 513 2362 587 πράττεσθαι
2384 513 2677 578 ἀναγκαῖον
2708 510 2909 579 ἡγεῖτο,
2931 506 3005 569 ὡς
3025 507 3089 558 ἂν
3113 504 3207 558 καὶ
3234 506 3359 568 τοὺς
3382 505 3612 568 οἰκείους

2029 603 2168 656 κατὰ
2197 601 2389 657 ταυτὸν
2434 601 2527 654 καὶ
2560 599 2686 661 τοὺς
2723 595 3037 667 ἀλλοτρίους
3080 594 3350 665 παρόντας
3386 594 3610 648 παιδεύ-

2031 712 2165 757 σειν,
2205 691 2515 760 ἀναγκαίως
2558 688 2695 759 μετὰ
2729 689 2827 758 τὴν
2864 686 2971 739 τῶν
3001 685 3235 754 καθεξῆς
3266 684 3612 739 διδασκαλίαν

2030 787 2223 854 ἐπάγει
2258 785 2437 849 ταυτὶ,
2470 783 2639 846 δεῖξαι
2683 780 3003 852 βουλόμενος
3026 780 3100 842 ὡς
3132 779 3192 831 οὗ
3239 780 3337 850 τὴν
3362 768 3614 849 νηστείαν

2030 876 2217 940 ἁπλῶς
2264 877 2640 945 παραιτεῖται,
2694 876 2767 943 (p.
2818 871 2941 941 490)
2983 869 3098 924 ἀλλ’
3143 872 3220 924 ὅτ’
3261 872 3326 924 ἂν
3362 871 3613 941 γίγνηται

2036 970 2109 1040 μὴ
2137 970 2384 1030 δεόντως.
2438 968 2500 1020 Et
2542 966 2597 1019 δὲ
2648 966 2785 1036 μετὰ
2815 965 2908 1017 τοῦ
2950 966 3320 1036 προσήκοντος
3353 965 3612 1032 γίγνοιτο,

2033 1062 2129 1115 καὶ
2171 1060 2312 1131 μάλα
2360 1076 2424 1128 γε
2473 1059 2640 1123 αὐτὴν
2680 1056 3001 1127 ἀποδέχεται
3043 1056 3406 1126 γιγνομένην·
3460 1056 3617 1110 τοῦτο

2032 1154 2211 1207 τοίνυν
2247 1152 2408 1223 φησὶν
2452 1151 2553 1213 ὅτι,
2582 1148 2849 1220 Πρότερον
2902 1147 3000 1217 μὲν
3045 1147 3184 1218 ὑπὲρ
3218 1146 3327 1199 τῶν
3358 1148 3616 1219 ἁμαρτη-

2039 1248 2221 1317 μάτων
2253 1242 2603 1313 νηστεύοντες
2627 1240 2901 1293 ἐπενθεῖτε
2936 1239 3044 1292 τῶν
3077 1238 3313 1303 οἰκείων,
3363 1239 3503 1308 ὑπὲρ
3542 1233 3616 1291 ὧν

2034 1335 2098 1406 δὴ
2129 1336 2219 1389 καὶ
2240 1333 2526 1395 τοσαύταις
2542 1328 2637 1402 ἦτε
2660 1330 3111 1401 περιϐεϐλημένοι
3129 1331 3249 1391 ταῖς
3277 1332 3585 1401 συμφοραῖς
3601 1345 3614 1357 °

2036 1426 2131 1481 νῦν
2172 1427 2228 1479 δὲ
2275 1425 2461 1495 ἐπειδὴ
2508 1425 2605 1494 τῆς
2654 1423 2911 1477 ἐπανόδου
2948 1424 3306 1492 τετυχήκατε,
3347 1422 3618 1492 ἁρμόττον

2037 1522 2120 1591 εἴη
2157 1520 2222 1573 ἂν
2252 1519 2380 1588 ὑμῖν
2415 1516 2597 1570 πένθει
2631 1516 2869 1587 μετιέναι
2902 1515 3001 1585 τὴν
3033 1514 3305 1585 νηστείαν,
3335 1514 3469 1567 ἀλλά
3502 1514 3618 1583 μεθ’

2037 1611 2230 1683 ἡδονῆς
2273 1628 2331 1663 τε
2368 1610 2459 1664 καὶ
2504 1606 2860 1680 εὐφροσύνης,
2907 1608 3100 1679 ἑορτῆς
3143 1607 3290 1674 ἄξιον
3319 1607 3620 1679 τιθεμένοις

2036 1700 2098 1753 τὸ
2118 1698 2399 1771 νηστεύειν
2434 1698 2506 1763 ὡς
2550 1696 2819 1769 αὔταρκες
2854 1697 2911 1750 ὅν
2941 1697 3173 1751 οἰκειοῦν
3201 1698 3319 1769 Θεῷ
3344 1714 3357 1729 ·
3391 1699 3617 1770 ἁρμόσει

1974 1781 2020 1839 Β
2048 1794 2158 1865 γὰρ
2191 1793 2319 1862 ὑμῖν
2372 1790 2431 1844 τὸ
2468 1790 2583 1861 μεθ’
2626 1789 2817 1860 ἡδονῆς
2862 1788 3163 1861 νηστεύειν,
3195 1793 3242 1844 εί
3278 1790 3532 1862 ἀληθείας
3565 1807 3621 1843 τε

356 1886 450 1937 καὶ
474 1887 695 1957 εἰρήνης
726 1887 965 1939 ποιοῖσθε
1001 1888 1177 1954 λόγον.
1213 1887 1321 1941 Καὶ
1354 1889 1567 1951 δεικνὺς
1596 1889 1703 1942 τῶν
1735 1887 1954 1957 ἀγαθῶν
1984 1888 2043 1941 τὸ
2085 1886 2315 1958 μέγεθος
2360 1883 2443 1954 ἐφ’
2484 1876 2567 1947 οἷς
2620 1883 2891 1953 προσῆκεν
2934 1883 3130 1947 αὐτοὺς
3170 1882 3523 1955 ἐορτάζοντάς
3564 1898 3622 1936 τε

356 1978 452 2029 καὶ
487 1977 943 2049 εὐφραινομένους
972 1979 1206 2049 χρῆσθαι
1234 1982 1353 2044 ταῖς
1381 1980 1679 2049 νηστείαις,
1712 1981 1926 2050 ἐπάγει’

428 2067 592 2124 Vens.
621 2069 814 2125 20-23.
852 2071 1018 2141 328
1038 2101 1106 2110 —
1136 2088 1155 2123 ι
1192 2071 1317 2127 Haec
1350 2072 1426 2127 ait
1454 2072 1718 2129 Dominus
1759 2073 1938 2129 omni-

359 2169 589 2232 potens:
622 2161 815 2218 Adhuc
848 2165 1064 2217 venient
1099 2164 1284 2234 pepuli
1317 2165 1494 2228 multi,
1516 2174 1571 2221 et
1601 2166 1939 2222 habitatores

357 2252 576 2306 urbium
600 2254 913 2307 multarum.
940 2254 1003 2307 Et
1025 2256 1118 2325 qui
1149 2254 1398 2309 habitant
1424 2272 1586 2310 unam
1612 2254 1940 2311 convenient

359 2341 429 2395 ad
461 2342 683 2398 alteram
720 2344 1028 2409 civitatem,
1067 2345 1312 2401 dicentes
1357 2365 1369 2400 :
1405 2346 1610 2401 Euntes
1658 2362 1848 2403 eatuus
1881 2358 1941 2402 ut

358 2438 713 2509 deprecemur
763 2438 955 2493 faciem
1008 2436 1245 2503 Domini,
1301 2447 1359 2493 ttt
1408 2455 1715 2510 qttazramns
1746 2440 1939 2495 faciem

364 2529 577 2584 Domini
611 2530 1023 2601 omnipotentis.
1050 2529 1276 2600 Pergam
1308 2540 1361 2585 et
1389 2546 1508 2602 ego.
1543 2552 1562 2584 ι
1595 2529 1679 2585 Nil
1714 2532 1938 2596 mirum,

360 2620 560 2690 inquit,
591 2620 702 2674 hrcc
725 2620 865 2690 apud
907 2635 1004 2675 vos
1062 2621 1397 2691 contingere,
1449 2621 1718 2691 siquidem
1783 2620 1941 2675 multi

361 2712 678 2781 alienigenae
715 2711 946 2767 diversis
970 2713 1023 2766 in
1058 2712 1283 2767 urbibus
1314 2711 1644 2776 habitantes,
1684 2728 1750 2767 ex
1806 2728 1943 2766 una-

363 2819 579 2873 quaque
597 2805 730 2858 urbe
760 2805 813 2857 in
847 2819 1015 2858 unum
1038 2805 1263 2857 coibunt
1295 2821 1310 2859 :
1339 2805 1410 2858 ita
1433 2801 1938 2867 enitnlvaletdictio,

366 2913 388 2946 ι
425 2895 528 2961 Qui
556 2894 803 2949 habitant
837 2893 1372 2961 unam,couvenient
1399 2895 1465 2948 ad
1499 2895 1723 2947 alteram
1752 2896 1945 2949 civita-

363 2996 494 3042 tem.
529 3004 547 3037 t
579 2984 645 3038 Hi
667 2985 988 3040 excitabunt
1016 2995 1314 3054 mutuoque
1340 2985 1710 3040 hortabuntnr
1736 2986 1803 3040 ad
1839 2986 1944 3043 huc

364 3077 795 3141 adventandnm,
822 3087 879 3131 ut
897 3085 949 3130 et
971 3077 1073 3147 ipsi
1104 3079 1155 3133 in
1192 3077 1400 3134 orando
1426 3076 1539 3131 Deo
1566 3086 1938 3147 perseverent,

365 3176 528 3236 atque
590 3167 658 3219 ah
708 3181 774 3220 eo
819 3167 1100 3233 quodlibet
1148 3167 1349 3221 bonum
1390 3174 1733 3237 exspectent.
1758 3165 1946 3233 Quare

366 3259 687 3313 alterutrum
732 3258 1087 3312 hortabuntut
1132 3258 1879 3336 dicenteschcrgametego;
1910 3281 1928 3313 ι

2112 2065 2259 2135 Στίχ.
2287 2064 2476 2132 ιε’-κγ’.
2500 2093 2567 2103 -
2598 2081 2613 2113 ι
2640 2061 2779 2115 Τάδε
2803 2062 2949 2130 λέγει
2976 2062 3176 2133 Κύριος
3198 2064 3619 2138 παντοκράτωρ·

2045 2162 2165 2215 Ἔτι
2194 2159 2383 2230 ἥξουσι
2402 2155 2521 2209 λαοὶ
2554 2154 2756 2217 πολλοὶ,
2775 2155 2868 2208 καὶ
2884 2154 3262 2219 κατοικοῦντες
3292 2156 3473 2221 πόλεις
3492 2160 3624 2211 πολ-

2039 2251 2171 2316 λάς’
2227 2250 2321 2305 καὶ
2365 2246 2771 2301 συνελεύσονται
2799 2245 3179 2311 κατοικοῦντες
3212 2248 3343 2319 μίαν
3384 2251 3464 2313 εἰς
3496 2253 3625 2321 μίαν

2043 2341 2196 2395 πόλιν
2226 2339 2336 2411 (66)
2364 2339 2634 2407 λέγοντες,
2689 2337 3053 2410 Πορευθῶμεν
3097 2340 3451 2412 πορευόμενοι
3503 2343 3625 2411 δεηο

2044 2433 2204 2505 θῆναι
2231 2433 2327 2486 τοῦ
2358 2430 2651 2502 προσώπου
2682 2430 2908 2500 Κυρίου,
2932 2431 3025 2483 καὶ
3052 2431 3348 2503 ὲκζητῆσαι
3379 2433 3437 2486 τὸ
3459 2435 3626 2505 πρόσ-

2045 2543 2191 2579 ωπον
2232 2523 2439 2595 Κυρίου
2478 2522 2949 2593 παντοκράτοροςο
3001 2523 3337 2594 πορεύσομαι
3386 2525 3562 2594 κάγώ.
3604 2548 3620 2578 ο

2043 2618 2368 2688 Θαυμαστὸν
2397 2618 2503 2687 γὰρ
2538 2616 2721 2679 οὐδὲν,
2764 2616 2949 2685 φησιν,
2993 2617 3042 2669 εί
3075 2618 3206 2687 παρ’
3236 2618 3388 2687 ὑμῶν
3426 2619 3627 2688 γίνοιτο

2043 2712 2236 2775 ταῦτα,
2268 2712 2402 2765 ὅπου
2429 2727 2490 2779 γε
2536 2709 2719 2762 πολλοὶ
2748 2710 2840 2763 καὶ
2874 2709 2980 2763 τῶν
3019 2710 3314 2783 ἀλλοτρίων
3352 2714 3410 2765 ἐν
3442 2714 3627 2782 διαφό-

2048 2820 2161 2873 ροις
2188 2803 2406 2856 πόλεσιν
2440 2800 2733 2864 οἰκοῦντες,
2770 2801 2861 2855 ἐπὶ
2907 2803 3101 2856 ταυτὸν
3140 2805 3231 2873 ἀφ’
3266 2806 3501 2875 ἑκάστης
3526 2808 3626 2858 πός

2044 2895 2178 2958 λεως
2206 2895 2487 2963 γεγονότες
2507 2913 2520 2927 υ
2553 2894 2711 2949 τοῦτο
2741 2898 2847 2966 γὰρ
2883 2895 3031 2964 λέγει
3057 2896 3140 2961 τὸ,
3166 2917 3182 2947 ι
3209 2897 3627 2952 Συνελεύσονται

2045 2985 2426 3047 κατοικοῦντες
2479 2986 2605 3055 μίαν
2652 2988 2731 3049 εἰς
2772 2987 2897 3056 μίαν
2933 2986 3104 3041 πόλιν.
3139 3006 3157 3039 ι
3207 2991 3520 3060 Διεγεροῦσι
3570 2991 3627 3045 δὲ

2045 3076 2139 3128 καὶ
2171 3076 2567 3147 προτρέψονται
2594 3076 2854 3147 ἀλλήλους
2904 3079 2982 3139 είς
3020 3077 3117 3150 τὴν
3144 3077 3377 3132 ἐνταῦθα
3425 3098 3632 3151 παρουο

2048 3168 2189 3229 σίαν,
2229 3167 2303 3231 ὡς
2355 3168 2421 3221 ἂν
2457 3168 2553 3221 καὶ
2604 3168 2756 3220 αὐτοὶ
2797 3168 3099 3240 διαμένοιέν
3149 3186 3207 3222 τε
3252 3169 3495 3241 δεόμενοι
3536 3174 3627 3226 τοῦ

2045 3258 2200 3323 Θεοῦ,
2239 3260 2332 3313 καλ⁸
2354 3260 2481 3333 παρ’
2512 3260 2676 3314 αὑτοῦ
2715 3264 2821 3313 πᾶν
2853 3263 2882 3315 ὅ
2910 3279 2963 3314 τι
3001 3262 3361 3333 ἀναμένοντες
3389 3265 3592 3333 ἀγαθόν
3612 3283 3624 3295 ·

365 3351 546 3419 idest,
571 3351 958 3420 Unusquisque
1002 3351 1291 3406 sedulitate
1343 3350 1408 3406 ad
1442 3352 1753 3421 hujusmodi
1806 3367 1937 3422 opus

2048 3349 2177 3404 ὥσθ’
2239 3351 2470 3405 ’ἑκαστον
2527 3352 2969 3422 προτρεπόμενον
3029 3353 3117 3406 τὸν
3183 3354 3370 3425 ἕτερον
3414 3355 3628 3424 λέγειν,

365 3450 546 3506 utens,
608 3442 675 3496 ad
725 3457 823 3512 par
853 3443 1091 3497 studium
1144 3454 1368 3499 (ueteres
1401 3458 1617 3513 quoque
1662 3444 1941 3500 excitabit.

365 3531 569 3588 Deinde
602 3532 753 3597 dicit,
788 3534 1055 3604 plurimos
1088 3550 1150 3590 ex
1182 3536 1369 3592 multis
1399 3536 1741 3605 diversisque
1771 3535 1947 3606 genti-

362 3624 467 3681 bus
497 3632 815 3681 vcntaturos
860 3625 1200 3683 Hierusalem
1256 3626 1426 3683 Deum
1473 3628 1819 3698 propitiaturi
1850 3643 1946 3697 pro

362 3718 602 3787 peccatis
636 3717 772 3781 suis.
814 3726 868 3773 et
920 3718 985 3772 de
1022 3720 1267 3789 qualibet
1310 3719 1556 3790 ipsorum
1618 3720 1948 3775 necessitate

363 3810 730 3880 deprecaturi.
760 3809 882 3865 Mox
914 3811 1065 3867 addit
1098 3834 1110 3866 :
1144 3832 1162 3864 ι
1211 3811 1337 3868 Haec
1367 3813 1444 3866 ait
1470 3813 1733 3869 Dominus
1763 3813 1945 3867 enmi-

365 3906 559 3969 potens
602 3897 848 3954 :Diebus
903 3900 1011 3954 illis
1051 3902 1458 3973 apprehendent
1490 3903 1678 3957 decem
1733 3902 1833 3955 viri
1879 3918 1946 3957 ex

365 3988 610 4043 omnium
657 3990 898 4057 gentium
943 3990 1165 4061 linguis,
1211 3991 1639 4061 apprehendent,
1699 3995 1943 4060 inquam,

366 4084 636 4140 ﬁmbriam
675 4084 777 4138 viri
839 4082 1010 4139 Judaei
1050 4086 1342 4141 dicentes:
1396 4086 1690 4141 Venicmus
1742 4098 1944 4148 tecum,

366 4175 492 4246 quia
529 4174 834 4229 audivimus
869 4174 1035 4228 Deum
1067 4175 1346 4231 vobiscum
1382 4192 1525 4232 esse.
1556 4196 1574 4229 ι
1634 4175 1785 4231 Adeo
1825 4176 1950 4230 illu—

369 4278 536 4322 strem
562 4264 722 4319 faciet
760 4263 1116 4333 reliquiarum
1147 4261 1364 4321 lsraelis
1399 4266 1658 4331 reditum,
1696 4274 1754 4319 ut
1790 4266 1945 4320 multi

367 4358 599 4415 diversis
619 4357 838 4414 oriundi
867 4357 1142 4426 gentibus,
1164 4364 1218 4412 et
1248 4356 1396 4412 illius
1425 4358 1755 4413 calamitatis
1782 4358 1950 4427 parti-

366 4449 539 4519 cipes,
571 4449 948 4505 animadversa
983 4448 1073 4505 Dei
1102 4464 1229 4517 erga
1278 4450 1531 4519 populum
1561 4466 1719 4505 suum
1764 4452 1949 4520 provi-

367 4539 573 4601 dentia,
610 4541 951 4611 apprehenso
974 4541 1216 4611 ipsorum
1243 4538 1510 4606 quolibet,
1537 4553 1602 4592 eo
1626 4538 1764 4595 duce
1788 4547 1947 4592 utan-

2051 3442 2126 3509 (p.
2164 3438 2288 3507 49!)
2320 3457 2339 3490 ι
2377 3440 2720 3510 Πορεύσομαι
2741 3440 2915 3509 κάγὼ,
2953 3462 2969 3494 ι
2998 3443 3084 3496 ἴνα
3115 3443 3263 3515 εἴπῃ,
3288 3444 3367 3497 ὅτι
3400 3446 3629 3511 ἕκαστος

2051 3531 2328 3603 προθυμία
2358 3536 2427 3604 τῇ
2456 3533 2584 3604 περὶ
2620 3532 2681 3586 τὸ
2730 3536 2964 3604 πρᾶγμα
3007 3537 3378 3606 κεχρημένος,
3427 3540 3519 3591 ἐπὶ
3561 3541 3628 3594 τὰ

2046 3624 2205 3693 ὅμοια
2229 3624 2463 3696 διεγερεῖ
2481 3625 2575 3677 καί⁵
2596 3624 2721 3689 τοὺς
2750 3625 2960 3690 ἄλλους⁸
2995 3622 3111 3680 εἶτα
3135 3629 3217 3681 ὅτι
3240 3628 3479 3684 πλεῖστοι
3513 3633 3629 3686 ὅσοι

2047 3715 2113 3768 ἐκ
2144 3715 2354 3769 πολλῶν
2400 3718 2495 3770 καὶ
2537 3716 2810 3788 διαφόρων
2856 3718 3025 3771 ἐθνῶν
3057 3715 3386 3790 παρέσονται
3413 3724 3493 3787 εἰς
3527 3725 3627 3796 τὴν

2058 3806 2418 3877 Ἰερουσαλὴμ
2462 3807 2827 3879 ὲξιλεούμενοί
2853 3826 2914 3862 τε
2958 3810 3016 3863 τὸ
3046 3810 3202 3867 Θείον
3231 3813 3323 3866 ἐπὶ
3353 3815 3471 3877 ταῖς
3501 3817 3629 3870 ἐαυ-

2047 3898 2160 3951 τῶν
2193 3900 2510 3971 ἁμαρτίαις,
2563 3901 2655 3953 καὶ
2682 3902 2789 3953 πᾶν
2822 3901 2943 3954 ὅτου
2971 3900 3034 3955 ἂν
3064 3902 3268 3956 δέοιντο
3300 3907 3435 3976 παρ’
3462 3908 3629 3960 αὐτοῦ

2048 3987 2359 4059 ζητοῦντες.
2412 3986 2505 4053 Οἷς
2531 3992 2759 4061 ἐπάγει’
2800 4012 2817 4044 ι
2840 3994 2975 4047 Τάδε
3008 3993 3153 4064 λέγει
3184 3996 3386 4068 Κύριος
3431 4016 3629 4054 παντο-

2048 4084 2269 4155 κράτωρ
2290 4102 2303 4115 ο
2341 4084 2427 4137 Ἐν
2456 4087 2571 4149 ταῖς
2600 4087 2833 4157 ἡμέραις
2860 4087 3097 4152 ἐκείναις
3116 4090 3471 4162 ἐπιλήψονται
3498 4095 3630 4148 δέκα

2046 4170 2234 4243 ἀνδρες
2291 4174 2356 4224 ὲκ
2394 4175 2585 4227 πασῶν
2625 4174 2769 4246 [τῶν
2799 4173 3094 4248 γλωσσῶν]
3140 4176 3248 4229 τῶν
3293 4177 3483 4239 ἐθνῶν,
3537 4182 3632 4234 καὶ

2046 4264 2397 4335 ἐπιλήψονται
2444 4266 2539 4320 τοῦ
2579 4267 2885 4338 κρασπέδου
2915 4268 3105 4338 ἀνδρὸς
3156 4268 3414 4322 Ἰουδαίου
3447 4268 3631 4339 λέγον-

2045 4374 2155 4421 τος,
2206 4359 2591 4429 Πορευσόμεθα
2639 4359 2777 4430 μετὰ
2819 4360 2935 4426 σοῦ,
2972 4348 3106 4413 διότι
3146 4361 3465 4433 ἀκηκόαμεν
3489 4362 3630 4417 ὅτιὸ

2047 4448 2178 4513 Θεὸς
2202 4449 2319 4520 μεθ’
2348 4451 2499 4522 ὑμῶν
2530 4453 2698 4505 ἐστιν.
2731 4472 2749 4504 ι
2782 4452 2939 4506 Οὕτω
2960 4453 3067 4524 γὰρ
3093 4453 3353 4523 λαμπρὰν
3372 4454 3480 4506 τῶν
3504 4455 3635 4507 ὐπο-

2047 4539 2384 4611 λειπομένων
2414 4543 2699 4614 ποιήσεται
2728 4542 2860 4607 Θεὸς
2889 4544 2987 4616 τὴν
3017 4544 3295 4609 ἐπάνοδον,
3327 4543 3468 4597 ὥστε
3502 4543 3632 4596 πολ⁴

367 4636 459 4683 tur
491 4629 698 4683 reditus
729 4627 794 4681 ad
832 4630 1018 4683 urbem
1073 4627 1435 4693 Hierusalem,
1467 4629 1686 4684 cunctis
1718 4630 1849 4684 satis
1879 4627 1937 4681 ad

2044 4633 2170 4697 λοὺς
2200 4635 2262 4686 ἐκ
2286 4632 2559 4703 διαφόρων
2578 4635 2737 4698 ὄντας
2769 4634 2939 4688 ἐθνῶν
2971 4637 3064 4689 καὶ
3091 4636 3189 4706 τῆς
3225 4637 3509 4707 συμφορᾶς
3539 4652 3632 4693 x3:

369 4722 422 4776 id
458 4720 745 4775 concitatis
772 4736 839 4775 ex
858 4720 1094 4775 evidenti
1128 4719 1353 4775 notione
1406 4720 1548 4789 Quod
1607 4720 1763 4775 vobis
1807 4720 1937 4774 adsit

2046 4726 2443 4796 κοινωνηκότας
2466 4727 2698 4799 ἐκείνης,
2722 4728 3092 4798 θεασαμένους
3109 4727 3201 4780 τοῦ
3222 4727 3362 4780 Θεοῦ
3387 4727 3482 4798 τὴν
3505 4728 3635 4797 περὶ

368 4813 533 4879 Deus,
568 4819 710 4867 teste
764 4826 989 4882 operum
1053 4826 1179 4881 erga
1207 4826 1305 4867 vos
1342 4811 1710 4866 mirabilitate.
1737 4809 1937 4865 Etenin

2044 4814 2133 4867 τὸν
2153 4814 2279 4867 λαὸν
2303 4816 2660 4887 κηδεμονίαν,
2687 4818 3044 4872 ἐπιλαϐέσθαι
3072 4836 3129 4871 τε
3158 4821 3281 4872 ὅτου
3305 4819 3502 4890 δήποτε
3527 4818 3635 4871 τῶν

372 4909 475 4961 hoc
504 4907 666 4961 etiam
704 4905 828 4959 loco
863 4900 1251 4957 «decemviros
1270 4921 1286 4951 ι
1307 4898 1526 4954 haudde
1540 4914 1773 4955 numero
1796 4901 1930 4956 dicit

2043 4906 2104 4972 ἐξ
2134 4906 2331 4969 αὐτῶν,
2354 4908 2449 4959 καὶ
2472 4908 2760 4981 ἡγουμένῳ
2783 4911 3092 4981 χρήσασθαι
3114 4911 3307 4980 ἐκείνῳ
3323 4913 3402 4974 είς
3422 4912 3519 4980 τὴν
3543 4914 3636 4965 ἐπὶ

370 4998 464 5053 sed
489 5006 578 5052 utr
596 4995 800 5050 multos
818 4990 1136 5064 isigniﬁcet.
1152 4987 1292 5042 Exin
1315 4995 1579 5042 memorat
1605 4995 1792 5057 gentes
1833 5004 1937 5057 qua

2045 4996 2140 5067 τὴν
2184 4996 2540 5068 Ἰερουσαλὴμ
2577 4999 2833 5054 ἐπάνοδον
2872 4999 3293 5071 διεγειρομένων
3344 5002 3636 5072 αὐτάρκως

372 5091 465 5145 Dei
500 5091 696 5144 timore
724 5088 796 5141 ita
829 5100 887 5140 se
911 5090 1121 5155 gerent,
1146 5090 1258 5136 tum
1291 5091 1344 5137 et
1367 5082 1501 5136 alias
1532 5096 1653 5151 qua:
1671 5081 1740 5135 ob
1761 5095 1937 5149 super-

2046 5085 2301 5140 ὰπάντων
2332 5089 2425 5141 ἐπὶ
2462 5087 2636 5159 τούτο⁴
2660 5093 2723 5144 ἐκ
2750 5091 2844 5145 τοῦ
2875 5090 3076 5160 γνῶσιν
3100 5091 3300 5161 ἀκριϐῆ
3332 5092 3518 5145 λαϐεῖν
3540 5092 3634 5145 τοῦ

373 5182 517 5236 Diam
545 5196 698 5236 suam
728 5178 927 5232 nullius
950 5175 1101 5246 pensi
1135 5188 1249 5227 rem
1280 5172 1423 5227 hanc
1480 5173 1779 5227 habebunt.
1817 5171 1937 5226 Pro-

2049 5176 2166 5247 μεθ’
2195 5177 2348 5248 ὑμῶν
2372 5175 2511 5232 εἶναι
2536 5182 2627 5232 τὸν
2648 5181 2781 5234 Θεὸν
2805 5181 2892 5235 διὰ
2918 5182 3012 5235 τοῦ
3042 5183 3347 5254 παραδόξου
3374 5183 3483 5235 τῶν
3510 5182 3637 5253 περὶ

375 5282 562 5344 pterea
587 5272 753 5326 dicit:

2047 5269 2191 5340 ὑμᾶς
2216 5272 2516 5342 γινομένων
2538 5290 2548 5304 ·
2576 5276 2669 5327 καὶ
2685 5275 2794 5344 γὰρ
2817 5276 3095 5330 κάνταῦθα
3116 5277 3176 5329 τὸ
3197 5296 3215 5329 ι
3242 5277 3375 5331 δέκα
3391 5277 3583 5346 ἄνδρες
3613 5295 3633 5327 ι

373 5364 475 5417 οὐκ
502 5363 594 5415 ἐπὶ
626 5359 843 5433 ἀριθμῷ
871 5359 1039 5427 λέγει,
1072 5356 1186 5410 ἀλλ’
1232 5355 1321 5407 ἵνα
1362 5354 1489 5424 εἴπῃ
1531 5353 1763 5411 «πολλοί,
1811 5373 1828 5405 ι
1867 5348 1999 5408 Εἶτα
2036 5355 2308 5424 μέμνηται
2343 5353 2451 5406 τῶν
2495 5355 2555 5407 ἐν
2592 5358 2705 5418 τοῖς
2748 5355 2923 5407 ἔθνεσι
2966 5354 3073 5407 τῶν
3118 5354 3217 5420 μὲν
3247 5356 3632 5425 ἐργασομένων

382 5455 532 5511 τοῦτο
548 5453 656 5507 δέει
684 5450 777 5504 τοῦ
795 5450 950 5517 Θεοῦ,
980 5450 1087 5504 τῶν
1119 5449 1177 5503 δὲ
1205 5448 1270 5502 δι’
1302 5448 1600 5517 ὑπεροψίαν
1631 5449 1689 5501 οὐ
1721 5449 2101 5519 ποιησαμένων
2133 5450 2322 5504 τούτου
2348 5451 2523 5520 λόγον.
2566 5452 2657 5503 Διὸ
2679 5448 2832 5517 φησί·

446 5586 669 5663 (66)__|ta
698 5582 971 5639 Theodori
1000 5584 1172 5663 codex
1203 5581 1292 5663 hic
1318 5590 1373 5638 et
1392 5582 1556 5663 intra,
1593 5585 1937 5663 consentiens

2049 5585 2232 5663 πόλεις
2276 5587 2358 5649 εἰς
2388 5583 2569 5663 μίαν..
2754 5585 2808 5663 in
2842 5579 3222 5663 (intnpmtensi
3260 5576 3413 5635 deest
3446 5574 3634 5637 πέντε,

320 5704 321 5707 η
379 5652 503 5716 cum
541 5652 789 5712 'Hebraao
832 5663 887 5708 et
919 5653 1169 5729 antiquis
1226 5654 1636 5729 interpretibus:
1699 5655 1950 5729 Attamen
2049 5659 2193 5729 quod
2224 5652 2406 5714 tamen
2435 5652 2646 5725 legebat
2678 5653 2851 5708 Arabs
2875 5654 3168 5723 intcrprts.

378 5730 600 5788 Caecus
625 5736 828 5791 textus,
860 5723 1025 5779 etiam
1053 5723 1366 5792 Vaticanus,
1384 5723 1763 5789 κατοικοῦντες
1793 5723 1937 5779 πέντε
