3992 6232
326 237 438 295 555

982 361 1136 414 ΚΕΦ.
1175 357 1250 412 α.

403 456 553 528 Στίχ.
584 455 723 510 α’-δ’.
750 485 819 497 -—
843 473 862 506 ι
880 454 1083 525 Λῆμμα
1107 452 1262 521 λόγου
1279 449 1478 522 Κυρίου
1506 451 1562 503 ἐν
1591 451 1662 520 γῇ
1679 447 1890 518 Ἐδράχ·

323 551 424 604 καὶ
447 546 736 618 Δαμασκδς
763 545 920 598 θυσία
954 543 1115 598 αὑτοῦ
1135 560 1149 573 ο
1203 542 1334 596 διότι
1364 541 1565 612 Κύριος
1606 541 1774 610 ἐφορᾷ
1804 539 1896 590 av-

327 639 586 709 θρώπους
627 637 719 691 καὶ⁸
767 637 943 698 πάσας
984 634 1155 705 φυλάς
1185 631 1278 685 τοῦ
1314 631 1546 702 Ἰσραὴλ,
1589 630 1682 682 καὶ
1718 628 1893 699 ’Ῑίμάθ

324 731 392 782 ἐν
419 732 530 792 τοῖς
557 728 724 798 ὁρίοις
761 725 950 795 αὐτῆς.
975 745 992 776 ι
1033 723 1378 795 Δαμασκηνοὶ
1422 722 1518 792 μὲν
1547 721 1673 790 γὰρ,
1709 719 1892 789 φησὶν,

322 823 471 876 οἵτε
511 822 610 892 τῆς
664 819 858 898 Ἐδράχ
893 818 985 870 καὶ
1030 817 1127 887 τῆς
1165 815 1354 886 Ἐμάθ,
1393 813 1527 885 μετά
1560 812 1755 882 πολλῆς
1797 814 1895 882 τῆς

330 916 567 984 σπουδῆς
606 912 937 985 προσάξουσι
977 910 1054 980 τῷ
1080 910 1197 981 Θεῷ
1232 910 1419 972 Θυσίας
1445 910 1519 972 ὡς
1560 907 1626 961 ἂν
1651 907 1894 978 Δεσπότῃ

323 1007 422 1061 τοῦ
457 1005 676 1070 παντὸς,
728 1004 802 1074 (p.
839 1003 963 1071 492)
1000 1002 1093 1055 καὶ
1137 1003 1232 1071 μὲν
1271 999 1585 1070 ἀνθρώπους
1633 997 1892 1066 ἐφορῶντι

323 1098 404 1161 ὡς
444 1097 508 1150 ἂν
544 1096 679 1167 ἔργα
706 1112 764 1147 τε
799 1095 892 1147 καὶ
924 1093 1139 1155 οἰκέτας
1175 1092 1357 1154 ἰδίους,
1396 1091 1666 1161 ἐξαίρετον
1710 1090 1764 1141 δὲ
1807 1089 1894 1142 νέ⁶

330 1205 487 1258 μοντι
515 1188 612 1257 τὴν
632 1185 953 1258 κηδεμονίαν
978 1184 1055 1255 τῷ
1089 1183 1321 1254 Ἰσραήλ.
1343 1201 1360 1234 ι
1389 1182 1561 1252 Τύρος
1592 1182 1684 1233 καὶ
1703 1179 1888 1243 Σιδὼν,

325 1281 408 1333 ὅτι
433 1278 736 1349 ἐφρόνησαν
759 1276 959 1346 σφόδρα
975 1293 989 1306 ο
1015 1276 1106 1329 καὶ
1125 1274 1431 1345 ᾠκοδόμησε
1447 1273 1618 1342 Τύρος
1633 1271 1891 1342 ὀχύρωμα

326 1369 518 1438 αὐτῆς,
555 1367 649 1420 καὶ
681 1365 1036 1436 ὲθησαύρισεν
1070 1364 1328 1436 ἀργύριον
1363 1363 1436 1426 ώς
1467 1361 1613 1432 χοῦν,
1641 1362 1732 1414 καὶ
1765 1377 1892 1430 χρυ-

328 1460 441 1512 σίον
469 1459 546 1521 ώς
572 1456 741 1528 πηλὸν
771 1455 924 1510 ὁδῶν.
961 1455 1060 1509 Διά
1085 1455 1241 1508 τοῦτο
1271 1454 1472 1525 Κύριος
1501 1452 1890 1523 κληρονομήσει

324 1553 544 1616 αὐτοὺς,
575 1551 668 1604 καὶ
697 1549 919 1616 κατάξει
944 1549 1022 1612 είς
1042 1547 1311 1601 Θάλασσαν
1339 1547 1434 1617 τὴν
1456 1545 1680 1615 δύναμιν
1700 1545 1887 1615 αὐτῆς,

325 1644 422 1696 καὶ
455 1644 592 1712 αὑτὴ
624 1644 679 1696 ἐν
718 1641 852 1710 πυρὶ
887 1639 1414 1708 καταναλωθήσεται.
1439 1657 1457 1688 ι
1497 1636 1681 1707 Τύριοι
1709 1636 1888 1705 μέντοι

327 1737 424 1789 καὶ
452 1736 686 1788 Σιδώνιοι
725 1734 910 1805 ἐπειδὴ
949 1732 1167 1802 μεγάλῳ
1213 1732 1542 1804 χρησάμενοι
1583 1730 1660 1800 τῷ
1688 1730 1889 1799 φρονή-
1920 1726 1961 1779 Β

329 1846 463 1898 ματι
484 1827 758 1898 ὑπερεῖδον
783 1829 881 1896 τῆς
905 1826 1042 1894 ἐμῆς
1081 1824 1392 1894 θεραπείας,
1427 1823 1519 1876 καὶ
1547 1823 1735 1892 ἀρκεῖν
1763 1822 1888 1873 ἐαυσ

323 1923 440 1982 τοῖς
462 1920 776 1990 νομίσαντες
802 1918 897 1987 τῆς
930 1917 1037 1969 τῶν
1059 1916 1250 1985 τειχῶν
1282 1915 1684 1984 ἐπεμελήσαντο
1713 1913 1889 1980 ἀσφα-

323 2011 494 2075 λείας,
517 2011 713 2082 χρυσόν
740 2027 799 2062 τε
829 2010 922 2061 καὶ
952 2008 1187 2079 ἄργυρον
1222 2006 1390 2077 πηλοῦ
1424 2005 1575 2070 δίκην
1603 2003 1888 2072 ἀθροίσαν-

321 2125 432 2172 τες,
465 2107 725 2176 ἀνάλογον
756 2107 853 2177 τῆς
880 2107 1132 2167 ἀπονοίας
1161 2104 1259 2174 τῆς
1286 2105 1490 2166 οἰκείας
1525 2102 1762 2166 δέξονται
1791 2105 1888 2172 τὴν

318 2199 619 2271 τιμωρίαν·
679 2200 934 2270 κτήσεται
968 2196 1075 2266 γάρ
1122 2196 1314 2257 αὐτοὺς
1343 2197 1370 2246 ό
1410 2194 1540 2256 Θεὸς
1581 2194 1674 2246 καὶ
1705 2212 1890 2247 ταπει-

320 2294 482 2346 νώσει
517 2292 722 2354 πάντας
751 2291 963 2354 αὐτοὺς,
995 2287 1221 2357 ἐγγύθεν
1255 2287 1388 2356 οὔσῃ
1416 2288 1478 2355 τῇ
1514 2285 1758 2358 Θαλάσσῃ
1783 2288 1890 2338 πά-

323 2399 425 2436 σαν
454 2381 632 2435 αὐτῶν
665 2380 890 2451 δύναμιν
922 2377 1192 2450 παραδούς
1212 2393 1224 2406 ⁸
1269 2377 1418 2429 ἔσται
1449 2376 1504 2428 δέ
1546 2375 1683 2446 αύτὴ
1721 2376 1891 2446 πυρὸς

319 2476 481 2542 ἔργον
515 2473 579 2525 ἐκ
603 2471 711 2524 τῶν
741 2471 998 2524 ἐπιόντων
1029 2470 1164 2539 αὐτῇ
1203 2467 1491 2538 πολεμίων.
1551 2467 1734 2520 Ταῦτα
1763 2470 1891 2540 περὶ

318 2565 501 2637 Τύρου
531 2581 590 2618 τε
617 2563 711 2617 καὶ
738 2563 963 2625 Σιδῶνος
993 2560 1179 2625 είπὼν,
1209 2561 1431 2628 ὲπάγει’

391 2657 541 2727 Στίχ.
571 2655 705 2718 ε’-ζ’.
749 2686 818 2697 -
861 2672 880 2705 ι
913 2652 1137 2722 ὐψεται
1173 2651 1470 2714 Ἀσκάλων,
1524 2652 1616 2705 καὶ
1654 2651 1892 2722 φοϐηθή-

322 2763 506 2802 σεται·
541 2747 634 2800 καὶ
673 2746 711 2798 Γ
715 2745 839 2810 άξα,
860 2745 951 2798 καὶ
979 2742 1360 2813 όδυνηθήσεται
1385 2742 1588 2814 σφόδρα
1609 2758 1623 2772 ο
1652 2744 1745 2797 καὶ
1773 2745 1893 2796 Ἀκ-

318 2838 526 2908 κάρων,
554 2839 634 2890 ὅτι
670 2833 1012 2908 κατῃσχύνθη
1035 2833 1126 2886 ἐπὶ⁸
1152 2831 1228 2902 τῷ
1256 2831 1660 2904 παραπτώματι
1679 2833 1850 2902 αὐτῆς
1875 2873 1889 2886 .

321 2927 417 2980 καὶ
443 2927 720 2982 ἀπολεῖται
748 2925 993 2996 βασιλεὺς
1018 2926 1081 2977 ἐκ
1099 2923 1274 2994 Γάζης
1291 2941 1304 2954 ·
1332 2925 1423 2977 καὶ
1438 2925 1712 2978 Ἀσκάλων
1731 2925 1792 2977 ού
1819 2925 1893 2996 μὴ

318 3019 616 3091 κατοικηθῇ
637 3036 651 3050 ο
680 3020 771 3072 καὶ
791 3020 1199 3090 κατοικήσουσιν
1219 3017 1522 3085 ἀλλογενεῖς
1554 3018 1610 3071 ἐν
1642 3017 1886 3089 Ἀζώτῳ·

319 3113 415 3166 καὶ
431 3111 644 3166 καθελῶ
673 3111 827 3182 ὓϐριν
850 3110 1179 3180 ἀλλοφύλων,
1212 3109 1306 3162 καὶ
1332 3107 1511 3179 ἐξαρῶ
1537 3109 1598 3160 τὺ
1632 3104 1770 3179 αἷμα
1796 3110 1890 3162 αύ-

317 3203 447 3272 τῶν,
472 3204 565 3257 καὶ
596 3203 663 3255 τά
695 3202 1033 3274 βδελύγματα
1054 3201 1229 3255 αὐτῶν
1255 3203 1318 3253 ἐκ
1349 3201 1513 3270 μέσου
1537 3200 1764 3254 ὀδόντων
1792 3201 1889 3254 αύ-

316 3295 458 3348 τῶν·
498 3295 591 3347 καὶ
623 3295 1104 3365 ύπολειφθήσονται
1138 3293 1232 3346 καὶ
1268 3285 1411 3344 οῦτοι
1449 3291 1526 3362 τῷ
1555 3291 1673 3362 Θεῷ
1701 3293 1886 3362 ήμῶν·

319 3388 415 3441 καὶ
439 3387 649 3441 ἔσονται
669 3387 744 3449 ώς
773 3387 1045 3458 χιλίαρχος
1075 3387 1130 3438 ἐν
1161 3382 1236 3454 τῷ
1268 3383 1458 3454 Ἰούδα,
1492 3385 1582 3436 καὶ
1609 3385 1890 3454 Ἀκκάρων

317 3479 396 3542 ὡς
436 3479 772 3541 Ἰεϐουσαῖος,
797 3497 815 3529 t
848 3476 1102 3531 Βούλεται
1141 3476 1236 3546 μὲν
1270 3477 1441 3529 εἰπεῖν
1470 3477 1549 3529 ὃτι
1578 3479 1701 3540 τοὺς
1734 3478 1889 3530 ἀλλο-

319 3572 518 3641 φύλους
549 3571 822 3636 ἐκδέξεται
849 3569 1086 3640 τιμωρία
1121 3569 1374 3638 μεγίστη,
1411 3570 1485 3638 (p.
1504 3569 1627 3638 495)
1654 3569 1888 3639 παραλε-

317 3664 570 3726 λυιπότας
602 3663 665 3733 δὴ
701 3663 801 3732 τὴν
839 3660 966 3731 περὶ
1005 3660 1096 3712 τὸν
1130 3659 1260 3712 Θεὸν
1302 3660 1614 3730 θεραπείαν.
1649 3661 1808 3730 Λέγει
1833 3661 1890 3714 δέ

318 3757 458 3811 αὐτὰ
481 3756 736 3816 ποικίλως
763 3750 1238 3822 ἀπαριθμούμενος
1263 3750 1362 3814 τὰς
1384 3751 1564 3815 πόλεις
1585 3769 1596 3781 ·
1631 3752 1711 3804 ὅτι
1739 3752 1888 3824 φόϐῳ

325 3848 427 3918 μὲν
472 3846 746 3900 Ἀσκάλων
773 3843 1127 3914 ληφθήσεται,
1148 3843 1203 3894 ἐν
1222 3841 1432 3905 ὀδύναις
1456 3841 1511 3894 δέ
1540 3841 1690 3894 ἔσται
1720 3843 1758 3894 Γ
1763 3843 1887 3907 άζα,

317 3938 603 4008 Ἀκκάρων
618 3953 676 3988 τε
694 3938 749 3988 ἐν
762 3936 942 3996 αὐτοῖς
955 3933 1366 4004 αίσχυνθήσεται
1378 3934 1462 4001 ἐφ’
1479 3928 1558 3996 οἷς
1570 3934 1603 4002 ἥ
1613 3951 1780 4003 μαρτε
1798 3935 1890 3987 καὶ

318 4031 663 4098 ὃοῦσαδίκηνο
677 4027 1271 4097 ἀφανισθήσεταιδὲκαὶ
1286 4028 1381 4098 τῆς
1392 4026 1606 4096 Γάζηςό
1619 4025 1887 4096 βασιλεὺς,

318 4122 659 4182 Ἀσκάλωνος
688 4120 784 4190 μὲν
815 4119 915 4171 ούκ
940 4118 1257 4188 οἰκουμένης
1278 4118 1355 4170 ἐτι
1375 4135 1388 4148 ⁸
1405 4118 1698 4189 ἀλλοτρίων
1718 4118 1772 4171 δὲ
1792 4118 1890 4189 τὴν

324 4215 566 4278 Ἀζωτον
582 4211 891 4264 οἰκούντων·
909 4209 1146 4263 ταῦταδὲ
1161 4211 1434 4278 ἐπήγαγεν
1449 4210 1546 4279 ούχ
1560 4209 1639 4262 ὅτι
1659 4209 1773 4262 τόδε
1791 4209 1890 4279 μὲν

320 4306 495 4369 ἔσται,
517 4305 577 4356 τὺ
601 4304 652 4356 δέ
685 4302 744 4355 οῦ
771 4297 910 4356 ὀἷον
945 4303 1116 4354 εἰπεῖν
1152 4300 1294 4374 Γάζῃ
1333 4302 1470 4365 τόδε,
1508 4304 1600 4356 καὶ
1629 4303 1744 4357 τόδε
1780 4296 1889 4357 οἷον

1254 235 1794 294 COMMENTARIUS
1823 236 1890 294 IN
1928 233 2299 292 ZACHARIE
2339 231 2489 290 CAP.
2519 232 2604 289 IX.

3449 226 3554 282 554

2638 366 2787 424 CAP.
2825 364 2915 420 IX.

2066 463 2228 534 329
2260 462 2424 518 Vens.
2459 462 2572 515 1-4.
2605 480 2700 513 -ι
2719 456 3042 528 Assumptio'
3059 453 3209 510 verbi
3254 450 3462 508 Dominl
3497 469 3546 507 II

1997 564 2138 612 terra
2158 557 2362 610 Edracb
2374 598 2386 610 .
2405 557 2470 609 Et
2493 554 2788 609 Damascus
2801 549 3124 607 sacriﬁcium
3140 549 3279 617 ejus.
3294 547 3428 613 Quia
3445 545 3522 600 Do

1996 649 2176 703 minus
2194 648 2410 717 inspicit
2433 647 2678 702 homines
2695 653 2747 698 et
2757 659 2944 698 omnes
2964 643 3138 696 tribus
3153 639 3555 706 lsraelis,atqu6

1997 739 2187 793 Emath
2215 741 2266 794 in
2290 739 2487 794 finibus
2509 738 2650 807 ejus.
2691 755 2710 788 ι
2741 732 3059 790 Damasceni
3081 731 3318 802 quidem,
3352 729 3586 798 inquit“

1994 838 2048 885 et
2082 831 2292 885 Edrach
2327 830 2519 885 incolae
2550 837 2713 899 atque
2767 824 2983 890 Emath,
3019 824 3189 878 multo
3215 836 3336 875 cum
3370 819 3553 874 studio

1995 921 2105 977 Deo
2159 923 2426 978 sacrificia
2475 929 2746 978 atluucent
2798 935 2896 977 ceu
2937 918 3178 972 omnium
3208 913 3456 978 Domino,
3497 921 3554 968 et

1995 1014 2241 1070 homines
2267 1014 2563 1084 speculanti
2591 1029 2688 1069 ceu
2714 1029 2876 1084 opera
2921 1011 3263 1079 famulosque
3287 1020 3435 1064 suos.
3457 1018 3555 1073 pe-

1993 1107 2184 1161 culiari
2212 1122 2340 1162 vero
2365 1107 2612 1161 lsraelem
2641 1105 2978 1177 providentia
3002 1102 3195 1157 tuenti.
3234 1118 3254 1152 c
3291 1098 3468 1168 Tyrus
3489 1111 3554 1152 ac

1995 1196 2182 1261 Sidon,
2213 1197 2467 1265 quoniam
2507 1198 2776 1266 sapientes
2832 1195 3052 1250 fuerunt
3094 1192 3279 1246 nimis.
3331 1189 3394 1244 Et
3423 1188 3553 1244 adi-

1993 1287 2172 1341 ficavit
2200 1286 2376 1359 Tyrus
2411 1287 2738 1342 munitiones
2787 1301 2937 1352 suas,
2957 1293 3011 1339 et
3043 1280 3430 1338 thesaurizavlt
3461 1293 3554 1334 ar-

1991 1389 2208 1448 gentum
2237 1387 2296 1434 ut
2326 1381 2620 1449 pulverem,
2655 1386 2707 1433 et
2730 1394 2917 1432 aurum
2942 1378 3083 1432 sicut
3110 1377 3284 1431 lutum
3317 1375 3549 1432 viarum.

1990 1471 2277 1543 Propterea
2311 1471 2570 1525 Dominus
2619 1470 2915 1540 possidebit
2969 1484 3085 1532 eos,
3116 1476 3170 1523 et
3205 1467 3452 1522 detrahet
3495 1467 3553 1521 in

1990 1578 2138 1617 mare
2164 1562 2531 1617 fortitudinem
2559 1561 2709 1630 ejus,
2735 1568 2786 1614 et
2816 1560 2933 1628 ipsa
2970 1559 3092 1628 igne
3121 1568 3493 1614 consumetur.
3528 1576 3548 1610 ι

1989 1651 2137 1726 Tyrii
2173 1653 2390 1724 quidem
2431 1662 2593 1724 atque
2631 1653 2864 1716 Sidonii,
2908 1652 3033 1721 quia
3066 1665 3261 1722 magna
3299 1651 3553 1721 superbia

1989 1747 2113 1802 elati
2141 1746 2344 1800 cultum
2375 1761 2551 1801 meum
2571 1752 3040 1814 contempserunt,
3071 1743 3284 1814 sibique
3308 1742 3555 1798 sufﬁcere

1990 1845 2261 1906 putantes.
2323 1850 2600 1889 murorum
2645 1835 2990 1890 securitatem
3038 1839 3418 1902 procurarunt,
3458 1846 3554 1885 au-

1989 1942 2219 1996 rumque
2274 1935 2329 1981 et
2387 1935 2669 1996 argentum
2725 1925 2822 1979 luti
2899 1927 3075 1979 instar
3140 1931 3551 1987 coacervarunt,

1989 2017 2206 2088 dignam
2264 2018 2473 2072 insania
2532 2032 2628 2072 sua
2691 2031 2906 2086 poenam
2949 2015 3204 2070 referent.
3258 2014 3555 2085 Occupabit

1988 2109 2131 2161 enim
2158 2123 2251 2162 eos
2284 2107 2564 2169 Dominus,
2591 2122 2888 2177 omnesque
2941 2107 3266 2174 humiliabit,
3301 2118 3554 2161 cunctam

1989 2199 2204 2253 illorum
2258 2200 2616 2255 substantiam
2673 2201 2977 2270 pr0pinqu0
3026 2201 3160 2254 mari
3203 2201 3552 2256 contradens.

1989 2288 2108 2359 Ipsa
2141 2305 2269 2344 vero
2317 2291 2494 2360 (urbs)
2536 2291 2675 2362 ignis
2702 2291 3000 2361 praeda‘fiet
3025 2293 3093 2347 ab
3121 2292 3453 2348 irruentibus
3498 2293 3554 2347 in

1988 2396 2108 2436 eam
2163 2381 2431 2437 hostibus.
2492 2381 2586 2437 llis
2623 2383 2691 2438 de
2723 2381 2869 2453 Tyro
2911 2389 3075 2454 atque
3129 2381 3331 2438 Sidone
3366 2383 3552 2448 dictis,

1991 2473 2370 2544 prosequitur:

2061 2653 2229 2710 Vens.
2254 2655 2370 2710 5-7.
2404 2687 2473 2698 —-
2511 2674 2529 2708 ι
2564 2655 2781 2713 Videbit
2832 2658 3092 2724 Ascalon,
3124 2669 3180 2719 et
3219 2663 3469 2730 timebit;
3503 2675 3556 2719 et

1989 2745 2156 2809 Gaza,
2179 2753 2232 2799 et
2262 2745 2468 2800 dolebit
2518 2747 2717 2812 nimis;
2749 2755 2803 2802 et
2828 2747 3096 2814 Accarou,
3123 2752 3380 2821 quoniam
3425 2765 3558 2806 con-

1992 2836 2110 2892 fusa
2137 2843 2220 2892 est
2249 2853 2412 2907 super
2446 2839 2601 2894 ruina
2631 2856 2728 2895 sua
2785 2857 2798 2892 :
2831 2848 2884 2896 et
2929 2843 3126 2908 peribit
3162 2858 3251 2898 rex
3283 2845 3350 2899 de
3389 2843 3556 2908 Gaza.

1991 2937 2042 2984 et
2071 2930 2305 2984 Ascalon
2333 2945 2442 2986 non
2475 2932 2840 3002 habitabitur;
2871 2941 2924 2989 et
2954 2935 3272 2990 habitabunt
3301 2935 3558 3004 alienige-

1992 3039 2076 3079 nae
2109 3025 2162 3079 in
2193 3027 2384 3080 Azoto.
2421 3024 2487 3080 Et
2517 3026 2793 3082 destruam
2827 3029 3080 3098 injuriam
3111 3029 3556 3100 alienigenarum,

1990 3125 2046 3172 et
2098 3116 2338 3172 auferam
2378 3119 2695 3189 sanguinem
2743 3135 2930 3174 eorum
2983 3122 3049 3177 de
3093 3137 3187 3177 ore
3215 3122 3477 3193 ipsorum,
3506 3132 3560 3176 et

1991 3208 2428 3263 abominatiunes
2473 3223 2659 3263 eorum
2689 3209 2754 3264 de
2785 3209 2962 3264 medio
2991 3209 3232 3265 dentium
3292 3211 3555 3281 ipsorum.

1992 3297 2057 3351 Et
2096 3299 2472 3369 relinquentur
2497 3307 2550 3355 et
2610 3299 2699 3355 isti
2774 3301 2880 3356 Deo
2913 3311 3140 3370 nostro;
3202 3311 3255 3359 et
3283 3312 3445 3360 erunt
3501 3315 3560 3360 ut

1991 3389 2244 3445 tribunus
2272 3391 2324 3444 in
2352 3389 2510 3456 Juda,
2540 3401 2593 3447 et
2642 3394 2886 3446 Accaron
2912 3394 3052 3448 sicut
3071 3393 3374 3450 Jebusaaus.
3417 3416 3434 3448 ι
3470 3394 3560 3451 Di-

1990 3495 2114 3535 cere
2147 3479 2263 3534 vult
2298 3479 2414 3536 fore
2458 3492 2515 3537 ut
2565 3483 2898 3553 alienigenas
2934 3500 3092 3554 poma
3118 3487 3349 3540 maxima
3387 3490 3560 3541 corri-

1990 3570 2123 3638 piat,
2155 3571 2316 3641 330
2345 3572 2472 3641 quia
2501 3573 2754 3626 nimirum
2780 3573 2872 3628 Dei
2893 3575 3096 3629 cultum
3133 3575 3554 3646 deieliquerant.

1995 3657 2153 3714 Varie
2173 3669 2354 3715 autem
2381 3676 2570 3730 ptenas
2593 3661 2716 3718 illas
2739 3665 2980 3734 exponit,
3004 3665 3167 3721 urbes
3190 3683 3514 3724 enumerans
3543 3689 3555 3723 :

1990 3767 2182 3822 nempe
2205 3753 2349 3822 quod
2382 3754 2615 3807 Ascalon
2669 3754 2864 3810 timore
2885 3758 3261 3828 occupabitur,
3297 3759 3438 3815 Gaza
3461 3762 3560 3816 do-

1989 3840 2147 3903 lebit,
2187 3842 2518 3896 Accaronem
2557 3845 2683 3898 item
2747 3847 2991 3916 pudebit,
3049 3849 3178 3903 dum
3209 3860 3558 3921 peccaturum

1991 3947 2214 3987 suorum
2244 3950 2433 4004 pcenas
2462 3936 2572 3990 luet
2609 3954 2623 3990 :
2669 3938 2796 4006 quin
2831 3947 2886 3993 et
2924 3939 3079 3995 Gaza:
3109 3957 3200 3995 rex
3231 3944 3556 4012 deponetur.

1989 4031 2044 4076 et
2075 4023 2302 4078 Azotum
2339 4025 2580 4080 incolent
2624 4029 2891 4084 extranei.
2947 4028 3071 4084 Hzcc
3105 4039 3284 4087 autem
3311 4034 3559 4087 eluentus

1989 4123 2096 4178 est,
2129 4133 2236 4170 non
2269 4118 2397 4186 quia
2431 4119 2532 4173 hoc
2573 4120 2792 4188 quidem
2847 4121 3089 4177 futurum
3125 4133 3290 4181 esset.
3326 4131 3380 4180 et
3412 4126 3556 4180 aliud

1991 4222 2150 4261 secus
2184 4225 2196 4260 :
2225 4207 2376 4277 quasi
2406 4209 2547 4264 dicat
2575 4209 2733 4264 Gazae
2779 4211 2900 4274 hoc,
2945 4213 3072 4267 illud
3113 4229 3236 4268 vero
3266 4215 3556 4285 Ascaloni;

1991 4295 2084 4350 sed
2123 4297 2398 4352 idiotismo
2437 4313 2557 4360 suo,
2597 4299 2740 4368 quod
2771 4314 3058 4354 commune
3086 4310 3169 4354 est
3208 4301 3422 4356 divisim
3473 4303 3556 4356 di-

323 4397 494 4448 είπεῖν
529 4393 844 4454 Ἀσκάλωνι,
874 4391 1009 4445 άλλά
1036 4391 1176 4444 κατὰ
1205 4393 1264 4444 τὸ
1285 4394 1478 4445 οἰκεῖον
1511 4393 1703 4463 ίδίωμα
1727 4395 1785 4446 ἐν
1821 4396 1886 4465 τῇ

1992 4387 2084 4448 cit.
2120 4403 2311 4457 nempe
2333 4388 2476 4458 quod
2509 4404 2670 4444 casus
2715 4389 3022 4458 huiusmodi
3053 4395 3264 4446 cunctis
3310 4394 3558 4448 evenient

320 4485 584 4557 διαιρέσει
612 4484 672 4537 τὸ
685 4484 859 4537 κοινὸν
875 4483 1062 4547 εἰπὼν,
1085 4484 1163 4536 ὄτι
1181 4484 1353 4537 ταῦτα
1374 4485 1499 4555 περὶ
1519 4485 1722 4548 πάντας
1739 4485 1889 4538 ἔσται

322 4578 447 4641 τοὺς
495 4576 840 4642 ἀλλοφύλους.
883 4575 1043 4628 Ὅθεν
1080 4574 1216 4644 μετά
1251 4576 1346 4644 τὴν
1393 4576 1763 4647 ἀπαρίθμησιν
1791 4577 1889 4628 ἐπ-

325 4671 469 4736 άγει,
508 4687 525 4719 ι
557 4669 665 4720 Καὶ
699 4665 911 4720 καθελῶ
938 4666 1092 4737 ὓϐριν
1115 4665 1442 4733 ἀλλοφύλων,
1470 4685 1486 4718 ι
1523 4668 1605 4719 ἵνα
1625 4669 1750 4739 είπῃ
1785 4668 1888 4730 ὅτι,

335 4759 507 4828 Ὑπὲρ
556 4758 734 4828 πάσης
771 4759 967 4819 αὐτοὺς
1002 4758 1380 4827 τιμωρήσομαι
1415 4758 1512 4827 τῆς
1573 4758 1887 4829 παροινίας·

323 4851 706 4920 τιμωρήσομαι
725 4848 919 4910 αὐτοῦς
940 4848 1199 4915 ἀνάλογον
1232 4846 1310 4911 οἷς
1336 4847 1552 4919 ἐξέχεαν
1575 4851 1764 4916 αἵμασι
1785 4850 1892 4902 τῶν

338 4938 703 5010 Ἰσραηλιτῶν,
735 4937 816 4991 ἔτι
864 4934 1211 5005 συγκαθελὼν
1252 4937 1432 4998 αὐτοῖς
1464 4938 1556 4989 καὶ
1592 4938 1657 4989 τά
1701 4936 1892 4990 εἴδωλα

329 5033 524 5094 πάντα,
547 5032 582 5085 ἀ
604 5032 667 5100 δὴ
694 5030 1013 5102 θρησκεύειν
1041 5030 1256 5083 ἐδόκουν
1276 5047 1288 5059 ·
1327 5029 1465 5082 ῶστε
1492 5032 1552 5082 ἐκ
1577 5031 1674 5098 τῆς
1701 5032 1892 5097 ἐπαγο-

328 5126 494 5194 μένης
526 5125 708 5185 αὐτοῖς
734 5122 1022 5193 τιμωρίας,
1055 5121 1278 5184 πολλοὺς
1314 5119 1631 5173 καὶτούτων
1660 5120 1892 5189 ληφθέν-

325 5233 423 5278 τας
445 5215 521 5286 τῷ
551 5211 656 5269 δέει
684 5214 792 5268 τῶν
830 5213 1148 5284 γινομένων.
1181 5214 1272 5266 ἐπὶ
1293 5213 1408 5280 ’τὴν
1443 5211 1536 5265 τοῦ
1569 5211 1702 5264 Θεοῦ
1731 5229 1892 5264 κατα-

328 5310 519 5378 φυγεῖν
537 5307 810 5378 λατρείαν,
826 5306 876 5359 οἶ
905 5305 1021 5376 μεθ’
1035 5305 1190 5376 ήμῶν
1206 5303 1592 5376 ἀριθμήσονται
1612 5303 1890 5375 χιλιάρχου

324 5397 470 5460 τινὸς
490 5396 773 5467 ἐπέχοντες
796 5395 969 5461 τάξιν.
1009 5396 1195 5458 ϋῦτως
1227 5397 1450 5457 ἑαυτοὺς
1492 5394 1589 5464 τῆς
1621 5395 1893 5466 ἡμετέρας

327 5489 693 5558 ἐργασάμενοι
732 5489 946 5559 μερίδος
972 5505 987 5519 ο
1026 5488 1490 5559 περισωθήσονται
1519 5488 1574 5541 δέ
1604 5489 1700 5557 ούχ
1733 5485 1894 5560 ἦττον

328 5581 420 5633 τοῦ
490 5580 795 5634 ιεὸουσαίου
839 5581 932 5632 καὶ
978 5581 1026 5632 οἱ
1065 5579 1124 5644 ἐξ
1165 5581 1444 5650 Ἀκκάρων
1495 5579 1750 5639 τοιοῦτοι·
1800 5581 1895 5634 καὶ

329 5674 436 5746 γάρ
463 5671 737 5726 κάνταῦθα
771 5670 880 5724 ἀπὸ
920 5671 1018 5740 τῆς
1059 5673 1272 5742 μνήμης
1311 5673 1407 5743 τῆς
1453 5673 1730 5744 Ἀκκάρων
1771 5675 1892 5736 τοὺς

623 5766 894 5823 Parnm.
934 5763 1053 5823 GI.
1089 5765 1299 5823 LXVI.

1989 4478 2328 4548 alienigenis.
2361 4479 2485 4534 Ideo
2533 4493 2654 4550 post
2689 4482 2832 4534 illam
2864 4484 3325 4538 enumerationem
3358 4486 3496 4537 addit
3539 4503 3552 4537 :

1995 4589 2013 4621 ι
2043 4569 2105 4624 Ει
2141 4571 2418 4626 destruam
2467 4574 2722 4642 injuriam
2776 4576 3235 4645 alienigenarum;
3295 4595 3314 4630 ι
3370 4577 3419 4630 id
3453 4588 3558 4640 est,

1991 4661 2207 4716 illorum
2237 4679 2450 4718 omnem
2495 4666 2729 4719 ulciscar
2775 4669 3072 4720 vesaniam.
3109 4666 3333 4721 Puniam
3379 4681 3554 4722 autem

1990 4753 2111 4806 illos
2133 4768 2290 4823 poma
2329 4755 2490 4825 digna
2551 4757 2620 4810 ob
2647 4755 2876 4810 eﬂ'usum
2937 4757 3298 4812 lsraelitarum
3339 4761 3558 4828 sangui-

1991 4859 2147 4908 nem;
2215 4844 2354 4898 idola
2413 4847 2575 4898 simul
2651 4849 2834 4900 omnia
2893 4848 3202 4909 destruens,
3250 4863 3368 4918 qua:
3455 4849 3554 4916 ipsi

1992 4933 2224 4988 adorare
2281 4935 2626 4989 videbantur.
2686 4941 2862 5006 Atque
2930 4942 3002 4992 ita
3051 4953 3114 4992 ex
3167 4937 3368 4992 inﬂicto
3420 4940 3556 5007 ipsis

1993 5027 2277 5095 supplicio,
2311 5028 2465 5080 multi
2514 5043 2579 5080 ex
2625 5027 2709 5081 his
2746 5031 2938 5084 timore
2971 5039 3258 5082 eventuum
3299 5031 3554 5097 correpti,

1993 5117 2058 5169 ad
2083 5116 2171 5170 Dei
2208 5117 2412 5170 cultum
2451 5117 2805 5188 confugient;
2841 5121 2930 5187 qui
2958 5121 3237 5172 vobiscum
3261 5134 3557 5173 connume-

1994 5212 2280 5276 rahnntur,
2319 5211 2522 5268 tribuni
2570 5209 2968 5279 quodammodo
3005 5209 3248 5263 ordinem
3292 5219 3555 5273 tenentes,

1993 5303 2120 5358 dum
2178 5319 2236 5357 se
2266 5303 2331 5356 ad
2365 5313 2572 5358 vestras
2611 5310 2789 5371 partes
2827 5301 3147 5370 adjungunt.
3205 5299 3349 5356 Salvi
3381 5313 3556 5357 autem

1996 5395 2143 5458 fient,
2197 5393 2337 5448 haud
2398 5409 2557 5449 secus
2614 5409 2774 5464 quam
2825 5391 3375 5465 Jebumus;quippe
3421 5403 3473 5448 et
3506 5396 3558 5449 hi

1994 5485 2293 5542 Accaronis
2325 5485 2492 5540 cives.
2544 5483 2676 5538 Nam
2734 5484 2824 5539 hic
2879 5484 3064 5548 etiam,
3138 5495 3559 5541 commemorata

1993 5577 2294 5643 Accarone,
2322 5578 2562 5647 quinque
2608 5577 2970 5647 satrapiarum
3007 5579 3252 5634 homines
3297 5579 3358 5633 ad
3388 5579 3556 5647 pieta-

1995 5679 2102 5727 tem
2151 5684 2444 5728 conversos
2496 5669 2677 5725 dicere
2730 5671 2875 5737 vult;
2932 5672 3273 5747 signiﬁcans,
3326 5669 3440 5728 fele
3495 5680 3556 5732 ut

3204 5765 3277 5823 18
