3992 6232
408 287 516 340 555

1571 281 1916 339 τηεουοιιι
1952 282 2430 342 MOPSUESTENI

3522 282 3626 341 ιιι

413 399 711 455 lsraelitico
748 400 945 471 populo
998 414 1474 463 committerentur,
1515 411 1674 468 atque
1712 398 1787 451 ita
1837 398 1965 453 salvi

2075 399 2138 452 ἐκ
2181 399 2289 452 τῶν
2337 402 2495 453 πέντε
2538 397 2877 469 σατραπειῶν
2911 396 3204 460 νεύσαντας
3229 396 3363 467 πρὸς
3404 395 3465 450 τὸ
3500 397 3638 451 διον.

412 491 560 557 ﬁant,
624 493 925 548 imminenti
981 507 1153 563 paena-
1203 491 1505 557 subtracti,
1539 489 1851 560 quicunque
1903 505 1968 544 ex

411 585 546 655 ipsis
577 585 705 640 facti
737 585 876 658 frugi
906 585 975 640 ad
1019 594 1221 642 rectam
1254 584 1375 639 vita:
1403 584 1668 638 rationem
1694 591 1974 652 spectave-

410 676 536 731 rint.

480 856 622 909 Vens
669 856 821 911 8-10.
863 887 927 897 —
953 874 971 907 ι
1016 855 1079 909 Et
1113 856 1380 926 prmstaho
1416 854 1599 909 domui
1638 869 1768 907 mea:
1796 853 1973 907 eleva-

422 942 644 1013 tion'em,
673 950 965 1018 quominus
998 949 1052 1002 in
1109 964 1171 1003 ea
1229 949 1320 1002 ﬁat
1355 962 1550 1001 cursus
1599 954 1652 999 et
1679 960 1973 1000 recursus:

408 1055 582 1109 neque
612 1040 958 1109 superveniet
980 1040 1059 1094 eis
1086 1040 1224 1092 ultra
1254 1040 1497 1099 abactor,
1524 1037 1650 1107 quia
1686 1050 1829 1093 nunc
1857 1036 1973 1091 vidi

408 1131 584 1184 oculis
613 1130 771 1183 meis.
816 1148 835 1182 ι
892 1128 1140 1183 Validum
1168 1128 1439 1198 quoddam
1467 1129 1666 1198 populo
1700 1142 1819 1182 meo
1852 1142 1977 1181 sus-

406 1223 586 1275 citabo
641 1221 938 1283 auxilium,
1013 1220 1155 1291 quod
1209 1235 1397 1275 omnes
1477 1228 1763 1274 extraneos
1819 1219 1976 1287 longe

409 1313 770 1376 submovebit,
795 1328 971 1380 neque
1006 1314 1147 1367 sinet
1168 1312 1301 1366 lines
1330 1311 1679 1365 familiarium
1729 1325 1972 1364 meorum

410 1404 635 1471 ingredi,
668 1404 739 1461 ita
771 1413 825 1457 ut
860 1402 1417 1470 nemojaminvadere
1439 1389 1652 1466 audeat,
1676 1417 1848 1471 neque
1888 1416 1976 1454 re-

405 1495 617 1561 gionem
643 1508 839 1547 vexare
885 1493 951 1547 ad
978 1508 1062 1547 me
1094 1494 1450 1562 pertinentem
1479 1510 1495 1558 ;
1546 1491 1814 1563 siquidem
1854 1507 1975 1547 om-

404 1586 537 1638 nino
580 1584 887 1652 prospicere
914 1582 981 1636 iis
1012 1582 1248 1646 decrevi,
1269 1581 1427 1651 331
1458 1590 1511 1637 et
1543 1598 1658 1636 mea
1692 1582 1977 1652 providen-

402 1676 480 1729 tia
513 1674 745 1744 dignari.
779 1671 913 1726 Nam
938 1672 1120 1731 verba.
1154 1689 1173 1722 ι
1236 1672 1419 1728 domui
1466 1688 1619 1738 mete,
1683 1691 1702 1725 ι
1742 1673 1809 1728 de
1859 1681 1970 1727 tota

406 1764 625 1835 legione
654 1764 783 1816 dicit
814 1763 1050 1826 lsraelis,
1086 1770 1271 1832 utpote
1315 1763 1381 1816 ad
1405 1778 1463 1817 se
1492 1764 1817 1833 pertinente.
1849 1763 1973 1817 Mox

406 1856 747 1909 manifestius
798 1855 1061 1923 pandens,
1125 1853 1284 1921 cujus
1341 1868 1506 1922 opera
1572 1854 1684 1907 haec
1732 1853 1881 1918 ﬁent,
1919 1862 1972 1908 et

404 1947 654 2014 quisnam
689 1959 717 1995 a
752 1944 859 1997 Deo
884 1945 953 1997 sit
982 1944 1224 1998 electus:
1269 1961 1286 1993 ι
1345 1940 1570 2005 Laetare,
1622 1943 1816 2012 inquit,
1854 1958 1968 1996 ma-

403 2051 658 2106 gnopere,
692 2036 795 2089 ﬁlia
830 2036 989 2100 Sion;
1022 2035 1275 2104 prmdica,
1302 2035 1409 2087 lilia
1443 2033 1803 2089 Hierusalem.
1835 2033 1973 2091 Ecce

405 2143 494 2182 re).
529 2135 654 2180 tuus
685 2125 828 2179 venit
856 2125 951 2178 tibi
973 2125 1157 2192 justus
1192 2131 1245 2177 et
1277 2124 1493 2179 salvans
1521 2143 1533 2177 :
1568 2124 1682 2193 ipse
1730 2122 1968 2191 humilis,

402 2226 455 2271 et
505 2219 745 2273 insidens
789 2216 1039 2287 jumento
1085 2227 1138 2273 et
1177 2217 1324 2286 pullo
1378 2217 1613 2272 novello.
1647 2216 1712 2271 Et
1750 2218 1970 2286 perdam

404 2309 693 2379 quadrigas
715 2323 780 2362 ex
813 2306 1124 2376 Ephraimo,
1156 2306 1214 2360 et
1254 2322 1455 2377 equum
1486 2307 1553 2361 de
1588 2306 1922 2363 Hierusalem
1953 2325 1993 2363 :7

403 2410 458 2457 et
501 2400 855 2470 dissipabitur
885 2416 1045 2455 arcus
1084 2399 1313 2455 bellicus
1347 2416 1361 2454 :
1396 2400 1607 2470 eritque
1657 2399 1968 2464 multitudo,

407 2501 459 2544 et
491 2508 593 2562 pax
629 2509 692 2546 ex
724 2492 993 2561 gentibus.
1034 2509 1054 2544 ι
1107 2490 1293 2546 Gaude
1325 2492 1508 2561 igitur,
1542 2507 1574 2544 ο
1608 2490 1968 2554 Hierusalem,

404 2593 556 2637 tanto
592 2599 715 2652 rege
746 2582 842 2636 tibi
873 2582 1133 2638 divinitus
1191 2583 1556 2653 suppeditato,
1596 2586 1687 2653 qui
1750 2583 1844 2637 tibi
1879 2583 1971 2636 ad-

404 2675 527 2739 erit,
561 2674 771 2728 salvare
799 2681 989 2742 potens
1026 2674 1284 2744 populum
1317 2689 1474 2729 suum
1500 2674 1571 2728 ob
1607 2674 1827 2728 insitam
1866 2675 1970 2730 sibi

405 2767 641 2818 divinam
672 2766 799 2825 vim,
822 2774 873 2819 et
898 2766 1261 2820 omnimodam
1286 2766 1613 2821 adversariis
1639 2765 1837 2822 inferet
1868 2783 1971 2837 pu-

406 2853 710 2908 nitioncm:
768 2854 857 2922 qui
917 2853 1010 2907 vili
1058 2853 1271 2922 quidem
1334 2856 1552 2909 animali
1596 2857 1814 2919 insidet,
1871 2874 1968 2912 ceu

406 2958 577 3011 nuper
608 2942 672 2995 de
703 2941 1015 3011 captivitate
1050 2958 1327 3013 egressus,
1372 2944 1464 2998 sed
1497 2945 1722 2998 multam
1751 2952 1971 2999 contra-

2076 489 2249 542 εἰπεῖν
2275 489 2569 560 ἠϐουλήθη,
2606 488 2777 559 δηλῶν
2817 489 2898 541 ὅτι
2942 486 3427 559 συναριθμήσονταί
3471 504 3529 540 τε
3562 488 3642 559 τῷ

2075 579 2189 649 λαῷ
2226 579 2303 651 τῷ
2360 579 2750 652 Ἰσραηλιτικῷ,
2799 582 2893 634 καὶ
2928 579 3391 651 περισωθήσονται
3438 581 3641 633 ἐκσπα-

2078 671 2293 736 σθέντες
2328 674 2425 743 τῆς
2468 672 2809 742 ἐπειγομένης
2846 672 3029 734 αύτοῖς
3073 670 3362 743 τιμωρίας,
3406 671 3456 724 οἶ
3496 670 3560 725 ἂν
3582 670 3642 739 ἐξ

2076 763 2253 817 αὐτῶν
2286 762 2740 834 σωφρονισθέντες
2760 761 2989 815 νεύσωσι
3018 762 3151 834 πρὸς
3187 762 3247 815 τὸ
3268 762 3403 816 δέον.

2075 916 2085 934 δ
2146 854 2291 925 Στίχ.
2316 862 2450 925 η’-ι’.
2474 885 2545 895 --
2565 874 2582 906 ι
2603 854 2710 908 Καὶ
2731 854 3103 924 ὑποστήσομαι
3128 853 3204 923 τῷ
3223 854 3358 923 οἴκῳ
3381 870 3483 923 μου
3513 851 3644 906 ἀνά-

2079 961 2261 1016 στημα
2310 945 2401 999 τοῦ
2458 946 2531 1016 μὴ
2587 943 3001 1016 διαπορεύεσθαι
3054 943 3188 1015 μηδὲ
3228 944 3634 1013 ἀνακάμπτειν⁸

2079 1035 2152 1104 (ρ.
2184 1036 2307 1103 494)
2340 1036 2431 1089 και
2460 1037 2519 1088 ού
2546 1035 2619 1106 μὴ
2645 1036 2846 1108 ἐπέλθῃ
2879 1036 2964 1087 ἐπ’
2998 1036 3192 1098 αὐτοὺς
3214 1034 3394 1087 οὐκέτι
3424 1019 3644 1098 assius.

2077 1143 2215 1189 νων,
2275 1122 2405 1180 διότι
2457 1126 2550 1181 νῦν
2602 1127 2820 1199 ἑώρακα
2864 1130 2921 1181 ἐν
2972 1130 3083 1191 τοῖς
3129 1124 3422 1196 ὀφθαλμοῖς
3471 1143 3637 1196 μου.»

2089 1217 2331 1289 Ἰσχυράν
2370 1218 2431 1287 δή
2482 1235 2602 1271 τινα
2646 1222 2756 1282 τοῖς
2798 1219 2921 1288 ἐμοὶ
2950 1219 3312 1289 προσήκουσιν
3352 1216 3644 1287 ἀναστήσω

2078 1307 2348 1378 βοήθειαν,
2369 1308 2404 1378 ἢ
2431 1310 2634 1373 πάντας
2658 1311 2781 1372 τοὺς
2804 1308 3115 1378 ἀλλοτρίους
3143 1306 3356 1379 μακράν
3370 1305 3637 1371 διώξεται,

2077 1398 2374 1452 ἐπιϐαίνειν
2405 1398 2512 1452 τῶν
2546 1399 2706 1470 ὁρίων
2735 1400 2832 1452 ούκ
2872 1399 3016 1453 ἐῶσα
3042 1398 3150 1451 τῶν
3190 1398 3311 1469 ἐμοὶ
3336 1398 3638 1470 προσηκόν-

2075 1506 2218 1554 των,
2281 1488 2356 1553 ὡς
2410 1491 2545 1561 μήτε
2594 1490 2804 1543 ἐπιέναι
2856 1489 2978 1542 τινὰ
3046 1488 3249 1559 τολμᾷν
3321 1488 3439 1551 ἔτι,
3503 1488 3640 1559 μήτε

2079 1578 2169 1631 ἐπὶ
2236 1578 2333 1649 τὴν
2400 1579 2580 1650 χώραν
2652 1579 2892 1633 ἐλαύνειν
2959 1580 3056 1648 τὴν
3147 1580 3270 1650 ἐμοὶ
3343 1579 3641 1649 προσήκου-

2079 1685 2176 1721 σαν
2210 1683 2224 1698 °
2287 1669 2581 1741 ἐπειδήπερ
2628 1669 2772 1736 ἅπαξ
2826 1670 3024 1739 ἐφορᾷν
3075 1669 3269 1730 αὐτοὺς
3319 1666 3641 1737 ἐδοκίμασα,

2075 1759 2173 1829 τῆς
2204 1776 2263 1812 τε
2290 1760 2542 1830 προνοίας
2565 1759 2746 1825 ἀξιοῦν
2772 1762 2871 1832 τῆς
2903 1761 3042 1831 ἐμῆς
3062 1777 3076 1790 ⁸
3109 1760 3171 1813 τὸ
3204 1760 3311 1831 γὰρ
3353 1780 3372 1811 ι
3395 1759 3471 1829 τῷ
3507 1760 3641 1830 οἴκῳ

2076 1867 2215 1920 μου,
2247 1870 2265 1901 ι
2320 1852 2467 1924 πάσῃ
2504 1855 2568 1924 τῇ
2613 1852 2764 1924 χώρᾳ
2806 1854 2954 1922 λέγει
2990 1854 3082 1907 τοῦ
3124 1854 3336 1925 Ἰσραὴλ
3377 1854 3451 1915 ὡς
3494 1853 3643 1925 αύτῷ

2073 1941 2442 2016 προσηκούσῃ,
2505 1941 2631 1995 Εἶτα
2679 1945 2775 1996 καὶ
2825 1944 3153 2015 σαφέστερον
3192 1944 3360 1997 ποιῶν
3408 1944 3475 1997 δι’
3518 1944 3640 1997 ὅτου

2075 2051 2179 2105 περ
2205 2034 2356 2088 ἔσται
2382 2033 2574 2099 ταῦτα,
2604 2035 2698 2088 καὶ
2726 2035 2811 2097 τίς
2850 2036 2877 2087 ό
2900 2035 2990 2087 ἐπὶ
3017 2034 3173 2088 τοῦτο
3206 2035 3354 2106 παρὰ
3380 2034 3473 2087 τοῦ
3504 2033 3639 2088 Θεοῦ

2072 2126 2543 2198 προϐεϐλημένος·
2612 2144 2627 2179 ι
2682 2129 2852 2198 Χαῖρε
2901 2126 3140 2198 σφόδρα,
3198 2126 3431 2196 θύγατερ
3480 2125 3641 2185 Σιὼν,

2072 2219 2335 2289 κήρυσσε,
2367 2217 2602 2290 θύγατερ
2640 2218 3019 2288 Ἰερουσαλήμ*
3071 2218 3178 2271 ἰδοὺ
3212 2218 3239 2268 ὁ
3268 2216 3516 2287 βασιλεύς
3546 2233 3639 2270 σου

2073 2308 2288 2381 ἔρχεταί
2327 2327 2409 2362 σοι
2468 2310 2673 2371 δίκαιος
2719 2310 2813 2362 καὶ
2858 2308 3078 2373 σώζων·
3128 2310 3289 2371 αὐτὸς
3327 2310 3501 2379 πρᾶος
3547 2310 3642 2362 καὶ

2072 2399 2416 2470 ἐπιϐεϐηκὼς
2456 2400 2546 2453 ἐπ)⁸
2572 2398 2863 2466 ὑποζύγιον
2890 2401 2982 2452 καὶ
3025 2398 3199 2451 πῶλον
3231 2398 3350 2452 νέον
3376 2414 3387 2427 ·
3440 2399 3534 2450 καὶ
3558 2398 3644 2462 ἐξ·

2071 2490 2373 2560 ολοθρεύσω
2398 2489 2616 2561 ἅρματα
2646 2487 2705 2553 ἐξ
2743 2488 3009 2559 Ἐφραῖμ,
3036 2489 3129 2540 καὶ
3157 2489 3320 2540 ἵππον
3352 2486 3411 2552 ἐξ
3442 2489 3639 2558 Ἰερου-

2074 2580 2272 2651 σαλὴμ,
2303 2580 2395 2633 καὶ
2444 2579 2947 2651 ἐξολοθρευθήσεται
2979 2578 3125 2643 τόξον
3164 2579 3482 2651 πολεμικόν
3543 2579 3642 2633 καὶ

2071 2672 2293 2742 πλῆθος,
2327 2672 2418 2725 καὶ
2454 2673 2640 2743 εἰρήνη
2674 2671 2733 2736 ἐξ
2770 2670 2955 2725 ἐθνῶν.
2981 2690 2997 2722 ι
3029 2670 3332 2741 Εὐφραίνου
3361 2671 3559 2734 τοίνυν,
3591 2663 3637 2722 ὦ

2081 2763 2458 2835 Ἰερουσαλὴμ,
2493 2764 2731 2817 τοιούτου
2776 2782 2857 2816 σοι
2904 2765 3165 2836 βασιλέως
3208 2763 3358 2835 παρά
3383 2763 3477 2816 τοῦ
3504 2763 3641 2816 Θεοῦ

2070 2853 2530 2924 προϐεϐλημένου,
2568 2854 2625 2917 ὃς
2649 2855 2891 2926 παρέστη
2925 2872 3005 2908 σοι
3050 2852 3371 2925 περισώζειν
3399 2870 3456 2906 τε
3483 2852 3643 2907 δυνά-

2073 2962 2234 3017 μενος
2283 2948 2407 3009 τοὺς
2456 2947 2687 3009 οἰκείους
2714 2946 2802 2999 διά
2834 2946 2932 3018 τὴν
2963 2946 3266 3017 προσοῦσαν
3314 2945 3461 3016 αύτῷ
3490 2944 3639 2998 θείαν

403 3036 494 3088 het
541 3033 912 3087 fortitudinem
964 3049 1030 3088 ex
1078 3028 1275 3088 divina
1328 3036 1415 3089 vi:
1470 3035 1521 3088 in
1553 3044 1761 3089 tantum
1799 3048 1856 3091 ut
1901 3053 1965 3091 ex

2073 3036 2264 3106 ῥοπὴν,
2298 3036 2389 3089 καὶ
2419 3038 2596 3089 πᾶσαν
2619 3040 2730 3099 τοῖς
2768 3039 3029 3100 ἐναντίοις
3061 3036 3157 3108 τὴν
3179 3036 3391 3091 δικαίαν
3418 3038 3640 3103 ἐπάγων

404 3125 697 3193 ἰιζριιτιιίηιο
738 3134 791 3178 et
853 3124 1186 3180 Hierusalem
1242 3136 1471 3180 cunctos
1531 3127 1965 3182 adversariorum

2069 3126 2336 3197 τιμωρίαν
2356 3142 2368 3155 ⁶
2405 3126 2464 3190 ὃς
2492 3126 2781 3197 ἐπιϐέϐηκε
2830 3127 2931 3197 μὲν
2964 3129 3051 3180 ἐπ’
3078 3125 3327 3190 εὐτελοῦς
3358 3124 3450 3179 τοῦ
3476 3124 3637 3193 ζώου,

402 3216 779 3269 destrueturus
804 3217 873 3270 sit
900 3231 1119 3277 currus.
1146 3225 1200 3269 et
1221 3219 1519 3281 equitatuut
1551 3217 1888 3283 universum,
1916 3227 1965 3273 et

2069 3215 2160 3269 ἀτε
2194 3215 2287 3268 νῦν
2335 3218 2399 3270 ἐκ
2430 3217 2530 3287 τῆς
2576 3217 2948 3287 αἰχμαλωσίας
2996 3216 3401 3289 παραγεγονὼς,
3437 3215 3638 3284 πολλῆς

401 3323 585 3360 arcum
621 3307 895 3362 bellicum.
919 3308 1025 3361 Pro
1045 3323 1108 3362 eo
1139 3323 1203 3361 ac
1236 3307 1415 3361 dicat:
1436 3307 1637 3362 Omnes
1664 3307 1965 3378 proﬂigabit

2069 3307 2123 3361 δέ
2152 3307 2473 3377 ἐπιλήψεται
2515 3308 2795 3378 δυνάμεως
2822 3308 2910 3361 διὰ
2941 3308 3040 3377 τῆς
3084 3308 3230 3371 θείας
3267 3309 3456 3378 ῥοπῆς,
3491 3306 3632 3359 ὥστε

404 3399 605 3464 hostes,
638 3405 695 3452 ut
724 3414 881 3454 nemo
936 3398 1188 3469 deinceps
1217 3396 1564 3452 adversarius
1614 3395 1849 3451 Judaica:
1882 3415 1965 3454 re-

2069 3398 2174 3453 ἀπό
2197 3416 2259 3451 τε
2291 3398 2380 3450 τοῦ
2424 3398 2659 3469 Ἐφραῒμ
2701 3399 2795 3461 καὶ
2817 3398 2925 3451 ἀπὸ
2950 3399 3051 3469 τῆς
3086 3398 3438 3470 Ἰερουσαλὴμ
3456 3398 3639 3450 πάντα

396 3492 545 3559 pioni
580 3491 841 3560 supersit.
903 3489 1113 3555 Perdet,
1171 3490 1368 3560 inquit,
1424 3505 1678 3559 magnum
1726 3490 1965 3545 hostium

2075 3491 2173 3562 μὲν
2214 3490 2324 3546 τῶν
2366 3490 2619 3543 ἐναντίων
2660 3490 2918 3558 ἀφανίσαι
2960 3491 3029 3543 τά
3082 3491 3324 3561 ἅρματα,
3374 3490 3549 3542 πάντα
3578 3488 3637 3543 δὲ

400 3597 706 3646 numerum,
727 3596 787 3633 ac
812 3596 943 3651 pace
963 3581 1106 3634 omni
1133 3582 1386 3650 privahit,
1411 3580 1673 3636 contritos
1705 3581 1964 3635 nimirum

2072 3584 2237 3637 ἵππον
2268 3583 2362 3637 καί.
2391 3585 2498 3636 πᾶν
2522 3581 2672 3648 τόξον
2692 3581 2981 3651 πολεμικόν
3004 3600 3017 3612 ·
3045 3582 3120 3652 (ῃ.
3144 3582 3270 3651 495)
3292 3582 3377 3634 ἴνα
3400 3581 3527 3651 εἴπῃ
3556 3580 3636 3632 ὅτι

397 3689 460 3725 ac
492 3673 730 3742 perditos
766 3672 903 3726 bello
939 3673 1081 3741 quod
1119 3672 1345 3741 ipsemet
1378 3678 1548 3741 geret.

2071 3676 2279 3740 πάντας
2312 3674 2650 3746 τροπώσεται
2695 3676 2820 3737 τοὺς
2858 3673 3167 3743 πολεμίους,
3200 3671 3276 3734 ὼς
3316 3670 3502 3742 μηδενὶ
3526 3667 3636 3721 τῶν

397 3767 670 3829 ἐναντίων,
700 3765 839 3819 κατὰ
865 3768 933 3820 τά
957 3767 1054 3836 τῆς
1077 3765 1255 3838 χώρας
1276 3762 1415 3819 εἶναι
1447 3766 1546 3836 τῆς
1576 3765 1831 3831 Ἰουδαίας
1861 3767 1939 3821 ἔτι
1960 3785 1973 3799 ο
2027 3770 2245 3840 ἀφανιεῖ
2274 3770 2350 3835 δέ,
2383 3772 2535 3842 φησὶ,
2584 3770 2676 3823 καὶ
2714 3768 2916 3839 πλῆθος
2958 3767 3090 3821 πολὺ
3117 3769 3224 3820 τῶν
3255 3765 3526 3823 ἐναντίων,
3555 3762 3635 3814 εἰ·

399 3858 567 3926 ρήνης
621 3856 673 3907 δὲ
724 3855 903 3926 πάσης
961 3857 1113 3920 ἐκτὸς
1158 3856 1353 3919 αὐτοὺς
1398 3857 1762 3925 καταστήσει,
1825 3857 1922 3912 ἆτε
1972 3860 2418 3933 συντριϐομένους
2465 3877 2524 3914 τε
2571 3861 2666 3915 καὶ
2716 3859 3117 3931 ἀπολλυμένους
3163 3858 3241 3930 τῷ
3290 3857 3420 3929 παρ’
3473 3854 3636 3910 αὐτοῦ

397 3948 528 3999 πολέ
536 3964 618 4015 {up
627 3986 639 3997 .

467 4039 583 4093 Jam
636 4038 778 4108 quod
824 4037 938 4092 haec
998 4038 1064 4091 de
1114 4036 1449 4111 Zorohabele
1488 4055 1636 4094 nunc
1687 4040 1961 4106 dicantur,

399 4132 740 4199 exploratum
776 4136 878 4181 est.
908 4130 1157 4181 Attamen
1184 4142 1284 4196 ego
1312 4130 1541 4184 miratus
1572 4146 1691 4184 sum
1730 4133 1964 4185 nonnul-

401 4223 500 4280 lus,
542 4220 633 4289 qui
664 4220 720 4271 in
767 4216 1036 4271 absurdas
1071 4217 1335 4271 abeuntes
1389 4219 1697 4286 opiniones,
1753 4231 1959 4289 partem

398 4312 614 4378 quidem
638 4309 768 4363 dicti
802 4307 966 4375 hujus
1001 4305 1068 4360 de
1098 4304 1434 4361 Zorobabele
1462 4308 1793 4379 intelligunt,
1834 4325 1960 4379 paro

2136 4040 2258 4094 Ὀτι
2307 4039 2402 4108 μὲν
2437 4032 2528 4090 οὖν
2568 4036 2739 4089 ταῦτα
2774 4035 2901 4107 περί
2950 4036 3039 4089 τοῦ
3068 4035 3370 4106 Ζοροϐάϐελ
3404 4036 3633 4092 ἐνταῦθα

2065 4132 2299 4199 λέγεται,
2339 4130 2515 4197 δῆλον.
2562 4128 2699 4197 Ἐγὼ
2725 4129 2781 4181 δὲ
2820 4129 3104 4199 ἐθαύμασα
3139 4128 3247 4181 τῶν
3290 4128 3375 4181 ἐπ’
3411 4129 3636 4183 dilexe-

2060 4240 2185 4286 τους
2228 4221 2576 4293 τρεπομένων
2621 4220 2874 4283 διανοίας,
2906 4221 3001 4273 καὶ
3045 4219 3106 4273 τὸ
3141 4221 3238 4290 μέν
3273 4239 3323 4274 τι
3353 4223 3515 4292 μέρος
3541 4225 3635 4277 ἐπὶ

2062 4311 2154 4363 τοῦ
2191 4310 2491 4381 Ζοροϐάϐελ
2534 4308 3000 4377 ἐκλαμϐανόντων,
3048 4308 3110 4361 τὸ
3150 4310 3205 4361 δὲ
3238 4310 3329 4362 ἐπὶ
3360 4312 3628 4364 Δεσπότου

400 4414 504 4454 tem
541 4412 718 4457 autem
768 4400 835 4454 de
879 4400 1098 4454 Christo
1133 4396 1365 4451 Domino
1400 4416 1412 4451 :
1447 4400 1589 4467 quod
1625 4401 1771 4454 aliud
1822 4402 1957 4456 nihil

2069 4402 2293 4474 Χριστοῦ
2318 4419 2331 4433 ⁸
2374 4404 2509 4473 ὅπερ
2540 4401 2694 4456 ούθὲν
2732 4401 2913 4471 ἕτερόν
2951 4404 3094 4454 ἐστιν
3123 4402 3155 4472 ἢ
3194 4403 3519 4473 μεριζόντων
3549 4403 3630 4473 τῷ

397 4502 503 4556 est,
534 4493 639 4547 nisi
674 4494 816 4547 inter
848 4491 1238 4546 Zorohabelem
1269 4499 1324 4546 et
1361 4492 1637 4547 Christum
1669 4493 1958 4549 Dominum

399 4584 690 4652 prophetiae
721 4582 955 4647 divisio;
984 4598 1104 4652 qua:
1137 4597 1348 4639 summa
1390 4583 1602 4636 insania
1646 4592 1749 4638 est.
1785 4584 1958 4640 Verus

396 4684 575 4729 autem
626 4674 867 4726 locorum
920 4673 1231 4742 hujusmodi
1274 4691 1468 4729 sensus
1518 4674 1606 4730 ille
1652 4684 1756 4739 est,
1795 4693 1955 4746 quem

392 4768 503 4831 jam
550 4775 708 4819 antea
759 4781 841 4818 me
891 4766 1098 4821 dixisse
1154 4768 1291 4833 scio,
1338 4783 1531 4835 nempe
1577 4767 1722 4836 quod
1766 4767 1957 4821 umbra

393 4857 635 4911 omnium
686 4854 889 4910 Christi
934 4856 1147 4910 Domini
1193 4873 1376 4911 rerum
1421 4860 1505 4911 lex
1554 4858 1740 4914 fuerit.
1787 4858 1955 4914 Multa

395 4956 558 5023 igitur
592 4953 734 5008 mire.
771 4959 912 5012 acta,
948 4950 1064 5005 sive
1116 4951 1264 5005 circa
1311 4955 1596 5022 populum,
1652 4954 1767 5008 sive
1807 4954 1953 5008 circa

393 5043 685 5096 nonnullos
720 5042 781 5093 ad
819 5040 1037 5109 aliquod
1085 5056 1284 5095 munus
1316 5044 1542 5108 electos,
1569 5042 1730 5113 332
1764 5044 1953 5100 recitat

394 5126 735 5202 hyperbolice
788 5132 853 5184 de
911 5131 1181 5201 praedictis
1220 5130 1545 5201 Scriptura,
1599 5120 1723 5188 eum
1774 5147 1954 5190 tamen

390 5224 559 5277 dictio
589 5224 642 5277 in
664 5223 1032 5287 sensuobvio
1064 5221 1341 5276 veritatem
1381 5240 1487 5278 non
1519 5226 1833 5280 contineat:
1860 5225 1954 5281 sed

388 5331 452 5369 ea
493 5323 606 5367 tam.
642 5315 859 5368 demum
905 5330 1030 5368 vera
1075 5315 1513 5383 comperiantur,
1562 5332 1685 5369 cum
1734 5317 1801 5371 de
1836 5319 1953 5386 ipso

389 5414 685 5460 censentur
737 5406 953 5460 Christo
1008 5406 1274 5468 Domino,
1333 5407 1426 5475 qui
1489 5409 1703 5462 sublata
1755 5410 1955 5479 ubique

392 5498 524 5566 legis
553 5498 765 5561 umbra,
789 5507 842 5549 et
868 5499 1085 5568 propria
1111 5484 1337 5552 veritate
1367 5499 1805 5565 subintroducta,
1834 5501 1953 5571 jure

392 5589 691 5656 meritoque
740 5587 1054 5655 hujusmodi
1103 5590 1323 5658 quoique
1371 5590 1672 5645 dictionum
1714 5591 1953 5647 ostendit

390 5678 695 5736 veritatem.
730 5680 860 5735 Tale
904 5687 986 5737 est
1034 5680 1167 5739 illud
1200 5672 1510 5738 Abraham'o
1545 5683 1774 5752 dictum,
1804 5686 1949 5756 quod

2059 4513 2116 4548 τε
2133 4495 2432 4567 Ζοροϐάϐελ
2470 4495 2564 4547 καὶ
2607 4495 2684 4566 τῷ
2729 4494 2970 4564 Δεσπότῃ
3009 4494 3224 4565 Χριστῷ
3272 4496 3371 4566 τὴν
3417 4513 3628 4569 προφη-

2056 4589 2227 4642 τείαν.
2266 4590 2421 4642 Ἐστι
2450 4588 2505 4641 δὲ
2537 4588 2709 4643 ταῦτα
2744 4590 2841 4660 μὲν
2872 4590 3053 4653 ἀνοίας
3081 4592 3177 4660 τῆς
3205 4591 3437 4663 ἐσχάτης
3463 4609 3476 4623 ο
3509 4595 3537 4646 ὁ
3569 4593 3628 4647 δὲ

2058 4681 2261 4753 ἀληθὴς
2290 4681 2397 4733 τῶν
2416 4682 2668 4735 τοιούτων
2694 4683 2837 4744 νοῦς,
2857 4684 3057 4745 ἐκεῖνός
3090 4685 3234 4737 ἐστιν
3266 4685 3323 4736 ὃν
3348 4684 3439 4738 καὶ
3460 4686 3630 4756 πρόσ-

2060 4771 2151 4825 θεν
2214 4773 2449 4845 εἰρηκὼς
2475 4769 2611 4840 οἴδα,
2638 4775 2718 4827 ὅτι
2748 4774 2903 4827 σκιάν
2935 4776 2963 4826 ό
3001 4775 3161 4846 νόμος
3190 4774 3334 4845 εἶχεν
3375 4777 3628 4831 ἁπάντων

2055 4861 2164 4915 τῶν
2198 4863 2338 4915 κατά
2377 4862 2468 4915 τὸν
2514 4864 2787 4933 Δεσπότην
2812 4865 3061 4935 Χριστόν.
3116 4864 3289 4918 Πολλὰ
3314 4866 3489 4919 τοίνυν
3516 4865 3627 4920 τῶν

2056 4952 2372 5023 παραδόξως
2421 4954 2738 5025 γινομένων,
2782 4954 2891 5008 εἴτε
2921 4956 3045 5027 περ)⁹
3072 4956 3162 5010 τὸν
3192 4955 3339 5023 λαὸν,
3367 4957 3473 5011 εἴτε
3500 4957 3628 5018 τοὺς

2055 5044 2146 5096 ἐπί
2169 5061 2308 5097 τισιν
2335 5044 2675 5113 ἐκλεγέντας,
2713 5046 2860 5115 λέγει
2891 5047 2989 5114 μὲν
3018 5045 3513 5119 ὑπερϐολικώτερον
3529 5048 3618 5102 ἐπ’

2054 5136 2233 5189 αὐτῶν
2276 5137 2498 5191 ἐκείνων
2529 5139 2561 5209 ὴ
2608 5139 2815 5211 Γραφῇ,
2851 5139 2951 5211 τῆς
2980 5140 3175 5206 λέξεως
3224 5140 3367 5193 κατὰ
3393 5139 3455 5194 τὸ
3485 5140 3621 5211 πρό-

2051 5245 2233 5298 χειρον
2256 5229 2354 5299 τὴν
2384 5228 2638 5299 ἀλήθειαν
2658 5231 2757 5283 οὐκ
2781 5230 3009 5301 ἐχούσης
3035 5247 3048 5262 ·
3075 5231 3386 5301 εὑρίσκεται
3416 5229 3474 5284 δὲ
3495 5229 3627 5302 ἀλη-

2055 5317 2120 5388 θῆ
2148 5317 2217 5370 τὰ
2243 5319 2487 5381 τοιαῦτα,
2518 5323 2592 5374 ὅτ’
2626 5321 2690 5374 ἂν
2720 5321 2804 5373 ἐπ’
2832 5321 2993 5374 αὑτοῦ
3022 5322 3271 5392 κρίνηται
3296 5321 3391 5376 τοῦ
3417 5322 3623 5375 Δεσπό-

2051 5424 2144 5459 του
2172 5410 2428 5481 Χριστοῦ,
2458 5411 2514 5473 ὃς
2537 5414 2595 5463 ἐν
2626 5411 2795 5464 ἀπασι
2831 5412 3043 5474 παύσας
3076 5413 3175 5483 μὲν
3201 5414 3294 5467 τοῦ
3324 5414 3485 5485 νόμου
3524 5413 3626 5485 τὴν

2054 5501 2231 5566 σκιάν,
2275 5501 2652 5570 ἐπεισαγαγὼν
2698 5503 2753 5555 δὲ
2806 5505 2905 5576 τὴν
2951 5505 3210 5574 ἀλήθειαν
3246 5507 3346 5578 τὴν
3392 5507 3618 5568 οἰκείαν,

2052 5593 2275 5655 εἰκότως
2306 5593 2524 5647 καὶτῶν
2553 5594 2743 5663 φωνῶν
2767 5595 2873 5648 τῶν
2892 5596 3149 5651 τοιούτων
3171 5598 3501 5653 ἐπιδείκνυσι
3522 5596 3624 5669 τὴν

2052 5681 2333 5755 ἀλήθειαν.
2377 5685 2625 5740 Τοιοῦτόν
2675 5686 2788 5739 ἐστι
2834 5686 2894 5740 τὸ
2925 5690 3060 5761 πρὸς
3092 5690 3184 5746 τὸν
3237 5690 3504 5763 Ἀϐραὰμ,
3536 5688 3621 5746 ὅτι
