3992 6232
354 248 456 305 $5?

1286 246 1827 307 COMMENTARIUS
1866 248 1930 301 IN
1966 247 2335 303 ZACHARIAE
2378 246 2529 301 CAP.
2570 244 2661 301 IX.

3471 260 3576 315 558

356 386 376 419 ι
399 361 910 431 Ἔνευλογηθήσεται
951 362 1009 413 ὲν
1052 364 1132 414 σοὶ
1164 364 1255 415 καὶ
1294 366 1353 416 ὲν
1391 362 1468 434 τῷ
1503 362 1774 433 σπέρματί
1822 380 1903 415 σοι

2022 381 2039 412 ι
2078 356 2473 416 Benedicentur
2523 363 2578 415 in
2638 374 2691 416 te
2742 372 2797 417 et
2853 365 2909 418 ln
2967 368 3177 422 semine
3233 377 3329 423 tuo
3386 387 3576 434 omnes

353 456 531 509 πάντα
558 451 626 505 τὰ
646 450 770 522 ἔθνη
794 465 807 479 ·
833 470 852 502 ι
887 448 1034 521 δηλοῖ
1068 448 1164 523 μὲν
1190 452 1297 523 γὰρ
1321 454 1446 517 τοὺς
1484 454 1543 518 ἐξ
1570 452 1734 506 αὐτοῦ
1761 470 1917 521 γεγοο

355 545 513 606 νότας
544 542 686 595 κατὰ
714 541 774 593 τὸ
801 543 1085 612 πρόχειρον
1104 561 1117 573 ·
1150 544 1183 613 ἡ
1212 544 1436 614 ἀλήθεια
1467 544 1524 597 δὲ
1548 544 1641 597 τοῦ
1675 545 1739 615 {Si}
1751 560 1916 611 ματος

354 637 448 689 ἐπὶ
488 632 582 687 τοῦ
609 633 877 687 Δεσπότου
919 637 1231 689 συνίσταται
1273 635 1531 707 Χριστοῦ,
1564 643 1639 705 (p.
1667 636 1792 703 496)
1831 636 1914 707 ἐφ’

353 721 527 799 οὗπερ
547 725 712 791 ὄντως
736 726 1149 797 ὲνευλογηθῆναι
1173 727 1359 797 γέγονε
1392 728 1459 782 τὰ
1482 729 1627 801 ἔθνη.
1669 730 1917 783 Τοιοῦτόν

355 821 470 873 ἔστι
503 822 596 875 καὶ
629 820 703 891 τῷ
735 819 986 891 μακαρίῳ
1017 821 1193 885 Δαυῒδ,
1227 840 1245 874 ‹
1284 824 1343 875 '0
1377 821 1564 894 θρόνος
1592 818 1754 876 αὑτοῦ
1788 824 1862 887 ὡς
1888 825 1918 877 ὁ

353 913 500 984 ἣλιος
522 912 757 965 ἐναντίον
785 930 908 982 μου,
933 912 1025 964 καὶ
1040 913 1161 982 ὡςή
1186 914 1378 985 σελήνη
1406 915 1812 986 κατηρτισμένη
1836 916 1917 978 είς

352 1008 444 1057 τὸν
467 1003 657 1057 αἰῶνα’
681 1007 771 1056 καὶ
788 1003 1020 1075 θήσομαι
1064 1007 1143 1068 είς
1190 1023 1279 1057 τον
1315 1007 1485 1059 αίῶνα
1524 1006 1616 1059 τοῦ
1642 1007 1834 1069 αἰῶνος
1856 1008 1917 1060 τὸ

357 1092 575 1164 σπέρμα
596 1093 779 1155 αὐτοῦ,
795 1095 886 1146 καὶ
907 1094 994 1146 τὸν
1015 1093 1199 1164 θρόνον
1216 1094 1377 1147 αὐτοῦ
1392 1094 1466 1157 ὡς
1480 1096 1577 1158 τὰς
1592 1097 1623 1166 ὴ
1632 1097 1696 1166 μέ
1704 1114 1802 1167 ρας
1824 1094 1915 1150 τοῦ

353 1188 412 1240 οὐ
423 1187 604 1257 ρανοῦ.
620 1208 637 1235 ι
659 1184 748 1254 Τῷ
768 1185 866 1253 μὲν
886 1185 993 1256 γὰρ
1014 1187 1285 1256 προχείρῳ
1317 1186 1463 1239 δοκεῖ
1489 1188 1611 1250 τοὺς
1641 1186 1918 1258 διαδόχους

353 1277 553 1346 λέγειν,
581 1276 666 1345 ἐφ’
698 1270 773 1329 ὧν
800 1276 1068 1344 διαμένειν
1088 1277 1317 1347 ἤμελλεν
1337 1279 1368 1349 ἡ
1387 1278 1630 1348 βασιλεία
1650 1296 1665 1309 ’
1690 1281 1721 1349 ἡ
1750 1277 1804 1332 δὲ
1822 1278 1916 1332 τοῦ

355 1370 677 1438 πράγματος
706 1366 928 1436 ἀλήθεια
960 1367 1052 1418 ἐπὶ
1076 1365 1168 1419 τοῦ
1198 1368 1463 1421 Δεσπότου
1491 1366 1757 1423 δείκνυται
1786 1371 1918 1441 Χρι-

355 1457 503 1523 στοῦ,
518 1454 578 1512 οὗ
592 1458 799 1527 δντωςή
823 1456 1063 1525 βασιλεία
1076 1458 1269 1522 παντὸς
1290 1457 1387 1529 μὲν
1402 1459 1551 1530 ἡλίου
1570 1455 1917 1533 λαμπροτέρα

357 1548 892 1619 καθέστηκε,παντὸς
927 1548 982 1600 δὲ
1001 1544 1227 1618 οὐρανοῦ
1271 1552 1635 1622 μονιμωτέρα.
1668 1553 1918 1607 Τοιοῦτόν

2016 462 2205 524 gentes
2227 454 2292 506 ⁶².
2325 474 2343 506 ι
2394 453 2599 525 Nempe
2627 453 2823 510 obvius
2849 456 3067 525 quidem
3104 474 3301 516 sensus
3326 472 3578 533 posteros

2016 542 2136 615 ejus
2164 545 2451 616 designat;
2484 557 2859 603 verumtamen
2890 550 3023 603 dicti
3053 552 3254 607 veritas
3280 554 3337 608 in
3358 555 3578 610 Christo

2017 636 2247 691 Domino
2300 645 2534 701 constat,
2588 637 2642 691 in
2694 654 2802 709 quo
2854 655 3048 711 reapse
3093 643 3343 699 benedici
3387 655 3579 716 gentes

2018 727 2269 797 contigit.
2299 727 2431 783 Tale
2464 736 2550 783 est
2574 731 2737 783 etiam
2770 731 2903 786 illud
2937 734 3096 787 beato
3125 733 3315 789 Davidi
3338 736 3575 792 dictum-

2024 837 2044 871 ‹
2070 818 2325 877 Thronus
2350 822 2471 889 ejus
2494 824 2637 877 sicut
2664 824 2745 877 sol
2773 824 2826 878 in
2851 835 3147 895 conspectu
3183 844 3324 891 meo,
3349 820 3411 885 et
3433 831 3578 907 sicut

2019 911 2151 964 luna
2202 911 2443 981 perfecta
2497 913 2551 967 in
2600 920 2887 969 aeternum.
2941 916 3006 970 lit
3042 933 3238 987 ponam
3288 919 3343 974 in
3403 936 3575 977 stecu-

2018 1004 2133 1059 lum
2184 1005 2367 1059 saeculi
2413 1020 2597 1060 semen
2648 1007 2802 1075 ejus,
2849 1017 2903 1063 et
2957 1008 3214 1063 thronum
3270 1011 3389 1079 ejus
3434 1013 3579 1068 sicut

2017 1095 2134 1149 dies
2179 1095 2391 1150 caeli”.
2435 1114 2454 1147 ›
2494 1095 2667 1151 Obvio
2711 1113 2842 1153 sane
2893 1115 3058 1154 sensu
3094 1103 3310 1156 videtur
3352 1119 3570 1159 succes-

2022 1199 2176 1239 sores
2222 1185 2436 1251 dicere,
2486 1187 2540 1240 in
2593 1188 2793 1257 quibus
2843 1206 3066 1260 regnum
3104 1203 3577 1262 perseveraturum

2018 1286 2175 1333 erat:
2208 1279 2300 1333 sed
2347 1288 2527 1335 tamen
2572 1282 2650 1335 rei
2699 1282 2901 1339 veritas
2973 1286 3027 1339 in
3083 1286 3301 1341 Christo
3350 1287 3577 1343 Domino

2020 1380 2260 1439 apparet,
2307 1373 2466 1441 cujus
2499 1389 2623 1429 vere
2658 1391 2886 1446 regnum
2919 1379 3032 1432 sole
3072 1377 3313 1449 quolibet
3346 1383 3562 1451 splendi

2018 1462 2143 1516 dius
2157 1472 2262 1523 est.
2293 1471 2346 1517 et
2369 1465 2610 1533 quolibet
2636 1468 2775 1522 caelo
2796 1472 3161 1525 constantius.
3190 1468 3320 1528 Tale
3346 1475 3579 1546 denique

2017 1562 2142 1606 est:
2178 1573 2195 1603 ι
2233 1550 2351 1607 Non
2400 1563 2482 1608 est
2535 1556 2792 1611 derelicta
2847 1561 3027 1614 anima
3070 1562 3189 1631 ejus
3240 1566 3293 1618 in
3342 1566 3575 1629 inferno,

356 1642 474 1693 ἔστι
495 1641 576 1705 τὸ,
594 1658 612 1691 ι
631 1640 741 1693 Οὐκ
756 1639 1144 1709 ἐγκατελείφθη
1159 1643 1191 1711 ἡ
1208 1640 1352 1711 ψυχὴ
1366 1642 1529 1705 αὐτοῦ
1545 1645 1621 1705 είς
1638 1643 1782 1715 ᾅδου,
1798 1645 1903 1697 οὑδὲ

2020 1658 2195 1711 neque
2242 1659 2373 1698 caro
2428 1646 2547 1714 ejus
2606 1648 2741 1702 vidit
2800 1653 3209 1722 corruptionem
3239 1656 3320 1723 ἰς
3362 1679 3379 1709 ι
3431 1660 3576 1729 quod

356 1733 394 1802 ἡ
413 1730 547 1802 σὰρξ
563 1702 719 1785 αὐτοῦ
740 1702 844 1782 εἶδε
860 1702 1369 1803 διαφθᾱράζμίίδέὲξ)
1384 1702 1752 1803 ὑπερϐολικῶς
1768 1702 1903 1808 εἰρη-

2018 1736 2362 1805 hyperholice
2390 1737 2598 1793 dictum
2629 1755 2657 1793 a
2688 1741 2849 1795 beato
2882 1740 3085 1800 Davide
3114 1748 3180 1802 de
3211 1702 3576 1806 Israelita'rum

361 1821 521 1894 μένον
541 1821 683 1888 παρὰ
698 1820 793 1872 τοῦ
817 1822 1081 1892 μακαρίου
1096 1816 1262 1875 Δαυῖδ
1279 1823 1370 1876 ἐπὶ
1395 1824 1486 1877 τοῦ
1513 1824 1640 1903 λαοῦ
1669 1826 1775 1879 τῶν
1809 1829 1913 1880 ἰσ-

356 1911 643 1982 ραηλιτῶν,
679 1913 767 1964 ἐπ’
815 1911 982 1981 αὐτῆς
1026 1912 1122 1982 τῆς
1151 1912 1259 1964 τῶν
1288 1915 1626 1985 πραγμάτων
1658 1918 1913 1987 ἀληθείας

352 1995 531 2055 ὦπται
547 2002 765 2070 γεγονὸς
781 2003 871 2054 ἐπὶ
890 2002 980 2055 τοῦ
998 2004 1265 2057 Δεσπότου
1285 2006 1538 2076 Χριστοῦ.
1559 2007 1720 2062 ’Όθὲν
1736 2009 1797 2081 δὴ
1819 2012 1912 2064 καὶ

347 2097 418 2165 τῇ
442 2096 590 2165 φωνῇ
612 2094 831 2157 δικαίως
875 2096 902 2147 ὁ
923 2094 1187 2166 μακάριος
1215 2098 1483 2166 ἐχρήσατο
1503 2099 1705 2170 Πέτρος
1741 2102 1912 2171 λέγων

347 2185 454 2249 ὅτι,
501 2205 519 2236 ι
541 2186 652 2238 Οὐκ
683 2184 1067 2258 ἐγκατελείφθη
1099 2190 1131 2258 ἡ
1158 2188 1303 2260 ψυχὴ
1332 2189 1493 2243 αὐτοῦ
1523 2192 1601 2255 είς
1622 2192 1770 2264 ᾅδου,
1791 2195 1912 2249 οὐδὲ

348 2276 385 2346 η
420 2274 554 2345 σὰρξ
573 2275 733 2329 αὐτοῦ
758 2272 862 2329 εἶδε
884 2276 1193 2349 διαφθοράν.
1226 2298 1246 2332 ι

424 2367 599 2419 Πολλὰ
629 2362 851 2420 τοιαῦτα
883 2364 1031 2439 εὖροι
1068 2386 1151 2432 τις
1182 2370 1268 2438 ἂν,
1312 2370 1348 2426 ἃ
1383 2374 1589 2445 μακρὸν
1615 2374 1790 2444 λέγειν
1819 2375 1912 2433 ἐπὶ

346 2456 439 2510 τοῦ
476 2458 758 2528 παρόντος,
785 2458 821 2512 ἃ
848 2460 1107 2531 πρότερον
1138 2462 1234 2532 μὲν
1271 2464 1643 2536 ὑπερϐολικῶς
1676 2468 1907 2536 ἐλέγετο,

347 2550 451 2602 οὐκ
478 2549 666 2620 ἔχοντα
690 2551 781 2604 τοῦ
802 2550 1088 2623 λεγομένου
1110 2555 1208 2627 τὴν
1237 2558 1490 2629 ἀλήθειαν
1518 2561 1737 2632 ἀκριϐῆ,
1764 2563 1911 2634 εὑρί-

347 2657 537 2695 σκεται
563 2642 619 2695 δὲ
648 2642 816 2706 οὕτως
847 2643 1055 2714 ἔχοντα,
1085 2646 1271 2718 ὥσπερ
1311 2646 1402 2704 οῦν
1429 2651 1662 2725 εἴρηται,
1696 2658 1785 2709 ἐπὶ
1811 2656 1905 2710 τοῦ

347 2736 616 2789 Δεσπότου
646 2737 899 2807 Χριστοῦ.
944 2739 1162 2793 Τοιοῦτο
1208 2742 1271 2813 δή
1312 2761 1363 2795 τι
1411 2747 1503 2799 καὶ
1540 2747 1694 2800 τοῦτό
1738 2751 1903 2802 ἐστιν.

356 2826 420 2878 '0
446 2827 545 2897 μὲν
577 2828 681 2897 γὰρ
711 2830 837 2897 περὶ
864 2829 955 2882 τοῦ
981 2831 1281 2903 Ζοροϐάϐελ
1305 2835 1487 2904 ἔλεγεν
1516 2840 1579 2891 ἐκ
1601 2840 1700 2910 τῆς
1733 2841 1907 2895 διαδο-

345 2918 449 2989 χῆς
482 2919 574 2971 τοῦ
598 2919 757 2973 Δαυῒδ
785 2922 923 2975 κατὰ
949 2923 1169 2995 γνώμην
1181 2926 1313 2979 Θεοῦ
1341 2928 1638 2999 ἡγουμένου
1662 2930 1769 2983 τῶν
1786 2933 1909 2985 Ἰου-

344 3006 529 3073 δαίων,
546 3007 697 3079 ῶερθη
717 3009 772 3062 δὲ
801 3008 862 3061 τὸ
885 3014 1115 3083 πρᾶγμα
1135 3015 1522 3087 ἀναντίρρητον
1549 3019 1669 3091 ἔχον
1694 3022 1788 3074 ἐπὶ
1813 3023 1904 3076 τοῦ
1931 3056 1973 3113 C

344 3098 614 3150 Δεσπότου
643 3098 876 3169 Χριστοῦ
918 3103 1015 3171 τὴν
1048 3102 1334 3173 ἀλήθειαν
1367 3108 1460 3158 τοῦ
1494 3108 1593 3177 μὲν
1624 3109 1729 3181 γὰρ
1752 3113 1843 3164 καὶ
1871 3115 1903 3185 ή

346 3185 485 3214 ιιι-λ.
518 3185 624 3214 ,ἒιη
653 3187 815 3214 ιουίο...
853 3191 1086 3214 _....._!..
1281 3195 1303 3214 se
1354 3196 1395 3214 ι-
1473 3199 1582 3214 Ir.-.
1681 3203 1692 3214 ι
1747 3205 1757 3214 .
1838 3204 1863 3214 ..

2064 3098 2099 3100 η
2139 3098 2404 3104 --φη-η
2458 3098 2768 3107 ---κη-,η
2830 3098 3003 3123 ...μη
3058 3098 3155 3114 σν..
3210 3098 3297 3118 ...ο
3348 3098 3382 3117 ι.

2005 3138 2255 3196 evidente
2284 3142 2513 3198 veritate
2554 3146 2731 3214 patuit
2780 3148 2836 3202 in
2885 3149 3104 3206 Christo
3136 3150 3386 3209 Domino.

346 3185 487 3238 κατὰ
518 3185 624 3239 τῶν
651 3187 815 3242 ἐθνῶν
852 3191 1090 3261 τιμωρία
1135 3195 1324 3267 μικρὰ,
1351 3196 1425 3266 (p.
1460 3199 1587 3265 497)
1610 3203 1703 3254 καὶ
1736 3205 1768 3273 ἡ
1797 3204 1905 3257 τῶν

342 3276 558 3329 οἰκείων
577 3277 813 3347 σωτηρία
834 3279 1051 3351 εὐτελής
1070 3297 1083 3310 ’
1109 3282 1228 3335 ὅθεν
1251 3286 1343 3337 καὶ
1368 3287 1668 3354 ἀκολούθως
1688 3292 1902 3360 ἐπάγει,

341 3368 453 3422 δτι(
476 3363 867 3437 Ἐξολοθρεύσει
888 3369 1105 3442 ἅρματα
1123 3373 1182 3437 ἐξ
1214 3376 1451 3449 Ἐφραῖμ
1509 3382 1602 3435 καλ⁵
1650 3383 1811 3437 ἵππον
1844 3386 1903 3453 ἐξ

352 3460 726 3533 Ἰερουσαλὴμ,
750 3466 990 3536 »δεικνὺς
1012 3467 1091 3519 ὅτι
1122 3468 1257 3539 πρὸς
1293 3470 1449 3523 τοῦτο
1482 3474 1664 3538 αὐτοῖς
1695 3478 1903 3546 συμϐα-

336 3552 509 3607 λεῖται
541 3555 601 3608 τὸ
625 3556 734 3610 τῶν
762 3558 1008 3629 πολέμων
1034 3562 1226 3627 αὐτοὺς
1247 3565 1624 3622 ἀπαλλάττειν.
1670 3567 1901 3642 Ἀληθὴς

337 3642 453 3715 δὲὴ
493 3648 642 3717 φωνὴ
672 3649 910 3719 πέφηνεν
957 3650 1051 3704 ἐπὶ
1096 3649 1190 3706 τοῦ
1214 3656 1481 3710 Δεσπότου
1510 3660 1767 3731 Χριστοῦ,
1813 3663 1898 3731 ἐφ’

333 3726 509 3805 οὗπερ
526 3735 690 3802 ὅντως
718 3738 888 3792 ἔνεστι
922 3741 1130 3815 χαίρειν
1156 3744 1382 3817 νόμιμόν
1408 3765 1467 3801 τε
1501 3726 1672 3821 χαρὰν
1700 3754 1793 3805 καὶ
1822 3726 1899 3806 δὶ-

333 3824 530 3896 ηνεκῆσ
558 3827 615 3890 ὃς
637 3827 802 3892 ὅντως
825 3829 1027 3895 δίκαιός
1055 3834 1219 3900 ἐστιν,
1251 3837 1346 3889 ἆτε
1379 3838 1516 3908 μετὰ
1536 3838 1723 3894 τούτου
1749 3844 1896 3915 πάσῃ

335 3915 538 3995 κρίνων
562 3920 626 3989 τῇ
652 3922 938 3993 οἰκουμένῃ
969 3923 1062 3978 ταὶ
1081 3923 1267 3990 ὅντως,
1301 3929 1329 3983 ὃ
1366 3947 1429 3998 γε
1462 3933 1665 3996 πάντας
1693 3934 1751 3999 ἐξ
1791 3937 1895 3989 ἀπ-

333 4004 529 4069 ωλείας
564 4010 643 4072 είς
671 4011 939 4082 σωτηρίαν
984 4015 1238 4085 μεθιστὰς
1264 4019 1483 4092 διηνεκῆ
1524 4024 1618 4075 καὶ
1651 4024 1889 4093 βεϐαίαν.

347 4096 607 4151 Ἐνταῦθα
621 4096 712 4154 οὖν
734 4101 944 4173 εἴρηται
972 4108 1099 4177 περὶ
1126 4108 1212 4161 τοῦ
1236 4109 1533 4181 Ζοροϐάϐελ
1555 4132 1617 4167 συ
1626 4134 1892 4189 μμετρου-

335 4185 505 4256 μένης
535 4188 635 4259 τῆς
676 4191 858 4263 φωνῆς
886 4194 964 4265 τί)
991 4197 1073 4264 ἐφ’
1106 4191 1274 4270 οὗπερ
1305 4201 1521 4270 λέγεται
1556 4206 1622 4258 τὰ
1651 4185 1891 4279 γεγραμ-

330 4278 470 4346 μένα
494 4294 508 4308 °
543 4281 599 4332 έν
619 4282 675 4334 δὲ
698 4286 811 4347 τοῖς
833 4284 1181 4354 Εὑαγγελίοις
1208 4292 1297 4344 ἐπὶ
1319 4291 1407 4345 τὸν
1430 4298 1703 4368 Δεσπότην
1726 4278 1888 4371 ἦκται

326 4370 583 4441 Χριστὸν,
613 4374 671 4438 ὃς
699 4375 787 4430 διὰ
813 4377 1024 4432 πάντων
1061 4371 1256 4444 ὦπται,
1303 4387 1391 4438 καὶ
1427 4388 1597 4456 μέγας
1627 4394 1718 4445 καὶ
1749 4370 1883 4463 ὕψη·
1917 4401 1961 4457 ι)

325 4459 419 4525 λὶς
448 4464 540 4517 καὶ
557 4465 761 4530 δίκαιος
788 4468 881 4522 καὶ
919 4471 1103 4535 σώζων
1139 4474 1233 4527 καὶ
1280 4477 1535 4547 μονίμους
1568 4480 1664 4545 τὰς
1682 4459 1885 4550 οἰκείας

326 4554 580 4624 παρέχων
620 4556 952 4628 εὐεργεσίας,
985 4563 1351 4632 ἀμεταθέτους
1390 4584 1447 4620 τε
1480 4571 1754 4637 παντελῶς
1794 4578 1886 4629 καὶ

331 4644 630 4716 μεταϐολὴν
649 4648 903 4719 οὐδεμίαν
947 4651 1195 4718 δέξασθαι
1232 4657 1552 4729 δυναμένας.
1592 4658 1759 4717 Τοῦτο
1787 4667 1886 4735 μὲν

327 4735 421 4793 οὖν
448 4741 861 4799 ἀκολουθότατόν
890 4765 946 4801 τε
971 4750 1059 4802 καὶ
1083 4753 1289 4823 πρέπον
1312 4756 1404 4809 καὶ
1426 4757 1600 4827 λέγειν
1616 4762 1707 4814 καὶ
1725 4767 1881 4821 νοεῖν.

326 4830 400 4883 τὸ
426 4830 483 4926 ξι
512 4832 674 4904 μέρος
713 4838 809 4907 μὲν
833 4837 994 4894 αὑτοῦ
1026 4841 1202 4913 λέγειν
1223 4847 1469 4918 είρῆσθαι
1500 4855 1627 4922 περὶ
1650 4854 1742 4908 τοῦ
1760 4858 1885 4926 Χρι-

321 4919 482 4984 στοῦ,
518 4926 799 4992 κατιόντας
840 4928 895 4984 δὲ
932 4932 1281 5002 μεθίστασθαι
1319 4940 1412 4993 ἐπὶ
1440 4942 1531 4995 τὸν
1560 4919 1878 5017 Ζοροϐάϐελ,

318 5014 416 5065 καὶ
440 5015 596 5068 πάλιν
624 5019 714 5072 ἰπὶ
750 5020 839 5075 τὸν
860 5025 1091 5096 Χριστὸν
1115 5028 1209 5081 ἀπ’
1227 5032 1456 5098 ἐκείνου,
1478 5037 1569 5090 καὶ
1591 5014 1751 5093 πάλιν
1786 5040 1880 5095 ἐπὶ

314 5103 409 5155 τὸν
427 5105 725 5175 Ζοροϐάϐελ
748 5111 856 5164 ἀπὸ
887 5114 980 5167 τοῦ
1004 5118 1270 5173 Δεσπότου
1299 5123 1552 5194 Χριστοῦ,
1590 5128 1742 5181 οὐθὲν
1764 5128 1879 5182 ἓτε-

315 5194 412 5267 ρόν
443 5196 608 5260 ἐστιν,
643 5197 675 5270 ἢ
725 5203 939 5292 πρῶτον
982 5208 1081 5277 μὲν
1117 5210 1399 5268 ἀλλόκοτον
1434 5214 1752 5273 δεικνύντων
1780 5221 1878 5292 τὴν

313 5288 669 5378 προφητείαν,
704 5287 820 5348 εἶτα
862 5296 958 5362 τὰς
1000 5300 1182 5369 φωνὰς
1231 5304 1330 5368 τὰς
1366 5309 1639 5378 γραφικάς
1669 5310 1728 5376 ἐξ
1760 5287 1873 5366 ἴσου

317 5377 666 5473 μεριζόντων,
696 5384 774 5449 είς
809 5403 868 5439 τε
908 5390 1001 5443 τὸν
1052 5394 1266 5465 οἰκέτην
1299 5377 1524 5452 καὶτὸν
1556 5403 1831 5473 Δεσπότην
1854 5421 1868 5435 ·

310 5466 437 5521 ire!
465 5472 559 5524 καὶ
582 5473 643 5527 τὸ
667 5474 843 5543 λέγειν
885 5481 964 5543 είς
992 5484 1260 5551 ἀπόδειξιν
1288 5489 1381 5542 τοῦ
1412 5492 1486 5558 μὴ
1518 5490 1597 5561 τῷ
1635 5466 1869 5561 Ζοροϐά-

380 5608 432 5641 “
461 5607 599 5667 Gen.
637 5631 745 5686 xvi,
783 5620 816 5674 ι
913 5623 957 5654 ⁸³
996 5622 1137 5681 Psal.
1178 5639 1440 5701 txxxvm,
1479 5633 1567 5691 38.
1644 5636 1684 5669 “
1725 5635 1867 5692 Psal.
1905 5655 1992 5710 xv,
2036 5640 2119 5697 lO.
2196 5645 2240 5677 "
2279 5646 2397 5702 Act.
2442 5665 2501 5715 ιι,
2548 5653 2635 5709 51.
2713 5656 2760 5689 ⁸⁸
2794 5656 2951 5716 Joau.

2014 1829 2235 1898 populo,
2280 1829 2396 1898 ipsa
2445 1832 2520 1885 rei
2554 1842 2688 1886 actae
2733 1836 2959 1891 veritate
2998 1836 3051 1891 in
3100 1838 3319 1896 Christo
3347 1841 3576 1903 Domino

2013 1929 2366 1990 conspectum
2392 1932 2495 1977 est.
2529 1922 2710 1988 Quare
2750 1934 2803 1982 et
2850 1927 2954 1983 hoc
2980 1930 3127 1985 dicto
3174 1948 3305 1987 usus
3336 1945 3422 1990 est
3452 1937 3577 2005 jure

2013 2014 2319 2082 meritoque
2362 2013 2554 2070 beatus
2598 2014 2792 2073 Petrus
2832 2018 3021 2077 dicens
3056 2041 3075 2074 ι
3114 2022 3233 2079 Non
3271 2024 3442 2082 fuisse
3479 2028 3575 2084 de-

2013 2111 2256 2165 relictam
2306 2113 2543 2167 animam
2590 2115 2709 2183 ejus
2741 2117 2793 2169 in
2845 2119 3079 2186 inferno,
3128 2137 3307 2193 neque
3351 2139 3574 2182 carnem

2013 2200 2060 2269 ej
2072 2216 2131 2254 us
2155 2202 2358 2256 vidisse
2386 2207 2791 2274 corruptionem
2816 2208 2880 2261 ⁸³.
2916 2228 2933 2258 ι

2083 2400 2247 2465 Multa
2297 2402 2611 2473 hujusntodi
2642 2409 2947 2479 comperire
2996 2410 3146 2475 licet,
3176 2429 3299 2484 quae
3342 2430 3399 2471 tn
3433 2433 3574 2486 prae-

2012 2495 2153 2549 senti
2198 2510 2522 2564 percensere
2556 2498 2778 2570 longum
2826 2512 3005 2570 esset;
3052 2520 3176 2574 quae
3223 2506 3371 2562 dicta
3418 2508 3575 2565 fuere

2010 2583 2381 2655 hyperbolice,
2413 2591 2672 2658 quoniam
2715 2591 2878 2647 dictat
2917 2596 2993 2649 rei
3028 2597 3313 2653 veritatem
3347 2613 3575 2654 accura-

2010 2684 2119 2730 tam
2165 2694 2272 2732 non
2315 2682 2629 2749 continent;
2672 2684 2768 2738 sed
2814 2697 2994 2741 tamen
3029 2703 3222 2758 reapse
3267 2690 3342 2745 ita
3378 2706 3437 2747 se
3475 2694 3572 2747 ha-

2010 2768 2160 2832 bent,
2211 2780 2270 2825 ut
2308 2773 2569 2839 diximus,
2617 2776 2672 2829 in
2723 2776 2943 2833 Christo
2991 2778 3240 2837 Domino.
3279 2782 3431 2840 Talis
3488 2796 3572 2840 est

2007 2861 2117 2923 hic,
2164 2864 2229 2918 de
2260 2879 2369 2934 quo
2414 2867 2644 2936 agimus,
2696 2868 2870 2923 locus.
2918 2868 3188 2940 Propheta
3235 2874 3454 2941 quidem
3505 2879 3572 2932 de

2009 2953 2341 3013 Zorobabele
2400 2958 2637 3025 dicebat,
2699 2961 2921 3017 homine
2977 2962 3042 3020 de
3096 2967 3269 3038 stirpe
3324 2967 3570 3033 Davidis.

2007 3045 2100 3100 Dei
2129 3051 2405 3104 voluntate
2458 3050 2768 3107 Judaaorum
2830 3057 3003 3123 duce;
3058 3059 3155 3114 sed
3207 3077 3297 3118 res
3348 3063 3569 3118 demum

3431 3154 3566 3210 Nam

2005 3227 2304 3286 Zorohabel
2334 3234 2561 3303 exiguas
2614 3235 2683 3291 de
2720 3239 2975 3307 gentibus
3000 3256 3192 3310 pmnas
3221 3245 3480 3313 sumpsit,
3513 3256 3569 3301 et

2002 3319 2160 3391 333
2189 3337 2411 3377 suorum
2450 3333 2666 3380 tenuem
2709 3329 2939 3385 salutem
2969 3333 3233 3402 patravit;
3266 3334 3412 3390 unde
3440 3353 3564 3393 mox

2002 3412 2150 3466 addit
2178 3432 2190 3468 :
2230 3432 2248 3465 ι
2279 3414 2473 3471 Perdet
2502 3432 2698 3473 currus
2741 3434 2806 3475 ex
2846 3419 3137 3491 Ephraimo
3168 3435 3223 3479 et
3260 3440 3461 3496 equum
3495 3443 3565 3483 ex

2000 3502 2375 3572 Hierusalem;
2414 3526 2434 3559 ι
2468 3508 2763 3565 ostendens
2804 3510 2921 3567 fore
2951 3520 3009 3567 ut
3051 3514 3137 3568 his
3176 3516 3318 3572 actis
3347 3518 3565 3573 contin-

1999 3605 2091 3665 gat
2136 3597 2243 3650 illis
2283 3598 2424 3653 bello
2467 3600 2709 3656 liberari.
2742 3600 2921 3658 Verax
2955 3614 3137 3661 autem
3188 3607 3357 3663 dictio
3394 3625 3566 3680 appa~

1999 3681 2110 3734 ruit
2150 3681 2203 3734 in
2234 3680 2456 3737 Christo
2494 3682 2745 3752 Domino,
2802 3688 2858 3742 in
2898 3705 3008 3760 quo
3055 3707 3182 3748 vere
3222 3694 3354 3752 licet
3380 3700 3562 3756 laetari

1997 3781 2282 3829 constante
2309 3784 2679 3848 perpetuaque
2722 3779 2928 3836 laetitia.
2959 3782 3012 3840 Is
3040 3784 3187 3840 enim
3222 3804 3354 3846 vere
3372 3800 3559 3862 justus

1994 3873 2099 3928 est,
2122 3867 2321 3937 quippe
2346 3868 2440 3937 qui
2467 3869 2780 3928 universum
2806 3875 3067 3931 mundum
3078 3880 3309 3952 judicat;
3325 3900 3558 3957 vereque

1994 3957 2204 4021 salvat,
2258 3957 2697 4031 quandoquidem
2753 3980 2946 4022 omnes
3002 3986 3068 4025 ex
3124 3975 3430 4041 perditione
3485 3981 3553 4035 ad

1993 4046 2224 4101 salutem
2281 4050 2565 4105 transtulit
2621 4054 2832 4111 iirmam
2879 4065 3044 4129 atque
3086 4077 3399 4131 perennem.
3452 4067 3554 4124 Hic

1991 4137 2159 4207 igitur
2187 4141 2253 4195 de
2282 4141 2615 4201 Zorobabele
2659 4162 2840 4203 sermo
2869 4158 2975 4215 est,
3007 4163 3285 4211 coarctata
3314 4158 3552 4218 dictione

1991 4228 2059 4283 ad
2114 4231 2265 4285 illum
2308 4233 2375 4288 de
2423 4252 2533 4304 quo
2589 4239 2868 4308 Scriptura
2927 4242 3187 4313 loquitur.
3237 4247 3439 4306 Verum
3489 4255 3545 4308 iu

1992 4318 2299 4391 Evangeliis
2337 4323 2406 4377 ad
2440 4326 2723 4382 Christqu
2765 4329 3052 4387 Dominum
3102 4336 3335 4394 trahitur
3355 4342 3422 4408 0‘;
3455 4346 3549 4415 qui

1990 4424 2087 4480 per
2112 4413 2295 4466 omnia
2323 4413 2475 4470 visus
2522 4429 2606 4473 est
2651 4434 2900 4491 magnus.
2943 4426 3212 4490 excelsus,
3244 4430 3451 4500 justus,
3472 4413 3549 4492 ac

1989 4502 2245 4568 salvator,
2277 4506 2492 4560 stabilia
2526 4524 2625 4563 sua
2649 4513 2898 4579 praebens
2932 4514 3218 4582 beneﬁcia,
3250 4522 3548 4584 immobilia

1986 4608 2213 4664 prorsus
2243 4605 2297 4650 et
2331 4598 2464 4652 nulli
2496 4602 2789 4657 mutationi
2839 4606 3099 4663 obnoxia.
3139 4609 3253 4681 Sic,
3298 4614 3547 4689 inquam.

1986 4683 2220 4738 maxime
2248 4696 2672 4744 consentaneum
2703 4702 2787 4748 est
2819 4703 2873 4749 et
2904 4698 3051 4768 loqui
3094 4710 3149 4757 et
3174 4683 3443 4777 cogitare.
3477 4683 3546 4766 At

1987 4785 2117 4825 vero
2146 4780 2357 4841 partem
2396 4777 2615 4848 quidem
2644 4783 2887 4838 vaticinii
2916 4787 3185 4848 allirmare
3226 4795 3295 4851 de
3327 4796 3547 4854 Christo

1984 4861 2176 4933 loqui;
2225 4873 2279 4919 et
2330 4883 2455 4921 mox
2493 4872 2890 4939 progredieodo
2939 4882 3242 4957 transferre
3276 4888 3343 4940 ad
3377 4887 3546 4944 Zoro-

1980 4949 2261 5021 babelem;
2294 4972 2593 5030 rursusque
2621 4963 2693 5019 ab
2716 4965 2819 5021 hoc
2841 4968 2907 5023 ad
2932 4954 3248 5041 Christum,
3277 4991 3332 5034 et
3361 4980 3546 5037 denuo

1979 5043 2049 5098 ad
2080 5043 2472 5105 Zorobabelem
2503 5068 2532 5106 a
2561 5054 2780 5111 Christo
2811 5058 3073 5131 Domino;
3103 5067 3238 5121 nihil
3275 5081 3359 5124 est
3394 5074 3561 5129 aliud.

1978 5150 2141 5205 quam
2175 5140 2353 5208 primo
2380 5143 2598 5211 quidem
2644 5146 2936 5207 absurdam
2972 5157 3262 5215 ostendere
3306 5166 3540 5234 propheo

1980 5227 2145 5294 tiam;
2193 5229 2390 5288 deinde
2420 5235 2717 5308 Scriptura:
2765 5244 3028 5299 vocabula
3079 5251 3250 5317 aequis
3296 5227 3540 5322 part-ibus

1979 5318 2302 5378 distribuere
2340 5326 2482 5382 inter
2512 5345 2728 5385 servum
2760 5349 2825 5389 ac
2856 5334 3154 5393 dominum.
3212 5341 3455 5415 Namque
3484 5360 3538 5404 et

1978 5408 2178 5473 dicere,
2232 5415 2302 5469 ob
2351 5418 2830 5479 demonstrandum
2882 5443 2991 5483 non
3046 5438 3338 5493 convenire
3390 5440 3540 5500 dicta

1978 5498 2319 5567 Zorohabeli,
2359 5506 2558 5573 dicere,
2594 5513 2838 5583 inquam,
2872 5522 3012 5588 apud
3048 5526 3367 5594 prophetam
3407 5498 3535 5604 legi,

3000 5680 3093 5732 xu,
3134 5662 3221 5721 13.
