3992 6232
401 392 505 445 559

1562 380 1912 438 TIIEODORI
1952 376 2434 436 MOPSUESTENI

3514 376 3623 437 560

407 518 427 553 ι
460 499 746 561 Adventat,
804 515 824 550 ι
859 511 983 555 cum
1027 506 1207 551 tamen
1245 496 1359 566 jam
1414 495 1483 552 de
1516 498 1828 565 captivitate
1873 512 1957 550 re-

2069 493 2155 547 ϐελ
2182 495 2477 565 προσήκειν
2494 497 2560 552 τὰ
2576 500 2692 569 είρη
2702 496 2856 569 μένα,
2879 498 2959 553 ὅτι
2978 512 2995 547 ι
3016 493 3229 567 ἔρχεται
3252 516 3271 551 ι
3289 495 3321 551 ὁ
3342 492 3625 568 προφήτης

400 594 590 647 diisset
618 604 742 645 cum
777 590 1006 661 reliquis
1033 587 1358 654 Zorobabel,
1393 589 1498 644 hoc
1532 590 1668 645 satis
1706 588 1959 660 frigidum

402 678 845 750 superﬂuumque
873 686 981 745 est,
1007 688 1062 734 et
1091 678 1330 734 hominis
1360 678 1672 734 divinarum
1718 676 1961 749 Scriptu-

401 788 584 827 rarum
617 770 878 842 imperiti.

467 863 627 918 Certe
672 870 726 917 et
762 861 889 915 illud
922 878 934 915 :
968 878 987 912 ι
1026 859 1309 932 Tanquam
1352 863 1469 918 ovis
1520 862 1586 916 ad
1630 862 1957 917 occisionem

399 962 596 1009 ductus
622 961 707 1008 est
727 951 793 1015 ⁸⁷,
825 970 845 1003 ι
882 966 989 1005 non
1013 959 1269 1021 tanquam
1290 951 1558 1016 futurum,
1586 951 1679 1007 sed
1700 960 1960 1022 tanquam

400 1046 732 1117 praeteritum
760 1044 981 1099 eliertur
1013 1060 1028 1097 :
1060 1058 1166 1096 non
1205 1045 1348 1097 enim
1379 1044 1533 1107 dixit,
1568 1044 1816 1106 ducetur,
1842 1042 1958 1109 sed,

406 1156 425 1189 ι
454 1138 653 1192 ductus
710 1143 795 1192 est
835 1153 847 1189 :
886 1154 906 1189 ι
965 1151 1135 1205 quare
1194 1151 1262 1190 ne
1311 1137 1413 1191 hoc
1455 1135 1675 1206 quidem
1738 1135 1960 1191 Christo

402 1227 631 1282 Domino
670 1225 983 1297 quadraret,
1013 1226 1171 1296 juxta
1200 1228 1729 1297 sapientissimorum
1764 1227 1957 1282 horum

405 1318 773 1383 ratiocinium,
824 1332 962 1386 quos
1010 1318 1194 1387 potius
1253 1316 1394 1372 scire
1444 1325 1719 1387 oporteret
1760 1326 1961 1386 tempo-

404 1423 524 1463 rum
552 1408 756 1461 variam
788 1407 1071 1477 enallagen
1117 1406 1259 1476 apud
1291 1407 1530 1461 divinant
1581 1407 1958 1476 Scripturam;

402 1498 546 1569 quod
579 1514 680 1554 nos
709 1499 929 1566 cupiose
958 1498 1197 1569 satisque
1240 1499 1292 1551 in
1341 1497 1679 1552 Psalmorum
1719 1513 1783 1552 ac
1829 1497 1961 1552 Pro-

404 1590 689 1659 phetarum
721 1588 1167 1658 interpretatione
1195 1586 1358 1659 335
1381 1588 1688 1643 docuimus.
1727 1587 1839 1642 Hoc
1866 1603 1962 1641 an-

402 1690 511 1734 tem
543 1678 664 1733 loco
694 1693 763 1733 ne
789 1692 921 1732 usus
950 1677 1168 1748 quidem
1201 1678 1479 1738 dictionis,
1511 1679 1556 1732 si
1590 1679 1713 1748 quis
1743 1695 1861 1732 eam
1894 1679 1961 1732 ad

403 1786 651 1826 normam
687 1769 953 1840 temporis
992 1770 1198 1839 exigat,
1226 1768 1430 1824 Christi
1465 1767 1676 1823 Domini
1701 1769 1957 1823 adventui

402 1860 688 1932 congruit;
741 1835 827 1913 hic
853 1859 997 1913 enim
1046 1835 1168 1928 post
1213 1858 1440 1912 multum
1493 1866 1705 1928 tempus
1742 1859 1958 1914 futurus
1990 1835 2031 1888 Β

401 1961 552 2017 erat;
585 1959 640 2004 at
669 1955 929 2021 propheta
960 1964 1067 2003 non
1092 1949 1184 2013 ait,
1204 1946 1407 2011 Aderit,
1437 1948 1580 2018 quod
1606 1949 1671 2004 de
1698 1966 1756 2004 re
1780 1948 1961 2003 futura

401 2042 509 2098 dici
557 2041 862 2112 Oportebat,
907 2039 1021 2105 sed,
1056 2058 1074 2091 ι
1116 2038 1401 2100 Adventat,
1441 2059 1461 2092 ι
1495 2040 1635 2110 quod
1683 2040 1751 2095 de
1801 2042 1963 2097 rebus

403 2134 754 2200 instantibus,
796 2142 850 2187 et
889 2147 1009 2202 qua:
1068 2132 1212 2186 illico
1264 2133 1417 2193 liunt,
1459 2130 1565 2185 dici
1616 2133 1773 2187 solet.
1821 2130 1964 2187 Sane

401 2226 555 2296 juxta
588 2226 779 2280 horum
814 2224 1203 2293 interpretandi
1234 2225 1517 2287 rationem,
1557 2224 1711 2294 plura
1748 2240 1964 2295 quoque

403 2318 511 2372 alia
554 2317 898 2372 invenientur
946 2329 1284 2383 supervacue
1314 2315 1453 2384 apud
1501 2316 1817 2385 prophetam
1868 2330 1964 2384 po-

405 2412 552 2467 sita:
581 2411 709 2481 quia
736 2407 863 2463 Jesu
897 2423 1113 2479 quoque
1152 2422 1298 2463 nunc
1330 2407 1545 2462 detrahi
1579 2407 1713 2461 dicit
1743 2408 1964 2463 sordida

404 2504 749 2564 vestimenta,
783 2515 904 2571 quae
943 2499 1275 2570 captivitatis
1315 2499 1511 2553 indicia
1552 2508 1742 2565 erant;
1790 2515 1966 2568 quan-

407 2608 568 2663 quam
592 2591 929 2662 exploratum
954 2596 1039 2645 est
1069 2589 1246 2658 ipsum
1270 2588 1474 2657 pariter
1492 2603 1613 2642 cum
1634 2587 1967 2643 Zorobabele

403 2680 515 2751 jam
569 2681 821 2744 rediisse,
873 2678 1188 2747 captivitate
1234 2678 1485 2739 liberum,
1532 2686 1587 2732 et
1642 2678 1966 2732 sacerdotali

404 2771 591 2825 habitu
646 2770 917 2824 indutum.
966 2769 1329 2835 Quamobrem
1361 2778 1415 2822 et
1450 2769 1663 2821 beatum
1710 2768 1963 2839 Aggzum

406 2865 726 2936 prophetam
760 2865 1123 2918 communiter
1151 2874 1262 2916 tum
1294 2861 1638 2923 Zorobabeli,
1674 2870 1785 2915 tum
1813 2858 1964 2926 Jesu,

406 2959 586 3013 dicere
650 2962 874 3026 apparet
936 2955 1338 3024 suscipiendam
1396 2969 1519 3008 esse
1576 2954 1759 3023 templi
1801 2951 1970 3006 aditi-

406 3046 568 3102 candi
607 3060 831 3113 curam;
862 3058 1144 3115 poenaeque
1185 3059 1491 3099 mensuram
1530 3059 1675 3099 nunc
1706 3044 1965 3107 ablatam,

406 3153 515 3194 una
556 3152 680 3193 cum
711 3134 929 3192 lsraelis
972 3146 1215 3206 peccato,
1252 3135 1328 3189 ait
1366 3135 1691 3205 Babylonem
1727 3135 1961 3189 transla—

406 3235 540 3281 tam.
585 3226 834 3280 Attamen
880 3226 992 3296 jam
1031 3224 1206 3293 Cyrus
1244 3223 1528 3279 Persarum
1557 3237 1649 3277 rex
1692 3222 1759 3278 de
1799 3223 1965 3293 capti-

407 3316 577 3369 vitate
621 3312 878 3383 populum
919 3312 1198 3375 emiserat,
1248 3311 1683 3382 Babyloneinque
1716 3319 1966 3366 vastave-

410 3411 514 3459 rat.
547 3400 718 3458 Porro
750 3409 969 3457 constat
1007 3401 1114 3455 dici
1165 3402 1277 3455 hcce
1316 3415 1346 3454 a
1393 3400 1657 3470 propheta
1705 3406 1968 3471 regnante

405 3493 592 3559 Dario,
623 3492 718 3563 qui
750 3490 851 3546 fuit
892 3499 1123 3562 quartus
1151 3506 1179 3544 a
1210 3490 1375 3562 Cyro.
1410 3490 1591 3556 Quare
1622 3490 1966 3559 intempesti-

409 3600 537 3642 vum
572 3585 787 3650 fuisset,
812 3583 968 3654 juxta
1013 3584 1140 3639 talis
1165 3584 1444 3639 sententia:
1478 3590 1751 3647 auctores,
1788 3582 1970 3637 dicere

406 3694 557 3734 nunc
598 3677 733 3740 ﬁeri,
770 3690 892 3747 qua:
937 3675 1064 3729 olim
1099 3685 1153 3730 et
1184 3675 1355 3728 multo
1397 3683 1641 3744 tempore
1682 3681 1809 3727 ante
1847 3687 1970 3727 eve-

406 3777 624 3825 nerant.
651 3766 759 3824 Sed
786 3769 931 3824 enim
968 3768 1316 3837 perspicuum
1345 3775 1429 3821 est
1468 3780 1558 3820 res
1599 3765 1816 3833 quidem
1848 3764 1971 3818 illas

404 3862 521 3931 jam
546 3860 813 3925 evenisse,
849 3859 1165 3929 prophetam
1209 3871 1338 3912 vero
1371 3857 1698 3912 revelatione
1732 3855 1972 3910 illustra-

404 3961 527 4006 tum
568 3950 785 4006 easdem
825 3967 970 4005 nunc
1006 3964 1334 4019 cognoscere
1379 3958 1627 4017 peractas
1658 3946 1826 4002 fuisse
1861 3966 1874 4001 :
1912 3954 1972 4001 ut

400 4041 492 4093 sic
530 4040 821 4093 universus
866 4042 1098 4110 populus
1145 4041 1344 4095 certior
1387 4040 1557 4101 lleret,
1603 4039 1737 4093 nihil
1784 4053 1971 4092 eorum

410 4145 533 4200 quae
564 4136 684 4183 acta
717 4128 950 4193 fuerant,
996 4144 1124 4183 casu
1163 4130 1247 4183 vel
1279 4145 1376 4199 per
1401 4145 1460 4183 se
1508 4130 1821 4199 contigisse,
1878 4129 1973 4184 sed

409 4221 595 4276 divina
641 4220 915 4274 voluntate
957 4232 1017 4273 ac
1059 4220 1278 4275 decreto
1320 4228 1628 4290 comparata
1665 4236 1786 4276 esse
1828 4236 1975 4291 quae-

410 4330 628 4385 cunque
670 4313 805 4384 ipsis
855 4313 1164 4367 acciderant
1203 4313 1363 4366 bona.
1418 4311 1778 4378 Quamobrem
1831 4312 1975 4366 haud

414 4403 714 4458 absurdum
733 4411 839 4460 est.
872 4418 1015 4457 nunc
1038 4405 1200 4457 etiam
1231 4402 1297 4457 de
1322 4404 1501 4472 populi
1532 4402 1731 4458 futuris
1755 4405 1974 4459 casibus

2065 581 2188 651 ἔφη,
2207 582 2380 634 καίτοι
2402 597 2465 649 γε
2488 582 2656 636 πάλαι
2675 583 2767 636 τοῦ
2785 584 3085 657 Ζοροϐάϐελ
3103 586 3209 639 ἀπὸ
3232 586 3331 657 τῆς
3351 586 3624 657 αίχμαλωο

2062 672 2181 736 σίας
2207 673 2343 743 μετὰ
2362 672 2468 726 τῶν
2488 672 2686 727 λοιπῶν
2700 676 3173 748 ἐπανεληλυθότος,
3194 680 3268 749 (p.
3286 679 3412 748 L98)
3434 678 3626 749 ψυχρο-

2059 763 2244 832 λογίας
2259 764 2374 818 ὲστὶ
2400 767 2660 837 περιττῆς
2686 767 2778 820 καὶ
2792 766 3047 839 ἀπειρίας
3073 768 3180 822 τῶν
3197 769 3355 823 θείων
3373 768 3624 842 Γραφῶν.

2130 855 2203 907 Τὸ
2228 854 2374 924 γοῦν,
2416 875 2436 908 ι
2488 857 2575 921 Ὠς
2617 858 2887 929 πρόϐατον
2912 859 3005 912 ἐπὶ
3034 861 3248 932 σφαγὴν
3276 860 3417 932 ήχθη
3434 901 3449 921 ,
3482 878 3503 913 ι
3530 861 3628 930 οὐχ

2060 944 2247 1019 ῶσπερ
2301 948 2603 1017 μέλλοντος.
2646 949 2720 1013 ὡς
2753 952 3166 1022 περιγεγονότος
3195 951 3250 1004 δὲ
3302 952 3404 1023 ήδη
3436 950 3584 1018 λέγει
3609 967 3624 981 ·

2059 1036 2119 1089 ού
2151 1035 2259 1107 γὰρ
2298 1036 2612 1108 Ἀχθήσεται
2644 1034 2813 1103 εἶπεν,
2875 1038 2990 1092 ἀλλ’
3038 1043 3252 1111 Ἠχθη·
3305 1041 3381 1104 ὡς
3440 1042 3540 1094 οὐκ
3562 1040 3628 1094 ἂν

2062 1130 2351 1201 ἀρμόσειεν
2396 1131 2514 1184 οὐδὲ
2540 1130 2697 1183 τοῦτο
2722 1130 2802 1201 τῷ
2834 1132 3076 1203 Δεσπότῃ
3106 1130 3325 1203 Χριστῷ
3367 1132 3508 1187 κατὰ
3536 1130 3629 1185 τὸν

2059 1218 2168 1271 τῶν
2203 1219 2527 1287 σοφωτάτων
2556 1217 2731 1286 λόγον,
2752 1218 2845 1282 οὓς
2870 1221 3037 1291 ὲχρῆν
3064 1220 3257 1272 εἰδέναι
3280 1219 3388 1273 τῶν
3420 1219 3627 1290 χρόνων

2060 1310 2159 1382 τὴν
2210 1310 2506 1381 ἐναλλαγὴν
2547 1311 2795 1380 ποικίλην
2828 1308 2992 1364 οὖσαν
3034 1311 3125 1364 ἐπὶ
3164 1312 3261 1381 τῆς
3307 1310 3454 1374 Θείας
3484 1309 3626 1381 Γρα-

2062 1403 2188 1473 φῆς,
2212 1404 2348 1474 ὅπερ
2375 1398 2468 1456 οὖν
2501 1403 2588 1457 διὰ
2618 1403 2826 1457 πολλῶν
2855 1406 3015 1474 ἡμεῖς
3043 1406 3101 1456 ὲν
3137 1406 3203 1474 τῇ
3237 1403 3344 1456 τῶν
3381 1402 3627 1473 Ψαλμῶν

2063 1495 2346 1567 ἑρμηνείᾳ,
2381 1496 2472 1548 καὶ
2508 1497 2599 1548 ἐπὶ
2638 1495 2745 1549 τῶν
2778 1496 3067 1567 προφητῶν
3109 1496 3389 1566 ἐδείξαμεν
3430 1495 3629 1564 αὐτὰρ·

2063 1602 2192 1649 κως.
2234 1584 2496 1639 Ἐνταῦθα
2521 1586 2698 1656 μέντοι
2726 1602 2788 1655 γε
2822 1586 2939 1639 οὐδὲ
2967 1588 3001 1656 ή
3031 1586 3222 1657 χρῆσις
3244 1588 3339 1656 τῆς
3357 1588 3557 1657 φωνῆς,
3577 1589 3627 1640 εἰ

2062 1675 2123 1746 δή
2156 1694 2238 1739 τις
2260 1676 2429 1747 αὐτὴν
2454 1678 2594 1731 κατὰ
2626 1677 2715 1731 τὸν
2756 1677 2944 1748 χρόνον
2968 1676 3159 1747 κρίνοι,
3199 1677 3540 1749 ἁρμόττουσα
3560 1682 3625 1750 τῇ

2062 1767 2155 1821 τοῦ
2200 1770 2468 1823 Δεσπότου
2511 1767 2745 1842 Χριστοῦ
2795 1769 3098 1840 παρουσίᾳ·
3134 1772 3168 1839 ή
3204 1769 3300 1838 μὲν
3328 1767 3437 1840 γὰρ
3490 1771 3627 1840 μετὰ

2063 1857 2226 1912 πολὺν
2248 1859 2476 1930 ήμελλεν
2506 1853 2754 1928 γενέσθαι
2770 1859 2861 1912 τὸν
2893 1858 3103 1929 χρόνον,
3125 1860 3152 1911 ό
3172 1858 3228 1912 δὲ
3256 1859 3356 1912 οὐκ
3386 1859 3629 1913 Ἐλεύσε-

2061 1967 2149 2003 ται
2176 1944 2349 2015 εἶπεν,
2387 1952 2521 2023 ὅπερ
2554 1951 2820 2022 ἥρμοττεν
2855 1951 2946 2003 ἐπὶ
2985 1950 3075 2004 τοῦ
3111 1951 3391 2022 μέλλοντος
3429 1955 3625 2016 εἰπεῖν,

2063 2040 2176 2093 ἀλλ’
2197 2060 2215 2091 ι
2231 2042 2508 2113 Ἔρχεται,
2522 2059 2539 2091 ι
2556 2042 2691 2112 ὅπερ
2707 2040 2894 2094 εἴωθεν
2917 2041 3009 2095 ἐπὶ
3028 2042 3133 2095 τῶν
3162 2043 3327 2112 ἐγγὺς
3342 2044 3435 2097 καὶ
3450 2060 3627 2115 παρα-

2062 2134 2249 2203 χρῆμα
2281 2131 2576 2201 γινομένων
2604 2131 3047 2200 λέγεσθαι.Κατά
3066 2133 3122 2186 δέ
3149 2150 3212 2202 γε
3238 2133 3425 2188 τοῦτον
3446 2135 3627 2189 αὐτῶν

2063 2222 2152 2276 τὸν
2196 2223 2350 2293 λόγον
2402 2223 2569 2276 πολλὰ
2621 2224 2713 2276 καὶ
2746 2224 2906 2295 ἔτερα
2959 2225 3226 2296 περιττῶς
3279 2226 3628 2299 εὑρεθήσεται

2064 2313 2288 2383 κείμενα
2322 2316 2470 2385 παρὰ
2488 2314 2565 2386 τῷ
2594 2316 2843 2386 προφήτῃ
2862 2331 2875 2346 ο
2902 2316 3023 2368 ἐπεὶ
3060 2317 3154 2369 καὶ
3181 2316 3277 2370 τοῦ
3324 2319 3495 2389 Ἰησοῦ
3531 2318 3627 2373 νῦν

2065 2406 2412 2476 ἀφαιρεῖσθαι
2439 2406 2587 2475 λέγει
2619 2407 2686 2459 τὰ
2717 2407 2934 2478 ῥυπαρὰ
2959 2409 3165 2478 ἱμάτια,
3196 2410 3337 2479 ἅπερ
3361 2406 3429 2482 ἦν
3456 2410 3625 2483 δήλω-

2067 2515 2148 2561 σις
2193 2499 2289 2569 τῆς
2351 2500 2758 2571 αἰχμαλωσίας,
2805 2500 2896 2553 νῦν
2952 2519 3009 2554 τε
3057 2502 3202 2573 αύτῷ
3257 2503 3317 2556 τὸ
3362 2504 3630 2576 ἱερατικὸν

2066 2590 2433 2661 περιτίθεσθαι
2470 2595 2652 2661 σχῆμα
2678 2609 2689 2622 ο
2723 2592 2897 2646 καίτοι
2924 2609 2987 2661 γε
3027 2592 3185 2663 δῆλον
3225 2595 3306 2647 ὅτι
3338 2596 3430 2649 καὶ
3469 2597 3630 2662 αὐτὸς

2070 2681 2206 2750 μετά
2243 2681 2336 2734 τοῦ
2390 2683 2691 2753 Ζοροϐάϐελ
2741 2683 3025 2754 ἐληλύθει,
3058 2685 3388 2755 ἀπαλλαγείς
3440 2705 3499 2741 τε
3532 2689 3630 2759 τῆς

2065 2773 2433 2843 αἰχμαλωσίας
2468 2776 2559 2827 καὶ
2586 2778 2642 2827 ὲν
2671 2774 2747 2845 τῷ
2777 2775 2876 2844 τῆς
2915 2776 3207 2847 ἱερωσύνης
3241 2779 3474 2849 σχήματι
3499 2780 3631 2833 καθ-

2067 2865 2256 2929 εστώς.
2302 2866 2459 2919 Ὅθεν
2512 2868 2605 2919 καὶ
2649 2870 2677 2920 ό
2724 2868 3008 2939 προφήτης
3065 2869 3331 2942 μακάριος
3382 2873 3628 2940 ’Δγγαίος

2067 2958 2217 3025 κοινῇ
2257 2955 2392 3027 πρὸς
2422 2956 2512 3009 τὸν
2541 2957 2843 3028 Ζοροϐάϐελ
2873 2959 2965 3011 καὶ
3013 2960 3148 3031 πρὸς
3196 2961 3357 3014 αὐτὸν
3384 2961 3631 3032 φαίνεται

2066 3045 2237 3116 λέγων
2264 3047 2324 3100 τὸ
2350 3047 2548 3118 χρῆναι
2580 3047 2679 3118 τῆς
2713 3049 3003 3120 οἰκοδομῆς
3027 3050 3120 3104 τοῦ
3154 3052 3279 3105 ναοῦ
3325 3054 3627 3124 φροντίσαι,

2071 3137 2165 3193 καὶ
2192 3137 2253 3190 τὸ
2283 3138 2476 3208 μέτρον
2516 3138 2573 3191 δὲ
2609 3139 2709 3208 τῆς
2741 3142 3005 3212 τιμωρίας
3056 3141 3146 3194 νῦν
3178 3143 3467 3215 ἀφαιρεθὲν
3495 3146 3632 3217 μετὰ

2070 3228 2167 3298 τῆς
2199 3228 2467 3299 ἁμαρτίας
2494 3229 2586 3282 τοῦ
2626 3230 2859 3302 Ἰσραὴλ,
2911 3233 3073 3303 φησὶν
3102 3236 3181 3297 εἰς
3210 3234 3496 3289 Βαϐυλῶνα
3522 3237 3632 3290 ὰπ-

2068 3320 2369 3391 ενηνέχθαι.
2411 3322 2603 3374 Καίτοι
2629 3339 2692 3389 γε
2715 3323 2893 3395 Κύρος
2927 3325 3024 3395 μὲν
3056 3327 3084 3379 ό
3110 3326 3217 3379 τῶν
3237 3324 3459 3399 Περσῶν
3486 3328 3634 3386 βασι-

2067 3410 2191 3474 λεὺς
2212 3412 2312 3482 τῆς
2354 3429 2411 3465 τε
2437 3413 2809 3483 αἰχμαλωσίας
2849 3416 3082 3469 ἀπέλυσε
3111 3416 3199 3470 τὸν
3224 3417 3369 3483 λαὸν,
3395 3419 3469 3490 (p.
3502 3419 3629 3491 499)

2069 3503 2165 3558 καὶ
2200 3503 2297 3575 τὴν
2339 3502 2632 3557 Βαϐυλῶνα
2681 3506 2923 3560 καθεῖλε·
2949 3508 3193 3577 φαίνεται
3226 3509 3283 3563 δὲ
3328 3510 3500 3566 ταῦτα
3539 3513 3633 3567 ἐπὶ

2069 3597 2294 3667 Δαρείου
2333 3599 2423 3652 τοῦ
2460 3599 2720 3671 βασιλέως
2754 3600 2922 3673 λέγων
2950 3605 2978 3656 ό
3017 3606 3317 3677 προφήτης,
3348 3606 3406 3672 δς
3439 3607 3634 3681 τέταρ-

2069 3704 2159 3751 τος
2196 3684 2264 3761 ἦν
2289 3692 2396 3745 ἀπὸ
2442 3692 2652 3762 Κύροψ
2682 3695 2810 3748 ὥστ’
2842 3696 2941 3749 ούκ
2975 3692 3085 3767 εἶχε
3135 3698 3357 3768 καιρὸν,
3400 3699 3540 3754 κατά
3566 3718 3631 3770 γε

2069 3783 2197 3845 τοὺς
2239 3782 2347 3836 τῶν
2375 3784 2628 3838 τοιούτων
2656 3785 2977 3857 νομοθέτας,
3008 3788 3103 3841 νῦν
3131 3788 3308 3857 λέγειν
3333 3791 3575 3859 γίνεσθαι
3596 3793 3633 3847 ἃ

2073 3871 2239 3924 πάλαι
2274 3874 2366 3926 καί
2411 3875 2516 3945 πρὸ
2558 3875 2753 3928 πολλοῦ
2783 3878 2992 3946 γεγόνει
3020 3879 3114 3933 τοῦ
3148 3882 3372 3952 χρόνου·
3404 3882 3517 3935 ἀλλ’
3544 3882 3634 3936 εὖ·

2072 3960 2230 4031 δηλον
2257 3964 2337 4017 ὅτι
2370 3966 2439 4019 τὰ
2478 3967 2574 4037 μὲν
2618 3969 2915 4040 πράγματα
2945 3969 3183 4040 γέγονεν,
3205 3975 3233 4027 ό
3269 3977 3551 4047 προφήτης
3576 3976 3633 4032 δι

2072 4050 2137 4104 δι’
2161 4054 2549 4126 ἀποκαλύψεως
2583 4060 2684 4129 ὁρᾷ
2724 4060 2819 4113 νῦν
2877 4062 3014 4116 αύτά
3035 4064 3309 4135 γινόμενα,
3350 4067 3424 4131 ὠς
3452 4068 3517 4122 ἂν
3540 4068 3634 4123 καὶ

2073 4144 2368 4211 γεγονότων
2415 4148 2459 4199 oi
2501 4148 2594 4201 τοῦ
2631 4150 2759 4204 λαοῦ
2803 4152 3023 4222 μάθοιεν
3072 4157 3303 4222 πάντες,
3334 4160 3417 4212 ὅτι
3468 4160 3634 4231 μηδὲν

2074 4232 2181 4285 ἀπὸ
2227 4236 2562 4305 ταυτομάτου
2597 4239 2807 4306 γέγονε,
2830 4242 2948 4313 θείᾳ
2995 4242 3049 4296 δὲ
3090 4244 3341 4316 βουλήσει
3383 4250 3475 4301 καὶ
3522 4249 3634 4320 ὅρῳ

2075 4323 2467 4378 ἐπιτετέλεσται
2490 4326 2553 4397 δὴ
2574 4327 2746 4383 πάντα
2776 4329 2845 4383 τὰ
2871 4334 2997 4404 περὶ
3026 4334 3220 4399 αὐτοὺς
3243 4336 3423 4404 ἁγαθά
3457 4354 3470 4369 ’
3503 4338 3632 4393 ὥστ’

2074 4415 2224 4467 οὐδὲν
2253 4416 2477 4482 ἀπεικὸς
2517 4415 2605 4491 ἦν,
2649 4421 2738 4474 καὶ
2790 4422 2883 4477 νῦν
2930 4425 3055 4495 περὶ
3078 4424 3185 4478 τῶν
3223 4430 3635 4500 προσεσομένων

406 4494 515 4547 sub
545 4493 897 4548 Zorohabelis
938 4508 1126 4564 regno,
1159 4492 1252 4548 Dei
1293 4496 1558 4549 sententia
1600 4495 1667 4548 ad
1702 4495 1753 4549 id
1791 4496 1967 4560 electi,

2079 4506 2155 4576 τῷ
2185 4505 2295 4577 λαῷ
2323 4508 2410 4561 διὰ
2438 4510 2536 4579 τῆς
2578 4510 2670 4564 τοῦ
2704 4492 3299 4585 Ζοροϐάϐελήβισιλείας
3332 4492 3473 4573 κατᾶ
3499 4520 3633 4575 Θεοῦ

414 4587 721 4654 loquentem
771 4586 1108 4656 prophetam,
1143 4586 1326 4641 dicere
1358 4603 1376 4637 ι
1410 4586 1674 4641 Adventat
1700 4589 1883 4657 justus
1921 4598 1977 4643 et

415 4683 687 4739 salvator;
732 4694 754 4727 ι
804 4687 861 4729 ut
898 4676 1163 4747 signiticet
1204 4677 1395 4733 adesse
1435 4678 1584 4732 illum
1617 4679 1683 4734 ad
1728 4680 1779 4734 id
1812 4695 1974 4751 nego-

416 4767 500 4831 tii,
529 4775 583 4822 et
612 4780 641 4819 a
663 4764 774 4821 Deo
808 4782 987 4837 regem
1015 4773 1271 4836 electum,
1309 4781 1367 4824 ut
1395 4784 1457 4824 ea
1490 4779 1726 4840 praestet,
1762 4788 1884 4841 qua:
1921 4772 1977 4827 in

415 4858 896 4930 subsequentibus,
940 4874 1038 4930 pro
1069 4863 1268 4933 populo
1309 4867 1377 4919 ab
1418 4878 1484 4919 eo
1530 4873 1745 4933 peracta
1784 4864 1973 4935 fuisse,

411 4956 564 5012 dicit.

483 5139 643 5212 335
680 5138 848 5195 Vens.
880 5138 1067 5195 10-12.
1089 5165 1161 5179 —
1198 5137 1303 5193 Sed
1362 5138 1624 5196 hactenus
1651 5156 1682 5196 a
1714 5142 1874 5199 nobis
1903 5142 1975 5200 ob

415 5234 734 5290 tradendam
762 5232 1151 5287 accuratiorem
1173 5231 1477 5286 doctrinam
1500 5232 1707 5288 dictum
1731 5236 1823 5291 sit.
1855 5235 1973 5293 Jam

418 5326 676 5397 propheta
696 5325 763 5379 de
792 5323 1121 5379 Zurubabele
1145 5322 1390 5393 loquens,
1411 5323 1584 5394 deque
1612 5325 1801 5381 eodem
1827 5344 1969 5385 nunc

493 5473 535 5505 ⁸⁷
577 5469 681 5525 lsa.
719 5482 840 5535 uti,
878 5468 931 5522 7.

489 5612 599 5683 (66)
630 5608 920 5683 Granditer
937 5608 1213 5683 libereque
1234 5621 1385 5683 more
1404 5622 1505 5683 suo
1520 5608 1744 5683 criticas
1766 5607 1977 5683 herme-

419 5675 646 5739 neutiea:
665 5681 879 5751 regulas
902 5675 1248 5751 tradidit'lnoc
1272 5679 1388 5731 loco
1404 5675 1752 5751 Theodorus;
1777 5680 1975 5751 quibus

418 5760 620 5818 tamen,
661 5748 776 5806 tum
808 5750 892 5804 hic
926 5758 1041 5803 tum
1071 5749 1221 5817 alibi,
1264 5748 1477 5804 nonnisi
1512 5762 1576 5803 ex
1604 5749 1976 5806 communiore

2078 4596 2301 4668 γνώμην
2336 4601 2414 4662 εἰς
2447 4601 2604 4653 τοῦτο
2636 4604 3102 4674 προχειρισθέντος
3131 4606 3355 4677 λέγοντα
3379 4610 3469 4664 τὸν
3499 4629 3632 4682 προ-

2080 4689 2253 4761 φήτην
2281 4691 2473 4759 εἰπεῖν,
2501 4694 2581 4747 ὅτι
2603 4713 2620 4746 ι
2650 4696 2902 4766 Ἔρχεται
2928 4697 3132 4764 δίκαιος
3162 4702 3254 4755 καὶ
3277 4701 3481 4769 σώζων,
3513 4722 3532 4755 ι
3560 4703 3632 4768 ὼ,

2080 4781 2145 4836 ἂν
2171 4781 2457 4853 δηλώσειεν
2485 4785 2561 4838 ὃτι
2583 4786 2672 4839 ἐπὶ
2700 4788 2907 4854 τούτοις
2930 4792 3160 4863 πάρεστί
3178 4810 3236 4846 τε
3269 4797 3512 4867 καὶπρὸς
3536 4796 3636 4868 τὴν

2083 4874 2353 4946 βασιλείαν
2383 4877 2673 4944 ἐξείλεκται
2704 4881 2852 4952 παρὰ
2884 4882 2977 4937 τοῦ
3004 4885 3139 4937 Θεοῦ
3186 4886 3278 4940 ἐπὶ
3318 4888 3377 4940 τὸ
3417 4889 3636 4959 ποιῆσαι

2082 4967 2271 5029 ταῦτα,
2298 4969 2438 5040 ἆπερ
2459 4964 2552 5023 οῦν
2572 4973 2630 5023 ὲν
2658 4976 2769 5037 τοῖς
2799 4976 2926 5047 ἑξῆς
2949 4977 3075 5048 περὶ
3108 4976 3197 5031 τδν
3221 4977 3347 5033 λαὸν
3380 4979 3448 5033 δι’
3472 4981 3638 5035 αὐτοῦ

2081 5059 2405 5130 γεγενῆσθαί
2441 5078 2624 5132 φησιν.

2152 5151 2296 5221 Στίχ.
2324 5151 2470 5220 ι’-ιβ’.
2502 5182 2569 5191 -
2611 5153 2768 5207 Ἀλλὰ
2804 5155 2972 5210 ταῦτα
2997 5156 3094 5229 μὲν
3138 5160 3217 5223 εἰς
3248 5158 3640 5230 ἀκριϐεστέραν

2082 5242 2318 5314 εἰρήσθω
2352 5242 2698 5298 διδασκαλίαν
2737 5245 2869 5314 (66).
2900 5245 2961 5301 Ὀ
3002 5248 3055 5302 δὶ
3088 5252 3369 5323 προφήτης
3395 5252 3519 5324 περὶ
3545 5251 3638 5306 τοῦ

2078 5334 2376 5406 Ζοροϐάϐελ
2403 5335 2595 5406 λέγων,
2626 5336 2719 5390 καί
2758 5338 2883 5423 περὶ
2912 5339 3077 5396 αὐτοῦ
3107 5341 3172 5414 δὴ
3199 5343 3268 5397 τὰ
3301 5343 3395 5397 νῦν
3428 5361 3640 5416 προφη-

2083 5629 2270 5669 norma
2326 5625 2638 5674 sanctorum
2698 5618 2916 5676 Patrum
2973 5632 3209 5678 utemur.
3281 5625 3645 5680 Conferantur

2081 5696 2229 5766 certe
2255 5687 2723 5766 inlioczacliarigc
2742 5692 2977 5766 capitulo
2997 5694 3378 5766 Hieronymus,
3397 5693 3647 5750 Theodo-

2079 5764 2251 5839 retus,
2279 5756 2536 5828 Cyrillits.
2567 5761 2646 5814 Ad
2677 5756 2901 5817 Joannis
2932 5771 3108 5819 autem
3138 5756 3235 5831 ιιῖ,
3263 5765 3348 5831 15,
3369 5768 3546 5821 locum
3567 5767 3644 5822 lo-
