  <div class='ocr_page' id='page_1' title='image "/cluster/home/n/w/nwhite01/storage/ocr_20150623/66/hvd.32044020884102/290.png"; bbox 0 0 3992 6232; ppageno 0'>
   <div class='ocr_carea' id='block_1_1' title="bbox 384 296 492 369">
    <p class='ocr_par' dir='ltr' id='par_1_1' title="bbox 384 296 492 369">
     <span class='ocr_line' id='line_1_1' title="bbox 384 296 492 369; baseline 0 -9"><span class='ocrx_word' id='word_1_1' title='bbox 384 296 492 369; x_wconf 68' lang='lat'><strong>55!</strong></span> 
     </span>
    </p>
   </div>
   <div class='ocr_carea' id='block_1_2' title="bbox 1314 306 2673 371">
    <p class='ocr_par' dir='ltr' id='par_1_2' title="bbox 1314 306 2673 371">
     <span class='ocr_line' id='line_1_2' title="bbox 1314 306 2673 371; baseline 0.004 -7"><span class='ocrx_word' id='word_1_2' title='bbox 1314 306 1855 371; x_wconf 71' lang='lat' dir='ltr'><strong>COMMENTARIUS</strong></span> <span class='ocrx_word' id='word_1_3' title='bbox 1882 312 1949 366; x_wconf 84' lang='lat' dir='ltr'><strong>IN</strong></span> <span class='ocrx_word' id='word_1_4' title='bbox 1992 310 2364 367; x_wconf 66' lang='lat' dir='ltr'><strong>ZACIIARle</strong></span> <span class='ocrx_word' id='word_1_5' title='bbox 2403 311 2555 368; x_wconf 81' lang='lat' dir='ltr'><strong>CAP.</strong></span> <span class='ocrx_word' id='word_1_6' title='bbox 2586 311 2673 369; x_wconf 84' lang='lat' dir='ltr'><strong>IX.</strong></span> 
     </span>
    </p>
   </div>
   <div class='ocr_carea' id='block_1_3' title="bbox 3510 310 3622 373">
    <p class='ocr_par' dir='ltr' id='par_1_3' title="bbox 3510 310 3622 373">
     <span class='ocr_line' id='line_1_3' title="bbox 3510 310 3622 373; baseline 0 0"><span class='ocrx_word' id='word_1_7' title='bbox 3510 310 3622 373; x_wconf 65' lang='lat'><strong>$63</strong></span> 
     </span>
    </p>
   </div>
   <div class='ocr_carea' id='block_1_4' title="bbox 387 414 1964 500">
    <p class='ocr_par' dir='ltr' id='par_1_4' title="bbox 387 414 1954 497">
     <span class='ocr_line' id='line_1_4' title="bbox 387 414 1954 497; baseline 0.006 -26"><span class='ocrx_word' id='word_1_8' title='bbox 387 416 582 479; x_wconf 87' lang='grc' dir='ltr'>τεύων,</span> <span class='ocrx_word' id='word_1_9' title='bbox 604 415 654 469; x_wconf 81' lang='grc' dir='ltr'><strong>εί</strong></span> <span class='ocrx_word' id='word_1_10' title='bbox 685 414 777 470; x_wconf 80' lang='grc' dir='ltr'><strong>καί</strong></span> <span class='ocrx_word' id='word_1_11' title='bbox 799 434 921 472; x_wconf 85' lang='grc' dir='ltr'>τινα</span> <span class='ocrx_word' id='word_1_12' title='bbox 945 419 1240 486; x_wconf 80' lang='grc' dir='ltr'>φαντασίαν</span> <span class='ocrx_word' id='word_1_13' title='bbox 1268 420 1343 485; x_wconf 83' lang='grc' dir='ltr'><strong>ὡς</strong></span> <span class='ocrx_word' id='word_1_14' title='bbox 1374 425 1654 497; x_wconf 78' lang='grc' dir='ltr'><strong>προφήτης</strong></span> <span class='ocrx_word' id='word_1_15' title='bbox 1678 425 1771 481; x_wconf 74' lang='grc' dir='ltr'>καὶ</span> <span class='ocrx_word' id='word_1_16' title='bbox 1796 425 1954 491; x_wconf 78' lang='grc' dir='ltr'>αὐτὸς</span> 
     </span>
    </p>
   </div>
   <div class='ocr_carea' id='block_1_5' title="bbox 2067 414 3621 500">
    <p class='ocr_par' dir='ltr' id='par_1_5' title="bbox 2067 426 3621 500">
     <span class='ocr_line' id='line_1_5' title="bbox 2067 426 3621 500; baseline 0.005 -20"><span class='ocrx_word' id='word_1_17' title='bbox 2067 426 2380 493; x_wconf 77' lang='lat' dir='ltr'><strong>vaticinans,</strong></span> <span class='ocrx_word' id='word_1_18' title='bbox 2402 426 2667 497; x_wconf 85' lang='lat' dir='ltr'><strong>siquidem</strong></span> <span class='ocrx_word' id='word_1_19' title='bbox 2692 426 3034 497; x_wconf 78' lang='lat' dir='ltr'><strong>phantasiam</strong></span> <span class='ocrx_word' id='word_1_20' title='bbox 3065 431 3354 500; x_wconf 85' lang='lat' dir='ltr'><strong>quamdam</strong></span> <span class='ocrx_word' id='word_1_21' title='bbox 3382 428 3449 485; x_wconf 88' lang='lat' dir='ltr'><strong>de</strong></span> <span class='ocrx_word' id='word_1_22' title='bbox 3475 430 3621 488; x_wconf 78' lang='lat' dir='ltr'><strong>futu-</strong></span> 
     </span>
    </p>
   </div>
   <div class='ocr_carea' id='block_1_6' title="bbox 390 500 1952 583">
    <p class='ocr_par' dir='ltr' id='par_1_6' title="bbox 390 500 1952 583">
     <span class='ocr_line' id='line_1_6' title="bbox 390 500 1952 583; baseline 0.01 -29"><span class='ocrx_word' id='word_1_23' title='bbox 390 501 647 573; x_wconf 75' lang='grc' dir='ltr'>περὶτῶν</span> <span class='ocrx_word' id='word_1_24' title='bbox 675 502 969 572; x_wconf 80' lang='grc' dir='ltr'><strong>μελλόντων</strong></span> <span class='ocrx_word' id='word_1_25' title='bbox 985 500 1146 576; x_wconf 78' lang='grc' dir='ltr'>εἶχεν,</span> <span class='ocrx_word' id='word_1_26' title='bbox 1164 508 1355 578; x_wconf 78' lang='grc' dir='ltr'>ἐπάγει</span> <span class='ocrx_word' id='word_1_27' title='bbox 1373 525 1389 540; x_wconf 87' lang='grc'><strong>·</strong></span> <span class='ocrx_word' id='word_1_28' title='bbox 1405 530 1425 563; x_wconf 75' lang='grc' dir='ltr'><strong>ι</strong></span> <span class='ocrx_word' id='word_1_29' title='bbox 1456 512 1727 583; x_wconf 81' lang='grc' dir='ltr'>Κατάρξει</span> <span class='ocrx_word' id='word_1_30' title='bbox 1748 515 1952 569; x_wconf 75' lang='grc' dir='ltr'>ὑδάτων</span> 
     </span>
    </p>
   </div>
   <div class='ocr_carea' id='block_1_7' title="bbox 389 592 1953 675">
    <p class='ocr_par' dir='ltr' id='par_1_7' title="bbox 389 592 1953 675">
     <span class='ocr_line' id='line_1_7' title="bbox 389 592 1953 675; baseline 0.01 -30"><span class='ocrx_word' id='word_1_31' title='bbox 389 592 500 646; x_wconf 81' lang='grc' dir='ltr'><strong>ἀπὸ</strong></span> <span class='ocrx_word' id='word_1_32' title='bbox 524 593 798 665; x_wconf 81' lang='grc' dir='ltr'>θαλάσσης</span> <span class='ocrx_word' id='word_1_33' title='bbox 827 596 933 661; x_wconf 76' lang='grc' dir='ltr'>ἕως</span> <span class='ocrx_word' id='word_1_34' title='bbox 964 597 1256 669; x_wconf 79' lang='grc' dir='ltr'>θαλάσσης,</span> <span class='ocrx_word' id='word_1_35' title='bbox 1285 603 1378 655; x_wconf 83' lang='grc' dir='ltr'>καὶ</span> <span class='ocrx_word' id='word_1_36' title='bbox 1413 603 1520 656; x_wconf 75' lang='grc' dir='ltr'>ἀπὸ</span> <span class='ocrx_word' id='word_1_37' title='bbox 1544 605 1803 675; x_wconf 80' lang='grc' dir='ltr'><strong>ποταμῶν</strong></span> <span class='ocrx_word' id='word_1_38' title='bbox 1848 605 1953 671; x_wconf 78' lang='grc' dir='ltr'>ἕως</span> 
     </span>
    </p>
   </div>
   <div class='ocr_carea' id='block_1_8' title="bbox 389 683 1953 760">
    <p class='ocr_par' dir='ltr' id='par_1_8' title="bbox 389 683 1953 760">
     <span class='ocr_line' id='line_1_8' title="bbox 389 683 1953 760; baseline 0.011 -25"><span class='ocrx_word' id='word_1_39' title='bbox 389 683 683 738; x_wconf 82' lang='grc' dir='ltr'>διεκϐολῶν</span> <span class='ocrx_word' id='word_1_40' title='bbox 716 686 835 756; x_wconf 86' lang='grc' dir='ltr'>γῆς.</span> <span class='ocrx_word' id='word_1_41' title='bbox 882 705 900 738; x_wconf 79' lang='grc' dir='ltr'><strong>ι</strong></span> <span class='ocrx_word' id='word_1_42' title='bbox 957 688 1361 760; x_wconf 84' lang='grc' dir='ltr'>’Υπερϐολικῶς</span> <span class='ocrx_word' id='word_1_43' title='bbox 1397 694 1491 748; x_wconf 78' lang='grc' dir='ltr'>καὶ</span> <span class='ocrx_word' id='word_1_44' title='bbox 1530 695 1684 749; x_wconf 79' lang='grc' dir='ltr'>τοῦτο</span> <span class='ocrx_word' id='word_1_45' title='bbox 1722 699 1861 751; x_wconf 78' lang='grc' dir='ltr'><strong>κατά</strong></span> <span class='ocrx_word' id='word_1_46' title='bbox 1892 698 1953 752; x_wconf 78' lang='grc' dir='ltr'>τὸ</span> 
     </span>
    </p>
   </div>
   <div class='ocr_carea' id='block_1_9' title="bbox 392 775 1952 855">
    <p class='ocr_par' dir='ltr' id='par_1_9' title="bbox 392 775 1952 855">
     <span class='ocr_line' id='line_1_9' title="bbox 392 775 1952 855; baseline 0.01 -28"><span class='ocrx_word' id='word_1_47' title='bbox 392 776 580 839; x_wconf 73' lang='grc' dir='ltr'>εἰωθὸς</span> <span class='ocrx_word' id='word_1_48' title='bbox 606 775 866 848; x_wconf 85' lang='grc' dir='ltr'>είρηκὼς,</span> <span class='ocrx_word' id='word_1_49' title='bbox 899 779 979 832; x_wconf 80' lang='grc' dir='ltr'>ὅτι</span> <span class='ocrx_word' id='word_1_50' title='bbox 1018 781 1223 834; x_wconf 83' lang='grc' dir='ltr'>πολλῶν</span> <span class='ocrx_word' id='word_1_51' title='bbox 1279 786 1689 855; x_wconf 79' lang='grc' dir='ltr'><strong>περιγενήσεται</strong></span> <span class='ocrx_word' id='word_1_52' title='bbox 1727 787 1834 841; x_wconf 87' lang='grc' dir='ltr'><strong>τῶν</strong></span> <span class='ocrx_word' id='word_1_53' title='bbox 1865 790 1952 842; x_wconf 83' lang='grc' dir='ltr'><strong>ἐν-</strong></span> 
     </span>
    </p>
   </div>
   <div class='ocr_carea' id='block_1_10' title="bbox 394 865 1955 952">
    <p class='ocr_par' dir='ltr' id='par_1_10' title="bbox 394 865 1955 952">
     <span class='ocr_line' id='line_1_10' title="bbox 394 865 1955 952; baseline 0.009 -34"><span class='ocrx_word' id='word_1_54' title='bbox 394 865 609 932; x_wconf 85' lang='grc' dir='ltr'>αντίων,</span> <span class='ocrx_word' id='word_1_55' title='bbox 639 868 733 921; x_wconf 73' lang='grc' dir='ltr'>καὶ</span> <span class='ocrx_word' id='word_1_56' title='bbox 784 868 983 940; x_wconf 78' lang='grc' dir='ltr'>πολλὴν</span> <span class='ocrx_word' id='word_1_57' title='bbox 1031 870 1244 950; x_wconf 80' lang='grc' dir='ltr'>καθέξει</span> <span class='ocrx_word' id='word_1_58' title='bbox 1300 872 1502 945; x_wconf 85' lang='grc' dir='ltr'>χώραν,</span> <span class='ocrx_word' id='word_1_59' title='bbox 1557 877 1827 946; x_wconf 79' lang='grc' dir='ltr'>Ἰουδαίοις</span> <span class='ocrx_word' id='word_1_60' title='bbox 1858 879 1955 952; x_wconf 79' lang='grc' dir='ltr'>τὴν</span> 
     </span>
    </p>
   </div>
   <div class='ocr_carea' id='block_1_11' title="bbox 392 955 1956 1041">
    <p class='ocr_par' dir='ltr' id='par_1_11' title="bbox 392 955 1956 1041">
     <span class='ocr_line' id='line_1_11' title="bbox 392 955 1956 1041; baseline 0.01 -35"><span class='ocrx_word' id='word_1_61' title='bbox 392 955 606 1026; x_wconf 81' lang='grc' dir='ltr'>οἴκησιν</span> <span class='ocrx_word' id='word_1_62' title='bbox 630 956 800 1027; x_wconf 78' lang='grc' dir='ltr'>αὐτῆς</span> <span class='ocrx_word' id='word_1_63' title='bbox 826 958 1114 1029; x_wconf 87' lang='grc' dir='ltr'>παραδούς.</span> <span class='ocrx_word' id='word_1_64' title='bbox 1143 961 1393 1027; x_wconf 83' lang='grc' dir='ltr'>Τοιοῦτός</span> <span class='ocrx_word' id='word_1_65' title='bbox 1423 967 1535 1018; x_wconf 78' lang='grc' dir='ltr'>ἐστι</span> <span class='ocrx_word' id='word_1_66' title='bbox 1574 967 1667 1019; x_wconf 77' lang='grc' dir='ltr'><strong>καὶ</strong></span> <span class='ocrx_word' id='word_1_67' title='bbox 1701 968 1849 1040; x_wconf 86' lang='grc' dir='ltr'><strong>παρά</strong></span> <span class='ocrx_word' id='word_1_68' title='bbox 1877 968 1956 1041; x_wconf 83' lang='grc' dir='ltr'><strong>τῷ</strong></span> 
     </span>
    </p>
   </div>
   <div class='ocr_carea' id='block_1_12' title="bbox 397 1047 1956 1131">
    <p class='ocr_par' dir='ltr' id='par_1_12' title="bbox 397 1047 1956 1131">
     <span class='ocr_line' id='line_1_12' title="bbox 397 1047 1956 1131; baseline 0.01 -33"><span class='ocrx_word' id='word_1_69' title='bbox 397 1047 652 1117; x_wconf 76' lang='grc' dir='ltr'>μακαρίῳ</span> <span class='ocrx_word' id='word_1_70' title='bbox 692 1047 853 1100; x_wconf 73' lang='grc' dir='ltr'>Δαυῖδ</span> <span class='ocrx_word' id='word_1_71' title='bbox 880 1051 908 1102; x_wconf 86' lang='grc' dir='ltr'>ὀ</span> <span class='ocrx_word' id='word_1_72' title='bbox 941 1050 1331 1122; x_wconf 78' lang='grc' dir='ltr'>ἐϐδομηκοστδς</span> <span class='ocrx_word' id='word_1_73' title='bbox 1362 1062 1409 1106; x_wconf 86' lang='grc' dir='ltr'>α’</span> <span class='ocrx_word' id='word_1_74' title='bbox 1431 1056 1661 1127; x_wconf 75' lang='grc' dir='ltr'>ψαλμὸς,</span> <span class='ocrx_word' id='word_1_75' title='bbox 1689 1061 1744 1112; x_wconf 81' lang='grc' dir='ltr'>ὲν</span> <span class='ocrx_word' id='word_1_76' title='bbox 1792 1061 1956 1131; x_wconf 78' lang='grc' dir='ltr'>εὐχῆς</span> 
     </span>
    </p>
   </div>
   <div class='ocr_carea' id='block_1_13' title="bbox 397 1135 1957 1219">
    <p class='ocr_par' dir='ltr' id='par_1_13' title="bbox 397 1135 1957 1219">
     <span class='ocr_line' id='line_1_13' title="bbox 397 1135 1957 1219; baseline 0.002 -31"><span class='ocrx_word' id='word_1_77' title='bbox 397 1135 635 1204; x_wconf 80' lang='grc' dir='ltr'>σχήματι</span> <span class='ocrx_word' id='word_1_78' title='bbox 680 1136 911 1206; x_wconf 83' lang='grc' dir='ltr'>δήλωσιν</span> <span class='ocrx_word' id='word_1_79' title='bbox 958 1137 1094 1208; x_wconf 81' lang='grc' dir='ltr'>ἔχων</span> <span class='ocrx_word' id='word_1_80' title='bbox 1134 1142 1231 1211; x_wconf 78' lang='grc' dir='ltr'><strong>τῆς</strong></span> <span class='ocrx_word' id='word_1_81' title='bbox 1260 1143 1397 1197; x_wconf 85' lang='grc' dir='ltr'><strong>κατά</strong></span> <span class='ocrx_word' id='word_1_82' title='bbox 1433 1146 1524 1199; x_wconf 69' lang='grc' dir='ltr'>τὸν</span> <span class='ocrx_word' id='word_1_83' title='bbox 1555 1147 1842 1219; x_wconf 79' lang='grc' dir='ltr'>Σολομῶνα</span> <span class='ocrx_word' id='word_1_84' title='bbox 1870 1151 1957 1204; x_wconf 70' lang='grc' dir='ltr'><strong>εὖ-</strong></span> 
     </span>
    </p>
   </div>
   <div class='ocr_carea' id='block_1_14' title="bbox 395 1224 1956 1309">
    <p class='ocr_par' dir='ltr' id='par_1_14' title="bbox 395 1224 1956 1309">
     <span class='ocr_line' id='line_1_14' title="bbox 395 1224 1956 1309; baseline 0.013 -35"><span class='ocrx_word' id='word_1_85' title='bbox 395 1224 638 1296; x_wconf 80' lang='grc' dir='ltr'>ετηρίας,</span> <span class='ocrx_word' id='word_1_86' title='bbox 668 1224 794 1278; x_wconf 76' lang='grc' dir='ltr'>ἔνθα</span> <span class='ocrx_word' id='word_1_87' title='bbox 844 1230 1039 1298; x_wconf 76' lang='grc' dir='ltr'>φησιν’</span> <span class='ocrx_word' id='word_1_88' title='bbox 1068 1246 1086 1280; x_wconf 81' lang='grc' dir='ltr'><strong>ι</strong></span> <span class='ocrx_word' id='word_1_89' title='bbox 1122 1230 1232 1302; x_wconf 75' lang='grc' dir='ltr'><strong>Πρὸ</strong></span> <span class='ocrx_word' id='word_1_90' title='bbox 1273 1231 1366 1285; x_wconf 82' lang='grc' dir='ltr'>τοῦ</span> <span class='ocrx_word' id='word_1_91' title='bbox 1416 1234 1567 1306; x_wconf 76' lang='grc' dir='ltr'>ἡλίου</span> <span class='ocrx_word' id='word_1_92' title='bbox 1613 1236 1857 1309; x_wconf 88' lang='grc' dir='ltr'>διαμενεί</span> <span class='ocrx_word' id='word_1_93' title='bbox 1897 1240 1956 1294; x_wconf 74' lang='grc' dir='ltr'>τὸ</span> 
     </span>
    </p>
   </div>
   <div class='ocr_carea' id='block_1_15' title="bbox 393 1316 1953 1399">
    <p class='ocr_par' dir='ltr' id='par_1_15' title="bbox 393 1316 1953 1399">
     <span class='ocr_line' id='line_1_15' title="bbox 393 1316 1953 1399; baseline 0.01 -30"><span class='ocrx_word' id='word_1_94' title='bbox 393 1316 565 1385; x_wconf 69' lang='grc' dir='ltr'>ὄνομα</span> <span class='ocrx_word' id='word_1_95' title='bbox 596 1316 778 1379; x_wconf 72' lang='grc' dir='ltr'>αὐτοῦ,</span> <span class='ocrx_word' id='word_1_96' title='bbox 811 1318 904 1372; x_wconf 75' lang='grc' dir='ltr'>καὶ</span> <span class='ocrx_word' id='word_1_97' title='bbox 933 1318 1037 1390; x_wconf 81' lang='grc' dir='ltr'>πρὸ</span> <span class='ocrx_word' id='word_1_98' title='bbox 1087 1322 1188 1391; x_wconf 80' lang='grc' dir='ltr'>τῆς</span> <span class='ocrx_word' id='word_1_99' title='bbox 1233 1322 1457 1395; x_wconf 81' lang='grc' dir='ltr'>σελήνης</span> <span class='ocrx_word' id='word_1_100' title='bbox 1485 1328 1675 1394; x_wconf 89' lang='grc' dir='ltr'>γενεάς</span> <span class='ocrx_word' id='word_1_101' title='bbox 1718 1330 1953 1399; x_wconf 69' lang='grc' dir='ltr'>γενεῶν*</span> 
     </span>
    </p>
   </div>
   <div class='ocr_carea' id='block_1_16' title="bbox 395 1409 1957 1493">
    <p class='ocr_par' dir='ltr' id='par_1_16' title="bbox 395 1409 1957 1493">
     <span class='ocr_line' id='line_1_16' title="bbox 395 1409 1957 1493; baseline 0.011 -30"><span class='ocrx_word' id='word_1_102' title='bbox 395 1412 474 1480; x_wconf 72' lang='grc' dir='ltr'><strong>(ρ.</strong></span> <span class='ocrx_word' id='word_1_103' title='bbox 508 1409 632 1481; x_wconf 84' lang='grc'>500)</span> <span class='ocrx_word' id='word_1_104' title='bbox 673 1411 766 1464; x_wconf 75' lang='grc' dir='ltr'>καὶ</span> <span class='ocrx_word' id='word_1_105' title='bbox 797 1414 1215 1485; x_wconf 84' lang='grc' dir='ltr'>κατακυριεύσει</span> <span class='ocrx_word' id='word_1_106' title='bbox 1261 1418 1367 1471; x_wconf 84' lang='grc' dir='ltr'>ἀπὸ</span> <span class='ocrx_word' id='word_1_107' title='bbox 1415 1419 1687 1493; x_wconf 81' lang='grc' dir='ltr'>Θαλάσσης</span> <span class='ocrx_word' id='word_1_108' title='bbox 1734 1425 1835 1490; x_wconf 78' lang='grc' dir='ltr'>ἕως</span> <span class='ocrx_word' id='word_1_109' title='bbox 1861 1426 1957 1481; x_wconf 84' lang='grc' dir='ltr'>θα·-</span> 
     </span>
    </p>
   </div>
   <div class='ocr_carea' id='block_1_17' title="bbox 394 1499 1951 1585">
    <p class='ocr_par' dir='ltr' id='par_1_17' title="bbox 394 1499 1951 1585">
     <span class='ocr_line' id='line_1_17' title="bbox 394 1499 1951 1585; baseline 0.011 -34"><span class='ocrx_word' id='word_1_110' title='bbox 394 1499 620 1568; x_wconf 82' lang='grc' dir='ltr'>λάσσης,</span> <span class='ocrx_word' id='word_1_111' title='bbox 638 1501 746 1554; x_wconf 78' lang='grc' dir='ltr'>ἀπὸ</span> <span class='ocrx_word' id='word_1_112' title='bbox 768 1502 1022 1572; x_wconf 82' lang='grc' dir='ltr'>ποταμῶν</span> <span class='ocrx_word' id='word_1_113' title='bbox 1044 1502 1146 1567; x_wconf 77' lang='grc' dir='ltr'>ἕως</span> <span class='ocrx_word' id='word_1_114' title='bbox 1175 1506 1424 1576; x_wconf 81' lang='grc' dir='ltr'>περάτων</span> <span class='ocrx_word' id='word_1_115' title='bbox 1446 1511 1541 1580; x_wconf 82' lang='grc' dir='ltr'>τῆς</span> <span class='ocrx_word' id='word_1_116' title='bbox 1568 1514 1887 1585; x_wconf 85' lang='grc' dir='ltr'>οίκουμένης</span> <span class='ocrx_word' id='word_1_117' title='bbox 1905 1531 1951 1566; x_wconf 79' lang='grc' dir='ltr'><strong>ἰ</strong></span> 
     </span>
    </p>
   </div>
   <div class='ocr_carea' id='block_1_18' title="bbox 394 1588 1959 1669">
    <p class='ocr_par' dir='ltr' id='par_1_18' title="bbox 394 1588 1959 1669">
     <span class='ocr_line' id='line_1_18' title="bbox 394 1588 1959 1669; baseline 0.012 -29"><span class='ocrx_word' id='word_1_118' title='bbox 394 1589 459 1641; x_wconf 78' lang='grc' dir='ltr'>οὐ</span> <span class='ocrx_word' id='word_1_119' title='bbox 482 1588 590 1660; x_wconf 81' lang='grc' dir='ltr'><strong>γὰρ</strong></span> <span class='ocrx_word' id='word_1_120' title='bbox 612 1588 852 1660; x_wconf 85' lang='grc' dir='ltr'>δηλονότι</span> <span class='ocrx_word' id='word_1_121' title='bbox 875 1591 1243 1664; x_wconf 84' lang='grc' dir='ltr'>ὑπερϐολικῶς</span> <span class='ocrx_word' id='word_1_122' title='bbox 1264 1596 1476 1668; x_wconf 72' lang='grc' dir='ltr'>εἴρηται</span> <span class='ocrx_word' id='word_1_123' title='bbox 1505 1599 1598 1653; x_wconf 77' lang='grc' dir='ltr'>καὶ</span> <span class='ocrx_word' id='word_1_124' title='bbox 1619 1601 1787 1655; x_wconf 79' lang='grc' dir='ltr'>ταῦτα</span> <span class='ocrx_word' id='word_1_125' title='bbox 1808 1620 1821 1669; x_wconf 91' lang='grc'><strong>;</strong></span> <span class='ocrx_word' id='word_1_126' title='bbox 1841 1601 1959 1658; x_wconf 73' lang='grc' dir='ltr'>εἶτα</span> 
     </span>
    </p>
   </div>
   <div class='ocr_carea' id='block_1_19' title="bbox 400 1681 1963 1759">
    <p class='ocr_par' dir='ltr' id='par_1_19' title="bbox 400 1681 1963 1759">
     <span class='ocr_line' id='line_1_19' title="bbox 400 1681 1963 1759; baseline 0.012 -27"><span class='ocrx_word' id='word_1_127' title='bbox 400 1681 621 1749; x_wconf 75' lang='grc' dir='ltr'>ἐπάγει,</span> <span class='ocrx_word' id='word_1_128' title='bbox 661 1698 681 1732; x_wconf 74' lang='grc' dir='ltr'><strong>ι</strong></span> <span class='ocrx_word' id='word_1_129' title='bbox 713 1681 823 1735; x_wconf 75' lang='grc' dir='ltr'><strong>Καὶ</strong></span> <span class='ocrx_word' id='word_1_130' title='bbox 850 1684 912 1736; x_wconf 81' lang='grc' dir='ltr'>σὺ</span> <span class='ocrx_word' id='word_1_131' title='bbox 937 1684 996 1736; x_wconf 80' lang='grc' dir='ltr'>ὲν</span> <span class='ocrx_word' id='word_1_132' title='bbox 1017 1684 1205 1755; x_wconf 74' lang='grc' dir='ltr'>αἵματι</span> <span class='ocrx_word' id='word_1_133' title='bbox 1237 1686 1496 1759; x_wconf 74' lang='grc' dir='ltr'>διαθήκης</span> <span class='ocrx_word' id='word_1_134' title='bbox 1534 1708 1627 1743; x_wconf 92' lang='grc' dir='ltr'><strong>σου</strong></span> <span class='ocrx_word' id='word_1_135' title='bbox 1658 1692 1963 1759; x_wconf 78' lang='grc' dir='ltr'>ἐξαπέστει-</span> 
     </span>
    </p>
   </div>
   <div class='ocr_carea' id='block_1_20' title="bbox 2058 516 3665 589">
    <p class='ocr_par' dir='ltr' id='par_1_20' title="bbox 2058 516 3665 589">
     <span class='ocr_line' id='line_1_20' title="bbox 2058 516 3665 589; baseline 0.006 -19"><span class='ocrx_word' id='word_1_136' title='bbox 2058 516 2135 571; x_wconf 88' lang='lat' dir='ltr'><strong>ris</strong></span> <span class='ocrx_word' id='word_1_137' title='bbox 2159 518 2323 572; x_wconf 85' lang='lat' dir='ltr'><strong>rebus</strong></span> <span class='ocrx_word' id='word_1_138' title='bbox 2351 519 2464 589; x_wconf 90' lang='lat' dir='ltr'><strong>ipse</strong></span> <span class='ocrx_word' id='word_1_139' title='bbox 2490 533 2705 588; x_wconf 91' lang='lat' dir='ltr'><strong>quoque</strong></span> <span class='ocrx_word' id='word_1_140' title='bbox 2734 533 2832 573; x_wconf 89' lang='lat' dir='ltr'><strong>ceu</strong></span> <span class='ocrx_word' id='word_1_141' title='bbox 2863 518 3123 589; x_wconf 86' lang='lat' dir='ltr'><strong>pr0pheta</strong></span> <span class='ocrx_word' id='word_1_142' title='bbox 3149 519 3401 588; x_wconf 75' lang='lat' dir='ltr'><strong>habebat,</strong></span> <span class='ocrx_word' id='word_1_143' title='bbox 3435 522 3620 580; x_wconf 79' lang='lat' dir='ltr'><strong>addit:</strong></span> <span class='ocrx_word' id='word_1_144' title='bbox 3662 542 3665 547; x_wconf 59' lang='grc' dir='ltr'><strong>λ</strong></span> 
     </span>
    </p>
   </div>
   <div class='ocr_carea' id='block_1_21' title="bbox 2064 607 3624 680">
    <p class='ocr_par' dir='ltr' id='par_1_21' title="bbox 2064 607 3624 680">
     <span class='ocr_line' id='line_1_21' title="bbox 2064 607 3624 680; baseline 0.008 -20"><span class='ocrx_word' id='word_1_145' title='bbox 2064 626 2082 660; x_wconf 80' lang='grc' dir='ltr'><strong>ι</strong></span> <span class='ocrx_word' id='word_1_146' title='bbox 2109 607 2482 665; x_wconf 87' lang='lat' dir='ltr'><strong>Dominabitur</strong></span> <span class='ocrx_word' id='word_1_147' title='bbox 2506 612 2661 680; x_wconf 89' lang='lat' dir='ltr'><strong>aquis</strong></span> <span class='ocrx_word' id='word_1_148' title='bbox 2680 625 2710 663; x_wconf 89' lang='lat' dir='ltr'><strong>a</strong></span> <span class='ocrx_word' id='word_1_149' title='bbox 2728 610 2859 665; x_wconf 86' lang='lat' dir='ltr'><strong>mari</strong></span> <span class='ocrx_word' id='word_1_150' title='bbox 2885 611 2950 665; x_wconf 85' lang='lat' dir='ltr'><strong>ad</strong></span> <span class='ocrx_word' id='word_1_151' title='bbox 2980 627 3148 675; x_wconf 88' lang='lat' dir='ltr'><strong>mare,</strong></span> <span class='ocrx_word' id='word_1_152' title='bbox 3188 622 3240 666; x_wconf 91' lang='lat' dir='ltr'><strong>et</strong></span> <span class='ocrx_word' id='word_1_153' title='bbox 3260 628 3290 667; x_wconf 90' lang='lat' dir='ltr'><strong>a</strong></span> <span class='ocrx_word' id='word_1_154' title='bbox 3314 610 3624 671; x_wconf 82' lang='lat' dir='ltr'><strong>ﬂuminibus</strong></span> 
     </span>
    </p>
   </div>
   <div class='ocr_carea' id='block_1_22' title="bbox 2059 700 3626 774">
    <p class='ocr_par' dir='ltr' id='par_1_22' title="bbox 2059 700 3626 774">
     <span class='ocr_line' id='line_1_22' title="bbox 2059 700 3626 774; baseline 0.004 -20"><span class='ocrx_word' id='word_1_155' title='bbox 2059 714 2231 771; x_wconf 89' lang='lat' dir='ltr'><strong>usque</strong></span> <span class='ocrx_word' id='word_1_156' title='bbox 2253 704 2317 752; x_wconf 87' lang='lat' dir='ltr'><strong>ad</strong></span> <span class='ocrx_word' id='word_1_157' title='bbox 2336 700 2513 756; x_wconf 80' lang='lat' dir='ltr'><strong>exitus</strong></span> <span class='ocrx_word' id='word_1_158' title='bbox 2544 710 2721 756; x_wconf 66' lang='lat' dir='ltr'><strong>terrm.</strong></span> <span class='ocrx_word' id='word_1_159' title='bbox 2748 721 2767 755; x_wconf 78' lang='grc' dir='ltr'><strong>ι</strong></span> <span class='ocrx_word' id='word_1_160' title='bbox 2798 701 3153 774; x_wconf 86' lang='lat' dir='ltr'><strong>llyperbolice</strong></span> <span class='ocrx_word' id='word_1_161' title='bbox 3174 703 3275 758; x_wconf 91' lang='lat' dir='ltr'><strong>hoc</strong></span> <span class='ocrx_word' id='word_1_162' title='bbox 3295 704 3458 760; x_wconf 89' lang='lat' dir='ltr'><strong>etiam</strong></span> <span class='ocrx_word' id='word_1_163' title='bbox 3476 720 3626 761; x_wconf 88' lang='lat' dir='ltr'><strong>more</strong></span> 
     </span>
    </p>
   </div>
   <div class='ocr_carea' id='block_1_23' title="bbox 2060 791 3622 865">
    <p class='ocr_par' dir='ltr' id='par_1_23' title="bbox 2060 791 3622 865">
     <span class='ocr_line' id='line_1_23' title="bbox 2060 791 3622 865; baseline 0.004 -19"><span class='ocrx_word' id='word_1_164' title='bbox 2060 806 2160 846; x_wconf 88' lang='lat' dir='ltr'><strong>suo</strong></span> <span class='ocrx_word' id='word_1_165' title='bbox 2181 791 2486 862; x_wconf 89' lang='lat' dir='ltr'><strong>dicit,quod</strong></span> <span class='ocrx_word' id='word_1_166' title='bbox 2514 806 2702 863; x_wconf 81' lang='lat' dir='ltr'><strong>nempe</strong></span> <span class='ocrx_word' id='word_1_167' title='bbox 2719 794 2917 849; x_wconf 89' lang='lat' dir='ltr'><strong>multos</strong></span> <span class='ocrx_word' id='word_1_168' title='bbox 2945 796 3219 865; x_wconf 83' lang='lat' dir='ltr'><strong>superabit</strong></span> <span class='ocrx_word' id='word_1_169' title='bbox 3246 795 3453 859; x_wconf 88' lang='lat' dir='ltr'><strong>hostes,</strong></span> <span class='ocrx_word' id='word_1_170' title='bbox 3480 799 3622 852; x_wconf 83' lang='lat' dir='ltr'><strong>mul-</strong></span> 
     </span>
    </p>
   </div>
   <div class='ocr_carea' id='block_1_24' title="bbox 2058 883 3623 955">
    <p class='ocr_par' dir='ltr' id='par_1_24' title="bbox 2058 883 3623 955">
     <span class='ocr_line' id='line_1_24' title="bbox 2058 883 3623 955; baseline 0.004 -18"><span class='ocrx_word' id='word_1_171' title='bbox 2058 892 2275 953; x_wconf 84' lang='lat' dir='ltr'><strong>tamque</strong></span> <span class='ocrx_word' id='word_1_172' title='bbox 2295 883 2559 937; x_wconf 89' lang='lat' dir='ltr'><strong>obtinebit</strong></span> <span class='ocrx_word' id='word_1_173' title='bbox 2576 883 2871 953; x_wconf 80' lang='lat' dir='ltr'><strong>regionem,</strong></span> <span class='ocrx_word' id='word_1_174' title='bbox 2890 900 3051 955; x_wconf 81' lang='lat' dir='ltr'><strong>quam</strong></span> <span class='ocrx_word' id='word_1_175' title='bbox 3067 885 3269 941; x_wconf 65' lang='lat' dir='ltr'><strong>Iudaeis</strong></span> <span class='ocrx_word' id='word_1_176' title='bbox 3284 887 3623 944; x_wconf 90' lang='lat' dir='ltr'><strong>incolendam</strong></span> 
     </span>
    </p>
   </div>
   <div class='ocr_carea' id='block_1_25' title="bbox 2060 974 3625 1049">
    <p class='ocr_par' dir='ltr' id='par_1_25' title="bbox 2060 974 3625 1049">
     <span class='ocr_line' id='line_1_25' title="bbox 2060 974 3625 1049; baseline 0.001 -18"><span class='ocrx_word' id='word_1_177' title='bbox 2060 976 2252 1031; x_wconf 87' lang='lat' dir='ltr'><strong>tradet.</strong></span> <span class='ocrx_word' id='word_1_178' title='bbox 2280 974 2427 1030; x_wconf 85' lang='lat' dir='ltr'><strong>Talis</strong></span> <span class='ocrx_word' id='word_1_179' title='bbox 2447 984 2531 1031; x_wconf 86' lang='lat' dir='ltr'><strong>est</strong></span> <span class='ocrx_word' id='word_1_180' title='bbox 2544 976 2705 1030; x_wconf 89' lang='lat' dir='ltr'><strong>etiam</strong></span> <span class='ocrx_word' id='word_1_181' title='bbox 2728 976 2871 1046; x_wconf 89' lang='lat' dir='ltr'><strong>apud</strong></span> <span class='ocrx_word' id='word_1_182' title='bbox 2888 978 3103 1033; x_wconf 90' lang='lat' dir='ltr'><strong>beatum</strong></span> <span class='ocrx_word' id='word_1_183' title='bbox 3125 976 3378 1035; x_wconf 85' lang='lat' dir='ltr'><strong>Davidem</strong></span> <span class='ocrx_word' id='word_1_184' title='bbox 3405 985 3625 1049; x_wconf 81' lang='lat' dir='ltr'><strong>septua-</strong></span> 
     </span>
    </p>
   </div>
   <div class='ocr_carea' id='block_1_26' title="bbox 2061 1066 3625 1140">
    <p class='ocr_par' dir='ltr' id='par_1_26' title="bbox 2061 1066 3625 1140">
     <span class='ocr_line' id='line_1_26' title="bbox 2061 1066 3625 1140; baseline 0.004 -20"><span class='ocrx_word' id='word_1_185' title='bbox 2061 1066 2299 1138; x_wconf 83' lang='lat' dir='ltr'><strong>gesimus</strong></span> <span class='ocrx_word' id='word_1_186' title='bbox 2327 1069 2532 1136; x_wconf 91' lang='lat' dir='ltr'><strong>primus</strong></span> <span class='ocrx_word' id='word_1_187' title='bbox 2549 1068 2810 1137; x_wconf 82' lang='lat' dir='ltr'><strong>psalmus.</strong></span> <span class='ocrx_word' id='word_1_188' title='bbox 2827 1071 2930 1124; x_wconf 85' lang='lat' dir='ltr'><strong>sub</strong></span> <span class='ocrx_word' id='word_1_189' title='bbox 2952 1070 3127 1140; x_wconf 85' lang='lat' dir='ltr'><strong>precis</strong></span> <span class='ocrx_word' id='word_1_190' title='bbox 3144 1070 3323 1140; x_wconf 85' lang='lat' dir='ltr'><strong>specie</strong></span> <span class='ocrx_word' id='word_1_191' title='bbox 3339 1070 3625 1128; x_wconf 84' lang='lat' dir='ltr'><strong>declarans</strong></span> 
     </span>
    </p>
   </div>
   <div class='ocr_carea' id='block_1_27' title="bbox 2064 1155 3625 1234">
    <p class='ocr_par' dir='ltr' id='par_1_27' title="bbox 2064 1155 3625 1234">
     <span class='ocr_line' id='line_1_27' title="bbox 2064 1155 3625 1234; baseline 0.004 -24"><span class='ocrx_word' id='word_1_192' title='bbox 2064 1155 2370 1217; x_wconf 88' lang='lat' dir='ltr'><strong>Salomonis</strong></span> <span class='ocrx_word' id='word_1_193' title='bbox 2396 1159 2831 1228; x_wconf 80' lang='lat' dir='ltr'><strong>prOSperitatem,</strong></span> <span class='ocrx_word' id='word_1_194' title='bbox 2860 1162 2947 1216; x_wconf 92' lang='lat' dir='ltr'><strong>ubi</strong></span> <span class='ocrx_word' id='word_1_195' title='bbox 2971 1162 3082 1217; x_wconf 89' lang='lat' dir='ltr'><strong>ait:</strong></span> <span class='ocrx_word' id='word_1_196' title='bbox 3113 1181 3130 1213; x_wconf 80' lang='grc' dir='ltr'><strong>ι</strong></span> <span class='ocrx_word' id='word_1_197' title='bbox 3149 1162 3290 1219; x_wconf 84' lang='lat' dir='ltr'><strong>Ante</strong></span> <span class='ocrx_word' id='word_1_198' title='bbox 3306 1164 3476 1219; x_wconf 89' lang='lat' dir='ltr'><strong>solem</strong></span> <span class='ocrx_word' id='word_1_199' title='bbox 3502 1178 3625 1234; x_wconf 84' lang='lat' dir='ltr'><strong>per-</strong></span> 
     </span>
    </p>
   </div>
   <div class='ocr_carea' id='block_1_28' title="bbox 2062 1250 3625 1325">
    <p class='ocr_par' dir='ltr' id='par_1_28' title="bbox 2062 1250 3625 1325">
     <span class='ocr_line' id='line_1_28' title="bbox 2062 1250 3625 1325; baseline 0.005 -23"><span class='ocrx_word' id='word_1_200' title='bbox 2062 1250 2299 1304; x_wconf 84' lang='lat' dir='ltr'><strong>manebit</strong></span> <span class='ocrx_word' id='word_1_201' title='bbox 2320 1265 2514 1304; x_wconf 87' lang='lat' dir='ltr'><strong>nomen</strong></span> <span class='ocrx_word' id='word_1_202' title='bbox 2539 1252 2678 1317; x_wconf 83' lang='lat' dir='ltr'><strong>ejus,</strong></span> <span class='ocrx_word' id='word_1_203' title='bbox 2700 1260 2753 1307; x_wconf 91' lang='lat' dir='ltr'><strong>et</strong></span> <span class='ocrx_word' id='word_1_204' title='bbox 2779 1262 2904 1307; x_wconf 87' lang='lat' dir='ltr'><strong>ante</strong></span> <span class='ocrx_word' id='word_1_205' title='bbox 2927 1255 3108 1307; x_wconf 89' lang='lat' dir='ltr'><strong>lunam</strong></span> <span class='ocrx_word' id='word_1_206' title='bbox 3135 1270 3229 1324; x_wconf 89' lang='lat' dir='ltr'><strong>per</strong></span> <span class='ocrx_word' id='word_1_207' title='bbox 3247 1255 3625 1325; x_wconf 75' lang='lat' dir='ltr'><strong>generationes</strong></span> 
     </span>
    </p>
   </div>
   <div class='ocr_carea' id='block_1_29' title="bbox 2062 1339 3625 1407">
    <p class='ocr_par' dir='ltr' id='par_1_29' title="bbox 2062 1339 3625 1407">
     <span class='ocr_line' id='line_1_29' title="bbox 2062 1339 3625 1407; baseline 0.005 -16"><span class='ocrx_word' id='word_1_208' title='bbox 2062 1339 2486 1407; x_wconf 83' lang='lat' dir='ltr'><strong>generationum.</strong></span> <span class='ocrx_word' id='word_1_209' title='bbox 2520 1340 2583 1394; x_wconf 86' lang='lat' dir='ltr'><strong>Et</strong></span> <span class='ocrx_word' id='word_1_210' title='bbox 2610 1341 2979 1396; x_wconf 86' lang='lat' dir='ltr'><strong>dominabitur</strong></span> <span class='ocrx_word' id='word_1_211' title='bbox 3010 1358 3043 1397; x_wconf 90' lang='lat' dir='ltr'><strong>a</strong></span> <span class='ocrx_word' id='word_1_212' title='bbox 3072 1344 3206 1397; x_wconf 89' lang='lat' dir='ltr'><strong>mari</strong></span> <span class='ocrx_word' id='word_1_213' title='bbox 3228 1344 3294 1398; x_wconf 90' lang='lat' dir='ltr'><strong>ad</strong></span> <span class='ocrx_word' id='word_1_214' title='bbox 3326 1351 3564 1407; x_wconf 88' lang='lat' dir='ltr'><strong>mare,et</strong></span> <span class='ocrx_word' id='word_1_215' title='bbox 3593 1359 3625 1399; x_wconf 86' lang='lat' dir='ltr'><strong>a</strong></span> 
     </span>
    </p>
   </div>
   <div class='ocr_carea' id='block_1_30' title="bbox 2062 1428 3627 1503">
    <p class='ocr_par' dir='ltr' id='par_1_30' title="bbox 2062 1428 3627 1503">
     <span class='ocr_line' id='line_1_30' title="bbox 2062 1428 3627 1503; baseline 0.005 -22"><span class='ocrx_word' id='word_1_216' title='bbox 2062 1428 2374 1487; x_wconf 82' lang='lat' dir='ltr'><strong>ﬂuminibus</strong></span> <span class='ocrx_word' id='word_1_217' title='bbox 2409 1448 2577 1503; x_wconf 90' lang='lat' dir='ltr'><strong>usque</strong></span> <span class='ocrx_word' id='word_1_218' title='bbox 2609 1434 2674 1487; x_wconf 88' lang='lat' dir='ltr'><strong>ad</strong></span> <span class='ocrx_word' id='word_1_219' title='bbox 2707 1435 2971 1489; x_wconf 87' lang='lat' dir='ltr'><strong>terminos</strong></span> <span class='ocrx_word' id='word_1_220' title='bbox 3008 1434 3246 1489; x_wconf 68' lang='lat' dir='ltr'><strong>terrae“.</strong></span> <span class='ocrx_word' id='word_1_221' title='bbox 3272 1452 3291 1487; x_wconf 81' lang='grc' dir='ltr'><strong>ι</strong></span> <span class='ocrx_word' id='word_1_222' title='bbox 3328 1433 3522 1490; x_wconf 86' lang='lat' dir='ltr'><strong>Nonne</strong></span> <span class='ocrx_word' id='word_1_223' title='bbox 3571 1442 3627 1489; x_wconf 89' lang='lat' dir='ltr'><strong>et</strong></span> 
     </span>
    </p>
   </div>
   <div class='ocr_carea' id='block_1_31' title="bbox 2064 1520 3627 1593">
    <p class='ocr_par' dir='ltr' id='par_1_31' title="bbox 2064 1520 3627 1593">
     <span class='ocr_line' id='line_1_31' title="bbox 2064 1520 3627 1593; baseline 0.004 -18"><span class='ocrx_word' id='word_1_224' title='bbox 2064 1520 2179 1577; x_wconf 65' lang='lat' dir='ltr'><strong>haec</strong></span> <span class='ocrx_word' id='word_1_225' title='bbox 2228 1523 2572 1593; x_wconf 84' lang='lat' dir='ltr'><strong>hyperbolice</strong></span> <span class='ocrx_word' id='word_1_226' title='bbox 2603 1524 2749 1579; x_wconf 88' lang='lat' dir='ltr'><strong>dicta</strong></span> <span class='ocrx_word' id='word_1_227' title='bbox 2797 1526 3057 1589; x_wconf 74' lang='lat' dir='ltr'><strong>fuerunt!</strong></span> <span class='ocrx_word' id='word_1_228' title='bbox 3101 1526 3223 1581; x_wconf 80' lang='lat' dir='ltr'><strong>Mox</strong></span> <span class='ocrx_word' id='word_1_229' title='bbox 3253 1527 3520 1582; x_wconf 79' lang='lat' dir='ltr'><strong>subditzt</strong></span> <span class='ocrx_word' id='word_1_230' title='bbox 3560 1526 3627 1581; x_wconf 83' lang='lat' dir='ltr'><strong>Et</strong></span> 
     </span>
    </p>
   </div>
   <div class='ocr_carea' id='block_1_32' title="bbox 2065 1613 3628 1687">
    <p class='ocr_par' dir='ltr' id='par_1_32' title="bbox 2065 1613 3628 1687">
     <span class='ocr_line' id='line_1_32' title="bbox 2065 1613 3628 1687; baseline 0.004 -21"><span class='ocrx_word' id='word_1_231' title='bbox 2065 1620 2122 1667; x_wconf 93' lang='lat' dir='ltr'><strong>tu</strong></span> <span class='ocrx_word' id='word_1_232' title='bbox 2152 1613 2207 1668; x_wconf 93' lang='lat' dir='ltr'><strong>in</strong></span> <span class='ocrx_word' id='word_1_233' title='bbox 2232 1616 2497 1684; x_wconf 82' lang='lat' dir='ltr'><strong>sanguine</strong></span> <span class='ocrx_word' id='word_1_234' title='bbox 2522 1618 2832 1672; x_wconf 87' lang='lat' dir='ltr'><strong>testamenti</strong></span> <span class='ocrx_word' id='word_1_235' title='bbox 2860 1618 2939 1671; x_wconf 90' lang='lat' dir='ltr'><strong>tui</strong></span> <span class='ocrx_word' id='word_1_236' title='bbox 2965 1617 3197 1673; x_wconf 87' lang='lat' dir='ltr'><strong>emisisti</strong></span> <span class='ocrx_word' id='word_1_237' title='bbox 3225 1619 3471 1687; x_wconf 89' lang='lat' dir='ltr'><strong>captivos</strong></span> <span class='ocrx_word' id='word_1_238' title='bbox 3502 1625 3628 1673; x_wconf 86' lang='lat' dir='ltr'><strong>tuos</strong></span> 
     </span>
    </p>
   </div>
   <div class='ocr_carea' id='block_1_33' title="bbox 2066 1704 3626 1775">
    <p class='ocr_par' dir='ltr' id='par_1_33' title="bbox 2066 1704 3626 1775">
     <span class='ocr_line' id='line_1_33' title="bbox 2066 1704 3626 1775; baseline 0.003 -16"><span class='ocrx_word' id='word_1_239' title='bbox 2066 1704 2133 1759; x_wconf 91' lang='lat' dir='ltr'><strong>de</strong></span> <span class='ocrx_word' id='word_1_240' title='bbox 2164 1705 2280 1761; x_wconf 90' lang='lat' dir='ltr'><strong>lacu</strong></span> <span class='ocrx_word' id='word_1_241' title='bbox 2311 1721 2507 1775; x_wconf 88' lang='lat' dir='ltr'><strong>aquam</strong></span> <span class='ocrx_word' id='word_1_242' title='bbox 2539 1723 2647 1763; x_wconf 93' lang='lat' dir='ltr'><strong>non</strong></span> <span class='ocrx_word' id='word_1_243' title='bbox 2668 1708 2901 1764; x_wconf 83' lang='lat' dir='ltr'><strong>habente</strong></span> <span class='ocrx_word' id='word_1_244' title='bbox 2924 1717 2977 1763; x_wconf 90' lang='lat' dir='ltr'><strong>et</strong></span> <span class='ocrx_word' id='word_1_245' title='bbox 3007 1710 3263 1765; x_wconf 89' lang='lat' dir='ltr'><strong>sedebitis</strong></span> <span class='ocrx_word' id='word_1_246' title='bbox 3286 1709 3340 1764; x_wconf 93' lang='lat' dir='ltr'><strong>in</strong></span> <span class='ocrx_word' id='word_1_247' title='bbox 3367 1711 3626 1764; x_wconf 88' lang='lat' dir='ltr'><strong>munitio-</strong></span> 
     </span>
    </p>
   </div>
   <div class='ocr_carea' id='block_1_34' title="bbox 402 1770 1964 1872">
    <p class='ocr_par' dir='ltr' id='par_1_34' title="bbox 402 1770 1963 1856">
     <span class='ocr_line' id='line_1_34' title="bbox 402 1770 1963 1856; baseline 0.013 -35"><span class='ocrx_word' id='word_1_248' title='bbox 402 1770 504 1834; x_wconf 85' lang='grc' dir='ltr'><strong>λας</strong></span> <span class='ocrx_word' id='word_1_249' title='bbox 531 1770 779 1841; x_wconf 83' lang='grc' dir='ltr'>δεσμίους</span> <span class='ocrx_word' id='word_1_250' title='bbox 803 1789 896 1826; x_wconf 89' lang='grc' dir='ltr'><strong>σου</strong></span> <span class='ocrx_word' id='word_1_251' title='bbox 937 1775 1000 1826; x_wconf 80' lang='grc' dir='ltr'>ὲκ</span> <span class='ocrx_word' id='word_1_252' title='bbox 1044 1774 1245 1829; x_wconf 81' lang='grc' dir='ltr'>λάκκου</span> <span class='ocrx_word' id='word_1_253' title='bbox 1269 1777 1368 1831; x_wconf 85' lang='grc' dir='ltr'>οὐκ</span> <span class='ocrx_word' id='word_1_254' title='bbox 1417 1778 1628 1850; x_wconf 80' lang='grc' dir='ltr'>ἔχοντος</span> <span class='ocrx_word' id='word_1_255' title='bbox 1657 1782 1800 1856; x_wconf 75' lang='grc' dir='ltr'>ὕδωρ</span> <span class='ocrx_word' id='word_1_256' title='bbox 1831 1802 1844 1817; x_wconf 91' lang='grc'><strong>·</strong></span> <span class='ocrx_word' id='word_1_257' title='bbox 1868 1787 1963 1841; x_wconf 76' lang='grc' dir='ltr'>καὶ</span> 
     </span>
    </p>
   </div>
   <div class='ocr_carea' id='block_1_35' title="bbox 2067 1770 3626 1872">
    <p class='ocr_par' dir='ltr' id='par_1_35' title="bbox 2067 1770 3626 1872">
     <span class='ocr_line' id='line_1_35' title="bbox 2067 1770 3626 1872; baseline 0.003 -22"><span class='ocrx_word' id='word_1_258' title='bbox 2067 1811 2131 1851; x_wconf 95' lang='lat' dir='ltr'><strong>ne</strong></span> <span class='ocrx_word' id='word_1_259' title='bbox 2151 1799 2348 1866; x_wconf 84' lang='lat' dir='ltr'><strong>captivi</strong></span> <span class='ocrx_word' id='word_1_260' title='bbox 2363 1770 2706 1868; x_wconf 40' lang='lat' dir='ltr'><strong>-Synagogaa:</strong></span> <span class='ocrx_word' id='word_1_261' title='bbox 2733 1808 2787 1855; x_wconf 89' lang='lat' dir='ltr'><strong>et</strong></span> <span class='ocrx_word' id='word_1_262' title='bbox 2812 1815 2908 1870; x_wconf 89' lang='lat' dir='ltr'><strong>pro</strong></span> <span class='ocrx_word' id='word_1_263' title='bbox 2932 1816 3041 1855; x_wconf 92' lang='lat' dir='ltr'><strong>uno</strong></span> <span class='ocrx_word' id='word_1_264' title='bbox 3063 1801 3150 1855; x_wconf 91' lang='lat' dir='ltr'><strong>die</strong></span> <span class='ocrx_word' id='word_1_265' title='bbox 3174 1801 3626 1872; x_wconf 75' lang='lat' dir='ltr'><strong>peregrinationis</strong></span> 
     </span>
    </p>
   </div>
   <div class='ocr_carea' id='block_1_36' title="bbox 407 1860 1963 1946">
    <p class='ocr_par' dir='ltr' id='par_1_36' title="bbox 407 1860 1963 1946">
     <span class='ocr_line' id='line_1_36' title="bbox 407 1860 1963 1946; baseline 0.012 -34"><span class='ocrx_word' id='word_1_266' title='bbox 407 1860 689 1914; x_wconf 83' lang='grc' dir='ltr'>καθίσεσοε</span> <span class='ocrx_word' id='word_1_267' title='bbox 721 1861 779 1914; x_wconf 79' lang='grc' dir='ltr'>ἐν</span> <span class='ocrx_word' id='word_1_268' title='bbox 806 1862 1122 1935; x_wconf 82' lang='grc' dir='ltr'>ὀχυρώματι</span> <span class='ocrx_word' id='word_1_269' title='bbox 1151 1866 1360 1937; x_wconf 84' lang='grc' dir='ltr'>δέσμιοι</span> <span class='ocrx_word' id='word_1_270' title='bbox 1388 1870 1486 1941; x_wconf 86' lang='grc' dir='ltr'><strong>τῆς</strong></span> <span class='ocrx_word' id='word_1_271' title='bbox 1507 1876 1845 1946; x_wconf 81' lang='grc' dir='ltr'>συναγωγῆς,</span> <span class='ocrx_word' id='word_1_272' title='bbox 1867 1878 1963 1931; x_wconf 77' lang='grc' dir='ltr'>καὶ</span> 
     </span>
    </p>
   </div>
   <div class='ocr_carea' id='block_1_37' title="bbox 407 1952 1965 2026">
    <p class='ocr_par' dir='ltr' id='par_1_37' title="bbox 407 1952 1965 2026">
     <span class='ocr_line' id='line_1_37' title="bbox 407 1952 1965 2026; baseline 0.012 -22"><span class='ocrx_word' id='word_1_273' title='bbox 407 1952 527 2004; x_wconf 72' lang='grc' dir='ltr'>ἀντὶ</span> <span class='ocrx_word' id='word_1_274' title='bbox 564 1952 693 2022; x_wconf 79' lang='grc' dir='ltr'>μιᾶς</span> <span class='ocrx_word' id='word_1_275' title='bbox 735 1952 949 2024; x_wconf 77' lang='grc' dir='ltr'>ἡμέρας</span> <span class='ocrx_word' id='word_1_276' title='bbox 996 1959 1352 2026; x_wconf 87' lang='grc' dir='ltr'>παροικεσίας</span> <span class='ocrx_word' id='word_1_277' title='bbox 1383 1979 1479 2016; x_wconf 80' lang='grc' dir='ltr'><strong>σου</strong></span> <span class='ocrx_word' id='word_1_278' title='bbox 1525 1962 1688 2018; x_wconf 78' lang='grc' dir='ltr'>διπλᾶ</span> <span class='ocrx_word' id='word_1_279' title='bbox 1730 1967 1965 2022; x_wconf 86' lang='grc' dir='ltr'>ἀνταπο-</span> 
     </span>
    </p>
   </div>
   <div class='ocr_carea' id='block_1_38' title="bbox 403 2040 1965 2132">
    <p class='ocr_par' dir='ltr' id='par_1_38' title="bbox 403 2040 1965 2132">
     <span class='ocr_line' id='line_1_38' title="bbox 403 2040 1965 2132; baseline 0.012 -38"><span class='ocrx_word' id='word_1_280' title='bbox 403 2040 557 2095; x_wconf 82' lang='grc' dir='ltr'>δώσω</span> <span class='ocrx_word' id='word_1_281' title='bbox 592 2059 694 2097; x_wconf 88' lang='grc' dir='ltr'>σοι.</span> <span class='ocrx_word' id='word_1_282' title='bbox 730 2061 750 2095; x_wconf 81' lang='grc' dir='ltr'><strong>ι</strong></span> <span class='ocrx_word' id='word_1_283' title='bbox 792 2045 881 2097; x_wconf 87' lang='grc' dir='ltr'>Ἐν</span> <span class='ocrx_word' id='word_1_284' title='bbox 911 2045 1083 2099; x_wconf 80' lang='grc' dir='ltr'>ἀπασι</span> <span class='ocrx_word' id='word_1_285' title='bbox 1117 2048 1181 2120; x_wconf 79' lang='grc' dir='ltr'>δὴ</span> <span class='ocrx_word' id='word_1_286' title='bbox 1228 2051 1437 2115; x_wconf 80' lang='grc' dir='ltr'>τούτοις</span> <span class='ocrx_word' id='word_1_287' title='bbox 1472 2054 1704 2125; x_wconf 87' lang='grc' dir='ltr'>μάλιστα</span> <span class='ocrx_word' id='word_1_288' title='bbox 1736 2058 1805 2111; x_wconf 81' lang='grc' dir='ltr'>τὰ</span> <span class='ocrx_word' id='word_1_289' title='bbox 1837 2062 1965 2132; x_wconf 79' lang='grc' dir='ltr'>περὶ</span> 
     </span>
    </p>
   </div>
   <div class='ocr_carea' id='block_1_39' title="bbox 401 2132 1967 2223">
    <p class='ocr_par' dir='ltr' id='par_1_39' title="bbox 401 2132 1967 2223">
     <span class='ocr_line' id='line_1_39' title="bbox 401 2132 1967 2223; baseline 0.011 -37"><span class='ocrx_word' id='word_1_290' title='bbox 401 2133 492 2187; x_wconf 79' lang='grc' dir='ltr'>τὸν</span> <span class='ocrx_word' id='word_1_291' title='bbox 522 2132 646 2203; x_wconf 87' lang='grc' dir='ltr'><strong>Γὼγ</strong></span> <span class='ocrx_word' id='word_1_292' title='bbox 668 2136 897 2207; x_wconf 70' lang='grc' dir='ltr'>ἐσόμενα</span> <span class='ocrx_word' id='word_1_293' title='bbox 923 2138 982 2189; x_wconf 75' lang='grc' dir='ltr'>ὲν</span> <span class='ocrx_word' id='word_1_294' title='bbox 1002 2141 1122 2203; x_wconf 85' lang='grc' dir='ltr'>ταῖς</span> <span class='ocrx_word' id='word_1_295' title='bbox 1152 2140 1246 2193; x_wconf 80' lang='grc' dir='ltr'><strong>τοῦ</strong></span> <span class='ocrx_word' id='word_1_296' title='bbox 1272 2143 1575 2214; x_wconf 88' lang='grc' dir='ltr'>Ζοροϐάϐελ</span> <span class='ocrx_word' id='word_1_297' title='bbox 1603 2146 1835 2219; x_wconf 82' lang='grc' dir='ltr'>ἡμέραις</span> <span class='ocrx_word' id='word_1_298' title='bbox 1864 2167 1967 2223; x_wconf 88' lang='grc' dir='ltr'>μη-</span> 
     </span>
    </p>
   </div>
   <div class='ocr_carea' id='block_1_40' title="bbox 399 2223 1961 2299">
    <p class='ocr_par' dir='ltr' id='par_1_40' title="bbox 399 2223 1961 2299">
     <span class='ocr_line' id='line_1_40' title="bbox 399 2223 1961 2299; baseline 0.014 -23"><span class='ocrx_word' id='word_1_299' title='bbox 399 2223 517 2277; x_wconf 85' lang='grc' dir='ltr'>νύει</span> <span class='ocrx_word' id='word_1_300' title='bbox 544 2240 560 2257; x_wconf 79' lang='grc' dir='ltr'><strong>ο</strong></span> <span class='ocrx_word' id='word_1_301' title='bbox 589 2225 726 2297; x_wconf 77' lang='grc' dir='ltr'>πρὸς</span> <span class='ocrx_word' id='word_1_302' title='bbox 748 2226 806 2281; x_wconf 82' lang='grc' dir='ltr'><strong>δν</strong></span> <span class='ocrx_word' id='word_1_303' title='bbox 829 2227 975 2297; x_wconf 84' lang='grc' dir='ltr'>λέγει</span> <span class='ocrx_word' id='word_1_304' title='bbox 1003 2231 1084 2283; x_wconf 82' lang='grc' dir='ltr'>ὅτι</span> <span class='ocrx_word' id='word_1_305' title='bbox 1110 2231 1337 2298; x_wconf 85' lang='grc' dir='ltr'>πολλοὺς</span> <span class='ocrx_word' id='word_1_306' title='bbox 1362 2236 1582 2299; x_wconf 88' lang='grc' dir='ltr'>ἀνελὼν.</span> <span class='ocrx_word' id='word_1_307' title='bbox 1614 2241 1709 2295; x_wconf 75' lang='grc' dir='ltr'><strong>καὶ</strong></span> <span class='ocrx_word' id='word_1_308' title='bbox 1752 2242 1961 2299; x_wconf 88' lang='grc' dir='ltr'>πολλῶν</span> 
     </span>
    </p>
   </div>
   <div class='ocr_carea' id='block_1_41' title="bbox 401 2317 1963 2405">
    <p class='ocr_par' dir='ltr' id='par_1_41' title="bbox 401 2317 1963 2405">
     <span class='ocr_line' id='line_1_41' title="bbox 401 2317 1963 2405; baseline 0.013 -35"><span class='ocrx_word' id='word_1_309' title='bbox 401 2317 609 2386; x_wconf 74' lang='grc' dir='ltr'>αἵματα</span> <span class='ocrx_word' id='word_1_310' title='bbox 664 2319 891 2387; x_wconf 72' lang='grc' dir='ltr'>ἐκχέας,</span> <span class='ocrx_word' id='word_1_311' title='bbox 940 2321 1033 2374; x_wconf 72' lang='grc' dir='ltr'>καὶ</span> <span class='ocrx_word' id='word_1_312' title='bbox 1087 2325 1153 2393; x_wconf 72' lang='grc' dir='ltr'><strong>τῇ</strong></span> <span class='ocrx_word' id='word_1_313' title='bbox 1214 2323 1322 2379; x_wconf 89' lang='grc' dir='ltr'><strong>τῶν</strong></span> <span class='ocrx_word' id='word_1_314' title='bbox 1389 2327 1641 2385; x_wconf 79' lang='grc' dir='ltr'>ἐναντίων</span> <span class='ocrx_word' id='word_1_315' title='bbox 1690 2333 1963 2405; x_wconf 83' lang='grc' dir='ltr'>ἀναιρέσει</span> 
     </span>
    </p>
   </div>
   <div class='ocr_carea' id='block_1_42' title="bbox 399 2407 1961 2492">
    <p class='ocr_par' dir='ltr' id='par_1_42' title="bbox 399 2407 1961 2492">
     <span class='ocr_line' id='line_1_42' title="bbox 399 2407 1961 2492; baseline 0.013 -33"><span class='ocrx_word' id='word_1_316' title='bbox 399 2407 592 2479; x_wconf 75' lang='grc' dir='ltr'>ῶσπερ</span> <span class='ocrx_word' id='word_1_317' title='bbox 612 2408 723 2462; x_wconf 80' lang='grc' dir='ltr'>τισὶ</span> <span class='ocrx_word' id='word_1_318' title='bbox 751 2409 1043 2481; x_wconf 84' lang='grc' dir='ltr'>συνθήκαις</span> <span class='ocrx_word' id='word_1_319' title='bbox 1073 2412 1374 2482; x_wconf 85' lang='grc' dir='ltr'>βεϐαιώσας</span> <span class='ocrx_word' id='word_1_320' title='bbox 1398 2419 1572 2491; x_wconf 78' lang='grc' dir='ltr'>ἑαυτῷ</span> <span class='ocrx_word' id='word_1_321' title='bbox 1593 2422 1692 2492; x_wconf 80' lang='grc' dir='ltr'>τὴν</span> <span class='ocrx_word' id='word_1_322' title='bbox 1719 2423 1813 2476; x_wconf 81' lang='grc' dir='ltr'>τοῦ</span> <span class='ocrx_word' id='word_1_323' title='bbox 1833 2424 1961 2479; x_wconf 79' lang='grc' dir='ltr'>λαοῦ</span> 
     </span>
    </p>
   </div>
   <div class='ocr_carea' id='block_1_43' title="bbox 404 2496 1965 2584">
    <p class='ocr_par' dir='ltr' id='par_1_43' title="bbox 404 2496 1965 2584">
     <span class='ocr_line' id='line_1_43' title="bbox 404 2496 1965 2584; baseline 0.013 -36"><span class='ocrx_word' id='word_1_324' title='bbox 404 2496 710 2567; x_wconf 85' lang='grc' dir='ltr'>βασιλείαν,</span> <span class='ocrx_word' id='word_1_325' title='bbox 742 2498 1036 2567; x_wconf 80' lang='grc' dir='ltr'>ἀπαλλάξει</span> <span class='ocrx_word' id='word_1_326' title='bbox 1072 2501 1171 2573; x_wconf 84' lang='grc' dir='ltr'>μὲν</span> <span class='ocrx_word' id='word_1_327' title='bbox 1223 2504 1467 2571; x_wconf 78' lang='grc' dir='ltr'>ἅπαντας</span> <span class='ocrx_word' id='word_1_328' title='bbox 1507 2510 1765 2565; x_wconf 84' lang='grc' dir='ltr'>κινδύνων</span> <span class='ocrx_word' id='word_1_329' title='bbox 1811 2516 1965 2584; x_wconf 88' lang='grc' dir='ltr'>μεγί-</span> 
     </span>
    </p>
   </div>
   <div class='ocr_carea' id='block_1_44' title="bbox 404 2585 1963 2679">
    <p class='ocr_par' dir='ltr' id='par_1_44' title="bbox 404 2585 1963 2679">
     <span class='ocr_line' id='line_1_44' title="bbox 404 2585 1963 2679; baseline 0.012 -38"><span class='ocrx_word' id='word_1_330' title='bbox 404 2606 567 2655; x_wconf 88' lang='grc' dir='ltr'>στων,</span> <span class='ocrx_word' id='word_1_331' title='bbox 591 2591 651 2643; x_wconf 68' lang='lat' dir='ltr'><strong>tv</strong></span> <span class='ocrx_word' id='word_1_332' title='bbox 681 2585 762 2655; x_wconf 76' lang='grc' dir='ltr'>οἷς</span> <span class='ocrx_word' id='word_1_333' title='bbox 802 2590 987 2665; x_wconf 89' lang='grc' dir='ltr'>ῶσπερ</span> <span class='ocrx_word' id='word_1_334' title='bbox 1018 2596 1076 2647; x_wconf 81' lang='grc' dir='ltr'>ὲν</span> <span class='ocrx_word' id='word_1_335' title='bbox 1102 2594 1288 2667; x_wconf 84' lang='grc' dir='ltr'>λάκκῳ</span> <span class='ocrx_word' id='word_1_336' title='bbox 1336 2598 1440 2652; x_wconf 77' lang='grc' dir='ltr'>τινὶ</span> <span class='ocrx_word' id='word_1_337' title='bbox 1490 2600 1764 2671; x_wconf 88' lang='grc' dir='ltr'>διάγουσιν</span> <span class='ocrx_word' id='word_1_338' title='bbox 1821 2605 1963 2679; x_wconf 82' lang='grc' dir='ltr'>ὕδωρ</span> 
     </span>
    </p>
   </div>
   <div class='ocr_carea' id='block_1_45' title="bbox 399 2681 1966 2769">
    <p class='ocr_par' dir='ltr' id='par_1_45' title="bbox 399 2681 1966 2769">
     <span class='ocr_line' id='line_1_45' title="bbox 399 2681 1966 2769; baseline 0.013 -37"><span class='ocrx_word' id='word_1_339' title='bbox 399 2682 501 2733; x_wconf 76' lang='grc' dir='ltr'>οὐκ</span> <span class='ocrx_word' id='word_1_340' title='bbox 537 2681 731 2752; x_wconf 72' lang='grc' dir='ltr'>ἔχοντι,</span> <span class='ocrx_word' id='word_1_341' title='bbox 769 2683 854 2736; x_wconf 81' lang='grc' dir='ltr'>ῐνα</span> <span class='ocrx_word' id='word_1_342' title='bbox 891 2685 1038 2757; x_wconf 73' lang='grc' dir='ltr'>εἴπῃ,</span> <span class='ocrx_word' id='word_1_343' title='bbox 1093 2685 1539 2762; x_wconf 73' lang='grc' dir='ltr'>ἀπαραμυθήτως</span> <span class='ocrx_word' id='word_1_344' title='bbox 1581 2699 1770 2760; x_wconf 83' lang='grc' dir='ltr'>κακοῖς</span> <span class='ocrx_word' id='word_1_345' title='bbox 1794 2697 1966 2769; x_wconf 77' lang='grc' dir='ltr'>ψυχα-</span> 
     </span>
    </p>
   </div>
   <div class='ocr_carea' id='block_1_46' title="bbox 402 2770 1966 2849">
    <p class='ocr_par' dir='ltr' id='par_1_46' title="bbox 402 2770 1966 2849">
     <span class='ocr_line' id='line_1_46' title="bbox 402 2770 1966 2849; baseline 0.014 -27"><span class='ocrx_word' id='word_1_346' title='bbox 402 2772 611 2839; x_wconf 87' lang='grc' dir='ltr'>γωγίαν</span> <span class='ocrx_word' id='word_1_347' title='bbox 632 2770 844 2843; x_wconf 77' lang='grc' dir='ltr'>ἔχουσιν</span> <span class='ocrx_word' id='word_1_348' title='bbox 867 2774 1118 2846; x_wconf 74' lang='grc' dir='ltr'>οὐδεμίαν</span> <span class='ocrx_word' id='word_1_349' title='bbox 1137 2794 1152 2809; x_wconf 87' lang='grc'><strong>·</strong></span> <span class='ocrx_word' id='word_1_350' title='bbox 1188 2778 1492 2849; x_wconf 85' lang='grc' dir='ltr'>διαμενεῖτε</span> <span class='ocrx_word' id='word_1_351' title='bbox 1520 2784 1577 2837; x_wconf 81' lang='grc' dir='ltr'>δὲ</span> <span class='ocrx_word' id='word_1_352' title='bbox 1598 2786 1647 2839; x_wconf 74' lang='lat' dir='ltr'><strong>oi</strong></span> <span class='ocrx_word' id='word_1_353' title='bbox 1680 2787 1847 2843; x_wconf 88' lang='grc' dir='ltr'>πάλαι</span> <span class='ocrx_word' id='word_1_354' title='bbox 1881 2790 1966 2843; x_wconf 85' lang='grc' dir='ltr'>δέ·</span> 
     </span>
    </p>
   </div>
   <div class='ocr_carea' id='block_1_47' title="bbox 406 2862 1967 2953">
    <p class='ocr_par' dir='ltr' id='par_1_47' title="bbox 406 2862 1967 2953">
     <span class='ocr_line' id='line_1_47' title="bbox 406 2862 1967 2953; baseline 0.016 -42"><span class='ocrx_word' id='word_1_355' title='bbox 406 2878 567 2953; x_wconf 62' lang='grc' dir='ltr'><strong>ιτμιοι⁸</strong></span> <span class='ocrx_word' id='word_1_356' title='bbox 584 2862 683 2953; x_wconf 68' lang='grc' dir='ltr'>τῆς</span> <span class='ocrx_word' id='word_1_357' title='bbox 709 2863 816 2953; x_wconf 89' lang='grc' dir='ltr'><strong>τῶν</strong></span> <span class='ocrx_word' id='word_1_358' title='bbox 845 2865 1109 2920; x_wconf 81' lang='grc' dir='ltr'>Ἰουδαίων</span> <span class='ocrx_word' id='word_1_359' title='bbox 1138 2872 1456 2943; x_wconf 86' lang='grc' dir='ltr'>συναγωγῆς</span> <span class='ocrx_word' id='word_1_360' title='bbox 1490 2875 1624 2945; x_wconf 86' lang='grc' dir='ltr'><strong>μετά</strong></span> <span class='ocrx_word' id='word_1_361' title='bbox 1652 2879 1846 2950; x_wconf 82' lang='grc' dir='ltr'>πολλῆς</span> <span class='ocrx_word' id='word_1_362' title='bbox 1868 2882 1967 2953; x_wconf 84' lang='grc' dir='ltr'>τῆς</span> 
     </span>
    </p>
   </div>
   <div class='ocr_carea' id='block_1_48' title="bbox 403 2950 1966 3039">
    <p class='ocr_par' dir='ltr' id='par_1_48' title="bbox 403 2950 1966 3039">
     <span class='ocr_line' id='line_1_48' title="bbox 403 2950 1966 3039; baseline 0.016 -38"><span class='ocrx_word' id='word_1_363' title='bbox 403 2950 704 3017; x_wconf 80' lang='grc' dir='ltr'>ἀσφαλείας</span> <span class='ocrx_word' id='word_1_364' title='bbox 733 2952 1006 3021; x_wconf 83' lang='grc' dir='ltr'>διάγοντες</span> <span class='ocrx_word' id='word_1_365' title='bbox 1042 2957 1101 3009; x_wconf 82' lang='grc' dir='ltr'>ὲν</span> <span class='ocrx_word' id='word_1_366' title='bbox 1130 2960 1240 3023; x_wconf 84' lang='grc' dir='ltr'>τοῖς</span> <span class='ocrx_word' id='word_1_367' title='bbox 1273 2962 1493 3027; x_wconf 78' lang='grc' dir='ltr'>οἰκείοις</span> <span class='ocrx_word' id='word_1_368' title='bbox 1520 2968 1586 3037; x_wconf 77' lang='grc' dir='ltr'>τῇ</span> <span class='ocrx_word' id='word_1_369' title='bbox 1626 2950 1966 3039; x_wconf 79' lang='grc' dir='ltr'>προεστῶτος</span> 
     </span>
    </p>
   </div>
   <div class='ocr_carea' id='block_1_49' title="bbox 2061 1889 3627 1959">
    <p class='ocr_par' dir='ltr' id='par_1_49' title="bbox 2061 1889 3627 1959">
     <span class='ocr_line' id='line_1_49' title="bbox 2061 1889 3627 1959; baseline 0.007 -19"><span class='ocrx_word' id='word_1_370' title='bbox 2061 1893 2192 1948; x_wconf 66' lang='lat' dir='ltr'><strong>tuae.</strong></span> <span class='ocrx_word' id='word_1_371' title='bbox 2229 1889 2466 1959; x_wconf 86' lang='lat' dir='ltr'><strong>duplicia</strong></span> <span class='ocrx_word' id='word_1_372' title='bbox 2499 1890 2595 1945; x_wconf 88' lang='lat' dir='ltr'><strong>tibi</strong></span> <span class='ocrx_word' id='word_1_373' title='bbox 2630 1891 2945 1947; x_wconf 89' lang='lat' dir='ltr'><strong>retribuam.</strong></span> <span class='ocrx_word' id='word_1_374' title='bbox 2966 1911 2986 1945; x_wconf 77' lang='grc' dir='ltr'><strong>ι</strong></span> <span class='ocrx_word' id='word_1_375' title='bbox 3037 1894 3096 1947; x_wconf 88' lang='lat' dir='ltr'><strong>ln</strong></span> <span class='ocrx_word' id='word_1_376' title='bbox 3139 1893 3225 1951; x_wconf 89' lang='lat' dir='ltr'><strong>his</strong></span> <span class='ocrx_word' id='word_1_377' title='bbox 3252 1894 3506 1949; x_wconf 90' lang='lat' dir='ltr'><strong>omnibus</strong></span> <span class='ocrx_word' id='word_1_378' title='bbox 3539 1909 3627 1951; x_wconf 89' lang='lat' dir='ltr'><strong>res</strong></span> 
     </span>
    </p>
   </div>
   <div class='ocr_carea' id='block_1_50' title="bbox 2060 1980 3627 2053">
    <p class='ocr_par' dir='ltr' id='par_1_50' title="bbox 2060 1980 3627 2053">
     <span class='ocr_line' id='line_1_50' title="bbox 2060 1980 3627 2053; baseline 0.004 -21"><span class='ocrx_word' id='word_1_379' title='bbox 2060 1980 2328 2050; x_wconf 58' lang='lat' dir='ltr'><strong>praecipue</strong></span> <span class='ocrx_word' id='word_1_380' title='bbox 2343 1980 2478 2053; x_wconf 87' lang='lat' dir='ltr'><strong>Gogi</strong></span> <span class='ocrx_word' id='word_1_381' title='bbox 2506 1981 2719 2039; x_wconf 79' lang='lat' dir='ltr'><strong>futuras</strong></span> <span class='ocrx_word' id='word_1_382' title='bbox 2733 1982 3082 2040; x_wconf 86' lang='lat' dir='ltr'><strong>Zorobabelis</strong></span> <span class='ocrx_word' id='word_1_383' title='bbox 3104 1992 3265 2040; x_wconf 71' lang='lat' dir='ltr'><strong>astate</strong></span> <span class='ocrx_word' id='word_1_384' title='bbox 3296 1985 3509 2039; x_wconf 90' lang='lat' dir='ltr'><strong>innuit:</strong></span> <span class='ocrx_word' id='word_1_385' title='bbox 3538 1986 3627 2039; x_wconf 89' lang='lat' dir='ltr'><strong>cui</strong></span> 
     </span>
    </p>
   </div>
   <div class='ocr_carea' id='block_1_51' title="bbox 2061 2068 3625 2142">
    <p class='ocr_par' dir='ltr' id='par_1_51' title="bbox 2061 2068 3625 2142">
     <span class='ocr_line' id='line_1_51' title="bbox 2061 2068 3625 2142; baseline 0.003 -20"><span class='ocrx_word' id='word_1_386' title='bbox 2061 2069 2195 2123; x_wconf 90' lang='lat' dir='ltr'><strong>dicit</strong></span> <span class='ocrx_word' id='word_1_387' title='bbox 2223 2068 2339 2125; x_wconf 84' lang='lat' dir='ltr'><strong>fore</strong></span> <span class='ocrx_word' id='word_1_388' title='bbox 2366 2078 2443 2136; x_wconf 90' lang='lat' dir='ltr'><strong>ut,</strong></span> <span class='ocrx_word' id='word_1_389' title='bbox 2474 2072 2665 2127; x_wconf 89' lang='lat' dir='ltr'><strong>multis</strong></span> <span class='ocrx_word' id='word_1_390' title='bbox 2712 2073 3051 2142; x_wconf 90' lang='lat' dir='ltr'><strong>interemptis</strong></span> <span class='ocrx_word' id='word_1_391' title='bbox 3087 2082 3141 2129; x_wconf 91' lang='lat' dir='ltr'><strong>et</strong></span> <span class='ocrx_word' id='word_1_392' title='bbox 3171 2073 3468 2128; x_wconf 79' lang='lat' dir='ltr'><strong>multorum</strong></span> <span class='ocrx_word' id='word_1_393' title='bbox 3496 2086 3625 2127; x_wconf 87' lang='lat' dir='ltr'><strong>san-</strong></span> 
     </span>
    </p>
   </div>
   <div class='ocr_carea' id='block_1_52' title="bbox 2063 2157 3628 2232">
    <p class='ocr_par' dir='ltr' id='par_1_52' title="bbox 2063 2157 3628 2232">
     <span class='ocr_line' id='line_1_52' title="bbox 2063 2157 3628 2232; baseline 0.003 -20"><span class='ocrx_word' id='word_1_394' title='bbox 2063 2158 2224 2228; x_wconf 89' lang='lat' dir='ltr'><strong>guine</strong></span> <span class='ocrx_word' id='word_1_395' title='bbox 2253 2157 2444 2225; x_wconf 86' lang='lat' dir='ltr'><strong>ell&#39;uso,</strong></span> <span class='ocrx_word' id='word_1_396' title='bbox 2478 2171 2532 2215; x_wconf 89' lang='lat' dir='ltr'><strong>et</strong></span> <span class='ocrx_word' id='word_1_397' title='bbox 2562 2160 2999 2217; x_wconf 86' lang='lat' dir='ltr'><strong>adversariorum</strong></span> <span class='ocrx_word' id='word_1_398' title='bbox 3036 2161 3205 2225; x_wconf 66' lang='lat' dir='ltr'><strong>crede,</strong></span> <span class='ocrx_word' id='word_1_399' title='bbox 3235 2161 3394 2232; x_wconf 88' lang='lat' dir='ltr'><strong>quasi</strong></span> <span class='ocrx_word' id='word_1_400' title='bbox 3425 2160 3628 2216; x_wconf 56' lang='lat' dir='ltr'><strong>foedere</strong></span> 
     </span>
    </p>
   </div>
   <div class='ocr_carea' id='block_1_53' title="bbox 2061 2248 3631 2323">
    <p class='ocr_par' dir='ltr' id='par_1_53' title="bbox 2061 2248 3631 2323">
     <span class='ocr_line' id='line_1_53' title="bbox 2061 2248 3631 2323; baseline 0.003 -21"><span class='ocrx_word' id='word_1_401' title='bbox 2061 2248 2319 2319; x_wconf 87' lang='lat' dir='ltr'><strong>quodam,</strong></span> <span class='ocrx_word' id='word_1_402' title='bbox 2351 2250 2533 2321; x_wconf 89' lang='lat' dir='ltr'><strong>populi</strong></span> <span class='ocrx_word' id='word_1_403' title='bbox 2560 2252 2661 2306; x_wconf 89' lang='lat' dir='ltr'><strong>sibi</strong></span> <span class='ocrx_word' id='word_1_404' title='bbox 2691 2267 2856 2323; x_wconf 90' lang='lat' dir='ltr'><strong>regno</strong></span> <span class='ocrx_word' id='word_1_405' title='bbox 2883 2261 3116 2316; x_wconf 87' lang='lat' dir='ltr'><strong>asserto,</strong></span> <span class='ocrx_word' id='word_1_406' title='bbox 3138 2251 3276 2320; x_wconf 81' lang='lat' dir='ltr'><strong>fore,</strong></span> <span class='ocrx_word' id='word_1_407' title='bbox 3306 2252 3548 2323; x_wconf 85' lang='lat' dir='ltr'><strong>inquam,</strong></span> <span class='ocrx_word' id='word_1_408' title='bbox 3570 2260 3631 2307; x_wconf 90' lang='lat' dir='ltr'><strong>ut</strong></span> 
     </span>
    </p>
   </div>
   <div class='ocr_carea' id='block_1_54' title="bbox 2061 2342 3629 2421">
    <p class='ocr_par' dir='ltr' id='par_1_54' title="bbox 2061 2342 3629 2421">
     <span class='ocr_line' id='line_1_54' title="bbox 2061 2342 3629 2421; baseline 0 -25"><span class='ocrx_word' id='word_1_409' title='bbox 2061 2354 2252 2397; x_wconf 90' lang='lat' dir='ltr'><strong>omnes</strong></span> <span class='ocrx_word' id='word_1_410' title='bbox 2278 2342 2529 2397; x_wconf 79' lang='lat' dir='ltr'><strong>maximis</strong></span> <span class='ocrx_word' id='word_1_411' title='bbox 2574 2344 2830 2413; x_wconf 90' lang='lat' dir='ltr'><strong>periculis</strong></span> <span class='ocrx_word' id='word_1_412' title='bbox 2874 2343 3149 2421; x_wconf 78' lang='lat' dir='ltr'><strong>expediat,</strong></span> <span class='ocrx_word' id='word_1_413' title='bbox 3186 2343 3240 2397; x_wconf 93' lang='lat' dir='ltr'><strong>in</strong></span> <span class='ocrx_word' id='word_1_414' title='bbox 3270 2342 3470 2412; x_wconf 90' lang='lat' dir='ltr'><strong>quibus</strong></span> <span class='ocrx_word' id='word_1_415' title='bbox 3507 2350 3629 2396; x_wconf 57' lang='lat' dir='ltr'><strong>tan-</strong></span> 
     </span>
    </p>
   </div>
   <div class='ocr_carea' id='block_1_55' title="bbox 2061 2432 3627 2504">
    <p class='ocr_par' dir='ltr' id='par_1_55' title="bbox 2061 2432 3627 2504">
     <span class='ocr_line' id='line_1_55' title="bbox 2061 2432 3627 2504; baseline 0.001 -19"><span class='ocrx_word' id='word_1_416' title='bbox 2061 2448 2223 2503; x_wconf 86' lang='lat' dir='ltr'><strong>quam</strong></span> <span class='ocrx_word' id='word_1_417' title='bbox 2248 2434 2367 2487; x_wconf 89' lang='lat' dir='ltr'><strong>lacu</strong></span> <span class='ocrx_word' id='word_1_418' title='bbox 2400 2434 2634 2503; x_wconf 86' lang='lat' dir='ltr'><strong>quodam</strong></span> <span class='ocrx_word' id='word_1_419' title='bbox 2665 2434 2822 2503; x_wconf 89' lang='lat' dir='ltr'><strong>aquis</strong></span> <span class='ocrx_word' id='word_1_420' title='bbox 2851 2443 3073 2490; x_wconf 87' lang='lat' dir='ltr'><strong>careute</strong></span> <span class='ocrx_word' id='word_1_421' title='bbox 3101 2435 3327 2504; x_wconf 86' lang='lat' dir='ltr'><strong>degunt,</strong></span> <span class='ocrx_word' id='word_1_422' title='bbox 3363 2432 3417 2487; x_wconf 91' lang='lat' dir='ltr'><strong>id</strong></span> <span class='ocrx_word' id='word_1_423' title='bbox 3454 2440 3540 2488; x_wconf 89' lang='lat' dir='ltr'><strong>est</strong></span> <span class='ocrx_word' id='word_1_424' title='bbox 3568 2432 3627 2487; x_wconf 94' lang='lat' dir='ltr'><strong>in</strong></span> 
     </span>
    </p>
   </div>
   <div class='ocr_carea' id='block_1_56' title="bbox 2066 2523 3630 2579">
    <p class='ocr_par' dir='ltr' id='par_1_56' title="bbox 2066 2523 3630 2579">
     <span class='ocr_line' id='line_1_56' title="bbox 2066 2523 3630 2579; baseline 0.001 -3"><span class='ocrx_word' id='word_1_425' title='bbox 2066 2523 2226 2577; x_wconf 89' lang='lat' dir='ltr'><strong>malis</strong></span> <span class='ocrx_word' id='word_1_426' title='bbox 2248 2523 2443 2579; x_wconf 90' lang='lat' dir='ltr'><strong>solatio</strong></span> <span class='ocrx_word' id='word_1_427' title='bbox 2466 2525 2613 2578; x_wconf 87' lang='lat' dir='ltr'><strong>omni</strong></span> <span class='ocrx_word' id='word_1_428' title='bbox 2637 2532 2690 2579; x_wconf 87' lang='lat' dir='ltr'><strong>et</strong></span> <span class='ocrx_word' id='word_1_429' title='bbox 2716 2526 3055 2579; x_wconf 90' lang='lat' dir='ltr'><strong>recreatione</strong></span> <span class='ocrx_word' id='word_1_430' title='bbox 3076 2525 3410 2579; x_wconf 84' lang='lat' dir='ltr'><strong>carentibus.</strong></span> <span class='ocrx_word' id='word_1_431' title='bbox 3440 2523 3630 2579; x_wconf 85' lang='lat' dir='ltr'><strong>Perse-</strong></span> 
     </span>
    </p>
   </div>
   <div class='ocr_carea' id='block_1_57' title="bbox 2064 2612 3629 2685">
    <p class='ocr_par' dir='ltr' id='par_1_57' title="bbox 2064 2612 3629 2685">
     <span class='ocr_line' id='line_1_57' title="bbox 2064 2612 3629 2685; baseline 0.001 -20"><span class='ocrx_word' id='word_1_432' title='bbox 2064 2612 2326 2667; x_wconf 86' lang='lat' dir='ltr'><strong>verabitis</strong></span> <span class='ocrx_word' id='word_1_433' title='bbox 2349 2623 2531 2668; x_wconf 90' lang='lat' dir='ltr'><strong>autem</strong></span> <span class='ocrx_word' id='word_1_434' title='bbox 2562 2614 2655 2684; x_wconf 89' lang='lat' dir='ltr'><strong>qui</strong></span> <span class='ocrx_word' id='word_1_435' title='bbox 2684 2614 2812 2669; x_wconf 90' lang='lat' dir='ltr'><strong>olim</strong></span> <span class='ocrx_word' id='word_1_436' title='bbox 2839 2616 3007 2670; x_wconf 81' lang='lat' dir='ltr'><strong>eratis</strong></span> <span class='ocrx_word' id='word_1_437' title='bbox 3022 2614 3194 2669; x_wconf 61' lang='lat' dir='ltr'><strong>Judaei</strong></span> <span class='ocrx_word' id='word_1_438' title='bbox 3218 2615 3440 2685; x_wconf 79' lang='lat' dir='ltr'><strong>captivi,</strong></span> <span class='ocrx_word' id='word_1_439' title='bbox 3462 2614 3629 2667; x_wconf 88' lang='lat' dir='ltr'><strong>multa</strong></span> 
     </span>
    </p>
   </div>
   <div class='ocr_carea' id='block_1_58' title="bbox 2065 2694 3625 2776">
    <p class='ocr_par' dir='ltr' id='par_1_58' title="bbox 2065 2694 3625 2776">
     <span class='ocr_line' id='line_1_58' title="bbox 2065 2694 3625 2776; baseline 0.001 -19"><span class='ocrx_word' id='word_1_440' title='bbox 2065 2717 2187 2757; x_wconf 90' lang='lat' dir='ltr'><strong>cum</strong></span> <span class='ocrx_word' id='word_1_441' title='bbox 2223 2704 2519 2759; x_wconf 87' lang='lat' dir='ltr'><strong>securitate</strong></span> <span class='ocrx_word' id='word_1_442' title='bbox 2545 2705 2598 2759; x_wconf 90' lang='lat' dir='ltr'><strong>in</strong></span> <span class='ocrx_word' id='word_1_443' title='bbox 2628 2694 2803 2776; x_wconf 86' lang='lat' dir='ltr'><strong>patria</strong></span> <span class='ocrx_word' id='word_1_444' title='bbox 2834 2707 2935 2762; x_wconf 91' lang='lat' dir='ltr'><strong>sub</strong></span> <span class='ocrx_word' id='word_1_445' title='bbox 2967 2705 3214 2776; x_wconf 65' lang='lat' dir='ltr'><strong>prmsidis</strong></span> <span class='ocrx_word' id='word_1_446' title='bbox 3241 2705 3407 2760; x_wconf 87' lang='lat' dir='ltr'><strong>vestri</strong></span> <span class='ocrx_word' id='word_1_447' title='bbox 3436 2705 3625 2759; x_wconf 88' lang='lat' dir='ltr'><strong>tutela.</strong></span> 
     </span>
    </p>
   </div>
   <div class='ocr_carea' id='block_1_59' title="bbox 2066 2794 3628 2867">
    <p class='ocr_par' dir='ltr' id='par_1_59' title="bbox 2066 2794 3628 2867">
     <span class='ocr_line' id='line_1_59' title="bbox 2066 2794 3628 2867; baseline 0.001 -18"><span class='ocrx_word' id='word_1_448' title='bbox 2066 2794 2246 2862; x_wconf 87' lang='lat' dir='ltr'><strong>Quare</strong></span> <span class='ocrx_word' id='word_1_449' title='bbox 2276 2811 2374 2865; x_wconf 91' lang='lat' dir='ltr'><strong>pro</strong></span> <span class='ocrx_word' id='word_1_450' title='bbox 2407 2797 2474 2852; x_wconf 93' lang='lat' dir='ltr'><strong>iis</strong></span> <span class='ocrx_word' id='word_1_451' title='bbox 2504 2812 2627 2866; x_wconf 70' lang='lat' dir='ltr'><strong>qua:</strong></span> <span class='ocrx_word' id='word_1_452' title='bbox 2659 2798 2803 2862; x_wconf 85' lang='lat' dir='ltr'><strong>passi</strong></span> <span class='ocrx_word' id='word_1_453' title='bbox 2836 2798 2972 2853; x_wconf 89' lang='lat' dir='ltr'><strong>estis</strong></span> <span class='ocrx_word' id='word_1_454' title='bbox 3000 2798 3334 2867; x_wconf 88' lang='lat' dir='ltr'><strong>captivitatis</strong></span> <span class='ocrx_word' id='word_1_455' title='bbox 3366 2809 3628 2867; x_wconf 89' lang='lat' dir='ltr'><strong>tempore,</strong></span> 
     </span>
    </p>
   </div>
   <div class='ocr_carea' id='block_1_60' title="bbox 2068 2885 3631 2959">
    <p class='ocr_par' dir='ltr' id='par_1_60' title="bbox 2068 2885 3631 2959">
     <span class='ocr_line' id='line_1_60' title="bbox 2068 2885 3631 2959; baseline 0.001 -20"><span class='ocrx_word' id='word_1_456' title='bbox 2068 2885 2239 2939; x_wconf 88' lang='lat' dir='ltr'><strong>multo</strong></span> <span class='ocrx_word' id='word_1_457' title='bbox 2274 2885 2449 2955; x_wconf 87' lang='lat' dir='ltr'><strong>major</strong></span> <span class='ocrx_word' id='word_1_458' title='bbox 2479 2887 2633 2943; x_wconf 90' lang='lat' dir='ltr'><strong>vobis</strong></span> <span class='ocrx_word' id='word_1_459' title='bbox 2659 2888 3008 2959; x_wconf 62' lang='lat' dir='ltr'><strong>praesentium</strong></span> <span class='ocrx_word' id='word_1_460' title='bbox 3042 2887 3311 2943; x_wconf 87' lang='lat' dir='ltr'><strong>bonorum</strong></span> <span class='ocrx_word' id='word_1_461' title='bbox 3354 2889 3509 2957; x_wconf 89' lang='lat' dir='ltr'><strong>copia</strong></span> <span class='ocrx_word' id='word_1_462' title='bbox 3547 2903 3631 2942; x_wconf 92' lang='lat' dir='ltr'><strong>re-</strong></span> 
     </span>
    </p>
   </div>
   <div class='ocr_carea' id='block_1_61' title="bbox 2068 2978 2357 3033">
    <p class='ocr_par' dir='ltr' id='par_1_61' title="bbox 2068 2978 2357 3033">
     <span class='ocr_line' id='line_1_61' title="bbox 2068 2978 2357 3033; baseline 0.007 -3"><span class='ocrx_word' id='word_1_463' title='bbox 2068 2978 2357 3033; x_wconf 87' lang='lat' dir='ltr'><strong>tribuetur.</strong></span> 
     </span>
    </p>
   </div>
   <div class='ocr_carea' id='block_1_62' title="bbox 401 3041 3632 3149">
    <p class='ocr_par' dir='ltr' id='par_1_62' title="bbox 401 3041 3632 3149">
     <span class='ocr_line' id='line_1_62' title="bbox 401 3041 3632 3149; baseline 0.008 -52"><span class='ocrx_word' id='word_1_464' title='bbox 401 3041 558 3149; x_wconf 66' lang='grc' dir='ltr'>ὑμῶν</span> <span class='ocrx_word' id='word_1_465' title='bbox 602 3043 896 3149; x_wconf 38' lang='grc' dir='ltr'>ἀσφαλείας</span> <span class='ocrx_word' id='word_1_466' title='bbox 950 3047 1092 3149; x_wconf 73' lang='grc' dir='ltr'>ῶστε</span> <span class='ocrx_word' id='word_1_467' title='bbox 1128 3048 1244 3149; x_wconf 81' lang='grc' dir='ltr'>ἀνθ’</span> <span class='ocrx_word' id='word_1_468' title='bbox 1274 3043 1353 3149; x_wconf 70' lang='grc' dir='ltr'><strong>ῶν</strong></span> <span class='ocrx_word' id='word_1_469' title='bbox 1386 3056 1685 3112; x_wconf 86' lang='grc' dir='ltr'>πεπόνθατε</span> <span class='ocrx_word' id='word_1_470' title='bbox 1711 3100 1725 3122; x_wconf 90' lang='grc'><strong>,</strong></span> <span class='ocrx_word' id='word_1_471' title='bbox 1776 3065 2010 3134; x_wconf 78' lang='grc' dir='ltr'>ὁπηνίκα</span> <span class='ocrx_word' id='word_1_472' title='bbox 2043 3069 2099 3122; x_wconf 76' lang='grc' dir='ltr'>ἐν</span> <span class='ocrx_word' id='word_1_473' title='bbox 2136 3069 2533 3142; x_wconf 77' lang='grc' dir='ltr'>αἰχμαλωσίαις</span> <span class='ocrx_word' id='word_1_474' title='bbox 2559 3068 2657 3144; x_wconf 77' lang='grc' dir='ltr'>ἦτε</span> <span class='ocrx_word' id='word_1_475' title='bbox 2689 3071 2996 3141; x_wconf 85' lang='grc' dir='ltr'>διάγοντες,</span> <span class='ocrx_word' id='word_1_476' title='bbox 3055 3070 3279 3149; x_wconf 74' lang='grc' dir='ltr'>μείζονά</span> <span class='ocrx_word' id='word_1_477' title='bbox 3328 3087 3418 3124; x_wconf 92' lang='grc' dir='ltr'><strong>σου</strong></span> <span class='ocrx_word' id='word_1_478' title='bbox 3453 3069 3632 3143; x_wconf 85' lang='grc' dir='ltr'>πολλῷ</span> 
     </span>
    </p>
   </div>
   <div class='ocr_carea' id='block_1_63' title="bbox 401 3135 1899 3220">
    <p class='ocr_par' dir='ltr' id='par_1_63' title="bbox 401 3135 1899 3220">
     <span class='ocr_line' id='line_1_63' title="bbox 401 3135 1899 3220; baseline 0.016 -32"><span class='ocrx_word' id='word_1_479' title='bbox 401 3135 516 3189; x_wconf 85' lang='grc' dir='ltr'><strong>τῶν</strong></span> <span class='ocrx_word' id='word_1_480' title='bbox 543 3139 822 3209; x_wconf 82' lang='grc' dir='ltr'>παρόντων</span> <span class='ocrx_word' id='word_1_481' title='bbox 854 3141 1071 3211; x_wconf 86' lang='grc' dir='ltr'>ἀγαθῶν</span> <span class='ocrx_word' id='word_1_482' title='bbox 1107 3145 1355 3212; x_wconf 79' lang='grc' dir='ltr'>γενέσθαι</span> <span class='ocrx_word' id='word_1_483' title='bbox 1383 3149 1482 3220; x_wconf 77' lang='grc' dir='ltr'>τὴν</span> <span class='ocrx_word' id='word_1_484' title='bbox 1508 3151 1788 3211; x_wconf 87' lang='grc' dir='ltr'>ἀντίδοσιν.</span> <span class='ocrx_word' id='word_1_485' title='bbox 1898 3210 1899 3213; x_wconf 43' lang='grc' dir='ltr'><strong>η</strong></span> 
     </span>
    </p>
   </div>
   <div class='ocr_carea' id='block_1_64' title="bbox 476 3230 1964 3324">
    <p class='ocr_par' dir='ltr' id='par_1_64' title="bbox 476 3230 1963 3324">
     <span class='ocr_line' id='line_1_64' title="bbox 476 3230 1963 3324; baseline 0.016 -42"><span class='ocrx_word' id='word_1_486' title='bbox 476 3230 622 3324; x_wconf 46' lang='lat' dir='ltr'><strong>Falx.</strong></span> <span class='ocrx_word' id='word_1_487' title='bbox 673 3232 859 3302; x_wconf 75' lang='grc' dir='ltr'><strong>ιγ’-ιζ’.</strong></span> <span class='ocrx_word' id='word_1_488' title='bbox 883 3262 956 3275; x_wconf 92' lang='grc'><strong><em>-</em></strong></span> <span class='ocrx_word' id='word_1_489' title='bbox 996 3231 1131 3290; x_wconf 80' lang='grc' dir='ltr'>Εἶτα</span> <span class='ocrx_word' id='word_1_490' title='bbox 1183 3238 1486 3305; x_wconf 83' lang='grc' dir='ltr'>ἀκολούθως</span> <span class='ocrx_word' id='word_1_491' title='bbox 1535 3245 1729 3314; x_wconf 74' lang='grc' dir='ltr'>ἐπάγει</span> <span class='ocrx_word' id='word_1_492' title='bbox 1758 3264 1772 3277; x_wconf 82' lang='lat'><strong><em>°</em></strong></span> <span class='ocrx_word' id='word_1_493' title='bbox 1808 3268 1829 3303; x_wconf 80' lang='grc' dir='ltr'><strong>ι</strong></span> <span class='ocrx_word' id='word_1_494' title='bbox 1864 3252 1963 3306; x_wconf 82' lang='grc' dir='ltr'>Διά</span> 
     </span>
    </p>
   </div>
   <div class='ocr_carea' id='block_1_65' title="bbox 2067 3230 3635 3324">
    <p class='ocr_par' dir='ltr' id='par_1_65' title="bbox 2133 3249 3635 3324">
     <span class='ocr_line' id='line_1_65' title="bbox 2133 3249 3635 3324; baseline -0.015 1"><span class='ocrx_word' id='word_1_495' title='bbox 2133 3252 2294 3324; x_wconf 77' lang='lat'><strong>336</strong></span> <span class='ocrx_word' id='word_1_496' title='bbox 2324 3251 2483 3307; x_wconf 64' lang='grc' dir='ltr'><strong>νείκει</strong></span> <span class='ocrx_word' id='word_1_497' title='bbox 2509 3251 2692 3307; x_wconf 65' lang='grc' dir='ltr'><strong>ίδ-ΓῚο</strong></span> <span class='ocrx_word' id='word_1_498' title='bbox 2724 3249 3003 3308; x_wconf 70' lang='grc' dir='ltr'><strong>-Ροεῐεει</strong></span> <span class='ocrx_word' id='word_1_499' title='bbox 3038 3250 3387 3322; x_wconf 82' lang='lat' dir='ltr'><strong>prosequitur</strong></span> <span class='ocrx_word' id='word_1_500' title='bbox 3413 3269 3427 3305; x_wconf 90' lang='lat'><strong>:</strong></span> <span class='ocrx_word' id='word_1_501' title='bbox 3453 3268 3472 3303; x_wconf 81' lang='grc' dir='ltr'><strong>ι</strong></span> <span class='ocrx_word' id='word_1_502' title='bbox 3500 3249 3635 3305; x_wconf 64' lang='lat' dir='ltr'><strong>Pro-</strong></span> 
     </span>
    </p>
   </div>
   <div class='ocr_carea' id='block_1_66' title="bbox 400 3319 1971 3413">
    <p class='ocr_par' dir='ltr' id='par_1_66' title="bbox 400 3319 1971 3413">
     <span class='ocr_line' id='line_1_66' title="bbox 400 3319 1971 3413; baseline 0.015 -41"><span class='ocrx_word' id='word_1_503' title='bbox 400 3319 831 3413; x_wconf 12' lang='grc' dir='ltr'>τοῦτοᾲὲνέτεινά</span> <span class='ocrx_word' id='word_1_504' title='bbox 861 3342 921 3378; x_wconf 89' lang='grc' dir='ltr'><strong>σε</strong></span> <span class='ocrx_word' id='word_1_505' title='bbox 949 3327 1187 3399; x_wconf 76' lang='grc' dir='ltr'>ἐμαυτῷ,</span> <span class='ocrx_word' id='word_1_506' title='bbox 1214 3330 1403 3398; x_wconf 82' lang='grc' dir='ltr'>Ἰούδα,</span> <span class='ocrx_word' id='word_1_507' title='bbox 1436 3333 1513 3397; x_wconf 86' lang='grc' dir='ltr'>ὡς</span> <span class='ocrx_word' id='word_1_508' title='bbox 1552 3335 1722 3401; x_wconf 80' lang='grc' dir='ltr'>τόξον,</span> <span class='ocrx_word' id='word_1_509' title='bbox 1760 3338 1971 3413; x_wconf 83' lang='grc' dir='ltr'>ἔπλησα</span> 
     </span>
    </p>
   </div>
   <div class='ocr_carea' id='block_1_67' title="bbox 401 3411 1971 3491">
    <p class='ocr_par' dir='ltr' id='par_1_67' title="bbox 401 3411 1971 3491">
     <span class='ocr_line' id='line_1_67' title="bbox 401 3411 1971 3491; baseline 0.014 -27"><span class='ocrx_word' id='word_1_510' title='bbox 401 3411 486 3481; x_wconf 82' lang='grc' dir='ltr'>τῷ</span> <span class='ocrx_word' id='word_1_511' title='bbox 538 3411 806 3485; x_wconf 77' lang='grc' dir='ltr'>Ἑφραῖμ’</span> <span class='ocrx_word' id='word_1_512' title='bbox 854 3417 947 3470; x_wconf 82' lang='grc' dir='ltr'>καὶ</span> <span class='ocrx_word' id='word_1_513' title='bbox 997 3418 1233 3491; x_wconf 79' lang='grc' dir='ltr'>ἐξεγερῶ</span> <span class='ocrx_word' id='word_1_514' title='bbox 1262 3422 1329 3475; x_wconf 81' lang='grc' dir='ltr'><strong>τά</strong></span> <span class='ocrx_word' id='word_1_515' title='bbox 1374 3424 1539 3478; x_wconf 87' lang='grc' dir='ltr'>τέκνα</span> <span class='ocrx_word' id='word_1_516' title='bbox 1590 3426 1727 3481; x_wconf 87' lang='grc' dir='ltr'>Σιὼν</span> <span class='ocrx_word' id='word_1_517' title='bbox 1769 3430 1858 3484; x_wconf 75' lang='grc' dir='ltr'>ἐπὶ</span> <span class='ocrx_word' id='word_1_518' title='bbox 1887 3411 1971 3488; x_wconf 14' lang='grc' dir='ltr'>7τά</span> 
     </span>
    </p>
   </div>
   <div class='ocr_carea' id='block_1_68' title="bbox 405 3503 1967 3592">
    <p class='ocr_par' dir='ltr' id='par_1_68' title="bbox 405 3503 1967 3592">
     <span class='ocr_line' id='line_1_68' title="bbox 405 3503 1967 3592; baseline 0.013 -37"><span class='ocrx_word' id='word_1_519' title='bbox 405 3503 573 3557; x_wconf 80' lang='grc' dir='ltr'>τέκνα</span> <span class='ocrx_word' id='word_1_520' title='bbox 601 3504 709 3558; x_wconf 88' lang='grc' dir='ltr'><strong>τῶν</strong></span> <span class='ocrx_word' id='word_1_521' title='bbox 770 3506 1067 3578; x_wconf 81' lang='grc' dir='ltr'>Ἑλλήνων,</span> <span class='ocrx_word' id='word_1_522' title='bbox 1103 3511 1195 3564; x_wconf 79' lang='grc' dir='ltr'>καὶ</span> <span class='ocrx_word' id='word_1_523' title='bbox 1246 3511 1551 3585; x_wconf 75' lang='grc' dir='ltr'>ψηλαφήσω</span> <span class='ocrx_word' id='word_1_524' title='bbox 1596 3534 1653 3570; x_wconf 90' lang='grc' dir='ltr'><strong>σε</strong></span> <span class='ocrx_word' id='word_1_525' title='bbox 1704 3519 1779 3584; x_wconf 84' lang='grc' dir='ltr'><strong>ῶς</strong></span> <span class='ocrx_word' id='word_1_526' title='bbox 1834 3524 1967 3592; x_wconf 74' lang='grc' dir='ltr'>ῥομ-</span> 
     </span>
    </p>
   </div>
   <div class='ocr_carea' id='block_1_69' title="bbox 406 3593 1972 3679">
    <p class='ocr_par' dir='ltr' id='par_1_69' title="bbox 406 3593 1972 3679">
     <span class='ocr_line' id='line_1_69' title="bbox 406 3593 1972 3679; baseline 0.013 -33"><span class='ocrx_word' id='word_1_527' title='bbox 406 3593 576 3663; x_wconf 84' lang='grc' dir='ltr'>φαίαν</span> <span class='ocrx_word' id='word_1_528' title='bbox 624 3598 888 3668; x_wconf 66' lang='grc' dir='ltr'>μαχητοῐλ</span> <span class='ocrx_word' id='word_1_529' title='bbox 923 3619 943 3653; x_wconf 79' lang='grc' dir='ltr'><strong>ι</strong></span> <span class='ocrx_word' id='word_1_530' title='bbox 997 3599 1164 3656; x_wconf 82' lang='grc' dir='ltr'>Ἰούδα</span> <span class='ocrx_word' id='word_1_531' title='bbox 1194 3606 1288 3657; x_wconf 80' lang='grc' dir='ltr'>καὶ</span> <span class='ocrx_word' id='word_1_532' title='bbox 1334 3605 1572 3679; x_wconf 80' lang='grc' dir='ltr'>Ἐφραῒμ</span> <span class='ocrx_word' id='word_1_533' title='bbox 1601 3609 1771 3679; x_wconf 90' lang='grc' dir='ltr'>λέγει,</span> <span class='ocrx_word' id='word_1_534' title='bbox 1811 3612 1877 3665; x_wconf 78' lang='grc' dir='ltr'><strong>ἶν’</strong></span> <span class='ocrx_word' id='word_1_535' title='bbox 1907 3615 1972 3667; x_wconf 84' lang='grc' dir='ltr'>ὲκ</span> 
     </span>
    </p>
   </div>
   <div class='ocr_carea' id='block_1_70' title="bbox 411 3684 1973 3770">
    <p class='ocr_par' dir='ltr' id='par_1_70' title="bbox 411 3684 1973 3770">
     <span class='ocr_line' id='line_1_70' title="bbox 411 3684 1973 3770; baseline 0.015 -33"><span class='ocrx_word' id='word_1_536' title='bbox 411 3684 613 3756; x_wconf 79' lang='grc' dir='ltr'>μέρους</span> <span class='ocrx_word' id='word_1_537' title='bbox 643 3688 735 3742; x_wconf 84' lang='grc' dir='ltr'><strong>τοῦ</strong></span> <span class='ocrx_word' id='word_1_538' title='bbox 778 3692 1111 3762; x_wconf 86' lang='grc' dir='ltr'>κυριωτάτου</span> <span class='ocrx_word' id='word_1_539' title='bbox 1138 3695 1199 3748; x_wconf 82' lang='grc' dir='ltr'>τὸ</span> <span class='ocrx_word' id='word_1_540' title='bbox 1238 3696 1489 3770; x_wconf 86' lang='grc' dir='ltr'>σύστημα</span> <span class='ocrx_word' id='word_1_541' title='bbox 1533 3702 1641 3754; x_wconf 90' lang='grc' dir='ltr'><strong>τῶν</strong></span> <span class='ocrx_word' id='word_1_542' title='bbox 1703 3704 1973 3761; x_wconf 76' lang='grc' dir='ltr'>Ἰουδαίων</span> 
     </span>
    </p>
   </div>
   <div class='ocr_carea' id='block_1_71' title="bbox 408 3779 1972 3865">
    <p class='ocr_par' dir='ltr' id='par_1_71' title="bbox 408 3779 1972 3865">
     <span class='ocr_line' id='line_1_71' title="bbox 408 3779 1972 3865; baseline 0.013 -34"><span class='ocrx_word' id='word_1_543' title='bbox 408 3779 559 3852; x_wconf 76' lang='grc' dir='ltr'>εἴπῃ.</span> <span class='ocrx_word' id='word_1_544' title='bbox 594 3779 671 3851; x_wconf 89' lang='lat' dir='ltr'><strong>(p.</strong></span> <span class='ocrx_word' id='word_1_545' title='bbox 707 3780 831 3853; x_wconf 82' lang='grc'><strong>501)</strong></span> <span class='ocrx_word' id='word_1_546' title='bbox 887 3784 973 3848; x_wconf 82' lang='grc' dir='ltr'>Ὠς</span> <span class='ocrx_word' id='word_1_547' title='bbox 1022 3784 1173 3850; x_wconf 80' lang='grc' dir='ltr'>τόξον</span> <span class='ocrx_word' id='word_1_548' title='bbox 1225 3788 1404 3842; x_wconf 75' lang='grc' dir='ltr'>τοίνυν</span> <span class='ocrx_word' id='word_1_549' title='bbox 1437 3792 1785 3865; x_wconf 76' lang='grc' dir='ltr'>ἐντεταμένον</span> <span class='ocrx_word' id='word_1_550' title='bbox 1833 3797 1972 3852; x_wconf 83' lang='grc' dir='ltr'><strong>κατά</strong></span> 
     </span>
    </p>
   </div>
   <div class='ocr_carea' id='block_1_72' title="bbox 406 3869 1973 3953">
    <p class='ocr_par' dir='ltr' id='par_1_72' title="bbox 406 3869 1973 3953">
     <span class='ocr_line' id='line_1_72' title="bbox 406 3869 1973 3953; baseline 0.013 -31"><span class='ocrx_word' id='word_1_551' title='bbox 406 3869 518 3923; x_wconf 84' lang='grc' dir='ltr'><strong>τῶν</strong></span> <span class='ocrx_word' id='word_1_552' title='bbox 548 3871 817 3943; x_wconf 87' lang='grc' dir='ltr'>πολεμίων</span> <span class='ocrx_word' id='word_1_553' title='bbox 848 3875 990 3946; x_wconf 82' lang='grc' dir='ltr'>ὑμᾶς</span> <span class='ocrx_word' id='word_1_554' title='bbox 1016 3879 1317 3949; x_wconf 79' lang='grc' dir='ltr'>ἐργάσομαι</span> <span class='ocrx_word' id='word_1_555' title='bbox 1351 3882 1628 3953; x_wconf 81' lang='grc' dir='ltr'>ἰσχυροὺς,</span> <span class='ocrx_word' id='word_1_556' title='bbox 1659 3885 1799 3940; x_wconf 82' lang='grc' dir='ltr'>ὥστε</span> <span class='ocrx_word' id='word_1_557' title='bbox 1833 3890 1973 3943; x_wconf 80' lang='grc' dir='ltr'><strong>κατά</strong></span> 
     </span>
    </p>
   </div>
   <div class='ocr_carea' id='block_1_73' title="bbox 408 3963 1971 4050">
    <p class='ocr_par' dir='ltr' id='par_1_73' title="bbox 408 3963 1971 4050">
     <span class='ocr_line' id='line_1_73' title="bbox 408 3963 1971 4050; baseline 0.013 -35"><span class='ocrx_word' id='word_1_558' title='bbox 408 3963 629 4017; x_wconf 86' lang='grc' dir='ltr'>πάντων</span> <span class='ocrx_word' id='word_1_559' title='bbox 656 3965 763 4019; x_wconf 88' lang='grc' dir='ltr'><strong>τῶν</strong></span> <span class='ocrx_word' id='word_1_560' title='bbox 785 3968 1189 4040; x_wconf 79' lang='grc' dir='ltr'>ἐπεληλυθότων</span> <span class='ocrx_word' id='word_1_561' title='bbox 1218 3972 1343 4044; x_wconf 79' lang='grc' dir='ltr'>ὑμῖν</span> <span class='ocrx_word' id='word_1_562' title='bbox 1370 3974 1662 4047; x_wconf 85' lang='grc' dir='ltr'>ἀλλοτρίων</span> <span class='ocrx_word' id='word_1_563' title='bbox 1688 3980 1824 4050; x_wconf 87' lang='grc' dir='ltr'><strong>μετά</strong></span> <span class='ocrx_word' id='word_1_564' title='bbox 1846 3981 1971 4035; x_wconf 90' lang='grc' dir='ltr'>πολ-</span> 
     </span>
    </p>
   </div>
   <div class='ocr_carea' id='block_1_74' title="bbox 407 4055 1973 4139">
    <p class='ocr_par' dir='ltr' id='par_1_74' title="bbox 407 4055 1973 4139">
     <span class='ocr_line' id='line_1_74' title="bbox 407 4055 1973 4139; baseline 0.013 -32"><span class='ocrx_word' id='word_1_565' title='bbox 407 4055 508 4128; x_wconf 83' lang='grc' dir='ltr'>λῆς</span> <span class='ocrx_word' id='word_1_566' title='bbox 544 4058 687 4129; x_wconf 79' lang='grc' dir='ltr'>ὑμᾶς</span> <span class='ocrx_word' id='word_1_567' title='bbox 731 4060 1079 4132; x_wconf 78' lang='grc' dir='ltr'>ὁρμήσαντας</span> <span class='ocrx_word' id='word_1_568' title='bbox 1109 4064 1208 4135; x_wconf 85' lang='grc' dir='ltr'>τῆς</span> <span class='ocrx_word' id='word_1_569' title='bbox 1248 4066 1554 4139; x_wconf 87' lang='grc' dir='ltr'>προθυμίας</span> <span class='ocrx_word' id='word_1_570' title='bbox 1600 4071 1764 4126; x_wconf 83' lang='grc' dir='ltr'>πολὺν</span> <span class='ocrx_word' id='word_1_571' title='bbox 1794 4074 1973 4128; x_wconf 73' lang='grc' dir='ltr'>αὐτῶν</span> 
     </span>
    </p>
   </div>
   <div class='ocr_carea' id='block_1_75' title="bbox 408 4148 1967 4236">
    <p class='ocr_par' dir='ltr' id='par_1_75' title="bbox 408 4148 1967 4236">
     <span class='ocr_line' id='line_1_75' title="bbox 408 4148 1967 4236; baseline 0.012 -37"><span class='ocrx_word' id='word_1_572' title='bbox 408 4148 750 4217; x_wconf 70' lang='grc' dir='ltr'>ἐργάσασθαι</span> <span class='ocrx_word' id='word_1_573' title='bbox 786 4152 876 4204; x_wconf 82' lang='grc' dir='ltr'>τὸν</span> <span class='ocrx_word' id='word_1_574' title='bbox 928 4154 1085 4222; x_wconf 85' lang='grc' dir='ltr'>φόνον</span> <span class='ocrx_word' id='word_1_575' title='bbox 1104 4172 1117 4185; x_wconf 69' lang='grc'><strong>⁸</strong></span> <span class='ocrx_word' id='word_1_576' title='bbox 1142 4156 1235 4209; x_wconf 77' lang='grc' dir='ltr'><strong>καὶ</strong></span> <span class='ocrx_word' id='word_1_577' title='bbox 1264 4158 1383 4211; x_wconf 84' lang='grc' dir='ltr'>ὅσον</span> <span class='ocrx_word' id='word_1_578' title='bbox 1413 4160 1556 4225; x_wconf 82' lang='grc' dir='ltr'>είκὸς</span> <span class='ocrx_word' id='word_1_579' title='bbox 1584 4161 1643 4229; x_wconf 79' lang='grc' dir='ltr'>ἐξ</span> <span class='ocrx_word' id='word_1_580' title='bbox 1668 4164 1858 4236; x_wconf 85' lang='grc' dir='ltr'>ἀνδρὸς</span> <span class='ocrx_word' id='word_1_581' title='bbox 1884 4183 1967 4233; x_wconf 85' lang='grc' dir='ltr'>γε-</span> 
     </span>
    </p>
   </div>
   <div class='ocr_carea' id='block_1_76' title="bbox 407 4239 1973 4324">
    <p class='ocr_par' dir='ltr' id='par_1_76' title="bbox 407 4239 1973 4324">
     <span class='ocr_line' id='line_1_76' title="bbox 407 4239 1973 4324; baseline 0.01 -31"><span class='ocrx_word' id='word_1_582' title='bbox 407 4239 596 4295; x_wconf 86' lang='grc' dir='ltr'>νέσθαι</span> <span class='ocrx_word' id='word_1_583' title='bbox 628 4244 686 4295; x_wconf 85' lang='grc' dir='ltr'>ὲν</span> <span class='ocrx_word' id='word_1_584' title='bbox 731 4244 930 4315; x_wconf 86' lang='grc' dir='ltr'>μάχαις</span> <span class='ocrx_word' id='word_1_585' title='bbox 978 4246 1071 4299; x_wconf 76' lang='grc' dir='ltr'>καὶ</span> <span class='ocrx_word' id='word_1_586' title='bbox 1116 4248 1368 4319; x_wconf 88' lang='grc' dir='ltr'>πολέμοις</span> <span class='ocrx_word' id='word_1_587' title='bbox 1394 4252 1485 4303; x_wconf 73' lang='grc' dir='ltr'>καὶ</span> <span class='ocrx_word' id='word_1_588' title='bbox 1510 4250 1697 4321; x_wconf 70' lang='grc' dir='ltr'>φόνοις</span> <span class='ocrx_word' id='word_1_589' title='bbox 1728 4255 1787 4309; x_wconf 81' lang='grc' dir='ltr'>τὸ</span> <span class='ocrx_word' id='word_1_590' title='bbox 1826 4255 1973 4324; x_wconf 80' lang='grc' dir='ltr'>ξίφος</span> 
     </span>
    </p>
   </div>
   <div class='ocr_carea' id='block_1_77' title="bbox 407 4331 1974 4410">
    <p class='ocr_par' dir='ltr' id='par_1_77' title="bbox 407 4331 1974 4410">
     <span class='ocr_line' id='line_1_77' title="bbox 407 4331 1974 4410; baseline 0.011 -27"><span class='ocrx_word' id='word_1_591' title='bbox 407 4331 499 4385; x_wconf 80' lang='grc' dir='ltr'><strong>ἀεὶ</strong></span> <span class='ocrx_word' id='word_1_592' title='bbox 527 4335 893 4405; x_wconf 81' lang='grc' dir='ltr'>γυμνάζοντος</span> <span class='ocrx_word' id='word_1_593' title='bbox 929 4336 989 4389; x_wconf 81' lang='grc' dir='ltr'>τὸ</span> <span class='ocrx_word' id='word_1_594' title='bbox 1036 4340 1252 4395; x_wconf 74' lang='grc' dir='ltr'>οἰκεῖον.</span> <span class='ocrx_word' id='word_1_595' title='bbox 1289 4341 1397 4394; x_wconf 78' lang='grc' dir='ltr'><strong>Καὶ</strong></span> <span class='ocrx_word' id='word_1_596' title='bbox 1424 4342 1545 4397; x_wconf 86' lang='grc' dir='ltr'>ὅθεν</span> <span class='ocrx_word' id='word_1_597' title='bbox 1577 4344 1749 4400; x_wconf 79' lang='grc' dir='ltr'>ταῦτα</span> <span class='ocrx_word' id='word_1_598' title='bbox 1792 4348 1974 4410; x_wconf 79' lang='grc' dir='ltr'>αὐτοῖς</span> 
     </span>
    </p>
   </div>
   <div class='ocr_carea' id='block_1_78' title="bbox 408 4424 1972 4508">
    <p class='ocr_par' dir='ltr' id='par_1_78' title="bbox 408 4424 1972 4508">
     <span class='ocr_line' id='line_1_78' title="bbox 408 4424 1972 4508; baseline 0.008 -31"><span class='ocrx_word' id='word_1_599' title='bbox 408 4424 695 4495; x_wconf 74' lang='grc' dir='ltr'>περιέσται</span> <span class='ocrx_word' id='word_1_600' title='bbox 723 4428 916 4497; x_wconf 88' lang='grc' dir='ltr'>δηλῶν,</span> <span class='ocrx_word' id='word_1_601' title='bbox 940 4447 958 4480; x_wconf 85' lang='grc' dir='ltr'><strong>ι</strong></span> <span class='ocrx_word' id='word_1_602' title='bbox 982 4430 1090 4484; x_wconf 78' lang='grc' dir='ltr'><strong>Καὶ</strong></span> <span class='ocrx_word' id='word_1_603' title='bbox 1113 4430 1311 4503; x_wconf 80' lang='grc' dir='ltr'>Κύριος</span> <span class='ocrx_word' id='word_1_604' title='bbox 1335 4435 1419 4488; x_wconf 75' lang='grc' dir='ltr'><strong>ἐπ’</strong></span> <span class='ocrx_word' id='word_1_605' title='bbox 1436 4435 1631 4499; x_wconf 81' lang='grc' dir='ltr'>αὐτοὺς</span> <span class='ocrx_word' id='word_1_606' title='bbox 1656 4436 1972 4508; x_wconf 84' lang='grc' dir='ltr'>ὀφθήσεται,</span> 
     </span>
    </p>
   </div>
   <div class='ocr_carea' id='block_1_79' title="bbox 409 4516 1973 4600">
    <p class='ocr_par' dir='ltr' id='par_1_79' title="bbox 409 4516 1973 4600">
     <span class='ocr_line' id='line_1_79' title="bbox 409 4516 1973 4600; baseline 0.01 -31"><span class='ocrx_word' id='word_1_607' title='bbox 409 4516 504 4569; x_wconf 79' lang='grc' dir='ltr'>καὶ</span> <span class='ocrx_word' id='word_1_608' title='bbox 526 4516 862 4581; x_wconf 81' lang='grc' dir='ltr'>ἐξελεύσεται</span> <span class='ocrx_word' id='word_1_609' title='bbox 893 4519 968 4583; x_wconf 86' lang='grc' dir='ltr'><strong>ὡς</strong></span> <span class='ocrx_word' id='word_1_610' title='bbox 991 4522 1241 4592; x_wconf 82' lang='grc' dir='ltr'>ἀστραπὴ</span> <span class='ocrx_word' id='word_1_611' title='bbox 1261 4523 1404 4593; x_wconf 63' lang='grc' dir='ltr'>βολίς</span> <span class='ocrx_word' id='word_1_612' title='bbox 1437 4526 1599 4579; x_wconf 77' lang='grc' dir='ltr'>αὑτοῦ</span> <span class='ocrx_word' id='word_1_613' title='bbox 1620 4544 1634 4558; x_wconf 75' lang='grc' dir='ltr'><strong>ο</strong></span> <span class='ocrx_word' id='word_1_614' title='bbox 1658 4528 1752 4582; x_wconf 75' lang='grc' dir='ltr'>καὶ</span> <span class='ocrx_word' id='word_1_615' title='bbox 1773 4528 1973 4600; x_wconf 87' lang='grc' dir='ltr'>Κύριος</span> 
     </span>
    </p>
   </div>
   <div class='ocr_carea' id='block_1_80' title="bbox 2072 3342 3632 3414">
    <p class='ocr_par' dir='ltr' id='par_1_80' title="bbox 2072 3342 3632 3414">
     <span class='ocr_line' id='line_1_80' title="bbox 2072 3342 3632 3414; baseline 0.001 -18"><span class='ocrx_word' id='word_1_616' title='bbox 2072 3350 2255 3414; x_wconf 86' lang='lat' dir='ltr'><strong>pterea</strong></span> <span class='ocrx_word' id='word_1_617' title='bbox 2284 3343 2482 3398; x_wconf 88' lang='lat' dir='ltr'><strong>tetendi</strong></span> <span class='ocrx_word' id='word_1_618' title='bbox 2546 3352 2598 3398; x_wconf 92' lang='lat' dir='ltr'><strong>te</strong></span> <span class='ocrx_word' id='word_1_619' title='bbox 2645 3342 2811 3409; x_wconf 87' lang='lat' dir='ltr'><strong>mihi,</strong></span> <span class='ocrx_word' id='word_1_620' title='bbox 2856 3342 3018 3407; x_wconf 80' lang='lat' dir='ltr'><strong>Juda,</strong></span> <span class='ocrx_word' id='word_1_621' title='bbox 3058 3352 3116 3397; x_wconf 93' lang='lat' dir='ltr'><strong>ut</strong></span> <span class='ocrx_word' id='word_1_622' title='bbox 3150 3359 3380 3412; x_wconf 89' lang='lat' dir='ltr'><strong>arcum;</strong></span> <span class='ocrx_word' id='word_1_623' title='bbox 3432 3342 3632 3414; x_wconf 84' lang='lat' dir='ltr'><strong>replevi</strong></span> 
     </span>
    </p>
   </div>
   <div class='ocr_carea' id='block_1_81' title="bbox 2070 3433 3635 3504">
    <p class='ocr_par' dir='ltr' id='par_1_81' title="bbox 2070 3433 3635 3504">
     <span class='ocr_line' id='line_1_81' title="bbox 2070 3433 3635 3504; baseline 0.002 -17"><span class='ocrx_word' id='word_1_624' title='bbox 2070 3434 2386 3504; x_wconf 86' lang='lat' dir='ltr'><strong>Ephraimo.</strong></span> <span class='ocrx_word' id='word_1_625' title='bbox 2414 3433 2481 3488; x_wconf 83' lang='lat' dir='ltr'><strong>Et</strong></span> <span class='ocrx_word' id='word_1_626' title='bbox 2527 3434 2818 3490; x_wconf 90' lang='lat' dir='ltr'><strong>concitabo</strong></span> <span class='ocrx_word' id='word_1_627' title='bbox 2866 3435 3008 3489; x_wconf 84' lang='lat' dir='ltr'><strong>ﬁlios</strong></span> <span class='ocrx_word' id='word_1_628' title='bbox 3037 3433 3167 3489; x_wconf 88' lang='lat' dir='ltr'><strong>Siun</strong></span> <span class='ocrx_word' id='word_1_629' title='bbox 3195 3436 3459 3490; x_wconf 89' lang='lat' dir='ltr'><strong>adversus</strong></span> <span class='ocrx_word' id='word_1_630' title='bbox 3498 3435 3635 3490; x_wconf 80' lang='lat' dir='ltr'><strong>ﬁlios</strong></span> 
     </span>
    </p>
   </div>
   <div class='ocr_carea' id='block_1_82' title="bbox 2070 3524 3636 3598">
    <p class='ocr_par' dir='ltr' id='par_1_82' title="bbox 2070 3524 3636 3598">
     <span class='ocr_line' id='line_1_82' title="bbox 2070 3524 3636 3598; baseline -0.001 -18"><span class='ocrx_word' id='word_1_631' title='bbox 2070 3524 2410 3589; x_wconf 65' lang='lat' dir='ltr'><strong>Graecorum,</strong></span> <span class='ocrx_word' id='word_1_632' title='bbox 2443 3533 2497 3581; x_wconf 91' lang='lat' dir='ltr'><strong>et</strong></span> <span class='ocrx_word' id='word_1_633' title='bbox 2529 3526 2831 3580; x_wconf 89' lang='lat' dir='ltr'><strong>attrectabo</strong></span> <span class='ocrx_word' id='word_1_634' title='bbox 2866 3534 2917 3580; x_wconf 91' lang='lat' dir='ltr'><strong>te</strong></span> <span class='ocrx_word' id='word_1_635' title='bbox 2950 3536 3206 3598; x_wconf 88' lang='lat' dir='ltr'><strong>tanquam</strong></span> <span class='ocrx_word' id='word_1_636' title='bbox 3244 3527 3482 3597; x_wconf 82' lang='lat' dir='ltr'><strong>gladium</strong></span> <span class='ocrx_word' id='word_1_637' title='bbox 3521 3527 3636 3580; x_wconf 87' lang='lat' dir='ltr'><strong>bel-</strong></span> 
     </span>
    </p>
   </div>
   <div class='ocr_carea' id='block_1_83' title="bbox 2068 3615 3633 3689">
    <p class='ocr_par' dir='ltr' id='par_1_83' title="bbox 2068 3615 3633 3689">
     <span class='ocr_line' id='line_1_83' title="bbox 2068 3615 3633 3689; baseline 0.001 -20"><span class='ocrx_word' id='word_1_638' title='bbox 2068 3615 2282 3671; x_wconf 89' lang='lat' dir='ltr'><strong>latoris.</strong></span> <span class='ocrx_word' id='word_1_639' title='bbox 2311 3636 2328 3668; x_wconf 75' lang='grc' dir='ltr'><strong>ι</strong></span> <span class='ocrx_word' id='word_1_640' title='bbox 2352 3615 2547 3671; x_wconf 83' lang='lat' dir='ltr'><strong>Judam</strong></span> <span class='ocrx_word' id='word_1_641' title='bbox 2573 3626 2734 3688; x_wconf 90' lang='lat' dir='ltr'><strong>atque</strong></span> <span class='ocrx_word' id='word_1_642' title='bbox 2764 3617 3111 3688; x_wconf 82' lang='lat' dir='ltr'><strong>Ephraiinum</strong></span> <span class='ocrx_word' id='word_1_643' title='bbox 3143 3619 3295 3683; x_wconf 88' lang='lat' dir='ltr'><strong>dicit,</strong></span> <span class='ocrx_word' id='word_1_644' title='bbox 3327 3628 3386 3672; x_wconf 93' lang='lat' dir='ltr'><strong>ut</strong></span> <span class='ocrx_word' id='word_1_645' title='bbox 3420 3633 3448 3671; x_wconf 91' lang='lat' dir='ltr'><strong>a</strong></span> <span class='ocrx_word' id='word_1_646' title='bbox 3480 3627 3633 3689; x_wconf 87' lang='lat' dir='ltr'><strong>parte</strong></span> 
     </span>
    </p>
   </div>
   <div class='ocr_carea' id='block_1_84' title="bbox 2070 3707 3633 3779">
    <p class='ocr_par' dir='ltr' id='par_1_84' title="bbox 2070 3707 3633 3779">
     <span class='ocr_line' id='line_1_84' title="bbox 2070 3707 3633 3779; baseline 0.003 -19"><span class='ocrx_word' id='word_1_647' title='bbox 2070 3707 2454 3779; x_wconf 89' lang='lat' dir='ltr'><strong>principaliore</strong></span> <span class='ocrx_word' id='word_1_648' title='bbox 2513 3714 2788 3765; x_wconf 88' lang='lat' dir='ltr'><strong>nationem</strong></span> <span class='ocrx_word' id='word_1_649' title='bbox 2852 3708 3161 3764; x_wconf 71' lang='lat' dir='ltr'><strong>Judazorum</strong></span> <span class='ocrx_word' id='word_1_650' title='bbox 3192 3710 3429 3764; x_wconf 89' lang='lat' dir='ltr'><strong>denotet.</strong></span> <span class='ocrx_word' id='word_1_651' title='bbox 3470 3709 3633 3775; x_wconf 81' lang='lat' dir='ltr'><strong>Quasi</strong></span> 
     </span>
    </p>
   </div>
   <div class='ocr_carea' id='block_1_85' title="bbox 2070 3801 3633 3871">
    <p class='ocr_par' dir='ltr' id='par_1_85' title="bbox 2070 3801 3633 3871">
     <span class='ocr_line' id='line_1_85' title="bbox 2070 3801 3633 3871; baseline 0.001 -16"><span class='ocrx_word' id='word_1_652' title='bbox 2070 3815 2258 3855; x_wconf 89' lang='lat' dir='ltr'><strong>arcum</strong></span> <span class='ocrx_word' id='word_1_653' title='bbox 2285 3801 2468 3871; x_wconf 84' lang='lat' dir='ltr'><strong>itaque</strong></span> <span class='ocrx_word' id='word_1_654' title='bbox 2498 3808 2777 3855; x_wconf 79' lang='lat' dir='ltr'><strong>extentum</strong></span> <span class='ocrx_word' id='word_1_655' title='bbox 2809 3802 3070 3857; x_wconf 85' lang='lat' dir='ltr'><strong>adversus</strong></span> <span class='ocrx_word' id='word_1_656' title='bbox 3101 3802 3288 3857; x_wconf 68' lang='lat' dir='ltr'><strong>hos:es</strong></span> <span class='ocrx_word' id='word_1_657' title='bbox 3317 3802 3506 3855; x_wconf 78' lang='lat' dir='ltr'><strong>faciam</strong></span> <span class='ocrx_word' id='word_1_658' title='bbox 3536 3816 3633 3857; x_wconf 85' lang='lat' dir='ltr'><strong>vos</strong></span> 
     </span>
    </p>
   </div>
   <div class='ocr_carea' id='block_1_86' title="bbox 2070 3890 3636 3957">
    <p class='ocr_par' dir='ltr' id='par_1_86' title="bbox 2070 3890 3636 3957">
     <span class='ocr_line' id='line_1_86' title="bbox 2070 3890 3636 3957; baseline 0.002 -13"><span class='ocrx_word' id='word_1_659' title='bbox 2070 3890 2298 3957; x_wconf 86' lang='lat' dir='ltr'><strong>validos,</strong></span> <span class='ocrx_word' id='word_1_660' title='bbox 2334 3899 2393 3945; x_wconf 92' lang='lat' dir='ltr'><strong>ut</strong></span> <span class='ocrx_word' id='word_1_661' title='bbox 2425 3891 2593 3945; x_wconf 90' lang='lat' dir='ltr'><strong>multa</strong></span> <span class='ocrx_word' id='word_1_662' title='bbox 2627 3908 2749 3948; x_wconf 92' lang='lat' dir='ltr'><strong>cum</strong></span> <span class='ocrx_word' id='word_1_663' title='bbox 2783 3892 3062 3947; x_wconf 87' lang='lat' dir='ltr'><strong>alacritate</strong></span> <span class='ocrx_word' id='word_1_664' title='bbox 3093 3903 3281 3947; x_wconf 86' lang='lat' dir='ltr'><strong>contra</strong></span> <span class='ocrx_word' id='word_1_665' title='bbox 3316 3906 3504 3947; x_wconf 81' lang='lat' dir='ltr'><strong>omnes</strong></span> <span class='ocrx_word' id='word_1_666' title='bbox 3538 3908 3636 3947; x_wconf 81' lang='lat' dir='ltr'><strong>ex-</strong></span> 
     </span>
    </p>
   </div>
   <div class='ocr_carea' id='block_1_87' title="bbox 2070 3983 3634 4056">
    <p class='ocr_par' dir='ltr' id='par_1_87' title="bbox 2070 3983 3634 4056">
     <span class='ocr_line' id='line_1_87' title="bbox 2070 3983 3634 4056; baseline 0.001 -19"><span class='ocrx_word' id='word_1_667' title='bbox 2070 3990 2290 4039; x_wconf 88' lang='lat' dir='ltr'><strong>traneos</strong></span> <span class='ocrx_word' id='word_1_668' title='bbox 2339 3998 2684 4056; x_wconf 84' lang='lat' dir='ltr'><strong>aggressores</strong></span> <span class='ocrx_word' id='word_1_669' title='bbox 2732 3985 2987 4055; x_wconf 91' lang='lat' dir='ltr'><strong>impetum</strong></span> <span class='ocrx_word' id='word_1_670' title='bbox 3028 3983 3311 4050; x_wconf 84' lang='lat' dir='ltr'><strong>facientes,</strong></span> <span class='ocrx_word' id='word_1_671' title='bbox 3357 3985 3634 4055; x_wconf 78' lang='lat' dir='ltr'><strong>copiosam</strong></span> 
     </span>
    </p>
   </div>
   <div class='ocr_carea' id='block_1_88' title="bbox 2070 4076 3637 4148">
    <p class='ocr_par' dir='ltr' id='par_1_88' title="bbox 2070 4076 3637 4148">
     <span class='ocr_line' id='line_1_88' title="bbox 2070 4076 3637 4148; baseline 0.001 -18"><span class='ocrx_word' id='word_1_672' title='bbox 2070 4076 2286 4130; x_wconf 90' lang='lat' dir='ltr'><strong>illorum</strong></span> <span class='ocrx_word' id='word_1_673' title='bbox 2321 4076 2656 4131; x_wconf 87' lang='lat' dir='ltr'><strong>occidionem</strong></span> <span class='ocrx_word' id='word_1_674' title='bbox 2693 4076 2951 4147; x_wconf 87' lang='lat' dir='ltr'><strong>patretis:</strong></span> <span class='ocrx_word' id='word_1_675' title='bbox 2987 4092 3181 4142; x_wconf 88' lang='lat' dir='ltr'><strong>nempe</strong></span> <span class='ocrx_word' id='word_1_676' title='bbox 3214 4085 3373 4148; x_wconf 88' lang='lat' dir='ltr'><strong>prout</strong></span> <span class='ocrx_word' id='word_1_677' title='bbox 3408 4078 3523 4131; x_wconf 84' lang='lat' dir='ltr'><strong>viro</strong></span> <span class='ocrx_word' id='word_1_678' title='bbox 3549 4076 3637 4131; x_wconf 90' lang='lat' dir='ltr'><strong>de-</strong></span> 
     </span>
    </p>
   </div>
   <div class='ocr_carea' id='block_1_89' title="bbox 2070 4165 3631 4240">
    <p class='ocr_par' dir='ltr' id='par_1_89' title="bbox 2070 4165 3631 4240">
     <span class='ocr_line' id='line_1_89' title="bbox 2070 4165 3631 4240; baseline 0.002 -20"><span class='ocrx_word' id='word_1_679' title='bbox 2070 4175 2215 4220; x_wconf 86' lang='lat' dir='ltr'><strong>ceret</strong></span> <span class='ocrx_word' id='word_1_680' title='bbox 2244 4165 2295 4218; x_wconf 91' lang='lat' dir='ltr'><strong>in</strong></span> <span class='ocrx_word' id='word_1_681' title='bbox 2325 4166 2521 4236; x_wconf 77' lang='lat' dir='ltr'><strong>pugnis</strong></span> <span class='ocrx_word' id='word_1_682' title='bbox 2555 4166 2817 4237; x_wconf 90' lang='lat' dir='ltr'><strong>bellisque</strong></span> <span class='ocrx_word' id='word_1_683' title='bbox 2840 4178 2893 4222; x_wconf 93' lang='lat' dir='ltr'><strong>et</strong></span> <span class='ocrx_word' id='word_1_684' title='bbox 2925 4169 3164 4224; x_wconf 63' lang='lat' dir='ltr'><strong>caedibus</strong></span> <span class='ocrx_word' id='word_1_685' title='bbox 3199 4169 3438 4240; x_wconf 80' lang='lat' dir='ltr'><strong>gladium</strong></span> <span class='ocrx_word' id='word_1_686' title='bbox 3470 4185 3631 4224; x_wconf 89' lang='lat' dir='ltr'><strong>suum</strong></span> 
     </span>
    </p>
   </div>
   <div class='ocr_carea' id='block_1_90' title="bbox 2070 4255 3630 4329">
    <p class='ocr_par' dir='ltr' id='par_1_90' title="bbox 2070 4255 3630 4329">
     <span class='ocr_line' id='line_1_90' title="bbox 2070 4255 3630 4329; baseline 0.004 -19"><span class='ocrx_word' id='word_1_687' title='bbox 2070 4255 2286 4311; x_wconf 87' lang='lat' dir='ltr'><strong>vibrare</strong></span> <span class='ocrx_word' id='word_1_688' title='bbox 2330 4265 2609 4312; x_wconf 91' lang='lat' dir='ltr'><strong>consueto.</strong></span> <span class='ocrx_word' id='word_1_689' title='bbox 2650 4259 2825 4329; x_wconf 81' lang='lat' dir='ltr'><strong>Atque</strong></span> <span class='ocrx_word' id='word_1_690' title='bbox 2873 4261 2987 4314; x_wconf 56' lang='lat' dir='ltr'><strong>haec</strong></span> <span class='ocrx_word' id='word_1_691' title='bbox 3040 4261 3309 4315; x_wconf 92' lang='lat' dir='ltr'><strong>undenam</strong></span> <span class='ocrx_word' id='word_1_692' title='bbox 3364 4260 3473 4317; x_wconf 83' lang='lat' dir='ltr'><strong>illis</strong></span> <span class='ocrx_word' id='word_1_693' title='bbox 3522 4262 3630 4316; x_wconf 91' lang='lat' dir='ltr'><strong>sint</strong></span> 
     </span>
    </p>
   </div>
   <div class='ocr_carea' id='block_1_91' title="bbox 2072 4347 3635 4421">
    <p class='ocr_par' dir='ltr' id='par_1_91' title="bbox 2072 4347 3635 4421">
     <span class='ocr_line' id='line_1_91' title="bbox 2072 4347 3635 4421; baseline 0.004 -20"><span class='ocrx_word' id='word_1_694' title='bbox 2072 4348 2370 4401; x_wconf 85' lang='lat' dir='ltr'><strong>obventura</strong></span> <span class='ocrx_word' id='word_1_695' title='bbox 2400 4348 2623 4412; x_wconf 89' lang='lat' dir='ltr'><strong>docens,</strong></span> <span class='ocrx_word' id='word_1_696' title='bbox 2660 4368 2679 4400; x_wconf 80' lang='grc' dir='ltr'><strong>ι</strong></span> <span class='ocrx_word' id='word_1_697' title='bbox 2715 4348 2774 4405; x_wconf 83' lang='grc' dir='ltr'><strong>Ει</strong></span> <span class='ocrx_word' id='word_1_698' title='bbox 2801 4347 3080 4415; x_wconf 87' lang='lat' dir='ltr'><strong>Dominus,</strong></span> <span class='ocrx_word' id='word_1_699' title='bbox 3114 4351 3311 4421; x_wconf 88' lang='lat' dir='ltr'><strong>inquit,</strong></span> <span class='ocrx_word' id='word_1_700' title='bbox 3343 4366 3507 4421; x_wconf 89' lang='lat' dir='ltr'><strong>supra</strong></span> <span class='ocrx_word' id='word_1_701' title='bbox 3538 4369 3635 4408; x_wconf 84' lang='lat' dir='ltr'><strong>eos</strong></span> 
     </span>
    </p>
   </div>
   <div class='ocr_carea' id='block_1_92' title="bbox 2072 4437 3633 4514">
    <p class='ocr_par' dir='ltr' id='par_1_92' title="bbox 2072 4437 3633 4514">
     <span class='ocr_line' id='line_1_92' title="bbox 2072 4437 3633 4514; baseline 0.004 -23"><span class='ocrx_word' id='word_1_702' title='bbox 2072 4437 2371 4507; x_wconf 82' lang='lat' dir='ltr'><strong>apparebit,</strong></span> <span class='ocrx_word' id='word_1_703' title='bbox 2409 4446 2462 4493; x_wconf 90' lang='lat' dir='ltr'><strong>et</strong></span> <span class='ocrx_word' id='word_1_704' title='bbox 2509 4439 2679 4493; x_wconf 77' lang='lat' dir='ltr'><strong>exibit</strong></span> <span class='ocrx_word' id='word_1_705' title='bbox 2718 4440 2869 4508; x_wconf 78' lang='lat' dir='ltr'><strong>quasi</strong></span> <span class='ocrx_word' id='word_1_706' title='bbox 2905 4440 3085 4511; x_wconf 82' lang='lat' dir='ltr'><strong>fulgur</strong></span> <span class='ocrx_word' id='word_1_707' title='bbox 3129 4443 3324 4512; x_wconf 80' lang='lat' dir='ltr'><strong>sagitta</strong></span> <span class='ocrx_word' id='word_1_708' title='bbox 3376 4444 3518 4514; x_wconf 81' lang='lat' dir='ltr'><strong>ejus.</strong></span> <span class='ocrx_word' id='word_1_709' title='bbox 3572 4443 3633 4498; x_wconf 87' lang='lat' dir='ltr'><strong>Et</strong></span> 
     </span>
    </p>
   </div>
   <div class='ocr_carea' id='block_1_93' title="bbox 2073 4526 3636 4604">
    <p class='ocr_par' dir='ltr' id='par_1_93' title="bbox 2073 4526 3636 4604">
     <span class='ocr_line' id='line_1_93' title="bbox 2073 4526 3636 4604; baseline 0.006 -23"><span class='ocrx_word' id='word_1_710' title='bbox 2073 4526 2337 4585; x_wconf 87' lang='lat' dir='ltr'><strong>Dominus</strong></span> <span class='ocrx_word' id='word_1_711' title='bbox 2368 4529 2510 4586; x_wconf 91' lang='lat' dir='ltr'><strong>Deus</strong></span> <span class='ocrx_word' id='word_1_712' title='bbox 2540 4531 2880 4601; x_wconf 89' lang='lat' dir='ltr'><strong>omnipotens</strong></span> <span class='ocrx_word' id='word_1_713' title='bbox 2913 4532 3039 4586; x_wconf 85' lang='lat' dir='ltr'><strong>tuba</strong></span> <span class='ocrx_word' id='word_1_714' title='bbox 3079 4540 3258 4599; x_wconf 89' lang='lat' dir='ltr'><strong>canet,</strong></span> <span class='ocrx_word' id='word_1_715' title='bbox 3304 4541 3356 4588; x_wconf 91' lang='lat' dir='ltr'><strong>et</strong></span> <span class='ocrx_word' id='word_1_716' title='bbox 3380 4535 3636 4604; x_wconf 88' lang='lat' dir='ltr'><strong>procedet</strong></span> 
     </span>
    </p>
   </div>
   <div class='ocr_carea' id='block_1_94' title="bbox 406 4606 1964 4697">
    <p class='ocr_par' dir='ltr' id='par_1_94' title="bbox 406 4606 1964 4686">
     <span class='ocr_line' id='line_1_94' title="bbox 406 4606 1964 4686; baseline 0.008 -24"><span class='ocrx_word' id='word_1_717' title='bbox 406 4606 582 4673; x_wconf 80' lang='grc' dir='ltr'>ὁΘεὸς</span> <span class='ocrx_word' id='word_1_718' title='bbox 597 4610 626 4661; x_wconf 82' lang='grc' dir='ltr'>ὁ</span> <span class='ocrx_word' id='word_1_719' title='bbox 649 4611 1037 4684; x_wconf 87' lang='grc' dir='ltr'>παντοκράτωρ</span> <span class='ocrx_word' id='word_1_720' title='bbox 1064 4615 1121 4666; x_wconf 81' lang='grc' dir='ltr'>ὲν</span> <span class='ocrx_word' id='word_1_721' title='bbox 1145 4615 1401 4685; x_wconf 82' lang='grc' dir='ltr'>σάλπιγγι</span> <span class='ocrx_word' id='word_1_722' title='bbox 1428 4617 1661 4686; x_wconf 87' lang='grc' dir='ltr'>σαλπιεί,</span> <span class='ocrx_word' id='word_1_723' title='bbox 1691 4620 1785 4673; x_wconf 72' lang='grc' dir='ltr'>καὶ</span> <span class='ocrx_word' id='word_1_724' title='bbox 1811 4623 1964 4675; x_wconf 85' lang='grc' dir='ltr'>ὲκπο-</span> 
     </span>
    </p>
   </div>
   <div class='ocr_carea' id='block_1_95' title="bbox 2067 4606 3635 4697">
    <p class='ocr_par' dir='ltr' id='par_1_95' title="bbox 2076 4620 3635 4697">
     <span class='ocr_line' id='line_1_95' title="bbox 2076 4620 3635 4697; baseline 0.005 -23"><span class='ocrx_word' id='word_1_725' title='bbox 2076 4620 2131 4675; x_wconf 90' lang='lat' dir='ltr'><strong>in</strong></span> <span class='ocrx_word' id='word_1_726' title='bbox 2163 4622 2397 4691; x_wconf 88' lang='lat' dir='ltr'><strong>procella</strong></span> <span class='ocrx_word' id='word_1_727' title='bbox 2422 4623 2691 4677; x_wconf 88' lang='lat' dir='ltr'><strong>minarum</strong></span> <span class='ocrx_word' id='word_1_728' title='bbox 2723 4639 2975 4679; x_wconf 89' lang='lat' dir='ltr'><strong>suarum:</strong></span> <span class='ocrx_word' id='word_1_729' title='bbox 3006 4623 3265 4680; x_wconf 89' lang='lat' dir='ltr'><strong>Dominus</strong></span> <span class='ocrx_word' id='word_1_730' title='bbox 3290 4628 3635 4697; x_wconf 87' lang='lat' dir='ltr'><strong>omnipotens</strong></span> 
     </span>
    </p>
   </div>
   <div class='ocr_carea' id='block_1_96' title="bbox 412 4700 1977 4789">
    <p class='ocr_par' dir='ltr' id='par_1_96' title="bbox 412 4700 1977 4789">
     <span class='ocr_line' id='line_1_96' title="bbox 412 4700 1977 4789; baseline 0.01 -36"><span class='ocrx_word' id='word_1_731' title='bbox 412 4700 663 4772; x_wconf 86' lang='grc' dir='ltr'>ρεύσεται</span> <span class='ocrx_word' id='word_1_732' title='bbox 685 4704 743 4755; x_wconf 77' lang='grc' dir='ltr'>ἑν</span> <span class='ocrx_word' id='word_1_733' title='bbox 762 4703 906 4774; x_wconf 87' lang='grc' dir='ltr'>σάλῳ</span> <span class='ocrx_word' id='word_1_734' title='bbox 926 4705 1155 4778; x_wconf 80' lang='grc' dir='ltr'>ἀπειλῆς</span> <span class='ocrx_word' id='word_1_735' title='bbox 1173 4707 1355 4760; x_wconf 74' lang='grc' dir='ltr'>αὐτοῦ’</span> <span class='ocrx_word' id='word_1_736' title='bbox 1372 4709 1572 4781; x_wconf 85' lang='grc' dir='ltr'>Κύριος</span> <span class='ocrx_word' id='word_1_737' title='bbox 1588 4714 1977 4789; x_wconf 81' lang='grc' dir='ltr'>παντοκράτωρ</span> 
     </span>
    </p>
   </div>
   <div class='ocr_carea' id='block_1_97' title="bbox 409 4789 1979 4866">
    <p class='ocr_par' dir='ltr' id='par_1_97' title="bbox 409 4789 1979 4866">
     <span class='ocr_line' id='line_1_97' title="bbox 409 4789 1979 4866; baseline 0.01 -26"><span class='ocrx_word' id='word_1_738' title='bbox 409 4789 737 4860; x_wconf 79' lang='grc' dir='ltr'>ὕπερασπιεΐ</span> <span class='ocrx_word' id='word_1_739' title='bbox 770 4792 945 4845; x_wconf 80' lang='grc' dir='ltr'>αὐτῶν</span> <span class='ocrx_word' id='word_1_740' title='bbox 965 4811 978 4822; x_wconf 94' lang='grc'><strong>·</strong></span> <span class='ocrx_word' id='word_1_741' title='bbox 1002 4795 1095 4847; x_wconf 81' lang='grc' dir='ltr'>καὶ</span> <span class='ocrx_word' id='word_1_742' title='bbox 1136 4796 1604 4853; x_wconf 86' lang='grc' dir='ltr'>καταναλὼσουσιν</span> <span class='ocrx_word' id='word_1_743' title='bbox 1634 4803 1845 4866; x_wconf 77' lang='grc' dir='ltr'>αὐτοὺς,</span> <span class='ocrx_word' id='word_1_744' title='bbox 1885 4802 1979 4856; x_wconf 77' lang='grc' dir='ltr'><strong>καὶ</strong></span> 
     </span>
    </p>
   </div>
   <div class='ocr_carea' id='block_1_98' title="bbox 409 4879 1979 4962">
    <p class='ocr_par' dir='ltr' id='par_1_98' title="bbox 409 4879 1979 4962">
     <span class='ocr_line' id='line_1_98' title="bbox 409 4879 1979 4962; baseline 0.011 -32"><span class='ocrx_word' id='word_1_745' title='bbox 409 4879 817 4950; x_wconf 86' lang='grc' dir='ltr'>καταχώσουσιν</span> <span class='ocrx_word' id='word_1_746' title='bbox 842 4882 1037 4947; x_wconf 80' lang='grc' dir='ltr'>αὐτοὺς</span> <span class='ocrx_word' id='word_1_747' title='bbox 1056 4886 1113 4937; x_wconf 82' lang='grc' dir='ltr'>ὲν</span> <span class='ocrx_word' id='word_1_748' title='bbox 1139 4884 1306 4949; x_wconf 86' lang='grc' dir='ltr'>λίθοις</span> <span class='ocrx_word' id='word_1_749' title='bbox 1329 4888 1634 4962; x_wconf 78' lang='grc' dir='ltr'>σφενδόνης,</span> <span class='ocrx_word' id='word_1_750' title='bbox 1652 4892 1745 4944; x_wconf 61' lang='grc' dir='ltr'><strong>καὶ⁸</strong></span> <span class='ocrx_word' id='word_1_751' title='bbox 1764 4893 1979 4946; x_wconf 81' lang='grc' dir='ltr'>ὲκπίον-</span> 
     </span>
    </p>
   </div>
   <div class='ocr_carea' id='block_1_99' title="bbox 409 4966 1978 5050">
    <p class='ocr_par' dir='ltr' id='par_1_99' title="bbox 409 4966 1978 5050">
     <span class='ocr_line' id='line_1_99' title="bbox 409 4966 1978 5050; baseline 0.008 -26"><span class='ocrx_word' id='word_1_752' title='bbox 409 4987 500 5024; x_wconf 76' lang='grc' dir='ltr'><strong>ται</strong></span> <span class='ocrx_word' id='word_1_753' title='bbox 519 4970 579 5024; x_wconf 77' lang='grc' dir='ltr'>τὸ</span> <span class='ocrx_word' id='word_1_754' title='bbox 606 4966 743 5042; x_wconf 75' lang='grc' dir='ltr'>αἷμα</span> <span class='ocrx_word' id='word_1_755' title='bbox 771 4972 950 5027; x_wconf 83' lang='grc' dir='ltr'>αὐτῶν</span> <span class='ocrx_word' id='word_1_756' title='bbox 967 4973 1043 5037; x_wconf 83' lang='grc' dir='ltr'><strong>ὡς</strong></span> <span class='ocrx_word' id='word_1_757' title='bbox 1061 4970 1218 5037; x_wconf 83' lang='grc' dir='ltr'>οῐνον,</span> <span class='ocrx_word' id='word_1_758' title='bbox 1244 4978 1336 5029; x_wconf 76' lang='grc' dir='ltr'>καὶ</span> <span class='ocrx_word' id='word_1_759' title='bbox 1364 4978 1627 5047; x_wconf 84' lang='grc' dir='ltr'>πλήσουσι</span> <span class='ocrx_word' id='word_1_760' title='bbox 1654 4980 1752 5045; x_wconf 85' lang='grc' dir='ltr'>τὰς</span> <span class='ocrx_word' id='word_1_761' title='bbox 1783 4982 1978 5050; x_wconf 85' lang='grc' dir='ltr'>φιάλας</span> 
     </span>
    </p>
   </div>
   <div class='ocr_carea' id='block_1_100' title="bbox 411 5066 1966 5148">
    <p class='ocr_par' dir='ltr' id='par_1_100' title="bbox 411 5066 1966 5148">
     <span class='ocr_line' id='line_1_100' title="bbox 411 5066 1966 5148; baseline 0.008 -29"><span class='ocrx_word' id='word_1_762' title='bbox 411 5066 589 5121; x_wconf 73' lang='grc' dir='ltr'>ἐλαίου</span> <span class='ocrx_word' id='word_1_763' title='bbox 620 5068 695 5131; x_wconf 85' lang='grc' dir='ltr'>ὡς</span> <span class='ocrx_word' id='word_1_764' title='bbox 724 5069 1121 5141; x_wconf 85' lang='grc' dir='ltr'>θυσιαστήριον.</span> <span class='ocrx_word' id='word_1_765' title='bbox 1142 5091 1159 5125; x_wconf 75' lang='grc' dir='ltr'><strong>ι</strong></span> <span class='ocrx_word' id='word_1_766' title='bbox 1187 5072 1475 5144; x_wconf 86' lang='grc' dir='ltr'>Γενήσεται</span> <span class='ocrx_word' id='word_1_767' title='bbox 1496 5075 1551 5127; x_wconf 87' lang='grc' dir='ltr'>δὲ</span> <span class='ocrx_word' id='word_1_768' title='bbox 1579 5075 1769 5141; x_wconf 79' lang='grc' dir='ltr'>ταῦτα,</span> <span class='ocrx_word' id='word_1_769' title='bbox 1784 5080 1966 5148; x_wconf 66' lang='grc' dir='ltr'>φησιν,</span> 
     </span>
    </p>
   </div>
   <div class='ocr_carea' id='block_1_101' title="bbox 411 5156 1971 5236">
    <p class='ocr_par' dir='ltr' id='par_1_101' title="bbox 411 5156 1971 5236">
     <span class='ocr_line' id='line_1_101' title="bbox 411 5156 1971 5236; baseline 0.009 -29"><span class='ocrx_word' id='word_1_770' title='bbox 411 5156 598 5229; x_wconf 76' lang='grc' dir='ltr'>ἐπειδὴ</span> <span class='ocrx_word' id='word_1_771' title='bbox 655 5157 785 5221; x_wconf 78' lang='grc' dir='ltr'>Θεὸς</span> <span class='ocrx_word' id='word_1_772' title='bbox 838 5160 1156 5232; x_wconf 86' lang='grc' dir='ltr'>στρατηγῶν</span> <span class='ocrx_word' id='word_1_773' title='bbox 1212 5163 1338 5232; x_wconf 78' lang='grc' dir='ltr'>ὑμῖν</span> <span class='ocrx_word' id='word_1_774' title='bbox 1394 5164 1619 5236; x_wconf 78' lang='grc' dir='ltr'>φοϐερὸν</span> <span class='ocrx_word' id='word_1_775' title='bbox 1674 5167 1814 5219; x_wconf 75' lang='grc' dir='ltr'>κατὰ</span> <span class='ocrx_word' id='word_1_776' title='bbox 1861 5169 1971 5221; x_wconf 89' lang='grc' dir='ltr'><strong>τῶν</strong></span> 
     </span>
    </p>
   </div>
   <div class='ocr_carea' id='block_1_102' title="bbox 412 5245 1972 5329">
    <p class='ocr_par' dir='ltr' id='par_1_102' title="bbox 412 5245 1972 5329">
     <span class='ocr_line' id='line_1_102' title="bbox 412 5245 1972 5329; baseline 0.011 -34"><span class='ocrx_word' id='word_1_777' title='bbox 412 5245 836 5329; x_wconf 70' lang='grc' dir='ltr'>ἐναντιουμένων</span> <span class='ocrx_word' id='word_1_778' title='bbox 890 5249 1017 5319; x_wconf 83' lang='grc' dir='ltr'>ὑμῖν</span> <span class='ocrx_word' id='word_1_779' title='bbox 1061 5251 1328 5304; x_wconf 88' lang='grc' dir='ltr'>ἀνατείνει</span> <span class='ocrx_word' id='word_1_780' title='bbox 1360 5252 1421 5305; x_wconf 85' lang='grc' dir='ltr'><strong>τὺ</strong></span> <span class='ocrx_word' id='word_1_781' title='bbox 1471 5254 1655 5326; x_wconf 77' lang='grc' dir='ltr'>ὄμμα,</span> <span class='ocrx_word' id='word_1_782' title='bbox 1685 5256 1972 5329; x_wconf 80' lang='grc' dir='ltr'>ἀστραπῆς</span> 
     </span>
    </p>
   </div>
   <div class='ocr_carea' id='block_1_103' title="bbox 409 5333 1974 5419">
    <p class='ocr_par' dir='ltr' id='par_1_103' title="bbox 409 5333 1974 5419">
     <span class='ocr_line' id='line_1_103' title="bbox 409 5333 1974 5419; baseline 0.009 -32"><span class='ocrx_word' id='word_1_783' title='bbox 409 5333 565 5404; x_wconf 86' lang='grc' dir='ltr'>δίκην</span> <span class='ocrx_word' id='word_1_784' title='bbox 600 5338 927 5406; x_wconf 72' lang='grc' dir='ltr'>ἐπιπέμπων</span> <span class='ocrx_word' id='word_1_785' title='bbox 972 5341 1151 5406; x_wconf 77' lang='grc' dir='ltr'>αὐτοῖς</span> <span class='ocrx_word' id='word_1_786' title='bbox 1203 5341 1271 5396; x_wconf 81' lang='grc' dir='ltr'><strong>τὰ</strong></span> <span class='ocrx_word' id='word_1_787' title='bbox 1316 5342 1439 5417; x_wconf 81' lang='grc' dir='ltr'>ξίφη</span> <span class='ocrx_word' id='word_1_788' title='bbox 1466 5359 1481 5375; x_wconf 88' lang='grc'><strong>·</strong></span> <span class='ocrx_word' id='word_1_789' title='bbox 1518 5345 1610 5400; x_wconf 75' lang='grc' dir='ltr'>καὶ</span> <span class='ocrx_word' id='word_1_790' title='bbox 1651 5345 1839 5419; x_wconf 82' lang='grc' dir='ltr'>ὥσπερ</span> <span class='ocrx_word' id='word_1_791' title='bbox 1868 5350 1974 5402; x_wconf 79' lang='grc' dir='ltr'>τινὶ</span> 
     </span>
    </p>
   </div>
   <div class='ocr_carea' id='block_1_104' title="bbox 483 5448 1053 5533">
    <p class='ocr_par' dir='ltr' id='par_1_104' title="bbox 483 5448 1053 5533">
     <span class='ocr_line' id='line_1_104' title="bbox 483 5448 1053 5533; baseline 0.012 -30"><span class='ocrx_word' id='word_1_792' title='bbox 483 5451 528 5483; x_wconf 82' lang='grc'><strong><em>⁸³</em></strong></span> <span class='ocrx_word' id='word_1_793' title='bbox 565 5448 735 5533; x_wconf 57' lang='lat' dir='ltr'><strong>Psal.</strong></span> <span class='ocrx_word' id='word_1_794' title='bbox 749 5468 898 5518; x_wconf 70' lang='lat' dir='ltr'><strong>LXII,</strong></span> <span class='ocrx_word' id='word_1_795' title='bbox 920 5452 1053 5510; x_wconf 88' lang='lat'><strong>5-8.</strong></span> 
     </span>
    </p>
   </div>
   <div class='ocr_carea' id='block_1_105' title="bbox 412 5568 1972 5644">
    <p class='ocr_par' dir='ltr' id='par_1_105' title="bbox 412 5568 1972 5644">
     <span class='ocr_line' id='line_1_105' title="bbox 412 5568 1972 5644; baseline 0.006 -22"><span class='ocrx_word' id='word_1_796' title='bbox 412 5579 611 5644; x_wconf 79' lang='lat' dir='ltr'><strong>gantur</strong></span> <span class='ocrx_word' id='word_1_797' title='bbox 633 5568 969 5644; x_wconf 80' lang='lat' dir='ltr'><strong>Augustinus</strong></span> <span class='ocrx_word' id='word_1_798' title='bbox 992 5571 1048 5644; x_wconf 73' lang='lat' dir='ltr'><strong>iu</strong></span> <span class='ocrx_word' id='word_1_799' title='bbox 1077 5569 1423 5644; x_wconf 34' lang='lat' dir='ltr'><strong>Joaniserm.</strong></span> <span class='ocrx_word' id='word_1_800' title='bbox 1446 5572 1972 5644; x_wconf 81' lang='lat' dir='ltr'><strong>5l,Chrysostomus</strong></span> 
     </span>
    </p>
   </div>
   <div class='ocr_carea' id='block_1_106' title="bbox 415 5639 1970 5713">
    <p class='ocr_par' dir='ltr' id='par_1_106' title="bbox 415 5639 1970 5713">
     <span class='ocr_line' id='line_1_106' title="bbox 415 5639 1970 5713; baseline 0.005 -22"><span class='ocrx_word' id='word_1_801' title='bbox 415 5641 543 5692; x_wconf 88' lang='lat' dir='ltr'><strong>item</strong></span> <span class='ocrx_word' id='word_1_802' title='bbox 570 5640 635 5713; x_wconf 57' lang='lat' dir='ltr'><strong>in</strong></span> <span class='ocrx_word' id='word_1_803' title='bbox 665 5639 828 5713; x_wconf 77' lang='lat' dir='ltr'><strong>_J_oan.</strong></span> <span class='ocrx_word' id='word_1_804' title='bbox 865 5641 1059 5713; x_wconf 59' lang='lat' dir='ltr'><strong>homil.</strong></span> <span class='ocrx_word' id='word_1_805' title='bbox 1095 5641 1190 5713; x_wconf 83' lang='lat'><strong>66,</strong></span> <span class='ocrx_word' id='word_1_806' title='bbox 1215 5643 1468 5713; x_wconf 56' lang='lat' dir='ltr'><strong>Cyrinus.</strong></span> <span class='ocrx_word' id='word_1_807' title='bbox 1500 5639 1687 5698; x_wconf 49' lang='lat' dir='ltr'><strong>comm.</strong></span> <span class='ocrx_word' id='word_1_808' title='bbox 1729 5645 1781 5697; x_wconf 82' lang='lat' dir='ltr'><strong>in</strong></span> <span class='ocrx_word' id='word_1_809' title='bbox 1810 5643 1970 5699; x_wconf 80' lang='lat' dir='ltr'><strong>Joan.</strong></span> 
     </span>
    </p>
   </div>
   <div class='ocr_carea' id='block_1_107' title="bbox 410 5707 1970 5786">
    <p class='ocr_par' dir='ltr' id='par_1_107' title="bbox 410 5707 1970 5786">
     <span class='ocr_line' id='line_1_107' title="bbox 410 5707 1970 5786; baseline 0.006 -22"><span class='ocrx_word' id='word_1_810' title='bbox 410 5722 539 5780; x_wconf 84' lang='lat' dir='ltr'><strong>opp.</strong></span> <span class='ocrx_word' id='word_1_811' title='bbox 569 5709 633 5764; x_wconf 88' lang='grc' dir='ltr'><strong>Τ.</strong></span> <span class='ocrx_word' id='word_1_812' title='bbox 664 5707 753 5774; x_wconf 72' lang='grc' dir='ltr'><strong>ιν,</strong></span> <span class='ocrx_word' id='word_1_813' title='bbox 785 5725 840 5781; x_wconf 93' lang='lat' dir='ltr'><strong>p.</strong></span> <span class='ocrx_word' id='word_1_814' title='bbox 872 5710 995 5776; x_wconf 80' lang='lat'><strong>698,</strong></span> <span class='ocrx_word' id='word_1_815' title='bbox 1028 5707 1276 5782; x_wconf 70' lang='lat' dir='ltr'><strong>denique</strong></span> <span class='ocrx_word' id='word_1_816' title='bbox 1292 5711 1728 5783; x_wconf 78' lang='lat' dir='ltr'><strong>Theophvlactus</strong></span> <span class='ocrx_word' id='word_1_817' title='bbox 1759 5730 1883 5786; x_wconf 89' lang='lat' dir='ltr'><strong>opp.</strong></span> <span class='ocrx_word' id='word_1_818' title='bbox 1907 5713 1970 5773; x_wconf 87' lang='grc' dir='ltr'><strong>Τ.</strong></span> 
     </span>
    </p>
   </div>
   <div class='ocr_carea' id='block_1_108' title="bbox 2076 4715 3634 4786">
    <p class='ocr_par' dir='ltr' id='par_1_108' title="bbox 2076 4715 3634 4786">
     <span class='ocr_line' id='line_1_108' title="bbox 2076 4715 3634 4786; baseline 0.004 -19"><span class='ocrx_word' id='word_1_819' title='bbox 2076 4715 2317 4770; x_wconf 84' lang='lat' dir='ltr'><strong>tuebitur</strong></span> <span class='ocrx_word' id='word_1_820' title='bbox 2359 4731 2475 4771; x_wconf 88' lang='lat' dir='ltr'><strong>eos.</strong></span> <span class='ocrx_word' id='word_1_821' title='bbox 2510 4715 2578 4769; x_wconf 91' lang='lat' dir='ltr'><strong>Et</strong></span> <span class='ocrx_word' id='word_1_822' title='bbox 2628 4718 2750 4771; x_wconf 89' lang='lat' dir='ltr'><strong>illos</strong></span> <span class='ocrx_word' id='word_1_823' title='bbox 2802 4717 3251 4786; x_wconf 88' lang='lat' dir='ltr'><strong>pessumdabunt,</strong></span> <span class='ocrx_word' id='word_1_824' title='bbox 3298 4726 3351 4775; x_wconf 91' lang='lat' dir='ltr'><strong>et</strong></span> <span class='ocrx_word' id='word_1_825' title='bbox 3402 4719 3634 4775; x_wconf 90' lang='lat' dir='ltr'><strong>obruent</strong></span> 
     </span>
    </p>
   </div>
   <div class='ocr_carea' id='block_1_109' title="bbox 2075 4802 3632 4879">
    <p class='ocr_par' dir='ltr' id='par_1_109' title="bbox 2075 4802 3632 4879">
     <span class='ocr_line' id='line_1_109' title="bbox 2075 4802 3632 4879; baseline 0.003 -22"><span class='ocrx_word' id='word_1_826' title='bbox 2075 4818 2170 4858; x_wconf 92' lang='lat' dir='ltr'><strong>eos</strong></span> <span class='ocrx_word' id='word_1_827' title='bbox 2198 4802 2466 4874; x_wconf 89' lang='lat' dir='ltr'><strong>lapidibus</strong></span> <span class='ocrx_word' id='word_1_828' title='bbox 2492 4803 2656 4857; x_wconf 80' lang='lat' dir='ltr'><strong>funda</strong></span> <span class='ocrx_word' id='word_1_829' title='bbox 2679 4804 2983 4874; x_wconf 86' lang='lat' dir='ltr'><strong>ejaculatis,</strong></span> <span class='ocrx_word' id='word_1_830' title='bbox 3014 4815 3067 4862; x_wconf 91' lang='lat' dir='ltr'><strong>et</strong></span> <span class='ocrx_word' id='word_1_831' title='bbox 3103 4808 3288 4862; x_wconf 91' lang='lat' dir='ltr'><strong>bibent</strong></span> <span class='ocrx_word' id='word_1_832' title='bbox 3318 4810 3632 4879; x_wconf 84' lang='lat' dir='ltr'><strong>sanguinem</strong></span> 
     </span>
    </p>
   </div>
   <div class='ocr_carea' id='block_1_110' title="bbox 2075 4893 3635 4968">
    <p class='ocr_par' dir='ltr' id='par_1_110' title="bbox 2075 4893 3635 4968">
     <span class='ocr_line' id='line_1_110' title="bbox 2075 4893 3635 4968; baseline 0.004 -21"><span class='ocrx_word' id='word_1_833' title='bbox 2075 4893 2289 4948; x_wconf 92' lang='lat' dir='ltr'><strong>illorum</strong></span> <span class='ocrx_word' id='word_1_834' title='bbox 2319 4893 2476 4965; x_wconf 86' lang='lat' dir='ltr'><strong>quasi</strong></span> <span class='ocrx_word' id='word_1_835' title='bbox 2501 4895 2706 4956; x_wconf 87' lang='lat' dir='ltr'><strong>vinum,</strong></span> <span class='ocrx_word' id='word_1_836' title='bbox 2738 4904 2791 4949; x_wconf 93' lang='lat' dir='ltr'><strong>et</strong></span> <span class='ocrx_word' id='word_1_837' title='bbox 2820 4897 3120 4966; x_wconf 90' lang='lat' dir='ltr'><strong>implebunt</strong></span> <span class='ocrx_word' id='word_1_838' title='bbox 3147 4899 3358 4968; x_wconf 88' lang='lat' dir='ltr'><strong>phialas</strong></span> <span class='ocrx_word' id='word_1_839' title='bbox 3373 4900 3514 4963; x_wconf 91' lang='lat' dir='ltr'><strong>oleo,</strong></span> <span class='ocrx_word' id='word_1_840' title='bbox 3534 4901 3635 4953; x_wconf 82' lang='lat' dir='ltr'><strong>sic-</strong></span> 
     </span>
    </p>
   </div>
   <div class='ocr_carea' id='block_1_111' title="bbox 2076 4980 3631 5057">
    <p class='ocr_par' dir='ltr' id='par_1_111' title="bbox 2076 4980 3631 5057">
     <span class='ocr_line' id='line_1_111' title="bbox 2076 4980 3631 5057; baseline 0.003 -21"><span class='ocrx_word' id='word_1_841' title='bbox 2076 4992 2134 5037; x_wconf 93' lang='lat' dir='ltr'><strong>ut</strong></span> <span class='ocrx_word' id='word_1_842' title='bbox 2163 4983 2350 5037; x_wconf 88' lang='lat' dir='ltr'><strong>altare.</strong></span> <span class='ocrx_word' id='word_1_843' title='bbox 2378 5002 2397 5035; x_wconf 78' lang='grc' dir='ltr'><strong>ι</strong></span> <span class='ocrx_word' id='word_1_844' title='bbox 2440 4980 2598 5037; x_wconf 88' lang='lat' dir='ltr'><strong>Fient</strong></span> <span class='ocrx_word' id='word_1_845' title='bbox 2623 4983 2756 5048; x_wconf 58' lang='lat' dir='ltr'><strong>haec,</strong></span> <span class='ocrx_word' id='word_1_846' title='bbox 2782 4984 2975 5055; x_wconf 91' lang='lat' dir='ltr'><strong>inquit,</strong></span> <span class='ocrx_word' id='word_1_847' title='bbox 3006 4987 3133 5057; x_wconf 91' lang='lat' dir='ltr'><strong>quia</strong></span> <span class='ocrx_word' id='word_1_848' title='bbox 3168 4987 3329 5050; x_wconf 89' lang='lat' dir='ltr'><strong>Deus,</strong></span> <span class='ocrx_word' id='word_1_849' title='bbox 3364 4987 3631 5042; x_wconf 89' lang='lat' dir='ltr'><strong>bellorum</strong></span> 
     </span>
    </p>
   </div>
   <div class='ocr_carea' id='block_1_112' title="bbox 2074 5073 3632 5141">
    <p class='ocr_par' dir='ltr' id='par_1_112' title="bbox 2074 5073 3632 5141">
     <span class='ocr_line' id='line_1_112' title="bbox 2074 5073 3632 5141; baseline 0.002 -13"><span class='ocrx_word' id='word_1_850' title='bbox 2074 5081 2379 5129; x_wconf 87' lang='lat' dir='ltr'><strong>vestrorum</strong></span> <span class='ocrx_word' id='word_1_851' title='bbox 2412 5073 2545 5141; x_wconf 80' lang='lat' dir='ltr'><strong>dux,</strong></span> <span class='ocrx_word' id='word_1_852' title='bbox 2582 5074 2874 5130; x_wconf 88' lang='lat' dir='ltr'><strong>terribilem</strong></span> <span class='ocrx_word' id='word_1_853' title='bbox 2906 5076 3166 5131; x_wconf 90' lang='lat' dir='ltr'><strong>adversus</strong></span> <span class='ocrx_word' id='word_1_854' title='bbox 3199 5077 3381 5131; x_wconf 90' lang='lat' dir='ltr'><strong>hostes</strong></span> <span class='ocrx_word' id='word_1_855' title='bbox 3416 5076 3632 5132; x_wconf 86' lang='lat' dir='ltr'><strong>oculum</strong></span> 
     </span>
    </p>
   </div>
   <div class='ocr_carea' id='block_1_113' title="bbox 2076 5165 3635 5237">
    <p class='ocr_par' dir='ltr' id='par_1_113' title="bbox 2076 5165 3635 5237">
     <span class='ocr_line' id='line_1_113' title="bbox 2076 5165 3635 5237; baseline 0 -16"><span class='ocrx_word' id='word_1_856' title='bbox 2076 5166 2327 5234; x_wconf 90' lang='lat' dir='ltr'><strong>intendit,</strong></span> <span class='ocrx_word' id='word_1_857' title='bbox 2359 5165 2588 5237; x_wconf 78' lang='lat' dir='ltr'><strong>fulguris</strong></span> <span class='ocrx_word' id='word_1_858' title='bbox 2632 5165 2804 5221; x_wconf 86' lang='lat' dir='ltr'><strong>instar</strong></span> <span class='ocrx_word' id='word_1_859' title='bbox 2832 5166 3131 5221; x_wconf 85' lang='lat' dir='ltr'><strong>immittens</strong></span> <span class='ocrx_word' id='word_1_860' title='bbox 3160 5167 3238 5221; x_wconf 87' lang='lat' dir='ltr'><strong>eis</strong></span> <span class='ocrx_word' id='word_1_861' title='bbox 3279 5166 3526 5237; x_wconf 87' lang='lat' dir='ltr'><strong>gladios:</strong></span> <span class='ocrx_word' id='word_1_862' title='bbox 3581 5176 3635 5224; x_wconf 89' lang='lat' dir='ltr'><strong>et</strong></span> 
     </span>
    </p>
   </div>
   <div class='ocr_carea' id='block_1_114' title="bbox 2079 5257 3634 5328">
    <p class='ocr_par' dir='ltr' id='par_1_114' title="bbox 2079 5257 3634 5328">
     <span class='ocr_line' id='line_1_114' title="bbox 2079 5257 3634 5328; baseline 0.001 -16"><span class='ocrx_word' id='word_1_863' title='bbox 2079 5265 2333 5327; x_wconf 84' lang='lat' dir='ltr'><strong>tanquam</strong></span> <span class='ocrx_word' id='word_1_864' title='bbox 2360 5259 2592 5315; x_wconf 89' lang='lat' dir='ltr'><strong>classico</strong></span> <span class='ocrx_word' id='word_1_865' title='bbox 2618 5257 2874 5328; x_wconf 84' lang='lat' dir='ltr'><strong>quodam,</strong></span> <span class='ocrx_word' id='word_1_866' title='bbox 2923 5258 3123 5313; x_wconf 86' lang='lat' dir='ltr'><strong>virtute</strong></span> <span class='ocrx_word' id='word_1_867' title='bbox 3167 5274 3286 5323; x_wconf 83' lang='lat' dir='ltr'><strong>sua,</strong></span> <span class='ocrx_word' id='word_1_868' title='bbox 3319 5275 3415 5315; x_wconf 86' lang='lat' dir='ltr'><strong>vos</strong></span> <span class='ocrx_word' id='word_1_869' title='bbox 3444 5274 3634 5314; x_wconf 88' lang='lat' dir='ltr'><strong>omnes</strong></span> 
     </span>
    </p>
   </div>
   <div class='ocr_carea' id='block_1_115' title="bbox 2080 5350 3634 5416">
    <p class='ocr_par' dir='ltr' id='par_1_115' title="bbox 2080 5350 3634 5416">
     <span class='ocr_line' id='line_1_115' title="bbox 2080 5350 3634 5416; baseline 0.003 -13"><span class='ocrx_word' id='word_1_870' title='bbox 2080 5350 2147 5404; x_wconf 91' lang='lat' dir='ltr'><strong>ad</strong></span> <span class='ocrx_word' id='word_1_871' title='bbox 2188 5352 2383 5405; x_wconf 89' lang='lat' dir='ltr'><strong>bellutn</strong></span> <span class='ocrx_word' id='word_1_872' title='bbox 2417 5352 2718 5416; x_wconf 86' lang='lat' dir='ltr'><strong>concitans,</strong></span> <span class='ocrx_word' id='word_1_873' title='bbox 2750 5351 2861 5407; x_wconf 80' lang='lat' dir='ltr'><strong>dux</strong></span> <span class='ocrx_word' id='word_1_874' title='bbox 2907 5360 3087 5405; x_wconf 87' lang='lat' dir='ltr'><strong>vester</strong></span> <span class='ocrx_word' id='word_1_875' title='bbox 3138 5351 3262 5416; x_wconf 88' lang='lat' dir='ltr'><strong>erit,</strong></span> <span class='ocrx_word' id='word_1_876' title='bbox 3311 5352 3474 5406; x_wconf 92' lang='lat' dir='ltr'><strong>minis</strong></span> <span class='ocrx_word' id='word_1_877' title='bbox 3519 5353 3634 5407; x_wconf 90' lang='lat' dir='ltr'><strong>suis</strong></span> 
     </span>
    </p>
   </div>
   <div class='ocr_carea' id='block_1_116' title="bbox 2079 5580 3635 5657">
    <p class='ocr_par' dir='ltr' id='par_1_116' title="bbox 2079 5580 3635 5657">
     <span class='ocr_line' id='line_1_116' title="bbox 2079 5580 3635 5657; baseline 0.008 -24"><span class='ocrx_word' id='word_1_878' title='bbox 2079 5580 2137 5657; x_wconf 33' lang='lat' dir='ltr'><strong>I_,.</strong></span> <span class='ocrx_word' id='word_1_879' title='bbox 2177 5595 2233 5657; x_wconf 84' lang='lat' dir='ltr'><strong>p.</strong></span> <span class='ocrx_word' id='word_1_880' title='bbox 2287 5580 2410 5657; x_wconf 66' lang='lat'><strong>673,</strong></span> <span class='ocrx_word' id='word_1_881' title='bbox 2454 5583 2549 5657; x_wconf 72' lang='lat' dir='ltr'><strong>ed.</strong></span> <span class='ocrx_word' id='word_1_882' title='bbox 2587 5582 2753 5657; x_wconf 61' lang='lat' dir='ltr'><strong>Vm,</strong></span> <span class='ocrx_word' id='word_1_883' title='bbox 2802 5583 2895 5657; x_wconf 81' lang='lat' dir='ltr'><strong>qui</strong></span> <span class='ocrx_word' id='word_1_884' title='bbox 2948 5599 3138 5644; x_wconf 86' lang='lat' dir='ltr'><strong>omnes</strong></span> <span class='ocrx_word' id='word_1_885' title='bbox 3187 5584 3523 5657; x_wconf 80' lang='lat' dir='ltr'><strong>pmphetiam</strong></span> <span class='ocrx_word' id='word_1_886' title='bbox 3569 5587 3635 5646; x_wconf 77' lang='lat' dir='ltr'><strong>ds</strong></span> 
     </span>
    </p>
   </div>
   <div class='ocr_carea' id='block_1_117' title="bbox 2078 5648 3006 5725">
    <p class='ocr_par' dir='ltr' id='par_1_117' title="bbox 2078 5648 3006 5725">
     <span class='ocr_line' id='line_1_117' title="bbox 2078 5648 3006 5725; baseline 0.006 -18"><span class='ocrx_word' id='word_1_887' title='bbox 2078 5648 2296 5708; x_wconf 79' lang='lat' dir='ltr'><strong>Christo</strong></span> <span class='ocrx_word' id='word_1_888' title='bbox 2325 5654 2642 5721; x_wconf 86' lang='lat' dir='ltr'><strong>simpliciter</strong></span> <span class='ocrx_word' id='word_1_889' title='bbox 2685 5648 3006 5725; x_wconf 81' lang='lat' dir='ltr'><strong>intelligunt.</strong></span> 
     </span>
    </p>
   </div>
  </div>
