3992 6232
288 362 297 374 .
365 318 470 376 ηε

1518 336 1864 396 THEODORI
1902 341 2381 403 MOPSUESTENI

3487 362 3590 415 Μ

364 448 592 493 cunctos
614 442 862 510 quatiens
886 443 1257 504 adversarios:
1284 456 1573 523 tantasque
1597 456 1753 513 vobis
1775 458 1905 515 favo

2028 462 2284 534 σάλπιγγι
2305 469 2369 538 τῇ
2398 467 2573 539 οἰκείᾳ
2601 467 2827 538 δυνάμει
2851 467 3059 534 πάντας
3079 470 3220 541 ὑμᾶς
3249 474 3327 536 είς
3359 473 3451 528 τὸν
3491 479 3595 531 πό-

363 544 421 582 re
449 540 551 585 suo
593 534 871 602 suppetias
904 533 1070 600 feret,
1127 546 1183 591 ut
1219 539 1587 599 incolumitate
1622 546 1776 601 vobis
1805 564 1923 602 ma-

364 631 546 685 nente,
580 623 922 682 adversarios
967 644 1156 685 omnes
1203 631 1552 699 interimatis,
1584 647 1637 692 et
1688 639 1922 709 lapidum

364 713 561 769 ictibus
604 717 1225 790 obruatis;sanguinem
1260 725 1494 796 denique
1537 729 1751 784 illorum
1803 748 1925 801 pro-

361 812 481 871 pter
512 805 729 859 nimiam
759 806 1075 864 effusionem
1108 817 1495 883 propemodum
1530 820 1714 877 bibere
1746 824 1924 878 videa-

359 892 513 953 mini,
543 893 670 948 dum
709 897 840 951 caedi
892 898 1106 954 illorum
1154 908 1323 959 multa
1352 923 1475 962 cum
1528 912 1807 970 alacritate
1842 916 1922 970 in-

357 981 611 1051 dulgetis.
638 985 816 1055 Atque
839 987 912 1040 ita
941 999 1062 1058 post
1093 993 1372 1048 victoriam
1400 982 1587 1068 plenas
1619 1004 1740 1057 oleo
1771 1006 1922 1075 phia-

358 1072 459 1134 las,
492 1076 748 1130 sacriﬁcii
793 1078 970 1134 inslar
1006 1081 1115 1137 Deo
1148 1084 1406 1153 oﬂ‘eretis,
1442 1088 1514 1144 ob
1542 1072 1922 1148 demonstran-

354 1162 479 1217 dam
518 1165 654 1234 (Dei)
683 1169 1044 1238 clementiam,
1078 1191 1105 1227 a
1137 1192 1239 1245 qua
1278 1187 1456 1234 tantas
1486 1184 1627 1239 vires
1675 1187 1922 1254 impetra-

354 1256 477 1309 stis.
508 1255 631 1311 Mox
662 1260 931 1316 subnectit
964 1264 1077 1320 fore
1112 1276 1169 1320 ut
1195 1267 1333 1324 Deus
1352 1286 1481 1327 suos
1510 1288 1697 1331 omnes
1727 1278 1916 1342 salvet,

353 1344 535 1399 ovium
567 1347 742 1403 instar
778 1354 1079 1410 incolumes
1109 1360 1452 1429 custodiens;
1484 1364 1642 1433 cujus
1677 1368 1751 1421 rei
1783 1384 1917 1422 cau-

351 1450 469 1489 sam
494 1439 755 1503 recitans,
795 1441 959 1508 «Quia
998 1447 1203 1517 lapides
1239 1455 1433 1518 sancti,
1464 1454 1660 1525 inquit,
1689 1459 1917 1512 volvun-

351 1538 440 1581 tur
470 1546 637 1600 super
666 1543 863 1588 terram
894 1537 1056 1610 337
1085 1541 1226 1610 ejus,
1273 1545 1399 1613 quia
1434 1546 1480 1601 si
1522 1548 1649 1617 quid
1683 1549 1912 1616 bonum,

349 1616 502 1685 ejus;
532 1629 581 1674 el
615 1621 661 1675 si
695 1623 823 1693 quid
849 1627 1159 1695 pulchrum,
1188 1631 1328 1701 ejus.
1360 1653 1379 1685 ι
1414 1616 1567 1690 Multi
1613 1642 1779 1704 enim,
1828 1642 1913 1694 in-

349 1710 486 1777 quit,
518 1710 659 1767 inter
701 1729 798 1770 vos
830 1717 1071 1774 invenire
1098 1730 1183 1776 est
1224 1726 1443 1781 virtutis
1490 1729 1789 1796 studiosos,
1818 1733 1910 1802 qui

2025 552 2188 627 λεμον
2237 559 2523 631 διεγείρας,
2561 560 2929 631 προητήσεται
2968 560 3139 632 ὑμῶν,
3173 566 3238 635 τῇ
3287 566 3479 639 ἀπειλῇ
3522 571 3583 643 τῇ

2028 650 2133 721 ἰδίᾳ
2182 651 2388 714 πάντας
2436 652 2674 705 σαλεύων
2717 655 2842 717 τούς
2880 655 3153 719 ἐναντίους
3182 674 3196 689 ·
3227 657 3493 731 τοσαύτην
3523 679 3583 718 τε

2023 740 2150 809 ὑμῖν
2171 741 2392 811 παρέξει
2420 741 2508 795 διά
2535 742 2635 812 τῆς
2658 744 2863 807 οἰκείας
2884 748 3170 818 συνεργίας
3189 747 3288 817 τὴν
3311 748 3579 819 βοήθειαν,

2022 829 2161 882 ὣστε
2211 830 2352 899 ὑμᾶς
2384 831 2637 895 ἀϐλαϐεῖς
2665 832 2962 903 διαμεῖναι,
2997 836 3087 889 καὶ
3139 839 3264 900 τοὺς
3311 840 3582 904 ἐναντίους

2022 921 2398 974 καταναλῶσαι
2426 923 2632 987 πάντας
2653 942 2665 955 ο
2694 922 2786 976 καί⁸
2812 926 2929 988 ταῖς
2951 925 3056 978 τῶν
3080 925 3239 980 λίθων
3269 930 3581 1000 καταχῶσαι

2023 1008 2223 1077 βολαῖς,
2254 1011 2313 1063 τὸ
2341 1007 2477 1082 αἷμά
2508 1030 2566 1066 τε
2587 1013 2765 1066 αὐτῶν
2796 1018 2861 1085 τῇ
2895 1015 3161 1088 ὑπερϐολῇ
3189 1022 3287 1090 τῆς
3311 1020 3580 1089 ἐκχύσεως

2025 1102 2181 1172 μόνον
2212 1103 2309 1155 οὐκ
2342 1104 2570 1169 ἐκπιεῖν,
2618 1104 2783 1175 πολλῇ
2818 1108 2883 1177 τῇ
2917 1107 3015 1177 τῆς
3047 1109 3375 1180 ἀναιρέσεως
3403 1112 3578 1165 αὐτῶν

2022 1192 2297 1263 προθυμίᾳ
2339 1194 2741 1265 κεχρημένους·
2767 1195 2906 1249 ὥστε
2941 1198 3076 1267 μετὰ
3123 1198 3220 1269 τὴν
3268 1200 3423 1271 νίκην
3446 1200 3580 1271 πλη-

2023 1282 2297 1354 ρώσαντας
2328 1285 2470 1355 ὑμᾶς
2494 1285 2673 1340 ἐλαίου
2697 1286 2916 1356 φιάλας,
2952 1287 3141 1351 θυσίας
3170 1288 3324 1360 δίκην
3357 1288 3434 1360 τῷ
3459 1290 3578 1362 Θεῷ

2020 1375 2401 1445 προσκομίσαι,
2436 1377 2511 1446 (p.
2538 1378 2661 1447 502)
2695 1380 2774 1442 εἰς
2801 1378 3017 1449 ἔλεγχον
3047 1381 3144 1449 τῆς
3173 1380 3577 1452 φιλανθρωπίας

2016 1465 2083 1517 δι’
2118 1466 2183 1535 ἢν
2215 1469 2546 1536 τετυχήκατε
2585 1470 2687 1538 τῆς
2738 1471 3008 1541 τοσαύτης
3032 1472 3331 1542 δυνάμεως.
3357 1473 3576 1536 Τούτοις

2017 1555 2322 1621 ἀκολούθως
2374 1560 2588 1627 ἐπάγει,
2616 1562 2696 1614 ὅτι
2746 1546 2953 1627 πάντας
2983 1564 3110 1626 τοὺς
3140 1563 3373 1627 οἰκείους
3421 1582 3574 1636 περι-

2016 1650 2177 1703 σώσει
2231 1650 2382 1713 Θεὸς,
2433 1653 2719 1722 προϐάτων
2769 1654 2919 1725 δίκην
2960 1656 3215 1719 ἀϐλαϐεῖς
3254 1655 3569 1725 φυλάττωνο

2014 1739 2108 1791 καὶ
2138 1740 2235 1810 τὴν
2263 1739 2441 1793 αἰτίαν
2471 1742 2661 1810 λέγων,
2701 1761 2719 1793 ι
2756 1743 2899 1797 Διότι
2936 1744 3070 1798 λίθοι
3105 1745 3250 1814 ἆγιοι
3299 1733 3570 1798 κυλίονται

347 1815 472 1853 cum
512 1804 737 1874 reliquis
784 1807 1097 1867 hominibus
1145 1813 1199 1867 in
1246 1823 1389 1870 terra
1420 1834 1608 1888 repere
1643 1823 1905 1888 videntur.

2014 1831 2107 1883 ἐπὶ
2133 1804 2233 1899 της
2262 1832 2362 1901 γῆς
2388 1804 2553 1885 αὐτού
2572 1849 2585 1862 ·
2618 1834 2699 1886 ὅτι
2719 1832 2772 1888 εἷ
2803 1852 2854 1887 τι
2901 1835 3125 1902 ἀγαθὸν,
3153 1804 3319 1889 αὑτοῦ
3345 1854 3359 1867 ·
3388 1836 3482 1889 καὶ
3520 1835 3574 1887 εί

349 1893 521 1961 ignoti
553 1898 820 1966 pluribus.
852 1902 921 1955 At
951 1902 1093 1960 Deus
1120 1904 1313 1959 horum
1347 1912 1543 1978 gratia,
1571 1929 1638 1966 ne
1667 1914 1911 1985 reliquos

344 1985 562 2052 quidem
593 1989 876 2061 despiciet.
911 1992 1045 2048 Nam
1073 1997 1333 2067 quidquid
1365 2000 1565 2055 bonum
1594 2006 1912 2073 pulchrumo

342 2093 451 2146 que
473 2087 576 2142 est,
608 2096 748 2151 opus
778 2084 925 2140 illius
955 2097 1071 2143 est:
1113 2089 1343 2160 ideoque
1372 2102 1684 2150 sanctorum
1715 2106 1767 2152 et
1799 2100 1909 2153 vir-

342 2168 474 2224 tutis
525 2179 857 2227 sectatorum
906 2177 1123 2235 sibimet
1158 2181 1443 2239 vindicans
1478 2187 1780 2259 passiones,
1816 2205 1909 2259 pa-

340 2267 491 2314 ratus
530 2270 615 2317 est
665 2264 818 2320 alteri
872 2284 1089 2340 quoque
1131 2282 1352 2342 propter
1379 2277 1501 2332 illos
1530 2278 1667 2333 bene
1702 2279 1899 2335 facere.

340 2352 600 2431 Posthlnc
655 2360 957 2417 ubertatem
1011 2382 1228 2436 quoque
1277 2370 1412 2439 ipsis
1459 2374 1722 2431 nuntians
1777 2385 1901 2446 post

341 2445 576 2502 hostium
607 2452 830 2517 caadein,
851 2456 1020 2525 pergit
1053 2457 1268 2514 dicere:

2006 1938 2058 1974 τι
2107 1922 2289 1987 καλὸν,
2326 1923 2509 1978 αὑτοῦ.
2556 1942 2574 1975 ι
2610 1925 2841 1989 Πολλοὺς
2871 1927 2969 1997 μέν
3016 1928 3123 2000 γάρ
3171 1931 3228 1982 ἐν
3266 1930 3393 1999 ὑμῖν
3431 1924 3568 1982 εἶναι

2008 2012 2321 2083 συμϐέϐηκε
2341 2052 2357 2077 ,
2384 2016 2574 2085 φησὶν,
2605 2016 2805 2086 ἀρετῆς
2848 2017 3303 2087 ἐπιμελομένους,
3332 2017 3381 2070 οἳ
3432 2017 3568 2087 μετά

2003 2102 2111 2156 τῶν
2150 2104 2348 2157 λοιπῶν
2374 2106 2670 2176 ἀνθρώπιον
2711 2108 2803 2161 ἐπὶ
2833 2109 2931 2177 τῆς
2964 2109 3067 2178 γῆς
3090 2109 3275 2176 ἐρπειν
3299 2108 3564 2172 δοκοῦσιν,

2004 2194 2229 2263 ἀφανεῖς
2250 2196 2400 2259 ὄντες
2426 2200 2535 2261 τοῖς
2560 2198 2798 2263 πολλοῖς·
2830 2200 2961 2263 Θεὸς
2999 2200 3054 2252 δέ
3088 2200 3155 2253 δι’
3189 2200 3425 2262 ἐκείνους
3448 2199 3566 2255 οὐδὲ

2004 2287 2129 2348 τοὺς
2158 2284 2375 2357 λοιποὺς
2406 2288 2723 2358 περιόψεται
2745 2306 2760 2321 ο
2794 2290 2977 2361 ἐπειδὴ
3008 2292 3112 2343 πᾶν
3133 2291 3161 2343 ὃ
3185 2307 3235 2342 τι
3274 2289 3473 2357 ἀγαθόν
3507 2305 3565 2341 τε

2008 2378 2099 2431 καὶ
2127 2377 2304 2442 καλὸν,
2334 2378 2491 2447 ἔργον
2522 2379 2686 2433 αὑτοῦ
2706 2397 2720 2412 ο
2757 2380 2837 2433 διὸ
2864 2381 2927 2452 δὴ
2971 2382 3066 2435 καὶ
3103 2383 3211 2435 τῶν
3260 2381 3426 2445 ἁγίων
3472 2380 3565 2433 καὶ

2007 2470 2142 2540 πρὸς
2163 2469 2359 2540 ἀρετὴν
2385 2469 2683 2541 βλεπόντων
2699 2473 2896 2527 οίκειού
2906 2491 3063 2544 μενος
3078 2474 3143 2527 τά
3164 2474 3328 2545 πάθη,
3351 2472 3565 2541 ἕτοιμός

338 2542 453 2596 ἐστι
488 2546 583 2598 καὶ
618 2546 833 2617 ἐτέρους
865 2551 1001 2623 ὑπὲρ
1033 2553 1209 2608 αὐτῶν
1238 2557 1492 2612 εὐποιεῖν.
1535 2555 1665 2614 Εἶτα
1694 2562 1785 2615 καὶ
1817 2564 2099 2633 εὐετηρίαν
2127 2566 2305 2630 αὐτοῖς
2336 2566 2809 2637 εὐαγγελιζόμενος
2851 2568 2988 2639 μετά
3017 2568 3114 2639 τὴν
3146 2568 3253 2621 τῶν
3296 2564 3567 2636 πολεμίων

336 2637 569 2707 σφαγὴν,
596 2639 786 2709 ἐπάγει
810 2657 824 2671 ⁸

995 2735 1146 2792 CAP.
1177 2738 1242 2790 Χ.

409 2820 573 2878 Vens.
608 2826 723 2881 1-5.
758 2858 818 2868 --
857 2848 873 2878 ι
897 2827 1067 2884 Petite
1096 2847 1124 2884 a
1160 2831 1389 2886 Domino
1436 2834 1669 2904 pluviam
1700 2849 1901 2906 oppor-

2651 2743 2799 2797 ΚΕΦ.
2842 2744 2900 2798 Ῑ’.

2071 2832 2216 2902 Στίχ.
2250 2840 2400 2903 α’-γ’.
2424 2865 2493 2874 -
2516 2853 2534 2885 ι
2571 2834 2816 2887 Αἰτεῖσθε
2849 2835 2995 2905 ποιρά
3022 2836 3227 2906 Κυρίου
3254 2834 3405 2889 ὑετὸν
3439 2837 3562 2893 καθ’

338 2921 547 2976 tunam,
609 2918 926 2972 matutiuam
988 2928 1041 2974 et
1088 2923 1402 2977 serotinum.
1461 2923 1719 2981 Dominus
1775 2928 1899 2983 fecit

2006 2922 2143 2994 ὥραν
2181 2922 2424 2997 πρώῖμον
2458 2926 2552 2978 καὶ
2584 2925 2811 2996 ὄψιμον
2858 2928 3061 2998 Κύριος
3102 2928 3323 2997 ἐποίησε
3362 2947 3561 2999 φαντα-

333 3006 669 3080 phantasias,
726 3015 781 3062 ct
838 3009 1064 3069 imbrem
1110 3012 1393 3067 hiemalem
1424 3014 1573 3068 dabit
1619 3020 1719 3078 eis,
1774 3017 1897 3069 uni-

332 3095 531 3165 cuique
561 3097 781 3152 herbam
816 3099 869 3152 in
902 3115 1052 3169 agro.
1075 3121 1094 3153 ι
1128 3100 1211 3156 Ab
1245 3103 1363 3173 ipso
1391 3105 1659 3173 postulate
1688 3107 1899 3176 pluvias

333 3188 558 3247 idoneas
586 3188 799 3261 frugum
834 3195 1154 3261 proventui;
1203 3196 1296 3266 qui
1324 3198 1494 3252 multo
1534 3214 1654 3252 cum
1692 3206 1901 3255 terrore

333 3279 528 3335 solitus
558 3297 735 3335 aerem
763 3286 1112 3350 conturbare,
1141 3294 1194 3342 et
1222 3296 1454 3343 mentem
1483 3290 1723 3343 omnium
1751 3306 1901 3346 com-

334 3388 549 3427 movere
583 3383 740 3429 terrae
775 3375 1075 3431 incolarum
1114 3380 1486 3447 magnitudine
1518 3381 1901 3451 phmnomeno-

332 3480 475 3528 rum,
500 3466 730 3535 pluviam
758 3476 933 3536 potest
952 3481 1337 3538 congruentem
1357 3472 1510 3528 vobis
1529 3475 1896 3546 suppeditare,

330 3564 391 3608 ut
429 3557 610 3610 omnia
644 3558 708 3610 de
752 3560 943 3614 tellure
989 3569 1321 3616 enascantur
1352 3563 1503 3619 vobis
1548 3567 1893 3623 necessaria:

329 3663 563 3718 namque
596 3650 813 3704 herbam
842 3653 1136 3721 generatim
1171 3654 1302 3709 dicit
1340 3670 1438 3725 pro
1486 3658 1726 3727 quolibet
1780 3659 1897 3714 fru-

328 3747 461 3807 ctu;
518 3741 682 3796 veluti
728 3750 809 3800 e~t
857 3744 1020 3797 illud:
1088 3744 1403 3800 «Germinet
1471 3756 1614 3807 terra
1670 3751 1892 3807 herbam

329 3829 436 3883 feni
463 3830 537 3895 “;
559 3848 576 3880 ι
618 3831 706 3887 ubi
733 3841 949 3887 constat
983 3845 1177 3891 cuncta
1212 3834 1457 3891 denotari
1490 3856 1610 3908 quae
1640 3840 1705 3895 de
1753 3849 1895 3896 terra

327 3929 632 3975 nascuntur
658 3925 921 3992 germina.
954 3924 1154 3981 Deinde
1191 3945 1380 3985 rursus
1416 3932 1672 3988 salutaris
1724 3934 1894 3991 moni-

328 4011 493 4065 tionis
522 4026 710 4075 causa,
750 4018 1019 4084 prieterita
1055 4019 1192 4071 mala
1222 4036 1673 4085 commemorans,
1707 4024 1890 4081 addit:

333 4100 641 4167 «Quoniam
677 4104 730 4157 hi
764 4107 855 4175 qui
894 4109 1270 4177 loquebantur,
1298 4112 1461 4166 locuti
1497 4126 1623 4167 sunt
1658 4116 1890 4178 labores.

327 4204 380 4248 ct
414 4193 584 4248 divini
620 4193 784 4252 falsas
816 4198 1075 4266 visiones,
1108 4212 1162 4255 et
1194 4204 1404 4261 somnia
1445 4203 1654 4259 fallacia
1704 4222 1893 4262 narra-

326 4283 479 4349 bant,
531 4293 585 4340 et
634 4303 771 4344 vane
816 4293 1264 4353 consolabantur.
1321 4294 1444 4351 Ideo
1492 4298 1715 4359 arefacti
1766 4312 1892 4355 sunt

326 4375 469 4428 sicut
494 4391 642 4442 oves,
703 4388 757 4434 et
790 4381 973 4436 alllicti
1007 4393 1154 4447 sunt,
1205 4387 1329 4454 quia
1364 4404 1468 4442 non
1497 4398 1614 4444 erat
1654 4392 1886 4446 sanatio.

1997 3016 2141 3079 σίας,
2189 3018 2281 3069 καὶ
2332 3019 2482 3070 ὑετὸν
2533 3018 2834 3089 χειμερινὸν
2887 3018 3045 3072 δώσει
3089 3020 3306 3085 αὐτοῖς,
3350 3022 3560 3093 ἑκάστῳ
3592 3022 3605 3039 “

2009 3105 2231 3176 βοτάνην
2270 3108 2326 3159 ἐν
2361 3107 2531 3178 ἀγρῷ.
2578 3127 2595 3159 ι
2628 3108 2784 3180 Παρά
2813 3108 2999 3162 τούτου
3027 3108 3090 3180 δὴ
3122 3110 3216 3163 καὶ
3258 3111 3445 3174 ὑετοὺς
3477 3114 3560 3167 αί-

2001 3199 2140 3249 τεῖτε
2190 3198 2517 3270 ἐπιτηδείους
2567 3202 2646 3262 εἰς
2695 3200 2794 3271 τὴν
2839 3200 2945 3253 τῶν
2988 3203 3215 3270 καρπῶν
3260 3203 3461 3273 φοράν·
3502 3204 3562 3267 ὃς

2001 3286 2204 3350 εἰωθὼς
2232 3289 2368 3358 μετά
2398 3289 2589 3343 πολλοῦ
2618 3290 2710 3343 τοῦ
2742 3290 2905 3361 φόϐου
2935 3292 3253 3363 συστρέφειν
3280 3295 3370 3347 τὸν
3398 3294 3556 3365 ἀέρα,

1999 3384 2092 3436 καὶ
2123 3385 2410 3453 φαντάζειν
2438 3385 2679 3448 ἅπαντας
2704 3386 2829 3448 τοὺς
2855 3386 2947 3438 ἐπὶ
2974 3387 3071 3455 τῆς
3105 3388 3207 3457 γῆς
3234 3386 3310 3458 τῷ
3343 3386 3558 3458 μεγέθει

1997 3476 2105 3529 τῶν
2134 3476 2426 3546 γινομένων
2447 3522 2459 3537 ,
2496 3477 2770 3547 αὐτάρκης
2796 3477 2946 3530 ὑετὸν
2982 3478 3107 3547 ὑμῖν
3142 3480 3438 3548 παρασχεῖν
3467 3475 3557 3531 τὸν

1999 3567 2323 3638 καθήκοντα,
2356 3566 2485 3620 ὥσθ’
2516 3567 2728 3620 ἅπαντα
2767 3567 2918 3637 φύειν
2948 3570 3012 3621 ἐκ
3043 3571 3141 3639 τῆς
3177 3569 3278 3639 γῆς
3325 3568 3395 3621 τά
3431 3570 3560 3641 ὑμῖν

1996 3658 2296 3726 ἀναγκαῖα⁶
2333 3658 2557 3728 βοτάνην
2585 3660 2692 3728 γάρ
2732 3659 2923 3722 κοινῶς
2952 3659 3076 3721 τούς
3107 3660 3347 3730 καρποὺς
3372 3660 3520 3728 λέγει
3546 3679 3557 3690 ·

1996 3745 2104 3804 οἷόν
2132 3752 2243 3802 ἐστι
2264 3750 2450 3815 καὶτὸ,
2477 3771 2492 3801 ι
2518 3750 2929 3820 Βλαστησάτωὴ
2955 3751 3024 3821 γῆ
3049 3750 3273 3821 βοτάνην
3290 3751 3501 3821 χόρτου*
3532 3771 3551 3803 ι

1995 3838 2212 3909 εὐδηλον
2240 3839 2348 3908 γάρ
2368 3841 2448 3893 ὅτι
2474 3841 2632 3891 κάκεῖ
2661 3840 2834 3892 πάντα
2855 3839 2999 3907 λέγει
3021 3840 3088 3892 τά
3107 3842 3169 3892 ἐκ
3191 3840 3293 3910 γῆς
3315 3840 3560 3910 φυόμενα

1993 3932 2099 3983 τῶν
2140 3930 2485 4001 σπερμάτων.
2534 3927 2663 3982 Εἶτα
2701 3928 2860 3982 πάλιν
2915 3930 3007 3982 ἐπὶ
3058 3930 3416 4001 σωφρονισμῷ
3447 3930 3557 3983 τῶν

1994 4020 2397 4095 προειληφότων
2423 4020 2617 4083 αὐτοὺς
2644 4020 3074 4090 ὑπομιμνήσκων
3100 4021 3294 4086 ἐπάγει
3314 4036 3328 4048 ’
3359 4039 3376 4069 ι
3411 4019 3553 4073 Διότι

1992 4111 2457 4181 ἀποφθεγγόμενοι
2508 4111 2772 4180 ἐλάλησαν
2809 4109 3043 4173 κόπους*
3093 4110 3187 4163 καὶ
3236 4110 3283 4163 οἱ
3337 4112 3556 4180 μάντεις

1991 4206 2206 4276 ὁράσεις
2262 4202 2474 4272 ψευδεῖς
2529 4202 2621 4255 καί
2676 4200 2744 4254 τὰ
2801 4200 3027 4253 ἐνύπνια
3082 4201 3249 4271 ψευδῆ
3310 4201 3552 4267 ἐλάλουν,

1992 4298 2066 4367 (p.
2095 4296 2218 4361 503)
2249 4296 2450 4365 μάταια
2482 4293 2848 4365 παρεκάλουν
2883 4292 2969 4345 διὰ
2999 4291 3153 4345 τοῦτο
3181 4292 3554 4365 ἐξηράνθησαν

1989 4387 2063 4452 ὡς
2096 4386 2357 4458 πρόϐατα,
2388 4386 2481 4439 καὶ
2512 4383 2887 4453 ἐκακώθησαν,
2918 4384 2998 4439 ὅτι
3025 4383 3124 4437 οὐκ
3149 4378 3215 4455 ἦν
3243 4385 3386 4446 ἴασις
3411 4400 3424 4413 ·
3460 4385 3554 4436 ἐπὶ

327 4462 504 4534 Super
533 4478 780 4536 pastores
808 4474 1116 4529 concitatus
1151 4486 1233 4531 est
1256 4477 1407 4535 furor
1438 4497 1609 4548 meus,
1640 4493 1694 4536 et
1720 4500 1890 4556 agnos

2006 4482 2116 4543 τοὺς
2145 4479 2404 4552 ποιμένας
2431 4477 2751 4549 παρωξύνθη
2783 4480 2810 4531 ό
2844 4477 3014 4547 θυμός
3042 4495 3165 4548 μου,
3193 4478 3285 4530 καὶ
3311 4478 3402 4530 ἐπὶ
3428 4477 3555 4541 τοὺς

324 4573 475 4617 meos
516 4561 764 4617 visitabo.
794 4583 812 4615 ι
853 4566 991 4621 Olim
1023 4569 1263 4638 quidem,
1315 4571 1508 4639 inquit,
1548 4575 1767 4642 quando
1801 4577 1887 4629 di-

2006 4572 2188 4645 ιμνούς
2227 4590 2326 4645 μου
2368 4572 2751 4642 ἐπισκέψομαι.
2796 4590 2814 4623 ›
2855 4570 3028 4625 Πάλαι
3074 4569 3169 4640 μὲν
3203 4569 3330 4641 γὰρ,
3368 4570 3549 4640 φησιν,

322 4648 464 4705 vinis
494 4651 856 4710 attendebatis
896 4659 1066 4712 multa
1098 4677 1220 4714 curn
1256 4660 1491 4720 falsitate
1522 4665 1677 4727 vobis
1706 4667 1889 4720 omnia

2006 4664 2218 4735 »πηνίκα
2245 4667 2357 4727 τοῖς
2406 4665 2628 4734 μάντεσι
2677 4660 2990 4734 προσείχετε
3041 4660 3175 4732 μετά
3217 4659 3411 4713 πολλοῦ
3458 4658 3551 4712 τοῦ

321 4737 661 4809 dicentibus,
711 4753 766 4798 et
817 4749 1095 4820 prophetis
1147 4756 1343 4810 vestris
1390 4758 1673 4826 neglectis,
1726 4760 1890 4819 dictis

2006 4756 2211 4831 μεύδους
2253 4756 2465 4810 ἅπαντα
2492 4753 2888 4824 διαλεγομένοις
2918 4753 3064 4823 ὑμῖν,
3098 4753 3190 4806 καί
3217 4751 3281 4822 δὴ
3314 4752 3421 4804 τῶν
3453 4751 3552 4820 μὲν

322 4831 541 4887 illorum
570 4836 753 4904 potius
785 4839 1129 4910 credebatis;
1173 4854 1302 4903 tunc
1337 4864 1433 4903 vos
1477 4850 1809 4911 insanabiles
1838 4862 1891 4906 et

2006 4847 2278 4919 προφητῶν
2307 4847 2557 4918 ἠμελεῖτε
2586 4846 2693 4899 τῶν
2722 4844 2892 4915 ἐμῶν,
2932 4847 3043 4907 τοῖς
3077 4843 3204 4915 παρ’
3242 4844 3463 4896 ἐκείνων
3495 4843 3550 4896 δέ

322 4923 751 5012 inemendabiles
781 4930 947 5007 338
978 4944 1191 4999 nactus,
1227 4945 1482 5009 tanquam
1507 4956 1636 4996 oves
1675 4944 1885 5012 suppli-

2006 4941 2299 5010 κεγομένοις
2330 4940 2608 4994 ἐπείθεσθε
2654 4939 2869 5009 μᾶλλον,
2904 4939 3023 4993 τότε
3050 4937 3113 5008 δὴ
3144 4936 3338 4990 ἀνίατά
3368 4952 3425 4989 τε
3457 4935 3549 4988 καὶ

322 5014 425 5074 (iis
474 5002 692 5085 tradidi,
750 5026 865 5093 pari
914 5026 991 5078 ira
1040 5027 1298 5084 adversus
1326 5032 1492 5089 duces
1520 5040 1574 5087 et
1620 5035 1882 5093 adversus

2006 5002 2291 5103 ἰιδίόρθωτα
2334 5032 2399 5085 τὰ
2446 5033 2563 5086 καθ’
2613 5002 2755 5102 ὑμᾶς
2803 5002 2999 5103 εὑρὼν,
3055 5002 3251 5081 ὡσανεὶ
3305 5027 3549 5099 πρόϐατα

323 5108 571 5169 subditos
625 5121 804 5179 utens,
841 5132 945 5186 qua
975 5124 1029 5171 et
1068 5118 1167 5177 hos
1206 5129 1259 5175 et
1296 5122 1413 5177 illos
1454 5125 1614 5181 simul
1650 5127 1879 5197 perdidi.

2006 5124 2281 5195 τιμωρίαις
2309 5124 2597 5187 ἐκδέδωκα,
2631 5124 2711 5177 ἐνί
2734 5124 2812 5196 τῷ
2834 5123 3008 5195 θυμῷ,
3044 5120 3134 5175 ἐπί
3164 5138 3221 5173 τε
3246 5120 3369 5183 τοὺς
3391 5122 3548 5189 ἡγου-

321 5200 495 5269 Atque
525 5202 638 5258 haec
680 5207 898 5278 quidem
927 5210 999 5266 ob
1033 5212 1121 5269 illa
1152 5220 1280 5267 tunc
1316 5217 1639 5285 pertulistis.

2006 5218 2205 5287 μένους,
2238 5215 2328 5268 ἐπί
2354 5233 2412 5269 τε
2448 5218 2567 5281 τούς
2602 5217 2870 5287 ὑπηκόους
2897 5214 3258 5287 χρησάμενος,
3291 5206 3418 5282 ᾦδὴ
3450 5213 3547 5265 κά-

1986 5309 2192 5371 κείνους
2229 5307 2362 5360 κατά
2387 5308 2578 5360 ταυτὸν
2607 5306 2863 5364 ἀπώλεσα
2896 5306 2989 5358 καὶ
3014 5304 3234 5367 τούτους
3257 5320 3271 5333 ·
3300 5304 3420 5356 τότε
3452 5301 3547 5371 μὲν

1985 5399 2048 5470 δὴ
2084 5398 2178 5451 καὶ
2208 5396 2434 5451 τοιαῦτα
2463 5398 2600 5467 ὑπὲρ
2626 5386 2846 5450 ἐκείνων
2872 5395 3197 5449 πεπόνθατε.

389 5475 559 5535 Vsus.
586 5481 710 5543 L7.
734 5514 803 5523 -
834 5483 991 5540 Nunc
1025 5502 1152 5543 vero
1181 5487 1351 5555 quid?
1392 5507 1409 5539 ι
1434 5488 1500 5542 Et
1520 5488 1755 5544 visitavit
1778 5489 1882 5545 Do-

317 5569 501 5625 minus
545 5574 891 5647 omnipotens
918 5594 1132 5653 gregem
1176 5596 1355 5646 suum,
1402 5580 1622 5638 domum
1657 5581 1824 5646 Iudae,
1856 5601 1874 5635 ι

389 5746 437 5779 ⁸’
466 5743 598 5805 Gen.
630 5762 667 5812 ι,
695 5748 781 5810 11.

2056 5489 2202 5558 Στίχ.
2227 5488 2365 5551 ’δὀς.
2395 5518 2466 5531 -
2496 5488 2631 5542 Νυνί
2656 5487 2711 5540 δὲ
2740 5487 2826 5551 τί;
2868 5504 2886 5536 ι
2920 5488 3031 5539 Καὶ
3056 5485 3409 5556 ἐπισκέψεται
3436 5482 3547 5540 Κύ-

1988 5598 2102 5657 ριος
2146 5572 2181 5634 ὃ
2216 5578 2606 5651 παντοκράτωρ
2643 5577 2704 5631 τὸ
2749 5576 2995 5648 ποίμνιον
3046 5574 3231 5643 αὑτοῦ,
3260 5576 3354 5630 τὸν
3400 5572 3547 5633 οἷκον
