3992 6232
377 344 491 403 8δῖ

1329 329 1880 393 COMMENTARIUS
1917 327 1981 382 IN
2011 325 2384 384 ZACIIARUE
2422 327 2572 384 CAP.
2611 328 2680 387 Χ.

3502 320 3608 378 5‘36

388 458 587 521 Ἰούδα,
621 473 642 509 ι
676 454 769 508 καὶ
788 452 1022 525 τάεέξῆς,
1052 444 1127 506 ὧν
1155 451 1292 505 ὥστε
1327 451 1401 522 μὴ
1430 449 1707 522 μηκύνειν,
1736 449 1836 518 τὴν
1861 445 1947 499 λέ-

2047 451 2100 498 et
2131 444 2360 513 reliqua,
2400 457 2523 515 quae
2550 438 2719 509 nunc,
2758 455 2828 497 ne
2856 439 3101 513 prolixus
3139 438 3263 502 sim,
3297 445 3609 492 contextum

381 549 467 617 ξιν
490 549 711 604 ἃπασαν
744 545 838 598 ἐπὶ
864 544 960 597 τοῦ
990 544 1254 613 παρόντος
1291 542 1563 597 ἐκτιθέναι
1599 541 1820 612 παρεὶς,
1857 540 1949 594 τὸν

376 639 506 696 νοῦν
532 638 663 711 ἐρῶ,
687 635 822 690 Θεοῦ
851 636 1054 707 χάριτι,
1080 639 1200 700 ταῖς
1229 636 1591 709 προφητικαῖς
1617 633 1825 697 λέξεσιν
1853 634 1950 685 αύ-

376 731 473 786 τδν
511 733 590 793 εἰς
614 729 714 799 τὴν
735 727 844 780 τῶν
871 726 1300 796 ἐντυγχανόντων
1328 725 1650 794 κατανόησιν
1678 724 1952 794 ἐφαρμότ-

378 842 508 889 των,
539 823 689 890 λέγει
723 819 853 891 γάρ,
884 819 965 873 ὅτι
1007 819 1434 890 Ἐπιμελήσομαι
1467 817 1561 869 τοῦ
1594 817 1740 870 οῐκου
1783 816 1950 869 Ἰούδα

376 912 472 976 οὓς
516 912 706 981 ὥσπερ
759 910 1007 979 ποίμνιον
1062 908 1191 961 ίδιον
1242 906 1474 978 ἐθέμην·
1531 908 1846 977 γενήσονται
1893 904 1950 956 δὲ

383 1003 594 1077 ἰσχυροὶ
629 1000 772 1055 κατά
799 999 906 1053 τῶν
938 999 1194 1053 ἐναντίων
1218 1000 1274 1051 ἐν
1296 1002 1407 1061 τοῖς
1437 997 1713 1067 πολέμοις,
1752 995 1949 1067 μᾶλλον

376 1097 414 1168 ἢ
458 1098 620 1157 ἵππος
670 1094 887 1164 ἰσχυρὸς
929 1091 1032 1144 ὑπὸ
1076 1091 1266 1160 ἀνδρὸς
1307 1088 1632 1159 πολεμιστοῦ
1663 1088 1804 1141 κατά
1843 1087 1950 1140 τῶν

378 1185 657 1255 πολεμίων
686 1182 1099 1252 ἐξελαυνόμενος
1116 1196 1129 1209 ’
1164 1180 1223 1245 ἐξ
1254 1178 1417 1233 αὑτοῦ
1444 1179 1573 1250 γὰρ,
1599 1178 1741 1247 λέγω
1767 1177 1830 1248 δὴ
1856 1176 1948 1231 τοῦ

389 1276 587 1341 Ἰούδα,
618 1273 863 1345 προεῖδον
894 1272 1090 1343 χρῆναι
1115 1270 1204 1323 τὸν
1231 1270 1534 1339 Ζοροϐάϐελ
1559 1269 1947 1340 προϐληθῆναι,

380 1366 641 1421 κάκεῖθεν
673 1364 833 1417 αὑτὸν
858 1361 1036 1416 λαϐὼν
1062 1362 1142 1426 εἰς
1169 1361 1265 1432 τὴν
1294 1360 1567 1430 βασιλείαν
1588 1360 1769 1424 ἔταξα,
1803 1361 1950 1429 ἰσχυ-

381 1458 477 1529 ρόν
508 1474 569 1510 τε
603 1454 764 1510 αύτδν
795 1455 887 1508 καὶ
914 1453 1351 1525 θυμοῦηπνέοντα
1380 1452 1523 1505 κατὰ
1551 1453 1658 1504 τῶν
1695 1451 1953 1506 ἐναντίων

379 1547 748 1620 εἰργασάμην,
774 1544 962 1615 ἐπειδὴ
984 1545 1076 1597 καὶ
1100 1544 1353 1609 καθάπαξ
1377 1546 1440 1597 ἐκ
1465 1548 1563 1616 τῆς
1595 1545 1761 1597 ’ἰούδα
1781 1542 1953 1613 φυλῆς

375 1640 558 1711 ὥρισα
610 1637 856 1709 προϊέναι
905 1637 1030 1699 τοὺς
1071 1635 1355 1708 ἄρχοντας,
1397 1640 1489 1707 (p.
1536 1638 1679 1704 504)
1729 1637 1823 1701 οὓς
1859 1636 1954 1690 καὶ

384 1728 741 1798 προηγεῖσθαι
774 1727 1047 1798 προσῆκεν
1079 1728 1138 1780 ἐν
1166 1731 1277 1791 τοῖς
1314 1729 1571 1798 πολέμοις
1602 1729 1831 1783 πάντοτε
1857 1727 1951 1781 τοῦ

2054 543 2224 588 ιοιυω
2268 535 2323 589 in
2351 536 2605 605 praesenti
2631 533 2865 589 recitare
2894 533 3175 594 amittens,
3225 540 3447 585 sensum
3493 529 3633 594 eius

2049 635 2335 691 exponam.
2402 621 2514 678 Deo
2556 621 2793 685 favente,
2850 620 3183 691 propheticis
3230 616 3412 671 verbis
3469 615 3615 670 hunc

2050 715 2485 777 accommodans,
2543 725 2600 770 ut
2648 730 2774 770 eum
2827 715 3057 768 lectores
3111 720 3467 779 cognoscant.
3526 710 3618 762 Ait

2048 806 2194 860 enim
2220 825 2233 859 :
2270 804 2552 861 Sollicitus
2580 820 2677 861 cro
2704 806 2772 861 de
2800 807 2962 860 domo
2989 803 3162 867 Judae,
3194 818 3355 871 quam
3401 809 3459 854 ut
3502 815 3619 871 gre-

2051 913 2169 967 gem
2200 897 2332 951 mibi
2364 900 2643 967 proprium
2675 903 2891 967 reputo.
2934 894 3088 950 Fient
3112 903 3291 948 autem
3325 890 3487 946 validi
3517 891 3611 946 ad«

2052 1001 2243 1041 versus
2270 987 2454 1043 hostes
2497 988 2550 1041 in
2586 988 2743 1043 bellis
2780 987 2902 1058 plus
2928 1001 3091 1056 quam
3137 984 3347 1039 validus
3375 999 3550 1053 equus
3585 996 3618 1039 α

2052 1077 2309 1132 bellicoso
2329 1079 2446 1131 viro
2469 1078 2521 1131 in
2564 1077 2748 1133 hostes
2768 1078 3013 1131 adactus.
3036 1074 3111 1128 Ex
3142 1076 3241 1129 bac
3258 1075 3402 1127 enim
3432 1077 3614 1137 domo,

2053 1171 2273 1241 praevidi
2324 1178 2577 1241 oportere
2623 1168 3013 1223 Zorohabelem
3060 1167 3220 1235 eligi;
3286 1181 3450 1234 reque
3488 1180 3615 1216 vera

2051 1261 2178 1317 inde
2197 1277 2318 1316 eum
2342 1271 2616 1331 sumptum
2640 1261 2786 1331 regia
2807 1259 3068 1330 dignitate
3093 1257 3287 1312 donavi
3315 1275 3328 1322 ;
3361 1255 3615 1308 validum-

2051 1367 2157 1423 que
2182 1352 2380 1421 ipsum,
2408 1361 2463 1407 et
2491 1353 2627 1405 iram
2656 1352 2922 1406 adversus
2953 1350 3138 1404 hostes
3169 1350 3463 1419 spirantem
3490 1346 3614 1408 feci.

2051 1442 2178 1511 quia
2213 1456 2438 1512 prorsus
2471 1442 2538 1496 de
2565 1439 2718 1495 Iuda:
2740 1440 2885 1494 tribu
2918 1438 3130 1494 decrevi
3163 1435 3454 1507 procedere
3476 1436 3617 1505 prin-

2051 1533 2222 1603 cipes,
2264 1547 2402 1603 quos
2437 1530 2866 1602 semper'populi
2897 1530 3065 1585 duces
3092 1543 3214 1584 esse
3252 1528 3306 1581 in
3347 1526 3503 1581 bellis
3525 1526 3617 1580 dco

2051 1626 2227 1680 cebit:
2285 1638 2518 1693 namque
2559 1622 2743 1679 hostes
2795 1635 2926 1677 suos
2968 1620 3265 1690 prmliando
3306 1617 3616 1687 superaturi

2053 1726 2202 1782 sunt,
2232 1723 2290 1770 ut
2314 1730 2410 1771 eos
2449 1717 2776 1769 conculcare
2807 1714 2907 1768 luti
2943 1714 3117 1767 instar
3146 1714 3362 1782 possint
3390 1708 3533 1778 quod
3562 1711 3613 1761 in

380 1822 551 1875 λαοῦ*
600 1824 718 1874 ἐπεὶ
766 1822 862 1888 καὶ
908 1821 1414 1891 κατακρατήσουσιν
1462 1818 1602 1871 οὕτω
1642 1818 1749 1871 τῶν
1795 1820 1948 1871 ἐναν-

2052 1807 2155 1863 viis
2180 1823 2211 1861 a
2236 1807 2648 1862 transeuntibus
2694 1806 2908 1861 teritur.
2957 1803 3151 1867 Tanta,
3189 1803 3385 1871 inquit,
3434 1801 3618 1855 hostes

384 1915 517 1966 τίων
569 1917 625 1965 ἐν
683 1915 794 1975 τοῖς
854 1912 1145 1982 πολέμοις.
1197 1910 1337 1963 ὥστε
1387 1912 1719 1963 καταπατεῖν
1754 1909 1948 1972 αὐτοὺς

390 2004 561 2077 πηλοῦ
597 2004 752 2075 δίκην
790 2005 847 2056 ἐν
872 2004 1012 2067 ὁδοῖς
1051 2002 1156 2056 ὑπὸ
1185 2002 1291 2055 τῶν
1321 2001 1561 2056 διιόντων
1592 2001 1945 2071 πατουμένου·

377 2096 554 2161 οὕτως
576 2095 930 2159 ἑκκείσονται,
955 2094 1140 2165 φησὶν,
1160 2094 1208 2146 οἰ
1235 2093 1479 2163 πολέμιοι
1507 2094 1803 2163 πάσχοντες
1827 2092 1945 2163 μὲν,

378 2185 849 2257 ἁντιμηχανᾶσθαι
882 2186 938 2239 δὲ
967 2184 1252 2255 δυνάμενοι
1280 2183 1437 2238 οὐθέν
1458 2200 1472 2214 '
1503 2185 1597 2238 καὶ
1622 2184 1948 2255 θαρροῦντες

371 2278 444 2348 δὴ
484 2276 623 2350 πρὸς
651 2277 857 2341 πάντας
902 2276 1300 2347 παρατάξονται
1338 2276 1463 2339 τοὺς
1506 2277 1799 2342 ἐναντίους,
1848 2277 1948 2347 τήν

380 2369 531 2423 θείαν
581 2369 764 2433 αὐτοῖς
811 2372 1062 2440 παρεῖναι
1101 2366 1449 2431 πιστεύοντες
1496 2368 1775 2439 βοήθειαν*
1825 2368 1947 2420 τότε

379 2460 832 2533 αἰσχυνθήσονται
864 2461 963 2533 μὲν
988 2460 1098 2513 τῶν
1121 2460 1392 2531 πολεμίων
1413 2460 1462 2511 οἰ
1489 2461 1573 2528 ἐφ’
1600 2460 1783 2523 ἵπποις
1807 2459 1947 2529 μέγα

343 2552 738 2625 ,φρονοῦντεςο
790 2553 1118 2624 φανήσονται
1171 2552 1228 2605 δὲ
1274 2543 1419 2603 οὗτοι
1466 2550 1688 2622 μεγάλοι
1738 2568 1797 2604 τε
1852 2554 1947 2605 καὶ

382 2646 691 2717 ἰσχυροὶτῇ
718 2646 824 2715 ἐμῇ
861 2642 1112 2715 βοηθείαο
1148 2636 1294 2695 οἷκον
1325 2642 1433 2713 γὰρ
1480 2640 1650 2694 Ἰούδα
1681 2642 1774 2694 καὶ
1802 2639 1946 2693 οἷκον

280 2790 285 2793 μ
392 2734 615 2806 Ἰωσὴφ,
647 2734 733 2786 ἵνα
768 2733 897 2806 εἴπῃ
926 2733 1016 2785 τὸν
1044 2730 1191 2796 λαὸν,
1227 2731 1292 2785 ἐκ
1336 2730 1537 2801 μέρους
1564 2728 1654 2781 τὸν
1684 2728 1800 2782 ὅλον
1833 2729 1949 2781 ὀνο-

382 2822 571 2893 μάζων
594 2838 610 2853 ·
654 2822 873 2892 παρέξω
893 2837 952 2873 τε
980 2820 1162 2881 αὐτοῖς
1191 2816 1407 2886 ἀσφαλῆ
1437 2816 1534 2887 τὴν
1570 2816 1628 2869 ἐν
1656 2817 1766 2877 τοῖς
1798 2813 1946 2875 ἰδίοις

373 2913 612 2985 οἴκησιν,
638 2911 931 2982 ἐπειδήπερ
962 2909 1154 2970 αὐτοὺς
1190 2908 1480 2977 ἀγαπήσας
1514 2904 1813 2973 ἐδοκίμασα
1848 2903 1942 2956 αύ-

333 2988 507 3067 ”τοὺς
540 3005 641 3073 τῆς
673 3001 814 3073 ἐμῆς
845 3000 919 3071 μὴ
954 2998 1245 3052 ἀποϐαλεῖν
1280 2994 1563 3065 προνοίαςο
1604 2991 1798 3063 ἔσομαι
1836 2990 1945 3061 γὰρ

378 3093 467 3148 ἀεὶ
492 3094 606 3165 μετ’
641 3090 840 3154 αὐτῶν,
870 3091 962 3144 καὶ
991 3091 1048 3143 ἐν
1074 3088 1337 3157 ἀνάγκαις
1364 3086 1460 3155 τὴν
1488 3084 1625 3156 ἐμὴν
1658 3084 1945 3138 αἰτούντων

2048 1898 2201 1954 clade
2240 1898 2562 1962 aﬂicientur,
2599 1906 2658 1953 ut
2702 1911 3006 1968 repugnare
3052 1902 3345 1966 nequeant.
3399 1892 3469 1947 At
3511 1892 3617 1947 mei

2047 1990 2236 2061 grandi
2263 1989 2459 2045 ﬁducia
2479 1996 2670 2044 contra
2692 1988 3038 2045 adversarios
3058 2000 3249 2042 omnes
3271 1984 3613 2057 pugnabunt,

2045 2081 2284 2137 divinum
2319 2082 2424 2137 sibi
2471 2081 2637 2137 affore
2672 2082 2934 2137 auxilium
2964 2081 3270 2137 credentes.
3323 2077 3480 2133 Tunc
3512 2092 3614 2148 pu-

2047 2172 2196 2228 debit
2224 2174 2410 2230 hostes
2443 2174 2536 2244 qui
2565 2172 2722 2244 equis
2760 2175 2878 2229 suis
2909 2186 3258 2244 magnopere.
3277 2170 3627 2241 gloriantur:

2047 2271 2103 2318 at
2131 2265 2223 2320 isti
2255 2265 2437 2336 magni
2472 2265 2753 2336 fortesque
2799 2265 3160 2336 apparebunt,
3190 2277 3292 2333 ope
3325 2276 3444 2316 mea
3482 2261 3616 2330 ipsis

2045 2358 2406 2429 suppeditata.
2454 2358 2594 2414 Dicit
2638 2361 2784 2415 enim
2830 2360 3052 2413 domum
3090 2355 3244 2411 Judae
3288 2362 3343 2410 et
3392 2354 3615 2408 domum

2043 2448 2286 2521 Josephi.
2321 2461 2381 2504 ut
2407 2452 2666 2521 populum
2697 2451 2935 2514 denotet,
2966 2464 2996 2503 a
3037 2456 3191 2519 parte
3224 2455 3396 2502 totum
3423 2445 3617 2515 appel-

2046 2543 2187 2598 lans.
2219 2542 2453 2597 Eﬁiciam
2488 2559 2616 2597 vero
2649 2543 2783 2613 ipsis
2808 2550 2981 2595 tutum
3014 2542 3070 2594 in
3094 2540 3267 2611 patria
3296 2538 3614 2592 incolatum:

2045 2632 2302 2702 quoniam
2342 2647 2437 2686 eos
2469 2630 2722 2703 diligens,
2758 2632 2906 2685 nolui
2933 2633 3082 2701 ipsos
3128 2627 3468 2700 providentia
3496 2642 3616 2680 mea

2044 2724 2234 2793 procul
2265 2723 2527 2793 ahjicere:
2579 2724 2672 2779 sed
2706 2723 2815 2779 illis
2859 2737 3075 2793 semper
3118 2720 3305 2785 adero,
3353 2719 3490 2774 etin
3519 2731 3618 2770 an-

2044 2815 2237 2885 gustiis
2278 2816 2536 2869 auxilium
2570 2830 2748 2870 meum
2782 2815 3134 2885 implorantes
3201 2811 3529 2875 exaudiam;
3563 2815 3618 2862 et

2045 2903 2101 2957 in
2151 2904 2354 2974 praeliis
2401 2905 2715 2975 superiores
2765 2904 3050 2961 discedent
3086 2903 3253 2975 339
3294 2901 3442 2975 (nam
3490 2914 3616 2955 cum

2044 2992 2319 3064 Ephraimi
2373 2996 2573 3050 tribum
2616 2995 2770 3059 dicit,
2831 3011 3023 3052 rursus
3059 3009 3090 3048 a
3143 3002 3298 3065 parte
3349 2993 3615 3064 pupulum

2045 3085 2338 3159 designat),
2369 3088 2444 3142 ita
2477 3098 2536 3143 ut
2562 3089 2796 3144 victores
2826 3090 2969 3144 caede
2996 3089 3233 3144 hostium
3266 3087 3440 3160 magis
3470 3085 3619 3157 gavi-

378 3183 653 3256 βοήθειαν,
676 3180 1001 3251 ἀκούσομαι·
1026 3180 1116 3233 καὶ
1138 3179 1472 3249 κρατήσουσι
1496 3177 1640 3248 μάχῃ
1666 3177 1772 3229 τῶν
1797 3177 1948 3229 ἐναν-

2050 3180 2166 3233 suri
2193 3180 2322 3245 sint,
2349 3196 2507 3249 quam
2538 3180 2613 3235 illi
2642 3180 2733 3251 qui
2765 3181 2887 3236 vino
2916 3181 3059 3251 pleni
3087 3180 3383 3236 exsultant.

377 3278 532 3331 τίωνο
563 3273 627 3327 τὸ
656 3271 764 3343 γὰρ
803 3288 825 3324 ε
859 3272 908 3325 οἰ
943 3269 1038 3323 τοῦ
1082 3268 1351 3340 Ἐφραῖμ,
1389 3288 1407 3322 ι
1435 3268 1594 3322 πάλιν
1642 3268 1749 3321 ἀπὸ
1803 3268 2001 3339 μέρους
2047 3268 2139 3323 τὸν
2181 3270 2309 3324 λαὸν
2363 3272 2543 3341 λέγει·
2586 3271 2726 3326 ὥστε
2767 3274 2962 3337 αὐτοὺς
3005 3274 3071 3326 ἐκ
3114 3272 3214 3343 τῆς
3263 3272 3475 3342 σφαγῆς
3510 3270 3618 3322 τῶν

376 3365 635 3424 ἐναντίων
683 3361 1030 3434 νενικηκότας
1083 3363 1293 3433 χαίρειν
1349 3362 1417 3430 τῇ
1461 3358 1685 3428 διανοίᾳ,
1746 3358 1941 3428 μᾶλλον
1970 3359 2387 3432 ἐμφορηθέντων
2418 3361 2584 3415 οἴνου.

446 3456 598 3528 Στίχ.
633 3452 799 3528 η’-ιβ’.
823 3483 894 3495 —
917 3453 1100 3507 Ταῦτα
1124 3452 1182 3505 δὲ
1213 3450 1308 3504 καὶ
1335 3452 1386 3503 οἰ
1417 3450 1476 3517 ἐξ
1506 3450 1687 3503 αὐτῶν
1724 3450 1942 3513 ἰδόντες,
2026 3500 2029 3503 λ

378 3550 439 3602 ιν
465 3546 826 3617 εὐφροσύναις
854 3546 1174 3615 γενήσονται
1213 3542 1301 3596 διὰ
1329 3542 1429 3613 τὴν
1468 3542 1816 3612 ὑπάρχουσαν
1852 3542 1950 3594 αύ-

377 3644 491 3707 τοῖς
511 3639 665 3712 παρὰ
688 3637 780 3693 τοῦ
808 3636 942 3690 Θεοῦ
972 3635 1237 3706 βοήθειαν·
1267 3633 1454 3706 ὥσπερ
1484 3634 1741 3702 σάλπιγγι
1770 3634 1948 3687 τοίνυν

382 3733 631 3804 σημήνας
656 3730 897 3792 ἃπαντας
922 3729 1119 3791 αὐτοὺς
1141 3726 1380 3798 ἀθροίσω
1406 3741 1465 3778 τε
1495 3724 1589 3778 καί
1617 3724 1944 3794 εἰσδέξομαι,

366 3822 632 3878 ἀπολύων
668 3821 863 3882 αὐτοὺς
894 3819 1075 3887 πάσης
1107 3818 1352 3888 ἀνάγκης
1371 3831 1388 3848 ·
1419 3816 1556 3869 ὥστε
1592 3815 1728 3885 μετά
1772 3817 1949 3883 ἀσφα-

379 3911 528 3976 λείας
563 3914 618 3965 ὲν
646 3913 757 3973 τοῖς
785 3909 1001 3971 οἰκείοις
1028 3909 1341 3975 διάγοντας,
1383 3909 1461 3969 εἰς
1495 3904 1693 3976 πλῆθος
1737 3904 1950 3958 ἐπιδοῦ-

380 4020 470 4059 ναι
502 4001 896 4072 παραπλησίως
924 4000 1002 4070 τῷ
1026 3998 1256 4070 πρόσθεν
1286 3999 1477 4069 χρόνῳ·
1508 4000 1582 4068 (p.
1616 3997 1740 4067 505)
1772 4013 1950 4049 στενο-

380 4095 755 4170 χωρουμένους
795 4110 855 4146 τε
898 4093 987 4145 ἐπὶ
1022 4091 1120 4161 τῆς
1158 4091 1262 4161 γῆς
1308 4094 1407 4161 τῆς
1455 4090 1660 4155 οἰκείας
1704 4089 1809 4144 ὑπὸ
1855 4088 1947 4142 τοῦ

379 4187 616 4257 πλήθους
639 4185 733 4238 τοῦ
757 4185 977 4247 οἰκείου,
1011 4186 1068 4237 ἐν
1090 4182 1303 4245 πολλοῖς
1329 4183 1691 4255 διασπαρῆναι
1720 4182 1813 4235 καὶ
1842 4179 1947 4233 τῶν

378 4277 693 4349 ἀλλοτρίων,
722 4271 797 4331 ὧν
821 4278 1330 4347 κατακρατήσαντες
1360 4275 1645 4346 κτήσονται
1672 4292 1731 4327 τε
1759 4274 1851 4328 καὶ
1872 4275 1949 4325 οἰ-

378 4373 606 4442 κήσουσι
640 4370 739 4442 τὴν
771 4369 979 4442 χώραν·
1015 4369 1063 4421 οἳ
1096 4369 1291 4431 πάντες
1324 4369 1513 4441 μνήμῃ
1548 4370 1613 4438 τῇ
1645 4369 1748 4437 ἐμῇ
1778 4365 1865 4419 διὰ
1886 4366 1947 4419 τὸ

376 4462 486 4515 τῶν
522 4462 825 4533 γενομένων
858 4460 1105 4532 μέγεθος.
1149 4461 1209 4513 ού
1250 4460 1406 4531 μόνον
1452 4458 1740 4529 βλάψουσιν
1774 4457 1943 4521 οὐδὲν,

375 4553 515 4607 ἀλλά
554 4555 661 4625 γάρ
695 4553 787 4606 καὶ
825 4554 1006 4605 πᾶσαν
1045 4552 1222 4605 αὐτῶν
1254 4549 1567 4621 ἐπιμέλειαν
1599 4551 1945 4620 ποιήσονται’

374 4644 536 4701 τοῦτο
563 4645 672 4715 γάρ
693 4646 841 4714 λέγει
863 4645 977 4709 τδ,‹
1000 4641 1435 4715 Ἐκθρέψουσιτά
1462 4641 1624 4694 τέκνα
1647 4641 1824 4693 αὐτῶν
1854 4640 1946 4693 καὶ

2125 3450 2286 3508 Vens.
2313 3453 2466 3507 8-12.
2493 3483 2562 3493 -
2594 3452 2719 3509 llaic
2745 3462 2927 3509 autem
2955 3454 3047 3510 ﬁlii
3080 3458 3324 3526 ipsorum
3372 3448 3616 3511 videntes

2048 3540 2248 3597 laetitiis
2282 3543 2532 3599 incedcnt
2566 3554 2785 3615 propter
2822 3562 3145 3602 concessum
3182 3550 3283 3603 sibi
3317 3567 3345 3600 υ
3378 3547 3485 3601 Dco
3518 3563 3616 3601 au-

2048 3634 2257 3689 xilium.
2299 3635 2465 3706 Igitur
2506 3640 2663 3707 quasi
2699 3637 2828 3692 tuha
2869 3640 3081 3709 signum
3131 3654 3334 3693 canens
3386 3647 3613 3692 cunctos

2047 3728 2387 3797 congregaho
2417 3735 2470 3782 et
2494 3728 2560 3782 ad
2590 3744 2675 3782 me
2708 3729 2987 3799 recipiam,
3019 3729 3165 3782 omni
3210 3744 3305 3783 eos
3358 3743 3614 3797 pressura

2049 3816 2324 3883 liberans;
2355 3834 2464 3888 quo
2487 3820 2574 3874 ﬁet
2603 3829 2659 3874 ut
2692 3820 2744 3873 in
2778 3822 2952 3891 patrio
2979 3821 3096 3876 solo
3124 3821 3299 3875 securi
3332 3821 3612 3890 degentes,

2048 3910 2103 3965 in
2173 3913 2570 3968 multitudinem
2623 3922 2941 3970 excrescant
3015 3930 3166 3986 aeque
3220 3929 3285 3969 ac
3337 3915 3616 3984 superiore

2048 4008 2289 4071 tempore
2313 4022 2328 4069 ;
2357 4006 2409 4057 in
2431 4011 2640 4058 tantum
2670 4015 2726 4060 ut
2755 4006 2809 4059 in
2834 4006 3052 4077 propria
3075 4015 3218 4061 terra
3244 4004 3355 4074 jam
3382 4020 3613 4059 numero

2049 4094 2366 4169 angustiati,
2407 4096 2472 4151 ad
2503 4097 2705 4153 multos
2731 4098 3112 4167 dispergantur
3144 4098 3294 4153 locos
3323 4105 3609 4153 extraneo-

2048 4199 2190 4250 rum,
2231 4202 2369 4255 quos
2400 4187 2748 4242 deviucentes
2783 4188 3155 4258 possidebunt,
3186 4189 3613 4257 babitabuntque

2048 4274 2263 4330 illorum
2309 4279 2623 4347 regionem:
2682 4280 2771 4349 qui
2823 4295 3011 4335 omnes
3058 4280 3162 4333 inei
3207 4294 3493 4342 memores,
3542 4280 3612 4334 ob

2049 4373 2290 4417 actarum
2324 4380 2505 4420 rerum
2535 4367 2983 4436 magnitudinem,
3025 4383 3132 4421 non
3162 4366 3320 4420 modo
3342 4368 3476 4421 meis
3504 4383 3609 4421 non

2047 4458 2346 4520 nocebunt,
2375 4475 2560 4514 verum
2592 4461 2755 4514 etiam
2781 4474 2969 4513 curam
3000 4459 3365 4513 omnimodam
3394 4475 3612 4514 eorum-

2047 4548 2169 4604 dem
2216 4559 2424 4620 gerent.
2479 4548 2535 4605 Id
2586 4551 2730 4605 enim
2773 4550 3032 4605 denotant
3081 4551 3266 4613 verba,
3322 4548 3614 4605 «Nutriant

2049 4639 2188 4693 ﬁlios
2213 4655 2421 4706 eorum,
2469 4648 2523 4695 et
2554 4649 2975 4704 convertentur;
3001 4659 3022 4691 ι
3062 4640 3114 4694 id
3141 4648 3248 4707 est,
3284 4640 3399 4696 haec
3427 4650 3607 4711 agent,

377 4736 827 4808 ἐπιστρέφουσιν,
883 4754 902 4788 ι
947 4736 1067 4789 ἀντὶ
1108 4734 1222 4799 τοῦ,
1257 4733 1439 4787 Ταῦτα
1476 4735 1778 4805 ποιήσουσι,
1812 4733 1946 4804 πρὸς

2049 4735 2116 4789 ad
2150 4750 2235 4789 me
2268 4735 2477 4805 meique
2508 4736 2755 4790 notitiam
2784 4735 3022 4789 animum
3051 4743 3452 4790 convertentes.
3490 4734 3607 4789 Cse-

376 4826 479 4899 ἐμέ
508 4828 797 4890 νεύσαντες
823 4826 917 4879 καὶ
943 4825 1039 4896 τὴν
1065 4826 1263 4893 γνῶσιν
1287 4823 1384 4895 τήν
1415 4824 1570 4893 ἐμήν,
1602 4822 1947 4893 Πανταχόθεν

374 4918 438 4973 δὶ
468 4918 651 4971 λοιπὸν
695 4919 819 4981 τοὺς
851 4917 910 4983 ἐξ
954 4916 1131 4970 αὐτῶν
1161 4914 1588 4985 διεσπαρμένους
1610 4955 1623 4973 .
1684 4916 1792 4967 εἴτε
1828 4914 1947 4966 κατ’

374 5009 684 5076 Αἴγυπτον,
724 5009 834 5061 εἴτε
874 5009 931 5060 ἐν
982 5010 1045 5079 τῇ
1078 5008 1184 5061 τῶν
1235 5007 1532 5078 Ἀσσυρίων
1561 5008 1741 5079 χώρα,
1787 5025 1949 5078 μετα·

374 5099 671 5169 οαλόμενος
699 5099 952 5163 ἐπανάξω
983 5101 1062 5162 εἰς
1094 5099 1162 5151 τά
1190 5100 1361 5151 οἰκεῖα
1384 5138 1397 5159 ,
1428 5097 1565 5151 ὥστε
1594 5099 1721 5160 τοὺς
1751 5099 1947 5161 τόπους

372 5191 545 5244 οἰκεῖν
586 5193 711 5253 τοὺς
743 5192 975 5254 οἰκείους
994 5230 1008 5255 ,
1046 5187 1270 5260 μηδενὸς
1301 5188 1403 5254 ἐξω
1434 5189 1637 5242 τούτων
1666 5190 1942 5258 διάγοντος

374 5282 457 5336 ἔτι
475 5299 491 5315 ·
520 5283 571 5336 οἰ
600 5283 689 5337 διά
716 5282 910 5337 πολλοῦ
937 5279 1361 5353 παρελεύσονται
1387 5279 1645 5350 πλήθους,
1678 5297 1939 5352 στενοχω-

376 5374 633 5447 ρούμενοι
663 5375 760 5445 μὲν
790 5374 866 5444 τῷ
892 5373 1083 5444 πλήθει
1104 5372 1212 5425 τῶν
1241 5372 1513 5433 ἐναντίων,
1538 5373 1939 5445 κατακρατοῦν-

371 5483 467 5531 τες
490 5467 547 5521 δὲ
584 5467 760 5521 αὐτῶν
786 5469 854 5539 τῇ
892 5469 997 5537 ἐμῇ
1046 5466 1291 5536 δυνάμει,
1322 5464 1461 5518 ὥστε
1499 5465 1591 5519 καὶ
1622 5468 1799 5520 πᾶσαν
1837 5466 1937 5519 αύ-

372 5556 484 5609 τῶν
515 5556 776 5617 ἀπολέσαι
803 5557 900 5627 τὴν
950 5557 1133 5625 ἰσχὺν,
1172 5554 1415 5617 ἅπαντάς
1444 5570 1505 5607 τε
1552 5556 1748 5619 αὐτοὺς
1782 5556 1938 5626 δίκην

372 5646 648 5717 θαλάσσης
690 5648 1107 5719 κυματουμένης
1147 5645 1591 5717 ἀγριαινομένους
1632 5646 1753 5699 καθ’
1785 5647 1937 5717 ὑμῶν

372 5737 811 5810 τιμωρήσασθαι,
845 5738 1168 5809 περιστῆσαί
1196 5756 1254 5791 τε
1286 5742 1348 5811 τῇ
1376 5740 1550 5812 οἰκεία
1579 5738 1814 5809 τιμωρίᾳ
1845 5740 1937 5793 καί

2046 4831 2220 4879 terum
2248 4840 2654 4894 quaqueversus
2682 4840 2777 4880 eos
2811 4825 3110 4894 dispersos.
3141 4828 3256 4881 sive
3295 4828 3346 4879 in
3374 4824 3609 4897 Egypto

2045 4912 2162 4969 sive
2192 4914 2247 4968 in
2268 4913 2617 4985 Assyriorum
2648 4915 2887 4984 regione,
2926 4930 3192 4971 converso
3221 4915 3415 4970 aﬁ‘ectu
3447 4917 3610 4968 reduo

2044 5019 2165 5059 cam
2188 5020 2282 5061 eos
2313 5006 2366 5059 in
2398 5005 2650 5075 patriam,
2683 5012 2743 5060 ut
2772 5021 2903 5062 suos
2941 5007 3139 5077 singuli
3170 5007 3317 5061 locos
3345 4994 3606 5065 incolant.

2044 5098 2258 5151 nemine
2278 5104 2428 5151 extra
2454 5096 2553 5151 hos
2569 5095 2825 5168 deinceps
2844 5097 3090 5168 degente.
3109 5095 3252 5166 Ergo
3273 5096 3327 5150 in
3351 5110 3608 5164 magnum

2047 5204 2333 5243 numerum
2380 5197 2736 5245 exarescent:
2797 5198 2909 5244 tum
2969 5188 3203 5242 hostium
3260 5188 3609 5242 multitudine

2046 5276 2364 5346 angustiati,
2406 5276 2493 5332 his
2526 5278 2881 5333 nihilominus
2912 5276 3111 5331 virtute
3144 5290 3265 5331 mea
3312 5276 3607 5345 superatis,

2045 5376 2298 5421 cunctam
2328 5367 2542 5422 illorum
2573 5369 2910 5424 enervabunt
2939 5366 3314 5422 fortitudinem
3339 5385 3354 5434 ;
3388 5382 3608 5423 omnes-

2046 5475 2152 5532 que
2178 5459 2319 5523 illos.
2341 5460 2495 5530 quasi
2526 5476 2677 5515 mare
2698 5459 3060 5529 procellosum
3091 5461 3377 5515 savieutes
3406 5460 3459 5514 in
3494 5476 3610 5528 per-

2044 5555 2241 5609 niciem
2283 5565 2538 5621 vestram,
2574 5552 2849 5609 contraria
2887 5552 3006 5608 vice
3051 5553 3318 5624 supplicio
3369 5561 3423 5609 et
3460 5558 3605 5609 caede

2044 5646 2111 5699 ad
2159 5647 2387 5702 nihilum
2441 5646 2717 5717 redigetis.
2767 5642 2857 5699 Sic
2892 5644 3039 5701 enim
3086 5646 3432 5715 intelligenda
3479 5659 3604 5702 sunt

2045 5740 2228 5803 verba,
2275 5757 2295 5793 ι
2323 5738 2389 5795 Et
2407 5739 2829 5795 exsiccabuntur
2864 5738 3129 5808 profunda
3156 5736 3490 5805 ﬂuminum,»
3543 5741 3596 5795 id
