3992 6232
410 315 514 398 ss;

1572 333 1920 394 THEODORI
1961 336 2439 397 MOPSUESTENI

3523 346 3628 401 558

408 459 515 507 σςι.
542 446 678 502 tanti
712 447 924 504 numeri
957 448 1138 512 hostes
1166 453 1548 524 proﬂigabunt.
1586 455 1651 512 Et
1672 473 1846 527 neque
1869 460 1965 515 As.-

2075 465 2250 533 σφαγῇ
2286 463 2367 528 είς
2409 463 2570 534 μηδὲν
2600 463 2725 527 τοὺς
2757 463 3072 528 τοσούτουςο
3108 463 3262 518 τοῦτο
3305 462 3414 536 γάρ
3444 463 3590 528 λέγει
3612 506 3626 526 .

412 537 574 603 striis
602 539 747 596 vires
773 541 1036 597 adversus
1087 559 1238 601 meos
1271 555 1618 616 supererunt,
1670 565 1844 619 neque
1870 549 1968 604 Ε-

409 633 641 701 gvptiis;
672 648 903 703 quorum
929 635 980 688 hi
1013 636 1142 690 olim
1169 637 1384 694 Judacos
1416 641 1468 694 in
1500 643 1771 711 mancipio
1802 644 1968 698 habe-

410 724 572 788 bant;
621 724 697 778 illi
738 734 916 780 autem
967 739 1243 796 postremo
1302 732 1546 799 captivos
1602 733 1964 788 abduxerunt.

408 814 693 878 Quomodo
748 832 877 871 vero
930 818 1045 873 hac
1096 819 1263 875 ﬁent?
1321 840 1338 873 ι
1366 821 1434 874 Et
1475 823 1740 878 roborabo
1785 841 1879 880 eos
1913 826 1966 880 in

413 902 638 958 Domino
681 903 790 959 Deo
819 921 938 968 suo,
973 916 1024 961 et
1070 909 1122 962 in
1159 911 1375 964 nomine
1406 911 1525 980 ejus
1568 913 1962 981 gloriabuntur,

410 995 485 1047 ait
519 993 799 1052 Dominus.
823 1017 840 1048 ι
894 997 1026 1051 Nam
1079 1002 1286 1056 validos
1329 1017 1423 1056 eos
1469 1002 1694 1057 clliciam
1726 1004 1886 1076 35,0
1913 1014 1965 1060 et

411 1085 658 1140 hostibus
685 1087 898 1141 cunctis
936 1089 1190 1153 invictos,
1237 1103 1295 1145 ut
1337 1094 1554 1148 nomine
1584 1109 1705 1149 meo
1736 1095 1966 1149 auxilio-

410 1190 516 1242 que
544 1175 826 1245 gloriaturi
859 1178 987 1232 sint.
1022 1177 1118 1234 His
1149 1181 1333 1246 dictis,
1371 1183 1722 1254 prosequitur
1762 1206 1773 1240 :

2072 571 2092 605 ι
2130 555 2239 609 Καὶ
2282 557 2671 628 ξηρανθήσεται
2717 559 2892 611 πάντα
2935 558 3004 611 τά
3036 557 3170 628 βάθη
3207 558 3631 629 ποταμῶν,›ἱ’να

2067 645 2219 717 εἴπῃ,
2243 649 2324 703 ὅτι
2363 649 2602 716 Ἀφανιεί
2639 650 2762 712 τοὺς
2793 648 2932 701 οὓτω
2968 649 3224 713 πολλούς’
3257 649 3379 702 οὔτε
3410 649 3466 700 δὲ
3504 651 3630 701 Ἀσ-

2069 738 2268 808 συρίοις
2324 740 2473 808 ἰσχὺς
2524 739 2601 792 ἐτι
2653 741 3125 811 περιλειφθήσεται
3178 741 3326 794 τουτὶ
3373 740 3629 793 δύνασθαι

2068 827 2189 879 κατ’
2217 828 2395 881 αὐτῶν
2415 867 2430 892 ,
2453 830 2574 882 οὔτε
2600 831 2934 897 Αἰγυπτίοις,
2968 824 3042 884 ὧν
3083 833 3132 884 οἱ
3167 833 3264 902 μὲν
3293 832 3486 892 αὐτοὺς
3523 832 3626 883 πά-

2069 915 2157 968 λαι
2195 913 2335 987 εῐχον
2386 919 2442 970 ἐν
2490 921 2558 988 τῇ
2605 919 2835 990 δουλεία,
2880 923 2929 973 οἱ
2973 921 3027 974 δὲ
3076 921 3299 992 ὕστερον
3347 923 3630 991 ἀπήγαγον

2071 1004 2457 1074 αἰχμαλώτους·
2483 1007 2953 1079 ἀπαλλαγήσονται
2979 1010 3088 1080 γάρ
3109 1011 3384 1064 ἀπάντων.
3414 1012 3531 1066 Τίνι
3551 1011 3630 1080 τῷ

2069 1097 2288 1168 τρόπεως
2324 1115 2342 1148 ι
2381 1099 2490 1151 Καὶ
2519 1099 2833 1168 κατισχύσω
2862 1103 3057 1165 αὐτοὺς
3088 1105 3143 1155 ὲν
3172 1103 3360 1172 Κυρίῳ
3387 1101 3505 1172 Θεῷ
3532 1103 3629 1154 αύ-

2075 1185 2204 1249 τῶν,
2231 1190 2307 1256 (p.
2336 1187 2460 1259 506)
2490 1189 2585 1242 καὶ
2612 1191 2668 1243 ἐν
2692 1189 2768 1260 τῷ
2796 1191 3019 1261 ὀνόματι
3052 1190 3216 1245 αὑτοῦ
3245 1191 3626 1260 καυχήσονται,

407 1268 555 1338 λέγει
603 1271 824 1342 Κύριος.
868 1292 889 1340 q
956 1274 1170 1344 Ἐπειδὴ
1233 1276 1483 1348 ίσχυρούς
1537 1295 1596 1331 τε
1649 1278 1842 1343 αὐτους
1891 1279 2194 1350 ἐργάσομαι
2244 1283 2341 1336 καὶ
2392 1283 2662 1354 ἀλήπτους
2692 1286 2824 1342 πᾶσι
2869 1288 2980 1346 τοῖς
3021 1286 3304 1351 ἐναντίοις,
3337 1283 3480 1337 ὥστε
3534 1284 3630 1337 αύ-

405 1364 535 1426 τοὺς
562 1365 656 1418 καὶ⁵
685 1364 1041 1436 σεμνύνεσθαι
1096 1368 1186 1421 ὲπί
1235 1385 1294 1422 τε
1329 1372 1393 1440 τῇ
1431 1369 1694 1441 ὀνομασίᾳ
1725 1373 1816 1426 καὶ
1857 1375 1924 1444 τῇ
1968 1373 2187 1446 βοηθείᾳ
2210 1378 2276 1446 τῇ
2319 1377 2446 1446 ἐμῇ.
2481 1375 2662 1430 Ταῦτα
2696 1377 2964 1448 είρηκὼς,
2995 1379 3188 1446 ἐπάγει
3213 1390 3228 1405 ⁸

1049 1505 1202 1562 CAP.
1234 1506 1326 1563 XI.

476 1634 644 1695 Vens.
674 1638 785 1693 1-5.
825 1669 896 1680 —
936 1641 1163 1711 «Aperi,
1205 1641 1430 1705 Libane,
1481 1651 1668 1712 portas
1710 1649 1856 1705 tuas,
1911 1651 1965 1698 et
1996 1653 2037 1707 Β

407 1731 657 1786 comedat
702 1730 843 1802 ignis
867 1731 1060 1788 cedros
1086 1741 1229 1788 tuas.
1268 1733 1443 1790 Ululet
1471 1735 1650 1804 pinus,
1682 1735 1809 1804 quia
1831 1734 1968 1789 ceci-

407 1825 486 1876 dit
509 1823 724 1886 cedrus,
768 1824 893 1894 quia
926 1825 1213 1894 optimates
1250 1825 1406 1880 valde
1437 1825 1618 1880 miseri
1652 1825 1782 1880 lacti
1815 1833 1961 1880 sunt.

411 1914 644 1978 Ululate,
703 1931 940 1986 quercus
992 1915 1344 1980 Basanitidis,
1403 1919 1530 1987 quia
1584 1917 1834 1974 succisus
1883 1927 1968 1974 est

410 2009 582 2062 saltus
608 2010 872 2063 consitus.
910 2007 1023 2062 Vox
1051 2009 1349 2078 lugentium
1382 2019 1683 2078 pastorum,
1707 2010 1963 2080 quoniam

409 2099 607 2154 misera
633 2098 775 2152 facta
800 2106 884 2154 est
901 2099 1301 2170 magniﬁcentia
1326 2098 1588 2168 ipsorum.
1621 2099 1733 2153 Vox
1759 2101 1969 2168 rugien-

411 2192 545 2245 tium
577 2192 816 2255 leonum,
836 2192 962 2262 quia
983 2192 1258 2246 debilitata
1280 2200 1365 2248 est
1384 2192 1636 2262 superbia
1653 2191 1926 2247 Jordanis.
1943 2211 1960 2244 ›

410 2281 677 2348 Quoniam
721 2282 934 2338 dixerat
974 2298 1034 2338 se
1085 2283 1444 2353 undecunque
1488 2299 1580 2338 eos
1609 2293 1968 2354 congregatu-

410 2390 552 2441 rum,
588 2391 782 2447 nempe
817 2391 884 2432 ex
916 2375 1149 2448 Egypto
1177 2384 1231 2432 et
1260 2392 1325 2432 ex
1349 2377 1696 2448 Assyriorum
1727 2376 1964 2444 regione,

410 2468 650 2539 nihilque
701 2468 1014 2538 hujusmodi
1057 2483 1153 2523 eos
1197 2469 1251 2524 in
1301 2479 1576 2540 posterum
1608 2477 1965 2536 experturos;

406 2568 770 2615 consentanee
811 2559 1070 2630 deinceps
1111 2561 1177 2614 ad
1207 2576 1302 2616 eos
1346 2561 1436 2632 qui
1467 2561 1745 2615 dominatu
1779 2559 1965 2629 Oppri-

408 2651 626 2706 mebant
675 2651 942 2708 convertit
979 2667 1287 2707 sermonem
1312 2653 1534 2708 dicens:
1584 2650 1628 2706 Ο
1660 2651 1861 2719 magni,
1913 2658 1968 2704 et

407 2743 581 2799 instar
630 2741 825 2800 Libani
880 2744 1252 2814 magnitudine
1304 2745 1601 2816 gloriantes
1653 2745 1964 2807 cedrorum,

407 2833 888 2905 fortitudinemque
919 2842 1157 2890 vestram
1187 2843 1549 2901 ostentantes,
1589 2850 1736 2890 nunc
1761 2834 1967 2889 omissa

2694 1514 2852 1568 ΚΕΦ.
2897 1515 2999 1569 IA'.

2139 1642 2283 1712 Στίχ.
2321 1645 2461 1709 α’-γύ
2496 1675 2562 1685 --
2584 1663 2602 1696 ι
2625 1643 2915 1712 Διάνοιξον,
2969 1649 2998 1701 6
3034 1647 3284 1714 Λίϐανος,
3323 1648 3422 1713 τάς
3458 1649 3628 1720 θύρας

2070 1751 2192 1800 σου,
2225 1735 2319 1789 καὶ
2346 1737 2708 1805 καταφαγέτω
2742 1737 2852 1808 πῦρ
2883 1738 2981 1803 τάς
3012 1739 3234 1810 κέδρους
3273 1757 3395 1792 σου’
3439 1740 3620 1793 ὀλολυ-

2068 1825 2212 1891 ξάτω
2248 1827 2437 1892 πίτυς,
2468 1827 2600 1880 διότι
2640 1827 2891 1880 πέπτωκε
2936 1829 3144 1899 κέδρος,
3182 1831 3263 1882 ὅτι
3309 1833 3626 1900 μεγιστᾶνες

2069 1917 2320 1986 μεγάλως
2356 1917 2830 1989 ἐταλαιπώρησαν·
2871 1919 3175 1986 ὀλολύξατε,
3211 1921 3368 1992 δρύες
3406 1925 3504 1992 τῆς
3521 1923 3625 1974 Βα-

2067 2006 2364 2070 σανίτιδος,
2409 2007 2489 2059 ὅτι
2526 2009 2874 2080 κατεσπάσθη
2928 2009 2956 2060 ό
2992 2010 3194 2080 δρυμὸς
3239 2013 3268 2063 ό
3311 2010 3620 2080 σύμφυτος·

2067 2097 2217 2168 φωνὴ
2247 2097 2581 2168 θρηνούντων
2621 2101 2920 2170 ποιμένων,
2964 2102 3043 2154 ὅτι
3080 2101 3557 2174 τεταλαιπώρηκεν
3589 2105 3622 2174 ή

2070 2190 2422 2260 μεγαλωσύνη
2468 2191 2646 2244 αὐτῶν
2665 2208 2679 2221 ·
2711 2193 2862 2262 φωνὴ
2903 2191 3238 2263 ὀδυρομένων
3266 2192 3512 2255 λεόντων,
3542 2194 3624 2246 ὅτι

2064 2280 2510 2352 τεταλαιπώρηκε
2539 2283 2599 2335 τὸ
2625 2282 2888 2353 φρύαγμα
2908 2283 3000 2335 τοῦ
3040 2284 3320 2355 Ἰορδάνου.
3356 2304 3374 2336 ι
3412 2285 3624 2357 Ἐπειδὴ

2065 2372 2172 2442 γάρ
2205 2368 2355 2426 εἶπεν
2379 2373 2482 2439 ὅτι,
2514 2373 2850 2444 Πανταχόθεν
2881 2374 3076 2438 αὐτοὺς
3117 2375 3247 2440 ἄξω,
3286 2377 3395 2429 ἀπό
3431 2394 3490 2429 τε
3517 2378 3615 2447 τῆς

2065 2462 2372 2531 Αἰγύπτου,
2416 2463 2508 2516 καὶ
2541 2465 2646 2517 ἀπὸ
2685 2464 2785 2534 τῆς
2846 2465 3142 2534 Ἀσσυρίων
3176 2466 3378 2538 χώρας,
3413 2470 3504 2520 καὶ
3542 2470 3623 2521 ὅτι

2069 2554 2293 2624 μηδενὸς
2321 2554 2399 2608 ἔτι
2434 2555 2851 2626 πειραθήσονται
2878 2557 3140 2622 τοιούτου,
3175 2558 3480 2622 ἀκολούθως
3512 2559 3622 2611 λοι-

2064 2645 2164 2698 πὺν
2194 2647 2285 2698 ἐπὶ
2307 2647 2432 2712 τοὺς
2462 2647 2784 2718 κατέχοντας
2812 2649 2998 2720 τρέπει
3027 2650 3118 2702 τὸν
3146 2649 3320 2718 λόγον,
3350 2650 3505 2704 τοῦτο
3538 2650 3624 2703 λέ-

2063 2754 2206 2806 γων·
2233 2739 2295 2791 Οἱ
2329 2739 2550 2808 μεγάλοι
2591 2741 2684 2793 κα)⁵
2711 2741 2865 2812 δίκην
2910 2741 3002 2794 τοῦ
3033 2741 3265 2796 Λιϐάνου
3298 2741 3374 2811 τῷ
3407 2742 3622 2812 μεγέθει

2066 2830 2446 2900 σεμνυνόμενοι
2467 2831 2574 2884 τῶν
2611 2831 2814 2901 κέδρων
2833 2873 2847 2898 ,
2875 2832 2973 2902 τὴν
3013 2835 3165 2902 ίσχὺν
3194 2833 3624 2902 ἐπιδεικνύμενοι

407 2924 756 2980 familiarium
809 2940 1052 2981 meorum
1101 2927 1523 2997 oppugnatione,
1571 2927 1726 2997 quasi
1777 2933 1965 2996 portas

2066 2922 2162 2992 τὴν
2191 2923 2414 2986 οἰκείαν,
2449 2924 2782 2986 ἀποστάντες
2807 2924 2900 2977 τοῦ
2929 2924 3007 2977 ἔτι
3045 2924 3310 2994 μάχεσθαι
3356 2926 3466 2986 τοῖς
3501 2923 3622 2993 ἐμοὶ

405 3016 668 3084 quasdam
696 3015 830 3070 ﬁnes
855 3026 1063 3071 vestros
1087 3017 1325 3086 pandite.
1347 3017 1558 3071 cunctis
1584 3017 1808 3072 liberum
1833 3031 1963 3071 con-

2068 2989 2460 3086 προσήκουσιν,
2493 3015 2681 3087 ὥσπερ
2707 3017 2858 3080 τινάς
2891 2989 3058 3087 θύρας
3101 2989 3345 3079 ἀνοίξατε
3386 3017 3454 3069 τά
3494 2989 3620 3068 ἐαυ-

405 3108 658 3162 cedentes
692 3121 721 3160 a
757 3107 908 3162 vobis
937 3108 990 3160 in
1015 3109 1244 3176 patriam
1264 3109 1587 3171 discessum,
1643 3111 1960 3179 priusquam

405 3201 544 3269 ignis
584 3199 757 3254 instar
799 3199 934 3253 ultio
962 3214 1078 3253 mea
1111 3208 1359 3268 potentes
1393 3210 1604 3255 vestros
1639 3208 1960 3263 consumat;

402 3299 458 3346 et
479 3289 687 3343 ululare
709 3296 870 3358 cogat
897 3288 1245 3351 inlirmiores,
1270 3287 1396 3342 dum
1425 3289 1720 3359 potentium
1750 3288 1961 3342 ruinam

405 3383 608 3438 vident.
653 3380 744 3436 Sic
790 3382 934 3435 enim
983 3380 1293 3452 signiﬁcat:
1332 3397 1350 3430 ι
1393 3379 1572 3435 Ululet
1615 3381 1797 3449 pinus,
1837 3381 1963 3450 quia

403 3476 598 3532 cecidit
639 3473 897 3530 cedrus.»
940 3472 1073 3527 Nam
1101 3481 1394 3543 conspecta
1436 3475 1737 3542 potentium
1780 3474 1961 3539 ruina,

402 3567 472 3624 de
503 3583 563 3624 se
588 3568 741 3638 ipsis,
771 3575 829 3620 ut
867 3582 965 3636 par
988 3573 1093 3630 est,
1119 3564 1505 3636 desperabunt.
1545 3565 1722 3635 Eque
1775 3579 1964 3619 omnes

403 3657 496 3726 qui
527 3655 706 3727 aliqua
735 3653 1109 3725 gloriabuntur
1144 3654 1382 3724 potentia
1429 3654 1736 3715 ululabunt,
1774 3652 1966 3706 viden-

405 3757 487 3804 tes
508 3747 689 3818 papuli
725 3748 811 3801 sui
842 3745 1241 3801 multitudinem
1276 3757 1526 3814 tanquam
1557 3744 1827 3798 consitum
1862 3743 1966 3798 sal-

405 3850 517 3895 tum
569 3848 855 3904 vastatam,
913 3839 1054 3910 ignis
1104 3839 1278 3894 instar
1327 3837 1610 3907 ingruente
1655 3836 1734 3890 eis
1780 3835 1962 3888 divina

403 3935 704 4004 punitione.
733 3931 867 3986 Nam
901 3932 1170 4002 principes
1202 3931 1369 3986 vestri
1399 3933 1453 3984 in
1481 3930 1627 3983 luctu
1655 3935 1834 3989 erunt,
1869 3927 1962 3996 qui

405 4025 541 4081 meis
572 4023 930 4079 failiiliaribus
967 4024 1166 4078 bellum
1199 4023 1434 4076 indicere
1462 4021 1598 4074 ausi-
1623 4026 1770 4080 sunt.
1807 4033 1964 4073 suas-

401 4133 509 4190 que
535 4131 726 4172 omnes
755 4115 897 4168 vires
919 4113 1164 4168 succisas
1194 4113 1474 4166 videbunt.
1500 4109 1964 4165 Lamentabuntur

404 4226 552 4276 vero,
579 4208 732 4280 quasi
759 4208 944 4262 leones
964 4205 1192 4274 quisuis
1214 4202 1554 4256 conlidebant
1577 4200 1802 4264 viribus,
1831 4199 1961 4253 dum

401 4311 631 4359 cunctos
664 4297 884 4355 miseria
913 4310 1131 4367 pressos
1160 4294 1317 4366 34],
1356 4294 1618 4388 videbunt
1643 4293 1735 4362 qui
1767 4292 1960 4388 adver-
1992 4334 2034 4388 Β

401 4410 498 4450 sus
526 4392 817 4448 Iordanem
838 4386 1241 4457 superbiebant.
1267 4385 1395 4436 Nam
1418 4387 1543 4450 quia
1570 4381 1833 4437 Jordanes
1859 4381 1957 4435 ﬁu-

402 4486 522 4539 vius
545 4500 673 4554 pars
699 4481 895 4537 Judaaa:
923 4487 1060 4544 erat,
1082 4484 1504 4532 commemorato
1522 4475 1757 4530 Jordane
1789 4477 1960 4545 regio-

402 4589 523 4629 nem
577 4574 944 4627 lsraelitarum
989 4569 1258 4640 signiﬁcat
1307 4568 1598 4637 propheta:
1656 4577 1768 4622 tum
1828 4569 1956 4637 quia

405 4664 736 4719 Hierusalem
784 4663 840 4716 in
885 4669 1120 4715 veterem
1153 4659 1468 4714 restituetur
1515 4661 1952 4728 prosperitatem,

404 4755 612 4812 reddito
634 4753 777 4823 genti
803 4750 1105 4805 sacerdotio
1127 4766 1190 4804 ac
1216 4764 1380 4820 regno
1403 4766 1418 4816 ;
1445 4757 1558 4803 tum
1579 4751 1704 4819 quia
1730 4751 1959 4820 populus

405 4849 764 4916 undequaque
791 4844 1246 4913 congregabitur;
1298 4852 1411 4897 tum
1443 4844 1568 4912 quia
1593 4842 1827 4912 denique
1871 4859 1963 4897 eo-

406 4955 521 4993 rum
546 4938 732 4993 hostes
758 4933 944 5006 puniet
974 4935 1133 4998 Deus,
1158 4935 1281 4989 etin
1307 4935 1662 5004 plurimorum
1695 4937 1959 4989 bonorum

403 5032 555 5102 cepia
607 5044 738 5085 suos
791 5026 1105 5082 constituet.
1153 5026 1294 5091 Quin
1344 5027 1478 5081 adeo
1523 5026 1841 5081 Zorobabeli
1895 5026 1961 5080 ad

403 5142 625 5197 regnum
653 5126 828 5181 electo
857 5120 1121 5176 maximas
1149 5119 1518 5188 suppeditabit
1550 5121 1711 5185 vires,
1762 5120 1962 5190 quibus

403 5219 564 5274 validi
596 5220 828 5274 evadent
855 5226 1044 5272 contra
1067 5213 1272 5274 hostes,
1303 5212 1587 5267 devincent
1618 5221 1794 5268 autem
1824 5213 1956 5283 Gegi

401 5314 698 5368 exercitum
728 5306 1176 5364 innumerabilem
1207 5311 1260 5358 et
1288 5313 1445 5359 antea
1482 5305 1758 5360 invictum.
1785 5307 1960 5375 Atque

403 5415 461 5458 ut
507 5403 694 5474 paucis
738 5401 940 5462 dicam,
983 5399 1194 5454 cunctis
1227 5412 1348 5467 qua
1392 5395 1654 5450 hactenus
1683 5397 1819 5451 dixit
1867 5397 1961 5450 de-

401 5497 648 5555 claravit,
677 5499 915 5560 quantus
949 5490 1160 5546 futurus
1186 5491 1256 5546 sit
1284 5487 1645 5544 lsraelitarum
1680 5488 1732 5542 in
1765 5488 1960 5544 melius

400 5595 740 5652 progressus.

2063 3105 2190 3167 τῶν,
2222 3108 2386 3160 πᾶσιν
2431 3108 2559 3178 ἀδεῆ
2607 3106 2937 3178 παρέχοντες
2964 3109 3061 3179 τὴν
3105 3109 3196 3176 ἀφ’
3229 3109 3380 3178 ὑμῶν
3415 3107 3623 3176 ἀναχώ-

2065 3197 2221 3268 ρησίν
2253 3215 2311 3250 τε
2344 3199 2436 3252 καὶ
2478 3199 2734 3253 ἐπάνοδον
2780 3201 2860 3261 είς
2892 3201 2958 3253 τά
2991 3203 3185 3264 οἰκεῖα,
3220 3203 3294 3269 (p.
3331 3201 3454 3267 507)
3494 3201 3622 3269 πρὶν

2025 3313 2030 3320 ι
2062 3289 2094 3358 ἢ
2126 3289 2293 3356 πυρὸς
2326 3289 2422 3359 μὲν
2449 3289 2602 3360 δίκην
2634 3291 2732 3361 τὴν
2766 3291 2904 3360 ἐμήν
2931 3292 3202 3362 τιμωρίαν
3238 3292 3363 3354 τοὺς
3402 3293 3458 3342 ὲν
3496 3293 3623 3360 ὑμῖν

2062 3382 2317 3450 ἀφανίσαι
2341 3381 2628 3446 δυνατοὺς,
2655 3381 2923 3446 ὀλολύζειν
2954 3382 3009 3435 δὲ
3046 3383 3173 3444 τοὺς
3205 3382 3624 3451 ἀσθενεστέρους

2063 3475 2303 3546 ὁρῶντας
2346 3474 2452 3527 τῶν
2479 3473 2718 3527 δυνατῶν
2755 3475 2854 3543 τὴν
2881 3474 3103 3527 πτῶσιψ
3136 3475 3292 3527 τοῦτο
3319 3475 3425 3545 γὰρ
3454 3474 3619 3541 λέγει,

2061 3585 2078 3616 ι
2103 3565 2431 3634 Ὀλολυξάτω
2441 3564 2752 3630 πίτυς,διότι
2770 3565 3023 3618 πέπτωκε
3043 3565 3248 3636 κέδρος.
3264 3566 3621 3636 »Θεασάμενοι

2061 3653 2168 3724 γὰρ
2204 3655 2300 3725 τὴν
2335 3655 2441 3709 τῶν
2484 3655 2722 3708 δυνατῶν
2763 3656 3065 3720 ἀπώλειαν,
3107 3655 3510 3725 ἀπογνώσονται
3547 3658 3622 3719 ὡς

2061 3746 2206 3810 είκὸς
2236 3746 2474 3800 ἑαυτῶν·
2519 3747 2611 3800 καὶ
2644 3746 2844 3810 πάντες
2871 3749 2922 3801 oi
2957 3748 3048 3801 ὲπί
3081 3766 3184 3802 τινι
3228 3749 3450 3818 δυνάμει
3481 3747 3621 3816 μέγα

2063 3837 2382 3909 φρονοῦντες
2428 3839 2763 3904 ὀλολύξουσιν
2782 3880 2796 3903 ,
2827 3838 3058 3910 ὁρῶντες
3087 3839 3148 3891 τὸ
3178 3841 3376 3893 οἰκεῖον
3421 3837 3621 3905 πλῆθος

2060 3929 2256 3982 ὡσανεὶ
2293 3929 2567 4000 σύμφυτον
2593 3931 2795 4001 δρυμὸν
2825 3913 3234 4000 ἀφανιζόμενον,
3269 3931 3422 3999 δίκην
3452 3928 3620 3999 πυρὸς

2061 4022 2454 4092 ὲπιπιπτούσης
2508 4023 2688 4085 αὐτοῖς
2732 4026 2831 4093 τῆς
2874 4022 3022 4086 θείας
3069 4022 3366 4093 τιμωρίας’
3413 4022 3621 4073 ἔσονται

2065 4113 2161 4182 μὲν
2189 4113 2294 4181 γάρ
2317 4115 2364 4165 oi
2391 4113 2708 4182 ἐξάρχοντες
2740 4114 2892 4184 ὑμῶν
2921 4117 2977 4167 ὲν
3005 4114 3242 4184 θρήνοις,
3269 4112 3620 4166 ἀνθίστασθαι

2061 4203 2139 4256 ἔτι
2163 4206 2273 4266 τοῖς
2296 4204 2417 4273 ἐμοὶ
2438 4205 2771 4275 προσήκουσι
2794 4205 3117 4274 τολμῶντες,
3150 4204 3381 4273 ὁρῶντες
3407 4203 3621 4256 ἃπασαν

2063 4293 2239 4346 αὐτῶν
2268 4292 2366 4363 τὴν
2395 4293 2546 4362 ἰσχὺν
2574 4293 2976 4363 ἀπολλυμένην·
3011 4293 3334 4364 θρηνήσουσι
3363 4292 3417 4344 δὲ
3448 4291 3542 4342 καὶ
3571 4292 3619 4340 oi

2062 4384 2289 4438 λεόντων
2326 4383 2479 4454 δίκην
2515 4387 2580 4454 τῇ
2624 4383 2800 4455 οἰκείᾳ
2837 4383 3154 4446 πεποιθότες
3189 4382 3361 4451 ίσχύῖ,
3413 4381 3624 4443 πάντας

2062 4478 2293 4550 ὁρῶντες
2325 4478 2381 4530 έν
2420 4475 2810 4547 ταλαιπωρίαις
2839 4476 2996 4538 ὄντας
3027 4476 3150 4537 τοὺς
3185 4476 3324 4543 μέγα
3353 4489 3621 4541 πεφρονη-

2061 4573 2224 4634 κότας
2255 4571 2395 4624 κατά
2425 4571 2518 4623 τοῦ
2575 4570 2855 4641 Ἰορδάνου.
2906 4568 3118 4639 Ἐπειδὴ
3163 4566 3271 4636 γὰρ
3308 4565 3470 4636 μέρος
3519 4563 3619 4630 τῆς

2074 4663 2325 4724 Ἰουδαίας
2352 4658 2419 4733 ἦν
2444 4664 2473 4714 6
2509 4662 2774 4732 Ἰορδάνης
2803 4660 3064 4729 ποταμὸς,
3087 4658 3195 4713 ἀπὸ
3220 4659 3315 4726 τῆς
3338 4655 3428 4708 τοῦ
3458 4671 3621 4707 ποτα-

2067 4756 2165 4827 μού
2197 4756 2408 4826 μνήμης
2434 4754 2529 4825 τὴν
2554 4753 2733 4823 χώραν
2758 4753 2865 4806 τῶν
2905 4749 3252 4822 Ἰσραηλιτῶν
3274 4746 3566 4816 δεδήλωκεν
3590 4744 3620 4796 6

2059 4846 2375 4917 προφήτης·
2417 4845 2499 4898 ὅτι
2535 4861 2594 4897 τε
2630 4846 2665 4915 ή
2724 4842 3076 4914 Ἰερουσαλὴμ
3118 4844 3197 4903 είς
3243 4840 3340 4908 τὴν
3388 4835 3620 4890 παλαιὰν

2059 4937 2631 5007 ἀποκατασταθήσεται
2657 4935 2980 5006 εὐπραγίαν,
3009 4932 3362 4999 ἀποδοθείσης
3395 4930 3491 5000 μὲν
3519 4929 3619 4999 τῆς

2058 5049 2115 5084 τε
2145 5029 2438 5100 ἱερωσύνης
2462 5029 2553 5082 καὶ
2585 5029 2682 5098 τῆς
2723 5045 2779 5081 τε
2809 5028 3080 5097 βασιλείας
3110 5025 3187 5095 τῷ
3221 5024 3382 5088 ἔθνει,
3410 5025 3622 5075 ἐπισυν-

2059 5122 2311 5193 αχθέντος
2333 5121 2390 5175 δὲ
2421 5120 2516 5174 τοῦ
2548 5120 2677 5173 λαοῦ
2715 5119 3042 5188 πανταχόθεν
3067 5135 3082 5149 ⁸
3139 5118 3230 5171 καὶ
3264 5118 3346 5170 ὅτι
3372 5117 3618 5186 τιμωρή-

2061 5231 2210 5268 σεται
2244 5215 2341 5286 μὲν
2369 5215 2546 5268 αὐτῶν
2581 5215 2705 5276 τοὺς
2735 5213 2957 5283 ἐχθροὺς
2984 5215 3011 5265 6
3043 5211 3200 5274 Θεὸς,
3231 5213 3287 5264 ὲν
3315 5209 3533 5277 ἀγαθῶν
3561 5209 3619 5260 δὲ

2060 5307 2322 5360 πλείστων
2367 5306 2594 5377 ἀφθονίᾳ
2639 5306 2966 5373 καταστήσει
3010 5303 3256 5367 τούτους.
3320 5302 3477 5355 Ἀλλά
3527 5303 3619 5355 καὶ

2058 5398 2139 5450 ὅτι
2177 5396 2253 5466 τῷ
2295 5396 2594 5467 Ζοροὸάδελ
2635 5396 2768 5466 πρὸς
2805 5394 2903 5463 τὴν
2947 5393 3222 5462 βασιλείαν
3263 5391 3621 5460 ἐξειλεγμένῳ

2061 5487 2314 5556 πλείστην
2351 5486 2474 5540 τινὰ
2521 5485 2742 5556 παρέξει
2777 5486 2872 5554 τὴν
2921 5485 3119 5556 ῥοπὴν,
3169 5485 3261 5553 ἀφ’
3299 5480 3366 5554 ἧς
3411 5483 3620 5553 ἰσχυροὶ

2067 5578 2163 5649 μὲν
2212 5578 2422 5632 ἔσονται
2456 5575 2595 5630 κατὰ
2621 5576 2728 5629 τῶν
2768 5575 3052 5639 ἐναντίοιν,
3090 5578 3533 5646 περιγενήσονται
3564 5573 3622 5626 δὲ

399 5675 491 5727 καὶ
526 5674 636 5729 τῶν
682 5674 811 5744 περὶ
860 5672 953 5726 τὸν
1004 5673 1125 5740 Γὼγ
1172 5673 1558 5745 ἀναριθμήτων
1594 5690 1655 5725 τε
1697 5672 1862 5726 ὄντων
1907 5676 2000 5727 καὶ
2043 5674 2445 5744 ἀμαχωτάτων·
2480 5671 2573 5726 καὶ¹
2604 5669 2878 5740 συντόμως
2910 5671 3082 5723 εἰπεῖν
3117 5668 3207 5725 διὰ
3251 5669 3465 5725 πάντων
3514 5665 3623 5722 τῶν

397 5767 815 5838 προρρηθέντων
844 5763 1136 5837 ἐγνώρισεν
1164 5765 1371 5837 ὁπόσην
1406 5766 1497 5820 ἐπὶ
1525 5765 1584 5819 τὸ
1621 5767 1863 5837 κρεῖττον
1892 5767 1958 5822 τά
1989 5767 2106 5821 κατ’
2139 5766 2332 5829 αὐτοὺς
2360 5763 2585 5833 λήψεται
2611 5762 2707 5835 τὴν
2737 5761 2991 5818 ἐπίδοσιν.
