3992 6232
1347 250 1891 315 COMMENTARIUS
1916 256 1985 315 IN
2020 259 2390 321 ZACHARIE
2426 263 2580 321 CAP.
2626 264 2715 322 XI.

3512 272 3618 332 επ

485 355 702 454 Ἐπειδὴ
831 361 931 416 ούκ
973 357 1034 419 εὗ
1070 365 1368 438 ἐχρήσαντο
1402 358 1642 429 ἰουδατοι
1675 378 1743 447 τῇ
1784 394 1845 432 τε
1875 377 1951 431 εὐ-

2137 379 2241 437 Scd
2271 382 2399 454 quia
2438 381 2608 437 Judaei
2643 398 2751 438 non
2784 382 2921 439 bene
2949 383 3033 439 usi
3065 391 3196 439 sunt
3245 382 3501 440 felicitate
3553 400 3615 439 ac

401 448 615 521 πραγίᾳ
658 451 750 505 καὶ
792 455 858 523 τῇ
905 454 1097 529 εἰρήνῃ
1132 454 1200 529 ἦς
1228 460 1320 515 ἐπὶ
1352 462 1599 519 πλεῖστον
1626 466 1961 532 ἀπέλαυσαν,

401 538 632 629 t508)
682 543 1105 616 μεταϐαλόμενοι
1133 566 1191 602 τε
1237 552 1482 607 ἐντεῦθεν
1509 556 1645 627 πρὸς
1689 558 1752 611 τὸ
1786 561 1962 629 χεῖρον

401 625 690 718 έξώκειλαν
712 668 727 694 ,
779 631 916 701 πρὸς
955 634 1260 692 τούναντίον
1304 640 1400 710 μὲν
1445 625 1624 709 αὐτοῖς
1666 625 1963 718 ἐκϐέϐηκεν

402 716 615 806 ἅπαντα
639 733 653 749 ·
701 720 878 793 πολλῆς
911 722 967 776 δέ
999 741 1081 789 τις
1113 728 1350 799 ἀκοσμία
1382 733 1475 786 καὶ
1504 733 1759 806 σύγχυσις
1784 716 1959 792 αὐτῶν

401 804 689 899 κατείληφε
710 808 770 860 τὸ
790 808 959 876 ἔθνος,
982 811 1077 867 ἅτε
1105 816 1211 869 τῶν
1230 818 1407 889 νόμων
1430 804 1809 894 ἀμελουμένων
1832 830 1961 899 παρ’

400 895 582 960 αὐτοῖς
611 898 716 951 τῶν
746 898 904 956 θείων
922 920 936 936 ·
966 904 1095 958 ένιοι
1121 908 1229 980 γὰρ
1256 911 1363 964 τῶν
1393 912 1790 987 ὑποδεεστέρων
1822 895 1961 992 πρδς

401 986 524 1081 τοῦς
536 988 828 1081 ἀρχιερέας
850 993 943 1047 καὶ
966 996 1295 1068 ἡγουμένους
1313 1001 1405 1055 τοῦ
1426 1003 1553 1057 λαοῦ
1582 986 1798 1072 παντὸς,
1824 986 1959 1081 μετὰ

398 1075 600 1147 πολλῆς
644 1096 703 1131 τε
735 1079 1013 1149 διέποντας
1057 1087 1216 1141 αὑτὸν
1264 1090 1361 1160 τῆς
1394 1093 1674 1163 ἀκριϐείας
1696 1137 1711 1163 ,
1761 1075 1835 1153 ὲκ*
1865 1100 1959 1154 τοῦ

399 1166 534 1259 πρὸς
661 1173 840 1242 χεῖρον
880 1175 1087 1246 ῥέπειν,
1120 1177 1272 1234 αὐτοὶ
1313 1182 1662 1257 διηνέχθησαν
1690 1187 1765 1253 ώς
1793 1191 1955 1259 εἰκὸς,

399 1255 501 1358 διαὶ
715 1264 835 1358 κατ’
866 1265 1045 1358 αὐτῶν
1092 1270 1423 1341 ἰσχύσαντες,
1471 1255 1560 1332 aut
1583 1280 1681 1351 τὴν
1705 1285 1851 1356 παρά
1879 1255 1958 1358 ei};

396 1343 509 1441 λαῷ
536 1346 693 1441 δόξαν
716 1350 826 1441 τῶν
859 1353 1083 1425 ἀνδρῶν,
1127 1359 1217 1414 ἐπὶ
1242 1363 1367 1427 τοὺς
1393 1343 1648 1434 βασιλέας
1670 1343 1957 1441 ἐληλύθασι

393 1438 526 1536 ¹ἰοὺς
566 1440 631 1491 ἐκ
673 1439 1200 1536 τῆς-Μακεδονικῆς
1240 1450 1483 1526 διαδοχῆς
1526 1458 1636 1512 τῶν
1670 1438 1811 1515 κατά
1858 1465 1958 1536 τῆν

397 1526 594 1623 Συρίαν
618 1532 951 1600 κρατοῦντας
978 1537 1180 1611 μερῶν,
1212 1543 1304 1596 καί⁵
1332 1548 1741 1617 παρεσκεύασαν
1776 1554 1873 1623 μὲν
1898 1526 1956 1609 έν

396 1619 657 1717 κινδύνοις
686 1623 811 1717 τοῦς
846 1627 1180 1699 ἡγουμένους
1222 1636 1400 1690 αὐτῶν
1431 1640 1717 1708 γενέσθαι,
1760 1619 1957 1717 ἀνδρας

396 1711 640 1782 νομίμως
667 1732 725 1768 τε
759 1716 1132 1788 ἱερατεύοντας
1163 1726 1255 1778 καὶ
1276 1726 1509 1798 δοκίμως
1529 1746 1543 1759 ·
1587 1711 1871 1802 μεθίστατο
1897 1736 1953 1790 δὲ

398 1802 467 1893 τά
492 1804 588 1876 τῆς
599 1804 1000 1883 ἀρχιερωσύνης
1026 1815 1106 1877 εἰς
1130 1815 1344 1889 ἑτέρους
1370 1820 1520 1891 παρὰ
1544 1822 1643 1893 τὴν
1669 1823 1775 1879 τῶν
1796 1825 1954 1883 θείων

397 1890 573 1960 νόμων
605 1894 937 1964 ἀκολουθίαν,
982 1902 1123 1956 κατά
1149 1904 1211 1957 τὸ
1252 1909 1363 1971 τοῖς
1409 1890 1683 1979 βασιλεῦσι
1728 1915 1914 1970 δοκοῦν
1936 1934 1950 1948 ·

394 1980 446 2033 οἶ
476 1986 755 2056 μονονουχὶ
781 1990 1084 2057 πωλοῦντες
1114 1994 1175 2049 τὸ
1212 1996 1363 2062 ἔθνος
1390 2004 1500 2066 τοῖς
1535 2004 1830 2075 βασιλεῦσι,
1860 2009 1954 2065 καὶ

391 2076 688 2169 χρημάτων
728 2080 878 2151 παρά
908 2082 969 2135 τὸ
1013 2085 1128 2140 δέον
1154 2087 1251 2160 την
1291 2095 1619 2163 προστασίαν
1661 2098 1952 2169 ὠνούμενοι

388 2162 483 2215 τοῦ
528 2163 680 2229 λαοῦ,
727 2169 951 2227 πλείστα
985 2175 1083 2244 μὲν
1122 2178 1222 2232 ὅσα
1268 2162 1643 2255 διεπράττοντο
1670 2162 1848 2256 κακά,
1894 2194 1952 2247 ἐν

389 2256 631 2330 ἀκοσμίᾳ
660 2259 716 2313 δὲ
741 2262 835 2316 καὶ
864 2267 1117 2337 συγχύσει
1148 2256 1415 2329 καθίστων
1436 2277 1649 2334 ἅπαντα
1670 2282 1760 2337 τὸν
1788 2282 1915 2339 λαόν
1934 2301 1949 2319 ο

388 2436 738 2528 ἀντεισὴγετο
763 2439 819 2493 δὲ
847 2442 1040 2508 ἀταξία
1066 2463 1125 2500 τε
1149 2449 1243 2501 καὶ
1267 2450 1328 2503 τὸ
1356 2453 1489 2523 πρὸς
1516 2436 1819 2513 τούναντίον
1838 2464 1950 2528 τοῖς

389 2525 553 2619 θείοις
602 2529 784 2601 νόμοις
827 2533 1039 2591 ἅπαντα
1083 2538 1361 2608 γίγνεσθαι
1388 2560 1402 2573 ’
1456 2545 1596 2618 ὑπὲρ
1638 2548 1702 2619 δὴ
1748 2525 1951 2606 τούτων

387 2615 641 2670 ἁπάντων
675 2622 887 2691 μυρίοις
915 2626 1014 2694 μὲν
1043 2627 1187 2692 ὅσοις
1218 2615 1648 2707 περιεϐλήθησαν
1690 2615 1807 2704 τοῖς
1846 2657 1949 2695 κα-

388 2710 507 2802 κοῖς
539 2709 806 2802 Ἰουδαῖοι·
833 2714 941 2768 τῶν
963 2718 1337 2778 Μακκαϐαίων
1361 2724 1415 2777 δὲ
1444 2726 1507 2779 ἐκ
1536 2726 1630 2780 τοῦ
1662 2728 1737 2799 μὴ
1764 2730 1949 2802 φέρειν

388 2796 489 2893 την
520 2800 646 2893 περί⁵
680 2802 747 2893 τὰ
793 2803 913 2859 θεῖα
949 2807 1343 2879 πλημμέλειαν,
1374 2816 1507 2886 μηδὲ
1538 2796 1950 2893 ἀνεκτδννὴγεῐ-

390 2886 517 2983 σθαι
542 2890 849 2983 ἡσυχάζειν,
895 2895 973 2969 (p.
1000 2899 1123 2970 509)
1166 2901 1307 2957 οὕτω
1338 2905 1437 2974 μὲν
1464 2886 1948 2983 παραϐαινομένων

386 2978 499 3032 τῶν
525 2980 707 3075 νόμων
728 2984 908 3054 θείων,
928 2990 1191 3065 τοσαύτης
1217 2994 1272 3048 δὲ
1305 2978 1556 3063 ἀσεϐείας
1579 2978 1947 3075 ἀντεισαχθεί-

391 3087 493 3142 σης
527 3089 588 3125 τε
628 3074 723 3128 καὶ
753 3076 1183 3153 πολιτευομένης,
1215 3086 1273 3137 ὲν
1303 3088 1485 3152 αὐτοῖς
1526 3089 1618 3145 τὸν
1654 3074 1948 3163 πρὸςίτοὺς

388 3165 763 3259 Μακεδονικῆς
796 3169 1043 3245 διαδοχῆς
1077 3174 1329 3245 βασιλέας
1361 3180 1593 3252 πόλεμον
1622 3185 1949 3259 ἀναδεξαμέ-

388 3262 515 3350 νων..
542 3256 640 3311 οὐκ
664 3258 830 3326 ὀλίγοι
858 3263 999 3328 τινὲς
1027 3265 1134 3319 τῶν
1170 3269 1249 3331 εἰς
1275 3270 1335 3323 τὸ
1361 3270 1509 3336 ἔθνος
1530 3275 1823 3331 τελούντων
1848 3256 1948 3350 τὴν

387 3344 612 3442 ἐκείνων
642 3347 979 3420 ζηλώσαντες
1005 3355 1228 3429 γνώμην
1256 3361 1616 3434 ἐκοινώνησαν
1654 3368 1747 3421 τοῦ
1775 3344 1946 3442 προρ-

389 3436 645 3530 ρηθὲντος
678 3442 906 3514 πολέμου
928 3461 943 3476 ’
980 3448 1071 3500 καὶ
1099 3448 1282 3518 γέγονε
1318 3454 1414 3521 μὲν
1437 3456 1562 3526 περί
1590 3473 1649 3510 τε
1676 3458 1772 3530 τὴν
1798 3436 1950 3515 πόλιν

389 3528 485 3623 καὶ
509 3530 601 3584 τὸν
620 3532 746 3588 ναὸν
772 3534 862 3589 τοῦ
888 3536 1045 3603 Θεοῦ,
1074 3542 1165 3595 καὶ
1186 3544 1293 3595 πᾶν
1321 3544 1383 3615 δὴ
1410 3546 1470 3599 τὸ
1494 3547 1642 3613 ἔθνος
1670 3528 1947 3623 συντόμως

387 3622 562 3675 εἰπεῖν
589 3623 757 3695 μυρία
780 3626 879 3680 ὅσα
907 3630 1057 3701 παρὰ
1076 3630 1183 3684 τῶν
1210 3634 1533 3689 Μακεδόνων
1563 3639 1729 3705 κακὰ,
1751 3640 1787 3694 ἀ
1810 3622 1945 3712 μηδὲ

390 3714 570 3785 ῥᾴδιον
599 3717 769 3771 εἰπεῖν
792 3735 806 3750 ·
860 3720 1078 3787 ἐδέξατο
1114 3724 1172 3777 δὲ
1197 3725 1366 3780 ταῦτα
1391 3727 1686 3800 διόρθωσιν,
1713 3734 1945 3803 ὁπηνίκα

387 3804 521 3869 Θεὸς
562 3810 627 3879 τῇ
658 3808 848 3882 γνώμῃ
889 3813 995 3866 τῶν
1026 3816 1151 3885 περὶ
1173 3816 1264 3871 τὸν
1296 3819 1649 3875 Μακκαϐαἶον
1675 3823 1943 3895 ἀρεσθεὶς,

390 3896 661 3987 παρέσχεν
702 3901 883 3965 αὐτοῖς
932 3903 1033 3974 τὴν
1086 3906 1290 3961 οἰκείαν
1338 3909 1514 3980 ῥοπήν
1538 3927 1552 3941 ·
1612 3910 1753 3966 ὥστε
1795 3915 1947 3987 παρά

390 3989 570 4038 πᾶσαν
595 3986 782 4042 ἐλπίδα
811 3994 1217 4062 κεκρατηκότας
1253 3996 1491 4060 ἐκείνους
1524 3998 1633 4051 τῶν
1663 3986 1945 4069 βασιλέων,

388 4078 566 4131 καίτοι
628 4096 691 4148 γε
753 4083 1148 4156 εὐαριθμήτους
1198 4087 1360 4151 ὄντας
1413 4089 1506 4142 καὶ
1564 4091 1697 4163 πρὸς
1751 4092 1949 4166 πολλὴν

384 4169 613 4242 δύναμιν
638 4174 993 4243 μαχομένους,
1021 4177 1309 4249 δυνηθῆναι
1337 4180 1435 4252 τὴν
1458 4181 1769 4253 πρέπουσαν
1792 4186 1950 4241 εὐκο-

390 4264 557 4335 σμίαν
576 4266 867 4321 ἀποδοῦναι
888 4268 965 4338 τῷ
994 4267 1151 4323 ἔθνει.
1171 4272 1599 4340 Ἀναγκαιότατα
1628 4274 1690 4345 δὴ
1716 4277 1808 4329 καὶ
1829 4278 1951 4331 τού-

1973 3040 2020 3104 C

2062 486 2196 542 pace
2225 488 2333 544 qua
2359 474 2452 529 diu
2488 473 2638 529 fruiti
2671 481 2848 540 erant,
2877 482 2930 529 et
2956 475 3080 530 inde
3107 475 3292 530 animo
3321 482 3529 529 mutato
3549 474 3614 527 ad

2062 563 2251 618 vitium
2280 563 2630 632 deﬂexerant,
2663 565 2717 620 in
2749 566 3079 621 contrarium
3100 565 3181 621 eis
3214 577 3407 631 cuncta
3434 580 3617 621 cesse-

2063 663 2217 723 runt;
2277 658 2552 728 multaque
2607 658 2944 728 perturbatio
2992 665 3047 713 et
3094 657 3347 727 confusio
3400 665 3615 727 gentem

2060 746 2300 816 ipsorum
2337 749 2653 818 occupavit,
2705 748 2905 804 divinis
2937 748 3193 803 nimirum
3236 748 3447 818 legibus
3471 751 3613 818 apud

2058 851 2154 892 eos
2180 839 2451 909 neglectis.
2495 837 2752 895 Nonnulli
2781 840 2926 895 enim
2952 839 3260 894 humilioris
3284 839 3613 893 conditionis

2059 926 2329 991 homines,
2391 930 2655 985 adversus
2711 930 2995 1001 pontiﬁces
3036 936 3090 984 et
3128 930 3311 1000 papuli
3370 929 3611 984 universi

2058 1019 2245 1082 duces.
2294 1035 2455 1089 quem
2490 1022 2637 1076 omni
2668 1038 2792 1078 cum
2831 1022 3108 1093 diligentia
3139 1020 3612 1085 administrabant,

2057 1117 2277 1179 prapter
2321 1125 2473 1166 suam
2515 1128 2737 1183 pravam
2773 1113 2965 1185 agendi
3000 1113 3265 1169 rationem
3294 1112 3613 1167 inimicitias

2055 1211 2434 1271 susceperunt,
2469 1212 2526 1258 ut
2561 1219 2792 1275 pronum
2828 1204 2974 1260 factu
3003 1216 3152 1274 erat;
3217 1204 3419 1276 quibus
3485 1216 3613 1259 cum

2054 1291 2344 1360 praevalere
2393 1307 2503 1347 non
2544 1301 2787 1363 possent,
2845 1302 3064 1364 propter
3090 1294 3334 1349 virorum
3393 1293 3614 1347 illorum

2054 1379 2194 1450 apud
2234 1383 2491 1451 p0pulum
2531 1383 2895 1453 maiestatem,
2932 1385 2999 1439 ad
3031 1399 3183 1452 reges
3207 1382 3432 1454 profecti
3463 1390 3613 1445 sunt,

2052 1472 2142 1542 qui
2193 1487 2259 1527 ex
2307 1472 2649 1528 Macedonica
2704 1475 3055 1530 successione
3104 1473 3274 1546 Syriae
3320 1475 3615 1545 provinciis

2052 1560 2431 1627 imperabant;
2504 1569 2558 1615 et
2620 1562 2860 1632 pericula
2911 1562 3216 1618 conﬂarunt
3272 1564 3615 1635 principibus

2052 1648 2188 1712 suis,
2213 1650 2305 1719 qui
2337 1650 2506 1719 probe
2536 1651 2882 1722 legitimeque
2923 1652 3285 1709 sacerdotium
3315 1654 3613 1723 gerebant;

2055 1738 2129 1794 ita
2154 1748 2213 1794 ut
2236 1740 2587 1816 pontificatus
2640 1741 2708 1795 ad
2742 1742 2880 1798 alios
2927 1742 3174 1799 homines
3222 1744 3615 1800 transferretur

2056 1838 2249 1900 praeter
2273 1831 2446 1900 legum
2476 1832 2781 1887 divinarum
2802 1833 3069 1897 ordinem,
3098 1848 3195 1903 pro
3217 1850 3401 1904 regum
3434 1836 3610 1890 libito.

2052 1919 2132 1976 illi
2183 1922 2431 1978 videlicet
2489 1932 2702 1993 gentem
2747 1940 2905 1980 suam
2954 1925 3344 1996 propemodum
3392 1927 3614 1998 regibus

2051 2011 2436 2077 vendiderunt,
2468 2022 2520 2070 et
2554 2016 2784 2085 pecunia
2816 2024 3011 2086 praeter
3043 2015 3128 2073 fas
3152 2026 3400 2072 emerunt
3429 2018 3613 2089 papuli

2050 2100 2411 2171 dominatum,
2450 2114 2505 2160 et
2534 2106 2764 2176 plurima
2792 2107 2933 2161 mala
2964 2105 3306 2174 invexerunt,
3334 2111 3615 2181 pepulum-

2050 2210 2156 2264 que
2188 2194 2501 2251 universum
2547 2196 2602 2251 in
2644 2198 3109 2266 perturbationem
3148 2208 3201 2253 et
3230 2198 3611 2256 confusionem

2049 2285 2422 2354 coniecerunt.
2446 2286 2607 2360 352
2631 2287 2784 2343 Tunc
2808 2289 3031 2345 omnino
3049 2288 3212 2346 desiit
3233 2291 3404 2361 legum
3430 2291 3613 2369 obser-

1931 2410 1949 2436 ,
2048 2375 2252 2439 vantia,
2307 2378 2578 2432 successit
2621 2386 2803 2433 autem
2838 2378 3118 2448 iniquitas,
3168 2389 3221 2436 et
3250 2389 3309 2434 ut
3337 2382 3612 2435 contraria

2048 2466 2257 2538 legibus
2282 2468 2482 2524 divinis
2513 2478 2712 2524 cuncta
2744 2469 2953 2526 fierent.
3004 2468 3124 2526 Jam
3156 2472 3226 2525 ob
3263 2472 3377 2526 haec
3404 2473 3610 2537 omnia,

2048 2555 2348 2612 innumeris
2407 2557 2565 2613 malis
2620 2556 2795 2613 Judaei
2851 2559 3088 2629 correpti
3155 2559 3396 2615 fuerunt.
3454 2557 3612 2612 Tunc

2048 2645 2341 2703 Machabtei
2385 2664 2493 2703 non
2540 2647 2775 2705 ferentes
2802 2649 3006 2704 illatam
3040 2650 3283 2723 religioni
3314 2649 3601 2712 oil‘ensam,

2047 2753 2223 2808 neque
2273 2738 2378 2795 sibi
2422 2739 2809 2810 quiescendum
2856 2750 3111 2812 putantes
3159 2740 3361 2798 divinis
3398 2741 3610 2813 legibus

2046 2835 2330 2899 tantopere
2363 2830 2602 2895 violatis,
2654 2839 2914 2903 tantaque
2943 2834 3155 2890 invecta
3187 2848 3252 2888 ac
3293 2832 3612 2887 dominante

2047 2921 2343 2992 impietate,
2382 2922 2437 2978 in
2481 2940 2540 2978 se
2564 2924 2763 2979 bellum
2804 2926 3070 2983 adversus
3099 2924 3461 2981 Macedonica:
3485 2940 3611 2980 suc—
3689 2997 3692 3000 ἢ

2046 3013 2314 3068 cessionis
2344 3029 2497 3085 reges
2536 3025 2878 3095 receperunt,
2902 3024 2955 3072 et
2985 3016 3130 3071 baud
3159 3016 3317 3088 pauci
3351 3016 3421 3072 de
3450 3023 3612 3086 gente

2046 3100 2372 3156 sententiam
2416 3117 2608 3158 eorum
2654 3102 2993 3168 aemulantes,
3052 3105 3367 3176 praedictum
3409 3105 3609 3161 bellum

2045 3192 2455 3262 participarunt.
2488 3193 2626 3250 Hinc
2653 3194 2774 3249 urbi
2795 3203 2848 3250 et
2869 3194 2963 3251 Dei
2995 3196 3285 3267 templo,et
3315 3196 3607 3261 universae,

2046 3290 2105 3336 ut
2131 3297 2239 3337 uno
2268 3284 2434 3338 verbo
2463 3283 2672 3350 dicam‘,
2702 3285 2849 3355 genti
2885 3286 3031 3341 mala
3064 3286 3345 3342 innumera
3374 3300 3404 3340 a
3436 3285 3611 3340 Mace-

2046 3376 2280 3431 donibus
2328 3375 2477 3429 illata
2526 3375 2767 3437 fuerunt.
2820 3392 2940 3447 quae
2975 3376 3084 3432 dici
3113 3376 3272 3433 facile
3305 3385 3606 3446 nequeunt.
3660 3368 3661 3371 “

2049 3465 2154 3520 Sed
2179 3467 2324 3522 enim
2372 3466 2458 3522 bis
2489 3467 2790 3522 remedium
2824 3468 3019 3535 adfuit,
3055 3484 3179 3524 cum
3215 3468 3357 3524 Deus
3388 3466 3609 3521 Macha-

2046 3554 2285 3609 baaorum
2331 3556 2612 3626 pr0posito
2646 3556 2967 3622 delectatus,
3008 3556 3311 3614 suum‘illis
3362 3556 3609 3626 adjunxit

2046 3647 2348 3715 auxilium;
2411 3648 2486 3701 ita
2539 3658 2594 3703 ut
2636 3657 2831 3718 praeter
2872 3666 3088 3707 omnem
3139 3665 3289 3721 spem
3339 3648 3610 3720 superatis

2047 3735 2286 3805 regibus,
2306 3750 2617 3807 quanquam
2640 3737 2798 3808 pauci
2821 3754 3049 3794 numero
3071 3739 3332 3795 adversus
3356 3753 3607 3809 magnum

2046 3828 2346 3882 exercitum
2393 3827 2759 3893 decertantes,
2818 3829 3099 3885 decentem
3131 3830 3377 3886 ordinem
3409 3830 3612 3900 populo

2044 3919 2333 3974 restituere
2387 3920 2686 3990 potuerint.
2730 3921 2990 3992 Apprime
3038 3919 3203 3992 igitur
3242 3921 3609 3976 necessariam

2046 4025 2229 4065 rerum
2262 4011 2453 4066 barum
2483 4020 2677 4069 nactus
2709 4013 2970 4083 propheta
3010 4027 3037 4065 a
3069 4012 3250 4067 divina
3276 4012 3611 4068 revelatione

2055 4102 2441 4172 cognitionem,
2482 4103 2727 4174 pradicit
2760 4105 2957 4175 populo
2992 4102 3206 4171 futura;
3241 4105 3610 4173 scriptamque

2048 4191 2241 4248 horum
2253 4194 2317 4247 ad
2334 4202 2580 4264 posteros
2593 4194 2913 4250 transmittit
2930 4195 3175 4250 notitiam
3191 4196 3245 4249 in
3256 4193 3610 4266 sequentibus

2049 4281 2124 4336 ita
2153 4280 2397 4353 loquens.
2429 4281 2521 4338 Sic
2550 4292 2730 4340 autem
2760 4284 2974 4355 incipit:

394 4373 494 4410 ςων
522 4356 616 4427 τὴν
639 4357 836 4426 γνῶσιν
856 4359 1144 4431 δεξάμενος
1165 4364 1193 4416 ό
1213 4363 1492 4435 προφήτης
1515 4364 1573 4429 ἐξ
1598 4366 1988 4438 ἀποκαλύψεως
2008 4371 2174 4437 θείας,
2202 4372 2391 4445 μηνύει
2415 4391 2474 4427 τε
2494 4374 2572 4446 τῷ
2593 4376 2708 4447 λαῷ
2726 4375 2795 4429 τά
2815 4375 3045 4446 ἐσόμενα
3064 4392 3076 4405 ·
3100 4376 3192 4430 καὶ
3216 4374 3490 4446 ἔγγραφον
3514 4377 3610 4430 αύ-

387 4447 495 4501 τῶν
520 4449 600 4512 εἰς
610 4451 735 4513 τοὺς
750 4450 873 4521 ἑξῆς
891 4453 1247 4524 παραπέμπει
1267 4452 1364 4525 τὴν
1387 4454 1583 4522 γνῶσιν
1607 4458 1662 4509 ὲν
1683 4460 1795 4521 τοῖς
1817 4460 2047 4533 καθεξῆς
2060 4465 2172 4526 τοῖς
2198 4465 2326 4535 περὶ
2349 4465 2553 4520 τούτων
2574 4467 2851 4538 χρώμενος
2862 4467 3326 4540 λόγοις.”Δρχεται
3342 4468 3397 4523 δὲ
3416 4469 3606 4532 οὖτως’

458 4541 586 4612 Στίχ
633 4542 697 4604 δ’,
729 4550 790 4599 ε’.
821 4574 890 4583 -—
922 4565 939 4596 ι
964 4546 1100 4600 Τάδε
1128 4547 1270 4615 λέγει
1300 4548 1502 4620 Κύριος
1535 4554 1938 4626 παντοκράτωρ,

2116 4556 2279 4615 Vens.
2313 4559 2371 4626 4,
2410 4561 2461 4616 5.
2487 4592 2559 4601 -
2592 4561 2756 4617 «Haec
2798 4562 2873 4618 ait
2919 4561 3182 4621 Dominus
3223 4565 3607 4635 omnipotens:

389 4632 645 4704 Ποίμαινε
673 4635 742 4689 τά
769 4636 1015 4707 πρόϐατα
1041 4638 1139 4709 τῆς
1169 4640 1397 4710 σφαγῆς.
1427 4660 1446 4692 ι
1517 4643 1674 4707 Ἕθος
1723 4647 1788 4715 τῇ
1831 4645 1949 4717 θείᾳ

2051 4647 2219 4706 Pasce
2260 4665 2390 4707 oves
2431 4653 2745 4709 occisionis.
2769 4672 2788 4704 ι
2823 4651 2938 4709 Mos
2971 4661 3055 4710 est
3081 4654 3279 4711 divinae
3314 4655 3609 4726 Scriptura:

388 4725 575 4795 Γραφῇ
624 4725 882 4791 πολλάκις
927 4730 1310 4800 προστακτικῷ
1354 4732 1589 4802 σχήματι
1627 4733 1849 4803 μηνύειν
1889 4735 1950 4790 τὸ

2051 4755 2191 4811 saepe
2216 4742 2375 4797 modo
2399 4742 2719 4811 imperativo
2744 4743 2986 4798 futurum
3019 4745 3301 4804 denotare.
3326 4725 3490 4801 veluti
3523 4755 3609 4801 est

388 4815 602 4885 μέλλον,
634 4814 743 4869 οἷόν
764 4819 878 4871 ἐστι
904 4819 985 4883 τὸ,
1020 4821 1219 4889 «Χαῖρε
1242 4821 1462 4891 σφόδρα,
1490 4823 1726 4895 θύγατερ
1753 4825 1951 4879 ΣιώνἾ

2051 4834 2457 4893 illudchaetare
2486 4837 2852 4905 vehementer,
2888 4838 2994 4893 filia
3029 4836 3232 4893 Sionis.
3274 4852 3291 4885 ι
3313 4837 3473 4906 Atqui
3512 4836 3606 4889 las-

384 4907 563 4959 καίτοι
595 4924 658 4975 γε
682 4909 802 4962 οὐδὲ
836 4911 894 4963 έν
923 4911 1249 4982 ἔπιτάγματι
1277 4916 1450 4967 κεῖται
1482 4914 1543 4968 τὸ
1566 4915 1796 4987 χαίρειν,
1826 4917 1949 4970 ἐπεὶ

2051 4908 2165 4979 litia
2194 4926 2450 4996 imperari
2498 4929 2724 4999 nequit;
2772 4946 2898 4985 nam
2926 4946 3102 5000 neque
3134 4928 3302 4983 laetari
3337 4945 3447 4983 non
3475 4944 3605 4998 pos‘

389 4997 526 5068 μήτε
558 5001 837 5070 παρόντων
864 5001 974 5055 τῶν
1000 5002 1167 5073 ἡδέων
1199 5004 1418 5057 δυνατὸν
1456 5006 1528 5077 μὴ
1557 5007 1789 5077 χαίρειν,
1824 5008 1945 5077 χαί-

384 5108 504 5163 ρειν
526 5109 587 5144 τε
615 5092 712 5146 ούκ
738 5092 941 5147 ἔνεστιν
957 5096 1203 5149 ἀπόντων
1233 5097 1342 5149 τῶν
1375 5097 1542 5168 ἡδέων
1561 5114 1575 5128 ·
1610 5098 1743 5153 ἀλλά
1775 5100 1945 5170 μηνύο

384 5200 480 5235 σαι
512 5182 806 5256 βουλομένη
854 5186 954 5256 τὴν
1003 5188 1407 5258 προσεσομένην
1451 5188 1633 5253 αὐτοῖς
1664 5191 1853 5263 ἡδονὴν
1880 5193 1946 5247 ὲκ

382 5274 485 5343 τῆς
506 5275 599 5329 τοῦ
623 5276 923 5348 Ζοροϐάϐελ
948 5280 1258 5349 ἡγεμονίας,
1293 5282 1704 5351 προστακτικῶς
1735 5282 1826 5335 τοῦ
1858 5283 1947 5337 λό-

382 5382 484 5434 γου
504 5368 793 5439 πεποίηται
813 5368 911 5441 τὴν
933 5370 1128 5442 ἀρχήν.
1164 5373 1240 5441 (p.
1267 5371 1390 5440 510)
1426 5372 1534 5426 Καὶ
1561 5372 1697 5443 μετὰ
1720 5373 1940 5444 βραχέα⁹

390 5476 413 5510 ι
446 5459 653 5512 Αἰτεῖτε
682 5460 831 5531 παρά
856 5462 1058 5533 Κυρίου
1088 5462 1240 5518 ὑετὸν
1264 5463 1382 5516 καθ’
1410 5461 1557 5534 ὥραν
1587 5463 1831 5536 πρώῖμον
1852 5466 1945 5520 καὶ

383 5549 615 5620 ὄψιμον·
653 5570 673 5604 ι
714 5552 871 5623 δήλου
907 5555 1002 5625 μὲν
1033 5555 1183 5619 ὄντος
1226 5555 1301 5618 ώς
1345 5555 1444 5609 οὐκ
1474 5555 1539 5610 ἄν
1570 5574 1652 5621 τις
1691 5557 1749 5609 ὲν
1791 5557 1950 5631 χρείᾳ

384 5637 465 5695 ὢν
512 5641 807 5714 παραλίποι
852 5643 915 5699 τὸ
958 5645 1166 5711 αἰτεῖν,
1205 5644 1361 5717 είπερ
1404 5639 1498 5701 οὖν
1542 5646 1626 5700 ὅτι
1666 5645 1946 5719 δοθήσεται

2051 5032 2240 5073 sumus
2289 5018 2335 5072 si
2373 5017 2617 5088 jucunda
2664 5020 2874 5090 adsint;
2932 5037 3108 5093 neque
3146 5021 3383 5076 vicissim
3436 5021 3606 5074 laetari

2051 5123 2342 5178 possumus
2402 5110 2446 5164 si
2500 5111 2681 5167 absint
2726 5114 2991 5184 jucunda.
3061 5111 3261 5167 Verum
3323 5110 3605 5181 Scriptura

2050 5198 2357 5267 significare
2386 5200 2574 5257 volens
2603 5202 2846 5258 futurum
2874 5203 3237 5258 lsraelitarum
3260 5200 3515 5271 gaudium
3538 5216 3605 5257 ex

2050 5286 2399 5343 Zorobabelis
2447 5291 2771 5363 principatu,
2836 5292 3153 5362 imperative
3200 5291 3331 5347 facit
3384 5292 3602 5346 dicendi

2048 5377 2282 5434 initium.
2334 5377 2399 5433 Et
2424 5380 2585 5449 paulo
2608 5389 2755 5451 post:
2802 5399 2820 5432 ι
2853 5380 3025 5436 Petite
3053 5397 3082 5436 a
3113 5381 3341 5437 Domino
3365 5381 3601 5452 pluviam

2047 5468 2443 5539 tempestivam,
2469 5472 2789 5526 matutinam
2812 5479 2866 5526 et
2890 5473 3205 5528 serotinam.
3229 5492 3247 5525 ι
3286 5473 3449 5543 Atqui
3480 5486 3605 5540 per-

2054 5560 2301 5630 spicuum
2345 5571 2464 5617 erat
2515 5563 2628 5619 fore
2663 5571 2721 5617 ut
2755 5579 2912 5619 nemo
2951 5565 3131 5635 pluvia
3158 5564 3408 5635 indigens
3440 5563 3602 5639 353

2048 5652 2323 5723 postulare
2342 5653 2632 5723 omitteret,
2662 5655 2709 5711 si
2732 5665 2878 5717 certe
2899 5672 2958 5713 se
2978 5657 3390 5731 impetraturum
3411 5659 3599 5716 sciret.
