3992 6232
364 360 466 418 δτι

1533 366 1885 425 THEODORI
1924 365 2407 425 MOPSUESTENI

3493 370 3595 427 57?

317 468 325 475 ’
368 476 474 534 Sed
500 485 679 537 tamen
704 480 889 540 dicere
920 483 1109 542 volens
1142 486 1360 557 capiose
1388 486 1494 542 illis
1520 502 1584 541 ac
1611 487 1928 558 tempestive

2033 485 2248 551 πάντως
2293 487 2457 559 είδείη
2482 505 2497 520 ο
2538 489 2664 543 ἀλλ’
2711 490 2860 560 ὅμως
2904 487 3221 559 βουλόμενος
3275 486 3448 539 εἰπεῖν
3490 485 3595 550 δτι,

306 5711 329 5744 Ἰ

367 575 602 644 pluviam
625 576 790 632 Deum
817 593 1232 646 concessurum,
1270 583 1588 653 imperativo
1615 583 1775 636 modo
1802 596 1931 651 prte-

366 666 660 723 dictionem
692 667 861 723 futuri
886 670 1033 725 facit.
1075 671 1273 727 Eadem
1298 674 1508 728 ratione
1527 686 1671 726 nunc
1691 687 1927 741 quoque,

363 770 624 814 eventura
654 762 853 831 populo
879 763 1016 816 mala
1052 764 1375 833 imperativo
1399 764 1557 818 modo
1578 763 1927 826 vaticinatur,

365 852 554 906 dicens
588 852 868 908 videlicet:
896 854 1019 910 Haec
1046 870 1076 910 a
1106 872 1189 910 me
1222 857 1419 927 populo
1448 857 1714 918 evenient,
1740 872 1930 925 quem-

363 941 654 995 admodum
707 960 879 1013 nuper
930 946 1083 1010 dixi;
1138 956 1191 1000 et
1236 948 1403 1000 tantis
1448 946 1678 1015 populus
1720 945 1931 1001 fruetur

366 1030 547 1093 bonis.
604 1042 657 1087 et
709 1034 1044 1091 Hierusalem
1094 1038 1267 1107 mpiis
1299 1038 1523 1103 diﬂlnet,
1580 1048 1633 1094 et
1684 1039 1929 1095 hostibus

366 1126 680 1193 superiores
710 1127 964 1192 evadent,
992 1145 1056 1184 ex
1082 1131 1279 1199 quibus
1308 1132 1505 1186 multas
1536 1132 1635 1187 sibi
1677 1133 1925 1203 colligent

371 1232 524 1286 npcs.
550 1216 933 1273 Verumtamen
956 1222 1082 1290 quia
1101 1238 1207 1276 non
1238 1232 1383 1278 recte
1410 1223 1666 1279 felicitate
1685 1214 1926 1292 utentur,

364 1317 419 1359 et
450 1308 513 1360 ad
550 1307 704 1377 pejus
740 1312 1086 1378 spectabunt,
1127 1313 1231 1366 sub
1264 1314 1577 1383 pastoribus
1607 1313 1774 1369 futuri
1802 1325 1930 1369 sunt

368 1398 586 1463 talibus,
623 1414 651 1451 a
685 1399 888 1469 quibus
920 1402 1102 1455 ovium
1146 1402 1320 1458 instar
1352 1405 1415 1458 ad
1449 1406 1646 1459 czedem
1677 1414 1926 1475 agentur.

367 1488 538 1543 Sicuti
560 1500 642 1545 est
665 1491 803 1561 apud
823 1492 1038 1547 beatum
1065 1492 1317 1550 Davidem
1340 1514 1352 1549 :
1393 1514 1411 1546 ι
1432 1494 1707 1551 ΔΕειίιιιθιί
1742 1515 1930 1553 sumus

366 1582 508 1635 sicut
565 1598 695 1637 oves
745 1585 1039 1639 occisionis
1065 1580 1327 1654 ”;iquod
1374 1587 1441 1641 de
1495 1587 1683 1643 iisdem
1726 1587 1930 1645 Iudaeis

367 1673 572 1727 dictum
616 1675 736 1729 fuit.
784 1674 1068 1747 Signiﬁcat
1115 1689 1292 1732 autem
1339 1680 1485 1733 nulla
1531 1697 1624 1736 eos
1669 1680 1763 1736 Dei
1798 1697 1929 1736 cura

366 1765 563 1835 dignos
592 1764 825 1829 futuros.
865 1767 958 1823 sed
984 1768 1163 1822 omnia
1192 1769 1329 1823 mala
1360 1786 1641 1839 passuros,
1672 1780 1927 1843 tanquam

368 1857 503 1911 cedi
534 1858 911 1912 tantummudo
941 1858 1206 1915 addictos.
1236 1858 1439 1931 Reique
1470 1865 1687 1917 modum
1717 1862 1923 1919 dicens:

364 1946 747 2014 «Quas(oves),
786 1946 980 2015 inquit,
1020 1962 1365 2017 possessores
1396 1949 1478 2004 sui
1504 1950 1843 2019 jugulabant,
1875 1960 1930 2008 et

364 2051 474 2090 non
508 2051 603 2091 eos
649 2038 1315 2106 pmnitebatnludatorum
1358 2042 1606 2097 videlicet
1644 2059 1798 2113 reges
1828 2045 1929 2099 d0-

365 2127 521 2187 tnini,
571 2128 710 2182 haud
743 2136 1003 2200 tauquam
1047 2133 1121 2186 rei
1170 2148 1283 2187 sua:
1318 2135 1633 2203 parcebant,
1700 2136 1791 2191 sed
1834 2153 1930 2193 eos

364 2216 751 2288 quasibostes
812 2220 1165 2278 inclementer
1217 2224 1631 2281 interﬁciebant.
1683 2228 1739 2282 ld
1787 2230 1928 2283 enim

363 2310 550 2366 valet:
593 2312 655 2367 Et
703 2329 812 2367 non
859 2316 1180 2385 pcenitebat.
1233 2315 1339 2371 «Et
1373 2318 1463 2388 qui
1500 2319 1803 2374 vendebant
1836 2337 1931 2377 eos

363 2402 652 2458 dicebant:
710 2404 1036 2462 Benedictus
1080 2406 1360 2475 Dominus,
1416 2409 1542 2480 quia
1571 2411 1766 2466 divites
1801 2411 1926 2466 facti

364 2507 577 2549 sumus.
602 2514 619 2546 ι
664 2494 767 2561 Qui
797 2495 1133 2551 tradiderant
1168 2500 1385 2567 regibus
1411 2508 1644 2568 gentem,
1675 2510 1729 2556 et
1765 2517 1930 2571 pecu-

365 2584 513 2638 niam
564 2585 691 2640 inde
723 2588 1112 2655 conﬂaverant,
1168 2599 1378 2645 tantum
1418 2594 1642 2646 aberant
1683 2604 1741 2646 ut
1770 2595 1929 2648 talem

368 2683 681 2746 tantamque
719 2679 1003 2733 avaritiam
1044 2680 1149 2736 sibi
1205 2681 1514 2749 ignominia‘
1572 2683 1928 2746 ascriberent,

367 2775 427 2820 ut
449 2768 522 2823 ob
548 2768 858 2839 ltujusmodi
882 2788 1014 2842 opes
1038 2775 1239 2843 gratias
1269 2773 1374 2829 Deo
1400 2776 1636 2845 agendas
1660 2783 1929 2845 putarent.

371 2873 390 2908 ι
416 2856 479 2909 Et
526 2874 712 2913 earum
756 2869 1008 2930 pastores
1056 2865 1263 2918 nullum
1300 2881 1425 2937 erga
1460 2883 1550 2920 eas
1591 2867 1933 2936 patiebantur

367 2946 643 3005 aﬂ‘ectum.
668 2969 685 3002 ι
725 2950 933 3006 Traditi
961 2952 1028 3007 ad
1062 2957 1356 3026 regendum
1399 2958 1619 3011 fuerunt
1649 2959 1803 3026 viris,
1838 2960 1930 3031 qui

366 3039 570 3093 nullam
604 3042 686 3097 eis
708 3042 1138 3113 misericordiam
1172 3044 1430 3103 exhibere
1461 3048 1741 3110 volebant.

435 3334 603 3392 Vsus.
630 3335 683 3390 6.
710 3356 778 3377 —-
810 3356 827 3389 ‹
849 3334 976 3393 ldeo
1014 3353 1121 3393 non
1148 3354 1367 3411 parcam
1404 3340 1634 3396 ulterius
1664 3349 1819 3398 terra:
1846 3340 1932 3396 in-

364 3428 523 3490 colis.
582 3427 717 3483 dicit
773 3426 1097 3484 Dominus.»
1163 3429 1455 3501 Propterea
1508 3432 1609 3488 hos
1660 3432 1930 3497 deseram,

365 3523 625 3593 nullaque
653 3538 771 3577 mea
805 3524 1143 3593 providentia
1167 3524 1451 3596 dignabor.
1493 3545 1511 3576 ι
1534 3525 1600 3579 Et
1624 3541 1750 3583 ecce
1778 3527 1933 3583 trado

367 3615 639 3677 homines.
679 3630 1123 3688 unumquemque
1173 3616 1229 3671 iit
1282 3632 1501 3672 manum
1539 3618 1767 3687 proximi
1823 3619 1931 3685 sui,

366 3719 423 3762 et
452 3707 506 3763 in
544 3723 740 3763 manus
768 3710 913 3778 regis
960 3708 1071 3774 sui,
1117 3718 1171 3762 et
1202 3709 1492 3765 concident
1532 3710 1585 3763 in
1618 3719 1761 3765 terra
1788 3710 1932 3765 Cha-

368 3816 532 3855 naan.
554 3818 573 3851 ι
611 3798 796 3853 Sinam
833 3800 957 3856 illos
992 3800 1103 3871 pati
1141 3802 1461 3873 gravissima
1486 3810 1599 3855 tum
1625 3816 1655 3854 a
1686 3801 1934 3858 scelestis

366 3891 512 3945 inter
548 3905 700 3953 suos.
735 3899 850 3945 tum
891 3906 922 3945 a
954 3893 1174 3963 regibus
1208 3893 1348 3947 bello
1392 3908 1487 3949 eos
1534 3894 1934 3964 appetentibus,

367 3977 532 4051 3“
587 3979 1024 4050 quandoquidem
1073 3982 1436 4052 semetipsos,
1491 3997 1587 4050 per
1640 3982 1753 4036 hate
1816 3998 1937 4052 quae

370 4080 557 4142 agunt,
592 4069 789 4140 dignos
824 4071 952 4124 talia
985 4072 1094 4140 pati
1124 4073 1381 4127 elliciunt.
1410 4070 1501 4125 Sic
1530 4087 1720 4128 omnes
1744 4089 1939 4144 prope—

372 4162 594 4220 modum
614 4160 812 4216 δικ]ωῶ
828 4162 1017 4216 incolae
1037 4163 1450 4218 iuterlicientur.
1468 4161 1557 4217 Sic
1575 4164 1717 4218 enim
1740 4172 1939 4219 sonant

374 4253 577 4309 verba:
631 4251 970 4307 «Concident
1010 4252 1439 4318 terrampnullo
1483 4266 1513 4305 a
1562 4267 1649 4307 me
1695 4255 1938 4323 praestita

372 4346 443 4401 iis
481 4344 686 4399 auxilio
716 4360 824 4413 quo
855 4360 914 4399 se
946 4341 1185 4397 hostium
1214 4342 1514 4396 dominatui
1535 4344 1935 4401 sublraberent.

373 4434 686 4506 Ducamque
707 4449 803 4490 eos
832 4434 900 4489 ad
935 4432 1158 4499 eadem,
1197 4432 1285 4487 cui
1311 4433 1380 4487 ab
1406 4434 1663 4502 operibus
1704 4434 1937 4505 propriis

370 4526 573 4582 addicti
617 4525 863 4592 fuerunt,
914 4534 969 4582 et
996 4526 1216 4598 quidem
1250 4533 1310 4581 ut
1348 4542 1447 4597 par
1476 4535 1559 4582 est
1593 4538 1718 4583 ante
1747 4529 1937 4584 oculos

369 4616 825 4672 Chananaorum.
857 4617 992 4672 Nam
1022 4619 1215 4673 verba:
1256 4637 1274 4669 ‹
1296 4617 1519 4673 Pascam
1555 4633 1685 4673 oves
1712 4619 1939 4674 occisio-

371 4709 482 4775 nis,
503 4727 521 4760 ι
558 4718 833 4780 ponuntur
863 4724 982 4779 pro,
1012 4709 1205 4764 ducam
1236 4724 1329 4766 eas
1353 4709 1420 4764 ad
1444 4711 1797 4772 occisionem,
1825 4726 1937 4765 non

372 4798 520 4870 quod
547 4799 665 4870 ipse
698 4798 965 4861 occidam,
996 4797 1091 4852 sed
1121 4798 1247 4868 quia
1280 4797 1554 4868 permitto.
1591 4798 1831 4868 Namque
1882 4806 1937 4854 et

374 4891 478 4949 hoc
501 4892 734 4961 positum
766 4897 851 4945 est
878 4889 935 4943 in
960 4889 1155 4944 divina:
1187 4890 1483 4961 Scriptura:
1513 4905 1681 4956 more,
1727 4902 1785 4945 ut
1811 4907 1937 4962 per-

372 4982 693 5037 missionem
719 4981 957 5035 divinam
986 4987 1241 5049 tanquam
1265 4998 1377 5036 rem
1395 4992 1567 5037 actam
1591 4982 1754 5037 dicat.
1783 4982 1937 5038 Velut

373 5071 536 5127 illud:
584 5068 913 5126 «Declinasti
957 5068 1179 5125 semitas
1222 5079 1443 5126 nostras
1496 5088 1526 5125 a
1572 5073 1659 5126 via
1697 5081 1788 5126 tua
1813 5073 1929 5128 ":a

372 5180 483 5221 non
508 5164 650 5235 quod
683 5162 826 5220 Deus
868 5180 961 5221 eas
994 5162 1394 5231 declinavisset,
1435 5166 1531 5220 sed
1576 5165 1703 5236 quia
1735 5166 1937 5223 siverat

375 5253 525 5324 ipsos
560 5254 626 5309 iis
656 5255 1006 5324 passionibus
1054 5253 1280 5325 corripi,
1322 5270 1443 5323 quze
1473 5268 1504 5308 a
1560 5266 1705 5312 recto
1755 5258 1936 5313 ofﬁcio

376 5349 597 5403 eosdem
655 5348 942 5405 deﬂectere
1004 5349 1210 5403 idonea:
1269 5348 1577 5404 erant.tln
1612 5361 1755 5405 terra
1812 5365 1938 5406 vero

380 5440 763 5504 Chanaannid
799 5449 883 5495 est
910 5443 963 5496 in
1002 5453 1298 5512 conspectu
1331 5444 1780 5514 alienigenarum.
1820 5443 1937 5499 Μο-

379 5531 573 5590 lestius
602 5531 747 5586 enim
782 5531 1082 5598 accidebat,
1104 5534 1226 5589 illos
1254 5534 1346 5605 qui
1381 5544 1611 5590 veterem
1630 5533 1939 5593 Iudaeorum

472 5729 687 5791 ’"l‘ul.
729 5748 883 5801 ιιιιι,
922 5731 1012 5789 22.
1091 5737 1133 5768 ⁷⁸
1170 5734 1301 5791 lbid.
1350 5738 1429 5792 19.

2044 573 2312 644 Ἀφθόνως
2363 578 2491 647 ὑμῖν
2543 579 2633 631 καί
2681 580 2800 633 καθ’
2851 577 2997 648 ὥραν
3035 577 3126 630 τὸν
3172 574 3325 629 ὑετὸν
3374 574 3597 647 παρέξει

2029 665 2183 729 Θεὸς,
2214 668 2272 720 ἐν
2305 669 2541 739 σχήματι
2575 667 2956 740 προστακτικῷ
2982 668 3078 739 τὴν
3111 668 3339 739 μήνυσιν
3366 667 3584 736 πεποίηο

2029 773 2120 809 ται
2150 756 2241 810 τοῦ
2268 758 2544 828 ἐσομένου.
2580 760 2683 811 Τὸν
2708 759 2868 812 αὐτὸν
2900 758 2963 829 δὴ
2996 758 3193 827 τρόπον
3225 755 3500 809 κάνταῦθα
3528 755 3597 811 τὰ

2031 848 2159 919 περὶ
2186 849 2277 902 τὸν
2312 848 2438 902 λαὸν
2464 850 2697 909 ἐσόμενα
2744 848 2889 902 κακά
2937 846 3320 919 προστακτικῷ
3355 848 3595 916 σχήματι

2031 940 2305 1011 προλέγει,
2336 940 2545 996 τοιοῦτό
2584 960 2637 994 τι
2684 941 2884 1010 λέγων,
2920 945 2999 995 ὅτι
3055 941 3135 993 Τὰ
3167 939 3265 1009 μὲν
3299 940 3427 1010 παρ’
3459 937 3594 1010 ἐμοῦ

2018 1033 2160 1102 ⁴περὶ
2194 1032 2285 1084 τὸν
2314 1032 2439 1085 λαὸν
2464 1032 2613 1084 ἔσται
2642 1026 2835 1102 οἷάπερ
2865 1031 3030 1101 ἔφθην
3058 1029 3223 1083 εἰπών
3242 1046 3257 1059 ο
3290 1031 3381 1082 καὶ
3409 1029 3595 1082 τοσούο

2029 1141 2138 1177 των
2187 1124 2286 1194 μὲν
2318 1124 2609 1179 ἀπολαύσει
2638 1126 2697 1177 τὸ
2724 1124 2872 1187 ἔθνος
2899 1124 3136 1192 ἀγαθῶν,
3182 1124 3240 1174 ἐν
3279 1120 3507 1192 τοσαύτῃ
3535 1121 3592 1175 δέ

2031 1217 2314 1287 γενήσεται
2346 1218 2378 1287 ἡ
2435 1215 2780 1286 Ἰερουσαλὴμ
2811 1214 3031 1286 εὐθηνίᾳ
3056 1256 3070 1279 ,
3124 1210 3592 1283 κατακρατήσουσί

2032 1326 2089 1362 τε
2139 1311 2247 1362 τῶν
2294 1309 2593 1377 πολεμίων,
2628 1310 2718 1378 ἀφ’
2741 1302 2815 1361 ὧν
2847 1309 2909 1380 δὴ
2946 1309 3037 1361 καὶ
3075 1308 3239 1362 πολὺν
3283 1308 3591 1378 ἀθροίσουσι

2032 1397 2259 1452 πλοῦτον
2283 1415 2297 1428 ·
2346 1401 2446 1453 οὐκ
2490 1402 2569 1461 είς
2610 1398 2725 1451 δέον
2748 1398 2803 1451 δέ
2830 1400 2896 1468 τῇ
2940 1398 3211 1469 εὐπραγία
3237 1397 3589 1469 χρησάμενοι,

2030 1490 2125 1543 καὶ
2149 1489 2211 1560 δὴ
2241 1491 2375 1562 πρὸς
2400 1491 2458 1544 τὺ
2499 1493 2676 1562 χεῖρον
2719 1491 2934 1552 ἰδόντες,
2962 1488 3066 1541 ὑπὸ
3092 1488 3352 1559 ποιμένας
3382 1488 3590 1541 ἔσονται

2030 1582 2303 1646 τοιούτους
2330 1582 2467 1637 ὥστε
2496 1584 2649 1654 δίκην
2677 1583 2959 1654 προϐάτων
3001 1580 3229 1649 ἄγεσθαι
3277 1582 3366 1634 ὐπ’
3410 1581 3592 1643 αὐτοῖς

2031 1673 2111 1736 είς
2152 1674 2363 1745 σφαγὴν
2406 1675 2765 1745 ἐκκειμένων·
2815 1669 2925 1727 οἷόν
2956 1675 3069 1726 ἐστι
3097 1672 3187 1726 καὶ
3212 1672 3362 1742 παρά
3384 1671 3461 1741 τῷ
3490 1687 3592 1741 μα-

1965 1820 2005 1874 B
2033 1768 2207 1840 καρίῳ
2246 1765 2407 1821 Δαυῖδ
2436 1766 2514 1831 τὸ,
2569 1786 2588 1818 ι
2629 1765 3011 1837 Ἐλογίσθημεν
3043 1764 3118 1827 ὡς
3162 1764 3407 1835 πρόϐατα
3427 1779 3589 1874 ,σφα-

2029 1860 2153 1930 γῆς,
2186 1879 2203 1912 ι
2252 1860 2379 1931 περὶ
2418 1859 2525 1912 τῶν
2562 1858 2738 1912 αὐτῶν
2781 1856 3088 1928 εἰρημένον.
3130 1855 3383 1908 Βούλεται
3422 1853 3476 1907 δέ
3509 1855 3590 1907 εί-

2030 1956 2172 2016 πείν,
2200 1953 2281 2006 ὅτι
2310 1952 2577 2023 Οὐδεμιᾶς
2616 1950 3004 2020 ἁξιωθήοονται
3046 1946 3377 2017 ἐπιμελείας,
3412 1945 3590 1999 πάντα

2029 2044 2085 2097 δὲ
2118 2045 2389 2099 πείσονται
2413 2043 2488 2106 ὡς
2509 2044 2588 2107 είς
2611 2042 2670 2095 τὸ
2702 2038 3029 2110 σφάττεσθαι
3052 2039 3209 2110 μόνον
3234 2038 3589 2107 ἐκδεδομένοι.

2029 2139 2139 2191 Καὶ
2168 2138 2257 2190 τὸν
2286 2137 2483 2207 τρόπον
2508 2135 2681 2205 λέγων
2700 2150 2713 2164 ’
2761 2135 2863 2186 (Ἀ
2887 2133 2935 2186 οί
2971 2130 3297 2201 κτησάμενοι
3322 2128 3592 2195 κατέσφα-

2031 2229 2143 2294 ζον,
2176 2208 2270 2282 καῖ
2298 2232 2357 2282 οὐ
2403 2226 2775 2299 μετεμέλοντο.
2815 2244 2833 2278 ι
2889 2224 2951 2277 Ol
2988 2223 3087 2293 μὲν
3130 2220 3238 2292 γάρ
3267 2220 3590 2292 κρατοῦντες

2031 2321 2211 2375 αὐτῶν
2236 2320 2469 2390 βασιλεῖς
2495 2320 2593 2389 οὐχ
2618 2318 2866 2382 ὡςοίδίων
2894 2314 3251 2387 ἐπεμελοῦντο
3275 2311 3587 2384 κτημάτων,

2030 2415 2107 2477 ὡς
2136 2412 2192 2467 δέ
2225 2411 2513 2483 πολεμίους
2542 2409 2771 2482 ἀνῄρουν
2812 2407 3050 2479 ἀνηλεῶς
3073 2424 3087 2438 ’
3122 2405 3278 2461 τοῦτο
3305 2404 3413 2476 γὰρ
3446 2402 3594 2475 δηλοῖ

2032 2507 2113 2570 τὸ,
2140 2509 2210 2561 οὐ
2231 2506 2645 2575 μετεμέλοντο.
2667 2524 2684 2554 ι
2707 2503 2814 2557 Καὶ
2837 2502 2885 2553 oi
2911 2499 3213 2562 πωλοῦντες
3234 2497 3373 2552 αὐτὰ
3390 2496 3591 2564 ἔλεγον,

2031 2600 2334 2668 Εὐλογητὸς
2364 2597 2584 2664 Κύριος,
2618 2596 2711 2648 καὶ
2738 2592 3208 2663 πεπλουτήκαμεν.
3234 2607 3253 2641 ι
3287 2590 3349 2643 Οί
3379 2588 3437 2641 δέ
3459 2588 3593 2640 dm-

2030 2693 2293 2762 διδόμενοι
2321 2693 2431 2752 τοῖς
2461 2686 2734 2759 βασιλεῦσι
2756 2686 2814 2739 τὸ
2844 2684 3012 2748 ἔθνος,
3049 2682 3140 2736 καὶ
3168 2682 3366 2768 πόρους
3384 2682 3447 2732 ἐκ
3469 2677 3592 2731 τούο

2031 2800 2123 2836 του
2160 2781 2501 2849 συλλέγοντες
2521 2818 2536 2842 ,
2579 2776 2828 2830 τοσοῦτον
2875 2775 3097 2841 ἀπεῖχον
3127 2772 3218 2825 τοῦ
3245 2769 3592 2842 αἰσχύνεσθαι

2035 2873 2126 2927 ἐπὶ
2158 2875 2223 2943 τῇ
2259 2869 2494 2941 τοσαύτῃ
2532 2865 2829 2935 πλεονεξίᾳ,
2877 2866 2949 2933 (p.
2978 2862 3104 2931 5H)
3138 2861 3277 2915 ὥστε
3314 2862 3407 2914 καὶ
3435 2861 3594 2929 εὐχα-

2038 2962 2245 3036 ριστίας
2274 2960 2418 3026 ἀξιον
2445 2957 2694 3028 ἡγεῖσθαι
2728 2956 2823 3027 τὴν
2851 2953 3101 3024 τοιαύτην
3125 2951 3399 3022 εὐπορίαν.
3444 2971 3461 3002 ι
3486 2950 3594 3003 Καὶ

2032 3056 2079 3107 οί
2112 3053 2365 3123 ποιμένες
2399 3050 2577 3104 αὐτῶν
2606 3050 2705 3101 οὐκ
2749 3047 2982 3117 ἔπασχον
3010 3045 3157 3099 οὐδὲν
3206 3044 3290 3096 ἐπ’
3336 3043 3537 3104 αὐτοῖς.
3566 3060 3587 3093 ι

1956 3153 1998 3209 c
2044 3142 2416 3196 Ἔπιστεύοντο
2458 3140 2514 3193 δὲ
2560 3138 2736 3192 αὐτῶν
2770 3138 2863 3191 καὶ
2899 3137 2999 3208 τὴν
3041 3134 3358 3188 ἐπιστασίαν
3403 3133 3594 3204 ἄνδρες

2036 3236 2223 3290 οὐδένα
2259 3235 2404 3288 ἐλεον
2435 3232 2611 3286 αὐτῶν
2646 3230 2910 3285 ποιεῖσθαι
2944 3229 3238 3289 ἐθέλοντες.

2104 3350 2251 3419 Στίχ.
2287 3355 2359 3413 ς’.
2408 3377 2477 3389 -
2528 3366 2546 3398 ι
2572 3345 2672 3399 Διά
2698 3344 2856 3398 τοῦτο
2898 3344 2958 3397 οὐ
2990 3343 3247 3413 φείσομαι
3283 3340 3465 3394 οὐκέτι
3503 3339 3597 3392 ἐπὶ

2033 3439 2158 3502 τοὺς
2188 3438 2570 3500 κατοικοῦντας
2606 3436 2705 3507 τὴν
2751 3434 2856 3505 γῆν
2876 3473 2890 3499 ,
2933 3434 3079 3502 λέγει
3110 3432 3331 3503 Κύριος.
3359 3448 3379 3481 ι
3426 3429 3596 3501 ’Υπὲρ

2035 3532 2237 3586 τούτων
2261 3530 2455 3593 αὐτοὺς
2485 3529 2695 3598 ἀφήσω,
2733 3526 3000 3596 μηδεμιᾶς
3026 3523 3189 3588 ἀξιῶν
3213 3522 3467 3593 προνοίας
3497 3519 3597 3589 τῆς

2038 3623 2167 3696 παρ’
2194 3622 2348 3693 ἐμοῦ.
2379 3622 2517 3676 «Καὶ
2549 3621 2654 3674 ίδού
2681 3619 2790 3688 ἐγὼ
2813 3618 3108 3688 ἀποδίδωμι
3133 3618 3256 3679 τούς
3279 3615 3596 3687 ἀνθρώπους

2038 3717 2260 3769 ἕκαστον
2306 3714 2384 3777 εἰς
2414 3712 2511 3777 τὰς
2538 3713 2723 3783 χεῖρας
2763 3709 2856 3763 τοῦ
2905 3709 3129 3780 πλησίον
3176 3706 3363 3771 αὐτοῦ,
3394 3706 3488 3759 καὶ
3518 3707 3596 3769 είς

2039 3811 2223 3879 χεῖρας
2258 3805 2515 3876 βασιλέως
2545 3802 2707 3856 αὐτοῦ
2730 3819 2744 3833 ο
2797 3800 2889 3854 καὶ
2935 3797 3331 3867 κατακόψουσιν
3380 3797 3460 3859 είς
3501 3795 3597 3866 τὴν

2040 3901 2143 3971 γῆν
2175 3896 2412 3952 Χαναὰν.
2446 3916 2465 3948 ι
2518 3892 2924 3964 Καταλιμπάνω
2963 3891 3020 3943 δὲ
3067 3890 3261 3951 αὐτοὺς
3294 3888 3598 3957 πάσχοντας

2038 3993 2106 4046 τά
2133 3992 2405 4060 ἀνήκεστα
2454 3986 2604 4056 παρά
2631 4003 2691 4038 τε
2722 3985 2829 4038 τῶν
2873 3985 2930 4037 ἐν
2978 3986 3091 4044 τοῖς
3131 3981 3351 4043 οἰκείοις
3386 3978 3595 4049 μοχθη-

2044 4081 2170 4154 ρῶν,
2206 4080 2299 4133 καὶ
2344 4077 2491 4149 παρὰ
2528 4075 2633 4128 τῶν
2664 4072 2922 4144 βασιλέων
2956 4067 3446 4141 ἐπιστρατευόντων
3499 4065 3596 4117 αὐ-

2038 4175 2171 4235 τοῖς,
2220 4169 2513 4239 ἐπειδήπερ
2553 4167 2775 4227 ἐαυτούς
2812 4164 2869 4230 ἐξ
2920 4156 2995 4216 ὧν
3038 4162 3357 4231 πράττουσι,
3397 4155 3601 4209 τούτων

2040 4264 2222 4329 ἀξίους
2255 4261 2572 4333 ἐργάζονται
2607 4276 2621 4291 ο
2669 4257 2811 4311 οὕτω
2850 4273 2908 4309 τε
2954 4255 3149 4316 πάντες
3189 4253 3287 4324 μὲν
3314 4248 3595 4320 ἀναιρεθὴο

2042 4374 2224 4411 σονται
2257 4351 2452 4425 μικροῦ
2481 4354 2529 4405 οί
2557 4350 2654 4423 τὴν
2698 4348 2953 4401 Ἰουδαίαν
2982 4345 3253 4407 οἰκοῦντες
3272 4359 3285 4372 ·
3317 4342 3475 4396 τοῦτο
3492 4339 3601 4409 γάρ

2041 4442 2206 4510 λέγει,
2234 4438 2643 4507 (Κατακόψουσι
2666 4436 2762 4506 τὴν
2787 4434 2910 4505 γῆν,
2933 4455 2951 4487 ι
2983 4434 3235 4503 οὐδεμιᾶς
3261 4432 3441 4493 αὐτοῖς
3470 4427 3600 4500 παρ’

2043 4531 2175 4602 ἐμοῦ
2206 4530 2452 4601 βοηθείας
2487 4526 2863 4600 παρεχομένης
2897 4528 2976 4587 εἰς
3004 4525 3063 4576 τὸ
3096 4525 3191 4594 τῆς
3216 4522 3322 4575 τῶν
3346 4521 3601 4575 ἐναντίων

2043 4621 2392 4694 ἐπικρατείας
2437 4619 2847 4686 ἀπαλλαγῆναιο
2905 4616 3017 4681 άξω
3057 4616 3114 4668 δὲ
3158 4615 3282 4676 τοὺς
3329 4612 3458 4683 πρὸς
3502 4612 3603 4680 τὴν

2045 4715 2257 4785 σφαγὴν
2289 4713 2353 4766 ἐκ
2381 4711 2487 4765 τῶν
2514 4709 2725 4763 οίκείων
2757 4708 2933 4779 ἔργων
2964 4707 3329 4775 ἐκκειμένους,
3359 4702 3432 4765 ὡς
3458 4701 3603 4764 εἰκὸς

2044 4804 2270 4875 ἄγεσθαι
2298 4806 2433 4867 τούς
2455 4801 2726 4862 τοιούτους
2774 4801 2859 4851 ἐπ’
2907 4797 3059 4867 Mrem.
3102 4797 3211 4848 τῶν
3244 4793 3558 4848 Χαναναίων
3583 4809 3599 4823 ο

2043 4897 2104 4951 τὸ
2122 4896 2250 4966 γὰρ,
2273 4914 2292 4947 ι
2307 4892 2560 4965 Ποιμανῶ
2583 4892 2649 4945 τὰ
2670 4889 2914 4962 πρόϐατα
2941 4888 3040 4957 τῆς
3062 4884 3297 4954 σφαγῆς,
3320 4884 3431 4936 »ἵνα
3446 4879 3598 4953 εἴπῃ,

2043 4989 2124 5042 ὅτι
2192 4986 2313 5039 Ἐπὶ
2356 4984 2454 5055 τὴν
2503 4983 2715 5053 σφαγὴν
2765 4979 2957 5041 αὐτοὺς
3009 4976 3140 5040 ἄξω,
3186 4975 3282 5042 οὐχ
3324 4972 3398 5033 ὡς
3440 4969 3601 5028 αὐτὸς

2044 5079 2236 5142 ποιῶν,
2271 5077 2407 5131 άλλά
2453 5075 2530 5147 τῷ
2571 5075 2823 5144 ἀφιέναι·
2874 5070 2995 5124 ἐπεὶ
3040 5068 3133 5121 καὶ
3175 5064 3330 5118 τοῦτο
3369 5062 3488 5126 ἐθος
3534 5063 3601 5132 τῇ

2045 5171 2163 5242 θείᾳ
2192 5171 2381 5242 Γραφῇ
2402 5169 2462 5221 τὸ
2490 5168 2587 5238 τὴν
2615 5164 2958 5236 συγχώρησιν
2984 5165 3080 5231 τὴν
3103 5158 3248 5212 θείαν
3277 5157 3352 5219 ὡς
3374 5155 3601 5226 πρᾶγμα

2043 5262 2220 5331 λέγειν
2240 5279 2254 5292 ·
2284 5267 2357 5331 (p.
2377 5259 2501 5327 512)
2529 5254 2636 5311 οἶόν
2660 5260 2774 5310 ἐστι
2798 5256 2877 5317 τὸ,
2906 5272 2924 5304 ι
2949 5252 3254 5316 Ἐξέκλινας
3273 5247 3370 5311 τὰς
3387 5245 3604 5318 τρίϐους

2043 5357 2076 5424 ἡ
2086 5355 2199 5425 μῶν
2224 5354 2329 5408 ἀπὸ
2352 5353 2450 5423 τῆς
2476 5350 2593 5405 ὁδοῦ
2617 5365 2729 5403 σοιν
2756 5368 2774 5401 ι
2800 5349 2897 5417 οὐχ
2918 5347 2999 5399 ὅτι
3024 5345 3153 5407 Θεὸς
3182 5340 3470 5407 ἐξέκλινεν,
3493 5336 3603 5390 ἀλλ’

2044 5444 2124 5497 ὃτι
2168 5441 2505 5513 συνεχώρησε
2557 5439 2745 5494 παθεῖν
2798 5436 2939 5499 άπερ
2982 5436 3173 5495 αὐτοὺς
3206 5430 3461 5503 ἐκτρέψαι
3510 5426 3603 5481 τοῦ

2049 5535 2413 5605 προσήκοντος
2444 5527 2511 5603 ἦν
2534 5529 2711 5585 ἱκανά.
2731 5527 2803 5582 Τὸ
2827 5527 2903 5594 δέ,
2928 5526 3166 5594 «Εἰς-τὴν
3197 5522 3300 5592 γῆν
3330 5520 3604 5584 Χαναὰν,ο
