3992 6232
318 352 432 414 8³13

1235 353 1779 412 COMMENTARIUS
1809 350 1878 407 1N
1911 352 2279 412 ZACIIARIA'I
2304 355 2456 412 CAP.
2483 355 2578 413 XI.

3449 357 3556 415 574

324 472 599 528 τουτέστιν
635 471 725 527 ἐπ’
760 473 913 544 ὄψεσι
937 474 1044 528 τῶν
1082 474 1407 546 ἀλλοτρίων·
1458 476 1752 548 βαρύτερον
1782 473 1879 544 γὰρ

1992 473 2304 530 felicitatem
2356 483 2774 547 conspexerant,
2829 489 2977 531 nunc
3027 472 3212 532 subito
3245 472 3425 529 videre
3453 480 3553 529 bos

321 563 389 636 ἦν
419 565 482 619 τὸ
524 566 647 629 τοὺς
690 565 787 637 τὴν
834 566 1068 619 παλαιὰν
1107 568 1287 620 αὐτῶν
1318 569 1621 638 εὐπραγίαν
1661 568 1887 634 εἰδότας,

320 658 520 729 ἀθρόον
552 657 680 709 ἰδεῖν
706 659 764 710 ἐν
795 657 1052 721 τοιούτοις
1090 657 1513 730 ἐξεταζομένους
1542 664 1749 722 κακοῖς.

395 746 540 816 Στίχ.
572 745 637 808 ζ’,
661 752 733 817 η’.
762 775 827 787 -—
858 748 996 800 «Καὶ
1019 747 1254 819 λήψομαι
1283 749 1503 817 ἐμαυτῷ
1527 749 1619 801 δύο
1642 749 1888 819 ῥάϐδους,

321 839 425 907 τὴν
455 839 584 909 μίαν
611 839 845 892 ἐκάλεσα
880 839 1093 905 κάλλος,
1126 841 1218 893 καὶ
1256 840 1353 910 τὴν
1395 840 1648 911 δευτέραν
1688 843 1890 895 ἐπεκά-

322 930 454 983 λεσα
482 930 767 1001 σχοίνισμα
789 950 801 963 ·
846 932 936 985 καὶ
966 932 1214 1002 ποιμανῶ
1241 932 1307 985 τά
1336 933 1599 1003 πρόϐατα.
1627 953 1646 984 ι
1688 934 1784 996 “Ac;
1807 933 1891 986 δέ-

320 1022 469 1077 δωκα
516 1023 697 1085 αὐτοῖς
723 1064 739 1087 ,
792 1023 955 1093 φησὶν
982 1062 997 1084 ,
1050 1026 1131 1085 είς
1182 1023 1473 1094 ἡγεμονίαν
1536 1024 1889 1087 συντελούσας

323 1112 518 1184 ἀρχάς,
555 1113 826 1183 βασιλείαν
868 1131 925 1166 τε
966 1115 1059 1167 καὶ
1099 1114 1414 1184 ἱερωσύνην,
1443 1111 1527 1177 αἷς
1564 1114 1626 1183 δὴ
1659 1115 1891 1183 μάλιστα

324 1206 645 1276 κοσμεῖσθαί
695 1223 753 1258 τε
800 1206 995 1269 αὐτοὺς
1040 1208 1131 1259 καὶ
1177 1206 1595 1278 συγκρατεῖσθαι
1644 1207 1779 1276 πρὸς
1828 1206 1889 1258 τὸ

322 1298 440 1351 δέον
478 1300 665 1370 ἐχρῆν,
694 1298 913 1362 ταύτας,
946 1300 1128 1371 ἐπειδὴ
1161 1300 1420 1369 μοχθηροὶ
1447 1301 1538 1353 τὸν
1564 1300 1763 1370 τρόπον
1799 1316 1891 1367 γε-

321 1392 562 1459 γόνασιν,
605 1391 816 1459 ἀφελὼν
843 1390 901 1456 ἐξ
927 1392 1124 1456 αὐτῶν,
1161 1393 1436 1463 ἡγήσομαι
1479 1392 1653 1446 αὐτῶν
1692 1391 1783 1444 ἐπὶ
1809 1408 1888 1443 τι⁴

324 1485 504 1555 μωρίᾳ
534 1483 717 1537 λοιπόν
737 1500 749 1512 ·
798 1483 827 1536 ὃ
853 1484 957 1554 γὰρ
986 1479 1137 1536 εἶπεν
1175 1484 1450 1556 ἀνωτέρω,
1496 1504 1513 1535 ι
1534 1483 1792 1553 Ποιμανῶ
1820 1483 1886 1537 τά

320 1575 574 1646 πρόϐατα
600 1576 698 1646 τῆς
730 1577 963 1646 σφαγῆς,
994 1596 1012 1628 ι
1060 1574 1216 1628 τοῦτο
1253 1576 1413 1628 πάλιν
1450 1574 1680 1629 ἐνταῦθα
1707 1576 1887 1628 δευτε-

323 1665 434 1736 ρῶν
480 1662 624 1731 εἷπε,
667 1664 806 1720 «Καὶ
839 1667 1109 1736 ποιμαινῶ
1147 1667 1216 1720 τά
1265 1667 1527 1737 πρόϐατα.
1573 1667 1680 1719 Καὶ
1710 1666 1886 1738 ἐξαρῶ

318 1757 449 1820 τοὺς
478 1760 627 1828 τρεῖς
663 1759 921 1828 ποιμένας
947 1761 1004 1811 ἐν
1037 1758 1166 1829 μηνὶ
1191 1760 1290 1811 ἐνί.
1328 1778 1345 1810 ι
1390 1758 1525 1812 Ούδέ
1564 1758 1794 1811 ἐνταῦθα
1824 1758 1884 1812 τὸ

321 1817 484 1916 τρεῖς
513 1817 737 1919 άριθμδν
758 1817 1015 1918 ’βούλεται
1037 1817 1230 1918 ’λέγειν
1249 1889 1263 1914 ,
1311 1849 1424 1903 ἀλλ’
1452 1849 1748 1921 ἐπειδήπερ
1777 1851 1885 1904 ἀπὸ
1914 1817 1956 1871 Β

334 1938 512 2009 Ἰησοῦ
536 1938 628 1991 τοῦ
663 1939 904 1991 Ἰωσεδὲκ
936 1939 1124 2010 μέχρις
1153 1939 1375 1992 ἐκείνων
1414 1939 1520 1992 τῶν
1550 1939 1754 2010 καιρῶν
1780 1940 1885 1993 ὑπὸ

320 2027 664 2099 ἀρχιερεῦσιν
686 2029 1058 2098 ἐποιμαίνοντο
1087 2028 1347 2098 δοκίμοις,
1366 2030 1665 2093 Ἀπαντας,
1699 2028 1881 2097 φησὶν,

314 2121 563 2182 ἐκείνους
612 2120 738 2183 τοὺς
784 2118 961 2191 ἱερέας
1013 2119 1140 2182 τοὺς
1216 2120 1470 2188 δοκίμους
1521 2119 1609 2187 ὑφ’
1658 2119 1738 2170 ἐνὶ
1805 2118 1883 2191 τῷ

316 2208 498 2282 καιρῷ
522 2209 734 2273 παύσω,
755 2210 842 2263 ὅτε
864 2208 927 2279 δὴ
955 2208 1088 2279 πρὸς
1114 2209 1175 2261 τὸ
1199 2212 1373 2279 χεῖρον
1395 2202 1538 2262 οὗτοι
1561 2208 1879 2280 τραπέντες,

316 2303 438 2355 ἀντὶ
465 2302 567 2371 τῆς
592 2302 895 2372 κρείττονος
927 2300 1223 2370 ἱερωσύνης
1252 2301 1343 2355 καὶ
1365 2290 1614 2370 νομίμου,
1648 2301 1747 2371 τὴν
1772 2301 1883 2368 χεί-

318 2413 449 2466 ρονα
491 2396 588 2449 καὶ
620 2395 931 2465 παράνομον
960 2395 1171 2456 ἑαυτοῖς
1201 2393 1553 2458 ἐπιλέξονται.
1599 2391 1883 2455 Είωθότως

313 2489 427 2559 γὰρ
457 2487 526 2540 τὰ
555 2486 914 2557 συμϐαίνοντα
959 2487 1139 2549 αὐτοῖς
1178 2486 1323 2539 κακὰ
1360 2484 1435 2555 τῷ
1473 2483 1746 2555 προσώπῳ
1786 2484 1879 2538 τοῦ

312 2576 453 2631 Θεοῦ
499 2578 808 2646 περιάπτει,
857 2576 931 2639 ὡς
974 2577 1040 2630 ἂν
1070 2578 1128 2629 ἐν
1158 2578 1425 2647 τιμωρίας
1473 2577 1600 2628 εῖδει
1643 2576 1882 2645 φαίνοιτο

312 2670 494 2723 πάντα
524 2669 705 2731 αὐτοῖς
751 2667 1135 2739 περιγεγονότα
1173 2668 1241 2720 τὰ
1286 2668 1470 2739 χείρω.
1518 2658 1672 2720 Οὕτω
1716 2668 1810 2720 καὶ
1851 2669 1881 2721 ό

317 2758 587 2827 μακάριος
615 2757 758 2825 λέγει
787 2756 1013 2820 Παῦλος,
1060 2756 1135 2828 (p.
1170 2757 1295 2825 515)
1339 2756 1467 2808 ποτὲ
1496 2755 1615 2826 μὲν,
1671 2774 1690 2807 ι
1733 2756 1880 2826 Παρ-

315 2849 520 2902 έδωκεν
552 2847 747 2911 αὐτοὺς
764 2848 792 2900 ὁ
813 2847 944 2911 Θεὸς
972 2849 1050 2911 είς
1079 2848 1332 2918 ἀδόκιμον
1352 2847 1494 2911 νοῦν,
1528 2865 1546 2898 ι
1577 2847 1675 2916 οὐχ
1693 2846 1767 2910 ὼς
1785 2846 1877 2900 τοῦ

315 2941 451 2993 θεοῦ
488 2940 834 3011 παραδόντος,
872 2939 986 2994 ἀλλ’
1015 2941 1072 2992 ἐν
1099 2940 1364 3011 τιμωρίας
1398 2939 1549 3009 μέρει
1572 2938 1759 3002 τιθεὶς,
1787 2939 1879 2991 καὶ

314 3034 415 3104 τὴν
438 3033 655 3104 χείρονα
687 3032 893 3103 αἵρεσιν
922 3031 1030 3084 τῶν
1057 3031 1191 3099 πρὸς
1221 3030 1378 3083 τοῦτο
1402 3031 1684 3094 νευόντων,
1709 3030 1783 3093 ὼς
1812 3030 1878 3095 ἂν

1991 578 2069 625 tot
2099 571 2256 625 malis
2282 571 2578 627 exercitos.

2060 752 2223 808 Vsus.
2262 753 2314 817 7,
2345 758 2399 807 8.
2428 781 2500 792 —
2537 753 2642 806 tEt
2696 767 2910 809 sumam
2966 750 3097 807 mihi
3163 749 3298 806 (luas
3347 750 3547 820 virgas,

1993 862 2154 899 unam
2185 846 2448 915 appellavi
2481 844 2756 908 decorem,
2796 852 2851 900 et
2878 846 3101 899 alteram
3134 842 3453 904 funiculum,
3493 850 3553 897 et

1993 951 2211 1005 pascam
2237 949 2385 989 oves.
2411 954 2429 985 ι
2464 935 2611 1000 Quas
2639 932 2759 987 dedi
2791 933 2871 987 eis
2906 931 3153 1002 regimini
3184 938 3339 1000 aptas
3374 930 3550 1003 digni-

1992 1038 2150 1087 tates.
2209 1041 2435 1097 regnum
2473 1039 2537 1079 ac
2566 1023 2953 1087 sacerdotium,
2981 1023 3179 1093 quibus
3207 1021 3545 1091 potissimum

1991 1121 2172 1175 ornari
2224 1134 2317 1175 eos
2367 1127 2530 1187 atque
2582 1115 2648 1170 ad
2696 1125 2904 1171 rectum
2962 1130 3164 1169 morem
3216 1110 3544 1167 conformari

1991 1212 2295 1281 oportebat,
2331 1210 2429 1265 has
2457 1224 2558 1280 ego
2590 1215 2875 1278 postquam
2914 1221 3080 1276 pravo
3105 1220 3255 1259 more
3281 1219 3403 1259 esse
3427 1216 3544 1256 cte-

1992 1311 2188 1374 perunt
2242 1303 2432 1358 iisdem
2482 1300 2742 1370 eripiens,
2797 1298 2990 1352 ducam
3033 1312 3127 1351 eos
3176 1294 3429 1363 deinceps
3479 1291 3546 1347 ad

1990 1396 2336 1465 supplicium.
2389 1394 2527 1449 Nam
2576 1390 2718 1461 quod
2774 1389 3024 1459 superius
3072 1388 3229 1449 dixit,
3282 1385 3544 1440 «Pascam

1987 1503 2117 1543 oves
2140 1486 2466 1553 occisionis;
2492 1505 2511 1537 ι
2532 1500 2676 1540 nunc
2697 1486 2891 1540 iterum
2926 1484 3000 1537 ait
3025 1499 3039 1535 :
3088 1474 3455 1535 «Pascotoves.
3483 1477 3547 1531 Et

1990 1578 2236 1633 auferam
2270 1584 2381 1633 tres
2418 1585 2668 1646 pastores
2697 1577 2750 1631 in
2780 1590 2965 1630 mense
2990 1587 3116 1627 uno.
3140 1588 3160 1624 ι
3194 1571 3269 1624 Ne
3296 1570 3396 1624 hoc
3425 1570 3546 1622 loco

1986 1670 2209 1741 quidem
2242 1669 2571 1724 vocabulum
2591 1670 2759 1718 «tres:
2779 1664 3051 1737 significat
3078 1677 3394 1725 numerum;
3448 1659 3543 1714 sed

1987 1764 2113 1835 quia
2141 1761 2239 1817 abs
2261 1760 2387 1815 Jesu
2409 1758 2657 1815 Josedeci
2688 1773 2860 1828 usque
2882 1756 2948 1810 ad
2976 1756 3067 1810 illa
3091 1762 3335 1823 tempora
3363 1767 3393 1804 a
3416 1766 3547 1821 pon-

1984 1853 2218 1907 tificibus
2254 1851 2438 1921 probis
2463 1850 2597 1903 recti
2624 1847 2858 1911 fuerunt,
2878 1852 3096 1907 Omnes,
3122 1843 3319 1913 inquit,
3342 1841 3545 1912 probos

1985 1944 2107 1998 illos
2144 1943 2432 2019 pontifices
2467 1956 2578 1996 uno
2619 1950 2860 2010 tempore
2899 1937 3148 1993 desinere
3180 1934 3397 1999 faciam,
3427 1947 3539 2004 quo

1983 2022 2234 2092 videlicet
2290 2033 2380 2089 isti
2429 2033 2496 2087 ad
2537 2032 2776 2088 deterius
2823 2028 3098 2091 conversi,
3158 2041 3258 2097 pro
3323 2024 3546 2080 meliore

1982 2126 2330 2197 legitimoque
2398 2122 2728 2187 sacerdotio,
2795 2120 3033 2177 deterius
3090 2126 3144 2174 et
3202 2116 3542 2186 illegitimum

1981 2219 2203 2272 malent.
2235 2215 2383 2270 More
2406 2215 2550 2270 enim
2591 2211 2820 2268 solemni
2848 2209 3008 2283 345
3039 2224 3160 2276 suo,
3190 2222 3313 2279 qua:
3337 2203 3543 2261 Iudaeis

1981 2309 2323 2373 eveniebant,
2362 2308 2417 2362 in
2454 2306 2548 2361 Dei
2581 2319 2865 2376 personam
2896 2302 3124 2365 confert,
3153 2310 3211 2355 ut
3248 2299 3352 2356 sub
3373 2312 3545 2369 paena

1982 2403 2163 2474 specie
2192 2406 2487 2471 appareant
2525 2411 2715 2453 omnes
2747 2410 2869 2466 quae
2897 2394 3006 2449 illis
3035 2392 3362 2461 contingunt
3398 2390 3544 2443 cala-

1980 2496 2216 2549 mitates.
2244 2493 2336 2548 Sic
2361 2493 2523 2546 etiam
2558 2489 2749 2545 beatus
2786 2486 2989 2541 Paulus
3019 2484 3181 2539 modo
3215 2483 3322 2536 ait:
3361 2499 3381 2532 ι
3405 2478 3544 2535 Tra-

1980 2584 2116 2640 didit
2150 2585 2272 2638 illos
2314 2583 2457 2637 Deus
2495 2579 2839 2650 passionibus
2885 2574 3191 2646 ignominiae
3208 2573 3331 2639 υς»
3382 2572 3543 2624 modo

1981 2682 2199 2729 autem:
2247 2692 2265 2724 ι
2292 2671 2538 2726 Tradidit
2582 2669 2705 2723 illos
2752 2666 2893 2721 Deus
2931 2664 3164 2736 reprobo
3202 2660 3386 2719 sensui
3411 2658 3535 2726 ⁷³;»

1980 2782 2087 2821 non
2115 2764 2259 2836 quod
2300 2763 2444 2819 Deus
2469 2776 2660 2832 reapse
2700 2756 3001 2821 tradiderit,
3053 2768 3238 2810 verum
3269 2752 3325 2808 id
3367 2765 3542 2823 pmnae

1979 2860 2099 2915 loco
2124 2859 2295 2927 ponit,
2328 2862 2547 2926 propter
2569 2852 2805 2923 peiorem
2841 2849 3163 2905 electionem
3192 2847 3409 2901 illorum
3444 2844 3539 2913 qui

1978 2950 2047 3005 ad
2072 2951 2260 3005 vitium
2290 2947 2639 3019 spectabant;
2674 2942 2831 3014 quasi
2862 2941 2898 2996 ii
2930 2954 2961 2994 a
2981 2940 3164 2994 divina
3184 2937 3350 2993 tutela
3378 2934 3543 2991 alieni

1977 3050 2185 3106 essent,
2219 3040 2475 3111 quoniam
2518 3039 2653 3093 adeo
2684 3044 3059 3109 contumacem
3112 3032 3178 3090 ad
3211 3032 3405 3087 vitium
3438 3043 3538 3085 ce-

313 3124 424 3178 τῶν
456 3124 708 3178 τοιούτων
736 3122 1193 3194 ἀλλοτριουμένων
1240 3121 1336 3191 μὲν
1381 3123 1478 3190 τῆς
1528 3121 1676 3186 Θείας
1722 3122 1877 3192 κηδε-

1980 3143 2169 3206 perant
2198 3133 2620 3188 inclinationem.
2648 3129 2760 3186 Hoc
2784 3129 2947 3200 igitur
2967 3128 3129 3183 etiam
3154 3125 3274 3179 loco
3300 3125 3376 3177 ait
3399 3122 3537 3188 fore.

315 3216 530 3287 μονίας,
579 3214 720 3268 οὕτω
756 3214 811 3267 δὲ
853 3212 1261 3284 ἀμεταμέλητον
1305 3212 1402 3281 τὴν
1451 3215 1508 3264 ἐν
1552 3211 1630 3282 τῷ
1675 3213 1875 3287 χείρονι

312 3307 697 3377 λαμϐανόντων
725 3307 913 3377 ῥοπήν.
947 3303 1237 3357 Κάνταῦθα
1260 3300 1351 3357 οὖν
1382 3302 1537 3357 τοῦτό
1564 3321 1744 3372 φησιν,
1770 3304 1873 3369 ὅτι,

313 3397 657 3467 Παυθήσεται
691 3396 787 3467 μὲν
819 3396 906 3465 ὑφ’
934 3395 1012 3448 ἐνί
1035 3413 1137 3448 τινι
1160 3395 1334 3467 καιρῷ
1358 3412 1370 3424 ·
1411 3395 1566 3449 τοῦτο
1600 3395 1708 3467 γὰρ
1730 3396 1877 3465 λέγει

310 3491 402 3549 τὸ,
458 3491 545 3542 Ἐν
578 3490 704 3559 μηνὶ
737 3488 817 3542 ἐνὶ
846 3489 877 3558 ἡ
911 3488 1018 3540 τῶν
1057 3487 1220 3540 πάλαι
1271 3486 1452 3550 καλῶς
1487 3489 1877 3558 ποιμαινόντων

310 3581 512 3643 αὐτοὺς
553 3578 838 3633 ἐπιστασία
861 3597 874 3610 ·
921 3579 1129 3632 ἔσονται
1159 3579 1215 3631 δὲ
1255 3579 1357 3631 ὑπό
1392 3596 1543 3643 τινας
1575 3579 1878 3650 μοχθηροὺς

313 3673 409 3725 καὶ
446 3672 773 3743 παρανόμως
817 3673 882 3739 τῇ
923 3672 1225 3740 προστασίᾳ
1266 3670 1435 3740 ταύτῃ
1486 3672 1873 3741 κεχρημένους,

316 3784 340 3816 ι
374 3764 482 3818 Καὶ
511 3762 900 3835 βαρυνθήσεται
928 3763 960 3831 ἡ
986 3761 1129 3831 ψυχή
1166 3778 1264 3831 μου
1299 3762 1383 3814 ἐπ’
1418 3762 1632 3823 αὐτούς.
1660 3781 1678 3813 ι
1714 3763 1875 3816 Ὅθεν

311 3859 378 3927 δὴ
418 3858 651 3927 μάλιστα
716 3856 964 3926 μέγιστον
1025 3854 1143 3907 κατ’
1203 3852 1381 3906 αὐτῶν
1440 3854 1765 3924 ἀναδέχομαι
1816 3854 1876 3907 τὸ

317 3955 493 4023 μῖσος,
521 3948 661 4017 ὁρῶν
684 3948 875 4011 αὐτοὺς
895 3948 1015 4000 ἀντὶ
1042 3945 1295 3999 τοιούτων
1317 3947 1539 3999 τοιαῦτα
1568 3948 1872 4016 ἑλομένους,

311 4043 410 4097 καὶ
440 4040 584 4093 οὕτω
624 4038 1019 4108 ἐκϐεϐληκότας
1070 4038 1166 4108 μὲν
1196 4037 1264 4089 τὰ
1298 4037 1549 4108 κρείττω,
1594 4037 1874 4107 ἑλομένους

310 4135 369 4186 δὲ
400 4133 470 4186 τὰ
505 4133 688 4204 χείρω.
734 4132 841 4185 Καὶ
868 4131 1079 4193 δεικνὺς
1105 4132 1185 4183 ὃτι
1224 4129 1435 4184 δικαίαν
1465 4132 1644 4192 αὐτοῖς
1674 4130 1874 4200 ταύτην

310 4225 562 4297 ἐπήγαγε
595 4224 693 4295 τὴν
725 4223 1014 4294 τιμωρίαν,
1050 4223 1164 4276 ἀνθ’
1195 4216 1271 4276 ὧν
1300 4222 1452 4275 αὐτοὶ
1484 4223 1763 4290 γεγόνασιν
1797 4225 1876 4276 oi-

309 4317 438 4388 κείᾳ
479 4314 750 4387 μοχθηρίᾳ
795 4313 973 4369 κακοί.
1021 4332 1040 4365 ι
1087 4314 1194 4367 Καὶ
1239 4314 1351 4386 γὰρ
1399 4315 1453 4367 αἱ
1492 4314 1659 4384 ψυχαὶ
1698 4314 1873 4368 αὐτῶν

308 4407 622 4477 ἐπωρύοντο
643 4408 726 4459 ἐπ’
749 4405 868 4475 ἐμέ.
895 4425 913 4457 ι
944 4405 1178 4478 Τοιαύτῃ
1204 4404 1329 4477 γάρ,
1357 4406 1533 4476 φησὶν.
1557 4408 1872 4478 ἐχρησάμην

1980 3237 2038 3281 ut
2080 3242 2143 3282 ea
2196 3240 2376 3281 rerum
2417 3221 2655 3278 conditio
2698 3235 2807 3275 uno
2853 3215 3253 3290 quodammodo
3301 3223 3543 3284 tempore

1978 3318 2210 3374 desinat.
2250 3315 2340 3370 Sic
2378 3313 2523 3369 enim
2574 3310 2921 3382 intelligenda
2960 3316 3087 3363 sunt
3118 3307 3277 3361 verba
3310 3323 3323 3360 :
3358 3304 3542 3360 Mense

1978 3426 2088 3469 uno
2122 3408 2335 3464 desinet
2362 3406 2629 3463 bonorum
2662 3403 2804 3474 apud
2827 3417 2923 3458 eos
2953 3408 3232 3471 pastorum
3264 3398 3536 3468 dignitas;

1978 3511 2031 3558 et
2061 3500 2385 3572 quibusdam
2422 3498 2782 3567 subjicientur
2816 3493 3101 3564 improbis,
3137 3491 3227 3559 qui
3260 3489 3539 3558 illegitime

1978 3608 2191 3648 sacrum
2215 3592 2361 3646 hunc
2389 3590 2761 3660 magistratum
2792 3584 3068 3640 tenebunt.
3106 3600 3125 3632 ι
3148 3580 3212 3635 Ει
3237 3596 3377 3649 aegre
3402 3580 3538 3634 feret

1979 3687 2099 3740 illos
2138 3684 2317 3738 anima
2344 3697 2482 3736 mea.
2511 3700 2530 3734 ι
2568 3679 2704 3733 Hinc
2732 3692 2832 3747 ego
2867 3676 3102 3730 maximo
3133 3688 3227 3728 eos
3253 3671 3379 3725 odio
3408 3684 3536 3740 pro-

1977 3789 2195 3844 sequar,
2224 3773 2411 3827 videns
2431 3786 2526 3826 eos
2553 3769 2675 3823 talia
2706 3782 2815 3838 pra:
2841 3766 3039 3820 talibus
3066 3764 3349 3824 maleutes,
3373 3768 3536 3829 atque

1976 3867 2052 3920 ita
2081 3865 2306 3921 dimisso
2335 3862 2575 3916 melioris
2599 3860 2672 3913 rei
2714 3858 2916 3918 studio,
2951 3856 3134 3927 pejora
3179 3852 3354 3925 sequi.
3386 3851 3536 3906 Mox-

1975 3971 2081 4025 que
2136 3952 2375 4009 ostendit
2425 3966 2484 4008 se
2529 3951 2731 4019 justam
2787 3948 2895 4001 illis
2941 3945 3236 4000 adduxisse
3291 3957 3531 4014 pmnam,

1976 4052 2261 4115 propterea
2313 4042 2457 4113 quod
2516 4042 2619 4111 ipsi
2690 4048 2987 4110 spontanea
3041 4036 3245 4090 malitia
3302 4030 3571 4102 improbi'

1975 4143 2278 4193 evaserant.
2306 4134 2610 4204 «Siquidem
2629 4133 2820 4186 animae
2839 4145 3023 4185 eorum
3044 4128 3327 4198 rugiebant
3346 4132 3532 4179 contra

1975 4246 2115 4285 me.»
2161 4227 2548 4297 Hoc,inquam,
2573 4226 2751 4278 anitno
2774 4223 2847 4277 fui
2876 4222 3136 4276 adversus
3165 4219 3308 4280 illos,
3327 4215 3450 4285 quia
3478 4220 3534 4267 et

1975 4322 2052 4377 illi
2085 4321 2319 4376 ferarum
2374 4319 2545 4373 instar
2584 4323 2771 4370 contra
2814 4329 2901 4368 me
2949 4313 3183 4367 furorem
3227 4321 3383 4361 suum
3434 4318 3533 4360 ex-

1976 4418 2392 4485 prompserunt:
2444 4423 2566 4462 nam
2594 4406 2852 4476 quidquid
2886 4411 3075 4459 contra
3114 4399 3315 4471 probos
3343 4410 3529 4452 sacer-

309 4496 506 4570 γνώμῃ
557 4489 678 4567 περὶ
726 4497 941 4559 αὐτοὺς,
987 4497 1171 4566 ἐπειδὴ
1217 4496 1452 4550 κάκεῖνοι
1482 4497 1635 4567 δίκην
1668 4497 1869 4569 Θηρίων

1980 4506 2126 4560 dotes
2157 4511 2405 4573 egerunt,
2460 4500 2723 4554 adversus
2771 4512 2857 4551 me.
2896 4492 3183 4549 manifeste
3226 4490 3343 4545 ausi
3380 4495 3527 4543 sunt.

309 4591 436 4644 κατ’
464 4589 595 4660 ἐμοῦ
628 4590 716 4643 τὸν
752 4589 919 4660 θυμὸν
951 4589 1129 4643 αὐτῶν
1163 4586 1432 4652 ἐξέτειναν
1458 4604 1471 4619 ο
1517 4589 1699 4660 ἐπειδὴ
1730 4590 1868 4663 ειπερ

306 4681 389 4744 είς
414 4683 539 4743 τοὺς
564 4680 816 4750 δοκίμους
840 4680 1104 4747 ἔπραττον
1131 4680 1326 4750 ἱερέας,
1356 4680 1435 4743 είς
1466 4680 1564 4750 ἐμὲ
1594 4680 1870 4751 προδήλως

305 4766 551 4836 ἐτόλμων
574 4783 589 4797 ο
638 4762 746 4820 οἷόν
791 4769 905 4820 ἐστι
946 4766 1007 4820 τὸ
1040 4767 1173 4839 πρὸς
1197 4767 1287 4822 τὸν
1317 4768 1587 4839 Σαμουὴλ,
1646 4788 1666 4821 ι
1697 4771 1771 4824 Οὐ
1810 4772 1869 4823 σέ

306 4857 746 4923 ἐξουδενῶκασιν,
783 4859 896 4912 ἀλλ’
928 4858 1045 4928 ἐμέ.
1080 4877 1098 4909 ι

378 4944 527 5014 Στίχ.
554 4944 619 5010 θ’,
657 4952 705 5000 ι’.
731 4977 801 4989 -—
830 4964 850 4999 ι
887 4949 994 5001 Καὶ
1043 4943 1215 5009 εἷπον,
1240 4948 1313 5003 Οὐ
1357 4950 1604 5020 ποιμανῶ
1640 4950 1802 5021 ὑμᾶς.
1845 4969 1864 5003 ι

317 5037 604 5093 Ἐντεῦθεν
630 5038 723 5093 τοῦ
752 5056 812 5092 τε
851 5041 1160 5111 ποιμαίνειν
1189 5041 1381 5105 αὐτοὺς
1407 5043 1648 5114 ἀπέστην
1665 5045 1755 5097 καί
1773 5045 1866 5098 τοῦ

301 5132 405 5201 τὴν
458 5133 840 5205 προσήκουσαν
892 5133 1068 5203 αὐτῶν
1110 5133 1425 5205 ἐπιμέλειαν
1474 5134 1549 5197 ὡς
1585 5135 1869 5205 προϐάτων

302 5224 525 5279 οἰκείων
575 5223 862 5278 ποιεῖσθαι.
906 5224 1112 5289 Ἔδειξε
1157 5225 1212 5277 δέ
1246 5225 1327 5277 ὃτι
1356 5227 1412 5277 ἐν
1439 5228 1550 5287 τοῖς
1582 5226 1869 5297 ἁνωτέροις

303 5315 368 5368 τὸ
389 5333 407 5364 σ
437 5316 683 5385 ποιμανῶ
704 5335 722 5368 ι
742 5318 832 5370 ἐπὶ
850 5315 966 5381 τοῦ,
992 5314 1300 5386 Παραδώσω
1322 5317 1385 5385 τῇ
1411 5317 1667 5387 τιμωρίᾳ,
1698 5317 1865 5385 λέγει.

306 5410 385 5475 (p.
420 5406 544 5476 514)
586 5406 848 5461 Ἐνταῦθα
878 5407 1008 5475 γοῦν
1032 5407 1213 5476 σαφῶς
1245 5406 1505 5472 τέθεικεν,
1530 5406 1589 5459 τὸ
1619 5427 1637 5457 ι
1665 5409 1724 5460 ού
1760 5426 1870 5462 ποι-

307 5497 529 5566 pavfb,»
558 5499 618 5552 τὸ
643 5500 1089 5572 μετ’ἐπιμελείας
1121 5498 1424 5569 ποιμαίνειν
1456 5499 1753 5569 σημαίνων,
1777 5501 1868 5554 καὶ

303 5590 387 5644 δτι
418 5590 618 5662 ταύτην
645 5594 826 5658 αὐτοῖς
866 5594 963 5664 ούχ
992 5592 1099 5657 ἐξει
1128 5593 1226 5664 τὴν
1285 5590 1598 5665 θεραπείαν.
1644 5591 1867 5660 Ἐπάγει

375 5742 421 5777 ’⁷⁸
456 5743 593 5803 Rom
651 5761 687 5810 ι,
714 5745 802 5800 ‘26.
880 5744 923 5775 ⁷³
960 5743 1092 5799 Ibid.
1123 5744 1211 5799 28.
1287 5746 1331 5778 ”
1370 5744 1389 5801 l
1425 5746 1552 5819 Reg.
1586 5764 1700 5816 \‘lll,
1741 5748 1789 5804 7.

1976 4594 2136 4649 Velut
2187 4592 2320 4647 illud
2377 4590 2444 4647 ad
2493 4588 2835 4646 Samuelem:
2894 4586 3053 4642 «Non
3093 4594 3145 4641 te
3193 4590 3528 4655 spreverunt.

1972 4686 2069 4742 sed
2097 4701 2184 4740 me
2206 4685 2270 4738 ⁷⁸.
2295 4703 2314 4737 ι

2042 4959 2207 5015 Vsus.
2231 4958 2284 5023 9,
2321 4957 2406 5012 10.
2432 4985 2504 4996 —
2540 4954 2645 5009 «Et
2698 4952 2850 5009 dixi:
2908 4951 3027 5008 Non
3086 4965 3303 5023 pascam
3353 4962 3469 5002 vos.
3496 4964 3515 4998 ι

1971 5052 2181 5106 Abhinc
2213 5065 2313 5120 ego
2352 5048 2521 5103 desivi
2572 5063 2601 5101 a
2640 5045 2913 5116 pascendo
2960 5059 3076 5107 vos,
3113 5050 3182 5105 ,οι
3229 5052 3516 5109 congruam

1972 5158 2157 5197 curam
2196 5142 2351 5211 quasi
2399 5140 2592 5195 ovibus
2620 5138 2855 5211 propriis
2883 5131 3259 5206 impertienda.
3295 5132 3519 5184 Demon-

1972 5234 2161 5289 stravit
2209 5234 2431 5303 insuper
2466 5223 3198 5303 vocabulumupascamnin
3229 5219 3522 5291 superiori-

1974 5326 2074 5379 bus
2112 5324 2314 5378 dictum
2364 5323 2533 5378 fuisse
2588 5336 2709 5393 pro,
2761 5316 3029 5388 supplicio
3075 5312 3306 5369 tradam.
3370 5309 3523 5363 Nunc

1971 5432 2102 5473 vero
2134 5416 2419 5471 manifeste
2455 5416 2637 5486 posuit
2668 5400 3143 5471 dictionem,tNou
3170 5399 3523 5474 pascam,isi-

1971 5506 2236 5577 gnificans
2274 5505 2512 5577 regimen
2543 5518 2666 5559 cum
2696 5498 2992 5569 diligentia,
3038 5508 3086 5552 et
3116 5494 3260 5565 quod
3290 5491 3393 5545 hoc
3416 5487 3523 5542 illis

1974 5611 2080 5651 non
2102 5596 2375 5652 exhibebit
2398 5594 2648 5649 cilicium.
2670 5589 2836 5646 Addit
2859 5603 3020 5659 ergo:
3056 5605 3074 5639 ι
3093 5582 3246 5652 Quod
3268 5583 3518 5644 moritur,
