4096 6234
485 323 592 381 B75

1675 317 2018 378 TllEODOBI
2049 318 2530 382 MOPSUESTENI

3607 328 3708 387 576

486 437 784 503 moriatur;
835 443 890 493 et
932 435 1076 507 quod
1127 437 1332 503 deficit,
1377 437 1634 506 deﬁciat;
1679 440 1842 512 35.8
1867 449 1922 497 et
1955 439 2047 510 qui

2163 440 2304 509 τοῦν·
2331 459 2350 494 ι
2375 441 2447 494 Tb
2463 441 2804 512 ἀποθνῆσκον
2825 441 3232 512 ἀποθνησκέτω,
3260 442 3352 494 καὶ
3380 440 3438 493 τὸ
3465 440 3710 495 ἐκλεῖπον

489 527 684 598 reliqui
715 526 916 582 fuerint
943 529 1231 582 comedant
1271 531 1647 601 unusquisque.
1678 547 1872 587 carnes
1924 547 2049 602 pro-

488 623 616 676 simi
667 622 813 678 sui.»
852 619 1058 684 Sinam,
1110 622 1306 692 inquit,
1351 640 1790 693 unumquemque
1815 639 1879 679 ex
1927 639 2054 693 pro-

488 715 605 783 pria
633 713 833 766 malitia
872 713 1151 783 percipere
1179 715 1536 784 punitionem,
1572 716 1801 770 invicem
1849 731 2050 770 consu-

489 804 760 858 mentibus
802 819 896 873 per
933 805 1327 868 contentiones,
1377 806 1773 870 dimicationes,
1824 817 1878 864 et
1921 809 2052 862 insi-

488 895 701 948 diarum
770 902 1124 948 structuram.
1189 895 1294 951 «Et
1351 912 1558 951 sumam
1619 897 1823 968 virgam
1878 915 2051 953 meam

487 988 804 1056 pulchram,
868 996 922 1042 et
988 989 1272 1059 projiciam
1333 1005 1452 1044 eam
1510 990 1578 1046 ob
1634 990 2050 1060 dispergendum

488 1087 874 1134 testamentum
907 1096 1108 1144 meum,
1143 1082 1288 1150 quod
1319 1091 1613 1138 statueram
1653 1098 1776 1136 cum
1801 1082 2055 1138 omnibus

489 1178 647 1225 terra:
685 1173 960 1241 pnpulis.o
1001 1173 1258 1227 Auferam
1310 1174 1752 1244 probatissimum
1812 1182 1866 1230 et
1913 1176 2056 1244 opti-

490 1279 637 1318 mum
666 1264 1054 1332 sacerdotium,
1086 1267 1232 1320 humi
1263 1266 1372 1333 jam
1402 1275 1736 1338 prostratum
1767 1270 1834 1324 ab
1862 1269 1930 1325 iis
1961 1270 2054 1341 qui

491 1368 932 1426 Oppugnaverant
969 1357 1133 1413 illud:
1169 1359 1300 1428 quin
1335 1369 1388 1414 et
1432 1370 1720 1416 extraneos
1750 1361 1818 1417 ab
1857 1377 1922 1417 eo
1955 1363 2055 1417 ah-

491 1448 759 1506 alienabo.
789 1447 922 1502 Nam
949 1450 1190 1504 extranei
1223 1451 1314 1520 qui
1342 1451 1510 1506 multo
1535 1459 1693 1508 antea
1721 1469 1844 1508 cum
1873 1454 2056 1509 studio

492 1537 559 1591 ad
599 1539 856 1608 templum
884 1555 1060 1594 meum
1094 1539 1441 1595 conﬂuebant
1475 1542 1545 1596 ob
1573 1541 1775 1596 rituum
1807 1558 2057 1600 reveren-

491 1628 622 1682 tiam
654 1631 744 1699 qui
786 1619 895 1685 illie
943 1631 1180 1700 legitime
1206 1632 1650 1701 perlicieliantur,
1701 1633 1803 1704 ipsi
1837 1650 2054 1705 quoque

493 1737 523 1775 a
569 1724 749 1792 priore
775 1725 1169 1780 consuetudine
1203 1725 1453 1780 recedent
1487 1738 1706 1796 propter
1736 1737 2053 1796 regnantem

494 1813 607 1867 illic
635 1813 1011 1869 confusionem
1043 1831 1106 1868 ac
1135 1816 1624 1884 perturbationem.
1661 1833 1689 1870 ει
1721 1819 1883 1872 solito
1922 1827 2056 1872 tem-

494 1906 566 1976 pli
613 1922 837 1963 accessu
877 1908 1142 1965 deterriti.
1177 1908 1289 1963 Hoc
1331 1909 1476 1963 enim
1519 1910 1824 1980 significant
1873 1911 2056 1977 verba,

497 1999 832 2070 «dispergere
860 2007 1243 2053 testamentum
1302 2015 1506 2064 meum,
1558 2002 1700 2071 quod
1759 2010 2056 2058 statueram

495 2102 617 2140 cum
645 2089 894 2144 omnibus
919 2095 1075 2145 terrae
1097 2091 1331 2160 pepulis.
1348 2111 1365 2144 ι
1381 2091 1787 2150 Dicitnimirnm
1806 2109 1819 2145 :
1839 2093 2058 2149 Curabo

498 2189 555 2232 ut
595 2180 828 2243 desinat,
876 2182 1018 2250 quod
1057 2183 1123 2236 ab
1166 2184 1440 2238 extraneis
1476 2167 1637 2238 etiam
1672 2193 1828 2239 antea
1864 2185 2056 2253 liebat;

497 2269 726 2338 propria:
768 2269 975 2324 scilicet
1014 2286 1256 2340 persona:
1299 2272 1749 2336 accommodans.
1799 2272 1943 2343 quod
1991 2289 2060 2329 ex

496 2361 723 2414 aliorum
775 2362 975 2415 malitia
1007 2363 1371 2430 contingebat.
1423 2361 1782 2429 Quamobrem
1833 2365 1945 2430 irae,
2001 2374 2062 2421 ut

496 2453 810 2522 summatim
836 2453 1033 2518 dicam,
1065 2454 1302 2523 pessima
1343 2454 1495 2525 signa
1526 2459 1884 2526 apparebunt.

576 2719 743 2776 Vens.
770 2722 858 2786 ll.
883 2722 971 2776 12.
998 2753 1069 2764 -
1105 2722 1202 2777 «Et
1233 2724 1323 2780 ﬁet
1358 2723 1627 2795 dispersio
1657 2726 1711 2781 in
1746 2726 1833 2784 die
1865 2727 1975 2796 illa,
2007 2737 2063 2785 et

498 2819 830 2880 cognoscent
857 2811 1148 2868 Chananaai
1178 2829 1307 2870 oves
1333 2830 1452 2884 quae
1476 2832 1560 2871 me
1585 2817 1902 2885 observant,
1934 2821 2060 2890 quia

499 2914 678 2954 sermo
723 2898 936 2954 Domini
987 2911 1132 2957 est.»
1172 2902 1348 2970 Tunc,
1393 2906 1588 2975 inquit,
1634 2907 1840 2963 desinet
1874 2909 2064 2966 adver-

498 2989 770 3044 sariorum
791 3005 918 3060 erga
942 2993 1202 3062 templum
1227 3009 1404 3049 meum
1426 2995 1768 3067 obsequium,
1794 3000 2063 3056 dissoluto

501 3080 580 3179 sic
611 3079 813 3135 laedere
837 3083 982 3182 quod
1008 3098 1130 3184 cum
1163 3085 1268 3141 illis
1304 3088 1644 3157 pepigeram:
1681 3092 1901 3161 notique
1931 3092 2060 3148 (ient
2087 3127 2129 3187 ο

498 3168 662 3223 etiam
693 3171 966 3226 extraneis
989 3174 1210 3243 quinam
1242 3193 1365 3232 vere
1396 3179 1498 3232 mei
1525 3179 1655 3244 sint,
1690 3191 1743 3236 et
1768 3182 2061 3240 voluntatis

501 3276 634 3315 mea:
669 3262 1021 3319 observanda:
1073 3268 1206 3322 satis
1246 3269 1506 3324 solliciti:
1563 3281 1617 3326 et
1647 3276 1789 3343 quod
1822 3274 2062 3331 divinum

501 3353 778 3409 decretum
818 3357 1078 3427 improbis
1133 3363 1272 3415 mala
1328 3363 1605 3431 immittit;
1663 3367 1881 3422 virtutis
1935 3383 2067 3423 vero

499 3444 784 3508 studiosis,
817 3445 941 3499 licet.
970 3449 1179 3515 paucis,
1212 3465 1397 3503 curam
1431 3453 1652 3506 multam
1679 3452 1972 3522 impendit;
2007 3462 2065 3508 ut

505 3547 630 3586 vere
671 3545 925 3604 appareat
974 3553 1146 3591 meam
1201 3540 1336 3608 Ipsis
1379 3541 1670 3593 amicitiam
1720 3543 1870 3595 lucro
1906 3557 2062 3609 esse;

503 3633 773 3692 quatenus
811 3633 1014 3680 tantam
1055 3628 1159 3682 mei
1194 3629 1586 3698 providentiam
1637 3633 1957 3698 sortiuntur,
2009 3642 2066 3686 ut

503 3714 833 3773 adversariis
859 3719 1044 3774 multis
1064 3728 1225 3789 atque
1249 3722 1558 3790 potentibus
1583 3722 1740 3778 facile
1767 3725 2061 3793 potiantur.

508 3806 709 3863 Deinde
759 3815 818 3862 ut
866 3811 1116 3865 ostendat
1166 3813 1412 3883 egregios
1463 3829 1686 3870 suorum
1739 3831 1939 3881 mores,
2001 3818 2068 3872 de

507 3897 828 3955 Macbabaais
876 3903 1087 3957 scilicet
1133 3904 1387 3974 loquens,
1439 3905 1530 3976 qui
1566 3921 1663 3976 pro
1696 3915 1853 3978 gente
1884 3919 1937 3962 et
1971 3925 2067 3980 pro

505 3990 705 4045 divinis
756 3992 964 4061 legibus
1016 3994 1212 4050 bellum
1266 4005 1457 4052 contra
1509 3998 1858 4056 Macedonum
1905 4001 2066 4073 347

507 4098 661 4153 reges
687 4095 996 4152 gesserunt,
1045 4086 1233 4142 addit:
1291 4107 1309 4139 ι
1333 4087 1398 4142 Et
1425 4089 1600 4144 dicam
1629 4091 1740 4146 eis:
1774 4092 1829 4147 Si
1866 4093 2066 4149 bonum

503 4185 590 4230 est
617 4173 672 4228 in
701 4183 995 4244 conspectu
1024 4185 1228 4243 vestro,
1261 4178 1384 4234 date
1410 4182 1712 4237 mercedem
1746 4199 1944 4250 meam,
1974 4193 2069 4239 aut

509 4266 781 4321 ren'uite.»
825 4267 1150 4339 Tantopere,
1193 4269 1387 4339 inquit,
1428 4273 1580 4340 probi
1628 4282 1791 4329 erunt
1822 4291 1949 4347 erga
1982 4293 2069 4332 me

508 4357 774 4430 ﬁrmique,
834 4367 892 4414 ut
935 4377 1035 4432 ego
1081 4361 1402 4418 llducialiter
1431 4366 1508 4420 eis
1536 4367 1715 4422 dicere
1743 4383 1972 4438 queam:
2011 4371 2066 4425 Si

2153 531 2438 597 ἐκλιπέτω,
2466 534 2557 585 καὶ
2583 533 2649 586 τά
2671 532 2971 586 κατάλοιπα
3013 529 3337 584 κατεσθιέτω
3367 531 3590 593 ἕκαστος
3615 549 3710 594 τας,

2154 624 2359 694 σάρκας
2381 624 2473 677 τοῦ
2507 625 2728 694 πλησίον
2741 624 2924 678 αὑτοῦ.
2954 642 2972 675 ι
3015 624 3236 692 Ἀφίημι
3264 622 3340 684 δὲ,
3375 623 3558 691 φησὶν,
3581 623 3698 674 ἐκα-

2153 731 2276 768 στον
2304 717 2368 768 ἐκ
2409 716 2505 785 τῆς
2535 715 2726 768 ἐαυτοῦ
2775 717 2972 778 κακίας
3010 714 3256 784 δέχεσθαι
3297 714 3392 781 τὴν
3419 713 3707 782 τιμωρίαν,

2151 803 2328 857 αὐτῶν
2356 803 2610 875 ἀλλήλους
2634 805 3041 869 ἀναλισκόντων,
3065 807 3184 866 ταῖς
3201 821 3256 854 τε
3292 803 3430 872 ἐρισι
3460 803 3553 854 καὶ
3578 805 3698 856 ταῖς

2155 895 2358 967 μάχαις
2394 897 2488 950 καὶ
2515 901 2580 968 τῇ
2609 899 2706 969 τῆς
2745 896 3035 963 ἐπιϐουλῆς
3079 895 3361 965 ἐμμελείᾳ.
3401 913 3419 946 ι
3454 895 3564 947 Kal.
3620 905 3683 965 λη

2151 988 2324 1057 ψομαι
2345 987 2442 1058 τὴν
2467 988 2659 1056 ῥάϐδον
2679 1005 2780 1056 μου
2808 988 2904 1056 τὴν
2936 985 3102 1056 καλήν
3119 986 3210 1038 καὶ
3238 985 3524 1056 ἀπορρίψω
3545 985 3710 1055 αὐτὴν

2153 1079 2248 1131 τοῦ
2277 1079 2622 1132 διασκεδάσαι
2652 1080 2747 1146 τὴν
2767 1077 3028 1147 διαθήκην
3048 1095 3171 1146 μου.
3202 1077 3266 1146 ἢν
3291 1075 3544 1147 διεθέμην
3578 1076 3707 1148 πρὸ,

2155 1171 2360 1232 πάντας
2385 1172 2508 1234 τοὺς
2565 1170 2724 1234 λαοὺς
2761 1169 2858 1239 τῆς
2894 1170 3010 1240 γῆς.
3045 1189 3061 1219 ι
3114 1167 3323 1238 Ἀφελῶ
3357 1168 3421 1238 δὴ
3445 1170 3543 1238 τὴν
3569 1169 3682 1222 δοκι

2158 1262 2410 1333 μωτάτην
2439 1261 2531 1316 καὶ
2561 1261 2791 1332 ἀρίστην
2814 1259 3128 1330 ἱερωσύνην,
3161 1260 3252 1311 καὶ
3281 1259 3449 1329 χαμαί
3478 1277 3577 1312 που
3601 1277 3686 1313 κει

2159 1352 2325 1423 μένην
2355 1352 2458 1406 ὑπὸ
2515 1351 2622 1404 τῶν
2681 1349 3090 1404 καταϐαλόντων
3122 1350 3308 1419 αὐτὴν,
3335 1350 3425 1419 ἀφ’
3453 1345 3519 1421 ἧς
3552 1367 3689 1421 μετα

2157 1446 2339 1514 στήσω
2377 1443 2468 1497 καὶ
2496 1444 2561 1500 τὰ
2586 1443 2689 1498 τῶν
2715 1442 2868 1504 ἐκτὸς
2891 1441 2981 1495 τοῦ
3020 1441 3203 1505 ἔθνους
3231 1443 3364 1514 πρὸς
3387 1443 3692 1498 τούναντίον

2157 1539 2218 1589 Οἱ
2248 1536 2352 1606 γὰρ
2390 1538 2452 1589 ἐκ
2480 1535 2584 1588 τῶν
2631 1534 2922 1604 ἀλλοτρίων
2947 1533 3084 1605 μετὰ
3109 1533 3307 1602 πολλῆς
3336 1535 3595 1605 πρότερον
3618 1535 3714 1605 τῆ,

2157 1623 2462 1695 προθυμίας
2521 1623 2613 1676 ἐπὶ
2659 1623 2748 1675 τὸν
2794 1624 2916 1675 ναὸν
2960 1623 3382 1693 κατατρέχοντες
3435 1623 3522 1675 τὸν
3561 1624 3713 1692 ἐμὸν,

2157 1716 2297 1768 αίδεῖ
2327 1715 2432 1766 τῶν
2465 1714 2649 1768 αὐτόθι
2671 1715 2913 1785 νομίμως
2934 1715 3349 1783 ἐκτελουμένων,
3382 1715 3684 1784 ἀποστήσον

2157 1828 2242 1862 ται
2267 1810 2357 1861 καὶ
2385 1802 2524 1862 οῦτοι
2558 1808 2724 1860 ταῦτα
2757 1808 2892 1861 αὐτὰ
2930 1810 3099 1860 ποιεῖν
3130 1807 3232 1858 ὑπὸ
3273 1806 3371 1876 τῆς
3416 1807 3718 1878 κρατούσης

2155 1901 2224 1956 τὰ
2255 1900 2440 1955 αὐτόθι
2487 1899 2795 1969 συγχύσεώς
2827 1917 2884 1953 τε
2919 1899 3011 1952 καὶ
3037 1897 3322 1966 ἀκοσμίας,
3353 1898 3556 1951 ἀνιέναι
3594 1915 3717 1950 συν-

2157 1994 2300 2064 ήθως
2323 1995 2400 2057 είς
2423 1993 2511 2046 τὸν
2532 1993 2658 2044 ναὸν
2686 1992 3034 2062 κωλυόμενοι.
3060 1989 3228 2044 Τοῦτο
3254 1987 3342 2044 οῦν
3363 1989 3528 2058 λέγει,
3554 2007 3570 2039 ι
3596 1989 3719 2040 Δια-

2160 2085 2411 2139 σκεδάσαι
2442 2083 2814 2155 τὴνδιαθήκην
2843 2100 2965 2153 μου,
2996 2083 3061 2152 ἢν
3091 2081 3342 2153 διεθέμην
3359 2081 3494 2152 πρὸς
3513 2079 3718 2143 πάντας

2157 2179 2282 2240 τοὺς
2332 2174 2492 2238 λαοὺς
2544 2175 2643 2245 τῆς
2683 2175 2786 2244 γῆς
2810 2192 2822 2205 ο
2862 2195 2880 2226 ι
2909 2175 2995 2227 ἴνα
3037 2174 3186 2244 εἴπῃ,
3213 2173 3292 2226 ὄτι
3329 2165 3528 2226 Παῦσω
3560 2169 3718 2222 τοῦτο

2158 2271 2457 2340 γινόμενον,
2488 2269 2516 2322 ὃ
2548 2270 2640 2321 καὶ
2664 2267 2814 2339 παρά
2845 2267 2951 2320 τῶν
3000 2265 3286 2338 ἀλλοτρίων
3314 2265 3554 2332 ἐγίγνετο
3587 2264 3719 2333 πρό-

2158 2378 2312 2432 τερον
2336 2377 2349 2390 ·
2385 2360 2459 2431 τῷ
2497 2359 2678 2429 οίκείῳ
2717 2357 2990 2430 προσώπῳ
3037 2357 3196 2409 πάλιν
3252 2356 3544 2427 περιτιθεὶς
3572 2356 3631 2407 τὸ
3657 2357 3721 2406 ἐκ

2159 2454 2256 2523 τῆς
2286 2454 2484 2524 ἐτέρων
2512 2452 2802 2522 συμϐαῖνον
2857 2450 3053 2512 κακίας
3080 2465 3091 2477 ·
3123 2449 3260 2501 ὥστε
3303 2448 3468 2518 ὀργῆς
3503 2447 3717 2507 αὐτοὺς,

2162 2546 2438 2615 συντόμως
2486 2545 2677 2610 εἰπεῖν,
2720 2543 2932 2597 ᾶπαντα
2979 2541 3047 2594 τὰ
3079 2541 3246 2611 χείρω
3289 2538 3570 2608 φαίνεσθαι
3625 2555 3721 2608 ση-

2163 2639 2308 2707 μεῖα.

2233 2728 2380 2797 Στίχ.
2412 2726 2500 2789 ια’,
2536 2726 2619 2796 ιβ’.
2648 2756 2717 2767 --
2761 2743 2780 2780 ι
2812 2724 2921 2778 Kal
2976 2722 3485 2791 διασκεδασθήσεται
3541 2721 3598 2772 ἐν
3656 2722 3721 2789 τῇ

2162 2821 2343 2891 ἡμέρα
2376 2818 2577 2888 ἐκείνῃ.
2600 2817 2674 2886 (p.
2698 2815 2823 2886 5l5)
2851 2815 2943 2868 καὶ
2960 2813 3253 2883 γνώσονται
3281 2815 3326 2865 οἱ
3350 2814 3633 2864 Χαναναῖοι
3659 2809 3725 2861 τὰ

2162 2910 2407 2981 πρόϐατα
2435 2910 2502 2964 τὰ
2544 2907 2926 2978 φυλασσόμενά
2960 2923 3048 2976 με,
3089 2905 3220 2958 διότι
3269 2906 3297 2956 ό
3327 2904 3483 2971 λόγος
3518 2903 3722 2971 Κυρίου

2161 2997 2297 3052 ἐστί.
2332 3017 2349 3049 ι
2389 2999 2539 3062 Τότε,
2580 2998 2731 3067 φησὶ,
2773 2995 3035 3049 παύσεται
3074 2995 3228 3064 μένή
3261 2993 3409 3064 παρά
3443 2992 3549 3044 τῶν
3575 2993 3723 3043 ἐναν-

2162 3089 2291 3144 τίων
2321 3091 2399 3153 είς
2424 3090 2512 3142 τὸν
2542 3090 2667 3143 ναὸν
2686 3088 2942 3158 γινομένη
2977 3086 3260 3157 θεραπεία,
3287 3084 3727 3154 συγκαταλυομέ-

2163 3197 2260 3250 vn;
2278 3181 2353 3244 ὡς
2379 3182 2522 3243 είκὸς
2549 3181 2720 3251 τούτῳ
2739 3182 2835 3249 τῆς
2855 3179 3116 3250 διαθήκης
3143 3181 3208 3250 ἣν
3237 3179 3371 3248 πρὸς
3392 3179 3586 3239 αὐτοὺς
3611 3177 3727 3230 ἐθέ-

2168 3290 2298 3343 μηνο
2330 3273 2539 3325 ἔσονται
2564 3271 2618 3324 δέ
2638 3271 2903 3342 γνώριμοι
2925 3272 3019 3325 καὶ
3045 3274 3155 3333 τοῖς
3170 3270 3467 3340 ἀλλοτρίοις
3499 3271 3544 3321 οί
3561 3270 3728 3332 ὅντως

2165 3364 2308 3434 ἐμοὶ,
2353 3366 2446 3416 καὶ
2503 3363 2699 3434 πολλὴν
2737 3364 2834 3432 τῆς
2865 3363 2974 3416 τῶν
3011 3363 3133 3433 ἐμοὶ
3163 3361 3458 3415 δοκούντων
3485 3359 3728 3429 φυλακῆς

2165 3452 2376 3524 ἔχοντες
2410 3454 2507 3522 τήν
2556 3452 2836 3524 φροντίδα⁹
2865 3453 2956 3505 καὶ
3000 3453 3080 3503 ὅτι
3116 3452 3238 3520 ὅρος
3273 3450 3357 3512 τίς
3389 3453 3503 3502 ἐστι
3530 3449 3669 3509 θεῖος
3700 3449 3729 3500 ὁ

2164 3547 2288 3608 τοὺς
2323 3545 2419 3614 μὲν
2452 3544 2754 3615 μοχθηροὺς
2805 3543 2992 3606 ἐκδοὺς
3024 3547 3135 3606 τοῖς
3173 3544 3398 3614 χείροσι,
3435 3543 3542 3595 τῶν
3573 3543 3627 3594 δὲ
3668 3543 3728 3594 τὸ

2165 3637 2282 3690 δέον
2333 3637 2679 3707 ζητουμένων
2741 3636 2834 3688 καὶ
2888 3634 3084 3701 ὀλίγων
3131 3635 3298 3686 ὄντων
3351 3635 3493 3687 οὕτω
3532 3633 3728 3702 πολλὴν

2169 3728 2486 3797 ποιούμενος
2512 3727 2606 3797 τῆς
2636 3726 2775 3795 ἐμῆς
2799 3725 3124 3794 οίκειότητος
3149 3725 3331 3778 αὐτῶν
3361 3724 3607 3792 γίνεσθαι
3639 3723 3732 3793 δῆ-

2167 3821 2284 3874 λον’
2317 3820 2374 3886 ἐξ
2406 3813 2478 3873 ὧν
2517 3819 2782 3887 τοσαύτης
2839 3817 3112 3884 ἀξιοῦνται
3148 3817 3247 3888 τῆς
3271 3819 3396 3888 παρ’
3428 3816 3560 3887 ἐμοῦ
3595 3833 3732 3886 προι

2167 3913 2333 3978 νοίας,
2388 3913 2462 3977 ώς
2497 3913 2590 3967 καὶ
2638 3911 2745 3965 τῶν
2781 3913 3039 3966 ἐναντίων
3084 3910 3292 3965 πολλῶν
3323 3927 3382 3964 τε
3411 3911 3578 3964 δντων
3637 3911 3732 3962 καὶ

2167 4003 2404 4057 δυνατῶν
2445 4003 2637 4072 ῥᾳδίως
2691 4003 2928 4070 κρατεῖν.
2958 4000 3090 4053 Εἶτα
3122 3999 3441 4071 βουλόμενος
3472 3998 3636 4062 δεῖξαι
3670 3998 3730 4051 τὸ

2168 4093 2386 4165 δόκιμον
2408 4094 2501 4147 τοῦ
2534 4093 2734 4163 τρόπου
2779 4091 2887 4145 τῶν
2921 4093 3158 4156 οίκείων,
3189 4092 3333 4159 λέγει
3361 4091 3416 4143 δέ
3451 4092 3574 4152 τοὺς
3605 4090 3734 4158 περὶ

2168 4185 2275 4237 τῶν
2327 4184 2716 4246 Μακκαϐαίων,
2747 4183 2795 4235 οἳ
2846 4182 2935 4235 τὸν
2983 4182 3123 4253 ὑπὲρ
3155 4182 3248 4234 τοῦ
3283 4182 3465 4244 ἔθνους
3502 4181 3594 4232 καὶ
3624 4179 3735 4232 τῶν

2167 4277 2344 4348 νόμων
2373 4277 2477 4328 τῶν
2507 4275 2664 4328 θείων
2693 4275 2928 4345 πόλεμον
2957 4275 3089 4345 πρὸς
3117 4275 3240 4335 τοὺς
3266 4274 3371 4326 τῶν
3405 4273 3734 4327 Μακεδόνων

2169 4369 2372 4422 εἴλοντο
2415 4366 2687 4436 βασιλέας,
2723 4365 2934 4433 ἐπάγει·
2980 4383 2997 4416 ι
3040 4365 3147 4417 Καὶ
3184 4363 3294 4435 ἐρῶ
3333 4365 3467 4434 πρὸς
3503 4363 3731 4426 αὐτούς·

509 4449 662 4504 vobis
696 4451 870 4522 placet
894 4453 1024 4509 mihi
1069 4470 1191 4509 esse
1235 4456 1514 4525 subjectis,
1571 4467 1624 4513 et
1666 4474 1797 4514 mea:
1841 4461 2063 4518 subesse

2171 4461 2234 4515 El
2267 4458 2425 4512 καλὸν
2474 4457 2698 4510 ἐνώπιον
2754 4456 2906 4526 ὑμῶν
2941 4457 3076 4517 ἐστι,
3103 4456 3219 4508 δότε
3249 4456 3338 4508 τὸν
3363 4455 3551 4525 μισθόν
3610 4472 3733 4525 μου,

511 4543 784 4609 potestati,
836 4544 1020 4615 utique
1065 4547 1297 4616 praebete
1348 4549 1478 4603 mihi
1514 4549 1900 4608 benevolentia:
1933 4554 2066 4610 obe-

509 4627 833 4700 dientiaeque
862 4643 1054 4688 vestra:
1082 4637 1595 4692 remunerationem.
1627 4637 1784 4704 Quod
1822 4641 1867 4694 si
1894 4641 2065 4696 mole-

511 4728 654 4775 stum
682 4723 836 4779 vobis
865 4735 966 4790 est,
1001 4727 1070 4782 ob
1098 4737 1338 4783 vestrum
1368 4744 1494 4800 erga
1522 4745 1608 4784 me
1637 4731 1957 4802 obsequium
1986 4740 2065 4788 tot

510 4815 651 4870 mala
697 4817 972 4886 experiri,
1027 4829 1160 4888 quot
1208 4838 1356 4878 nunc
1411 4823 1478 4876 ab
1525 4823 1773 4878 hostibus
1827 4823 2069 4893 perferre

508 4905 781 4974 cogimini,
820 4907 1090 4976 publicam
1119 4926 1150 4963 a
1195 4909 1475 4967 dominatu
1510 4930 1631 4969 meo
1663 4913 1824 4968 facite
1855 4925 2073 4984 aposta-

509 4998 669 5055 siam.
710 4998 954 5071 Namque
1002 5003 1055 5057 id
1098 5005 1272 5060 simile
1297 5019 1380 5062 est
1411 5004 1623 5067 Domini
1657 5008 1724 5062 ad
1775 5009 2073 5080 discipulos

508 5089 693 5144 dicto:
752 5091 927 5146 (Num
980 5109 1074 5149 vos
1119 5110 1337 5165 quoque
1382 5099 1545 5155 vultis
1573 5099 1722 5154 abire
1745 5101 1869 5154 "li
1929 5101 2074 5170 quod

510 5197 642 5238 sane
673 5185 812 5240 haud
856 5201 950 5242 eos
980 5187 1258 5243 avertendi
1292 5204 1456 5246 causa
1485 5208 1516 5246 a
1563 5193 1838 5248 consortio
1871 5195 2070 5259 aiebat,

511 5276 604 5330 sed
633 5284 690 5330 ut
718 5278 820 5333 hoc
848 5279 994 5335 dicto
1015 5281 1280 5338 ﬁrmiores
1302 5283 1552 5339 eﬂiceret.
1586 5283 1710 5338 Pari
1742 5285 1902 5341 modo
1928 5302 2072 5342 nunc

511 5365 663 5431 dicit,
717 5383 775 5423 se
821 5368 1140 5428 ﬁducialiter
1173 5373 1313 5428 banc
1358 5374 1467 5433 illis
1518 5377 1792 5446 optionem
1842 5376 2069 5440 offerre;

515 5457 684 5524 probe
728 5458 909 5515 sciens
945 5462 1060 5519 fore
1089 5475 1148 5520 ut
1180 5465 1372 5521 malint
1399 5466 1624 5521 molesta
1654 5469 1881 5539 perpeti,
1911 5485 2072 5540 quam

515 5549 737 5604 meliore
761 5559 909 5606 sorte
931 5553 1175 5614 fruentes
1197 5567 1349 5614 extra
1375 5574 1552 5614 meum
1575 5559 1910 5618 dominatum
1934 5562 2069 5620 deri.

585 5725 630 5756 ”
669 5726 825 5789 Joan.
869 5745 960 5796 vn,
1001 5732 1088 5788 68.

2171 4556 2204 4624 ἢ
2234 4551 2555 4608 ἀπείπασθε.
2582 4568 2600 4601 ι
2623 4548 2776 4603 Οὕτω
2791 4549 2917 4619 γὰρ,
2950 4549 3132 4619 φησιν,
3153 4547 3584 4617 ἔσονταιδόκιμοι
3608 4548 3738 4618 περὶ

2173 4647 2274 4718 ἐμὲ
2307 4646 2402 4700 καὶ
2456 4643 2680 4714 βέϐαιοι,
2729 4641 2869 4695 ὥστε
2910 4640 3213 4712 θαρροῦντά
3265 4657 3330 4709 με
3368 4639 3501 4710 πρὸς
3541 4640 3737 4702 αὐτοὺς

2172 4737 2346 4804 λέγειν
2384 4737 2488 4800 ὅτι,
2516 4735 2578 4787 Et
2608 4734 2705 4803 μὲν
2736 4733 2960 4802 ἀρεστὸν
3000 4733 3123 4800 ὑμῖν
3153 4732 3212 4782 τὺ
3242 4732 3331 4783 ὑπ’
3371 4731 3491 4802 ἐμοί
3515 4749 3573 4783 τε
3598 4726 3738 4784 εἶναι

2173 4829 2388 4898 καὶτῆς
2417 4826 2729 4885 ἐπιστασίας
2759 4823 3034 4890 ἀξιοῦσθαι
3063 4823 3159 4891 τῆς
3192 4824 3347 4892 ἐμῆς,
3379 4824 3471 4876 καὶ
3498 4823 3560 4893 δὴ
3594 4840 3736 4892 παρ-

2171 4920 2324 4990 ἐχετέ
2355 4936 2442 4990 μοι
2467 4918 2565 4985 τῆς
2598 4915 2805 4978 εὐνοίας
2830 4915 2920 4967 καὶ
2949 4915 3044 4983 τῆς
3070 4914 3314 4984 ὑπακοῆς
3338 4914 3434 4983 τῆς
3467 4912 3736 4983 ὑμετέρας

2170 5011 2260 5064 τὸν
2297 5007 2484 5080 μισθόν
2505 5023 2517 5036 ·
2544 5007 2592 5060 εί
2646 5005 2700 5058 δὲ
2729 5005 2862 5075 βαρὺ
2890 5004 2947 5058 τὸ
2976 5005 3110 5075 πρὸς
3141 5003 3238 5073 ἐμὲ
3267 5003 3517 5066 νεύοντας
3553 5003 3740 5055 τοσού-

2170 5120 2278 5156 των
2308 5098 2598 5169 πειρᾶσθαι
2645 5096 2850 5158 κακῶν,
2887 5094 3057 5148 ὁπόσα
3099 5110 3201 5165 περ
3253 5093 3539 5162 ὑπομένειν
3573 5094 3714 5146 ἀναν

2173 5194 2404 5259 κάζεσθε
2429 5191 2523 5245 νῦν
2557 5189 2706 5260 παρὰ
2725 5187 2833 5242 τῶν
2879 5173 3169 5255 πολεμίων,
3196 5186 3433 5257 φανερὰν
3477 5186 3573 5256 τῆς
3601 5183 3737 5254 ἐμή,

2175 5286 2495 5347 ἐπιστασίας
2564 5279 2863 5351 ποιήσασθε
2914 5276 3010 5347 τὴν
3062 5277 3412 5348 παραίτησιν.
3484 5279 3559 5346 (ρ.
3611 5277 3742 5333 516)

2176 5378 2400 5449 Ὅμοιον
2443 5377 2550 5447 γάρ
2600 5376 2713 5426 ἐστι
2767 5371 2845 5440 τῷ
2883 5369 3032 5439 παρά
3079 5370 3170 5422 τοῦ
3203 5369 3408 5441 Κυρίου
3451 5373 3582 5438 πρὸς
3615 5369 3742 5429 τοὺς

2178 5469 2423 5540 μαθητὰς
2449 5465 2738 5537 εἰρημένῳ,
2769 5480 2786 5513 ι
2815 5463 2905 5532 Μὴ
2932 5461 3024 5514 καὶ
3048 5462 3202 5531 ὑμεῖς
3229 5461 3410 5514 θέλετε
3443 5458 3699 5527 ὑπάγειν;
3716 5478 3735 5510 ι

2173 5563 2311 5632 ὅπερ
2339 5560 2436 5614 οὐκ
2470 5553 2792 5624 ἀποτρέπων
2820 5549 3017 5612 αὐτοὺς
3042 5552 3277 5603 συνεῖναι
3311 5549 3481 5617 λέγει,
3505 5547 3634 5600 ἀλλα
3672 5551 3745 5620 τῇ
