4096 6234
419 291 521 347 577
1332 294 1880 355 COMMENTARIUS
1929 298 1999 352 IN
2037 298 2406 359 ZACHARUE
2444 305 2597 362 CAP.
2643 306 2736 362 XI.
3537 308 3644 366 D78

418 412 569 482 φωνῇ
628 408 1002 483 βεϐαιοτέρους
1046 412 1276 479 δεικνύς.
1327 416 1430 469 Τὸν
1475 416 1637 471 αὐτὸν
1678 416 1742 488 δὴ
1787 419 1964 489 τρόπο·

2089 420 2282 477 Subdit
2311 440 2441 494 ergo
2465 466 2479 480 .
2525 447 2543 479 ι
2564 424 2630 479 Ει
2655 433 2961 479 statuerunt
2995 424 3292 480 mercedem
3328 440 3500 483 meam
3544 433 3646 482 tri-

418 501 698 558 κᾶνταῦθα
726 504 899 572 λέγει,
929 506 1011 561 ὅτι
1035 506 1262 579 Θαρῤῶν
1294 509 1474 573 αὐτοῖς
1514 511 1775 582 προτείνω
1801 510 1964 565 τοῦτο

2087 513 2235 583 ginta
2267 525 2573 585 argenteos.
2599 536 2617 568 ι
2649 516 2724 571 Ne
2748 516 2851 571 hoc
2880 517 3096 586 quidem
3124 518 3243 572 loco
3260 517 3390 573 dicit
3418 519 3643 589 triginta
3710 509 3719 517 ’

414 592 572 657 είδὼς
599 593 681 647 ὅτι
706 594 943 661 δέξονται
978 596 1040 649 τὸ
1081 598 1148 651 δι’
1190 599 1291 670 ἐμὲ
1320 601 1545 671 πάσχειν
1575 602 1780 668 κακῶς.
1832 603 1865 673 ἢ
1921 605 1964 657 ἐι

2086 606 2239 673 quasi
2272 621 2579 677 numerum,
2622 606 2716 661 sed
2744 616 2803 660 ut
2831 605 3011 661 dicat:
3047 606 3267 662 Multam
3309 608 3441 663 milii
3474 608 3644 665 bene-

414 682 710 736 ἁπολαύσει
738 683 845 736 τῶν
867 687 1187 755 κρειττόνων
1215 685 1357 743 εἶναι
1399 692 1496 763 τῆς
1525 694 1843 757 ἐπιστασίας
1875 693 1964 759 ἐξα

2089 696 2373 749 volentiam
2402 697 2784 767 rependerunt,
2808 714 3073 768 suumque
3096 709 3408 757 constanter
3441 703 3642 758 bonum

412 774 768 845 τυγχάνοντες
795 775 893 845 τῆς
923 776 1080 848 ἐμῆς.
1116 777 1343 848 Ἐπάγει
1374 782 1553 835 τοίνυν
1576 802 1591 817 ·
1623 802 1642 835 ι
1676 784 1786 838 Καὶ
1818 784 1964 857 έστη-

2086 786 2251 840 auimi
2282 786 2529 841 aﬂectum
2560 787 3090 844 demonstraverunt.

414 883 516 921 σαν
541 866 635 921 τὸν
668 869 857 938 μισθόν
889 887 988 941 μου
1018 873 1309 942 τριάκοντα
1335 877 1620 948 ἀργυρίου.
1656 897 1676 931 ι
1707 879 1821 932 Οὐκ
1847 878 2077 951 ἀριθμὸν
2118 879 2237 932 οὐδὲ
2276 880 2507 933 ἐνταῦθα
2549 879 2720 949 λέγων
2768 879 2838 934 τὰ
2881 881 3188 952 τριάκοντα,
3234 880 3350 935 ἀλλ’
3390 880 3476 934 ἵνα
3514 882 3644 954 ετπῃ

411 960 514 1025 ὅτι,
544 960 753 1033 Πολλήν
800 979 890 1033 μοι
932 963 1033 1034 τὴν
1079 963 1290 1023 εὔνοιαν
1326 968 1612 1025 ἀπέδωκαν
1652 970 1750 1042 τὴν
1789 972 2014 1038 οίκείαν,
2069 973 2161 1025 καὶ⁸
2211 970 2484 1042 διέμειναν
2522 974 2621 1045 τὴν
2672 972 3085 1043 εὐγνωμοσύνην
3119 969 3509 1035 ἐπιδεικνύντες
3550 971 3642 1044 τήν

410 1052 641 1111 ἑαυτῶν.

476 1148 624 1217 Στίχ.
648 1153 953 1216 ιγ’-ιε¹.-‹
990 1149 1099 1203 Καὶ
1126 1147 1243 1203 εἷπε
1267 1149 1469 1223 Κύριος
1497 1153 1630 1225 πρός
1667 1170 1764 1225 με·
1793 1154 1974 1218 Κάθες

408 1238 601 1303 αὐτοὺς
644 1241 724 1304 είς
762 1241 824 1294 τὸ
870 1241 1246 1312 χωνευτήριον,
1304 1244 1399 1296 καὶ
1428 1243 1619 1313 σκέψαι
1669 1245 1717 1297 εί
1755 1244 1973 1315 δόκιμόν

406 1330 575 1394 ἐστιν,
614 1330 673 1384 ὃν
714 1332 912 1403 τρόπον
945 1332 1305 1405 ἐδοκιμάσθην
1328 1334 1466 1405 ὑπὲρ
1496 1335 1702 1389 αὐτῶν·
1734 1337 1827 1390 καὶ
1856 1336 1972 1390 έλα-

408 1419 503 1473 ϐον
546 1420 837 1492 τριάκοντα
883 1423 1198 1496 ἁργυρίους,
1242 1425 1336 1479 καὶ
1371 1426 1621 1482 ἐνέϐαλον
1659 1428 1852 1493 αὐτοὺς
1893 1430 1973 1493 είς

404 1509 498 1563 τὸν
532 1506 677 1566 οἷκον
706 1512 911 1583 Κυρίου
938 1515 1017 1579 είς
1049 1515 1110 1568 τὸ
1141 1518 1520 1589 χωνευτήριον.
1564 1538 1583 1572 ι
1620 1519 1874 1574 Βούλεται
1916 1520 1972 1573 δὲ

407 1603 610 1669 εἰπεῖν,
638 1601 718 1656 ὅτι
760 1604 969 1675 Ὠσπερ
1019 1608 1218 1678 χωνείᾳ.
1255 1608 1361 1661 τινὶ
1403 1609 1480 1681 τῷ
1535 1610 1825 1682 πειρασμῷ
1869 1612 1976 1665 τῶν

409 1692 597 1747 κακῶν
624 1692 993 1766 περιϐέϐληκα
1013 1697 1188 1749 αὐτῶν
1216 1699 1313 1769 τὴν
1353 1699 1481 1769 περὶ
1508 1700 1606 1771 ἐμὲ
1638 1701 1973 1772 προαίρεσιν,

410 1782 553 1837 ὥστε
602 1802 666 1857 με
724 1784 851 1839 ἰδεῖν
900 1787 950 1840 εί
992 1786 1162 1852 οὕτως
1190 1790 1296 1841 εἰσὶ
1336 1789 1781 1862 δεδοκιμασμένοι
1842 1792 1973 1863 περὶ

408 1876 533 1947 ἐμὲ,
562 1876 743 1948 ῶσπερ
777 1877 886 1946 ἐγὼ
932 1879 1056 1952 περὶ
1087 1879 1285 1945 αὐτῶν,
1320 1880 1615 1944 τουτέστιν.
1640 1882 1689 1935 εί
1717 1880 1857 1935 οὐτω
1882 1882 1972 1954 βε-

408 1968 570 2023 ϐαίαν
595 1969 774 2040 ἔχουσι
804 1970 929 2043 περὶ
958 1973 1056 2043 ἐμὲ
1074 1974 1172 2043 τήν
1189 1972 1421 2039 εῦνοιαν,
1438 1974 1511 2037 ὡς
1539 1972 1649 2043 ἐγὼ
1669 1974 1732 2045 δὴ
1752 1974 1973 2044 βεϐαίαν

404 2060 587 2141 αὐτοῖς
616 2062 714 2133 τὴν
734 2063 1049 2118 ἐπιστασίαν
1066 2065 1288 2137 παρέχω
1316 2066 1413 2137 τὴν
1437 2066 1593 2138 ἐμήν.
1634 2067 1972 2138 Ἐμϐέϐληκα

402 2154 585 2208 τοίνυν
610 2155 808 2218 αὐτοὺς
858 2157 937 2220 είς
962 2156 1051 2210 τὸν
1087 2153 1235 2210 οἷκον
1272 2158 1476 2229 Κυρίου
1506 2160 1585 2221 είς
1615 2159 1674 2212 τὸ
1701 2162 1971 2232 χωνευτήο

404 2262 521 2318 ριον
545 2263 563 2279 ο
599 2246 822 2310 είκότως
860 2246 920 2300 τὸ
956 2266 975 2299 ι
1016 2249 1095 2311 είς
1131 2249 1222 2301 τὸν
1271 2244 1415 2302 οἷκον
1454 2269 1473 2300 ι
1511 2251 1698 2315 εἰπὼν,
1736 2253 1873 2323 ὑπὲρ
1910 2248 1971 2309 οὗ

402 2336 468 2408 δὴ
496 2336 715 2391 ἅπαντα
753 2338 843 2392 τὸν
869 2339 1055 2407 ἀγῶνα
1097 2340 1450 2413 ὑϐριζομένου
1488 2343 1639 2414 παρὰ
1662 2343 1770 2396 τῶν
1818 2344 1973 2398 πολε-

406 2427 546 2499 μίων
599 2422 763 2498 εἷχον,
812 2429 898 2483 ἵνα
939 2429 1066 2502 εἴπῃ
1101 2429 1181 2484 ὅτι
1233 2433 1325 2485 καὶ
1354 2431 1439 2485 διὰ
1473 2434 1568 2503 τῆς
1606 2433 1833 2504 χωνείας
1862 2436 1970 2491 τῶν

402 2520 590 2575 κακῶν
639 2520 896 2592 ὤφθησαν
942 2522 1170 2595 δόκιμοι.
1208 2525 1282 2595 (p.
1318 2526 1444 2598 517)
1476 2522 1605 2581 Εἶτα
1641 2528 1738 2599 τὴν
1758 2530 1866 2583 τῶν
1895 2534 1972 2585 ol-

401 2612 567 2667 κείων
593 2610 804 2666 εὔνοιαν
832 2614 1087 2685 εἰρηκὼς,
1134 2617 1422 2672 ἀποδίδωσι
1455 2622 1567 2683 τοῖς
1596 2622 1880 2695 προτέροις
1907 2622 1969 2677 τὸ

399 2700 588 2756 λεῖπον
610 2720 624 2735 ⁸
656 2704 751 2757 καὶ
781 2705 1075 2776 ἐπειδήπερ
1123 2701 1273 2759 εἶπεν
1315 2707 1371 2761 ἐν
1399 2710 1509 2771 τοῖς
1541 2710 1854 2782 ἀνωτέροις,
1886 2713 1966 2767 ὅτι

406 2812 426 2845 c
468 2792 698 2848 Ἕλαϐον
746 2792 843 2865 τήν
890 2794 1081 2865 ῥάϐδον
1123 2813 1222 2866 μου
1260 2796 1356 2867 τὴν
1389 2797 1558 2868 καλὴν
1584 2800 1675 2852 καὶ
1699 2800 1968 2873 ἐπέρῤιψα

401 2885 595 2957 αὐτὴν,
623 2905 641 2938 ι
683 2886 905 2955 ἐπάγειο
934 2905 954 2939 ι
980 2887 1087 2941 Καὶ
1112 2889 1389 2961 ἀπέρῤιψα
1407 2889 1504 2962 τήν
1530 2890 1722 2960 ῥάϐδον
1736 2892 1833 2962 τὴν
1847 2891 1968 2946 δευ-

310 3016 323 3037 ,
398 2977 567 3047 τέραν
613 2975 675 3029 τὸ
727 2975 1032 3047 σχοίνισμα,
1069 2977 1162 3030 τοῦ
1203 2977 1547 3033 διασκεδάσαι
1572 2980 1671 3050 τήν
1705 2978 1966 3052 διαθήκην

2148 1155 2309 1212 Vens.
2332 1153 2618 1209 15-15.-ι
2643 1151 2889 1221 Dixitque
2906 1150 3036 1205 mihi
3064 1150 3357 1207 Dominus:
3381 1150 3527 1209 Pone
3544 1170 3640 1211 eos

2075 1250 2129 1303 in
2158 1247 2496 1311 conﬂatorio,
2532 1254 2585 1301 et
2610 1245 2733 1299 vide
2763 1260 2892 1300 num
2930 1244 3217 1315 probatum
3252 1248 3342 1308 sit,
3372 1245 3514 1301 sicut
3538 1262 3641 1318 ego

2074 1340 2335 1410 probatus
2356 1354 2473 1394 sum
2496 1352 2622 1407 erga
2643 1352 2756 1391 eos.
2783 1334 2845 1389 Et
2869 1337 3051 1405 accepi
3086 1334 3306 1405 triginta
3330 1344 3637 1409 argenteos,

2073 1439 2126 1486 et
2164 1430 2325 1499 injeci
2358 1444 2451 1485 eos
2485 1429 2539 1483 in
2588 1427 2805 1481 domum
2841 1425 3052 1479 Domini
3089 1426 3143 1480 in
3192 1426 3588 1485 conﬂatorium.
3612 1447 3633 1482 ι

2073 1521 2265 1577 Dicere
2291 1521 2431 1575 vult:
2469 1519 2578 1589 Ego
2609 1535 2705 1573 ceu
2742 1517 3038 1572 coullatura
3070 1518 3305 1589 quadam
3336 1520 3639 1577 tentatioue

2076 1613 2342 1668 malorum
2377 1609 2651 1682 exploravi
2686 1610 2901 1663 illorum
2935 1625 3061 1679 erga
3087 1626 3170 1664 me
3189 1610 3544 1679 propositum,
3578 1619 3639 1666 ut

2076 1720 2462 1775 cognoscerem
2516 1719 2583 1757 an
2621 1704 2692 1755 ita
2726 1703 2834 1756 sint
2872 1717 3000 1771 erga
3036 1717 3119 1757 me
3166 1701 3410 1771 probati,
3445 1695 3637 1774 quem-

2078 1796 2368 1852 admodum
2417 1810 2515 1866 ego
2541 1795 2686 1858 illis;
2719 1794 2770 1846 id
2796 1801 2897 1859 est,
2937 1808 3066 1847 num
3096 1792 3231 1847 adeo
3267 1792 3473 1847 firmam
3507 1795 3633 1848 milii

2075 1897 2293 1945 servent
2321 1887 2777 1950 benevolentiam,
2811 1894 2870 1940 ut
2898 1900 2998 1955 ego
3032 1884 3099 1937 iis
3132 1892 3391 1940 constans
3424 1885 3636 1955 praebeo

2071 1980 2433 2049 patrocinium
2485 1994 2686 2034 meum.
2722 1975 2947 2044 Conjeci
2992 1989 3122 2044 ergo
3173 1990 3271 2030 eos
3318 1975 3371 2028 in
3414 1975 3633 2031 domum

2073 2066 2284 2123 Domini
2317 2064 2370 2121 in
2401 2066 2799 2122 conﬂatorium.
2831 2064 3021 2119 Merilo
3047 2062 3283 2118 άίχίιιίιι
3302 2062 3521 2119 domum
3543 2067 3636 2121 Do-

2072 2159 2363 2229 miuinpro
2386 2174 2493 2229 qua
2536 2159 2602 2210 ab
2642 2158 2890 2211 hostibus
2926 2156 3123 2210 violata
3164 2167 3437 2211 certamen
3476 2172 3638 2212 omne

2071 2258 2445 2319 susceperant.
2482 2250 2570 2304 Ait
2598 2250 2855 2303 nimirum
2887 2247 3010 2302 illos
3043 2247 3096 2300 in
3125 2247 3445 2302 couflatorio
3470 2250 3635 2303 malo-

2070 2358 2190 2397 rum
2220 2340 2383 2412 348
2407 2342 2552 2399 visos
2580 2357 2703 2396 esse
2737 2341 3017 2411 probatos.
3039 2338 3155 2393 Jam
3184 2346 3468 2409 postquam
3504 2355 3633 2395 suo-

2069 2448 2188 2487 rum
2234 2433 2664 2487 benevolentiam
2709 2431 3182 2493 commemoravit,
3225 2430 3432 2498 reliqua
3469 2430 3633 2486 verba

2068 2524 2136 2578 ad
2170 2524 2398 2594 priores,
2434 2523 2485 2577 id
2514 2530 2597 2577 est
2625 2521 2693 2575 ad
2726 2529 3036 2584 extraneos,
3074 2519 3262 2576 refert.
3300 2518 3365 2575 Et
3395 2521 3521 2590 quia
3554 2536 3633 2575 re-

2065 2623 2151 2673 tro
2168 2614 2403 2669 dixerat:
2430 2632 2445 2663 ι
2461 2612 2679 2681 Sumpis
2690 2613 2890 2682 virgam
2911 2627 3086 2668 meam
3103 2612 3404 2683 pulchram,
3431 2621 3485 2669 et
3510 2628 3632 2670 eam

2066 2705 2290 2776 projeci,
2333 2704 2641 2761 aaddituEt
2675 2703 2878 2774 projeci
2908 2704 3115 2774 virgam
3151 2720 3326 2759 meam
3362 2706 3630 2775 alteram;

2066 2795 2391 2858 funiculum,
2427 2803 2485 2849 ut
2511 2793 2880 2864 dispergerem
2915 2790 3095 2849 foedus
3129 2807 3310 2848 meum
3338 2808 3460 2848 cum
3491 2791 3632 2849 Juda

2064 2897 2119 2944 et
2149 2902 2274 2941 cum
2306 2884 2521 2941 lsraele.
2549 2905 2568 2939 ›
2605 2883 2662 2941 ld
2694 2893 2799 2949 est,
2822 2886 3066 2956 Regnum
3096 2891 3151 2939 et
3184 2883 3351 2954 hujus
3388 2886 3531 2940 bona
3561 2887 3633 2942 iis

2065 2976 2240 3048 eripui
2278 2983 2501 3048 propter
2537 2990 2749 3031 morum
2796 2974 3220 3045 improbitatem.
3263 2974 3631 3031 Pulchritudi-

398 3067 500 3137 τὴν
520 3066 625 3121 ἀνὰ
656 3067 818 3139 μέσον
864 3067 1035 3122 Ἰούδα
1072 3070 1165 3123 καὶ
1203 3070 1304 3123 ἀνὰ
1334 3071 1495 3142 μέσον
1532 3073 1765 3146 Ἰσραήλ.
1794 3092 1814 3128 ι
1850 3074 1964 3128 Ἵνα

2068 3083 2193 3123 nem
2239 3067 2384 3122 enim
2437 3066 2730 3137 appellavit
2777 3065 3164 3129 sacerdotium,
3210 3065 3356 3135 quod
3404 3066 3637 3124 decoros

397 3158 549 3231 εἴπῃ,
576 3160 657 3213 ὅτι
681 3160 791 3212 Καὶ
810 3159 908 3231 τὴν
933 3160 1206 3230 βασιλείαν
1241 3163 1335 3217 καὶ
1361 3162 1429 3217 τὰ
1461 3165 1526 3218 ἐκ
1555 3164 1759 3237 ταύτης
1787 3165 1964 3236 ἀγαθὰ

2068 3158 2436 3230 probatosque
2486 3158 2615 3212 facit
2664 3156 2773 3210 Deo
2816 3155 3099 3214 homines:
3151 3153 3452 3209 funiculum
3502 3171 3635 3210 vero

398 3248 667 3319 περιεῖλον
691 3249 865 3303 αὐτῶν
889 3249 976 3305 διὰ
1006 3252 1103 3322 τὴν
1139 3252 1439 3324 μοχθηρίαν
1462 3256 1555 3309 τοῦ
1570 3256 1769 3327 τρόπου
1786 3275 1801 3290 ⁸
1837 3257 1964 3311 κάλ-

2068 3262 2314 3319 regnum,
2334 3246 2477 3318 quod
2509 3245 2788 3301 dimetitur
2820 3246 3113 3316 delinitque
3143 3245 3379 3301 subditis
3410 3258 3631 3315 aequum

394 3335 489 3401 λος
522 3338 622 3408 μὲν
658 3338 767 3412 γὰρ
817 3341 1048 3411 κέκληκε
1086 3342 1184 3414 τὴν
1211 3344 1526 3416 ἱερωσύνην,
1561 3345 1635 3411 ὡς
1672 3347 1964 3417 εὐπρεπεῖς

2065 3339 2176 3409 jus.
2207 3337 2389 3394 Veluti
2421 3346 2506 3393 est
2540 3336 2705 3392 illud:
2744 3354 2763 3389 ι
2804 3334 2926 3392 Tibi
2960 3338 3100 3391 dabo
3136 3345 3336 3389 terram
3370 3336 3629 3391 Chanaan

394 3430 493 3482 καὶ
514 3429 768 3501 δοκίμους
806 3432 1176 3505 ἐργαζομένην
1224 3435 1377 3507 Θεῷ·
1422 3438 1705 3510 σχοίνισμα
1753 3438 1832 3507 δέ,
1862 3440 1961 3514 τὴν

2067 3432 2365 3489 funiculum
2392 3430 2725 3486 haereditatis
2766 3428 3200 3498 vestras";ipro,
3227 3427 3448 3483 Terram
3492 3430 3633 3485 Cha-

395 3518 694 3589 βασιλείαν,
758 3522 834 3587 ὡς
877 3522 1269 3596 διαμετροῦσαν
1314 3527 1412 3581 καὶ
1454 3528 1794 3602 διορίζουσαν
1847 3534 1960 3595 τοῖς

2065 3540 2226 3588 naan,
2258 3522 2413 3577 vobis
2436 3521 2773 3576 distribuens
2799 3528 2961 3589 atque
3004 3518 3100 3573 abs
3139 3519 3377 3588 qualibet
3411 3520 3631 3590 regione

394 3610 658 3686 ὑπηκόοις
676 3610 737 3670 τὸ
766 3613 993 3689 πρέπον.
1028 3611 1160 3673 οἷόν
1180 3617 1297 3673 ἐστι
1322 3618 1383 3674 τὺ
1408 3617 1586 3689 λέγον,
1627 3641 1647 3675 ‹
1678 3622 1769 3677 Σοι
1800 3621 1956 3676 δώσω

2065 3617 2465 3679 disterminans,
2494 3613 2649 3668 vobis
2679 3609 3061 3683 possidendam
3096 3611 3239 3669 dedi.

390 3711 492 3781 τὴν
512 3710 613 3780 γῆν
634 3710 853 3763 Χαναὰν
886 3712 1168 3784 σχοίνισμα
1198 3713 1557 3789 κληρονομίας
1587 3718 1764 3790 ὐμῶν,
1789 3736 1808 3770 ι
1837 3714 1960 3772 ἀντὶ
1985 3708 2079 3767 τοῦ
2103 3750 2119 3777 ,
2161 3707 2272 3781 Τήν
2318 3708 2423 3780 γῆν
2467 3706 2687 3763 Χαναὰν
2728 3705 2855 3777 ὑμῖν
2899 3705 3085 3760 διελών
3118 3723 3177 3760 τε
3222 3705 3317 3761 καὶ
3361 3706 3632 3780 ἀφορίσας

390 3801 492 3870 τῆς
512 3800 616 3871 γῆς
648 3802 883 3873 ἁπάσης,
905 3803 1109 3859 δέδωκα
1130 3806 1209 3870 είς
1236 3808 1626 3881 κληρονομίαν,

466 3892 614 3962 Στίχ.
652 3899 732 3957 ιε’,
770 3900 863 3958 ις’.
881 3926 949 3935 -
969 3891 1099 3950 Εἶτα
1125 3898 1220 3951 καὶ
1245 3880 1457 3964 δεικνὺς
1483 3900 1565 3953 ὅτι
1590 3900 1681 3953 ἐπὶ
1712 3900 1961 3953 πλεῖστον

2134 3888 2301 3943 Vsus.
2332 3881 2796 3950 15,16.—Postea
2828 3887 2890 3936 ut
2917 3881 3170 3936 ostendat
3198 3880 3290 3936 diu
3310 3882 3435 3940 illos
3454 3883 3509 3939 in
3538 3884 3627 3940 bis

392 3985 452 4038 ἐν
479 3983 686 4048 τούτοις
737 3988 1136 4057 στραφήσονται
1164 3990 1277 4053 τοῖς
1303 3994 1512 4056 κακοῖς,
1546 3992 1759 4060 ἐπάγει’
1789 4009 1807 4042 ι
1850 3990 1961 4044 Καὶ

2065 3981 2179 4036 fore
2202 3976 2381 4041 malis,
2418 3974 2596 4030 addit:
2621 3994 2639 4026 ι
2667 3972 2915 4043 Dixitque
2945 3972 3078 4026 mihi
3106 3970 3403 4029 Dominus:
3432 3972 3623 4030 Adhuc

390 4071 514 4129 εἷπε
545 4076 746 4148 Κύριος
777 4080 915 4149 πρός
950 4097 1050 4143 με’
1076 4081 1207 4168 ΔἛτι
1231 4081 1362 4139 λάϐε
1396 4082 1604 4155 σεαυτῷ
1636 4082 1803 4155 σκεύη
1837 4100 1958 4137 ποι-

2065 4087 2218 4129 sume
2249 4069 2345 4125 tibi
2371 4081 2502 4122 vasa
2545 4064 2840 4137 pastoralia
2887 4066 3128 4135 pastoris
3173 4064 3435 4137 imperiti.
3484 4067 3629 4134 Quia.

392 4166 593 4237 μενικὰ
618 4168 871 4236 ποιμένος
930 4157 1186 4242 ἀπείρἔυ·
1231 4171 1363 4226 διότι
1407 4172 1513 4226 ἰδοὺ
1570 4171 1680 4238 ἐγὼ
1720 4172 1958 4244 ἐξεγερῶ

2065 4178 2189 4219 ecce
2212 4177 2312 4234 ego
2341 4159 2617 4218 suscitabo
2659 4167 2934 4229 pastorem
2967 4157 3275 4229 imperitum
3306 4170 3470 4229 super
3505 4166 3617 4214 ter-

388 4257 628 4327 ποιμένα
656 4259 880 4330 ἄπειρον
905 4261 997 4313 ἐπὶ
1052 4262 1150 4335 τὴν
1173 4263 1276 4335 γῆν
1297 4281 1311 4294 ·
1345 4264 1405 4318 τὸ
1444 4264 1688 4319 ἐκλεῖπον
1708 4265 1808 4318 οὐκ
1836 4265 1955 4319 tm-

2065 4271 2207 4311 ram:
2239 4252 2384 4326 quod
2414 4250 2596 4307 deﬁcit
2628 4265 2738 4305 non
2770 4248 3032 4311 visitabit,
3062 4257 3116 4304 et
3157 4248 3463 4321 dispersum
3510 4266 3621 4308 non

388 4348 672 4418 σκέψεται,
717 4353 810 4405 xal.
838 4352 898 4405 τὸ
951 4354 1373 4425 ἐσκορπισμένον
1397 4357 1457 4410 οὐ
1492 4357 1566 4429 μὴ
1599 4356 1828 4430 ζητήσῃ,
1860 4357 1954 4412 καὶ

2065 4347 2316 4421 requiret,
2337 4354 2390 4402 et
2413 4344 2747 4401 confractum
2769 4358 2877 4397 non
2897 4342 3139 4397 sanabit:
3168 4358 3384 4398 carnem
3415 4343 3607 4399 electo-

387 4437 455 4492 τδ
486 4442 939 4512 συντετριμμένον
986 4442 1047 4496 οὐ
1092 4444 1166 4516 μή
1204 4446 1500 4519 κατευθύνῃ
1520 4463 1535 4477 ·
1585 4446 1653 4500 τὰ
1683 4448 1817 4519 κρέα
1846 4446 1953 4501 τῶν

2065 4456 2176 4495 rum
2222 4436 2465 4497 vorabit,
2497 4443 2551 4490 et
2598 4434 2739 4490 talos
2772 4434 2987 4488 illorum
3022 4433 3320 4489 subvertet.
3346 4453 3363 4487 ι
3407 4434 3621 4492 Rursus

390 4525 662 4582 ἐκλεκτῶν
682 4530 1074 4601 καταφάγεται,
1099 4534 1194 4588 καὶ
1220 4535 1345 4598 τοὺς
1372 4536 1749 4609 ἀστραγάλους
1774 4537 1954 4592 αὐτῶν

2065 4531 2146 4587 hic
2173 4528 2490 4599 imperativa
2517 4526 2685 4597 figura
2714 4539 2827 4580 rem
2858 4522 3095 4578 futuram
3113 4522 3619 4596 dicit.Perseverat,

389 4615 699 4687 ἐκστρέφει.
739 4637 757 4670 ι
795 4619 1054 4674 Ἐνταῦθα
1083 4622 1245 4677 πάλιν
1274 4624 1331 4677 ἐν
1363 4623 1954 4696 προστατικῷσχήματι

2065 4623 2259 4694 inquit,
2296 4619 2513 4675 miseria
2550 4618 2755 4688 populi,
2781 4616 3046 4671 malorum
3093 4627 3371 4687 pastorum
3423 4634 3617 4682 causa.

388 4704 454 4759 τὸ
503 4706 755 4778 ἐσόμενον
809 4709 977 4780 λέγει.
1022 4712 1296 4784 Ἐπιμένει
1352 4715 1480 4786 γὰρ,
1540 4715 1723 4786 φησιν,
1767 4715 1954 4786 ήπερὶ

386 4793 483 4848 τὸν
507 4795 631 4850 λαὸν
660 4799 724 4855 ἐκ
754 4801 861 4854 τῶν
892 4802 1484 4875 κακῶςποιμαινόντων
1509 4807 1870 4879 ταλαιπωρία,
1903 4805 1954 4859 οἳ

392 4886 857 4957 μεταχειριοῦνται
916 4892 1013 4962 τὴν
1038 4891 1332 4965 ἱερωσύνην
1378 4895 1589 4958 κακῶς·
1636 4896 1805 4967 σκεύη
1845 4895 1954 4966 γὰρ

390 4979 702 5050 ποιμενικὰ,
731 4980 997 5051 ἀνήκοντα
1022 4987 1087 5055 τῇ
1107 4985 1340 5057 προϐολῇ
1372 4987 1470 5056 τῆς
1503 4988 1797 5059 ἱερωσύνης
1816 4988 1954 5059 ἔργα

386 5069 557 5139 δηλοῖ,
610 5069 677 5124 δι’
724 5066 798 5127 ὧν
834 5073 1034 5147 ταύτην
1067 5076 1184 5142 ἐθος
1213 5077 1543 5132 ἐκτελεῖσθαι
1583 5080 1681 5150 τὴν
1711 5080 1952 5151 λειτουρ-

389 5161 534 5230 γίαν.
583 5163 966 5236 Ἐπιλήψονται
987 5168 1181 5233 τοίνυν,
1214 5171 1289 5239 (p.
1320 5170 1443 5241 518)
1472 5172 1627 5243 φησὶ,
1659 5171 1760 5242 τῆς
1794 5173 1952 5242 ἱερω-

400 5253 556 5325 τύνης
609 5256 799 5328 ἄνδρες
840 5258 1090 5331 οὐδεμίαν
1148 5260 1240 5313 τοῦ
1302 5262 1623 5333 πράγματος
1660 5264 1949 5336 ἐμπειρίαν

389 5345 621 5414 ἔχοντες,
685 5347 807 5402 οὐδέ
844 5366 896 5401 τι
940 5350 1197 5421 πράττειν
1242 5351 1349 5404 τῶν
1389 5351 1616 5406 δεόντων
1648 5354 1866 5419 ειδότες,
1897 5354 1948 5409 οῖ

387 5432 511 5487 οὐτε
534 5434 596 5486 τὸ
623 5436 921 5508 ὴσθενηκὺς
965 5439 1405 5503 ἐπισκέπτονται.
1432 5439 1554 5494 οὐτε
1580 5440 1688 5494 τῶν
1718 5443 1949 5512 ἀφιστα-

390 5524 565 5595 μένων
588 5523 809 5599 ζήτησιν
833 5526 1126 5595 ποιοῦνται,
1153 5528 1446 5602 θεραπείαν
1470 5547 1530 5584 τε
1568 5532 1678 5584 τοῖς
1700 5548 1950 5586 κεκακως

460 5697 511 5733 ’⁸
541 5697 685 5757 Psal.
720 5716 829 5771 cur,
872 5704 955 5759 Η.

2055 4714 2148 4785 qui
2179 4712 2337 4767 malis
2369 4709 2579 4765 artibus
2611 4707 2975 4763 sacerdotium
3009 4708 3289 4778 arripieut.
3328 4709 3457 4764 Nam
3487 4726 3617 4766 vasa

2056 4804 2383 4877 pastoralia,
2427 4799 2805 4857 convenientia
2854 4799 3183 4855 sacerdotali
3234 4798 3409 4857 officio
3454 4817 3616 4871 opera

2054 4896 2339 4959 denotant,
2376 4893 2574 4964 quibus
2596 4891 2733 4945 solet
2770 4891 2988 4961 liturgia
3020 4892 3227 4963 peragi.
3262 4892 3617 4960 Occupabunt

2054 4987 2259 5057 itaque,
2291 4986 2389 5051 ait,
2439 4981 2806 5039 sacerdotium
2848 4983 2948 5036 viri
3002 4984 3203 5036 nullam
3250 4983 3325 5036 rei
3370 4983 3613 5052 peritiam

2056 5080 2338 5142 habentes,
2369 5078 2570 5134 bonum
2593 5073 2870 5145 quodlibet
2902 5072 3077 5128 facere
3099 5074 3297 5139 nescii;
3324 5073 3415 5142 qui
3442 5088 3617 5143 neque

2059 5167 2334 5223 infirmum
2365 5163 2685 5229 visitabunt,
2705 5178 2880 5233 neque
2913 5161 3163 5217 absentes
3192 5163 3493 5232 requirent,
3521 5178 3617 5216 ne-

2055 5275 2162 5329 que
2194 5258 2458 5313 medelam
2487 5257 2645 5327 aegris
2674 5256 2839 5310 ullam
2867 5252 3124 5309 afferent:
3146 5253 3238 5307 sed
3265 5268 3441 5324 neque
3468 5254 3617 5308 incos

2055 5350 2281 5405 lumium
2315 5362 2446 5404 cura
2481 5348 2590 5403 illis
2636 5348 2759 5409 erit,
2796 5354 2857 5399 ut
2901 5348 2953 5400 in
2989 5360 3087 5400 sua
3118 5344 3351 5401 sanitate
3390 5360 3617 5400 conser-

2047 5451 2260 5497 ventur.
2292 5441 2494 5495 Contra
2523 5455 2652 5495 vero
2682 5440 2896 5493 illorum
2944 5437 3037 5507 qui
3079 5436 3355 5492 meliorem
3403 5434 3613 5506 frugem

2047 5541 2356 5599 sectantur,
2404 5547 2600 5589 carnes
2631 5530 2807 5602 ipsas,
2856 5528 2902 5586 si
2948 5528 3063 5585 ﬁeri
3107 5534 3316 5601 potest,
3366 5528 3614 5600 talosque
