4106 6238
447 264 551 323 579

1613 258 1965 317 THEODORI
2002 259 2231 317 MOPSU
2240 260 2484 317 ESTENI

3566 271 3672 327 580

447 381 757 444 comedunt,
786 377 1189 451 quomodolibet
1214 392 1310 433 eos
1342 383 1632 432 vexantes:
1658 384 1712 431 et
1742 376 1902 430 modo
1929 376 2010 446 ip-

2115 376 2292 445 μένοις
2322 376 2614 445 ἐπάγουσιν
2643 374 2895 446 οὐδεμίαν
2923 395 2935 407 ·
2967 377 3078 431 ἀλλ’
3106 376 3224 432 οὐδὲ
3245 377 3355 432 τῶν
3389 379 3555 447 ὑγιῶν
3582 382 3674 435 λό-

444 480 543 540 οίε,
580 474 738 530 modo
772 472 1084 529 eorumdem
1124 471 1281 527 bonis
1334 476 1625 532 nocentes;
1673 467 1802 538 quia
1855 467 2007 521 mala:
2048 472 2049 475 ‘

445 570 571 624 vitae
602 567 849 622 homines
878 564 1041 635 349
1070 563 1251 617 hostili
1276 563 1459 616 animo
1484 567 1612 615 sunt
1632 573 1760 629 erga
1788 558 2007 614 virtutis

446 668 737 717 amatores.
771 656 980 724 Quibus
1028 654 1179 727 gravi
1225 669 1350 709 cum
1397 651 1682 709 stomacho
1727 649 2004 713 inclamat,

448 750 540 805 Dei
559 748 841 819 plurimam
866 747 938 800 ob
968 761 1053 801 res
1076 752 1226 798 actas
1242 742 1667 814 indignationem
1685 739 2005 795 declarans:

452 837 627 908 ¢0qui
650 836 871 908 pascitis
897 850 1056 897 vana,
1079 836 1169 905 qui
1199 826 1756 901 derelinquitis'ores!
1784 827 2008 883 Gladius

444 945 607 999 super
631 927 912 983 brachium
935 927 1076 993 ejus,
1100 935 1154 980 et
1175 940 1338 993 super
1358 923 1576 977 oculum
1598 921 1717 989 ejus
1734 920 2005 974 dextrum.

445 1019 735 1075 Bracliimn
765 1018 885 1087 ejus
924 1017 1175 1072 dextrum
1207 1031 1464 1071 arescens
1498 1013 1704 1071 areliet.
1734 1018 1788 1067 et
1816 1011 2008 1065 oculus

442 1110 562 1180 ejus
594 1109 783 1165 dexter
811 1117 1115 1163 excmcatus
1146 1105 1525 1160 excaecabitur.
1551 1122 1569 1154 ι
1595 1103 1665 1155 At
1693 1102 1838 1156 enim
1865 1099 2007 1153 haud

442 1201 707 1271 impunita
727 1200 862 1260 hac,
884 1199 1082 1268 inquit,
1102 1198 1254 1251 vobis
1281 1203 1463 1260 erunt,
1486 1192 1579 1263 qui
1612 1190 1869 1262 pastorali
1898 1189 2008 1243 olli-

442 1291 530 1345 cio
554 1290 619 1344 ad
654 1289 952 1359 nequitiam
984 1286 1223 1351 utimini,
1251 1293 1304 1340 et
1335 1284 1426 1338 Dei
1459 1283 1714 1353 populum
1742 1280 2009 1335 occisioni

442 1378 788 1434 contraditis.
827 1374 1068 1445 Namque
1105 1375 1159 1429 in
1208 1373 1449 1430 brachiis
1491 1372 1775 1439 oculisque
1820 1382 2010 1439 paenas

443 1466 627 1529 luetis,
665 1466 774 1519 illis
804 1465 1021 1534 quidem
1052 1478 1279 1533 prorsus
1313 1460 1606 1520 enervatis.
1640 1459 1722 1512 his
1752 1472 1880 1510 vero
1912 1473 2008 1510 ex-

441 1557 677 1613 caecatis.
727 1555 916 1611 Dicere
951 1570 1116 1627 porro
1156 1554 1271 1607 vult
1318 1554 1463 1607 vires
1499 1552 1711 1605 illorum
1746 1564 1935 1603 omnes
1979 1563 2009 1600 a

441 1648 625 1704 divina
673 1649 952 1718 punitione
992 1645 1228 1702 deletum
1271 1644 1376 1707 iri,
1436 1657 1645 1697 necnon
1689 1638 2009 1710 inspiciendi

2106 481 2200 533 γος
2226 464 2406 528 αὐτοῖς
2427 506 2440 527 ,
2484 464 2630 528 ὅπως
2670 464 2735 518 ἂν
2780 465 2872 518 ἐπὶ
2915 467 3012 536 τῆς
3042 467 3245 531 οίκείας
3273 467 3481 537 μένοιεν
3512 470 3675 541 εὐρω-

2110 554 2290 618 στίας·
2349 554 2655 609 τούναντίον
2714 555 2813 625 μὲν
2864 552 2957 609 οῦν
2999 557 3108 610 τῶν
3155 552 3290 628 πρὸς
3327 558 3387 611 τὸ
3432 564 3674 630 κρεῖττον

2106 642 2377 715 ὁρώντων,
2410 646 2619 708 καὶτὰς
2647 646 2855 716 σάρκας
2883 650 2930 700 εί
2961 641 3068 701 οἷόν
3094 666 3174 714 τε,
3204 651 3299 713 καὶ,
3324 651 3448 713 τοὺς
3477 650 3675 721 ἀστρα-

2107 734 2307 798 γάλους
2338 735 2698 801 κατεσθίουσι,
2725 738 2886 791 παντὶ
2921 739 3103 809 τρόπῳ
3135 739 3319 802 κακῶς
3344 740 3536 804 αὐτοὺς
3567 740 3675 795 δια-

2106 825 2371 889 τιθέντεςο
2404 828 2497 880 καὶ
2525 829 2592 881 τὰ
2628 829 2726 899 μὲν
2752 830 2954 893 αὐτοῖς,
2984 831 3051 883 τά
3083 831 3139 883 δὲ
3168 833 3280 894 τοῖς
3306 832 3672 902 προσήκουσιν

2108 916 2287 980 αὐτοῖς
2307 917 2705 990 λυμαινόμενοι,
2745 923 2931 993 ἐπειδὴ
2966 922 3099 993 πρὸς
3126 923 3186 975 τὸ
3216 924 3394 992 χεῖρον
3419 925 3672 994 ῥέποντες

2109 1008 2257 1060 αὐτοὶ
2312 1009 2580 1080 πολεμίως
2625 1011 2807 1082 έχουσι
2858 1014 2991 1083 πρὸς
3020 1014 3144 1076 τοὺς
3184 1014 3276 1066 τοῦ
3307 1014 3512 1077 δέοντος
3544 1016 3646 1085 ἐρα

2111 1099 2241 1161 στάς
2256 1116 2268 1128 ·
2297 1095 2378 1161 οἷς
2401 1100 2579 1164 καλῶς
2599 1102 2736 1172 μετὰ
2749 1104 3235 1176 ἁποδυσπετήσεως
3248 1105 3440 1172 ἐπάγει
3455 1104 3672 1176 πολλῆς,

2110 1188 2387 1258 ἐμφαίνων
2443 1190 2538 1262 τὴν
2587 1194 2676 1245 ἐπὶ
2709 1198 2820 1257 τοῖς
2851 1196 3153 1265 γινομένοις
3181 1195 3548 1267 ἀγανάκτησιν
3580 1195 3673 1247 τοῦ

2108 1279 2243 1333 Θεοῦ
2272 1281 2525 1353 πλείστην
2552 1281 2735 1339 οὖσαν.
2768 1306 2785 1338 ι
2818 1287 2880 1338 Ὢ
2900 1288 2949 1338 oi
2978 1288 3351 1357 ποιμαίνοντες
3366 1287 3433 1340 τὰ
3450 1287 3671 1358 μάταια,

2109 1368 2204 1421 καὶ
2232 1371 2677 1438 καταλελοιπότες
2724 1376 2793 1428 τὰ
2841 1376 3084 1448 πρόϐατα
3109 1394 3121 1406 ·
3174 1378 3414 1449 μάχαιρα
3461 1376 3552 1430 ἐπὶ⁵
3578 1395 3674 1429 του

2112 1459 2390 1529 βραχίονος
2416 1464 2603 1528 αὑτοῦ,
2643 1468 2737 1521 καὶ
2768 1468 2857 1520 ἐπὶ
2913 1468 3004 1521 τὸν
3060 1467 3336 1539 ὀφθαλμὸν
3381 1469 3543 1522 αὐτοῦ
3582 1468 3673 1522 τὸν

2108 1547 2279 1613 δεξιόν
2298 1567 2311 1580 ’
2343 1554 2371 1604 ὁ
2396 1552 2634 1623 βραχίων
2663 1556 2827 1610 αὑτοῦ
2851 1558 2913 1628 ξη
2925 1559 3233 1629 ραινόμενος
3256 1558 3671 1631 ξηρανθήσεται.

2109 1640 2202 1693 καὶ
2226 1642 2253 1693 ὁ
2289 1643 2560 1716 ὀφθαλμὸς
2590 1649 2752 1702 αὐτοῦ
2790 1653 2817 1703 ὁ
2848 1651 3019 1715 δεξιὸς
3054 1651 3482 1722 ὲκτυφλούμενος
3516 1652 3646 1703 ἐκτυ

441 1749 667 1796 ceteros
704 1739 1041 1794 facultatem.
1075 1737 1167 1793 His
1198 1736 1479 1807 subiungit
1508 1754 1520 1790 :

2114 1732 2465 1805 φλωθήσεται.
2494 1758 2512 1790 ι
2535 1740 2693 1794 Ἀλλά
2704 1742 2809 1813 γὰρ
2837 1743 2936 1795 οὐκ
2962 1741 3281 1814 ἀτιμώρητα
3310 1720 3476 1797 ταῦτα
3498 1740 3672 1802 ἔσται,

441 1839 626 1908 φησὶν,
656 1836 780 1906 ὑμῖν
812 1836 923 1897 τοῖς
949 1833 1039 1886 ἐπὶ
1063 1831 1216 1903 κακῷ
1229 1835 1293 1903 τῇ
1324 1831 1589 1902 ποιμασία
1614 1827 1986 1902 κεχρημένοις.
2027 1826 2122 1878 καὶ
2161 1828 2297 1898 πρὸς
2352 1832 2562 1905 σφαγὴν
2614 1832 2934 1889 ἐκδεδωκόσι
2956 1835 3049 1889 τοῦ
3082 1836 3215 1889 Θεοῦ
3243 1836 3335 1889 τὸν
3376 1834 3534 1889 λαόν·
3591 1836 3674 1899 είς

451 1932 548 2003 γὰρ
580 1932 706 1995 τοὺς
729 1928 1017 1999 βραχίονας
1045 1926 1141 1979 καὶ
1173 1926 1300 1988 τοὺς
1320 1924 1630 1994 ὀφθαλμοὺς
1656 1923 1853 1976 δώσετε
1898 1919 2073 1988 δίκην,
2109 1920 2215 1972 τῶν
2264 1923 2360 1993 μὲν
2391 1928 2801 1998 μαραινομένων
2838 1930 3131 1994 παντελῶς,
3160 1930 3267 1983 τῶν
3297 1930 3351 1983 δὲ
3386 1928 3646 1999 ἐκτυφλου
3702 1950 3711 1957 ί

442 2025 642 2095 μένων’
708 2020 952 2092 βούλεται
998 2018 1055 2071 δὲ
1109 2018 1283 2071 εἰπεῖν
1322 2017 1402 2070 ὅτι
1440 2016 1533 2069 καὶ
1565 2016 1597 2086 ἡ
1634 2015 1787 2084 ἰσχὺς
1825 2009 2002 2064 αὐτῶν
2030 2010 2181 2065 πᾶσα
2216 2012 2304 2068 διὰ
2348 2015 2445 2087 τῆς
2466 2020 2731 2091 τιμωρίας
2786 2022 3206 2094 ἀφαιρεθήσεται
3248 2021 3347 2092 τῆς
3377 2022 3543 2086 θείας,
3578 2016 3677 2074 καὶ

442 2124 472 2194 η
501 2118 716 2185 ἐξουσία
746 2114 840 2169 τοῦ
872 2114 1046 2167 δοκεῖν
1085 2112 1284 2183 ἐφορᾷν
1327 2112 1549 2183 ἑτέροις.
1581 2108 1797 2174 Τούτοις
1832 2105 2024 2173 ἐπάγει
2046 2120 2061 2134 ·

1066 2204 1218 2261 CAP.
1253 2202 1370 2258 XII.

2751 2210 2908 2263 ΚΕΦ.
2928 2210 3027 2265 IB'.

507 2302 677 2357 Vens.
706 2300 824 2355 1-5.
842 2327 914 2339 -
938 2316 956 2349 ι
977 2296 1292 2366 Assumptio
1312 2294 1463 2349 verbi
1509 2292 1719 2348 Domini
1743 2307 1902 2363 super
1922 2290 2003 2345 ls-

2180 2291 2325 2362 Στίχ.
2386 2301 2529 2364 σι’-γ’.
2561 2329 2630 2338 -
2665 2316 2685 2350 ι
2723 2300 2928 2370 Λῆμμα
2976 2300 3133 2369 λόγου
3176 2300 3378 2373 Κυρίου
3432 2299 3523 2353 ἐπὶ
3580 2296 3673 2351 τδν

442 2394 574 2448 rael.
600 2392 737 2447 Dicit
756 2389 1013 2445 Dominus
1030 2388 1119 2458 qui
1142 2385 1384 2442 extendit
1409 2386 1628 2450 cmlum,
1648 2384 2009 2439 fundavitter-

2123 2382 2367 2456 Ἰσραήλ·
2420 2387 2563 2457 λέγει
2623 2391 2823 2461 Κύριος
2868 2393 3123 2445 ἐκτείνων
3163 2392 3254 2445 τὸν
3291 2392 3535 2462 οὐρανὸν,
3581 2386 3676 2443 καὶ

444 2503 583 2549 ram,
600 2483 820 2541 etfinxit
836 2480 1089 2551 spiritum
1105 2476 1407 2532 hominisin
1424 2491 1542 2531 eo.»
1576 2474 1629 2529 Id
1650 2482 1752 2535 est,
1768 2470 1890 2528 [hec
1912 2488 2009 2543 per

2114 2474 2373 2545 θεμελιῶν
2425 2481 2523 2551 τὴν
2580 2481 2705 2551 γῆν,
2762 2482 3014 2537 πλάσσων
3064 2482 3279 2556 πνεῦμα
3304 2481 3589 2553 ἀνθρώπου
3615 2484 3674 2535 ἐν

444 2577 828 2636 revelationem
857 2588 888 2627 a
915 2570 1023 2627 Deo
1054 2569 1185 2624 mihi
1210 2567 1481 2639 patefacta
1510 2566 1705 2631 recito,
1734 2566 1825 2635 qui
1857 2580 2009 2618 crea-

2114 2568 2276 2641 αύτῷ.
2320 2589 2338 2621 ι
2378 2572 2493 2625 Ἵνα
2522 2575 2670 2646 εἴπῃ,
2702 2576 2776 2645 (p.
2808 2576 2930 2645 519)
2962 2575 3146 2630 Ταῦτα
3169 2579 3308 2630 κατά
3337 2570 3673 2643 ἀποκάλυψίν

442 2681 528 2726 tor
550 2682 730 2725 rerum
749 2656 990 2722 omnium
1007 2670 1110 2727 est,
1132 2660 1384 2731 idemque
1403 2658 1673 2713 hominem
1695 2657 2005 2727 fecit,eique

2117 2683 2205 2737 μοι
2241 2664 2517 2735 δειχθέντα
2553 2666 2702 2739 παρά
2751 2666 2842 2720 τοῦ
2879 2668 3011 2720 Θεοῦ
3038 2668 3201 2736 λέγω,
3234 2667 3291 2731 ὃς
3325 2666 3553 2737 ποιητὴς
3576 2666 3674 2737 μὲν

445 2763 679 2818 animam
711 2766 766 2814 et
800 2752 1163 2811 ratiocinandi
1205 2753 1314 2806 vim
1362 2750 1670 2818 impertitus
1705 2749 2009 2814 est..Quasi

2114 2757 2364 2812 ἁπάντων
2387 2758 2500 2809 ἐστὶ
2527 2756 2633 2810 τῶν
2654 2758 2842 2818 ὄντων,
2874 2758 3031 2821 αὐτὸς
3053 2759 3108 2812 δὲ
3139 2759 3232 2812 καὶ
3264 2757 3544 2829 ἄνθρωπον
3578 2775 3676 2811 πε-

445 2856 591 2910 dicat
641 2851 809 2905 Deum
848 2854 908 2902 ut
944 2846 1116 2899 voluit
1147 2843 1501 2899 consensisse
1536 2850 1595 2896 ut
1620 2845 1736 2895 haec
1792 2839 2007 2903 fierent,

2114 2850 2330 2921 ποίηκε,
2356 2849 2528 2920 ψυχῆς
2565 2867 2623 2902 τε
2647 2850 2792 2920 αύτῷ
2821 2852 2913 2903 καὶ
2929 2850 3236 2922 προθέσεως
3259 2850 3482 2921 λογικῆς
3514 2867 3676 2921 μετα-
3742 2886 3749 2893 ο

444 2945 541 3017 qui
583 2950 769 3012 utpote
812 2937 1057 2993 omnium
1096 2935 1363 2989 Dominus
1390 2932 1637 2988 concedit
1675 2931 2009 2996 hominibus,

2114 2940 2259 3004 δούς·
2318 2941 2404 2994 ἵνα
2450 2940 2579 3011 εἴπῃ
2630 2941 2711 2994 ὅτι
2745 2942 2819 3005 ὡς
2854 2940 3127 3011 ἠϐουλήθη
3174 2939 3302 3005 θεὸς
3335 2941 3673 3012 συνεχώρησε

446 3051 572 3093 cum
598 3034 649 3090 ei
678 3030 917 3094 libuerit,
941 3027 1085 3100 quod
1115 3026 1388 3081 voluerint
1407 3026 1685 3096 perlicere.
1717 3022 1855 3089 Quid
1884 3037 2014 3093 ergo

2114 3032 2276 3086 ταῦτα
2296 3031 2565 3100 γενέσθαι,
2599 3031 2658 3095 ὃς
2690 3031 2782 3084 ἆτε
2806 3032 3019 3085 πάντων
3053 3031 3254 3102 Κύριος
3286 3035 3558 3103 συγχωρεί
3583 3032 3677 3084 καὶ

446 3130 558 3194 hic,
596 3125 751 3198 quid,
786 3124 1023 3191 inquam,
1058 3118 1353 3174 dicithEn
1371 3132 1471 3187 ego
1502 3130 1645 3186 pono
1674 3113 2011 3171 Hierusalem

2114 3120 2414 3193 ἀνθρώποις
2441 3122 2588 3176 ὁπότ’
2618 3122 2683 3176 ἂν
2718 3121 2969 3175 ἐθέλοιτὰ
2997 3122 3253 3177 δοκοῦντα
3274 3124 3454 3187 αὐτοῖς
3483 3125 3673 3176 ποιεῖν.

449 3232 509 3278 ut
534 3217 803 3293 propylaea
829 3212 1219 3271 commovenda
1249 3211 1465 3266 cunctis
1495 3210 1548 3263 in
1582 3208 1815 3263 circuitu
1844 3223 2014 3279 popu-

449 3313 539 3377 lis,
570 3319 625 3366 et
650 3309 705 3365 in
732 3305 916 3362 Iudaea
941 3305 1047 3359 erit
1078 3300 1291 3358 obsidio
1317 3300 1577 3356 adversus
1607 3299 1964 3354 Hierusalem.
1988 3316 2008 3351 ι

450 3402 561 3475 Ego
584 3402 787 3470 itaque,
815 3394 1012 3466 inquit,
1046 3400 1268 3463 propter
1297 3390 1602 3445 incolarum
1637 3388 1897 3442 malitiam
1927 3387 2013 3441 in-

451 3491 690 3549 firmitati
719 3487 918 3543 tradidi
945 3483 1192 3557 plurima:
1211 3481 1574 3545 Hierusalem,
1604 3488 1664 3533 ut
1684 3479 1899 3535 cunctis
1922 3494 2017 3533 vo—

449 3583 689 3641 lentibus
716 3581 875 3635 liceat
910 3579 1082 3647 ipsam
1111 3574 1331 3647 aggredi
1369 3584 1421 3628 et
1448 3580 1610 3643 prout
1636 3571 1855 3628 libuerit
1884 3586 2016 3626 con-

449 3681 637 3730 cutere
657 3690 675 3741 ;
697 3666 839 3726 unde
861 3669 1024 3724 etiam
1051 3682 1079 3721 a
1112 3665 1500 3722 Macedonibus
1521 3664 1739 3736 regibus
1767 3673 2015 3720 coortum

449 3762 612 3835 350
636 3769 720 3818 est
748 3760 970 3816 bellum.
1013 3776 1031 3809 ι
1052 3758 1117 3811 Et
1142 3760 1246 3814 erit
1276 3757 1363 3812 die
1395 3757 1485 3811 illa
1525 3771 1722 3826 ponam
1757 3755 2017 3813 Hierusa-

450 3854 555 3908 lem
583 3850 814 3920 lapidem
836 3846 1212 3903 conculcatum
1230 3846 1298 3901 ab
1319 3846 1574 3901 omnibus
1590 3845 1863 3916 gentibus.
1886 3845 2018 3913 Qui-

451 3955 666 4011 cunque
694 3938 1096 3993 conculcaverit
1120 3951 1262 4002 eam,
1294 3924 1528 3991 illudens
1566 3936 1775 3998 illudet,
1805 3945 1858 3991 et
1887 3951 2017 3991 con-

452 4031 821 4103 gregabuntur
869 4028 1129 4081 adversus
1174 4041 1295 4080 eam
1347 4041 1537 4080 omnes
1576 4035 1763 4096 gentes
1793 4034 2010 4081 terrae.»

452 4120 592 4177 Hinc
603 4135 720 4176 eam
735 4117 990 4174 invadent
1005 4116 1349 4186 alienigenae;
1366 4117 1690 4186 cunctisque
1718 4118 2018 4172 invadenti-

453 4214 557 4269 ιω
600 4212 829 4267 facultas
869 4210 973 4264 erit
1018 4206 1248 4261 faciendi
1298 4207 1349 4261 ei
1398 4206 1661 4277 quidquid
1709 4209 2014 4278 voluerint;

450 4320 578 4363 nam
610 4306 784 4368 multi,
820 4303 894 4357 rei
929 4302 1093 4371 hujus
1121 4314 1308 4363 causa,
1344 4310 1533 4355 contra
1566 4316 1683 4355 eam
1719 4304 2016 4374 congloba-

2112 3213 2177 3265 Τί
2206 3209 2296 3267 οὖν
2327 3207 2510 3279 οὗτος;
2536 3213 2589 3265 τί
2622 3230 2817 3282 φησιν;
2856 3231 2874 3264 ι
2926 3213 3055 3267 Ἰδοὺ
3094 3211 3203 3282 ἐγὼ
3234 3213 3424 3284 τίθημι
3449 3212 3547 3282 τὴν
3584 3212 3679 3263 Ἱε-

2114 3301 2393 3372 ρουσαλὴμ
2449 3301 2522 3365 ὡς
2574 3300 2821 3373 πρόθυρα
2862 3302 3191 3372 σαλευόμενα
3220 3302 3354 3354 πᾶσι
3388 3300 3499 3363 τοῖς
3531 3299 3677 3363 λαοῖς

2113 3392 2316 3464 κύκλῳ,
2347 3393 2438 3446 καὶ
2464 3394 2520 3445 ἐν
2546 3396 2611 3464 τῇ
2649 3393 2876 3465 Ἰουδαίᾳ
2928 3394 3078 3449 ἔσται
3110 3394 3336 3465 περιοχὴ
3359 3394 3449 3446 ἐπὶ
3485 3393 3678 3461 Ἰερου-

2114 3485 2311 3556 σαλήμ.
2357 3504 2376 3537 ι
2418 3484 2559 3553 Ἐγὼ
2585 3485 2787 3547 τοίνυν,
2832 3487 2983 3556 φησι,
3010 3487 3097 3540 διὰ
3128 3484 3224 3556 τὴν
3253 3485 3357 3539 τῶν
3389 3484 3680 3537 οἰκούντων

2113 3578 2307 3631 κακίαν
2341 3576 2589 3646 ἀσθενείᾳ
2626 3575 2981 3647 παραδέδωκα
3019 3576 3249 3649 πλείστῃ
3275 3575 3372 3646 τὴν
3414 3576 3678 3646 Ἰερουσα-

2112 3667 2242 3739 λὴμ,
2277 3666 2415 3720 ὥστε
2456 3671 2622 3723 πᾶσιν
2650 3670 2849 3735 ἐξεῖναι
2874 3672 2985 3732 τοῖς
3017 3667 3357 3739 βουλομένοις
3382 3666 3589 3719 ἐπιέναι
3616 3682 3675 3718 τε

2113 3761 2250 3831 αὐτῇ
2279 3762 2370 3814 καὶ
2398 3761 2638 3816 σαλεύειν
2663 3762 2738 3826 ὼς
2760 3762 2825 3815 ἂν
2863 3760 3112 3827 ἐθέλοιεν,
3133 3758 3254 3812 ὃθεν
3277 3758 3343 3829 δὴ
3371 3759 3463 3812 καὶ
3484 3758 3512 3809 ὁ
3530 3756 3680 3829 παρά

2110 3854 2220 3907 τῶν
2252 3853 2584 3916 Μακεδονίας
2636 3852 2895 3923 βασιλέων
2921 3851 3100 3913 αὐτοῖς
3130 3850 3495 3919 ἐπεγήγερται
3520 3847 3679 3901 πόλι·

2116 3962 2235 4015 μος.
2269 3963 2287 3994 ι
2323 3946 2433 3998 Καὶ
2486 3944 2633 3997 ἔσται
2668 3946 2724 3997 ἐν
2767 3946 2834 4015 τῇ
2873 3943 3055 4014 ἡμέρα
3097 3942 3280 4013 ἐκείνῃ
3316 3941 3549 4011 θήσομαι
3578 3940 3682 4010 τὴν

2124 4036 2469 4108 Ἰερουσαλὴμ
2500 4035 2643 4088 λίθον
2682 4033 3158 4105 καταπατούμενον
3176 4034 3307 4087 πᾶσι
3340 4032 3450 4095 τοῖς
3473 4030 3678 4084 ἔθνεσι⁹

2114 4130 2221 4192 πᾶς
2260 4130 2288 4181 ὁ
2342 4125 2673 4180 καταπατῶν
2701 4126 2865 4195 αὐτὴν
2900 4123 3179 4195 ἐμπαίξων
3214 4123 3556 4193 ἐμπαίξεται,
3585 4121 3678 4175 καὶ

2114 4217 2595 4287 ἐπισυναχθήσεται
2621 4215 2706 4267 ἐπ’
2738 4215 2905 4283 αὐτὴν
2931 4214 3102 4267 πάντα
3134 4214 3200 4265 τά
3231 4210 3357 4282 ἔθνη
3383 4211 3480 4280 τῆς
3503 4211 3623 4280 γῆς.
3651 4230 3673 4261 ι

2126 4306 2401 4360 Ἐντεῦθεν
2431 4305 2598 4377 αὐτὴν
2631 4306 2978 4375 ἐπιδήσονται
3022 4303 3117 4373 μὲν
3144 4302 3432 4373 ἀλλότριοι,
3464 4302 3596 4353 πᾶσι
3622 4300 3680 4353 δέ

452 4399 676 4453 buntur.
720 4394 922 4452 Deinde
968 4391 1212 4449 recitatis
1261 4392 1685 4458 calamitatibus,
1736 4410 1859 4463 qua:
1907 4394 2015 4450 Deo

2114 4400 2224 4462 τοῖς
2271 4398 2635 4452 ἐπιϐαίνουσιν
2666 4396 2845 4473 ’ἄδεια
2874 4398 3158 4466 γενήσεται
3196 4394 3290 4447 τοῦ
3318 4393 3573 4465 πράττειν
3602 4393 3682 4456 είς

454 4490 797 4559 permittente
817 4491 1130 4547 evenerant,
1154 4483 1285 4538 dicit
1312 4485 1551 4537 futuram
1581 4485 1634 4538 in
1663 4487 1858 4542 melius
1883 4502 2008 4542 con-

2121 4490 2287 4561 αὐτὴν
2321 4491 2459 4563 ἅπερ
2481 4488 2544 4543 ἂν
2575 4488 2826 4552 ἐθέλοιεν,
2858 4489 2952 4542 ἆτε
2981 4488 3073 4540 καὶ
3097 4486 3301 4542 πολλῶν
3327 4485 3681 4556 ἀθροισθησοο

455 4577 783 4640 versionem,
818 4591 980 4646 quam
1012 4573 1119 4629 Deo
1145 4576 1358 4628 volente
1389 4576 1764 4643 experientur.

2124 4584 2297 4654 μένων
2322 4583 2405 4635 ἐπ’
2434 4581 2621 4650 αὐτὴν,
2642 4582 2829 4633 τούτου
2860 4598 2920 4649 γε
2941 4580 3121 4633 ἕνεκεν
3140 4596 3153 4609 ·
3186 4574 3303 4631 εἶτα
3333 4577 3567 4649 εἰρηκὼς
3584 4579 3683 4640 τὰς

456 4665 737 4739 συμφορὰς
765 4664 839 4728 ὡς
882 4662 1022 4718 κατὰ
1067 4661 1408 4733 συγχώρησιν
1447 4660 1540 4716 τοῦ
1579 4661 1712 4716 Θεοῦ
1752 4668 2070 4739 γενομένας,
2101 4672 2246 4741 λέγει
2291 4670 2473 4725 λοιπὸν
2505 4670 2599 4724 καὶ
2644 4670 2742 4741 τὴν
2781 4670 2872 4723 ἐπὶ
2899 4669 2959 4723 τὸ
2984 4669 3229 4742 κρεῖττον
3256 4666 3576 4740 μεταϐολὴν,
3616 4669 3683 4740 ἣν

456 4760 633 4826 ἕξουσι
650 4758 744 4817 τοῦ
775 4756 906 4810 Θεοῦ
934 4754 1299 4827 βουληθέντος.

535 4852 696 4909 Vens.
716 4852 772 4920 4,
786 4852 938 4907 5.-‹
965 4849 1058 4905 Die
1078 4849 1188 4914 illa,
1205 4848 1337 4903 dicit
1356 4843 1620 4906 Dominus
1646 4852 2019 4926 omnipotens,

455 4944 753 5018 percutiam
791 4954 1007 4997 onmem
1055 4953 1255 5009 equum
1293 4948 1538 5010 stupore,
1580 4949 1634 4996 οἱ
1670 4958 2017 5004 ascensorem

455 5040 576 5109 ejus
606 5035 858 5092 amentia.
906 5033 1081 5104 Super
1118 5032 1336 5087 domum
1373 5040 1551 5087 autem
1594 5028 1749 5091 Iuda:
1779 5041 2019 5109 aperiam

456 5130 644 5185 oculos
666 5142 838 5191 meos,
867 5134 923 5182 et
952 5141 1142 5182 omnes
1168 5139 1338 5196 equos
1367 5127 1688 5196 populorum
1719 5133 2017 5199 percutiam

456 5223 720 5277 czecitate.
756 5218 819 5273 Et
849 5218 1031 5274 dicent
1057 5218 1259 5274 tribuni
1282 5214 1436 5271 lude
1460 5232 1651 5274 omnes
1680 5221 1735 5275 in
1762 5223 2020 5280 cordibus

450 5316 606 5367 suis:
641 5307 980 5364 Inreniemus
1010 5309 1167 5364 nobis
1200 5306 1411 5364 incolas
1441 5305 1780 5365 Hierusalem
1813 5315 1867 5367 in
1910 5312 2019 5369 Do-

454 5402 608 5456 mino
658 5398 1025 5469 omnipotente
1077 5400 1188 5456 Deo
1236 5399 1503 5470 ipsorum.
1544 5419 1564 5453 ι
1636 5397 2019 5460 Verumtamen

460 5489 606 5546 haud
640 5504 813 5560 usque
840 5488 904 5542 ad
946 5490 1339 5545 extremitatem
1380 5488 1461 5544 eis
1492 5489 1759 5545 malorum
1800 5507 2018 5548 sensum

444 5579 665 5639 ,intendi
723 5580 919 5639 sinam,
954 5578 1046 5633 sed
1073 5578 1307 5633 subitum
1335 5580 1551 5634 cunctis
1581 5581 1832 5651 praebebo
1862 5585 2018 5637 auxi-

460 5669 628 5738 lium;
679 5683 868 5739 nenipe
908 5684 1004 5739 per
1045 5668 1164 5723 illos
1193 5669 1283 5739 qui
1318 5684 1439 5725 meo
1472 5669 1751 5728 confidunt
1783 5675 2013 5740 auxilio,

2190 4854 2337 4925 Στίχ.
2366 4853 2431 4916 δ’,
2449 4858 2509 4905 ε’.
2534 4880 2605 4892 --
2636 4870 2654 4901 ι
2687 4852 2776 4904 Ἑν
2808 4853 2874 4922 τῇ
2894 4849 3075 4922 ἡμέρᾳ
3090 4848 3290 4924 ἐκείνῃ,
3307 4848 3455 4918 λέγει
3480 4845 3683 4922 Κύριος

2119 4944 2529 5017 παντοκράτωρ,
2563 4941 2785 5006 πατάξω
2818 4942 2992 4995 πάντα
3021 4940 3186 4994 ἵππον
3212 4940 3269 4993 ἐν
3292 4940 3564 5001 ἐκστάσει,
3591 4939 3685 4993 καὶ

2118 5038 2209 5091 τὸν
2241 5035 2517 5105 ἀναόάτην
2564 5031 2728 5087 αὐτοῦ
2779 5034 2837 5085 ἐν
2892 5033 3339 5105 παραφρονήσειο
3376 5034 3469 5087 ἐπὶ
3512 5033 3567 5086 δὲ
3591 5032 3685 5085 τὸν

2117 5124 2265 5181 οἷκον
2296 5126 2465 5180 Ἰούδα
2495 5125 2689 5191 ἀνοίξω
2716 5124 2837 5188 τοὺς
2859 5123 3170 5195 ὀφθαλμούς
3200 5140 3320 5194 μου,
3353 5125 3448 5179 καὶ
3479 5122 3685 5188 πάντας

2117 5220 2243 5283 τοὺς
2266 5219 2463 5279 ἵππους
2494 5216 2599 5269 τῶν
2622 5215 2764 5269 λαῶν
2794 5216 3017 5282 πατάξω
3060 5216 3117 5269 ἐν
3149 5215 3525 5285 ἀποτυφλώσει
3546 5230 3561 5246 ·
3591 5216 3684 5269 καὶ

2120 5307 2334 5381 ἐροῦσιν
2379 5310 2426 5363 οἱ
2470 5307 2736 5379 χιλίαρχοι
2774 5307 2942 5362 Ἰούδα
2969 5307 3168 5372 πάντες
3196 5309 3253 5361 ἐν
3281 5310 3398 5372 ταῖς
3436 5307 3684 5379 καρδίαις

2121 5400 2321 5465 αὐτῶν,
2351 5400 2427 5470 (p.
2450 5394 2903 5470 520)Εύρήσομεν
2920 5399 3126 5462 ἐαυτοτς
3150 5399 3276 5460 τοὺς
3304 5396 3687 5458 κατοικοῦντας

2132 5490 2485 5563 Ἰερουσαλὴμ
2518 5493 2574 5543 ἐν
2604 5489 2792 5561 Κυρίῳ
2836 5490 3231 5562 παντοκράτορι
3271 5488 3391 5560 Θεῷ
3432 5487 3632 5542 αὐτῶν.
3660 5503 3681 5539 ι

2133 5585 2290 5638 Ἀλλά
2340 5584 2449 5655 γὰρ
2507 5584 2603 5637 οὔκ
2649 5584 2728 5646 εἰς
2756 5582 2903 5646 τέλος
2932 5584 3111 5647 αὑτοῖς
3140 5581 3498 5636 ἐπιτείνεσθαι
3543 5581 3689 5633 ἐάσω

2118 5675 2228 5729 τῶν
2263 5673 2447 5727 κακῶν
2496 5673 2594 5745 τὴν
2656 5676 2871 5743 πεῖραν,
2926 5672 3127 5745 ἀθρόαν
3176 5673 3230 5728 δέ
3266 5673 3466 5727 ἆπασιν
3501 5670 3685 5734 αὐτοῖς
