4096 6234
387 281 487 339 58!

1342 276 1896 334 COMMENTARIUS
1929 277 1995 331 ΙΝ
2037 276 2595 334 ΖΑΕΗΑΒΙᾸΞΕΔΡ.
2632 278 2746 333 XII.

3522 285 3629 344 582

384 393 613 466 παρέξω
663 393 764 464 τὴν
808 392 1076 463 βοήθειαν,
1120 394 1211 445 καὶ
1242 393 1330 445 διά
1377 394 1483 444 τῶν
1516 392 1650 463 πρὸς
1679 394 1778 462 τὴν
1819 392 1937 463 ἐμὴι

2062 392 2305 461 intelligit
2338 400 2519 446 autem
2546 391 2906 455 Machabcos,
2936 401 3192 449 cunctam
3235 394 3451 452 hostilis
3474 401 3629 468 equi~

381 485 636 556 ὁρώντων
694 485 946 554 βοήθειαν
1007 483 1276 554 (βούλεται
1324 485 1380 537 δὲ
1420 484 1528 536 τῶν
1578 484 1955 538 Μακκαϐαίων

383 577 578 646 εἰπεῖν)
616 578 793 629 πᾶσαν
817 576 912 645 τὴν
951 574 1180 646 ἱππικὴν
1202 575 1311 630 τῶν
1337 577 1590 629 ἐναντίων
1624 575 1955 641 καταπλήξω

379 670 632 740 δύναμιν,
685 670 823 757 ὥστε
886 670 977 722 καὶ
1025 669 1152 731 τοὺς
1201 668 1593 740 ἐπιϐεϐηκότας
1636 669 1815 722 αὐτῶν
1873 670 1955 731 εἰς

382 764 615 833 παντελῆ
643 764 1068 833 παραφροσύνην
1094 762 1170 833 τῷ
1204 763 1418 833 μεγέθει
1446 763 1552 816 τῶν
1574 762 1756 816 κακῶν
1782 763 1954 832 ἐμπε-

382 859 517 909 σεῖν.
546 854 656 906 Καὶ
682 852 853 907 ταῦτα
879 855 974 923 μὲν
1002 855 1128 925 περὶ
1152 855 1277 916 τοὺς
1306 855 1578 918 ἐναντίους
1609 854 1947 925 ἐργάσομαν

376 949 489 1009 τοῖς
516 945 571 999 δὲ
602 947 666 998 ἐκ
695 944 791 1016 τῆς
832 943 1000 998 Ἰούδα
1052 944 1244 1015 φυλῆς,
1273 944 1329 1010 ἐξ
1358 938 1536 1016 ἧσπερ
1592 939 1732 1016 ἦσαν
1779 945 1870 998 καὶ
1902 944 1952 997 οὶ

373 1035 670 1108 ἡγούμενοι
707 1034 798 1088 τοῦ
833 1034 1066 1105 πολέμου
1102 1033 1470 1098 Μακκαϐαῖοι,
1501 1035 1601 1107 τήν
1636 1052 1695 1089 τε
1726 1035 1954 1105 ἐποψίαν

373 1128 470 1182 καὶ
494 1127 595 1199 τὴν
616 1126 940 1198 κηδεμονίαν
962 1125 1181 1199 παρέξω
1201 1127 1300 1197 τὴν
1323 1126 1482 1197 ἐμὴν,
1510 1126 1654 1181 ἅπαν
1682 1127 1790 1181 τῶν
1806 1131 1955 1182 ἐναν-

371 1219 504 1273 τίων
532 1219 595 1272 τὸ
623 1219 844 1273 ἱππικὸν
876 1218 949 1283 ὡς
965 1220 1030 1273 ἂν
1049 1219 1317 1289 τυφλώσει
1346 1222 1450 1274 τινί
1472 1220 1832 1292 περιϐάλλων,
1859 1222 1953 1275 καὶ

369 1309 543 1372 οῦτως
577 1311 857 1381 ἄπρακτον
885 1310 1026 1363 κατά
1045 1311 1151 1365 τῶν
1174 1313 1297 1382 ἐμοὶ
1324 1313 1708 1384 προσηκόντων
1732 1312 1901 1366 ποιῶν
1927 1328 1942 1344 ⁸

368 1401 490 1454 τότε
508 1401 572 1470 δὴ
598 1401 783 1456 λοιπὸν
811 1404 860 1455 οί
887 1402 1176 1473 ἡγούμενοι
1197 1403 1289 1457 τοῦ
1318 1404 1486 1458 Ἰούδα
1509 1404 1833 1477 ᾑσθὴσονται
1861 1405 1943 1458 ὅτι

370 1508 478 1563 περ
507 1493 691 1556 αὐτοῖς
713 1492 860 1545 ἄδεια
888 1493 1094 1547 δέδοται
1142 1495 1293 1566 παρὰ
1341 1496 1435 1549 τοῦ
1466 1495 1600 1548 Θεοῦ
1640 1494 1733 1547 τοῦ
1782 1494 1941 1549 πάλιν

2062 490 2207 537 tatus
2235 484 2531 553 potentiam
2560 484 2926 548 terrefaciam,
2946 487 3018 541 ita
3044 496 3103 540 ut
3124 488 3336 557 equites
3365 492 3630 547 omnimo-

2060 574 2131 630 do
2161 583 2385 645 stupore
2406 574 2476 630 ob
2500 576 2767 631 malorum
2788 578 3217 647 magnitudinem
3242 581 3630 650 percellantur.

2061 675 2223 738 atque
2266 668 2381 721 hazc
2410 668 2628 737 quidem
2660 668 2896 724 inimicis
2920 669 3151 724 faciam:
3191 679 3245 724 at
3265 670 3416 727 Judae
3442 673 3631 741 tribui,

2059 776 2123 816 ex
2150 775 2257 830 qua
2288 759 2505 814 oriundi
2535 762 2802 831 erantqui
2833 762 3000 817 duces
3016 763 3139 817 belli
3169 762 3389 819 fuerunt
3418 766 3605 833 Macha

2061 849 2183 915 baai,
2209 850 2602 919 providentiam
2633 866 2929 921 curamque
2953 868 3125 908 meam
3154 854 3483 925 impendam,
3513 858 3633 912 uni-

2053 957 2271 996 versum
2290 942 2528 995 hostium
2550 944 2853 1012 equitatum
2876 945 3032 1014 quasi
3051 949 3295 1002 cat-citate
3312 950 3628 1005 obstrueus.

2051 1045 2213 1105 atque
2245 1037 2317 1086 ita
2361 1034 2659 1088 invalidum
2695 1039 2958 1090 adversus
2990 1052 3143 1091 meos
3177 1038 3479 1093 familiares
3508 1039 3631 1094 elfi-

2051 1124 2226 1180 ciens.
2258 1121 2414 1176 Tunc
2440 1138 2569 1178 vero
2598 1124 2766 1179 duces
2794 1122 2947 1179 Juda:
2975 1125 3287 1195 gaudebunt
3311 1127 3493 1180 datam
3523 1127 3625 1183 sibi

2051 1232 2081 1270 a
2113 1214 2223 1272 Deo
2249 1215 2561 1270 facultatem
2603 1214 2864 1272 redeundi
2895 1217 3235 1273 Hierusalem
3270 1218 3628 1284 confidenter,

2051 1308 2236 1378 ibique
2265 1325 2388 1363 Clllll
2419 1312 2599 1378 priore
2639 1311 3002 1381 prosperitate
3049 1312 3355 1376 habitandi,
3396 1314 3628 1368 servatis

2047 1403 2304 1456 omnibus
2332 1418 2452 1472 qua:
2486 1403 2597 1456 illic
2636 1404 2841 1457 servari
2873 1404 3029 1459 decet
3070 1406 3294 1472 olliciis,
3328 1407 3396 1462 ab
3428 1407 3498 1463 iis
3531 1406 3626 1478 qui

2047 1493 2161 1550 Deo
2190 1496 2300 1550 sint
2330 1496 2608 1567 placituri.
2638 1495 2833 1551 Postea
2864 1499 3252 1569 prosequitur:

366 1585 614 1637 ἀνελθεῖν
665 1602 724 1637 τε
753 1587 830 1648 είς
855 1584 949 1656 τὴν
983 1585 1334 1657 Ἰερουσαλὴμ
1384 1586 1521 1657 μετὰ
1563 1586 1875 1657 παρρησίας
1908 1584 2004 1639 καὶ
2048 1586 2187 1656 μετὰ
2232 1587 2330 1657 τῆς
2370 1585 2601 1656 πρόσθεν
2636 1586 2805 1655 αὐτὴν
2862 1587 3030 1640 οίκεῖν
3060 1587 3334 1658 εὐθηνίας,
3372 1589 3627 1644 ἁπάντων

366 1678 794 1750 ἐπιμελομένους
823 1674 898 1732 ὧν
944 1680 1218 1752 προσῆκόν
1257 1681 1406 1734 ἐστιν
1444 1679 1818 1753 ἐπιμελεῖσθαι
1858 1680 1985 1744 τοὺς
2025 1680 2305 1744 οἰκοῦντας
2346 1680 2553 1745 αὐτόθι,
2584 1681 2632 1733 εί
2669 1679 2733 1751 δὴ
2782 1680 3022 1750 μέλλοιεν
3065 1683 3317 1756 ἀρέσκειν
3349 1685 3489 1757 Θεῷ.
3513 1684 3627 1740 Καὶ

366 1772 606 1842 καθεξῆς
637 1773 831 1842 ἐπάγει
853 1789 867 1803 ο

442 1866 591 1936 Στίχ.
626 1873 773 1937 ς’-η’.
804 1895 874 1909 -—
905 1886 923 1919 ι
944 1868 1034 1921 Ἐν
1055 1870 1120 1939 τῇ
1142 1868 1327 1941 ἡμέρα
1347 1869 1529 1942 ἐκείνῃ
1559 1868 1793 1940 θήσομαι
1820 1868 1937 1932 τούξ

2122 1863 2281 1936 351
2312 1860 2481 1917 Vens.
2525 1861 2647 1916 6-8.
2688 1890 2758 1903 —
2802 1861 2940 1917 «Die
2985 1861 3075 1915 illa
3123 1876 3321 1931 ponam
3371 1863 3625 1923 tribunos

366 1959 679 2032 χιλιάρχους
704 1959 873 2013 Ἰούδα
896 1959 972 2023 ὼς
993 1959 1149 2015 δαλὸν
1171 1963 1341 2034 πυρὸς
1362 1964 1418 2016 ἐν
1439 1962 1658 2033 καλάμῃ
1682 1980 1693 1992 ο
1726 1963 1820 2015 καὶ
1844 1979 1943 2014 κα·-

363 2052 700 2122 ταφάγονται
727 2052 790 2105 ἐκ
815 2051 1006 2116 δεξιῶν
1045 2054 1140 2107 καὶ
1170 2053 1231 2119 ἐξ
1258 2053 1552 2125 εὐωνύμων
1580 2054 1787 2116 πάντας
1817 2054 1942 2116 τοὺς

361 2145 529 2207 λαοὺς
550 2143 810 2197 κύκλοθεν
832 2160 845 2172 ο
873 2145 966 2198 καὶ
988 2147 1301 2216 κατοικήσει
1345 2144 1697 2218 Ἰερουσαλὴμ
1717 2145 1796 2197 ἐτι
1818 2143 1941 2198 καθ’

360 2233 567 2305 ἑαυτὴν
588 2236 647 2287 ἐν
689 2233 1045 2305 Ἰερουσαλήμ
1064 2252 1077 2264 ·
1118 2234 1205 2305 (p.
1241 2235 1337 2289 5:21
1367 2243 1384 2306 )
1420 2236 1513 2289 καῖ⁵
1544 2234 1707 2290 σώσει
1737 2234 1939 2306 Κύριος

358 2330 430 2395 τὰ
486 2325 823 2397 σκηνώματα
859 2325 1026 2379 Ἰούδα
1071 2326 1253 2390 καθὼς
1295 2329 1389 2381 ἀπ’
1419 2328 1593 2399 ἀρχῆς
1616 2345 1629 2358 ·
1664 2330 1811 2392 ὅπως
1864 2327 1940 2399 μὴ

362 2417 735 2490 μεγαλύνηται
768 2414 1027 2486 καύχημα
1057 2415 1205 2468 οἴκου
1229 2414 1414 2482 Δαυῒδ,
1445 2416 1540 2469 καὶ
1574 2414 1803 2486 ἔπαρσις
1830 2414 1939 2468 τῶν

358 2506 763 2562 κατοικούντων
804 2505 1158 2578 Ἰερουσαλὴμ
1198 2507 1290 2559 ἐπὶ
1334 2507 1425 2561 τὸν
1473 2506 1692 2561 Ἰούδαν.
1735 2526 1754 2559 ι
1806 2506 1938 2560 Τότε

357 2598 448 2671 δὴ,
462 2600 651 2671 φησὶν,
671 2596 841 2661 οὕτως
863 2600 1114 2669 ἰσχυροὺς
1136 2598 1439 2670 ἐργάσομαι
1458 2600 1582 2663 τοὺς
1604 2598 1939 2669 ἡγουμένους

357 2692 463 2762 τῆς
510 2690 681 2744 Ἰούδα
711 2690 881 2759 φυλῆς
906 2689 1048 2743 κατὰ
1080 2689 1190 2743 τῶν
1223 2691 1495 2761 πολεμίων
1515 2731 1529 2754 ,
1559 2689 1698 2743 ὥστε
1729 2691 1938 2753 πάντας

359 2782 561 2844 αὐτοὺς
606 2783 726 2844 ταῖς
754 2781 989 2851 πληγαῖς
1019 2781 1113 2835 καί⁵
1140 2781 1217 2853 τῷ
1250 2782 1394 2852 φόνῳ
1420 2783 1574 2854 δίκην
1612 2783 1783 2854 πυρὸς
1814 2784 1936 2835 ἐπι-

356 2876 624 2947 νέμεσθαι
662 2875 840 2941 ξύλοις
891 2874 1391 2945 ἐπιπεπτωκότοςῆ
1441 2874 1662 2946 καλάμῃ
1692 2890 1707 2904 ·
1764 2874 1937 2939 οὕτως

356 2969 533 3024 πολὺν
566 2968 814 3022 ἐντεῦθέν
840 2985 898 3022 τε
919 2968 1172 3022 κάκεῖθεν
1201 2970 1295 3022 καὶ⁵
1318 2969 1651 3041 πανταχόθεν
1677 2970 1938 3041 ἐργάσον-

355 3081 448 3118 ται
487 3062 646 3133 φόνον
672 3062 780 3116 τῶν
801 3061 1055 3116 ἐναντίων
1078 3075 1094 3090 ⁸
1127 3062 1541 3133 περιγενήσεται
1570 3063 1627 3117 δὲ
1652 3065 1717 3133 τῇ
1745 3062 1938 3132 Ἰερου-

361 3155 547 3225 σαλὴμ
571 3156 633 3208 τὸ
654 3156 713 3207 ἐν
739 3155 928 3226 είρήνῃ
960 3154 1168 3222 διάγειν
1189 3154 1391 3219 λοιπὸν,
1427 3154 1694 3225 μηδεμίαν
1714 3153 1936 3225 ὄχλησιν

2041 1956 2193 2012 Juda:
2210 1960 2351 2011 sicut
2364 1964 2562 2009 torrem
2587 1955 2729 2025 ignis
2759 1955 2812 2009 in
2830 1955 2896 2010 sti
2904 1954 3028 2025 pula
3049 1970 3064 2021 ;
3092 1953 3429 2008 vorabantur
3444 1972 3473 2008 a
3491 1955 3625 2013 dex-

2044 2050 2143 2104 tris
2162 2057 2217 2104 et
2240 2065 2269 2103 a
2301 2048 2545 2103 sinistris
2567 2062 2758 2103 omnes
2782 2048 2926 2102 circa
2952 2048 3201 2117 populos.
3255 2045 3321 2100 Et
3354 2047 3624 2105 habitabit

2042 2140 2379 2196 Hierusalem
2432 2140 2610 2195 adhuc
2636 2156 2732 2210 per
2764 2156 2823 2196 se
2846 2141 2900 2195 in
2922 2140 3351 2208 Hierusalem,et
3367 2142 3620 2199 servabit

2043 2232 2308 2289 Dominus
2343 2234 2693 2288 tabernacula
2719 2232 2876 2289 Iuda:
2904 2234 3048 2289 sicut
3073 2234 3143 2288 ah
3162 2234 3319 2288 initio
3350 2274 3365 2299 ,
3391 2250 3459 2291 ne
3498 2250 3621 2291 am-

2024 2324 2595 2396 ,plillceturjactantia
2630 2326 2830 2381 domus
2861 2324 3107 2390 Davidis,
3148 2334 3202 2379 et
3246 2326 3414 2381 elatio
3456 2327 3621 2383 habio

2042 2428 2277 2476 tatarum
2306 2419 2643 2475 Hierusalem
2687 2433 2854 2489 super
2880 2416 2909 2472 J
2918 2420 3096 2473 udam.
3122 2439 3142 2472 ι
3176 2419 3333 2475 Tunc
3358 2436 3512 2484 sane,
3538 2421 3623 2476 in-

2041 2513 2179 2582 quit,
2223 2523 2331 2566 tam
2380 2512 2591 2567 validos
2625 2511 2852 2566 elﬁciam
2905 2512 3076 2567 duces
3117 2513 3297 2568 tribus
3326 2512 3482 2569 Iuda:
3515 2514 3620 2569 ad-

2040 2619 2233 2659 versus
2263 2604 2468 2665 hostes,
2494 2611 2553 2655 ut
2588 2604 2687 2656 hos
2713 2617 2905 2656 omnes
2928 2602 3247 2658 vulneribus
3268 2603 3641 2673 aedibusque

2040 2701 2399 2759 consumant;
2432 2689 2664 2746 flamma:
2697 2692 2871 2745 instar
2895 2707 3017 2762 quae
3050 2693 3105 2746 in
3142 2692 3286 2763 ligna
3315 2692 3398 2747 vel
3445 2694 3624 2763 stipu-

2040 2786 2150 2840 lam
2186 2785 2397 2839 incidit.
2428 2784 2578 2839 Adeo
2613 2784 2837 2837 multam
2864 2783 2993 2838 hinc
3024 2792 3081 2839 et
3111 2786 3260 2839 illinc
3282 2794 3337 2840 et
3381 2785 3622 2841 ubicun-

2038 2892 2146 2948 que
2174 2885 2412 2946 stragem
2440 2874 2963 2931 edentinimicorum
2987 2878 3001 2931 ι
3036 2875 3191 2932 Tunc
3215 2878 3335 2932 urbi
3354 2876 3621 2935 Hierusa-

2040 2968 2142 3022 lem
2172 2967 2228 3022 in
2253 2980 2386 3037 pace
2408 2966 2605 3038 degere
2635 2966 2842 3031 licebit,
2881 2968 3089 3021 nullam
3126 2970 3193 3022 ab
3223 2968 3477 3025 hostibus
3501 2984 3621 3024 mo-

2039 3059 2249 3114 lestiam
2281 3059 2552 3129 patienti;
2578 3073 2664 3112 me
2688 3059 2898 3114 scilicet
2922 3057 3077 3114 Iuda:
3107 3059 3311 3115 tribum
3345 3061 3507 3132 eique
3524 3061 3622 3117 ad-

2038 3151 2215 3207 dictos
2261 3151 2527 3213 salvante,
2582 3156 2638 3205 et
2688 3150 2743 3204 in
2791 3152 3032 3222 priorem
3081 3152 3398 3208 felicitatem
3439 3155 3620 3210 vindi-

354 3248 467 3302 ὑπὸ
497 3246 605 3299 τῶν
652 3246 909 3299 ἐναντίων
956 3245 1247 3319 δεχομένῃ,
1274 3244 1370 3300 ἆτε
1402 3246 1609 3309 πάντας
1642 3245 1777 3317 ἐμοῦ
1813 3247 1937 3310 τοὺς

2041 3252 2221 3299 cante.
2285 3242 2441 3298 Tunc
2489 3257 2621 3298 vero
2663 3243 2822 3298 bonis
2870 3246 2987 3300 suis
3043 3246 3353 3315 superbire,
3398 3244 3620 3304 Davidis

352 3336 458 3410 τῆς
491 3338 664 3392 Ἰούδα
711 3338 916 3408 φυλῆς,
954 3338 1081 3401 τούς
1108 3355 1168 3390 τε
1202 3339 1576 3409 προσήκοντας
1607 3338 1788 3402 αὐτοῖς
1832 3355 1932 3391 πε-

360 3429 682 3503 ρισώζοντος
716 3431 808 3483 καὶ
832 3431 924 3484 ἐπὶ
950 3430 1049 3500 τὴν
1074 3429 1307 3500 πρόσθεν
1338 3429 1704 3498 ἐπανάγοντος
1725 3431 1934 3501 εὐπρα-

356 3522 515 3589 γίανο
549 3520 672 3573 τότε
703 3520 759 3573 δὲ
788 3519 883 3573 τοῦ
921 3519 1021 3590 μὲν
1052 3518 1261 3590 μεγάλα
1294 3521 1510 3588 φρονεῖν
1546 3519 1639 3573 ἐπὶ
1661 3522 1772 3582 τοῖς
1805 3520 1933 3573 ἐαυ-

356 3613 470 3665 τῶν
498 3612 722 3680 ἀγαθοῖς
742 3652 757 3676 ,
785 3612 839 3665 οῖ
865 3629 923 3664 τε
953 3613 1018 3664 ἐκ
1059 3609 1153 3663 τοῦ
1190 3607 1352 3662 Δαυῖδ
1390 3609 1485 3663 καὶ
1520 3609 1719 3673 πάντες
1750 3610 1799 3663 οἱ
1834 3609 1934 3679 τὴν

367 3703 728 3774 Ἰερουσαλὴμ
776 3701 1052 3766 οἰκοῦντες
1089 3701 1329 3755 Ἰουδαῖοι
1372 3700 1668 3755 παύσονται
1692 3716 1707 3731 °
1743 3699 1934 3771 αἰσθή-

359 3809 547 3846 σονται
583 3793 639 3845 δὲ
679 3792 737 3858 ἐξ
755 3791 935 3847 αὐτῶν
966 3793 1075 3845 τῶν
1098 3789 1435 3861 πραγμάτων
1461 3792 1545 3845 ὅτι
1580 3789 1844 3861 πρότερόν
1872 3806 1932 3842 τε

358 3886 417 3938 ἐν
452 3882 781 3953 εὐπραγίαις
809 3878 949 3955 ἦσαν
981 3882 1116 3955 ἐμοῦ
1164 3881 1485 3955 βουλομένου
1506 3924 1521 3947 ,
1552 3882 1707 3937 οὐθὲν
1737 3884 1802 3936 ἐκ
1832 3882 1933 3954 τῆς

357 3978 566 4039 οἰκείας
594 3978 807 4038 ἑαυτοῖς
859 3979 1162 4047 περιποιεῖν
1209 3978 1490 4047 δυνάμεως
1520 3971 1621 4029 οἷοί
1668 3992 1728 4028 τε
1755 3974 1929 4040 ὄντες,

359 4070 455 4123 καὶ
491 4068 590 4139 τῆς
615 4068 752 4138 ἐμῆς
779 4068 1176 4139 άποϐληθέντες
1215 4069 1536 4141 κηδεμονίας
1561 4068 1648 4123 διὰ
1675 4068 1771 4140 τὴν
1804 4070 1932 4123 ἐαυ-

356 4161 469 4214 τῶν
494 4159 790 4231 μοχθηρίαν
813 4160 1158 4233 ἠλέγχθησάν
1178 4161 1555 4217 ἀσθενέστατοί
1578 4179 1638 4214 τε
1667 4160 1817 4226 ὄντες
1837 4162 1931 4214 καὶ

356 4252 618 4322 οὐδεμίαν
648 4253 856 4316 ἐαυτοῖς
902 4252 1150 4324 βοήθειαν
1180 4254 1438 4327 παρέχειν
1475 4253 1791 4323 δυνάμενοιο
1837 4254 1930 4306 καὶ

356 4344 511 4405 ὅπως
530 4342 687 4396 τοῦτο
710 4345 995 4415 γενήσεται
1020 4344 1212 4413 λέγων,
1251 4346 1389 4398 «Kal.
1414 4346 1564 4399 ἔσται
1585 4348 1642 4398 ἐν
1660 4348 1726 4415 τῇ
1749 4344 1930 4415 ἡμέρα

357 4436 544 4507 ἐκείνῃ
600 4432 927 4506 ὑπερασπιεῖ
958 4434 1160 4506 Κύριος
1212 4437 1349 4507 ὑπὲρ
1393 4437 1502 4491 τῶν
1536 4435 1928 4491 κατοικούντων

369 4523 729 4596 Ἰερουσαλήμ
758 4540 772 4555 ο
831 4525 926 4578 καὶ
973 4524 1125 4579 ἔσται
1172 4526 1201 4578 ὁ
1246 4525 1489 4579 ἀσθενῶν
1532 4527 1589 4579 ἐν
1637 4525 1819 4588 αὐτοῖς
1872 4527 1929 4577 ἐν

357 4618 544 4689 ἐκείνῃ
570 4620 635 4688 τῇ
664 4618 847 4689 ἡμέρᾳ
874 4616 949 4680 ὡς
976 4616 1138 4670 Δαυῒδ
1156 4632 1169 4645 ·
1205 4618 1234 4669 ό
1259 4616 1313 4669 δὲ
1338 4611 1484 4679 οἶκος
1503 4615 1664 4669 Δαυῖδ
1683 4616 1759 4680 ὡς
1781 4611 1927 4679 οἶκος

357 4709 494 4763 Θεοῦ
517 4750 533 4773 ,
578 4709 653 4773 ὡς
682 4709 909 4778 ἄγγελος
934 4708 1141 4780 Κυρίου
1188 4708 1416 4762 ἐνώπιον
1444 4709 1629 4763 αὐτοῦ.
1666 4727 1685 4761 ι
1728 4708 1929 4779 Δίσθή-

358 4819 544 4857 σονται
568 4801 677 4872 γὰρ
725 4802 845 4854 τότε
876 4803 940 4872 τῇ
988 4803 1095 4872 ἐμῇ
1126 4800 1345 4872 βοηθείᾳ
1371 4800 1620 4855 τοσοῦτον
1653 4802 1794 4856 κατὰ
1819 4801 1929 4856 τῶν

356 4893 618 4947 ἐναντίων
653 4892 940 4963 δυνάμενοι
984 4892 1184 4955 πάντες
1207 4932 1222 4957 ,
1275 4893 1351 4963 (p.
1375 4892 1500 4964 522)
1536 4893 1612 4957 ὠς
1649 4893 1756 4964 πρὸ
1798 4892 1930 4967 βρα-

354 4984 499 5055 χέως
526 4984 791 5049 ἀσθενεῖς,
812 4984 871 5037 ἐν
899 4982 1135 5054 τοσαύτῃ
1152 4982 1509 5053 γνωρίζεσθαι
1536 4983 1759 5056 δυνάμει
1784 4984 1927 5038 κατὰ

350 5077 469 5132 τῶν
518 5075 792 5147 πολεμίων
813 5116 830 5141 ,
869 5076 928 5129 ἐν
959 5078 1060 5150 ὅσῃ
1106 5093 1212 5147 περ
1257 5071 1435 5130 ὦπται
1466 5075 1628 5130 Δαυῖδ
1659 5077 1803 5131 κατὰ
1834 5078 1927 5131 τὸν

351 5172 558 5224 οἰκεῖον
581 5168 854 5240 καιρὸντῇ
893 5171 1033 5241 ῥοπῇ
1068 5173 1134 5241 τῇ
1175 5170 1325 5241 θείᾳ·
1361 5169 1514 5222 ἔσται
1538 5186 1598 5222 τε
1628 5167 1867 5241 ζηλωτὸς
1898 5172 1929 5222 δ

350 5257 502 5327 οἶκος
533 5261 627 5316 τοῦ
648 5262 811 5317 Δαυῖδ
840 5262 1021 5325 πάλιν,
1047 5262 1142 5317 καὶ
1161 5259 1600 5333 θαυμαζόμενος,
1639 5261 1734 5331 ἀφ’
1768 5255 1844 5315 ὧν
1874 5262 1926 5314 oi

346 5354 565 5411 ἐκεῖθεν
600 5355 693 5408 καὶ
713 5354 812 5426 τῆς
837 5356 1045 5409 ἐκείνου
1077 5353 1248 5426 φυλῆς
1276 5352 1372 5408 τοῦ
1400 5352 1530 5407 λαοῦ
1564 5353 1924 5425 προεστῶτες,

350 5447 609 5503 τοσοῦτον
648 5446 909 5519 ὤφθησαν
955 5446 1233 5518 ἰσχύοντες
1264 5446 1404 5500 κατὰ
1453 5445 1563 5500 τῶν
1610 5445 1927 5518 ἀλλοτρίων,

350 5541 431 5604 ὡς
480 5539 726 5603 ἃπαντας
771 5538 1137 5609 καταφεύγειν
1168 5538 1253 5593 ἐπ’
1300 5539 1496 5601 αὐτοὺς
1546 5537 1621 5601 ὡς
1649 5537 1738 5591 ἐπ’
1780 5532 1929 5591 οἶκον

350 5630 512 5692 “toﬁ,
543 5629 744 5700 πολλὴν
773 5632 885 5695 τοῖς
923 5629 1294 5699 καταφυγοῦσι
1325 5629 1634 5701 παρέχοντα
1675 5628 1775 5700 τὴν
1801 5628 1930 5700 βοή-

2038 3335 2245 3404 posteri
2304 3343 2359 3390 et
2413 3335 2608 3390 incolae
2654 3333 2996 3390 Hierusalem
3053 3334 3251 3404 Judmi,
3306 3337 3614 3394 desinent:

2034 3428 2273 3482 sentient
2306 3428 2454 3482 enim
2483 3441 2549 3481 ex
2592 3429 2755 3483 rebus
2791 3428 2949 3498 ipsis,
2988 3444 3048 3483 se
3077 3437 3237 3483 antea
3280 3445 3366 3485 me
3397 3432 3619 3487 volente

2034 3517 2229 3572 felices
2262 3516 2454 3581 fuisse,
2502 3516 2641 3571 nihil
2672 3524 2858 3572 tamen
2898 3518 3113 3575 viribus
3161 3521 3395 3590 propriis
3429 3536 3490 3578 se
3517 3537 3615 3577 ac-

2034 3610 2253 3680 quirere
2268 3609 2538 3678 potuisse:
2570 3619 2627 3664 et
2642 3624 2764 3663 mox
2783 3624 2812 3663 a
2839 3624 2957 3663 mea
3004 3610 3173 3666 tutela
3200 3610 3448 3667 desertos
3485 3627 3617 3683 pro-

2035 3708 2156 3772 pter
2185 3715 2338 3765 suam
2365 3701 2686 3771 nequitiam,
2708 3700 3111 3757 infirmissimos
3138 3717 3261 3758 esse
3281 3714 3611 3775 compertos,

2034 3791 2355 3861 nullumque
2382 3791 2604 3847 sibimet
2645 3792 2954 3846 subsidium
2994 3791 3138 3849 ferre
3172 3794 3431 3850 valentes.
3465 3794 3614 3862 Quo-

2033 3882 2196 3937 modo
2222 3890 2404 3936 auteni
2440 3882 2496 3937 id
2536 3884 2607 3938 sit
2659 3881 2904 3939 futurum
2965 3886 3173 3949 dicens,
3220 3904 3239 3937 ι
3265 3887 3331 3940 Et
3368 3888 3495 3950 erit,
3526 3888 3613 3942 in-

2032 3976 2170 4045 quit,
2205 3976 2294 4030 die
2324 3975 2414 4029 illa
2442 3984 2687 4047 proteget
2726 3976 2992 4033 Dominus
3031 3979 3371 4037 habitatores
3413 3979 3613 4037 Hieru-

2034 4067 2224 4120 salem.
2259 4064 2325 4119 Et
2353 4066 2456 4120 erit
2480 4066 2729 4123 infirmus
2765 4068 2907 4124 inter
2957 4070 3083 4126 illos
3108 4078 3370 4141 tanquam
3408 4070 3603 4137 David,

2032 4167 2085 4211 et
2109 4156 2305 4213 domus
2325 4156 2546 4213 Davidis
2578 4167 2837 4230 tanquam
2872 4160 3069 4217 domus
3115 4162 3232 4226 Dei,
3281 4170 3341 4218 ut
3375 4162 3606 4233 angelus

2035 4247 2250 4303 Domini
2280 4265 2466 4304 coram
2501 4251 2642 4321 ipso.
2676 4273 2693 4306 ι
2751 4254 3001 4310 Senticnt
3046 4264 3177 4309 tunc
3226 4256 3299 4310 ob
3343 4256 3605 4310 auxilium

2032 4356 2212 4396 meum
2237 4349 2520 4413 tantopere
2545 4360 2736 4401 omnes
2767 4361 2826 4401 se
2856 4348 3041 4402 valere
3074 4347 3339 4403 adversus
3395 4348 3603 4410 hostes,

2033 4433 2219 4503 ut'qui
2251 4443 2410 4489 antea
2452 4434 2652 4490 infirmi
2701 4445 2880 4500 erant,
2908 4445 3123 4492 tantum
3169 4454 3315 4493 nunc
3347 4450 3608 4494 exserant

2030 4530 2221 4579 contra
2257 4526 2441 4582 hostes
2465 4527 2726 4597 vigorem,
2757 4540 3019 4600 quantum
3050 4531 3201 4585 visus
3218 4539 3301 4585 est
3323 4539 3482 4586 atate
3506 4545 3607 4587 sua

1960 4597 2003 4650 θ
2034 4616 2202 4673 David
2254 4619 2455 4675 habere
2501 4636 2531 4674 a
2577 4597 3089 4678 divino‘instinctu.
3139 4623 3365 4695 Eritque
3407 4625 3605 4681 iterum

2032 4709 2289 4778 optabilis
2310 4710 2756 4781 admirabilisque
2778 4712 2973 4768 domus
3017 4713 3257 4781 Davtdis,
3312 4717 3440 4787 quia
3480 4732 3609 4788 pos-

2032 4799 2134 4855 teri
2169 4799 2353 4868 hujus,
2392 4810 2446 4855 et
2488 4802 2582 4871 qui
2609 4802 2678 4858 de
2711 4801 2866 4858 Iudae
2907 4804 3049 4859 tribu
3082 4808 3285 4877 populo
3310 4814 3603 4877 praerant,

2032 4899 2317 4963 tantopere
2370 4893 2619 4950 hostibus
2664 4896 2977 4965 superiores
3008 4897 3253 4963 fuerunt,
3290 4910 3350 4953 ut
3397 4900 3603 4967 passim

2031 4984 2282 5040 homines
2313 4985 2381 5040 ad
2413 5000 2509 5042 eos
2534 4988 2881 5044 accurrerint
2910 5002 3172 5061 tanquam
3195 4991 3357 5064 352
3404 4992 3471 5046 ad
3506 4990 3605 5046 do-

2034 5092 2183 5131 mum
2224 5076 2340 5143 Dei,
2404 5080 2629 5134 multam
2682 5079 3124 5153 confugientibus
3157 5083 3224 5137 ad
3268 5100 3328 5139 se
3377 5083 3602 5139 tutelam

2033 5168 2361 5239 praebentem
2390 5186 2406 5237 ;
2444 5170 2528 5225 vel
2558 5181 2817 5242 tanquam
2847 5174 2915 5229 ad
2942 5173 3230 5243 quemdam
3258 5172 3514 5243 angelum
3534 5173 3602 5228 ad

2031 5259 2234 5316 eadem
2294 5262 2535 5318 hostium
2588 5265 2842 5332 missum,
2902 5264 3362 5335 quemadmodum
3393 5265 3605 5321 scilicet

2030 5354 2272 5427 Assyriis
2310 5353 2652 5419 Hierusalem
2688 5356 3090 5419 obsidentibus,
3142 5356 3213 5411 ad
3253 5356 3351 5413 Dei
3377 5357 3602 5413 domum

2029 5460 2220 5502 omnes
2235 5445 2619 5518 confugerunt,
2635 5458 2799 5521 atque
2811 5447 2923 5503 illic
2940 5449 3171 5521 contigit
3190 5450 3444 5522 angelum
3465 5451 3605 5506 mis.

2032 5554 2151 5595 sum
2173 5547 2379 5595 tantam
2411 5542 2649 5597 hostium
2670 5541 3073 5599 multitudinem
3099 5546 3435 5603 interimere.
3456 5542 3605 5611 Quo-

2033 5631 2195 5686 modo
2228 5642 2405 5686 autem
2442 5633 2497 5689 id
2534 5634 2761 5699 accidet,
2796 5648 2920 5689 mox
2951 5634 3128 5692 dicit:

352 5735 527 5796 θιιαν,
558 5727 593 5799 ἢ
614 5725 802 5799 ῶσπερ
837 5726 928 5781 ἐπί
947 5744 1066 5783 τινα
1101 5728 1328 5797 ἄγγελον
1344 5729 1443 5783 ἐπὶ
1478 5727 1659 5801 πληγῇ
1681 5727 1997 5799 πεμφθέντα
2035 5729 2145 5784 τῶν
2175 5730 2461 5786 ἐναντίωνο
2491 5730 2661 5801 ὅνπερ
2685 5730 2749 5802 δὴ
2787 5728 2985 5801 τρόπον
3012 5731 3115 5803 ήδη
3153 5730 3263 5787 τῶν
3308 5729 3607 5802 ’Δσσυρίων
