4096 6234
500 302 606 357 583

1648 301 2000 356 THEODURI
2043 297 2526 356 MOPSUESTENI

3619 293 3726 351 εει

498 414 899 484 ἐπεληλυθότων
935 418 1000 487 τῇ
1039 416 1404 493 Ἰερουσαλὴμ,
1439 417 1528 470 ἐπ¹ι
1578 416 1666 470 τὸν
1720 412 1864 469 οἶκόν
1912 434 1968 470 τε
2003 416 2301 484 κατέφυγον
2339 417 2572 479 ἅπαντες
2604 414 2698 467 τοῦ
2729 413 2898 478 Θεοῦ,
2960 411 3209 468 κάκεῖθεν
3261 413 3441 478 αὐτοῖς
3505 417 3721 484 περιγέ-

497 524 620 575 γονε
676 508 737 561 τὸ
780 508 868 562 τὸν
910 509 1136 577 ἄγγελον
1191 511 1547 580 ἐπεληλυθότα
1597 511 1816 564 τοσοῦτο
1855 510 2052 580 πλῆθος
2096 513 2302 565 ἀνελεῖν
2342 513 2447 566 τῶν
2494 511 2782 580 πολεμίων.
2844 509 2950 562 Καὶ
2998 509 3117 560 τίνα
3144 507 3340 579 τρόπον
3375 507 3524 560 ἐσται
3569 508 3728 561 τοῦτο

497 598 670 664 λέγων
702 613 716 626 ·

568 687 732 744 Vens.
773 688 825 752 9,
862 690 947 744 IO.
974 720 1042 730 —
1069 709 1087 741 ι
1111 692 1172 746 Et
1202 693 1304 747 erit
1337 692 1423 746 die
1455 693 1546 746 illa
1575 708 1811 762 quaaram
1852 690 2060 746 auferre

2236 692 2381 761 Στίχ.
2415 691 2478 754 θ’,
2507 697 2558 744 ι’.
2582 721 2650 732 ——
2684 709 2701 740 ι
2725 691 2830 742 Καὶ
2858 689 3008 741 ἔσται
3035 689 3092 741 ἐν
3114 690 3178 758 τῇ
3209 687 3390 758 ἡμέρᾳ.
3423 687 3604 758 ἐκείνη
3631 688 3723 758 Cr,-

497 795 688 835 omnes
730 789 917 850 gentes
950 797 1070 851 quae
1100 785 1326 839 veniunt
1356 795 1545 839 contra
1582 786 1941 841 Hierusalem.
1995 785 2061 840 Et

497 869 765 926 eﬂ'undam
798 889 962 944 super
994 875 1211 930 domum
1257 877 1445 942 David,
1493 887 1545 931 et
1588 894 1750 949 super
1792 879 2061 933 habitato-

498 959 598 1016 res‘
626 961 961 1018 Hierusalem
999 967 1249 1035 spiritum
1293 969 1479 1037 gratia:
1512 977 1565 1023 et
1599 970 2005 1025 misericordiae.
2035 990 2053 1021 ι

498 1050 654 1104 Tunc
695 1051 910 1120 quidem
947 1068 1135 1110 omnes
1164 1054 1501 1111 Hierusalem
1555 1072 1903 1129 aggressores
1939 1075 2062 1129 per-

502 1142 651 1198 dam.
701 1142 877 1214 Super
911 1144 1130 1200 domum
1166 1156 1345 1203 autem
1387 1147 1628 1216 Davidis,
1679 1150 1732 1204 id
1772 1160 1855 1205 est
1899 1165 2063 1222 super

495 1234 757 1290 oriundos
789 1235 914 1291 inde
937 1235 1103 1292 duces
1130 1240 1332 1308 populi,
1364 1255 1661 1312 omnesque
1693 1242 1760 1296 ad
1797 1242 2058 1298 Hierusa-

498 1324 601 1378 lem
633 1325 897 1380 ditionem
949 1330 1304 1398 pertinentes,
1359 1333 1586 1386 multam
1623 1349 1797 1389 meam
1834 1336 2061 1404 gratiam

498 1433 562 1472 ae
594 1419 978 1490 benignitatem
1025 1422 1320 1488 effundam,
1366 1440 1526 1480 omne
1570 1442 1741 1495 genus
1785 1428 1918 1496 ipsis
1953 1427 2062 1480 lar-

497 1512 650 1581 giens
695 1514 1008 1583 patrocinii.
1055 1514 1131 1569 Ex
1161 1531 1268 1585 quo
1321 1518 1449 1586 quid
1483 1519 1720 1572 accidet?
1771 1536 1789 1570 ι
1816 1517 1880 1572 Et
1917 1519 2064 1589 aspi-

498 1605 644 1659 cient
673 1608 738 1660 ad
768 1622 853 1661 me
875 1623 1034 1676 quem
1077 1608 1490 1664 transﬁxerunt.
1516 1609 1579 1662 Et
1609 1612 1861 1682 plangent
1902 1626 2064 1680 super

497 1711 621 1749 eum
661 1697 881 1767 planctu
925 1713 1122 1767 magno
1157 1706 1416 1770 tanquam
1470 1718 1634 1771 super
1683 1703 1964 1764 dilectum,
2009 1712 2064 1759 et

497 1785 755 1841 dolebunt
777 1787 961 1843 dolore
987 1797 1242 1859 tanquam
1272 1805 1436 1860 super
1458 1793 1840 1862 primogenita.
1867 1813 1884 1845 ι
1910 1795 2063 1849 'l‘unc

496 1878 590 1946 qui
638 1889 795 1934 antea
839 1888 948 1934 tam
992 1882 1269 1936 contraria
1310 1883 1574 1938 voluntati
1623 1899 1754 1939 mea:
1794 1884 2066 1940 factitave-

497 1979 642 2035 rant,
684 1978 944 2042 tantaque
991 1973 1219 2028 audacia
1257 1975 1517 2031 adversus
1568 1992 1654 2032 me
1695 1977 1780 2032 usi
1829 1977 2060 2042 fuerant,

496 2062 1008 2118 inconsiderantiam
1067 2080 1222 2120 suam
1270 2073 1323 2122 et
1353 2067 1695 2138 iniquitatem
1728 2079 2060 2140 agnoscent;

497 2153 634 2207 adeo
674 2159 734 2206 ut
776 2153 1104 2222 pcenitentes
1150 2155 1409 2224 grandem
1449 2157 1652 2212 luctum
1709 2159 1820 2214 sint
1865 2162 2060 2224 acturi,

495 2243 641 2311 quali
673 2244 878 2299 scilicet
932 2245 980 2302 is
1015 2253 1258 2301 uteretur
1305 2248 1396 2317 qui
1450 2249 1863 2320 primogenitum
1905 2267 2064 2307 suum

497 2336 719 2405 lugeret.
773 2335 977 2391 Deinde
1011 2337 1085 2389 ait
1114 2337 1311 2393 multos
1352 2336 1689 2394 Hierusalem
1733 2341 2065 2408 pcenitentes

496 2427 644 2481 cives
686 2427 935 2496 planctus
967 2427 1086 2495 ejus
1122 2427 1238 2483 fore
1284 2430 1599 2500 participes,
1663 2435 1752 2501 qui
1793 2434 2065 2487 conlraria

496 2517 724 2571 honesto
757 2519 909 2588 prius
933 2518 1172 2573 fecerant
1193 2537 1206 2584 ;
1230 2519 1323 2574 sed
1350 2535 1496 2574 nunc
1515 2523 1688 2590 gentis
1715 2525 1778 2575 ad
1804 2524 2063 2578 virtutem

495 2607 912 2664 conversionem
951 2617 1259 2670 cernentes,
1311 2609 1635 2678 resipiscere
1668 2617 1726 2662 ut
1756 2625 1852 2679 par
1888 2620 2006 2666 erat
2035 2627 2066 2666 a

494 2697 612 2752 suis
642 2697 1026 2766 iniquitatibus
1056 2699 1254 2752 volent.
1275 2697 1460 2767 Pergit
1479 2714 1602 2752 mox
1629 2714 1949 2757 enumerare
1969 2703 2067 2757 tri-

495 2790 619 2851 bes,
647 2789 942 2846 ostendens
963 2805 1401 2860 unamquamque
1435 2791 1647 2844 illarum
1674 2791 1727 2844 in
1746 2792 1893 2846 luctu
1928 2793 2063 2858 fore;

492 2882 808 2936 summatim
857 2897 987 2936 vero
1008 2897 1198 2938 omnes
1235 2883 1326 2952 qui
1381 2883 1568 2953 pejora
1606 2885 1776 2937 secuti
1828 2883 2066 2949 fuerant,

493 2988 640 3028 nunc
679 2973 1055 3042 paenitentiam
1095 2982 1338 3030 acturos.
1359 2973 1492 3028 Nam
1526 2983 1729 3043 quanta
1771 2975 1945 3031 fuerat
1966 2993 2066 3032 an-

491 3073 579 3118 tea
614 3063 791 3132 gentis
824 3063 889 3118 ad
921 3064 1194 3120 deteriora
1223 3066 1538 3128 declinatio,
1563 3073 1714 3121 tanta
1749 3076 1934 3138 postea
1965 3071 2068 3125 sub

496 3155 926 3211 Machabzeorum
982 3158 1185 3212 ducatu
1226 3158 1281 3212 iu
1334 3159 1531 3214 melius
1572 3162 1860 3216 conversio
1908 3163 2067 3233 353

500 3246 735 3308 exstitit,
765 3261 831 3302 ex
883 3261 994 3317 quo
1039 3247 1282 3302 divinum
1339 3246 1519 3317 adepti
1571 3258 1728 3303 erant
1785 3251 2064 3306 auxilium.

2160 785 2306 854 τήσω
2327 783 2513 853 ἐξᾶραι
2543 784 2718 836 πάντα
2755 783 2822 835 τά
2855 782 2979 850 ἔθνη
3000 780 3070 833 τά
3107 780 3372 849 ἐρχόμενα
3399 781 3490 832 ἐπὶ
3531 780 3696 851 Ἰερου

2163 875 2360 942 σαλὴμ,
2387 874 2476 925 καὶ
2508 873 2680 942 ἐκχεῶ
2710 875 2800 924 ἐπὶ
2832 872 2922 924 τὸν
2949 867 3096 924 οἷκον
3140 871 3300 923 Δαυῒδ
3339 871 3432 923 καὶ
3471 871 3563 922 ἐπὶ
3600 871 3725 932 τοὺς

2160 966 2438 1028 οἰκοῦντας
2478 964 2828 1034 Ἰερουσαλὴμ
2861 962 3075 1031 πνεῦμα
3120 961 3339 1030 χάριτος
3387 961 3480 1013 καὶ
3527 962 3701 1030 οἰκτιρ

2166 1058 2287 1128 μοῦ.
2313 1079 2328 1109 ι
2363 1058 2494 1110 Τότε
2524 1057 2632 1126 γάρ
2665 1056 2727 1125 δὴ
2764 1056 2887 1118 τοὺς
2924 1055 3020 1125 μὲν
3065 1054 3205 1106 κατά
3238 1054 3338 1124 τῆς
3373 1053 3727 1124 Ἰερουσαλὴμ

2163 1148 2644 1220 ἐπικεχειρηκότας
2688 1147 2895 1209 πάντας
2924 1146 3168 1213 ἀφανιῶ·
3206 1147 3296 1198 ἐπ)⁸
3353 1146 3410 1197 δέ
3462 1147 3550 1222 τὸν
3581 1142 3726 1198 οἷκον

2164 1241 2324 1295 Δαυῒδ
2348 1282 2360 1300 ,
2408 1241 2491 1292 ἵνα
2527 1240 2654 1312 εἴπῃ
2679 1239 2803 1300 τοὺς
2842 1239 3048 1292 ἐκεῖθεν
3094 1239 3422 1308 ἡγουμένους
3453 1237 3546 1290 τοῦ
3575 1238 3702 1290 λαου

2165 1331 2405 1394 ἅπαντάς
2434 1347 2492 1382 τε
2523 1331 2645 1393 τοὺς
2679 1333 2741 1400 τῇ
2783 1329 3134 1400 Ἰερουσαλὴμ
3168 1332 3541 1400 προσήκοντας
3567 1370 3580 1390 ,
3608 1331 3701 1382 πο)

2163 1423 2260 1493 λὴν
2292 1424 2390 1492 τήν
2429 1439 2486 1474 τε
2519 1422 2676 1491 χάριν
2705 1421 2796 1473 καὶ
2828 1420 2924 1490 τὴν
2960 1420 3362 1489 φιλανθρωπίαν
3397 1421 3725 1488 ἐπιδείξομαι.

2163 1515 2260 1585 τὴν
2288 1515 2444 1585 ἐμίην⁹
2476 1515 2580 1565 πᾶν
2603 1508 2739 1575 εἶδος
2763 1513 2941 1573 αὐτοῖς
2971 1511 3223 1581 παρέχων
3250 1512 3603 1581 κηδεμονίας·
3633 1511 3726 1579 ἀφ’

2164 1603 2224 1661 οὗ
2244 1606 2305 1676 δὴ
2350 1606 2398 1657 τί
2430 1608 2744 1675 γενήσεται;
2783 1623 2800 1654 ‹
2823 1603 2930 1656 Καὶ
2963 1603 3340 1672 ἐπιϐλέψονται
3376 1603 3510 1673 πρός
3543 1620 3608 1673 με
3647 1606 3724 1666 εἰς

2163 1698 2221 1750 ὃν
2253 1697 2606 1766 ἐξεκέντησαν
2629 1737 2643 1760 ,
2671 1697 2764 1748 καὶ
2792 1695 3044 1763 κόψονται
3091 1695 3175 1746 ἐπ’
3209 1695 3356 1764 αὐτῷ
3392 1695 3616 1747 κοπετὸν
3652 1695 3727 1758 ὡς

2165 1790 2257 1841 ἐπὶ
2280 1787 2564 1857 ἀγαπητῷ,
2591 1789 2683 1840 καὶ
2713 1785 3126 1855 όδυνηθήσονται
3161 1786 3249 1838 ἐπ’
3266 1784 3410 1854 αύτῷ
3434 1784 3624 1855 ὀδύνην
3654 1785 3729 1848 ὡς

2165 1880 2255 1932 ἐπὶ
2288 1879 2634 1950 πρωτοτόκῳ.
2667 1897 2683 1930 ι
2719 1878 2850 1930 Τότε
2880 1878 2934 1930 δέ
2971 1878 3019 1930 οί
3067 1877 3322 1930 τάναντία
3352 1878 3458 1930 τῶν
3498 1879 3619 1948 ἐμοὶ
3645 1878 3728 1930 δο-

2165 1971 2400 2024 κούντων
2432 1970 2673 2039 ἑλόμενοι
2730 1969 3020 2040 πρότερον,
3067 1968 3142 2039 (p.
3176 1969 3299 2034 525)
3350 1969 3444 2020 καὶ
3490 1968 3728 2038 τοσαύτη

2095 2030 2135 2084 Β
2164 2063 2330 2134 τόλμῃ
2360 2030 2694 2134 χρησάμενοι
2734 2030 2850 2114 κατ’
2883 2030 3015 2130 ἐμοῦ
3040 2103 3053 2125 ,
3075 2030 3194 2128 ’τῆς
3232 2030 3482 2123 ἀϐουλίας
3510 2061 3603 2113 καὶ
3630 2030 3727 2130 τῆέ

2164 2154 2503 2224 παρανομίας
2534 2152 2876 2223 αἰσθήσονται
2904 2153 3001 2222 τῆς
3048 2151 3210 2214 ἰδίαςο
3249 2151 3387 2204 ὥστε
3437 2153 3530 2204 καὶ
3561 2168 3727 2222 μετα-

2169 2247 2488 2318 μελομένους
2512 2247 2707 2308 αὐτοὺς
2737 2245 2952 2314 μεγάλῳ
2980 2243 3213 2315 χρῆσθαι
3236 2244 3466 2314 κοπετῷ,
3486 2245 3578 2297 καί
3600 2245 3726 2314 οἴῳ-

2166 2357 2268 2410 περ
2302 2340 2365 2393 ἄν
2393 2356 2474 2401 τις
2503 2339 2763 2409 χρήσαιτο
2791 2336 3119 2406 ὀδυνώμενος
3152 2337 3243 2390 ἐπὶ
3267 2337 3487 2406 τελευτῇ
3515 2353 3729 2408 πρωτο-

2165 2431 2342 2484 τόκου.
2374 2425 2507 2483 Εἶτα
2534 2429 2677 2496 λέγει
2712 2428 2807 2497 μὲν
2855 2427 2936 2480 ὅτι
2970 2427 3152 2480 πολλοί
3182 2428 3287 2480 τῶν
3319 2430 3417 2498 τῆς
3458 2428 3726 2499 Ἰερουσα-

2165 2522 2275 2593 λὴμ
2306 2521 2728 2592 μεταμελόμενοι
2771 2517 2866 2571 τοῦ
2905 2518 3136 2572 κοπετοῦ
3193 2517 3473 2589 μεθέξουσι
3515 2520 3724 2581 τούτου.

2165 2616 2213 2668 οἳ
2243 2613 2498 2668 τάναντία
2543 2613 2651 2665 τῶν
2683 2613 2907 2665 δεόντων
2940 2612 3249 2683 αἱρούμενοι
3291 2613 3550 2684 πρότερον
3575 2651 3589 2675 ,
3631 2614 3728 2682 τὴν

2165 2704 2256 2756 ἐπὶ
2287 2703 2347 2756 τὸ
2400 2706 2645 2773 κρεῖττον
2700 2701 2996 2771 μεταϐολὴν
3029 2701 3122 2752 τοῦ
3173 2701 3355 2762 ἔθνους
3385 2701 3726 2771 θεασάμενοι,

2169 2793 2563 2863 μεταμέλεσθαι
2594 2794 2670 2855 ὼς
2703 2792 2847 2854 εἰκὸς
2885 2793 2974 2842 ἐπὶ
3004 2793 3122 2852 ταῖς
3154 2790 3514 2860 παρανομίαις
3558 2789 3728 2861 ἠμελ-

2165 2884 2254 2938 λον
2287 2889 2406 2948 ταῖς
2436 2884 2612 2946 ἰδίαις.
2643 2883 2801 2950 Λέγει
2831 2883 2887 2935 δὲ
2915 2883 3008 2934 καὶ
3051 2882 3285 2951 καθεξῆς
3316 2882 3730 2953 ἀπαριθμούμε-

2166 2993 2254 3039 νος
2285 2976 2383 3038 τάς
2416 2975 2587 3044 φυλὰς
2612 3014 2625 3038 ,
2668 2973 2841 3043 δηλῶν
2879 2975 2960 3025 ὅτι
2990 2972 3192 3044 ἑκάστη
3225 2973 3344 3026 καθ’
3374 2973 3570 3043 ἑαυτὴν
3595 2974 3728 3044 χρή.

2168 3065 2414 3135 σεταιτῷ
2452 3065 2653 3130 πένθει,
2685 3066 2770 3117 ἵνα
2804 3064 3078 3133 συντόμως
3101 3066 3228 3136 εἴπῃ
3259 3066 3341 3118 ὅτι
3371 3065 3577 3129 πάντας
3602 3066 3728 3129 τοὺς

2166 3160 2231 3213 τά
2257 3158 2473 3228 χείρονα
2519 3158 2801 3227 ἑλομένους
2856 3156 3183 3227 μεταμέλεια
3231 3157 3494 3227 λήψεται·
3544 3158 3728 3228 ἐπειδὴ

2165 3249 2272 3320 γὰρ
2297 3248 2461 3318 πολλὴ
2494 3248 2590 3318 μέν
2619 3265 2703 3311 τις
2724 3247 2985 3319 πρότερον
3017 3251 3049 3318 ή
3081 3249 3171 3301 ἐπὶ
3203 3249 3262 3300 τὸ
3287 3253 3463 3320 χεῖρον
3489 3250 3729 3317 ἐγεγόνει

491 3337 853 3403 Quamobrem
888 3348 942 3393 et
966 3338 1148 3394 hostes
1171 3353 1301 3395 suos
1335 3341 1737 3404 exstinxerunt,
1774 3351 1828 3396 et
1854 3341 1906 3396 in
1935 3345 2060 3398 urbe

2171 3340 2308 3412 ῥοπὴ
2342 3339 2432 3392 τοῦ
2464 3339 2646 3402 ἔθνους
2666 3379 2680 3400 ,
2709 3337 2878 3408 πολλὴ
2913 3339 3139 3410 ὕστερον
3169 3342 3200 3408 ἡ
3225 3341 3288 3392 ὲκ
3321 3341 3415 3409 τῆς
3435 3339 3540 3393 τῶν
3573 3341 3728 3395 Μακ-

503 3443 571 3482 ae
662 3428 754 3484 Dei
828 3431 1028 3500 templo
1099 3431 1337 3502 legitima
1399 3445 1463 3486 ac
1534 3432 1874 3487 sacerdotale
1949 3433 2070 3487 oili-

490 3521 638 3573 eium
669 3523 895 3576 decente
929 3537 1058 3576 cura
1090 3525 1311 3578 tractari
1346 3533 1667 3594 cmperunt;
1707 3540 1769 3578 ac
1804 3534 1919 3578 tum
1958 3525 2058 3580 de-

495 3627 641 3666 mum
675 3611 846 3667 Judaei
878 3618 1190 3670 necessario
1220 3617 1574 3687 resipuerunt
1619 3620 1688 3672 ab
1721 3633 1782 3673 ea
1820 3619 1872 3672 in
1905 3635 2066 3689 quam

495 3711 652 3756 antea
681 3703 1022 3758 incurrerant
1059 3706 1333 3776 impietate
1363 3722 1426 3761 ae
1459 3708 1634 3777 legum
1681 3708 2062 3762 inobedientia.

491 3792 612 3847 .Iam
648 3797 740 3863 qui
797 3798 1073 3866 planctum
1119 3798 1333 3854 dixerat
1375 3807 1429 3854 et
1484 3801 1877 3870 pmnitentiam,
1924 3799 2062 3854 idem

492 3886 905 3940 conversionem
957 3903 1173 3956 quoque
1217 3903 1402 3942 rerum
1451 3890 1504 3943 in
1537 3891 1730 3945 melius
1778 3906 1885 3944 non
1936 3891 2065 3944 reti-

493 3975 626 4038 cuit,
672 3991 795 4046 quae
835 3977 1093 4032 nimirum
1144 3988 1349 4033 tantam
1398 3980 1546 4034 illam
1597 3980 1970 4052 paenitentiam
2005 3981 2061 4034 in

493 4069 706 4123 cunctis
735 4077 1124 4124 commoverat.

2165 3432 2405 3486 καϐαἰων
2429 3431 2758 3502 προστασίας
2795 3431 2886 3483 ἐπὶ
2917 3431 2978 3484 τὸ
3001 3433 3242 3502 κρεῖττον
3274 3430 3537 3500 μεταϐολὴ
3570 3449 3730 3484 τετυ·

2165 3523 2408 3595 χηκότων
2437 3523 2537 3592 τῆς
2571 3523 2720 3586 θείας
2744 3522 2914 3593 {Son-ﬁ;
2943 3539 2956 3552 ·
2990 3522 3063 3586 ὡς
3092 3522 3439 3592 ἀναιρεθῆναι
3475 3524 3573 3592 μὲν
3606 3525 3729 3586 τοὺς

2165 3616 2437 3678 ἐναντίους
2459 3617 2552 3668 ὑπ’
2585 3615 2785 3677 αὐτῶν,
2816 3614 3334 3684 ἀποκαταστῆναιδέ
3359 3618 3422 3685 τῇ
3456 3615 3606 3668 πόλει
3636 3616 3730 3668 καὶ

2163 3708 2240 3779 τῷ
2264 3708 2357 3761 τοῦ
2387 3708 2520 3761 Θεοῦ
2551 3707 2663 3777 ναῷ
2689 3707 2786 3778 τὴν
2819 3708 3137 3778 εὐκοσμίαν,
3163 3708 3290 3769 τοὺς
3322 3707 3516 3776 νόμους
3539 3723 3598 3758 τε
3628 3707 3729 3760 πά-

2164 3801 2248 3853 λιν
2279 3802 2404 3863 τοὺς
2431 3798 2603 3863 θείους
2631 3801 2727 3868 τήν
2754 3815 2813 3850 τε
2841 3800 2937 3868 τῆς
2970 3797 3265 3868 ἱερωσύνης
3288 3797 3601 3867 ἐπιμέλειαν
3627 3797 3727 3864 τῆς

2167 3892 2549 3963 προσηκούσης
2581 3889 2866 3960 τυγχάνειν
2897 3889 3131 3958 σπουδῆς
3155 3929 3169 3954 ,
3204 3887 3514 3956 ἀναγκαίως
3534 3889 3640 3956 ἄρα
3661 3888 3726 3940 ἐκ

2161 3984 2258 4052 τῆς
2289 3981 2587 4053 μεταϐολῆς
2620 3981 2971 4051 μετεμέλοντο
2994 4022 3008 4044 ,
3045 3981 3127 4048 ἐφ’
3155 3975 3236 4042 οἷς
3275 3978 3502 4048 πρόσθεν
3536 3979 3611 4040 εἰς
3640 3995 3727 4029 το-

2166 4073 2368 4136 σαύτας
2397 4073 2650 4137 ἀσεϐείας
2686 4090 2745 4126 τε
2777 4074 2870 4126 καὶ
2913 4073 3250 4143 παρανομίας
3280 4070 3586 4134 ἐξώκειλαν.
3618 4074 3726 4141 Δη-

494 4155 672 4219 λώσας
715 4157 771 4210 δέ
795 4157 886 4210 τὸν
929 4159 1155 4210 κοπετὸν
1198 4161 1292 4213 καὶ
1338 4161 1437 4232 τὴν
1473 4161 1872 4232 μεταμέλειαν,
1923 4161 2070 4230 λέγει
2102 4162 2200 4232 τὴν
2241 4164 2333 4216 ἐπὶ
2377 4162 2439 4216 τὺ
2468 4165 2711 4234 κρεῖττον
2757 4163 3092 4234 μεταϐολὴν,
3144 4163 3236 4231 ἀφ’
3273 4157 3340 4232 ἧς
3377 4161 3442 4234 δή
3495 4161 3727 4232 μάλιστα

492 4246 563 4302 τὰ
581 4247 678 4319 τῆς
703 4248 974 4318 τοσαύτης
1011 4249 1369 4319 μεταμελείας
1401 4253 1668 4321 ἐνεγίνετο
1699 4255 1881 4306 πᾶσιν.

1113 4337 1267 4393 CAP.
1307 4337 1450 4392 XIII.

559 4425 730 4482 Vens.
778 4427 891 4482 1-7.
931 4457 1002 4467 --
1044 4445 1062 4478 ι
1092 4427 1186 4482 Illa
1212 4429 1376 4491 enim,
1410 4430 1604 4498 inquit,
1647 4429 1736 4483 die
1772 4428 1953 4484 omnis
1981 4429 2062 4484 Io-

493 4533 592 4572 cus
620 4527 843 4587 apertus
867 4519 970 4574 erit
999 4518 1184 4574 domui
1221 4519 1465 4574 Davidis.
1505 4540 1521 4572 l
1561 4519 1616 4575 Id
1646 4529 1749 4587 est,
1769 4522 1954 4576 cuncti
1989 4522 2058 4575 li-

495 4611 685 4665 benter
711 4612 831 4664 illos
854 4611 1022 4666 duces
1047 4613 1336 4682 excipient,
1366 4628 1489 4667 cum
1535 4614 1680 4667 omni
1721 4614 1787 4668 ad
1817 4630 1913 4669 eos
1943 4615 2058 4667 ala-

494 4701 686 4754 critate
726 4701 1126 4770 confugientes,
1175 4711 1235 4757 ut
1267 4705 1384 4773 pios
1437 4712 1490 4758 et
1548 4705 1810 4761 adversus
1869 4707 2054 4761 hostes

493 4791 675 4846 divina
715 4790 887 4860 palam
931 4807 1033 4860 ope
1073 4793 1304 4862 adjutos.
1343 4794 1547 4849 Deinde
1584 4797 1880 4852 ostendens
1911 4811 2055 4867 quo-

460 4903 465 4908 ι
495 4883 658 4937 modo
692 4899 779 4938 res
813 4884 1084 4951 religiosa:
1118 4887 1183 4939 ad
1232 4897 1442 4942 rectum
1493 4897 1691 4944 statum
1723 4905 1820 4959 per
1851 4890 2060 4944 Macha-

495 4978 731 5029 lweorum
791 4974 1086 5044 potentiam
1141 4986 1504 5044 revertentur,
1582 4980 1901 5035 curantibus
1951 4982 2058 5038 illis

493 5070 687 5121 vitiosa
712 5069 893 5122 omnia
919 5067 1220 5132 destruere,
1245 5077 1299 5122 et
1331 5069 1439 5126 Deo
1474 5072 1670 5141 placita
1723 5073 2054 5139 instaurare,

500 5179 518 5208 ι
545 5161 606 5212 Et
633 5160 758 5225 erit,
784 5159 983 5229 inquit,
1019 5160 1106 5214 die
1138 5160 1252 5222 illa,
1276 5161 1409 5215 dicit
1436 5161 1720 5226 Dominus,
1751 5164 1944 5218 delebo
1963 5181 2059 5218 no-

495 5249 637 5301 mina
667 5249 937 5304 idolorum
969 5251 1035 5305 de
1069 5259 1233 5313 terra,
1267 5265 1444 5320 neque
1485 5254 1715 5309 ulterius
1747 5257 1950 5310 mentio
1986 5257 2051 5309 il-

494 5341 667 5392 lorum
699 5340 823 5394 erit.
855 5343 918 5394 Et
950 5342 1458 5412 pseudoprophetas
1481 5357 1544 5397 ac
1579 5346 1834 5415 spiritum
1873 5348 2052 5416 impu-

491 5449 610 5485 rum
644 5433 710 5486 de
744 5441 888 5486 terra
938 5435 1200 5490 auferam.
1236 5454 1258 5490 I
1295 5434 1448 5489 Tunc
1503 5451 1634 5492 sane
1682 5438 1786 5492 sub
1831 5439 2048 5492 illorum

494 5525 813 5595 pmfectura
872 5528 1049 5580 omnis
1087 5529 1355 5582 idolorum
1416 5528 1597 5583 cultus
1643 5529 1942 5592 auferetur,
1997 5539 2050 5583 et

491 5616 671 5672 munis
717 5617 1317 5685 pseudoprophetarum
1364 5619 1514 5674 fraus
1558 5620 1911 5683 dissolvetur,
1953 5636 2047 5674 ne-

493 5707 635 5760 mine
661 5706 893 5763 audente
915 5707 1206 5768 quidquam
1227 5711 1532 5775 imjusmodi
1564 5719 1852 5782 attentare:
1874 5713 2048 5783 Atque

2798 4337 2953 4392 ΚΕΦ.
2979 4339 3080 4394 II".

2231 4431 2378 4502 Στίχ.
2407 4429 2553 4494 α’-ζ’.
2588 4460 2657 4471 -
2695 4447 2713 4481 ι
2737 4432 2822 4484 Ἑν
2851 4431 3032 4502 ἐκείνῃ
3069 4430 3178 4501 γὰρ
3198 4470 3214 4495 ,
3250 4430 3380 4500 φησί
3403 4471 3418 4495 ,
3443 4433 3509 4501 τῇ
3542 4430 3726 4503 ἡμέρᾳ

2162 4527 2269 4588 πᾶς
2293 4523 2454 4587 τόπος
2487 4523 2635 4576 ἐσται
2663 4523 3059 4592 διανοιγόμενος
3079 4522 3158 4593 τῷ
3188 4522 3318 4592 οίκῳ
3338 4524 3519 4577 Δαυῖδ.
3553 4542 3570 4574 ι
3608 4524 3727 4577 ἰνα

2160 4619 2289 4690 είπῃ
2318 4617 2400 4670 ὅτι
2438 4617 2634 4677 πάντες
2665 4615 2895 4684 ἑτοίμως
2933 4615 3008 4676 ὡς
3038 4615 3369 4685 ἡγουμένους
3403 4614 3725 4685 προσδέξον-

2159 4727 2268 4773 ται,
2302 4708 2510 4779 (μῦἳι)
2551 4707 2685 4778 μετὰ
2710 4706 2889 4776 πάσης
2919 4707 3102 4768 αὐτοῖς
3124 4705 3426 4778 προθυμίας
3452 4707 3720 4776 προστρέ-

2158 4816 2369 4871 χοντες,
2406 4798 2481 4862 ὡς
2518 4796 2764 4850 εὐσεϐέσι
2813 4813 2871 4850 τε
2927 4797 3020 4850 καὶ
3051 4799 3286 4868 ἰσχυροῖς
3335 4799 3400 4867 τῇ
3436 4796 3553 4866 θείᾳ
3582 4798 3720 4865 ῥοπῇ

2159 4888 2298 4942 κατά
2324 4887 2432 4940 τῶν
2455 4887 2708 4939 ἐναντίων
2749 4888 3011 4954 φανεῖσιν.
3043 4881 3175 4937 Εἶτα
3211 4884 3422 4946 δεικνὺς
3457 4884 3602 4946 ὅπως
3629 4883 3725 4935 καὶ

2157 4980 2225 5032 τά
2266 4979 2362 5049 τῆς
2392 4977 2694 5040 θεοσεϐείας
2732 4977 2825 5030 ἐπὶ
2868 4976 2928 5029 τὸ
2957 4976 3072 5029 δέον
3115 4975 3203 5028 διὰ
3229 4973 3328 5044 τῆς
3353 4975 3458 5027 τῶν
3494 4976 3724 5028 Μακκα-

2159 5070 2325 5123 ϐαἰων
2356 5069 2706 5141 ἐπικρατείας
2738 5069 3133 5140 μεταστήσεται
3155 5107 3168 5128 .
3198 5065 3725 5136 παρασκευαζόντων

2158 5161 2512 5229 ἀφανίζεσθαι
2539 5161 2636 5231 μὲν
2659 5161 2874 5214 ἅπαντα
2904 5160 2972 5212 τά
2997 5158 3180 5228 χείρω,
3211 5160 3430 5228 κρατεῖν
3457 5157 3512 5210 δὲ
3540 5156 3609 5209 τά
3645 5157 3723 5226 τῷ

2155 5255 2274 5324 Θεῷ
2296 5253 2573 5316 δοκοῦντα,
2615 5271 2633 5302 ‹
2658 5253 2766 5307 Καὶ
2797 5252 2946 5304 ἔσται
2970 5252 3026 5303 ἐν
3054 5253 3118 5319 τῇ
3142 5249 3321 5320 ἡμέρα
3342 5249 3544 5323 ἐκείνῃ,
3575 5249 3725 5316 λέγει

2158 5346 2358 5418 Κύριος
2391 5345 2636 5411 Σαϐαὼθ,
2662 5343 3022 5412 ἐξολοθρεύσω
3048 5342 3116 5395 τὰ
3145 5343 3382 5412 ὀνόματα
3411 5342 3520 5395 τῶν
3568 5340 3721 5394 εἰδώ⁸

2157 5437 2264 5489 λων
2287 5437 2394 5490 ἀπὸ
2424 5434 2524 5506 τῆς
2547 5437 2668 5506 γῆς,
2702 5436 2796 5488 καὶ
2815 5432 2993 5486 οὐκέτι
3022 5432 3171 5486 ἔσται
3199 5432 3378 5485 αὐτῶν
3402 5433 3561 5502 μνεία
3580 5447 3595 5462 ·
3626 5432 3720 5485 καὶ

2159 5529 2285 5592 τοὺς
2312 5528 2754 5598 ψευδοπροφήτας
2794 5524 2888 5578 καὶ
2936 5523 2996 5576 τὸ
3048 5522 3263 5593 πνεῦμα
3308 5523 3369 5576 τὸ
3411 5523 3720 5592 ἀκάθαρτον

2155 5621 2330 5692 ἐξαρῶ
2354 5621 2461 5674 ἀπὸ
2489 5621 2584 5691 τῆς
2612 5618 2734 5687 γῆς.
2761 5638 2778 5670 ι
2817 5617 2945 5670 Τότε
2972 5617 3080 5688 γὰρ
3117 5616 3180 5686 δὴ
3225 5616 3310 5669 διὰ
3358 5616 3457 5685 τῆς
3494 5616 3719 5668 ἐκείνων

2155 5714 2473 5778 ἐπιστασίας
2499 5715 2643 5766 πᾶσα
2673 5712 2771 5783 μὲν
2799 5712 2831 5783 ἡ
2864 5711 2972 5768 τῶν
3020 5713 3250 5768 εἰδώλων
3289 5710 3720 5784 ἁφαιρεθήσετμ
