4096 6234
389 219 501 277 885

1262 216 1887 276 COMMENTARIUSIN
1920 215 2287 272 ZACIIARIIE
2323 218 2477 275 CAP.
2511 217 2646 273 XIII.

393 334 682 407 θεραπεία,
706 337 856 390 πᾶσα
894 335 952 389 δέ
974 334 1401 407 καταλυθήσεται
1442 336 1549 389 τῶν
1595 336 1950 406 ψευδοπροφη·

2071 345 2127 388 ιιι
2156 336 2492 391 demonstret
2516 349 2680 405 quam
2710 336 2817 390 late
2850 334 3109 390 honestas
3144 332 3494 389 dominatura
3534 333 3628 396 sit,

390 426 501 480 τῶν
532 429 566 497 η
617 428 795 498 ἀπάτη
818 469 832 494 ,
875 428 1088 491 οὐδενὸς
1120 428 1515 497 ἐπιτολμῶντος
1565 428 1716 479 οὐδὲν
1772 430 1959 496 ἐπιτη-

390 516 569 570 δεύειν
609 517 836 570 τοιούτο.
875 519 984 571 Καὶ
1017 518 1229 582 δεικνὺς
1267 518 1436 589 ὁπόση
1463 535 1542 580 τις
1571 520 1603 586 ἡ
1644 518 1960 588 ἐπικράτεια

391 611 681 679 γενήσεται
702 608 796 661 τοῦ
826 608 1013 671 καλοῦ,
1034 611 1197 679 φησὶν
1220 611 1299 663 ὅτι
1320 608 1368 662 εί
1391 609 1677 680 τολμήσειε
1708 626 1790 672 τις
1818 626 1958 681 παρ-

391 700 564 751 ελθὼν
593 699 732 753 κατά
774 700 867 753 τὸν
904 701 1092 772 καιρὸν
1143 702 1345 754 ἐκεῖνον
1392 700 1859 770 προσποιήσασθαί
1907 719 1958 754 τι

391 790 500 843 τῶν
540 791 815 861 ἐσομένων
861 792 1084 862 μηνύειν
1131 795 1195 846 ἐκ
1228 792 1533 863 πνεύματος
1576 793 1958 864 ἐνεργούμενος

391 880 698 949 ἀλλοτρίου,
735 882 943 944 οὐδενὸς
980 882 1073 934 ἐπὶ
1101 883 1179 951 τῷ
1220 882 1530 953 τολμήματι
1560 883 1733 953 τούτῳ
1758 883 1851 936 καὶ
1882 884 1959 953 τῷ

392 974 820 1045 παρανομήματι
843 974 964 1026 οὐδὲ
993 974 1141 1045 παρά
1191 973 1301 1049 τῶν
1343 974 1757 1045 γεννησαμένων
1798 976 1957 1028 αὐτὸν

390 1066 723 1137 συγγνώμης
750 1068 781 1137 ἢ
815 1067 966 1120 ἐλέου
994 1066 1238 1131 τεύξεται
1277 1067 1356 1120 ἐτι
1375 1083 1387 1096 ·
1425 1068 1607 1131 αὐτοῖς
1632 1068 1740 1139 γὰρ
1766 1071 1956 1121 ἐκεῖνοι

393 1158 679 1227 μονονουχὶ
706 1158 1057 1228 συνδήσαντες
1107 1157 1269 1210 αὑτὸν
1297 1196 1311 1218 ,
1363 1158 1505 1227 ὑπὲρ
1535 1157 1598 1228 δὴ
1653 1158 1837 1215 ψευδεῖ
1866 1159 1958 1211 καὶ

388 1250 785 1322 πεπλανημένη
814 1250 1117 1321 προφητείᾳ
1155 1252 1451 1321 κεχρῆσθαι
1479 1252 1670 1321 τολμᾷ,
1708 1252 1958 1323 παραδώ-

392 1358 545 1395 σουσι
571 1342 811 1413 τιμωρίᾳ
833 1356 847 1370 ’
871 1340 1041 1404 οὕτως
1076 1341 1304 1413 αἰσχύνῃ
1347 1344 1443 1413 μὲν
1477 1342 1956 1414 περιϐληθήσονται

391 1434 593 1496 πάντες
640 1434 688 1486 οἰ
720 1433 1019 1501 τηνικαῦτα
1066 1432 1322 1497 τοιούτοις
1353 1434 1785 1505 ἐπιχειροῦντες,
1821 1434 1958 1504 πρὸς

392 1526 757 1596 μεταμέλειαν
784 1525 841 1577 δὲ
872 1524 1116 1577 νεύσουσι
1145 1525 1235 1577 καὶ
1266 1524 1455 1587 πένθος
1494 1526 1557 1578 ἐκ
1583 1524 1690 1578 τῶν
1718 1526 1955 1593 ἐπιγινο-

392 1618 569 1687 μένων
612 1617 794 1678 αύτοῖς
825 1616 1025 1669 κακῶν.
1077 1620 1151 1685 (p.
1179 1616 1305 1686 525)
1340 1617 1510 1671 Τοῦτο
1556 1616 1663 1688 γὰρ
1706 1618 1850 1682 λέγει
1876 1617 1957 1679 τὸ,

2062 420 2457 490 Nemo,inquit,
2494 425 2587 478 illo
2613 433 2856 494 tempore
2884 424 3126 486 audebit,
3157 423 3210 477 in
3248 421 3484 477 medium
3501 437 3631 492 pro-

2059 514 2279 577 cedens,
2316 516 2576 570 simulare
2605 514 2824 585 aliquod
2868 515 3186 570 vaticinium
3222 515 3403 568 alieno
3433 515 3629 584 spiritu

2058 604 2388 674 instinctus;
2436 621 2614 676 neque
2649 610 2795 664 enim
2843 610 3133 679 quisquam
3197 609 3267 665 ob
3298 608 3351 662 id
3414 607 3629 662 facinus

2057 704 2220 768 atque
2246 703 2425 758 scelus
2457 706 2541 759 vel
2574 706 2643 760 ab
2671 706 2805 776 ipsis
2831 704 3146 775 parentibus
3178 701 3390 757 veniam
3423 707 3517 755 aut
3534 699 3628 754 mi-

2057 789 2410 845 sericordiam
2432 804 2876 865 consequeretur.
2918 794 3022 863 Ipsi
3045 795 3188 847 enim
3214 792 3289 847 illi
3319 792 3465 846 hunc
3496 806 3625 861 pro-

2058 883 2342 949 pemodum
2373 884 2621 955 ligantes.
2655 886 2789 942 falsa
2825 886 3275 953 frauduhmtaque
3306 881 3471 961 355
3498 897 3624 952 pro-

2058 972 2237 1041 phetia
2267 976 2415 1031 abuti
2439 976 3250 1050 ausum,suppliciottaderent.
3270 974 3361 1029 Sic
3391 975 3625 1045 ignomi-

2059 1062 2148 1115 nia
2184 1065 2405 1133 quidem
2446 1068 2749 1125 obruentur
2780 1084 2972 1124 omnes
2999 1068 3091 1137 qui
3117 1075 3247 1121 tunc
3269 1066 3383 1123 haec
3412 1066 3621 1121 scelera

2057 1154 2377 1213 admiserint
2411 1178 2424 1214 :
2456 1160 2523 1215 de
2558 1162 2877 1230 poenitentia
2916 1168 3094 1214 autem
3125 1158 3384 1228 luctuque
3413 1158 3621 1228 cogita-

2056 1246 2191 1301 bunt
2230 1258 2450 1320 propter
2486 1252 2801 1322 ingruentes
2832 1252 2963 1321 ipsis
2991 1250 3350 1305 calamitates.
3390 1245 3448 1302 Id
3470 1250 3618 1302 enim

2057 1339 2365 1406 signiﬁcant
2397 1343 2561 1397 verba
2590 1363 2603 1397 :
2646 1362 2665 1395 ι
2690 1342 2982 1398 Induentur
3014 1342 3149 1411 pelle
3186 1339 3420 1395 ciliciua.
3448 1357 3467 1393 ι
3496 1338 3621 1394 Sic-

2057 1438 2115 1483 ut
2148 1440 2230 1485 est
2267 1432 2405 1501 apud
2447 1432 2662 1488 beatum
2717 1433 2971 1488 Davidem
3006 1453 3019 1488 :
3059 1452 3076 1484 ι
3109 1431 3438 1486 Conscidisti
3495 1446 3617 1485 sac-

2056 1532 2179 1573 cum
2223 1537 2421 1580 meum.
2462 1532 2515 1577 et
2544 1522 2954 1580 circumdedisti
2988 1536 3073 1576 me
3088 1517 3276 1573 laetitia
3291 1515 3372 1579 7‘;
3399 1513 3495 1569 rid
3514 1523 3621 1576 εει.

2057 1611 2204 1663 luctu
2258 1612 2506 1681 depulso,
2558 1614 2757 1684 gaudio
2802 1630 2888 1669 me
2917 1613 3275 1682 complevisti.
3311 1612 3379 1665 At
3419 1613 3495 1671 hi.
3536 1611 3619 1664 in-

398 1725 416 1756 ι
440 1705 741 1758 ἐνδύσονται
766 1705 945 1776 aspva
967 1706 1211 1777 τριχίνην
1230 1723 1242 1735 ο
1265 1727 1283 1757 ι
1309 1701 1419 1759 οἷόν
1445 1708 1559 1760 ἐστι
1575 1707 1726 1777 παρὰ
1751 1707 1827 1778 τῷ
1850 1725 1950 1778 μα-

2055 1703 2193 1772 quit,
2229 1703 2295 1757 ad
2338 1707 2709 1773 pmnitentiam
2753 1707 3027 1768 conversi,
3079 1715 3133 1759 et
3174 1704 3387 1771 lugubri
3437 1702 3617 1756 induti

391 1794 571 1865 καρίῳ
601 1792 757 1847 Δαυῒδ
786 1793 867 1855 τὸ,
907 1811 925 1842 ι
949 1793 1249 1864 Διέρῤηξας
1275 1792 1331 1845 δέ
1353 1794 1440 1845 τὸν
1462 1792 1664 1847 σάκκον
1691 1810 1791 1863 μου
1812 1834 1826 1857 ,
1860 1794 1955 1847 καὶ

393 1883 729 1956 περιέζωσάς
764 1900 830 1953 με
883 1882 1249 1954 εὐφροσύνηνο
1286 1903 1304 1933 ι
1363 1883 1449 1935 ἴνα
1496 1883 1622 1954 εἴπῃ
1647 1923 1662 1944 ,
1721 1882 1794 1934 Τὸ
1826 1883 1954 1935 πέν-

390 1977 485 2038 θος
535 1973 800 2046 περιελὼν
851 1974 1187 2044 εὐφροσύνης
1248 1991 1313 2043 με
1365 1974 1752 2045 πεπλήρωκας.
1796 1975 1860 2027 Οἱ
1892 1973 1954 2043 δὴ

387 2065 640 2129 τοιοῦτοι,
672 2066 823 2136 φησι,
855 2064 991 2134 πρὸς
1018 2063 1379 2135 μεταμέλειαν
1402 2064 1705 2130 νεύσαντες,
1724 2065 1813 2119 καὶ
1835 2083 1958 2118 πεν-

387 2159 537 2212 eum
566 2157 915 2228 περιθέμενοι
944 2157 1149 2227 σχῆμα,
1182 2159 1589 2228 ἀπαρνήσονται
1623 2157 1721 2228 τὴν
1744 2158 1959 2228 ἀπάτην

385 2251 486 2320 τὴν
510 2248 1023 2316 οἱκείαν,λέγοντες,
1046 2249 1122 2312 ὼς
1143 2247 1266 2301 οὔτε
1293 2247 1437 2302 ἴσασί
1466 2265 1539 2311 τι,
1572 2248 1693 2302 οὔτε
1726 2251 1957 2320 χρήσον-

385 2357 476 2394 ται
502 2342 595 2393 ἐπὶ
615 2339 867 2409 τοιούτῳ,
908 2338 1367 2409 ἀσχοληθήσονται
1414 2340 1469 2393 δέ
1494 2340 1586 2394 τοῦ
1616 2339 1803 2392 λοιποῦ
1831 2341 1958 2411 περὶ

385 2431 486 2499 τὴν
516 2429 777 2500 ἐργασίαν
799 2428 898 2499 τῆς
932 2428 1063 2497 γῆς,
1088 2429 1225 2499 ὅπερ
1261 2424 1353 2481 οὖν
1383 2428 1477 2481 καὶ
1506 2427 1841 2496 ἐπιτηδεύειν
1869 2427 1957 2480 εὑ-

388 2523 485 2584 θὺς
512 2524 577 2575 ἐκ
606 2520 827 2592 πρώτης
855 2519 1053 2590 ἔμαθον
1078 2519 1289 2592 ἡμέρας
1316 2518 1465 2590 παρὰ
1488 2517 1593 2572 τῶν
1618 2521 1950 2591 γεννησαμέ-

382 2631 494 2668 νων
526 2611 742 2674 αὐτούς.
776 2610 892 2665 Κᾶν
925 2609 978 2662 εἴ
1019 2625 1161 2670 τινες
1198 2607 1254 2660 δὲ
1285 2608 1479 2671 αὐτοὺς
1509 2607 1587 2661 ἔτι
1634 2608 1832 2680 νεαρὰς
1857 2609 1953 2678 φέ-

384 2721 579 2775 ροντας
615 2702 723 2754 τῶν
754 2699 1137 2770 τυπτησάντων
1182 2700 1377 2762 αὐτοὺς
1431 2698 1529 2763 τὰς
1560 2699 1772 2770 πληγὰς
1815 2702 1951 2770 ἐρω-

384 2796 544 2865 τῷεν,
577 2795 699 2848 ὅθεν
728 2794 790 2863 δὴ
820 2793 1018 2856 ταύτας
1046 2791 1387 2863 ἐπιφέροιντο
1411 2831 1426 2853 ,
1452 2791 1813 2859 ἐπαγγελοῦσι
1849 2809 1948 2845 σα-

2050 1792 2266 1855 habitu,
2299 1795 2615 1863 imputatam
2640 1796 2743 1850 sibi
2779 1794 3023 1851 fraudem
3052 1794 3398 1865 denegabunt
3430 1793 3619 1847 dicen-

2049 1892 2152 1948 tes,
2182 1900 2241 1939 se
2275 1885 2403 1939 nihil
2450 1886 2763 1953 huiusmodi
2806 1886 2970 1949 scire,
3017 1900 3191 1955 neque
3215 1884 3340 1937 talia
3378 1897 3616 1953 unquam

2050 1977 2463 2041 commissuros,
2501 1977 2593 2032 sed
2627 1977 2867 2032 colendae
2903 1977 3162 2047 deinceps
3194 1984 3353 2030 terrae
3395 1983 3617 2029 vacatu—

2053 2081 2145 2120 ros
2171 2082 2185 2131 ;
2216 2066 2359 2136 quod
2399 2067 2520 2122 vita:
2554 2084 2727 2139 genus
2762 2072 2948 2123 statim
2976 2084 3007 2122 a
3030 2067 3263 2138 pueritia
3290 2066 3389 2121 abs
3431 2080 3616 2135 paren-

2058 2157 2201 2211 tibus
2226 2158 2342 2212 suis
2363 2156 2687 2212 didicerant.
2718 2158 2871 2224 Quod
2918 2159 2963 2214 si
2997 2158 3120 2227 quis
3160 2158 3281 2212 illos
3310 2156 3491 2210 adhuc
3528 2170 3615 2211 re-

2054 2245 2310 2302 centibus
2340 2248 2512 2317 plagis
2539 2258 2814 2304 tumentes
2843 2251 3133 2319 regaverit,
3164 2249 3309 2305 unde
3340 2265 3434 2306 eas
3468 2257 3617 2305 retu-

2054 2332 2278 2397 lissent,
2345 2335 2654 2393 fatebuntur
2707 2350 2892 2408 aperte
2923 2340 3055 2394 nihil
3116 2350 3398 2411 negantes,
3457 2339 3604 2411 quod

2054 2426 2288 2480 alienum
2323 2428 2425 2482 sibi
2471 2428 2703 2483 cilicium
2732 2440 3079 2501 usurpantes,
3120 2434 3336 2503 prepria
3365 2433 3421 2487 in
3453 2433 3616 2488 domo

2055 2518 2276 2573 verbera
2308 2521 2396 2574 illa
2424 2522 2491 2576 ab
2524 2522 2593 2578 iis
2627 2526 2956 2593 acceperint,
2980 2525 3179 2595 quibus
3204 2526 3475 2595 praecipue
3494 2528 3609 2581 cari

2054 2625 2175 2665 esse
2199 2612 2538 2679 videbantur,
2565 2629 2662 2669 ceu
2690 2616 2843 2671 liberi
2886 2618 3227 2686 parentibus,
3261 2619 3353 2688 qui
3384 2632 3615 2691 peccan-

2055 2702 2201 2758 tibus
2239 2719 2348 2758 non
2380 2717 2761 2774 pepercerunt,
2809 2716 3093 2777 propterea
3146 2710 3288 2779 quod
3337 2710 3613 2781 religionis

2055 2809 2241 2847 curam
2268 2798 2513 2851 uiatttrali
2548 2801 2914 2868 compassioni
2959 2802 3332 2871 praetulerunt.

386 2891 504 2958 φῶς
558 2889 710 2942 οὐδὲν
758 2887 1120 2959 ἀρνησάμενοι
1178 2886 1256 2939 ὅτι
1311 2884 1707 2955 ἐπιχειροῦντες
1762 2880 1842 2947 οἷς
1888 2883 1949 2936 οὐ
1998 2888 2269 2957 προσῆκον
2324 2885 2425 2958 ἦν,
2461 2891 2554 2942 ἐπὶ
2601 2893 2697 2960 τῆς
2748 2893 2920 2956 οἰκίας
2971 2894 3069 2963 τῆς
3111 2895 3316 2948 ἐαυτῶν
3369 2892 3478 2949 εἷεν
3527 2896 3613 2950 δε·-

382 2984 635 3053 δεγμένοι
665 2983 763 3042 τὰς
814 2980 1084 3051 μάστιγας
1131 2980 1256 3051 παρ’
1296 2980 1518 3033 ἐκείνων
1556 2973 1636 3041 οἷς
1672 2979 1735 3050 δὴ
1782 2978 2012 3050 μάλιστα
2045 2982 2258 3035 πάντων
2295 2984 2566 3055 ἀγαπητοὶ¹
2609 2988 2895 3056 τυγχάνειν
2926 2988 3139 3043 ἐδόκουν
3162 3031 3176 3055 ,
3223 2991 3319 3045 ἆτε
3370 2994 3616 3060 γονεῦσιν

387 3076 527 3138 υἱοὶ,
576 3074 626 3126 οἳ
672 3072 935 3144 μηδεμίαν
986 3071 1164 3125 αὐτῶν
1214 3071 1379 3140 φειδὼ
1423 3072 1743 3143 πεποίηνται
1793 3072 2229 3143 ἁμαρτανόντων.
2276 3074 2458 3147 ἐπειδὴ
2488 3078 2587 3148 τῆς
2629 3078 2907 3143 εὐσεϐείας
2937 3080 3037 3151 τὴν
3076 3082 3389 3153 ἐπιμέλειαν
3415 3085 3615 3140 ἀνωτέ-

384 3183 491 3238 ραν
514 3166 614 3235 τῆς
641 3164 875 3235 φυσικῆς
903 3163 1084 3218 ἔθεντο
1119 3163 1475 3235 συμπαθείας.

459 3257 606 3326 Στίχ.
626 3259 690 3321 ζ’.
714 3254 911 3310 -Ἄλλὰ
931 3259 1038 3327 γάρ
1069 3256 1167 3326 τὴν
1192 3255 1283 3307 ἐπὶ
1303 3256 1364 3307 τὸ
1390 3257 1631 3325 κρεῖττον
1662 3254 1950 3326 μεταϐολὴν

2130 3252 2298 3307 Vens.
2344 3250 2393 3305 7.
2434 3280 2502 3290 —
2539 3248 2652 3320 Age
2689 3266 2815 3305 vero
2844 3260 2966 3321 post
2999 3254 3300 3307 nuntiatam
3338 3270 3518 3310 rerum
3558 3258 3610 3312 in

384 3350 495 3402 τῶν
514 3348 848 3419 πραγμάτων
870 3346 1103 3418 εἰρηκὼς
1128 3348 1156 3400 ὁ
1186 3350 1486 3417 προφήτης,
1503 3347 1648 3411 ὅπως
1673 3364 1732 3399 τε
1755 3350 1818 3418 τῇ
1843 3348 1950 3400 τῶν

384 3439 760 3494 Μακκαϐαίων
790 3439 1093 3509 προστασία
1142 3437 1521 3509 καθῃρέθησαν
1573 3440 1670 3509 μὲν
1711 3440 1760 3491 oi
1798 3441 1950 3492 ἐναν-

382 3533 513 3594 τίοι,
543 3532 733 3599 γέγονε
756 3532 811 3585 δὲ
845 3534 902 3584 ἐν
957 3530 1222 3599 εὐκοσμίᾳ
1266 3529 1326 3583 τὸ
1358 3529 1507 3593 ἔθνος
1553 3529 1759 3600 πολλῇ,
1807 3528 1947 3583 ὥστε

387 3626 570 3679 πᾶσαν
620 3625 719 3694 μὲν
761 3623 1013 3676 ἀσέϐειαν
1046 3621 1106 3685 ἐξ
1140 3620 1316 3675 αὐτῶν
1359 3623 1453 3675 καί⁵
1481 3622 1819 3692 παρανομίαν
1851 3624 1947 3677 ἀν-

382 3714 623 3787 ῃρῆσθαι
644 3755 659 3777 ,
689 3716 907 3784 κρατεῖν
936 3712 991 3764 δὲ
1020 3713 1195 3765 πάντα
1226 3728 1291 3779 γε
1336 3712 1507 3766 ὁπόσα
1535 3715 1636 3774 τοῖς
1668 3712 1825 3776 θείοις
1862 3713 1948 3767 νό-

386 3821 512 3874 μοις
544 3803 807 3856 ἀκόλουθα
835 3802 1140 3856 συνέϐιιινεν
1166 3796 1323 3865 εἶναι,
1341 3802 1528 3872 ὥσπερ
1553 3803 1616 3857 ἐκ
1642 3804 1738 3873 τῆς
1764 3805 1945 3857 τοιαύ-

383 3911 482 3962 της
517 3892 936 3961 ἀποκαλύψεως,
969 3894 1034 3963 ἣν
1069 3895 1133 3946 ἐκ
1174 3892 1273 3962 τῆς
1312 3892 1404 3946 τοῦ
1444 3893 1598 3961 ἁγίου
1634 3895 1949 3965 Πνεύματος

382 3988 630 4041 ὲόέδεκτο
668 3988 943 4057 ἐνεργείας
966 4028 980 4052 ,
1012 3987 1197 4050 ἔνθους
1223 4004 1281 4040 τε
1306 3985 1560 4055 γεγονὼς,
1593 3988 1687 4040 καὶ
1715 3987 1945 4042 κατιδὼν

382 4078 627 4149 ἀκριϐῶς
658 4078 727 4131 τὰ
767 4077 1004 4147 ἐσόμενα
1029 4116 1046 4140 ,
1077 4073 1166 4131 οἷά
1195 4094 1254 4130 τε
1303 4077 1362 4141 ἐξ
1391 4079 1516 4131 οἴων
1563 4079 1847 4149 γενήσεται
1877 4078 1946 4132 τά

396 4170 662 4223 Ἰουδαίων
690 4212 704 4235 ,
740 4170 833 4222 καὶ
878 4169 993 4221 οἵαν
1044 4169 1142 4239 μὲν
1185 4169 1248 4221 ἐκ
1280 4170 1375 4239 τῆς
1420 4170 1526 4223 τῶν
1572 4170 1943 4225 Μακκαϐαίων

382 4261 714 4331 προστασίας
757 4260 1040 4332 διόρθωσιν
1094 4259 1303 4325 δέξεται
1351 4261 1422 4315 τά
1475 4263 1594 4314 κατ’
1626 4261 1852 4325 αὐτοὺς,
1883 4263 1943 4315 ἐν

380 4354 487 4424 ὅσῃ
530 4353 586 4406 δὲ
637 4352 854 4420 γέγονεν
886 4353 1124 4422 ἀκοσμίᾳ
1167 4360 1253 4423 (p.
1291 4352 1428 4423 5‘26)
1478 4355 1541 4405 ἐκ
1578 4354 1673 4424 τῆς
1723 4354 1941 4406 ἐκείνων

384 4443 684 4513 μοχθηρίας
713 4444 760 4495 οἱ
792 4443 938 4513 παρὰ
967 4443 1074 4494 τῶν
1108 4441 1367 4511 βασιλέων
1393 4443 1542 4516 παρά
1566 4461 1624 4495 τε
1653 4443 1711 4497 τὸ
1736 4446 1942 4515 πρέπον

381 4534 479 4586 καὶ
500 4534 560 4585 τὸ
592 4536 703 4595 τοῖς
725 4532 904 4602 νόμοις
934 4531 1223 4586 ἀκόλουθον
1257 4536 1366 4596 τοῖς
1388 4532 1549 4596 θείοις
1573 4534 1672 4603 τήν
1698 4551 1756 4587 τε
1786 4536 1941 4605 ἱερω⁹

383 4622 552 4693 σύνην
566 4624 941 4693 ἀναδεχόμενοι
960 4623 1053 4677 καὶ
1074 4623 1172 4694 τὴν
1192 4623 1285 4677 τοῦ
1303 4623 1430 4677 λαοῦ
1451 4625 1798 4695 προστασίαν.
1821 4642 1942 4693 συγ-

379 4714 592 4785 χύσεως
635 4714 895 4785 μεγίστης
939 4714 1360 4785 πεπληρώκασιν
1389 4716 1637 4778 ἅπαντα,
1682 4717 1941 4787 μεγίστην

379 4805 506 4859 τινὰ
530 4807 630 4875 τὴν
657 4806 1028 4875 ἀγανάκτησιν
1064 4807 1155 4858 ἐπὶ
1195 4810 1259 4876 τῇ
1292 4808 1559 4879 μοχθηρία
1591 4808 1696 4861 τῶν
1726 4807 1818 4861 τοῦ
1850 4825 1941 4860 το-

382 4894 575 4950 σούτου
606 4894 773 4949 κακοῦ
825 4895 1122 4961 γεγονότων
1173 4896 1356 4949 αἰτίων
1396 4896 1682 4965 δεξάμενος
1706 4939 1721 4961 ,
1765 4897 1941 4951 τοιάδε

380 4986 547 5057 φησίν
572 5002 592 5017 η’
646 5005 664 5038 ι
688 4985 977 5055 Ῥομφαία,
1015 4986 1326 5058 ἐξεγέρθητι
1352 4988 1442 5040 ἐπὶ
1466 4988 1556 5040 τὸν
1587 4989 1817 5058 ποιμένα
1848 4991 1943 5043 καὶ

380 5079 470 5129 ἐπ’
502 5076 668 5145 ἄνδρα
720 5076 943 5145 πολίτην
976 5076 1139 5130 αὑτοῦ
1168 5118 1181 5135 ,
1227 5077 1371 5144 λέγει
1406 5078 1604 5148 Κύριος
1637 5080 1942 5149 παντοκρά-

378 5182 515 5235 τωρ.
545 5183 563 5214 ι
595 5164 1010 5234 Προστακτικῶς
1070 5164 1230 5216 πάλιν
1267 5163 1542 5217 κάνταῦθα
1575 5162 1637 5215 τὸ
1688 5163 1941 5232 ἐσόμενον

384 5255 578 5328 μηνύει
600 5272 614 5285 °
650 5256 741 5309 καὶ
774 5254 959 5325 ὥσπερ
1000 5256 1132 5325 πρὸς
1166 5254 1297 5308 αὐτὸ
1335 5254 1394 5307 τὸ
1432 5254 1580 5323 ξίφος
1608 5254 1811 5325 τρέψας
1852 5256 1941 5307 τὸν

380 5348 560 5417 λόγον.
591 5348 853 5419 Κινήθητι
881 5348 968 5417 δὴ,
999 5348 1181 5418 φησὶν,
1211 5341 1256 5401 ὦ
1285 5347 1525 5418 μάχαιρα
1551 5347 1691 5402 κατά
1712 5364 1768 5400 τε
1794 5348 1940 5400 ἐκεί-

380 5456 491 5493 νων
515 5439 622 5492 τῶν
641 5438 783 5492 οὕτω
811 5438 994 5502 κακῶς
1018 5441 1083 5508 τῇ
1115 5438 1417 5509 προστασίᾳ
1442 5436 1819 5509 χρησαμένων,
1852 5438 1941 5491 καὶ

454 5616 500 5649 ⁷⁸
541 5614 683 5669 Psal.
726 5629 872 5677 xxix,
918 5613 999 5665 12.

663 5708 927 5766 ΡΑτιιοι.
960 5708 1074 5766 (iu.
1113 5705 1325 5767 LXVI.

2054 3345 2250 3400 melius
2294 3343 2728 3406 conversionem,
2760 3349 2810 3395 et
2851 3342 3123 3411 quomodo
3152 3343 3205 3396 in
3249 3342 3613 3402 Macchabaeo-

2053 3451 2170 3490 rum
2200 3434 2504 3504 principatu
2539 3432 2700 3487 deleti
2729 3432 2930 3487 fuerint
2966 3434 3169 3496 hostes,
3218 3441 3274 3489 et
3309 3451 3443 3505 gens
3473 3438 3609 3491 bene

2052 3524 2342 3577 admodum
2373 3522 2698 3591 composita,
2753 3523 2960 3591 abjecta
2993 3524 3201 3579 scilicet
3234 3526 3380 3579 omni
3421 3527 3623 3596 impie-q

2052 3623 2163 3670 tate
2192 3630 2257 3669 ac
2284 3615 2545 3683 nequitia,
2575 3623 2937 3684 revocatoque
2966 3616 3475 3687 divinarum'legum
3493 3625 3609 3674 stu-

2050 3707 2178 3771 dio;
2208 3722 2274 3761 ex
2308 3706 2620 3775 hujusmodi
2657 3707 3004 3769 revelatione,
3052 3723 3211 3777 quam
3245 3707 3449 3778 Spiritu
3481 3726 3608 3766 san-

2055 3810 2146 3853 cto
2180 3809 2441 3868 cperante
2469 3806 2774 3867 acceperat,
2817 3810 2995 3855 mente
3043 3800 3282 3870 percitus
3322 3803 3605 3874 propheta,

2050 3907 2115 3948 ac
2136 3892 2319 3945 futura
2352 3892 2630 3947 evidenter
2658 3908 2908 3958 cernens,
2936 3904 2990 3948 et
3018 3910 3262 3964 qttarnam
3289 3905 3343 3950 ct
3367 3912 3433 3951 ex
3471 3911 3607 3967 qua-

2048 3983 2192 4038 libus
2224 4000 2312 4038 res
2348 3983 2657 4038 Iudaeorum
2700 3984 2895 4047 forent,
2939 3994 2993 4040 et
3023 3994 3279 4057 quantam
3315 3989 3419 4042 sub
3458 3988 3605 4043 Mac-

2047 4072 2391 4127 chabaeorum
2423 4074 2727 4143 principatu
2757 4076 3187 4131 emendationem
3236 4088 3476 4132 nacturze
3516 4095 3605 4133 es-

2046 4174 2200 4230 sent;
2223 4173 2534 4235 quantaque
2562 4181 2754 4220 rursus
2801 4169 3133 4235 perturbatio
3170 4168 3350 4223 futura
3383 4172 3452 4225 ob
3492 4172 3604 4228 illo-

2048 4270 2168 4309 rum
2199 4255 2622 4324 improbitatem,
2653 4257 2746 4326 qui
2775 4271 2806 4311 a
2840 4259 3076 4327 regibus,
3122 4269 3316 4329 praeter
3362 4262 3443 4318 fas
3467 4263 3602 4332 legi-

2046 4349 2235 4399 timum
2254 4362 2316 4400 ac
2329 4345 2595 4411 divinum,
2614 4356 2725 4401 tum
2740 4351 3119 4404 sacerdotalem
3135 4351 3468 4421 dignitatem,
3487 4364 3600 4411 tum

2043 4435 2205 4488 etiam
2244 4436 2422 4505 populi
2451 4436 2705 4491 ducatum
2738 4438 3086 4507 aecipientcs,
3131 4441 3362 4494 maxima
3407 4444 3602 4498 confu-

2045 4526 2198 4581 sionc
2212 4529 2390 4581 omnia
2414 4530 2784 4598 repleverunt;
2804 4546 3015 4585 summa
3034 4531 3397 4602 indignatione
3411 4534 3603 4591 adter-

2044 4634 2140 4673 sus
2166 4617 2537 4689 355horum
2572 4622 2967 4691 improbitatem
3000 4632 3324 4689 commotus,
3355 4626 3443 4693 qui
3481 4634 3601 4678 tan-

2043 4718 2223 4764 torum
2265 4712 2529 4765 malorum
2550 4727 2716 4766 causa
2747 4712 2987 4776 fuerunt,
3021 4714 3075 4767 in
3107 4714 3219 4768 haec
3239 4716 3399 4770 verba
3424 4729 3603 4769 erum-

2044 4801 2157 4869 pit:
2183 4819 2200 4850 ι
2226 4800 2475 4865 Frameu,
2510 4817 2774 4871 consurge
2803 4802 3069 4860 adversus
3103 4813 3393 4874 pastorem,
3424 4813 3480 4859 et
3505 4821 3601 4861 suo

2045 4906 2141 4960 per
2166 4892 2339 4945 virum
2367 4893 2540 4949 civem
2566 4893 2707 4961 ejus,
2729 4894 2864 4948 dicit
2894 4895 3157 4951 Dominus
3188 4895 3590 4964 omnipotens.»

2046 4979 2257 5036 Rursus
2284 4982 2385 5037 hoc
2435 4984 2597 5039 etiam
2640 4984 2766 5040 loco
2824 4987 3139 5056 imperative
3192 5001 3305 5041 rem
3360 4986 3598 5043 futuram

2039 5072 2416 5141 signiﬁcat;et
2442 5076 2600 5144 quasi
2638 5077 2709 5132 ad
2741 5079 2912 5147 ipsum
2956 5078 3191 5149 gladium
3236 5078 3416 5133 verbis
3459 5091 3595 5132 con-

2038 5165 2232 5230 versis,
2268 5165 2671 5231 Commovetor,
2694 5170 2897 5240 inquit,
2937 5186 2970 5224 ο
2996 5169 3191 5238 gladie,
3234 5178 3347 5222 tum
3396 5177 3591 5223 contra

2040 5253 2162 5309 illos
2191 5256 2283 5324 qui
2319 5265 2426 5309 tam
2451 5259 2589 5313 male
2618 5261 2925 5329 principatu
2959 5267 3210 5322 utuntur,
3265 5268 3382 5313 tum
3430 5259 3597 5313 etiam

2038 5358 2231 5403 contra
2259 5365 2450 5406 omnes
2478 5354 2573 5421 qui
2606 5354 2753 5423 genti
2798 5359 2996 5405 nostra:
3041 5352 3162 5419 jure
3194 5350 3477 5406 societatis
3512 5351 3603 5404 ad-

2040 5438 2193 5505 dicti,
2256 5438 2435 5497 l‘avere
2471 5443 2685 5502 illorum
2740 5441 3069 5511 improbitati
3110 5451 3395 5499 curarunt.
3433 5442 3605 5498 «Per-

3299 5708 3374 5771 19
