4106 6238
486 322 593 377 587

1646 311 1988 369 THEODOR!
2021 308 2499 367 MOPSUESTENI

485 446 607 491 cute
638 443 929 503 pastorem.
960 438 1012 484 et
1033 430 1415 501 disperguntur
1440 438 1592 483 oves.
1629 448 1646 478 ι
1676 427 1797 482 Tuo
1824 429 2047 482 verbere

2151 429 2289 481 κατὰ
2322 429 2536 480 πάντων
2574 425 2677 489 τῷν
2705 425 2815 477 ὅσοι
2852 424 2928 493 τῷ
2971 423 3111 476 ἔθνει
3164 425 3530 494 προσήκοντες
3586 440 3722 497 συμο
3788 464 3796 503 ι

479 540 665 581 necem
697 521 838 577 infer
887 523 970 576 bis
998 524 1088 592 qui
1139 529 1249 575 tam
1293 521 1433 575 male
1468 521 1651 590 populi
1703 519 1903 573 ducatu
1962 519 2045 572 usi

481 615 712 679 fuerant,
752 620 1035 683 totumque
1079 611 1374 665 faventium
1424 610 1534 665 illis
1587 617 1810 673 cretum,
1859 607 2046 662 eodem

481 720 602 759 cum
657 703 767 757 illis
799 703 907 755 ictu
960 716 1227 770 poenaque
1269 700 1535 771 disiierge.
1583 699 1679 755 His
1736 699 2055 769 imperative

480 794 662 856 dictis,
710 793 775 845 ad
806 794 883 846 rei
925 792 1118 847 luturae
1170 793 1604 863 praedictionem,
1656 792 1829 863 pergit
1881 791 2056 861 loqui,

480 891 900 938 consentaneam
957 883 1296 953 praadictioni
1354 882 1581 937 formam
1644 882 1917 937 sermonis
1969 891 2049 937 te-

481 988 616 1028 nens
645 990 697 1026 :r
721 971 786 1028 Et
817 982 1128 1028 convertam
1168 989 1389 1041 manum
1424 989 1598 1029 meam
1631 983 1825 1028 contra
1870 974 2052 1027 minu-

476 1072 565 1120 tos
589 1075 853 1131 pastores.
881 1083 898 1115 ›
933 1064 992 1119 Si
1020 1066 1112 1134 qui
1142 1067 1248 1120 sub
1282 1066 1589 1135 principum
1625 1071 1898 1135 potestate
1933 1062 2052 1119 fue-

478 1156 610 1222 rint,
636 1165 690 1211 et
716 1157 882 1226 impio
909 1156 1124 1211 illorum
1155 1157 1388 1225 imperio
1433 1156 1613 1211 favere
1651 1157 1944 1221 voluerint,
1997 1163 2051 1210 et

480 1248 584 1318 ipsi
637 1262 855 1319 quoque
914 1258 1067 1317 parte
1110 1249 1293 1317 aliqua
1343 1247 1507 1303 oliicii
1558 1248 1661 1303 sibi
1708 1248 2048 1312 concredita,

479 1351 644 1406 prave
672 1352 731 1392 se
763 1352 949 1407 gerere
969 1338 1252 1407 crepet-int,
1291 1337 1391 1391 bos
1425 1337 1551 1391 item
1591 1338 1837 1408 puniam.
1874 1336 2040 1391 Nam—

479 1440 585 1497 que
615 1425 714 1480 hos
750 1427 984 1497 appellat
1012 1428 1250 1481 minutos
1283 1433 1551 1497 pastores.

2144 521 2401 591 πράττειν
2440 486 2621 571 αὐτῶν»
2674 486 2930 569 ἔσπευδον
2968 519 3031 587 τῇ
3086 486 3373 587 μοχθηρίᾳ.
3431 536 3451 568 ι
3479 486 3722 591 ῌάταέον

2146 612 2238 665 τὸν
2274 610 2525 681 ποιμένα,
2558 609 2651 661 καὶ
2683 608 3156 678 διασκορπισθήτω
3187 606 3255 659 τὰ
3286 583 3551 678 πρόϐατα.
3584 625 3604 658 ι
3637 609 3715 679 Τῇ
3760 577 3794 690 ξ.

2149 703 2257 772 γὰρ
2288 703 2465 773 πληγῇ
2493 704 2559 772 τῇ
2579 700 2754 770 οἰκείᾳ
2786 699 3013 753 θάνατον
3045 700 3144 770 μὲν
3171 700 3414 767 ἐπάγαγε
3439 702 3550 763 τοῖς
3576 698 3719 753 οὕτω
3764 695 3795 745 ι’

2155 793 2339 855 κακῶς
2370 795 2435 863 τῇ
2477 792 2777 862 προστασίᾳ
2822 790 2915 844 τοῦ
2968 789 3098 843 λαοῦ
3150 789 3542 861 χρησαμένοις,
3575 791 3716 845 ἅπαν

2157 885 2215 937 δὲ
2248 884 2354 936 τῶν
2383 883 2839 953 συμπραττόντων
2884 882 3064 944 αὐτοῖς
3109 881 3171 933 τὸ
3199 879 3448 950 σύστημα
3495 880 3612 951 ἃμα
3647 883 3716 953 τῇ

2150 975 2372 1027 ἐκείνων
2394 973 2573 1043 πληγῇ
2596 972 2946 1026 διασκέδασον
2972 974 3036 1042 τῇ
3060 970 3319 1042 τιμωρίᾳ.
3343 969 3528 1024 Ταῦτα
3548 987 3714 1043 προσ-

2148 1065 2423 1129 τακτικῶς
2482 1064 2718 1135 εἰρηκὼς
2748 1067 2826 1127 είς
2863 1065 2959 1134 τὴν
2991 1063 3099 1116 τῶν
3145 1062 3418 1133 ἐσομένων
3460 1063 3713 1132 μήνυσιν,

2149 1155 2343 1226 ἐπάγει
2372 1157 2439 1211 τὰ
2487 1157 2615 1227 ἑξῆς
2640 1197 2656 1220 ,
2694 1157 2987 1211 ἀκόλουθον
3030 1153 3327 1223 ἐπαγαγὼν
3358 1156 3470 1207 τοῖς
3514 1171 3717 1225 μηνυο-

2151 1249 2333 1319 μένοις
2359 1249 2454 1302 τοῦ
2499 1249 2659 1318 λόγου
2690 1250 2751 1302 τὸ
2804 1250 3022 1319 σχῆμα·
3061 1265 3080 1298 ι
3113 1247 3223 1299 Kal.
3261 1245 3572 1317 ἐπιστρέψω
3616 1246 3716 1318 τὴν

2145 1342 2303 1409 χεῖρά
2322 1357 2423 1411 μου
2453 1343 2547 1394 ἐπὶ
2569 1342 2695 1403 τοὺς
2728 1341 2955 1412 μικροὺς
2981 1338 3262 1409 ποιμένας.
3285 1358 3303 1390 ι
3338 1337 3450 1391 Καὶ
3480 1338 3588 1409 γὰρ
3619 1338 3714 1393 καὶ

2148 1429 2202 1482 εῐ
2229 1449 2371 1495 τινες
2413 1432 2519 1486 ὑπὸ
2547 1435 2659 1496 τοῖς
2700 1432 3019 1501 ἡγουμένοις
3048 1426 3156 1484 εἷεν
3180 1471 3195 1493 ,
3230 1430 3604 1501 συμπράττειν
3655 1447 3714 1483 τε

480 1517 656 1571 αὐτῶν
705 1520 770 1589 τῇ
813 1518 1058 1588 μοχθηρᾷ
1098 1519 1400 1589 προστασίᾳ
1449 1517 1790 1588 βουλόμενοι,
1833 1518 1927 1573 καὶ
1965 1518 2028 1589 δὴ
2074 1520 2168 1574 καὶ
2211 1524 2362 1578 αὐτοὶ
2406 1526 2547 1580 κατά
2591 1542 2711 1579 τινα
2751 1524 2902 1588 τάξιν
2949 1525 3047 1596 τὴν
3092 1523 3351 1578 δοκοῦσαν
3395 1523 3575 1584 αὐτοῖς
3616 1522 3714 1591 ἐμ-

480 1606 887 1670 πεπιστεῦσθαι,
936 1607 1223 1678 κατάρχειν
1256 1607 1645 1693 ἐσπουδακότες
1681 1607 1775 1662 τοῦ
1811 1608 2068 1680 χείρονος,
2122 1616 2499 1686 τιμωρήσομαι
2533 1616 2833 1678 κάκείνους.
2896 1617 3137 1689 Μικροὺς
3164 1615 3272 1688 γὰρ
3303 1613 3563 1684 ποιμένας
3592 1615 3716 1675 τοὺς

481 1698 625 1750 τοιού
633 1715 757 1761 τους
784 1697 956 1749 καλεῖ.

556 1788 717 1844 Vens.
748 1790 801 1850 8,
838 1792 887 1842 9.
925 1820 992 1830 συ-
1021 1788 1213 1845 Postea
1257 1805 1428 1859 poena:
1474 1790 1778 1860 :equitatem
1830 1792 2054 1848 demon-

2230 1792 2377 1861 Στίχ.
2401 1789 2470 1860 η’,
2497 1791 2561 1845 0'.
2587 1822 2650 1832 --
2679 1787 2810 1844 Εἶτα
2854 1789 3066 1853 δεικνὺς
3090 1788 3152 1841 τὸ
3191 1788 3291 1858 τῆς
3336 1787 3605 1858 τιμωρίαις
3639 1788 3716 1839 δί’

483 1889 695 1943 stratis,
726 1899 745 1929 σ
776 1879 838 1932 Ει
864 1880 986 1942 erit,
1012 1880 1301 1950 inquit,die
1325 1882 1411 1934 illa
1448 1882 1501 1935 in
1531 1883 1675 1936 omni
1707 1891 1871 1945 terra.
1922 1884 2049 1939 dicit

2155 1902 2307 1939 καιον
2330 1900 2344 1915 ’
2402 1903 2419 1936 ιι
2460 1884 2569 1938 Καὶ
2604 1884 2758 1937 ἔσται
2806 1884 2863 1936 ὲν
2891 1885 2957 1953 τῇ
2987 1881 3173 1953 ἡμέρᾳ
3224 1879 3441 1952 ἐκείνῃ,
3476 1882 3532 1932 ὲν
3566 1878 3716 1951 πέσῃ
4062 1880 4063 1961 γ

484 1968 766 2033 Dominus,
795 1970 915 2024 dua:
935 1971 1109 2040 ipsius
1132 1982 1310 2040 partes
1338 1973 1588 2041 peribunt
1609 1982 1663 2027 et
1695 1975 1968 2038 deficient,
1993 1986 2046 2031 et

484 2063 641 2116 tertia
673 2062 1011 2132 relinquetur
1039 2064 1093 2117 in
1122 2078 1207 2118 ea.
1244 2062 1307 2117 Et
1347 2064 1625 2119 traducam
1681 2071 1891 2122 tertiam
1934 2085 2050 2139 par-

483 2159 589 2207 tem
613 2167 710 2223 per
736 2153 912 2222 ignem
936 2169 949 2217 ;
972 2164 1027 2206 et
1056 2151 1402 2207 inﬂammabo
1432 2170 1527 2209 eos
1558 2170 1655 2208 ceu
1685 2156 2050 2212 inliannnatur

483 2254 789 2314 argentum,
824 2253 877 2299 et
939 2245 1183 2316 probabo
1212 2260 1306 2299 eos
1334 2246 1477 2299 sicut
1525 2247 1786 2315 probatur
1834 2264 2045 2303 aurum.

487 2338 603 2406 Ipse
627 2337 898 2392 invocabit
926 2354 1121 2391 nomen
1159 2353 1357 2401 meum,
1389 2346 1442 2392 et
1465 2329 1564 2408 ego
1594 2342 1875 2395 exaudiam
1903 2357 2046 2396 eum.

487 2429 811 2499 liicamque:
846 2429 1083 2500 Populus
1105 2446 1257 2484 meus
1289 2430 1377 2485 hic
1402 2438 1505 2484 est.
1540 2448 1560 2482 ι
1599 2431 1749 2496 Quod
1777 2433 2050 2501 injustam

484 2520 756 2591 patientur
812 2536 1047 2590 pinnam,
1098 2537 1185 2575 res
1228 2522 1343 2590 ipsa
1401 2520 1769 2588 demonstrat,‘
1796 2525 2049 2592 quoniam

482 2619 689 2666 tantam
743 2611 986 2667 fecerunt
1041 2613 1221 2682 pepuli
1250 2613 1315 2665 ad
1342 2613 1495 2682 pejus
1524 2613 1962 2679 declinationem,
1994 2626 2051 2670 ut

485 2706 605 2757 εἰναι
656 2704 836 2780 popqu
887 2715 1066 2773 partes
1117 2703 1183 2757 ad
1234 2706 1420 2759 vitium
1470 2707 1732 2777 prolapsa:
1788 2712 2053 2779 supplicio

485 2792 694 2847 tradita:
725 2794 855 2846 sint.
906 2793 1168 2846 Caeterum
1219 2792 1356 2849 duas
1387 2805 1568 2865 partes
1608 2799 1760 2861 dicit,
1808 2815 1903 2868 pro
1941 2801 2055 2870 plu-

487 2885 658 2938 rimis.
706 2883 1066 2937 Nihilominus
1124 2885 1262 2938 baud
1307 2887 1462 2954 pauci
1502 2888 1679 2942 adhuc
1729 2902 2053 2960 supererunt

489 2975 788 3031 honestatis
821 2974 984 3045 356
1018 2984 1309 3036 amatores.
1345 2992 1655 3048 quanquam
1684 2981 1737 3035 bi
1770 2984 2054 3051 pauciores

487 3068 629 3120 illis:
662 3066 713 3119 id
747 3067 890 3120 enim
922 3069 1205 3120 denotatur
1252 3075 1485 3128 artertia
1504 3084 1716 3143 parte»:
1768 3075 1859 3144 qui
1891 3077 2052 3130 veluti

490 3163 612 3231 igne
635 3159 891 3229 quodam.
926 3159 1252 3216 inllietorum
1280 3162 1546 3216 malorum
1572 3166 1839 3234 gravitate
1867 3168 2058 3236 proba-

2148 1981 2213 2049 τῇ
2248 1981 2351 2048 γῇ,
2372 1976 2516 2044 λέγει
2551 1976 2754 2046 Κύριος
2776 2015 2790 2033 .
2825 1974 2893 2027 τὰ
2921 1973 3014 2027 δύο
3040 1974 3206 2043 αὐτῆς
3232 1972 3373 2043 μέρη
3405 1969 3713 2039 ἐξολοθρευ-

2150 2070 2373 2141 θήσεται
2398 2068 2492 2121 καὶ
2538 2067 2804 2136 ἐκλείψει,
2840 2066 2934 2135 (p.
2966 2065 3106 2130 5‘27)
3154 2063 3215 2117 τὸ
3259 2063 3316 2115 δὲ
3358 2062 3539 2131 τρίτον
3578 2062 3713 2114 ὐπο-

2149 2161 2496 2231 λειφθήσεται
2527 2162 2584 2212 ἐν
2610 2159 2743 2230 αὐτῇ
2763 2175 2776 2189 ·
2803 2158 2897 2211 κα)⁵
2917 2156 3083 2221 διάξω
3110 2156 3170 2208 τὸ
3199 2158 3377 2226 τρίτον
3405 2153 3491 2206 διὰ
3519 2152 3710 2222 πυρός’

2150 2250 2244 2303 καὶ
2273 2248 2511 2321 πυρώσω
2535 2249 2731 2311 αὐτοὺς
2781 2248 2856 2310 ὡς
2888 2247 3154 2318 πυροῦται
3197 2245 3259 2297 τὸ
3291 2244 3552 2314 ἀργύριον
3574 2281 3587 2301 .
3620 2243 3713 2294 καὶ

2149 2341 2356 2412 δοκιμῶ
2398 2343 2595 2403 αὐτοὺς
2627 2340 2701 2403 ὡς
2747 2339 3093 2409 δοκιμάζεται
3136 2336 3197 2390 τὸ
3250 2336 3503 2407 χρυσίον·
3548 2334 3715 2396 αὐτὸς

2150 2432 2530 2486 ἐπικαλέσεται
2579 2431 2642 2484 τὸ
2687 2430 2853 2500 ὗνομά
2882 2446 2980 2500 μου
3007 2467 3022 2493 ,
3050 2427 3145 2481 καὶ
3193 2425 3305 2496 ἐγὼ
3343 2426 3712 2495 ἐπακούσομαι

2151 2526 2296 2595 αὐτῷ
2313 2541 2329 2556 ·
2356 2526 2447 2580 καλ⁸
2468 2523 2595 2595 ἐρῶ,
2625 2522 2765 2585 Λαός
2792 2538 2892 2591 μου
2917 2515 3069 2583 οὗτός
3091 2521 3206 2572 ἐστι
3227 2534 3242 2550 '
3270 2520 3362 2572 καὶ¹
3388 2517 3549 2579 αὐτὸς
3575 2517 3711 2587 ἐρεῖ,

2152 2618 2353 2689 Κύριος
2375 2619 2405 2670 ὁ
2434 2616 2565 2678 Θεός
2601 2632 2722 2685 μου.
2749 2635 2767 2666 ι
2801 2614 2922 2665 Ὅτι
2950 2612 3056 2683 γὰρ
3076 2649 3091 2675 ,
3133 2611 3265 2681 φησῖ⁵
3286 2651 3301 2676 ,
3329 2609 3539 2662 δικαίαν
3582 2608 3715 2660 ὑπο-

2156 2708 2407 2780 μενοῦσιν
2449 2709 2497 2760 οἱ
2547 2707 2775 2760 τοιοῦτοι
2824 2706 2924 2777 τὴν
2972 2703 3257 2775 τιμωρίαν,
3298 2700 3429 2755 αὐτὸ
3479 2699 3626 2769 δηλοί
3649 2699 3712 2752 τὸ

2153 2801 2421 2869 πρᾶγμα,
2461 2796 2509 2851 οἳ
2543 2796 2807 2866 τοσαύτην
2859 2792 3120 2867 ἐποίησαν
3152 2792 3243 2845 ἐπὶ
3287 2791 3349 2845 τδ
3392 2794 3571 2862 χεῖρον
3617 2789 3711 2844 τοῦ

2154 2890 2336 2953 ἔθνους
2364 2888 2459 2957 τὴν
2491 2888 2764 2959 ἐκτροπὴν
2791 2926 2803 2949 ,
2836 2886 2974 2939 ὥστε
3006 2884 3075 2939 τὰ
3115 2883 3207 2937 δύο
3254 2882 3392 2955 μέρη
3437 2881 3536 2935 τοῦ
3580 2880 3712 2935 λαοῦ

2157 2981 2393 3052 ῥέψαντα
2441 2980 2576 3049 πρὸς
2622 2978 2681 3031 τὸ
2734 2979 2912 3048 χεῖρον
2948 2974 3184 3048 τιμωρίᾳ
3220 2974 3614 3046 παραδοθῆναι·
3641 2971 3713 3024 τά

2153 3072 2209 3125 δὲ
2236 3072 2328 3124 δύο
2380 3071 2519 3142 μέρη
2551 3070 2711 3138 φησὶν
2730 3110 2745 3133 ,
2786 3069 2872 3122 ἵνα
2897 3068 3026 3141 εἴπῃ
3052 3068 3175 3130 τοὺς
3203 3065 3511 3131 πλείστους.
3556 3064 3715 3118 Ἀλλὰ

2155 3166 2263 3234 γὰρ
2294 3162 2465 3226 οὕτως
2507 3160 2985 3232 ὑπολειφθήσονται
3025 3160 3124 3213 οὐκ
3154 3159 3321 3227 ὀλίγοι
3363 3157 3456 3210 τοῦ
3501 3155 3713 3219 δέοντος

489 3251 552 3315 ti,
584 3251 760 3319 majus
783 3250 998 3306 virtutis
1031 3251 1264 3321 pr0pria:
1306 3252 1579 3320 specimen
1611 3254 1895 3322 dederunt,
1927 3260 2049 3330 plu-

2156 3255 2378 3325 ἐρασταὶ
2399 3296 2413 3316 ,
2444 3256 2492 3307 εί
2531 3256 2625 3306 καὶ
2668 3253 2919 3315 ἐλάττους
2964 3251 3185 3305 ἐκείνων
3214 3246 3356 3304 οὗτοι
3382 3265 3394 3278 ο
3424 3247 3577 3301 τοῦτο
3602 3247 3712 3318 γὰρ

487 3343 625 3394 rima
657 3342 803 3410 passi
828 3340 986 3403 mala,
1033 3356 1208 3409 neque
1257 3340 1458 3395 idcirco
1512 3356 1541 3395 a
1574 3357 1695 3397 meo
1740 3344 2050 3403 deficientes

488 3448 672 3489 amore
705 3451 719 3487 :
755 3434 847 3503 qui
897 3434 961 3487 ad
1002 3433 1258 3486 auxilium
1317 3449 1496 3489 meum
1559 3437 1931 3505 respicientes,
1984 3454 2050 3495 eo

487 3524 637 3596 digni
666 3522 903 3581 fuerunt.
945 3524 1055 3595 Ego
1117 3539 1244 3579 vero
1302 3539 1397 3579 eos
1453 3525 1506 3579 in
1536 3542 1765 3582 numero
1804 3544 2048 3585 meorum

489 3616 766 3680 collocavi,
802 3630 973 3669 meam
1024 3616 1297 3684 spondens
1327 3630 1544 3681 curam;
1578 3617 1764 3688 illique
1806 3620 2050 3677 vicissim

490 3721 620 3762 suas
641 3721 730 3761 res
767 3722 954 3762 omnes
995 3706 1291 3761 dominatui
1334 3708 1745 3779 patrocinioque
1771 3726 1890 3765 meo
1922 3727 2053 3767 con-

489 3796 854 3852 crediderunt.
891 3795 1026 3851 Exin
1050 3797 1228 3852 denuo
1255 3797 1467 3852 locutus
1491 3798 1559 3853 de
1591 3797 1907 3857 dominante
1935 3819 2050 3857 ma-

490 3886 628 3949 litia,
658 3888 815 3955 culpa
840 3902 1029 3941 eorum
1081 3889 1173 3958 qui
1206 3888 1345 3942 male
1372 3888 1539 3943 rebus
1560 3901 1845 3959 praeerant,
1879 3902 1932 3947 et
1986 3895 2052 3949 de

492 3976 693 4031 inﬂicta
725 3978 926 4033 idcirco
975 3979 1080 4031 illis
1123 3994 1307 4048 pmna,
1370 3990 1635 4034 memorat
1690 3985 1928 4040 vicissim
1966 3996 2052 4039 tu-

491 4068 651 4121 telam
686 4082 837 4122 suam
872 4084 1029 4137 quam
1060 4069 1161 4123 sibi
1211 4070 1362 4121 lirme
1390 4070 1787 4127 adhzerentibus
1828 4077 2053 4146 largitu-

492 4176 609 4212 rum
643 4159 981 4228 promiserat.

2153 3346 2297 3414 λέγει
2336 3366 2355 3396 ι
2377 3345 2438 3397 τὸ
2455 3345 2634 3416 τρίτον
2656 3362 2669 3378 ο
2692 3365 2710 3397 ι
2745 3344 2792 3396 οἳ
2826 3343 3011 3415 ὥσπερ
3037 3344 3125 3396 διὰ
3152 3343 3317 3413 πυρός
3343 3358 3487 3404 τινος
3514 3339 3591 3410 τῷ
3615 3356 3717 3410 με·-

2154 3438 2302 3509 γέθει
2346 3437 2452 3490 τῶν
2476 3436 2816 3508 ἐπαχθέντων
2844 3436 3023 3498 αὐτοῖς
3052 3435 3234 3488 κακῶν
3276 3431 3709 3503 δοκιμασθέντες.

2157 3525 2375 3598 μείζονα
2398 3525 2498 3596 τῆς
2522 3525 2718 3597 ἀρετῆς
2743 3524 2841 3593 τῆς
2869 3523 3070 3586 οἰκείας
3105 3522 3435 3595 παρέσχοντο
3453 3522 3552 3592 τὴν
3577 3518 3713 3574 ἁπό-

2151 3615 2347 3683 δειξιν,
2393 3616 2614 3670 πλεῖστα
2651 3616 2748 3686 μέν
2775 3616 2875 3668 ὅσα
2911 3613 3381 3684 ὑπομεμενηκότες
3410 3611 3584 3672 κακὰ,
3620 3611 3711 3663 ού-

2145 3709 2317 3780 δαμοῦ
2350 3709 2407 3761 δὲ
2425 3708 2524 3778 τῆς
2549 3708 2676 3777 περὶ
2700 3707 2800 3777 ἐμὲ
2831 3705 3120 3768 ἐκστάντες
3156 3702 3366 3766 εὐνοίας
3388 3719 3403 3734 ο
3439 3702 3495 3755 οἰ
3529 3702 3584 3756 δὲ
3616 3702 3712 3756 καὶ

2148 3800 2284 3871 πρὸς
2319 3799 2416 3870 τὴν
2463 3798 2600 3870 ἐμὴν
2648 3796 2894 3868 βοήθειαν
2925 3793 3059 3849 εἶδον
3099 3796 3192 3848 καὶ
3215 3795 3544 3864 τετυχήκασι
3576 3791 3709 3846 ταύ-

2146 3909 2246 3962 της
2263 3909 2277 3922 ο
2304 3889 2413 3958 ἐγώ
2448 3906 2507 3942 τε
2534 3889 2642 3961 γάρ
2666 3889 2863 3951 αὐτοὺς
2886 3886 3115 3949 οίκείους
3149 3886 3349 3957 ἐθέμην
3369 3929 3383 3952 ,
3408 3885 3507 3957 τὴν
3545 3884 3708 3955 κηδε-

2152 3983 2337 4055 μονίαν
2364 3981 2730 4052 ὑποσχόμενος
2759 3980 2856 4050 τὴν
2907 3979 3047 4050 ἐμὴν
3067 4019 3083 4043 ,
3119 3979 3355 4032 κάκεῖνοι
3390 3978 3447 4031 δὲ
3479 3979 3538 4031 ἐν
3582 3977 3710 4048 ἐμοὶ

2152 4076 2215 4129 τὸ
2241 4078 2348 4129 πᾶν
2383 4073 2589 4135 ἔθεντο,
2620 4075 2686 4142 τῇ
2713 4089 2771 4125 τε
2805 4072 3089 4141 δεσποτεία
3121 4071 3213 4124 καὶ
3234 4073 3298 4139 τῇ
3331 4070 3626 4143 προστασίᾳ
3646 4068 3711 4123 τδ

2157 4168 2263 4220 πᾶν
2297 4164 2679 4225 πιστεύσαντες
2707 4165 2772 4233 τῇ
2800 4164 2927 4233 ἐμῇ.
2963 4163 3073 4214 Kal.
3107 4161 3171 4233 δὴ
3214 4162 3373 4215 πάλιν
3403 4161 3569 4215 εἰπὼν
3608 4160 3712 4232 τήν

491 4270 549 4306 τε
588 4252 951 4321 γεγενημένην
1006 4252 1359 4322 ἐπικράτειαν
1405 4251 1498 4303 τοῦ
1554 4254 1723 4307 κακοῦ
1746 4296 1759 4317 ,
1814 4261 1879 4328 τῇ
1926 4259 2033 4313 τῶν
2086 4258 2270 4322 κακῶς
2319 4255 2670 4329 προεστώτων
2716 4254 2984 4325 μοχθηρίᾳ
3005 4294 3023 4321 ,
3066 4254 3161 4307 καὶ
3195 4253 3294 4325 τὴν
3331 4254 3578 4308 ἐντεῦθεν
3612 4257 3711 4308 ἐπ’

492 4346 742 4414 αχθεῖσαν
787 4343 968 4405 αὐτοῖς
1002 4342 1285 4413 τιμωρίαν,
1325 4345 1773 4417 ἀντιπαρατίθησι
1809 4350 1903 4419 τὴν
1963 4350 2289 4423 κηδεμονίαν
2329 4349 2394 4417 ἣν
2442 4350 2552 4410 τοῖς
2592 4346 2717 4416 περὶ
2754 4345 2883 4398 αὐτὸ
2923 4344 3252 4415 μεμενηκόσι
3304 4342 3533 4413 βεϐαίως
3569 4362 3708 4417 παρ⁹

493 4437 695 4504 ἔσχετο.

1107 4522 1258 4577 CAP.
1290 4523 1431 4577 XIV.

564 4613 724 4669 Vens.
755 4616 865 4669 1-4.
890 4646 957 4654 -
1006 4634 1023 4663 ι
1055 4615 1190 4671 Ecce
1215 4617 1331 4671 dies
1380 4616 1587 4669 Domini
1631 4616 1794 4674 venit.
1833 4626 1885 4670 et
1913 4616 2049 4669 divi-

493 4707 692 4759 dentur
707 4705 876 4776 spolia
900 4715 991 4759 tua
1020 4708 1074 4760 in
1106 4717 1176 4761 te.
1208 4707 1273 4761 Et
1295 4707 1629 4778 congregabo
1651 4722 1839 4762 omnes
1859 4716 2047 4779 gentes

495 4797 756 4852 adversus
782 4796 1115 4854 Hierusalem
1142 4801 1207 4853 ad
1233 4800 1430 4854 bellum
1452 4816 1465 4864 ;
1486 4809 1535 4853 et
1565 4800 1809 4869 capietur
1831 4798 2041 4862 civitas,

494 4888 816 4958 diripientur
840 4888 1054 4954 domus,
1086 4899 1139 4944 et
1168 4892 1421 4946 mulieres
1443 4891 1749 4960 polluentur
1778 4909 1790 4944 :
1832 4900 1884 4944 et
1901 4898 2046 4961 egre-

495 4982 673 5038 dietur
712 4982 934 5037 dimidia
998 4998 1119 5051 pars
1168 4982 1405 5037 civitatis
1457 4983 1510 5036 in
1544 4981 1913 5051 captivitatem
1948 5001 1960 5035 ε
1993 4992 2048 5036 et

495 5091 622 5145 pars
672 5074 874 5145 reliqua
931 5075 1111 5144 populi
1141 5074 1240 5126 mei
1290 5089 1397 5127 non
1425 5073 1626 5143 peribit
1647 5073 1713 5128 de
1755 5074 1992 5129 civitate.
2027 5096 2044 5126 ι

500 5164 683 5222 Adest.
712 5164 910 5233 inquit,
947 5173 1175 5233 tempus.
1216 5178 1325 5231 quo
1373 5163 1602 5237 plurima
1625 5163 2048 5233 alienigenarum

496 5247 790 5301 multitudo
809 5246 1204 5316 expeditionem
1230 5244 1390 5298 laciet
1410 5244 1673 5300 adversus
1692 5245 2050 5306 Hierusalem,

499 5344 774 5405 totamque
804 5337 947 5391 intus
976 5338 1302 5407 spoliabunt.
1335 5334 1401 5388 Et
1447 5336 1561 5405 ipsa
1585 5337 1800 5406 quidem
1854 5338 1923 5391 ab
1958 5338 2053 5390 lto-

497 5426 670 5482 stibus
697 5428 963 5495 capietur,
993 5427 1313 5496 diripiantur
1338 5442 1465 5482 vero
1485 5428 1664 5482 omnia
1697 5442 1817 5497 quae
1842 5429 1895 5482 in
1926 5427 2054 5483 aedi-

496 5517 601 5572 bus
626 5515 860 5581 fuerint;
892 5524 1148 5587 tantaque
1176 5520 1408 5574 victores
1434 5519 1792 5590 percellentur
1819 5520 2051 5584 insania,

497 5615 556 5660 ut
585 5622 653 5662 ne
673 5621 703 5661 a
730 5608 1017 5662 mulierum
1048 5609 1263 5678 quidem
1280 5610 1597 5680 corporibus
1627 5609 1892 5671 violandis
1930 5610 2051 5665 abs-

498 5699 725 5764 tineant,
768 5700 1144 5769 plurimosque
1212 5702 1358 5757 cives
1448 5701 1725 5756 abducant
1775 5702 2038 5770 captivos.

2781 4524 2938 4580 ΚΕΦ.
2983 4527 3081 4578 IA'.

2225 4613 2371 4680 Στίχ.
2410 4610 2547 4666 α’-δ¹.
2577 4642 2642 4651 ——
2684 4612 2842 4667 «Ἰδοὺ
2879 4615 3061 4686 ἡμέρα
3092 4616 3306 4689 ἔρχεται
3339 4617 3579 4688 Κυρίου·
3614 4619 3707 4672 καὶ

2153 4700 2626 4771 διαμερισθήσεται
2653 4701 2720 4754 τὰ
2749 4702 2918 4756 σκῦλά
2947 4721 3039 4757 σου
3067 4707 3123 4758 ἐν
3154 4705 3257 4769 σοὶ,
3278 4705 3371 4760 καὶ
3400 4708 3708 4770 ἐπισυνάξω

2153 4793 2328 4846 πάντα
2374 4792 2441 4844 τὰ
2473 4792 2597 4862 ἔθνη
2633 4795 2725 4846 ἐπὶ
2766 4792 3115 4868 Ἰερουσαλὴμ
3166 4799 3246 4860 είς
3298 4798 3566 4869 πόλεμον,
3613 4801 3707 4854 καὶ

2151 4884 2413 4937 ἁλώσεται
2447 4888 2479 4956 ἡ
2512 4886 2692 4951 πόλις,
2727 4889 2801 4955 (p.
2848 4887 2972 4957 528)
3021 4890 3113 4941 καὶ
3148 4890 3608 4961 διαρπαγήσονται
3648 4894 3705 4945 αἱ

2149 4976 2313 5027 οἰκίαι
2337 5016 2352 5038 ,
2381 4977 2477 5029 καὶ
2504 4978 2562 5030 αἱ
2598 4981 2851 5045 γυναῖκες
2891 4978 3307 5051 μολυνθήσονται
3330 5021 3345 5044 ,
3377 4982 3470 5035 καὶ
3499 4981 3708 5047 ἐξελεύ-

2154 5082 2305 5119 σεται
2335 5068 2396 5120 τὸ
2416 5069 2584 5138 ἥμισυ
2614 5068 2713 5137 τῆς
2746 5069 2951 5133 πόλεως
2984 5071 3041 5122 ἐν
3066 5070 3427 5142 αἰχμαλωσίᾳ,
3460 5073 3509 5126 οἱ
3537 5072 3593 5124 δὲ
3617 5089 3708 5124 κα-

2153 5156 2393 5210 τάλοιποι
2418 5158 2511 5210 τοῦ
2538 5154 2667 5211 λαοῦ
2699 5176 2800 5229 μου
2831 5159 2891 5212 ού
2921 5160 2996 5230 μὴ
3017 5159 3467 5231 ἐξολοθρευθῶσιν
3497 5163 3562 5215 ὲκ
3608 5163 3709 5231 τῆς

2153 5248 2427 5312 πόλεως.»
2483 5249 2853 5319 Παραγένεται
2899 5251 3039 5321 γὰρ,
3103 5253 3275 5321 φησι,
3326 5253 3517 5324 καιρὸς
3563 5256 3620 5308 ἐν
3661 5246 3711 5322 ᾧ
3762 5238 3777 5322 ί

2150 5341 2387 5395 πλεῖστοι
2410 5342 2517 5395 τῶν
2537 5343 2826 5413 ἀλλοτρίων
2846 5344 3362 5414 ἐπιστρατεύσαντες
3393 5349 3462 5417 τῇ
3507 5348 3709 5420 Ἱερου-
3767 5324 3777 5347 θ

2153 5432 2351 5503 σαλὴμ,
2380 5431 2594 5486 ἅπασαν
2614 5433 2782 5503 αὐτὴν
2813 5433 3194 5488 σκυλεύσουσιν
3215 5436 3359 5490 ἔνδον
3378 5452 3393 5468 ’
3426 5438 3517 5491 καὶ
3544 5440 3577 5507 ἡ
3610 5437 3707 5508 μὲν

2149 5524 2257 5576 ὑπὸ
2313 5523 2420 5577 τῶν
2477 5523 2743 5595 πολεμίων
2788 5524 3160 5595 ληφθήσεται,
3194 5527 3618 5599 διαρπαγήσεται
3649 5528 3708 5582 δὲ

2158 5614 2332 5667 πάντα
2372 5614 2440 5668 τά
2464 5615 2581 5677 ταῖς
2616 5615 2811 5678 οἰκίαις
2840 5615 3026 5669 ἐνόντα
3052 5658 3067 5683 ,
3090 5617 3323 5688 τοσαύτῃ
3353 5634 3411 5670 τε
3444 5620 3491 5671 oi
3527 5619 3709 5671 ἐπεισε-

2154 5705 2466 5774 εληλυθότες
2487 5708 2555 5776 τῇ
2582 5706 2729 5760 πόλει
2751 5708 3037 5777 χρήσονται
3064 5712 3127 5779 τῇ
3151 5710 3429 5781 παροινίᾳ,
3448 5709 3524 5772 ὡς
3566 5709 3709 5777 μήτε
