4106 6238
1259 334 1803 396 COMIENTARIUS
1838 333 1904 390 IN
1934 331 2305 390 ZACIIARIIE
2341 333 2495 391 CAP.
2535 332 2679 391 XIV.

3537 334 3642 391 590

370 459 475 532 τῆς
519 458 599 523 εἰς
630 456 699 512 τὰ
728 456 957 529 σώματα
1001 458 1110 511 τῶν
1155 457 1429 526 γυναικῶν
1469 455 1681 527 ὕϐρεως
1721 450 1954 524 ἀποσχέ-

2066 447 2155 506 His
2177 450 2538 507 nihilominus
2568 452 2642 507 ita
2674 452 2913 524 peractis
2945 451 3014 508 ab
3036 450 3268 508 aliorum
3303 449 3508 504 malitia
3529 491 3545 516 ,
3584 450 3637 504 hi

374 554 500 609 σθαι
524 592 542 619 ,
571 551 668 607 καὶ
691 550 977 615 πλείστους
1011 550 1168 614 ὅσους
1194 550 1294 620 τῆς
1340 548 1550 611 πόλεως
1575 543 1953 618 αἰχμαλώτους

356 642 557 698 λαϐεῖν
579 658 593 673 ·
631 640 771 695 ἀλλὰ
807 642 902 696 καὶ
943 641 1147 695 τούτων
1180 640 1324 695 οὕτω
1366 636 1668 711 γινομένων
1720 635 1811 690 διὰ
1856 633 1954 706 τὴν

375 734 580 806 ἐτέρων
630 731 832 788 κακίαν
876 732 928 786 οἱ
973 732 1072 803 τῆς
1120 733 1261 805 έμῆς
1312 731 1525 795 εὐνοίας
1578 728 1949 801 ἀπεχόμενοι,

377 825 630 889 ἀϐλαϐεῖς
671 825 764 878 ἐπὶ
790 827 890 896 τῆς
927 824 1134 889 πόλεως
1158 827 1225 897 τῇ
1271 820 1567 896 κηδεμονίᾳ
1596 818 1954 890 διεφυλάχθη-

380 933 480 971 σαν
507 919 573 987 τῇ
605 919 736 989 ἐμῇ.
764 912 897 970 Εἶτα
924 915 1110 970 λοιπὸν
1156 914 1357 985 ἐφεξῆς
1400 913 1499 986 τὴν
1530 912 1778 985 βοήθειαν
1807 910 1955 980 λέγει

375 1006 476 1075 τὴν
502 1006 651 1060 θείαν
672 1007 766 1077 ἀφ’
796 1002 864 1078 ἧς
896 1004 1114 1060 ἅπαντα
1137 1006 1319 1069 αὐτοῖς
1344 1004 1442 1058 ἐπὶ
1489 1003 1551 1057 τὸ
1595 1004 1842 1074 κρεῖττον
1883 1003 1952 1073 τῇ

377 1095 489 1150 τῶν
519 1096 900 1152 Μακκασαίων
937 1096 1243 1169 προστασίᾳ
1273 1094 1504 1167 μετέστη
1525 1110 1539 1123 ·
1576 1094 1953 1167 Προηγήσεται

381 1188 482 1258 μὲν
511 1187 625 1260 γὰρ
647 1228 662 1248 .
692 1189 847 1261 φησι,
869 1188 977 1242 τῶν
1010 1186 1226 1241 οἰκείων
1270 1189 1298 1241 6
1323 1185 1455 1250 Θεὸς
1480 1186 1669 1258 ῶσπερ
1697 1185 1756 1238 ἐν
1784 1200 1954 1257 παρα-

377 1277 533 1343 τάξει
562 1279 798 1351 πολέμου
822 1279 992 1351 νόμῳ,
1029 1277 1350 1350 στρατηγῶν
1390 1294 1451 1331 τε
1477 1277 1662 1340 αὐτοῖς
1691 1276 1785 1332 καὶ
1812 1276 1955 1331 κατά

378 1370 492 1424 τῶν
539 1371 795 1425 ἐναντίων
835 1371 1329 1442 παραταττόμενος.
1379 1370 1605 1434 Σταθεὶς
1653 1370 1710 1424 δὲ
1733 1412 1750 1439 ,
1795 1371 1950 1442 φησι,

382 1461 479 1514 ἐπὶ
504 1460 688 1515 τὸτῶν
722 1460 947 1514 Ἐλαιῶν
974 1459 1099 1531 ὅρος
1124 1461 1405 1514 κατέναντι
1443 1461 1540 1532 τῆς
1579 1459 1951 1532 Ἰερουσαλὴμ,

384 1552 639 1629 κλονήσει
672 1553 767 1624 μὲν
796 1552 857 1607 τὸ
894 1553 1042 1625 ὅρος,
1071 1554 1385 1624 συγκινήσει
1409 1553 1466 1607 δὲ
1507 1554 1721 1609 ᾶπαντα
1750 1554 1819 1608 τά
1848 1555 1956 1627 πρὸ

382 1644 484 1716 τῆς
508 1645 711 1708 πόλεως
757 1646 850 1699 καὶ
906 1645 1006 1716 τὴν
1061 1644 1213 1699 πόλιν
1241 1644 1409 1715 αὐτήν
1430 1660 1443 1674 °
1478 1644 1619 1697 ῶστε
1646 1644 1821 1699 δοκεῖν
1855 1646 1955 1718 μὲν

382 1736 643 1800 ποικίλως
671 1734 1054 1807 διατέμνεσθαι
1084 1735 1145 1789 τὸ
1175 1735 1299 1807 ὅρος
1330 1734 1409 1806 τῷ
1432 1735 1580 1806 φόϐῳ
1606 1733 1698 1789 τοῦ
1722 1737 1953 1809 κινήμα-

2055 547 2234 596 tamen
2260 543 2352 612 qui
2379 542 2433 596 in
2464 542 2569 596 mei
2615 557 2803 599 amore
2862 542 3285 615 permanserint,
3335 541 3641 596 incolumes

2056 630 2108 684 in
2140 630 2359 686 civitate
2387 631 2695 702 patrocinio
2715 647 2836 689 meo
2861 632 3260 711 custodientur.
3283 629 3489 685 Deinde
3513 645 3639 700 per-

2055 722 2131 793 git
2151 722 2333 778 dicere
2359 723 2597 778 divinam
2636 739 2817 795 opem,
2843 742 2952 796 qua
2983 725 3166 780 omnia
3196 724 3331 795 ipsis
3352 723 3408 777 in
3442 722 3640 776 melius

2056 814 2161 868 sub
2212 813 2680 871 Macchabaeorum
2728 816 3037 888 principatu
3090 830 3245 872 versa
3290 821 3440 870 sunt.
3475 811 3638 883 357

2054 903 2352 972 Praecedet,
2408 907 2608 979 inquit.
2641 909 2758 966 suis
2787 908 2930 965 Deus
2960 916 3222 978 tanquam
3258 906 3310 960 in
3342 905 3482 968 acie,
3522 904 3640 976 lege

2055 998 2203 1064 belli,
2254 1001 2366 1056 dux
2420 1000 2601 1056 factus
2674 1010 2731 1058 et
2779 1010 2971 1058 contra
3019 1002 3207 1056 hostes
3268 986 3571 1053 instructus
3618 1016 3635 1053 :

2055 1099 2341 1163 stansque,
2372 1092 2570 1164 inquit,
2598 1108 2764 1163 super
2789 1101 2977 1150 monte
3002 1090 3271 1161 ,Olearum
3303 1105 3369 1146 ex
3403 1088 3639 1144 adverso

2057 1182 2418 1251 Hierusalem,
2448 1187 2726 1243 concutiet
2784 1192 3048 1245 montem.
3109 1180 3476 1239 commovebit
3515 1187 3641 1234 ante

2056 1271 2245 1328 urbem
2276 1273 2482 1341 omnia,
2536 1274 2826 1346 ipsamque
2878 1274 3100 1329 urbem:
3157 1273 3231 1327 ita
3286 1278 3345 1326 ut
3392 1269 3642 1326 videatur

2057 1364 2206 1420 varie
2223 1363 2495 1437 confringi
2527 1381 2688 1422 mons
2713 1374 2863 1420 motu
2891 1380 2958 1422 eo
2995 1361 3313 1436 pavefactus
3345 1375 3642 1431 rerumque

2056 1472 2244 1513 casum
2271 1457 2503 1513 similem
2529 1473 2652 1513 esse
2678 1465 2838 1513 terrae
2864 1457 3035 1512 motui
3070 1456 3167 1520 illi,
3192 1469 3351 1526 quem
3376 1453 3481 1510 sub
3508 1453 3642 1509 Otia

2055 1563 2183 1620 rege
2202 1564 2234 1603 a
2259 1547 2443 1603 divina
2474 1549 2551 1604 ira
2581 1548 2848 1603 concitari
2868 1547 3118 1619 contigit.
3141 1545 3285 1601 Dicit
3303 1560 3434 1617 ergo
3453 1544 3642 1602 omnia

2055 1639 2426 1712 hyperbolice,
2460 1649 2520 1694 ut
2551 1642 2715 1705 solet,
2768 1647 2823 1694 et
2853 1639 3000 1710 quod
3030 1637 3402 1711 magnitudine
3448 1634 3643 1693 auxilii

2056 1732 2173 1787 suis
2203 1731 2449 1802 praebiti,
2476 1740 2531 1787 et
2573 1732 2837 1788 adversus
2871 1732 3055 1787 hostes
3101 1732 3492 1803 indignatione,
3517 1747 3642 1788 om-

376 1842 500 1890 τος,
527 1824 704 1879 δοκεῖν
749 1825 805 1878 δὲ
853 1826 922 1880 τὰ
951 1826 1075 1880 τότε
1115 1826 1416 1897 πράγματα
1446 1825 1680 1880 ἑοικέναι
1724 1830 1835 1890 τοῖς
1863 1829 1957 1881 ἐπὶ

2066 1823 2149 1877 nia
2172 1837 2340 1893 prope
2358 1838 2624 1894 quassare
2650 1822 2946 1879 videbitur.
2983 1822 3130 1881 Usus
3153 1832 3239 1881 est
3274 1833 3455 1881 autem
3493 1823 3643 1883 Ozias

378 1918 474 1971 τοῦ
506 1917 728 1987 σεισμοῦ
759 1918 1039 1987 γεγονόσιν
1060 1956 1077 1983 ,
1105 1917 1165 1971 δν
1204 1917 1298 1971 ἐπὶ
1332 1917 1429 1988 τῆς
1471 1917 1645 1983 Ὀζίου
1686 1918 1959 1990 βασιλείας

2062 1915 2446 1980 similitudine,
2478 1916 2736 1987 quoniam
2789 1916 2880 1972 ille
2917 1933 3134 1988 quoque
3189 1919 3504 1975 nullatenus
3553 1933 3645 1976 sa-

383 2008 524 2062 κατά
547 2008 696 2062 θείαν
734 2008 905 2080 ὀργὴν
941 2008 1371 2080 ἀποτελεσθῆναι
1407 2009 1629 2080 συνέϐη.
1661 2010 1821 2080 Λέγει
1858 2012 1957 2083 μὲν

2066 2007 2291 2064 cerdotii
2336 2010 2632 2081 particeps,
2682 2009 2784 2065 hoc
2834 2026 3100 2081 usurpare
3133 2012 3343 2067 voluit:
3379 2012 3540 2083 cujus
3562 2012 3644 2069 rei

381 2097 478 2156 οὖν
509 2101 724 2156 ἅπαντα
754 2101 1129 2173 ὑπερϐολικῶς
1149 2100 1226 2167 ώς
1255 2102 1409 2156 εῖωθε
1439 2142 1455 2168 ,
1488 2105 1563 2175 (p.
1589 2102 1716 2173 529)
1750 2102 1845 2157 καὶ
1875 2104 1958 2158 ὅτι

2066 2115 2229 2155 causa
2253 2099 2398 2157 Deus
2424 2109 2764 2157 tememotus
2803 2102 3179 2175 magnitudine
3206 2103 3642 2176 indignationem

382 2192 459 2263 τῷ
492 2192 716 2264 μεγέθει
741 2193 844 2263 τῆς
873 2192 1123 2265 βοηθείας
1161 2193 1228 2264 ἢν
1272 2193 1571 2264 παρέχεται
1602 2196 1715 2258 τοῖς
1743 2193 1962 2261 οἰκείοις

2066 2208 2219 2247 suam
2250 2190 2567 2248 declaravit.
2606 2192 2730 2248 Pari
2781 2194 2942 2249 modo
2990 2210 3135 2250 nunc
3167 2210 3408 2267 quoque,
3442 2196 3643 2266 inquit,

382 2289 446 2358 τῇ
477 2304 536 2340 τε
574 2286 715 2341 κατά
760 2287 871 2340 τῶν
908 2286 1166 2342 ἐναντίων
1188 2286 1563 2357 ἀγανακτήσει
1591 2285 1834 2360 ὡσπερεὶ
1862 2304 1962 2341 σα-

2067 2292 2291 2356 propter
2333 2299 2429 2340 eos
2471 2285 2564 2355 qui
2602 2293 2785 2342 mente
2833 2287 2997 2358 impia
3050 2287 3347 2360 legitimum
3394 2289 3645 2344 ordinem

379 2375 559 2429 λεύειν
590 2377 807 2431 ἅπαντα
828 2375 972 2443 δόξει
989 2394 1003 2408 ·
1032 2379 1304 2450 ἐχρήσατο
1326 2377 1383 2431 δὲ
1412 2380 1480 2449 τῇ
1504 2377 1641 2450 πρὸς
1664 2376 1755 2431 τὸν
1780 2375 1873 2441 ’οζ
1879 2378 1962 2432 ίαν

2066 2376 2611 2449 pra~tergrediuntur,
2662 2386 2717 2433 et
2746 2378 3121 2434 sacerdotium
3155 2387 3344 2435 contra
3374 2379 3460 2436 fas
3483 2395 3649 2436 usur-

379 2467 679 2539 ὁμοιότητι,
712 2466 902 2539 ἐπειδὴ
930 2469 1182 2531 κάκεῖνος
1226 2467 1382 2522 οὐθὲν
1403 2470 1468 2539 τῇ
1499 2466 1764 2540 ἱερωσύνῃ
1794 2486 1962 2541 προσ-

2071 2477 2222 2539 pant,
2260 2470 2486 2527 multam
2526 2470 2670 2526 Deus
2692 2471 2944 2528 ostendet
2991 2472 3419 2543 indignationem
3466 2487 3646 2537 suam,

382 2558 532 2628 ήκων
556 2599 571 2621 ,
618 2559 973 2630 ἐπεχείρησεν
1024 2559 1196 2629 αὐτῆς
1250 2559 1636 2614 ἐπιλαϐέσθαιο
1694 2562 1778 2630 ἐφ’
1810 2553 1856 2629 ᾧ
1896 2560 1961 2633 δὴ

2070 2561 2337 2617 elementa
2400 2562 2584 2616 omnia
2618 2577 2970 2619 commovens
3020 2563 3085 2618 ad
3123 2564 3362 2620 hostium
3407 2579 3647 2637 pinnam,

382 2650 572 2721 καὶτῷ
602 2642 819 2721 μεγέθει
841 2650 934 2704 τοῦ
962 2651 1187 2722 σεισμοῦ
1214 2652 1314 2720 τὴν
1348 2652 1724 2723 ἀγανάκτησιν
1755 2652 1854 2724 τὴν
1881 2652 1962 2705 οἰ-

2072 2668 2298 2709 suorum
2327 2667 2456 2709 vero
2493 2656 2744 2710 salutem.
2773 2654 2867 2709 llis
2897 2654 3081 2711 addit:

383 2743 538 2798 κείαν
584 2743 613 2795 6
647 2743 780 2806 Θεὸς
824 2741 1154 2807 ἐπεδείξατο.
1195 2742 1300 2796 Τὸν
1340 2743 1505 2798 αὐτὸν
1548 2744 1612 2815 δὴ
1656 2743 1855 2815 τρόπον
1899 2744 1991 2798 καὶ
2024 2742 2156 2809 νῦν,
2214 2744 2377 2817 φησὶν
2400 2784 2417 2810 ,
2472 2745 2563 2800 διὰ
2611 2746 2736 2809 τοὺς
2782 2745 2969 2801 ἀσεϐεῖ
2998 2746 3191 2821 γνώμῃ
3221 2747 3651 2820 παρωσαμένους

387 2839 489 2908 μὲν
516 2836 617 2908 τὴν
651 2835 881 2909 νομικὴν
917 2835 1200 2901 εὐταξίαν,
1256 2838 1323 2908 τῇ
1372 2835 1641 2909 ἱερωσύνῃ
1671 2836 1728 2889 δὲ
1778 2836 1931 2908 παρά
1970 2835 2033 2889 τὸ
2082 2836 2291 2909 πρέπον
2343 2838 2832 2910 έπικεχειρηκότας
2862 2875 2878 2901 ,
2932 2838 3133 2911 πολλὴν
3178 2839 3501 2906 ἐπιδείξεται
3551 2839 3651 2912 τὴν

383 2931 757 3003 ἀγανάκτησιν
782 2932 813 2984 6
842 2932 975 2996 Θεὸς
997 2932 1095 3005 τὴν
1119 2932 1326 2985 οἰκείαν
1350 2972 1365 2996 ,
1418 2932 1683 2985 συσσείων
1730 2934 1977 2997 ᾶπαντα,
2021 2932 2114 2986 ἐπὶ
2157 2933 2397 3006 τιμωρίᾳ
2436 2934 2536 3006 μὲν
2584 2935 2693 2990 τῶν
2731 2935 3010 3001 ἐναντίων,
3055 2936 3298 3011 σωτηρίᾳ
3337 2938 3398 2992 δὲ
3430 2937 3541 2992 τῶν
3571 2940 3651 2992 οἰ·

384 3025 568 3080 κείων.
596 3020 691 3085 Οἷς
715 3025 909 3093 ἐπάγει
931 3041 949 3055 ο
3352 3060 3353 3065 η

458 3118 607 3188 Στίχ.
635 3116 775 3180 ε’-ζ⁰.
804 3146 874 3157 -
904 3134 923 3167 ι
962 3114 1062 3169 Καὶ
1088 3115 1211 3185 ἥξει
1247 3114 1448 3187 Κύριος
1478 3116 1506 3168 6
1534 3112 1666 3177 Θεός
1700 3131 1800 3183 μου
1820 3154 1836 3176 ,
1862 3114 1953 3167 καὶ

2134 3111 2295 3165 Vens.
2326 3111 2448 3166 5-7.
2479 3141 2545 3152 -—
2579 3131 2598 3162 ι
2640 3110 2705 3166 Et
2736 3114 2912 3170 veniet
2968 3112 3228 3171 Dominus
3280 3115 3423 3173 Deus
3472 3134 3648 3185 meus,

387 3212 587 3274 πάντες
633 3210 683 3262 οἰ
716 3210 858 3277 ἀγιοι
904 3209 1020 3278 μετ’
1075 3207 1257 3261 αὑτοῦ.
1301 3225 1321 3258 ›
1368 3207 1489 3260 Ἀπ’
1545 3205 1709 3260 αὐτοῦ
1740 3204 1847 3277 γάρ
1878 3205 1963 3276 δὴ,

387 3304 553 3373 φησι,
589 3300 686 3355 τοῦ
735 3300 995 3371 μεγέθους
1038 3299 1147 3353 τῶν
1201 3297 1544 3368 πραγμάτων
1586 3296 1789 3352 ὡσανεὶ
1834 3297 1967 3370 πόρ‹

390 3393 562 3465 ρωθέν
616 3389 780 3446 ποθεν
825 3392 904 3453 εἰς
955 3388 1208 3460 βοήθειαν
1254 3388 1409 3460 ἡμῶν
1458 3386 1732 3458 ἐληλυθὼς
1774 3389 1805 3441 6
1834 3387 1967 3453 Θεὸς

387 3486 668 3551 φανεῖται,
723 3480 872 3549 ἄγων
916 3481 977 3534 τὸ
1019 3482 1216 3534 οἰκεῖον
1260 3479 1620 3551 στρατόπεδον
1671 3481 1816 3534 ἅπαν
1869 3481 1969 3534 σὺν

388 3572 595 3641 ἐαυτῷ.
645 3570 802 3639 Λέγει
854 3570 912 3623 δὲ
952 3569 1051 3632 τάς
1100 3568 1366 3640 ἀοράτους
1415 3565 1703 3637 δυνάμεις⁸
1760 3564 1975 3626 ταύτας’

388 3663 504 3732 γὰρ
543 3660 694 3714 καλεῖ
735 3662 860 3724 τοὺς
910 3660 1136 3728 ἀγίους,
1185 3657 1242 3710 αἰ
1295 3657 1432 3729 πρὸς
1476 3655 1690 3711 ἅπαντα
1727 3654 1874 3724 αὐτῷ
1900 3654 1968 3707 τά

389 3751 656 3807 δοκοῦντα
685 3752 743 3805 ἐν
781 3754 894 3815 τοῖς
940 3750 1069 3820 περὶ
1108 3750 1233 3814 τοὺς
1285 3748 1604 3820 ἀνθρώπους
1657 3746 1966 3815 γινομένοις

391 3844 785 3918 ὑπηρετεῖσθαι
832 3843 1105 3898 εἰώθασιν.
1166 3861 1184 3893 ι
1242 3842 1351 3895 Καὶ
1400 3841 1553 3895 ἔσται
1577 3843 1635 3895 ὲν
1672 3840 1855 3911 ἐκείνῃ
1898 3840 1965 3909 τῇ

389 3938 611 4008 ἡμέρᾳ,
642 3937 742 3989 οὐκ
773 3935 926 3988 ἔσται
959 3934 1097 4004 φῶς,
1127 3932 1466 4004 άλλάεψύχος
1492 3933 1584 3986 καὶ
1616 3932 1788 4001 πάγος
1815 3930 1966 3983 ἔσται

397 4030 498 4101 μιᾷ
519 4028 780 4100 ἡμέρᾳ...»
833 4027 907 4080 Οὐ
955 4025 1070 4094 φῶς
1113 4025 1282 4089 ὅντως
1310 4025 1404 4077 καὶ
1432 4023 1603 4093 ψύχος
1653 4022 1748 4075 καὶ
1794 4020 1968 4090 πάγος

393 4120 566 4188 λέγει,
596 4118 710 4171 ἀλλ’
752 4117 941 4189 ῶσπερ
970 4115 1160 4169 εἴωθεν
1192 4115 1402 4183 λέγειν,
1436 4115 1518 4167 ὅτι
1555 4115 1583 4166 6
1610 4112 1760 4183 ἥλιος
1792 4126 1968 4165 σκοτι-

398 4210 675 4279 σθήσεται.
704 4208 799 4263 καὶ
812 4207 1029 4262 δύσεται
1044 4205 1444 4275 αὑτοῖςὸἦλιος,
1474 4205 1566 4259 καὶ
1590 4205 1689 4258 ὃσα
1707 4202 1929 4256 τοιαῦτα
1949 4218 1961 4232 ο

393 4300 472 4362 Co;
504 4298 613 4352 τῶν
647 4299 704 4353 ὲν
737 4300 1046 4369 συμφοραῖς
1077 4296 1248 4350 ὄντων
1288 4294 1542 4364 οὐδεμίαν
1591 4291 1842 4363 αἴσθησιν
1870 4290 1966 4344 τοῦ

393 4389 575 4457 φωτὸς
604 4388 1008 4460 λαμϐανόντων,
1056 4385 1170 4440 ἀλλ’
1207 4385 1395 4456 ῶσπερ
1419 4387 1478 4437 ὲν
1509 4385 1683 4453 σκότῳ
1714 4384 1818 4436 τινὶ
1847 4383 1966 4436 τότε

2068 3210 2126 3257 et
2151 3219 2341 3259 omnes
2358 3203 2535 3258 sancti
2568 3217 2692 3257 cum
2732 3221 2817 3259 eo.
2840 3222 2860 3257 ι
2894 3204 2971 3258 Ex
3003 3206 3400 3276 magnitudine,
3442 3207 3641 3279 inquit,

2066 3310 2248 3350 rerum
2280 3302 2580 3365 gestarum.
2616 3295 2683 3352 de
2727 3296 3026 3367 longinquo
3052 3298 3219 3352 veluti
3278 3298 3421 3367 loco,
3451 3300 3520 3356 ad
3548 3316 3651 3357 au-

2066 3388 2256 3443 xilium
2306 3396 2556 3442 nostrum
2607 3389 2834 3443 veniens
2884 3387 3025 3443 Deus
3057 3390 3361 3460 apparebit,
3389 3401 3650 3448 cunctum

2067 3496 2227 3539 suum
2257 3494 2441 3535 secum
2471 3494 2641 3549 agens
2666 3478 2991 3544 exercitum,
3019 3481 3070 3534 id
3098 3489 3183 3535 est
3223 3481 3522 3539 invisibiles
3549 3500 3650 3555 po-

2068 3580 2331 3639 testates;
2386 3571 2488 3626 has
2548 3571 2693 3624 enim
2742 3578 3062 3626 sanctorum
3126 3574 3347 3628 nomine
3375 3575 3647 3644 appellat;

2067 3677 2188 3734 quae
2227 3663 2295 3718 ad
2336 3677 2497 3725 omne
2525 3662 2647 3731 ejus
2684 3662 2921 3729 libitum,
2959 3665 3014 3717 in
3045 3663 3299 3721 humanis
3325 3664 3489 3723 rebus
3541 3670 3649 3723 mi-

2069 3753 2299 3808 nistrare
2331 3752 2529 3809 solent.
2569 3769 2588 3801 ι
2654 3752 2717 3805 Et
2746 3752 2849 3807 erit
2880 3752 2969 3808 die
2995 3753 3107 3821 illa,
3131 3770 3238 3809 non
3268 3755 3356 3811 lux
3387 3758 3513 3823 erit,
3553 3758 3649 3816 sed

2072 3845 2240 3916 frigus
2260 3852 2314 3899 et
2341 3845 2465 3914 gelu
2488 3844 2594 3900 erit
2633 3859 2741 3899 una
2771 3845 2879 3899 die.
2914 3865 2933 3897 ι
2965 3844 3118 3901 Haud
3157 3862 3346 3919 reapse
3368 3851 3539 3908 lucem
3567 3853 3654 3909 vel

2070 3936 2243 4005 frigus
2271 3934 2461 4005 geluve
2499 3933 2653 3996 dicit,
2703 3935 2796 3989 sed
2850 3935 3033 4003 potius
3074 3950 3223 3992 more
3274 3954 3398 4006 suo,
3443 3939 3561 3999 fore
3590 3949 3653 3998 ut

2068 4028 2150 4082 sol
2177 4027 2524 4088 obscuretur,
2556 4025 2640 4085 vel
2683 4026 2974 4081 occumbat
3008 4025 3136 4090 illis;
3172 4036 3265 4084 aut
3296 4031 3406 4086 alia
3461 4031 3654 4105 hujus-

2069 4117 2249 4172 modi:
2273 4117 2427 4187 quasi
2455 4117 2701 4174 homines
2725 4119 2780 4172 in
2804 4120 3204 4177 calamitatibus
3228 4133 3508 4180 versantes
3532 4127 3653 4181 littl-

2070 4209 2179 4262 lum
2212 4207 2346 4263 lucis
2395 4224 2616 4263 sensum
2649 4208 2904 4272 habeant,
2936 4210 3030 4265 sed
3063 4212 3388 4281 quibusdam
3412 4216 3654 4271 tenebris

2067 4299 2409 4366 circumsepti
2434 4298 2735 4355 videantur.
2770 4299 2847 4354 Ita
2880 4300 2968 4355 hic
3022 4301 3187 4355 etiam
3247 4303 3354 4358 ait:
3410 4303 3651 4362 Casuum

2068 4386 2440 4457 magnitudine
2494 4388 2822 4443 videbuntur
2862 4388 3108 4444 homines
3148 4405 3215 4444 ne
3266 4391 3446 4447 lucem
3486 4393 3655 4468 358

395 4476 537 4535 εἶναι
566 4480 883 4535 δοκούντων.
921 4479 1077 4533 Οῦτω
1109 4477 1387 4532 κάνταῦθά
1425 4493 1557 4548 φησι
1576 4494 1589 4507 ο
1619 4476 1843 4543 Δόξουσι
1872 4476 1962 4547 μὲν

2071 4476 2287 4550 quidem
2307 4480 2573 4550 aspicere,
2608 4481 2702 4537 sed
2727 4480 2929 4551 frigore
2957 4483 3190 4553 geluque
3210 4485 3431 4555 pulsati,
3465 4485 3523 4541 in
3544 4495 3654 4545 tre-

396 4572 509 4643 γάρ
555 4572 659 4625 ὑπὸ
701 4571 794 4625 τοῦ
829 4570 1091 4642 μεγέθους
1121 4569 1227 4622 τῶν
1260 4570 1561 4640 γινομένων
1589 4570 1639 4621 οἰ
1671 4567 1965 4637 ἄνθρωποι,

399 4666 566 4735 φησιν
586 4704 602 4728 ,
628 4665 750 4718 οὐδὲ
778 4664 893 4733 φῶς
936 4666 1090 4734 ὁρᾷν.
1120 4662 1309 4733 ῶσπερ
1336 4661 1392 4715 δὲ
1419 4663 1474 4714 ὲν
1497 4660 1657 4732 ψύχει
1686 4660 1781 4714 καὶ
1810 4662 1968 4731 πάγῳ

397 4755 792 4827 ταραττόμενοι
817 4756 875 4806 ἐν
899 4753 1084 4823 τρόμῳ
1111 4769 1170 4805 τε
1206 4752 1298 4804 καὶ
1323 4750 1496 4819 κλόνῳ
1548 4747 1803 4819 μενοῦσι,
1840 4764 1966 4800 συν-

397 4848 724 4918 αράττοντες
737 4848 863 4909 τοὺς
882 4845 1102 4908 ὀδόντας
1125 4843 1202 4914 τῷ
1229 4843 1445 4914 μεγέθει
1466 4841 1574 4895 τῶν
1589 4840 1966 4912 γενησομένων

400 4940 588 4995 κακῶν
620 4942 685 4993 ὲκ
724 4939 824 5010 τῆς
853 4937 1170 5005 ἐπιφανείας
1200 4936 1294 5005 τῆς
1333 4935 1478 4998 θείας
1503 4952 1516 4965 '
1546 4933 1641 5005 (p.
1668 4932 1806 5003 530)
1852 4926 1967 4985 οἷόν

396 5034 517 5086 ἐστι
547 5031 714 5084 καὶτὸ
736 5031 886 5102 παρὰ
908 5027 1001 5082 τοῦ
1018 5028 1221 5099 Κυρίου
1242 5027 1551 5096 λεγόμενον,
1578 5044 1595 5077 ι
1644 5026 1789 5078 Ἐκεῖ
1813 5024 1966 5078 ἔσται

397 5127 429 5177 ό
448 5124 692 5197 βρυγμὸς
706 5122 814 5177 τῶν
828 5123 1075 5177 ὀδόντων.
1101 5141 1118 5172 ι
1134 5140 1224 5172 -ι
1245 5121 1354 5174 Καὶ
1378 5122 1412 5190 ἠ
1428 5119 1608 5191 ἡμέρα
1628 5120 1810 5189 ἐκείνη
1826 5135 1967 5186 γνω-

399 5216 502 5287 στὴ
535 5215 615 5285 τῷ
640 5215 847 5288 Κυρίῳ.
881 5233 899 5266 ι
927 5212 1042 5267 Ἵνα
1064 5212 1191 5285 εἴπῃ
1220 5212 1300 5265 ὅτι
1329 5210 1469 5265 κατὰ
1493 5209 1716 5281 γνώμην
1733 5210 1867 5263 Θεοῦ
1890 5226 1974 5277 γε·

396 5308 621 5377 νήσεται
639 5306 882 5366 τοιαῦτα,
908 5303 1136 5375 ἐπείπερ
1162 5303 1387 5375 ἀρεστὸν
1409 5302 1555 5372 αὐτῷ
1573 5302 1633 5354 τὸ
1646 5301 1787 5355 οὕτω
1802 5299 1973 5355 ταῦτα

396 5400 522 5452 τότε
542 5398 846 5469 συμϐῆναι⁴
863 5391 972 5449 οἷόν
993 5398 1109 5449 ἐστι
1124 5397 1236 5457 τὸ,‹
1249 5396 1429 5463 Ἔγνω
1456 5394 1658 5464 Κύριος
1676 5395 1799 5457 τοὺς
1815 5392 1974 5455 ὄντας

401 5488 572 5545 αὑτοῦ
592 5508 606 5521 ο
646 5510 664 5542 ι
705 5490 827 5543 ἀντὶ
847 5488 963 5552 τοῦ,
1007 5486 1332 5558 ᾮκειώσατο
1360 5486 1556 5547 αὐτοὺς
1594 5484 1686 5537 κα)⁸
1710 5484 1973 5554 ἀρεστοὺς

403 5582 658 5653 ινόμισεν
681 5579 877 5652 έαυτῷ.
904 5579 1059 5634 Οῦτω
1082 5580 1175 5633 καὶ
1204 5579 1304 5649 τὴν
1330 5577 1543 5649 ἡμέραν
1566 5575 1711 5646 λέγει
1730 5576 1975 5647 γνωστὴν

471 5765 517 5797 τ’
556 5763 746 5835 Matth.
792 5778 913 5824 vm,
958 5763 1043 5819 l‘l.
1119 5762 1164 5792 ⁸⁸
1200 5759 1241 5815 ll
1282 5756 1420 5813 Tim.
1462 5774 1520 5823 ll,
1563 5759 1644 5813 l9.

2074 4587 2223 4626 more
2239 4579 2292 4626 et
2314 4572 2675 4627 concussione
2710 4573 3027 4641 manebunt,
3054 4575 3317 4632 dentibus
3348 4577 3655 4635 infrenden-

2074 4675 2176 4726 tes,
2212 4663 2283 4716 oh
2322 4663 2688 4733 ingruentium
2720 4664 2986 4720 malorum
3011 4668 3438 4738 magnitudinem
3474 4670 3528 4725 in
3560 4669 3652 4727 Dei

2075 4753 2307 4808 adventu
2351 4753 2510 4822 juxta
2564 4752 2781 4808 Domini
2824 4756 3068 4813 dictum:
3123 4776 3143 4809 ι
3187 4760 3262 4814 lbi
3319 4762 3423 4815 erit
3456 4762 3655 4817 stridor

2074 4847 2319 4903 dentium
2353 4847 2419 4901 ⁷⁸.
2463 4868 2481 4898 ι
2499 4875 2570 4893 --
2592 4867 2609 4899 ι
2636 4848 2703 4905 Ει
2730 4848 2850 4904 dies
2876 4846 2967 4904 illa
2992 4855 3121 4907 nota
3141 4851 3393 4907 Domino.
3420 4870 3438 4903 ›
3462 4851 3522 4907 Id
3540 4864 3646 4915 est.

2066 4941 2222 5010 juxta
2250 4942 2343 4998 Dei
2375 4941 2701 4999 sententiam
2745 4940 2874 4995 talia
2909 4940 3061 5017 fient,
3116 4946 3372 5011 quoniam
3409 4944 3457 4997 ei
3499 4943 3657 4998 libuit

2073 5037 2188 5091 haec
2211 5044 2340 5088 tunc
2368 5035 2609 5090 evenire.
2647 5031 2831 5089 Veluti
2853 5030 2987 5086 illud
3008 5050 3052 5085 ει
3082 5034 3242 5089 Novit
3270 5035 3532 5091 Dominus
3559 5038 3653 5107 qui

2074 5133 2205 5179 sunt
2250 5125 2369 5194 ejus
2390 5125 2436 5157 ”
2466 5143 2481 5190 ;
2511 5149 2530 5174 ι
2576 5124 2629 5178 id
2668 5125 3084 5188 est,familiares
3136 5141 3265 5181 suos
3307 5124 3451 5191 fecit,
3500 5136 3553 5181 et
3599 5129 3652 5182 in

2078 5215 2368 5270 charorum
2403 5229 2629 5269 numero
2664 5215 2970 5270 habuit.Sic
3005 5216 3145 5271 diem
3164 5216 3238 5268 ait
3259 5224 3439 5270 notam
3473 5216 3655 5270 Domi-

2079 5316 2172 5366 no,
2216 5318 2407 5373 nempe
2437 5303 2538 5372 ipsi
2586 5312 2817 5373 gratam,
2866 5306 2993 5374 quia
3023 5319 3089 5358 ex
3122 5304 3242 5372 ejus
3268 5307 3532 5360 sententia
3567 5306 3655 5364 die

2082 5395 2171 5448 illa
2203 5396 2328 5448 fient
2365 5398 2512 5461 talia,
2543 5396 2608 5448 ad
2658 5396 2892 5449 hostium
2959 5393 3313 5465 punitioncm,
3357 5398 3653 5453 amicorum

2082 5496 2263 5543 autem
2290 5496 2540 5542 salutem.
2578 5507 2596 5539 ι
2633 5488 2698 5543 Ει
2736 5503 2844 5543 non
2887 5487 3003 5543 dies
3045 5504 3223 5559 neque
3269 5506 3396 5554 nox,
3444 5499 3499 5545 et
3533 5502 3656 5561 post

2086 5594 2366 5646 vesperam
2408 5579 2495 5633 lux
2529 5580 2654 5637 erit.
2708 5600 2725 5632 ι
2786 5579 3231 5638 locumhentibus
3274 5582 3453 5649 malis,
3492 5580 3656 5638 tanta:
