4096 6234
512 333 606 387 sat
1661 322 2008 378 THEODOtil
2047 321 2523 381 MOPSUESTENI
3596 350 3599 353 δ
3650 332 3754 389 5%

511 446 763 502 oninibus
784 444 1132 515 oli'undentur
1174 444 1431 509 tenebrze,
1476 450 1535 498 ut
1570 439 1719 496 nulla
1747 440 1820 495 sit
1853 443 2031 495 noctis
2053 457 2076 494 a

2185 441 2259 512 τῷ
2286 442 2489 515 Κυρίῳ,
2515 444 2589 507 ὼς
2621 444 2853 515 ἀρεστὴν
2886 443 3051 515 αὐτῷ,
3079 445 3156 513 τῷ
3181 446 3317 499 κατά
3341 445 3564 517 γνώμην
3591 450 3757 504 αὑτοῦ

511 539 596 593 die
618 539 931 594 distinctio:
961 540 1095 594 adeo
1116 540 1353 593 tenebrae
1366 545 1562 591 cuncta
1584 531 1935 604 occupabunt
1957 533 1969 586 !
1996 530 2076 586 Hi:

2192 530 2259 583 τὰ
2285 532 2507 585 τοιαῦτα
2551 535 2607 586 ἐν
2631 534 2768 603 αὐτῇ
2809 533 3087 600 γενέσθαι,
3136 535 3226 587 ἰπὶ
3257 537 3495 609 τιμωρίᾳ
3528 539 3626 607 μὲν
3647 539 3758 591 τῶν

515 635 694 684 tamen
749 630 1003 684 succedet
1035 630 1109 697 (id
1144 630 1288 685 enim
1319 626 1713 683 innuitdictior
1752 631 1873 695 post
1900 640 2076 694 vespe-

2188 620 2463 688 ἐναντίων,
2512 626 2754 697 σωτηρίᾳ
2804 626 2859 678 δὲ
2904 627 3013 678 τῶν
3038 627 3268 680 οίκείων.
3318 628 3479 681 Ὅθεν
3524 631 3752 699 ἐπάγειο

511 740 624 778 ram
646 720 1405 793 i),succede,inquam,lux,id
1428 721 1765 777 estdivinum
1792 719 2050 773 auxilium

2193 735 2211 766 ι
2255 717 2361 768 Καὶ
2406 718 2503 787 οὐχ
2547 717 2747 788 ἡμέρα,
2800 718 2893 770 καὶ
2933 718 2995 770 οὐ
3043 717 3159 783 νὺξ,
3213 720 3305 772 καὶ
3341 721 3474 791 πρὸς
3518 722 3756 793 ἑσπέραν

512 814 637 884 quia
687 828 882 869 cuncta
940 816 1029 868 illa
1068 816 1199 869 [lunt
1254 814 1321 868 ad
1351 814 1586 868 hostium
1618 811 1980 881 punitionem,
2035 821 2076 862 ιι]

2188 806 2340 860 ἔσται
2384 807 2596 877 φῶςο.»
2636 808 3072 877 ἐπικρατούντων
3122 812 3222 880 μὲν
3250 811 3357 881 γὰρ
3389 811 3497 863 τῶν
3537 812 3750 869 κακῶν,

512 920 641 958 suos
662 905 725 955 ad
760 919 817 958 se
855 904 1097 973 recipiat.
1130 902 1360 973 Propter
1384 905 1496 958 huic
1521 903 1688 972 igitur
1720 901 1869 954 addit
1897 920 1909 953 :

2188 900 2405 952 τοσοῦτο
2430 900 2851 970 περιχυθήσεται
2877 902 3067 964 σκότος
3106 903 3327 963 ἅπασιν,
3360 902 3436 966 ὡς
3484 903 3756 974 μηδεμίαν

511 996 646 1052 εἶναι
679 998 867 1061 νυκτός
913 1015 970 1049 τε
1010 999 1102 1050 καὶ
1144 998 1353 1067 ἡμέρας
1392 996 1681 1067 διαφοράν·
1741 994 1883 1047 οὕτω
1929 992 2118 1054 σκότος
2168 990 2396 1061 λήψεται
2444 992 2513 1045 τὰ
2558 994 2765 1046 πάντα·
2821 993 3170 1064 ἀκολουθήσει
3212 995 3267 1047 δὲ
3312 995 3520 1058 τούτοις
3568 995 3757 1065 (τοῦτο

510 1095 615 1162 γὰρ
655 1090 801 1158 λέγει
833 1108 851 1138 ι
892 1090 1023 1160 πρὸς
1054 1091 1287 1160 ἑσπέραν
1318 1086 1367 1153 ι)
1417 1088 1563 1157 φῶς,
1603 1086 1941 1155 τουτέστινὴ
1981 1084 2260 1153 ἀντίληψις
2308 1084 2341 1153 ἡ
2383 1083 2531 1137 θεία·
2583 1085 2766 1157 ἐπειδὴ
2798 1088 2973 1140 πάντα
3028 1088 3208 1141 ἐκεῖνα
3245 1088 3625 1159 διαπράττεται
3661 1089 3757 1141 ἐπὶ

509 1183 745 1253 τιμωρίᾳ
777 1180 883 1233 τῶν
913 1181 1164 1233 ἐναντίων
1185 1224 1198 1245 ,
1229 1182 1303 1245 ὡς
1334 1184 1398 1234 ἂν
1432 1183 1555 1245 τοὺς
1583 1182 1821 1243 οἰκείους
1851 1179 2027 1249 ἑαυτῷ
2054 1181 2471 1249 περιποιήσειεν.
2504 1180 2600 1232 Διὰ
2630 1180 2832 1235 τούτων
2861 1182 3053 1250 ἐπάγει
3082 1181 3235 1251 γοῦν

582 1346 745 1399 Vsus.
766 1346 914 1401 8-H.
941 1376 1007 1385 —
1034 1364 1051 1396 ι
1090 1345 1152 1399 Et
1172 1346 1260 1401 die
1278 1347 1368 1401 illa
1390 1347 1700 1416 egredietur
1726 1361 1867 1416 aqua
1899 1346 2088 1401 vivens

515 1453 581 1493 ex
614 1438 971 1492 Hierusalem.
1014 1458 1031 1489 ι
1058 1439 1110 1492 ld
1128 1447 1233 1505 est,
1256 1447 1385 1494 tunc
1413 1455 1610 1509 purum
1642 1439 2003 1494 sacerdotium
2033 1439 2085 1490 in

470 1550 473 1551 ν
509 1531 644 1585 urbe
673 1530 1009 1587 llicrusalem
1047 1534 1413 1586 constituetur
1431 1540 1593 1603 atque
1612 1534 1933 1603 legitimum.
1961 1547 2086 1585 nec-

470 1622 616 1678 ‘non
652 1625 988 1694 principatus
1052 1625 1157 1677 Deo
1206 1627 1444 1695 placens,
1499 1635 1553 1680 et
1603 1625 1855 1679 doctrina
1888 1625 2087 1679 divinis

2258 1347 2405 1415 Στίχ.
2440 1352 2611 1416 η’-ια’.
2642 1376 2710 1386 -
2751 1363 2769 1396 ι
2792 1348 2900 1400 Καὶ
2935 1349 2992 1400 ὲν
3022 1349 3089 1417 τῇ
3120 1346 3302 1418 ἡμέρᾳ
3334 1346 3514 1417 ἐκείνῃ
3548 1344 3757 1409 ἐξελεύ-

2188 1452 2337 1489 σεται
2387 1436 2527 1509 ὕδωρ
2557 1436 2665 1501 ζῶν
2695 1438 2753 1502 ἐξ
2808 1439 3178 1509 Ἰερουσαλήμ.
3220 1459 3238 1490 ›
3287 1436 3399 1490 Ἵνα
3441 1436 3590 1507 εἴπῃ,
3620 1437 3754 1489 Τότε

2186 1528 2401 1600 καθαρὰ
2431 1530 2695 1601 ἱερωσύνη
2748 1531 2839 1584 ἐττί
2881 1531 2978 1600 τῆς
3022 1529 3376 1600 Ἰερουσαλὴμ
3405 1526 3755 1599 ἐπιτελεσθή·

2188 1637 2336 1673 σεται
2386 1622 2477 1673 καὶ
2532 1622 2790 1691 νόμιμος,
2853 1622 3156 1693 προστασία
3208 1638 3268 1674 τε
3316 1620 3624 1691 ἀρέσκουσα
3672 1620 3753 1690 τῷ

468 1728 473 1732 ‘
510 1716 721 1787 legibus
748 1728 1132 1780 consentanea,
1170 1732 1291 1786 quze
1321 1734 1426 1771 non
1462 1718 1607 1772 illius
1639 1726 1846 1771 tantum
1880 1726 2076 1784 tempo-

2185 1713 2304 1783 Θεῷ
2324 1755 2337 1774 ,
2397 1715 2489 1767 καί
2528 1714 2844 1767 διδασκαλία
2892 1717 3005 1776 τοῖς
3061 1714 3245 1783 νόμοις
3289 1712 3581 1775 ἀκόλουθος
3637 1714 3756 1776 τοῖς

468 1814 473 1821 ‘
512 1807 587 1860 ris
618 1808 871 1877 gentibus
900 1818 1203 1878 opportuna
1241 1811 1364 1873 erit,
1396 1825 1584 1864 verum
1618 1812 1780 1863 etiam
1831 1809 2081 1878 posteris.

510 1897 641 1951 Nam
677 1913 825 1951 mare
855 1900 1085 1967 primum
1111 1900 1319 1968 priores
1353 1900 1871 1971 dicit,'postremum
1907 1907 2086 1971 poste-

509 2003 619 2043 ros.
640 1989 847 2054 Quibus
871 1988 1039 2045 addit:
1054 1990 1288 2046 «istaut
1304 2005 1357 2049 et
1381 2006 1551 2044 verno
1566 2003 1802 2059 tempore
1825 1992 1897 2043 ita
1918 1990 2042 2052 erit,
2062 2009 2080 2040 ι

511 2080 562 2131 id
597 2087 807 2147 est,per
840 2092 1002 2132 cuine
1025 2088 1237 2149 tempus
1275 2080 1459 2135 divino
1489 2081 1794 2151 patrocinio
1840 2095 2087 2148 perseve-

466 2204 469 2205 ν
507 2170 650 2224 rabit
680 2171 1039 2239 prosperitas.
1073 2169 1183 2234 Sic,
1208 2171 1401 2241 inquit,
1442 2174 1693 2227 universa
1734 2183 1877 2226 terra
1905 2187 2081 2243 regem

464 2294 467 2297 ν
508 2273 763 2331 agnoscet
788 2274 837 2316 et
870 2264 1217 2318 conﬁtebitur
1239 2280 1404 2318 unum
1428 2264 1597 2319 Deum
1630 2282 1811 2321 rerum
1838 2266 2082 2320 ouiuium

504 2359 805 2405 creatorem
839 2366 902 2407 ac
918 2349 1228 2404 Dominum.
1266 2351 1383 2421 ipse
1406 2353 1551 2406 enim
1577 2368 1671 2422 per
1695 2368 1758 2407 ea
1782 2367 1901 2422 qua:
1933 2352 2080 2414 facit,

458 2482 467 2491 .
507 2458 661 2498 suam
694 2444 1036 2500 demonstrat
1070 2445 1466 2515 providentiam
1497 2460 1559 2499 ac
1588 2453 1905 2515 potestatem
1934 2462 1945 2497 :
1972 2459 2085 2513 per-

504 2549 612 2604 que
630 2545 832 2589 terram
861 2551 1051 2591 crimes
1098 2537 1173 2606 (id
1202 2545 1285 2591 est
1310 2537 1484 2607 gentis
1523 2551 1637 2591 suae
1663 2536 1931 2605 homines)
1962 2551 2084 2606 per-

507 2634 756 2680 severant
784 2626 1040 2696 deinceps
1065 2629 1216 2682 oximi
1265 2643 1452 2682 errore
1477 2626 1641 2698 359
1693 2628 1866 2691 liberi,
1908 2629 2081 2681 solum

505 2717 679 2784 ipsum
732 2717 1071 2785 appellantes
1120 2716 1305 2771 Deum.
1342 2717 1476 2772 Exin
1510 2719 1754 2772 diversos
1786 2718 1932 2772 locos
1970 2732 2082 2771 me-

503 2815 698 2868 morat,
739 2808 924 2861 volens
961 2823 1056 2876 per
1082 2811 1264 2862 omnia
1307 2808 1512 2869 dicere.
1572 2808 1688 2864 fore
1737 2817 1795 2862 ut
1845 2809 1897 2862 in
1932 2817 2083 2877 parte

503 2899 745 2969 qualibet
797 2906 997 2955 nostra:
1046 2901 1250 2970 regioni
1309 2900 1538 2954 ﬁnitima
1573 2908 1891 2954 constanter
1942 2899 2081 2954 Deus

512 3003 844 3064 agnoscatur
889 3003 1050 3063 atque
1112 2995 1391 3061 adoretur,
1449 2995 1640 3049 fraude
1709 2997 1858 3048 ornni
1918 3004 2080 3064 atque

2189 1804 2377 1869 θείοις,
2424 1807 2543 1875 ἦτις
2603 1808 2659 1858 οὐ
2691 1808 2804 1868 τοῖς
2850 1809 2967 1857 κατ’
3017 1807 3217 1857 ἐκεῖνον
3270 1804 3359 1857 τὸν
3426 1803 3611 1874 καιρὸν
3656 1802 3753 1855 τοῦ

2187 1898 2368 1961 ἔθνους
2410 1896 2691 1968 ἐπιτηδεία
2737 1899 2893 1967 μόνον
2926 1896 3106 1959 ἔσται,
3149 1894 3282 1948 ἀλλὰ
3332 1895 3422 1949 καὶ
3468 1898 3579 1957 τοῖς
3617 1896 3755 1964 μετὰ

2185 1985 2374 2040 ταῦτα.
2417 1987 2702 2039 Θάλασσαν
2735 1990 2832 2056 μὲν
2861 1987 2968 2055 γὰρ
3001 1985 3222 2057 πρώτην
3268 1986 3391 2048 τοὺς
3417 1984 3537 2038 τότε
3566 1985 3712 2051 λέγει
3734 2003 3746 2014 ·

2187 2080 2419 2149 ἐσχάτην
2455 2078 2511 2130 δὲ
2562 2079 2687 2141 τοὺς
2747 2080 2859 2150 μετ’
2906 2078 3172 2141 ἐκείνους·
3230 2072 3312 2141 οἷς
3369 2076 3754 2145 προστέθεικεν

2184 2170 2264 2221 ὅτι
2294 2191 2311 2221 ι
2371 2171 2459 2223 Ἐν
2488 2170 2634 2245 θέρει
2673 2172 2765 2224 καὶ
2794 2172 2850 2223 ὲν
2883 2170 3001 2241 ἔαρι
3032 2169 3181 2223 ἔσται
3216 2169 3405 2232 οὕτως.
3445 2189 3461 2221 ι
3496 2171 3588 2239 (p.
3614 2169 3748 2235 551)

2186 2262 2303 2313 Ἵνα
2346 2261 2477 2336 εἴπῃ
2521 2264 2600 2315 ὅτι
2630 2262 2770 2317 κατὰ
2814 2264 2988 2315 πάντα
3018 2263 3208 2332 καιρὸν
3232 2261 3319 2313 διὰ
3349 2262 3445 2330 τῆς
3474 2261 3621 2323 θείας
3647 2277 3750 2330 κη·-

2184 2351 2433 2421 δεμονίας
2479 2353 2836 2423 ἐπικρατήσει
2884 2353 2953 2405 τὰ
3000 2352 3264 2421 κρείττω·
3311 2350 3451 2402 οὕτω
3479 2367 3559 2408 τε.
3590 2352 3744 2419 φησί,

2184 2446 2323 2497 κατὰ
2352 2446 2528 2513 πάσης
2574 2446 2666 2514 τῆς
2712 2444 2814 2513 γῆς
2851 2444 3004 2496 ἔσται
3052 2444 3301 2511 βασιλεὺς
3359 2441 3748 2512 γνωριζόμενός

2182 2553 2239 2587 τε
2274 2538 2366 2589 καὶ
2406 2536 2831 2605 ὁμολογούμενος
2862 2539 3019 2604 μόνος
3048 2530 3185 2588 εἶναι
3214 2534 3343 2596 Θεὸς
3373 2535 3402 2585 ὁ
3426 2532 3517 2587 τοῦ
3550 2533 3746 2595 παντὸς

2184 2630 2413 2699 ποιητής
2442 2645 2501 2679 τε
2550 2628 2644 2680 καὶ
2676 2628 2903 2698 Κύριος·
2936 2627 3097 2688 αὑτός
3128 2643 3187 2677 τε
3225 2626 3331 2697 γὰρ
3358 2624 3426 2677 δι’
3457 2619 3531 2676 ὢν
3577 2626 3743 2683 ποιεῖ.

2182 2719 2278 2788 τὴν
2311 2717 2634 2787 κηδεμονίαν
2685 2718 2776 2769 καὶ
2822 2719 2918 2786 τὴν
2969 2716 3217 2781 ἐξουσίαν
3257 2714 3618 2768 ἐπιδείκνυται
3645 2713 3745 2784 τὴν

2181 2810 2384 2861 οἰκείαν
2410 2825 2422 2837 ν
2473 2809 2564 2860 καὶ
2598 2808 2664 2871 δὴ
2707 2808 2800 2861 καὶ
2846 2808 3047 2871 πάντες
3077 2808 3123 2859 οἱ
3158 2806 3297 2859 κατὰ
3327 2805 3429 2875 γῆν
3463 2805 3584 2872 (ἵνα
3614 2804 3747 2877 εἴπῃ

2181 2901 2305 2960 τοὺς
2341 2896 2434 2949 τοῦ
2484 2897 2699 2966 ἔθνους)
2745 2896 3057 2963 διαμένουσι
3107 2895 3291 2949 λοιπὸν
3332 2894 3745 2974 ᾲπηλλαγμένοι

2184 2992 2280 3060 μὲν
2325 2990 2529 3061 πλάνης
2568 2991 2812 3059 ἁπάσης,
2860 2989 2957 3061 τὴν
2988 2987 3283 3058 ὀνομασίαν
3325 2986 3383 3039 δὲ
3433 2986 3600 3056 μόνην
3643 2987 3744 3056 τὴν

505 3083 783 3153 impietate
806 3084 1049 3154 depulsa.
1081 3086 1218 3139 Cum
1252 3086 1372 3151 hac,
1416 3087 1613 3156 inquit,
1648 3086 1738 3140 Dei
1764 3087 1949 3140 notitia
1978 3088 2071 3139 ha-

2178 3082 2332 3136 αύτοῦ
2358 3081 2645 3144 καλοῦντες
2674 3082 2747 3145 ὡς
2772 3082 2925 3135 Θεοῦ.
2960 3076 3095 3135 Εἶτα
3118 3081 3209 3133 καὶ
3232 3079 3358 3150 περὶ
3382 3079 3561 3132 τόπων
3589 3079 3739 3146 λέχει

466 3175 753 3229 ,ὺξιιώυιιι
816 3177 1073 3245 deinceps
1126 3176 1464 3233 Hierusalem
1507 3186 1822 3234 constanter
1886 3192 2075 3233 onmes

503 3265 594 3333 qui
657 3267 803 3335 genti
853 3275 1053 3320 nostra:
1080 3276 1209 3322 sunt
1235 3266 1438 3331 devoti,
1471 3282 1736 3336 neruoque
1789 3267 1841 3320 in
1877 3268 2076 3335 populo

504 3356 839 3427 irreligiosus
866 3360 970 3412 erit
995 3368 1090 3411 aut
1147 3374 1175 3411 a
1208 3357 1315 3414 Deo
1342 3360 1573 3415 alienus.
1595 3356 1686 3412 Sic
1716 3358 1861 3412 enim
1896 3358 2076 3410 valent

503 3447 686 3507 verba,
700 3442 845 3497 «Non
862 3445 971 3500 erit
986 3446 1217 3501 ulterius
1230 3442 1534 3499 anathema.
1550 3444 1868 3513 iNempe,ut
1886 3447 2075 3501 beatus

503 3541 578 3592 ait
629 3538 970 3601 Paulus,¢Si
1031 3540 1154 3609 quis
1214 3555 1323 3593 non
1348 3551 1492 3594 amat
1560 3540 1844 3595 Dominum
1889 3537 2073 3593 Jesum

503 3631 801 3696 Christum,
856 3632 1144 3685 anathema
1187 3634 1259 3686 sit
1292 3631 1358 3686 ⁸³.
1387 3650 1404 3679 ο
1432 3628 1600 3699 Igitur
1633 3632 1769 3685 nihil
1811 3631 2073 3701 ejusmodi

502 3720 755 3789 posthinc
807 3721 952 3785 erit;
1019 3721 1146 3790 quia
1212 3737 1372 3775 nemo
1420 3722 1543 3775 item
1612 3720 1810 3774 abhinc
1865 3721 1969 3773 erit
2045 3735 2073 3772 a

504 3809 614 3865 Deo
631 3812 841 3866 alienus
882 3814 1202 3882 :eunctique
1234 3813 1555 3866 habitahunt
1600 3812 1853 3882 deinceps
1880 3812 2075 3867 llieru-

504 3902 669 3954 salem
693 3902 858 3956 multa
882 3918 1004 3957 cum
1039 3904 1352 3965 securitate,
1384 3920 1545 3974 quam
1578 3904 1777 3957 civitas
1808 3919 1837 3956 a
1893 3902 2073 3956 divina

505 3993 669 4045 tutela
706 4006 1026 4062 assequetur
1064 4004 1287 4064 propter
1347 4011 1506 4049 suum
1552 3996 1780 4048 virtutis
1810 3994 2071 4049 studium.

500 4085 679 4153 Atque
708 4084 763 4137 in
796 4083 880 4138 his
910 4085 1071 4139 tinem
1111 4085 1318 4139 facitde
1336 4085 1729 4141 Maechabaicis
1760 4088 1921 4140 rebus
1947 4100 2074 4154 pro-

504 4175 702 4243 phetia,
722 4174 859 4229 etde
881 4175 1094 4230 illorum
1118 4184 1363 4247 temporu
1391 4196 1419 4228 n
1441 4178 1685 4238 casibus,
1717 4190 1767 4233 et
1789 4179 1856 4233 de
1880 4179 2073 4232 futuris

502 4266 685 4335 populi
747 4268 1004 4335 peccatis,
1036 4275 1092 4321 et
1122 4268 1189 4322 de
1235 4269 1388 4323 malis
1420 4268 1856 4323 adversariorum
1909 4285 2071 4323 manu

2176 3174 2473 3246 διαφόρων,
2511 3173 2829 3249 βουλόμενος
2864 3173 2953 3225 διὰ
2983 3174 3197 3225 πάντων
3246 3172 3452 3235 εἰπεῖν,
3488 3172 3567 3223 ὅτι
3602 3172 3745 3225 κατὰ

2178 3264 2374 3327 παντὸς
2420 3265 2621 3336 μέρους
2668 3270 3031 3335 προσήκοντος
3063 3266 3128 3334 τῇ
3162 3264 3236 3334 γῇ
3262 3265 3327 3333 τῇ
3358 3263 3598 3334 ἡμετέρα
3629 3263 3743 3317 δια-ι

2180 3358 2328 3426 μενεῖ
2370 3357 2501 3421 Θεὸς
2550 3355 2950 3430 γνωριζόμενός
2996 3372 3053 3407 τε
3097 3356 3192 3408 καὶ
3239 3355 3739 3423 προσκυνούμενος,

2176 3446 2590 3517 ἀπεληλαμένης
2643 3449 2822 3516 πάσης
2873 3447 3079 3518 πλάνης
3126 3462 3186 3498 τε
3248 3446 3343 3499 καὶ
3392 3447 3644 3510 ἀσεϐείας
3682 3447 3747 3510 ἐξ

2125 3527 2138 3541 ’
2178 3537 2351 3606 ἡμῶν.
2407 3538 2559 3591 Μετὰ
2615 3536 2821 3607 ταύτης
2886 3538 2984 3600 δὲ,
3015 3536 3172 3607 φησὶ,
3222 3536 3323 3606 τῆς
3367 3536 3616 3605 γνώσεως
3649 3538 3744 3590 καὶ

2176 3630 2451 3700 οἰκήσουσι
2502 3630 2600 3700 τὴν
2640 3630 2986 3700 Ἰερουσαλὴμ
3016 3629 3197 3682 λοιπὸν
3228 3632 3465 3694 ἅπαντες
3512 3631 3744 3700 βεϐαίως

2176 3722 2224 3773 οἰ
2269 3722 2345 3790 τῲ
2376 3719 2517 3773 ἔθνει
2568 3723 2932 3793 προσήκοντες
2985 3720 3064 3791 τῷ
3097 3722 3379 3793 ἡμετέρῳ,
3424 3723 3518 3775 καὶ
3564 3722 3745 3784 οὐθεὶς

2176 3811 2326 3864 ἔσται
2352 3811 2532 3866 λοιπὸν
2555 3813 2613 3864 ἐν
2638 3811 2712 3882 τῷ
2738 3812 2881 3865 ἔθνει
2916 3812 3138 3881 ἀσεϐείᾳ
3168 3813 3392 3884 χαίρων,
3420 3813 3540 3866 οὐδὲ
3566 3812 3747 3883 ἀπηλ-

2176 3904 2532 3975 λοτριωμένος
2561 3903 2722 3958 Θεοῦθ
2748 3904 2904 3958 τοῦτο
2931 3905 3039 3976 γὰρ
3068 3904 3246 3971 λέγει,
3292 3924 3312 3956 ι
3348 3905 3458 3957 Καὶ
3495 3905 3747 3975 ἀνάθεμα

2174 3998 2273 4048 ούκ
2302 3996 2448 4049 ἔσται
2481 3996 2591 4049 ἔτι.
2634 4015 2653 4047 ι
2695 3997 2778 4058 Ὠς
2821 3996 2925 4067 γὰρ
2954 3997 2982 4048 ὀ
3033 3998 3295 4067 μακάριος
3336 3996 3481 4065 λέγει
3510 3995 3747 4061 Παῦλος,

2182 4107 2199 4139 ι
2238 4088 2302 4140 Εἴ
2332 4106 2414 4151 τις
2457 4089 2515 4140 οὐ
2548 4089 2690 4156 φιλεῖ
2725 4088 2814 4141 τὸν
2845 4087 3047 4158 Κύριον
3092 4087 3296 4157 Ἰησοῦν
3342 4089 3594 4157 Χριστὸν,
3623 4089 3742 4159 ἤτω

2175 4181 2455 4251 ἀνάθεμα’
2496 4199 2513 4232 ι
2559 4181 2659 4233 οὐκ
2698 4178 2849 4231 ἔσται
2891 4175 3015 4242 οὖν,
3064 4181 3261 4247 φησὶν,
3315 4179 3497 4231 οὐκέτι
3547 4180 3740 4231 τοῦτο’

2176 4274 2296 4325 ἐπεὶ
2334 4271 2467 4342 μηδέ
2497 4271 2609 4323 ἐστί
2642 4287 2724 4332 τις
2754 4269 2934 4322 λοιπὸν
2959 4267 3386 4339 ἠλλοτριωμένος
3428 4268 3593 4320 Θεοῦ’
3627 4268 3746 4321 δια-

452 4408 453 4415 η
502 4358 825 4430 iulligeudis,
862 4375 962 4414 nec
993 4374 1102 4415 non
1129 4360 1193 4414 de
1222 4375 1353 4413 cura
1406 4375 1567 4428 quam
1597 4361 1737 4416 Deus
1764 4362 1913 4449 circa
1949 4363 2071 4417 illos

2180 4365 2327 4434 μενεῖ
2353 4379 2410 4415 τε
2454 4362 2637 4414 λοιπὸν
2677 4361 2971 4431 οἰκουμένη
3002 4362 3033 4429 ἡ
3077 4360 3432 4430 Ἰερουσαλὴμ
3460 4361 3564 4413 ὑπὸ
3601 4360 3742 4412 πάν-

498 4452 766 4517 ostendet,
802 4452 1013 4509 honesti
1040 4453 1287 4511 videlicet
1314 4455 1539 4510 asseelis
1562 4470 1720 4508 suum
1751 4455 2072 4524 impendens

503 4540 785 4593 auxilium.
841 4541 979 4596 Exin
1028 4558 1156 4599 vero
1208 4544 1434 4599 resumit
1493 4560 1581 4599 res
1635 4552 1761 4598 ante
1827 4553 2075 4614 tempora

500 4626 877 4685 Macchabaica
906 4633 1004 4689 abs
1023 4649 1088 4688 se
1115 4634 1313 4698 dictas,
1361 4636 1452 4689 ubi
1483 4636 1803 4705 prazstandis
1829 4651 1858 4688 a
1903 4635 2077 4690 Zoro-

501 4718 688 4774 habele
751 4722 892 4791 genti
948 4724 1183 4779 Judaica:
1226 4725 1384 4780 bonis
1434 4728 1696 4789 recitatis,
1745 4726 2076 4795 adiunxerat

498 4814 833 4868 exercituum
877 4813 1009 4883 Gogi
1059 4816 1411 4871 occisionem.
1463 4815 1668 4871 Rerum
1719 4818 1910 4871 harum
1968 4818 2070 4873 hoc

498 4907 660 4960 etiam
698 4906 816 4959 loco
846 4909 1074 4959 resumit
1106 4908 1534 4977 praedictionem,
1570 4917 1758 4979 utpote
1786 4911 2065 4980 proxima-

500 5013 641 5063 rum;
680 5006 738 5052 ut
770 4999 877 5052 illis
901 4999 1065 5053 etiam
1098 5015 1219 5068 qua:
1250 5009 1372 5069 post
1400 5002 1687 5071 plurimum
1722 5001 2065 5056 intervallum

498 5100 770 5144 eventura:
791 5097 965 5153 erant,
1008 5088 1423 5152 Macchabaicis,
1460 5092 1700 5160 inquam,
1731 5091 1885 5145 (idem
1921 5091 2066 5146 face-

497 5193 619 5236 rent
640 5197 701 5236 ea
728 5197 847 5251 qua:
892 5198 1061 5251 nuper
1092 5182 1236 5236 circa
1279 5182 1486 5252 Gogum
1515 5183 1826 5239 acciderant
1858 5204 1872 5239 :
1905 5195 2067 5253 atque

495 5272 565 5325 ita
595 5275 852 5343 propheta
882 5275 1192 5328 vaticinium
1239 5288 1398 5329 suum
1453 5276 1669 5330 utiliore
1717 5276 2066 5344 przedictione

493 5367 863 5420 concluderet.
901 5368 989 5420 Ait
1020 5368 1217 5437 igitur:

2174 4472 2281 4507 των
2317 4453 2453 4523 μετὰ
2482 4452 2681 4519 πολλῆς
2726 4453 2824 4522 τῆς
2855 4451 3184 4518 ἀσφαλείας,
3216 4453 3283 4522 ἢν
3319 4454 3423 4506 ὑπὸ
3458 4454 3558 4523 τῆς
3592 4452 3743 4516 θείας

2174 4547 2284 4611 ἔξει
2316 4544 2637 4615 κηδεμονίας
2677 4543 2762 4596 διὰ
2792 4546 2890 4615 τὴν
2930 4545 3023 4596 τοῦ
3068 4545 3370 4615 κρείττονος
3402 4545 3741 4614 ἐπιμέλειαν.

2188 4637 2273 4689 Ἑν
2309 4636 2405 4705 μὲν
2438 4635 2500 4704 δὴ
2550 4634 2760 4695 τούτοις
2804 4635 3136 4705 συνεπέρανε
3175 4635 3284 4688 τῶν
3328 4636 3745 4691 Μακκαϐαῖκῶν

2170 4727 2266 4799 τὴν
2315 4725 2679 4798 προφητείαν,
2718 4726 2809 4777 καὶ
2861 4725 2929 4778 τὰ
2975 4727 3095 4779 κατ’
3124 4727 3334 4778 ἐκεῖνον
3372 4726 3606 4796 ἐσόμενα
3647 4726 3742 4779 τὸν

2173 4818 2382 4888 καιρὸν,
2422 4818 2493 4871 τά
2529 4833 2587 4869 τε
2618 4816 2746 4888 παρ’
2777 4817 2955 4870 αὐτῶν
2986 4817 3422 4887 πλημμελείσθαι
3448 4818 3739 4888 μέλλοντα,

2174 4912 2265 4963 καὶ
2295 4910 2363 4963 τὰ
2396 4911 2521 4981 περὶ
2543 4910 2749 4972 αὐτοὺς
2774 4910 3111 4980 γενησόμενα
3142 4910 3290 4980 παρὰ
3324 4909 3432 4962 τῶν
3457 4910 3740 4975 ἐναντίων,

2173 5002 2262 5071 (p.
2295 5000 2433 5069 552)
2475 5001 2567 5054 xui.
2618 5000 2724 5070 μὴν
2771 4999 2865 5051 καὶ
2902 5000 3034 5071 ὅσην
3079 5000 3198 5052 τινὰ
3246 4998 3344 5069 τὴν
3385 5000 3513 5070 περὶ
3541 5000 3740 5063 αὐτοὺς

2172 5092 2499 5156 ἐπιδείξεται
2526 5090 2853 5160 κηδεμονίαν
2880 5092 2910 5144 ὁ
2938 5090 3089 5155 Θεὸς,
3120 5094 3233 5156 τοῖς
3259 5092 3352 5145 τοῦ
3404 5090 3571 5146 καλοῦ
3600 5109 3741 5162 προ·-

2173 5183 2371 5237 εστῶσι
2403 5182 2501 5252 τὴν
2529 5180 2736 5234 οἰκείαν
2763 5182 3008 5250 παρέχων
3030 5181 3216 5251 ῥοπήν.
3236 5181 3508 5234 Ἐντεῦθεν
3524 5182 3578 5234 δὲ
3606 5183 3737 5234 ἀνα-

2173 5275 2437 5343 λαμϐάνει
2478 5273 2547 5326 τὰ
2592 5272 2695 5343 πρὸ
2726 5274 2824 5342 τῆς
2850 5272 2958 5324 τῶν
2998 5272 3407 5326 Μακκαϐαῖκῶν
3456 5272 3740 5344 μηνύσεως

2173 5366 2324 5437 αὑτῷ
2355 5363 2615 5436 ρηθέντα⁸
2668 5365 2725 5416 ὲν
2760 5360 2840 5426 οἷς
2871 5365 2937 5416 τὰ
2983 5362 3069 5416 διὰ
3094 5364 3186 5416 τοῦ
3230 5362 3535 5435 Ζοροὸἁϐελ
3565 5380 3734 5435 προσ-

492 5463 721 5531 εσόμενα
754 5460 831 5529 τῷ
862 5458 1001 5513 ἔθνει
1026 5462 1162 5513 καλά
1191 5460 1389 5531 λέγων,
1447 5462 1752 5533 προσέθηκε
1781 5461 1888 5517 τῶν
1933 5466 2062 5535 περὶ
2100 5467 2191 5521 τὸν
2227 5461 2350 5530 Γὼγ
2406 5459 2500 5531 τὴν
2541 5456 2835 5528 ἀναίρεσιν.
2909 5457 3125 5510 Τούτων
3156 5455 3219 5526 δὴ
3269 5456 3543 5510 κάνταῦθα
3573 5456 3743 5510 πάλιν

492 5551 859 5622 ἀναλαμϐάνει
897 5550 994 5619 τὴν
1037 5553 1295 5622 μήνυσιν,
1373 5553 1467 5608 ἆτε
1514 5556 1606 5607 καὶ
1650 5553 1877 5622 ἐγγύθεν
1926 5557 2197 5628 ἐσομένων
2221 5596 2235 5621 ,
2300 5554 2377 5615 ὡς
2412 5552 2479 5605 ἂν
2523 5552 2631 5612 τοῖς
2695 5566 2748 5602 τε
2800 5549 2934 5618 μετὰ
2973 5548 3224 5603 ’πλεῖστον
3285 5548 3558 5618 γίγνεσθαι
3609 5550 3727 5618 μέλ

565 5739 609 5769 ⁸⁵
656 5742 669 5793 Ι
711 5738 832 5794 Cor.
880 5753 986 5801 xw,
1028 5738 1120 5791 2’2.
