4096 6234
455 332 561 394 505
1606 335 1959 393 THEODORI
1997 339 2489 407 MOPSUESTENI
3615 335 3720 394 596

453 442 627 501 David
658 453 781 516 post
805 442 1045 498 Goliatlii
1085 443 1288 499 caedem
1326 446 1564 516 gladium
1614 446 1726 504 Deo
1755 449 2035 507 dedicans.

2159 457 2425 527 mil/ovem,
2460 454 2630 509 πολλά
2653 470 2710 507 τε
2744 452 2874 505 ὄντα
2907 452 3000 505 καὶ
3033 448 3267 523 ἀριθμὸν
3304 448 3539 505 νικῶντα
3560 466 3574 480 ·
3608 444 3722 504 οἷον

456 536 599 590 Idem
623 534 713 589 hic
739 550 958 605 quoque
977 534 1133 599 dicit,
1170 548 1367 605 nempe
1387 536 1532 606 quod
1565 550 1831 606 equorum
1860 538 2044 597 frenos

2159 545 2450 615 πεποίηκεν
2479 544 2508 596 ὁ
2540 542 2808 615 μακάριος
2863 539 3026 594 Δαυῒδ
3079 538 3219 610 μετά
3266 538 3366 610 τὴν
3401 538 3496 591 τοῦ
3530 536 3725 592 Γολιάθ

456 628 801 698 interemptis
844 628 1058 682 ablatos
1104 626 1214 683 Deo
1253 627 1497 683 offerent.
1541 628 1788 701 Namque
1820 648 1849 684 a
1890 632 2045 689 freno

456 730 719 790 tanquam
766 737 796 773 a
828 727 999 791 parte,
1041 721 1252 790 reliqua
1299 736 1449 774 arma
1481 729 1535 777 et
1579 724 1751 793 spolia
1798 724 2042 789 denotat,

460 830 583 885 qum
626 812 865 867 oblaturi
907 822 1085 877 erant,
1132 814 1364 883 singulis
1397 829 1497 884 pro
1527 831 1629 869 suo
1657 818 1939 886 proposito
1977 834 2045 873 ex

458 892 738 961 manubiis
791 904 936 974 quod
996 904 1174 959 visum
1238 904 1401 959 fuerit
1456 904 1829 965 adferentibus.
1891 905 2045 963 Unde

459 995 631 1061 addit,
677 994 882 1049 lebetes
918 994 1186 1063 plurimos
1232 994 1525 1049 adductum
1575 996 1642 1049 iri
1686 1008 1826 1065 quos
1854 996 2045 1052 hostes

460 1104 647 1143 secum
687 1087 1012 1152 habuerant,
1062 1094 1250 1156 utpote
1285 1087 1586 1157 coquendis
1629 1089 1893 1143 carnibus
1926 1089 2047 1144 ido-

461 1194 618 1243 neos,
660 1192 892 1249 quorum
943 1175 1237 1230 multitudo
1278 1177 1580 1246 phialarum
1624 1178 1742 1234 vice
1790 1177 2049 1250 fungetur

462 1271 519 1325 in
546 1269 708 1324 domo
738 1267 831 1322 Dei
863 1268 1129 1337 exposita.
1167 1264 1294 1320 Vult
1321 1277 1502 1321 autem
1535 1267 1725 1333 frenis,
1760 1285 2039 1325 armorum

423 1384 427 1389 τ
464 1361 801 1417 oblationem
829 1360 1157 1430 designare;
1188 1358 1478 1421 lebetibus,
1513 1358 1858 1426 divitiarum;
1899 1377 2051 1417 more

468 1453 773 1523 Scriptura:
827 1458 1096 1506 consueto
1132 1466 1162 1502 a
1214 1458 1369 1519 parte
1420 1450 1829 1507 multitudinem
1882 1453 2052 1508 deno-

462 1546 638 1612 tandi,
681 1544 1120 1615 quotiescunque
1168 1558 1631 1613 supervacaneam
1672 1543 1884 1613 judicat
1925 1559 2051 1615 par-

464 1640 601 1692 tium
647 1646 959 1691 accuratam
999 1635 1486 1691 enumerationem.
1528 1634 1692 1691 Certe
1722 1635 1813 1693 hic
1856 1652 2051 1706 super-

465 1732 635 1787 ﬂuum
681 1740 800 1787 erat
842 1742 1164 1787 enumerare
1203 1726 1519 1798 singillatim
1558 1726 1766 1791 hastas,
1810 1726 2047 1798 gladios,

2147 636 2427 705 ἀναίρεσιν
2455 633 2518 687 τὸ
2545 633 2697 704 ξίφος
2716 631 2935 695 ἀναθεὶς
2971 630 3050 701 τῷ
3074 630 3215 701 Θεῷ.
3232 630 3304 682 Τὸ
3329 629 3548 700 αὺτὸοδὲ
3576 628 3723 697 λέγει

2147 726 2445 789 κάνταῦθα,
2470 727 2551 779 ὅτι
2585 726 2680 779 καὶ
2728 725 2980 795 χαλινοὺς
3011 723 3215 785 ἵππων,
3252 719 3344 784 οὒς
3363 721 3472 774 τῶν
3513 721 3726 791 ἀναιρε-

2151 816 2350 869 θέντων
2375 815 2674 884 άφείλοντο,
2698 814 3046 885 προσοίσουσι
3079 812 3201 865 τότε
3228 811 3306 882 τῷ
3328 810 3474 881 Θεῷ·
3493 811 3601 864 ἀπὸ
3618 810 3726 881 γάρ

2148 908 2241 960 τοῦ
2266 906 2480 978 χαλινοῦ
2507 906 2582 970 ὡς
2615 906 2725 959 ἀπὸ
2759 906 2956 976 μέρους
2989 904 3261 974 ήϐουλήθη
3295 904 3363 957 τὰ
3394 903 3557 956 λοιπὰ
3586 903 3727 955 ὅπλα

2151 1016 2210 1053 τε
2246 998 2341 1053 καὶ
2375 999 2593 1069 λάφυρα
2615 999 2808 1062 εἰπεῖν,
2837 998 2980 1066 ἆπερ
3006 992 3099 1049 οῦν
3127 994 3437 1050 ἀνατιθέναι
3470 993 3723 1065 ἤμελλον,

2151 1089 2382 1143 ἑκάστου
2415 1087 2559 1142 κατὰ
2586 1087 2686 1159 τὴν
2718 1086 2925 1140 οἰκείαν
2969 1085 3224 1157 πρόθεσιν
3262 1085 3639 1157 προσάγοντος·
3664 1086 3727 1138 τὸ

2149 1180 2340 1234 δοκοῦν
2366 1182 2431 1234 ὲκ
2457 1180 2567 1234 τῶν
2589 1178 2864 1252 λαφύρων.
2887 1179 3047 1231 Ὅθεν
3070 1179 3286 1246 ἐπάγει,
3313 1179 3395 1231 ὃτι
3423 1177 3663 1249 προσαχθ
3676 1178 3728 1248 ή-

2153 1289 2335 1326 σονται
2365 1272 2460 1326 καὶ
2499 1271 2723 1342 λέϐητες
2778 1270 3017 1324 πλεῖστοι
3058 1270 3151 1333 οὓς
3195 1271 3466 1341 ἐπήγοντο
3493 1271 3544 1323 οί
3570 1269 3727 1323 πολέ-

2156 1382 2289 1435 μιοι,
2335 1362 2674 1435 ἐπιτηδείους
2728 1363 2942 1426 ἑαυτοῖς
2991 1357 3129 1416 εἶναι
3164 1362 3480 1433 νομίζοντες
3516 1363 3596 1425 εἰς
3624 1361 3726 1432 τήν

2151 1456 2348 1527 ἕψησιν
2379 1455 2488 1509 τῶν
2530 1454 2728 1527 κρεῶν,
2760 1454 2809 1507 οἳ
2836 1453 2925 1508 διὰ
2963 1454 3026 1507 τὸ
3053 1454 3282 1525 πλῆθος,
3313 1452 3519 1524 φιαλῶν
3547 1452 3723 1522 δίκην,

2152 1546 2365 1600 ἔσονται
2394 1545 2488 1599 τοῦ
2521 1545 2672 1598 οἴκου
2708 1545 3056 1617 προκείμενοι
3085 1544 3179 1599 τοῦ
3215 1544 3392 1597 Θείου.
3419 1542 3727 1616 Ἦϐουλήθη

2152 1640 2210 1693 δὲ
2240 1639 2350 1693 ἀπὸ
2378 1639 2476 1709 μὲν
2519 1637 2613 1691 τοῦ
2650 1637 2866 1708 χαλινοῦ
2899 1636 2965 1690 τά
2996 1636 3104 1690 ἀπὸ
3134 1636 3241 1690 τῶν
3270 1636 3447 1690 ὃπλων
3480 1634 3730 1689 ἀνατιθέ-

2158 1746 2293 1800 μενα
2341 1731 2535 1791 εἰπεῖν,
2566 1727 2642 1797 (p.
2676 1725 2801 1799 535)
2842 1726 2949 1780 ἀπὸ
2980 1726 3037 1779 δὲ
3090 1725 3203 1779 τῶν
3241 1725 3482 1795 λεϐήτων
3513 1724 3581 1778 τά
3620 1724 3729 1779 ἀπὸ

467 1826 692 1890 loricas,
746 1824 974 1886 lebetes,
1031 1829 1086 1876 et
1137 1818 1403 1891 quidquid
1456 1819 1522 1873 ad
1570 1834 1729 1875 usum
1777 1819 2053 1874 hominum

2159 1821 2266 1875 τῶν
2294 1822 2609 1892 κτημάτων,
2645 1820 2722 1883 ὼς
2760 1816 2950 1872 είωθεν
2995 1819 3104 1874 ἀπὸ
3144 1818 3346 1889 μέρους
3387 1816 3456 1870 τὰ
3503 1816 3729 1870 πλείστα

466 1925 571 1977 est.
604 1914 755 1970 verbi
804 1914 975 1983 gratia
1012 1912 1243 1973 catinos,
1284 1911 1500 1980 pocula,
1538 1921 1591 1967 et
1644 1912 1690 1966 si
1723 1911 1852 1982 quid
1904 1910 2047 1965 aliud

2159 1912 2344 1983 δηλοῦν
2382 1915 2415 1983 ή
2469 1911 2590 1966 θεία
2637 1911 2849 1982 Γραφὴ,
2882 1911 2958 1963 ὅτ’
2995 1911 3063 1967 ἂν
3107 1909 3365 1980 περιττὴν
3388 1909 3591 1980 ἡγῆται
3628 1908 3729 1979 τὴν

468 2004 785 2075 huiusmodi
811 2011 915 2059 est.
944 2001 1051 2058 Sed
1092 2017 1121 2056 a
1159 2011 1331 2071 parte,
1357 2010 1417 2055 ut
1450 2017 1624 2072 nuper
1660 2003 1797 2065 dixi,
1826 2011 1881 2057 et
1907 2018 2052 2073 sape

2159 2003 2298 2057 κατά
2344 2002 2511 2074 μέρος
2558 1999 2939 2072 ἀκριϐολογίαν
2962 2016 2976 2031 ο
3012 2000 3133 2053 ἐπεὶ
3163 1998 3438 2053 κάνταῦθα
3478 1999 3729 2070 περιττὸν

469 2095 745 2160 adnotavi,
788 2109 848 2150 se
897 2100 1070 2148 totum
1112 2091 1399 2162 designare
1444 2091 1951 2148 demonstratJam
1994 2102 2053 2148 ut

2159 2089 2223 2164 ἦν
2241 2092 2304 2144 τὸ
2331 2090 2583 2162 ἀριθμεῖν
2611 2088 2811 2161 δόρατα
2839 2089 2932 2142 καὶ
2965 2087 3093 2159 ξίφη
3136 2088 3231 2142 καὶ
3265 2087 3538 2159 θώρακας,
3572 2088 3731 2161 λέϐη-

467 2186 720 2244 ostendat
746 2186 1053 2242 oblatorum
1076 2185 1311 2241 lebetum
1340 2199 1522 2247 usum,
1549 2185 1630 2240 sic
1663 2185 2047 2256 prosequitur:

2159 2184 2255 2247 τάς
2296 2201 2357 2237 τε
2402 2184 2496 2237 καὶ
2534 2182 2606 2236 τὰ
2653 2183 2712 2235 ὲν
2747 2181 3050 2254 ἀνθρώπων
3099 2182 3324 2252 κείμενα
3359 2181 3575 2252 χρήσει,
3614 2176 3729 2235 οἷον

470 2281 644 2335 εἰπεῖν
692 2279 936 2343 πινάκια,
981 2279 1237 2350 ποτήρια,
1283 2278 1317 2348 ἢ
1347 2278 1442 2331 καὶ
1482 2279 1534 2331 εί
1576 2295 1630 2331 τι
1661 2276 1902 2331 τοιοῦτο·
1947 2279 2011 2330 ἐκ
2046 2278 2100 2331 δὲ
2136 2278 2229 2332 τοῦ
2275 2277 2493 2349 μέρους,
2522 2277 2597 2341 ὡς
2652 2272 2803 2329 είπόν
2848 2294 2907 2329 τε
2954 2275 3093 2345 ήδη,
3147 2276 3242 2328 καὶ
3296 2276 3732 2348 ἐπεσημηνάμην

471 2370 747 2435 πολλάκις,
777 2368 1012 2441 ἐδήλωσε
1046 2369 1107 2423 τὸ
1150 2370 1259 2422 πᾶν
1302 2369 1496 2423 εἰπεῖν.
1528 2371 1754 2434 Δεικνὺς
1798 2370 1907 2423 τῶν
1957 2369 2203 2442 λεϐήτων
2245 2371 2352 2424 τῶν
2375 2369 2774 2440 ἀνατιθεμένων
2803 2369 2902 2440 τὴν
2931 2369 3136 2440 χρείαν,
3166 2367 3361 2435 ἐπάγει
3381 2383 3393 2396 ·

540 2460 708 2519 Vens.
741 2460 832 2515 2|.
860 2490 929 2502 —
969 2476 987 2509 ι
1024 2459 1247 2532 Eritque
1272 2463 1453 2517 omnis
1492 2462 1639 2518 lebes
1669 2465 1725 2517 in
1761 2462 1895 2519 urbe
1924 2461 2052 2519 Hie-

467 2554 706 2610 rusalem
735 2561 790 2608 ct
827 2552 972 2623 apud
1011 2550 1208 2608 ludam
1259 2564 1486 2611 sanctus
1534 2554 1763 2612 Domino
1801 2557 2050 2629 omnipo-

469 2644 628 2700 tenti.
663 2643 826 2715 362
860 2641 926 2697 Et
966 2642 1185 2697 venient
1222 2643 1405 2698 cuncti
1455 2643 1823 2710 immolantes,
1870 2654 1923 2701 et
1965 2662 2053 2701 su-

2224 2465 2373 2537 Στίχ.
2382 2464 2566 2523 ια’.-ι
2578 2467 2687 2520 Καὶ
2700 2464 2850 2519 ἔσται
2865 2466 2972 2529 πᾶς
2982 2462 3181 2536 ὁλέϐης
3192 2465 3249 2516 ὲν
3266 2460 3331 2513 ἰε
3340 2476 3432 2531 ρου
3440 2457 3572 2528 σαλὴ
3580 2476 3618 2528 μ
3635 2458 3730 2511 καὶ

2157 2561 2215 2613 ὲν
2230 2558 2308 2629 τῷ
2331 2557 2498 2629 Ἰούδᾳ
2521 2557 2675 2625 ἆγιος
2688 2554 2767 2626 τῷ
2788 2554 2978 2627 Κυρίῳ
2993 2554 3411 2624 παντοκράτορι·
3435 2553 3527 2606 καὶ
3544 2552 3732 2622 ἥξουσι

2158 2649 2359 2711 πάντες
2387 2650 2434 2701 οἱ
2477 2645 2819 2710 θυσιάζοντες
2842 2685 2858 2708 ,
2890 2646 2980 2698 καὶ
3021 2643 3279 2717 λήψονται
3310 2644 3367 2709 ἐξ
3400 2641 3600 2704 αὐτῶν,
3631 2641 3727 2694 καὶ

471 2746 619 2792 ment
665 2734 811 2799 inde,
862 2741 916 2788 et
977 2742 1216 2803 coquent
1264 2733 1317 2788 in
1376 2734 1476 2790 eis.
1520 2753 1538 2786 ι
1601 2732 1780 2790 Oblati
1829 2736 2049 2806 quidem

2159 2739 2450 2809 ἑψήσουσιν
2473 2739 2532 2791 ὲν
2564 2738 2767 2801 αὐτοῖς.
2811 2756 2829 2788 ›
2865 2736 2928 2790 Οἱ
2957 2736 3055 2807 μὲν
3092 2736 3200 2807 γάρ
3233 2733 3726 2805 προσκομισθέντες

472 2826 702 2888 lebetes,
757 2822 937 2878 sancti
988 2830 1175 2882 erunt,
1210 2831 1397 2892 utpote
1438 2823 1607 2879 oblati
1671 2824 1727 2879 in
1781 2835 2057 2895 posterum

2159 2829 2404 2900 λέϐητες,
2436 2827 2624 2898 φησὶν,
2652 2827 2797 2895 ἅγιοι
2820 2825 3153 2890 ἑσονται,ᾶ.τε
3184 2824 3528 2892 ἀνακείμενοι
3549 2821 3731 2874 λοιπὸν

478 2917 609 2974 Deo.
667 2912 1039 2971 Commoditas
1106 2929 1235 2968 vero
1290 2914 1416 2969 hinc
1489 2915 1594 2969 erit
1657 2916 2057 2973 adducentibus

2159 2921 2236 2993 τῷ
2263 2920 2412 2991 Θεῷ·
2442 2919 2673 2990 ἀφθονία
2705 2919 2761 2973 δὲ
2795 2917 3045 2972 ἐντεῦθεν
3070 2916 3222 2970 ἔσται
3250 2918 3362 2980 τοῖς
3395 2916 3728 2986 προσάγουσι

472 3008 749 3069 victimas.
779 3004 990 3075 copiam
1036 3003 1268 3059 habendi
1304 3005 1394 3060 ubi
1425 3020 1667 3075 coquere
1691 3014 1965 3078 oporteat,
2005 3018 2057 3064 et

2159 3012 2256 3077 τὰς
2301 3012 2599 3077 θυσιάσεις,
2633 3010 2710 3081 τῷ
2763 3010 2908 3081 ἐχειν
2949 3010 3071 3063 ὅποι
3104 3008 3381 3080 προσῆκεν
3426 3006 3733 3077 ἑψήσαντας

473 3096 744 3155 sacriﬁcia
766 3094 1025 3151 decenter
1058 3094 1339 3164 perlicere.
1380 3094 1572 3150 Nonne
1598 3097 1745 3151 enim
1788 3097 1842 3152 in
1878 3098 2057 3169 primo

2159 3104 2226 3160 τὰ
2265 3103 2373 3159 τῶν
2415 3104 2615 3158 θυσιῶν
2663 3103 2949 3174 πληρῶσαι
2994 3102 3055 3155 τὸ
3102 3101 3311 3173 πρέπον
3343 3116 3356 3129 ·
3402 3100 3436 3171 ἢ
3486 3098 3594 3170 γὰρ
3632 3098 3733 3168 οὐχ

474 3189 786 3264 Regnorum
810 3184 1157 3259 sic'loquitur
1181 3187 1367 3243 divina
1414 3187 1721 3260 Scriptura,
1752 3187 1881 3244 dum
1928 3205 2057 3245 nar-

2159 3197 2332 3262 οὕτως
2355 3199 2413 3251 ὲν
2440 3200 2506 3270 τῇ
2535 3196 2724 3269 πρώτῃ
2744 3196 2850 3250 τῶν
2866 3194 3161 3250 Βασιλειῶν
3180 3195 3214 3264 ή
3232 3193 3353 3248 θεία
3373 3193 3520 3263 λέγει
3542 3190 3733 3264 Γραφὴ

475 3294 561 3342 rat
589 3282 829 3340 filiorum
860 3278 978 3336 Heli
1007 3280 1392 3350 iniquitatem?
1417 3297 1611 3351 nempe
1635 3283 1782 3353 quod
1810 3283 2063 3338 veniebat

476 3391 613 3451 puer
656 3372 985 3436 sacerdotis,
1034 3369 1363 3427 fuscinulam
1419 3371 1710 3428 tridentem
1752 3372 1959 3430 habens
2005 3375 2061 3429 in

478 3480 644 3521 manu
677 3476 798 3529 sua,
830 3460 1189 3530 mittebatque
1226 3458 1558 3515 fuscinulam
1602 3459 1658 3514 in
1690 3460 1920 3517 lebetem
1960 3478 2057 3519 seu

476 3552 744 3611 cacabum
805 3566 904 3609 seu
954 3550 1288 3616 caldariam;
1336 3559 1393 3606 et
1449 3564 1612 3607 omne
1651 3551 1799 3621 quod
1851 3552 2064 3608 levabat

478 3642 785 3709 luscinula,
836 3641 1060 3699 tollebat
1086 3630 1346 3696 sacerdos
1388 3639 1493 3697 sibi
1515 3641 1587 3697 ".
1644 3638 1774 3696 Vult
1803 3656 1934 3714 ergo
1967 3641 2059 3697 di-

479 3752 624 3806 cere,
664 3733 1113 3793 convenientibus
1166 3732 1234 3788 ad
1273 3731 1370 3788 Dei
1415 3731 1623 3787 cultum
1672 3732 1729 3787 in
1767 3734 1903 3788 urbe
1936 3730 2059 3789 Hic-

479 3828 718 3885 rusalem
765 3828 978 3898 copiam
1030 3825 1147 3881 fore
1210 3824 1469 3889 lebetum,
1523 3822 1726 3895 quibus
1770 3838 1911 3896 opus
1950 3832 2068 3880 erat

481 3919 617 3992 ipsis
640 3917 709 3973 ad
734 3919 1061 3989 explendum
1107 3916 1506 3974 sacriﬁciorum
1532 3917 1722 3971 ritum.
1749 3914 1845 3971 llis
1871 3914 2021 3971 addit
2045 3933 2062 3973 :

488 4030 508 4063 ι
538 4010 604 4067 Et
634 4024 742 4065 non
780 4010 886 4065 erit
921 4008 1272 4064 Chananaaus
1298 4008 1530 4064 ulterius
1557 4008 1614 4063 in
1656 4006 1820 4065 domo
1852 4005 2066 4063 Domini

396 4138 401 4141 ν
482 4099 874 4174 omnipotentis
916 4099 1006 4157 die
1035 4098 1147 4155 illa.
1178 4119 1198 4153 ι
1239 4099 1380 4166 Quia
1408 4097 1643 4155 infames
1673 4106 1831 4155 erant
1862 4096 2069 4154 Chana-

484 4193 591 4252 ιιπί
654 4193 726 4249 ob
780 4190 1237 4261 irreligiositatem
1306 4204 1633 4260 morumque
1691 4191 2016 4261 pravitatem
2042 4230 2058 4255 ,

484 4285 665 4349 innuit
704 4283 786 4342 sic
825 4282 1088 4356 propheta
1123 4282 1398 4339 desituros
1440 4281 1698 4354 deinceps
1731 4291 1964 4340 cunctos
1993 4285 2063 4341 de

481 4377 687 4453 populo
706 4375 1006 4434 Israelitico
1045 4374 1115 4431 ab
1140 4373 1421 4446 impietate
1447 4384 1544 4430 aut
1568 4374 1811 4447 qualibet
1847 4390 2060 4453 mprum

485 4444 718 4537 malitia,
749 4468 1035 4525 eventibus
1071 4467 1206 4539 ipsis
1221 4444 1417 4523 edocti
1446 4444 1712 4538 quantum
1754 4444 1959 4523 bonum
1990 4468 2065 4524 sit

486 4559 663 4632 pietas
689 4567 745 4614 et
770 4558 987 4614 virtutis
1018 4558 1283 4614 studium.
1338 4555 1430 4613 Sic
1468 4557 1634 4613 etiam
1667 4558 1860 4614 beatus
1887 4557 2059 4617 Oseas
2089 4546 2137 4603 Ῑ)

489 4651 567 4706 ait
600 4649 682 4705 ⁶³ε
710 4666 729 4701 ι
757 4646 1034 4707 Chanaan.
1057 4645 1294 4704 inmanu
1329 4649 1451 4717 ejus
1488 4657 1691 4706 statera
1731 4650 2060 4721 iniquitatis,

489 4743 803 4815 opprimere
841 4749 1202 4814 prmpotenter
1225 4743 1433 4798 dilexit.
1468 4740 1719 4813 Dixitque
1756 4742 2012 4814 Ephraim
2044 4763 2057 4801 :

495 4835 884 4894 Verumtamen
922 4834 1075 4892 dives
1124 4834 1302 4891 factus
1347 4850 1492 4902 sum,
1531 4835 1713 4892 inveni
1751 4836 1882 4891 mihi
1918 4838 2061 4892 sola.

489 4930 663 4987 tium.
730 4948 750 4983 ι
807 4928 1028 4989 Scilicet
1076 4930 1508 4989 Cbananaeorum
1595 4928 1819 4986 nomine
1852 4927 2064 4986 Israeli-

489 5033 578 5082 tas
622 5024 749 5081 illos
787 5022 1024 5095 appellat
1063 5022 1160 5095 qui
1201 5022 1396 5079 illicita
1446 5024 1695 5097 agebant,
1733 5023 2061 5082 Chananazo-

490 5133 619 5173 rum
641 5131 822 5173 mores
847 5115 1150 5172 imitantes.

2161 3287 2491 3361 διηγουμένη
2537 3288 2645 3342 τῶν
2673 3288 2803 3342 υίῶν
2849 3287 2967 3340 Ἠλὶ
2993 3288 3090 3357 τὴν
3126 3284 3501 3357 παρανομίαν;
3525 3284 3606 3337 ὅτι
3633 3283 3734 3354 ἧρ-

2163 3396 2289 3453 χετο
2305 3381 2366 3435 τὸ
2394 3381 2675 3454 παιδάριον
2705 3378 2799 3434 τοῦ
2834 3379 3024 3450 ἱερέως
3057 3379 3133 3443 ὡς
3156 3377 3222 3432 ἂν
3246 3375 3428 3449 ἡψήθη
3460 3374 3522 3429 τὸ
3545 3375 3731 3447 κρέας,

2166 3475 2263 3530 καὶ
2304 3475 2553 3547 κρεάγρα
2588 3473 2830 3544 τριόδους
2854 3475 2913 3526 ὲν
2945 3474 3013 3543 τῇ
3044 3472 3187 3544 χειρὶ
3214 3468 3401 3531 αὐτοῦ,
3431 3469 3526 3524 καὶ
3554 3467 3733 3523 καθίει

2164 3565 2334 3637 αὐτὴν
2364 3566 2445 3631 είς
2475 3565 2567 3619 τὸν
2592 3564 2815 3635 λέϐητα,
2837 3562 2872 3633 ἢ
2922 3564 3001 3627 είς
3051 3563 3151 3633 τὴν
3202 3560 3429 3633 χύτραν,
3474 3559 3507 3631 ἢ
3566 3560 3645 3622 είς
3672 3557 3734 3611 τὸ

2164 3657 2388 3728 χαλκίον
2412 3673 2427 3689 ·
2450 3655 2543 3710 καὶ
2575 3657 2683 3710 πᾶν
2713 3654 2743 3708 δ
2778 3654 3058 3707 ἀνέϐαινεν
3095 3654 3153 3706 ὲν
3180 3655 3247 3725 τῇ
3286 3652 3536 3724 κρεάγρᾳ
3573 3649 3736 3721 ἐλάμ-

2163 3746 2323 3801 ϐανεν
2377 3745 2559 3818 ἑαυτῷ
2602 3746 2632 3798 ὁ
2663 3743 2877 3816 ίερεύςς
2912 3743 3082 3797 Τοῦτο
3116 3739 3209 3797 οὖν
3237 3744 3409 3796 εἰπεῖν
3438 3739 3733 3811 ἠϐουλήθη,

2164 3839 2247 3892 δτι
2281 3836 2510 3908 ἀφθονία
2533 3835 2718 3891 λοιπὸν
2747 3837 2865 3898 τοῖς
2916 3835 3009 3888 ἐπὶ
3034 3835 3101 3906 τῇ
3148 3832 3412 3903 θεραπείᾳ
3458 3829 3551 3885 τοῦ
3596 3828 3733 3884 Θεοῦ

2167 3927 2408 3983 συνιοῦσι
2436 3928 2517 3991 εἰς
2541 3926 2643 3997 τὴν
2684 3923 3038 3997 Ἰερουσαλὴμ
3064 3922 3217 3977 ἔσται
3246 3922 3509 3995 λεϐήτων,
3548 3922 3607 3974 ὲν
3651 3914 3736 3984 οἷς

2166 4018 2444 4091 προσῆκεν
2469 4018 2666 4081 αὐτοὺς
2690 4017 2789 4090 τήν
2816 4017 2908 4069 ἐπὶ
2934 4018 3054 4080 ταῖς
3077 4014 3289 4079 θυσίαις
3316 4014 3502 4085 χρείαν
3527 4011 3737 4067 ἑαυτῶν

2165 4109 2494 4183 ἐκπληροῦν.
2548 4108 2770 4173 Τούτοις
2801 4108 2999 4178 ἐπάγει
3022 4124 3037 4139 ·
3071 4126 3089 4160 ι
3118 4106 3229 4161 Καὶ
3264 4107 3364 4160 οὐκ
3408 4105 3524 4159 ἔστι
3555 4106 3736 4159 Χανα-

2166 4205 2312 4268 ναῖος
2340 4201 2421 4257 In
2439 4202 2497 4255 ὲν
2518 4200 2595 4273 τῷ
2617 4201 2751 4272 οῐκῳ
2774 4200 2979 4270 Κυρίου
3008 4197 3467 4270 παντοκράτορος,
3500 4198 3578 4267 (p.
3605 4194 3732 4265 556)

2165 4293 2226 4348 ὲν
2261 4296 2328 4366 τῇ
2360 4292 2544 4366 ἡμέρα
2572 4292 2775 4364 ἐκείνῃ.
2800 4308 2820 4343 ι
2865 4289 3085 4362 Ἐπειδὴ
3112 4287 3526 4358 ὲπιϐεϐλημένοι
3554 4286 3734 4339 Χανα-

2165 4387 2305 4441 ναῖοι
2336 4384 2427 4439 τὸν
2450 4384 2651 4456 τρόπον
2680 4379 2821 4455 ἦσαν
2858 4381 2951 4435 ἐπί
2983 4398 3045 4435 τε
3085 4380 3309 4451 ἀσεϐείᾳ
3348 4378 3442 4432 ἐπί
3477 4395 3536 4432 τε
3585 4375 3734 4446 ήθῶν

2171 4471 2460 4545 μοχθηρίᾳ,
2487 4470 2651 4526 τοῦτο
2681 4470 2927 4543 βούλεται
2960 4470 3241 4535 είπεῐν,ὅτι
3275 4468 3574 4522 παύσονται
3597 4465 3734 4521 πάν-

2161 4582 2254 4629 τες
2269 4565 2455 4619 λοιπὸν
2484 4566 2534 4619 οί
2575 4564 2670 4619 τοῦ
2713 4563 2931 4638 Ἰσραὴλ
2955 4562 3052 4617 τοῦ
3088 4561 3222 4635 πρὸς
3266 4560 3522 4615 ἀσέϐειαν
3550 4560 3585 4632 ή
3612 4576 3734 4614 τινα

2168 4658 2472 4731 μοχθηρίαν
2516 4657 2693 4712 νεύειν
2733 4655 2902 4728 ὴθῶν,
2933 4655 2992 4724 ἐξ
3020 4653 3197 4710 αὐτῶν
3229 4652 3598 4723 δεδιδαγμένοι
3621 4650 3734 4705 τῶν

2165 4748 2507 4821 πραγμάτων
2543 4749 2727 4820 ἡλίκον
2776 4748 2980 4818 ἀγαθὸν
3008 4745 3287 4810 εὐσεϐείας
3315 4761 3374 4798 τε
3410 4746 3503 4798 καὶ
3533 4744 3735 4815 ἀρετῆς

2166 4839 2646 4912 ὲπιμέλεια.οὖτω
2673 4841 2767 4894 καὶ
2792 4842 2822 4894 ὁ
2852 4839 3120 4911 μακάριος
3164 4836 3322 4907 Ὠσηὲ
3358 4834 3537 4905 λέγει’
3562 4852 3581 4885 ι
3618 4835 3733 4887 Χα-

2165 4932 2299 4988 ναὰν
2318 4970 2334 4996 ,
2354 4933 2414 4986 ὲν
2444 4933 2511 5003 τῇ
2562 4930 2704 5002 χειρὶ
2755 4929 2921 4985 αὐτοῦ
2968 4928 3130 4998 ζυγὸς
3167 4926 3400 4989 ἀδικίας,
3428 4924 3734 4980 καταδυνα-

2168 5023 2378 5079 στεύειν
2405 5023 2684 5094 ἠγάπησεο
2720 5022 2814 5077 καὶ
2847 5018 2999 5076 εἶπεν
3040 5018 3300 5092 Ἐφραίμ,
3329 5017 3476 5089 Πλὴν
3507 5014 3738 5070 πεπλού-

2167 5132 2332 5188 τηκα,
2370 5114 2585 5187 εὕρηκα
2619 5113 2900 5185 ἀναψυχὴν
2931 5111 3182 5185 ὲμαυτῷο
3227 5130 3246 5164 ι
3279 5113 3346 5181 τῇ
3374 5108 3483 5162 τῶν
3514 5104 3734 5160 Χαναὰν

492 5208 861 5285 προσηγορίᾳ,
912 5208 1040 5273 τοὺς
1088 5205 1421 5281 Ἰσραηλίτας
1453 5207 1516 5263 τὸ
1567 5208 1641 5281 μὴ
1678 5208 1797 5264 δέον
1836 5208 2333 5282 διαπραττομένους
2381 5206 2650 5273 καλέσας,
2711 5206 2786 5272 ὡς
2815 5205 2882 5260 ἂν
2903 5203 2995 5258 τὸν
3048 5201 3272 5259 ἐκείνων
3326 5200 3527 5273 τρόπον
3567 5215 3735 5272 μεμιο

499 5318 572 5373 μη
582 5301 798 5373 μένους.

568 5478 614 5512 ⁸·
639 5473 663 5531 1
684 5475 816 5550 Reg.
847 5489 908 5542 ιι,
942 5476 1030 5533 15.
1106 5477 1154 5510 ⁸³
1182 5475 1306 5534 Ose.
1326 5490 1426 5542 xu,
1462 5474 1514 5530 7.
