4096 6234
369 343 474 402 597

1282 346 1831 403 COMMENTARIUS
1867 345 1931 401 ΙΝ
1975 345 2351 400 MALACDIA‘J
2393 345 2544 402 CAP.
2584 343 2628 400 1.

3511 349 3614 401 598

3138 505 3299 515 ...ο-’.-

3302 504 3585 518 ———-—-————o——.

843 655 1400 742 EPMHNEIA
1488 653 2073 743 ΜΑΛΑΧΙΟΥ
2180 652 2405 739 ΤΟΥ
2496 653 3137 741 ΠΡΟΦΗΤΟΥ.

371 1101 1508 1229 COMMENTARIUS
1574 1115 1710 1226 IN
1782 1093 2625 1224 MALACHIAM
2693 1102 3601 1217 PROPHETAM.

1971 1358 2038 1368 ...-

442 1478 564 1530 Τῶν
612 1479 894 1550 μακαρίων
927 1484 1221 1554 προφητῶν
1267 1485 1518 1555 ’Δγγαίου
1543 1506 1600 1541 τε
1635 1490 1728 1542 καὶ
1756 1492 1933 1558 Ζαχα-

2107 1486 2267 1557 363
2303 1484 2438 1538 Cum
2485 1484 2624 1539 beati
2658 1483 2931 1553 propheta:
2963 1468 3189 1550 Aggzeus
3224 1492 3283 1530 ac
3324 1475 3614 1528 Zacharias

371 1567 490 1640 ρίου
546 1569 683 1640 μετά
739 1569 836 1640 τὴν
882 1571 991 1624 ἀπὸ
1045 1573 1363 1641 Βαϐυλῶνος
1396 1579 1649 1632 ἐπάνοδον
1679 1580 1769 1633 τοῦ
1811 1579 1938 1632 λαοῦ

373 1658 514 1713 κατὰ
574 1660 720 1711 θείαν
788 1666 1280 1734 προφητευσάντων
1334 1668 1647 1737 ἐνέργειαν,
1692 1671 1941 1736 Ἀγγαῖος

378 1751 478 1820 μὲν
505 1754 531 1804 ὁ
556 1752 824 1822 μακάριος
868 1754 995 1825 περὶ
1040 1772 1097 1808 τε
1137 1757 1234 1825 τῆς
1268 1760 1397 1812 ναοῦ
1428 1761 1715 1829 οἰκοδομῆς
1748 1760 1941 1814 διείλε-

378 1860 503 1895 κται
534 1843 608 1914 τῷ
638 1844 772 1914 λαῷ,
808 1847 899 1898 καὶ
935 1846 998 1918 δὴ
1040 1849 1134 1901 καὶ
1162 1850 1269 1903 τῶν
1300 1853 1425 1923 περὶ
1472 1852 1563 1905 τὸν
1597 1852 1717 1921 Γὼγ
1752 1853 1942 1924 μηνύει

379 1936 478 2006 τὴν
504 1936 773 1990 ἀπώλειαν
793 1956 807 1970 ο
846 1942 874 1992 ὁ
898 1939 954 1993 δὲ
987 1943 1253 2013 μακάριος
1282 1946 1554 2015 Ζαχαρίας
1573 1945 1742 2001 ταῦτά
1771 1964 1828 1999 τε
1854 1946 1943 2000 λέ-

381 2044 488 2095 γει,
528 2029 832 2099 προστιθεὶς
863 2032 956 2084 καὶ
1000 2032 1068 2085 τὰ
1090 2033 1228 2087 κατά
1250 2035 1373 2097 τοὺς
1402 2034 1785 2100 Μα“κκαϐαίους
1808 2037 1946 2107 μετά

379 2119 548 2171 πολὺν
577 2121 835 2188 γεγονότα
867 2122 960 2175 τὸν
984 2123 1192 2195 χρόνον,
1226 2128 1318 2180 καὶ
1350 2126 1412 2197 δὴ
1458 2130 1549 2181 καὶ
1578 2129 1946 2199 ἀποκαλύψεις

374 2211 579 2272 πολλὰς
618 2215 712 2265 καὶ
750 2213 1038 2285 διαφόρους
1076 2216 1367 2278 ἐκτίθεται,
1399 2219 1464 2271 δι’
1494 2212 1566 2271 ὧν
1595 2220 1654 2273 τό
1681 2238 1739 2272 τε
1779 2220 1949 2273 ποικί-

374 2303 468 2355 λον
493 2305 592 2373 τῆς
638 2306 763 2375 περὶ
798 2307 992 2372 αὐτοὺς
1023 2309 1339 2378 εὐεργεσίας
1374 2311 1608 2380 ἐδήλωσε
1642 2311 1735 2363 τοῦ
1791 2312 1944 2376 Θεοῦ,

377 2396 477 2448 καὶ
534 2395 883 2451 διδασκαλίαν
923 2401 1246 2471 παρέσχετο,
1290 2402 1568 2474 θεοσεϐείᾳ
1608 2421 1665 2456 τε
1697 2406 1791 2458 καὶ
1837 2407 1949 2459 ἐπι-

382 2484 577 2556 μελείᾳ
606 2485 720 2555 βίου
757 2490 1052 2558 προσάγειν
1083 2492 1278 2554 αὐτοὺς
1314 2492 1613 2563 δυναμένην
1642 2496 1947 2566 αὐτάρκως.

378 2579 461 2646 (p.
495 2577 622 2647 5'57)
675 2579 890 2651 Ἐπειδὴ
921 2580 975 2633 δὲ
1021 2583 1119 2652 τῆς
1162 2582 1311 2646 θείας
1348 2585 1599 2654 προνοίας
1634 2585 1951 2652 ἀξιωθέντες

392 2669 658 2730 Ἰουδαῖοι,
711 2671 804 2723 καὶ
855 2673 954 2742 τῆς
988 2674 1095 2727 ἀπὸ
1129 2675 1444 2739 Βαϐυλῶνος
1478 2676 1757 2743 ἐπανόδου,
1799 2678 1951 2732 πλεί-

2043 1587 2164 1649 post
2187 1577 2368 1648 populi
2402 1574 2672 1644 Babylone
2714 1575 2942 1627 reditum
2975 1571 3160 1624 divino
3201 1568 3461 1621 instinctu
3497 1578 3623 1633 pro-

2044 1673 2347 1742 phetarent,
2384 1670 2569 1722 beatus
2585 1666 2800 1735 quidem
2830 1667 3057 1734 Aggams
3089 1659 3352 1728 detcmpli
3377 1657 3612 1711 aedilica-
3706 1682 3709 1685 λ

2043 1766 2191 1817 tione
2222 1762 2482 1818 disseruit
2526 1775 2648 1812 cum
2692 1757 2909 1827 p0pulo,
2942 1765 2993 1809 et
3033 1753 3165 1824 Gogi
3194 1753 3355 1806 etiam
3384 1750 3615 1803 exitium

2043 1853 2326 1925 praedixit;
2385 1852 2574 1906 beatus
2624 1857 2804 1901 autem
2858 1845 3154 1899 Zacharias
3224 1841 3410 1897 eadem
3457 1841 3611 1900 dixit,

2044 1944 2270 2015 adjectis
2316 1944 2481 1997 etiam
2540 1941 3003 1995 Macchahatorum
3055 1937 3218 1992 rebus
3269 1950 3389 2005 qua:
3446 1934 3615 1987 ιιιιιιιιι

2043 2050 2287 2106 tempore
2338 2043 2460 2104 post
2490 2042 2791 2089 evenerunt
2824 2050 2835 2084 :
2871 2040 2983 2085 tum
3019 2036 3072 2083 et
3117 2029 3315 2082 nmltas
3345 2027 3617 2080 diversas-

2044 2146 2149 2200 que
2202 2127 2558 2183 revelationes
2612 2123 2837 2187 addidit,
2888 2123 3085 2193 quibus
3128 2129 3181 2176 et
3231 2118 3614 2175 beneﬁciorum

2049 2223 2140 2278 Dei
2183 2236 2309 2291 erga
2356 2218 2574 2273 Judaeos
2609 2218 2922 2271 varietatem
2954 2213 3272 2274 declaravit,
3317 2220 3371 2265 et
3410 2209 3616 2263 doctri-

2046 2328 2171 2369 nam
2232 2311 2455 2367 tradidit
2522 2308 2867 2364 admovendo
2925 2307 3047 2360 illos
3118 2303 3368 2358 idoneam
3432 2299 3619 2371 pietati

2050 2418 2368 2473 morumque
2418 2400 2697 2471 probitati.
2750 2396 2853 2452 Sed
2898 2397 3025 2467 quia
3060 2395 3298 2450 divinam
3339 2393 3621 2463 providen-

2048 2495 2179 2551 tiam
2230 2494 2410 2565 adepti
2442 2491 2613 2547 Judzei
2650 2506 2749 2545 nec
2798 2504 2908 2544 non
2954 2488 3231 2558 Babylone
3274 2485 3525 2548 reditum,
3563 2492 3619 2536 et

2049 2588 2284 2659 plurima
2341 2587 2468 2641 dein
2515 2584 2656 2637 bona
2695 2583 2999 2645 consecuti,
3048 2579 3324 2649 multaque
3379 2576 3619 2631 fruentes

2051 2679 2330 2742 felicitate,
2371 2675 2518 2732 haud
2559 2676 2696 2730 bene
2737 2674 2839 2730 hoc
2869 2672 3064 2728 solatio
3098 2680 3225 2727 sunt
3269 2671 3390 2736 nsi;
3435 2684 3619 2725 sacer-

380 2777 527 2812 στων
572 2778 632 2813 τε
670 2761 810 2814 ὅσων
865 2765 1223 2834 τετυχηκότες
1264 2766 1503 2834 ἀγαθῶν,
1536 2769 1627 2821 καὶ
1665 2768 1729 2841 δὴ
1762 2770 1856 2823 καὶ
1894 2772 1951 2823 ἐν

2061 2772 2273 2827 dotibus
2311 2769 2569 2824 nimirum
2613 2782 2677 2821 ac
2718 2766 2915 2837 popqu
2953 2764 3208 2819 universo
3243 2768 3517 2833 peccante,
3546 2760 3621 2813 ita

379 2849 660 2922 εὐπραγίᾳ
708 2853 1077 2917 καταστάντες
1126 2856 1315 2927 πολλῇ,
1356 2860 1455 2912 οὑκ
1510 2862 1590 2925 είς
1622 2860 1738 2913 δέον
1785 2862 1949 2932 ἐχρή-

2061 2872 2113 2918 ιιι
2144 2877 2210 2918 ne
2233 2867 2436 2916 statuta
2466 2857 2687 2928 quidem
2736 2854 3006 2911 sacrificia
3038 2852 3426 2907 convenienter
3469 2850 3619 2903 face-

385 2959 555 2996 σαντο
584 2946 649 3014 τῇ
694 2944 893 3010 ἀνέσει,
932 2946 1001 2999 τά
1038 2947 1135 3016 μὲν
1163 2947 1269 3002 τῶν
1311 2950 1531 3021 ἱερέων,
1550 2951 1617 3004 τὰ
1644 2952 1699 3004 δὲ
1733 2951 1826 3004 καὶ
1854 2950 1948 3004 τοῦ

2061 2961 2208 3009 rent:
2260 2950 2574 3006 necessario
2623 2950 2712 3003 hic
2743 2955 2927 3001 noster
2975 2945 3236 3016 propheta
3279 2942 3461 2997 divina
3492 2956 3625 3011 ope-

381 3033 518 3088 λαοῦ
548 3034 991 3107 πλημμελοῦντος
1026 3039 1244 3106 παντὸς,
1279 3040 1355 3105 ὼς
1387 3043 1481 3095 καὶ
1508 3041 1604 3104 τὰς
1628 3042 1769 3096 κατά
1789 3043 1953 3112 νόμον

378 3125 701 3196 ὡρισμένας
723 3127 913 3192 Θυσίας
931 3129 1003 3200 μὴ
1022 3131 1161 3201 μετὰ
1188 3131 1281 3185 τοῦ
1308 3135 1670 3205 προσήκοντος
1694 3134 1952 3197 ἐκτελεῖν,

386 3217 704 3285 ἀναγκαίως
740 3219 769 3272 ό
816 3220 1005 3290 παρὼν
1060 3223 1240 3276 οὐτοσὶ⁸
1288 3227 1571 3297 προφήτης
1619 3226 1759 3280 κατά
1806 3226 1954 3280 θείαν

386 3309 668 3377 ἐνέργειαν
701 3311 793 3363 ἐπὶ
829 3311 985 3365 τοῦτο
1014 3315 1359 3386 προϐληθεὶς,
1388 3316 1598 3387 ἐλέγχει
1634 3318 1732 3388 μὲν
1754 3317 1863 3371 τῶν
1896 3335 1954 3371 τε

385 3398 581 3469 ίερέων
627 3401 721 3454 καὶ
754 3401 845 3455 τοῦ
891 3402 1020 3458 λαοῦ
1066 3404 1165 3469 τὰς
1211 3407 1607 3478 πλημμελείας,
1641 3410 1705 3472 ἃς
1756 3409 1956 3473 αἵτινές

386 3493 551 3555 εἰσιν,
577 3492 636 3557 ἐξ
658 3494 837 3548 αὐτῶν
858 3496 966 3551 τῶν
990 3500 1390 3570 γεγραμμένων
1431 3501 1651 3573 ἄμεινον
1683 3501 1843 3571 μάθοι
1871 3518 1956 3564 τις

386 3585 494 3638 ἄν·
542 3586 728 3656 μηνύει
772 3588 830 3641 δὲ
874 3589 966 3643 καί
1016 3607 1137 3644 τινα
1172 3592 1279 3645 τῶν
1335 3593 1626 3664 ἐσομένων.
1666 3594 1874 3664 Ὀνομα
1899 3593 1955 3646 δὲ

387 3674 473 3745 τῷ
497 3680 765 3755 προφήτῃ,
793 3682 931 3736 κατὰ
964 3684 1060 3753 μὲν
1092 3683 1189 3756 τὴν
1228 3684 1492 3756 Ἑλλήνων
1538 3684 1802 3755 γλῶτταν,
1830 3688 1958 3754 Ἀγ-

2054 3048 2267 3101 ratione
2322 3044 2389 3097 ad
2424 3043 2529 3098 hoc
2575 3042 2800 3101 electus,
2842 3037 3186 3095 sacerdotum
3226 3037 3429 3107 pariter
3462 3042 3630 3104 atque

2056 3136 2240 3207 ροριιιί
2290 3143 2508 3203 peccata
2559 3133 2872 3203 redarguit:
2904 3146 3025 3200 qua:
3068 3127 3375 3199 cuiusmodi
3401 3126 3622 3191 fuerint,

2057 3245 2122 3284 ex
2154 3228 2287 3299 ipsis
2328 3225 2547 3295 scriptis
2593 3225 2789 3279 melius
2827 3223 3096 3293 quispiam
3128 3225 3437 3290 cognoscet.
3468 3217 3627 3283 Quae-

2059 3318 2183 3373 dam
2222 3318 2383 3371 etiam
2423 3315 2603 3369 futura
2637 3313 2899 3385 praedicit.
2933 3310 3140 3366 Nomen
3187 3320 3369 3364 autem
3398 3309 3627 3378 prophe-

2060 3422 2127 3465 tae
2175 3418 2260 3465 est
2291 3408 2603 3463 Grazcorum
2641 3405 2859 3474 quidem
2906 3404 3092 3474 lingua
3125 3400 3378 3471 angelus,
3427 3408 3480 3451 at
3523 3396 3627 3451 lie-

2060 3501 2328 3555 brzeorum
2368 3497 2690 3560 Malacliias;
2726 3495 2987 3566 quoniam
3035 3492 3286 3564 angelum
3334 3491 3407 3545 ita
3447 3489 3629 3542 dicere

2061 3595 2237 3648 solent
2278 3590 2509 3645 Hebraei.
2542 3580 2903 3654 Quamobrem
2950 3584 3002 3638 in
3034 3583 3345 3639 Graecorum
3379 3585 3629 3635 sermone

2062 3685 2285 3755 angelus
2334 3681 2637 3754 appellatur
2685 3695 2781 3750 pro
2815 3675 3097 3732 Malachia.
3134 3673 3223 3728 Sic
3250 3679 3429 3727 autem
3459 3670 3626 3725 dicit:

388 3770 583 3839 γελος·
630 3773 770 3827 κατά
818 3774 876 3828 δὲ
922 3775 1019 3847 τὴν
1063 3776 1326 3849 Ἐϐραίων
1351 3817 1366 3842 ,
1403 3778 1686 3849 Μαλαχίας
1709 3795 1722 3809 ·
1778 3777 1968 3849 ἐπειδὴ
2014 3780 2103 3832 τὸν
2129 3777 2357 3846 ἄγγελον
2408 3774 2550 3826 οὕτω
2602 3772 2789 3826 καλεῖν
2826 3767 3095 3841 Ἑϐραίοις
3149 3763 3299 3828 ἐθος·
3357 3761 3480 3817 ὅθεν
3536 3764 3631 3817 καὶ

391 3864 663 3937 μεταϐολῇ
710 3869 775 3939 τῇ
816 3869 893 3933 είς
922 3869 1020 3941 τὴν
1068 3869 1334 3942 Ἐλλήνων
1388 3870 1634 3940 γλῶτταν
1681 3871 1909 3940 ἄγγελος
1956 3871 2218 3942 κέκληται
2241 3870 2361 3924 ἀντὶ
2382 3866 2685 3937 Μαλαχίου.
2720 3865 2882 3933 Λέγει
2909 3863 2965 3916 δὲ
2988 3861 3190 3924 οὕτως·
3238 3909 3243 3913 .

1048 3960 1205 4014 ΚΕΦ.
1236 3960 1314 4015 Α⁸.

466 4047 617 4118 Στίχ.
659 4054 728 4116 α’,
757 4048 821 4119 β’.
858 4079 927 4089 -
964 4068 984 4102 ι
1028 4050 1239 4122 Λῆμμα
1292 4052 1450 4122 λόγου
1504 4052 1709 4121 Κυρίου
1751 4053 1844 4107 ἐπὶ
1869 4052 1960 4106 τὸν
1987 4039 2030 4096 C

407 4140 625 4212 Ἰσραὴλ
650 4141 708 4194 ἐν
737 4142 878 4214 χειρὶ
908 4142 1140 4212 ἀγγέλου
1170 4142 1355 4197 αὑτοῦ.
1373 4164 1390 4197 ι
1420 4145 1536 4198 Ἵνα
1566 4145 1697 4218 εἴπῃ
1716 4147 1797 4199 ὅτι
1823 4142 1965 4198 κατά

398 4230 550 4286 θείαν
575 4231 857 4303 ἐνέργειαν
882 4234 1238 4307 ἐνεπιστεύθη
1279 4236 1339 4288 τὸ
1372 4239 1470 4300 τῆς
1505 4236 1837 4308 προφητείας
1875 4236 1965 4308 ἑρ-

394 4340 494 4392 γον
527 4326 556 4378 ὁ
587 4324 814 4393 ἄγγελος
834 4327 913 4389 είς
943 4325 1160 4397 ἔλεγχον
1191 4325 1285 4382 τοῦ
1338 4325 1566 4399 Ἰσραὴλ,
1595 4328 1781 4398 ἐπειδὴ
1812 4330 1962 4400 κοινῇ

392 4416 569 4489 ταύτῃ
601 4418 942 4491 προσηγορία
985 4418 1111 4483 τούς
1156 4436 1216 4473 τε
1252 4419 1431 4490 ίερέας
1472 4419 1567 4473 καὶ
1597 4420 1689 4473 τὸν
1717 4418 1845 4473 λαδν
1876 4436 1968 4490 ση-

402 4509 615 4580 μαίνειν
640 4510 871 4582 ἤμελλεν
905 4528 920 4541 ·
964 4512 1291 4584 Ἰσραηλῖται
1322 4512 1431 4583 γὰρ
1463 4512 1696 4575 ἅπαντες
1724 4511 1970 4582 ἐλέγοντο

397 4601 627 4666 κοινῶςο
664 4598 782 4657 εἶτα
814 4602 952 4673 μετά
976 4604 1073 4675 τὴν
1116 4604 1368 4658 εἰωθυῖαν
1413 4604 1615 4675 ταύτην
1647 4603 1969 4676 προγραφὴν

398 4695 512 4749 τῶν
542 4696 896 4769 προφητικῶν
939 4696 1179 4766 βιϐλίων,
1222 4699 1444 4768 ἄρχεται
1483 4698 1590 4751 τῶν
1627 4698 1841 4753 οίκείων
1880 4698 1968 4752 λόο

401 4804 516 4855 γων
546 4789 575 4841 ό
608 4789 892 4859 προφήτης
916 4788 1120 4852 οὕτως·
1161 4807 1179 4840 ι
1210 4788 1377 4842 Θέσθε
1400 4789 1456 4842 δὲ
1490 4790 1581 4843 ἐπὶ⁸
1613 4789 1712 4853 τὰς
1744 4788 1970 4860 καρδίας

403 4876 581 4948 ὑμῶν.
624 4897 642 4930 ι
675 4879 952 4934 Κάλλιστα
994 4879 1069 4942 ὡς
1112 4877 1177 4932 ἂν
1223 4877 1672 4948 παραλελοιπόσιν
1716 4878 1843 4949 ἄχρι
1877 4876 1968 4930 τοῦ

400 4969 566 5039 δεῦρο
601 4968 639 5024 ἃ
681 4971 855 5024 ποιεῖν
899 4971 1097 5034 αὐτοὺς
1145 4970 1422 5042 προσῆκον
1458 4965 1527 5041 ἦν
1564 4987 1578 5002 ·
1605 4969 1815 5024 κελεύει
1875 4970 1971 5024 νῦν

405 5060 469 5113 τὸ
499 5059 617 5115 δέον
667 5057 727 5115 εὖ
775 5061 1115 5131 λογίσασθαι,
1168 5064 1245 5133 (p.
1293 5063 1419 5133 538)
1464 5063 1558 5118 καὶ
1593 5064 1824 5118 συνιδεῖν
1875 5065 1973 5135 μὲν

408 5149 552 5220 άπερ
586 5149 873 5221 ἔπραττον,
902 5153 1193 5224 δοκιμάσαι
1224 5154 1282 5207 δὲ
1332 5154 1529 5208 ὁπόσον
1558 5154 1834 5222 ἐξέϐαινον
1877 5154 1971 5209 τοῦ

334 5300 340 5307 ,
412 5245 799 5315 προσήκοντος,
827 5245 901 5308 ὡς
931 5244 997 5299 ἀν
1021 5262 1141 5298 τινα
1179 5245 1274 5299 καὶ
1299 5245 1584 5315 διόρθωσιν
1612 5248 1732 5309 ταῖς
1764 5246 1973 5302 ἑαυτῶν

412 5332 813 5401 προσαγάγοιεν
866 5332 1289 5404 πλημμελείαις.
1338 5330 1469 5387 Εἶτα
1521 5335 1658 5404 μετά
1690 5335 1791 5405 τὴν
1839 5352 1973 5407 προ-

410 5424 620 5493 τροπὴν
656 5426 749 5477 καῖ⁵
793 5424 894 5495 τὴν
922 5425 1242 5494 παραίνεσιν
1273 5424 1394 5477 καθ’
1417 5426 1482 5495 ἦν
1520 5424 1973 5495 ἐπιμελεστέρους
2012 5474 2017 5477 ν

410 5516 610 5578 αὐτοὺς
638 5516 765 5588 περὶ
796 5514 859 5569 τὸ
878 5516 993 5570 δέον
1023 5518 1321 5587 εἰργάζετο.
1351 5518 1581 5585 ἐπάγει·
1617 5536 1635 5567 ι
1687 5517 1974 5588 Ίίγάπησα

416 5606 582 5674 ὑμᾶς,
605 5606 753 5675 λέγει
778 5608 997 5678 Κύριος.
1022 5629 1040 5659 ι
1075 5608 1270 5673 Καλῶς
1294 5610 1401 5682 γὰρ
1427 5612 1539 5675 τοῖς
1572 5610 1847 5679 ἀγνώμοσι
1871 5610 1976 5681 πρὸ

416 5693 635 5748 πάντων
665 5697 763 5766 τὴν
800 5698 1018 5768 ἀγάπην
1046 5697 1191 5768 λέγει
1218 5698 1314 5770 τὴν
1345 5700 1571 5767 οἰκείαν,
1614 5700 1812 5754 ὡσανεὶ
1841 5700 1976 5769 πρὸς

418 5783 622 5857 ταύτην
659 5786 926 5859 κρίνοιντο
956 5788 1187 5860 μάλιστα
1234 5790 1604 5865 ἐλεγχομένοις
1630 5792 1717 5847 ἐπὶ
1748 5796 1810 5864 τῇ
1838 5810 1973 5862 φαυο

2008 5197 2050 5252 D

2732 3950 2885 4008 CAP.
2927 3952 2965 4006 1.

2136 4052 2303 4110 Vens.
2348 4053 2400 4116 1,
2432 4052 2486 4106 2.
2515 4080 2584 4091 —
2628 4068 2647 4101 ι
2680 4046 2997 4116 Assumptio
3035 4043 3186 4099 verbi
3226 4041 3435 4098 Domini
3473 4055 3631 4110 super

2061 4144 2315 4203 lsraelem
2349 4145 2406 4200 in
2446 4159 2608 4198 manu
2654 4140 2827 4211 angeli
2862 4139 3056 4209 ipsius.
3090 4156 3108 4188 ι
3163 4133 3219 4189 Id
3252 4142 3335 4190 est
3367 4132 3529 4204 365
3554 4132 3625 4186 di.

2067 4238 2192 4294 vina
2246 4238 2559 4308 operatione
2605 4231 2977 4287 concreditum
3017 4238 3101 4283 est
3148 4226 3442 4297 praphetia:
3494 4238 3635 4293 opus

2066 4331 2277 4402 angelo,
2328 4327 2397 4383 ad
2441 4326 2660 4382 lsraelis
2694 4321 3217 4395 reprehensionem:
3256 4331 3489 4387 namque
3533 4316 3635 4370 hoc

2066 4422 2287 4477 nomine
2347 4418 2661 4476 sacerdotes
2730 4415 2895 4471 simul
2951 4422 3006 4468 et
3064 4410 3320 4484 populum
3377 4409 3637 4464 denotare

2070 4513 2323 4568 volebat:
2354 4509 2535 4567 cuncti
2584 4507 2908 4563 dicebantur
2946 4502 3310 4559 communiter
3353 4498 3633 4555 Israelita.

2075 4603 2281 4660 Deinde
2317 4611 2439 4674 post
2487 4602 2590 4656 hoc
2617 4599 2838 4656 solitum
2890 4595 3334 4668 propheticorum
3371 4592 3634 4648 librorum

2072 4695 2396 4768 prooemium
2419 4709 2514 4749 seu
2546 4692 2788 4752 titulum,
2818 4688 2899 4743 sic
2930 4688 3145 4743 initium
3169 4684 3303 4741 facit
3325 4697 3636 4741 sermonum

2074 4801 2298 4843 suorum
2342 4784 2683 4855 prophetam
2720 4778 2912 4835 Ponite
2958 4778 3014 4833 in
3051 4776 3310 4833 cordibus
3357 4771 3571 4829 vestris.
3609 4787 3639 4821 ι

2074 4880 2298 4952 Egregie
2340 4877 2420 4933 sic
2478 4875 2776 4947 alloquitur
2821 4874 2949 4929 illos
2993 4874 3095 4944 qui.
3140 4871 3404 4925 hactenus
3452 4862 3637 4919 debita

2076 4973 2250 5029 ollicia
2276 4971 2646 5043 neglexerant.
2672 4967 2835 5022 lubet
2861 4980 2991 5037 ergo
3017 4978 3161 5018 nunc
3178 4961 3308 5029 quid
3330 4974 3469 5029 Opus
3491 4956 3641 5009 iacto

2076 5067 2150 5122 sit
2177 5065 2439 5136 cogitare,
2475 5069 2530 5117 et
2560 5059 2689 5132 quid
2737 5062 2946 5131 egerint
2972 5054 3341 5116 considerare,
3378 5057 3433 5105 et
3463 5062 3639 5129 quan-

2048 5167 2190 5211 -tum
2223 5170 2252 5209 a
2290 5151 2614 5209 rectitudine
2657 5148 3105 5206 exorbitaverint.
3140 5152 3199 5198 ut
3242 5143 3480 5211 aliquam
3513 5154 3642 5209 pec.
3689 5168 3701 5187 ι

2079 5254 2325 5300 calorum
2366 5256 2589 5296 suorum
2619 5239 3054 5295 emendationem
3089 5239 3309 5288 curent.
3355 5229 3475 5285 Mox
3516 5235 3641 5298 post

2079 5338 2372 5407 impulsum
2401 5346 2454 5390 et
2489 5333 2941 5392 adhortationem,
2992 5341 3098 5397 qua
3136 5341 3230 5381 eos
3273 5324 3641 5395 diligentiores

2081 5427 2146 5482 ad
2205 5425 2435 5480 cilicium
2493 5423 2749 5489 reddidit,
2798 5420 3147 5491 prosequitur
3189 5436 3202 5472 :
3241 5436 3259 5468 ι
3296 5415 3462 5471 Dilexi
3520 5428 3640 5477 vos,

2080 5519 2212 5574 dicit
2244 5518 2520 5572 Dominus.
2562 5536 2579 5567 ι
2618 5515 2762 5568 Bene
2804 5512 3030 5580 ingratis
3054 5514 3186 5565 ante
3212 5510 3393 5564 omnia
3434 5522 3643 5561 memo-

2081 5618 2165 5664 rat
2210 5623 2449 5664 amorem
2489 5624 2668 5669 suum,
2707 5612 2763 5659 ut
2808 5603 2929 5658 inde
2947 5603 3282 5673 iudicentur,
3317 5600 3383 5655 de
3417 5612 3644 5654 suorum

2084 5715 2293 5755 morum
2332 5699 2596 5770 pravitate
2649 5695 2905 5752 convicti.
2968 5713 2986 5747 ι
3018 5696 3083 5751 Ει
3131 5693 3345 5748 dixistis
3382 5690 3477 5745 :ln
3534 5706 3647 5756 quo
3684 5678 3705 5697 ⁸

2079 5792 2316 5850 dilexisti
2366 5791 2504 5849 nos?
2538 5810 2556 5843 ι
2592 5790 2753 5860 Atqui
2807 5789 3068 5848 omnibus
3115 5785 3451 5845 exoloratum
3503 5789 3644 5846 erat,
