4106 6238
442 322 553 385 ΒΘ
1600 327 1690 383 TH
1699 328 1947 384 EODORI
1976 328 2031 382 Ml

2134 330 2204 386 5U
2213 328 2339 385 EST
2344 328 2457 385 EN!
3564 325 3663 385 600

448 449 774 510 quantorum
818 440 949 511 ipsis
979 442 1246 497 bonorum
1301 454 1494 501 auctor
1525 448 1846 510 exstitisset,
1890 448 2006 501 sive

2134 446 2286 515 omn
2314 446 2423 499 τῶν
2446 446 2659 515 τρόπων
2696 445 2804 498 τῶν
2841 442 3078 496 οἰκείων.
3116 459 3135 491 ι
3175 441 3286 496 Καὶ
3327 442 3538 504 εῐπατε,
3579 443 3667 496 Ἐν

452 540 608 587 antea
640 533 830 601 gestis.
864 535 979 590 sive
1018 545 1203 605 postea
1245 553 1384 607 saepe
1416 554 1661 603 numero,
1692 540 1807 595 sive
1844 540 2008 594 etiam

2134 537 2212 589 τίνι
2238 536 2527 605 ἠγάπησας
2548 536 2696 604 ἡμᾶς
2725 550 2739 597 ;
2776 552 2794 584 ι
2838 531 2997 602 δήλου
3039 532 3187 600 παρὰ
3216 532 3348 583 πᾶσι
3379 530 3660 598 τυγχάνον-

455 639 627 693 nuper
683 625 932 694 patratis.
998 626 1107 680 Sed
1158 643 1275 683 mos
1325 638 1409 684 est
1464 632 1664 685 divinae
1719 630 2013 699 Scriptura:

2134 645 2200 692 τος
2232 630 2442 681 ὁπόσων
2496 626 2675 688 αὑτοῖς
2724 623 2941 693 ἀγαθῶν
2975 624 3140 685 αἴτιος
3184 621 3444 691 ἐγεγόνει,
3473 620 3579 673 εἴτε
3606 623 3669 673 ὲκ

456 728 638 767 vocem
684 729 787 783 pro
832 730 890 769 re
942 717 1221 781 adhibere,
1270 727 1322 774 et
1371 720 1649 773 hominum
1697 727 1896 775 statum
1930 720 2011 774 vel

2134 719 2216 771 τῶν
2274 716 2507 788 πρόσθεν
2556 714 2933 787 ὑπαρξάντων,
2989 715 3096 765 εἴτε
3149 713 3240 765 καὶ
3296 710 3399 764 τῶν
3447 709 3668 780 ὕστερον

455 804 703 859 ali‘ectum
744 822 875 861 voce
906 807 1208 878 designare.
1243 809 1397 864 Velut
1451 812 1617 865 illud:
1650 830 1667 858 ι
1704 810 2007 865 Dixerunt:

455 895 591 965 Quis
616 898 818 953 videbit
839 915 934 956 eos
955 901 1039 954 “‘3
1060 922 1078 954 ι
1111 902 1166 957 id
1194 912 1300 965 est,
1318 905 1391 957 ita
1419 919 1477 958 se
1502 905 1825 964 habuerunt.
1855 903 2019 972 quasi

455 1005 550 1046 eos
594 1005 751 1045 nemo
782 999 1069 1061 spectaret.
1118 994 1278 1065 Atqui
1333 997 1466 1049 nihil
1524 994 1830 1061 hujusmodi
1871 995 2016 1048 dixe-

457 1088 599 1136 rant.
660 1080 787 1136 item
836 1102 849 1137 :
898 1100 917 1134 ι
950 1082 1091 1139 Dixit
1158 1086 1299 1139 enim
1358 1086 1411 1138 in
1468 1086 1631 1140 corde
1697 1100 1796 1140 suo
1845 1083 2014 1139 :Non

456 1171 717 1224 movebor
784 1186 814 1224 a
872 1173 1220 1242 generatione
1275 1174 1328 1227 in
1386 1175 1788 1243 generationem
1816 1214 1832 1236 ,
1898 1172 2016 1226 sine

461 1263 602 1315 malo
623 1262 692 1317 ".
728 1282 746 1314 ι
809 1261 899 1317 Sic
946 1267 1087 1318 enim
1133 1280 1254 1319 sese
1308 1265 1611 1328 habebant,
1665 1264 1821 1333 quasi
1882 1264 2016 1317 nihil

461 1369 701 1423 unquam
753 1355 879 1409 mali
930 1364 1114 1411 essent
1156 1356 1393 1425 passuri.
1442 1355 1715 1424 Multaque
1751 1354 2016 1422 ejusmodi

459 1445 584 1514 quis
606 1445 867 1523 inveniet,
903 1463 1024 1517 qua:
1058 1462 1384 1502 coacervare
1425 1463 1532 1501 non
1570 1448 1733 1514 hujus
1759 1447 2019 1515 temporis

459 1545 563 1592 est.
603 1535 695 1592 Sic
734 1554 864 1609 ergo
900 1555 1049 1594 nunc
1093 1540 1255 1593 etiam
1306 1539 1480 1594 dicit:
1511 1558 1529 1589 ι
1564 1539 1627 1591 Et
1666 1539 1881 1593 dixistis
1920 1539 2018 1591 :ln

460 1645 568 1698 quo
596 1630 833 1687 dilexisti
862 1633 999 1688 nos?
1037 1650 1058 1684 ι
1093 1632 1261 1697 Quasi
1304 1632 1452 1685 dicat
1483 1651 1493 1685 :
1530 1633 1575 1683 A
1613 1646 1699 1685 me
1728 1630 1932 1692 dilecti,
1966 1634 2020 1683 et

463 1721 742 1778 beneﬂciis
785 1739 927 1793 saepe
968 1723 1167 1787 aii‘ecti,
1207 1723 1451 1792 improba
1487 1722 1801 1791 ingrataque
1841 1728 2020 1774 mente

2112 788 2387 867 πολλάκις,
2421 804 2515 856 καὶ
2557 803 2620 873 δὴ
2674 803 2766 854 καὶ
2806 802 2914 853 τῶν
2961 801 3271 871 πρόσφατον
3326 800 3627 867 γεγονότων
3652 816 3666 829 ο

2113 896 2245 949 ἀλλά
2276 896 2383 966 γὰρ
2431 894 2549 958 ἔθος
2576 898 2642 965 τῇ
2674 894 2790 963 θείᾳ
2816 894 3005 964 Γραφῇ
3038 893 3135 963 τὴν
3184 891 3364 962 φωνὴν
3403 892 3495 943 ἐπὶ
3529 892 3669 963 πρά-

2114 1004 2317 1058 γματος
2341 986 2541 1054 λέγειν,
2582 985 2676 1037 καὶ
2709 984 2804 1054 τὴν
2834 983 2940 1037 τῶν
2984 1001 3037 1035 τι
3088 982 3382 1036 ποιούντων
3433 982 3669 1036 διάθεσιν

2115 1081 2265 1149 φωνῇ
2297 1076 2608 1147 σημαίνειν’
2640 1071 2749 1129 οἷον
2777 1076 2837 1128 τό
2865 1092 2879 1105 ·
2918 1093 2937 1126 ι
2971 1071 3134 1128 Εἶπον
3156 1088 3173 1107 ο
3202 1074 3298 1137 Τίς
3340 1073 3527 1142 ὄψεται
3568 1074 3667 1125 αὑ-

2114 1166 2273 1233 τοὺς;
2309 1185 2329 1219 ›
2362 1167 2483 1220 ἀντὶ
2508 1164 2903 1229 τοῦ,Διέκειντο
2934 1165 3005 1227 ὡς
3037 1164 3247 1227 οὐδενὸς
3279 1163 3580 1233 ἐφορῶντος
3604 1162 3673 1214 τὰ

2116 1259 2401 1328 γινόμενα·
2432 1257 2491 1310 οὑ
2532 1258 2636 1329 γὰρ
2658 1256 2720 1326 δὴ
2750 1255 2930 1323 ἔλεγον
2953 1254 3123 1318 οὑτως
3146 1270 3160 1283 ·
3190 1255 3303 1318 καὶ,
3346 1272 3365 1305 ι
3406 1250 3539 1307 Εἷπε
3566 1253 3672 1323 γὰρ

2118 1353 2175 1404 ἐν
2196 1350 2391 1421 καρδίᾳ
2414 1347 2597 1409 αὑτοῦ,
2627 1349 2699 1401 Οὑ
2730 1347 2804 1418 μὴ
2842 1346 3082 1399 σαλευθῶ
3119 1346 3226 1399 ἀπὸ
3252 1347 3441 1414 γενεᾶς
3466 1347 3545 1407 εἰς
3578 1361 3671 1410 γε·-

2118 1438 2241 1491 νεὰν
2270 1438 2396 1491 ἀνευ
2431 1435 2601 1489 κακοῦ
2619 1474 2632 1486 .
2669 1453 2688 1485 ι
2713 1434 3001 1498 Διέκειντο,
3030 1434 3158 1506 γὰρ,
3198 1435 3383 1504 φησιν.
3414 1433 3487 1495 ὡς
3516 1433 3672 1485 οὐθὲν

2120 1527 2512 1601 ὑπομενοῦντες
2537 1524 2753 1579 πώποτε
2777 1525 2971 1578 κακόν·
3012 1524 3108 1578 καὶ
3136 1524 3301 1578 πολλὰ
3338 1523 3557 1577 τοιαῦτα
3595 1523 3671 1573 εἴ·

2122 1637 2211 1673 ποι
2232 1636 2315 1682 τις
2345 1618 2431 1681 ἂν,
2457 1618 2493 1672 ἃ
2520 1617 2592 1688 μὴ
2616 1616 2708 1670 τοῦ
2730 1617 2991 1686 παρόντος
3022 1616 3138 1667 ἐστὶ
3164 1614 3440 1683 συλλέγειν
3460 1612 3672 1684 καιροῖν

2121 1712 2289 1773 οὕτως
2314 1705 2405 1762 οὖν
2434 1707 2707 1761 κάνταῦθα
2730 1708 2876 1775 λέγει
2908 1707 2986 1769 τὸ,
3020 1727 3036 1758 ι
3074 1708 3181 1760 Καὶ
3207 1707 3412 1769 εἴπατε,
3462 1705 3548 1757 Ἑν
3570 1704 3677 1756 τίνι

464 1811 665 1877 fuistis,
696 1813 851 1882 quasi
886 1828 985 1867 nec
1018 1828 1045 1866 a
1092 1828 1176 1867 me
1202 1812 1404 1873 dilecti,
1446 1826 1619 1881 neque
1651 1810 1759 1864 ullo
1783 1823 2017 1878 unquam

2134 1802 2411 1872 ἠγάπησας
2464 1801 2641 1871 ὴμᾶςς
2693 1818 2710 1849 ι
2749 1800 2868 1852 ἀντὶ
2925 1798 3052 1864 τοῦ,
3094 1796 3488 1866 Ἀγαπηθέντες
3546 1795 3679 1866 παρ’

466 1904 725 1959 beneﬁcio
752 1905 957 1959 donati.
1005 1903 1134 1959 Dein
1183 1902 1325 1957 facta
1354 1904 1506 1967 dicit,
1539 1901 1680 1957 unde
1720 1903 1774 1955 bi
1815 1917 2019 1973 cogno-

465 2006 616 2046 scere
641 2000 883 2062 possent,
916 2000 1118 2061 quanta
1148 2008 1177 2044 a
1214 1990 1321 2046 Deo
1350 1992 1490 2044 bona
1519 1989 1880 2058 accepissent.

2124 1898 2280 1969 ἐμοῦ,
2327 1897 2421 1951 καὶ
2468 1891 2528 1949 εὖ
2582 1896 2904 1960 πεπονθότες
2956 1896 3246 1960 πολλάκις,
3284 1894 3525 1965 μοχθηρᾷ
3584 1893 3678 1944 καὶ

2125 1990 2398 2060 ἀγνώμονι
2439 1988 2763 2058 κεχρημένοι
2811 1992 2876 2058 τῇ
2918 1988 3121 2059 διανοίᾳ
3161 1986 3419 2041 διέκεισθε
3443 2024 3457 2048 ,
3503 1984 3576 2046 t'o;
3608 1984 3674 2036 ἂν

461 2080 583 2137 οὔτε
615 2084 955 2154 ἠγαπημένοι
988 2084 1116 2153 παρ’
1160 2081 1311 2151 ἐμοῦ,
1343 2080 1464 2135 οὔτε
1498 2080 1642 2142 τινὸς
1682 2080 2033 2150 τετυχηκότες
2066 2079 2282 2134 πώποτε
2312 2077 2534 2148 ἀγαθοῦ.
2601 2076 2691 2149 (p.
2719 2075 2865 2147 559)
2899 2071 3033 2130 Εἶτα
3072 2074 3217 2143 λέγει
3265 2070 3332 2126 τὰ
3379 2069 3677 2143 πράγματα

458 2166 642 2236 ἀφ’ὧν
662 2167 788 2240 ὲξῆν
810 2174 1002 2234 αὐτοὺς
1036 2169 1262 2240 συνορᾷν
1302 2167 1501 2238 ἡλίκων
1549 2162 1734 2234 ἔτυχον
1782 2164 1931 2235 παρὰ
1974 2165 2099 2228 τοὺς
2130 2164 2319 2229 ἄλλους
2370 2166 2607 2235 ἀγαθῶν.

530 2251 691 2322 365
727 2250 888 2307 Vens.
928 2252 1047 2307 5-5.
1086 2282 1156 2295 --
1199 2272 1217 2303 ι
1262 2252 1452 2308 Nonne
1491 2253 1659 2309 frater
1703 2261 1821 2308 erat
1852 2250 2023 2309 Jacob

466 2341 649 2398 Esau?
684 2344 817 2398 dicit
851 2344 1143 2411 Dominus;
1175 2354 1227 2400 et
1261 2354 1439 2400 tamen
1462 2344 1625 2400 dilexi
1658 2345 1845 2407 Jacoh.
1881 2344 2021 2399 Esau

465 2446 643 2491 autem
675 2437 801 2492 odio
832 2437 1014 2493 habui.
1053 2438 1119 2492 Et
1145 2437 1307 2492 statui
1338 2436 1597 2492 terminos
1627 2438 1746 2505 ejus
1781 2438 1834 2491 in
1864 2436 2025 2492 deso-

469 2524 744 2587 lationem,
792 2535 846 2580 et
900 2525 1268 2580 hereditatem
1316 2527 1436 2594 ejus
1485 2526 1539 2579 in
1575 2525 1767 2581 domos
1800 2525 2025 2581 deserti.

466 2615 603 2680 Quia
634 2616 681 2670 si
711 2615 906 2670 dixerit
946 2634 962 2670 :
998 2614 1229 2670 ldumaaa
1257 2630 1447 2671 eversa
1482 2623 1586 2680 est,
1614 2625 1667 2670 et
1695 2624 2029 2672 revertemur

469 2716 632 2777 atque
665 2707 1055 2763 :ediiieabimus
1084 2708 1302 2764 deserta
1338 2708 1493 2776 ejus:
1528 2708 1641 2763 haec
1667 2709 1743 2761 ait
1772 2707 2029 2762 Dominus

467 2800 855 2867 omnipotens:
889 2797 994 2867 ipsi
1020 2799 1387 2861 aediﬁcabunt,
1422 2809 1475 2853 et
1501 2814 1602 2869 ego
1639 2799 1937 2853 dcstruam.
1966 2798 2031 2852 Et

466 2890 809 2943 vocabuntur
838 2890 971 2959 ipsis
1001 2889 1219 2944 termini
1255 2890 1579 2958 iniquitatis,
1606 2899 1658 2942 et
1680 2890 1913 2958 populus
1944 2888 2033 2942 ad-

470 2996 662 3037 versus
696 2996 854 3050 quem
887 2990 994 3036 stat
1027 2984 1082 3034 in
1109 2981 1226 3035 acie
1254 2980 1519 3035 Dominus
1553 2995 1725 3049 usque
1770 2982 1822 3034 in
1850 2995 2024 3036 s'ecu-

2197 2258 2342 2327 Στίχ.
2359 2258 2496 2325 γὀε’.
2514 2289 2585 2299 —-
2616 2278 2634 2309 ι
2658 2259 2768 2312 Οὑκ
2787 2258 3008 2326 ἀδελφὸς
3027 2254 3091 2328 ἦν
3115 2255 3283 2310 Ἠσαῦ
3309 2253 3401 2308 τοῦ
3438 2250 3627 2307 Ἰακώϐ
3658 2267 3677 2315 ;

2128 2344 2279 2412 λέγει
2328 2346 2564 2417 Κύριος·
2611 2348 2703 2400 καὶ
2759 2346 3019 2416 ἠγάπησα
3072 2346 3161 2398 τὸν
3220 2343 3445 2409 Ἰακὼϐ,
3483 2342 3573 2394 τὸν
3617 2340 3675 2392 δὲ

2140 2435 2311 2489 Ἡσαῦ
2340 2437 2608 2509 ἐμίσησα·
2639 2436 2735 2490 καὶ
2763 2435 2925 2502 ἔταξα
2962 2436 3030 2489 τὰ
3062 2437 3183 2507 ὅρια
3238 2432 3397 2488 αὑτοῦ
3437 2432 3515 2493 είς
3536 2431 3679 2499 ἀφα-

2128 2528 2336 2598 νισμὸν,
2371 2528 2463 2581 καὶ
2492 2529 2590 2599 τὴν
2625 2529 2981 2599 κληρονομίαν
3008 2526 3168 2581 αὑτοῦ
3203 2526 3282 2587 είς
3312 2522 3533 2592 δώματα
3558 2520 3680 2589 ipf,-

2130 2637 2231 2689 μου
2270 2635 2284 2649 ·
2312 2617 2444 2671 διότι
2476 2617 2572 2672 ἐὰν
2585 2618 2735 2691 εἴπῃ,
2757 2609 3218 2688 Ἢίδουμαία(68)
3252 2613 3680 2684 κατέστραπται,

2128 2711 2220 2762 καὶ
2265 2707 2657 2779 ὲπιστρέψομεν
2694 2710 2787 2762 καὶ⁵
2818 2706 3303 2777 ἀνοικοδομήσομεν
3329 2703 3426 2766 τὰς
3456 2704 3681 2773 ἠρημω-

2133 2801 2294 2871 μένας
2337 2799 2524 2871 αὑτῆς,
2553 2798 2679 2851 τάδε
2717 2798 2861 2866 λέγει
2889 2798 3091 2870 Κύριος
3139 2794 3545 2864 παντοκράτωρ,
3576 2794 3680 2845 Αὑ-

2128 2892 2209 2943 τοὶ
2256 2890 2685 2962 οἰκοδομήσουσι,
2716 2890 2809 2943 καὶ
2853 2888 2963 2957 ἐγὼ
3004 2886 3393 2958 καταστρέφω·
3429 2885 3519 2937 καὶ
3564 2884 3683 2934 ὲπι-

2131 2980 2455 3051 κληθήσεται
2511 2981 2691 3042 αὐτοῖς
2733 2979 2857 3049 ὅρια
2912 2976 3159 3046 ἀνομίας,
3205 2975 3299 3030 καὶ
3342 2972 3466 3034 λαὸς
3512 2973 3595 3041 ἐφ’
3625 2970 3683 3022 ὅν

469 3075 602 3129 lum.
634 3073 696 3126 Et
728 3075 870 3128 oculi
901 3075 1064 3128 vestri
1094 3074 1387 3139 videbunt;
1422 3082 1474 3127 et
1507 3087 1603 3127 vos
1639 3074 1830 3128 dicetis
1858 3093 1871 3128 :
1912 3075 2017 3128 Ma-

2134 3072 2534 3142 παρατέτακται
2561 3071 2762 3142 Κύριος
2791 3071 2897 3134 ἓως
2947 3068 3138 3131 αίῶνος
3157 3084 3170 3097 ·
3199 3066 3291 3120 καὶ
3336 3067 3384 3119 οἱ
3424 3062 3685 3132 ὀφθαλμοὶ

470 3161 759 3232 gniﬁcatus
802 3171 885 3216 est
916 3159 1182 3217 Dominus
1232 3177 1394 3231 super
1428 3163 1687 3216 terminos
1727 3160 1962 3219 lsraelis.
2003 3181 2021 3215 ι

471 3253 653 3323 Nuper
683 3253 896 3308 fuerant
925 3252 1145 3307 Idmnzei
1187 3254 1383 3325 puniti,
1421 3263 1473 3308 et
1510 3254 1773 3323 plurimas
1819 3255 2028 3323 experti

455 3343 829 3408 calamitates,
859 3350 1083 3414 propter
1113 3344 1254 3396 mala
1286 3358 1407 3412 quae
1424 3342 1683 3399 lsraelitis
1711 3343 2027 3407 intulerant,

471 3449 582 3504 quo
619 3441 862 3504 tempore
908 3434 1118 3503 Assyrii
1163 3435 1394 3505 primum
1428 3442 1481 3488 et
1522 3442 1707 3503 postea
1751 3432 2031 3503 Babylonii

474 3526 657 3583 hostes
704 3533 1143 3598 supervenerant.
1187 3526 1412 3596 Jamque
1460 3526 1574 3580 base
1616 3523 1869 3594 praedicta
1916 3522 2032 3577 l‘ue-

474 3623 601 3670 rant
636 3629 665 3669 a
701 3614 858 3671 beato
889 3615 1088 3671 Davide
1117 3615 1171 3669 in
1205 3615 1454 3677 Psalmis,
1492 3616 1582 3669 ubi
1614 3614 1728 3667 ait:
1770 3631 1789 3662 ι
1828 3611 2033 3666 Memor

475 3714 615 3771 esto,
641 3705 889 3769 Domine.
920 3705 1153 3761 ﬁliorum
1176 3704 1363 3771 Edom,
1390 3706 1444 3759 in
1477 3705 1564 3760 die
1591 3703 1912 3763 Jerusalem,
1939 3702 2029 3771 qui

477 3797 669 3853 dicunt
716 3815 730 3850 :
777 3796 1096 3863 Exinanite,
1147 3797 1421 3852 exinanite
1471 3810 1654 3866 usque
1705 3793 1771 3847 ad
1837 3792 2032 3846 funda—

477 3894 663 3945 menta
707 3888 847 3957 ejus.
898 3886 1033 3943 Filia
1084 3888 1374 3960 Babylonis
1422 3886 1621 3942 misera
1654 3885 1731 3937 “l
1772 3903 1790 3935 ι
1825 3882 2034 3950 Quibus

478 3978 659 4032 verbis
683 3979 938 4042 ostendit,
970 3980 1297 4051 Babylonios
1321 3994 1508 4050 poenas
1534 3977 1784 4041 daturos,
1815 3984 2036 4045 propter

480 4068 625 4124 illata
671 4069 928 4125 lsraelitis
981 4071 1141 4124 mala.
1192 4070 1412 4125 Idumaei
1459 4069 1621 4124 etiam
1664 4083 1788 4121 cum
1829 4067 1895 4121 iis
1932 4080 2034 4135 pu-

481 4160 720 4221 nientur,
759 4161 852 4231 qui
884 4163 936 4216 in
984 4150 1281 4232 alnigendis
1330 4162 1588 4216 lsraelitis
1631 4159 1763 4216 socii
1795 4159 2033 4229 ipsorum

482 4252 720 4308 fuerunt.
756 4252 899 4308 idem
932 4261 1117 4323 postea
1150 4252 1473 4322 praedixerat
1507 4250 1670 4305 etiam
1705 4250 1892 4305 beatus
1925 4249 2035 4303 Ab-

481 4344 602 4399 dias
644 4344 926 4414 prepheta.
971 4343 1126 4399 Nunc
1161 4344 1290 4414 quia
1328 4343 1419 4396 illa
1460 4342 1664 4397 exitum
1717 4341 2034 4401 habuerant,

2134 3163 2285 3232 ὑμῶν
2324 3162 2563 3231 ὄψονται,
2610 3163 2702 3215 καὶ
2734 3162 2891 3231 ὑμεῖς
2928 3162 3118 3229 ἐρεῖτε,
3171 3154 3534 3227 Ἑμεγαλὺνθη
3582 3154 3701 3205 Κὺ-.

2136 3271 2247 3324 ριος
2286 3254 2537 3324 ὑπεράνω
2560 3253 2665 3306 τῶν
2711 3254 2870 3324 ὁρίων
2902 3249 3132 3321 Ἰσραήλ.
3161 3268 3178 3300 ι
3208 3248 3520 3318 Πρόσφατον
3549 3240 3686 3315 ἦσαν

2148 3346 2427 3416 Ἰδουμαῖοι
2479 3345 2933 3416 τετιμωρημένοι,
2979 3342 3072 3395 καὶ
3110 3339 3375 3393 πλείστων
3430 3340 3565 3391 ὅσων
3628 3337 3689 3389 ἐν

2136 3438 2299 3509 πείρᾳ
2325 3438 2605 3507 γεγονότες
2633 3437 2816 3490 κακῶν
2834 3475 2850 3501 ,
2876 3436 3013 3506 ὑπὲρ
3041 3426 3114 3486 ὧν
3146 3430 3536 3486 διατεθείκεσαν
3564 3426 3690 3491 τοὺς

2148 3530 2479 3601 Ἰσραηλίτας
2511 3529 2649 3583 κατὰ
2676 3528 2764 3582 τὸν
2792 3525 2980 3595 καιρὸν
3008 3526 3212 3578 ἐκεῖνον
3259 3521 3379 3576 καθ’
3405 3522 3464 3574 δν
3498 3519 3689 3573 Ἀσσὺ-

2139 3620 2242 3691 ριοί
2265 3637 2323 3672 τε
2362 3621 2542 3684 αὐτοῖς
2576 3619 2834 3690 πρότερον
2863 3620 2953 3671 καὶ
2985 3612 3310 3669 Βαϐυλώνιοι
3350 3611 3487 3682 μετά
3536 3608 3693 3661 τοῦτο

2139 3711 2592 3782 ὲπῆλθον.Ταῦτα
2623 3711 2677 3763 δὲ
2709 3709 2999 3781 προείρητο
3035 3707 3130 3776 μὲν
3153 3704 3231 3775 τῷ
3259 3702 3511 3775 μακαρίῳ
3534 3698 3694 3753 Δαυῖδ

2139 3806 2196 3855 ἐν
2241 3803 2486 3872 Ψαλμοῖς
2518 3820 2532 3833 ο
2565 3801 2711 3869 λέγει
2748 3801 2892 3871 γὰρ,
2934 3815 2954 3849 ι
3006 3794 3307 3865 Μνὴσθητι,
3346 3793 3537 3865 Κύριε,
3586 3790 3697 3843 τῶν

2142 3896 2270 3948 υἱῶν
2308 3894 2482 3965 Ἐδὼμ
2506 3892 2603 3963 τὴν
2630 3893 2840 3963 ἡμέραν
2874 3889 3243 3961 Ἰερουσαλὴμ,
3269 3887 3377 3941 τῶν
3408 3885 3691 3952 λεγόντων,

2154 3985 2486 4050 Ἑκκενοῦτε,
2513 3984 2793 4037 ὲκκενοῦτε
2822 3983 2925 4045 ἕως
2955 3981 3061 4035 τῶν
3094 3979 3353 4050 θεμελίων
3380 3976 3548 4044 αὑτῆς
3565 3991 3577 4002 ⁸
3602 3973 3693 4026 θυ-

2141 4078 2319 4148 γάτηρ
2378 4075 2690 4139 Βαϐυλῶνος
2722 4078 2755 4145 ἡ
2807 4074 3177 4145 ταλαίπωρος·
3209 4091 3227 4123 ι
3262 4072 3321 4122 ἐν
3374 4063 3455 4131 οἷς
3502 4064 3697 4129 ἔδειξεν

2142 4172 2222 4223 ὅτι
2254 4170 2346 4223 καὶ
2374 4167 2698 4221 Βαϐυλώνιοι
2743 4166 2969 4219 δώσουσι
3013 4165 3168 4227 δίκας
3219 4162 3359 4231 ὑπὲρ
3397 4151 3471 4213 ὧν
3498 4159 3696 4220 αὐτοὺς

2141 4260 2500 4315 διατεθείκασι
2550 4259 2733 4312 κακῶν
2773 4276 2787 4289 ·
2820 4258 2913 4312 καὶ
2961 4256 3243 4326 Ἰδουμαῖοι
3291 4253 3346 4306 δὲ
3388 4248 3698 4321 τιμωρηθή-Δ

2145 4370 2322 4406 σονται
2348 4350 2762 4421 συμπράξαντες
2779 4350 2957 4412 αὑτοῖς
2979 4352 3038 4402 ὲν
3062 4349 3171 4410 τοῖς
3202 4344 3339 4399 κατὰ
3356 4343 3463 4396 τῶν
3489 4336 3700 4413 Ἰσραη-

484 4446 836 4506 recentesque
881 4436 1027 4508 apud
1056 4450 1245 4491 omnes
1277 4443 1433 4489 erant
1469 4432 1686 4488 inﬂictae
1724 4432 1975 4487 ldumaais
2008 4448 2031 4485 a

2142 4443 2298 4496 λιτῶν
2338 4445 2543 4505 κακοῖς.
2581 4444 2812 4513 Προεῖπε
2845 4440 2901 4493 δὲ
2933 4441 3025 4493 καὶ
3067 4441 3095 4492 ό
3131 4439 3399 4510 μακάριος
3440 4434 3645 4488 ’Δϐδιοὺ
3668 4435 3698 4485 ό

462 4525 595 4580 Deo
625 4541 818 4595 paena},
859 4529 1050 4583 merito
1098 4543 1161 4581 ex
1202 4527 1609 4596 comparatione
1640 4542 1764 4580 cum
1799 4525 1906 4579 illis
1948 4524 2040 4579 de-

485 4626 753 4672 monstrat
779 4634 940 4673 suum
969 4634 1095 4689 erga
1127 4620 1400 4675 lsraelitas
1433 4633 1696 4681 amorem,
1733 4618 1801 4672 ab
1848 4616 2039 4671 horum

486 4710 923 4779 progenitoribus
982 4720 1146 4780 atque
1198 4711 1268 4766 ab
1309 4710 1554 4765 ldunueis
1603 4720 1818 4779 sumpto
1866 4708 2039 4764 initio.

487 4800 615 4857 Erat
643 4804 788 4858 enim
816 4802 1031 4857 illorum
1056 4804 1365 4873 progenitor
1384 4802 1587 4868 Jacob;
1623 4802 1814 4856 horum
1838 4809 2041 4865 autem,

488 4892 651 4950 Esau.
697 4893 838 4948 Dicit
884 4909 1049 4965 ergo,
1096 4896 1284 4951 ambos
1330 4894 1499 4949 fuisse
1542 4893 1767 4959 fratres;
1812 4907 2045 4961 cumque

488 4995 699 5040 naturae
736 4985 821 5040 lex
863 4986 1173 5040 communia
1203 4986 1339 5055 ipsis
1387 4986 1567 5040 omnia
1602 4984 1827 5050 faceret,
1855 4998 2047 5052 proge-

486 5077 720 5133 nitorem
746 5076 963 5148 quidem
994 5085 1257 5140 vestrum,
1291 5076 1486 5146 inquit,
1521 5075 1709 5139 dilexi,
1742 5084 1797 5129 at
1830 5075 2045 5129 illorum

491 5170 583 5226 odi
608 5171 753 5225 Esau
780 5188 794 5224 :
835 5177 890 5224 et
918 5183 1091 5240 usque
1126 5169 1183 5223 in
1207 5168 1527 5223 hodiernum
1560 5167 1704 5221 diem
1736 5178 2048 5236 persevera-

490 5260 566 5325 vi,
596 5261 798 5316 amoris
833 5260 999 5332 366
1024 5275 1151 5331 erga
1184 5274 1300 5325 vos,
1331 5259 1441 5313 odii
1471 5272 1601 5313 vero
1630 5272 1759 5327 erga
1805 5256 1928 5311 illos
1955 5270 2046 5309 ar-

491 5359 745 5422 gumenta
773 5351 1049 5407 exhibere.
1098 5350 1341 5420 Namque
1372 5349 1680 5404 universam
1716 5348 1930 5403 illorum
1962 5362 2050 5402 re-

560 5486 610 5521 “
635 5484 782 5544 Psal.
806 5503 957 5553 um,
992 5488 1048 5544 6.
1116 5486 1167 5520 “
1190 5485 1335 5543 Psal.
1370 5501 1423 5552 x,
1448 5484 1501 5539 6.
1576 5484 1621 5514 ⁸⁸
1645 5481 1790 5537 Psal.
1826 5496 2024 5543 cxxxv,
2056 5480 2106 5534 7.

569 5628 683 5695 (68)
711 5627 897 5685 Variat
917 5628 1008 5683 hic
1033 5627 1399 5698 interpunctio
1428 5626 1570 5697 apud
1592 5603 1846 5695 antiquos
1875 5626 2044 5698 inter-

395 5698 418 5723 ⁸
503 5706 709 5766 pretes,
733 5698 852 5754 aliis
870 5708 999 5754 ante
1040 5696 1354 5761 ldunirram,
1373 5696 1492 5753 aliis
1521 5696 2045 5767 postpausantibus.

2141 4534 2422 4604 προφήτης
2459 4533 2593 4603 μετά
2630 4532 2815 4586 τοῦτο·
2849 4531 2962 4583 ἀλλ’
3004 4531 3188 4599 ἐπειδὴ
3222 4528 3315 4582 νῦν
3348 4527 3554 4599 εἰλήφει
3600 4524 3698 4594 τὴν

2143 4623 2361 4676 ἔκϐασιν
2409 4626 2609 4688 ἐκεῖνα,
2636 4623 2727 4676 καὶ
2760 4621 2925 4692 νεαρὰ
2966 4620 3113 4692 παρὰ
3146 4622 3308 4675 πᾶσιν
3349 4614 3418 4689 ἦν
3442 4620 3475 4687 ἡ
3513 4617 3696 4687 μνήμη

2140 4715 2237 4783 τῆς
2270 4714 2658 4783 ἐπιγενομένης
2709 4713 2849 4766 κατὰ
2900 4712 3010 4765 τῶν
3049 4711 3356 4781 Ἰδουμαίων
3407 4709 3557 4779 παρὰ
3604 4705 3697 4759 τοῦ

2142 4802 2275 4855 Θεοῦ
2316 4804 2599 4873 τιμωρίας,
2626 4803 2699 4873 (p.
2725 4803 2846 4874 540)
2876 4803 3096 4865 εἰκότως
3135 4803 3196 4854 ἐκ
3231 4801 3576 4871 παραθέσεως
3600 4798 3697 4867 τῆς

2145 4892 2279 4963 πρὸς
2298 4892 2535 4956 ἐκείνους
2552 4893 2878 4947 ἐνδείκνυται
2893 4892 2987 4963 τὴν
3002 4893 3217 4962 ἀγάπην
3238 4888 3424 4944 ἑαυτοῦ
3446 4890 3544 4959 τὴν
3570 4887 3698 4957 περὶ

2142 4982 2393 5045 τούτους,
2426 4982 2531 5036 ἀπὸ
2568 4984 2676 5036 τῶν
2714 4984 3069 5055 προπατόρων
3117 4984 3317 5047 τούτων
3362 4998 3422 5034 τε
3454 4981 3546 5034 καὶ
3589 4978 3697 5031 τῶν

2158 5073 2469 5143 Ἰδουμαίων
2489 5074 2589 5145 τὴν
2616 5074 2789 5146 ἀρχὴν
2816 5076 3195 5145 ποιησάμενος.
3222 5069 3329 5125 Ἦν
3362 5071 3467 5143 γὰρ
3496 5070 3699 5123 τούτων

2150 5165 2249 5233 μὲν
2311 5165 2523 5232 Ἰακὼϐ,
2573 5166 2741 5221 Ἡσαῦ
2791 5167 2848 5221 δὲ
2910 5169 3149 5221 ἐκείνων.
3190 5166 3349 5234 Λέγει
3379 5165 3574 5222 τοίνυν,
3615 5162 3699 5215 ὅτι

2150 5255 2391 5323 Ἀδελφοί
2425 5258 2522 5325 μὲν
2552 5253 2689 5327 ἦσαν
2722 5259 3045 5328 ἀμφότερον
3075 5255 3169 5309 τοῦ
3211 5257 3374 5327 νόμου
3404 5256 3460 5308 δὲ
3480 5254 3577 5325 τῆς
3599 5251 3701 5322 φύη-

2153 5363 2291 5410 σεως
2340 5349 2490 5402 κοινὰ
2539 5350 2715 5403 πάντα
2748 5350 2929 5413 αὑτοῖς
2961 5348 3257 5415 ποιοῦντος,
3297 5348 3557 5419 ἠγάπησα
3601 5343 3699 5416 μὲν

2151 5626 2284 5748 Culm
2307 5624 2498 5748 (timeo
2523 5622 2794 5694 conspirat
2824 5620 3017 5689 Arabs,
3044 5635 3166 5677 cum
3200 5618 3458 5677 liehraico
3484 5618 3708 5677 Latinus

2154 5712 2219 5748 vu
2244 5711 2309 5748 aa
2339 5710 2423 5748 us.

2154 5710 2423 5764 vulgatus.
