4106 6238
394 308 495 366 601

1302 316 1853 377 COMMENTARIUS
1889 318 1956 374 IN
1995 320 2372 379 MALACIHE
2411 325 2575 381 CAP.
2607 327 2646 382 1.

3537 332 3651 391 609

399 432 491 483 τὸν
518 428 784 504 ὑμέτερον
814 435 1155 509 προπάτορα,
1179 438 1417 510 ἐμίσησα
1437 441 1495 495 δὲ
1520 442 1610 495 τὸν
1640 443 1864 498 ἐκείνων
1887 444 1975 497 τὸν

2090 444 2293 513 gionem
2328 448 2493 500 vestri
2534 446 2706 516 gratia
2739 446 3003 510 desolavi,
3053 460 3244 516 pmnas
3278 445 3349 502 ab
3383 446 3453 503 iis
3490 464 3651 521 repoa

412 523 581 578 Ἠσαῦ
599 543 612 555 -
638 527 731 579 καὶ
767 526 831 597 δὴ
858 528 1239 602 διαμεμένηκα
1275 534 1372 604 μὲν
1401 535 1527 606 ἄχρι
1555 535 1648 590 τοῦ
1680 536 1858 607 δεῦρο.
1878 538 1978 607 τῆς

402 631 459 668 τε
502 618 630 687 περύ⁸
659 618 804 688 ὑμᾶς
836 621 1076 693 ἀγάπης,
1111 624 1204 676 καὶ
1246 624 1337 680 τοῦ
1366 626 1495 695 περὶ
1523 626 1743 680 ἐκείνων
1791 628 1979 699 μίσους

397 708 500 777 ιῆν
533 708 807 777 ἀπόδειξιν
858 713 1231 784 παρεχόμενος
1251 733 1264 746 θ
1294 719 1475 771 πᾶσαν
1513 718 1610 788 μὲν
1640 719 1749 791 γὰρ
1798 720 1979 775 αὐτῶν

408 795 508 860 τὴν
532 795 714 869 χώραν
744 799 983 868 ἠφάνισα
1017 801 1083 856 δι’
1110 804 1276 874 ὑμᾶς,
1302 805 1455 870 δίκας
1493 806 1689 870 αὐτοὺς
1720 810 1980 879 εἰσπρατ-

406 887 630 956 τόμενος
662 884 739 943 ὢν
763 890 882 944 καθ’
907 892 1060 962 ὑμῶν
1096 895 1457 967 τετολμήκασι
1477 911 1491 928 ⁸
1517 897 1695 948 πᾶσαν
1720 896 1776 950 δὲ
1800 899 1979 951 αὐτῶν

404 978 501 1048 τὴν
547 981 741 1049 κτῆσιν
800 986 1107 1056 μετέστησα
1160 989 1239 1050 εἰς
1309 986 1583 1058 ἐρημίαν,
1613 987 1680 1058 ἢν
1711 988 1978 1059 τοσαύτην

403 1072 587 1138 αὐτοῖς
632 1075 910 1145 ἐπήγαγον
960 1080 1054 1132 καὶ
1100 1078 1243 1132 οὓτω
1292 1079 1567 1151 χαλεπὴν,
1597 1079 1736 1133 ὥστε
1776 1082 1879 1135 κᾶν
1929 1085 1979 1135 εί

405 1166 833 1238 μεταϐαλόμενοί
862 1188 990 1224 ποτε
1028 1171 1344 1244 βουληθεῖεν
1385 1170 1781 1245 διορθώσασθαι
1810 1175 1878 1227 τὰ
1910 1177 1981 1227 oio

407 1260 552 1321 κεῖα,
582 1261 675 1312 καὶ
695 1264 1114 1334 ἀνοικοδομῆσαι
1146 1265 1242 1327 τὰς
1273 1267 1644 1339 ἠρημωμένας
1665 1267 1843 1322 αὐτῶν
1877 1266 1976 1319 πόο

407 1345 521 1411 λεις
537 1367 598 1402 τε
618 1351 712 1405 καὶ
744 1354 944 1423 χώρας,
977 1355 1146 1425 μηθὲν
1173 1356 1429 1412 δύνασθαι
1454 1360 1612 1413 τοῦτο
1639 1361 1810 1414 ποιεῖν
1830 1376 1844 1390 ·
1868 1360 1973 1411 άπ-

411 1443 693 1513 εφηνέιμην
712 1447 814 1513 γὰρ
852 1449 969 1500 κατ’
996 1448 1172 1501 αὐτῶν
1205 1450 1571 1521 ἐρημίαν,καὶ
1602 1450 1850 1521 οὐδαμῶς
1866 1444 1978 1503 οἷόν

410 1546 471 1582 τε
500 1534 756 1605 συστῆναι
797 1538 864 1591 τὰ
901 1538 1125 1592 ἐκείνων
1158 1541 1354 1595 πάλιν·
1392 1542 1579 1615 ἐπειδὴ
1617 1542 1720 1596 κᾶν
1773 1543 1979 1611 ἐπιχει-

411 1625 651 1693 ρήσωσιν
675 1628 1038 1701 οἰκοδομῆσαι,
1064 1633 1423 1704 καταστρέφω
1448 1634 1610 1687 πάλιν
1634 1652 1648 1665 ·
1673 1632 1813 1686 ὥστε
1839 1631 1981 1684 ἐκεί-

2074 550 2238 591 scens
2270 535 2340 589 ob
2366 551 2429 591 ea
2464 553 2585 607 qua:
2613 538 2668 593 in
2699 554 2797 593 vos
2830 539 2952 594 ausi
2987 548 3156 594 sunt:
3189 548 3303 594 tum
3341 548 3397 596 et
3432 541 3649 600 illorum

2074 627 2275 696 praedia
2312 630 2495 683 omnia
2529 629 2583 684 in
2633 631 2983 686 solitudinem
3021 631 3183 693 verti,
3233 644 3397 701 quam
3442 642 3651 689 tantam

2075 727 2297 789 unique
2326 720 2603 775 horridam
2649 722 2717 776 iis
2754 722 2933 787 intuli,
2981 730 3042 776 ut
3085 722 3299 777 etiamsi
3342 722 3482 779 forte
3518 740 3654 780 oon-

2075 812 2218 867 versi
2249 811 2519 865 voluerint
2556 813 2854 882 aliquando
2894 824 3067 869 semet
3109 816 3419 880 emendare,
3470 826 3524 871 et
3553 818 3655 872 de-

2085 910 2259 957 sertas
2290 903 2454 959 urbes
2503 906 2864 976 regionesque
2907 914 3236 970 restaurare,
3268 908 3401 961 nihil
3433 910 3541 963 sint
3570 909 3653 963 ef-

2084 991 2300 1047 fecturi.
2334 991 2555 1049 Decrevi
2585 996 2731 1050 enim
2774 997 2990 1051 illorum
3043 996 3287 1051 locorum
3317 998 3655 1065 vastitatem,

2085 1097 2186 1136 nec
2209 1084 2434 1137 omnino
2463 1083 2576 1137 ﬁeri
2610 1086 2809 1154 poterit
2836 1093 2894 1139 ut
2925 1101 3013 1140 res
3036 1087 3280 1156 ipsorum
3309 1096 3651 1157 reparentur.

2083 1172 2218 1226 Nam
2249 1175 2296 1229 si
2335 1173 2609 1230 aediﬁcare
2637 1178 2957 1239 moliantur,
2990 1192 3090 1246 ego
3131 1192 3324 1232 rursus
3364 1187 3604 1233 evertam
3635 1196 3651 1232 :

2080 1265 2155 1319 ita
2183 1275 2242 1320 ut
2287 1266 2355 1322 iis
2393 1267 2529 1322 locis
2557 1268 2845 1336 appellatio
2885 1270 3110 1331 haereat,
3126 1266 3361 1323 Termini
3396 1270 3656 1339 iniquita-

2081 1356 2176 1417 tis,
2228 1366 2419 1427 utpote
2463 1359 2533 1411 ab
2582 1358 2869 1426 iniquitate
2922 1359 3207 1415 desotatis.
3253 1362 3323 1414 At
3373 1361 3529 1415 vobis
3579 1362 3656 1415 ita

2085 1446 2225 1502 bene
2259 1448 2438 1503 facere
2481 1450 2766 1512 constitui,
2797 1458 2858 1503 ut
2901 1459 3239 1519 spectatores
3274 1452 3493 1521 ipsimet
3527 1451 3653 1505 facti

2085 1540 2349 1594 bonorum
2374 1541 2529 1596 vobis
2558 1542 2907 1605 collatorum,
2950 1541 3043 1597 Dei
3078 1544 3367 1612 potentiam
3396 1557 3658 1614 agnosca-

2085 1631 2180 1694 tis,
2213 1632 2305 1700 qui
2338 1634 2501 1686 tantis
2535 1633 2693 1687 bonis
2721 1635 2884 1687 vitam
2915 1644 3153 1689 vestram
3186 1634 3442 1689 laetiﬁcat.

409 1730 521 1777 νοις
567 1719 663 1785 μὲν
707 1718 876 1789 ὄνομα
927 1724 1315 1795 ἐπικεκλῆσθαι
1376 1726 1627 1796 Ἀνομίας
1671 1725 1844 1796 ὅριον,
1898 1722 1993 1776 ἆτε
2028 1721 2131 1776 ὑπὸ
2173 1723 2514 1793 παρανομίας
2557 1723 2973 1795 ἡρημωμένοιςο
3026 1725 3153 1795 περὶ
3197 1726 3338 1794 ὑμᾶς
3384 1723 3438 1776 δὲ
3486 1723 3658 1786 οὕτως

409 1804 706 1875 ἐδοκίμασα
734 1811 841 1863 πᾶν
861 1812 889 1863 ὅ
915 1830 965 1865 τι
994 1814 1154 1867 καλὸν
1179 1815 1595 1887 διαπράξασθαι,
1625 1816 1765 1871 ὥστε
1793 1815 1988 1876 αὐτοὺς
2028 1814 2167 1884 ὑμᾶς
2195 1813 2389 1877 θεατὰς
2422 1817 2708 1883 γεγονότας
2733 1814 2841 1869 τῶν
2877 1816 3230 1887 δωρουμένων
3258 1816 3385 1885 ὑμῖν
3416 1812 3657 1882 ἀγαθῶν,

412 1893 702 1963 ἐπιγνῶναι
729 1901 822 1954 τοῦ
854 1903 986 1958 Θεοῦ
1019 1906 1117 1977 τὴν
1144 1907 1369 1978 δύναμιν
1398 1910 1669 1973 τοσούτοις
1694 1908 2079 1980 φαιδρύναντος
2112 1906 2333 1974 ἀγαθοῖς
2351 1909 2417 1961 τὰ
2446 1908 2704 1979 ὑμέτερα.

482 1991 626 2062 Στίχ.
660 2000 735 2059 ς’.
766 2026 829 2035 -
881 2000 956 2067 (p.
984 1998 1111 2070 5M)
1146 1998 1277 2055 Εἶτα
1307 2003 1586 2057 ἐπιτείνων
1612 2003 1671 2057 τὸ
1696 2004 1943 2074 ἔγκλημα
1962 2043 1976 2065 ,

2155 1999 2319 2056 Vens.
2336 2001 2669 2055 6.—Deinde
2688 2002 3182 2070 expostulationem
3198 2000 3505 2063 intendens,
3530 2020 3547 2051 ι
3568 1998 3628 2054 Fi
3654 2036 3659 2041 .

419 2100 439 2133 ι
465 2082 589 2147 Υίὸς
618 2086 831 2151 δοξάζει
874 2092 1105 2165 πατέρα,
1137 2097 1230 2149 καὶ
1260 2095 1444 2160 δοῦλος
1470 2096 1560 2150 τὸν
1601 2097 1789 2169 κύριον
1814 2098 1977 2152 αὑτοῦ

413 2173 778 2245 φοϐηθήσεται
812 2196 825 2211 ·
860 2182 951 2233 καὶ
985 2186 1033 2236 εἰ
1083 2188 1265 2258 πατήρ
1316 2190 1431 2260 εἰμι
1467 2188 1577 2257 ἐγὼ
1599 2230 1614 2254 ,
1645 2189 1745 2244 ποῦ
1776 2192 1921 2242 ἐστιν
1946 2192 1979 2260 ἡ

410 2264 537 2329 δόξα
570 2284 706 2335 μου;
738 2270 831 2323 καὶ
862 2273 911 2323 εί
939 2274 1139 2344 Κύριός
1169 2279 1283 2347 εἰμι
1312 2278 1441 2346 ἐγὼ,
1462 2280 1562 2332 ποῦ
1587 2283 1732 2333 ἐστιν
1757 2282 1785 2334 ό
1818 2268 1980 2348 (εἷόῦος

416 2374 558 2423 μους
593 2358 740 2427 λέγει
788 2363 991 2433 Κύριος
1042 2370 1459 2440 παντοκράτωρ.
1515 2391 1533 2424 ι
1574 2370 1717 2424 Υἱῶν
1764 2372 1861 2440 μὲν
1889 2368 1981 2425 οὖν

415 2448 565 2512 ἴδιον,
593 2454 746 2520 φησὶ,
773 2456 995 2510 τοιαῦτα
1042 2458 1470 2531 διαπράττεσθαι
1489 2501 1504 2524 ,
1538 2463 1630 2531 ἀφ’
1679 2456 1754 2516 ὧν
1781 2465 1981 2535 κόσμος

413 2556 496 2601 τις
532 2543 626 2593 καὶ
654 2545 971 2613 σεμνολογία
1026 2551 1310 2620 περιέσται
1341 2555 1452 2615 τοῖς
1483 2555 1748 2624 πατράσι·
1780 2555 1981 2611 δούλων

411 2630 468 2681 δὲ
499 2630 558 2682 τὺ
588 2632 726 2700 μετὰ
759 2635 951 2688 πολλοῦ
992 2638 1084 2691 τοῦ
1133 2640 1287 2703 δέους
1331 2641 1718 2714 ὑπηρετεῖσθαι
1754 2646 1866 2707 τοῖς
1898 2646 1983 2698 δε-

417 2726 689 2787 σποτικοῖς
743 2728 1105 2800 ἐπιτάγμασιν
1144 2747 1157 2759 ·
1186 2732 1295 2800 ἐγὼ
1338 2734 1416 2795 δὲ,
1475 2736 1658 2803 φησὶν,
1713 2737 1827 2807 είμὶ
1886 2739 1981 2807 μὲν

418 2812 571 2882 ὑμῶν
601 2815 821 2886 Κύριος,
847 2818 939 2871 ἆτε
962 2823 1027 2884 εκ
1056 2821 1150 2873 τοῦ
1189 2822 1262 2893 μὴ
1309 2824 1459 2887 ὄντος
1493 2826 1634 2895 ὑμᾶς
1658 2828 1739 2889 εἰς
1765 2828 1825 2878 τὸ
1844 2823 1983 2881 εἶναι

417 2905 756 2973 παραγαγών
791 2925 803 2936 ·
829 2909 894 2961 δι’
920 2910 1363 2982 ὑπερϐάλλουσαν
1395 2915 1451 2967 δὲ
1492 2916 1895 2988 φιλανθρωπίαν
1924 2937 1983 2974 τε

416 2995 512 3047 καὶ
541 3000 880 3069 χρηστότητα
910 3001 1272 3074 ᾡκειωσάμην
1320 3023 1377 3057 τε
1409 3006 1552 3077 ὑμᾶς
1597 3009 1691 3061 καὶ
1720 3009 1983 3082 ἐδεξάμην

417 3087 566 3151 υἱοὺς
596 3090 761 3158 ἐμοὺς
783 3091 1061 3146 καλεῖσθαι
1093 3113 1104 3125 ·
1136 3096 1480 3164 μεταδέδωκά
1513 3116 1571 3150 τε
1616 3100 1743 3169 ύμῖν
1775 3104 1984 3171 παρρη-

420 3178 540 3241 σίας
564 3178 658 3232 τοῦ
689 3181 899 3251 πατέρα
933 3182 1085 3252 ὑμῶν
1116 3184 1401 3254 ὀνομάζειν
1442 3187 1539 3255 ἐμέ
1564 3204 1577 3217 ·
1612 3186 1722 3260 ὁρῶ
1754 3187 1809 3240 δὲ
1851 3188 1985 3259 πρὸς

417 3272 696 3343 οὐδέτερον
748 3276 891 3346 ὑμᾶς
927 3279 1399 3347 εύγνωμονοῦντας
1423 3297 1437 3311 ο
1467 3279 1592 3333 οὔτε
1636 3282 1745 3352 γὰρ
1774 3282 1848 3345 ὠς
1885 3299 1985 3335 πα-

418 3365 553 3435 τέρα
566 3369 633 3436 τῇ
650 3366 1019 3439 καλοκαγαθία
1048 3369 1153 3422 τῶν
1178 3372 1619 3443 ἐπιτηδευμάτων
1646 3374 1753 3426 τῶν
1776 3375 1989 3426 οἰκείων

423 3456 704 3524 σεμνύνειν
729 3460 1115 3524 ἐσπουδάκατε,
1148 3461 1270 3515 οὔτε
1297 3462 1371 3526 ὡς
1399 3464 1672 3533 Δεσπότην
1699 3464 1991 3528 δεδοικότες

424 3547 536 3599 τῶν
591 3550 973 3622 ἐπιταγμάτων
1023 3552 1332 3624 φροντίζετε
1382 3555 1491 3608 τῶν
1526 3555 1692 3625 ἐμῶν.
1729 3555 1884 3610 Οὕτω
1927 3558 1990 3628 δὴ

426 3638 606 3692 κοινὸν
633 3642 767 3695 κατὰ
796 3644 1014 3697 πάντων
1047 3645 1137 3697 τὸν
1166 3645 1385 3715 ἔλεγχον
1412 3646 1795 3717 ποιησάμενος,
1824 3646 1992 3717 διορί-

426 3728 513 3793 ζει
554 3732 648 3785 καὶ
675 3733 742 3786 τὰ
785 3735 1055 3805 πρόσωπα
1091 3738 1180 3789 καὶ
1209 3738 1275 3790 τὰ
1307 3739 1627 3808 πράγματα,
1668 3739 1759 3793 καὶ
1783 3738 1846 3810 δὴ
1876 3739 1992 3792 δια-

424 3822 715 3894 λεγόμενος
744 3827 877 3897 πρὸς
923 3828 1050 3890 τοὺς
1084 3829 1259 3900 ἱερέας
1302 3829 1442 3882 οὕτω
1484 3831 1675 3900 φησίν*
1722 3851 1739 3881 ι
1785 3831 1991 3901 Ὑμεῖς,

425 3915 473 3967 οἱ
506 3916 689 3987 ἱερεῖς,
713 3920 761 3970 οἱ
797 3919 1142 3986 φαυλῖζοντες
1171 3923 1229 3975 τὸ
1253 3923 1421 3992 ὄνομά
1460 3940 1582 3993 μου.
1604 3942 1622 3973 ι
1660 3923 1864 3993 Ὑμεῖς.
1889 3942 1994 3995 φη-

432 4010 535 4070 σὶν,
570 4012 618 4061 oi
656 4011 754 4081 τὴν
798 4011 1135 4085 λειτουργίαν
1182 4016 1676 4085 ὲμπεπιστευμένοι
1702 4018 1800 4088 τὴν
1821 4016 1992 4076 θείαν,

430 4103 525 4155 καὶ
551 4103 734 4174 ὁδηγοὶ
776 4109 886 4168 τοῖς
923 4108 1123 4171 λοιποῖς
1156 4109 1458 4177 ὀφείλοντες
1509 4106 1647 4164 εἶναι
1679 4111 1786 4163 τῶν
1820 4128 1994 4181 κρειτο

432 4193 619 4258 τόνων,
650 4195 871 4250 τοιαῦτα
915 4197 1305 4271 διαπράττεσθε
1332 4202 1423 4269 ἀφ’
1467 4195 1541 4253 ὧν
1591 4200 1801 4263 οὐδενὸς
1846 4202 1995 4267 ἄξιον

427 4286 558 4339 ὄντα
593 4305 661 4357 με
691 4288 849 4358 λόγου
876 4290 1118 4344 δείκνυτε
1163 4296 1273 4356 τοῖς
1307 4292 1375 4346 τὰ
1410 4293 1540 4363 παρ’
1583 4293 1735 4363 ὑμῶν
1764 4292 1997 4363 πραττό-

435 4396 571 4447 μενα
598 4381 782 4452 ὁρῶσι.
816 4400 835 4433 ι
877 4383 985 4435 Καὶ
1012 4383 1224 4446 εἴπατε,
1267 4386 1356 4438 Ἐν
1392 4385 1496 4438 τίνι
1540 4387 1905 4457 ὲφαυλίσαμεν
1937 4388 1998 4440 τὸ

414 4469 604 4549 ⁴ὄνομά
628 4487 718 4523 σου
747 4490 761 4536 ;
802 4490 822 4524 ι
872 4473 1102 4543 Ὁμοίως
1152 4475 1429 4529 κάνταῦθα
1476 4477 1646 4544 λέγων
1678 4478 1739 4529 τὸ
1770 4478 1995 4541 εἴπατε,

434 4562 521 4613 ἵνα
572 4564 700 4633 εῐπῃ
729 4564 831 4625 ὅτι,
870 4565 963 4618 Ἐκ
1005 4567 1201 4638 πολλῆς
1251 4569 1347 4639 τῆς
1383 4568 1713 4640 ἀπροσεξὶας
1752 4570 1869 4623 οὐδὲ
1917 4570 2002 4623 αῖ-

2082 2093 2208 2155 lius,
2246 2093 2442 2163 inquit,
2490 2094 2722 2147 honorat
2762 2102 2990 2161 patrem,
3038 2101 3091 2147 et
3139 2107 3332 2147 servus
3373 2092 3656 2146 dominum

2079 2199 2240 2238 suum
2271 2185 2500 2240 timebit.
2544 2185 2697 2250 Quod
2734 2187 2779 2240 si
2805 2194 2956 2253 pater
2976 2199 3077 2252 ego
3100 2198 3245 2246 sum,
3268 2184 3357 2238 ubi
3374 2193 3457 2239 est
3484 2184 3659 2237 honor

2081 2276 2270 2330 meus?
2293 2284 2348 2331 et
2379 2277 2425 2331 si
2452 2276 2716 2331 Dominus
2737 2291 2838 2347 ego
2864 2292 3008 2336 sum,
3037 2276 3127 2329 ubi
3156 2284 3242 2330 est
3269 2276 3436 2330 timor
3463 2274 3658 2329 meus?

2081 2372 2158 2421 ait
2196 2368 2457 2424 Dominus
2502 2372 2874 2440 omnipotens.
2919 2390 2936 2421 ι
2976 2368 3237 2423 Filiorum
3273 2368 3495 2439 quidem
3543 2366 3662 2422 om-

2081 2462 2224 2514 cium
2250 2470 2354 2523 est,
2380 2462 2575 2531 inquit,
2607 2478 2670 2517 ea
2697 2477 2857 2532 agere
2890 2461 3034 2514 unde
3071 2471 3451 2515 ornamentum
3481 2459 3659 2529 quod-

2081 2549 2203 2603 dam
2235 2558 2289 2604 et
2315 2551 2484 2606 decus
2530 2552 2851 2621 parentibus
2894 2550 3161 2604 conlletur
3190 2567 3204 2602 :
3250 2563 3533 2621 servorum
3565 2563 3664 2603 au-

2080 2651 2187 2698 tem
2214 2644 2385 2696 multo
2415 2659 2538 2696 cum
2571 2653 2718 2697 metu
2749 2643 3015 2697 herilibus
3042 2642 3357 2697 subservire
3383 2610 3656 2710 jussibus.

2082 2734 2193 2803 Ego
2215 2750 2363 2799 vero,
2395 2735 2593 2804 inquit,
2624 2735 2887 2791 Dominus
2927 2742 3110 2790 vester
3151 2748 3296 2798 sum,
3330 2747 3429 2787 ceu
3470 2735 3564 2803 qui
3593 2736 3681 2789 ex‘

2082 2825 2256 2878 nihilo
2282 2840 2378 2878 vos
2406 2818 2474 2879 ad
2506 2824 2881 2880 exsistendum
2915 2824 3180 2893 produxi;
3212 2831 3266 2877 et
3289 2838 3503 2878 summa
3542 2838 3662 2877 mea

2081 2915 2411 2986 benignitate
2441 2931 2507 2970 ac
2536 2918 2777 2972 bonitate
2805 2918 2861 2972 in
2893 2931 3069 2970 nteant
3103 2915 3535 2970 familiaritatem
3578 2930 3664 2970 re-

2084 3008 2223 3077 cepi,
2268 3014 2321 3061 et
2372 3023 2521 3066 meos
2568 3006 2709 3062 ﬁlios
2761 3006 3035 3076 appellare
3064 3020 3162 3061 vos
3213 3020 3334 3059 sum
3384 3004 3660 3074 dignatus,

2084 3101 2447 3171 ﬁduciamque
2479 3097 2637 3154 vobis
2662 3098 2866 3154 indulsi
2928 3106 2988 3151 ut
3034 3097 3252 3153 Patrem
3296 3111 3385 3151 me
3440 3109 3665 3150 vocare-

2085 3198 2175 3251 tis.
2217 3195 2483 3251 Caeterum
2518 3209 2615 3249 vos
2653 3194 2807 3248 nulla
2859 3193 2912 3247 in
2965 3209 3025 3247 re
3073 3199 3258 3260 gratos
3286 3190 3488 3246 video:
3537 3203 3662 3243 nam

2091 3303 2265 3357 neque
2293 3299 2350 3341 ut
2382 3297 2613 3358 patrem,
2650 3294 2959 3341 vestrorum
2994 3294 3216 3339 actuum
3238 3275 3545 3341 honestate.
3576 3296 3664 3335 me

2092 3382 2360 3434 honorare
2397 3378 2682 3447 satagitis;
2718 3394 2897 3448 neque
2957 3387 3019 3431 ut
3052 3377 3339 3431 Dominum
3366 3383 3617 3432 verentes
3646 3412 3664 3435 ,

2093 3474 2343 3528 mandata
2375 3486 2492 3525 utea
2522 3472 2673 3539 pensi
2720 3471 2953 3525 habetis.
2997 3471 3088 3524 Sic
3132 3485 3265 3539 ergo
3302 3467 3668 3523 communiter

2093 3569 2309 3623 cunctis
2334 3567 2657 3635 objurgatis,
2685 3580 2808 3619 mox
2839 3579 3104 3634 personas
3126 3563 3445 3633 singillatim
3470 3559 3669 3614 distin-

2094 3659 2209 3727 guit
2233 3669 2288 3711 et
2311 3668 2502 3722 actus;
2547 3665 2602 3711 et
2636 3655 2951 3709 sacerdotes
2980 3656 3195 3723 quidem
3238 3653 3543 3719 alloquens.
3585 3649 3667 3704 sic

2094 3750 2206 3803 ait:
2250 3766 2268 3798 ι
2308 3745 2418 3800 Vos
2460 3742 2901 3813 sacerdotes,qui
2946 3741 3225 3811 despicitis
3264 3739 3426 3810 367
3468 3752 3668 3792 nomen

2096 3855 2297 3895 meum.
2343 3858 2361 3891 ι
2393 3837 2523 3903 Vos,
2570 3835 2769 3907 quibus
2812 3836 3055 3890 divinum
3106 3833 3474 3888 ministerium
3517 3845 3670 3887 com-

2096 3937 2321 3987 missum
2347 3939 2450 3993 est,
2493 3930 2696 4001 quique
2726 3931 2894 3985 duces
2920 3928 3131 3983 caeteris
3168 3926 3233 3981 ad
3259 3927 3512 3981 virtutem
3546 3939 3671 3980 esse

2095 4025 2328 4083 debetis.
2378 4024 2452 4077 ita
2499 4022 2699 4087 vivitis,
2752 4031 2813 4075 ut
2860 4021 3008 4078 nullo
3049 4034 3135 4073 me.
3164 4018 3387 4087 dignum
3417 4023 3671 4085 respectu

2095 4113 2400 4170 ostendatis
2448 4112 2536 4175 iis,
2565 4112 2657 4181 qui
2715 4126 2896 4165 mores
2925 4118 3135 4164 vestros
3179 4108 3495 4164 observant.
3549 4124 3566 4155 ι
3605 4103 3671 4158 Et

2096 4208 2354 4262 dixistis:
2388 4204 2447 4258 In
2476 4219 2584 4274 quo
2615 4204 2966 4273 despeximus
3002 4218 3199 4258 nomen
3230 4200 3417 4255 tuum?
3446 4218 3466 4250 ι
3505 4196 3673 4251 Simi-

2096 4301 2221 4354 liter
2255 4299 2357 4353 hoc
2390 4298 2551 4352 etiam
2606 4295 2725 4350 loco
2774 4297 2849 4351 ait
2884 4316 2901 4346 ι
2957 4296 3195 4357 dixistis,
3233 4313 3252 4344 ι
3298 4307 3416 4361 pro,
3440 4289 3524 4349 οι)
3548 4302 3671 4359 gra-

2099 4406 2215 4445 vcm
2256 4388 2560 4445 socordiam
2596 4397 2851 4450 vestram,
2898 4404 2966 4441 ne
3011 4398 3232 4440 sensum
3278 4383 3494 4453 quidem
3534 4378 3668 4433 tanti

2101 4482 2307 4554 peccati
2355 4480 2587 4542 habetis,
2624 4479 2719 4534 sed
2764 4480 2837 4532 ita
2870 4479 3051 4531 animo
3092 4477 3276 4531 an‘eeti
3308 4474 3463 4538 estis,
3509 4472 3670 4543 quasi

2102 4576 2235 4631 nihil
2295 4576 2655 4641 incongruum
2725 4570 3031 4640 gesseritis,
3095 4582 3408 4639 quanquam
3468 4573 3671 4619 tantam

438 4653 630 4724 σθησιν
662 4654 809 4725 ἔχετε
838 4659 930 4712 ἐπὶ
985 4660 1061 4728 τῷ
1110 4662 1344 4732 τοσούτῳ
1373 4661 1820 4733 πλημμελήματι,
1867 4664 1988 4716 ἀλλά

2104 4666 2275 4735 ςυΙριθ
2299 4665 2493 4719 molem
2526 4662 2832 4718 sustinetis.

429 4747 695 4800 διέκεισθε
722 4750 797 4813 ὡς
820 4750 971 4803 οὐδὲν
1000 4751 1191 4807 ἄτοπον
1214 4753 1698 4826 διαπραττόμενοι,
1724 4757 1897 4809 καίτοι
1935 4773 1998 4825 γε

434 4839 687 4894 τοσοῦτον
709 4842 1061 4912 ἐργαζόμενοι
1092 4846 1277 4899 κακόν.

505 4933 656 5002 Στίχ.
692 4933 756 4998 ζ’.
789 4964 862 4973 -—
888 4932 1019 4988 Εἶτα
1042 4936 1189 5005 λέγει
1219 4938 1312 4990 καὶ
1338 4937 1398 4990 τὸ
1424 4939 1702 5008 γινόμενον
1722 4954 1734 4967 ·
1769 4957 1788 4989 ι
1825 4940 1999 5010 [lpos-

438 5026 663 5093 ἀγοντες
716 5027 850 5097 πρὸς
919 5028 982 5080 τὸ
1029 5027 1408 5098 θυσιαστήριον
1464 5031 1659 5100 ἄρτους
1708 5032 1998 5102 ήλισγημέ-

437 5132 584 5180 νους.
620 5134 639 5167 ι
674 5117 747 5169 Οὐ
771 5118 881 5188 γὰρ
905 5118 1043 5170 κατὰ
1063 5118 1158 5189 τὴν
1189 5117 1282 5171 τοῦ
1308 5120 1471 5188 νόμου
1499 5119 1863 5184 διδασκαλίαν,
1886 5121 2005 5174 οὐδὲ

441 5208 584 5262 κατὰ
615 5209 714 5274 τὰς
744 5210 1043 5274 Μωσαῖκὰς
1075 5212 1364 5278 διατάξεις,
1410 5216 1484 5282 (p.
1517 5212 1642 5282 54:!)
1692 5213 1787 5266 σὺν
1816 5214 2007 5283 ἐπιμε-

439 5298 562 5371 λείᾳ
598 5301 838 5354 ποιεῖσθε
866 5301 972 5355 τῶν
993 5302 1172 5373 ἄρτων
1196 5304 1294 5375 τὴν
1318 5303 1594 5376 πρόθεσιν,
1635 5303 1771 5356 ἀλλά
1802 5304 2009 5366 κοινοὺς

441 5391 539 5444 καὶ
559 5391 637 5454 ὡς
668 5392 856 5463 ἔτυχεν
892 5395 1179 5463 γεγονότας
1207 5396 1358 5468 παρὰ
1378 5396 1437 5450 τὸ
1459 5396 1876 5465 διατεταγμένον
1910 5395 2007 5448 λα-

441 5484 649 5552 ϐόντες,
676 5488 870 5552 αὐτοὺς
896 5490 1163 5544 ἐπιτίθετε
1189 5493 1254 5561 τῇ
1275 5491 1519 5562 τραπέζῃ
1543 5509 1556 5522 ο
1582 5490 1726 5557 λέγει
1747 5489 1803 5542 δὲ
1841 5507 1859 5539 ι
1895 5487 2008 5556 ἠλι-

444 5577 751 5647 σγημὲνους
780 5599 799 5633 ι
824 5582 947 5645 τοὺς
974 5582 1276 5652 ζυμωτοὺς,
1312 5583 1341 5636 δ
1371 5581 1648 5653 προδήλως
1683 5579 1919 5633 ἐναντίον
1941 5573 2008 5649 ἦν

441 5666 521 5736 τῷ
562 5667 710 5739 νόμῳ
752 5667 990 5741 ἀζύμους
1039 5673 1131 5725 ἐπὶ
1162 5671 1254 5725 τοῦ
1308 5671 1687 5743 θυσιαστηρίου
1738 5669 2008 5724 κελεύοντι

447 5760 817 5830 προσάγεσθαι
854 5765 977 5828 τοὺς
998 5766 1211 5834 ἄρτους,
1239 5764 1483 5834 ζυμωτὸν
1509 5764 1565 5818 δὲ
1596 5762 1855 5835 μηδόλως,
1892 5762 2004 5816 Πᾶ-

2181 4939 2343 4995 Vens.
2374 4940 2429 4991 7.
2462 4969 2531 4977 —-
2556 4936 2678 4992 Mox
2710 4946 2764 4991 et
2792 4951 2903 4992 rem
2933 4943 3139 5008 gestam
3169 4942 3386 4988 narrat:
3411 4950 3429 4982 ι
3463 4930 3675 4986 Obtuli-

2110 5034 2210 5087 stis
2244 5032 2400 5087 altari
2454 5045 2577 5083 meo
2608 5042 2777 5098 panes
2819 5030 3079 5099 pollutos.
3126 5044 3144 5077 ι
3181 5024 3333 5078 Haud
3360 5023 3511 5093 juxta
3540 5023 3678 5095 legis

2105 5124 2430 5185 doctrinam,
2455 5136 2633 5191 neque
2647 5120 2802 5190 juxta
2824 5119 3094 5174 Mosaicas
3117 5114 3563 5172 constitutiones.
3585 5127 3679 5168 ac-

2107 5223 2293 5270 curate
2309 5206 2736 5281 fecistispanum
2767 5209 3219 5282 propositionem,
3252 5204 3679 5260 sedcommunes

2109 5311 2163 5357 et
2209 5292 2372 5371 pr'out
2420 5302 2575 5357 vobis
2609 5307 2970 5357 occurrerunt
3011 5304 3207 5369 praeter
3249 5295 3335 5351 fas
3377 5302 3675 5357 sumentes,

2109 5407 2311 5448 mensae
2339 5392 2701 5463 imposuistis.
2738 5390 2985 5445 Pollutos
3026 5397 3208 5443 autem
3250 5384 3487 5457 appellat
3510 5398 3679 5454 panes

2110 5486 2500 5552 fermentatos;
2534 5482 2821 5539 manifeste
2840 5482 3056 5538 idenim
3079 5479 3415 5536 contrarium
3440 5478 3540 5549 legi
3563 5491 3680 5533 erat

2109 5591 2329 5649 azymos
2364 5575 2575 5647 iubenti
2623 5591 2793 5647 panes
2823 5574 3038 5639 oﬂ'crre,
3083 5574 3465 5630 fermentatum
3517 5568 3675 5625 nihil.

2110 5668 2335 5724 Omnem
2374 5668 2542 5733 enim,
2569 5668 2765 5737 inquit,
2798 5664 3125 5723 oblationem
3148 5681 3311 5739 quam
3343 5663 3453 5719 Deo
3490 5659 3680 5717 aﬂere-

2117 5760 2342 5821 tis,sine
2384 5775 2579 5833 azymo
2613 5759 2846 5819 facietis.
2898 5760 3055 5829 Quod
3089 5775 3212 5816 cum
3242 5766 3351 5813 tam
3396 5751 3681 5827 perspicue
