4096 6234
451 312 579 375 m.

1618 321 1708 377 ΤΗ
1719 320 1969 380 EODOBI
1996 324 2477 383 MOPSUESTENI

3595 323 3698 384 60$

459 434 776 491 mandatum
799 432 1015 498 fuisset,
1047 433 1380 489 contrarium
1409 443 1529 490 erat
1565 452 1764 507 panum
1795 439 2026 495 fermen-

2138 458 2228 494 σαν
2260 440 2367 511 γὰρ
2402 438 2610 502 θυσίαν,
2644 439 2827 509 φησιν,
2857 437 2926 509 ἢν
2951 438 3019 493 ἄν
3048 438 3392 510 προσφέρητε
3422 432 3611 507 Κυρίῳ
3637 439 3698 487 ού

460 535 697 581 tatorum
728 525 1015 589 oblationi,
1042 526 1204 595 cujus
1229 540 1395 580 causa
1426 526 1576 596 juste
1612 544 1738 582 cum
1769 532 1837 584 iis
1864 546 2029 602 expo—

457 620 646 678 stulat.
681 626 741 671 ut
772 617 875 690 legi
904 633 1127 688 prorsus
1167 619 1693 677 contradicentibus.
1743 642 1762 674 ι
1800 623 1863 677 Ει
1889 623 2030 679 dixi-

460 712 602 765 stis:
637 709 693 763 In
727 726 838 779 quo
871 710 1170 779 polluimus
1201 712 1388 783 ipsos?
1420 733 1439 764 ι
1472 714 1650 784 Atque
1689 716 1783 779 ita,
1831 717 2027 787 inquit,

459 815 686 875 agentes
733 820 800 859 ne
827 803 1180 860 considerare
1222 806 1440 876 quidem
1488 807 1739 863 voluistis
1773 810 1849 864 rei
1897 817 2031 865 actze

462 894 883 949 absurditatem.
954 894 1089 949 Nam
1161 897 1485 951 vocabulum
1532 917 1551 949 ι
1586 898 1823 965 dixistis,
1861 920 1879 952 ι
1945 902 2032 957 hic

460 986 623 1041 etiam
666 1000 763 1054 pro
796 986 965 1039 animi
994 986 1285 1042 ail‘ectione
1332 989 1526 1058 ponit:
1563 988 1618 1042 id
1649 992 1916 1060 est,quasi
1949 994 2031 1047 ni-

464 1074 537 1128 liil
575 1074 835 1136 feceritis,
886 1076 959 1130 ita
1008 1077 1193 1130 animo
1227 1076 1404 1131 allecti
1451 1079 1608 1143 estis,
1646 1082 1945 1137 socorditer
1978 1093 2032 1138 et

464 1163 671 1234 absque
697 1181 863 1220 sensu
894 1174 1098 1221 tantam
1129 1168 1406 1236 patrantes
1429 1168 1791 1239 iniquitatem.
1837 1190 1856 1222 ι
1891 1174 1944 1226 In
1968 1187 2033 1227 eo

463 1255 608 1326 quod
636 1257 852 1311 dicitis:
885 1256 1071 1312 Mensa
1100 1256 1314 1313 Domini
1345 1260 1598 1331 despecta
1630 1271 1734 1324 est,
1779 1271 1833 1317 et
1868 1279 1953 1317 res
1984 1264 2032 1317 ei

464 1346 749 1417 impositas
789 1347 1139 1418 despexistis.
1178 1368 1197 1402 ι
1253 1350 1466 1405 Rursus
1508 1352 1595 1405 hic
1643 1369 1862 1423 qunque
1907 1355 2033 1408 dum

463 1437 562 1501 ait,
594 1458 609 1488 ι
649 1438 701 1491 in
729 1454 793 1492 eo
824 1439 970 1508 quod
1000 1440 1205 1503 dicitis,
1245 1460 1263 1492 ι
1300 1456 1400 1511 pro
1434 1450 1556 1496 actu
1586 1441 1837 1497 allectum
1868 1444 2034 1497 animi

463 1527 599 1581 dicit
625 1548 639 1582 :
681 1530 730 1582 id
760 1538 867 1594 est,
895 1532 1023 1585 dum
1056 1532 1129 1586 ita
1158 1548 1257 1586 vos
1286 1533 1469 1600 agitis,
1500 1534 1635 1587 nihil
1680 1534 1825 1587 aliud
1858 1546 2036 1589 mente

466 1618 676 1689 agitare
696 1619 1108 1683 demonstratis,
1136 1638 1309 1691 neque
1332 1624 1491 1677 aliter
1512 1639 1609 1679 vos
1636 1639 1757 1679 esse
1778 1626 2031 1688 allectos;

466 1710 549 1765 vel
577 1710 721 1781 quod
755 1726 942 1767 mensa
974 1728 1092 1767 mea
1114 1714 1263 1768 nullo
1291 1713 1360 1768 sit
1397 1714 1558 1784 digna
1589 1726 1859 1784 respectu.
1892 1716 2036 1770 idco-

2130 534 2380 602 ποιήσετε
2419 531 2695 602 ζυμωτόν’
2729 523 2902 601 οὗπερ
2931 529 3073 583 οὕτω
3118 529 3304 599 σαφῶς
3340 529 3698 599 διατεταγμέ-

2129 639 2219 675 νου
2245 622 2479 675 ἐναντίον
2496 617 2564 691 ἦν
2583 620 2661 691 τῷ
2681 620 2963 690 ζυμωτοῦς
2984 620 3311 691 προσφέρειν
3330 619 3455 682 τοὺς
3481 618 3696 689 ἄρτους,

2130 712 2270 786 ὑπὲρ
2293 708 2354 767 οῦ
2385 712 2449 783 δὴ
2481 714 2718 765 αἰτιᾶται
2745 712 2967 775 δικαίως
3002 711 3197 774 αὐτοὺς
3224 710 3299 774 ὡς
3337 710 3594 763 τάναντία
3621 711 3700 779 τῷ

2129 803 2278 875 νόμῳ
2308 803 2801 874 διαπραττομένους
2834 804 3134 876 προδήλως.
3169 820 3188 852 ι
3224 801 3329 854 Kal
3356 803 3567 865 εἴπατε,
3611 802 3700 855 Ἐν

2128 896 2236 949 τίνι
2299 894 2672 966 ὴλισγήσαμεν
2742 895 2975 958 αὐτούς;
3017 914 3036 945 ι
3093 895 3202 949 Kal
3251 894 3439 957 τοῦτο,
3500 892 3698 963 φησὶν,

2132 988 2429 1054 ποιοῦντες,
2451 987 2570 1043 οὐδὲ
2600 987 3003 1056 συλλογίζεσθαι
3031 986 3281 1057 βούλεσθε
3307 986 3399 1039 τοῦ
3418 986 3698 1057 γινομένου

2130 1079 2231 1150 τὴν
2265 1080 2523 1132 άτοπίαψ
2553 1080 2613 1132 τὸ
2640 1078 2768 1149 γὰρ,
2802 1099 2817 1129 ι
2859 1080 2968 1131 Kal
2994 1079 3205 1143 εἴπατε,
3241 1097 3259 1128 ι
3300 1075 3574 1130 κάνταῦθα
3600 1077 3703 1129 πά-

2132 1171 2215 1225 λιν
2242 1171 2339 1242 τὴν
2362 1171 2597 1225 διάθεσιν
2634 1170 2815 1238 λέγει·
2847 1171 2932 1222 ἵνα
2975 1172 3134 1242 εἴπῃ,
3157 1170 3239 1223 ὅτι
3277 1168 3363 1229 ’ος
3404 1167 3558 1221 οὐθὲν
3584 1168 3700 1221 δια-

2136 1264 2496 1334 πραττόμενοι
2544 1261 2835 1323 διάκεισθε,
2890 1260 3216 1331 ἀναισθησίᾳ
3262 1260 3357 1312 καὶ
3404 1257 3701 1330 άπροσεξίᾳ

2133 1354 2232 1424 τὴν
2272 1351 2541 1422 τοσαύτην
2587 1349 2939 1417 ἐργαζόμενοι
2987 1349 3378 1419 πλημμέλειαν.
3420 1367 3439 1399 ι
3487 1349 3575 1400 Ἐν
3626 1348 3701 1417 τῷ

2134 1444 2310 1511 λέγειν
2336 1442 2499 1512 ὑμᾶς,
2521 1440 2777 1513 Τράπεζα
2800 1440 3002 1511 Κυρίου
3026 1439 3421 1509 ἐξουδενωμένη
3444 1440 3582 1495 ἐστὶ.
3608 1438 3701 1491 καὶ

2136 1535 2202 1587 τὰ
2246 1533 2596 1603 ἐπιτιθέμενα
2641 1532 3047 1598 ἐξουδενώσατε.
3082 1551 3100 1582 ι
3132 1530 3298 1584 Πάλιν
3331 1529 3605 1583 κάνταῦθα
3644 1530 3703 1581 τὸ

2142 1643 2160 1675 ι
2197 1628 2254 1677 ἐν
2281 1623 2357 1693 τῷ
2376 1624 2551 1690 λέγειν
2583 1643 2601 1673 ι
2630 1623 2769 1675 οῦτω
2794 1623 2973 1692 φησὶν,
2997 1621 3070 1684 ὡς
3105 1622 3223 1673 ἀντὶ
3251 1621 3568 1691 πράγματος
3604 1618 3701 1687 τὴν

2137 1714 2373 1767 διάθεσιν
2399 1713 2572 1784 δηλῶν
2593 1730 2605 1743 ·
2643 1712 2889 1781 βούλεται
2936 1712 3042 1782 γὰρ
3075 1713 3269 1773 εἰπεῖν,
3293 1712 3373 1763 ὅτι
3426 1710 3499 1763 Τὸ
3530 1708 3702 1763 ταῦτα

464 1819 573 1874 que
623 1819 690 1858 ne
736 1803 1187 1873 imponendorum
1244 1806 1465 1876 quidem
1519 1822 1716 1876 panum
1770 1808 2033 1861 delectum

2138 1809 2308 1859 ποιεῖν
2342 1806 2505 1877 ὑμᾶς,
2555 1806 2653 1875 οὐχ
2681 1804 2863 1874 ἔτερόν
2911 1820 2964 1856 τι
3004 1803 3143 1856 κατὰ
3191 1802 3426 1856 διάνοιαν
3480 1802 3703 1872 ἔχοντας

468 1895 639 1950 ullum
679 1896 926 1952 habeatis
957 1916 969 1949 :
1012 1898 1173 1968 cujus
1202 1899 1279 1952 rei
1309 1897 1570 1952 indicium
1598 1899 1763 1969 368
1783 1908 1867 1953 est
1891 1899 2036 1970 quod

2130 1896 2419 1960 δείκνυσιν,
2455 1894 2564 1948 οὐδ’
2594 1895 2793 1966 ἑτέρως
2825 1910 2942 1957 πως
2973 1894 3368 1964 διακειμένους,
3408 1894 3520 1947 ἀλλ’
3552 1890 3585 1963 ἢ
3627 1892 3704 1956 ὡς

468 1989 773 2043 socorditer
795 2004 996 2060 panum
1019 1990 1419 2061 impositionem
1438 1990 1640 2055 facitis,
1666 1993 1869 2047 nullius
1885 1993 2037 2063 pensi

2138 1987 2254 2042 οὔτε
2282 1988 2382 2056 τῆς
2407 1987 2683 2059 τραπέζης
2707 1987 2806 2054 τῆς
2830 1987 2965 2058 ἐμῆς
2990 1987 3275 2056 τυγχάνειν
3304 1985 3446 2049 τινὸς
3467 1983 3611 2054 όφειλ
3622 1984 3704 2037 ού-

467 2077 732 2135 babentes
764 2080 1019 2149 legitimae
1050 2081 1412 2137 institutionis
1444 2083 1866 2147 observantiam,
1901 2100 2038 2153 quo-

2138 2098 2235 2152 σης
2286 2080 2539 2150 σπουδῆς,
2582 2079 2893 2147 ἀναγκαίως
2939 2096 3000 2131 τε
3040 2080 3135 2132 καὶ
3162 2078 3269 2131 τῶν
3314 2078 3703 2148 ἐπιτιθεμένων

469 2170 617 2224 niam
657 2171 782 2226 illos
824 2171 1170 2241 potissimum
1210 2189 1411 2229 mensa:
1455 2174 1814 2245 imponendos
1872 2192 2038 2247 panes

2138 2174 2345 2237 οὐδενὸς
2367 2173 2685 2243 ὀφειλόντων
2715 2172 2878 2237 ἀξίων
2905 2167 3043 2225 εἶναι
3068 2172 3226 2239 λόγου
3246 2188 3259 2201 ·
3292 2178 3367 2241 (p.
3393 2171 3517 2237 545)
3547 2169 3704 2223 τοῦτο

468 2277 666 2318 curare
691 2271 991 2333 oporteret.
1026 2281 1124 2320 ceu
1156 2280 1255 2337 pro
1283 2268 1539 2322 universo
1569 2268 1771 2336 populo
1802 2267 2032 2322 oblatos.

2140 2268 2289 2339 δηλοῖ
2307 2266 2368 2319 τὸ
2390 2264 2644 2337 ῥᾳθύμως
2667 2265 2810 2335 ὑμᾶς
2837 2263 3101 2317 ποιεῖσθαι
3123 2263 3231 2315 τῶν
3259 2264 3437 2334 ἄρτων
3458 2262 3557 2331 τὴν
3577 2262 3706 2331 πρό-

469 2353 605 2409 Nam
628 2353 772 2411 Deus
797 2355 1169 2422 mandaverat,
1197 2368 1256 2412 ut
1280 2373 1373 2413 sex
1406 2372 1633 2412 numero
1658 2364 1863 2419 essent,
1895 2358 2033 2412 duas

2138 2358 2306 2423 θεσιν,
2339 2357 2399 2408 ού
2453 2354 2831 2426 φροντίζοντας
2878 2355 3025 2416 ὅπως
3068 2354 3132 2407 ἂν
3163 2353 3301 2406 κατά
3347 2353 3445 2422 τὴν
3477 2352 3703 2422 νομικὴν

468 2446 649 2502 tribus
681 2448 735 2501 in
764 2447 992 2519 singulis
1039 2448 1407 2519 agnoscendo,
1458 2461 1516 2504 ut
1563 2449 1618 2504 in
1658 2465 1753 2505 sex
1802 2450 2034 2520 panibus

2140 2447 2508 2518 ἐπιτελεσθείη
2536 2446 2796 2511 διάταξιν.
2826 2447 2936 2500 Καὶ
2970 2445 3185 2515 πρῶτον
3222 2446 3320 2516 μὲν
3348 2441 3467 2497 εἶπε
3508 2444 3569 2498 τὸ
3597 2445 3703 2496 τῶν

467 2535 757 2623 duodecim
807 2539 982 2594 tribus
1016 2549 1423 2610 reputarentur,
1469 2555 1566 2610 pro
1604 2540 1803 2611 quibus
1836 2555 2033 2609 panum

2138 2541 2337 2612 ἄρτων,
2367 2540 2443 2603 ὡς
2472 2540 2538 2594 ἂν
2587 2538 2799 2608 πρῶτον
2842 2538 3179 2609 ἁμάρτημα·
3224 2537 3513 2608 ἐπειδήπερ
3559 2536 3705 2588 ἐκείιο

470 2630 899 2702 propositionem
935 2632 1047 2686 ﬁeri
1078 2633 1325 2702 jubebat.

2143 2649 2265 2695 νους
2300 2631 2532 2703 μάλιστα
2572 2631 2696 2694 τοὺς
2729 2630 2822 2682 ἐπὶ
2847 2630 2945 2700 τῆς
2971 2630 3247 2700 τραπέζης
3289 2627 3705 2698 προτιθεμένους

468 2728 665 2801 ἄρτους
705 2730 1021 2801 ἐπιμελείας
1058 2729 1347 2799 τυγχάνειν
1388 2728 1577 2799 ἐχρῆν,
1622 2728 1699 2793 ὡς
1751 2727 1951 2799 τρόπον
1993 2726 2117 2780 τινὰ
2152 2727 2289 2797 ὑπὲρ
2336 2727 2537 2788 παντὸς
2578 2724 2673 2777 τοῦ
2719 2722 2849 2777 λαοῦ
2897 2723 3364 2795 προσαγομένους·
3414 2722 3705 2793 ἐπειδήπερ

469 2820 754 2874 ἐκέλευσεν
778 2821 974 2883 αὐτοὺς
1006 2821 1037 2873 ό
1072 2820 1223 2883 Θεὸς,
1250 2808 1345 2872 κά).
1370 2819 1429 2884 ἐξ
1449 2813 1585 2873 εἶναι
1621 2819 1712 2873 τδν
1749 2817 2097 2890 ἀριθμὸν,δύο
2131 2818 2312 2888 φυλῶν
2352 2820 2409 2871 ἐν
2434 2815 2646 2886 ἑκάστῳ
2673 2814 3103 2887 γνωριζομένων,
3140 2815 3215 2878 ὡς
3250 2813 3315 2867 ἂν
3344 2815 3400 2866 ἐν
3428 2817 3539 2877 τοῖς
3571 2814 3630 2878 ἒξ
3649 2816 3703 2867 αἱ

468 2911 676 2968 δώδεκα
698 2912 1139 2985 παραλογίζοιντο
1167 2912 1348 2982 φυλαὶ,
1376 2912 1515 2984 ὑπὲρ
1536 2906 1612 2966 ὧν
1631 2913 1696 2984 δὴ
1719 2914 1818 2985 τὴν
1845 2911 2099 2983 πρόθεσιν
2129 2912 2377 2965 ἐκέλευσε
2413 2910 2689 2979 γίγνεσθαι
2723 2909 2829 2962 τῶν
2859 2908 3057 2979 άρτων.

542 3084 710 3141 Vens.
742 3086 868 3151 8,9.
902 3117 973 3126 -
1001 3086 1159 3142 Aliud
1188 3103 1406 3158 quoque
1443 3104 1566 3143 mox
1593 3089 1777 3145 subdit
1812 3090 2027 3147 illorum

2204 3092 2349 3163 Στίχ.
2377 3099 2449 3163 η’,
2476 3091 2541 3146 θ’.
2569 3120 2637 3131 -
2679 3089 2836 3159 Ἑξῆς
2868 3088 2924 3141 δὲ
2955 3086 3150 3155 ἐπάγει
3177 3087 3272 3139 καὶ
3304 3084 3495 3158 ἐτέραν
3528 3082 3705 3137 αὐτῶν

471 3184 777 3248 peccatum.
824 3196 845 3229 ι
883 3176 1153 3244 Quoniam
1201 3180 1248 3234 si
1297 3178 1603 3234 obtuleritis
1645 3195 1843 3235 caream
1882 3182 2042 3237 victi-

472 3282 640 3330 mam,
674 3282 784 3322 non
825 3275 911 3324 est
953 3268 1178 3323 malum.
1223 3267 1290 3322 Et
1340 3269 1387 3324 si
1436 3268 1746 3325 obtuleritis
1795 3269 2041 3325 claudam

474 3359 560 3415 vel
586 3367 959 3431 aegrotantem,
993 3374 1102 3414 non
1140 3368 1224 3416 est
1250 3361 1474 3415 malum.
1516 3380 1535 3413 ι
1576 3360 1713 3415 Dum
1753 3362 2040 3431 ejusmodi,

473 3448 675 3521 inquit,
706 3450 959 3505 victimas
1001 3448 1231 3515 offertis,
1282 3465 1508 3521 peccare
1556 3466 1662 3507 non
1692 3451 2040 3509 existimatis.

474 3538 543 3594 Et
571 3540 649 3596 rei
667 3550 803 3596 actae
830 3539 1223 3597 absurditatem
1251 3542 1585 3598 ostendens:
1626 3563 1643 3595 ι
1683 3542 1828 3599 Olier
1848 3544 1923 3608 id,
1960 3546 2044 3601 in-

471 3633 614 3704 quit,
636 3633 764 3689 duci
792 3642 904 3698 tuo.
939 3634 988 3690 si
1009 3635 1264 3705 excipiet,
1291 3635 1336 3690 si
1360 3636 1622 3707 suscipiet
1649 3636 1841 3692 faciem
1871 3646 2041 3705 tuam,

471 3724 609 3782 dicit
627 3724 892 3781 Dominus
917 3726 1287 3796 omnipotens.
1319 3745 1337 3779 ι
1374 3728 1587 3797 Agesis,
1616 3728 1661 3783 si
1684 3744 1779 3799 per
1806 3730 1883 3784 rei
1910 3728 2045 3786 actae

472 3813 872 3872 absurditatem
916 3830 1024 3871 non
1061 3819 1338 3887 agnoscis,
1368 3816 1455 3872 fac
1486 3817 1785 3888 periculum
1819 3819 1875 3873 in
1912 3820 2044 3877 offe-

475 3904 649 3961 rendo
674 3904 909 3975 principi
943 3906 1123 3976 gentis
1154 3915 1281 3972 tua,
1317 3913 1373 3962 et
1396 3906 1600 3962 videsis
1634 3923 1761 3963 num
1785 3910 2040 3980 excipiat,

477 4010 608 4051 num
642 3994 721 4050 tui
755 4010 1010 4051 reverens
1056 3996 1197 4053 hanc
1235 3997 1493 4067 injuriam
1527 3998 1855 4056 dissimulet.
1891 4000 2041 4056 Non-

477 4102 548 4145 ne
586 4096 779 4143 contra
826 4094 945 4143 ate
992 4087 1169 4158 magis
1213 4087 1457 4146 otl'ensus
1506 4105 1669 4160 quam
1720 4091 2040 4157 honoratus,

475 4179 872 4238 contumeliose
920 4186 973 4235 te
1020 4179 1232 4249 rejiciet
1271 4195 1397 4235 cum
1448 4180 1543 4236 tali
1592 4181 1868 4239 oblatione
1913 4187 2045 4241 tua?

478 4267 857 4327 Demonstrata
887 4283 1017 4323 vero
1051 4277 1283 4339 utraque
1310 4269 1648 4325 absurditate
1692 4279 1805 4327 tum
1843 4288 2041 4344 panum

478 4368 596 4417 tum
623 4360 987 4425 victimarum,
1009 4359 1158 4414 addit
1187 4376 1201 4412 :
1236 4381 1254 4412 ι
1275 4358 1430 4415 Nunc
1452 4376 1583 4417 vero
1614 4361 1824 4432 placate
1851 4364 2041 4420 faciem

2142 3184 2538 3255 πλημμέλειαν.
2573 3201 2592 3234 ι
2639 3181 2783 3233 Διότι
2831 3179 2924 3232 ἐὰν
2960 3178 3346 3250 προσαγάγητε
3389 3175 3587 3245 τυφλὸν
3627 3177 3706 3238 είς

2142 3276 2347 3341 θυσίαν,
2394 3276 2454 3328 οὐ
2503 3274 2670 3328 κακόν
2696 3291 2708 3304 ·
2743 3273 2837 3327 καὶ
2885 3272 2978 3327 ἐὰν
3036 3269 3421 3341 προσαγάγητε
3466 3266 3636 3337 χωλὸν
3669 3266 3704 3337 ἢ

2141 3366 2419 3439 ἄρρωστον
2444 3405 2459 3429 ,
2500 3366 2559 3419 οὐ
2604 3366 2789 3419 κακόν.
2830 3381 2850 3416 ι
2911 3364 2998 3416 Ἐν
3030 3362 3087 3416 δὲ
3123 3360 3200 3431 τῷ
3233 3360 3488 3424 τοιαῦτα,
3536 3358 3702 3429 φησὶ,

2144 3459 2469 3531 προσφέρειν
2516 3457 2592 3528 τῷ
2623 3456 2741 3528 Θεῷ
2771 3455 2957 3519 θυσίας
2998 3456 3197 3519 ἕνεκεν,
3230 3452 3327 3523 οὐχ
3379 3451 3707 3525 ἁμαρτάνειν

2141 3549 2348 3603 οίεσθε’
2399 3551 2494 3604 καὶ
2546 3550 2757 3613 δεικνὺς
2823 3547 2917 3602 τοῦ
2965 3549 3245 3619 γινομένου
3294 3547 3392 3619 τὴν
3445 3543 3704 3599 ἀτοπίαν·

2149 3659 2167 3691 ι
2202 3640 2521 3714 Προσάγαγε
2547 3640 2611 3713 δὴ
2637 3640 2768 3693 αὐτὸ
2795 3639 2872 3712 τῷ
2892 3639 3175 3712 ἡγουμένῳ
3197 3655 3312 3698 σου,
3345 3639 3392 3690 εἰ
3423 3632 3708 3707 προσδέξε-

2140 3750 2252 3797 ται,
2285 3736 2333 3787 εί
2374 3732 2602 3805 λήψεται
2645 3732 2935 3805 πρόσωπόν
2970 3750 3083 3795 σου,
3133 3731 3277 3799 λέγει
3322 3729 3524 3800 Κύριος
3572 3743 3706 3780 παν-

2140 3823 2441 3895 τοκράτωρ.
2468 3842 2487 3876 ι
2516 3822 2674 3877 Ἀλλὰ
2693 3821 2801 3895 γὰρ
2823 3824 2870 3876 εί
2896 3821 2970 3894 μὴ
2996 3821 3135 3876 κατά
3162 3821 3353 3874 σαυτὸν
3371 3819 3596 3889 συνορᾷς
3611 3815 3704 3871 τοῦ

2141 3915 2426 3986 γινομένου
2454 3914 2516 3967 τὸ
2544 3914 2762 3979 ἄτοπον,
2802 3913 3125 3986 πειράσθητι
3172 3913 3304 3981 αύτδ
3342 3910 3707 3983 προσαγαγεῖν

2141 4007 2218 4078 τῷ
2247 4006 2343 4078 τὴν
2382 4007 2675 4077 ήγεμονίαν
2714 4005 2867 4076 ὑμῶν
2908 4005 3343 4076 πεπιστευμένῳ·
3391 4004 3485 4057 καὶ
3516 4002 3706 4055 θέασαι

2141 4096 2206 4169 δή
2224 4098 2274 4150 εί
2298 4095 2526 4161 δέξεται,
2551 4098 2600 4150 εί
2623 4097 2760 4150 αἰδοῖ
2778 4099 2843 4169 τῇ
2869 4099 3004 4170 πρὸς
3029 4098 3088 4151 σὲ
3110 4101 3379 4168 κομιεῖται
3402 4095 3500 4167 τὴν
3527 4092 3703 4165 ὓϐριν

2141 4190 2259 4260 ούχὶ
2282 4189 2339 4243 δὲ
2371 4189 2677 4244 τούναντίον
2704 4189 2779 4255 ὡς
2815 4191 2879 4246 ἂν
2909 4190 3229 4261 ὑϐρισμένος
3270 4187 3420 4259 παρὰ
3448 4185 3541 4239 σοῦ
3570 4185 3707 4256 μᾶλ-

2141 4279 2230 4335 λον
2262 4280 2296 4351 ἢ
2323 4281 2699 4353 τετιμημένος,
2730 4282 3101 4355 προσυϐρίσας
3130 4298 3189 4334 σε
3217 4278 3528 4349 ἀποπέμψει
3569 4275 3709 4347 μετὰ

2141 4370 2233 4425 τοῦ
2279 4372 2767 4444 προσκομισθέντος
2794 4373 2946 4438 δντος
2990 4372 3264 4439 τοιούτους
3303 4372 3491 4438 Δείξας
3531 4368 3708 4423 αὐτῶν

477 4449 577 4509 Dei
611 4453 800 4521 vestri,
834 4466 1067 4524 eumque
1098 4452 1486 4524 deprecemini,
1514 4460 1573 4507 ut
1594 4455 1761 4510 vestri
1788 4455 2038 4513 miserea-

2145 4438 2460 4533 ἀμφοτέρας
2489 4438 2602 4527 ’τὰς
2639 4464 2866 4528 ἀτοπίας
2896 4466 2994 4535 τήν
3042 4481 3101 4517 τε
3139 4462 3231 4516 ἐπὶ
3260 4462 3367 4515 τῶν
3412 4461 3591 4534 ἄρτων
3615 4460 3709 4513 καὶ

476 4549 588 4599 tur.
630 4561 650 4596 ι
687 4544 796 4615 Age
820 4545 933 4615 jam
968 4546 1168 4601 abhinc
1203 4546 1385 4616 priora
1411 4546 1695 4602 emendate
1722 4557 1963 4618 peccata.
1990 4558 2044 4606 et

476 4633 565 4692 his
602 4636 849 4702 omissis,
894 4638 1295 4709 praeteritorum
1325 4638 1490 4693 etiam
1539 4639 1812 4708 postulate
1850 4656 1880 4695 a
1933 4641 2043 4698 Deo

474 4726 713 4785 veniam.
729 4728 909 4800 lisque
924 4730 1116 4785 merito
1132 4731 1380 4798 timorem
1403 4732 1693 4797 incutiens,
1705 4751 1723 4784 ι
1747 4732 1802 4788 In
1819 4736 2041 4805 vestris,

477 4817 683 4892 lnquit,
727 4819 980 4875 manibus
1011 4820 1127 4875 haec
1157 4830 1301 4878 sunt.
1337 4841 1357 4876 ι
1401 4820 1615 4879 Recens
1642 4831 1727 4879 est
1758 4825 2041 4882 calamita-

476 4920 593 4968 tum
638 4910 995 4981 experientia,
1034 4913 1091 4967 in
1138 4928 1277 4984 quas
1307 4914 1469 4985 paulo
1514 4922 1643 4971 ante
1676 4915 1946 4973 incidistis
1977 4919 2049 4975 ob

477 5003 645 5061 debiti
675 5002 835 5059 ofﬁcii
879 5004 1283 5076 negligentiam,
1328 5022 1559 5077 quorum
1611 5008 1881 5079 praecipue
1926 5027 2042 5068 me-

478 5108 661 5151 mores
686 5094 927 5150 studium
967 5109 1128 5150 omne
1163 5095 1434 5152 honestati
1463 5097 1675 5153 debetis
1710 5099 2041 5171 impendere.

484 5204 506 5239 s
551 5186 633 5240 An
659 5201 727 5241 ex
764 5187 924 5242 vobis
964 5184 1261 5255 suspiciam
1289 5186 1457 5242 facies
1495 5190 1744 5244 vestras?
1779 5193 1914 5247 dicit
1935 5192 2041 5248 Do-

481 5278 664 5336 minus
689 5281 1058 5351 omnipotens.
1095 5298 1114 5332 ι
1143 5277 1284 5334 Hinc
1312 5279 1477 5351 369
1504 5279 1717 5337 debetis
1750 5298 2043 5356 cognosce-

389 5420 400 5437 ,
482 5387 563 5435 re,
598 5388 684 5428 me
715 5388 784 5428 ne
823 5388 970 5427 nunc
1021 5371 1242 5443 quidem
1291 5388 1388 5428 vos
1423 5382 1732 5442 peccantes,
1791 5388 2041 5449 respectu

481 5460 676 5533 dignos
730 5461 1064 5531 habiturum,
1104 5463 1209 5521 nisi
1252 5463 1567 5535 paenitendo
1611 5463 1809 5523 delicta
1863 5479 2043 5526 vestra

477 5554 798 5610 emendetis.

2146 4552 2242 4624 τὴν
2257 4555 2349 4607 ἐπὶ
2366 4553 2473 4609 τῶν
2489 4555 2759 4625 θυμάτων,
2775 4556 2987 4625 ἐπάγει.
3013 4574 3032 4606 ‹
3060 4556 3167 4610 Καὶ
3181 4554 3275 4609 νῦν
3291 4551 3632 4620 ἐξιλάσκεσθε
3647 4550 3708 4603 τὸ

2145 4647 2432 4717 πρόσωπον
2447 4645 2540 4699 τοῦ
2561 4646 2693 4700 Θεοῦ
2715 4646 2887 4716 ὑμῶν,
2916 4646 3009 4699 καὶ
3029 4645 3253 4718 δεήθητε
3279 4643 3463 4711 αὑτοῦ,
3481 4646 3555 4714 (p.
3580 4642 3705 4711 5“)

2146 4736 2232 4791 ἵνα
2263 4736 2457 4809 ἐλεήσῃ
2483 4738 2646 4808 ὑμᾶς.
2688 4757 2706 4791 ι
2755 4737 2913 4791 Ἀλλά
2941 4735 3050 4809 γὰρ
3088 4734 3191 4790 κᾶν
3226 4738 3337 4799 τοῖς
3373 4736 3511 4806 μετὰ
3535 4732 3706 4788 ταῦτα

2144 4826 2519 4900 διωρθώσασθε
2537 4830 2604 4883 τὰ
2626 4828 2858 4900 πρόσθεν
2880 4828 3031 4900 ὑμῶν
3055 4828 3271 4900 άμαρτή
3280 4843 3444 4897 ματα,
3466 4824 3557 4879 καὶ
3577 4838 3707 4876 παυς

2146 4921 2368 4992 σάμενοι
2413 4920 2505 4974 τοῦ
2550 4921 2773 4975 τοιαῦτα
2816 4920 3255 4995 διαπράττεσθαι,
3294 4920 3373 4972 έτι
3419 4920 3555 4988 ὑπὲρ
3596 4918 3706 4971 τῶν

2142 5011 2586 5084 παρεληλυθότων
2612 5014 2872 5086 αίτήσατε
2895 5014 3217 5085 συγγνώμης
3241 5016 3419 5084 τυχεῖν
3442 5010 3592 5080 παρὰ
3612 5009 3706 5063 τοῦ

2139 5103 2293 5157 Θεοῦ.
2320 5106 2427 5158 Καὶ
2463 5104 2643 5175 φοϐῶν
2664 5107 2888 5171 εἰκότως
2906 5122 2919 5137 ·
2955 5125 2975 5159 r
3015 5108 3104 5161 Ἐν
3130 5106 3312 5179 χερσὶν
3340 5104 3493 5176 ὑμῶν
3518 5103 3706 5173 γέγονε

2139 5195 2331 5250 ταῦτα.
2364 5216 2383 5249 ι
2429 5198 2685 5268 Ἐγγύθεν
2712 5199 2819 5270 γὰρ
2840 5199 2989 5270 ἔχετε
3013 5200 3122 5253 τῶν
3150 5198 3335 5252 κακῶν
3359 5199 3455 5267 τὴν
3478 5198 3672 5263 πεῖραν
3690 5211 3705 5226 ⁸

2137 5283 2220 5353 οἷς
2246 5290 2307 5343 οὐ
2337 5290 2445 5362 πρὸ
2459 5290 2652 5345 πολλοῦ
2676 5290 3126 5361 περιπεπτώκατε
3162 5291 3247 5343 διὰ
3278 5290 3373 5361 τὴν
3406 5287 3500 5341 τοῦ
3541 5302 3706 5357 προσ-

2140 5382 2363 5451 ήκοντος
2408 5382 2682 5452 ἀμέλειαν,
2717 5377 2792 5437 ὧν
2809 5386 2874 5455 τῇ
2903 5384 3088 5455 μνήμῃ
3121 5382 3351 5454 μάλιστα
3366 5381 3541 5433 πᾶσαν
3564 5378 3705 5448 ἔχειν

2145 5474 2288 5543 ὑμᾶς
2325 5473 2641 5543 ἐπιμέλειαν
2667 5476 2927 5546 προσήκει
2962 5474 3056 5527 τοῦ
3094 5472 3281 5527 καλοῦ.
3315 5492 3333 5524 ι
3374 5473 3439 5525 El
3468 5470 3704 5542 λήψομαι

2146 5564 2207 5630 ἐξ
2227 5565 2378 5637 ὑμῶν
2395 5568 2657 5635 πρόσωπα
2678 5566 2851 5636 ὑμῶν,
2866 5566 3011 5635 λέγει
3032 5563 3650 5638 Κύριοςπαντοκράτωρ.
3678 5578 3698 5611 ι

493 5644 610 5714 Ἀφ’
638 5639 713 5699 ὧν
744 5645 986 5717 ὀφείλετε
1027 5645 1239 5713 εἰδέναι,
1268 5646 1345 5709 ὡς
1382 5646 1505 5701 οὑδὲ
1533 5645 1627 5701 νῦν
1651 5649 1794 5719 ὑμᾶς
1829 5651 2235 5726 ἁμαρτάνοντας
2263 5657 2669 5729 αίδεσθήσομαι,
2727 5660 2774 5712 εί
2816 5658 2892 5729 μὴ
2920 5656 3250 5730 μεταμελεία
3275 5655 3397 5710 τινὰ
3421 5653 3709 5725 διόρθωσιν

483 5732 812 5805 ἐπαγάγοιτε
838 5740 948 5805 τοῖς
983 5737 1481 5811 πλημμελουμένοις
1514 5740 1643 5814 παρ’
1676 5740 1847 5812 ὑμῶν.

2168 5886 2235 5898 ,4-
2277 5887 2331 5898 -ο,
2358 5897 2364 5902 1
