4096 6234
367 348 480 405 ωε

1304 336 1854 401 COMMENTARIUS
1887 333 1950 390 IN
1984 328 2358 388 MALACHIxE
2397 327 2553 387 CAP.
2590 327 2632 383 l.

3533 304 3641 370 608

440 461 593 535 Στίχ.
630 458 885 532 ι’-ιβ¹.-‹
909 460 1050 514 Διότι
1076 461 1170 513 καὶ
1190 461 1246 513 ὲν
1276 460 1404 531 ὑμῖν
1442 456 1955 527 συγκλεισθήσονται

2130 445 2297 501 Vens.
2344 443 2525 499 {0-12.
2581 468 2651 481 ——
2692 455 2712 490 ι
2753 435 3022 503 Quoniam
3067 437 3123 487 et
3176 429 3234 485 in
3282 426 3438 484 vobis
3484 425 3641 480 clau-

368 555 557 628 θύραι,
579 555 676 610 καὶ
697 555 798 609 οὑκ
817 553 1052 625 ἁνάψετε
1070 553 1131 607 τὸ
1161 551 1543 623 θυσιαπήριόν
1569 567 1668 620 μου
1693 546 1921 618 δωρεάν.
1936 564 1954 596 ι

369 651 448 707 οὑ
483 649 594 722 γὰρ
619 648 856 721 χαλεπόν
890 666 980 720 μοι
1008 648 1103 701 καλ⁸
1125 648 1219 702 νῦν
1244 646 1442 700 ἄϐατον
1466 645 1594 715 ὑμῖν
1627 643 1849 712 ποιῆσαι
1869 638 1960 692 τὸν

370 743 503 799 ναὸν
527 742 622 796 τὸν
648 742 673 794 ὲ
682 740 803 812 μὸν,
831 740 926 794 καὶ
960 740 1163 794 παῦσαι
1198 739 1357 793 πάλιν
1378 738 1523 809 ὑμᾶς
1545 734 1638 788 τοῦ
1661 732 1741 804 τῷ
1777 732 1961 785 θυσια-

375 835 581 906 στηρίῳ
608 831 998 904 ὑπηρετεῖσθαι
1031 830 1108 901 τῷ
1147 828 1284 901 ἐμῷ,
1319 824 1814 899 διαπραττομένους
1846 838 1958 874 τοι-

373 928 551 983 αὖταο
581 927 720 997 ὅπερ
763 920 856 979 οὖν
894 925 996 995 ἤδη
1043 922 1338 993 πεποίηκα.
1384 918 1657 990 παραδοὺς
1702 916 1801 987 μὲν
1827 913 1961 984 πυρὶ

375 1021 547 1099 vacva
573 1016 763 1088 ἐπειδὴ
793 1013 1247 1086 πλημμελοῦντας
1287 1013 1430 1082 ὑμᾶς
1468 1010 1740 1080 ἀνήκεστα
1775 1005 1960 1077 ἑώρων

375 1114 437 1165 έν
466 1095 619 1181 αὑτῷ
638 1126 652 1141 ·
692 1107 1041 1180 αἰχμαλωσίᾳ
1079 1106 1135 1160 δὲ
1166 1106 1308 1176 ὑμᾶς
1339 1103 1628 1176 παραδοὺς,
1678 1107 1735 1156 ὲν
1830 1099 1960 1153 καθ-

375 1202 633 1266 εστῶτες,
662 1200 814 1255 οὐδὲν
828 1198 936 1253 τῶν
960 1199 1041 1261 είς
1069 1196 1346 1269 ἱερατικὴν
1365 1193 1701 1265 λειτουργίαν
1720 1192 1961 1264 ἡκόντων

377 1296 554 1348 ποιεῖν
587 1286 691 1346 οἷοί
720 1308 780 1344 τε
811 1286 929 1363 ἦτε.
967 1309 985 1341 ι
1020 1289 1135 1343 υὺκ
1165 1288 1309 1342 ἔστιν
1348 1286 1561 1357 θέλημά
1591 1302 1690 1357 μου
1717 1285 1773 1336 έν
1809 1283 1958 1353 ὑμῖν,

375 1386 527 1455 λέγει
560 1383 769 1455 Κύριος
819 1379 1234 1453 παντοκράτωρ,
1280 1379 1374 1433 καί¹
1413 1377 1603 1430 θυσίαν
1634 1375 1701 1447 οὑ
1736 1374 1961 1444 προσδέο

379 1477 542 1547 ξομαι
573 1476 639 1528 ὲκ
661 1473 770 1527 τῶν
800 1471 996 1543 χειρῶν
1042 1470 1214 1542 ὑμῶν.
1260 1488 1279 1521 ι
1315 1464 1388 1522 Εὖ
1420 1466 1526 1539 γὰρ
1553 1467 1663 1520 ἴστε
1698 1465 1779 1518 ὃτι
1804 1464 1960 1533 ἄχρις

377 1567 446 1621 ἂν
476 1564 705 1619 τοιαῦτα
743 1561 1156 1634 διαπράττεσθε,
1196 1556 1611 1628 ἁποστρέφομαί
1644 1572 1703 1608 τε
1737 1554 1804 1607 τὰ
1832 1555 1959 1624 παρ’

378 1658 537 1729 ὑμῶν
564 1654 847 1726 γινόμενα,
880 1653 974 1706 καὶ
1009 1652 1106 1715 τὰς
1133 1651 1324 1713 θυσίας
1355 1649 1507 1719 ὑμῶν
1531 1648 1591 1701 οὑ
1634 1646 1957 1717 προσίεμαι’

378 1750 523 1803 ὥστε
557 1747 678 1802 οὐδὲ
706 1746 770 1799 τὸ
821 1744 1012 1815 κέρδος
1044 1740 1358 1804 ἀποίσεσθε,
1392 1740 1468 1813 (p.
1499 1739 1627 1807 545)
1657 1734 1825 1810 οὗπερ
1870 1732 1963 1791 οὖν

382 1839 562 1895 ἑλπίδι
589 1838 696 1892 τῶν
727 1835 928 1891 θυσιῶν
948 1835 1045 1907 τὴν
1072 1833 1441 1906 προσκομιδὴν
1468 1830 1725 1885 ποιεῖσθε.
1762 1848 1782 1881 ι
1818 1830 1961 1883 Διό-τι

383 1931 495 1987 ἀπὸ
516 1928 787 1984 ἀνατολῶν
815 1926 965 1999 ἡλίου
997 1926 1093 1979 καὶ
1121 1926 1227 1987 ἕως
1255 1923 1473 1993 δυσμῶν
1502 1922 1668 1976 αὑτοῦ
1700 1922 1758 1975 τὸ
1794 1921 1963 1993 ὀνομὰ

385 2039 491 2093 μου
516 2018 787 2087 δοξάσειεν
811 2019 922 2080 τοῖς
942 2016 1140 2078 ἔθνεσι,
1167 2016 1262 2069 καὶ
1286 2016 1342 2067 ὲν
1360 2015 1520 2067 παντὶ
1546 2014 1693 2085 τόπῳ
1712 2012 1962 2083 θυμίαμα

382 2110 720 2184 προσάγεται
744 2107 820 2179 τῷ
844 2105 1064 2178 ὀνόματί
1090 2122 1215 2176 μου,
1241 2105 1336 2158 καὶ
1362 2103 1519 2157 θυσία
1546 2103 1763 2173 καθαρά
1782 2119 1797 2133 ·
1829 2103 1962 2157 διότι

385 2204 531 2278 μέγα
564 2203 626 2257 τὸ
656 2200 829 2273 ὄνομά
850 2216 951 2272 μου
983 2200 1040 2251 ὲν
1067 2200 1179 2260 τοῖς
1200 2196 1397 2260 ἔθνεσι,
1425 2194 1574 2265 λέγει
1596 2194 1795 2267 Κύριος
1823 2213 1962 2248 παν-

379 2298 693 2370 τοκράτωρ.
744 2313 765 2347 ι
812 2290 1173 2362 ’Δπανταχοῦ,
1204 2290 1358 2362 φησὶ,
1388 2289 1493 2359 γῆς
1524 2282 1633 2360 τὴν
1670 2288 1964 2359 ὀνομασίαν

380 2393 484 2463 τὴν
503 2390 648 2462 ἐμὴν
677 2387 916 2450 ἅπαντες
936 2384 1223 2439 διώκουσιν
1248 2385 1297 2437 οί
1320 2385 1451 2437 ὅπου
1476 2382 1600 2435 ποτε
1626 2380 1963 2445 καθεστῶτες

381 2480 492 2535 τῶν
516 2477 820 2550 ἀνθρώπων
839 2493 854 2508 ο
871 2476 1003 2529 Θεὸν
1031 2474 1139 2547 γὰρ
1168 2474 1347 2528 σέϐειν
1379 2472 1709 2526 ἐσπούδακεν
1736 2472 1964 2537 ἕκαστος

383 2574 479 2629 καὶ
502 2573 603 2646 τὴν
630 2571 821 2625 τούτου
851 2569 1131 2642 περιέπειν
1154 2566 1466 2639 ὀνομασίαν,
1493 2567 1569 2630 ὡς
1602 2566 1668 2620 ἂν
1694 2567 1964 2620 Δεσπότου

382 2685 446 2722 τε
476 2669 574 2722 καὶ
614 2666 852 2737 Κυρίου·
885 2665 1023 2734 ὅπερ
1066 2657 1160 2716 οὖν
1188 2662 1356 2724 ὅντως
1399 2661 1514 2731 εἰμὶ
1558 2658 1668 2729 ἐγώ
1688 2676 1705 2692 ·
1750 2658 1889 2712 ὥστε
1915 2660 1964 2711 εί

384 2759 487 2813 καὶ
544 2755 954 2827 πεπλανημένοι
995 2749 1077 2818 οἷς
1122 2754 1184 2806 οὑ
1228 2751 1470 2824 προσῆκε
1522 2751 1623 2823 τὴν
1671 2749 1964 2821 ὀνομασίαν

386 2844 731 2921 περιτιθέασι
776 2846 877 2918 τὴν
905 2846 1067 2918 ὲμὴν,
1112 2844 1248 2899 ἀλλὰ
1283 2845 1380 2915 τὴν
1410 2843 1548 2914 ἐμήν
1581 2859 1645 2912 γε
1672 2844 1819 2906 ὅπως
1865 2857 1966 2894 πε-

391 2941 675 3012 ριέπουσιν
732 2940 991 3003 ἅπαντες,
1039 2936 1133 2992 καί⁵
1181 2938 1268 2990 ἐπ’
1314 2937 1534 3007 ὀνόματι
1586 2934 1665 3006 τῷ
1709 2932 1828 3005 ὲμῷ
1866 2931 1967 2997 τὰς

387 3030 583 3095 θυσίας
606 3029 934 3095 ἐπιτελοῦσι,
963 3028 1181 3083 πάντων
1225 3028 1476 3101 μέγιστον
1508 3027 1601 3080 καὶ
1630 3027 1845 3081 πάντων
1871 3025 1968 3079 ὑπο

387 3123 584 3198 ιρέχον
610 3120 937 3195 νομιζόντων
955 3122 1020 3176 τὸ
1045 3121 1227 3176 Θεῖον·
1257 3121 1413 3192 ὑμεῖς
1443 3119 1501 3174 δὲ
1532 3119 1594 3173 τὺ
1621 3117 1774 3189 παρὰ
1802 3120 1967 3173 πᾶσιν

388 3215 535 3272 οὕτω
568 3215 711 3287 μέγα
741 3231 801 3270 τε
836 3213 1189 3286 νομιζόμενον
1216 3213 1309 3266 καὶ
1355 3209 1549 3264 σεπτὸν
1593 3208 1966 3281 ἐξυϐρίζοντες

389 3307 649 3378 φαίνεσθε
670 3322 684 3336 ·
712 3306 898 3378 ἐπειδὴ
924 3308 981 3360 ὲν
1001 3306 1079 3379 τῷ
1102 3305 1200 3377 τὴν
1228 3303 1507 3379 τράπεζαν
1544 3302 1642 3376 τὴν
1680 3303 1819 3375 ἐμὴν
1848 3318 1966 3357 κοι-

388 3376 491 3472 νὴν
522 3399 793 3471 ἡγεῖσθαι,
824 3376 918 3454 καὶ
960 3376 1125 3471 μηδὲν
1152 3376 1381 3469 ἔχουσαν
1409 3376 1569 3451 πλέον
1604 3395 1714 3450 τῶν
1739 3394 1964 3461 λοιπῶν,

389 3494 467 3547 τά
498 3508 557 3546 τε
582 3491 933 3563 ἐπιτιθέμενα
966 3491 1233 3563 μηδεμιᾶς
1266 3489 1392 3555 ἄξια
1432 3488 1675 3561 νομίζειν
1711 3488 1965 3557 σπουδῆς.

390 3582 622 3638 τοιαῦτά
648 3585 706 3638 τέ
740 3602 832 3655 μοι
858 3584 1207 3656 προσφέρειν,
1232 3583 1329 3655 τὴν
1355 3582 1497 3654 ἐμὴν
1520 3580 1814 3653 ὀνομασίαν
1833 3595 1968 3652 προ-

390 3675 573 3746 δήλως
593 3675 986 3747 ὲνυὸρίζοντες,
1025 3673 1278 3743 φαίνεσθε
1315 3674 1373 3727 έν
1401 3672 1612 3737 ούδενδς
1644 3670 1801 3743 μέρει
1829 3668 1969 3723 τιθέ-

395 3748 550 3836 μειῆι
582 3762 644 3817 τὸ
676 3762 849 3827 Θεῖον⁹
872 3763 902 3818 ὀ
930 3763 1081 3836 παρά
1122 3764 1287 3817 πᾶσιν
1313 3761 1456 3816 οὕτω
1479 3779 1537 3816 τε
1584 3761 1728 3832 μέγα
1756 3760 1850 3813 καὶ⁵
1877 3776 1971 3829 φο-

392 3854 556 3927 ϐερὸν
588 3855 919 3927 ὑπείληπται
962 3856 1055 3910 καί
1084 3855 1376 3926 σεϐάσμιον
1414 3854 1509 3908 καὶ
1547 3852 1763 3908 πάντων
1796 3851 1970 3924 ὑπερ-

391 3944 519 4018 έχον
541 3944 782 4011 δικαίως.

468 4038 618 4111 Στίχ.
656 4038 744 4109 ιγ,
777 4037 857 4093 ιδ’.
879 4067 951 4078 -
980 4055 1000 4090 ι
1034 4035 1143 4091 Καὶ
1170 4037 1377 4103 εἴπατε,
1412 4034 1596 4089 Ταῦτα
1619 4034 1684 4088 ἐκ
1725 4049 1973 4088 κακοπα-

395 4130 552 4196 θείας
578 4130 697 4185 ὲστί
718 4146 734 4161 ο
762 4131 856 4187 καὶ
885 4129 1192 4202 ἐξεφύσησα
1228 4129 1387 4194 αὐτὰ,
1420 4127 1569 4198 λέγει
1605 4127 1808 4198 Κύριος
1839 4144 1974 4182 παν·

394 4224 708 4297 τοκρὰτωρ.
747 4242 767 4277 ι
796 4219 929 4278 Εἶτα
950 4223 1107 4295 ὑμεῖς
1131 4221 1252 4293 μὲν,
1276 4222 1430 4293 φησὶ,
1462 4218 1787 4292 σεμνύνεσθε
1809 4218 1886 4284 ὡς
1908 4220 1973 4274 ὲκ

397 4316 565 4372 πόνου
612 4315 707 4371 καὶ
747 4313 987 4387 ἱδρώτων
1024 4313 1118 4369 καὶ
1158 4312 1529 4376 κακοπαθείας
1575 4311 1973 4385 προσφέροντες

402 4411 566 4475 ιδίας,
595 4409 668 4482 (p.
697 4408 824 4480 546)
853 4406 963 4478 ἐγὼ
986 4406 1043 4461 δὲ
1074 4404 1214 4461 αὑτὰ
1253 4403 1553 4479 ἀπέρῤιψα,
1584 4402 1853 4475 τοσαύτην
1879 4397 1973 4457 οὗ·

401 4519 505 4558 σαν
531 4500 685 4573 ὑμῶν
718 4499 816 4572 τὴν
840 4500 899 4553 ἐν
937 4500 1005 4571 τῇ
1037 4497 1374 4571 προσκομιδῇ
1408 4496 1810 4569 καταφρόνησιν
1838 4494 1973 4549 θεω-

399 4595 537 4672 ρῶν.
576 4612 600 4648 ι
634 4594 745 4649 Καὶ
768 4591 1049 4665 είσφέρετε
1073 4591 1431 4664 ἁρπάγματα,
1464 4591 1559 4645 καὶ
1594 4588 1766 4662 χωλὰ,
1793 4586 1979 4643 καὶτὰ

401 4685 764 4759 ὲνοχλούμενα
785 4703 799 4719 α
847 4686 940 4739 καὶ
985 4682 1320 4756 προσφέρετε
1366 4681 1505 4737 αὐτὰ
1543 4684 1623 4746 είς
1671 4680 1894 4735 θυσίαν·
1928 4680 1979 4734 εί

402 4779 769 4853 προσδέξομαι
802 4776 941 4832 αὐτὰ
964 4776 1029 4830 ὲκ
1053 4774 1161 4828 τῶν
1189 4773 1387 4846 χειρῶν
1407 4772 1581 4845 ὑμῶν,
1606 4773 1752 4843 λέγει
1778 4772 1980 4847 Κύριος

328 4912 331 4919 ς
402 4867 1080 4944 παντοκράτωρ.›Ἐπειδὴ
1103 4867 1161 4921 δὲ
1179 4867 1275 4921 καὶ
1301 4869 1361 4921 έν
1377 4868 1496 4933 ταῖς
1522 4866 1730 4931 θυσίαις
1752 4865 1980 4921 τοιαῦτα

404 4964 824 5038 προσκομίζετε,
881 4962 961 5017 ἔτι
1015 4959 1215 5033 μᾶλλον
1265 4957 1405 5015 αὐτὰ
1453 4958 1861 5031 ἀπεπεμπόμην
1905 4958 1981 5022 ὼς

404 5056 591 5129 φαῦλα
620 5056 718 5111 καὶ⁸
760 5057 826 5109 ὲκ
862 5053 1072 5125 φαύλης
1114 5051 1530 5125 προσφερόμενα
1560 5049 1802 5121 γνώμης.
1848 5044 1981 5103 Εἶτα

404 5151 505 5206 καὶ
528 5148 691 5220 νόμον
718 5146 905 5211 τιθεὶς,
942 5164 962 5198 σ
997 5145 1109 5200 Καὶ
1140 5142 1539 5212 ὲπικατάρατος
1571 5141 1629 5205 ὃς
1653 5136 1723 5212 ἦν
1760 5139 1982 5203 δυνατὸς

405 5241 503 5296 καὶ
528 5241 771 5313 ὑπῆρχεν
798 5237 858 5291 ὲν
884 5236 963 5309 τῷ
988 5235 1223 5307 ποιμνίῳ
1247 5232 1412 5288 αὑτοῦ
1446 5232 1612 5304 ἄρσεν
1631 5248 1647 5262 ·
1673 5232 1768 5285 καὶ
1791 5231 1825 5301 ἡ
1848 5230 1981 5302 εὐχὴ

406 5327 575 5384 αὑτοῦ
608 5330 667 5383 ὲν
707 5326 886 5399 αὐτῷ·
912 5327 1009 5381 καὶ
1064 5325 1183 5379 θύει
1227 5321 1596 5394 διεφθαρμένα
1637 5319 1716 5393 τῷ
1755 5320 1979 5393 Κυρίῳσ

406 5421 546 5477 διότι
581 5419 832 5492 βασιλεὺς
877 5419 1049 5491 μέγας
1087 5415 1198 5487 ἐγώ
1242 5418 1376 5487 ειμι,
1414 5414 1561 5483 λέγει
1597 5414 1799 5485 Κύριος
1848 5430 1984 5467 παν-

406 5512 695 5585 τοκράτωρ
714 5528 729 5544 ·
788 5512 882 5567 καὶ
943 5509 1006 5565 τὸ
1063 5508 1234 5581 ὄνομά
1300 5524 1401 5579 μου
1451 5505 1712 5577 ἐπιφανὲς
1764 5505 1824 5559 ὲν
1872 5508 1983 5569 τοῖς

408 5604 611 5661 ιθνεσι.
646 5625 667 5658 ι
703 5605 819 5667 Πᾶς
848 5602 936 5668 δὴ,
972 5601 1157 5673 φησὶν,
1197 5599 1358 5672 εὐχὴν
1378 5600 1470 5653 ἐπὶ
1497 5598 1657 5670 θυσίᾳ
1691 5597 1985 5669 πεποιημέ-

412 5714 525 5765 νος,
554 5697 676 5753 εἶτα
704 5695 952 5768 εὐπορῶν
981 5694 1073 5749 καὶ
1113 5693 1407 5765 δυνάμενος
1438 5694 1503 5748 ἐκ
1530 5693 1638 5746 τῶν
1675 5690 1984 5765 προσόντων

414 5790 565 5864 αὑτῷ
602 5793 868 5869 ποιμνίων
911 5788 1279 5864 προσαγαγεῖν
1324 5787 1490 5860 ἄρσεν
1534 5803 1591 5841 τε
1626 5787 1720 5841 καὶ
1763 5786 1983 5857 δόκιμον

2062 538 2259 593 dentur
2301 535 2460 601 ostia,
2499 546 2674 602 neque
2705 524 3051 585 suceendetis
3100 522 3272 577 altare
3309 533 3489 573 meum
3525 531 3639 588 gra«

2061 629 2153 684 tis.
2195 648 2213 681 ι
2248 626 2366 681 Non
2406 633 2490 681 est
2524 624 2669 679 enim
2702 619 2833 675 mihi
2866 602 3118 679 arduum,
3155 612 3412 683 templum
3461 624 3639 664 meum

2061 720 2216 776 vobis
2249 720 2590 774 inaccessum
2628 713 2860 775 eﬁicere,
2903 710 3165 778 vobisque
3210 703 3515 758 ministerio
3562 702 3641 753 al-

2062 810 2197 864 taris
2233 808 2338 862 mei
2381 805 2728 866 interdicere,
2760 802 2887 857 talia
2911 800 3234 871 agentibus:
3268 796 3414 866 quod
3445 807 3638 863 reapse

2058 902 2169 971 jam
2213 900 2338 962 ieci,
2390 898 2502 968 igni
2552 895 2811 965 templum
2877 891 3158 955 tradendo,
3213 896 3499 959 postquam
3540 899 3638 938 vos

2062 989 2475 1048 intolerabiliter
2524 1001 2751 1058 peccare
2785 985 2841 1040 in
2867 1000 2932 1040 eo
2960 979 3339 1045 animadverti,
3390 991 3491 1031 nec
3524 990 3634 1029 non

2064 1087 2121 1141 in
2150 1085 2529 1155 captivitatem
2552 1080 2917 1143 amaudando,
2946 1080 2999 1132 in
3038 1091 3145 1147 qua
3175 1073 3458 1130 constituti
3498 1069 3633 1125 nihil

2062 1179 2128 1233 ad
2176 1177 2514 1234 sacerdotale
2562 1173 2924 1229 ministerium
2960 1170 3243 1240 pertinens
3286 1178 3445 1236 agere
3489 1172 3637 1233 pote-

2061 1273 2217 1327 ratis.
2256 1289 2275 1322 ι
2310 1269 2427 1324 Non
2467 1276 2553 1323 est
2580 1269 2832 1322 voluntas
2865 1277 2983 1318 mea
3026 1262 3080 1315 in
3121 1260 3300 1324 vobis,
3348 1257 3484 1311 dicit
3534 1252 3637 1307 Do-

2063 1363 2248 1417 minus
2286 1360 2675 1430 omnipotens;
2708 1371 2886 1427 neque
2927 1355 3202 1409 victimam
3264 1348 3530 1419 accipiam
3570 1347 3639 1399 de

2064 1454 2316 1508 manibus
2348 1451 2566 1508 vestris.
2604 1469 2622 1503 ι
2657 1449 2833 1504 Probe
2884 1448 3103 1509 scitote,
3139 1459 3223 1497 me
3266 1440 3508 1513 quandiu
3564 1440 3639 1492 ita

2062 1560 2161 1600 vos
2187 1543 2397 1615 geritis,
2441 1550 2826 1596 aversaturum
2862 1536 3125 1608 quidquid
3167 1536 3227 1588 ﬁt
3270 1548 3298 1586 a
3329 1532 3503 1593 vobis.
3545 1545 3640 1583 ne-

2063 1648 2169 1702 que
2199 1631 2468 1687 sacriﬁcia
2509 1640 2691 1685 vestra
2739 1628 3107 1682 admissurum
3138 1644 3153 1678 :
3188 1622 3541 1693 quamobrem
3574 1635 3642 1673 ne

2064 1725 2489 1779 emolumentum
2534 1721 2754 1792 quidem
2790 1717 3174 1789 reportabitis,
3211 1720 3371 1783 cujus
3416 1728 3515 1783 spe
3557 1726 3643 1768 sa-

1994 1807 2038 1863 B
2069 1815 2274 1869 crincia
2324 1813 2617 1869 adducitis.
2654 1830 2674 1864 ι
2707 1811 2974 1878 Quoniam
3014 1810 3083 1863 ab
3110 1816 3232 1863 ortu
3287 1807 3420 1862 solis
3469 1820 3643 1875 usque

2070 1906 2136 1961 ad
2168 1920 2426 1961 occasum
2471 1903 2613 1974 ejus,
2664 1918 2861 1958 nomen
2908 1915 3086 1956 meum
3137 1899 3553 1963 honoriﬁcatur,
3588 1904 3643 1950 et

2072 1996 2124 2049 in
2176 1995 2322 2049 omni
2373 1995 2493 2049 loco
2536 1997 2819 2049 incensum
2863 1990 3089 2046 oﬁ'ertur
3133 1988 3343 2043 nomini
3390 2001 3535 2050 meo,
3588 1994 3643 2039 et

2071 2088 2334 2141 mundum
2387 2086 2741 2143 sacriﬁcium.
2804 2085 2941 2151 Quia
2994 2098 3248 2154 magnum
3304 2090 3389 2135 est
3445 2095 3641 2134 nomen

2070 2193 2249 2233 meum
2302 2178 2356 2232 in
2409 2178 2683 2248 gentibus,
2724 2176 2858 2231 dicit
2904 2174 3170 2230 Dominus
3217 2173 3581 2241 omnipotens.
3617 2191 3637 2223 ο

2072 2269 2302 2343 Ubique,
2332 2272 2530 2343 inquit,
2563 2279 2832 2326 terrarum
2864 2284 3060 2325 nomen
3100 2258 3278 2324 meum
3325 2268 3508 2322 cuncti
3553 2282 3641 2322 se-

2071 2372 2292 2419 ctantur
2358 2365 2625 2435 cujusque
2686 2363 2925 2433 regionis
2989 2362 3201 2417 incolae.
3261 2360 3394 2414 Nam
3441 2358 3641 2430 singuli

2074 2453 2243 2511 Deum
2308 2457 2488 2511 colere
2540 2462 2814 2525 satagunt,
2872 2453 3102 2524 ejusque
3141 2466 3339 2507 nomen
3391 2451 3641 2505 venerari

2075 2561 2176 2603 ceu
2224 2543 2483 2617 principis
2548 2556 2711 2616 atque
2760 2544 2966 2600 domini
2995 2539 3410 2613 :cujuscemodi
3456 2553 3645 2595 revera

2071 2653 2172 2710 ego
2211 2652 2334 2694 sum
2368 2636 2551 2693 :adeo
2586 2644 2667 2702 ut,
2724 2636 2937 2692 etiamsi
2984 2649 3171 2690 errore
3198 2633 3406 2703 decepti
3444 2645 3645 2686 nomen

2072 2729 2142 2786 iis
2180 2744 2322 2800 quos
2366 2743 2477 2784 non
2518 2727 2671 2784 decet
2704 2727 3013 2799 imponunt.
3049 2725 3402 2781 nihilominus
3446 2737 3646 2778 nomen

2073 2820 2252 2876 adhuc
2309 2834 2491 2875 meum
2550 2818 2955 2890 quodammodo
3009 2818 3280 2873 honorant
3329 2831 3542 2879 omnes,
3590 2822 3646 2869 et

2076 2912 2133 2967 in
2171 2913 2394 2968 nomine
2431 2925 2552 2967 meo
2590 2911 2857 2967 saerilicia
2901 2910 3208 2980 perﬁciunt,
3240 2908 3368 2962 dum
3401 2906 3645 2963 omnium

2074 3019 2256 3060 rerum
2298 3002 2591 3058 maximam
2626 3012 2682 3057 et
2717 3000 3229 3057 excellentissimam
3262 2998 3514 3069 judicant
3564 2998 3649 3052 di-

2074 3095 2374 3151 vinitatem.
2414 3092 2520 3149 Vos
2555 3100 2736 3148 tamen
2775 3108 2887 3148 rem
2931 3091 3177 3147 omnium
3225 3090 3483 3161 Opinione
3530 3103 3647 3142 ma-

1991 3164 2233 3253 cgnam
2283 3200 2348 3241 ac
2397 3184 2761 3241 venerabilem
2810 3183 3139 3239 contumelia
3193 3181 3452 3252 prosequi
3484 3180 3640 3235 vide-

2072 3278 2229 3342 mini,
2254 3277 2381 3349 quia
2410 3277 2538 3332 dum
2577 3290 2821 3333 mensam
2863 3291 3040 3332 meam
3088 3274 3417 3330 exiStimatis
3463 3272 3647 3344 profa-

2072 3385 2223 3437 nam,
2265 3372 2321 3425 et
2375 3368 2549 3424 nihilo
2603 3369 2777 3440 pluris
2818 3382 2982 3438 quam
3044 3367 3200 3431 alias,
3255 3375 3309 3421 et
3360 3380 3480 3436 quae
3537 3366 3649 3421 illic

2072 3458 2355 3532 imponitis
2398 3459 2549 3515 nullo
2589 3457 2806 3514 delectu
2853 3457 3195 3527 dignamini,
3239 3464 3295 3511 et
3342 3455 3459 3510 haec
3514 3453 3649 3507 mihi

2073 3550 2362 3608 oﬁ‘erentes
2397 3548 2607 3605 nomini
2629 3562 2750 3604 meo
2766 3546 3051 3603 manifeste
3078 3545 3269 3614 injurii
3297 3545 3451 3607 estis,
3486 3542 3642 3607 hinc,

2074 3642 2320 3713 inquam,
2354 3639 2525 3695 Deum
2551 3638 2717 3711 37o
2758 3636 2913 3693 ﬁocci
2946 3635 3061 3692 ﬁeri
3096 3650 3127 3690 a
3182 3634 3339 3689 vobis
3390 3641 3631 3695 constat,

2058 3736 2171 3802 ,ιιιιί
2218 3734 2458 3789 omnium
2498 3732 2707 3803 judicio
2754 3745 2984 3800 magnus
3040 3736 3125 3784 est
3178 3736 3235 3784 et
3286 3725 3548 3782 terribilis
3593 3732 3650 3781 et

2077 3833 2345 3899 angustus
2380 3832 2437 3880 et
2460 3837 2549 3880 res
2578 3835 2771 3878 omnes
2804 3820 2999 3877 merito
3020 3817 3310 3876 excedens.

2150 4043 2315 4099 Vens.
2354 4043 2441 4107 13,
2473 4040 2557 4096 14.
2595 4069 2666 4081 --
2702 4056 2721 4090 ι
2757 4035 2824 4091 Et
2851 4036 3067 4093 dixistis
3102 4054 3117 4092 :
3158 4034 3283 4091 Haec
3314 4034 3382 4089 ab
3407 4047 3649 4089 atrumna

2078 4145 2227 4193 sunt.
2261 4136 2327 4191 Et
2354 4132 2637 4190 exsuﬁlavi
2666 4144 2753 4196 ea,
2782 4129 2916 4185 dicit
2944 4127 3205 4184 Dominus
3232 4127 3595 4197 omnipotens.
3624 4142 3645 4176 υ

2079 4226 2289 4285 Deinde
2344 4242 2464 4296 vos,
2509 4223 2708 4297 inquit,
2768 4221 3075 4295 gloriamini
3123 4220 3280 4290 quasi
3331 4235 3397 4275 ex
3442 4204 3651 4283 labore,

2081 4319 2397 4386 sudoribus,
2428 4331 2778 4388 aerumnaque
2799 4313 3021 4391 propria
3056 4312 3382 4378 oﬁ'erentes;
3412 4316 3653 4366 attamen

2085 4427 2185 4484 ego
2228 4410 2345 4466 haec
2375 4410 2562 4481 rejeci,
2602 4416 2812 4464 tantum
2839 4416 3082 4464 vestrum
3129 4404 3184 4459 in
3208 4400 3485 4458 oﬁ‘erendu
3519 4416 3654 4458 con-

2005 4526 2052 4584 ι)
2083 4511 2351 4574 templum
2374 4503 2585 4559 videns.
2611 4520 2631 4555 ι
2657 4500 2725 4556 Et
2753 4497 3072 4555 inferebatis
3096 4494 3337 4568 rapinas,
3360 4502 3414 4550 et
3436 4494 3652 4560 clauda,

2080 4606 2135 4653 et
2163 4594 2444 4666 languida,
2483 4601 2538 4648 et
2561 4607 2625 4648 ea
2659 4589 2912 4648 sacriﬁcii
2953 4588 3075 4644 loco
3109 4587 3345 4643 dabatis.
3375 4584 3514 4641 Num
3551 4601 3655 4658 ego

2077 4705 2140 4745 ea
2194 4689 2451 4759 recipiam
2511 4685 2579 4741 de
2634 4684 2886 4739 manibus
2925 4677 3171 4738 vestris?
3202 4680 3337 4735 dicit
3388 4678 3653 4734 Dominus

2079 4781 2452 4851 omnipotens.
2498 4796 2518 4830 ι
2549 4773 2818 4844 Quoniam
2867 4773 2984 4828 haec
3029 4771 3263 4826 victima:
3310 4783 3477 4825 causa
3525 4765 3653 4822 aﬁ‘e-

2081 4872 2307 4937 rebatis,
2339 4868 2591 4941 equidem
2644 4873 2702 4921 ut
2732 4865 2860 4920 vilia
2903 4864 3106 4935 vilique
3138 4877 3206 4917 ex
3257 4867 3439 4915 menta.
3470 4856 3653 4911 oblata

2078 4962 2426 5034 respuebam.
2482 4958 2603 5014 Mox
2673 4967 2729 5013 ct
2785 4958 2956 5028 legem
3023 4955 3263 5011 recitans
3317 4971 3330 5006 :
3385 4970 3402 5003 ι
3434 4948 3656 5003 Maledi-

2080 5063 2225 5120 ctus,
2263 5075 2282 5107 ι
2347 5048 2558 5122 inquit,
2616 5065 2635 5099 ι
2672 5047 2765 5119 qui
2808 5048 2960 5102 dives
3006 5052 3155 5109 erat,
3209 5039 3548 5109 habebatque
3596 5036 3654 5091 in

2080 5161 2243 5218 grege
2288 5158 2389 5200 suo
2439 5140 2742 5196 masculum
2794 5157 2810 5194 :
2861 5146 2917 5194 et
2963 5136 3140 5192 oratio
3190 5133 3311 5202 ejus
3365 5133 3420 5186 in
3466 5131 3587 5201 ipso
3634 5149 3650 5187 :

2080 5243 2136 5291 et
2186 5234 2459 5291 sacriﬁcat
2500 5238 2758 5301 corrupta
2802 5226 3056 5282 Domino.
3102 5223 3237 5289 Quia
3286 5236 3382 5276 rex
3424 5236 3656 5291 magnus

2082 5343 2184 5399 ego
2224 5326 2367 5389 sum,
2424 5326 2558 5381 dicit
2611 5322 2875 5379 Dominus
2925 5317 3292 5387 omnipotens,
3349 5330 3657 5385 nomenque

2082 5436 2262 5476 meum
2307 5419 2519 5475 illustre
2566 5417 2621 5472 in
2666 5413 2935 5485 gentibus.
2975 5430 2996 5464 ι
3050 5404 3413 5479 Quicumque,
3453 5407 3655 5476 inquit,

2084 5528 2297 5585 precem
2329 5511 2461 5566 facit
2489 5507 2845 5567 sacriﬁcando
2865 5545 2880 5570 ,
2920 5511 2975 5561 et
3009 5519 3133 5561 cum
3161 5504 3234 5559 sit
3263 5502 3417 5558 dives
3455 5500 3657 5573 possit-

2082 5620 2191 5676 que
2225 5619 2292 5659 ex
2324 5600 2441 5659 suis
2478 5599 2736 5673 gregibus
2769 5596 2964 5652 oﬁ‘erre
3009 5594 3333 5667 masculum,
3371 5599 3427 5646 et
3456 5591 3655 5662 proba-

2084 5704 2223 5757 tum.
2255 5702 2311 5751 et
2342 5693 2487 5765 quod
2526 5691 2637 5749 Deo
2681 5688 2941 5745 oﬂ'eratur
2978 5687 3245 5760 dignum;
3292 5685 3338 5740 si
3374 5683 3426 5739 id
3471 5692 3654 5738 tamen

2085 5788 2311 5867 minime
2343 5785 2555 5853 oﬁ‘erat,
2586 5782 2681 5843 scd
2718 5781 2824 5840 vile
2857 5779 3063 5853 aliquid
3094 5786 3149 5837 ct
3189 5788 3515 5848 corruptum
3535 5778 3647 5833 Deo
