4106 6238
472 306 579 373 66,7

1631 318 1983 377 THEODORI
2009 322 2487 382 MOPSUESTENI

3603 332 3709 388 ωδ

474 418 785 487 sacriﬁcet,
814 420 882 488 is,
930 422 1172 493 inquam,
1222 441 1436 482 summa
1490 429 1686 501 dignus
1719 450 1879 503 pinna
1910 447 1992 493 est
2026 456 2039 491 :

2148 438 2241 491 καὶ
2268 432 2379 491 οἷον
2417 440 2786 511 προσάγεσθαι
2831 440 3038 512 πρέπον
3074 442 3225 513 Θεῷ⁸
3272 456 3363 496 και
3410 445 3564 497 τοῦτο
3611 447 3711 514 μὲν

474 513 604 583 quia
647 512 757 568 Deo
789 516 1030 568 omnium
1061 515 1413 584 dominatori,
1459 531 1516 577 et
1544 529 1758 581 cunctis
1803 528 2042 583 homini-

476 603 580 657 bus
632 602 701 658 ob
758 606 986 673 pmprim
1030 614 1241 662 natura:
1298 614 1722 682 magnitudinem
1784 619 2040 688 cognito,

475 694 686 764 copiam
719 696 797 750 rei
823 696 1001 766 dignae
1035 698 1263 765 habens,
1300 702 1622 761 deteriorem
1651 707 1829 764 oli'ert.

1130 1027 1284 1083 CAP.
1328 1031 1390 1084 ll.

545 1153 711 1210 Vens.
746 1158 793 1219 Ι,
825 1158 878 1210 2.
913 1191 979 1202 —
1012 1179 1032 1212 ι
1074 1161 1136 1216 Et
1168 1180 1316 1220 nunc
1347 1167 1661 1223 mandatum
1691 1170 1793 1226 hoc
1828 1174 1895 1227 ad
1923 1190 2039 1247 vos,

477 1262 512 1301 ο
552 1250 907 1307 sacerdotes:
942 1252 1057 1309 Nisi
1092 1256 1396 1321 audieritis,
1447 1269 1499 1314 et
1528 1263 1632 1316 nisi
1668 1266 1958 1333 posueritis
1988 1269 2042 1323 in

474 1341 639 1395 corde
666 1350 846 1397 vestro
877 1345 1004 1401 dare
1046 1349 1271 1417 gloriam
1316 1353 1521 1407 nomini
1561 1371 1701 1418 meo,
1744 1360 1819 1411 ait
1861 1358 2044 1414 Domi-

476 1446 582 1485 nus
617 1433 960 1503 omnipotens
979 1478 992 1502 ,
1028 1439 1238 1493 mittam
1271 1456 1436 1510 super
1463 1460 1558 1499 vos
1584 1447 2039 1514 maledic-tionem,

474 1527 530 1573 et
560 1522 875 1577 maledicam
901 1527 1271 1583 benedictioni
1301 1541 1510 1595 vestrae,
1539 1545 1591 1588 et
1613 1538 1928 1593 mall-dicam
1959 1543 2040 1596 ei:

476 1618 527 1664 et
554 1612 712 1682 371
745 1616 1028 1687 dissipabo
1071 1621 1503 1679 benedictionem
1539 1636 1797 1693 vestram,
1842 1642 1895 1686 et
1935 1649 2041 1689 non

474 1704 583 1757 erit
624 1706 678 1759 in
724 1709 899 1773 vobis,
936 1712 1063 1780 quia
1107 1729 1203 1768 vos
1254 1731 1362 1769 non
1396 1718 1598 1786 ponitis
1652 1721 1704 1775 in
1752 1725 1918 1779 corde
1945 1743 2036 1780 ve-

478 1803 613 1850 stro.
656 1815 676 1849 ι
717 1795 792 1852 En
821 1815 921 1870 ego
951 1802 1062 1855 hare
1091 1802 1158 1856 de
1193 1806 1346 1860 vobis
1375 1781 1632 1872 decerno,
1663 1812 1757 1879 qui
1786 1815 2039 1868 sacerdo-
2070 1781 2112 1835 Β

481 1889 574 1945 tali
620 1888 925 1946 ministerio
973 1892 1292 1964 fungimini;
1341 1900 1487 1968 quod
1529 1902 1631 1955 nisi
1676 1919 1821 1958 nunc
1864 1907 2041 1962 velitis

478 1979 669 2035 sedulo
712 1982 873 2038 dictis
918 1987 1053 2040 meis
1091 1989 1392 2054 attendere,
1434 2000 1489 2045 et
1518 1995 1807 2048 ministerii
1841 1996 2042 2051 seduli-

480 2078 591 2125 tate
611 2072 848 2128 debitam
870 2092 969 2130 con
980 2083 1391 2150 venientemqne
1414 2081 1522 2139 Deo
1544 2087 1771 2153 gloriam
1795 2091 2037 2156 reddere,

458 2164 771 2217 maximam
797 2166 951 2221 vobis
979 2183 1192 2236 pmnam
1228 2171 1455 2225 inierant
1485 2185 1577 2239 ;et
1608 2177 1753 2232 hunc
1781 2180 2039 2238 honorem

479 2267 590 2322 quo
628 2255 844 2311 interim
891 2258 1160 2326 fruimini,
1206 2263 1258 2315 in
1316 2263 1555 2320 dedecus
1593 2279 1645 2323 et
1677 2285 2041 2327 aerumnarum

477 2349 909 2416 experimentum
935 2363 1248 2409 convertam
1274 2376 1289 2423 ;
1320 2358 1582 2430 vobisque
1610 2377 1824 2419 omnem
1856 2382 2041 2421 sacer-

481 2439 715 2495 dotalem
755 2442 1033 2499 detraham
1077 2447 1363 2511 honorem,
1402 2453 1475 2505 ita
1522 2461 1581 2506 ut
1613 2470 1772 2509 nemo
1803 2466 2041 2513 vestrum

478 2529 730 2601 dignitati
762 2535 889 2590 huic
930 2540 1206 2593 succedat.
1240 2538 1390 2596 Patet
1433 2545 1574 2599 enim
1613 2548 2041 2602 maledictionem

477 2621 589 2677 dici
616 2640 716 2693 pro
747 2642 903 2695 pceua
946 2637 1000 2684 et
1031 2647 1399 2688 aerumnarum
1440 2637 1807 2704 experimento
1839 2660 1851 2693 :
1884 2642 2042 2696 bene-

478 2715 773 2773 dictionem
824 2736 975 2783 vero,
1037 2738 1135 2791 pro
1196 2725 1463 2779 bonorum
1514 2727 1790 2785 l'ruitione.
1846 2732 2046 2797 Quam-

458 2806 670 2862 obrem
706 2810 787 2864 sic
809 2813 1173 2867 sacerdotium
1207 2832 1426 2885 quoque
1450 2820 1703 2888 appellat,
1735 2837 1832 2873 ceu
1876 2823 2045 2876 bono—

482 2911 605 2950 rum
635 2900 932 2955 multorum
958 2919 1179 2959 causam
1213 2916 1327 2959 tum
1359 2908 1441 2963 his
1464 2910 1554 2978 qui
1584 2912 1713 2965 illud
1746 2917 2042 2981 possident,

481 2994 597 3041 tum
640 2990 805 3045 etiam
859 2994 968 3049 illis
1017 3011 1248 3065 quorum
1300 3000 1473 3068 gratia
1518 3001 1570 3054 id
1626 3008 1863 3059 exerceri
1914 3026 2044 3060 t'mt-

480 3082 663 3154 tingit.

552 3262 719 3321 Vens.
753 3266 807 3330 '5,
841 3268 895 3322 4.
923 3298 994 3308 -
1027 3267 1230 3327 Deinde
1261 3271 1332 3326 ob
1362 3273 1534 3344 magis
1562 3274 2044 3335 demonstrandam

482 3355 908 3427 indignationem
968 3376 1144 3426 suam,
1181 3380 1201 3415 ι
1238 3362 1377 3419 Ecce
1435 3379 1557 3436 ego,
1611 3368 1710 3434 ait,
1758 3370 2044 3439 projiciam

452 3445 806 3511 ,humerum,
866 3458 920 3502 et
960 3451 1265 3524 dispergam
1329 3458 1691 3512 ventriculum
1761 3460 1815 3514 in
1876 3459 2046 3517 facies

484 3546 716 3607 vestras,
739 3550 793 3596 et
821 3543 1115 3612 suscipiam
1152 3561 1251 3600 vos
1276 3547 1329 3602 in
1354 3548 1406 3602 id
1442 3550 1643 3619 ipsum.
1682 3571 1700 3605 ι
1734 3552 2044 3610 Mandatum

480 3637 599 3683 erat
629 3646 660 3684 a
687 3631 823 3703 lege,
866 3642 923 3687 ut
963 3636 1117 3703 quasi
1160 3637 1394 3694 electum
1422 3642 1664 3712 aliquod,
1698 3658 2047 3716 separaretur

486 3720 596 3778 Deo
627 3723 906 3782 humerus.
953 3726 1111 3782 Haud
1156 3730 1298 3783 ultra
1343 3731 1506 3801 igitur
1538 3751 1606 3790 ne
1634 3736 1738 3791 hoc
1769 3739 1985 3808 quidem
2016 3756 2046 3793 a

485 3816 640 3869 vobis
702 3819 998 3887 recipiam;
1057 3823 1257 3876 etenim
1317 3825 1465 3880 nulla
1520 3841 1579 3882 re
1624 3843 1723 3899 ego
1773 3830 2044 3899 indigens,

485 3910 739 3966 utilitatis
775 3924 970 3968 vestra:
1001 3919 1173 3985 gratia
1201 3919 1280 3974 sic
1312 3919 1425 3975 ﬁeri
1458 3921 1866 3978 constitueram.
1892 3922 2047 3977 Nunc

439 4077 442 4080 γ
485 4008 666 4057 autem
697 4005 822 4073 quia
851 4014 1060 4061 tantum
1092 4010 1196 4064 mei
1237 4022 1609 4082 contemptum
1651 4014 1958 4077 ostenditis,
1992 4024 2049 4067 ιιι

484 4112 572 4151 me
612 4110 675 4152 re
730 4097 823 4150 tali
879 4098 1146 4155 honorare
1188 4104 1411 4171 putetis,
1461 4104 1746 4159 humerum
1790 4107 2046 4160 nimirum

485 4188 620 4242 mihi
663 4187 957 4254 offerendo,
1002 4193 1155 4247 vobis
1198 4193 1344 4248 hunc
1388 4203 1658 4267 retroago,
1698 4204 1756 4250 ut
1802 4198 2051 4267 indigna-

485 4278 651 4335 tionis
693 4294 825 4334 mea‘.
877 4292 1258 4351 argumentum
1313 4285 1467 4340 vobis
1507 4286 1811 4343 exhibeam.
1863 4287 2048 4342 Sinam

486 4386 616 4425 vero
646 4387 743 4426 vos
776 4372 877 4426 hoc
903 4374 1066 4428 etiam
1092 4375 1239 4430 vesci
1274 4391 1398 4430 cum
1430 4377 1743 4432 animalium
1776 4389 2047 4447 stercore;

2144 537 2205 589 οὐ
2240 537 2551 607 προσάγων,
2590 537 2789 606 φαῦλον
2820 537 2879 591 δέ
2917 555 2970 591 τι
3013 538 3105 592 καὶ
3137 536 3528 609 διεφθαρμένον
3568 539 3710 593 θύων

2144 629 2222 699 τῷ
2254 629 2392 699 Θεῷ,
2429 630 2530 699 τῆς
2574 631 2807 701 ἐσχάτης
2838 631 2995 696 ἄξιός
3037 632 3152 684 ἐστι
3195 631 3487 702 τιμωρίας·
3521 632 3707 703 ἐπειδὴ

2143 721 2260 787 Θεῲ
2293 721 2509 775 πάντων
2540 721 2891 791 βασιλεύοντι,
2925 723 3018 776 καὶ
3046 721 3194 791 παρὰ
3214 723 3378 773 πᾶσιν
3404 719 3708 791 ἀνθρώποις

2144 812 2345 882 ὁμοίως
2393 812 2488 865 ἐπὶ
2513 812 2591 883 τῷ
2623 812 2840 883 μεγέθει
2872 814 2970 883 τῆς
3010 815 3214 877 οἰκείας
3255 813 3579 883 ἐγνωσμένῳ
3606 816 3705 885 φύ-

2147 919 2302 965 σεως.
2339 902 2582 973 εὐπορῶν
2612 896 2685 957 ὧν
2722 904 2820 969 δεῖ,
2861 904 3121 973 προσάγει
3154 905 3223 957 τὰ
3254 904 3328 975 μὴ
3360 904 3604 959 τοιαῦτα.

2768 1041 2923 1095 ΚΕΦ.
2964 1040 3038 1093 Β⁹.

2220 1171 2370 1241 Στίχ.
2412 1178 2485 1235 α’,
2517 1172 2580 1244 β’.
2610 1200 2679 1212 —
2721 1190 2740 1223 ι
2780 1171 2892 1226 Καὶ
2937 1169 3030 1225 νῦν
3076 1173 3109 1243 ή
3155 1167 3341 1242 ἐντολή
3386 1169 3521 1241 αῦτη
3572 1173 3705 1244 πρὸς
3756 1202 3771 1215 κ

2146 1265 2290 1335 ὑμᾶς
2312 1303 2326 1327 ,
2345 1263 2395 1316 oi
2408 1263 2590 1333 ἱερεῖς·
2609 1262 2734 1317 Ἐὰν
2749 1264 2822 1335 μὴ
2833 1259 3101 1332 ἀκούσητε
3111 1260 3203 1313 καὶ
3219 1259 3312 1313 ἐὰν
3332 1257 3404 1330 μὴ
3447 1262 3602 1316 θέσθε
3627 1264 3704 1325 εἰς

2142 1356 2241 1426 τὴν
2275 1355 2500 1426 καρδίαν
2546 1355 2699 1425 ὑμῶν
2738 1354 2800 1408 τὸ
2830 1353 3010 1409 δοῦναι
3039 1353 3193 1420 δόξαν
3219 1353 3296 1424 τῷ
3332 1353 3550 1423 ὀνόματί
3580 1371 3703 1424 μου,

2144 1449 2288 1517 λέγει
2344 1448 2547 1520 Κύριος
2609 1448 3027 1519 παντοκράτωρο
3084 1447 3177 1501 καὶ
3227 1446 3566 1512 ἐξαποστελῶ
3619 1447 3704 1514 ἐφ’

2144 1540 2287 1609 ὑμᾶς
2325 1538 2424 1609 τὴν
2472 1539 2735 1609 κατάραν,
2779 1538 2873 1591 καί
2920 1537 3387 1608 ἐπικαταράσομαι
3426 1535 3524 1606 τὴν
3554 1536 3703 1587 εὐλο-

2143 1632 2264 1700 γίαν
2293 1633 2321 1683 ὑ
2331 1632 2464 1701 μῶν.
2496 1632 2587 1685 καὶ
2618 1631 2994 1702 καταράσομαι
3026 1629 3212 1699 αὐτὴν,
3242 1631 3336 1681 καὶ
3373 1627 3705 1681 διασκεδάσαι

2143 1728 2242 1793 τὴν
2272 1724 2518 1791 εὐλογίαν
2546 1724 2696 1793 ὑμῶν
2719 1742 2732 1754 ·
2761 1723 2856 1776 καὶ
2886 1723 2985 1775 οὐκ
3006 1723 3157 1775 ἔσται
3176 1724 3233 1774 ἐν
3256 1722 3405 1790 ὑμῖν,
3438 1721 3520 1772 ὅτι
3548 1719 3703 1788 ὑμεῖς

2144 1814 2203 1866 οὺ
2237 1812 2446 1865 τίθεσθε
2477 1812 2566 1865 ἐπὶ
2606 1812 2825 1883 καρδίας
2865 1812 3035 1881 ὑμῶν.
3078 1831 3095 1863 ι
3132 1821 3207 1881 (p.
3243 1811 3365 1880 5H)
3409 1810 3568 1863 Ἀλλά
3597 1810 3706 1880 γὰρ

2147 1903 2254 1956 ίδοὺ
2306 1901 2476 1955 ταῦτα
2519 1904 2644 1972 περὶ
2693 1902 2845 1972 ὑμῶν
2898 1902 3263 1973 ἀποφαίνομαι
3306 1901 3414 1954 τῶν
3467 1901 3561 1953 ἐπὶ
3605 1901 3705 1969 τῆς

2144 1992 2424 2063 ἱερατικῆς
2474 1990 2825 2045 καθεστώτων
2879 1991 3249 2063 λειτουργίαςο
3286 1991 3367 2044 ὅτι
3405 1990 3452 2042 εί
3488 1988 3564 2060 μὴ
3611 1986 3706 2041 νῦν

2142 2084 2272 2153 γοῦν
2304 2083 2646 2154 βουληθείητε
2676 2084 2876 2154 σπουδῇ
2922 2086 3031 2147 τοῖς
3074 2085 3201 2153 παρ’
3229 2082 3361 2152 ἐμοῦ
3398 2080 3706 2151 λεγομένοις

2146 2178 2449 2248 προσέχειν,
2481 2176 2574 2229 καὶ
2627 2179 2692 2246 τῇ
2738 2177 2833 2246 τῆς
2875 2174 3209 2246 λειτουργίας
3269 2171 3553 2243 ἐπιμελείᾳ⁹
3607 2170 3705 2241 τὴν

2144 2267 2519 2338 προσήκουσάν
2568 2284 2624 2319 τε
2659 2268 2752 2320 καὶ
2796 2266 3147 2336 ὀφειλομένην
3192 2266 3447 2318 ἀποτῖσαι
3475 2263 3553 2333 τῷ
3588 2261 3705 2333 Θεῷ

2143 2359 2317 2423 δόξαν,
2356 2358 2613 2430 μεγίστην
2637 2360 2763 2429 ὑμῖν
2784 2360 2968 2426 ἐπάξω
2984 2359 3272 2429 τιμωρίαν.
3300 2357 3392 2409 καὶ
3426 2357 3523 2427 τήν
3542 2357 3705 2427 τιμὴν

2143 2451 2201 2503 δὲ
2236 2450 2438 2521 ταύτην
2483 2446 2548 2521 ἧς
2601 2451 2900 2504 ἀπολαύετε
2936 2449 3051 2515 νῦν,
3102 2452 3184 2514 είς
3233 2450 3453 2519 ἀτιμίαν
3502 2466 3561 2502 τε
3613 2450 3707 2501 καὶ

2145 2545 2338 2614 πεῖραν
2376 2544 2695 2615 μεταστήσω
2728 2546 2935 2607 κακῶν,
2972 2539 3153 2596 πᾶσάν
3176 2560 3233 2595 τε
3263 2542 3416 2611 ὑμῶν
3445 2542 3543 2611 τὴν
3568 2542 3708 2611 ἱερα-

2143 2638 2299 2706 τικὴν
2325 2636 2507 2703 ἀφελῶ
2538 2637 2721 2706 τιμὴν,
2746 2636 2820 2698 ὡς
2857 2636 3058 2705 μηδένα
3089 2635 3148 2699 ἐξ
3176 2635 3328 2706 ὑμῶν
3361 2635 3438 2688 ἐτι
3470 2635 3709 2706 διάδοχον

2145 2730 2241 2799 τῆς
2279 2726 2431 2791 ἀξίας
2464 2726 2713 2795 γενέσθαι
2746 2726 2947 2795 ταύτης
2973 2743 2985 2755 ·
3018 2725 3237 2797 εὔδηλον
3295 2726 3402 2799 γὰρ
3441 2728 3523 2779 ὅτι
3579 2745 3709 2779 κατ-

2146 2820 2279 2890 άραν
2300 2819 2396 2889 μὲν
2421 2818 2515 2888 τὴν
2541 2818 2805 2888 τιμωρίαν
2838 2817 3002 2885 λέγει,
3022 2817 3111 2871 καὶ
3143 2820 3237 2887 τὴν
3262 2821 3451 2889 πεῖραν
3480 2819 3584 2871 τῶν
3610 2834 3708 2871 κα.-

2147 2911 2285 2963 κῶν·
2325 2909 2569 2977 εὐλογίαν
2597 2909 2676 2974 δὲ,
2712 2909 2819 2961 τῶν
2858 2910 3074 2977 ἀγαθῶν
3103 2909 3200 2980 τὴν
3232 2911 3524 2964 ἀπόλαυσιν
3544 2926 3557 2941 ·
3587 2910 3707 2962 ὅθεν

2144 3000 2285 3055 οὔτω
2312 3002 2407 3055 καὶ
2436 3001 2533 3072 τὴν
2568 3000 2863 3071 ἱερωσύνην
2905 3001 3178 3071 ὀνομάζει.
3211 3002 3285 3064 ὼς
3318 3001 3527 3054 πολλῶν
3569 3002 3697 3068 ἀγαο

2074 3123 2115 3180 C
2150 3095 2255 3148 θῶν
2282 3096 2458 3148 αἰτίαν
2489 3099 2599 3158 τοῖς
2630 3112 2690 3147 τε
2711 3095 2890 3164 ἔχουσι
2924 3097 3015 3149 καὶ
3046 3098 3155 3158 τοῖς
3182 3096 3321 3166 ὑπὲρ
3345 3089 3418 3148 ὦν
3448 3094 3710 3148 ἐπιτελεῖ-

2150 3188 2272 3242 σθαι
2302 3206 2364 3241 συ
2373 3188 2614 3258 μϐἐΰηκε
2640 3188 2860 3259 ταύτην.

2219 3278 2364 3347 Στίχ.
2396 3278 2464 3346 γ’,
2484 3278 2630 3331 δ’.-
2658 3272 2791 3330 Εἶτα
2823 3278 2902 3340 είς
2935 3277 3151 3347 μείζονα
3178 3276 3395 3342 ἔνδειξιν
3417 3277 3515 3346 τῆς
3544 3277 3710 3345 ἀγαν-

2148 3372 2427 3440 ακτήσεως
2457 3371 2554 3439 τῆς
2583 3370 2785 3433 οἰκείας
2805 3388 2848 3420 ἰ
2888 3369 3020 3422 Ἰδοὺ
3068 3367 3177 3438 ἐγὼ
3198 3370 3438 3440 ἀφορίζω
3467 3370 3592 3440 ὑμῖν
3620 3368 3713 3424 τὸν

2147 3455 2318 3531 ὦμον,
2350 3460 2442 3514 καὶ
2468 3460 2709 3531 σκορπιῶ
2742 3460 2995 3534 ἔνυστρον
3021 3461 3113 3512 ἐπὶ
3146 3461 3211 3515 τά
3244 3462 3508 3532 πρόσωπα
3538 3461 3708 3530 ὑμῶν,

2148 3554 2243 3605 καὶ
2260 3552 2497 3623 λήψομαι
2517 3552 2660 3623 ὑμᾶς
2690 3554 2769 3615 εἰς
2785 3551 2846 3606 τὸ
2870 3551 3021 3605 αὑτό.
3049 3570 3066 3602 ι
3090 3551 3525 3622 Κεκελευσμένον
3555 3547 3622 3621 ἦν
3655 3553 3712 3603 ἐν

2147 3644 2226 3714 τῷ
2260 3646 2407 3715 νόμῳ
2432 3643 2505 3707 ῶς
2536 3661 2589 3697 τι
2619 3644 2891 3716 ἐξαίρετον
2923 3645 2986 3697 ἐκ
3012 3643 3117 3697 τῶν
3140 3643 3338 3696 θυσιῶν
3367 3642 3713 3714 ἀφαιρεῖσθαι

2148 3736 2226 3808 τῷ
2241 3736 2358 3808 Θεῷ
2374 3738 2461 3790 τὸν
2481 3729 2649 3807 ὦμοψ
2668 3735 2861 3789 Οὐκέτι
2875 3734 3173 3807 οὖν,φησ“ιν,
3193 3734 3312 3788 οὐδὲ
3333 3733 3487 3786 τοῦτο
3497 3732 3714 3802 δέξομαι

2150 3831 2278 3899 παρ’
2296 3829 2467 3899 ὑμῶν,
2484 3828 2606 3881 ἐπεὶ
2626 3827 2786 3899 μηδὲν
2800 3827 3049 3898 δεόμενος
3070 3828 3147 3889 εἰς
3164 3825 3427 3896 ὠφέλειαν
3445 3823 3714 3895 ὑμετέραν

2148 3920 2477 3990 διεταξάμην
2525 3918 2667 3971 οὕτω
2708 3917 2980 3985 γίνεσθαν
3024 3916 3207 3988 ἐπειδὴ
3238 3915 3293 3968 δὲ
3330 3916 3387 3968 ἐν
3442 3912 3714 3974 τοσούτοις

2147 4011 2247 4081 τὴν
2276 4011 2401 4082 περὶ
2435 4011 2535 4079 ἐμὲ
2566 4009 2869 4072 δεικνύντες
2915 4009 3192 4080 ἀμέλειαν,
3224 4007 3394 4077 τούτῳ
3429 4023 3495 4071 με
3535 4002 3713 4057 οἴεσθε

2148 4103 2335 4173 τιμᾷν,
2363 4101 2441 4171 τῷ
2475 4101 2567 4154 τὸν
2596 4094 2743 4172 ῶμον
2781 4100 3034 4171 ἀφαιρεῖν
3070 4117 3179 4170 μοι,
3214 4100 3338 4170 ὑμῖν
3380 4098 3538 4151 αὑτὸν
3576 4098 3707 4150 ἀποο

2152 4194 2387 4264 στρέφω,
2414 4192 2512 4263 τῆς
2534 4193 2959 4264 ἀγανακτήσεως
2980 4192 3197 4262 ἔλεγχον
3228 4189 3593 4259 παρεχόμενος
3617 4189 3716 4259 τῆς

2151 4285 2314 4355 ἐμῆς’
2351 4284 2494 4337 ἐάσω
2528 4283 2583 4336 δὲ
2613 4284 2755 4354 ὑμᾶς
2785 4282 3126 4353 καρποῦσθαι
3156 4279 3427 4334 καὶτοῦτο
3456 4278 3594 4349 μετὰ
3616 4279 3716 4348 τῆς

2150 4376 2354 4447 κόπρου
2382 4375 2487 4429 τῶν
2516 4374 2698 4437 ζώων·
2734 4374 2919 4445 ἐπειδὴ
2945 4372 3103 4451 τοῦτο
3122 4373 3248 4442 ὑμῖν
3277 4373 3334 4424 ἐν
3368 4374 3484 4433 ταῖς
3505 4372 3716 4451 somni;

488 4465 744 4533 quoniam
806 4466 908 4520 hoc
954 4481 983 4519 a
1039 4466 1196 4522 vobis
1244 4457 1313 4520 'in
1379 4467 1814 4524 solemnitatibus
1874 4469 2047 4524 olIcrri

2159 4466 2524 4538 προσάγεσθαι
2551 4466 2775 4537 πρέπον,
2800 4466 2875 4536 (p.
2901 4448 3025 4535 548)
3047 4464 3111 4527 ἃς
3137 4466 3200 4534 τῇ
3227 4462 3392 4533 κακίᾳ
3411 4448 3718 4533 τῶῖπρατ-

487 4554 712 4624 dignum
734 4568 838 4621 est,
871 4574 1009 4627 quas
1033 4559 1276 4629 nequitia
1298 4560 1541 4630 polluitis
1562 4579 1576 4627 ;
1598 4576 2050 4633 communemque

488 4644 559 4697 ob
609 4659 671 4697 ea
730 4662 851 4714 quae
888 4647 1081 4717 egistis
1130 4663 1346 4719 poenam
1383 4648 1672 4705 adducam.
1707 4649 1762 4704 id
1793 4651 1936 4705 enim
1978 4652 2050 4704 si-

488 4734 740 4806 gniﬁcant
794 4739 1356 4810 verba,tsuscipiam
1418 4757 1517 4796 vos
1566 4741 1620 4794 in
1673 4741 1727 4795 id
1779 4744 1977 4813 ipsum.
2018 4763 2037 4795 ι

496 4846 515 4878 ι
553 4828 613 4880 Et
663 4828 866 4890 scietis,
903 4830 1050 4897 quod
1092 4845 1193 4901 ego
1243 4830 1506 4886 Dominus
1552 4831 1795 4888 miserim
1850 4832 1919 4887 ad
1957 4849 2051 4889 vos

492 4931 819 4991 praaceptum
864 4922 986 4985 hoc,
1027 4929 1085 4976 ut
1135 4932 1281 4978 esset
1336 4933 1723 4980 testamentum
1770 4941 1948 4981 meum
1985 4928 2050 4981 ad

492 5015 703 5077 levitas,
737 5011 869 5067 dicit
901 5013 1163 5069 Dominus
1192 5016 1555 5085 omnipotens.
1598 5037 1616 5070 ι
1650 5016 1803 5072 Tunc
1830 5034 1895 5072 ex
1929 5033 2053 5073 cor-

492 5104 722 5174 ripie‘nte
741 5104 903 5175 372
930 5121 1024 5159 vos
1058 5106 1352 5176 ignominia
1393 5124 1658 5179 pmnaque
1686 5119 1941 5164 accurate
1968 5125 2056 5164 co-

491 5196 766 5266 gnoscetis
791 5205 1127 5267 potentatum
1160 5197 1522 5268 virtutemque
1564 5215 1770 5264 meam;
1816 5211 1869 5256 et
1908 5201 2051 5271 quod

494 5300 593 5355 ego
620 5288 756 5347 bene
795 5288 1027 5344 faciendi
1065 5289 1220 5344 vobis
1250 5303 1415 5344 causa
1454 5290 1564 5359 jam
1611 5290 1734 5345 inde
1783 5280 1871 5345 ab
1898 5292 2053 5346 initio

495 5377 562 5430 ad
596 5376 987 5431 sacerdotalem
1032 5379 1204 5434 extuli
1227 5375 1581 5448 dignitatem;
1628 5379 1740 5435 inec
1774 5382 2051 5436 vobiscum

496 5466 703 5523 foedera
751 5481 1105 5539 componens,
1161 5480 1216 5524 ut
1268 5484 1530 5524 concesso
1588 5486 1616 5523 a
1672 5488 1756 5527 me
1816 5473 2056 5529 fruentes

500 5556 729 5618 honore,
758 5564 956 5610 cuncta
988 5556 1054 5609 ad
1087 5558 1377 5611 utilitatem
1414 5558 1646 5627 ageretis
1687 5558 1902 5614 illorum
1930 5576 2055 5630 pro-

501 5655 618 5717 pter
654 5662 793 5719 quos
839 5646 1206 5702 sacerdotium
1249 5649 1463 5703 tenetis.
1524 5645 1632 5703 \‘os
1678 5665 1806 5705 vero
1854 5651 2054 5705 nullius

460 5734 465 5740 ’
502 5739 617 5794 hac
653 5738 808 5811 pensi
840 5738 1130 5801 habuistis,
1160 5741 1250 5796 sed
1286 5741 1466 5796 datum
1503 5740 1652 5796 vobis
1696 5742 2056 5797 coneulcastis

2149 4560 2387 4628 τομένων
2421 4557 2696 4629 μολύνετε,
2732 4558 2914 4627 κοινήν
2946 4574 3007 4609 τε
3042 4555 3244 4610 ἅπασιν
3278 4555 3403 4624 ὑμῖν
3436 4553 3532 4623 τὴν
3574 4551 3715 4622 ὑπὲρ

2150 4650 2257 4704 τῶν
2288 4650 2672 4722 πραττομένων
2718 4648 2903 4713 ἐπάξω
2931 4648 3227 4720 τιμωρίαν·
3264 4645 3419 4700 τοῦτο
3462 4645 3569 4715 γάρ
3599 4646 3713 4696 ἐστι

2150 4741 2261 4805 τδ,«
2291 4740 2527 4811 λήψομαι
2556 4730 2698 4810 ὑμᾶς
2717 4742 2795 4803 είς
2818 4740 2879 4794 τὸ
2907 4738 3055 4793 αὑτό.
3079 4758 3097 4790 ι
3113 4757 3201 4788 -ι
3226 4737 3333 4791 Καὶ
3350 4734 3714 4804 ἐπιγνώσεσθε

2150 4830 2281 4884 διότι
2315 4829 2424 4897 ἐγὼ
2458 4829 2659 4902 Κύριος
2706 4828 3081 4896 ἐξαπέσταλκα
3114 4830 3248 4902 πρὸς
3276 4829 3420 4899 ὑμᾶς
3446 4827 3544 4898 τὴν
3568 4828 3715 4878 ἐντο-

2152 4921 2248 4992 λὴν
2276 4922 2496 4992 ταύτην,
2531 4920 2624 4974 τοῦ
2664 4918 2803 4976 εἶναι
2840 4922 2938 4993 τὴν
2983 4921 3243 4991 διαθήκην
3275 4936 3375 4989 μου
3414 4917 3548 4989 πρὸς
3588 4916 3715 4978 τοὺς

2152 5015 2398 5077 Λευῖτας,
2433 5013 2580 5081 λέγει
2614 5012 2815 5085 Κύριος
2842 5012 3253 5083 παντοκράτωρ.
3286 5029 3303 5061 ι
3347 5009 3479 5063 Τότε
3519 5010 3583 5061 ἐκ
3617 5006 3716 5077 τῆς

2153 5106 2569 5178 περιγινομένης
2600 5106 2728 5177 ὑμῖν
2761 5106 2982 5177 ἀτιμίας
3008 5121 3069 5158 τε
3109 5104 3200 5156 καὶ
3228 5101 3494 5173 τιμωρίας
3525 5099 3717 5169 αἰσθή-

2156 5198 2310 5249 σεσθε
2340 5197 2577 5269 ἀκριϐῶς
2601 5199 2699 5269 τῆς
2718 5216 2776 5250 τε
2799 5198 3041 5263 ἐξουσίας
3072 5192 3283 5265 καὶτῆς
3309 5193 3590 5264 δυνάμεως
3618 5192 3716 5262 τῆς

2153 5292 2317 5361 ἐμῆςο
2352 5292 2446 5343 καὶ
2466 5292 2547 5343 ὅτι
2587 5290 2696 5359 ἐγὼ
2729 5290 2826 5361 μὲν
2860 5290 3095 5343 εύποιεῐν
3137 5289 3280 5357 ὑμᾶς
3312 5285 3628 5356 βουλόμενος
3658 5284 3715 5350 ἐξ

2153 5382 2323 5453 ἀρχῆς
2361 5384 2439 5444 είς
2470 5381 2566 5452 τὴν
2601 5380 2873 5453 ἱερατικὴν
2907 5381 3223 5452 παρήγαγον
3252 5378 3427 5443 ἀξίαν,
3463 5375 3715 5438 τοιαύτας

2155 5472 2304 5534 τινὰς
2332 5470 2552 5541 θέμενος
2580 5472 2715 5542 πρὸς
2741 5472 2884 5541 ὑμᾶς
2906 5472 3005 5533 τὰς
3034 5469 3321 5541 συνθήκας,
3354 5469 3439 5521 ἵνα
3463 5466 3559 5536 τῆς
3583 5466 3713 5534 παρ’

2155 5561 2288 5633 ἐμοῦ
2322 5561 2563 5631 δοθείσης
2593 5561 2947 5624 ἀπολαύοντες
2983 5561 3166 5632 τιμῆς,
3201 5560 3413 5614 ἅπαντα
3446 5558 3580 5629 πρὸς
3617 5555 3714 5625 τὴν

2158 5653 2376 5707 ἐκείνων
2405 5655 2667 5724 ὠφέλειαν
2707 5656 2890 5723 ποιῆτε
2928 5652 3067 5723 ὑπὲρ
3097 5642 3172 5707 ὧν
3208 5650 3389 5722 μέτιτε
3416 5649 3511 5720 τὴν
3557 5648 3717 5716 ἱερω-

2161 5742 2349 5813 σύνην*
2386 5746 2540 5814 ὑμεῖς
2589 5744 2640 5797 δὲ
2680 5743 2866 5798 οὐδένα
2915 5742 3113 5798 τούτων
3162 5739 3484 5814 ἐποιήσασθε
3536 5732 3716 5801 λόγον,
