4096 6234
335 223 445 274 εον)

1288 224 1837 280 COMMENTARIUS
1876 221 1941 277 IN
1964 221 2337 281 MALACHIE
2364 221 2520 276 CAP.
2562 220 2625 276 ll.

3479 220 3583 278 σιτ)

330 339 472 391 ἁλλά
495 336 593 405 τῆς
622 352 678 389 τε
707 335 953 404 δοθείσης
977 336 1103 405 ύμῖν
1132 338 1409 409 ὑπερίδετε
1440 342 1627 409 τιμῆς,
1653 343 1747 393 καὶ
1772 339 1907 407 ἀμε-

2030 350 2305 396 mnorem,
2342 349 2635 404 meumque
2700 333 3067 390 ministerium
3120 335 3375 391 socordia
3440 339 3594 415 tanta

329 428 454 501 λείᾳ
483 426 719 498 τοσαύτῃ
746 428 843 498 τὴν
869 428 1007 499 ἐμὴν
1036 429 1448 499 παραδεδώκατε
1477 431 1838 500 λειτουργίαν.

406 518 556 588 Στίχ.
582 517 718 582 ε’-ζ’.
750 547 821 557 -
848 514 978 570 Εἶτα
1030 518 1217 589 ἐπειδὴ
1253 518 1323 571 τά
1368 520 1466 589 τῆς
1508 520 1802 590 ἱερωσύνης
1849 522 1914 572 ἐκ

332 610 431 663 τοῦ
474 608 680 680 Ἀαρὼν
717 607 835 676 εἴλη
851 625 907 675 ps
940 609 1036 678 τὴν
1058 609 1263 679 ἀρχὴν.
1295 609 1353 672 ὃς
1380 609 1592 680 πρῶτ’)ς
1628 611 1914 680 ἀρχιερεὺς

337 703 481 756 κατά
510 702 657 755 θείαν
700 701 968 771 προϐολὴν
1015 701 1328 771 ἀπεδείχθη,
1363 702 1589 769 ἐπάγει’
1628 722 1646 753 ι
1696 704 1759 755 Ἠ
1797 703 1914 754 δια-

338 796 483 863 θήκη
519 810 619 863 μου
649 789 717 863 ἦν
752 792 868 861 μετ’
889 791 1053 844 αὑτοῦ
1082 793 1182 861 τῆς
1216 792 1357 861 ζωῆς
1400 793 1493 846 καὶ
1522 792 1622 861 τῆς
1656 794 1911 864 εἰρήνης’

339 884 436 936 καὶ
481 883 653 936 ἔδωκα
679 881 829 951 αὐτῷ
855 882 1018 951 φόϐον
1048 881 1326 949 φοϐεῖσθαί
1357 900 1445 951 με.
1481 885 1572 936 καὶ
1602 883 1709 935 ἀπὸ
1748 901 1916 954 προσ-

314 976 499 1028 ’ὡπου
539 973 800 1043 ὀνόματός
862 990 963 1042 μου
1009 973 1317 1027 στέλλεσθαι
1356 975 1549 1027 αὐτόν·
1593 975 1753 1044 νόμος
1781 975 1916 1045 ἀλη-

342 1067 493 1132 θείας
521 1061 589 1137 ἦν
606 1068 665 1117 ἐν
692 1062 770 1133 τῷ
792 1063 1018 1133 στόματι
1045 1064 1231 1128 αὑτοῦ,
1262 1066 1354 1118 καὶ
1379 1065 1561 1118 ἀδικία
1584 1067 1681 1135 οὐχ
1710 1066 1916 1138 ηὑρέθη

342 1163 402 1213 ἐν
439 1158 672 1229 χείλεσιν
705 1155 897 1209 αὐτοῦ’
930 1158 986 1208 ἐν
1031 1157 1219 1226 εἰρήνη
1269 1156 1607 1210 κατευθύνων
1648 1158 1915 1229 ἐπορεύθη

346 1249 466 1319 μετ’
495 1246 652 1317 ἐμοῦ,
679 1246 770 1299 καὶ
800 1244 1022 1308 πολλοὺς
1050 1246 1391 1316 ἀπέστρεψεν
1425 1248 1531 1300 ἀπὸ
1562 1248 1774 1312 ἀδικίας
1795 1266 1808 1279 ·
1838 1250 1918 1302 ὅτι

342 1336 498 1405 χείλη
531 1334 720 1404 ἱερέως
756 1333 1049 1402 φυλάξεται
1092 1335 1312 1401 γνῶσιν,
1353 1340 1425 1405 (p.
1455 1337 1581 1396 549i
1622 1340 1714 1393 καὶ
1760 1340 1919 1410 νόμον

345 1428 741 1497 ἐκζητήσωσιν
787 1427 851 1478 ἐκ
883 1424 977 1478 τοῦ
1024 1427 1290 1497 στόματος
1337 1429 1523 1492 αὑτοῦ,
1569 1430 1650 1483 ὃτι
1695 1431 1920 1500 ἄγγελος

345 1518 553 1586 Κυρίου
581 1516 1016 1585 παντοκράτορος
1042 1518 1179 1568 ἐστι.
1214 1541 1232 1568 ι
1272 1517 1507 1572 Ἐκεῖνον
1528 1519 1656 1586 γοῦν
1686 1522 1919 1591 πρῶτον,

346 1614 536 1682 φησὶν,
570 1609 973 1678 ἐπιλεξάμενος,
1005 1608 1275 1679 συνθήκας
1320 1610 1457 1679 πρὸς
1496 1612 1655 1663 αὑτὸν
1696 1612 1918 1684 ἐθέμην,

2011 428 2279 498 gessistis.

2082 518 2250 575 Vsus.
2291 519 2404 572 5-7.
2439 548 2509 558 —
2538 518 2670 572 Exin
2705 520 2834 588 quia
2869 518 3236 574 sacerdotium
3270 534 3337 574 ex
3366 518 3587 575 Aaronc

2017 611 2234 665 initium
2279 620 2516 680 ceperat,
2565 613 2656 681 qui
2712 613 2917 681 primus
2958 613 3202 680 pontifex
3240 612 3426 667 divina
3481 613 3591 668 ele-

2013 701 2192 756 ctione
2223 702 2511 771 processit,
2550 702 2903 771 prosequitur
2932 717 2944 751 :
2982 718 2999 750 ι
3040 700 3239 756 Foedus
3274 715 3454 754 meum
3487 700 3589 754 fuit

2014 809 2137 847 cum
2176 809 2242 848 eo
2285 795 2410 867 vitae
2463 804 2516 846 et
2572 794 2744 862 pacis,
2799 800 2854 846 et
2906 792 3073 846 indidi
3123 793 3170 846 ei
3225 792 3475 851 timorem
3528 800 3589 846 ut

2014 883 2234 939 timeret
2262 899 2371 944 me,
2394 894 2448 938 et
2475 899 2506 937 a
2533 883 2671 938 facie
2695 884 2933 938 nominis
2964 884 3066 937 mei
3098 882 3438 937 formidaret.
3476 880 3589 936 Lex

2017 975 2268 1030 veritatis
2303 975 2404 1028 fuit
2456 976 2512 1029 in
2567 990 2662 1031 ore
2715 972 2855 1044 ejus,
2915 983 2968 1029 et
3020 974 3285 1042 iniquitas
3338 988 3449 1027 non
3501 981 3590 1027 est

2018 1065 2234 1120 iuventa
2264 1065 2318 1119 in
2366 1065 2528 1119 labiis
2566 1064 2685 1132 ejus
2716 1082 2728 1118 :
2765 1066 2817 1117 in
2850 1079 2982 1133 pace
3014 1063 3257 1132 dirigens
3288 1062 3590 1118 ambulavit

2018 1167 2252 1219 mecum,
2279 1162 2332 1208 et
2357 1153 2557 1208 multos
2582 1155 2853 1209 convertit
2878 1154 2951 1209 ab
2979 1155 3287 1223 iniquitate.
3315 1153 3589 1219 Quoniam

2018 1245 2161 1299 labia
2216 1246 2517 1301 sacerdotis
2574 1246 2885 1301 custodienl
2935 1247 3250 1309 scientiam,
3305 1256 3360 1299 et
3416 1246 3585 1316 legem

2018 1340 2297 1408 requirent
2327 1355 2394 1393 ex
2429 1354 2524 1393 ore
2562 1340 2702 1404 ejus,
2739 1341 2861 1407 quia
2893 1341 3120 1408 angelus
3161 1338 3375 1392 Domini
3412 1340 3597 1395 omni»

2020 1430 2257 1499 petentis
2308 1441 2412 1486 est.
2449 1450 2467 1482 ι
2530 1431 2665 1485 Cum
2725 1432 2820 1485 illo
2876 1430 3059 1500 itaque
3117 1432 3291 1501 primo
3343 1430 3585 1485 omnium

2018 1524 2193 1576 electo
2228 1522 2404 1577 fmdus
2435 1522 2633 1592 pepigi,
2672 1522 2995 1590 promittens
3034 1522 3083 1575 ei
3132 1521 3305 1589 longae
3338 1520 3460 1573 vitm
3489 1535 3587 1587 pa-

2022 1616 2212 1684 cisque
2252 1629 2433 1675 usum,
2471 1613 2844 1681 mandansqne
2890 1612 3065 1667 eidem
3101 1620 3159 1666 ut
3191 1612 3295 1665 mei
3332 1612 3586 1665 timorem

347 1703 815 1775 ἐπαγγειλάμενος
859 1701 959 1773 μὲν
988 1699 1138 1770 αύτῷ
1172 1701 1262 1753 καὶ
1293 1701 1437 1773 ζωῆς
1470 1706 1685 1773 μακρᾶς
1726 1707 1816 1758 καὶ
1845 1709 1920 1760 εξ..

2030 1714 2208 1760 mente
2234 1706 2510 1768 retineret,
2546 1705 2822 1773 multaque
2856 1719 2980 1756 eum
3014 1703 3312 1757 reverentia
3357 1705 3591 1756 mentio-

352 1799 525 1868 ρήνης
578 1795 890 1854 ἀπόλαυσιν,
941 1789 1200 1856 κελεύσας
1245 1790 1300 1844 δέ
1342 1794 1431 1845 τὸν
1484 1793 1645 1861 φόϐον
1682 1795 1774 1848 ἐπὶ
1821 1800 1921 1867 τῆς

348 1889 588 1950 διανοίας
619 1887 764 1956 ἔχειν
794 1888 884 1939 τὸν
915 1885 1066 1955 ἐμὸν,
1106 1887 1199 1939 καὶ
1239 1883 1376 1955 μετὰ
1418 1884 1608 1940 πολλοῦ
1644 1886 1736 1938 τοῦ
1774 1888 1923 1952 δέους

349 1982 448 2033 καὶ
478 1978 574 2049 τὴν
612 1982 831 2049 μνήμην
866 1975 1132 2029 ποιεῖσθαι
1166 1976 1262 2047 τὴν
1299 1978 1465 2047 ἐμήψ
1503 1977 1831 2049 ἠκολούθησε
1866 1980 1921 2033 δὲ

347 2074 460 2144 ἄρα
491 2070 587 2123 καὶ
614 2070 682 2124 τά
715 2069 841 2139 παρ’
879 2068 1087 2121 ἐκείνου
1126 2069 1399 2138 πρέποντα
1432 2072 1496 2140 τῇ
1535 2073 1665 2141 τιμῇ
1699 2074 1761 2140 τῇ
1791 2072 1921 2142 παρ.

347 2162 519 2233 ἐμοῦ’
552 2160 738 2229 ἐπειδὴ
775 2158 984 2211 τέθεικε
1037 2158 1133 2226 μὲν
1175 2156 1352 2226 ἐαυτῷ
1393 2157 1553 2227 νόμον
1598 2159 1693 2211 τοῦ
1737 2158 1834 2229 ζῇν
1863 2176 1921 2212 τε

348 2256 452 2310 σὺν
476 2252 726 2324 ἀληθεία,
749 2251 840 2303 καὶ
868 2249 1009 2302 ἆπαν
1031 2248 1466 2320 ἀποστρέφεσθαι
1493 2249 1710 2318 ψεῦδος·
1731 2250 1924 2318 ἐφθέγ-

350 2346 481 2412 ξατο
499 2344 554 2397 δέ
581 2340 915 2395 ούδεπιὶιποτε
937 2339 1119 2392 ἄδικον
1139 2338 1310 2399 οὐθὲν,
1344 2338 1453 2391 οὗθ’
1477 2339 1504 2391 ὂ
1526 2339 1727 2409 βλάϐης
1752 2340 1924 2394 αἴτιον

348 2439 464 2498 τοῖς
480 2434 587 2487 ὑπὸ
600 2432 697 2502 τὴν
721 2428 1018 2501 ἱερωσύνην
1038 2427 1281 2497 ἐγίγνετο
1302 2444 1314 2455 °
1335 2426 1540 2491 ὑπὲρδέ
1565 2426 1769 2479 τούτων
1796 2428 1926 2481 ἀκο-

350 2527 559 2589 λούθως
587 2527 706 2587 ταῖς
739 2521 1083 2589 ἐπαγγελίαις
1110 2522 1229 2583 ταῖς
1260 2520 1440 2587 ἐμαῖς,
1472 2518 1631 2580 αύτός
1659 2535 1718 2571 τε
1746 2521 1804 2571 ἐν
1842 2521 1922 2572 εἱ-

355 2622 497 2692 ρήνῃ
523 2616 791 2685 διῆγεν,ἐν
814 2612 990 2665 οὐδενὶ
1009 2609 1225 2663 πώποτε
1240 2610 1374 2680 πρός
1396 2627 1462 2678 με
1478 2609 1790 2679 διενεχθεὶς,
1804 2610 1922 2664 οὐδέ

349 2727 408 2763 τι
442 2708 552 2761 τῶν
577 2706 700 2776 ἐμοὶ
723 2702 1159 2775 διαπραξάμενος
1180 2700 1435 2753 ἐναντίων
1480 2700 1636 2752 τοῦτο
1656 2702 1762 2771 γὰρ
1778 2701 1925 2770 λέγει

349 2805 467 2864 τδ,‹
489 2801 548 2855 ἐν
565 2798 754 2871 εἰρήνῃ
779 2794 1123 2850 κατευθύνων
1152 2791 1420 2863 ἐπορεύθη
1449 2793 1566 2862 μετ’
1600 2792 1731 2863 ἐμοῦ
1756 2812 1768 2824 ·
1793 2814 1811 2845 ι
1833 2794 1925 2847 καὶ

354 2894 584 2955 πολλοὺς
613 2890 668 2943 δὲ
699 2890 857 2951 ὅσους
887 2887 979 2940 ἐπὶ
999 2885 1060 2939 τὸ
1083 2887 1325 2955 κρεῖττον
1357 2885 1421 2936 ἐκ
1451 2884 1545 2937 τοῦ
1563 2886 1802 2955 χείρονος
1834 2888 1926 2938 ἐπ-

352 2985 592 3054 ανιῖγγεν⁸
629 2979 906 3048 συντόμως
938 2994 998 3029 τε
1053 2975 1289 3036 εἰπεῖν,ὂ
1342 2974 1573 3044 μάλιστα
1619 2976 1823 3045 πρέπον
1854 2972 1921 3047 ἦν

357 3077 497 3147 ἱερεῖ
530 3073 897 3143 διεπράττετο,
945 3068 1209 3122 διδάσκων
1251 3066 1349 3135 μὲν
1394 3066 1491 3136 τῆς
1534 3066 1788 3138 ἀληθείας
1830 3068 1925 3139 τὴν

354 3168 580 3237 γνῶσιν,
620 3164 757 3235 πρὸς
797 3164 851 3217 δέ
886 3162 976 3215 τὸν
1006 3162 1168 3230 νόμον
1196 3159 1287 3212 τὸν
1333 3158 1475 3212 θεῖον
1521 3160 1762 3224 ἅπαντας
1803 3163 1928 3225 τοὺς

357 3261 452 3313 ὑπ’
497 3258 659 3313 αὑτὸν
711 3256 1018 3324 ἐπανάγων,
1062 3252 1155 3306 καὶ
1192 3251 1453 3305 διδάσκων
1492 3252 1638 3314 ὅπως
1676 3252 1741 3305 ἂν
1767 3253 1929 3322 ἀσχο-

356 3352 536 3405 λοίντο
563 3348 793 3402 πάντοτε
823 3346 950 3417 περὶ
983 3344 1174 3398 αὐτόν’
1205 3342 1360 3396 τοῦτο
1387 3342 1495 3413 γάρ
1522 3342 1709 3413 ἱερέως
1746 3343 1925 3414 ἔργον,

359 3440 597 3507 ἀγγέλου
624 3436 764 3499 τινὸς
799 3434 951 3501 τάξιν
980 3434 1192 3504 ἐπέχειν
1224 3433 1550 3499 τεταγμένου
1584 3434 1692 3495 τοῖς
1726 3432 1929 3498 λοιποῖς

358 3527 463 3584 ἀνθ
472 3526 686 3598 ρώποις,
716 3526 808 3578 καὶ
834 3525 1037 3586 πάντας
1065 3523 1156 3573 ἐπὶ
1184 3522 1281 3591 τὴν
1310 3522 1508 3590 ἀρετὴν
1542 3523 1924 3587 ἐπανάγοντος,

357 3622 501 3691 ὅπερ
526 3614 616 3672 οὖν
647 3619 739 3670 καί
764 3618 876 3679 τοῖς
918 3614 1165 3681 ἀγγέλοις
1198 3612 1324 3683 περὶ
1357 3614 1501 3683 ἡμᾶς
1536 3612 1695 3685 ἔργον
1732 3619 1925 3670 ποιεῖν.

359 3712 581 3774 Ταύτας
613 3711 709 3781 μὲν
735 3708 799 3779 δὴ
827 3707 963 3778 πρὸς
993 3706 1083 3759 τὸν
1131 3704 1344 3775 Ἀαρὼν
1383 3704 1583 3776 ἐθέμην
1615 3706 1719 3770 τὰς.
1739 3708 1933 3780 συνθήο

2022 1813 2144 1851 nem
2190 1798 2293 1852 mei
2353 1795 2574 1850 faceret.
2626 1795 2690 1848 Et
2746 1795 2965 1863 quidem
3018 1795 3109 1847 ille
3166 1795 3333 1863 legem
3373 1794 3589 1848 sibimet

2021 1887 2323 1948 constituit,
2352 1887 2632 1940 veritatem
2662 1902 2759 1954 per
2790 1901 3003 1939 omnem
3033 1884 3200 1937 vitam
3232 1882 3507 1945 servandi,
3534 1891 3591 1936 et

2022 1994 2183 2032 omne
2236 1994 2407 2048 genus
2458 1978 2728 2032 mendacii
2788 1976 3019 2031 vitandi.
3067 1976 3213 2030 Nihil
3267 1987 3444 2030 autem
3488 1991 3592 2028 un-

2022 2086 2183 2141 quam
2235 2071 2497 2139 injustum
2536 2071 2752 2125 locutus
2784 2081 2891 2133 est,
2928 2071 3009 2124 vel
3057 2070 3204 2138 quod
3234 2068 3592 2138 vituperatio-

2024 2166 2109 2218 nis
2130 2163 2348 2218 occasio
2375 2161 2758 2217 sacerdotibus
2781 2161 2953 2214 ﬁeret.
2980 2159 3274 2231 Pr0pterea
3307 2160 3594 2230 promissis

2023 2257 2157 2311 meis
2197 2264 2585 2315 conscntanec,
2625 2264 2679 2306 et
2723 2253 2839 2322 ipse
2869 2253 3149 2320 pacilicam
3194 2254 3375 2322 eXegit
3404 2254 3591 2312 vitam,

2024 2349 2171 2402 nulla
2233 2363 2443 2403 meeum
2503 2347 2786 2400 inimicitia
2833 2358 3110 2415 suscepla.
3167 2348 3409 2415 nihilque
3459 2346 3593 2400 mihi

2021 2440 2356 2493 contrarium
2396 2454 2584 2509 agens.
2649 2440 2739 2492 Sic
2784 2439 2929 2493 enim
2980 2438 3092 2493 fere
3143 2448 3339 2493 sonant
3385 2439 3590 2492 verba:

2028 2548 2047 2581 ι
2084 2531 2137 2585 ἱιι
2175 2546 2307 2600 pace
2356 2530 2595 2599 dirigens
2648 2531 2943 2583 ambulavit
2986 2545 3216 2583 mecum.
3251 2548 3272 2582 ι
3322 2529 3594 2586 Plurimos

2026 2625 2151 2677 item
2191 2622 2255 2675 ad
2298 2621 2577 2674 meliorem
2626 2621 2831 2687 frugem
2876 2634 2940 2673 ex
2979 2619 3247 2674 deteriore
3292 2621 3592 2675 transtulit.

2025 2714 2081 2768 lu
2114 2728 2346 2773 summa,
2385 2710 2650 2780 quidquid
2687 2710 2962 2778 praecipue
2993 2708 3333 2764 sacerdotem
3365 2708 3597 2763 decebat

2029 2806 2160 2877 egit,
2193 2803 2620 2873 vcritatis373
2652 2803 2874 2856 tradens
2906 2802 3176 2866 notitiam,
3209 2809 3376 2869 atque
3406 2802 3471 2854 ad
3499 2800 3594 2857 Dei

2029 2899 2198 2968 legem
2243 2904 2475 2949 cunctos
2520 2895 2623 2949 sibi
2667 2894 2943 2963 subjectos
2991 2893 3331 2963 pertrahens.
3368 2901 3422 2948 et
3461 2909 3599 2963 quo-

2028 2986 2189 3039 modo
2249 3000 2366 3038 cam
2443 2984 2799 3038 observarent
2856 2983 3080 3037 docens.
3134 2982 3249 3038 lloc
3307 2990 3388 3037 est
3450 2983 3596 3037 enim

2033 3075 2334 3131 sacerdotis
2395 3091 2572 3145 opus,
2635 3086 2692 3129 ut
2749 3080 2820 3131 sit
2884 3077 3140 3129 nimirum
3192 3075 3368 3144 angeli
3427 3076 3602 3129 instar

2036 3168 2250 3221 castoris
2292 3167 2606 3221 hominibus
2661 3167 2844 3229 datus,
2903 3176 2961 3220 ut
3005 3182 3198 3221 omnes
3245 3166 3311 3220 ad
3349 3167 3599 3222 virtutem

2032 3257 2287 3319 deducat,
2330 3261 2473 3327 quod
2510 3259 2753 3328 ipsorum
2801 3259 3117 3329 angelorum
3171 3274 3298 3328 erga
3348 3274 3448 3312 nos
3488 3258 3603 3311 olli-

2037 3352 2182 3404 cium
2209 3361 2309 3405 est.
2350 3350 2476 3405 Haec
2514 3366 2615 3421 ego
2646 3366 2768 3405 cum
2802 3353 3017 3406 Aarone
3049 3349 3251 3405 foedera
3282 3352 3481 3421 pepigi,
3508 3351 3601 3419 qui

2032 3457 2229 3512 reapse
2259 3451 2659 3498 consentaneos
2697 3444 2799 3513 legi
2837 3458 2969 3496 meae
2999 3458 3177 3497 mores
3217 3458 3325 3512 prae
3363 3458 3421 3496 se
3458 3444 3604 3495 tulit.

2034 3533 2102 3586 At
2131 3534 2275 3587 enim
2303 3549 2400 3589 vos
2433 3534 2804 3589 sacerdotium
2837 3534 2985 3589 illius
3025 3535 3372 3590 successione
3400 3532 3602 3591 sortiti,

2036 3626 2234 3677 mirum
2287 3634 2549 3688 quantum
2594 3639 2624 3677 a
2678 3623 2951 3694 praedictis
2987 3625 3231 3678 moribus
3274 3624 3605 3687 abhorreLs.

2040 3713 2322 3781 Quomodo
2349 3715 2424 3778 id,
2459 3716 2717 3785 inquam?

360 3822 486 3867 κας,
522 3806 600 3873 (p.
629 3801 752 3870 550)
780 3800 840 3863 ὃς
889 3797 984 3852 καὶ
1029 3794 1296 3849 ἀκόλουθα
1330 3798 1442 3859 τοῖς
1482 3797 1634 3866 ἐμοῖς
1676 3797 2026 3870 διεπράττετο
2088 3804 2305 3875 νόμοις·
2354 3805 2513 3875 ὑμεῖς
2564 3806 2621 3859 δὲ
2647 3808 2697 3858 οἱ
2731 3804 2829 3875 τὴν
2873 3806 3170 3877 ἱερωσύνην
3228 3804 3606 3875 διαδεξάμενοι

357 3900 463 3968 τὴν
511 3895 739 3958 ἐκείνου,
774 3889 1028 3961 πάμπολυ
1075 3886 1277 3941 τούτων
1323 3885 1447 3939 ἐστέ
1493 3890 1903 3959 κεχωρισμένοι.
1932 3892 2054 3957 Πῶς
2086 3893 2181 3946 καὶ
2210 3894 2329 3947 τίνα
2365 3894 2454 3947 τὸν
2489 3894 2717 3965 τρόπον;

436 3989 585 4059 Στίχ.
615 3992 751 4058 ηὀι’.
778 4015 845 4026 ο-
874 4002 893 4034 t
936 3984 1119 4053 Ὑμεῖς
1149 3982 1205 4034 δέ
1234 3981 1536 4048 ἐξεκλίνατε
1568 3984 1632 4036 ἐκ
1655 3983 1753 4052 τῆς
1781 3983 1924 4046 ὀδοῦ,

359 4084 458 4139 καὶ
497 4079 830 4151 ἡσθενήσατε
877 4074 1104 4135 πολλοὺς
1151 4075 1207 4125 ἐν
1244 4072 1424 4143 νόμῳ,
1461 4073 1797 4145 διεφθείρατε
1829 4077 1928 4147 τὴν

361 4176 633 4244 διαθήκην
675 4169 768 4224 τοῦ
826 4167 982 4229 Λευῖ,
1030 4167 1175 4235 λέγει
1209 4168 1413 4237 Κύριος
1455 4167 1866 4240 παντοκράτωρ.
1907 4190 1926 4221 ι

374 4266 742 4338 Ἑξετράπητε
769 4262 877 4333 γὰρ
900 4260 997 4330 τῆς
1024 4259 1150 4328 περὶ
1170 4258 1338 4311 ταῦτα
1369 4259 1600 4329 σπουδῆς
1626 4275 1639 4288 ο
1672 4258 1811 4313 ὥστε
1837 4261 1933 4314 κα)⁵

360 4362 492 4426 τοὺς
518 4357 755 4421 λοιποὺς,
771 4355 1041 4426 ῥᾳθύμους
1064 4352 1191 4422 περὶ
1215 4352 1305 4405 τὸν
1330 4352 1489 4421 νόμον
1512 4354 1754 4423 ποιῆσαν
1787 4352 1932 4406 οὕτω

2104 3988 2267 4047 Vens.
2299 3986 2675 4044 8-lO.—iVos
2701 3994 2881 4042 autem
2911 3987 3232 4043 declinastis
3258 4001 3286 4041 ιι
3312 3986 3395 4042 via
3419 4028 3434 4053 ,
3466 3993 3609 4045 mul-

2036 4090 2229 4151 tosque
2258 4083 2311 4138 in
2346 4083 2459 4151 lege
2491 4078 2840 4143 infirmastis,
2880 4081 3203 4149 corrupistis
3240 4078 3363 4135 Levi
3397 4078 3605 4148 fmdus,

2038 4177 2116 4230 ait
2150 4175 2411 4229 Dominus
2446 4171 2814 4241 omnipotens.
2843 4192 2861 4225 ι
2884 4172 3188 4242 Tantopere
3222 4174 3292 4228 ab
3325 4175 3486 4243 hujus
3518 4176 3603 4230 of-

2042 4267 2147 4322 ficii
2180 4265 2523 4322 observantia
2551 4264 2871 4319 declinaslis
2891 4305 2905 4329 ,
2927 4273 2981 4317 ut
3009 4272 3234 4318 caeteros
3260 4265 3422 4318 etiam
3450 4266 3608 4323 circa-

2044 4360 2213 4430 legem
2242 4358 2500 4412 socordes
2529 4355 2770 4412 feceritis
2799 4372 2812 4408 :
2840 4364 3004 4424 atque
3033 4355 3103 4408 ita
3125 4395 3140 4419 ,
3165 4362 3223 4408 ut
3255 4355 3492 4410 breviter
3516 4358 3604 4411 dio

362 4411 636 4512 τε-πάσας
675 4411 951 4514 σύντύμως
996 4411 1173 4494 ε-ἱπεῖν
1213 4441 1309 4502 τάς
1357 4411 1649 4511 συνθήκας,
1685 4440 1753 4505 ἃς
1798 4442 1925 4514 πρὸς

2040 4463 2181 4512 eam,
2202 4446 2406 4501 malitia
2434 4453 2610 4502 vestra
2633 4444 2960 4513 corrupistis
2985 4443 3187 4499 fcedera
3208 4459 3329 4514 quae
3356 4460 3479 4499 cum
3500 4447 3611 4502 Aa-

364 4545 574 4597 ἐκεῖνον
608 4538 829 4608 ἐθέμην,
862 4535 1180 4605 βουλόμενος
1207 4533 1374 4596 αὐτὰς
1407 4534 1503 4587 καὶ
1532 4534 1623 4586 ἐπὶ
1660 4533 1767 4586 τῶν
1799 4534 1938 4588 ἐκεί-

366 4650 462 4684 νου
490 4629 747 4698 διαδόχων
793 4627 1034 4697 κρατεῖν,
1059 4627 1129 4695 τῇ
1159 4622 1334 4694 οἰκείᾳ.
1373 4623 1711 4694 διεφθείρατε
1747 4624 1933 4696 κακία.

372 4744 394 4775 σ
437 4722 549 4776 Καὶ
583 4718 694 4788 ἐγὼ
725 4717 933 4771 δέδωκα
968 4716 1110 4786 ὑμᾶς
1142 4714 1595 4785 ἐξουδενωμένους
1625 4718 1720 4770 καὶ⁵
1747 4736 1938 4790 παρειο

372 4815 571 4885 μένους
604 4814 683 4874 εἱς
721 4808 896 4862 πάντα
922 4806 993 4861 τὰ
1019 4806 1145 4875 ἐθνη
1173 4822 1187 4837 ο
1221 4804 1336 4859 ἀνθ’
1364 4799 1441 4860 ὧν
1480 4808 1636 4877 ὑμεῖς
1667 4810 1768 4863 οὐκ
1807 4812 1939 4880 ἐφυ-

366 4905 605 4969 λάξασθε
638 4903 737 4965 τὰς
784 4898 937 4963 ὁδούς
968 4915 1069 4969 μου
1098 4939 1113 4961 ,
1144 4896 1257 4951 ἀλλ’
1295 4896 1627 4968 ἐλαμϐάνετε
1671 4901 1940 4971 πρόσωπα

372 4999 433 5048 ἐν
462 4995 632 5065 νόμῳ.
673 5012 693 5045 ι
743 4989 933 5053 Καλῶς
965 4991 1029 5041 ἐκ
1062 4987 1174 5041 τῶν
1214 4988 1319 5059 πρὸ
1366 4987 1609 5059 βραχέως
1643 4992 1941 5059 γεγονότων

368 5088 568 5150 αὐτοὺς
607 5082 958 5153 σιικρρονίζει⁸
992 5078 1231 5133 Τοιαῦτα
1263 5080 1390 5148 γὰρ,
1425 5081 1606 5149 φησὶν,
1638 5082 1780 5151 ὑμᾶς
1819 5082 1936 5138 δια-

372 5176 775 5249 πραττομένους
822 5172 1017 5244 εὑρὼν,
1072 5169 1418 5241 αἰχμαλωσίᾳ
1479 5172 1830 5241 παραδέδωκα
1879 5174 1939 5227 τὸ

374 5271 544 5343 μηδὲν
580 5265 865 5329 ἀποδείξας
890 5303 904 5327 .
937 5264 1031 5318 καὶ
1060 5263 1236 5331 πάντη
1262 5254 1360 5331 τῆς
1401 5263 1674 5333 ἱερατικῆς
1706 5263 1810 5329 ἔξω
1837 5282 1930 5320 κα.

369 5363 651 5434 ταστήσας
703 5359 868 5428 τιμῆς
932 5356 1047 5410 ἀνθ’
1094 5348 1169 5407 ὧν
1226 5352 1416 5406 οὐδένα
1466 5353 1619 5421 λόγον
1662 5355 1928 5409 ποιεῖσθαι

370 5455 481 5510 τῶν
502 5451 938 5521 προσταγμάτων
972 5445 1253 5501 ἐϐούλεσθε
1287 5445 1394 5498 τῶν
1428 5445 1592 5516 ἐμῶν,
1630 5448 1933 5518 συνεπράτο

371 5564 494 5601 τετε
548 5546 606 5600 δέ
658 5543 750 5597 καὶ
780 5545 891 5605 τοῖς
929 5541 1134 5601 λοιποῖς
1187 5538 1405 5608 ἀμελεῖν
1454 5538 1560 5591 τῶν
1601 5538 1814 5609 νόμων,
1846 5540 1937 5602 οὓς

377 5636 803 5711 σωφρονίζεσθαι
858 5635 982 5704 παρ’
1025 5631 1175 5703 ὑμῶν
1234 5630 1437 5684 δίκαιον
1466 5625 1569 5699 ἦν*
1622 5630 1776 5683 τοῦτο
1833 5632 1938 5701 γὰρ

2042 4554 2175 4594 rone
2210 4538 2518 4608 pepigeram
2544 4577 2559 4602 ,
2586 4536 2776 4590 volens
2810 4549 2872 4588 ea
2899 4549 3025 4588 cum
3054 4534 3208 4590 illius
3237 4551 3455 4606 quoque
3482 4553 3611 4593 suc-

2042 4628 2358 4685 cessoribus
2379 4625 2828 4701 permanere.iEt
2853 4641 2955 4696 ego
2983 4625 3108 4681 dedi
3134 4642 3233 4682 vos
3267 4637 3612 4697 contemptus

2043 4734 2096 4777 et
2130 4720 2374 4789 abiectos
2409 4721 2464 4773 in
2511 4734 2701 4773 omnes
2730 4726 2918 4788 gentes
2943 4757 2959 4784 ,
3003 4729 3286 4790 propterea
3317 4721 3459 4790 quod
3491 4720 3614 4776 vias

2044 4827 2195 4868 meas
2239 4826 2347 4865 non
2396 4809 2751 4871 custodistis,
2796 4806 2892 4862 sed
2940 4807 3293 4880 accipiebatis
3345 4825 3611 4879 personas

2042 4902 2099 4956 in
2137 4902 2273 4971 lege.
2305 4919 2323 4953 ι
2352 4898 2617 4953 Praeclare
2655 4912 2723 4952 ex
2758 4898 2828 4953 iis
2867 4915 2989 4970 qua:
3028 4899 3191 4968 paulo
3227 4907 3351 4953 ante
3389 4900 3609 4953 accide—

2041 5000 2167 5044 rant
2220 4989 2342 5044 illos
2394 4994 2741 5042 commonet:
2775 4989 2926 5044 Talia
2979 4989 3162 5051 enim,
3211 4988 3424 5056 inquit,
3482 5003 3606 5041 cum

2042 5098 2141 5137 vos
2188 5089 2407 5152 patrare
2455 5079 2843 5150 comperissem
2869 5123 2883 5146 ,
2928 5078 3229 5148 captivitati
3269 5078 3502 5135 tradidi.
3540 5079 3612 5133 ad

2045 5172 2273 5227 nihilum
2308 5170 2558 5226 redactos
2582 5211 2595 5231 .
2626 5181 2681 5226 et
2709 5171 2857 5226 omni
2888 5168 3207 5225 sacerdotali
3242 5168 3450 5224 honore
3482 5184 3611 5239 spo-

2046 5264 2245 5316 liatos:
2285 5259 2725 5329 quandoquidem
2779 5260 2981 5313 nullam
3034 5258 3413 5321 mandatorum
3466 5275 3611 5313 meo.

2047 5368 2169 5408 rum
2200 5351 2464 5406 rationem
2512 5351 2713 5406 habere
2747 5351 2996 5405 voluistis
3018 5392 3032 5414 ,
3070 5351 3177 5405 imo
3208 5359 3263 5407 et
3305 5351 3427 5406 aliis
3456 5366 3612 5421 aeque

2040 5448 2210 5517 legem
2263 5445 2666 5515 negligentibus
2726 5451 3110 5511 coeperatores
3174 5441 3399 5505 fuistis,
3465 5454 3611 5512 quos

2045 5540 2231 5610 potius
2266 5553 2295 5592 a
2329 5538 2486 5593 vobis
2519 5537 2797 5593 emendari
2845 5537 3154 5604 oportebat.
3204 5535 3294 5589 Sic
3340 5534 3487 5589 enim
3520 5534 3606 5589 in—

2045 5632 2337 5702 telligcnda
2393 5638 2521 5686 sunt
2565 5629 2774 5687 verban
2809 5628 3166 5697 accipiebatis
3224 5641 3490 5697 personas
3549 5624 3611 5679 in
