4096 6234
484 323 587 380 οιι
954 352 973 359 -
1673 307 2021 367 TIIEODORI
2048 309 2059 365 l

2159 307 2533 367 PSUESTENI
3632 300 3741 361 6|!

487 437 646 500 lege;
683 443 702 478 ›
734 422 787 482 id
839 421 1369 496 est.reprehendere
1408 421 1676 476 adversus
1715 419 1885 490 legem
1924 434 2054 491 pec-

2159 421 2300 489 λέγει
2336 420 2418 487 τὸ,
2466 438 2486 471 ι
2539 418 2869 490 ἐλαμϐάνετε
2910 418 3173 489 πρόσωπα
3204 418 3260 475 ἐν
3310 417 3458 489 νόμῳ
3483 461 3499 483 ,
3548 437 3567 473 ι
3613 422 3740 479 ἀντὶ

487 528 683 575 cantes
717 516 995 572 noluistis.
1047 534 1066 568 ι
1094 513 1285 569 Nonne
1320 511 1465 567 Deus
1493 527 1638 566 unus
1675 526 1773 567 vos
1814 511 2064 565 creavit?

464 626 672 665 .nonne
722 607 886 663 Pater
938 623 1080 663 unus
1134 605 1375 660 omnium
1431 603 1718 658 vestrum?
1769 602 1883 658 Cur
1930 618 2062 673 ergo

492 701 874 771 unusquisque
933 699 1144 755 sivistis
1195 697 1419 752 fratrem
1475 702 1715 750 vestrum
1770 693 2065 765 profanare

488 797 878 846 testamentum
918 798 1132 858 patrum
1186 794 1494 841 vestrorum
1518 785 1542 838 2
1567 803 1585 835 ι
1614 785 1777 854 Atqui
1823 793 1880 839 et
1927 799 2060 846 vos.

492 883 708 952 inquit,
751 888 807 935 et
840 881 964 941 ille.
1007 881 1059 934 id
1099 886 1184 934 est
1225 877 1442 938 Aaron,
1485 876 1554 930 ab
1594 892 1705 930 uno
1745 874 1856 931 Deo
1894 876 2062 931 creati

487 975 658 1039 estis,
686 985 827 1041 quos
858 970 1024 1026 etiam
1056 970 1171 1040 pari
1206 981 1340 1022 cura
1373 975 1536 1037 atque
1569 965 1776 1021 honore
1807 963 2064 1036 dignatus

492 1062 636 1117 fuit:
686 1078 839 1125 mque
891 1061 1036 1116 enim
1094 1060 1169 1114 illi
1225 1058 1489 1128 vobisque
1533 1054 1869 1127 dixit-.CEgo
1899 1055 2058 1112 dixi:

491 1153 577 1211 Dii
632 1153 768 1206 estis
800 1185 816 1210 ,
875 1155 933 1202 et
1004 1150 1101 1205 ﬁlii
1151 1144 1725 1210 Altissimiomnes";
1756 1165 1775 1199 ι
1804 1146 1951 1218 quod
1979 1145 2065 1200 di-

491 1253 646 1298 ctum
682 1258 778 1298 eos
810 1244 1056 1314 apprime
1086 1242 1315 1314 respicit
1347 1241 1441 1313 qui
1475 1238 1869 1296 sacerdotalem
1902 1237 2067 1311 375

490 1333 806 1406 dignitatem
828 1375 843 1400 ,
875 1335 960 1389 vel
984 1334 1244 1390 ducatum
1269 1332 1452 1405 populi
1484 1339 1688 1388 tenent.
1718 1328 1876 1385 Unde
1900 1330 2067 1401 igitur

490 1435 695 1482 tantam
730 1442 945 1483 morum
984 1427 1350 1498 corruptelam
1390 1424 1675 1487 traxistis,
1713 1431 1773 1477 ut
1810 1423 1901 1477 ille
1937 1424 2063 1492 qui-

491 1517 610 1573 dem
643 1518 727 1574 sui
762 1519 1021 1588 temporis
1061 1518 1309 1574 homines
1346 1516 1754 1576 emendaverit,
1794 1521 1960 1584 atque
1995 1512 2063 1567 ad

491 1611 724 1667 alliciqu
763 1612 1053 1682 diligenter
1086 1610 1405 1682 impulerit;
1435 1623 1535 1664 vos
1568 1616 1751 1663 autem
1784 1605 2064 1676 subjectos

491 1704 798 1759 sacerdotio
858 1704 1055 1760 fratres
1114 1713 1333 1759 vestros
1398 1700 1725 1774 negiigatis,
1782 1706 2066 1769 tantopere

2114 538 2119 542 ·
2162 508 2277 576 τοῦ,
2305 508 2575 583 Ἐλέγχειν
2600 513 2724 575 τοὺς
2751 512 3159 583 ἁμαρτάνοντας
3203 511 3353 581 παρὰ
3388 510 3449 563 τὸ
3474 509 3553 583 τῷ
3584 513 3737 586 νόμῳ

2164 601 2355 655 δοκοῦν
2399 603 2499 655 οὐκ
2563 600 2870 654 ἐϐούλεσθε.
2941 619 2960 651 ι
3023 600 3158 669 Οὐχὶ
3207 598 3338 663 Θεὸς
3389 594 3473 664 εἷς
3519 601 3737 657 ἔκτισεν

2164 693 2343 763 ὑμᾶςς
2379 694 2502 763 οὐχὶ
2555 692 2743 764 Πατὴρ
2787 685 2867 755 εἷς
2896 691 3114 744 πάντων
3166 691 3359 761 ὑμῶνς
3417 690 3469 744 τί
3516 692 3599 746 δτι
3646 694 3738 763 ἐγο

2165 784 2485 837 κατελίπετε
2548 782 2778 846 ἕκαστος
2813 783 2904 836 τὸν
2950 781 3175 851 ἀδελφὺν
3209 782 3374 835 αὑτοῦ
3422 782 3516 837 τοῦ
3572 782 3739 854 βεϐη-

2164 874 2335 928 λῶσαι
2384 876 2482 946 τὴν
2513 873 2773 945 διαθήκην
2812 875 2921 927 τῶν
2960 875 3209 945 πατέρων
3241 874 3428 944 ὑμῶνς
3488 892 3508 928 ι
3544 875 3737 930 Καίτοι

2164 981 2249 1034 γε.
2279 967 2458 1037 φησιν,
2492 967 2584 1019 καὶ
2610 967 2767 1037 ὑμεῖς
2798 968 3046 1031 κάκεῖνος
3090 966 3259 1036 (λέγει
3290 966 3346 1020 δὲ
3372 966 3463 1020 τὺν
3502 967 3735 1040 Ἀαρὼν)

2167 1061 2244 1127 (p.
2280 1058 2404 1127 55i)
2447 1059 2536 1127 ὑφ’
2569 1059 2687 1122 ἐνός
2718 1075 2777 1111 τε
2809 1058 3066 1128 γεγόνατε
3105 1057 3239 1113 Θεοῦ
3264 1101 3279 1125 ,
3318 1060 3644 1131 κηδεμονίας
3674 1077 3734 1115 τε

2166 1148 2259 1201 καὶ
2284 1150 2451 1220 τιμῆς
2492 1148 2758 1221 ἡξιώθητε
2787 1149 2885 1220 τῆς
2911 1150 3079 1221 αὐτῆς
3102 1165 3118 1181 ο
3153 1152 3302 1221 κοινῇ
3332 1152 3441 1222 γὰρ
3474 1152 3567 1207 καὶ
3599 1153 3737 1224 πρὸς

2166 1242 2311 1311 ὑμᾶς
2359 1242 2492 1314 ἔφην
2521 1241 2582 1295 τὸ
2607 1282 2621 1306 ,
2662 1262 2680 1293 ι
2748 1242 2890 1311 Ἐγὼ
2921 1238 3095 1305 εἷπον.
3145 1242 3269 1297 Θεοὶ
3297 1245 3419 1298 ἐστέ
3441 1286 3457 1309 ,
3496 1245 3591 1299 καὶ
3626 1246 3734 1299 υίοὶ

2177 1333 2433 1402 Ὑψίστου
2461 1333 2666 1398 πάντες
2685 1350 2699 1364 ο
2749 1355 2768 1387 ι
2802 1334 2938 1405 ὅπερ
2958 1333 3022 1404 δὴ
3054 1334 3287 1406 μάλιστα
3309 1337 3422 1399 τοῖς
3457 1335 3555 1406 τῆς
3585 1337 3736 1407 ἱερα-

2164 1423 2323 1493 τικῆς
2361 1424 2650 1497 προεδρίας
2694 1425 3136 1497 ἐπειλημμένοις,
3170 1427 3265 1480 καὶ
3301 1427 3624 1498 ἡγουμένοις
3652 1430 3735 1482 ἐν-

2164 1515 2355 1571 τεῦθεν
2399 1516 2492 1570 τοῦ
2541 1516 2671 1572 λαοῦ
2714 1516 3005 1591 ἁρμόττον.
3044 1518 3215 1573 Πόθεν
3252 1519 3427 1573 τοίνυν
3470 1520 3737 1590 τοσαύτην

2166 1608 2258 1661 ἐπὶ
2309 1606 2417 1660 τῶν
2470 1608 2685 1680 τρόπων
2733 1609 3001 1680 ἐσχήκατε
3063 1608 3160 1680 τὴν
3209 1609 3545 1680 διαφθοράν;
3592 1610 3733 1667 ὥστε

2168 1698 2375 1752 ἐκεῖνον
2415 1698 2516 1769 μέν
2563 1699 2991 1771 ἐπανορθοῦσθαι
3024 1701 3150 1765 τοὺς
3193 1701 3315 1755 καθ’
3365 1701 3589 1766 ἑαυτὸν,
3640 1704 3735 1758 καὶ

492 1804 818 1865 peccantes,
851 1809 914 1849 ac
950 1794 1343 1865 propemodum
1379 1794 1559 1863 legum
1594 1805 1837 1846 mearum
1878 1789 2059 1845 obser‘

2170 1790 2305 1861 πρὸς
2334 1791 2394 1844 τὸ
2435 1791 2551 1845 δέον
2584 1792 2878 1862 ἐπανάγειν
2923 1794 3162 1865 σπουδῇ,
3206 1794 3350 1865 ὑμᾶς
3398 1795 3457 1849 δέ
3487 1797 3735 1868 παρορᾷν

492 1886 727 1940 vantiam
758 1886 985 1956 pedibus
1014 1885 1451 1942 conculcantes?
1483 1883 1625 1950 Quid
1654 1898 1788 1954 ergo
1819 1880 2059 1940 acciditl

2166 1881 2293 1945 τοὺς
2319 1881 2424 1936 ὑπὸ
2450 1882 2548 1953 τὴν
2571 1882 2869 1956 ἱερωσύνην
2887 1884 3329 1954 δντας,ἁδελ.φοὺς
3352 1886 3513 1949 ὄντας
3541 1887 3729 1953 ἰδίους,

492 1973 959 2046 εξαμαρτάνοντάς
996 1992 1057 2029 τε
1100 1972 1293 2038 οὕτως,
1342 1972 1438 2027 καὶ
1480 1972 1759 2043 μονονουχὶ
1794 1968 2097 2033 πατοῦντας
2143 1969 2251 2023 τῶν
2298 1970 2479 2043 νόμων
2518 1973 2629 2029 τῶν
2665 1973 2813 2046 ἐμῶν
2843 1974 2943 2047 τὴν
2986 1975 3291 2046 ἀκρίϐειαν.
3350 1975 3649 2048 Τοιγαροῦν
3679 1977 3732 2030 τί

491 2065 712 2135 γέγονεν
737 2082 753 2131 ;

558 2158 726 2219 Vsus.
763 2163 851 2227 Η,
881 2162 969 2218 12.
992 2192 1064 2203 --
1090 2180 1110 2215 ι
1141 2160 1448 2218 Derelictus
1478 2169 1565 2218 est
1587 2159 1756 2215 Judas
1778 2200 1794 2223 ,
1838 2166 1891 2213 et
1925 2157 2057 2211 abo-

492 2252 716 2307 minatio
766 2252 909 2307 facta
948 2265 1034 2308 est
1073 2253 1128 2307 in
1172 2251 1370 2309 lsraele
1408 2260 1463 2308 et
1501 2250 1839 2307 Hierusalem
1862 2288 1877 2312 ,
1930 2248 2057 2319 quia

491 2345 881 2400 contaminavit
917 2344 1088 2401 Judas
1127 2355 1317 2401 sancta
1356 2344 1570 2399 Domini
1607 2358 1729 2415 qua
1758 2341 2055 2404 dilexerat,

493 2451 548 2494 et
585 2439 781 2494 alienis
818 2439 927 2494 diis
968 2438 1209 2494 studium
1249 2436 1535 2508 impendit.
1568 2455 1587 2490 ι
1617 2434 1806 2506 Igitur,
1840 2433 1970 2504 quia
2005 2440 2062 2488 et

491 2531 730 2602 populus
786 2532 977 2587 illicita
1033 2530 1321 2601 patrabat,
1374 2538 1430 2583 et
1476 2528 1632 2581 vobis
1683 2525 2061 2582 sacerdotibus

491 2626 643 2679 nulla
694 2625 799 2678 fuit
847 2623 1159 2695 corrigendi
1216 2622 1367 2676 illum
1421 2620 1761 2683 sollicitudo,
1812 2615 2058 2673 destituti

493 2717 835 2788 [Invidentia
891 2731 1009 2770 mea
1064 2716 1117 2768 in
1166 2712 1537 2783 captivitatem
1604 2711 1865 2765 abiistis:
1928 2710 2057 2779 quia

492 2809 750 2863 nimirum
784 2807 932 2862 cultu
965 2805 1054 2858 Dei
1089 2807 1334 2875 neglecto
1356 2844 1371 2865 ,
1407 2817 1568 2872 quem
1617 2817 1646 2853 a
1688 2800 1842 2854 vobis
1887 2800 2056 2868 potis-

493 2902 689 2959 simum
742 2898 1048 2954 vehementi
1105 2911 1236 2950 cura
1286 2893 1567 2948 observari
1620 2891 1941 2960 oportebat.
1993 2888 2062 2944 ad

493 2996 763 3051 idolorum
819 2992 1146 3063 obsequium
1195 2989 1446 3045 conversi
1497 2989 1650 3042 estis.
1696 2987 1873 3056 Atque
1917 2986 1988 3038 ita
2030 2999 2060 3039 a

493 3087 876 3143 sacerdotibus
911 3086 976 3139 ad
1010 3098 1202 3138 omnes
1253 3083 1415 3137 verba
1479 3078 1851 3145 transferens,
1903 3078 2057 3148 quasi

2228 2152 2375 2224 Στίχ.
2405 2160 2496 2218 ια’,
2536 2156 2621 2226 ιβ’.
2666 2187 2736 2196 -
2772 2176 2791 2208 ι
2859 2158 3278 2230 Ἐγκατελείφοη
3348 2158 3584 2223 Ἰούδας,
3636 2162 3728 2217 καὶ

2157 2244 2431 2315 βδέλυγμα
2468 2247 2685 2314 ἐγένετο
2710 2249 2767 2301 ἐν
2787 2248 2864 2320 τῷ
2892 2248 3106 2321 Ἰσραὴλ
3132 2250 3226 2303 καὶ
3264 2252 3322 2304 ἐν
3354 2250 3730 2322 Ἰερουσαλήμ*

2154 2336 2286 2391 διότι
2320 2337 2654 2409 ἐσεϐήλωσεν
2684 2338 2879 2403 Ἰούδας
2904 2340 2975 2393 τὰ
3006 2339 3135 2410 ἀγια
3161 2342 3364 2414 Κυρίου
3396 2344 3455 2396 ἐν
3482 2337 3564 2409 οἷς
3591 2345 3732 2416 ἠγά-

2155 2443 2320 2498 πησε,
2354 2430 2448 2483 καὶ
2477 2431 2834 2501 ἐπετήδευσεν
2858 2432 2938 2496 είς
2968 2432 3123 2496 θεοὺς
3170 2432 3505 2506 ἀλλοτρίους.
3541 2454 3560 2488 ι
3594 2435 3724 2489 Τοι-

2164 2520 2375 2590 γαροῦν
2394 2522 2579 2592 ἐπειδὴ
2608 2524 2702 2576 καὶ
2727 2526 2778 2576 οί
2808 2523 2903 2577 τοῦ
2926 2524 3057 2578 λαοῦ
3087 2525 3149 2580 τὸ
3178 2526 3255 2598 μὴ
3286 2526 3409 2580 δέον
3431 2527 3725 2597 ἔπραττον,

2165 2612 2258 2664 καὶ
2296 2612 2424 2679 ὑμῖν
2460 2615 2573 2675 τοῖς
2608 2613 2811 2683 ἱερεῦσι
2854 2614 3010 2681 λόγος
3040 2615 3222 2679 οὐθεὶς
3248 2612 3317 2687 ἦν
3359 2617 3459 2687 τῆς
3497 2617 3723 2672 ἐκείνων

2162 2701 2532 2773 διορθώσεως,
2573 2704 2862 2772 ἀφεθέντες
2907 2708 3006 2776 τῆς
3047 2707 3298 2776 προνοίας
3338 2708 3437 2778 τῆς
3481 2708 3624 2780 ἐμῆς
3650 2711 3731 2772 είς

2162 2792 2537 2863 αἰχμαλωσίαν
2580 2794 2988 2866 ἀπεληλύθατεο
3031 2796 3171 2867 ὑπὲρ
3219 2790 3295 2849 ὧν
3332 2796 3397 2867 δὴ
3429 2797 3528 2867 τῆς
3560 2797 3725 2869 θερα-

2166 2884 2325 2947 πείας
2358 2884 2726 2957 ἀμελήσαντες
2755 2885 2847 2938 τοῦ
2893 2885 3029 2939 Θεοῦ
3050 2925 3065 2951 ,
3110 2887 3177 2956 ἢν
3222 2886 3288 2958 δὴ
3323 2888 3559 2958 μάλιστα
3590 2890 3728 2959 μετὰ

2164 2975 2364 3045 πολλῆς
2398 2976 2541 3045 ὑμᾶς
2578 2975 2816 3045 μετιέναι
2866 2976 3143 3047 προσῆκον
3197 2971 3264 3048 ἦν
3302 2977 3399 3048 τῆς
3455 2978 3725 3050 σπουδῆς,

2168 3067 2248 3127 είς
2277 3064 2510 3118 εἰδώλων
2540 3065 2874 3137 ἐξετράπητε
2903 3065 3196 3136 θεραπείαν
3218 3083 3232 3097 ·
3267 3065 3440 3131 οὕτως
3472 3068 3581 3122 ἀπὸ
3618 3068 3727 3122 τῶν

490 3190 545 3235 et
579 3179 777 3249 reliqui
830 3177 884 3230 in
935 3175 1122 3231 eadem
1176 3173 1526 3229 sacerdotum
1579 3171 1823 3241 nequitia
1874 3186 2058 3226 versa-

2168 3159 2357 3228 ἱερέων
2402 3159 2481 3219 εἰς
2514 3156 2759 3221 ἅπαντας
2806 3157 3048 3211 ἐκϐαλὼν
3080 3159 3168 3213 τὸν
3201 3159 3360 3227 λόγον
3388 3200 3403 3222 ,
3431 3160 3506 3223 ὡς
3553 3162 3621 3214 ἂν
3658 3163 3725 3234 τῇ

492 3280 705 3335 rentur,
747 3269 1055 3325 communis
1101 3265 1481 3336 castigationis
1539 3280 1669 3335 ergo
1722 3265 1833 3318 haec
1866 3263 2055 3318 addit:

498 3382 517 3415 ι
548 3361 742 3417 Perdet
786 3361 1047 3417 Dominus
1090 3360 1362 3413 hominem
1400 3359 1492 3428 qui
1539 3357 1653 3411 haec
1696 3357 1919 3421 fecerit,
1959 3357 2060 3410 do-

493 3467 592 3507 nec
621 3452 938 3506 humilietur
965 3451 1032 3505 de
1063 3447 1433 3503 tabernaculis
1470 3444 1639 3501 Jacob
1660 3488 1674 3513 ,
1722 3455 1777 3501 et
1817 3447 1885 3500 de
1927 3445 2061 3501 oli'c-

492 3544 741 3599 reutibus
769 3541 1127 3611 omnipotenti
1161 3540 1391 3595 Domino
1421 3539 1769 3595 sacrificium.
1799 3558 1817 3591 ι
1844 3537 1962 3592 Nisi
1992 3538 2061 3592 ab

494 3633 596 3686 hoc
628 3634 751 3687 vitae
781 3647 981 3702 genere
1015 3632 1355 3686 recesseritis
1378 3671 1393 3693 ,
1425 3630 1737 3685 omnimoda
1771 3645 1868 3684 vos
1901 3631 2058 3682 ruina

493 3732 720 3777 cunctos
770 3722 1068 3792 corripiet,
1107 3723 1182 3776 ita
1241 3730 1299 3776 ut
1352 3721 1407 3776 in
1451 3730 1748 3777 extremam
1799 3721 2060 3790 abjcctio-

494 3829 616 3868 nem
649 3823 760 3867 tum
800 3814 993 3881 reliqui
1025 3813 1353 3867 deveniant:
1387 3822 1502 3867 tum
1538 3822 1593 3868 et
1622 3828 1720 3867 vos
1761 3828 1829 3866 ex
1876 3827 2061 3867 sacer-

496 3903 627 3957 dotii
667 3904 947 3958 functioue
980 3914 1033 3958 et
1062 3905 1348 3961 sacrificiis
1394 3920 1514 3974 quae
1563 3920 1660 3974 pro
1703 3903 1824 3957 aliis
1862 3904 2059 3957 oli‘erre

495 3995 802 4059 simulatis,
840 3996 1046 4049 nullam
1085 4010 1179 4051 seu
1218 4011 1315 4051 vos
1363 4012 1458 4050 seu
1501 3996 1577 4049 illi
1628 3994 1915 4048 utilitatem
1964 4009 2058 4048 ca-

496 4085 679 4154 pietis.
710 4082 970 4139 Posthinc
1002 4083 1067 4137 ad
1102 4084 1246 4138 aliud
1280 4084 1495 4138 illorum
1528 4083 1723 4137 transit
1753 4091 2055 4152 peccatum.

495 4175 738 4247 Namque
770 4192 798 4229 a
834 4175 1149 4245 captivitate
1185 4176 1421 4238 reversi,
1454 4186 1509 4230 et
1542 4176 1667 4229 data
1708 4189 1737 4228 a
1788 4173 1898 4229 Deo
1940 4174 2059 4228 feli-

494 4260 658 4323 citate
684 4268 834 4338 potiti
858 4307 871 4329 ,
904 4268 968 4321 ad
1000 4269 1257 4323 lascivam
1285 4268 1430 4321 versi
1461 4268 1623 4321 vitam
1644 4306 1658 4329 ,
1690 4266 1901 4336 priores
1931 4281 2058 4321 suas

498 4375 696 4414 uxmes
734 4357 1089 4423 dimiserant,
1130 4367 1294 4429 atque
1332 4358 1455 4413 aliis
1492 4359 1711 4413 oculum
1746 4359 2059 4428 cupiditatis

496 4451 845 4519 adjecerant:
898 4460 952 4506 et
999 4452 1121 4507 illas
1172 4450 1390 4521 quidem
1440 4466 1560 4523 quae
1599 4451 1761 4520 longo
1806 4465 1929 4504 cum
1977 4452 2058 4507 eis

497 4553 738 4611 tempore
783 4544 1067 4607 vixerant,
1116 4551 1169 4597 et
1210 4524 1475 4596 malorum
1523 4543 1684 4596 etiam
1729 4542 2058 4610 captivitatis

496 4632 788 4702 participes
827 4634 937 4685 illic
978 4633 1230 4697 fuerant,
1265 4632 1426 4703 375
1458 4647 1604 4685 nunc
1643 4639 1846 4685 temere
1883 4631 2059 4700 ejece-

497 4731 653 4785 rant,
683 4730 842 4789 atque
886 4724 1007 4776 aliis
1057 4738 1151 4791 per
1191 4723 1468 4778 libidinem
1522 4722 1892 4778 adhaerebant.
1940 4723 2057 4777 Jam

498 4830 622 4869 cum
653 4815 859 4867 nullum
896 4815 1111 4867 miseris
1143 4816 1460 4870 mulieribus
1491 4815 1729 4869 ferretur
1757 4816 2015 4869 auxilium
2042 4855 2058 4880 ,

498 4922 599 4962 nec
650 4906 936 4975 quisquam
987 4903 1129 4957 facta
1182 4906 1296 4960 hazc
1346 4907 1700 4978 obiurgaret,
1749 4908 2061 4961 necessario

498 4997 752 5064 iujuriam
791 4995 1253 5065 ignominiamque
1286 5012 1394 5049 non
1429 4999 1664 5052 ferentes
1696 4998 1826 5066 ipsae
1868 4998 2061 5050 mulie-

497 5104 622 5151 res,
657 5088 864 5143 idcirco
913 5087 977 5141 ad
1026 5085 1192 5140 Deum
1250 5088 1641 5156 confugiebant
1696 5089 1884 5141 multis
1938 5103 2056 5141 cum

496 5179 751 5248 larrymis
803 5178 1098 5248 multisque
1144 5177 1472 5246 ejulatibus,
1519 5178 1718 5248 Deique
1769 5178 2059 5247 providen-

498 5276 623 5325 tiam
654 5282 711 5325 ut
746 5274 797 5325 in
827 5288 885 5326 re
911 5272 1197 5342 desperata
1233 5271 1614 5340 implorabant.
1655 5270 1941 5340 Propterea
1974 5269 2053 5323 sic

498 5366 638 5431 loqui
670 5364 840 5433 pergit
870 5380 886 5417 :

2163 3249 2367 3304 τούτων
2408 3250 2573 3321 κακίᾳ
2610 3249 2703 3303 καὶ
2735 3250 2842 3303 τῶν
2878 3250 3079 3304 λοιπῶν
3110 3252 3413 3320 γεγονότων
3444 3253 3724 3317 τοιούτων,

2162 3340 2243 3401 εἰς
2301 3339 2673 3409 σωφρονισμὸν
2730 3339 2983 3392 ἁπάντων
3042 3345 3193 3413 κοινῇ
3253 3343 3436 3395 λοιπὸν
3497 3344 3725 3411 ἐπάγει⁶

2168 3449 2186 3481 ι
2246 3429 2638 3500 Ἐξολοθρεύσει
2673 3430 2874 3501 Κύριος
2916 3430 3008 3484 τὸν
3039 3431 3320 3503 ἄνθρωπον
3358 3434 3450 3488 τὸν
3478 3434 3727 3487 ποιοῦντα

2162 3522 2370 3585 ταῦτα,
2407 3523 2511 3586 ἓως
2540 3520 2605 3575 ἂν
2648 3523 2741 3575 καὶ
2782 3522 3090 3594 ταπεινωθῇ
3125 3525 3188 3576 ἐκ
3222 3526 3592 3595 σκηνωμάτων
3634 3526 3727 3578 Ἰα-

2162 3616 2298 3679 κὼὸ,
2334 3615 2427 3667 καλ⁸
2454 3616 2517 3667 ἐκ
2546 3615 2929 3686 προσαγόντων
2977 3615 3166 3669 θυσίαν
3199 3617 3277 3688 τῷ
3308 3618 3493 3689 Κυρίῳ
3526 3635 3725 3670 παντο·

2162 3704 2408 3777 κράτορι.
2449 3723 2466 3754 ι
2517 3704 2534 3771 (
2558 3720 2609 3774 p.
2664 3704 2797 3771 552)
2845 3704 2984 3756 Ἀλλ⁹
3029 3705 3083 3759 εἴ
3125 3722 3187 3774 γε
3235 3705 3308 3778 μὴ
3347 3706 3552 3759 τούτων
3591 3707 3727 3760 ἀπο-

2163 3797 2415 3864 σταίητε,
2445 3796 2609 3866 φησὶ,
2658 3794 2926 3867 παντελὴς
2968 3795 3209 3850 ἀπώλεια
3239 3797 3464 3867 λήψεται
3519 3797 3724 3860 πάντας

2161 3888 2324 3957 ὑμᾶς,
2359 3886 2497 3939 ὥστε
2525 3887 2604 3949 είς
2626 3884 2722 3955 τὴν
2749 3886 2984 3956 ἐσχάτην
3011 3888 3337 3939 ταπείνωσιν
3379 3886 3505 3950 τούς
3532 3904 3591 3941 τε
3618 3886 3725 3939 λοι-

2160 3983 2295 4043 ποὺς
2324 3980 2586 4050 ἀχθῆναι,
2624 3981 2716 4032 καὶ
2750 3979 2813 4050 δὴ
2859 3980 2950 4033 καὶ
2982 3980 3123 4050 ὑμᾶς
3169 3980 3295 4041 τοὺς
3340 3978 3638 4050 ἱερατεύειν
3663 3994 3727 4033 τε

2160 4073 2254 4126 καὶ
2284 4073 2381 4135 τὰς
2407 4072 2545 4143 ὑπὲρ
2575 4072 2780 4143 ἐτέρων
2810 4072 2998 4135 θυσίας
3025 4073 3540 4143 προσποιουμένους,
3569 4071 3726 4126 οὐθὲν

2160 4165 2281 4218 οὔτε
2310 4164 2461 4234 ὑμῶν
2493 4163 2614 4217 οὔτε
2658 4164 2879 4216 ἐκείνων
2916 4166 2978 4235 τῇ
3010 4166 3342 4235 προσαγωγῇ
3381 4165 3489 4217 τῶν
3525 4164 3726 4218 θυσιῶν

2159 4255 2482 4326 ὠφελεῖσθαι
2511 4256 2636 4309 οἴων
2657 4274 2714 4309 τε
2740 4256 2905 4310 ὄντων
2921 4273 2934 4287 ·
2964 4254 3211 4308 ἐντεῦθεν
3233 4257 3316 4324 ἐφ’
3337 4256 3527 4325 ἑτέραν
3547 4255 3727 4308 αὐτῶν

2162 4348 2478 4419 μεθίσταται
2510 4348 2854 4417 παρανομίαν
2877 4363 2893 4377 ο
2936 4346 3319 4410 ἐπανελθόντες
3354 4348 3462 4417 γὰρ
3487 4348 3595 4400 ἀπὸ
3625 4346 3726 4416 τῆς

2161 4438 2560 4509 αἰχμαλωσίας,
2591 4438 2682 4490 καὶ
2710 4438 2806 4507 τῆς
2846 4437 2950 4490 ὑπὸ
2980 4437 3074 4491 τοῦ
3105 4436 3238 4489 Θεοῦ
3286 4437 3724 4509 παρασχεθείσης

2091 4518 2132 4574 Ῐ)
2162 4532 2341 4593 αὐτοῖς
2372 4529 2672 4599 εὐπραγίας
2705 4528 3098 4598 μετεσχηκότες
3120 4568 3135 4591 ,
3179 4529 3257 4591 εἰς
3302 4528 3598 4581 ἀκόλαστον
3631 4530 3724 4579 ὲκ-

2159 4620 2457 4692 τραπέντες
2481 4617 2613 4686 βίον,
2648 4616 2743 4678 τάς
2777 4615 3012 4687 πρόσθεν
3039 4614 3247 4667 ἑαυτῶν
3280 4616 3543 4682 γυναῖκας
3568 4614 3724 4683 ἠφίε-

2161 4729 2278 4767 σαν,
2312 4711 2395 4779 ἐφ’
2430 4708 2620 4779 ἐτέρας
2665 4707 2811 4769 ὅπως
2843 4707 2970 4760 ποτέ
3010 4706 3302 4778 τρέποντες
3333 4705 3394 4757 τὸ
3417 4705 3571 4775 δμμα
3591 4722 3605 4737 ·
3630 4706 3725 4758 καὶ

2160 4803 2257 4865 τὰς
2289 4801 2385 4871 μὲν
2420 4802 2475 4852 ἐν
2522 4800 2715 4869 μακρῷ
2756 4797 2833 4869 τῷ
2861 4800 3034 4869 χρόνῳ
3081 4798 3469 4866 συγγεγονυίας
3506 4797 3685 4859 αὐτοῖς
3706 4835 3723 4856 .

2157 4898 2251 4948 καὶ
2286 4894 2350 4964 δὴ
2382 4892 2478 4945 καὶ
2508 4891 2616 4944 τῶν
2651 4890 2789 4944 κατὰ
2838 4891 2935 4962 τὴν
2970 4890 3348 4961 αἰχμαλωσίαν
3396 4892 3578 4945 κακῶν
3612 4890 3723 4944 τῶν

2156 5005 2213 5040 τε
2247 4985 2430 5038 αὐτόθι
2472 4982 2859 5052 ταλαιπωριῶν
2908 4984 3366 5053 κεκοινωνηκυίας
3410 4985 3590 5047 αὐτοῖς
3622 4983 3725 5037 ἁπ-

2156 5078 2376 5132 ἐϐαλλον
2402 5076 2587 5138 ἀδεῶς,
2614 5076 2698 5143 ἐφ’
2715 5075 2904 5145 ἐτέρας
2931 5075 2987 5128 δὲ
3016 5075 3303 5146 ἐτρέποντο
3326 5076 3383 5142 ἐξ
3407 5075 3719 5139 ἀκολασίας·

2156 5169 2250 5224 εἶτ’
2274 5168 2530 5237 οὐδεμιᾶς
2558 5164 3076 5236 ἐντεῦθενβοηθείας
3100 5165 3515 5237 προσαγομένης
3537 5165 3725 5227 κακῶς

2159 5263 2492 5335 πασχούσαις
2524 5261 2644 5322 ταῖς
2662 5257 2926 5327 γυναιξὶν,
2958 5258 3077 5311 οὺδὲ
3106 5274 3248 5323 τινος
3276 5259 3389 5319 τοῖς
3419 5255 3724 5326 γινομένοις

2158 5352 2531 5424 ἐπιτιμῶντος,
2554 5349 2863 5417 ἀναγκαίως
2882 5349 2981 5417 τήν
3003 5366 3058 5401 τε
3085 5348 3240 5419 ὕϐριν
3261 5348 3353 5401 καὶ
3374 5347 3472 5419 τὴν
3500 5347 3724 5416 ἀτιμίαν

495 5460 550 5509 αἱ
577 5457 830 5524 γυναῖκες
853 5455 912 5504 οὐ
939 5456 1218 5525 φέρουσαι,
1236 5455 1408 5523 ταύτῃ
1436 5452 1526 5505 ἐπὶ
1549 5452 1637 5504 τὸν
1664 5454 1795 5506 Θεὸν
1824 5454 2159 5524 κατέτρεχον.
2200 5447 2409 5509 πολλοῖς
2434 5444 2532 5515 μὲν
2564 5445 2673 5503 τοῖς
2702 5441 2949 5510 δάκρυσι,
2976 5439 3195 5502 πολλαῖς
3228 5439 3284 5493 δὲ
3312 5441 3432 5502 ταῖς
3454 5438 3725 5509 οἰμωγαῖς

495 5550 847 5621 κεχρημέναι,
885 5549 978 5600 καὶ
1014 5548 1112 5616 τῆς
1142 5549 1290 5619 παρά
1326 5547 1459 5603 Θεοῦ
1491 5549 1740 5620 προνοίας
1780 5550 1854 5612 ὡς
1896 5550 1954 5602 ἐν
1990 5546 2308 5616 ἀϐοηθήτοις
2339 5540 2585 5607 ἀξιοῦσαι
2605 5539 2800 5609 τυχεῖν.
2851 5533 3023 5605 ’Υπέρ
3051 5533 3116 5603 δὴ
3144 5533 3345 5587 τούτων
3391 5530 3534 5586 οὕτω
3570 5531 3723 5603 φησί·

573 5689 614 5721 ⁸⁷
661 5688 733 5744 Ps
774 5690 808 5743 I.
843 5701 1027 5752 Lxxxl,
1058 5684 1109 5739 ϐ.
