4096 6234
362 291 472 349 613

1280 290 1822 348 COMMENTARIUS
1852 292 1915 347 IN
1956 292 2329 349 MALACHIE
2369 292 2524 349 CAP.
2560 292 2616 349 ΙΙ.

3505 287 3611 346 σιι

435 408 583 480 Στίχ.
643 416 736 478 ιγ’,
779 441 845 449 -
890 427 908 459 ι
955 409 1064 464 Καὶ
1119 407 1289 464 ταῦτα
1323 409 1360 464 ἃ
1399 408 1621 480 ἐμίσουν
1662 412 1928 464 ἐποιεῖτε·

2112 410 2275 466 Vens.
2310 412 2533 463 15.-ι
2561 407 2625 462 Et
2672 407 2787 463 haec
2839 420 2962 479 quae
3008 406 3232 463 oderam
3279 404 3605 463 faciebatis:

359 501 696 555 ὲκαλύπτετε
745 501 976 573 δάκρυσι
1032 501 1093 554 τὸ
1138 501 1522 572 θυσιαστήριον
1574 502 1796 574 Κυρίου,
1845 504 1939 556 καὶ

362 593 628 663 ςλαυθμῴ
671 594 768 647 καὶ
818 593 1107 663 στεναγμῷ
1161 594 1224 645 ὲκ
1267 593 1489 646 κόπων·
1527 591 1607 646 ἔτι
1635 592 1783 657 ἀξιον
1815 597 1939 647 επι-

360 684 556 753 cuca:
595 685 674 748 εἰς
726 683 916 737 θυσίαν
961 684 1133 754 ὑμῶν,
1188 685 1221 755 ἢ
1266 684 1462 738 λαϐεῖν
1504 686 1694 739 eam»
1728 687 1794 739 ὲκ
1830 688 1939 739 τῶν

362 776 594 847 χειρῶνς
649 794 668 827 ι
736 774 1097 829 Ἑκαλύπτετε
1160 775 1391 846 δάκρυσι
1439 776 1500 829 τὸ
1557 776 1939 847 θυσιαστήριον

361 867 589 938 Κυρίου,
619 872 696 936 (p.
724 866 846 936 553)
864 866 958 920 καὶ
979 864 1241 936 κλαυθμῷ
1262 866 1355 920 καὶ
1377 866 1663 938 στεναγμῷ
1679 883 1695 899 ·
1720 868 1780 921 οὑ
1802 867 1940 939 πρὸς

362 958 494 1022 τοὺς
524 958 878 1029 ὀδυρομένους
919 958 1103 1027 φησὶν,
1128 957 1263 1012 ἀλλὰ
1285 958 1419 1029 πρὸς
1441 958 1566 1022 τοὺς
1587 956 1788 1021 αἰτίους
1814 957 1940 1011 τού-

360 1065 491 1100 του·
526 1049 588 1101 οὐ
631 1049 741 1119 γὰρ
768 1049 832 1121 δὴ
864 1052 984 1112 ταῖς
1021 1050 1129 1103 ἀπὸ
1165 1049 1433 1123 τοσαύτης
1463 1050 1708 1121 ἀνάγκης
1746 1069 1806 1105 τε
1842 1053 1937 1105 καὶ

371 1139 638 1209 ἐπηρείας
674 1141 767 1193 ἐπὶ
797 1141 887 1194 τὸν
916 1141 1046 1196 Θεὸν
1070 1142 1424 1215 κατατρέχειν
1462 1142 1937 1214 ἀναγκαζομέναις

359 1231 459 1284 καὶ
497 1230 569 1285 τὰ
611 1231 990 1304 συμϐεσηκότα
1041 1233 1229 1297 αὐταῖς
1273 1234 1707 1308 ἀποδυρομέναις
1749 1235 1932 1300 κακὰ,

363 1322 676 1392 μέμφεσθαι
734 1322 965 1394 ἤμελλεν
1007 1322 1149 1395 ὑπὲρ
1186 1316 1263 1377 ὧν
1304 1324 1480 1381 ταῦτα
1515 1325 1794 1391 ποιοῦσιν,
1817 1326 1935 1381 ἀλλ’

356 1412 584 1485 εὔδηλον
608 1416 690 1469 ὅτι
712 1418 824 1480 τοῖς
850 1415 1093 1471 ἀδικοῦσι
1119 1417 1216 1471 καὶ
1250 1417 1358 1471 τῶν
1396 1417 1653 1474 τοιούτων
1677 1419 1934 1491 οἰμωγῶν

356 1524 419 1561 τε
444 1508 539 1560 καὶ
558 1506 807 1579 δακρύων
845 1508 1038 1573 αἰτίοις
1067 1508 1442 1580 ἐπιμέμφεται
1471 1510 1712 1576 δικαίως.
1742 1511 1815 1564 Τὸ
1840 1506 1936 1566 οὖν

363 1616 383 1650 ι
406 1598 740 1653 ἑκαλύπτετε
773 1620 791 1651 ι
828 1600 975 1668 λέγει
1022 1600 1143 1655 ἀντὶ
1178 1600 1301 1666 τοῦ,
1338 1601 1780 1673 Παρεσκευάζετε
1831 1618 1934 1655 κα-

357 1686 676 1741 λύπτεσθαι.
727 1688 991 1741 Ἐποιείτε
1023 1687 1107 1759 δὴ,
1145 1689 1299 1759 φησὶ,
1340 1688 1620 1743 καὶτοῦτο
1657 1690 1686 1742 δ
1716 1689 1934 1744 πάντων

2039 503 2373 574 operiebatis
2407 502 2663 572 lacrymis
2695 501 2867 556 altare
2896 498 3109 555 Domini
3130 536 3147 561 ,
3183 505 3238 553 et
3274 498 3496 569 planctu
3532 515 3600 554 ac

2039 595 2240 667 gemitu
2270 593 2339 650 de
2381 593 2681 649 laboribus.
2728 592 2996 647 Adhucne
3037 591 3262 662 dignum
3309 597 3395 646 est
3434 593 3613 660 respi-

2040 701 2167 742 cere
2225 685 2598 747 sacriﬁcium,
2658 692 2754 739 aut
2804 685 3088 756 suscipere
3147 683 3482 754 acceptabile
3542 682 3611 739 de

2040 775 2292 832 manibus
2323 776 2564 832 vestris?
2592 796 2609 828 ι
2632 775 2974 847 Operiebatis
3012 776 3269 847 lacrymis
3302 776 3472 830 altare
3503 772 3614 830 Do-

2040 866 2206 931 mini,
2236 876 2293 922 et
2319 868 2542 938 planctu
2573 884 2637 923 ac
2666 870 2869 940 gemitu
2898 886 2915 935 ;
2954 867 3100 938 quod
3127 881 3235 922 non
3268 866 3337 923 de
3375 867 3610 939 lugenti-

2040 956 2144 1014 bus
2179 956 2345 1022 dicit,
2374 956 2470 1014 sed
2507 958 2575 1014 de
2605 959 2673 1013 iis
2701 960 2796 1031 qui
2823 959 3042 1032 lugendi
3074 973 3243 1014 causa
3275 966 3453 1013 erant.
3487 957 3609 1014 Non

2037 1050 2181 1105 enim
2213 1049 2356 1106 Deus
2386 1052 2705 1110 mulieribus
2735 1068 2857 1124 quae
2889 1069 2954 1109 ex
2998 1053 3167 1108 tantis
3210 1052 3480 1122 angustiis
3512 1062 3598 1106 at-

2037 1157 2145 1212 que
2194 1143 2395 1213 injuria
2439 1144 2508 1199 ad
2540 1160 2600 1200 se
2626 1144 2924 1215 confugere
2953 1143 3309 1215 cogebantur,
3342 1157 3610 1214 suamque

2038 1236 2402 1293 calamitatem
2417 1236 3145 1308 deﬂebant,exprobraturus
3159 1244 3277 1291 erat
3292 1234 3437 1306 quod
3458 1235 3531 1290 ita
3548 1249 3608 1291 se

2037 1337 2326 1396 gererent;
2352 1328 2445 1383 sed
2477 1337 2659 1399 patet,
2696 1327 2866 1384 Deum
2904 1327 3160 1397 iniuriam
3190 1325 3521 1382 facientibus
3551 1331 3609 1380 et

2037 1416 2350 1486 hujusmodi
2369 1420 2679 1491 ploratuum
2694 1435 2756 1475 ac
2774 1420 3142 1492 lacrymarum
3160 1419 3482 1474 auctoribus
3499 1433 3609 1474 me-

2036 1505 2141 1559 rito
2172 1506 2357 1562 irasci.
2384 1506 2527 1579 Ergo
2563 1527 2582 1560 ‹
2605 1508 2936 1578 operiebatis
2964 1527 2988 1561 ι
3017 1507 3171 1571 dicit,
3205 1523 3323 1578 pro,
3354 1507 3609 1579 operiem

2036 1594 2165 1648 dum
2196 1597 2494 1653 curabatis.
2539 1596 2599 1651 ld
2636 1612 2766 1653 vero
2811 1598 3058 1671 agebatis
3098 1597 3246 1669 quod
3280 1614 3312 1653 a
3347 1614 3432 1654 me
3469 1613 3605 1666 pra:-

2035 1687 2191 1757 cipue
2223 1690 2446 1745 vetitum
2478 1696 2599 1754 est,
2631 1691 2912 1761 multoque
2945 1690 3076 1746 odio
3104 1690 3325 1764 dignum
3358 1700 3602 1763 apparet.

363 1775 602 1845 μάλιστα
625 1775 991 1847 ἀπειρημένον
1019 1773 1087 1849 ἦν
1118 1777 1260 1847 ἐμοὶ,
1291 1778 1384 1832 καὶ
1413 1778 1606 1832 πολλοῦ
1639 1795 1703 1847 γε
1738 1779 1928 1849 μίσους

2033 1778 2242 1845 Quibus
2274 1781 2536 1850 praeclare
2567 1780 2718 1836 addit
2744 1800 2759 1837 :
2788 1800 2807 1834 ι
2840 1780 2979 1836 Num
3026 1762 3250 1854 dignum
3294 1781 3476 1837 adhuc
3516 1791 3604 1839 cst

365 1866 689 1935 φαινόμενον
737 1867 915 1933 ἄξιονο
963 1863 1045 1931 οἷς
1096 1868 1274 1931 καλῶς
1320 1870 1567 1941 ἐπήγαγε
1605 1870 1688 1935 τὸ,
1737 1890 1756 1922 ι
1808 1873 1929 1926 Ἔτι

360 1956 513 2023 ἄξιον
539 1956 820 2028 ἐπιϐλέψαι
849 1959 929 2022 είς
955 1958 1144 2012 θυσίαν
1170 1959 1345 2030 ὑμῶν,
1378 1960 1411 2031 ἢ
1448 1959 1630 2013 λαϐεῖν
1657 1961 1843 2016 δεκτδν
1867 1964 1930 2017 ὲκ

355 2047 469 2100 τῶν
492 2049 686 2118 χειρῶν
715 2050 897 2120 ὑμῶνς
946 2071 965 2103 ι
1000 2050 1123 2115 Πῶς
1142 2051 1251 2123 γὰρ
1283 2049 1367 2122 δὴ,
1410 2054 1562 2123 φησὶ,
1589 2053 1683 2106 καὶ
1710 2053 1931 2108 δυνατὸν

357 2140 393 2210 ἢ
427 2138 618 2194 θυσίαν
644 2142 675 2211 ἢ
718 2142 843 2195 ἀλλο
868 2160 919 2196 τι
947 2142 1053 2197 τῶν
1084 2146 1212 2215 παρ’
1236 2143 1386 2213 ὑμῶν
1417 2144 1931 2216 προσκομιζομένων

354 2230 613 2294 δέξασθαί
674 2248 763 2302 με,
824 2232 930 2286 τῶν
991 2233 1262 2300 γυναικῶν
1328 2233 1435 2286 τῶν
1503 2234 1781 2306 ὑμετέρων
1837 2235 1930 2288 ἐπὶ

355 2319 646 2384 τοσαύταις
680 2320 912 2384 ἀδικίαις
940 2338 999 2373 τε
1037 2322 1131 2374 καὶ
1163 2322 1466 2392 παροινίαις
1500 2322 1566 2389 ἃς
1600 2324 1929 2395 ὑπομένουσι

357 2415 491 2483 παρ’
544 2413 716 2483 ὑμῶν,
772 2413 1005 2484 τοσούτῳ
1066 2415 1162 2484 μὲν
1214 2413 1499 2486 κλαυθμῷ,
1538 2415 1809 2480 τοσούτοις
1872 2416 1929 2469 δὲ

357 2504 614 2576 ὀδυρμοῖς
640 2506 724 2558 ἐπ’
756 2504 887 2576 ἐμοῦ
915 2506 1303 2576 κεχρημένων;
1345 2505 1410 2569 ἃς
1442 2507 1683 2577 παριδεῖν
1712 2507 1813 2561 οὐκ
1841 2508 1930 2560 εύ-

357 2597 572 2668 πρεπὲς
625 2598 773 2669 ἐμοί’
815 2598 954 2651 ὥστε
1004 2602 1051 2652 εί
1103 2600 1197 2652 καλ⁸
1224 2599 1325 2662 τὰς
1368 2602 1446 2662 εἰς
1498 2601 1597 2671 ἐμὲ
1642 2601 1930 2671 γινομένας

359 2686 515 2755 ὑμῶν
540 2684 914 2757 πλημμελείας
944 2687 1247 2759 παρίδοιμι,
1278 2686 1392 2741 ἀλλ’
1422 2686 1482 2740 οὕ
1513 2689 1564 2740 τί
1588 2705 1647 2755 γε
1682 2689 1783 2753 τὰς
1813 2689 1929 2742 ἁδι-

357 2777 484 2840 κίας
515 2777 827 2849 παράψομαι
858 2778 965 2832 τῶν
984 2778 1237 2849 γαμετῶν
1264 2778 1370 2831 τῶν
1401 2779 1681 2849 ὑμετέρων
1701 2795 1715 2808 ·
1746 2781 1927 2850 ὅμοιον

356 2868 421 2922 δέ
450 2870 565 2921 ἐστι
595 2868 675 2939 τῷ
710 2868 805 2922 τοῦ
848 2870 1052 2941 Κυρίου
1090 2870 1147 2923 ὲν
1204 2871 1317 2933 τοῖς
1358 2868 1711 2938 Εὐαγγελίοις
1749 2870 1931 2939 λέγον-

356 2977 471 3023 τος,
520 2960 685 3013 «Ἐὰν
739 2960 1053 3033 προσφέρῃς
1100 2960 1160 3014 τὸ
1196 2945 1377 3033 ’δῶρόν
1435 2977 1527 3013 σου
1588 2962 1680 3014 ἐπὶ
1724 2961 1785 3014 τὸ
1841 2960 1933 3014 θυ-

360 3052 697 3123 σιαστήριον,
722 3054 813 3105 καὶ
849 3053 964 3105 ἐκεῖ
989 3053 1232 3126 μνησθῇς
1257 3054 1338 3107 ὅτι
1367 3055 1395 3107 ὀ
1433 3053 1657 3122 ἀδελφός
1692 3070 1786 3106 σου
1814 3052 1925 3123 ἔχει

357 3160 415 3195 τι
453 3130 599 3196 κατὰ
630 3143 745 3207 σοῦ,
786 3146 919 3213 ἄφες
952 3147 1068 3199 ἐκεῖ
1098 3146 1158 3210 τὸ
1206 3145 1377 3217 δῶρόν
1410 3164 1501 3199 σου
1526 3147 1618 3198 ἐπὶ
1647 3145 1707 3198 τὸ
1737 3145 1925 3198 θυσια-

354 3240 706 3311 στήριον,καὶ
734 3234 908 3302 ὕπαγε
946 3234 1179 3308 πρῶτον,
1230 3235 1549 3307 διαλλάγηθι
1591 3234 1668 3305 τῷ
1712 3233 1925 3305 ἀδελφῷ

359 3340 480 3389 σου,
495 3333 587 3384 καὶ
601 3335 724 3388 τότε
734 3328 902 3386 ἐλθὼν
922 3330 1191 3404 πρόσφερε
1205 3331 1263 3384 τὸ
1275 3329 1447 3384 δῶαόν
1461 3344 1574 3381 σου.
1589 3346 1607 3378 ι
1618 3324 1823 3397 (μδὸὀ)
1837 3328 1925 3390 Ὠς

358 3418 471 3488 γὰρ
502 3419 615 3471 ἐκεῖ
650 3418 905 3490 περιττὴν
934 3416 1071 3473 εἶναι
1108 3419 1254 3488 λέγει
1302 3420 1402 3493 τὴν
1441 3420 1809 3491 προσκομιδὴν
1848 3419 1923 3489 μὴ

356 3509 459 3562 τοῦ
490 3512 811 3583 ἠδικημένου
838 3512 1260 3585 θεραπευθέντος
1284 3515 1569 3587 πρότερον,
1593 3515 1763 3580 οὕτως
1784 3518 1920 3569 κάν-

2031 1883 2118 1923 me
2162 1869 2230 1924 ad
2274 1879 2516 1925 vestrum
2566 1872 2898 1927 sacriﬁcium
2946 1873 3256 1944 reSpicere,
3303 1874 3389 1930 vel
3427 1875 3602 1945 quod-

2030 1959 2158 2017 libet
2201 1962 2268 2018 de
2311 1964 2565 2018 manibus
2596 1964 2796 2020 vestris
2842 1979 3045 2021 munus
3082 1966 3379 2036 accipere?
3410 1983 3429 2018 ι
3465 1965 3600 2020 Nam

2029 2054 2122 2122 qui
2185 2053 2301 2108 tieri
2354 2055 2554 2125 poterit
2605 2063 2665 2109 ut
2717 2070 2818 2126 ego
2865 2056 3199 2112 sacriﬁcium
3248 2058 3332 2112 vel
3381 2057 3603 2129 quidvis

2030 2144 2173 2198 aliud
2204 2159 2233 2197 a
2261 2146 2415 2201 vobis
2438 2147 2683 2203 oblatum
2716 2147 3003 2202 admittam
3024 2188 3040 2212 ,
3070 2149 3313 2219 quandiu
3344 2149 3613 2205 mulieres

2030 2246 2224 2292 vestra:
2273 2238 2326 2292 in
2372 2248 2449 2294 tot
2497 2240 2714 2311 injuriis
2748 2256 2812 2296 ac
2851 2242 3172 2310 petulantiis
3209 2257 3349 2313 quas
3382 2257 3412 2296 a
3443 2242 3604 2299 vobis

2028 2329 2331 2401 patiuntur,
2380 2338 2534 2386 tanto
2582 2348 2669 2388 me
2713 2333 2918 2402 gemitu
2965 2333 3290 2404 plorataque
3332 2334 3606 2404 pulsant?

2029 2436 2168 2490 quas
2196 2423 2515 2491 aspernari,
2550 2424 2867 2481 indecorum
2905 2426 3041 2480 milii
3080 2425 3259 2482 foret:
3292 2427 3429 2483 adeo
3461 2435 3521 2482 ut
3552 2430 3601 2484 si

2032 2513 2176 2567 forte
2202 2522 2426 2584 peccata
2456 2525 2633 2571 vestra
2661 2518 2923 2575 adversus
2952 2535 3038 2575 me
3064 2520 3390 2592 negligerem
3412 2562 3427 2587 ,
3455 2521 3601 2575 haud

2029 2613 2212 2660 tamen
2267 2617 2576 2663 vestrarum
2631 2625 2861 2666 uxorum
2914 2612 3148 2681 injurias
3200 2628 3358 2682 atquo
3414 2612 3602 2668 animo

2031 2710 2295 2765 passurus
2328 2697 2456 2752 sim.
2492 2698 2599 2754 Par
2628 2715 2759 2754 vero
2793 2700 2896 2758 hoc
2934 2710 3021 2759 est
3069 2701 3283 2758 Domini
3332 2703 3389 2757 in
3422 2701 3602 2759 Evan-

2030 2788 2185 2855 geliis
2212 2787 2414 2843 eﬂ‘ato:
2452 2809 2469 2840 ι
2501 2789 2557 2845 Si
2585 2790 2786 2846 olleras
2821 2809 3021 2849 munus
3069 2802 3221 2848 tuum
3276 2792 3342 2847 ad
3398 2794 3599 2859 altare,

2029 2879 2211 2948 ibique
2247 2880 2572 2936 recordatus
2607 2882 2781 2939 fueris
2816 2885 3037 2940 fratrem
3072 2894 3226 2939 tuum
3262 2884 3462 2939 habere
3500 2887 3601 2940 ali-

2028 2971 2159 3040 quid
2203 2974 2467 3030 adversus
2496 2982 2549 3030 te
2571 3017 2587 3039 ,
2623 2978 2873 3047 relinque
2906 2978 2977 3033 ibi
3013 2994 3213 3033 munus
3246 2979 3411 3050 376
3446 2988 3599 3034 tuum

2031 3060 2085 3114 in
2119 3062 2318 3127 altari,
2348 3075 2402 3120 et
2429 3066 2568 3120 vade
2603 3068 2755 3136 prius
2800 3069 3141 3123 reconciliari
3189 3069 3343 3123 fratri
3389 3080 3515 3128 tuo.
3548 3077 3602 3122 et

2032 3158 2164 3207 tunc
2216 3154 2443 3210 veniens
2493 3154 2628 3210 oll‘cr
2678 3172 2877 3212 munus
2926 3166 3079 3212 tuum
3111 3158 3178 3213 ⁸⁸.
3213 3178 3231 3209 ι
3266 3157 3511 3228 Namque
3541 3165 3602 3211 ut

2032 3243 2145 3298 illic
2174 3259 2371 3299 vanam
2418 3262 2542 3301 esse
2577 3247 2710 3301 dicit
2751 3250 3081 3305 oblationem
3132 3258 3424 3321 antequam
3469 3252 3600 3306 laeso

2032 3336 2304 3405 satisfiat;
2360 3339 2433 3393 ita
2470 3355 2617 3394 nunc
2664 3341 2741 3394 ait
2774 3358 2880 3395 non
2912 3357 3070 3412 posse
3105 3343 3308 3412 aliquid
3347 3344 3415 3396 de
3444 3343 3599 3397 vobis

2031 3427 2236 3497 suscipi
2268 3428 2510 3482 oblatum
2537 3468 2550 3490 ,
2584 3430 2825 3499 quandiu
2851 3432 2950 3486 has
2984 3432 3054 3485 ita
3085 3446 3117 3486 a
3146 3432 3301 3486 vobis
3332 3432 3600 3501 iniuriose

2030 3525 2288 3575 tractatas
2322 3535 2508 3576 cerno.

359 3602 540 3657 ταῦθά
568 3621 748 3675 φησιν,
778 3606 861 3661 ὅτι
892 3605 968 3679 μὴ
1004 3606 1222 3661 δυνατόν
1251 3625 1317 3672 με
1344 3608 1599 3675 δέξασθαί
1626 3625 1679 3661 τι
1706 3610 1831 3661 παρ’
1854 3606 2007 3678 ὑμῶν
2036 3613 2498 3683 προσφερόμενον,
2524 3614 2622 3677 τὰς
2647 3614 2871 3668 τοιαῦτα
2909 3616 3037 3686 παρ’
3071 3615 3225 3686 ὑμῶν
3263 3614 3600 3687 ἡδικημένας

358 3698 595 3769 ὁρῶντα.

432 3789 579 3860 Στίχ.
613 3789 694 3851 ιδ’,
720 3796 800 3843 ιε’.
823 3822 891 3832 --
911 3809 929 3841 ι
965 3791 1072 3844 Καὶ
1091 3790 1531 3855 είπατε,”Ενεκεν
1552 3789 1728 3857 τίνος;
1763 3789 1934 3844 »Κὰνο

356 3881 537 3934 ταῦθα
570 3882 731 3935 πάλιν
768 3881 827 3934 τὸ
858 3901 878 3935 ι
922 3882 1110 3935 εἴπατε
1159 3900 1179 3933 ι
1220 3881 1417 3953 ὁμοίως
1452 3880 1622 3935 εἰπὼν
1658 3881 1778 3935 ἀντὶ
1810 3879 1927 3946 τοῦ,

358 3974 471 4027 Καὶ
493 3974 885 4046 διαπράττεσθε
920 3975 1140 4028 τοσοῦτο
1178 3975 1472 4041 κακὸν,ῶς
1502 3973 1657 4028 οὐθὲν
1703 3973 1929 4045 ἐργαζό-

360 4085 549 4137 μενοι,
613 4066 866 4136 τοιαύτην
927 4066 1049 4120 τινὰ
1102 4066 1339 4120 διάθεσιν
1406 4068 1497 4119 ἐπὶ
1565 4068 1631 4137 τῇ
1687 4064 1921 4136 τοσαύτῃ

357 4160 687 4230 κεκτημένοι
730 4160 1061 4229 παρανομίᾳ.
1089 4152 1220 4210 Εἶτα
1259 4157 1471 4221 δεικνὺς
1512 4156 1606 4210 τοῦ
1641 4155 1921 4228 γινομένου

357 4252 459 4321 τὴν
490 4252 750 4315 ἀτοπίαν,
797 4251 1030 4318 ἐπάγειο
1076 4251 1228 4305 «Ὅτι
1284 4248 1924 4321 Κύριοςδιεμαρτύρατο

357 4344 468 4397 ἀνά
520 4345 681 4414 μέσον
738 4360 828 4397 σου
890 4342 985 4397 καὶ⁵
1042 4342 1145 4395 ἀνὰ
1201 4342 1363 4412 μέσον
1428 4340 1680 4409 γυναικὸς
1735 4338 1922 4409 νεότη-

359 4434 449 4498 τός
505 4451 620 4495 σου,
666 4435 732 4500 ἢν
777 4434 1151 4502 ἐγκατέλιπες,
1197 4432 1289 4485 καὶ
1317 4430 1453 4501 αὑτὴ
1506 4430 1755 4492 κοινωνός
1806 4447 1919 4492 σου,

360 4526 458 4578 καὶ
490 4525 629 4595 γυνὴ
668 4525 929 4596 διαθήκης
986 4541 1109 4577 σου·
1174 4525 1266 4575 καὶ
1325 4522 1422 4575 οὐκ
1467 4521 1621 4585 ἄλλος
1680 4520 1921 4590 ἐποίησε,

358 4612 458 4665 καὶ
495 4612 807 4682 ὑπόλειμμα
868 4611 1175 4682 πνεύματός
1228 4629 1341 4665 σου.
1385 4632 1402 4664 ι
1457 4608 1598 4678 Ἐγὼ
1656 4608 1753 4680 μὲν
1792 4611 1922 4681 γὰρ,

358 4703 545 4772 φησὶν,
584 4702 789 4757 ἄνωθεν
840 4705 933 4756 καὶ
969 4706 1033 4757 ὲκ
1074 4701 1294 4775 πρώτης
1330 4701 1655 4772 διεταξάμην
1694 4702 1792 4771 τῆς
1831 4702 1924 4771 δη-

364 4797 648 4866 μιουργίας
685 4796 895 4866 πατέρα
935 4814 992 4848 τε
1032 4797 1125 4849 καὶ
1157 4795 1368 4866 μητέρα
1418 4796 1695 4864 ἀφιέντας,
1726 4798 1792 4864 τῇ
1824 4811 1922 4862 γυο

360 4887 508 4939 ναικὶ
546 4885 975 4955 προσκολλᾶσθαι
1015 4890 1081 4957 τῇ
1127 4886 1252 4957 ἰδίᾳ,
1287 4886 1361 4949 ὡς
1389 4884 1453 4939 ἂν
1494 4882 1601 4937 εἷεν
1632 4886 1709 4947 είς
1749 4884 1925 4955 σάρκα

360 4975 491 5045 μίαν
522 4978 570 5028 οἱ
591 4976 684 5029 δύο
699 4992 713 5005 ·
741 4977 897 5047 ὑμεῖς
920 4977 977 5030 δὲ
1001 4976 1253 5030 τοσοῦτον
1285 4976 1391 5030 τῶν
1412 4976 1588 5046 νόμων
1612 4975 1925 5048 ἠμελήκατε

358 5066 469 5117 τῶν
497 5067 663 5136 ἐμῶν,
696 5066 834 5120 ὥστε
862 5069 960 5138 τὴν
1010 5070 1075 5120 ὲκ
1130 5068 1374 5138 νεότητός
1437 5083 1518 5119 σοι
1567 5066 1923 5135 συναφθεῖσαν

361 5156 498 5228 πρὸς
528 5157 726 5227 γάμον,
765 5158 857 5211 καὶ
890 5158 1144 5211 κοινωνόν
1196 5174 1276 5209 σοι
1325 5156 1417 5209 τοῦ
1465 5155 1577 5224 βίου
1617 5159 1922 5222 γεγονυῖαν,

358 5248 556 5311 παντὸς
592 5249 812 5318 ἀφιέναι
866 5249 985 5320 δίχα
1033 5249 1191 5317 λόγου
1244 5248 1343 5317 τῆς
1392 5247 1565 5309 οἰκίας
1613 5244 1921 5316 ἐξωθούμε-

356 5355 448 5401 νο;
468 5338 576 5408 (69)
612 5340 712 5410 τῆς
743 5340 894 5407 ἰδίας,
930 5342 1065 5413 πρὸς
1098 5342 1165 5411 ἢν
1192 5338 1433 5393 τοιαῦταί
1458 5355 1539 5391 σοι
1571 5337 1657 5390 διὰ
1676 5338 1783 5390 τῶν
1818 5355 1919 5405 γα-

357 5429 539 5502 μικῶν
575 5430 755 5503 νόμων
772 5431 909 5485 εἰσὶν
933 5433 988 5486 αἱ
1012 5431 1275 5503 συνθῆκαι
1298 5447 1313 5461 °
1354 5429 1424 5495 ὡς
1452 5429 1517 5483 ἂν
1554 5428 1651 5499 μία
1675 5446 1733 5481 τε
1773 5429 1918 5501 εἴητε

434 5583 481 5613 ⁸⁸
503 5583 692 5641 Matth.
717 5603 773 5652 ν,
803 5586 892 5641 25.

434 5720 545 5789 (69)
576 5720 708 5779 (30d.
739 5739 768 5775 ν
792 5736 889 5793 pro
912 5739 957 5785 ς.

2102 3786 2266 3843 Vsus.
2302 3788 2390 3852 14,
2418 3790 2505 3845 15.
2528 3820 2600 3831 -—-
2631 3811 2649 3845 ι
2682 3791 2748 3845 Et
2776 3792 3022 3854 dixistis.
3050 3793 3206 3847 Cur?
3234 3810 3253 3845 ι
3285 3792 3400 3847 lloc
3429 3794 3598 3848 etiam

2026 3881 2149 3936 loco
2182 3897 2377 3938 rursus
2405 3883 2633 3937 verbum
2662 3879 3063 3948 «dixistis,rait,
3086 3900 3208 3954 pro,
3240 3890 3449 3938 tantum
3479 3898 3599 3936 ma-

2024 3975 2136 4029 lum
2185 3974 2417 4045 egistis;
2467 3984 2520 4031 et
2562 3978 2722 4046 quasi
2769 3976 2904 4031 nihil
2953 3974 3215 4045 egeritis,
3270 3973 3373 4027 hoc
3423 3973 3595 4028 animi

2030 4068 2219 4122 habitu
2275 4069 2407 4124 estis
2440 4068 2493 4123 in
2523 4075 2673 4122 tanta
2736 4067 2998 4136 nequitia.
3051 4065 3245 4120 Postea
3298 4065 3598 4120 ostendens

2031 4162 2107 4217 rei
2144 4170 2277 4216 acta?
2305 4163 2626 4231 pravitatem
2652 4202 2667 4227 ,
2703 4159 2891 4213 addit:
2922 4180 2940 4209 ι
2969 4158 3148 4212 Testis
3192 4165 3275 4212 est
3325 4156 3594 4212 Dominus

2032 4253 2172 4307 inter
2200 4263 2252 4307 te
2286 4260 2339 4307 et
2380 4268 2605 4307 uxorem
2652 4250 3033 4306 adolescentiae
3066 4258 3207 4313 tute,
3239 4264 3403 4319 quam
3439 4247 3599 4304 dese-

2030 4345 2230 4399 ruisti:
2301 4359 2610 4414 quanquam
2674 4343 2790 4413 ipsa
2851 4342 3124 4412 particeps
3183 4348 3275 4393 tua
3329 4348 3478 4404 erat,
3536 4348 3593 4397 et

2030 4450 2170 4490 tutor
2222 4435 2446 4489 foederis
2497 4435 2595 4489 tui.
2650 4433 2803 4487 Haud
2859 4433 3002 4486 alius
3059 4437 3160 4485 hoc
3213 4430 3344 4485 fecit
3386 4434 3592 4506 (idest,

2031 4527 2250 4596 nuptias
2300 4527 2614 4595 copulavit,
2670 4527 2773 4581 nisi
2828 4524 3010 4595 Deus)
3060 4533 3116 4577 et
3171 4531 3300 4579 sunt
3352 4524 3598 4594 reliquiae

2033 4619 2259 4688 spiritus
2289 4619 2389 4673 tui.
2424 4638 2441 4669 ι
2471 4617 2732 4687 Equidem
2755 4658 2770 4681 ,
2799 4618 3011 4686 inquit,
3046 4617 3178 4670 olim
3225 4625 3278 4671 et
3321 4616 3390 4672 ab
3439 4617 3599 4671 initio

2032 4707 2292 4762 constitui
2326 4708 2650 4772 creationis,
2680 4717 2738 4760 ut
2776 4706 2912 4769 viri,
2956 4715 3108 4775 patre
3147 4720 3211 4759 ac
3250 4713 3427 4760 matre
3460 4705 3594 4759 reli-

2031 4806 2121 4853 cta
2148 4841 2162 4863 ,
2198 4798 2353 4852 uxori
2386 4797 2618 4867 propriae
2646 4796 3016 4860 adhaererent,
3049 4804 3105 4848 ut
3152 4797 3262 4850 duo
3315 4803 3501 4851 essent
3541 4795 3598 4847 in

2028 4904 2193 4944 carne
2222 4904 2366 4942 una:
2400 4905 2497 4943 vos
2534 4903 2662 4943 vero
2696 4894 2982 4958 tantopere
3025 4887 3170 4959 leges
3223 4902 3372 4942 meas
3413 4885 3593 4955 negle‘

2030 4982 2191 5036 xistis
2224 4990 2283 5034 ut
2314 4980 2568 5035 feminam
2609 4980 2705 5032 tibi
2746 4982 2954 5050 nuptiis
2988 4982 3056 5034 ab
3100 4977 3467 5035 adolescentia
3502 4990 3595 5029 co-

2025 5079 2264 5143 pulatam
2290 5111 2306 5135 ,
2343 5080 2395 5126 et
2426 5071 2548 5125 vitae
2582 5079 2689 5126 tua:
2721 5072 2929 5126 sociam
2953 5111 2968 5135 ,
3005 5072 3152 5126 nulla
3195 5068 3598 5125 interveniente

2026 5177 2195 5217 causa
2229 5163 2390 5217 domo
2423 5163 2641 5233 propria
2671 5164 2887 5235 pulsam
2940 5162 3269 5227 dimittatis;
3320 5176 3446 5214 cum
3488 5177 3592 5230 qua

2032 5262 2212 5313 tamen
2246 5263 2354 5308 tam
2392 5270 2558 5325 grave
2588 5258 2874 5312 exstiterat
2902 5270 2968 5310 ex
3004 5253 3345 5323 nuptialibus
3382 5252 3596 5323 legibus

2030 5343 2249 5411 fmdus;
2286 5355 2342 5400 ut
2375 5361 2571 5417 nempe
2602 5363 2731 5402 caro
2769 5362 2877 5401 una
2914 5344 3111 5400 essetis
3135 5384 3151 5409 ,
3188 5350 3242 5399 et
3278 5342 3596 5399 communia

2028 5437 2210 5493 omnia
2244 5438 2383 5496 inter
2410 5455 2507 5496 vos
2540 5439 2833 5497 haberetis.
2866 5437 3066 5496 Postea
3099 5437 3457 5495 nihilominus
3489 5435 3598 5493 hac
3657 5428 3662 5434 ’
