4106 6238
478 307 580 368 ίῒίῦ

1667 298 2020 356 TllEODORI
2052 297 2535 357 MOPSUESTENI

475 425 738 486 dimissa,
799 429 908 475 tam
973 419 1211 491 legitime
1263 417 1360 474 tibi
1421 416 1711 488 capulata,
1768 415 1836 470 ad
1892 416 2052 469 aliam

2164 415 2313 488 σὰρξ,
2354 418 2448 469 καὶ
2491 415 2649 469 κοινά
2679 415 2896 485 ἡγοῖσθε
2933 411 3000 467 τὰ
3033 414 3298 485 ἀλλήλων.
3353 411 3486 469 Εἶτα
3524 414 3726 486 ταύτην

478 518 706 574 libidine
741 515 1058 570 stimulante
1095 511 1360 565 transilis.
1407 509 1591 580 Neque
1625 508 1757 562 illud
1792 517 2050 578 reputas,

476 611 700 680 nuptias
756 608 826 661 ob
888 605 1106 677 generis
1169 603 1577 658 successionem
1643 607 1939 658 constare.
1994 605 2053 652 ut

478 701 650 771 stirps
726 699 1000 759 humana,
1034 711 1154 766 qua~
1184 704 1359 749 morte
1398 691 1799 762 exstinguitur,
1851 690 2056 745 libero-

475 801 600 842 rum
665 786 917 855 genitura
978 792 1356 839 conservetur.
1417 781 1788 848 Quamobrem
1850 781 2056 850 nuptiae

480 877 850 934 successionis
877 877 1377 930 machinamentum
1411 890 1439 926 a
1477 872 1589 927 Deo
1617 873 1853 927 inventa:
1881 879 2010 927 sunt
2033 888 2051 927 :

481 971 531 1025 id
563 973 706 1026 enim
744 971 897 1023 aiunt
927 971 1092 1024 verba
1118 987 1135 1020 ι
1161 967 1403 1037 reliquiae
1435 964 1663 1036 spiritus
1695 965 1775 1018 tui
1799 983 1844 1032 ,ι
1869 963 1924 1018 id
1945 974 2050 1028 est,

481 1079 604 1116 ctnr.
657 1063 941 1132 prmsentis
997 1061 1260 1129 temporis
1313 1060 1480 1112 vitam
1527 1055 1803 1125 deponere
1854 1055 2056 1110 debeas

483 1155 499 1223 (
531 1162 692 1225 prout
725 1155 928 1207 dictum
968 1161 1104 1213 esl,«
1131 1151 1300 1203 exibit
1333 1149 1559 1219 spiritus
1588 1147 1709 1218 ejus
1733 1188 1748 1209 ,
1785 1154 1842 1200 et
1872 1161 2057 1201 rever-

480 1255 628 1300 tetur
659 1247 820 1299 homo
855 1245 906 1297 in
947 1245 1221 1314 pulverem
1257 1257 1414 1295 suum
1443 1240 1489 1272 ⁸¹
1519 1257 1537 1290 ι
1562 1239 1660 1309 )ne
1683 1247 1832 1293 totus
1875 1239 2057 1309 perire

482 1339 755 1399 videaris,
801 1334 1026 1405 reliquit
1074 1333 1172 1386 tibi
1219 1332 1364 1387 Deus
1397 1331 1803 1387 successionem
1850 1345 2059 1384 memo-

481 1432 577 1486 ria:
604 1431 800 1491 instar,
833 1437 884 1482 et
920 1425 1202 1482 residuum
1230 1425 1552 1479 substantia?
1583 1437 1898 1492 persomeve
1926 1429 2053 1476 tuae.

483 1521 558 1576 Ea
600 1533 823 1592 propter
855 1519 1235 1590 restricientem
1271 1527 1323 1570 te
1357 1516 1422 1568 ad
1454 1515 1764 1583 nuptiarum
1795 1527 2017 1567 causam
2039 1552 2055 1575 ,

482 1614 769 1683 oportebat
798 1611 961 1682 377
996 1627 1108 1665 rem
1149 1611 1288 1663 hanc
1315 1607 1551 1661 revereri
1574 1646 1588 1667 ,
1616 1621 1792 1674 neque
1828 1620 2058 1674 peccare

2152 510 2309 578 ἀφεὶς
2332 509 2430 580 τὴν
2454 510 2548 562 ἐπὶ
2569 509 2831 572 τοιούτοις
2865 525 2946 560 σοι
2986 508 3366 576 συναφθεῖσαν,
3409 508 3494 576 ἐφ’
3538 507 3729 578 ἑτέραν

2155 599 2375 671 μετῄεις
2403 599 2460 666 ἐξ
2492 600 2815 662 ἀκολασίας·
2869 599 2992 652 οὐδὲ
3039 601 3214 652 ἐκεῖνο
3248 599 3600 668 λογισάμενος
3639 599 3722 649 ὃτι

2155 692 2246 746 ἐπὶ
2283 692 2497 764 διαδοχῇ
2539 692 2728 760 γένους
2761 693 2790 743 ὁ
2836 693 3014 762 γάμος
3081 692 3434 760 συνέστηκεν,
3473 691 3550 756 (p.
3597 688 3722 754 553)

2154 785 2242 838 ῑνα
2278 785 2494 856 θανάτῳ
2539 784 2988 855 διαφθειρόμενον
3022 783 3084 835 τὸ
3112 783 3265 850 γένος
3287 779 3631 848 ἀνα-σώζηται
3663 782 3727 850 τῇ

2152 878 2494 949 τεκνογονία·
2532 878 2670 931 ὥστε
2711 881 2739 932 ὁ
2787 880 2964 948 γάμος
3010 876 3306 947 μηχάνημα
3344 877 3442 946 τῆς
3481 873 3729 944 διαδοχῆς

2153 970 2382 1043 εὓρηται
2415 970 2566 1042 παρά
2590 969 2686 1024 τοῦ
2718 969 2885 1022 Θεοῦ·
2913 969 3070 1022 τοῦτο
3110 967 3220 1039 γάρ
3255 967 3400 1036 λέγει
3437 967 3497 1020 τὺ
3533 986 3552 1018 ι
3598 967 3729 1032 ὁπότ

2153 1061 2360 1132 λειμμα
2390 1060 2698 1131 πνεύματός
2727 1063 2844 1122 σου,
2895 1080 2913 1111 ι
2950 1061 3070 1112 ἀντὶ
3103 1059 3218 1119 τοῦ,
3280 1058 3499 1129 Ἐπειδὴ
3539 1059 3728 1112 ἀποτί-

2157 1155 2348 1210 θεσθαι
2401 1155 2614 1226 μέλλεις
2666 1153 2761 1208 τοῦ
2810 1154 3077 1225 παρόντος
3124 1153 3240 1222 βίου
3272 1151 3371 1222 τὴν
3407 1152 3573 1223 ζωὴν,
3619 1145 3731 1205 οἶόν

2155 1249 2270 1300 ἐστι
2307 1247 2388 1308 τὸ,
2423 1265 2442 1297 ι
2502 1245 2872 1309 Ἐξελεύσεται
2916 1245 2979 1298 τὸ
3027 1245 3244 1315 πνεῦμα
3290 1243 3452 1298 αὑτοῦ
3492 1243 3586 1296 καὶ
3616 1244 3732 1296 ἑπι-

2159 1339 2377 1410 στρέψει
2414 1340 2492 1401 είς
2538 1339 2630 1392 τὸν
2664 1337 2793 1408 χοῦν
2830 1337 3016 1400 αὐτοῦ,
3061 1358 3079 1386 ι
3117 1337 3194 1400 ὡς
3236 1337 3300 1390 ἂν
3341 1336 3415 1407 μὴ
3455 1334 3734 1398 παντελῶς

2157 1409 2488 1484 ἀπόλλυσθαι
2537 1431 2784 1500 δοκοίης,
2845 1431 3139 1484 ὑπελίπετο
3194 1447 3278 1483 σοι
3327 1430 3428 1497 τὴν
3487 1428 3733 1498 διαδοχὴν
3821 1409 3826 1414 1

2161 1523 2501 1595 μνημόσυνον
2527 1525 2554 1575 ὁ
2572 1521 2726 1586 Θεὸς,
2772 1523 2864 1575 καὶ
2896 1521 3148 1590 λείψανον
3173 1523 3271 1591 τῆς
3293 1538 3352 1573 τε
3386 1520 3734 1580 ὑποστάσεως

2158 1615 2255 1685 ’τῆς
2279 1613 2381 1684 σῆς
2406 1631 2417 1642 ·
2447 1613 2586 1666 ὥστε
2621 1615 2714 1666 καὶ
2737 1614 2876 1684 πρὸς
2917 1615 3016 1682 τὴν
3044 1614 3221 1666 αἰτίαν
3272 1612 3484 1683 ὁρῶντα
3514 1609 3607 1663 τοῦ
3635 1609 3736 1678 γά-

482 1713 676 1758 coutra
711 1705 858 1774 leges
890 1704 957 1757 de
987 1703 1073 1756 his
1108 1717 1137 1754 a
1172 1700 1280 1752 Deo
1318 1698 1624 1768 antiquitus
1670 1696 1904 1766 positas,
1960 1695 2056 1750 sed

2164 1724 2284 1778 μου,
2317 1707 2643 1760 δεδίττεσθαι
2680 1706 2742 1759 τὺ
2774 1708 3002 1778 πρᾶγμα
3036 1707 3220 1777 ἐχρῆν,
3251 1706 3346 1758 καὶ
3375 1705 3450 1776 μὴ
3479 1703 3734 1774 πλημμε-

486 1811 583 1850 eas
620 1773 912 1848 inviolatas
959 1791 1273 1850 custodire,
1310 1799 1364 1841 et
1399 1789 1452 1841 iu
1506 1787 1749 1856 priorum
1801 1784 2058 1854 conjugio

2164 1800 2271 1852 λεῖν
2329 1800 2409 1862 είς
2454 1791 2579 1862 τοὺς
2611 1798 2738 1869 περὶ
2768 1797 2956 1851 τούτου
2998 1798 3252 1859 τεθέντας
3295 1798 3494 1867 νόμους
3531 1794 3736 1848 ἄνωθεν

489 1903 862 1958 perseverare,
887 1901 1027 1956 quas
1053 1884 1337 1952 prmtliclas
1372 1883 1440 1933 ob
1474 1891 1673 1932 causas
1703 1877 1939 1933 duxistis
1959 1917 1972 1940 ,
2004 1886 2058 1930 et

485 2002 593 2038 non
634 1985 817 2053 potius
853 1981 1116 2036 suadente
1154 1978 1415 2040 libidine,
1447 1974 1691 2028 dimissis
1728 1974 1920 2044 primis
1992 1973 2058 2026 ad

485 2079 758 2131 Secundas
795 2073 1054 2128 transire.

559 2257 696 2312 Tum
729 2257 1049 2311 mirabiliter
1079 2254 1372 2308 admodum
1400 2253 1678 2307 addiditzc
1709 2250 1774 2303 Et
1803 2250 2020 2304 dixistis
2045 2267 2061 2304 :

489 2351 757 2418 Quidnam
794 2349 990 2417 quierit
1035 2347 1178 2400 Deus
1208 2345 1356 2399 aliud
1400 2360 1564 2416 quam
1601 2343 1828 2398 semen?
1861 2363 1880 2396 ι
1914 2342 2066 2408 Quo-

489 2445 636 2496 niam
713 2441 1040 2496 videbantur
1090 2455 1156 2493 ex
1219 2439 1516 2508 illegitimis
1571 2437 1736 2491 etiam
1799 2436 2064 2491 uxoribus

489 2535 690 2589 liberos
720 2534 1014 2602 suscipere,
1067 2532 1314 2598 Hoc,ait,
1337 2531 1534 2596 facitis,
1584 2546 1693 2584 non
1717 2530 1844 2599 quia
1875 2545 2065 2585 sacras

487 2626 816 2682 reveremini
849 2626 997 2694 leges
1023 2624 1088 2678 de
1113 2624 1319 2693 nuptiis
1352 2637 1380 2674 a
1417 2619 1527 2675 Deo
1551 2623 1781 2692 positas,
1819 2621 1913 2676 sed
1937 2623 2064 2691 quia

490 2735 642 2773 litore
682 2717 952 2786 pecudum
997 2715 1062 2769 ad
1121 2716 1327 2768 coitum
1375 2714 1758 2767 tantummodo
1797 2724 1960 2784 atque
1997 2714 2065 2768 ad

495 2810 826 2880 gignendum
889 2807 1255 2872 incumbitis;
1317 2814 1373 2859 et
1425 2815 1683 2874 tauquam
1733 2821 1760 2858 a
1823 2804 1930 2859 Deo
1987 2808 2066 2859 sic

491 2902 818 2972 comparati,
867 2900 939 2954 ita
971 2901 1184 2970 priores
1219 2913 1415 2952 uxores
1445 2899 1743 2959 dimittitis,
1793 2907 1956 2967 atque
1998 2899 2064 2953 ad

493 2996 695 3050 alteras
739 2994 1015 3058 transitis,
1068 2991 1205 3045 nihil
1257 2991 1526 3045 interesse
1574 2999 1831 3060 putantes
1882 2999 2064 3045 utrum

493 3103 560 3140 ex
597 3087 680 3138 his
718 3085 920 3139 liberos
957 3082 1276 3152 suscipiatis
1320 3098 1386 3134 an
1435 3097 1500 3136 ex
1559 3082 1669 3137 illis
1706 3098 1718 3132 :
1755 3097 1876 3136 cum
1923 3084 2066 3138 seire

495 3178 791 3240 deberetis,
839 3175 1066 3229 liberam
1118 3173 1526 3244 propagationis
1571 3173 1847 3228 licentiam
1888 3175 2065 3231 brutis

496 3269 828 3334 convenire;
857 3266 1224 3322 rationalibus
1257 3280 1406 3327 vero,
1439 3265 1752 3336 nuptiarum
1780 3266 1936 3336 juxta
1967 3266 2062 3324 Dei

497 3360 644 3431 leges
690 3357 991 3422 vinculum,
1023 3364 1188 3426 atque
1217 3369 1282 3409 ex
1326 3355 1412 3411 his
1445 3356 1582 3412 velle
1613 3356 1715 3412 sibi
1761 3357 2066 3412 successio-

496 3466 618 3501 nem
669 3457 1011 3516 comparare.
1033 3446 1245 3504 Etenim
1260 3450 1671 3505 hocetiamloco
1685 3449 1936 3511 verbum,
1951 3449 2062 3504 «di-

493 3535 668 3604 xistis,
693 3532 868 3590 rhaud
932 3553 1118 3592 vocem
1146 3537 1399 3601 denotat;
1430 3552 1552 3591 nam
1579 3555 1680 3594 nec
1704 3539 1820 3594 fieri
1853 3550 2064 3611 poterat

501 3646 556 3677 ..ι
587 3627 860 3690 dicerent,
913 3625 1082 3680 Deum
1124 3627 1259 3680 nihil
1293 3625 1440 3679 aliud
1478 3642 1642 3696 quam
1693 3645 1880 3686 semen
1915 3648 2062 3701 qua:-

495 3729 637 3778 rere,
687 3717 781 3770 sed
829 3717 1133 3786 improbam
1186 3719 1388 3772 mentis
1424 3717 1768 3775 aﬂeetionem
1821 3723 2066 3779 vult-de-

497 3814 845 3871 monstrare;
881 3817 936 3862 et
970 3807 1114 3878 quod
1147 3808 1329 3861 omnia
1367 3818 1611 3878 agerent,
1653 3826 1760 3865 non
1805 3820 2063 3884 tauquam

495 3895 744 3952 homines
803 3899 1136 3964 rationales,
1201 3901 1292 3968 qui
1352 3899 1564 3969 legibus
1619 3901 1816 3957 debent
1863 3902 2064 3962 divinis

493 3990 709 4051 vivere,
760 3989 853 4043 sed
909 4005 1059 4044 more
1109 3990 1378 4058 pecudum
1431 3991 1632 4045 coitum
1689 3996 2065 4051 tantummodo

491 4088 544 4134 ct
577 4078 1385 4149 propagationem.all‘eetarent.
1424 4080 1626 4136 Deinde
1647 4083 1816 4154 legem
1847 4102 2066 4157 quoque

487 4172 649 4242 ponit
682 4190 696 4226 :
730 4189 750 4224 ι
782 4171 842 4223 Et
873 4170 1147 4226 custodite
1177 4171 1230 4225 in
1270 4173 1465 4242 spiritu
1503 4181 1719 4238 vestro;
1761 4185 1816 4231 et
1841 4193 2064 4234 uxorem

491 4264 794 4335 iuventutis
844 4272 948 4316 tua:
983 4279 1051 4317 ne
1087 4263 1329 4319 deseras.
1363 4285 1381 4316 ι
1414 4263 1575 4320 Omni
1628 4267 1810 4338 itaque
1861 4272 2066 4326 seduli-

492 4365 606 4412 tate
659 4357 784 4411 date
844 4355 898 4409 in
945 4365 1219 4426 posterum
1281 4372 1525 4424 Operam,
1579 4369 1806 4430 utnon
1858 4366 2065 4436 absque

2163 1892 2312 1962 παρὰ
2349 1890 2443 1944 τοῦ
2472 1891 2629 1952 Θεοῦ,
2675 1891 2964 1961 φυλάττειν
2998 1892 3054 1944 δὲ
3101 1891 3297 1954 αὐτοὺς
3335 1890 3627 1961 ἀκεραίους
3659 1887 3736 1957 τῷ

2163 1985 2346 2055 μένειν
2374 1985 2464 2036 ἐπὶ
2491 1983 2599 2036 τῶν
2629 1983 2929 2054 προτέρων,
2953 1981 3018 2046 ἀς
3041 1981 3183 2035 οὕτω
3203 1999 3260 2034 τε
3283 1982 3377 2035 καὶ
3405 1983 3496 2034 ἐπὶ
3525 1980 3736 2042 τούτοις

2161 2075 2459 2145 ἠγάγεσθε,
2507 2074 2580 2146 μὴ
2618 2074 2723 2146 μὴν
2771 2075 2830 2139 ἐξ
2875 2075 3173 2138 ἀκολασίας
3220 2075 3438 2143 ἀφιέναι
3493 2074 3590 2144 μὲν
3638 2071 3736 2135 τὰς

2164 2167 2404 2240 πρώτας,
2451 2165 2807 2237 μεθίστασθαι
2839 2166 2896 2219 δὲ
2925 2167 3008 2234 ἐφ’
3039 2166 3250 2237 ἑτέρας.

2234 2261 2340 2313 Καὶ
2379 2259 2803 2330 θαυμασιώτατα
2851 2261 3128 2329 ἐπήγαγε·
3187 2275 3206 2308 ι
3252 2259 3360 2312 Καὶ
3405 2257 3617 2317 εἴπατε,
3671 2256 3737 2309 Τί

2165 2352 2292 2406 ἄλλο
2331 2350 2485 2420 ζητεῖ
2528 2353 2556 2404 ὁ
2611 2351 2762 2415 Θεὸς,
2799 2353 2831 2423 ἢ
2883 2351 3134 2421 σπέρμας
3191 2369 3208 2400 ι
3255 2349 3472 2419 Ἐπειδὴ
3522 2349 3737 2402 ἐδόκουν

2166 2444 2260 2496 καὶ
2315 2445 2378 2496 ἐκ
2437 2441 2545 2495 τῶν
2601 2442 2934 2514 παρανόμως
2998 2440 3417 2510 συναπτομένων
3467 2439 3738 2507 γυναικῶν

2167 2534 2614 2598 παιδοποιεῖσθαι,
2655 2534 2845 2597 Τοῦτο,
2885 2533 3069 2602 φησὶν,
3119 2532 3217 2601 οὐχ
3267 2531 3346 2594 ὼς
3405 2532 3606 2602 νόμους
3652 2532 3738 2582 al-

2166 2625 2340 2680 δεῖσθε
2384 2625 2557 2689 θείους
2595 2625 2723 2688 τοὺς
2763 2625 2891 2695 περί
2925 2624 3018 2676 τοῦ
3061 2625 3238 2696 γάμου
3282 2624 3535 2687 τεθέντας
3591 2623 3740 2694 παρά

2167 2718 2260 2770 τοῦ
2302 2716 2457 2780 Θεοῦ,
2502 2717 2614 2769 ἀλλ’
2649 2716 2724 2778 ὼς
2768 2716 2923 2786 δίκην
2985 2714 3195 2783 ἀλόγων
3240 2717 3319 2778 εἰς
3364 2715 3648 2767 συνουσίαν
3679 2730 3737 2766 τε

2169 2809 2263 2862 καὶ
2288 2807 2364 2878 τῷ
2401 2807 2602 2860 τίκτειν
2649 2807 2805 2878 μόνον
2849 2805 3181 2876 ἐκκείμενον
3212 2806 3305 2860 καὶ
3329 2805 3420 2858 ἐπὶ
3445 2805 3618 2874 τούτῳ
3650 2821 3740 2874 γε-

2168 2901 2385 2968 γονότες
2433 2900 2583 2971 παρὰ
2629 2898 2722 2951 τοῦ
2771 2897 2928 2959 Θεοῦ,
2967 2898 3109 2950 οὕτω
3153 2897 3252 2960 τὰς
3311 2897 3407 2968 μὲν
3465 2897 3737 2968 προτέρας

2169 2993 2379 3062 ἀφίετε,
2419 2993 2502 3060 ἐφ’
2539 2993 2729 3060 ἐτέρας
2762 2990 2818 3043 δὲ
2863 2989 3110 3059 ἔρχεσθε,
3159 2989 3415 3058 οὐδεμίαν
3473 2987 3740 3057 διαφορὰν

2169 3082 2304 3139 εἶναι
2328 3086 2657 3155 νομίζοντες,
2689 3083 2720 3152 ἢ
2759 3083 2816 3148 ἐξ
2847 3082 3071 3136 ἐκείνων
3098 3083 3434 3148 τεκνογονεῖν
3464 3081 3496 3151 ἢ
3531 3083 3594 3133 ὲκ
3619 3078 3742 3132 τού-

2167 3195 2306 3231 των·
2359 3178 2476 3230 δέον
2531 3177 2748 3237 εἰδέναι,
2796 3175 2878 3228 ὅτι
2916 3174 2978 3227 τὸ
3027 3175 3124 3244 μὲν
3173 3173 3325 3236 ἀδεὲς
3352 3173 3451 3242 τῆς
3489 3171 3741 3241 διαδοχῆς

2167 3270 2379 3338 ἀλόγοις
2415 3270 2703 3340 ἁρμόττον,
2751 3268 2828 3338 (p.
2870 3266 2996 3334 556)
3045 3270 3155 3330 τοῖς
3190 3265 3246 3319 δὲ
3291 3265 3449 3334 λόγου
3493 3263 3743 3336 μετειλη-

2168 3363 2292 3434 φόσι
2326 3361 2533 3434 πρέπον
2559 3361 2620 3414 τὸ
2653 3361 2790 3431 μετά
2816 3359 2924 3412 τῶν
2958 3359 3138 3430 νόμων
3169 3359 3274 3412 τῶν
3309 3358 3466 3411 θείων
3501 3357 3740 3427 μετιέναι

2165 3471 2222 3507 τε
2245 3455 2369 3517 τοὺς
2387 3453 2618 3524 γάμους,
2649 3453 2742 3505 καὶ
2771 3453 2867 3522 τὴν
2897 3450 3154 3506 ἐντεῦθεν
3185 3451 3433 3520 στέργειν
3457 3449 3704 3519 διαδοχήν
3723 3466 3737 3478 ·

2166 3545 2438 3600 κάνταῦθα
2488 3544 2594 3618 γὰρ
2639 3545 2699 3597 τὸ
2733 3563 2750 3596 ι
2794 3545 3004 3604 εἴπατε,
3043 3564 3060 3595 ι
3097 3545 3158 3596 οὐ
3193 3544 3373 3612 φωνὴν
3415 3541 3580 3609 λέγει,
3623 3542 3743 3592 ἐπεὶ

2169 3635 2303 3706 μηδὲ
2336 3629 2447 3687 οἷόν
2475 3651 2534 3688 τε
2590 3629 2657 3705 ἦν
2691 3635 2886 3696 αὐτοὺς
2919 3633 3073 3686 τοῦτο
3098 3633 3288 3694 είπεῖν,
3324 3633 3402 3685 ὃτι
3439 3630 3591 3683 οὐδὲν
3617 3629 3744 3684 ἄλλο

2166 3727 2319 3796 ζητεῖ
2362 3725 2493 3780 Θεὸς
2539 3725 2653 3779 ἀλλ’
2704 3724 2736 3795 ἢ
2788 3725 3028 3795 σπέρμα.
3066 3725 3179 3778 ἀλλ’
3223 3725 3310 3778 ἵνα
3361 3724 3458 3795 τὴν
3506 3723 3743 3777 διάθεσιν

2166 3818 2296 3889 εἴπῃ
2331 3816 2430 3886 τῆς
2482 3816 2718 3879 διανοίας
2775 3814 3052 3886 μοχθηρὰν
3096 3811 3291 3869 οὖσαν·
3344 3817 3436 3868 καὶ
3480 3816 3560 3868 ὃτι
3601 3815 3745 3868 οὕτω

2166 3909 2342 3962 πάντα
2395 3907 2681 3980 ἔπραττον,
2731 3908 2828 3977 οὐχ
2868 3907 2944 3971 ὡς
2989 3907 3264 3977 ἄνθρωποι
3313 3906 3519 3977 λογικοὶ
3561 3907 3744 3977 νόμοις

2167 4004 2264 4074 ζῇν
2292 4001 2594 4070 ὀφείλοντες
2643 3999 2824 4062 θείοις,
2871 3999 2985 4052 ἀλλ’
3035 3999 3111 4062 ὡς
3161 3999 3314 4068 δίκην
3364 3999 3572 4066 ἀλόγων
3609 3997 3746 4069 πρὶς

2165 4096 2263 4162 τὴν
2294 4091 2436 4165 μίξιν
2465 4093 2623 4162 μόνον
2647 4092 2738 4145 καὶ
2767 4091 2863 4160 τὴν
2890 4091 3136 4160 διαδοχὴν
3165 4089 3441 4144 ἐκκεῖσθαι
3459 4105 3474 4120 ·
3506 4087 3623 4144 εἶτα
3650 4091 3747 4145 καὶ

2166 4185 2325 4254 νόμον
2352 4183 2537 4247 τιθεὶς,
2569 4200 2588 4234 ι
2628 4182 2738 4234 Καὶ
2759 4179 3064 4252 φυλάξασθε
3091 4183 3148 4232 ὲν
3175 4181 3251 4251 τῷ
3277 4183 3545 4251 πνεύματι
3570 4183 3743 4253 ὑμῶν,

2167 4274 2260 4327 καὶ
2287 4275 2517 4342 γυναῖκα
2547 4271 2796 4341 νεότητός
2825 4288 2915 4323 σου
2952 4271 3026 4342 μὴ
3054 4270 3443 4342 ὲγκαταλίπῃς.
3481 4292 3499 4322 ι
3521 4273 3564 4325 Τ
3566 4290 3750 4343 οιγαρ-

2166 4364 2256 4419 οῦν
2311 4365 2494 4417 πᾶσαν
2547 4361 2862 4432 ἐπιμέλειαν
2922 4363 3216 4433 ποιήσασθε
3268 4362 3362 4416 τοῦ
3413 4362 3601 4418 λοιποῦ
3651 4365 3746 4417 τού

493 4450 724 4504 decente
762 4448 958 4504 aD‘ectu
1013 4463 1137 4504 cum
1175 4450 1446 4505 uxoribus
1513 4453 1706 4508 vitatis
1752 4471 1890 4524 quas
1933 4457 2061 4512 olim

2173 4457 2308 4527 μετὰ
2340 4457 2438 4526 τῆς
2475 4455 2790 4527 πρεπούσης
2820 4455 3113 4518 διαθέσεως
3152 4457 3271 4519 ταῖς
3321 4459 3584 4526 γαμεταῖς
3618 4474 3746 4510 συν-

496 4541 752 4601 duxistis.
790 4542 989 4596 nedum
1033 4543 1130 4597 has
1165 4542 1476 4598 dimittatis.
1506 4542 1572 4597 Et
1603 4547 1728 4615 quia
1773 4548 1888 4617 ipse
1921 4548 2065 4606 Deus

494 4647 594 4703 per
627 4631 868 4704 Moysem
899 4633 1140 4687 libellum
1174 4634 1385 4703 repudii
1427 4634 1544 4688 dari
1578 4636 1745 4705 jussit
1775 4641 2062 4705 uxoribus,

495 4733 702 4794 quanta
726 4721 796 4777 sit
824 4724 967 4778 inter
997 4732 1288 4796 utramque
1318 4741 1434 4780 rem
1473 4725 1780 4783 dill'erentia
1823 4732 2069 4786 ostendit

494 4815 684 4870 dicens
721 4834 736 4868 :

569 4906 736 4961 Vens.
767 4905 853 4960 16.
872 4937 944 4946 —
965 4925 984 4956 ι
1005 4901 1112 4961 Sed
1140 4907 1184 4961 si
1209 4907 1336 4962 odio
1357 4908 1637 4975 habueris,
1669 4910 1904 4981 dimitte,
1937 4917 2070 4971 dicit

495 4997 762 5053 Dominus
788 4996 1129 5053 Deuslsrael.
1145 4999 1231 5052 »δί
1257 5002 1478 5069 quando
1501 5018 1567 5057 ex
1582 5002 1750 5074 378
1769 5008 2069 5062 acerbitate

496 5091 743 5146 mulieris
761 5130 776 5150 .
803 5098 890 5143 aut
917 5105 1086 5159 pravo
1109 5090 1330 5160 ingenio
1348 5131 1362 5152 ,
1394 5103 1486 5146 aut
1509 5094 1644 5148 vitio
1671 5096 1915 5166 quolibet
1939 5114 2059 5154 eam

497 5183 626 5238 odio
648 5184 866 5254 dignam
910 5184 1162 5246 faciente,
1197 5183 1248 5236 in
1295 5183 1605 5253 hujusmodi
1637 5189 1705 5242 de
1750 5203 1811 5244 ea
1843 5199 2066 5246 senten-

498 5278 630 5330 tiam
658 5277 927 5332 adductus
953 5276 1144 5334 fueris.
1178 5285 1308 5330 tunc
1342 5292 1460 5330 eam
1492 5278 1764 5336 dimittere
1791 5284 2064 5349 mandavi,

498 5368 643 5423 haud
677 5369 926 5438 equidem
963 5369 1258 5440 nuptialem
1307 5369 1476 5439 legem
1510 5370 1837 5439 dissolvens,
1873 5376 1968 5432 sed
2001 5392 2066 5430 ex

503 5459 578 5514 rei
613 5461 898 5531 praesentis
944 5460 1242 5530 adjunctis,
1294 5475 1400 5514 non
1431 5467 1543 5515 tam
1581 5463 1651 5517 ob
1677 5472 1826 5519 tuam
1871 5483 2071 5536 quere-

501 5552 608 5606 lam
645 5551 963 5622 permittens
1003 5566 1122 5606 eam
1161 5551 1452 5617 dimittere,
1483 5569 1646 5622 quam
1693 5565 1752 5610 ιιι
1793 5572 1862 5611 ne
1894 5559 2068 5626 quoli-

579 5724 951 5790 "Ecclc.'xtt,
985 5727 1054 5794 7;
1132 5725 1258 5797 Sap.
1295 5745 1401 5793 ut,
1433 5731 1514 5783 ll.

2173 4553 2329 4609 εἶναι,
2362 4548 2427 4611 ἃς
2458 4546 2661 4602 ἀνωθεν
2696 4545 2972 4616 είλὴφατε,
3012 4550 3085 4619 μὴ
3123 4547 3227 4618 μὴν
3268 4548 3482 4615 ἀφιέναι
3517 4550 3745 4612 ταύταςο

2174 4641 2266 4692 καὶ
2296 4639 2482 4708 ἐπειδὴ
2516 4638 2676 4701 αὐτὸς
2719 4637 2806 4690 διὰ
2855 4639 3130 4701 Μωῦσέως
3177 4637 3374 4708 βιϐλίον
3417 4638 3748 4693 ἀποστασίου

2176 4731 2471 4804 προσέταξε
2499 4734 2732 4788 δίδοσθαι
2762 4735 2879 4797 ταῖς
2901 4731 3133 4801 γυναιξὶ,
3170 4734 3381 4798 δεικνὺς
3410 4734 3605 4787 ὁπόσον
3633 4734 3751 4786 ἐστὶ

2175 4825 2235 4877 τὸ
2261 4824 2532 4897 διάφορον,
2565 4827 2756 4894 ἐπάγει
2777 4842 2792 4856 ο

2240 4917 2386 4986 Στίχ.
2418 4917 2512 4982 ις’.
2551 4949 2620 4959 -
2646 4936 2665 4969 ι
2712 4916 2852 4971 Ἀλλ’
2907 4918 3002 4971 ἐὰν
3046 4918 3300 4990 μισήσῃς,
3346 4917 3748 4982 ὲξαπόστειλον,

2167 5010 2314 5077 λέγει
2339 5009 2540 5081 Κύριος
2571 5011 2599 5064 ὁ
2627 5011 2756 5074 Θεὸς
2802 5009 2896 5063 τοῦ
2943 5011 3178 5083 Ἰσραήλ.
3216 5031 3232 5062 ι
3271 5010 3390 5063 ”Οτ’
3420 5011 3485 5066 ἂν
3517 5012 3614 5082 μὲν
3643 5011 3752 5081 γάρ

2173 5105 2236 5156 ἐκ
2275 5103 2557 5166 δυσκολίας
2597 5104 2870 5171 γυναικὸς,
2918 5105 2951 5174 ἦ
2998 5122 3139 5166 τινος
3187 5103 3482 5174 μοχθηρᾶς,
3531 5103 3564 5173 ἢ
3614 5103 3753 5166 ὅλως

2171 5194 2372 5264 ἐτέρων
2397 5193 2554 5246 τινῶν
2583 5193 2690 5246 τῶν
2715 5192 2868 5258 ἀξίαν
2897 5195 3066 5264 αὐτὴν
3091 5193 3184 5245 τοῦ
3214 5195 3484 5263 μισεῖσθαι
3509 5194 3752 5246 δεικνύν-

2173 5301 2298 5346 των,
2345 5285 2424 5347 εἰς
2463 5283 2521 5337 τὸ
2567 5271 2815 5354 τοῶύτην
2855 5285 2996 5354 ἔχειν
3027 5287 3125 5355 τὴν
3165 5284 3386 5356 γνώμην
3424 5287 3551 5356 περὶ
3585 5287 3754 5355 αὐτὴν

2175 5367 2470 5449 καταστῇς,
2495 5381 2748 5434 ἀπολύειν
2780 5383 2948 5451 αὐτὴν
2981 5379 3236 5432 ἐκέλευσα
3268 5381 3407 5440 τότε,
3437 5379 3497 5432 ού
3529 5378 3619 5430 τὸν
3649 5395 3754 5444 γα-

2179 5470 2334 5541 μικδν
2362 5471 2503 5525 λύων
2535 5473 2715 5543 νόμον,
2749 5474 2810 5524 ἐκ
2839 5472 2893 5524 δὲ
2926 5471 3034 5524 τῶν
3061 5473 3482 5541 συμϐαινόντων,
3511 5471 3573 5522 ού
3605 5470 3759 5533 παρὰ

2171 5564 2270 5633 τὴν
2299 5564 2396 5634 σὴν
2424 5564 2600 5617 αίτίαν
2633 5565 2936 5635 ἐπιτρέπων
2965 5581 3046 5617 σοι
3079 5564 3276 5634 μᾶλλον
3313 5564 3480 5636 αὐτὴν
3512 5559 3755 5633 ἀφιέναι,
