4096 6234
275 303 380 356 til'l

1211 306 1757 384 COMMENTARIUS
1785 305 1852 360 IN
1888 305 2262 363 MALACUL‘E
2303 309 2454 367 CAP.
2487 311 2550 365 ΙΙ.

3430 305 3533 358 SlS

275 443 309 514 ἢ
365 443 445 505 εἰς
501 439 897 512 καθημερινοὺς
953 435 1312 490 καθίστασθαι
1359 435 1494 505 πρὸς
1545 432 1712 503 αὐτὴν
1749 430 1862 484 δια-

1971 429 2144 485 dianis
2185 431 2386 502 jurgiis
2413 448 2538 487 cum
2573 447 2635 488 ea
2683 431 3064 495 contenderes,
3115 440 3168 487 et
3213 447 3283 488 nc
3314 446 3536 504 gravms

276 532 678 604 πληκτισμοὺς,
715 531 791 600 (p.
824 528 950 597 557)
992 526 1200 598 μήποτέ
1241 543 1294 578 τι
1331 526 1424 578 καὶ
1467 527 1647 595 χεῖρον
1683 523 1712 575 ὁ
1761 538 1863 592 μα-

273 625 410 697 κρὸς
465 622 765 696 ἐργάσηται
816 619 1028 692 χρόνος.
1083 618 1178 672 καί
1233 623 1334 670 που
1385 617 1479 670 καὶ
1530 615 1664 686 πρὸς
1705 613 1862 684 φόνον

274 717 542 787 ὁπλισθῇς
565 715 665 786 τῆς
696 711 975 782 γυναικός.
1015 711 1170 764 Οὕτω
1199 709 1310 780 γὰρ
1341 707 1436 762 καὶ
1479 709 1510 760 ὁ
1560 705 1760 778 Κύριος
1806 706 1864 758 ἐν

273 813 392 872 τοῖς
455 807 808 876 Εὐαγγελίοις
869 805 1004 876 πρὸς
1060 801 1382 874 Φαρισαίους
1448 800 1863 871 ἐρωτήσαντας,

280 923 301 955 ι
349 902 415 956 Τί
451 896 541 955 οὖν
573 899 816 969 Μωῦσῆς
850 898 1016 952 ἔδωκε
1048 893 1251 966 βιϐλίον
1292 879 1661 956 ἀπῖστασίοῊ
1701 911 1720 945 ι
1764 894 1864 944 ἐπ-

276 998 476 1070 ήγαγε,
513 1013 532 1046 ι
564 991 710 1064 Πρὸς
745 990 845 1062 τὴν
897 986 1324 1064 σκληροκαρδίαν
1371 984 1523 1056 ὑμῶν
1567 982 1868 1055 ἐπέτρεψεν

275 1089 423 1144 οὕτω
461 1084 724 1156 Μωῡσῆς,
774 1084 868 1137 ἀπ’
913 1080 1088 1154 ἀρχῆς
1133 1079 1189 1132 δὲ
1237 1079 1299 1133 ού
1337 1078 1557 1148 γέγονεν
1601 1074 1805 1139 οὕτως·
1837 1075 1866 1127 ὁ

276 1180 389 1250 γὰρ
417 1177 652 1247 ποιήσας
681 1173 741 1238 ἐξ
768 1171 964 1244 ἀρχῆς,
997 1171 1162 1242 ἄρσεν
1186 1171 1280 1224 καὶ
1312 1168 1445 1240 θῆλυ
1476 1166 1730 1237 ἐποίησεν
1761 1165 1865 1227 ,αύ-

276 1271 432 1335 τούς·
458 1269 554 1324 καὶ⁵
571 1263 753 1322 εἶπεν·
821 1266 1045 1320 Ἕνεκεν
1071 1263 1259 1318 τούτου
1305 1260 1620 1330 καταλείψει
1660 1257 1868 1330 ἄνθρω-

276 1382 382 1429 πος
415 1363 506 1416 τὸν
555 1359 766 1430 πατέρα
815 1357 980 1413 αὐτοῦ
1031 1358 1124 1411 καὶ
1169 1356 1266 1428 τὴν
1305 1354 1518 1426 μητέρα
1559 1351 1743 1416 αὐτοῦ,
1773 1351 1868 1405 καὶ

276 1453 812 1526 προσκολληθήσεται
875 1450 1009 1521 πρὸς
1074 1449 1174 1520 τὴν
1231 1449 1462 1516 γυναῖκα
1514 1444 1684 1508 ,αὐτοῦ
1705 1485 1720 1507 ,
1772 1443 1868 1498 καὶ

277 1546 496 1598 ἔσονται
522 1547 570 1597 οἱ
601 1544 694 1598 δύο
729 1545 808 1606 εἰς
843 1541 1022 1612 σάρκα
1049 1539 1197 1610 μίαν.
1240 1558 1259 1592 ι
1294 1537 1464 1591 Τοῦτο
1494 1537 1666 1606 λέγει,
1699 1536 1778 1590 ὅτι
1806 1534 1868 1587 τὸ

281 1635 386 1706 μὲν
413 1636 698 1689 κάλλιστον
738 1627 808 1704 ἦν
856 1632 1000 1685 κατὰ
1037 1630 1125 1684 τὸν
1171 1629 1379 1684 ἄνωθεν
1410 1628 1547 1700 μετά
1574 1626 1670 1681 τοῦ
1702 1644 1868 1698 προσ-

278 1729 510 1798 ήκοντος
536 1726 830 1797 διαμένειν,
859 1722 1109 1793 ἀλλήλοις
1161 1723 1436 1784 συνόντας,
1483 1721 1650 1792 ἄνδρα
1687 1737 1748 1774 τε
1775 1721 1867 1773 καὶ

277 1817 726 1888 γυναῖκα·εἰδὼς
769 1817 825 1876 δὲ
867 1817 1022 1887 ὑμῶν
1064 1815 1162 1878 τὰς
1204 1813 1371 1886 ὀργὰς
1397 1813 1729 1876 ἁκαθέκτους
1771 1810 1860 1866 οὒ-

281 1929 411 1977 σας,
443 1911 740 1973 ἐκέλευσεν,
784 1911 836 1962 εἰ
872 1911 930 1964 αἱ
974 1909 1238 1980 φυόμεναι
1279 1909 1338 1961 ἐν
1386 1907 1515 1977 ύμῖν
1553 1906 1730 1960 -αίτίαι
1773 1905 1861 1972 δοτ

277 2007 434 2058 κοίεν
486 2003 828 2076 παροξυσμόν
873 2019 996 2056 τινα
1059 2001 1352 2072 παρέχειν,
1405 1998 1603 2070 μᾶλλον
1649 1999 1863 2067 ἀφιέναι

275 2096 383 2168 τὴν
410 2098 639 2164 γυναῖκα
679 2094 709 2164 ῆ
759 2095 822 2149 ἐκ
872 2093 1062 2164 μίσους
1109 2090 1245 2161 πρὸς
1286 2089 1575 2161 ἐπιϐουλὴν
1607 2089 1864 2144 καθίστα-

281 2188 410 2242 σθαι
449 2187 632 2257 φόνου.
682 2182 816 2240 Εἶτα
859 2185 1047 2256 ἐπειδὴ
1075 2185 1201 2255 ἐνῆν
1231 2183 1406 2237 αἰτίαν
1433 2184 1494 2236 ού
1523 2182 1866 2254 παρεχούσης
1892 2193 1894 2196 ·

277 2281 380 2350 τῆς
417 2279 694 2347 γυναικὸς,
743 2281 807 2331 ἐκ
858 2277 957 2346 τῆς
1010 2275 1149 2347 πρὸς
1201 2273 1393 2344 ἑτέραν
1447 2273 1651 2344 ῥοπῆς,
1712 2272 1865 2342 μῖσος

281 2375 537 2429 πλάττειν
562 2371 740 2444 ἑαυτῴ
763 2371 822 2424 τδ
852 2371 928 2441 μὴ
949 2370 1174 2430 δίκαιον,
1203 2388 1221 2420 ι
1259 2364 1618 2434 Ἀποκαλύψει
1645 2363 1866 2418 ἀσέϐεια

279 2467 351 2520 τά
379 2467 736 2536 ἐνθυμήματα
767 2463 946 2534 ὑμῶν,
977 2461 1121 2530 λέγει
1147 2459 1349 2530 Κύριος
1383 2457 1796 2528 παντοκράτωρ.
1840 2475 1859 2508 ι

278 2561 346 2612 Εἰ
375 2559 486 2628 γὰρ
524 2557 599 2629 μὴ
645 2555 846 2610 τούτων
878 2552 1051 2617 οὕτως
1091 2553 1346 2622 ἐχόντων,
1382 2548 1874 2620 πλαττόμενοιτὴν

281 2652 464 2706 αἰτίαν
491 2646 902 2719 ἀποπέμποισθε
951 2644 1048 2708 τὰς
1087 2643 1292 2698 ἄνωθεν
1338 2643 1468 2710 ὑμῖν
1501 2640 1866 2710 συναφθείσας

278 2746 579 2814 γυναῖκας,
626 2742 772 2794 ἐστὶν
819 2741 847 2792 ὁ
909 2738 1018 2792 τῶν
1063 2735 1325 2790 ἀσεϐειῶν
1374 2735 1527 2806 ὑμῶν
1575 2735 1867 2801 ἐξεταστὴς

280 2837 435 2900 Θεός.
459 2829 554 2899 Οἷς
594 2832 776 2895 καλῶς
818 2830 1098 2902 ἐπήγαγεο
1132 2848 1150 2880 ι
1194 2826 1305 2883 Καὶ
1347 2826 1655 2896 φυλάξασθε
1694 2829 1751 2879 ἐν
1789 2827 1866 2898 τῷ

280 2927 554 2998 πνεύματι
574 2926 602 2979 ὑ
611 2926 749 2995 μῶν,
775 2923 868 2977 καὶ
890 2924 965 2993 μὴ
987 2920 1386 2992 ἐγκαταλίπητε
1413 2919 1509 2991 τὴν
1532 2921 1822 2992 συνθήκην·
1837 2941 1854 2972 ι

1967 521 2168 592 aliquid
2203 523 2422 593 longum
2445 531 2658 594 tempus
2691 523 3007 588 adduceret,
3031 533 3085 580 et
3119 523 3352 579 fortasse
3375 525 3533 578 etiam

1966 613 2032 668 ad
2065 615 2250 670 uxoris
2277 615 2476 670 caedem
2510 631 2730 670 manum
2767 631 3030 671 armarcs.
3071 615 3162 671 Sic
3189 615 3334 670 enim
3369 613 3534 669 etiam

1968 703 2233 760 Dominus
2276 705 2330 759 in
2378 703 2707 776 Evangeliis,
2751 705 3041 763 Pharisaeis
3098 705 3534 768 sciscitantibus,

1970 821 1989 853 ι
2006 801 2114 856 Cur
2129 815 2254 870 ergo
2273 798 2478 870 Moyses
2494 801 2702 869 repudii
2724 801 2958 857 libellum
2972 802 3156 857 dedit?
3176 821 3192 853 ι
3216 802 3524 873 respondit:

1972 913 1990 944 ι
2022 892 2102 947 0b
2145 891 2397 947 duritiam
2447 891 2624 947 cordis
2664 894 2828 948 vestri
2873 895 3117 965 permisit
3158 895 3228 948 ita
3268 895 3479 965 Moyses
3511 913 3525 949 :

1971 985 2038 1038 ab
2089 984 2244 1038 initio
2284 993 2464 1038 autem
2510 1000 2618 1038 non
2675 985 2777 1039 fuit
2814 986 2912 1041 sic.
2959 979 3092 1042 Nam
3131 987 3224 1056 qui
3278 987 3346 1041 ab
3379 986 3532 1042 initio

1971 1075 2195 1138 creavit,
2236 1075 2531 1129 masculum
2574 1083 2628 1130 ct
2671 1076 2925 1132 feminam
2959 1078 3086 1132 fecit
3113 1094 3226 1140 eos.
3260 1078 3530 1148 dixitque:

1971 1167 2196 1238 Propter
2246 1169 2348 1222 hoc
2391 1167 2727 1238 derelinquet
2786 1170 2948 1224 homo
3001 1179 3206 1240 patrem
3261 1186 3416 1224 suum
3473 1187 3538 1226 ac

1968 1267 2198 1312 matrem
2243 1273 2424 1325 suam,
2471 1266 2526 1313 et
2565 1258 2865 1314 adhaerebit
2896 1260 3054 1315 uxori
3103 1276 3235 1328 ειπερ,
3267 1271 3324 1318 et
3372 1272 3536 1318 erunt

1969 1351 2077 1405 duo
2105 1351 2160 1405 in
2187 1365 2351 1406 carne
2376 1367 2504 1405 una.
2535 1369 2556 1404 ι
2591 1350 2704 1406 Hoc
2730 1367 2921 1422 nempe
2953 1352 3030 1406 ait
3061 1352 3534 1408 :Pulcherrimum

1967 1443 2218 1515 profecto
2241 1453 2358 1500 erat
2389 1445 2542 1513 juxta
2572 1444 2808 1514 priscam
2843 1445 3012 1516 legem
3045 1446 3098 1500 in
3143 1447 3324 1502 debito
3359 1447 3550 1518 oliicio

1969 1545 2312 1609 permanere,
2339 1538 2592 1594 convictu
2629 1539 2851 1608 iunctos
2879 1539 3054 1594 virum
3083 1549 3244 1610 atque
3275 1554 3534 1603 uxorem;

1969 1635 2345 1684 Verumtamen
2402 1631 2514 1685 iras
2551 1638 2765 1685 vestras
2823 1630 3114 1685 effrenatas
3151 1630 3364 1699 videns,
3403 1646 3540 1700 prac-

1969 1720 2114 1790 cepit
2161 1728 2220 1773 ut
2255 1721 2300 1776 si
2325 1721 2328 1724 λ
2351 1719 2491 1777 forte
2523 1730 2666 1776 natte
2707 1721 2851 1777 inter
2883 1737 2980 1776 vos
3021 1723 3252 1792 querelae
3287 1721 3541 1792 graviore

1970 1813 2386 1868 exacerbatione
2437 1813 2657 1881 tierent,
2715 1830 2854 1870 uxor
2901 1815 3085 1890 potius
3137 1815 3539 1876 dimitteretur,

1972 1919 2134 1974 quam
2189 1920 2256 1960 ex
2297 1906 2426 1960 odio
2471 1906 2535 1960 ad
2585 1906 2881 1962 inferendae
2919 1908 3069 1962 necis
3119 1908 3407 1964 consilium
3459 1907 3544 1962 vir

1973 1993 2311 2064 procederet.
2364 1995 2567 2052 Deinde
2611 1999 2738 2068 quia
2773 1999 2889 2054 lieri
2936 2007 3168 2070 poterat,
3223 2007 3282 2054 ut
3318 2015 3539 2055 causam

1972 2103 2080 2143 non
2131 2090 2403 2159 praebente
2440 2107 2632 2156 uxore,
2677 2093 2974 2164 cupiditate
3022 2095 3246 2149 alterius
3291 2095 3542 2149 mulieris

1971 2181 2155 2235 odium
2185 2182 2448 2252 injustum
2485 2183 2770 2239 simularet
2804 2187 3056 2252 maritus,
3083 2210 3101 2240 ι
3127 2186 3422 2249 Revelabit,
3455 2188 3540 2241 in-

1971 2275 2114 2344 quit,
2147 2274 2409 2346 iniquitas
2433 2277 2793 2347 cOgitationes
2816 2288 3045 2334 vestras.
3081 2299 3099 2332 ι
3138 2277 3194 2332 Si
3221 2295 3348 2348 ergo
3381 2280 3543 2336 rebus

1972 2365 2047 2419 ita
2091 2382 2155 2422 se.
2203 2356 2552 2434 habentibus,
2609 2369 2862 2424 simulata
2914 2385 3079 2426 causa
3125 2372 3544 2442 rcpudiaveritis

1971 2459 2256 2528 copulatas
2303 2461 2473 2536 vobis.
2510 2463 2642 2516 olim
2690 2479 2908 2530 uxores,
2953 2474 3037 2520 est
3084 2473 3391 2519 vestrarum
3438 2463 3544 2518 ini-

1973 2552 2248 2620 quitatum
2276 2553 2570 2624 inquisitor
2593 2555 2758 2611 Deus.
2797 2555 2932 2610 Tum
2970 2557 3107 2612 bene
3139 2555 3346 2610 addidit
3377 2575 3390 2610 :
3431 2574 3448 2606 ι
3481 2555 3546 2608 Et

1971 2645 2246 2703 custodite
2271 2647 2324 2700 in
2350 2648 2542 2717 spiritu
2576 2659 2778 2713 vestro.
2800 2666 2974 2720 neque
3001 2650 3180 2705 foedus
3203 2650 3486 2705 deseratis.
3519 2671 3538 2700 ι

1971 2736 2107 2790 Tota
2169 2748 2350 2794 mcnle
2407 2740 2701 2811 debitaque
2758 2743 2924 2797 animi
2995 2743 3190 2798 ail’cctu
3244 2742 3544 2812 nuptialem

1970 2829 2244 2886 custodite
2291 2831 2486 2902 legem,
2533 2843 2586 2888 et
2639 2845 2799 2904 pacta
2843 2835 3103 2890 inviolata
3141 2843 3380 2898 servate,
3420 2835 3545 2904 qui-

1970 2925 2201 2980 buscum
2241 2926 2367 2981 olim
2415 2927 2482 2980 ad
2531 2928 2832 2997 nuptialem
2864 2928 3177 2982 convictum
3211 2925 3545 2982 accessistis.

280 3024 448 3086 ὥστε,
509 3021 692 3091 φησὶν,
736 3019 812 3088 (p.
855 3016 982 3088 558)
1029 3015 1127 3088 ὅλῃ
1169 3016 1379 3087 διανοίᾳ
1421 3018 1513 3070 καὶ
1552 3017 1788 3072 διαθέσει
1834 3023 1899 3092 τῇ
1940 3024 2291 3095 προσηκούσῃ
2347 3025 2484 3095 μετά
2505 3025 2606 3094 τῆς
2631 3025 2856 3096 δεούσης
2882 3025 3299 3097 εὐγνωμοσύνης
3324 3026 3417 3079 τὸν
3445 3041 3549 3093 γα-

286 3115 445 3189 μικὸν
514 3113 807 3184 φυλάττετε
874 3111 1057 3182 νόμον,
1113 3112 1208 3165 καὶ
1276 3111 1374 3175 τὰς
1427 3112 1698 3184 συνθήκας
1737 3149 1741 3154 -
1777 3116 2125 3186 παραϐάτους
2197 3123 2414 3192 τηρεῖτε
2466 3121 2583 3192 μεθ’
2634 3116 2708 3174 ὧν
2755 3123 2958 3176 ἄνωθεν
3011 3125 3089 3185 εἰς
3142 3123 3244 3191 τὴν
3305 3121 3550 3193 γαμικὴν

287 3209 586 3282 ἐληλύθατε
615 3208 920 3262 κοινωνίαν.

357 3391 508 3460 Στίχ.
527 3388 687 3462 ιζπέ-
708 3388 896 3458 Συμπε
907 3389 1070 3459 ράνας
1092 3388 1157 3458 δὴ
1182 3387 1251 3440 τὰ
1269 3388 1375 3442 τῶν
1395 3389 1666 3456 γυναικῶν
1688 3392 1744 3442 ἐν
1758 3389 1869 3443 τού-

2048 3389 2214 3446 Veas.
2257 3393 2344 3444 17.
2381 3421 2449 3431 --
2479 3392 2572 3446 Sic
2601 3391 2854 3446 absoluto
2887 3393 2956 3446 de
2985 3392 3246 3448 uxoribus
3270 3408 3542 3456 sermone.

281 3481 594 3550 τοις,λέγει
625 3481 716 3534 καὶ
743 3479 937 3552 ἑτέραν
965 3479 1143 3533 αὐτῶν
1173 3481 1234 3532 ού
1264 3477 1638 3550 πλημμέλειαν
1664 3480 1869 3544 ἁπλῶς,

284 3575 407 3631 ἀλλ’
433 3573 684 3628 ἀσέϐειαν
701 3589 714 3602 ·
744 3571 929 3625 πολλοὶ
955 3571 1064 3641 γὰρ
1085 3571 1191 3624 τῶν
1217 3569 1517 3640 ἀνθρώπων
1543 3569 1610 3624 τὰ
1631 3568 1725 3636 μὲν
1741 3567 1873 3638 παρ’

286 3667 472 3725 αὐτῶν
506 3665 926 3737 ἁμαρτανόμενα
958 3666 1090 3737 ὀρᾷν
1129 3663 1244 3717 ὀὐκ
1287 3663 1580 3725 ἐθέλουσιν,
1611 3663 1725 3718 ἀλλ’
1752 3653 1875 3718 ούδέ

286 3778 340 3816 τι
368 3760 598 3829 πάσχειν
626 3757 767 3826 ὑπὲρ
793 3756 997 3810 τούτων
1033 3755 1277 3827 ἔχονται·
1311 3754 1619 3808 τούναντίον
1655 3755 1755 3826 μὲν
1782 3751 1876 3810 οὖν

287 3852 383 3906 καὶ
405 3847 848 3920 δυσχεραίνουσιν
888 3847 948 3899 ἐν
973 3847 1139 3918 πείρα
1170 3844 1557 3914 καθιστάμενοι
1597 3845 1873 3917 λυπηρῶν,

289 3945 385 3998 καί
407 3942 579 3997 ταῦτα
601 3934 765 4012 ἦττον
792 3938 1052 4001 πολλάκις
1091 3938 1390 4008 πάσχοντες
1417 3937 1516 4007 τῆς
1541 3937 1716 4002 ἀξίας·
1736 3937 1876 4005 ὑπὲρ

289 4037 490 4108 ἐτέρων
511 4035 570 4090 δέ
596 4033 898 4104 μέμφονται
922 4029 999 4101 τῷ
1024 4030 1142 4100 Θεῷ
1177 4030 1504 4102 προχείρως,
1529 4029 1606 4093 ὼς
1626 4031 1876 4100 ἁμαρτα-

289 4131 487 4184 νόντων
525 4128 623 4198 μὲν
675 4125 920 4186 πλεῖστα,
971 4123 1123 4186 δίκας
1167 4123 1225 4177 δὲ
1271 4125 1331 4176 οὐ
1378 4123 1650 4176 διδόντων.
1706 4108 1877 4176 Τοῦτο

287 4223 352 4294 δὴ
379 4223 476 4276 καὶ
508 4220 636 4288 παρ’
665 4217 822 4271 ἐνίων
868 4216 976 4270 τῶν
1011 4217 1070 4268 ἐν
1097 4219 1208 4278 τοῖς
1249 4215 1607 4288 Ἰσραηλίταις
1631 4216 1747 4295 τότε
1786 4231 1873 4284 γι-

288 4316 534 4385 νόμενον,
581 4312 639 4363 ἐν
683 4307 890 4371 τούτοις
945 4306 1265 4379 αἰτιώμενος
1315 4310 1344 4361 ὁ
1398 4307 1682 4390 προφήτης
1734 4306 1876 4362 οὕτω

289 4407 454 4478 φησίν
480 4422 494 4436 ·
528 4423 547 4455 ι
589 4403 654 4458 Οἱ
706 4401 1096 4474 παροξύνοντες
1139 4401 1230 4453 τὸν
1275 4399 1406 4452 Θεὸν
1451 4401 1510 4450 ἐν
1549 4402 1658 4461 τοῖς
1697 4397 1876 4464 λόγοις

288 4499 475 4570 ὑμῶν’
510 4499 604 4552 καὶ
631 4498 841 4556 εἴπατε,
880 4495 968 4547 Ἐν
989 4492 1095 4544 τίνι
1129 4489 1525 4562 παρωξύναμεν
1555 4489 1716 4542 αὐτόν
1737 4491 1873 4554 ;σἘν

293 4591 367 4660 τῷ
401 4591 579 4659 λέγειν
608 4591 772 4660 ὑμᾶς,
803 4587 916 4651 Πᾶς
969 4584 1132 4638 ποιῶν
1163 4582 1397 4654 πονηρὰ,
1441 4581 1603 4636 καλὸν
1647 4579 1874 4633 ἐνώπιον

291 4683 520 4753 Κυρίου,
549 4684 644 4735 καὶ
671 4684 728 4734 ἐν
756 4681 936 4742 αὐτοῖς
959 4677 1118 4740 αὐτὸς
1144 4676 1408 4746 ηύδόκησε
1430 4693 1442 4705 ’
1473 4674 1568 4728 καὶ
1602 4673 1702 4726 ποῦ
1727 4677 1872 4727 ἐστιν

1977 3481 2108 3537 dicit
2125 3491 2180 3537 et
2208 3483 2366 3536 aliam
2395 3482 2759 3538 lsraelitarum
2783 3499 2892 3538 non
2923 3485 3219 3553 nequitiam
3237 3485 3401 3554 379
3422 3494 3545 3540 tan-

1977 3559 2260 3630 tummodo
2313 3575 2404 3630 sed
2475 3576 2834 3645 impietatem.
2885 3575 3036 3630 Multi
3095 3579 3236 3629 enim
3295 3576 3544 3632 homines

1975 3672 2198 3738 peccata
2228 3681 2325 3721 sua
2363 3675 2613 3736 spectare
2642 3667 2858 3729 nolunt,
2893 3665 2989 3722 sed
3021 3681 3122 3721 nec
3143 3667 3440 3736 quidquam
3473 3669 3544 3720 oh

1975 3758 2095 3822 haec
2121 3760 2435 3832 patiendum
2493 3760 2596 3813 sibi
2651 3769 2866 3830 putant.
2902 3760 3105 3813 Contra
3161 3759 3367 3828 potius,
3401 3775 3548 3831 :rgre

1975 3847 2159 3910 ferunt
2209 3854 2255 3909 si
2309 3853 2438 3924 quid
2483 3853 2773 3908 molestum
2813 3853 2894 3908 eis
2947 3852 3182 3918 accidat,
3224 3854 3436 3907 etiamsi
3487 3853 3542 3906 id

1976 3945 2118 3998 inl‘ra
2167 3945 2414 4022 ipsorum
2446 3944 2702 3997 meritum
2734 3958 2875 4013 saepe
2923 3945 3015 3998 sit.
3047 3941 3246 3998 Verum
3297 3943 3362 3996 ad
3406 3945 3542 3999 alios

1975 4035 2119 4105 quod
2153 4035 2373 4100 attinet,
2404 4037 2724 4090 irascuntur
2755 4034 2916 4089 facile
2948 4035 3077 4096 Deo,
3108 4033 3253 4104 quod
3298 4035 3332 4088 ii
3375 4034 3544 4104 pluri-

1973 4148 2121 4186 mum
2155 4139 2404 4201 peccent,
2456 4146 2557 4186 nec
2608 4146 2799 4201 pmnas
2829 4131 3002 4184 luant.
3048 4127 3202 4194 Quod
3238 4143 3359 4180 cum
3397 4126 3541 4194 apud

1972 4223 2266 4278 nommllos
2305 4239 2525 4293 quoque
2555 4221 2828 4278 lsraelitas
2855 4229 2983 4276 tunc
3031 4221 3391 4289 contingeret,
3438 4220 3539 4272 hoc

1972 4315 2374 4381 reprehendens
2420 4315 2684 4384 propheta
2739 4315 2818 4368 sic
2861 4314 2934 4366 ait
2970 4332 2983 4365 :
3035 4331 3054 4360 ι
3087 4311 3190 4377 Qui
3231 4312 3540 4380 provocatis

1974 4403 2140 4460 Deum
2181 4407 2234 4459 in
2289 4406 2637 4461 sermonibus
2670 4406 2887 4461 vestris.
2939 4402 3006 4456 Et
3055 4403 3312 4458 dixistis:
3345 4403 3396 4458 In
3429 4419 3541 4474 quo

1973 4498 2388 4564 provocavimus
2417 4513 2539 4552 eum
2565 4499 2586 4550 ?
2615 4497 2672 4552 In
2699 4513 2763 4552 eo
2789 4511 2982 4566 nempe
3008 4495 3154 4566 quod
3186 4511 3284 4554 vos
3307 4496 3489 4552 dicitis
3522 4512 3537 4549 :

1973 4589 2162 4644 Omnis
2187 4589 2278 4658 qui
2307 4590 2446 4644 male
2477 4590 2630 4649 facit,
2659 4592 2857 4642 bonum
2885 4596 2969 4642 est
2991 4603 3174 4642 coram
3203 4586 3457 4653 Domino,
3486 4598 3542 4644 et

1973 4683 2028 4736 in
2077 4682 2164 4736 bis
2193 4681 2310 4751 ipse
2339 4684 2686 4751 complacuit.
2739 4679 2804 4733 Et
2841 4680 3060 4736 ubinam
3093 4689 3177 4738 est
3210 4680 3353 4738 Deus
3376 4683 3540 4751 justi-

289 4778 316 4828 5
353 4775 489 4839 Θεὸς
519 4775 618 4846 τῆς
667 4771 1040 4840 δικαιοσύνης;
1082 4789 1100 4820 ι
1143 4767 1302 4820 Ἀλλὰ
1347 4768 1452 4838 γὰρ
1486 4767 1608 4820 οὐδὲ
1653 4767 1865 4836 ἐκείνην

1971 4775 2096 4830 tim?
2132 4795 2151 4827 ρ
2189 4773 2297 4828 Sed
2344 4790 2410 4828 ne
2463 4774 2608 4827 illam
2638 4773 2857 4842 quidem
2889 4774 3304 4844 pratcrmittam
3342 4777 3535 4844 impie-

291 4868 447 4938 ὑμῶν
483 4867 716 4937 παρήσω
735 4865 832 4936 τὴν
856 4863 1130 4924 ἀσέϐειαν,
1157 4861 1242 4930 ἐφ’
1271 4853 1414 4930 ᾗπερ
1451 4861 1531 4922 εἰς
1559 4858 1870 4929 ἀγανάκτη-

291 4979 378 5015 σιν
405 4958 529 5013 καθ’
555 4956 762 5012 ἑαυτῶν
798 4953 1075 5016 κινοῦντες
1105 4952 1194 5006 τὸν
1226 4951 1359 5004 Θεὸν
1384 4951 1483 5004 ούκ
1518 4951 1833 5006 αἰσθάνεσθε
1854 4968 1867 4981 ·

295 5055 362 5106 τὸ
405 5053 535 5121 γάρ,
590 5070 609 5102 σ
659 5049 767 5102 Καὶ
818 5049 1028 5110 εἴπατε,
1074 5047 1161 5098 Ἑν
1193 5045 1298 5098 τίνι
1330 5041 1722 5111 παρωξύναμεν
1759 5041 1860 5096 αὐ·

295 5145 429 5210 τόν;
467 5161 486 5194 ι
511 5139 789 5195 κάνταῦθα
816 5139 907 5190 ἐπὶ
923 5138 1022 5205 τῆς
1041 5135 1328 5196 διαθέσεως
1348 5130 1666 5200 αἰτιώμενος
1695 5129 1866 5197 λέγει,

299 5239 396 5306 (p.
429 5231 566 5301 559)
595 5229 672 5291 ὡς
699 5224 935 5281 οὐδὲτοῦ
965 5223 1180 5277 ἀσεϐεῖν
1221 5223 1313 5276 ἐπὶ
1340 5219 1595 5282 τοιούτοις
1623 5217 1872 5289 αἴσθησιν

299 5329 541 5396 ἔχοντες.
578 5320 642 5374 Τί
672 5321 729 5374 δέ
771 5315 838 5390 ἦν
865 5318 927 5371 τὸ
969 5315 1223 5387 ἀσέϐημα
1269 5313 1462 5382 δηλῶν,
1492 5311 1651 5374 Φατὲ,
1688 5310 1870 5381 φησιν,

298 5422 388 5474 ὃτι
421 5418 596 5470 ἔοικεν
625 5412 954 5487 ἀρέσκεσθαι
980 5412 1092 5472 τοῖς
1119 5410 1188 5462 τὰ
1221 5409 1362 5462 κακὰ
1393 5403 1873 5476 διαπραττομένοις

301 5513 330 5563 ὁ
361 5508 495 5569 Θεός
514 5523 527 5536 ·
566 5506 658 5558 καὶ
688 5503 846 5556 τοῦτο
873 5501 1029 5571 δῆλον
1066 5501 1122 5566 ἐξ
1163 5492 1242 5552 ὧν
1285 5500 1376 5550 ἐπὶ
1399 5495 1672 5556 τοιαύταις
1702 5493 1880 5563 πλημ-

311 5599 558 5672 μελείαις
589 5598 649 5650 οὑ
697 5595 932 5648 διδόασιν
967 5592 1239 5662 ἅνθρωποι
1284 5591 1472 5651 δίκας·
1517 5587 1692 5640 καίτοι
1722 5601 1784 5653 γε
1829 5582 1881 5636 εί

305 5708 395 5754 τις
433 5690 593 5757 λόγος
628 5686 721 5740 τοῦ
764 5685 972 5738 δικαίου
1001 5683 1077 5752 τῷ
1106 5682 1242 5751 Θεῷ,
1274 5681 1656 5751 προσηκόντως
1684 5678 1750 5731 ἂν
1784 5677 1882 5732 αὖ·

309 5788 428 5846 τοῖς
462 5784 680 5836 κόλασιν
709 5776 1054 5845 ὑπαγαγόντι
1082 5775 1178 5841 τὴν
1202 5775 1451 5843 ἐσχάτην.
1479 5773 1542 5824 Τί
1569 5768 1689 5836 οῧν;

635 5893 909 5952 PATROL.
958 5887 1073 5948 Gn.
1117 5884 1310 5944 LXVI.

1968 4876 2134 4923 tatem
2168 4876 2427 4931 vestram,
2459 4881 2568 4936 qua
2607 4880 2704 4921 vos
2748 4868 2972 4923 nescitis
3000 4878 3334 4937 quantOpere
3369 4866 3538 4922 Deum

1971 4959 2329 5030 exasperetis.
2353 4956 2490 5012 Nam
2521 4959 2760 5022 verbis,¢
2791 4957 2858 5012 Et
2891 4959 3110 5014 dixistis
3137 4977 3149 5012 :
3185 4961 3241 5011 ln
3272 4974 3382 5027 quo
3408 4974 3531 5012 cum
3563 4985 3575 5036 τ

1971 5049 2421 5120 provocavimus?
2451 5067 2470 5100 ι
2506 5048 2596 5103 hic
2628 5050 2835 5117 pariter
2862 5049 3078 5103 illorum
3111 5048 3353 5102 animum
3379 5063 3538 5101 accu-
3565 5041 3570 5092 ί

1975 5150 2080 5206 sat,
2131 5156 2228 5195 ceu
2277 5141 2371 5211 qui
2421 5141 2501 5195 sic
2555 5140 2844 5212 loquendo,
2901 5141 3096 5210 impios
3145 5154 3204 5195 se
3260 5152 3381 5194 esse
3427 5154 3535 5194 non

1969 5233 2250 5289 sentirent.
2310 5233 2376 5288 Et
2407 5249 2656 5305 quaenam
2703 5243 2850 5290 esset
2884 5233 3158 5302 impietas,
3209 5231 3532 5288 declarans:

1970 5322 2182 5385 Dicitis,
2216 5323 2412 5393 inquit,
2444 5324 2616 5379 videri
2657 5322 2823 5376 Deum
2857 5321 3116 5378 delectari
3149 5322 3292 5378 male
3324 5323 3540 5392 agenti-

1967 5414 2108 5481 bus;
2157 5412 2322 5482 idque
2351 5414 2477 5468 inde
2521 5430 2803 5485 apparere,
2842 5412 2988 5483 quod
3035 5413 3108 5469 ob
3147 5415 3277 5469 talia
3310 5421 3537 5485 peccata

1970 5519 2160 5574 pmnas
2186 5505 2435 5560 homines
2464 5521 2568 5560 non
2600 5506 2931 5575 persolvant.
2957 5505 3110 5571 Quod
3145 5506 3191 5561 si
3219 5506 3364 5562 Deus
3391 5505 3536 5575 juris

1971 5599 2235 5652 rationem
2279 5598 2524 5659 haberet,
2573 5599 2768 5652 merito
2799 5598 2906 5652 illis
2953 5615 3270 5670 supremum
3319 5598 3534 5669 suppli-

1969 5694 2112 5748 cium
2159 5692 2493 5749 deccrneret.
2537 5691 2677 5756 Quid
2717 5692 2882 5762 ergo?

3267 5867 3346 5927 20
