4106 6238
511 274 611 331 619

1160 402 1311 458 CAP.
1354 400 1442 458 Ill.

589 499 753 556 Vens.
796 497 847 553 ι.
872 527 941 538 -
970 517 987 548 ι
1009 495 1149 552 Ecce
1180 511 1282 568 ego
1316 496 1475 549 mitto
1506 492 1758 564 angelum
1791 507 1994 557 meum,
2032 500 2088 549 et

514 595 769 665 inspiciet
802 592 942 647 viam
975 600 1102 648 ante
1148 589 1342 646 faciem
1373 602 1573 650 meam,
1607 595 1661 643 et
1694 588 1878 643 statim
1909 589 2089 644 veniet

514 686 583 740 ad
632 685 891 754 templum
927 698 1086 739 suum
1120 680 1380 738 Dominus
1418 694 1578 750 quem
1609 694 1706 735 vos
1739 679 2002 750 quaeritis.
2034 685 2089 733 et

515 775 827 832 testamenti
872 774 1100 845 angelus
1144 788 1307 844 quem
1346 786 1441 827 vos
1469 771 1658 826 vultis.
1682 790 1700 823 ι
1738 769 1881 837 Quia
1923 770 2089 842 igitur

515 871 629 925 haec
661 869 864 934 dicitis,
900 875 954 923 et
982 866 1208 938 justitize
1233 878 1421 921 curam
1456 871 1517 919 ut
1555 863 1766 935 punitio
1799 863 1910 929 fiat,
1944 878 1974 917 a
2004 879 2088 919 me

513 961 824 1031 exquiritis,
856 960 1064 1014 mittam
1098 958 1351 1029 angelum
1387 954 1475 1027 qui
1496 954 1701 1025 placitis
1722 953 1854 1009 meis
1875 953 2089 1010 subser—

518 1050 643 1108 viat.
661 1052 792 1107 Nam
808 1048 989 1113 verba,
1012 1045 1286 1118 «Inspiciet
1304 1045 1441 1101 viam
1464 1053 1589 1099 ante
1629 1043 1823 1099 faciem
1855 1058 2047 1109 meam,
2064 1065 2082 1096 ι

516 1145 620 1199 hoc
653 1143 872 1208 dicunt;
907 1141 957 1195 id
994 1149 1099 1203 est,
1124 1140 1227 1194 iste
1258 1138 1408 1193 dabit
1437 1152 1685 1208 operam,
1731 1151 1831 1193 ceu
1865 1137 2085 1208 quidam

514 1248 840 1305 praecursor,
875 1231 1041 1301 380
1074 1238 1133 1283 ut
1162 1229 1497 1284 voluntatem
1533 1243 1706 1283 meam
1741 1237 2087 1300 exsequatur.

514 1326 758 1398 Repente
786 1332 965 1378 autem
1001 1321 1167 1376 adero
1200 1320 1276 1374 illi
1303 1335 1403 1391 ego
1430 1333 1672 1389 quoque,
1696 1319 1955 1388 operibus
1978 1335 2087 1374 me-

514 1427 626 1474 met
654 1415 1014 1472 manifestans
1042 1412 1096 1467 in
1121 1412 1323 1482 templo
1359 1429 1373 1465 :
1404 1410 1842 1481 quandoquidem
1871 1410 1925 1465 in
1962 1426 2089 1465 cun-

514 1509 617 1565 etis
650 1520 769 1577 qnze
805 1504 896 1559 Dei
918 1503 1139 1558 decreto
1168 1502 1327 1565 fiunt,
1358 1499 1723 1554 ministerium
1754 1500 1972 1569 quidem
1994 1516 2090 1554 an-

514 1601 757 1671 gelorum
789 1595 1130 1667 intelligitur,
1167 1592 1263 1649 sed
1297 1590 1441 1647 Deus
1475 1591 1529 1645 in
1561 1590 1697 1661 ipsis
1726 1607 1961 1662 operans
1990 1607 2089 1662 per

513 1709 577 1747 ea
610 1706 730 1762 qua:
775 1688 891 1744 fieri
926 1686 1189 1757 praecipit.
1230 1682 1321 1738 Sic
1350 1682 1516 1738 etiam
1550 1697 1751 1738 manna
1779 1683 1961 1737 cibum
1989 1698 2088 1737 an-

1715 286 2070 347 THEODORI
2107 287 2589 348 MOPSUESTENI

3656 288 3762 343 620

2847 402 3004 457 ΚΕΦ.
3046 402 3121 455 l”.

2259 495 2407 566 Στίχ.
2447 502 2517 549 α’.
2553 526 2623 535 -
2669 512 2689 547 ι
2727 495 2855 549 Ἰδοὺ
2889 494 2999 565 ἐγὼ
3039 493 3383 560 ἐξαποστελῶ
3408 495 3500 550 τὸν
3535 496 3763 567 ἄγγελόν

2191 604 2314 658 μου,
2344 588 2436 643 καλ⁵
2474 587 2828 658 ἐπιϐλέψεται
2860 587 2978 642 ὁδὸν
3011 588 3119 659 πρὸ
3150 586 3442 659 προσώπου
3478 606 3579 661 μου
3605 608 3618 622 ο
3669 592 3764 644 καὶ

2188 678 2447 753 ἐξαίφνης
2473 680 2593 749 ἣξει
2634 680 2713 744 εἰς
2740 680 2830 734 τὸν
2862 681 2986 734 ναὸν
3012 680 3206 734 ἑαυτοῦ
3250 682 3474 755 Κύριος,
3516 683 3575 736 δν
3607 684 3763 755 ὑμεῖς

2189 767 2423 839 ζητεῖτε,
2440 772 2537 825 καὶ
2561 772 2589 826 6
2611 771 2841 841 ἄγγελος
2860 770 2961 843 τῆς
2980 772 3244 845 διαθήκης
3263 774 3321 828 ὃν
3344 774 3503 847 ὑμεῖς
3524 775 3722 829 θέλετε.
3737 796 3756 829 ι

2201 860 2418 933 Ἐπειδὴ
2440 862 2617 917 τοίνυν
2644 861 2868 917 τοιαῦτά
2892 880 3049 931 φατε,
3075 864 3169 918 καὶ
3191 864 3288 936 τὴν
3314 866 3442 938 περὶ
3469 866 3529 920 τὸ
3556 868 3764 922 δίκαιον

2190 952 2499 1023 ἐπιμέλειαν
2530 953 2619 1008 διὰ
2654 954 2757 1024 τῆς
2780 956 3049 1027 τιμωρίας
3078 956 3383 1028 ἐπιζητεῖτε
3428 958 3557 1029 παρ’
3605 960 3759 1031 ἐμοῦ,

2188 1041 2470 1095 ἀποστελῶ
2514 1043 2618 1114 μὲν
2666 1043 2896 1114 ἄγγελον
2942 1046 3417 1119 ὑπηρετησόμενον
3468 1052 3581 1115 τοῖς
3639 1052 3763 1123 ἐμοὶ

2187 1132 2437 1187 δοκοῦσι’
2479 1133 2542 1187 τὸ
2568 1134 2732 1204 γὰρ,ι
2776 1136 3157 1207 Ἐπισλέψεται
3183 1138 3300 1192 ὁδὸν
3333 1140 3442 1211 πρὸ
3470 1141 3761 1214 προσώπου

2191 1240 2316 1294 μου,
2351 1243 2369 1277 ι
2407 1223 2566 1279 τοῦτο
2592 1226 2768 1295 λέγει·
2801 1228 2921 1281 ἀντὶ
2966 1227 3082 1293 τοῦ,
3119 1228 3217 1293 Ὃς
3251 1231 3485 1303 σπουδὴν
3514 1232 3759 1304 θήσεται,

2187 1313 2375 1385 ὥσπερ
2419 1331 2505 1378 τις
2573 1315 2915 1388 πρόδρομος,
2966 1317 3367 1389 διαπράξασθαι
3418 1321 3488 1375 τὰ
3527 1324 3649 1393 ἐμοί
3696 1340 3759 1393 γε

2187 1400 2448 1455 δοκοῦντα
2469 1418 2487 1433 ο
2532 1403 2842 1475 παρέσομαι
2888 1403 2946 1457 δὲ
2996 1406 3192 1478 ἀθρόον
3238 1409 3295 1462 ὲν
3323 1408 3472 1481 αὑτῷ
3498 1410 3651 1480 κάγὼ
3675 1411 3762 1465 διὰ

2187 1494 2297 1548 τῶν
2324 1493 2502 1567 ἔργων
2531 1496 2766 1567 ἐμαυτὸν
2793 1496 3004 1561 δεικνὺς
3032 1498 3091 1551 ὲν
3117 1497 3197 1569 τῷ
3233 1499 3346 1567 ναῷ
3365 1518 3378 1530 ·
3421 1502 3544 1555 ἐπεὶ
3585 1504 3679 1556 καὶ
3702 1505 3764 1557 ἐν

2189 1585 2363 1640 ἅπασι
2402 1588 2515 1651 τοῖς
2561 1588 2900 1659 γιγνομένοις
2949 1589 3061 1661 ὅρῳ
3105 1588 3309 1662 Θεοῦή
3359 1591 3456 1662 μὲν
3496 1594 3763 1665 ὑπουργία

2189 1679 2387 1732 νοεῖται
2430 1679 2541 1733 τῶν
2586 1679 2853 1749 ἀγγέλων,
2892 1679 3024 1744 Θεὸς
3062 1680 3121 1734 δὲ
3164 1683 3194 1735 6
3228 1681 3285 1737 ἐν
3311 1685 3493 1748 αὑτοῖς
3534 1685 3762 1756 ἐργαζό-

515 1750 757 1857 gelo-rum
791 1794 892 1835 ceu
928 1778 1301 1834 ministrorum
1334 1773 1496 1829 dicit:
1540 1792 1558 1825 ι
1586 1773 1807 1838 Panem,
1830 1793 1849 1826 ι
1886 1774 2081 1847 inquit,

2190 1786 2348 1841 μενος
2378 1769 2445 1823 δι’
2481 1762 2559 1824 ὧν
2594 1770 2867 1825 ἐπιτάττει
2891 1770 3207 1841 γίγνεσθαιο
3236 1771 3379 1826 οὕτω
3408 1776 3504 1828 καὶ
3663 1774 3762 1829 τοῦ

522 1894 541 1929 ι
565 1874 879 1945 angelorum
912 1867 1261 1927 manducavit
1286 1867 1447 1921 homo
1461 1868 1544 1934 9‘;
1573 1881 1591 1913 ι
1643 1864 1737 1921 Dei
1770 1873 1948 1921 autem
1983 1881 2085 1922 ceu

518 1969 636 2023 dari
663 1966 939 2037 jubentis:
971 1980 990 2012 ι
1014 1958 1287 2015 Mandavit
1308 1958 1453 2014 enim
1486 1957 1723 2012 nubibus
1752 1959 2007 2029 desuper,
2033 1967 2087 2015 et

514 2060 712 2132 ianuas
738 2055 860 2112 caeli
890 2052 1125 2125 aperuit,
1155 2059 1210 2107 et
1240 2050 1376 2121 pluit
1401 2049 1508 2104 illis
1537 2064 1736 2103 manna
1763 2049 1833 2105 ad
1860 2049 2089 2105 mandu-

517 2148 822 2207 candum”.
854 2158 873 2192 ι
913 2143 1086 2199 Porro
1116 2142 1339 2198 verbum
1375 2158 1394 2192 ι
1419 2140 1599 2195 veniet
1618 2160 1637 2193 ι
1664 2149 1924 2197 consuete
1953 2141 2087 2196 dicit

517 2252 778 2313 tanquam
804 2238 860 2293 in
894 2236 1059 2292 rebus
1083 2232 1258 2304 angeli
1284 2231 1588 2286 ministerio
1614 2231 1773 2299 actis,
1804 2229 1914 2287 Deo
1944 2230 2087 2287 facto

518 2334 818 2404 conspicuo
846 2329 940 2402 qui
976 2326 1179 2398 negotii
1212 2324 1415 2396 peracti
1450 2337 1616 2378 causa
1651 2333 1757 2380 est.
1791 2322 1971 2379 Veluti
2004 2332 2087 2381 est

519 2426 663 2499 apud
689 2426 907 2481 beatum
928 2418 1216 2475 Davidem:
1242 2435 1260 2468 ι
1278 2414 1565 2472 inclinavit
1581 2416 1771 2480 cmlos,
1790 2424 1843 2470 et
1857 2415 2088 2472 descen-

518 2520 631 2586 dit;
657 2524 711 2574 et
730 2515 904 2585 caligo
933 2512 1037 2568 sub
1069 2508 1297 2582 pedibus
1326 2504 1519 2576 ejus”.
1556 2524 1576 2559 ι
1600 2503 1673 2565 ,Μ
1703 2512 1788 2561 est
1817 2504 1990 2576 ipsius
2018 2505 2086 2560 ad

519 2610 783 2667 auxilium
806 2614 1054 2662 nostrum
1081 2599 1384 2667 venientis,
1431 2613 1498 2653 ex
1549 2598 1809 2670 operibus
1863 2613 2084 2655 sensum

519 2704 787 2774 capimus.
802 2698 984 2766 Quare
1005 2702 1295 2765 postquam
1315 2690 1451 2746 dixit
1471 2707 1514 2745 ει
1531 2688 1719 2746 Veniet
1747 2690 1802 2745 in
1826 2690 2085 2760 templum

520 2810 679 2852 suum
716 2791 976 2847 Dominus
1003 2801 1166 2858 quem
1192 2784 1492 2856 quaeritis,»
1528 2781 1755 2846 addidit,
1805 2780 1899 2835 «Et
1921 2788 2087 2837 testa-

521 2886 691 2941 menti
739 2880 963 2952 angelus
1004 2892 1164 2948 quem
1212 2890 1310 2929 vos
1355 2874 1521 2928 vultis
1550 2891 1563 2927 :
1596 2892 1615 2925 ι
1668 2871 2084 2936 demonstrans.

520 2975 736 3048 quodin
768 2972 932 3028 rebus
949 2968 1255 3024 ministerio
1276 2965 1453 3036 angeli
1476 2962 1703 3023 ell'ectis.
1741 2963 2085 3032 praesentiam

520 3083 677 3127 suam
727 3066 870 3123 Deus
907 3061 1177 3119 ostendet.
1226 3059 1337 3131 Ego
1375 3058 1540 3129 igitur
1583 3055 1826 3118 veniam,
1880 3054 2085 3125 inquit,

520 3140 680 3233 quem
701 3163 1047 3230 peccatorum
1072 3149 1343 3207 vindicem
1363 3147 1673 3219 exquiritis.
1708 3146 1897 3201 Aderit
1920 3147 2085 3203 simul

524 3247 753 3318 angelus
794 3241 1093 3301 foederibus
1124 3239 1454 3303 inserviens,
1487 3252 1607 3307 quae
1635 3252 1778 3308 saepe
1799 3238 2084 3292 vobiscum

521 3337 729 3411 pepigi;
753 3349 912 3406 quem
935 3338 1261 3403 quaerentes.
1285 3329 1517 3384 ultorem
1539 3328 1886 3398 comperietis
1909 3340 2085 3386 trans-

522 3425 820 3500 gressionis
840 3423 1078 3479 illorum.
1112 3417 1239 3474 Hac
1271 3425 1637 3499 consentanea
1684 3417 1957 3487 prioribus
2000 3418 2086 3471 di-

521 3516 602 3569 xit
622 3511 906 3584 propheta.
935 3507 1087 3563 Hanc
1115 3515 1296 3562 autem
1318 3506 1385 3560 de
1411 3505 1554 3560 beati
1583 3503 1810 3561 Joannis
1828 3505 2085 3577 Baptistae

521 3606 753 3662 adventu
802 3601 1207 3675 pronuntiatam
1264 3597 1441 3654 fuisse
1483 3598 1813 3653 locutionem
1880 3599 1952 3661 οι,
1979 3615 2088 3655 non

518 3703 606 3754 est
650 3692 978 3758 mirandum,
1021 3691 1147 3762 quia
1178 3704 1248 3745 ex
1279 3690 1444 3745 rebus
1496 3704 1678 3744 verum
1729 3698 1858 3744 tunc
1915 3691 2090 3746 evasit

418 3786 422 3796 ’
519 3788 761 3851 effatum,
841 3794 1194 3855 posteaquam
1265 3796 1575 3853 praeursor
1624 3789 1789 3852 atque
1840 3783 2090 3839 minister

521 3875 866 3931 decretorum
898 3871 993 3927 Dei
1038 3870 1259 3926 advenit
1298 3870 1489 3925 beatus
1526 3868 1798 3938 Joannes;
1834 3887 1958 3928 cum
1992 3889 2086 3929 eo-

519 3983 627 4039 que
663 3964 913 4038 apparuit
962 3964 1127 4019 etiam
1172 3962 1291 4028 ille,
1342 3962 1432 4016 cui
1480 3963 1852 4019 testimonium
1899 3965 2083 4030 dabat,

520 4058 773 4115 Christus
802 4054 1085 4121 Dominus,
1112 4054 1169 4108 in
1197 4067 1305 4124 quo
1332 4053 1577 4108 omnium
1606 4054 1889 4111 hominum
1922 4060 2086 4128 perli-

520 4149 713 4207 cienda
741 4148 887 4206 salus
914 4154 1053 4203 erat.

2189 1860 2364 1932 μάννα
2417 1861 2625 1934 τροφὴν
2688 1862 2939 1932 ἀγγέλων
2996 1862 3096 1934 μὲν
3136 1862 3212 1928 ὡς
3261 1864 3764 1937 ὑπηρετησαμένων

2185 1950 2335 2027 λέγει
2358 1966 2373 1981 ·
2415 1969 2435 2004 ι
2468 1953 2668 2025 ΙἈρτον
2690 1953 2821 2026 γὰρ,
2844 1953 3031 2026 φησὶν,
3056 1954 3303 2025 ἀγγέλων
3330 1955 3533 2027 ἔφαγεν
3556 1957 3763 2030 ἄνθρω-

2188 2062 2321 2110 πος’
2355 2063 2375 2098 ι
2409 2045 2545 2100 Θεοῦ
2579 2045 2657 2112 δὲ,
2693 2046 2771 2111 ὥς
2798 2045 3155 2112 κελεύσαντος
3188 2047 3437 2120 δοθῆναιο
3479 2068 3498 2102 ι
3534 2050 3765 2104 Ἐνετεί-

2187 2136 2318 2191 λατο
2350 2135 2460 2210 γὰρ
2502 2137 2753 2208 νεφέλαις
2782 2138 3150 2211 ὑπεράνωθεν,
3193 2140 3287 2195 καὶ
3328 2140 3499 2213 θύρας
3533 2142 3765 2214 οὐρανοῦ

2188 2227 2414 2300 ἀνέῳξε,
2444 2229 2539 2283 καὶ
2575 2227 2797 2301 ἔϐρεξεν
2842 2230 3025 2294 αὐτοῖς
3060 2230 3235 2303 μάννα
3270 2234 3483 2302 φαγεῖν.
3522 2252 3541 2285 ι
3597 2234 3671 2286 Τὸ
3705 2230 3766 2288 δὴ

2188 2319 2339 2387 ἥξει,
2368 2319 2611 2392 συνήθως
2635 2319 2782 2390 λέγει
2810 2319 2886 2385 ὡς
2915 2321 2982 2376 ἂν
3014 2322 3071 2375 ἐν
3100 2323 3215 2387 τοῖς
3238 2322 3509 2395 ὑπουργία
3541 2324 3633 2378 τοῦ
3663 2324 3763 2392 ἀγ-

2190 2410 2353 2481 γέλου
2391 2411 2733 2483 γιγνομένοις
2764 2412 2900 2468 Θεοῦ
2935 2413 3350 2485 διαφαινομένου
3377 2415 3471 2469 τοῦ
3499 2416 3605 2470 τῶν
3630 2417 3765 2470 ἀπο-

2188 2502 2523 2575 τελουμένων
2548 2504 2722 2558 αῐτίου
2742 2518 2757 2533 ·
2801 2504 2879 2575 (p.
2904 2504 3029 2577 560)
3072 2499 3183 2560 οἷόν
3212 2506 3327 2561 ἐστι
3369 2508 3463 2562 καὶ
3507 2508 3656 2579 παρὰ
3686 2507 3767 2580 τῷ

2192 2595 2446 2667 μακαρίῳ
2473 2595 2636 2651 Δαυτδ
2657 2596 2738 2664 τὸ,
2779 2614 2810 2651 ι·
2828 2598 3075 2654 Ἔκλινεν
3104 2599 3385 2669 οὐρανοὺς,
3411 2601 3505 2655 καὶ
3535 2602 3761 2673 κατέϐη,

2188 2686 2283 2740 καὶ
2311 2687 2505 2757 γνόφος
2536 2687 2640 2741 ὑπὸ
2668 2689 2795 2752 τοὺς
2836 2690 3001 2754 πόδας
3031 2690 3195 2744 αὑτοῦ
3214 2707 3228 2722 ·
3261 2710 3279 2744 ι
3337 2691 3425 2745 ἵνα
3469 2692 3634 2767 εἴπῃ,
3680 2694 3762 2749 ὅτι

2196 2779 2637 2849 Παραγεγονότος
2660 2782 2740 2845 εἰς
2767 2780 3016 2853 βοήθειαν
3045 2781 3341 2854 ἡμετέραν,
3368 2783 3430 2837 ἐκ
3458 2784 3569 2837 τῶν
3588 2784 3766 2856 ἔργων

2187 2871 2455 2942 ἐλάϐομεν
2488 2872 2758 2944 αἴσθησιν.
2797 2874 2959 2929 Ὅθεν
2991 2874 3185 2943 είπὼν,
3214 2879 3295 2933 ὅτι
3334 2893 3354 2928 t
3383 2875 3542 2943 ’Ἥξει
3570 2879 3650 2942 είς
3673 2877 3764 2932 τὸν

2187 2964 2313 3018 ναὸν
2341 2964 2534 3018 ἑαυτοῦ
2569 2966 2773 3038 Κύριος
2808 2966 2867 3020 ὃν
2904 2967 3061 3038 ὑμεῖς
3089 2967 3350 3038 ἐζητεῖτε,
3381 2988 3401 3022 ι
3463 2971 3760 3041 ἐπήγαγεν.

2195 3074 2217 3111 ι
2244 3057 2355 3110 Καὶ
2396 3058 2426 3111 6
2473 3056 2703 3127 ἄγγελος
2736 3060 2835 3130 τῆς
2878 3057 3142 3132 διαθήκης
3191 3059 3249 3114 δν
3296 3062 3454 3132 ὑμεῖς
3501 3062 3703 3116 θέλετεο
3739 3082 3762 3114 ν

2188 3146 2402 3213 δεικνὺς
2444 3148 2525 3203 δτι
2562 3149 2622 3203 ἐν
2660 3152 2772 3215 τοῖς
2812 3150 3085 3224 ὑπουργία
3114 3152 3207 3206 τοῦ
3251 3153 3478 3224 ἀγγέλου
3506 3157 3764 3227 γιγνομύ.

2190 3258 2303 3304 νοις
2342 3241 2441 3313 τὴν
2469 3242 2773 3310 παρουσίαν
2827 3242 3119 3311 ἐνδείξεται
3165 3245 3264 3316 τὴν
3312 3244 3519 3300 οἰκείαν
3546 3248 3576 3300 6
3606 3247 3759 3308 Θεός.

2206 3335 2346 3405 Ἐγώ
2372 3354 2433 3390 τε
2474 3333 2589 3401 οῦν,
2621 3338 2806 3409 φησὶν,
2841 3339 3152 3413 ἐλεύσομαι,
3196 3339 3256 3394 δν
3287 3340 3526 3412 τιμωρὸν
3566 3340 3760 3412 ἐπιζη-

2192 3431 2333 3482 τεῖτε
2361 3429 2469 3482 τῶν
2498 3429 2604 3501 πλη
2614 3431 3002 3502 μμελουμένων
3026 3449 3042 3463 ο
3092 3432 3358 3504 παρέσται
3397 3432 3452 3485 δὲ
3486 3433 3578 3487 καὶ
3604 3435 3633 3486 6
3658 3432 3761 3500 ἄγ-

2190 3518 2346 3587 γελος
2371 3522 2400 3573 6
2424 3522 2544 3583 ταῖς
2569 3519 2859 3591 συνθήκαις
2882 3520 3359 3593 ὑπηρετησάμενος
3380 3515 3469 3582 αἷς
3490 3519 3761 3592 πεποίηκα

2193 3609 2332 3681 πρὸς
2361 3610 2507 3680 ὑμᾶς
2540 3611 2798 3676 πολλάκις
2818 3627 2833 3644 ο
2869 3612 2929 3665 δν
2961 3611 3342 3681 ἐπιζητοῦντες
3370 3612 3627 3683 εὑρήσετε
3652 3612 3762 3665 τῶν

2192 3700 2329 3772 πρὸς
2374 3701 2475 3771 ἐμὲ
2516 3701 2795 3773 συνθηκῶν
2838 3692 2990 3773 ὑμῶν
3015 3702 3422 3776 τιμωρούμενον
3451 3703 3549 3775 τὴν
3579 3704 3759 3774 παρά-

2193 3791 2371 3847 ϐασιν.
2423 3792 2609 3847 Ταῦτα
2645 3793 2743 3864 μὲν
2771 3793 2835 3865 δὴ
2881 3795 2997 3857 τοῖς
3028 3794 3415 3867 προρρηθεῖσιν
3455 3794 3761 3858 ἀκολούθως

2192 3883 2412 3955 εἴρηκεν
2459 3886 2488 3938 6
2525 3886 2807 3957 προφήτης
2833 3902 2848 3917 ·
2903 3884 2965 3939 τδ
3006 3884 3063 3938 δὲ
3105 3886 3199 3939 ἐπὶ
3221 3885 3323 3956 τῆς
3363 3884 3457 3939 τοῦ
3488 3886 3759 3957 μακαρίου

2204 3975 2448 4031 Ἰωάννου
2476 3976 2570 4030 τοῦ
2597 3976 2900 4031 Βαπτιστοῦ
2931 3976 3230 4049 παρουσίας
3259 3977 3358 4048 τὴν
3396 3976 3577 4049 φωνὴν
3606 3977 3760 4048 εἰρῆ-

2194 4065 2316 4120 σθαι
2342 4066 2564 4139 ταύτην,
2589 4068 2653 4121 οὑ
2678 4068 3005 4139 θαυμαστὸν,
3049 4068 3114 4121 ἐκ
3151 4067 3260 4121 τῶν
3294 4070 3633 4140 πραγμάτων
3655 4070 3759 4122 ἐπ-

2190 4157 2562 4229 αληθευούσης
2588 4159 2709 4212 τότε
2736 4159 2835 4230 τῆς
2861 4160 3066 4229 φωνῆς,
3108 4159 3191 4230 τῷ
3228 4160 3621 4231 παραγίνεσθαι
3657 4161 3758 4232 μὲν

521 4245 823 4317 πρόδρομον
851 4240 946 4295 καὶ
978 4237 1254 4310 ὑπηρέτην
1293 4235 1401 4290 τῶν
1458 4235 1780 4308 ὡρισμένων
1841 4240 1932 4294 τὸν
1999 4246 2268 4320 μακάριον
2340 4251 2624 4321 Ἰωάννην,
2660 4251 2775 4321 ἅμα
2805 4250 2864 4303 δὲ
2915 4250 3063 4322 αὑτῷ
3104 4252 3347 4322 παρόντα
3381 4253 3612 4324 φανῆναι
3661 4256 3758 4309 καὶ

518 4339 613 4393 τὸν
637 4336 729 4389 ὑπ’
758 4332 921 4388 αὑτοῦ
952 4327 1395 4404 μαρτυρούμενον
1435 4330 1712 4401 Δεσπότην
1743 4332 1996 4402 Χριστὸν.
2056 4338 2115 4391 ἐν
2188 4333 2341 4413 ᾧπερ
2389 4344 2424 4413 ή
2478 4344 2693 4398 πάντων
2737 4342 3038 4416 ἀνθρώπων
3086 4344 3318 4414 ἤμελλεν
3361 4347 3757 4418 οἰκονομεῖσθαι

523 4425 783 4496 σωτηρία.

596 4538 761 4593 Vens.
788 4536 843 4590 2.
866 4563 935 4575 -—
954 4533 1078 4589 Mox
1107 4532 1214 4588 sibi
1235 4541 1638 4592 consentaneus
1664 4537 1927 4608 propheta
1957 4555 2087 4611 pro-

2261 4541 2409 4615 Στίχ.
2452 4542 2519 4614 β’.
2565 4571 2637 4584 -
2696 4543 3029 4598 Ἀκολουθῶν
3066 4545 3248 4617 μέντοι
3290 4564 3354 4616 γε
3404 4550 3434 4604 6
3476 4550 3760 4622 προφήτης

523 4631 771 4701 sequitur
795 4647 842 4684 τι
865 4627 1007 4683 Ecce
1035 4628 1203 4695 venit,
1235 4629 1313 4683 ait
1342 4627 1607 4684 Dominus
1635 4630 2004 4702 omnipotens.
2025 4633 2091 4689 Et

522 4723 647 4795 quis
683 4720 975 4777 sustinebit
1004 4719 1148 4776 diem
1178 4720 1435 4777 introitus
1481 4721 1639 4791 ejus?
1667 4720 1775 4776 Aut
1794 4722 1918 4794 quis
1947 4724 2091 4782 ferre

522 4816 725 4891 poterit
749 4822 1026 4887 aspectum
1052 4814 1212 4885 381
1248 4813 1435 4883 ejus?»
1456 4811 1591 4868 Cum
1623 4815 1857 4879 venerit,
1890 4816 2087 4888 inquit,

523 4908 668 4964 Deus
701 4905 949 4978 publicus
997 4903 1137 4958 haud
1172 4909 1319 4958 recte
1352 4902 1619 4957 factorum
1651 4903 1883 4968 vindex,
1929 4919 2089 4961 nemo

488 5046 496 5071 ,
519 5006 764 5056 vestrum
787 4995 879 5067 qui
906 4995 1020 5049 haec
1043 4995 1225 5049 dicere
1254 5008 1400 5048 nunc
1425 4993 1609 5058 audet,
1641 4994 1939 5063 punitionis
1965 5011 2090 5067 gra-

488 5086 489 5089 “
523 5092 747 5146 vitalem
781 5087 1093 5145 sustinebit.
1124 5083 1417 5140 Evidenter
1434 5093 1614 5140 autem
1642 5085 1728 5141 bis
1757 5088 2089 5159 verbisprm.

521 5181 655 5236 dicit
701 5180 810 5235 illis
855 5193 919 5234 ea
954 5192 1074 5248 qua:
1114 5175 1218 5232 sub
1263 5174 1619 5231 Macehabaeis
1653 5186 1916 5234 eventura
1948 5181 2089 5235 mala

521 5279 709 5338 erant,
751 5286 874 5342 quae
921 5269 1131 5326 scilicet
1176 5267 1246 5322 ob
1299 5282 1455 5322 suam
1508 5268 1741 5338 populus
1788 5272 2087 5341 nequitiam

521 5362 766 5436 pertulit.
808 5362 934 5416 ldeo
962 5361 1053 5431 qui
1090 5360 1232 5414 hanc
1260 5358 1554 5414 dictionem
1586 5362 1880 5416 convenire
1898 5363 2090 5417 existi-

521 5464 637 5512 mat
666 5453 886 5511 Christo
912 5452 1164 5516 Domino,
1197 5467 1298 5508 nec
1328 5450 1396 5505 de
1428 5450 1535 5505 alio
1566 5466 1728 5522 quam
1768 5453 1836 5508 de
1862 5469 1928 5508 eo
1962 5470 2087 5524 pro-

522 5548 847 5614 nuntiatam,
884 5544 1100 5602 videtur
1129 5546 1380 5617 ignorare
1410 5558 1595 5600 rerum
1631 5544 1720 5601 hic
1753 5546 2083 5617 scriptarum

594 5733 638 5766 ⁹¹
676 5731 823 5791 Psal.
849 5731 1166 5801 u:vtt,95.
1242 5734 1287 5767 θ’
1314 5733 1565 5808 ἰὺἱιιηὲδ.
1640 5736 1686 5769 ’³
1727 5737 1872 5795 Psal.
1911 5752 2043 5809 xvn,
2074 5738 2158 5797 10.

2188 4633 2386 4705 ἑαυτῷ,
2417 4634 2645 4704 ἐπάγει·
2672 4652 2690 4686 ι
2734 4636 2864 4690 Ἰδοὺ
2902 4635 3141 4709 ἔρχεται,
3166 4637 3311 4708 λέγει
3335 4639 3538 4712 Κύριος
3563 4660 3759 4695 παντο-

2187 4727 2409 4800 κράτωρ
2430 4743 2443 4757 ·
2463 4725 2558 4780 καὶ
2576 4727 2659 4790 τίς
2676 4728 2936 4799 ὑπομενεῖ
2956 4729 3166 4801 ἡμέραν
3186 4732 3387 4785 εἰσόδου
3403 4732 3594 4798 αὑτοῦ;
3619 4733 3651 4804 ἢ
3672 4734 3760 4799 τίς

2185 4820 2547 4890 ὑποστήσεται
2575 4819 2632 4871 ἐν
2663 4821 2730 4891 τῇ
2754 4821 2988 4893 ὀπτασίᾳ
3020 4821 3223 4885 αὐτοῦς
3254 4842 3273 4876 ι
3310 4824 3383 4894 (p.
3413 4824 3536 4895 561)
3577 4824 3759 4879 Ἐπει-

2185 4912 2282 4967 δὰν
2308 4911 2417 4982 γὰρ
2462 4911 2849 4983 παραγίνηται,
2886 4915 3082 4984 φησιν,
3127 4918 3156 4969 6
3206 4915 3337 4980 Θεὸς
3365 4917 3601 4988 τιμωρὸς
3635 4920 3761 4973 ἐπι-

2190 5003 2512 5076 φαινόμενος
2544 5003 2654 5057 τῶν
2691 5006 2751 5058 οὐ
2789 5005 3015 5070 δεόντως
3054 5008 3371 5079 γινομένων,
3404 5010 3577 5073 οὐδεὶς
3604 5011 3763 5081 ὑμῶν

2188 5093 2296 5150 τῶν
2326 5093 2500 5150 ταῦτα
2546 5092 2640 5147 νῦν
2672 5094 2849 5163 λέγειν
2894 5097 3214 5169 τολμώντων
3262 5100 3625 5173 ὑποστήσεται
3658 5103 3760 5173 τῆς

2188 5184 2459 5255 τιμωρίας
2507 5182 2565 5236 τὸ
2601 5183 2829 5254 μέγεθος
2849 5202 2863 5216 ’
2914 5186 3070 5257 δῆλος
3095 5188 3154 5241 δέ
3196 5191 3341 5243 ἐστιν
3366 5193 3424 5244 ἐν
3451 5191 3660 5255 τούτοις
3688 5193 3761 5247 τά

2191 5275 2283 5328 ἐπὶ
2314 5274 2420 5328 τῶν
2448 5275 2823 5329 Μακκαὸαίων
2847 5278 3027 5341 αὑτοῖς
3057 5279 3277 5349 μηνύων
3301 5283 3465 5347 κακὰ,
3495 5282 3637 5353 άπερ
3660 5283 3761 5354 τῆς

2192 5368 2399 5423 ἐαυτῶν
2435 5368 2620 5422 ἕνεκεν
2653 5370 3097 5442 ὑπομεμενήκασι
3134 5374 3331 5439 κακίας
3351 5392 3366 5407 ·
3408 5377 3484 5439 ὡς
3510 5378 3539 5431 ὃ
3567 5393 3630 5445 γε
3660 5377 3762 5430 αὑ-

2186 5463 2286 5533 τὴν
2341 5462 2441 5532 τὴν
2504 5461 2685 5532 φωνὴν
2735 5462 3022 5534 ἁρμόττειν
3072 5465 3315 5536 οἰόμενος
3378 5466 3456 5538 τῷ
3510 5468 3762 5539 Δεσπότῃ

2186 5552 2405 5624 Χριστῷ
2444 5551 2520 5617 ὡς
2572 5551 2637 5606 ἂν
2664 5554 2790 5625 περὶ
2817 5554 2980 5608 αὑτοῦ
3036 5558 3130 5611 καὶ
3155 5558 3252 5629 οὑχ
3294 5560 3477 5630 ἐτέρου
3523 5578 3617 5614 του
3655 5562 3760 5632 ῥη-

2270 5740 2316 5775 “
2351 5739 2543 5799 Matth.
2568 5756 2643 5809 χι,
2671 5743 2964 5814 10;Μαι·ο.
2998 5761 3036 5813 ι,
3061 5746 3128 5814 2;
3162 5744 3293 5803 Luc.
3332 5762 3369 5814 ι,
3402 5747 3497 5813 l7;
3533 5761 3629 5813 vn,
3657 5742 3757 5800 27.
