4096 6234
331 337 428 392 Gil

1257 347 1804 411 COMMENTARIUS
1828 351 1892 409 ΙΝ
1933 351 2315 414 MALAClll/E
2354 353 2506 413 CAP.
2542 357 2630 413 lll.

3461 360 3560 420 62:!

333 460 521 513 θεῖσαν
555 461 691 534 (70),
723 463 896 518 ἔοικεν
923 465 1132 534 ἀγνοεῖν
1165 470 1224 522 τὸ
1251 471 1502 545 διάφορον
1530 476 1636 528 τῶν
1669 478 1892 532 ἐνταῦθά

2008 479 2365 533 differentiam
2397 481 2464 534 ab
2492 480 2599 534 illis
2631 494 2750 550 qua:
2783 480 2836 534 in
2858 479 3060 537 Christi
3094 481 3305 537 Domini
3337 483 3568 538 adventu

328 567 393 604 τε
421 554 843 624 γεγραμμένων.
875 557 967 609 καὶ
990 558 1096 610 τῶν
1125 561 1216 614 ἐπὶ
1244 563 1342 632 τῆς
1371 566 1670 634 παρουσίας
1695 568 1900 620 οἰκονο-

335 643 617 713 μηθέντων
661 645 752 699 τοῦ
801 647 1070 702 Δεσπότου
1115 652 1370 724 Χριστοῦ,
1399 655 1457 720 ὃς
1497 658 1544 710 εί
1582 659 1675 711 καὶ
1713 660 1900 730 κριτοῦ

330 732 489 803 δίκην
529 733 793 806 διέκρινεν
839 737 897 791 ὲν
937 738 1204 804 Ἰουδαίοις
1236 744 1359 807 τοὺς
1393 744 1626 813 φαύλους
1661 747 1768 800 ἀπὸ
1794 748 1902 802 τῶν

331 826 690 896 κρειττόνων,
734 829 860 892 τοὺς
909 829 1009 900 μὲν
1039 831 1126 884 ἐπ’
1159 834 1318 887 αὑτὸν
1350 839 1775 903 πεπιστευκότας
1810 842 1902 894 ἐπὶ

331 915 394 968 τὸ
423 920 667 987 κρεῖττον
697 924 1058 992 μεταστήσας,
1089 925 1212 988 τοὺς
1241 927 1607 998 ἡπιστηκότας
1634 931 1689 984 δὲ
1720 950 1898 1003 παρα-

331 1005 458 1069 δοὺς
488 1009 746 1080 τιμωρίᾳ,
784 1010 900 1065 ἀλλ’
928 1013 1145 1085 εὔδηλον
1175 1017 1256 1070 ὅτι
1289 1019 1366 1088 τῷ
1403 1020 1566 1092 κοινῷ
1602 1022 1744 1094 λόγῳ
1777 1035 1901 1077 σκο-

331 1097 436 1149 πὸν
467 1098 566 1169 τῆς
596 1100 802 1166 οἰκείας
848 1103 1047 1176 ἔσχηκε
1097 1110 1425 1178 παρουσίας,
1466 1113 1525 1167 δν
1565 1115 1594 1166 ό
1633 1116 1899 1187 μακάριος

346 1187 598 1259 Ἰωάννης
619 1190 921 1264 δεδήλωκεν
946 1197 1135 1262 εἰπὼν,
1176 1217 1195 1252 ι
1211 1201 1316 1255 Ἴδε
1338 1203 1366 1255 ὁ
1395 1204 1563 1274 ἀμνὸς
1585 1206 1678 1259 τοῦ
1711 1208 1846 1262 Θεοῦ
1870 1211 1899 1261 ὁ

328 1282 507 1372 αἴρων
533 1282 633 1352 τὴν
656 1284 928 1356 ἁμαρτίαν
959 1288 1050 1341 τοῦ
1078 1291 1280 1362 κόσμου
1305 1309 1317 1321 ·
1349 1311 1370 1346 ι
1408 1295 1502 1350 καὶ
1527 1297 1595 1350 τά
1618 1300 1814 1372 ἐφεξῆς
1840 1302 1897 1354 δὲ

329 1371 413 1424 ἔτι
443 1373 641 1444 μᾶλλον
668 1376 904 1439 δείκνυσι
929 1379 1038 1433 τῶν
1069 1384 1329 1455 ῥημάτων
1361 1388 1455 1440 τὸν
1479 1391 1695 1444 σκοπόν.
1738 1371 1900 1446 Ἐπά-

328 1478 418 1530 γει
451 1463 556 1534 γάρ
581 1481 598 1498 ·

401 1554 548 1625 Στίχ.
588 1561 658 1624 γ’.
685 1557 726 1610 δ’
732 1598 748 1616 .
772 1587 842 1599 -
875 1579 893 1612 ‹
919 1562 1060 1616 Διότι
1087 1565 1248 1630 αὐτὸς
1279 1569 1651 1640 εἰσπορεύεται
1681 1574 1756 1637 ὼς
1785 1574 1896 1644 πῦρ

328 1646 716 1717 χωνευτηρίου,
747 1649 841 1703 καὶ
876 1651 952 1716 ὡς
994 1654 1099 1707 πόα
1128 1655 1433 1711 πλυνόντων
1456 1673 1470 1687 ·
1511 1661 1603 1713 καὶ
1632 1663 1894 1717 καθιεῖται

2005 585 2102 639 per
2131 570 2594 640 dispensationem
2625 577 2759 625 actae
2791 580 2953 626 sunt:
2987 573 3080 643 qui
3110 573 3361 643 quamvis
3395 573 3571 627 ollieio

1999 661 2201 732 judicis
2228 662 2484 718 discrevit
2512 661 2822 718 Iudaeorum
2856 665 3134 736 improbos
3170 680 3200 720 a
3233 666 3571 727 melioribus,

2002 755 2290 811 credentes
2311 756 2414 812 sibi
2440 757 2506 811 ad
2530 759 2804 813 meliorem
2831 758 3037 828 frugem
3058 759 3368 822 traducens,
3395 759 3572 812 incre-

2003 846 2161 901 dulos
2193 862 2351 916 poena
2371 847 2643 904 alliciens:
2670 858 2906 906 attamen
2931 851 3272 920 eXploratum
3295 858 3398 912 eSt,
3425 851 3571 918 quod

2004 939 2239 1008 generali
2279 939 2489 993 ratione
2521 955 2746 1010 scopum
2765 942 3013 996 habuerit
3029 943 3294 998 adventus
3313 940 3397 996 sui
3419 940 3569 994 illum

2004 1045 2164 1097 quem
2184 1029 2374 1085 beatus
2388 1030 2626 1087 Joannes
2647 1033 2945 1087 declaravit
2959 1033 3148 1089 dicens
3170 1052 3212 1088 τι
3225 1033 3363 1088 Ecce
3379 1033 3565 1103 Agnus

2005 1120 2096 1176 Dei
2129 1122 2219 1191 qui
2251 1123 2389 1176 tollit
2419 1132 2698 1193 peccatum
2728 1126 2996 1180 mundi".
3033 1145 3052 1176 ι
3084 1126 3221 1180 Tum
3255 1125 3310 1181 in
3341 1141 3573 1196 sequen-

2002 1215 2148 1269 tibus
2190 1216 2452 1285 propheta
2497 1217 2668 1286 magis
2701 1217 2879 1272 adhuc
2915 1219 3089 1288 aperit
3116 1219 3403 1276 verborum
3441 1234 3573 1276 suo-

2002 1321 2122 1359 rum
2158 1321 2404 1378 scopum.
2440 1307 2602 1362 Addit
2628 1309 2800 1363 enim:

2078 1577 2240 1633 Vsus.
2281 1579 2392 1639 ΞΛ.
2420 1609 2483 1616 ——
2512 1596 2528 1629 ι
2555 1574 2689 1644 Quia"
2736 1581 2853 1650 ipse
2899 1581 3195 1652 ingreditur
3235 1585 3389 1652 quasi
3429 1585 3568 1655 ignis

2001 1669 2334 1735 conflatorii,
2380 1679 2434 1725 et
2481 1674 2638 1741 quasi
2687 1671 2856 1727 herba
2904 1671 3188 1728 fullonum.
3251 1674 3313 1728 Et
3360 1677 3568 1731 sedebit

329 1733 583 1801 χωνεύων
646 1738 739 1790 καὶ
797 1740 1103 1814 καθαρίζων
1157 1745 1238 1809 ὡς
1286 1747 1346 1800 τὸ
1393 1750 1652 1821 ἀργύριον
1699 1755 1791 1807 καὶ
1836 1755 1892 1808 τὸ

1998 1759 2243 1814 eontlans
2275 1769 2328 1814 et
2357 1775 2596 1830 purgans
2620 1761 2761 1816 sicut
2791 1777 2984 1816 aurum
3005 1771 3060 1818 et
3086 1764 3226 1818 sicut
3259 1776 3565 1834 argentum.

329 1828 559 1896 χρυσίον
588 1846 602 1860 ο
651 1832 746 1884 καὶ
774 1833 1024 1905 καθαριεῖ
1047 1837 1173 1900 τοὺς
1215 1838 1363 1903 υἱοὺς
1396 1842 1545 1906 Λευὶ,
1592 1845 1686 1897 καὶ
1719 1847 1898 1916 ἐκχεεί

331 1916 536 1982 αὐτοὺς
577 1920 648 1984 ὡς
707 1922 769 1975 τὸ
817 1925 1038 1994 χρυσίον
1093 1927 1185 1980 καὶ
1235 1928 1311 1992 ὼς
1348 1929 1407 1982 τὸ
1455 1931 1753 2002 ἀργύριονο
1805 1938 1897 1988 καὶ

332 2007 546 2063 ἔσονται
565 2011 642 2082 τῷ
663 2014 848 2086 Κυρίῳ
873 2017 1234 2087 προσάγοντες
1259 2019 1446 2074 Θυσίαν
1472 2023 1529 2075 ὲν
1551 2023 1858 2097 δικαιοσύνῃ
1879 2042 1894 2057 ε

331 2102 432 2154 καὶ
461 2104 643 2175 ἀρέσει
675 2106 754 2178 τῷ
800 2109 988 2180 Κυρίῳ
1024 2110 1183 2166 θυσία
1227 2113 1392 2167 Ἰούδα
1434 2117 1493 2168 ὲν
1530 2115 1894 2190 Ἰερουσαλὴμ,

329 2195 517 2259 καθὼς
550 2199 605 2251 αί
631 2199 831 2272 ἡμέραι
858 2201 952 2255 τοῦ
999 2203 1213 2270 αἰῶνος,
1249 2206 1342 2259 καὶ
1371 2206 1550 2271 καθὼς
1581 2209 1649 2262 τά
1693 2210 1785 2281 ἐτη
1828 2211 1898 2264 τά

329 2284 659 2358 ἔμπροσθεν.
688 2310 708 2344 ›
752 2293 826 2363 (p.
867 2293 989 2364 562)
1042 2295 1201 2349 Ἀλλὰ
1245 2297 1354 2370 γὰρ
1401 2298 1552 2353 ἔσται
1599 2318 1686 2365 τι,
1737 2304 1892 2372 φησὶ,

328 2376 521 2448 κέρδος
561 2379 625 2432 ἐκ
650 2381 750 2450 τῆς
778 2382 1226 2457 ὲπαχθησομένης
1265 2387 1386 2441 τότε
1420 2389 1686 2460 τιμωρίας
1724 2392 1852 2462 ὑμῖν
1878 2409 1892 2422 ο

326 2467 485 2539 δίκην
516 2469 614 2539 μὲν
641 2471 751 2542 γὰρ
783 2473 954 2544 πυρὸς
984 2476 1042 2529 ὲν
1084 2477 1281 2549 χωνείᾳ
1319 2478 1582 2550 ἀργύριόν
1617 2498 1676 2534 τε
1707 2483 1896 2537 καθαί-

329 2577 519 2632 ροντος
545 2564 639 2616 καὶ
665 2565 905 2635 χρυσίον,
934 2567 970 2640 ἢ
1003 2569 1098 2623 καὶ
1132 2570 1269 2634 πόας
1304 2571 1394 2625 διά
1437 2573 1546 2626 τῶν
1592 2575 1896 2630 πλυνόντων

328 2656 699 2729 καθαιρούσης
728 2658 949 2730 ἐσθῆτα,
978 2663 1097 2724 ταῖς
1122 2665 1424 2735 συμφοραῖς
1447 2667 1565 2728 ταῖς
1597 2667 1896 2738 τηνικαῦτα

327 2749 698 2821 ἑπαγομέναις
741 2751 868 2823 ὑμῖν
899 2753 1151 2826 καθαριεῖ
1193 2756 1401 2821 πάντας
1431 2759 1559 2823 τοὺς
1592 2760 1692 2832 τὴν
1735 2762 1895 2832 ἱερω-

327 2842 497 2913 σύνην
537 2843 847 2915 τολμῶντας
887 2845 1125 2900 ἐκτελεῖν
1163 2848 1433 2920 ἀδοκίμως
1459 2867 1474 2881 ο
1517 2851 1658 2905 ὥστε
1699 2853 1894 2917 αὐτοὺς

324 2938 444 2999 τοῖς
472 2937 870 3008 ἐπιγινομένοις
909 2940 1374 3010 σωφρονισθέντας
1413 2946 1601 3008 κακοῖς
1632 2946 1894 3016 προσάγει

325 3029 510 3083 λοιπὸν
546 3030 626 3101 τῷ
662 3029 782 3101 Θεῷ
813 3029 1024 3097 θυσίας,
1063 3032 1141 3097 ὡς
1186 3034 1410 3105 νόμιμον
1457 3038 1750 3108 προσάγειν
1775 3039 1894 3110 Θεῷ

325 3121 627 3193 προεστῶτι
665 3121 759 3176 τοῦ
789 3123 1020 3188 δικαίου,
1061 3119 1110 3193 ᾧ
1147 3124 1212 3196 δὴ
1241 3125 1378 3195 μετὰ
1401 3127 1593 3182 πολλοῦ
1622 3129 1715 3182 τοῦ
1741 3129 1891 3195 δέους

325 3216 424 3288 τὴν
449 3217 791 3288 λειτουργίαν
821 3219 1094 3288 προσῆκον
1122 3217 1453 3291 ἐκπληροῦν,
1481 3220 1559 3284 ὡς
1597 3221 1760 3275 εἰδότι
1798 3223 1891 3275 καὶ

324 3310 681 3380 τιμωρεῖσθαι
709 3310 833 3375 τοὺς
861 3310 1189 3381 καταμελεῖν
1220 3310 1500 3376 ἐθέλοντας
1528 3313 1715 3368 αὐτοῦ.
1756 3313 1890 3368 Τότε

323 3400 424 3471 δὴ,
458 3403 655 3471 φησὶν,
699 3403 935 3456 Ἰουδαῖοι
982 3402 1075 3456 ἐπὶ
1120 3402 1220 3474 τῆς
1256 3404 1608 3477 Ἰερουσαλὴμ
1654 3407 1892 3476 ἀρεστὰς

323 3493 672 3562 προσοίσουσι
700 3492 778 3563 τῷ
826 3493 944 3564 Θεῷ
987 3492 1208 3558 θυσίας’
1259 3495 1516 3565 ἀνάλογον
1549 3496 1626 3567 τῷ
1656 3499 1889 3569 πρόσθεν

323 3583 527 3655 χρόνῳ,
565 3586 617 3637 ἐν
649 3579 800 3656 ᾧπερ
828 3589 940 3649 τοῖς
977 3586 1225 3655 γεγονόσι
1259 3587 1399 3640 κατὰ
1446 3589 1635 3659 καιρὸν
1663 3589 1888 3654 δικαίοις

321 3675 818 3747 ἑπιμελησαμένοις
875 3676 971 3732 τοῦ
1037 3680 1400 3751 προσήκοντος
1435 3720 1450 3742 ,
1515 3680 1611 3744 τὰς
1683 3682 1888 3734 ἑαυτῶν

323 3769 621 3838 προσάγειν
653 3769 840 3834 θυσίας
865 3770 1094 3841 νόμιμον
1124 3763 1192 3841 ἣν
1211 3787 1224 3800 ⁸
1257 3769 1378 3823 οὕτε
1401 3770 1457 3823 δὲ
1478 3770 1558 3833 τὸ,
1594 3770 1891 3842 (Καθαριεῖ

321 3859 451 3922 τοὺς
477 3859 625 3924 υἱοὺς
646 3860 797 3926 Λευὶ,
827 3879 844 3913 ι
885 3859 1008 3914 οὔτε
1033 3861 1115 3928 τὸ,
1153 3879 1171 3912 ι
1195 3861 1402 3932 Ἀρέσει
1421 3860 1498 3932 τῷ
1520 3862 1705 3933 Κυρίῳ
1731 3862 1890 3916 θυσία

335 3944 508 4003 Ἰούδα
549 3953 606 4003 ὲν
645 3951 1018 4023 Ἰερουσαλὴμ,
1051 3972 1070 4006 ι
1120 3952 1380 4025 ἁρμόσει,
1419 3954 1470 4005 εί
1523 3951 1600 4023 τῷ
1645 3953 1890 4025 Δεσπότῃ

323 4042 547 4115 Χριστῷ
579 4060 660 4107 τις
695 4047 991 4116 προσήκειν
1013 4045 1178 4100 οἴοιτο
1199 4045 1266 4099 τὰ
1291 4046 1558 4116 λεγόμενα
1579 4063 1592 4075 ·
1633 4045 1752 4099 οὐδὲ
1781 4046 1888 4118 γὰρ

323 4135 433 4187 υἱοὶ
453 4134 545 4188 τοῦ
572 4137 702 4189 Λευὶ
731 4137 880 4208 μόνοι
900 4136 990 4191 τὸν
1013 4137 1291 4209 καθαρμὸν
1320 4138 1564 4206 ἐδέξαντο
1585 4139 1726 4203 τότε,
1751 4139 1886 4193 ἀλλὰ

321 4225 526 4289 πάντες
559 4225 829 4297 ἄνθρωποι
847 4245 863 4258 ·
899 4222 1093 4298 οἷσπερ
1119 4225 1212 4281 οὖν
1240 4228 1579 4300 ἁρμόττουσα
1608 4227 1754 4299 ήτοῦ
1787 4245 1889 4299 μα.-

321 4319 520 4389 καρίου
555 4319 766 4373 Παύλου
795 4321 976 4392 φωνὴ,
1024 4338 1044 4372 t
1097 4319 1471 4392 Ἐκκαθάρατε
1513 4321 1610 4391 τὴν
1650 4320 1887 4375 παλαιὰν

320 4407 528 4484 ζύμην,
557 4413 643 4466 ἵνα
670 4409 766 4484 ἦτε
806 4413 924 4466 νέον
955 4414 1203 4485 φύραμα,
1237 4415 1414 4479 καθὼς
1466 4415 1586 4468 ἐστὲ
1615 4413 1832 4484 ἄζυμοι.
1863 4432 1883 4467 ι

334 4504 481 4556 Ἀλλ’
507 4505 628 4558 ούδὶ
655 4507 688 4576 ἡ
729 4505 895 4558 Ἰούδα
925 4505 1083 4558 θυσία
1113 4507 1172 4558 ὲν
1213 4504 1562 4577 Ἰερουσαλὴμ
1584 4503 1744 4574 δεκτὴ
1770 4504 1890 4558 τότε

319 4596 516 4666 γέγονε
565 4597 641 4668 τῷ
691 4597 810 4668 Θεῷ
834 4613 847 4625 ·
901 4597 1206 4651 τούναντίον
1269 4597 1369 4667 μὲν
1422 4593 1514 4650 οῦν
1561 4597 1891 4667 πεπαυμένη

315 4689 544 4760 ἁπάσης
587 4691 816 4760 νομικῆς
860 4689 1048 4754 θυσίας
1099 4690 1157 4741 ὲν
1197 4689 1546 4790 Σιερουσαῦμ
1579 4691 1889 4790 γινομένης,

317 4779 401 4850 (p.
427 4778 552 4850 565)
611 4779 706 4833 ἅτε
753 4779 848 4832 καὶ
893 4776 1432 4848 συγκαταλελυμένης
1444 4776 1539 4849 ’τῇ
1585 4777 1680 4830 τοῦ
1724 4777 1890 4830 τόπου

318 4873 725 4943 παρατηρήσει,
759 4872 1040 4943 ἀνεδείχθη
1077 4872 1236 4928 θυσία
1263 4871 1571 4944 exim-.4;
1595 4889 1651 4924 τε
1680 4872 1775 4924 καὶ
1805 4871 1890 4924 λο-

318 4963 458 5034 γικὴ
506 4963 641 5034 (Ἠ),
689 4964 755 5034 ἦν
797 4963 892 5017 ἐπὶ
939 4963 1265 5034 μνημοσύνῳ
1316 4962 1411 5014 τοῦ
1454 4979 1513 5014 τε
1559 4961 1760 5025 πάθους
1791 4960 1884 5013 τοῦ

393 5152 440 5184 ’⁸
469 5149 629 5208 Joan.
661 5153 812 5218 1,29.
894 5153 939 5184 "
972 5152 1148 5206 lCor.
1189 5169 1241 5217 v,
1280 5153 1331 5206 7.
1408 5153 1452 5182 "
1483 5148 1639 5205 Joan.
1661 5167 1734 5213 iv,
1762 5151 1849 5204 Ἥ.

395 5317 508 5389 (70)
549 5315 770 5389 Rectius
807 5317 1029 5389 omnino
1073 5318 1125 5389 in
1165 5314 1570 5389 commentariis
1617 5309 1881 5389 Hieron):-

317 5381 448 5458 rnus
474 5381 500 5450 ,⁷
541 5388 777 5458 Cyrillus
812 5403 875 5442 ac
907 5387 1280 5442 Tbeodoretus
1305 5384 1589 5458 Malacliia:
1621 5384 1784 5458 verba
1819 5381 1887 5437 de

317 5453 549 5514 Joannis
589 5453 821 5512 'tantum
861 5458 1242 5527 prmdicatione
1293 5455 1604 5524 Christique
1653 5455 1887 5527 adventu

319 5530 616 5598 explicant.
644 5527 841 5585 Noster
865 5526 1045 5583 autem
1078 5543 1228 5582 more
1255 5542 1355 5581 suo
1387 5541 1500 5581 rem
1531 5527 1678 5598 illam
1710 5526 1888 5594 potius

319 5595 444 5653 κατ’
478 5598 722 5660 ἒκὸασιν.
768 5599 821 5653 id
854 5608 939 5654 est
983 5598 1266 5652 secundum
1307 5606 1539 5651 eventum
1582 5595 1888 5665 pleniorem,

320 5670 532 5723 mavult
557 5669 876 5740 intelligere.
905 5681 958 5724 et
973 5668 1099 5740 huic
1119 5683 1334 5738 quoque
1366 5670 1483 5721 loco
1514 5665 1891 5740 Macchabalca

319 5748 571 5810 tempora
607 5739 912 5810 impertune
945 5739 1242 5793 admiscere
1265 5749 1318 5790 ct
1350 5739 1761 5810 accommodare
1801 5739 1882 5790 ni-

320 5807 477 5865 titur.
517 5808 665 5865 Notae
687 5807 980 5880 propterea
1021 5818 1145 5864 sunt
1192 5817 1379 5863 contra
1419 5807 1880 5879 Mopsuestepum,

1999 1853 2063 1904 Et
2095 1860 2255 1905 erunt
2290 1849 2519 1906 Domino
2551 1851 2884 1909 adducentes
2902 1855 3232 1910 sacrificium
3257 1858 3311 1910 in
3333 1858 3563 1926 justitia.

1999 1941 2063 1995 Et
2092 1943 2325 2011 placebit
2350 1941 2579 1997 Domino
2605 1944 2935 1999 sacrificium
2965 1944 3118 2001 Judaa
3146 1947 3198 2001 in
3228 1947 3564 2005 Hierusalem

1998 2033 2140 2085 sicut
2172 2033 2288 2088 dies
2321 2033 2502 2088 saeculi
2537 2041 2590 2088 et
2619 2035 2763 2088 sicut
2795 2036 2923 2089 anni
2959 2035 3195 2106 pristini.
3221 2057 3239 2088 ι
3279 2036 3567 2093 Verumta-

1998 2137 2120 2176 men
2149 2123 2354 2192 aliquid
2386 2123 2541 2178 vobis
2565 2124 2919 2180 emolumenti
2941 2127 3218 2198 continget
3241 2144 3307 2182 ex
3331 2130 3568 2200 impacta

1999 2229 2179 2284 pinna.
2209 2213 2452 2284 Namque
2481 2214 2623 2285 ignis
2648 2215 2822 2271 instar
2852 2217 2907 2270 in
2936 2219 3260 2274 conflatorio
3281 2229 3565 2290 argentum

1998 2307 2278 2374 purgantis
2311 2314 2364 2360 et
2393 2307 2706 2368 aurum,vel
2741 2305 2924 2362 herbae
2955 2309 3118 2364 etiam
3151 2316 3270 2380 quae
3301 2311 3563 2367 fullonum

1997 2412 2161 2467 opera
2208 2405 2415 2453 vestem
2449 2396 2741 2462 emundat,
2791 2400 3199 2456 calamitatibus
3249 2411 3378 2456 tunc
3412 2405 3567 2459 vobis

1998 2488 2219 2544 inflictis
2244 2489 2496 2559 purgabit
2514 2487 2656 2545 Deus
2677 2490 2800 2544 illos
2822 2490 2912 2560 qui
2933 2492 3295 2547 sacerdotium
3321 2493 3566 2564 improbe

1998 2589 2230 2635 tractare
2253 2580 2490 2634 audent:
2526 2587 2586 2634 ut
2613 2580 2667 2633 hi
2699 2579 3144 2640 incumbentibus
3179 2585 3337 2641 malis
3369 2601 3564 2642 emun-

1995 2671 2136 2731 dati.
2174 2670 2284 2726 Deo
2319 2671 2570 2741 posthinc
2598 2672 2827 2728 offerant
2855 2673 3156 2738 sacrificia,
3201 2683 3364 2744 prout
3397 2676 3562 2730 Deum

1995 2762 2157 2833 382
2180 2762 2334 2818 decet
2359 2761 2584 2832 justitia:
2611 2762 2905 2827 vindicem,
2937 2763 3026 2818 cui
3058 2774 3211 2820 certe
3239 2766 3410 2820 multo
3438 2782 3562 2820 cum

1996 2856 2191 2911 timore
2223 2871 2442 2912 sacrum
2473 2856 2841 2912 ministerium
2875 2858 3288 2927 persolvendum
3328 2867 3432 2917 est.
3463 2873 3563 2911 cen

1994 2947 2195 3002 valenti
2253 2956 2652 3018 contemptores
2683 2961 2816 3002 suos
2844 2949 3055 3017 punire.
3086 2948 3241 3004 Tunc
3268 2947 3564 3013 Judaei,in-

1995 3039 2132 3109 quit.
2159 3040 2213 3094 in
2245 3039 2432 3094 urbem
2455 3038 2796 3097 Hierusalem
2826 3048 2980 3113 grata
3015 3042 3122 3097 Deo
3164 3041 3436 3097 adducent
3475 3057 3565 3096 sa-

1993 3131 2220 3196 criﬁcia,
2251 3132 2552 3202 superioris
2579 3133 2756 3189 aetatis
2784 3148 2952 3198 more.
2993 3133 3049 3188 in
3080 3147 3187 3203 qua
3216 3133 3428 3202 ajustis
3471 3147 3566 3202 per

1993 3227 2234 3291 tempora
2261 3223 2672 3291 exsistentibus,
2713 3225 2846 3281 recti
2879 3224 3038 3280 ollieii
3070 3225 3354 3290 studiosis,
3392 3226 3565 3279 sacri-

1995 3312 2113 3366 ﬁcia
2137 3314 2356 3383 propria
2383 3313 2564 3370 offerri
2587 3314 2886 3386 legitimum
2916 3324 3050 3371 erat.
3071 3314 3206 3368 Nam
3238 3329 3414 3385 neque
3445 3329 3563 3368 ver-

1993 3404 2059 3458 ba
2076 3403 2362 3476 «Purgabit
2393 3405 2535 3462 filios
2562 3404 2744 3471 Levia
2776 3421 2952 3478 neque
2980 3407 3106 3461 item
3138 3406 3253 3472 illa,
3289 3405 3560 3458 «Placebit

1992 3494 2222 3550 Domino
2269 3496 2599 3551 sacrificium
2646 3495 2798 3552 Iuda
2835 3497 2890 3551 in
2935 3496 3326 3560 Hierusalem,»
3363 3510 3560 3549 conve-

1993 3590 2206 3645 nienter
2235 3589 2383 3644 dicta
2430 3589 2654 3654 fuerint,
2703 3591 2750 3646 si
2792 3590 2916 3661 quis
2953 3604 3016 3644 ea
3064 3588 3283 3644 Christo
3333 3587 3560 3641 Domino

1991 3680 2531 3752 eongruere'judicet.
2553 3680 2739 3752 Neque
2762 3682 2905 3736 enim
2927 3680 3017 3734 filii
3047 3679 3168 3735 Levi
3189 3681 3559 3732 tantummodo

1991 3780 2123 3826 tunc
2150 3773 2526 3842 purgationem
2555 3772 2767 3842 experti
2814 3779 2977 3835 sunt,
3017 3769 3110 3824 sed
3153 3785 3342 3823 omnes
3384 3768 3558 3822 homi-

1991 3879 2125 3918 nes:
2158 3863 2356 3934 quibus
2395 3862 2600 3918 idcirco
2641 3863 2894 3932 congruit
2936 3862 3080 3916 beati
3115 3861 3264 3914 Pauli
3317 3860 3553 3913 locutio:

1995 3975 2012 4006 ι
2043 3954 2339 4027 Expurgate
2371 3965 2522 4010 vetus
2543 3955 2879 4014 fermentum,
2905 3962 2962 4007 ut
2991 3952 3107 4006 sitis
3133 3965 3267 4003 nova
3296 3969 3558 4023 consper-

1991 4046 2104 4112 sio,
2135 4049 2280 4102 sicut
2311 4046 2444 4103 estis
2473 4042 2718 4119 azymi".
2757 4062 2776 4096 ι
2828 4042 2934 4098 Sed
2965 4059 3138 4114 neque
3166 4041 3319 4097 Juda:
3345 4043 3556 4098 sacrifi-

1991 4140 2136 4194 cium
2165 4139 2222 4193 in
2238 4139 2374 4195 urbe
2388 4137 2724 4194 Hierusalem
2755 4147 2888 4192 tunc
2914 4136 3246 4207 acceptabile
3278 4135 3388 4191 Deo
3419 4135 3554 4188 fuit:

1992 4233 2101 4288 imo
2129 4243 2336 4299 contra,
2383 4240 2630 4288 cessante
2665 4231 2812 4287 omni
2859 4229 3156 4286 secundum
3203 4229 3371 4300 legem
3413 4228 3557 4296 apud

1992 4320 2327 4378 Hierusalem
2372 4322 2663 4384 sacrificio,
2693 4321 2821 4391 quia
2860 4320 3022 4375 simul
3051 4335 3174 4374 cum
3207 4319 3311 4373 loci
3345 4333 3557 4388 posses-

1993 4414 2145 4468 sione
2173 4411 2389 4473 desivit.
2409 4412 2619 4467 exstitit
2643 4411 2890 4480 posthinc
2917 4409 3240 4465 sacrificium
3258 4407 3554 4463 inauditum

1992 4510 2157 4572 atque
2178 4502 2462 4565 rationale,
2485 4502 2628 4572 quod
2651 4503 2721 4556 ob
2748 4501 3058 4556 memoriam
3088 4497 3358 4569 passionis
3381 4494 3558 4553 Domi-

1994 4592 2133 4647 nica:
2167 4606 2232 4646 ac
2272 4593 2716 4655 resurrectionis,
2759 4607 2866 4646 non
2916 4592 2971 4645 in
3023 4591 3157 4644 urbe
3195 4588 3553 4649 Hierusalem.

1992 4681 2088 4738 sed
2123 4682 2324 4752 ubique
2352 4691 2618 4738 terrarum
2661 4690 2928 4752 quotquot
2978 4681 3311 4737 credidimus
3353 4682 3557 4752 pariter

1993 4774 2658 4830 oll'crimusuCredeenim
2676 4775 2828 4838 mihi,
2883 4775 3080 4844 inquit,
3144 4775 3410 4838 omulier,
3428 4776 3554 4844 quia

1993 4870 2138 4924 venit
2168 4870 2320 4932 hora,
2340 4867 2560 4938 quando
2581 4882 2754 4937 neque
2778 4866 3164 4939 Hierosolymis
3197 4881 3371 4938 neque
3397 4868 3449 4920 in
3472 4868 3553 4918 lo-

1991 4976 2058 5017 co
2085 4962 2191 5018 isto
2215 4961 2507 5017 adorabitis
2529 4960 2740 5016 Patrem
2756 4959 2821 5012 ".
2838 4953 3068 5032 iReique
3083 4975 3304 5017 causam
3326 4959 3512 5014 dicens
3534 4977 3548 5012 :

1995 5311 2153 5386 quasi
2199 5303 2606 5381 ίουδαιόφρονα,
2647 5317 2890 5386 veterum
2941 5301 3367 5386 criminationes.
3411 5305 3550 5386 ilum

1989 5373 2622 5454 pradicatorurn'autem.
2642 5380 2978 5454 aliorumque
3001 5373 3219 5454 Patrum
3243 5375 3550 5454 Christiana

1990 5450 2163 5522 inagis
2218 5451 2500 5522 prmselttis
2554 5451 2654 5504 Inei
2721 5450 3166 5515 interpretatione
3228 5450 3550 5504 recentiores

1991 5524 2154 5578 etiam
2185 5524 2358 5577 eritu-i
2392 5537 2499 5575 uno
2533 5538 2628 5576 ore
2659 5523 2981 5573 consonant.

2067 5594 2178 5656 (71)
2223 5587 2498 5664 Rationale
2538 5590 2882 5664 sacri/icium,
2930 5585 2979 5640 id
3013 5592 3128 5648 est,
3167 5583 3364 5664 absque
3391 5593 3560 5664 matv-

1997 5655 2113 5717 riali
2149 5655 2382 5734 victinLa.
2425 5662 2626 5734 Confer
2652 5655 2828 5734 tamen
2869 5655 3563 5734 quae_rio§nadnota\vimlis

1990 5744 2028 5786 t.
2065 5733 2151 5797 Vl,
2202 5735 2266 5786 ad
2309 5732 2579 5786 Theodori
2605 5723 2930 5784 Andidcnsis
2985 5723 3060 5780 De
3095 5723 3198 5780 SS.
3263 5725 3416 5778 missa
3448 5733 3560 5779 tra-

1991 5816 2212 5871 ctatum,
2245 5821 2295 5875 p.
2330 5804 2451 5858 558.
