4106 6238
441 306 541 361 623

1598 319 1955 377 THEODORI
1993 320 2475 378 MOPSUESTENI

3592 298 3692 353 till

442 452 461 481 ε
484 429 744 500 Spiritus,
760 449 779 481 ι
801 430 1026 501 ῑηηυίι,‹
1050 431 1193 487 Deus
1207 441 1310 493 est,
1330 438 1384 486 et
1402 447 1497 488 eos
1513 433 1603 502 qui
1625 433 1856 488 adorant
1872 449 2020 496 eum,

2131 435 2442 489 δεσποτικοῦ
2470 436 2559 488 καὶ
2591 435 2680 506 τῆς
2717 433 2922 487 ἐκεῖθεν
2954 433 3321 497 ἀναστάσεως,
3357 434 3456 488 οὐκ
3502 435 3561 488 ὲν
3602 430 3701 488 Ἰε-

439 521 495 574 in
536 519 734 590 spiritu
775 534 837 574 ac
881 522 1107 575 veritate
1151 529 1367 591 oportet
1414 521 1675 581 adorare:
1710 538 1834 576 nam
1866 522 2026 577 Pater

438 613 577 668 tales
606 613 802 683 quaerit
833 613 926 683 qui
961 612 1189 669 adorent
1216 615 1435 669 eum“:
1468 634 1486 667 ι
1516 615 1803 671 manifeste
1836 623 2024 671 osten-

436 706 595 773 dens,
630 722 690 761 se
723 708 844 761 illos
878 707 1098 776 quidem
1129 708 1471 778 repudiasse,
1502 709 1595 778 qui
1632 708 1775 761 intra
1824 706 2023 763 llieru-

439 800 607 854 salem
627 814 689 852 ac
708 797 1011 854 Samariam
1053 798 1147 854 Dei
1179 801 1553 855 adorationem
1589 799 2017 856 circumscribe—

440 891 599 957 bant;
623 891 838 960 plurimi
862 898 1043 946 autem
1075 891 1257 947 facere
1274 892 1374 947 hos
1424 893 1670 946 veritatis
1709 900 2016 959 amatores,

437 984 533 1051 qui
586 982 789 1052 ubique
836 993 1102 1038 terrarum
1142 982 1368 1053 perinde
1417 981 1652 1037 oderunt
1691 982 2016 1038 sacrificium

439 1075 676 1128 creatori
707 1075 946 1154 omnium
980 1074 1091 1131 Deo
1121 1075 1319 1145 ubique
1342 1077 1549 1144 pariter
1575 1076 1851 1144 praesenti.

2132 526 2427 598 ρουσαλὴμ,
2455 527 2589 580 ἀλλά
2615 526 2888 595 πανταχοῦ
2919 527 3023 596 γῆς
3050 529 3098 579 οἱ
3130 528 3551 591 πεπιστευκότες
3579 528 3701 579 ἑπι-

2124 617 2379 687 τελοῦμεν
2402 618 2618 687 ὁμοίως·
2646 637 2663 668 ι
2693 618 2921 670 Πίστευε
2950 618 3057 688 γάρ
3090 635 3198 687 μοι,
3224 637 3243 669 ι
3267 620 3450 690 φησιν,
3480 638 3498 669 ι
3519 619 3701 687 γύναι,

2122 710 2201 762 ὅτι
2229 709 2450 781 ἔρχεται
2477 710 2596 781 ὥρα
2617 710 2704 763 ὅτε
2734 708 2856 763 οὔτε
2880 711 2936 762 ὲν
2974 710 3361 781 Ἱεροσολύμοις
3386 710 3509 764 οὔτε
3544 713 3600 764 ἐν
3622 713 3701 781 τῷ

2120 798 2267 869 τόπῳ
2295 798 2470 869 τούτῳ
2502 799 2912 870 προσκυνήσετε
2939 800 3017 871 τῷ
3054 801 3260 873 Πατρί·
3293 821 3313 854 ι
3359 802 3454 856 κα)⁸
3490 802 3589 874 τὴν
3614 806 3698 856 αἰ-

2118 892 2237 943 τίαν
2265 890 2460 960 λέγων,
2505 910 2524 943 ι
2563 891 2785 963 Πνεῦμα
2810 895 2838 946 ὁ
2864 893 3016 957 Θεὸς,
3044 893 3137 947 καὶ
3162 894 3291 957 τοὺς
3328 895 3699 966 προσκυνοῦν-

2126 1001 2224 1047 τας
2255 983 2437 1047 αὺτὸν,
2466 984 2523 1036 ὲν
2552 984 2822 1054 πνεύματι
2854 985 2948 1037 καὶ⁵
2976 984 3203 1057 ἀληθείᾳ
3234 986 3313 1038 δεῖ
3340 990 3694 1058 προσκυνεῖν·

2126 1075 2219 1128 καὶ
2241 1074 2349 1145 γὰρ
2370 1076 2398 1127 ὁ
2423 1074 2612 1146 Πατὴρ
2636 1075 2911 1139 τοιούτους
2932 1074 3086 1146 ζητεῖ
3103 1079 3229 1140 τοὺς
3255 1079 3698 1147 προσκυνοῦντας

441 1170 631 1224 αὐτόν·
664 1190 681 1222 ι
720 1171 903 1242 σαφῶς
937 1171 1146 1235 δεικνὺς
1175 1171 1256 1225 ὅτι
1285 1171 1524 1235 ἐκείνους
1556 1171 1653 1241 μὲν
1705 1167 2088 1241 ἀπεπέμψατο,
2122 1171 2248 1234 τοὺς
2272 1173 2340 1241 τῇ
2411 1170 2765 1242 Ἰερουσαλὴμ
2830 1171 2924 1223 καὶ
2980 1173 3045 1241 τῇ
3112 1171 3395 1242 Σαμαρείᾳ.
3434 1173 3699 1243 περιγρά-

443 1284 638 1336 φοντας
669 1267 768 1338 τὴν
813 1267 1178 1338 προσκύνησιν
1223 1266 1322 1337 τὴν
1371 1266 1539 1323 θείαν,
1596 1266 1722 1334 περὶ
1769 1264 1959 1317 πολλοῦ
2025 1265 2081 1317 δὲ
2130 1266 2362 1318 ποιεῖται
2416 1262 2639 1326 τούτους
2696 1263 2827 1327 τοὺς
2878 1262 3115 1332 ἐραστὰς
3162 1262 3260 1334 τὴς
3307 1263 3582 1333 ἀληθείας,
3646 1263 3697 1317 οἶ

445 1357 715 1427 πανταχοῦ
744 1358 847 1427 γῆς
868 1357 1063 1428 ὁμοίως
1095 1357 1425 1426 προσάγουσι
1449 1355 1545 1426 τὴν
1576 1356 1763 1409 Θυσίαν
1786 1356 1863 1424 τῷ
1885 1355 1994 1409 τῶν
2016 1355 2271 1409 ἁπάντων
2297 1357 2496 1425 ποιητῇ
2544 1353 2682 1425 Θεῷ,
2710 1355 2805 1407 καὶ
2826 1353 3100 1424 πανταχοῦ
3128 1371 3192 1421 γε
3216 1354 3447 1425 παρόντι
3476 1356 3696 1426 ὁμοίως.

514 1447 897 1503 Verumtamen
940 1448 1327 1502 convenienter
1384 1446 1499 1501 lucc
1553 1445 2017 1501 Macchabaeorum

445 1540 676 1611 tempori
708 1539 850 1594 dicta
880 1539 1127 1605 fuerunt;
1162 1553 1270 1608 quo
1300 1552 1424 1595 cum
1468 1537 1632 1608 383
1676 1539 1906 1608 plurima
1933 1553 2022 1593 es-

447 1642 567 1689 seut
595 1644 705 1687 tmn
736 1647 923 1687 eorum
969 1632 1063 1702 qui
1113 1629 1421 1686 sacerdotio
1466 1629 1615 1700 fungi
1660 1630 2017 1695 videbantur,

446 1738 561 1781 tum
590 1727 751 1782 etiam
780 1726 962 1796 pepuli
1000 1733 1263 1796 peccata,
1315 1724 1517 1793 obiecit
1559 1739 1655 1779 eos
1692 1723 1834 1778 Deus
1877 1723 2018 1778 bello

448 1818 810 1874 Macedonica:
842 1816 1232 1882 successionis,
1264 1830 1293 1868 a
1321 1816 1523 1885 quibus
1558 1814 1808 1884 plurimis
1842 1814 2021 1883 impli—

446 1914 541 1966 citi
585 1911 801 1965 fuerunt
835 1911 1113 1965 aerumnis.
1152 1908 1257 1963 Sed
1286 1906 1425 1961 Juda
1454 1907 1756 1962 Maccabaao
1798 1907 2019 1962 tutelam

448 2005 644 2059 divinae
671 2003 803 2073 legis
844 2012 1096 2074 gerente,
1144 2000 1457 2070 bellumque
1507 2014 1607 2070 pro
1650 2014 1713 2054 ea
1758 2000 2021 2054 adversus

448 2096 823 2150 Macedonicos
868 2108 1024 2164 reges
1072 2092 1435 2162 suscipiente,
1494 2092 1664 2144 multa
1724 2091 1779 2145 in
1826 2090 2021 2145 melius
2058 2114 2061 2117 λ

448 2186 735 2240 conversio
754 2186 1021 2240 universa).
1048 2185 1225 2255 gentis
1259 2183 1400 2238 facta
1430 2190 1538 2239 est.
1569 2182 1704 2237 Nam
1736 2182 1827 2237 Dei
1868 2182 2022 2236 auxi-

448 2278 579 2331 lium
634 2277 777 2332 nacti
825 2273 1167 2335 Macchabaei,
1194 2284 1249 2330 et
1286 2274 1926 2345 rcgesldebellaverunt,
1968 2284 2022 2329 et

449 2369 711 2430 improbis
741 2369 954 2422 illorum
989 2369 1253 2423 ministris
1282 2360 1537 2438 punitis,»
1562 2366 1743 2421 ordini
1788 2382 1853 2421 ac
1897 2381 2021 2436 pro-

450 2461 697 2530 sperituti
729 2470 943 2531 gentem
969 2467 1135 2515 totam
1158 2462 1551 2517 restituerunt:
1582 2460 1657 2513 ita
1684 2466 1807 2514 utet
1827 2460 2022 2514 divinae
2054 2466 2059 2509 ;

450 2555 596 2624 leges
626 2554 767 2624 apud
794 2569 911 2608 eam
959 2554 1342 2624 praevalerent,
1385 2562 1438 2608 et
1482 2553 1661 2606 omnis
1710 2561 1867 2606 antea
1915 2552 2022 2606 late

450 2663 708 2717 grassans
742 2648 1003 2717 iniquitas
1032 2648 1423 2718 expelleretur:
1470 2646 1837 2701 sacerdotium
1870 2643 2021 2698 deni-

452 2754 557 2809 que
601 2748 655 2793 et
709 2754 869 2793 omne
907 2738 1070 2807 hujus
1108 2740 1388 2809 preprium
1424 2738 1791 2793 ministerium
1836 2738 2022 2792 debito

452 2831 560 2883 ritu
582 2837 929 2883 tractaretur.
957 2830 1111 2894 Quod
1133 2830 1260 2885 item
1284 2831 1475 2884 beatus
1501 2827 1796 2882 Zacharias
1827 2828 1883 2881 in
1906 2827 2022 2882 suis

452 2918 777 2991 signiﬁcavit
805 2923 1170 2977 sermonibus.
1210 2920 1325 2976 Hoc
1358 2923 1541 2991 itaque
1565 2935 1712 2975 nunc
1737 2920 1902 2975 etiam
1935 2919 2021 2972 di-

454 3014 561 3077 cit,
606 3027 803 3082 nempe
846 3013 1115 3078 Quoniam
1140 3014 1407 3082 judicium
1444 3012 1764 3083 postulatis,
1811 3018 2023 3080 tempus

2206 1446 2607 1516 ”Λρμοττόντως
2629 1445 2685 1497 δὲ
2706 1444 2878 1497 ταῦτα
2898 1444 2975 1515 τῷ
3000 1442 3145 1499 κατᾶ
3166 1447 3291 1509 τοὺς
3311 1447 3702 1511 Μακκαὸαίους

2126 1537 2337 1608 εἴρηται
2366 1535 2543 1607 καιρῷ
2562 1577 2577 1601 ,
2612 1536 2699 1589 ὅτε
2733 1536 2989 1607 πλείστης
3017 1537 3182 1607 ὅσης,
3226 1538 3374 1608 παρά
3400 1555 3459 1591 τε
3493 1539 3599 1593 τῶν
3625 1540 3695 1592 ἰε-

2130 1627 2374 1697 ρατεύειν
2399 1627 2717 1692 δοκούντων,
2753 1629 2846 1682 καὶ
2876 1627 3027 1699 παρά
3063 1629 3169 1681 τῶν
3194 1628 3287 1682 τοῦ
3320 1628 3452 1682 λαοῦ
3481 1631 3728 1701 γινομέο·

2125 1736 2223 1790 νης
2258 1719 2360 1789 τῆς
2396 1719 2794 1791 πλημμελείας,
2835 1719 3120 1790 παρέδωκε
3154 1720 3252 1789 μὲν
3280 1721 3479 1785 αὐτοὺς
3509 1723 3538 1774 ό
3570 1722 3703 1786 Θεὸς

2121 1809 2199 1880 τῷ
2230 1809 2448 1881 πολέμῳ
2489 1812 2597 1864 τῶν
2641 1813 2717 1864 ὲκ
2745 1811 2844 1881 τῆς
2888 1812 3264 1882 Μακεδονικῆς
3311 1812 3699 1882 βασιλευόντων

2122 1901 2393 1972 διαδοχῆς,
2422 1903 2510 1972 ὑφ’
2534 1896 2609 1957 ὧν
2629 1903 2694 1974 δὴ
2722 1903 2996 1967 πλείστοις
3018 1904 3457 1977 πριεὸλήθησαν
3481 1908 3666 1969 κακοῖς
3681 1922 3695 1935 ·

2122 1993 2227 2046 τῶν
2257 1994 2314 2046 δὲ
2341 1994 2469 2065 περί⁹
2497 1995 2590 2048 τὸν
2619 1996 2979 2051 Μακκαϐαῖον
3023 1996 3221 2049 Ἰούδαν
3248 1997 3339 2049 τοῦ
3373 1998 3538 2067 νόμου
3569 2015 3699 2069 προ-

2125 2086 2363 2139 στάντων
2414 2086 2509 2139 τοῦ
2560 2086 2736 2151 θείου,
2789 2088 2883 2141 καὶ
2930 2088 3020 2142 τὴν
3072 2089 3209 2160 ὑπὲρ
3259 2089 3423 2143 αὐτοῦ
3468 2090 3721 2158 πόλεμον·

2121 2177 2532 2249 ἀναδεξαμένων
2555 2179 2693 2250 πρὸς
2724 2181 2849 2245 τοὺς
2882 2181 3001 2235 τότε
3034 2181 3418 2251 βασιλεύοντας
3448 2184 3553 2237 τῶν
3582 2184 3700 2237 Μα-

2121 2269 2373 2335 κεδόνων,
2402 2270 2565 2341 πολλή
2597 2288 2682 2333 τις
2715 2272 2808 2325 ἐπὶ
2857 2272 2921 2325 τὸ
2967 2276 3212 2344 κρεῖττον
3265 2275 3533 2346 μεταϐολὴ
3572 2277 3699 2345 περὶ

2122 2362 2269 2416 ἅπαν
2293 2364 2483 2431 γέγονε
2516 2364 2576 2417 τὸ
2627 2363 2783 2428 ἔθνος
2808 2382 2821 2395 ·
2871 2367 3230 2439 τετυχηκότες
3265 2368 3375 2439 γὰρ
3424 2369 3521 2438 τῆς
3551 2367 3698 2432 θείας

2124 2455 2295 2525 ροπῆς
2337 2457 2386 2509 οἱ
2437 2456 2789 2510 Μακκαϐαῖοι
2830 2458 2959 2521 τούς
3005 2476 3065 2511 τε
3111 2459 3365 2529 βασιλέας
3398 2460 3700 2530 κατηγωνί-
3754 2516 3758 2529 λ

2125 2562 2303 2610 σαντο,
2337 2548 2432 2600 καὶ
2460 2548 2586 2610 τοὺς
2617 2548 2748 2619 παρ’
2778 2550 3103 2612 αὐτοῖςτῶν
3133 2550 3420 2622 μοχθηρῶν
3449 2569 3696 2624 τιμωρη-

2125 2637 2367 2707 σάμενοι,
2415 2640 2489 2708 (p.
2518 2640 2643 2710 564)
2698 2641 2757 2693 ἐν
2805 2642 3097 2714 εὐσταθείᾳ
3129 2658 3187 2700 τε
3221 2645 3609 2716 καὶιεύκοσμίᾳ
3637 2646 3703 2697 τὸ

2123 2730 2274 2794 ἔθνος
2301 2732 2447 2786 ἅπαν
2479 2735 2896 2804 παρεσκεύασαν
2924 2730 3070 2789 εἶναι
3096 2750 3111 2764 ”
3164 2734 3307 2790 ὥστε
3338 2738 3431 2790 καὶ
3461 2739 3586 2800 τοὺς
3614 2738 3701 2791 νό-

2127 2841 2257 2893 μους
2276 2825 2402 2887 τοὺς
2426 2826 2601 2890 θείους
2626 2831 2842 2899 κρατεῖν
2870 2831 2996 2899 παρ’
3028 2831 3234 2894 αὺτοῖς,
3264 2831 3609 2901 παρανομίαν
3636 2850 3694 2884 τε

2126 2919 2309 2970 πᾶσαν
2340 2918 2399 2983 ἐξ
2431 2919 2608 2974 αὐτῶν
2658 2921 2992 2991 ἀπελαθῆναι
3038 2922 3302 2992 πρότερον
3348 2922 3723 2992 νκρατοῦσανν

2125 3008 2218 3060 καὶ
2241 3009 2304 3080 δὴ
2334 3011 2428 3062 καὶ
2455 3010 2552 3081 τὴν
2588 3012 2885 3084 ἱερωσύνην
2920 3014 3100 3067 πᾶσάν
3125 3030 3187 3066 τε
3211 3015 3310 3084 τὴν
3330 3014 3505 3086 ταύτῃ
3532 3015 3700 3084 καθή-
3722 3011 3726 3015 “

456 3104 628 3161 aderit
657 3122 781 3160 cum
819 3116 999 3161 vestra
1028 3114 1251 3176 peccata
1295 3107 1539 3176 puniam,
1570 3123 1777 3178 vosque
1808 3104 1999 3161 mode-
2024 3144 2025 3147 η

2131 3116 2325 3155 κουσαν
2372 3102 2710 3173 λειτουργίαν
2744 3105 2882 3175 μετά
2919 3106 3013 3158 τοῦ
3062 3108 3430 3178 προσήκοντος
3462 3106 3701 3159 ἐκτελεῖ-

456 3198 653 3253 stiores
684 3198 823 3251 mala
845 3195 1135 3265 inlligendo
1161 3198 1410 3262 elﬁciam,
1434 3208 1487 3252 et
1513 3198 1671 3267 quasi
1701 3196 2021 3251 contlatorio

457 3307 486 3344 a
511 3290 755 3363 pristinis
780 3292 1018 3361 peccatis
1048 3305 1306 3361 purgans,
1337 3288 1666 3361 comparabo
1695 3304 1793 3346 vos
1819 3290 1885 3345 ad
1905 3303 2024 3344 om-

456 3383 606 3438 nium
655 3382 766 3438 Deo
813 3390 1089 3452 gratorum
1140 3381 1442 3437 ciliciorum
1489 3382 1920 3444 observantiam,
1970 3392 2025 3436 et

458 3472 676 3543 quidem
708 3472 867 3527 etiam
908 3472 973 3527 ad
1009 3473 1207 3543 placita
1259 3472 1368 3527 Deo
1410 3473 1679 3528 sacriﬁcia
1724 3471 2021 3527 offerenda.

460 3565 669 3631 Quibus
699 3566 1027 3622 subnectens
1047 3606 1060 3631 ,
1106 3567 1366 3636 quoniam
1398 3566 1699 3636 intligendae
1747 3567 1820 3627 iis,
1854 3579 2027 3634 poena:

458 3659 744 3714 utilitatem
770 3667 1106 3721 narraverat,
1128 3659 1508 3728 perl’ectiorem
1533 3674 1593 3713 se
1619 3657 1686 3713 iis
1705 3653 2046 3734 curaturum.

459 3751 918 3815 emendationem,
943 3750 1011 3804 ita
1042 3750 1171 3805 dicit
1201 3768 1211 3802 :

2131 3193 2254 3248 σθαι
2282 3211 2293 3222 ·
2346 3196 2482 3267 ὅπερ
2523 3193 2614 3250 οῦν
2646 3198 2739 3252 καὶ
2770 3202 2799 3252 ό
2845 3199 3113 3268 μακάριος
3165 3200 3440 3270 Ζαχαρίας
3484 3201 3543 3252 ὲν
3588 3200 3701 3262 τοῖς

2131 3287 2324 3341 ἑαυτοῦ
2373 3288 2639 3360 δεδήλωκε
2697 3289 2876 3359 λόγοις
2903 3306 2919 3321 ο
2983 3290 3142 3344 τοῦτο
3203 3291 3380 3344 τοίνυν
3428 3291 3703 3346 κάνταῦθά

2136 3398 2321 3451 φησιν,
2378 3382 2461 3435 ὃτι
2552 3381 2765 3453 Ἐπειδὴ
2820 3384 2918 3455 τὴν
2965 3383 3179 3437 δικαίαν
3228 3384 3438 3454 ζητεῖτε
3498 3383 3699 3453 κρίσιν,

2133 3473 2286 3527 ἕσται
2317 3474 2507 3545 καιρὸς
2555 3476 2791 3547 ὁπηνίκα
2836 3478 3220 3547 τιμωρήσομαι
3271 3478 3369 3546 μὲν
3418 3476 3571 3545 ὑμῶν
3601 3475 3725 3537 τὰς·

2134 3563 2527 3635 πλημμελείας,
2561 3568 3030 3638 σωφρονεστέρους
3062 3567 3119 3620 δὲ
3154 3567 3297 3638 ὑμᾶς
3329 3566 3417 3621 διά
3446 3566 3553 3620 τῶν
3583 3568 3702 3618 ἐπι-

2132 3654 2430 3727 γινομένων
2486 3660 2858 3729 ὲργασάμενος
2915 3659 3142 3725 κακῶν,
3194 3660 3287 3713 καὶ
3350 3660 3539 3731 ὥσπερ
3597 3662 3703 3713 τινὶ

2132 3750 2331 3820 χωνείᾳ
2376 3751 2487 3804 τῶν
2536 3752 2779 3805 παλαιῶν
2836 3751 3148 3823 ὲκκαθῄρας
3197 3754 3702 3823 πλημμελημάτων,

461 3847 862 3917 παρασκευάσω
888 3846 950 3917 δὴ
991 3847 1206 3901 πάντων
1248 3865 1307 3901 τε
1354 3846 1725 3917 ἐπιμελεῖσθαι
1766 3845 1876 3897 τῶν
1944 3843 2065 3913 Θεῷ
2100 3843 2415 3910 δοκούντων,
2464 3848 2554 3901 καὶ
2584 3848 2647 3919 δὴ
2678 3848 2770 3901 καὶ
2796 3852 2894 3918 τὴν
2956 3849 3064 3901 τῶν
3097 3848 3297 3901 θυσιῶν
3339 3849 3727 3920 προσκομιδὴν⁵

462 3939 798 4008 ἀρεσκόντως
842 3938 1108 3991 ποιεῖσθαι
1154 3939 1305 4009 Θεῷ·
1359 3934 1439 4002 οἷς
1487 3938 1793 4001 ἀκολούθως
1836 3938 2023 4008 ἐπειδὴ
2062 3938 2161 4007 τῆς
2189 3939 2638 4011 ὲπαχθησομένης
2677 3942 2859 4004 αὐτοῖς
2904 3940 3022 3994 τότε
3085 3942 3357 4014 τιμωρίας
3422 3942 3484 3995 τὸ
3515 3943 3703 4014 κέρδος

464 4031 587 4100 ἔφη,
656 4030 729 4093 ὡς
761 4030 825 4084 ἂν
856 4032 1235 4102 ἐντελεστέραν
1300 4034 1636 4103 προσαγάγοι
1683 4034 1794 4095 τοῖς
1835 4030 2092 4083 ἀκούουσι
2132 4030 2228 4102 τὴν
2258 4031 2560 4103 διόρθωσιν,
2594 4033 2736 4086 οὕτω
2764 4033 2927 4103 φησίν
2948 4051 2962 4061 ·

538 4123 699 4177 Vens.
734 4123 852 4177 5-7.
882 4156 946 4164 -—
981 4144 999 4175 ι
1042 4124 1108 4177 Ει
1144 4126 1399 4179 accedam
1434 4128 1498 4181 ad
1528 4142 1626 4181 vos
1658 4126 1713 4179 in
1741 4125 1971 4195 judicio.
2006 4143 2025 4175 ι

465 4214 520 4269 ld
542 4222 648 4276 est,
673 4211 823 4268 vobis
841 4217 1110 4286 apparebo
1129 4228 1307 4272 vestra
1338 4234 1503 4288 opera
1522 4219 1889 4289 iudicaturus.
1921 4236 1940 4267 ι
1966 4215 2031 4268 Et

465 4326 560 4367 ero
599 4310 754 4369 testis
794 4311 949 4367 velox
985 4327 1149 4383 super
1188 4314 1494 4377 venelicos,
1531 4322 1585 4369 et
1618 4328 1783 4383 super
1816 4313 2029 4368 adulte-

468 4420 587 4471 ras,
626 4414 680 4460 et
720 4421 883 4474 super
915 4405 1165 4475 jurantes
1202 4405 1257 4458 in
1297 4406 1515 4459 nomine
1552 4420 1677 4459 meo
1712 4420 1836 4459 eum
1872 4421 2027 4461 men-

2207 4126 2355 4196 Στίχ.
2380 4126 2510 4189 ε’-ζ’.
2537 4157 2607 4168 -
2635 4145 2653 4177 ι
2690 4128 2798 4179 Καὶ
2843 4126 3273 4196 προσελεύσομαι
3311 4127 3444 4198 πρὸς
3476 4127 3618 4197 ὑμᾶς
3645 4128 3703 4177 ἐν

2138 4218 2347 4288 κρίσει·
2385 4238 2404 4269 ι
2443 4218 2562 4271 ἀντὶ
2600 4218 2715 4279 τοῦ,
2754 4218 3026 4288 Φανοῦμαι
3078 4220 3136 4271 ὲν
3174 4220 3299 4289 ὑμῖν
3341 4218 3460 4270 τότε
3504 4218 3711 4289 κρίνων

2136 4311 2248 4371 τοῖς
2280 4310 2411 4381 παρ’
2441 4309 2592 4379 ὑμῶν
2631 4308 3039 4379 πραττομένοις.
3073 4328 3092 4361 ι
3127 4310 3235 4361 Καὶ
3278 4308 3467 4378 ἔσομαι
3497 4308 3701 4378 μάρτυς

2135 4398 2302 4468 ταχὺς
2333 4400 2426 4451 ἐπὶ
2454 4401 2577 4461 τοὺς
2604 4399 2945 4468 φαρμακοὺς,
2978 4399 3069 4450 καὶ
3114 4399 3205 4449 ἐπὶ
3239 4397 3335 4461 τὰς
3371 4398 3703 4468 μοιχαλίδας,

474 4495 635 4550 dacio
657 4536 671 4559 ,
706 4506 759 4552 et
794 4514 958 4567 super
989 4497 1298 4552 fraudantes
1330 4498 1633 4551 mercedem
1670 4499 2027 4577 mercenarii,

2137 4492 2231 4544 καὶ
2260 4492 2352 4543 ἐπὶ
2396 4492 2521 4554 τοὺς
2554 4490 2852 4560 ὀμνύοντας
2881 4489 2960 4559 τῷ
2990 4487 3214 4559 ὀνόματί
3253 4505 3352 4558 μου
3382 4487 3475 4539 ἐπὶ
3496 4486 3701 4555 ψεύδει,

470 4595 525 4641 et
568 4586 856 4641 viduarum
905 4604 1297 4658 oppressores,
1332 4596 1385 4642 et
1430 4588 1797 4657 orphanorum
1841 4589 2032 4643 verbe-

470 4683 720 4741 ratores,
767 4687 822 4733 et
860 4681 951 4749 qui
1000 4689 1320 4749 pervertunt
1369 4682 1636 4750 judicium
1686 4683 1940 4747 advenre,
1980 4691 2033 4735 ct

472 4768 564 4838 qui
612 4784 698 4824 me
748 4786 852 4824 uon
908 4772 1097 4826 timent
1120 4812 1134 4837 ,
1168 4773 1299 4827 dicit
1331 4773 1588 4829 Dominus
1614 4774 1979 4843 omnipotens.
2010 4792 2028 4824 ι

472 4859 573 4917 llis
618 4861 799 4918 verbis
845 4863 1103 4917 nimirum
1148 4867 1388 4921 ostendit
1432 4876 1563 4937 quot
1594 4874 2032 4936 quantarumquc

475 4964 811 5026 patratarum
870 4958 1219 5027 iniquitatum
1270 4973 1461 5028 poenas
1507 4960 1685 5013 daturi
1736 4960 1865 5014 sint.
1914 4959 2030 5013 Jam

476 5048 804 5103 locutionem
838 5047 1002 5119 384
1050 5049 1249 5106 «Testis
1272 5051 1450 5107 velox:
1477 5051 1606 5106 dicit
1628 5064 1740 5120 pro,
1790 5049 2031 5105 Celerem

433 5176 444 5227 ⁸,
476 5155 692 5209 prauam
736 5140 1042 5204 adducam,
1075 5140 1275 5209 quippe
1304 5142 1397 5210 qui
1430 5152 1608 5197 vestra
1642 5140 1826 5196 omnia
1871 5156 2034 5195 accu-

476 5240 593 5285 rate
618 5232 773 5288 scio:
810 5240 862 5287 et
908 5233 1169 5289 adversus
1206 5234 1427 5287 omnino
1472 5243 1733 5302 cunctos,
1768 5243 2032 5305 quotquot

476 5322 680 5388 libere,
715 5325 922 5379 omisso
968 5325 1162 5380 timore
1209 5340 1365 5389 meo,
1424 5327 1695 5403 nequitiae.
1726 5316 2051 5393 adhmrcnt,

479 5416 620 5470 hanc
650 5429 865 5486 poenam
900 5418 1155 5474 indicam.
1201 5418 1323 5473 Mox
1352 5417 1536 5473 addit:
1567 5440 1585 5469 ι
1619 5417 1756 5485 Quia
1801 5434 1901 5489 ego
1927 5417 2036 5471 Do-

480 5508 662 5562 minus
691 5508 834 5564 Deus
865 5521 1060 5574 vester,
1089 5523 1143 5568 et
1172 5529 1282 5569 non
1312 5514 1589 5568 immutor.
1642 5514 1707 5567 Et
1753 5527 1849 5568 vos
1872 5552 1886 5576 ,
1939 5511 2037 5566 lilii

476 5596 647 5654 Jacob
667 5642 681 5657 .
713 5616 822 5656 non
847 5603 1099 5661 reccditis
1128 5621 1158 5660 a
1189 5609 1426 5677 peccatis
1455 5615 1669 5678 patrum
1698 5616 2038 5672 vestrorum,

550 5773 596 5806 "
617 5771 771 5829 Joau.
801 5792 872 5842 iv,
899 5779 989 5834 25.

2138 4585 2233 4638 καὶ
2277 4584 2371 4636 ἐπὶ
2406 4583 2529 4645 τοὺς
2572 4581 3003 4652 ἀποστεροῦντας
3056 4580 3242 4651 μισθὸν
3284 4578 3574 4649 μισθωτοῦ,
3610 4580 3725 4631 καὶε

2140 4673 2695 4749 καταδυναστεύοεας
2729 4674 2922 4746 χήρας,
2957 4672 3051 4726 καὶ
3086 4670 3730 4739 ’κονδυλίξονταςόρφαυ

2140 4768 2281 4832 νοὺς,
2317 4768 2409 4820 καὶ
2457 4767 2583 4830 τοὺς
2622 4765 2963 4827 ὲκκλίνοντας
3002 4764 3180 4834 κρίσιν
3223 4761 3581 4832 προσηλύτου,
3612 4760 3729 4813 καὶ.

2139 4862 2263 4922 τοὺς
2322 4860 2397 4930 μὴ
2452 4859 2813 4929 φοϐουμένους
2868 4876 2964 4929 με,
3002 4859 3076 4927 (p.
3129 4855 3255 4925 565)
3312 4855 3458 4922 λέγει
3506 4852 3727 4922 Κύριος

2139 4954 2549 5024 παντοκράτωρ.
2593 4971 2610 5002 ι
2650 4953 2871 5014 Δεικνὺς
2927 4950 3014 5003 διὰ
3059 4948 3262 5002 τούτων
3311 4948 3451 5017 ὑπὲρ
3496 4945 3710 4998 ὁπόσων

2138 5039 2212 5098 ὧν
2239 5045 2655 5115 διαπράττονται
2688 5043 2807 5095 τότε
2837 5043 3023 5095 κακῶν
3058 5040 3287 5092 δώσουσι
3330 5038 3502 5099 δίκας.
3544 5036 3619 5087 Τὸ
3652 5034 3711 5086 δὲ

2146 5161 2162 5191 ι
2204 5140 2414 5210 μάρτυς
2468 5138 2655 5207 ταχὺς,
2690 5135 2827 5187 »ἵνα
2881 5134 3029 5203 εἴπῃ,
3066 5130 3297 5195 «Ὀξείαν
3352 5131 3573 5197 ἐπάγων
3614 5130 3711 5200 τὴν

2140 5232 2427 5309 τιμωρίαν,
2451 5229 2522 5291 ὡς
2549 5229 2613 5282 ἂν
2652 5228 2887 5299 ἀκριϐῶς
2916 5226 2982 5281 τὰ
3014 5225 3132 5279 καθ’
3158 5226 3302 5294 ὑμᾶς
3328 5223 3707 5291 ἐπιστάμενος.

2156 5320 2277 5377 Ἐπὶ
2304 5322 2505 5383 πάντας
2539 5317 2605 5390 δὴ
2628 5319 2865 5383 τούτους,
2898 5316 3077 5387 φησὶν,
3114 5318 3206 5367 καὶ
3244 5313 3499 5377 καθάπαξ
3531 5314 3585 5366 δὲ
3627 5314 3713 5379 ἐφ’

2146 5414 2386 5475 ἅπαντας
2412 5414 2527 5465 ἶσοι
2548 5409 2641 5463 τοῦ
2664 5409 2827 5479 φόϐου
2849 5406 3278 5477 καταμελοῦντες
3311 5404 3404 5458 τοῦ
3423 5402 3569 5483 ’ἐμοῦ
3604 5404 3712 5462 τοῖς

2148 5507 2382 5578 χείροσιν
2414 5502 2582 5565 ἀδεῶς
2607 5502 3004 5571 προστετήκασι
3047 5499 3301 5568 τοιαύτην
3333 5494 3517 5561 ἐπάξω
3546 5511 3721 5563 τιμωρ.

2150 5603 2292 5675 ρίαν.
2398 5595 2532 5657 Εἶτα
2576 5597 2795 5664 ἐπάγει·
2838 5614 2858 5648 ι
2891 5594 3032 5648 Διότι
3084 5592 3194 5664 ἐγὼ
3256 5592 3460 5663 Κύριος
3512 5591 3539 5644 ὁ
3583 5586 3717 5651 Θεὸς
