4096 6234
365 327 475 384 6‘25

1317 332 1864 389 COMMENTARIUS
1896 333 1962 390 IN
2003 335 2382 392 MALACHUE
2421 338 2576 393 CAP.
2613 337 2700 393 111.

3546 325 3648 382 62ῖρ

372 450 556 520 ὑμῶν,
616 452 711 504 καὶ
761 452 860 506 οὑκ
909 451 1239 520 ήλλοίωμαι·
1281 454 1372 504 καὶ
1423 452 1578 522 ὑμεῖς
1623 452 1732 504 υἱοὶ
1771 452 1961 506 Ἰακὼό

2070 455 2393 512 deelinastis
2440 473 2470 510 a
2519 454 2776 525 legitimis
2809 454 2976 517 meis,
3015 467 3117 508 nec
3159 465 3221 506 ea
3255 447 3596 505 custodistis.
3630 469 3648 500 ι

374 543 479 596 οὑκ
507 541 772 612 ἀπέχεσθε
798 542 904 596 ἀπὸ
925 543 1030 595 τῶν
1061 542 1340 614 ἁμαρτιῶν
1369 543 1477 596 τῶν
1509 544 1762 614 πατέρων
1790 543 1964 614 ὑμῶν,

377 636 691 702 ἐξεκλίνατε
727 638 932 709 νόμιμά
962 655 1083 708 μου,
1119 639 1211 691 καὶ
1257 639 1355 694 οὑκ
1393 639 1715 708 ἐφυλάξατε.
1757 659 1776 692 ι
1826 639 1967 709 Ἐγὼ

383 728 485 798 μὲν
513 729 621 799 γάρ
662 730 823 793 αὑτός
884 731 996 800 εἰμι
1040 730 1268 783 πάντοτε
1303 731 1545 803 ἐμαυτῷ,
1578 734 1670 786 καὶ
1718 731 1967 799 ἀνεξικα-

381 823 497 874 κεῖν
528 821 615 874 ὅτε
651 822 924 893 προσῆκεν
957 823 1130 887 εἰδὼς,
1167 825 1258 877 καὶ
1301 825 1569 895 τιμωρίας
1615 827 1803 898 καιρὸν
1850 829 1967 879 ὲπι-

382 913 684 983 στάμενος·
719 915 877 985 ὑμεῖς
907 915 964 967 δὲ
1001 915 1246 986 ἀκριϐεῖς
1287 917 1408 986 ἐστε
1443 919 1677 988 μιμηταὶ
1714 917 1822 972 τῶν
1862 935 1967 972 πα-

379 1001 572 1074 τρῴων
600 1004 1031 1076 ἁμαρτημάτων,
1063 1003 1456 1077 παραπλησίως
1487 1007 1736 1071 ἐκείνοις,
1765 1007 1873 1061 τῶν
1903 1025 1962 1060 τε

2073 547 2221 619 Ego,
2265 548 2473 618 inquit,
2515 562 2732 616 semper
2773 545 2906 600 mihi
2947 552 3176 608 consto,
3215 550 3270 598 et
3303 541 3652 612 quandonam

2071 640 2340 709 patienter
2393 639 2679 696 ferendum
2731 639 2802 695 sit
2851 639 3001 704 seio,
3044 645 3100 691 et
3139 634 3400 707 puniendi
3451 634 3656 704 pariter

2073 741 2288 803 tempus
2317 733 2468 789 novi.
2510 732 2615 789 Vos
2649 747 2780 788 vero
2811 730 3013 786 summi
3047 729 3184 785 estis
3215 727 3520 782 imitatores
3551 739 3648 796 pa-

2075 835 2352 880 ternorum
2389 835 2768 898 peccatorum,
2805 841 2959 895 reque
2988 839 3052 878 ac
3087 822 3163 877 illi
3199 822 3377 892 legum
3406 833 3648 874 mearmn

2073 917 2523 984 prmvaricatores
2549 957 2564 979 ,
2603 932 2702 972 nee
2745 917 2812 970 de
2861 930 3051 970 earum
3098 911 3444 970 observantia
3494 909 3646 964 solli-

2073 1009 2208 1075 citi;
2239 1024 2404 1078 quam
2438 1011 2508 1064 ob
2534 1025 2646 1064 rem
2676 1010 2883 1079 justam
2916 1005 3200 1079 patiemini
3237 1002 3601 1074 punitionem.

380 1097 562 1167 νόμων
611 1095 976 1167 ἐκτραπέντες
1049 1095 1150 1150 τῶν
1225 1094 1392 1165 ἐμῶν,
1463 1097 1552 1151 καὶ
1598 1098 1694 1168 τῆς
1727 1098 1972 1169 φυλακῆς
2001 1100 2180 1154 αὐτῶν
2227 1102 2412 1155 οὐδένα
2459 1102 2770 1174 ποιούμενοι
2817 1101 2992 1168 λόγον,
3024 1099 3164 1169 ὑπὲρ
3202 1091 3276 1151 ὧν
3316 1097 3379 1166 δὴ
3421 1095 3514 1148 καὶ
3550 1093 3650 1162 τὴν

379 1186 652 1259 τιμωρίαν
679 1185 896 1250 δέξεσθε
925 1186 1162 1242 δικαίαν.

342 1273 360 1356 '_
454 1279 603 1350 Στίχ.
652 1283 785 1349 η’-ι⁹.
828 1278 1247 1333 -Μεθεσταται
1305 1281 1362 1335 δὲ
1411 1282 1572 1336 πάλιν
1609 1285 1638 1335 ὀ
1682 1284 1964 1354 προφήτης

379 1372 469 1444 ἐφ’
509 1371 702 1442 ἑτέραν
758 1370 1148 1440 πλημμέλειαν,
1191 1372 1258 1442 ἣν
1304 1374 1428 1444 περί
1467 1391 1528 1426 τε
1572 1373 1669 1437 τὰς
1714 1374 1967 1445 ἀπαρχὰς

381 1461 764 1534 ἐπλημμέλουν
809 1462 903 1515 καὶ
956 1463 1054 1526 τάς
1103 1463 1366 1527 δεκάτας,
1413 1465 1717 1518 ἀποδιδόναι
1765 1466 1967 1528 ταύτας

383 1558 526 1612 κατά
560 1556 656 1628 τὴν
686 1555 777 1609 τοῦ
813 1557 976 1627 νόμου
1012 1556 1254 1623 διάταξιν
1297 1561 1398 1613 οὑκ
1427 1560 1716 1626 ἐθέλοντες.
1755 1583 1771 1614 ι
1815 1564 1964 1615 Ἐπιο

382 1647 651 1718 στρέψατε
688 1646 822 1718 πρὸς
853 1663 939 1717 με,
972 1649 1063 1700 καὶ
1111 1650 1590 1720 ἐπιστραφήσομαι
1637 1652 1772 1722 πρὸς
1802 1653 1964 1723 ὑμᾶς,

379 1739 529 1807 λέγει
577 1737 779 1810 Κύριος
820 1740 1234 1812 παντοκράτωρ.
1277 1761 1296 1791 ›
1327 1742 1570 1796 Νεὺσατε
1609 1744 1664 1796 δὲ
1713 1745 1844 1816 πρός
1876 1762 1965 1814 με,

385 1831 571 1901 φησιν,
608 1831 684 1893 ὡς
728 1831 794 1884 ἂν
833 1831 1100 1884 ἀκόλουθα
1146 1833 1272 1902 ὑμῖν
1300 1834 1590 1906 ὑπάρξειεν
1631 1837 1722 1889 καὶ
1744 1837 1811 1890 τά
1839 1839 1967 1905 παρ’

387 1921 547 1992 ἐμοῦ.
597 1939 615 1972 ι
669 1920 770 1974 Καὶ
825 1923 1060 1988 εἴπατε,
1137 1924 1223 1976 Ἑν
1292 1924 1394 1977 τίνι
1465 1926 1901 1998 ἐπιστρέψομενς
1945 1947 1962 1980 ι

385 2012 469 2080 (p.
497 2011 618 2082 566)
673 2012 832 2066 Ἀλλά
881 2013 988 2084 γάρ
1013 2012 1208 2078 οἴεσθε,
1246 2016 1398 2086 φησὶ,
1431 2016 1566 2087 μηδὲ
1599 2017 1802 2071 δεῖσθαι
1828 2018 1968 2080 τινὸς

383 2105 752 2175 ἐπιστροφῆς·
805 2104 975 2168 οὑτως
1013 2105 1335 2174 ἀναίσθητον
1368 2107 1488 2160 τινὰ
1546 2109 1639 2161 ἀπ’
1687 2109 1820 2178 ἐμοῦ
1872 2126 1968 2161 πε-

377 2195 609 2266 ποίησθε
657 2197 754 2268 τὴν
812 2197 1105 2268 έκτροπήν.
1158 2218 1176 2250 ι
1235 2198 1300 2252 Et
1348 2199 1623 2270 πτερνῖζει
1685 2200 1967 2271 ἄνθρωπος

376 2289 550 2352 Θςόν;
577 2289 711 2341 διότι
749 2288 904 2360 ὑμεῖς
941 2291 1255 2360 πτερνίζετέ
1289 2308 1394 2362 με;
1434 2311 1450 2343 ι
1491 2293 1597 2344 Καὶ
1623 2292 1823 2356 ταῦτα,
1864 2310 1968 2364 φη-

380 2381 489 2444 σὶν,
526 2380 667 2433 οὕτω
700 2381 968 2451 νομίζετε,
1009 2383 1222 2454 ἁπατᾷν
1272 2401 1338 2454 με
1386 2385 1655 2454 οἰόμενοι·
1698 2386 1834 2455 ὅπερ
1873 2382 1966 2440 οὖν

377 2474 680 2543 ἐπιχειρεῖν
711 2473 1016 2545 ἀνθρώποις
1063 2476 1191 2546 περὶ
1231 2474 1384 2538 Θεὸν,
1412 2477 1511 2546 τῆς
1554 2477 1786 2548 ἐσχάτης
1818 2477 1964 2530 ἐστὶν

376 2564 636 2634 εὐηθείας
685 2581 744 2616 τε
788 2564 882 2618 καὶ
937 2566 1152 2637 μανίας.
1207 2586 1224 2616 ι
1276 2567 1385 2620 Καὶ
1433 2568 1642 2631 εἴπατε,
1719 2568 1806 2620 Ἐν
1857 2568 1963 2621 τίνι

373 2655 774 2726 ἐπτερνίσαμέν
810 2673 868 2709 σε
894 2673 907 2720 ;
935 2677 950 2706 ι
983 2658 1095 2710 ἀλλ’
1112 2657 1231 2711 οὑδὲ
1260 2658 1417 2712 τοῦτο
1440 2659 1736 2722 ποιοῦντες,
1769 2657 1962 2728 αἴσθη-

379 2764 466 2799 σιν
491 2747 641 2817 ἔχετε
668 2747 764 2816 τῆς
793 2749 1022 2814 ἀτοπίας
1043 2749 1136 2802 τοῦ
1167 2751 1506 2820 γιγνομένου.
1536 2746 1669 2802 Εἶτα
1697 2750 1757 2802 τὸ
1783 2749 1963 2820 ἀμάρ-

374 2856 532 2912 τῃμα
565 2839 766 2908 λέγων·
802 2859 821 2890 ι
861 2840 982 2893 Ὅτι
1020 2841 1094 2895 .τά
1142 2842 1433 2895 ὲπιδέκατα
1471 2843 1564 2895 καὶ
1614 2843 1669 2896 αἱ
1715 2843 1961 2914 ἀπαρχαὶ

381 2929 508 3002 μεθ’
541 2930 693 3000 ὑμῶν
717 2932 819 2982 εἰσι
841 2947 854 2960 ⁸
882 2931 974 2984 καὶ
1009 2929 1406 2996 ἀποϐλέποντες
1437 2934 1593 3004 ὑμεῖς
1625 2933 1961 2987 ἀποϐλέπετε

375 3023 466 3086 εἰς
491 3022 623 3075 αὑτό
642 3038 657 3054 ο
686 3022 778 3075 καὶ
811 3022 967 3092 ὑμεῖς
994 3024 1093 3094 ἐμὲ
1121 3024 1450 3095 πτερνὶζετε.
1492 3045 1510 3076 ι
1541 3025 1652 3090 Τὰς
1673 3025 1782 3097 γὰρ
1803 3025 1963 3078 δεκα-

375 3113 499 3176 sti;
527 3114 620 3167 καί
643 3112 738 3175 τάς
770 3113 1022 3184 ἀπαρχάς
1049 3115 1108 3167 οὑ
1137 3115 1274 3168 κατά
1297 3114 1358 3168 τὸ
1388 3118 1770 3188 νενομισμένον
1796 3135 1962 3186 προσ-

351 3205 542 3274 ’ἀγετε
567 3208 680 3270 τοῖς
723 3205 977 3278 ἱερεῦσιν,
1009 3207 1125 3260 ἀλλ’
1158 3208 1309 3279 ἔχετε
1353 3211 1483 3279 παρ’
1511 3211 1743 3274 ἑαυτοῖς·
1766 3205 1884 3264 εἶτά
1904 3226 1958 3262 τι

377 3299 572 3370 κέρδος
597 3300 822 3362 ,ἑαυτοῖς
870 3297 1116 3353 ἐντεῦθεν
1166 3301 1442 3371 προξενεῖν
1494 3302 1820 3372 νομίζοντες,
1869 3305 1963 3356 καὶ

343 3471 350 3474 _
374 3391 460 3461 ᾡς
488 3390 578 3443 ἐπί
602 3407 725 3444 τινα
745 3391 1007 3463 μεγίστην
1029 3391 1293 3460 ὠφέλειαν
1321 3392 1649 3464 ἀφορῶντες,
1685 3395 1764 3458 εἰς
1789 3393 1963 3448 ταῦτα

376 3481 450 3553 δὴ
480 3480 514 3535 5.
545 3482 667 3550 παρ’
697 3482 851 3553 ὑμῶν
883 3482 1224 3536 ἀποδίδοσθαι
1253 3483 1526 3554 προσῆκον
1551 3481 1639 3556 ἦν,
1670 3485 1828 3539 τοῦτο
1863 3486 1962 3556 μὲν

379 3571 687 3639 εἰλικρινῶς
715 3576 884 3626 ποιεῖν
919 3573 1017 3626 οὑκ
1045 3572 1257 3626 ἐθέλετε
1280 3591 1292 3602 ·
1328 3573 1571 3644 βραχέων
1599 3575 1656 3627 δέ
1683 3593 1843 3628 τινων
1868 3577 1962 3628 καὶ

377 3662 618 3716 εὐτελῶν
663 3667 1014 3736 προσαγωγῇ,
1056 3672 1118 3717 τὸ
1156 3665 1382 3735 νόμιμον
1432 3665 1738 3719 ἀποδιδόναι
1789 3682 1962 3736 προσ-

380 3755 622 3808 ποιεῖσθε
644 3773 656 3787 ·
687 3757 823 3828 ὅπερ
859 3753 951 3810 οῦν
989 3757 1140 3810 οὐδὲν
1185 3757 1369 3828 ἕτερον
1407 3758 1572 3822 ἐστὶν,
1605 3758 1718 3811 ἀλλ’
1749 3758 1782 3829 ἢ
1822 3759 1962 3813 ἀπα-

377 3847 481 3916 τᾷν
515 3864 583 3917 με
614 3848 974 3913 νομιζόντων·
1014 3849 1230 3920 ἀπάτης
1264 3848 1370 3919 γάρ
1415 3851 1500 3920 εἴη
1541 3851 1606 3904 ἀν
1635 3850 1694 3904 τὸ
1725 3853 1799 3921 μὴ
1834 3851 1962 3904 εἰλι-

380 3938 582 4009 κρινῶς
609 3939 670 3990 τὸ
699 3940 926 4009 νόμιμον
953 3941 1112 4011 χρέος
1157 3940 1524 4013 ἀποπληροῦν,
1555 3946 1876 4014 πανουργεῖν
1904 3942 1960 3996 δὲ

376 4028 545 4084 αὑτοῦ
567 4031 694 4101 περὶ
720 4030 813 4101 τήν
838 4031 1223 4101 ἀποπλήρωσιν
1246 4032 1556 4101 πειρᾶσθαι.
1583 4031 1712 4087 Εἶτα
1741 4035 1955 4104 ἐπάγει·

381 4140 404 4172 ‹
449 4120 522 4172 Τὸ
553 4119 668 4184 ἔτος
716 4119 1101 4192 συνετελέσθη·
1137 4122 1233 4174 καὶ
1283 4123 1637 4194 εἰσηνέγκατε
1681 4126 1856 4178 πάντα
1891 4124 1961 4178 τὰ

375 4213 609 4284 ἐκφόρια
661 4214 740 4276 εἰς
789 4215 916 4276 τοὺς
973 4213 1298 4286 θησαυροὺς,
1353 4217 1446 4270 καὶ
1499 4217 1532 4286 ἡ
1591 4218 1814 4287 ἁρπαγὴ
1863 4217 1958 4270 τοῦ

2146 1282 2308 1338 Vens.
2347 1281 2502 1335 8-l0.
2527 1311 2596 1322 —
2618 1279 2839 1335 Transit
2871 1278 3053 1332 denuo
3089 1274 3354 1345 propheta
3388 1270 3456 1326 ad
3499 1271 3646 1327 aliud

2031 1423 2033 1426 .
2073 1383 2356 1445 peccatum
2377 1412 2393 1438 ,
2421 1371 2568 1442 quod
2598 1372 2746 1428 circa
2776 1369 3048 1441 primitias
3092 1365 3444 1434 decimasque
3491 1378 3647 1418 com-

2074 1466 2366 1528 miserant,
2426 1462 2672 1517 nolentes
2725 1477 2818 1516 eas
2872 1460 3032 1530 juxta
3090 1457 3225 1528 legis
3281 1454 3643 1510 constitutum

2076 1557 2400 1628 persolvere.
2432 1575 2449 1606 ί
2483 1553 2840 1608 ιὶονονιὶωἰιιί
2875 1552 2941 1606 ad
2983 1567 3103 1614 me,
3151 1558 3204 1604 et
3248 1563 3350 1618 ego
3403 1555 3647 1602 revertar

2031 1640 2042 1728 1'
2072 1650 2138 1703 ad
2171 1663 2268 1704 vos
2289 1689 2302 1714 ,
2338 1648 2469 1702 dicit
2514 1645 2776 1700 Dominus
2822 1644 3187 1714 omnipotens.
3219 1662 3235 1691 ι
3275 1640 3549 1711 Respieite
3577 1640 3644 1694 ad

2073 1757 2160 1796 me
2183 1782 2197 1805 ,
2233 1740 2442 1809 inquit,
2477 1747 2536 1793 ut
2578 1745 2945 1793 consentanea
2977 1735 3130 1790 vobis
3172 1750 3202 1788 a
3251 1750 3336 1788 me
3369 1733 3640 1788 eveniant.

2077 1851 2095 1884 ι
2127 1832 2190 1888 Et
2220 1833 2438 1888 dixistis
2467 1850 2481 1886 :
2517 1817 2572 1885 In
2611 1845 2719 1900 quo
2756 1829 3134 1885 revertemur?
3166 1846 3183 1878 ι
3209 1826 3420 1896 Quippe
3454 1823 3646 1880 existi-

2070 1925 2232 1978 matis
2257 1963 2272 1988 ,
2304 1924 2511 1994 inquit,
2547 1923 2694 1976 nulla
2726 1921 3040 1978 reversione
3073 1919 3316 1988 indigere
3344 1936 3356 1971 :
3393 1915 3529 1971 adeo
3559 1917 3645 1970 in-

2071 2026 2350 2072 sensatum
2378 2031 2408 2070 a
2439 2031 2525 2070 tne
2550 2015 2855 2072 discessum
2887 2001 3130 2070 fecistis!
3165 2029 3181 2062 ι
3211 2008 3350 2064 Num
3379 2008 3641 2078 supplan-

2070 2110 2205 2162 tabit
2253 2109 2416 2162 homo
2465 2107 2668 2169 Deum,
2711 2106 2837 2175 quia
2890 2119 2986 2160 vos
3017 2101 3417 2174 supplantastis
3447 2099 3581 2155 me?
3616 2118 3633 2150 ι

2069 2200 2225 2266 Quod
2279 2198 2524 2270 profecto
2570 2197 2818 2252 homines
2871 2196 3137 2250 adversus
3184 2193 3357 2248 Deum
3401 2190 3633 2252 audere,

2066 2303 2322 2348 extrema:
2355 2289 2601 2346 stultitia:
2637 2288 2972 2358 insaniaeque
3001 2295 3104 2341 est.
3140 2303 3159 2335 ι
3195 2283 3261 2337 Et
3289 2281 3506 2338 dixistis
3534 2298 3546 2333 :
3584 2281 3636 2333 In

2066 2401 2175 2456 quo
2207 2373 2676 2454 supplantavimus
2707 2383 2789 2438 te?
2823 2401 2840 2431 ι
2865 2378 2973 2435 Sed
3003 2393 3181 2448 neque
3201 2418 3215 2442 ,
3247 2376 3376 2430 dum
3409 2375 3481 2426 ita
3515 2389 3638 2443 age-

2065 2479 2231 2542 retis,
2273 2491 2496 2531 sensum
2538 2484 2738 2530 vestrae
2781 2471 3143 2528 absurditatis
3180 2467 3467 2524 habuistis.
3510 2466 3633 2520 Mox

2063 2575 2347 2639 peccatum
2377 2569 2646 2629 recitans,
2679 2567 2753 2620 ait
2781 2585 2793 2620 :
2829 2585 2848 2618 ι
2876 2564 3147 2632 Quoniam
3189 2563 3414 2618 decima:
3453 2560 3639 2630 primi-

2065 2663 2260 2732 tiaeque
2282 2661 2425 2732 apud
2455 2678 2552 2716 vos
2582 2670 2732 2717 sunt.
2769 2660 2832 2714 Et
2857 2674 2954 2715 vos
2982 2656 3338 2728 reSpicientes
3364 2653 3636 2722 respicitis

2063 2755 2120 2810 in
2153 2755 2205 2810 id
2242 2756 2442 2826 ipsum.
2482 2754 2548 2808 Et
2578 2770 2671 2809 vos
2702 2769 2787 2807 me
2818 2751 3235 2823 supplantastis.
3269 2769 3288 2802 ι
3315 2747 3449 2801 Nam
3481 2747 3634 2801 deei-

2065 2863 2184 2904 mas
2216 2857 2382 2919 atque
2415 2847 2686 2918 primitias
2733 2859 3081 2916 nequaquam
3132 2849 3292 2913 prout
3341 2839 3636 2910 legitimum

2063 2941 2553 3010 est-sacerdotibus
2582 2940 2813 3000 oll‘ertis,
2847 2937 2943 2994 sed
2968 2936 3069 3007 ipsi
3093 2933 3358 2990 retinetis.
3386 2932 3637 2985 Attamen

2064 3034 2221 3105 quasi
2263 3033 2484 3102 aliquod
2525 3033 2959 3088 emolumentum
2994 3043 3191 3098 capere
3224 3024 3598 3080 existimantes
3621 3061 3635 3080 .

2063 3135 2118 3182 et
2153 3125 2311 3196 quasi
2341 3124 2504 3196 385
2539 3124 2831 3178 maximam
2885 3121 3124 3191 aliquam
3177 3117 3466 3170 utilitatetn
3513 3125 3638 3183 spe-

2045 3225 2311 3295 .ctantes,
2346 3233 2539 3287 nempe
2577 3217 2622 3271 si
2655 3215 2803 3286 quod
2830 3228 2968 3284 opus
2999 3220 3084 3267 est
3119 3209 3393 3271 reddatis,
3427 3220 3635 3275 nequa-

2062 3327 2225 3382 quam
2259 3311 2469 3380 integre
2505 3309 2558 3364 id
2591 3311 2758 3364 vultis
2793 3309 2980 3363 facere
3002 3349 3017 3372 ,
3057 3305 3149 3362 sed
3183 3305 3502 3374 exiguorum
3535 3300 3636 3354 ali-

2062 3408 2197 3470 quot
2227 3409 2391 3470 atque
2425 3401 2613 3454 vilium
2656 3399 2962 3461 oblatione,
3006 3395 3153 3466 quod
3199 3393 3499 3464 legitimum
3552 3399 3638 3445 est

2061 3505 2321 3570 praestare
2358 3493 2651 3549 simulatis.
2711 3487 2867 3558 Quod
2924 3505 3056 3545 sane
3115 3487 3248 3540 nihil
3305 3485 3451 3538 aliud
3510 3491 3633 3543 est.

2063 3600 2227 3653 quam
2277 3583 2559 3638 hominum
2615 3597 2702 3636 me
2749 3580 3002 3650 decipere
3047 3575 3356 3648 putantium
3399 3573 3630 3627 facinus.

2062 3674 2194 3728 Nam
2244 3675 2396 3731 fraus
2450 3685 2567 3740 est,
2619 3673 2861 3727 debitum
2911 3671 3213 3742 legitimum
3264 3668 3474 3736 integre
3519 3679 3634 3718 non

2062 3767 2376 3836 persolvere
2399 3805 2415 3829 ,
2449 3764 2544 3821 sed
2592 3764 2863 3818 malitiose
2892 3775 3015 3816 cum
3050 3759 3160 3814 Deo
3188 3758 3335 3813 circa
3368 3757 3511 3810 hanc
3541 3769 3633 3814 so-

2062 3858 2321 3913 lutionem
2373 3873 2433 3912 se
2479 3872 2686 3929 gerere.
2731 3853 2866 3908 Tum
2898 3852 3071 3923 pergit
3116 3851 3340 3905 dicere:
3384 3867 3401 3900 ‹
3440 3848 3634 3902 Annus

2063 3951 2366 4021 completus
2399 3959 2500 4004 est.
2536 3948 2601 4002 Et
2633 3946 2897 4001 intulistis
2927 3958 3119 3998 omnes
3151 3941 3362 3996 fructus
3415 3941 3470 3993 in
3503 3940 3632 3992 hor-

2065 4060 2189 4106 rea,
2227 4051 2282 4098 et
2315 4041 2508 4114 rapina
2539 4055 2835 4111 pauperum
2869 4039 2923 4092 in
2955 4037 3210 4092 domibus
3237 4033 3441 4088 vestris
3474 4039 3578 4087 est.
3607 4049 3625 4081 ι

2061 4137 2203 4190 Anni
2235 4145 2388 4192 certe
2417 4135 2595 4190 exitus
2625 4141 2743 4197 est,
2780 4141 2834 4188 et
2881 4131 3007 4186 anni
3053 4127 3438 4184 conversiones
3474 4125 3629 4194 juxta

2065 4244 2239 4282 meam
2272 4228 2672 4282 ordinationem
2695 4225 2978 4295 periodum
3008 4240 3162 4280 suam
3188 4222 3628 4290 compleverunt,

373 4302 595 4373 πτωχοῦ
630 4304 685 4356 ὲν
720 4306 832 4367 τοῖς
864 4307 1028 4370 οῖκοις
1067 4306 1239 4377 ὑμῶν.
1285 4326 1304 4359 ι
1340 4307 1416 4378 (p.
1453 4308 1574 4379 567)
1613 4309 1684 4362 Τὸ
1721 4310 1817 4380 μὲν
1849 4309 1956 4380 γὰρ

2063 4321 2203 4375 unde
2255 4319 2530 4374 fructuum
2583 4316 2859 4372 confectio
2905 4317 2986 4370 fit.
3035 4320 3101 4368 At
3149 4329 3244 4368 vos
3293 4311 3522 4365 maturis
3564 4308 3629 4363 de

373 4396 498 4458 ἔτος
529 4394 715 4466 εἴληςε
765 4397 956 4467 πέρας,
1010 4399 1101 4451 καὶ
1158 4399 1214 4450 αἱ
1260 4398 1350 4452 τοῦ
1399 4399 1550 4464 ἔτους
1581 4402 1778 4471 τροπαὶ¹
1815 4401 1955 4454 κατά

373 4487 478 4558 τὴν
505 4488 644 4557 ἐμὴν
672 4487 910 4553 διάταξιν
939 4488 1036 4560 τὴν
1076 4490 1394 4545 ἀκολουθίαν
1433 4491 1824 4564 πεπληρώκαοι
1858 4492 1955 4564 τὴν

370 4580 618 4632 οἰκείαν·
654 4581 745 4650 ἀφ’
783 4574 857 4636 ὧν
898 4584 930 4654 ἡ
968 4582 1076 4635 τῶν
1122 4586 1348 4656 καρπῶν
1386 4587 1576 4655 γέγονε
1623 4589 1790 4658 φορά·
1837 4583 1956 4641 εἶτα

373 4672 536 4740 ὑμεῖς
567 4673 798 4738 ἐντελεῖς
841 4675 965 4738 τοὺς
996 4677 1102 4730 ἀπὸ
1138 4678 1235 4749 τῆς
1271 4678 1375 4749 γῆς
1422 4680 1774 4750 κομισάμενοι
1820 4697 1957 4750 καρ-

351 4764 536 4828 ποὺς,
568 4764 685 4817 δέον
712 4765 852 4838 ὑπὲρ
879 4767 1081 4821 τούτων
1113 4769 1366 4823 ἀποτῖσαι
1404 4771 1482 4840 τῷ
1523 4770 1643 4841 Θεῷ
1667 4770 1765 4842 τὴν
1795 4772 1958 4842 εὑχα-

376 4856 593 4926 ριστῖαν
632 4857 721 4911 διά
779 4861 879 4930 τῆς
931 4859 1039 4914 τῶν
1082 4861 1344 4933 ἀπαρχῶν
1406 4861 1500 4915 καὶ
1542 4861 1650 4914 τῶν
1696 4862 1959 4916 δεκατιῶν

374 4951 764 5022 προσκομιδῆς,
793 4952 949 5006 τοῦτο
982 4954 1080 5024 μὲν
1129 4955 1189 5006 οὑ
1237 4957 1568 5026 πεποιήκατε
1589 4972 1602 4985 ·
1659 4956 1867 5026 βραχέα
1900 4955 1957 5010 δέ

372 5059 498 5096 τινα
526 5045 806 5116 μονονουχὶ
837 5048 1230 5118 προσρίψαντες
1262 5051 1370 5111 τοῖς
1413 5049 1667 5118 ἱερεῦσιν,
1713 5051 1793 5112 εις
1832 5050 1956 5111 τοὺς

373 5134 680 5206 θησαυροὺς
727 5136 942 5191 ἅπαντα
983 5140 1109 5202 τοὺς
1151 5139 1380 5201 οἰκείους
1419 5141 1804 5210 εἰσηνέγκατε·
1835 5141 1956 5194 οὑδὲ

373 5224 551 5276 ἐκεῖνο
606 5224 970 5296 λογισάμενοι,
1015 5227 1096 5280 ὅτι
1147 5229 1298 5281 οὐδὲν
1350 5228 1603 5282 ἀπέοικεν
1647 5230 1823 5292 τοῦτο,
1857 5231 1952 5284 τοῦ

370 5313 471 5376 τὰς
493 5315 602 5367 τῶν
633 5317 880 5386 πενήτων
916 5317 1229 5387 διαρπάζειν
1257 5318 1478 5389 τροφάς,
1518 5320 1652 5391 ὑπὲρ
1678 5313 1752 5372 ῶν
1778 5320 1946 5373 ταῦτα
1983 5322 2216 5375 δίδοσθαι
2279 5323 2590 5375 κεκέλευται

2058 4412 2249 4466 tellure
2284 4411 2516 4466 sublatis
2552 4409 2854 4474 fructibus,
2907 4423 3029 4462 cum
3061 4422 3160 4476 pro
3191 4406 3275 4459 his
3307 4402 3510 4474 gratias
3547 4417 3627 4454 re-

2058 4505 2204 4560 ferre
2231 4504 2340 4558 Deo
2369 4502 2700 4557 debuissetis
2722 4543 2738 4568 ,
2792 4499 3062 4571 primitias
3104 4497 3452 4564 decimaSque
3503 4492 3626 4547 affe-

2060 4596 2267 4660 rendo,
2306 4593 2440 4647 nihil
2470 4591 2794 4668 hujusmodi
2819 4589 3050 4661 egistis;
3087 4586 3180 4643 sed
3237 4587 3435 4656 exigua
3483 4600 3628 4654 qua:-

2058 4687 2185 4741 dam
2239 4685 2624 4741 sacerdotibus
2665 4683 3051 4754 projicientes,
3102 4679 3286 4734 omnia
3334 4678 3389 4732 in
3431 4676 3625 4730 horrea

2063 4782 2240 4829 vestra
2270 4773 2533 4828 intulistis
2559 4792 2571 4827 :
2605 4789 2673 4826 ne
2699 4772 2801 4826 hoc
2825 4770 3044 4842 quidem
3078 4777 3332 4840 putantes
3355 4807 3368 4830 ,
3401 4764 3626 4836 perinde

2057 4865 2110 4919 id
2145 4880 2269 4920 esse
2298 4879 2363 4919 ac
2394 4865 2440 4919 si
2472 4865 2732 4920 alimenta
2775 4878 3074 4932 pauperum
3122 4857 3434 4927 diripiatis,
3489 4867 3618 4922 quo-

2055 4971 2179 5009 rum
2212 4957 2388 5026 gratia
2426 4955 2539 5010 haec
2579 4970 2610 5008 a
2651 4955 2806 5009 vobis
2837 4951 3176 5025 suppeditari
3226 4950 3440 5018 jussum
3496 4951 3620 4998 est:

2061 5063 2255 5118 nempe
2286 5057 2344 5101 ut
2374 5056 2429 5102 et
2458 5047 2551 5116 qui
2583 5046 2736 5100 altari
2771 5045 3122 5105 deserviunt,
3160 5049 3213 5094 et
3239 5040 3329 5108 qui
3366 5035 3624 5105 egesmtis

2061 5154 2228 5192 causa
2259 5139 2463 5208 templo
2498 5154 2619 5191 meo
2649 5137 2933 5199 adsident,
2985 5132 3294 5190 necessaria
3329 5130 3449 5183 vitae
3492 5129 3623 5182 sult-

2060 5231 2198 5287 sidia
2230 5232 2353 5286 hinc
2384 5231 2636 5286 referant.
2672 5231 2878 5296 Quibus
2910 5228 3184 5284 subnectit
3217 5243 3229 5277 :

2699 5323 2824 5391 παρ’
2855 5319 3004 5388 ὑμῶν
3023 5337 3034 5348 ·
3065 5319 3158 5370 καὶ
3189 5316 3261 5378 ὡς
3292 5314 3356 5367 ἂν
3377 5315 3428 5366 οῖ
3456 5331 3511 5366 τε
3545 5313 3622 5376 τῷ

373 5407 740 5478 θυσιαστηρίῳ
789 5407 1253 5480 λειτουργοῦντες,
1296 5408 1350 5460 οἵ
1389 5425 1445 5460 τε
1492 5408 1579 5460 διά
1632 5409 1818 5460 πενίαν
1869 5409 1945 5479 τῷ
1982 5411 2090 5480 ναῷ
2127 5413 2570 5484 προσεδρεύοντες
2619 5415 2693 5484 τῷ
2739 5413 2853 5482 ἐμῷ
2881 5411 3012 5481 (72),
3065 5408 3162 5472 τὰς
3201 5405 3496 5473 ἀναγκαίας
3527 5419 3617 5454 κο·

371 5499 616 5568 μέζοιντο
644 5499 850 5570 χρείας.
887 5497 981 5562 Οἷς
1012 5500 1311 5564 ἀκολούθως
1340 5502 1609 5570 ἐπήγαγεν
1629 5520 1643 5532 ·

444 5683 555 5750 (7?)
581 5681 747 5736 Vides
791 5683 893 5736 sub
935 5682 1048 5751 lege
1083 5683 1241 5736 etiam
1285 5683 1520 5738 Mosaiea
1567 5697 1770 5737 morem
1814 5699 1937 5749 pau-

370 5755 592 5821 peribus
624 5754 821 5820 templo
849 5755 1233 5806 assistentibus
1255 5755 1512 5822 largiendi
1539 5754 1936 5824 clccmosynant

367 5826 676 5893 pws-enim
699 5840 762 5877 ex
789 5825 964 5879 sacris
985 5825 1196 5891 opibus.
1236 5824 1324 5878 Sic
1347 5837 1396 5880 et
1423 5826 1510 5882 ille
1544 5824 1772 5894 claudus
1795 5825 1936 5895 apud

2047 5693 2254 5753 portam
2315 5684 2495 5753 templi
2561 5684 2862 5752 speciosam
2919 5685 3311 5752 eicentosynazn
3366 5697 3394 5735 a
3456 5679 3612 5737 Petro

2049 5758 2292 5824 apostolo
2322 5759 2530 5825 petebat
2567 5757 2702 5822 (.lct.
2740 5770 2818 5821 in,
2848 5755 2923 5825 5).
