4096 6234
494 367 593 424 627

1644 374 1999 435 THEODORI
2029 376 2513 437 MOPSUESTENl

3644 369 3749 427 628

566 492 705 548 Vens
741 493 922 548 Il-le.
950 525 1020 536 —
1060 512 1079 547 ι
1114 493 1471 551 Revertimini
1503 509 1633 568 ergo
1668 495 1724 551 in
1757 492 2091 565 hoc,'dicit,

2227 499 2375 571 Στίχ.
2400 505 2489 563 ια’,
2518 498 2604 570 ιβ’.
2623 526 2689 537 -
2713 515 2732 550 ι
2764 493 3157 567 Ἐπιστρέψατε
3188 495 3253 567 δὴ
3284 496 3341 549 ὲν
3372 495 3567 569 τούτῳ,
3596 497 3746 567 λέγει

495 582 755 638 limiiinus
795 584 1160 654 omnipotens.
1190 583 1308 641 Nisi
1354 600 1621 657 aperuero
1662 586 1820 642 vobis
1853 595 2067 642 catara-

492 687 607 729 mas
637 675 783 736 coeli.
821 684 875 728 et
911 674 1185 731 eﬂundam
1216 676 1272 731 in
1300 690 1399 734 vos
1430 676 1863 733 benedictionem
1891 691 2067 734 meam

491 768 667 818 donec
718 764 969 821 suiliciat.
1004 767 1071 821 Et
1108 767 1435 823 distribuam
1487 768 1642 824 vobis
1680 769 1744 824 in
1765 770 1971 836 cibum,
2014 779 2070 825 et

493 874 602 911 non
626 872 975 928 corrumpam
997 868 1209 916 vestras
1229 868 1390 916 terra:
1418 860 1623 931 fruges,
1655 868 1709 916 et
1735 860 1865 918 vitis
1889 871 2071 918 vestra

496 952 552 1004 in
591 966 721 1022 agro
750 967 856 1007 non
881 951 1270 1018 inﬁrmabitur,
1298 954 1374 1009 ait
1406 953 1672 1010 Dominus
1699 955 2069 1026 omnipotens.

496 1041 563 1096 Et
589 1043 777 1100 beatos
793 1058 891 1100 vos
913 1044 1101 1100 dicent
1127 1059 1317 1101 omnes
1341 1053 1564 1117 gentes;
1594 1045 1723 1117 quia
1752 1047 1904 1103 eritis
1926 1056 2074 1103 terra

496 1136 903 1202 desiderabilis,
935 1139 1012 1191 ait
1059 1136 1324 1195 Dominus
1371 1140 1738 1210 omnipotens.
1791 1158 1810 1193 ι
1857 1141 2073 1211 Agesis,

497 1226 696 1297 inquit,
745 1226 999 1282 conversi
1042 1225 1160 1282 hac
1206 1226 1393 1282 omnia
1448 1225 1755 1299 emendate.
1807 1223 2076 1282 Videbitis

496 1318 666 1382 enim,
715 1319 989 1388 quomodo
1022 1317 1177 1375 vobis
1211 1333 1314 1394 ego
1358 1318 1642 1389 copiosum
1680 1316 1907 1373 imbrem
1940 1332 2076 1387 pne-

497 1410 657 1475 bebo,
702 1419 756 1465 et
802 1409 1077 1481 quomodo
1125 1408 1342 1481 frugum
1391 1410 1608 1480 copiam
1656 1406 1728 1463 ad
1766 1409 2077 1465 satietatem

499 1502 879 1574 suppeditabo.
925 1501 983 1556 ld
1029 1503 1178 1559 enim
1220 1502 1386 1574 386
1416 1489 1681 1558 denotant
1713 1501 1897 1568 verba,
1928 1520 1949 1555 ι
1985 1501 2083 1558 Be-

499 1595 858 1665 nedictionem
880 1610 1053 1651 meam
1071 1595 1247 1651 donec
1265 1594 1518 1663 sumciat,
1545 1616 1564 1649 ι
1595 1602 1654 1650 ιιι
1676 1611 1743 1651 ex
1774 1595 1857 1651 his
1882 1596 2080 1667 pingue

501 1704 601 1745 vos
630 1688 877 1745 habeatis
898 1688 1318 1744 nutrimentum.
1343 1687 1479 1744 Nam
1498 1689 1683 1755 verba,
1717 1687 2080 1745 «Distribuam

500 1782 654 1837 vobis
698 1782 753 1836 in
792 1782 1047 1836 cibumzi
1108 1781 1160 1836 id
1208 1781 1544 1853 signiﬁcant,
1596 1781 2082 1849 Conservabuntur

503 1882 685 1929 autem
722 1874 881 1928 vobis
915 1873 1219 1930 incolumes
1256 1873 1469 1930 fructus
1499 1888 1711 1939 omnes,
1742 1873 1952 1945 largum
1985 1889 2079 1928 vo-
2113 1857 2156 1912 Β

506 1966 589 2022 bis
616 1965 726 2022 vite
772 1966 936 2034 etiam
986 1976 1165 2023 vestra
1196 1974 1383 2037 potum
1426 1967 1739 2038 praebente:
1784 1967 1860 2023 ita
1909 1978 1967 2021 ut
2004 1968 2076 2024 ob

510 2058 813 2129 generalem
860 2060 999 2129 apud
1033 2074 1129 2115 vos
1179 2058 1413 2131 copiam,
1459 2060 1645 2115 cuncti
1690 2060 1853 2116 etiam
1904 2060 2077 2116 exteri

512 2167 610 2207 vos
653 2152 842 2208 beatos
885 2151 1087 2221 dicturi
1131 2152 1261 2219 sint,
1292 2160 1346 2206 et
1377 2151 1523 2223 quod
1571 2166 1696 2207 vere
1734 2150 1889 2209 vobis
1932 2150 2077 2207 Deus

510 2246 712 2317 optima
744 2262 975 2317 quaeque
1018 2245 1282 2315 decernit,
1324 2243 1453 2299 dum
1485 2251 1645 2299 terra:
1668 2254 1862 2301 vestra:
1910 2244 2081 2315 pluriv

509 2354 651 2408 inani
683 2353 790 2407 prae
824 2319 1037 2393 castoris
1078 2337 1295 2409 frugum
1322 2334 1711 2405 abundantiam
1739 2336 2007 2393 concedit.

579 2613 746 2670 Vens.
778 2612 962 2669 l'5-16.
1004 2643 1075 2653 —
1106 2611 1309 2668 Deinde
1354 2610 1420 2666 ad
1455 2610 1664 2682 priores
1700 2609 1840 2667 redit
1878 2625 2085 2666 sermo-

2167 588 2372 662 Κύριος
2420 588 2848 670 παντοκράτωρ*
2903 585 2999 640 ἐὰν
3055 586 3130 659 μὴ
3180 586 3376 655 ἀνοίξω
3441 588 3569 658 ὐμίν
3621 590 3747 655 τούς

2168 680 2554 754 καταρράκτας
2589 679 2683 734 τοῦ
2717 678 2965 751 οὐρανοῦ,
2994 679 3086 734 καὶ
3101 677 3275 749 ὲκχεῶ
3308 679 3437 751 ύμῖν
3464 680 3565 751 τὴν
3597 681 3748 736 εὐλο-

2168 773 2293 843 γίαν
2329 790 2430 844 μου
2455 772 2561 837 ἕως
2582 770 2676 826 τοῦ
2719 771 3067 841 ίκανωθῆναι,
3095 771 3190 824 καὶ
3220 771 3483 825 διαστελῶ
3512 773 3641 843 ὐμῖν
3667 774 3748 839 είς

2171 863 2395 935 βρῶσιν,
2424 863 2520 918 καὶ
2556 863 2615 917 οὐ
2654 863 2730 939 μὴ
2761 861 3053 933 διαφθείρω
3092 860 3246 933 ὐμῶν
3272 862 3365 917 τὸν
3405 863 3618 934 καρπὸν
3648 865 3748 936 τῆς

2136 960 2137 963 “
2170 954 2406 1029 γῆς,,καὶ
2424 953 2485 1008 οὐ
2506 955 2582 1031 μή
2600 955 2870 1027 ἀσθενήσῃ
2891 954 3042 1029 ὐμῶν
3062 954 3095 1033 ἡ
3118 953 3359 1027 ἄμπελος
3385 956 3442 1009 ὲν
3468 956 3546 1027 τῷ
3568 957 3746 1030 ἀγρῷ,

2171 1049 2318 1119 λέγει
2366 1047 2567 1120 Κύριος
2613 1046 3000 1122 παντοκρᾲτωρ
3019 1064 3032 1078 °
3075 1047 3170 1111 καὶ
3215 1047 3576 1123 μακαριοῦσιν
3606 1048 3748 1119 ὑμᾶς

2172 1142 2352 1197 πάντα
2376 1141 2445 1195 τά
2486 1140 2635 1213 ἔθνη,
2664 1141 2798 1195 διότι
2834 1140 3022 1194 ἔσεσθε
3064 1141 3221 1216 ὑμεῖς
3247 1141 3319 1215 γῆ
3358 1141 3575 1215 θελητὴ.
3601 1141 3749 1206 λέγει

2175 1234 2377 1305 Κύριος
2401 1232 2811 1306 παντοκράτωρ.
2855 1252 2875 1285 ι
2928 1231 3089 1287 Ἀλλά
3110 1232 3237 1305 γὰρ,
3266 1233 3420 1304 φησὶ,
3453 1232 3751 1305 μεταϐαλῶ

2179 1340 2364 1395 μενοι,
2418 1321 2703 1393 διόρθωσιν
2761 1320 2967 1376 τούτων
3021 1322 3087 1393 δὴ
3144 1322 3438 1393 ποιήσασθε
3492 1322 3746 1376 πάντων·

2175 1413 2370 1484 ὄψεσθε
2393 1412 2502 1485 γὰρ
2530 1414 2679 1476 ὅπως
2715 1411 2815 1485 μὲν
2844 1412 2971 1483 ὑμῖν
2994 1411 3246 1466 πλούσιον
3289 1410 3510 1483 παρέξω
3535 1410 3625 1465 τὸν
3663 1412 3753 1471 ὐε-

2175 1506 2287 1572 τδν,
2319 1506 2466 1569 ὅπως
2494 1504 2553 1559 δὲ
2578 1505 2708 1576 ὑμῖν
2736 1503 2846 1559 τῶν
2875 1502 3104 1575 καρπῶν
3127 1502 3348 1578 παρέξω
3369 1503 3466 1573 τὴν
3494 1503 3754 1573 ἀφθονίαν

2177 1599 2257 1661 είς
2286 1596 2483 1669 κόρονξ
2514 1596 2675 1650 τοῦτο
2697 1596 2807 1668 γὰρ
2848 1594 3017 1665 λέγει,
3046 1615 3064 1649 ι
3099 1595 3197 1667 τὴν
3230 1595 3477 1663 εὐλογίαν
3516 1613 3616 1667 μου
3649 1595 3755 1659 ἕως

2177 1687 2272 1743 τοῦ
2328 1689 2675 1759 ἱκανωθῆναι,
2736 1705 2757 1741 ι
2808 1693 2887 1760 (p.
2930 1686 3056 1760 568)
3107 1686 3249 1742 ὥστε
3303 1686 3561 1746 πλουσίαν
3608 1686 3755 1758 ἔχειν

2180 1783 2323 1855 ὑμᾶς
2344 1782 2441 1855 τήν
2475 1782 2533 1850 ἐξ
2557 1785 2732 1843 αὐτῶν
2756 1782 3063 1842 ἀπόλαυσιν·
3086 1780 3145 1836 τὸ
3168 1780 3296 1852 γὰρ,
3318 1798 3339 1831 ι
3358 1780 3464 1836 Καὶ
3489 1779 3755 1838 διαστελῶ

2182 1874 2311 1945 ύμῖν
2359 1874 2438 1940 είς
2457 1872 2673 1946 βρῶσιν,
2697 1896 2718 1930 ι
2759 1877 2920 1931 τοῦτο
2938 1872 3202 1947 σημαίνει⁶
3226 1871 3755 1944 Διαφυλαχθήσονταί

2181 1983 2241 2021 τε
2296 1966 2449 2039 ὑμῶν
2502 1965 2813 2038 ἀδιάφθοροι
2859 1965 3057 2030 πάντες
3110 1966 3161 2019 οί
3211 1965 3432 2036 καρποὶ,
3489 1963 3755 2017 πλουσίαν

2184 2060 2311 2130 ὐμῐν
2357 2058 2453 2113 καὶ
2497 2059 2596 2130 τῆς
2647 2057 2891 2128 ἀμπέλου
2919 2058 3017 2129 τὴν
3043 2056 3247 2111 οἰκείαν
3274 2055 3572 2111 ἀπόλαυσιν
3604 2070 3753 2125 παρ-

2184 2150 2439 2222 εχούσης·
2469 2148 2610 2203 ὥστε
2654 2151 2718 2203 ὲκ
2755 2150 2854 2222 τῆς
2890 2147 3307 2221 πολιτευομένης
3342 2146 3403 2202 ὲν
3435 2147 3563 2217 ύμῖν
3596 2144 3761 2215 εὐθη-

2185 2242 2321 2307 νίας,
2348 2241 2591 2305 ἆπαντας
2630 2239 2694 2311 δὴ
2738 2242 2863 2305 τοὺς
2914 2240 3071 2306 ἐκτὸς
3115 2239 3436 2312 μακαρίζειν
3472 2240 3636 2311 ὑμᾶς,
3674 2240 3762 2293 ὅτι

2183 2334 2353 2399 ὅντως
2380 2335 2506 2406 ύμῖν
2544 2334 2612 2387 τὰ
2652 2331 2910 2389 κάλλιστα
2942 2332 3261 2404 βεϐούληται
3301 2331 3453 2396 Θεὸς,
3496 2330 3636 2384 ὥστε
3666 2329 3764 2389 καὶ

2179 2428 2246 2496 τῇ
2273 2428 2341 2496 γῇ
2370 2424 2608 2498 ὑμετέρᾳ
2630 2424 2890 2495 πλείστην
2922 2422 3073 2496 παρὰ
3099 2424 3225 2489 τούς
3252 2423 3473 2486 λοιποὺς
3498 2420 3765 2493 παρέχειν

2180 2521 2277 2593 τὴν
2310 2520 2567 2590 ἀφθονίαν
2600 2518 2707 2573 τῶν
2741 2518 2985 2591 καρπῶν.

2236 2596 2401 2685 ’Σῖίχ.
2435 2618 2620 2690 ιγ’-ις’.
2653 2642 2721 2652 -
2744 2608 2878 2669 Εἶτα
2908 2610 2999 2666 ἐπὶ
3032 2610 3160 2674 τοὺς
3198 2606 3429 2681 πρόσθεν
3473 2604 3767 2677 ἀνατρέχει

511 2725 644 2770 nes,
686 2709 843 2777 quasi
894 2720 1032 2761 nova
1088 2705 1461 2759 admonitione
1511 2703 1744 2773 dignans
1804 2704 2082 2773 improbos

2191 2707 2408 2781 λόγους,
2459 2705 2535 2769 ὡς
2570 2705 2635 2760 ἂν
2676 2703 2953 2767 δυσσεϐεῖς
3007 2703 3102 2756 καὶ
3149 2700 3452 2772 μοχθηροὺς
3503 2698 3767 2769 δευτέρας

516 2802 635 2856 illos
668 2816 732 2855 ac
759 2799 979 2869 impios,
1025 2798 1210 2867 aitque
1238 2814 1251 2850 :
1301 2815 1320 2847 ι
1367 2795 1776 2867 Aggravavistis
1807 2809 1971 2864 super
1998 2809 2084 2849 me

2191 2796 2355 2861 ἀξιῶν
2384 2794 2680 2861 νουθεσίας,
2726 2795 2820 2850 καὶ
2854 2792 3045 2864 φησίνο
3090 2807 3110 2842 ι
3152 2789 3480 2862 Ἐϐαρύνατε
3523 2788 3611 2841 ἐπ’
3660 2786 3768 2858 ἐμὲ

512 2907 794 2948 sermones
843 2898 1076 2953 vestros,
1133 2888 1269 2942 dicit
1316 2886 1582 2942 Dominus
1634 2886 2004 2956 omnipotens.
2059 2905 2079 2938 ι

2191 2888 2314 2951 τούς
2364 2887 2550 2956 λόγους
2589 2885 2741 2956 ὐμῶν
2765 2924 2782 2949 ,
2829 2884 2977 2953 λέγει
3018 2881 3221 2955 Κύριος
3274 2878 3698 2951 παντοκράτωρ·
3740 2896 3765 2930 ι

514 2985 757 3074 Asperis,
808 2983 1010 3054 inquit,
1068 2981 1331 3037 conviciis
1381 2995 1468 3037 me
1523 2980 1883 3050 appetivistis.
1938 2996 1959 3030 ι
2019 2978 2088 3032 Et

2193 2979 2485 3057 χαλεπαῖς,
2538 2978 2701 3049 φησὶ,
2748 2975 3036 3050 λοιδορίαις
3085 2972 3389 3047 ἐχρήσασθε
3429 2972 3548 3025 κατ’
3605 2967 3771 3074 ἐμεῦ.

513 3054 732 3149 (Ιῇέὶεῑίε
773 3068 886 3131 ειη
920 3092 1028 3147 quo
1071 3076 1167 3139 tibi
1207 3073 1448 3141 oblocuti
1499 3071 1729 3128 sumus?
1784 3090 1803 3123 ι
1865 3068 2085 3125 Siccine

2198 3054 2217 3121 ι
2251 3069 2359 3121 Καὶ
2397 3066 2612 3132 εἴπατε,
2650 3066 2737 3120 Ἐν
2780 3064 2887 3120 τίνι
2933 3061 3379 3136 κατελαλήσαμέν
3432 3077 3559 3128 σου;
3593 3077 3614 3113 ι
3646 3054 3776 3125 εἶτα

494 3188 640 3249 ergo
664 3188 731 3227 ne
751 3155 973 3243 sensum
998 3173 1214 3244 quidem
1251 3181 1417 3241 tantae
1451 3171 1802 3242 blasphemia:
1828 3169 2085 3225 habetis?

2191 3162 2306 3216 οὐδὲ
2345 3160 2596 3231 αἴσθησιν
2624 3158 2723 3229 τῆς
2762 3156 3031 3227 τοσαύτης
3069 3155 3375 3228 λαμϐάνετε
3420 3152 3772 3225 δυσφημίας,

516 3244 728 3335 Ubique
765 3266 912 3322 enim
957 3242 1044 3334 hic
1090 3266 1349 3336 propheta
1403 3265 1630 3319 verbum
1690 3282 1708 3315 ι
1771 3262 1989 3317 dixistis
2058 3279 2077 3311 ι

2191 3252 2361 3308 διόλου
2390 3251 2498 3323 γάρ
2524 3253 2553 3304 ό
2579 3250 2865 3321 προφήτης
2905 3242 3059 3312 οὗτος
3091 3248 3152 3302 τὸ
3179 3266 3199 3300 ι
3234 3246 3425 3303 εἴπατε
3456 3265 3476 3300 ι
3499 3244 3770 3315 τέθεικεν,

518 3331 708 3427 ponit,
752 3359 910 3428 quasi
957 3331 1105 3430 ipsls
1135 3331 1472 3428 exprobrans
1529 3370 1746 3435 gravem
1802 3354 2088 3425 stupidita-

2191 3345 2375 3417 ὥσπερ
2414 3342 2687 3409 ὀνειδίζων
2730 3342 2911 3405 αὐτοῖς
2957 3339 3312 3413 ἀναισθησίαν
3375 3338 3595 3410 πολλὴν,
3647 3331 3777 3409 μεθ’

518 3459 661 3515 tem,
700 3432 819 3519 qua
864 3451 1109 3522 improbe
1161 3451 1422 3521 agebant,
1466 3434 1675 3509 nullum
1727 3448 1805 3504 rei
1864 3461 2086 3504 sensum

2191 3433 2256 3512 ἧς
2280 3436 2543 3508 ἔπραττον
2571 3434 2639 3488 τά
2670 3433 2865 3499 ἄτοπα,
2901 3432 3153 3504 οὐδεμίαν
3194 3432 3281 3486 ἐπ’
3324 3431 3506 3495 αὐτοῖς
3556 3427 3779 3501 λαμϐά-

520 3546 816 3620 capientes.
866 3544 960 3602 sed
1005 3545 1079 3615 ita
1121 3543 1176 3597 in
1223 3548 1342 3599 suis
1390 3542 1629 3612 peccatis
1665 3549 1948 3601 versantes
1987 3555 2089 3595 ceu

2194 3546 2376 3593 νοντες
2397 3527 2667 3599 αἴσθησιν,
2692 3525 2805 3581 ἀλλ’
2827 3524 2999 3589 οὕτως
3020 3525 3113 3578 ἐπὶ
3138 3526 3251 3589 τοῖς
3278 3524 3634 3596 ἁμαρτήμασι
3656 3522 3779 3577 διας

521 3639 568 3695 si
631 3652 737 3691 non
790 3652 1052 3711 peccasse
1098 3636 1494 3695 existimarent.
1549 3634 1672 3689 Mox
1717 3635 1879 3705 quale
1927 3632 2092 3689 fuerit

524 3738 805 3799 peccatum
841 3729 1179 3794 edisserens,
1213 3748 1231 3780 ι
1272 3726 1517 3791 Dixistis,
1543 3726 1740 3797 inquit,
1761 3724 1950 3780 inutile
1973 3739 2094 3779 esse

521 3820 633 3876 Deo
682 3820 907 3876 servire.
961 3841 978 3874 ι
1029 3818 1215 3891 Neque
1262 3820 1406 3875 enim
1456 3818 1617 3873 nobis
1662 3817 1845 3887 aliqua
1890 3815 2095 3871 utilitas

524 3915 721 3969 accidit
765 3915 1024 3984 mandata
1066 3914 1414 3973 servantibus
1448 3932 1463 3969 :
1518 3926 1697 3982 neque
1744 3909 1916 3965 Deum
1956 3924 2098 3979 szepe

524 4006 950 4082 deprecantibus
978 4006 1107 4060 boni
1140 4005 1438 4075 quidquam
1470 4003 1724 4059 accessit.
1770 4001 1849 4056 Eo
1877 4000 2097 4057 demum

523 4115 614 4171 res
658 4108 856 4163 nostra:
886 4086 1194 4169 cesserunt,
1241 4107 1300 4151 ut
1340 4113 1441 4152 nos
1488 4097 1541 4150 in
1577 4096 1841 4166 angustiis
1874 4109 2101 4165 pressu-

526 4194 714 4264 risque
757 4192 1099 4266 languentes,
1144 4191 1332 4249 beatos
1381 4191 1518 4245 alios
1564 4190 1815 4243 dicamus
1842 4189 1934 4258 qui
1981 4187 2104 4241 nul-

528 4288 635 4351 lam
678 4285 877 4353 divina:
908 4284 1207 4351 voluntatis
1263 4283 1529 4338 rationem
1570 4282 1789 4346 habent,
1819 4282 2017 4352 quibus
2044 4280 2101 4335 in

527 4377 724 4439 melius
790 4392 880 4443 res
939 4376 1279 4447 procedunt,
1340 4390 1654 4453 quanquam
1717 4372 1829 4435 Deo
1887 4386 2104 4442 semper

530 4468 973 4537 adversantibus,
1027 4484 1057 4523 a
1110 4484 1221 4540 quo
1265 4475 1448 4525 tamen
1496 4466 1633 4520 nihil
1673 4463 1981 4528 detrimenti
2008 4478 2102 4534 pa-

529 4560 762 4629 tiuntur.
796 4579 815 4611 ι
846 4559 970 4630 llaec
1018 4560 1256 4615 oblocuti
1301 4567 1449 4621 sunt,
1492 4558 1587 4635 qui
1630 4557 1894 4623 timebant
1922 4554 2105 4611 Domi-

529 4666 699 4725 num,
746 4653 1127 4722 unusquisque
1175 4652 1242 4719 ad
1287 4651 1592 4729 proximum
1655 4663 1836 4703 suum.
1901 4666 1920 4699 ι
1978 4645 2104 4702 Haec

530 4738 774 4809 quidem,
822 4740 1019 4809 inquit,
1074 4739 1213 4807 inter
1262 4754 1321 4795 se
1372 4738 1605 4808 invicem
1662 4735 1809 4806 loqui
1860 4752 1968 4791 non
2003 4736 2104 4790 du-

529 4836 794 4897 bitarunt,
841 4834 936 4907 qui
975 4833 1305 4891 simulabant
1334 4848 1392 4888 se
1419 4847 1526 4902 prae
1565 4830 1819 4893 omnibus
1849 4828 2105 4899 alienige-

531 4930 620 4997 nis
638 4927 888 4981 timorem
912 4940 1088 4993 meum
1120 4924 1373 4991 retinere.
1401 4925 1613 4999 Quibus
1635 4922 1775 4976 Deus
1795 4921 2101 4983 attendens,

534 5019 850 5081 meritoriam
888 5032 1076 5073 eorum
1109 5018 1364 5086 scriptam
1392 5016 1622 5088 posteris
1662 5014 1900 5084 reliquit,
1940 5012 2103 5087 387

529 5125 629 5183 pro
641 5127 706 5165 eo
724 5120 965 5180 tempore
980 5126 1085 5180 quo
1099 5124 1286 5180 pinnas
1305 5110 1607 5178 persolvent
1625 5108 1674 5161 hi
1691 5106 1781 5183 qui
1801 5104 2109 5174 hujusmodi

532 5213 763 5257 utuntur
815 5203 1185 5267 sermonibus,
1235 5215 1405 5271 seque
1446 5201 1593 5257 omni
1620 5199 1814 5269 fgcneri
1852 5196 2107 5268 nequitia:

532 5294 820 5347 addicunt.
862 5294 1034 5347 Secus
1074 5307 1223 5357 vero,
1270 5290 1405 5346 nihil
1460 5289 1587 5358 boni
1631 5305 1741 5343 non
1785 5288 1997 5357 eveniet
2036 5285 2103 5344 iis

533 5385 629 5449 qui
675 5400 825 5438 meas
866 5399 994 5439 vere
1039 5384 1187 5453 leges
1222 5380 1632 5455 observabunt;
1674 5394 1815 5449 quos
1849 5376 2101 5447 equidem

537 5487 784 5544 tempore
828 5476 922 5530 illo
972 5491 1082 5545 quo
1116 5476 1287 5529 malos
1325 5474 1570 5542 puniam,
1608 5470 1946 5540 providentia
1985 5482 2108 5523 mea

536 5568 855 5637 dignabor:
890 5567 971 5621 sic
1012 5566 1273 5620 nimirum
1314 5563 1621 5626 declarans,
1666 5577 1724 5616 se
1761 5559 1861 5613 hos
1909 5556 2108 5611 habere

2194 3621 2465 3693 τιθέμενοι
2502 3622 2613 3684 τοῖς
2662 3617 2889 3685 ἑαυτῶν,
2936 3617 3013 3681 ὡς
3056 3616 3190 3689 μηδὲ
3240 3616 3573 3688 ἁμαρτάνειν
3618 3615 3778 3685 ήγεῖ-

2198 3712 2341 3765 σθαι.
2385 3706 2518 3763 Εἶτα
2568 3709 2740 3777 λέγων
2783 3706 2847 3761 τὸ
2895 3706 3231 3778 ἁμάρτημα·
3262 3724 3282 3757 ι
3313 3704 3548 3771 Εἴπατε,
3586 3703 3777 3773 φησιν,

2198 3805 2276 3867 ὡς
2311 3801 2585 3872 ἀνωφελὲς
2632 3799 2708 3873 τῷ
2750 3798 2870 3871 Θεῷ
2919 3798 3223 3852 δουλεύειν·
3262 3816 3282 3850 ι
3318 3796 3439 3851 οὐδὲ
3487 3796 3596 3868 γάρ
3639 3797 3781 3866 ἡμῖν

2199 3898 2558 3973 προσεγένετό
2577 3916 2629 3951 τι
2656 3895 2847 3967 δφελος
2877 3892 3248 3966 ὲπιμεληθεῖσι
3271 3891 3371 3963 τῆς
3396 3890 3635 3961 φυλακῆς
3664 3888 3781 3943 τῶν

2202 3990 2333 4064 παρ’
2355 3989 2519 4044 αὐτοῦ
2542 3986 3028 4060 προστεταγμένων
3048 4001 3063 4015 ο
3100 3983 3214 4038 ἀλλ’
3242 3983 3363 4037 οὐδὲ
3385 3981 3651 4053 δεηθεῖσιν
3682 3979 3783 4034 αὐ-

2201 4081 2295 4137 τοῦ
2313 4080 2591 4145 πολλάκις,
2609 4078 2759 4132 οὐδὲν
2779 4076 2988 4148 ὑπῆρξε
3008 4075 3193 4130 πλέον·
3214 4075 3428 4146 (p.569)
3452 4073 3781 4146 περιέστηκε

2206 4174 2263 4228 δὲ
2291 4175 2369 4237 είς
2394 4171 2552 4226 τοῦτο
2590 4170 2657 4223 τὰ
2694 4169 3014 4240 πράγματα,
3063 4166 3201 4220 ὥστε
3238 4166 3383 4237 ἡμᾶς
3419 4164 3517 4235 μὲν
3550 4158 3690 4216 εἶναι
3718 4163 3782 4215 ὲν

2204 4266 2469 4335 ἀνάγκαις
2496 4262 2591 4318 καὶ
2624 4261 2853 4330 θλίψεσι,
2888 4257 3209 4330 μακαρίζειν
3238 4257 3295 4311 δὲ
3322 4256 3560 4326 ἐτέρους,
3592 4251 3783 4308 οὐδένα

2205 4356 2312 4410 τῶν
2345 4355 2493 4427 αὐτῷ
2523 4353 2817 4408 δοκούντων
2857 4348 3253 4422 πεποιημένους
3283 4349 3461 4417 λόγον,
3491 4342 3573 4411 οἷς
3600 4346 3692 4399 ἐπὶ
3718 4346 3784 4400 τὸ

2208 4451 2452 4521 κρεῖττον
2497 4446 2781 4518 προϐαίνει
2820 4443 2890 4498 τά
2933 4443 3255 4516 πράγματα,
3293 4438 3649 4511 ἀνθεστηκόσι
3680 4439 3783 4509 μὲν

2208 4542 2356 4614 αὐτῷ
2407 4541 2659 4604 πάντοτε,
2716 4536 3102 4609 βλαπτομένοις
3144 4535 3203 4590 δὲ
3241 4533 3392 4588 οὐδὲν
3444 4534 3510 4585 ἐκ
3567 4530 3779 4584 τούτου.

2214 4658 2233 4689 ι
2274 4633 2459 4689 Ταῦτα
2500 4630 2871 4701 κατελάλησαν
2927 4629 2978 4682 οί
3024 4626 3345 4699 φοϐούμενοι
3391 4624 3482 4678 τὸν
3538 4623 3780 4697 Κύριον,

2208 4728 2437 4789 ἕκαστος
2468 4724 2604 4797 πρὸς
2644 4723 2735 4776 τὸν
2764 4721 2987 4793 πλησίον
3028 4717 3212 4774 αὐτοῦ.
3253 4737 3273 4770 ι
3305 4716 3490 4771 Ταῦτα
3513 4714 3596 4785 δὴ,
3623 4713 3781 4785 φησὶ,

2211 4820 2349 4891 πρὸς
2375 4817 2636 4887 ἀλλήλους
2663 4814 2841 4883 λέγειν
2869 4813 2969 4867 οὐκ
2992 4811 3217 4877 ὤκνουν,
3247 4810 3299 4863 oi.
3325 4806 3783 4881 προσποιούμενοι

2212 4912 2363 4981 παρὰ
2410 4910 2615 4971 πάντας
2663 4907 2789 4971 τούς
2834 4904 3143 4976 ἀλλοτρίους
3172 4901 3265 4956 τὸν
3305 4901 3469 4972 φόϐον
3507 4898 3649 4970 ἔχειν
3688 4895 3785 4951 τὸν

2211 5003 2372 5073 ὲμόνο
2401 4996 2484 5064 οἷς
2514 4998 2903 5072 προσεσχηκὼς
2938 4999 2966 5050 ὁ
3010 4996 3159 5061 Θεὸς,
3199 4995 3258 5049 ὲν
3306 4995 3489 5066 γραφῇ
3515 4991 3612 5062 τὴν
3645 4989 3784 5061 μνή-

2220 5112 2327 5164 μην
2372 5091 2551 5146 αὐτῶν
2589 5093 2698 5155 τοῖς
2747 5089 3037 5160 μετέπειτα
3082 5084 3499 5147 καταλέλοιπεν,
3548 5081 3786 5153 ὁπηνίκα

2217 5188 2315 5258 μὲν
2356 5185 2587 5239 δώσουσι
2627 5184 2779 5247 δίκας
2824 5183 2875 5235 οἱ
2912 5185 3024 5245 τοῖς
3053 5179 3311 5241 τοιούτοις
3343 5175 3670 5247 κεχρημένοι
3698 5174 3787 5226 λό-

2210 5298 2349 5351 γοις,
2380 5280 2473 5333 καὶ
2512 5277 2648 5349 πρὸς
2685 5278 2792 5330 πᾶν
2825 5274 2963 5339 εἶδος
2993 5270 3338 5344 παρανομίας
3368 5270 3591 5332 ἑαυτοὺς
3631 5267 3783 5319 ὲκδευ

2207 5370 2473 5433 δωκότες·
2511 5369 2791 5439 περιέσται
2832 5366 2888 5419 δὲ
2918 5366 3026 5419 πᾶν
3076 5365 3106 5418 ὅ
3142 5381 3195 5417 τι
3222 5361 3425 5431 ἀγαθὸν
3462 5364 3575 5423 τοῖς
3617 5359 3784 5418 ὅντως

2212 5463 2624 5537 ἐπιμελομένοις
2661 5461 2767 5514 τῶν
2795 5460 2974 5529 νόμων
3005 5456 3115 5510 τῶν
3145 5453 3320 5526 ἐμῶν,
3350 5451 3444 5515 οὓς
3474 5468 3579 5522 περ
3605 5444 3695 5501 οὖν
3721 5449 3783 5499 ὲν

2215 5559 2411 5628 ἐκείνῳ
2435 5554 2514 5626 τῷ
2540 5552 2715 5625 καιρῷ
2737 5550 2857 5606 καθ’
2890 5550 2950 5603 ὃν
2977 5548 3362 5619 τιμωρήσομαι
3380 5544 3506 5607 τούς
3528 5539 3783 5611 φαύλους,

537 5665 592 5715 in
616 5677 837 5715 suorum
862 5660 1311 5715 necessariorium
1338 5674 1584 5721 numero,
1613 5668 1667 5712 et
1708 5657 1888 5715 omnia
1910 5653 2091 5725 optim:

2218 5649 2317 5718 τῆς
2343 5646 2665 5717 κηδεμονίας
2704 5641 2921 5707 ἀξιώσω
2952 5640 3050 5711 τῆς
3096 5639 3265 5711 ἐμῆς·
3298 5636 3472 5700 οὕτως
3499 5633 3693 5695 αὐτοὺς
3720 5631 3787 5685 ὲν

546 5750 652 5804 illis
719 5750 1168 5804 retributurum:
1220 5747 1677 5823 quemadmodum
1738 5722 1962 5815 aliquis'
1993 5758 2084 5812 erg

2224 5740 2334 5800 τοῖς
2372 5736 2718 5798 οἰκειοτάτοις
2747 5734 2888 5804 ἔχειν
2911 5730 3249 5802 αἱρούμενος,
3273 5728 3366 5782 καὶ
3395 5730 3503 5782 πᾶν
3523 5728 3553 5780 ὅ
3574 5743 3628 5778 τι
3655 5722 3789 5777 κάλ-

541 5845 825 5931 propriuin
902 5842 1070 5897 lilium
1136 5842 1464 5909 abiceretur,
1548 5843 1642 5925 qui
1707 5840 1934 5903 multum
2004 5836 2086 5893 sib

2219 5829 2396 5884 λιστον
2438 5828 2563 5899 περὶ
2595 5826 2788 5890 αὐτοὺς
2818 5824 3125 5895 δοκιμάζων
3153 5822 3358 5878 ποιεῖν’
3405 5821 3480 5885 ὡς
3529 5818 3597 5875 ἂν
3623 5818 3673 5871 εί
3697 5832 3785 5881 τις
