4106 6238
372 286 475 340 6'29

1302 291 1844 352 COMMENTARIUS
1882 295 1951 352 IN
1991 296 2367 354 MALACHUE
2405 297 2556 354 CAP.
2593 300 2684 354 IV.

3507 295 3608 354 630

369 407 499 478 περὶ
519 407 632 460 υίδν
655 406 848 461 ἐαυτοῦ
873 406 1163 480 διατεθείη,
1185 409 1382 480 πολλὴν
1403 410 1500 481 τήν
1528 411 1930 482 εὐγνωμοσύνηη

2049 427 2289 468 amorem
2345 414 2494 469 omni
2548 422 2795 484 tempore
2855 410 3212 468 ostendisset.
3276 413 3481 469 Deinde
3522 415 3619 470 ad-

369 499 802 567 ἐπιδεδειγμένον
828 499 1058 553 πάντοτε
1085 518 1151 553 πε
1162 501 1424 571 ρὶαύτόν.
1460 497 1591 556 Εἶτα
1619 504 1832 572 ἐπάγει·

440 590 588 659 Στίχ.
608 597 678 658 η’.
697 621 770 630 —
791 611 808 641 ι
842 592 950 644 Καὶ
977 592 1467 664 ἐπιστραφήσεσθε,
1486 595 1581 648 καὶ⁵
1608 594 1802 664 ὄψεσθε
1835 597 1938 651 ἀνά

373 683 537 752 μέσον
559 683 794 748 δικαίου,
827 685 920 737 καὶ
943 686 1045 738 ἀνά
1076 686 1236 756 μέσον
1273 689 1494 760 ἀνόμου,
1525 692 1618 742 καὶ
1647 691 1748 744 άνά
1775 691 1937 761 μέσον

369 771 466 825 τοῦ
491 771 825 836 δουλεύοντος
853 774 991 844 Θεῷ,
1014 775 1108 828 καὶ
1131 777 1235 829 ἀνὰ
1264 777 1425 848 μέσον
1448 777 1542 832 τοῦ
1570 779 1643 851 μὴ
1668 779 1936 833 δουλεύον-

369 881 460 927 τος
501 864 667 933 αύτῷ.
710 883 728 916 ι
765 866 897 918 Τότε
928 867 1136 938 φανερά
1167 869 1450 939 γενήσεται
1481 872 1513 941 ή
1539 872 1808 942 διάκρισις
1829 873 1937 926 τῶν

365 974 422 1009 τε
453 957 694 1021 δικαίων,
727 958 820 1011 καὶ
856 959 962 1010 τῶν
1009 961 1359 1030 παρανόμων,
1405 962 1497 1015 καὶ
1529 963 1634 1016 τῶν
1667 964 1936 1018 δουλεύειν

364 1067 423 1102 τε
452 1051 862 1103 ἐσπουδακότων
889 1051 1026 1122 Θεῷ,
1060 1053 1153 1106 καὶ
1185 1052 1292 1106 τῶν
1326 1056 1528 1125 μηδένα
1554 1057 1742 1110 τούτου
1771 1060 1936 1109 ποιεῖ-

366 1140 488 1193 σθαι
513 1140 670 1210 λόγον
707 1140 1018 1207 ἐθελόντων,
1061 1143 1160 1213 τῆς
1189 1161 1249 1196 τε
1280 1147 1391 1209 τοῖς
1422 1149 1611 1210 κακοῖς
1654 1148 1935 1219 ἐπαγομέ-

365 1252 462 1304 νης
492 1234 577 1305 (p.
631 1235 768 1304 570)
819 1236 1121 1307 τιμωρίας,
1173 1238 1267 1292 καὶ
1314 1240 1422 1294 τῶν
1474 1244 1586 1304 τοῖς
1627 1242 1932 1312 εύγνωμοσι

364 1327 789 1396 περιγινομένων
827 1327 1067 1394 ἀγαθῶν,
1110 1330 1201 1381 καλ¹
1233 1329 1341 1382 τῶν
1381 1331 1548 1384 ὄντων
1580 1333 1761 1385 κακῶν
1789 1336 1932 1405 σαφῆ

363 1418 703 1487 ποιουμένων
739 1418 833 1488 τὴν
861 1419 1150 1488 διάκρισιν,
1181 1420 1287 1473 τῶν
1314 1438 1372 1472 τε
1395 1422 1564 1474 ὄντων
1592 1423 1810 1490 ἀγαθῶν
1839 1425 1933 1476 καὶ

361 1507 473 1559 τῶν
520 1508 685 1560 ὄντων
730 1509 940 1561 κακῶν·
990 1509 1135 1577 λέγει
1186 1509 1242 1562 δὲ
1289 1511 1581 1564 καὶταῦτα
1626 1512 1933 1577 ἀκολούθως

360 1601 475 1661 τοῖς
506 1599 737 1670 πρόσθεν
766 1599 1021 1672 περὶτῶν
1049 1600 1319 1670 ἐσομένων
1347 1601 1488 1655 κατά
1513 1602 1603 1655 τὸν
1635 1603 1742 1656 τῶν
1774 1606 1932 1658 Μακ-

360 1690 606 1743 καϐαίων
636 1691 844 1760 καιρὸν,
892 1692 978 1744 ὅτε
1023 1692 1086 1762 δὴ
1135 1692 1366 1762 μάλιστα
1403 1693 1710 1766 βαρυτάτην
1752 1697 1848 1766 μὲν
1880 1698 1930 1749 οί

2040 503 2121 558 dit
2154 521 2168 558 :

2115 616 2132 649 ι
2177 598 2242 651 Et
2283 597 2702 663 convertemini,
2744 606 2799 652 et
2846 595 3083 652 cernetis
3133 595 3280 652 inter
3318 597 3529 666 justum
3561 607 3617 654 et

2039 685 2338 756 iniustum;
2383 696 2436 741 et
2469 687 2612 741 inter
2646 685 2999 741 l‘amulantem
3044 685 3177 752 Deo,
3212 694 3266 740 et
3296 702 3405 742 non
3437 687 3586 742 famu

2039 777 2238 833 lautem
2290 777 2488 832 eidem.
2531 797 2548 828 ι
2612 777 2767 832 Tunc
2822 777 3112 833 manifesta
3173 778 3265 832 ﬁet
3327 778 3612 834 distinctio

2034 869 2310 940 justorum
2351 871 2420 924 ab
2448 871 2675 940 iniquis,
2702 879 2755 924 et
2783 885 2970 926 eorum
3007 872 3100 940 qui
3124 871 3332 926 servire
3359 871 3466 926 Deo
3493 880 3612 927 stu-

2037 961 2276 1016 duerunt
2306 963 2373 1016 ab
2407 963 2516 1018 illis
2536 963 2630 1032 qui
2661 962 2797 1017 nihil
2826 963 2979 1032 pensi
3005 963 3059 1018 id
3084 964 3392 1020 habuerunt
3422 984 3435 1020 :
3481 965 3610 1020 item

2039 1053 2179 1109 inter
2211 1053 2470 1108 inﬂictam
2503 1055 2763 1124 improbis
2800 1071 3037 1126 pmnam,
3068 1066 3121 1112 et
3151 1057 3291 1112 inter
3315 1058 3454 1112 bona
3480 1075 3611 1127 pro-

2036 1145 2122 1198 bis
2149 1145 2421 1215 impertita
2455 1164 2467 1200 :
2503 1147 2726 1200 omnino
2753 1147 3014 1202 discretio
3047 1148 3149 1202 erit
3169 1148 3310 1203 inter
3331 1150 3522 1215 malos,
3554 1160 3610 1206 et

2038 1233 2182 1288 inter
2208 1236 2398 1290 bonos.
2434 1236 2523 1288 Ait
2554 1243 2736 1290 autem
2769 1237 2883 1290 haec
2917 1245 3286 1292 consentanee
3310 1237 3474 1293 dictis
3509 1255 3608 1294 an-

2035 1334 2121 1378 tea
2161 1324 2226 1379 de
2276 1328 2442 1380 rebus
2488 1334 2647 1381 aetate
2703 1326 3134 1382 Maccabzeorum
3186 1329 3436 1386 futuris:
3496 1348 3608 1402 quo

2036 1425 2280 1487 tempore
2318 1427 2588 1488 quotquot
2635 1418 2786 1472 fuere
2827 1420 2954 1472 mali
3001 1421 3055 1473 in
3101 1421 3304 1491 papulo
3342 1423 3604 1492 gravissi-

2036 1523 2182 1561 mum
2219 1509 2365 1576 passi
2414 1515 2542 1562 sunt
2587 1509 2958 1577 supplicium;
3010 1510 3417 1580 maximumque
3442 1511 3605 1568 vicis~

2034 1597 2137 1650 sint
2172 1598 2319 1651 nacti
2355 1606 2484 1652 sunt
2513 1615 2543 1650 a
2574 1597 2682 1652 Deo
2703 1599 2963 1652 auxilium
2993 1600 3083 1668 qui
3116 1601 3339 1656 virtutis
3366 1610 3603 1658 sectato-

2034 1705 2122 1744 res
2169 1691 2410 1745 fuerunt.
2459 1692 2638 1758 Quare
2685 1693 2754 1747 ob
2807 1692 3081 1748 dictorum
3126 1694 3601 1752 conﬁrmationem

357 1785 518 1836 κακοὶ
549 1785 643 1836 τοῦ
674 1783 802 1838 λαοῦ
837 1785 936 1857 τὴν
965 1787 1233 1858 τιμωρίαν
1269 1787 1535 1853 ἐδέξαντο,
1574 1765 1834 1860 μεγίστης
1872 1790 1930 1843 δὲ

2033 1784 2115 1840 sic
2147 1785 2502 1855 prosequitur
2541 1803 2554 1838 :

357 1877 415 1927 ἐν
444 1874 616 1928 ἅπασι
651 1878 746 1945 τῆς
789 1876 938 1940 θείας
979 1877 1164 1948 ἔτυχον
1212 1881 1384 1950 ῥοπῆς
1410 1880 1461 1932 οί
1501 1878 1594 1933 τοῦ
1625 1882 1933 1951 κρείττονος

359 1968 605 2036 ἐρασταί.
637 1967 796 2021 Ὅθεν
829 1969 908 2032 είς
935 1968 1223 2039 βεϐαίωσιν
1254 1968 1360 2023 τῶν
1385 1971 1688 2042 είρημένων
1712 1974 1927 2042 ἐπάγει·

965 2102 1212 2156 ΚΕΦΑΛ.
1244 2105 1317 2157 Δ’.

428 2234 576 2303 Στίχ.
601 2234 744 2305 α⁹οβ⁹.
768 2265 836 2278 -
863 2254 881 2287 ι
911 2236 1033 2288 Ὀτι
1072 2237 1177 2289 ἰδοὺ
1208 2236 1390 2308 ἡμέρα
1419 2237 1639 2309 ἔρχεται
1662 2241 1928 2312 καιομένη

357 2324 431 2387 ὠς
461 2325 730 2389 κλίϐανος,
765 2326 860 2380 καὶ
896 2326 1078 2394 φλέξει
1105 2328 1300 2393 αὐτούς
1321 2346 1336 2362 ·
1373 2332 1467 2386 καὶ⁹
1493 2331 1702 2385 ἔσονται
1731 2333 1930 2395 πάντες

358 2417 406 2467 οί
433 2414 736 2483 ἀλλογενεῖς
755 2415 849 2468 καὶ
874 2416 1071 2481 πάντες
1089 2421 1137 2471 οί
1157 2421 1433 2485 ποιοῦντες
1458 2423 1653 2493 ἄνομα,
1682 2422 1923 2495 καλάμη·

359 2508 451 2560 καὶ
477 2506 671 2576 ἀνάψει
696 2507 887 2571 αὐτοὺς
915 2508 948 2578 ή
978 2507 1213 2581 ήμέραὴ
1241 2513 1528 2584 ἐρχομένη,
1554 2513 1700 2582 λέγει
1724 2513 1925 2585 Κύριος

359 2597 772 2668 παντοκράτωρ·
809 2597 900 2649 καὶ
924 2597 984 2650 οὐ
1017 2597 1094 2669 μὴ
1128 2600 1421 2673 ὑπολειφθῇ
1449 2603 1626 2656 αὐτῶν
1660 2604 1784 2673 ῥίζα
1809 2603 1928 2658 οὐδὲ

359 2688 565 2759 κλῆμα.
600 2703 618 2738 ›
671 2687 761 2742 Ἐν
801 2689 991 2760 ἐκείνῳ
1029 2689 1155 2762 γὰρ,
1200 2692 1355 2763 φησὶ,
1403 2691 1481 2764 τῷ
1509 2694 1684 2765 καιρῷ
1721 2694 1796 2758 ὡς
1827 2695 1932 2748 ὑπὸ

360 2781 493 2851 πυρὶ
540 2780 930 2851 φλεχθήσονται
986 2782 1126 2836 οἵτε
1168 2783 1438 2855 ἀλλότριοι
1486 2787 1707 2850 πάντες,
1747 2787 1840 2840 καὶ
1882 2789 1930 2840 οί

356 2875 455 2944 τῆς
497 2874 726 2944 ἀνομίας
757 2875 984 2944 ἐργάται
1031 2874 1281 2947 καλάμης
1318 2876 1474 2946 δίκην
1503 2877 1607 2931 ὑπὸ
1634 2880 1732 2949 τῆς
1765 2895 1931 2949 προσ-

359 2964 663 3035 πιπτούσης
693 2965 876 3028 αὐτοῖς
904 2963 1289 3035 ἀφανιζόμενοι
1335 2967 1604 3038 τιμωρίας
1624 2983 1638 2998 ·
1681 2968 1773 3021 καὶ
1803 2968 1931 3037 περὶ

363 3058 462 3128 μὲν
511 3054 603 3112 οὖν
644 3059 769 3120 τοὺς
799 3057 999 3121 κακοὺς
1036 3056 1209 3112 ταῦτά
1246 3072 1412 3127 φησι·
1453 3061 1564 3122 τοῖς
1613 3058 1671 3111 δέ
1725 3059 1922 3128 φοϐου-

2645 2102 2871 2160 CAPUT
2908 2103 2994 2160 IV.

2103 2237 2262 2294 Vsus.
2284 2241 2335 2305 l,
2358 2239 2409 2293 2.
2426 2273 2496 2285 —
2514 2241 2675 2308 «Quia
2696 2260 2819 2299 ecce
2836 2247 2950 2302 dies
2967 2249 3114 2304 venit
3133 2250 3326 2308 ardens
3347 2253 3484 2310 sicut
3502 2255 3597 2312 cli-

2035 2331 2230 2398 banus,
2255 2341 2310 2387 et
2332 2335 2611 2388 comburet
2636 2351 2746 2390 eos.
2776 2337 3053 2408 Eruntque
3078 2356 3264 2396 omnes
3288 2343 3599 2415 alienigenae

2036 2438 2329 2494 omnesque
2355 2435 2572 2495 agentes
2599 2427 2801 2496 iniqua,
2832 2429 2969 2484 sicut
2989 2431 3201 2501 stipula.
3226 2433 3291 2489 Et
3310 2437 3599 2490 succendet

2041 2529 2135 2568 eos
2174 2515 2289 2570 dies
2343 2517 2586 2582 veniens,
2641 2518 2770 2574 dicit
2821 2519 3080 2577 Dominus
3127 2524 3500 2595 omnipotens;
3546 2537 3602 2584 et.

2041 2621 2150 2660 non
2183 2607 2449 2675 supererit
2496 2609 2912 2679 illoruniﬂadix
2957 2624 3050 2668 aut
3097 2631 3298 2671 ramus.
3323 2635 3342 2668 ι
3373 2617 3486 2681 Illo,
3517 2619 3599 2671 in-

2031 2698 2172 2766 quit,
2202 2708 2451 2768 tempore
2489 2705 2751 2766 tanquam
2785 2697 2854 2749 ab
2886 2699 3010 2766 igne
3047 2698 3442 2752 comburentur
3466 2699 3602 2754 alie-

2031 2787 2240 2859 nigenae
2274 2803 2500 2855 omnes;
2542 2795 2597 2842 et
2632 2787 2891 2857 nequitiae
2920 2795 3238 2858 operatores
3267 2788 3478 2858 stipulae
3511 2789 3567 2843 in
3588 2817 3602 2831 ι

2030 2887 2146 2934 star
2198 2893 2228 2932 a
2271 2878 2601 2948 corripiente
2647 2893 2744 2933 eos
2796 2893 2958 2948 paena
3002 2878 3376 2934 destruentur.
3427 2879 3491 2934 Et
3532 2881 3600 2937 de

2033 2969 2296 3039 improbis
2325 2968 2491 3039 388
2523 2968 2740 3038 quidem
2773 2969 2849 3024 ait
2881 2970 3016 3024 haec.
3058 2968 3133 3024 De
3171 2971 3446 3025 timoratis
3469 2986 3600 3026 vero

2032 3061 2200 3131 quid?
2221 3079 2238 3112 ι
2268 3058 2336 3114 Et
2357 3061 2562 3115 orietur
2578 3061 2731 3116 vobis
2751 3060 3068 3117 timentibus
3093 3076 3291 3117 nomen
3313 3077 3492 3118 meum
3519 3064 3600 3119 sol

364 3149 546 3219 μένοις
577 3149 630 3202 τί
654 3165 668 3212 ;
715 3167 734 3200 ι
783 3147 892 3201 Καὶ
919 3148 1164 3202 ἀνατελεῖ
1190 3148 1318 3218 ὑμῖν
1352 3152 1464 3214 τοῖς
1489 3149 1839 3223 φοὸουμένοις
1866 3150 1929 3204 τὸ

2032 3153 2278 3223 iustitiae,
2308 3161 2362 3208 et
2393 3154 2598 3209 sanitas
2625 3153 2681 3208 in
2705 3154 2902 3224 pennis
2931 3153 3073 3223 ejus.
3115 3173 3134 3206 ι
3177 3151 3348 3211 Vobis
3375 3155 3596 3227 quidem

358 3243 528 3314 ὄνομά
559 3259 658 3313 μου
691 3244 840 3313 ἥλιος
862 3241 1224 3311 δικαιοσύνης,
1265 3243 1361 3297 καὶ
1387 3242 1528 3307 ἴασις
1561 3245 1619 3298 ἐν
1646 3247 1764 3308 ταῖς
1797 3244 1928 3298 πτέ-

362 3336 514 3405 ρυξιν
555 3334 740 3389 αὑτοῦ.
776 3351 793 3385 ι
862 3335 1021 3405 Ὑμῖν
1047 3334 1103 3388 δὲ
1146 3335 1314 3405 πολλὴ
1347 3335 1445 3406 μὲν
1487 3337 1768 3407 περιέσται
1795 3337 1931 3408 λαμ-

358 3426 568 3495 πρότης
599 3425 818 3489 δικαίως
859 3425 987 3496 ὑμῖν
1029 3425 1180 3496 παρά
1227 3424 1319 3478 τοῦ
1367 3423 1502 3478 Θεοῦ
1554 3426 1928 3497 χορηγουμὲνη

361 3517 507 3585 ὑπὲρ
563 3516 658 3584 τῆς
714 3517 791 3578 είς
836 3515 998 3569 αὑτὸν
1055 3515 1300 3578 εὐνοίας·
1347 3515 1647 3580 ἀπαλλάξει
1683 3515 1738 3568 δέ
1788 3516 1931 3584 ὑμᾶς

361 3607 568 3670 παντὸς
589 3607 776 3672 κακοῦ,
800 3609 988 3680 ῶσπερ
1014 3608 1124 3662 τισὶ
1145 3607 1371 3679 πτέρυξι
1391 3610 1457 3678 τῇ
1486 3607 1780 3678 κηδεμονίᾳ
1809 3608 1930 3661 σκέ-

361 3718 484 3756 ⁸ιπων
511 3703 576 3772 τῇ
611 3700 812 3771 οίκεία·
848 3702 945 3770 (p.
981 3701 1079 3756 571
1107 3699 1125 3770 )
1153 3699 1247 3754 καὶ
1280 3698 1525 3762 διοίσετε,
1552 3697 1736 3768 φησιν,
1782 3697 1932 3750 οὐδὲν

368 3792 683 3864 μοσχαρίων
713 3792 1086 3846 ἀπολυθέντων
1108 3808 1168 3844 τε
1191 3792 1254 3844 ἐκ
1280 3790 1494 3860 δεσμῶν
1521 3790 1614 3844 καὶ
1644 3787 1781 3859 μετά
1806 3786 1932 3841 πολ-

362 3885 460 3956 1r];
492 3883 834 3955 σκιρτῶντων
861 3883 960 3954 τῆς
988 3883 1210 3954 ήδονῆς·
1238 3883 1541 3953 κρατήσετε
1569 3879 1678 3950 γὰρ
1699 3879 1792 3932 καὶ
1825 3879 1932 3932 τῶν

365 3977 843 4048 παρανομούντων,
859 3976 905 4029 οἳ
931 3975 1121 4032 σποδοῦ
1145 3974 1300 4046 δίκην
1327 3973 1432 4028 ὑπὸ
1463 3975 1574 4037 τοῖς
1605 3972 1762 4025 ποσὶν
1786 3970 1932 4024 ἔσον-

363 4088 454 4126 ται
480 4074 590 4135 τοῖς
615 4070 920 4140 ὑμετέροις,
943 4067 1082 4121 κατά
1106 4067 1195 4120 τὸν
1217 4065 1405 4136 καιρὸν
1429 4066 1632 4120 ἐκεῖνον
1654 4063 1774 4117 ούδέ
1805 4064 1933 4134 μιᾶς

365 4164 682 4234 ἐπιμελείας
706 4163 741 4232 ἡ
773 4179 916 4224 τινος
943 4158 1252 4230 ἀξιούμενοι
1278 4157 1612 4230 διορθώσεως
1639 4157 1721 4210 ἔτι
1745 4173 1759 4187 ·
1786 4157 1930 4225 λέγει

362 4255 420 4307 δὲ
466 4254 666 4319 ταῦτα,
715 4253 788 4317 ὡς
818 4251 1072 4316 πολλάκις
1111 4251 1266 4323 ἐφην,
1306 4250 1399 4303 ἐπὶ
1439 4249 1530 4303 τοῦ
1559 4249 1749 4319 καιροῦ
1775 4265 1932 4318 γεγο-

361 4348 493 4400 νότα
531 4347 640 4399 τῶν
683 4345 1073 4408 Μακκαδαίων,
1114 4343 1346 4416 ὁπηνίκα
1375 4343 1472 4415 τὴν
1506 4341 1698 4396 ἐαυτοῦ
1754 4357 1931 4412 παρα-

2030 3245 2220 3309 multa,
2253 3251 2312 3298 ut
2334 3259 2432 3315 par
2457 3251 2560 3311 est,
2577 3245 2752 3315 gloria
2773 3245 2902 3309 erit,
2934 3261 2965 3300 a
2992 3245 3102 3301 Deo
3120 3255 3342 3316 propter
3359 3257 3595 3304 vestram

2029 3349 2156 3403 erga
2188 3349 2313 3388 eum
2357 3333 2790 3388 benevolentiam
2839 3350 3123 3391 concessa.
3174 3335 3311 3392 Tum
3361 3348 3415 3393 et
3451 3338 3599 3393 omni

2030 3427 2175 3480 malo
2214 3425 2488 3497 expediet,
2521 3426 2624 3480 alis
2651 3426 2819 3481 veluti
2857 3427 3206 3496 providentia
3247 3444 3346 3484 sua
3384 3437 3596 3499 tegens.

2029 3515 2285 3588 Nihilque
2344 3517 2608 3573 dilferetis
2671 3532 2703 3571 a
2763 3519 2951 3574 vitulis
2998 3519 3091 3590 qui
3145 3521 3381 3577 vinculis
3432 3523 3599 3576 soluti

2031 3611 2199 3664 multa
2264 3625 2388 3665 cum
2461 3611 2738 3681 voluptate
2814 3612 3094 3668 exsiliunt.
3177 3611 3598 3667 Dominabimini

2030 3701 2193 3755 etiam
2227 3699 2452 3770 iniquis,
2482 3701 2574 3770 qui
2606 3700 2763 3770 quasi
2812 3701 2952 3756 cinis
2976 3701 3202 3771 pedibus
3232 3702 3432 3756 vestris
3467 3701 3599 3756 sub-

2029 3800 2211 3857 erunt,
2247 3791 2377 3861 quia
2424 3792 2517 3846 illo
2543 3801 2794 3863 tempore
2833 3808 2967 3846 cura
3003 3809 3123 3848 mea
3159 3794 3305 3848 nulla
3335 3794 3418 3848 vel
3448 3794 3596 3850 leva-

2032 3891 2213 3938 mento
2253 3883 2400 3954 digni
2441 3883 2809 3939 habebuntur.
2852 3882 2978 3940 Haec
3010 3893 3189 3940 autem
3219 3886 3317 3948 ait,
3361 3893 3418 3940 ut
3456 3902 3598 3957 sape

2030 3976 2166 4034 dixi.
2205 3976 2274 4031 de
2315 3976 2481 4032 rebus
2521 3992 2641 4046 qua:
2674 3975 3100 4032 Maccabaaorum
3135 3987 3380 4049 tempore
3417 3980 3595 4034 couti-

2031 4076 2248 4138 gerunt,
2278 4082 2403 4122 cum
2439 4083 2597 4123 suum
2645 4068 2892 4138 praebens
2921 4069 3184 4123 auxilium
3224 4069 3386 4134 Deus,
3425 4071 3598 4126 malos

2032 4173 2190 4228 ptena
2237 4160 2528 4230 implicuit,
2575 4160 2630 4214 in
2664 4160 2865 4216 solatio
2899 4169 3080 4216 autem
3133 4169 3188 4216 et
3234 4161 3596 4232 prosperitate

2030 4265 2126 4306 eos
2159 4252 2445 4307 constituit
2490 4251 2583 4322 qui
2635 4252 2782 4323 leges
2823 4252 2995 4323 ipsius
3042 4253 3396 4322 protegebant
3438 4268 3452 4305 :
3500 4253 3595 4323 qui

2031 4353 2180 4398 certe
2213 4343 2545 4413 puniverunt
2576 4350 2737 4413 atque
2770 4343 3102 4399 domuerunt
3149 4345 3375 4399 omnino
3404 4343 3596 4400 adver-

363 4440 512 4510 σχὼν
553 4438 721 4512 ῥοπήν
762 4437 950 4508 ὁΘεὺς
984 4437 1360 4508 ἐτιμωρήσατο
1401 4435 1498 4504 μὲν
1544 4435 1668 4498 τοὺς
1707 4433 1925 4494 κακοὺς,

2032 4436 2206 4491 sarius
2225 4452 2379 4500 suos,
2400 4451 2507 4490 non
2525 4451 2591 4492 ex
2619 4436 2939 4506 alienigenis
2961 4444 3196 4503 tantum,
3220 4451 3408 4491 verum
3429 4438 3592 4492 etiam

362 4535 423 4585 ἐν
454 4531 634 4584 ἀνέσει
663 4531 718 4583 δὲ
747 4517 841 4583 καὶ
865 4527 1137 4599 εὐπραγίᾳ
1157 4526 1456 4596 κατέστησε
1483 4526 1607 4590 τοὺς
1631 4523 1738 4577 τῶν
1764 4522 1929 4578 αὑτοῦ

361 4620 611 4690 νομίμων
664 4619 1080 4690 ἀντεχομένους·
1138 4617 1188 4670 οἳ
1233 4616 1325 4668 καὶ
1382 4616 1787 4685 ἐτιμωρήσαντο
1837 4612 1931 4665 καὶ

365 4713 778 4783 κατεκράτησαν
806 4711 1081 4775 παντελῶς
1113 4711 1220 4764 τῶν
1251 4709 1522 4770 ἐναντίων,
1557 4708 1616 4759 ού
1647 4706 1754 4758 τῶν
1781 4705 1931 4776 παρά

363 4809 474 4868 τοῖς
498 4805 790 4875 ἀλλοτρίοις
816 4805 992 4875 μόνον,
1025 4803 1158 4856 ἀλλά
1189 4803 1297 4873 γὰρ
1317 4803 1406 4855 καὶ
1427 4800 1533 4854 τῶν
1558 4800 1770 4852 οἰκείων
1791 4815 1803 4828 ·
1833 4797 1929 4864 ἀφ’

359 4891 442 4951 ὧν
473 4897 538 4968 δὴ
565 4897 658 4950 καὶ
695 4897 853 4966 δῆλον
876 4896 1078 4948 ἅπασιν
1105 4894 1317 4962 ἐγένετο
1338 4895 1458 4947 ὅσον
1482 4894 1600 4947 ἐστὶ
1635 4892 1696 4945 τὸ
1725 4891 1928 4961 μεταξὺ

363 4990 474 5042 τῶν
506 5006 563 5042 τε
605 4989 960 5042 δουλευόντων
1004 4986 1141 5056 Θεῷ,
1187 4987 1281 5040 καὶ
1327 4985 1434 5038 τῶν
1485 4985 1742 5039 τάναντία
1796 5001 1930 5053 φρο-

362 5082 617 5144 νούντων,
639 5080 730 5148 ἀφ’
754 5072 827 5131 ὧν
855 5080 903 5131 οί
930 5079 1026 5148 μὲν
1057 5077 1362 5149 βαρυτάτην
1383 5076 1624 5141 ἐδέξαντο
1640 5077 1928 5146 τιμωρίαν,

361 5173 415 5224 οἱ
444 5172 500 5224 δὲ
530 5174 586 5224 ἐν
625 5171 850 5242 εὐθηνίᾳ⁸
880 5187 939 5224 τε
972 5171 1065 5224 καὶ
1103 5170 1376 5241 εὐπραγία
1405 5170 1742 5238 κατέστησαν
1785 5168 1933 5220 πλεί-

2032 4544 2097 4583 ex
2134 4528 2498 4599 popularibus
2527 4529 2665 4584 suis.
2702 4528 2780 4583 Ex
2822 4544 2930 4599 quo
2959 4529 3172 4584 cunctis
3204 4528 3440 4583 innotuit
3465 4528 3594 4600 quid

2001 4621 2004 4624 ’
2031 4618 2325 4674 interesset
2357 4619 2500 4672 inter
2525 4617 2634 4673 Deo
2663 4619 2984 4681 servientes,
3010 4625 3063 4673 et
3082 4619 3225 4674 inter
3253 4620 3594 4674 contrarium

2030 4719 2288 4782 agentes;
2346 4725 2453 4780 qua
2507 4709 2574 4765 de
2626 4725 2794 4766 causa
2843 4709 2897 4763 hi
2949 4710 3327 4779 gravissimam
3378 4725 3592 4782 pmnam

2030 4802 2391 4873 pertulerunt.
2435 4801 2513 4854 illi
2566 4810 2746 4856 autem
2779 4815 3068 4870 prosperos
3100 4816 3391 4858 successus
3426 4801 3597 4856 felici-

2031 4900 2308 4962 tatemque
2331 4893 2615 4962 plurimam
2639 4891 2786 4945 nacti
2810 4901 2954 4946 sunt.
2982 4890 3044 4945 Et
3071 4893 3352 4962 prophetia
3372 4891 3591 4961 quidem

2033 4982 2176 5038 beati
2203 4983 2394 5053 Angeli
2424 4983 2497 5036 ita
2520 4998 2579 5036 se
2601 4982 2815 5046 habuit,
2845 4997 3006 5053 quam
3041 4982 3108 5036 de
3133 4983 3296 5037 rebus
3327 4991 3436 5034 tum
3467 4989 3594 5034 aeta-

2034 5086 2086 5130 te
2120 5075 2234 5138 illa,
2269 5083 2383 5128 tum
2413 5073 2514 5128 sub
2538 5072 2881 5138 Maecabwis,
2907 5074 2972 5128 ad
3008 5072 3282 5127 lsraelitas
3314 5073 3593 5141 pertinen-

2035 5169 2182 5223 tibus
2215 5166 2363 5221 fecit.

365 5280 489 5336 στῃ.
537 5265 602 5316 Ἡ
646 5265 744 5335 μέν
782 5265 839 5318 δὲ
881 5265 1018 5336 πρὸς
1097 5264 1186 5318 τὸν
1259 5264 1385 5316 λαὸν
1428 5261 1732 5334 προφητεία
1792 5261 1883 5314 τοῦ
1935 5261 2201 5331 μακαρίου
2252 5258 2502 5326 ’Δγγέλου
2541 5259 2726 5313 τοῦτον
2767 5259 2890 5329 ἔσχε
2941 5257 3031 5310 τὸν
3096 5255 3314 5327 τρόπον,
3362 5257 3428 5326 ἣν
3468 5260 3593 5325 περὶ

361 5361 472 5411 τῶν
503 5360 683 5424 αὐτοῖς
712 5361 1095 5432 προσηκόντων
1123 5358 1264 5412 κατά
1288 5375 1346 5411 τε
1365 5358 1456 5411 τὸν
1482 5357 1667 5428 καιρὸν
1696 5357 1920 5422 ἐκεῖνον,
1961 5357 2102 5410 κατά
2133 5373 2192 5408 τε
2226 5354 2316 5407 τὸν
2343 5354 2448 5407 τῶν
2476 5355 2844 5409 Μακκαὸαίων
2872 5354 3181 5422 ἐποιήσατο.

449 5453 668 5522 Ἐπειδὴ
728 5453 786 5505 δὲ
839 5453 1142 5514 τελευταῖος
1183 5451 1354 5512 οὕτως
1397 5451 1610 5517 ἐγένετο
1654 5450 1934 5520 προφήτης

2109 5445 2246 5512 Quia
2315 5460 2444 5500 vero
2509 5455 2820 5514 postremus
2879 5443 2968 5499 hic
3013 5442 3256 5497 omnium
3301 5441 3595 5513 propheta-

363 5545 622 5596 ἀπάντων
669 5545 776 5598 τῶν
830 5547 1019 5616 γραφῇ
1067 5544 1164 5607 τὰς
1209 5541 1414 5596 ἑαυτῶν
1475 5541 1930 5612 παραδεδωκότων

2039 5554 2158 5592 rum
2211 5537 2334 5601 fuit,
2383 5536 2475 5607 qui
2507 5552 2635 5594 suas
2663 5537 2866 5606 scripto
2907 5535 3220 5607 prophetias
3244 5535 3593 5596 mandarunt,

366 5634 734 5704 προφητείας,
765 5635 941 5698 καλῶς
974 5635 1115 5704 ἔχειν
1150 5634 1389 5703 ἡγήσατο
1420 5631 1601 5684 λοιπὸν
1631 5629 1799 5694 δεῖξαι
1833 5631 1930 5700 μὲν

2038 5640 2184 5686 recte
2211 5648 2268 5687 se
2300 5632 2482 5684 facere
2520 5629 2788 5699 judicavit
2818 5627 3248 5684 demonstrando
3278 5627 3473 5683 deinde
3521 5627 3598 5680 le-

367 5727 462 5779 τοῦ
504 5726 666 5792 νόμου
710 5727 806 5797 τὴν
854 5727 1165 5788 κατάλυσιν,
1211 5724 1378 5792 δεῖξαι
1419 5724 1475 5777 δὲ
1509 5723 1572 5778 τὰ
1605 5722 1738 5793 μετά
1778 5721 1930 5776 τοῦτο

2038 5725 2119 5796 gis
2147 5725 2534 5791 cessationem,
2565 5730 2616 5778 ct
2645 5737 2762 5792 qua:
2795 5731 2982 5794 postea
3005 5728 3190 5780 essent
3207 5726 3592 5778 consecutura.
