4096 6234
456 287 567 345 lilii

1631 277 1983 335 THEUDORI
2010 276 2489 336 ιιοΡδυΕετΕΝι

3598 281 3701 335 652

462 426 481 459 ς
523 406 847 461 Mementote
873 404 1013 476 legis
1042 402 1244 475 Moysis
1276 404 1420 459 servi
1466 404 1595 468 mei,
1634 404 1778 459 sicut
1806 405 1855 459 ei
1883 418 2024 473 pra:-

2141 403 2391 473 ἐσόμενα·
2440 402 2522 456 διό
2570 419 2704 473 φησι
2749 402 2929 472 (Στίχ.
2968 400 3079 470 ς¹)⁶
3140 421 3160 453 ι
3204 402 3497 474 Μνήσθητε
3541 405 3704 475 νόμου

456 500 571 567 (ευρί
608 500 661 551 in
702 498 920 552 Choreb
961 496 1030 550 ad
1078 498 1395 551 universum
1462 494 1715 551 lsraelem
1776 495 2033 549 mandata

456 586 976 656 ctjustificationes.
1013 585 1078 639 Et
1116 600 1246 641 ecce
1277 600 1379 656 ego
1410 585 1621 640 mittam
1665 582 1823 638 vobis
1858 581 2030 637 Eliam

456 677 796 742 Thesbitem,
843 686 971 732 ante
1015 692 1181 747 quam
1225 678 1410 731 veniat
1443 676 1561 731 dies
1590 675 1806 729 Domini
1838 690 2035 746 magna

455 778 510 824 et
539 771 799 835 illustris,
835 771 927 839 qui
954 769 1332 824 recouciliabit
1357 784 1454 823 cor
1481 768 1654 838 patris
1676 783 1806 839 erga
1840 769 2031 831 lilium,

456 870 511 919 et
538 878 636 917 cor
663 863 903 918 hominis
919 879 1049 933 erga
1073 862 1378 932 proximum
1400 877 1582 923 suum,
1606 877 1674 915 ne
1689 876 1788 931 ego
1812 861 2034 916 veniens

460 953 706 1009 funditus
770 954 952 1008 onmia
992 954 1314 1023 percutiam.
1366 971 1384 1004 ι
1441 950 1606 1021 389
1644 948 2031 1006 Verumtamen

458 1054 655 1116 prater
683 1046 865 1101 omnia
895 1061 1017 1116 qua:
1045 1044 1188 1099 dicta
1220 1044 1464 1107 fuerunt,
1507 1045 1612 1099 hoc
1632 1044 1787 1098 vobis
1812 1052 2033 1113 postre-

459 1154 606 1192 mum
640 1137 957 1193 mandatum
1005 1138 1184 1202 trado,
1220 1147 1278 1191 ut
1319 1138 1456 1207 legis
1488 1151 1622 1190 mea:
1646 1151 1916 1193 memores
1959 1138 2035 1191 si-

458 1234 553 1295 tis,
585 1249 747 1301 quam
794 1248 887 1301 per
927 1230 1167 1303 Moysem
1217 1231 1480 1286 universo
1527 1229 1719 1285 lsraeli
1772 1228 2033 1299 imposui,

459 1340 798 1396 quaecunque
834 1324 904 1378 ab
951 1340 1017 1379 eo
1083 1323 1204 1379 fieri
1261 1330 1541 1393 oporteret
1589 1321 1881 1377 manifeste
1919 1322 2036 1376 eili-

459 1433 615 1472 eens.
648 1416 738 1470 Sic
765 1432 894 1486 ergo
939 1417 993 1471 in
1046 1417 1238 1486 primis
1289 1415 1613 1470 obedientia:
1645 1414 1848 1469 dabitis
1894 1414 2038 1467 indi-

460 1513 633 1575 cium,
655 1511 701 1565 si
728 1508 1018 1564 Dominum
1048 1510 1351 1564 venientem
1374 1507 1701 1577 exceperitis
1730 1505 2033 1569 Christum,

460 1602 555 1671 qui
587 1608 812 1672 propter
842 1602 1087 1655 omnium
1122 1600 1405 1655 hominum
1433 1599 1667 1655 salutem
1706 1597 1992 1668 apparebit
2019 1617 2032 1663 ;

460 1695 663 1765 quique
710 1695 811 1764 legi
854 1696 1013 1748 linem
1062 1693 1322 1761 imponet,
1376 1700 1430 1748 et
1475 1691 1860 1761 perfectionem
1906 1704 2034 1759 proa

2134 496 2306 564 Μωσῆ
2343 495 2438 550 τοῦ
2466 494 2649 549 δούλου
2685 512 2809 565 μου,
2841 495 3030 549 καθότι
3058 497 3411 565 ἐνετειλάμην
3439 498 3535 566 (p.
3564 498 3704 566 572)

2134 588 2282 658 αὐτῷ
2310 590 2369 643 ἐν
2413 588 2617 659 Χωρὴϐ
2678 589 2813 659 πρὸς
2860 589 3039 643 πάντα
3080 589 3172 642 τὸν
3214 588 3426 660 Ἰσραὴλ
3472 592 3706 661 προστά-

2133 696 2320 749 γματα
2344 680 2437 734 καὶ
2473 679 2836 751 δικαιώματα,
2864 683 2957 736 καλ⁵
2992 682 3101 735 ἰδοὺ
3132 683 3244 751 ἐγὼ
3268 685 3555 737 ἀποστελῶ
3582 685 3707 755 ὑμῖν

2144 771 2331 826 Ἠλίαν
2360 773 2451 825 τὸν
2478 772 2763 844 Θεσϐίτην,
2798 775 2930 845 πρὶν
2966 774 2998 845 ἤ
3033 774 3208 828 ἐλθεῖν
3226 776 3323 846 τὴν
3357 776 3570 847 ἡμέραν
3597 778 3707 830 Κυ-

2138 864 2251 933 ρίου
2298 864 2398 934 τὴν
2452 864 2694 936 μεγάλην
2741 867 2834 918 καὶ
2868 866 3143 935 ἐπιφανῆ,
3188 867 3246 929 ὃς
3271 868 3705 939 ἀποκαταστήσει

2135 959 2362 1031 καρδίαν
2410 960 2614 1029 πατρὸς
2652 960 2788 1030 πρὸς
2817 960 2953 1024 υἱὸν,
3002 961 3098 1013 καὶ
3144 961 3370 1031 καρδίαν
3419 961 3704 1033 ἀνθρώπου

2138 1050 2273 1120 πρὸς
2304 1050 2394 1102 τὸν
2424 1049 2649 1118 πλησίον
2688 1050 2874 1115 αὐτοῦ,
2914 1050 2988 1121 μὴ
3020 1050 3191 1104 ἐλθὼν
3219 1051 3445 1115 πατάξω
3476 1052 3572 1122 τὴν
3600 1052 3705 1122 γῆν

2137 1138 2325 1209 ἄρδην.
2367 1158 2385 1189 ι
2434 1138 2593 1193 Ἀλλά
2620 1140 2728 1210 γάρ
2756 1139 2839 1208 ἐφ’
2867 1139 3035 1194 ἅπασι
3072 1144 3180 1204 τοῖς
3208 1143 3516 1213 εἰρημένοις
3546 1142 3707 1213 ἐσχά-

2135 1246 2235 1299 την
2268 1230 2469 1300 ταύτην
2505 1231 2632 1300 ὑμῖν
2660 1231 3004 1303 παραδίδωμι
3035 1234 3133 1303 τὴν
3162 1234 3402 1303 ἐντολὴν,
3442 1235 3507 1286 ἶν’
3546 1234 3705 1305 ἔχητε

2137 1322 2227 1375 τὸν
2254 1323 2416 1392 νόμον
2457 1326 2515 1376 ἐν
2555 1325 2745 1397 μνήμῃ
2775 1324 2866 1377 τὸν
2920 1324 3069 1393 ἐμὸν,
3116 1325 3176 1377 ὃν
3213 1326 3300 1378 διὰ
3325 1325 3418 1378 τοῖο
3466 1328 3708 1388 Μωσέως

2139 1414 2273 1485 πρὸς
2312 1415 2525 1468 ἅπαντα
2561 1414 2766 1467 δέδωκα
2806 1414 2898 1468 τὸν
2956 1415 3189 1486 Ἰσραὴλ,
3236 1416 3393 1469 ἆτινα
3447 1417 3706 1485 πράττειν

2138 1510 2333 1571 αὐτοὺς
2373 1506 2455 1575 ἐφ’
2482 1506 2697 1576 ἑκάστῳ
2725 1506 2852 1578 χρὴ,
2881 1508 3068 1576 σαφῶς
3101 1508 3362 1579 εἰρηκώςο
3400 1508 3587 1579 ὥσπερ
3613 1505 3706 1562 οὖν

2139 1600 2375 1670 πρῶτον,
2415 1599 2510 1651 τοῦ
2547 1598 2830 1652 πείθεσθαι
2887 1597 3152 1669 παρέξετε
3181 1600 3486 1671 γνώρισμα,
3520 1601 3581 1653 τὸ
3617 1601 3708 1653 τὸν

2139 1692 2414 1763 Δεσπότην
2444 1692 2855 1761 παραγεγονότα
2881 1691 3136 1755 δέξασθαι
3162 1693 3412 1763 Χριστὸν,
3443 1694 3584 1765 ὑπὲρ
3612 1697 3709 1765 τῆς

461 1787 636 1855 priam
667 1785 1088 1839 demonstrabit.
1121 1782 1376 1838 Profecto
1407 1783 1541 1837 bene
1573 1780 1767 1836 fuisset
1795 1797 1893 1835 vos
1922 1791 2034 1835 sta-

2143 1753 2393 1836 ἀπάντων
2417 1753 2714 1849 ἀνθρώπων
2742 1753 3074 1853 φανούμενον
3099 1753 3479 1855 σωτηρίας-ὂς
3510 1753 3707 1839 παύσει

458 1878 581 1939 tim,
604 1885 657 1932 et
697 1877 749 1930 in
781 1878 954 1945 primo
989 1875 1108 1945 ejus
1147 1878 1384 1929 adventu
1424 1873 1668 1935 credere,
1695 1884 1856 1942 atque
1888 1875 2033 1927 hunc

464 1985 761 2040 agnoscere
787 1970 936 2023 illum
968 1984 1093 2023 esse
1152 1984 1311 2037 quem
1343 1966 1556 2037 Moyses
1581 1965 1877 2035 cunctique
1907 1980 2032 2033 pro-

464 2060 638 2129 phetae
672 2060 984 2121 innuerant,
1024 2057 1182 2112 linem
1216 2055 1316 2126 legi
1350 2055 1764 2124 impositurum,
1798 2062 1851 2107 et
1881 2069 2035 2108 com-

462 2165 684 2204 munem
716 2149 957 2203 omnium
991 2149 1168 2217 palam
1196 2146 1514 2201 effecturum
1546 2147 1818 2200 salutem:
1844 2160 1907 2199 ex
1926 2160 2034 2214 quo

464 2241 596 2295 illud
634 2257 854 2311 quoque
905 2241 1161 2295 omnibus
1214 2240 1567 2302 innotuisset,
1603 2238 1709 2292 hoc
1741 2252 1862 2292 esse
1889 2251 2035 2292 (eco-

462 2333 659 2387 nomiee
713 2333 879 2387 totius
935 2332 1074 2402 legis
1136 2340 1302 2401 caput
1351 2331 1759 2400 maximumque
1811 2330 2033 2394 bonum,

463 2437 657 2492 nempe
696 2431 753 2475 ut
795 2435 986 2476 onmcs
1034 2421 1283 2476 homines
1328 2422 1394 2474 ad
1418 2419 1698 2475 Christum
1746 2418 2033 2473 Dominum

463 2513 889 2578 adducerentur,
932 2514 1028 2584 qui
1073 2515 1209 2567 tanti
1236 2514 1366 2568 boni
1406 2513 1584 2583 gratia
1638 2520 1884 2581 tempore
1933 2527 2037 2566 suo

463 2607 797 2663 adventurus
830 2618 965 2661 erat.
1010 2606 1117 2661 Sed
1151 2608 1278 2675 quia
1314 2606 1570 2677 praesenti
1600 2604 1679 2658 illi
1703 2604 2036 2659 malevolen-

463 2700 593 2754 tiam
644 2707 880 2757 vestram
914 2700 1242 2763 ostendetis,
1295 2700 1494 2754 beatus
1535 2696 1603 2751 ad
1656 2711 1755 2751 vos
1795 2698 2038 2751 mittetur

465 2789 636 2855 Elias,
682 2798 811 2844 ante
849 2788 1151 2844 secundum
1200 2789 1407 2845 Christi
1471 2786 1685 2840 Domini
1741 2785 2037 2840 adventum

465 2881 559 2950 qui
594 2881 661 2936 de
686 2881 827 2935 ccelo
856 2882 1073 2935 futurus
1102 2890 1206 2944 est,
1238 2889 1297 2934 ut
1328 2896 1423 2935 eos
1446 2880 1540 2949 qui
1567 2879 1848 2947 religionis
1873 2894 2038 2933 causa

466 2971 609 3025 inter
640 2985 697 3025 se
728 2970 1000 3025 dissident
1030 2971 1268 3038 copulet,
1299 2985 1399 3024 nec
1433 2984 1544 3023 non
1579 2975 1635 3021 ut
1661 2976 1913 3037 parentes
1941 2982 2038 3037 per

470 3060 647 3131 ipsius
670 3060 949 3130 religionis
973 3062 1221 3114 nmitiam
1268 3061 1337 3115 ad
1361 3059 1713 3116 concordiam
1748 3074 1872 3113 cum
1905 3059 2038 3112 libe-

475 3154 555 3207 ris
589 3153 891 3222 pertrahat,
928 3153 1259 3211 dissidentes
1289 3163 1447 3208 antea
1471 3153 1717 3222 ejusdem
1754 3150 2037 3221 religionis

466 3258 636 3298 causa
665 3260 679 3296 :
705 3244 761 3297 in
793 3258 1029 3305 summa,
1061 3252 1121 3297 ut
1145 3259 1336 3300 omnes
1368 3244 1617 3299 homines
1660 3259 1769 3298 uno
1812 3243 2038 3299 eodem.-

468 3350 577 3405 que
599 3335 820 3389 vinculo
872 3336 1256 3405 constringat:
1305 3336 1382 3390 ita
1424 3346 1482 3389 ut
1516 3336 1609 3404 qui
1642 3342 1775 3390 tunc
1834 3335 2040 3389 inventi

471 3425 677 3481 fuerint
712 3426 1023 3496 irreligiosi,
1071 3428 1140 3482 ah
1187 3444 1253 3483 eo
1298 3429 1547 3482 notitiam
1580 3427 1832 3481 veritatis
1861 3426 2041 3481 susci-

471 3518 643 3587 piant,
687 3526 888 3572 etcum
922 3518 1197 3589 religiosis
1243 3518 1505 3589 deinceps
1539 3518 1877 3587 conspirent.
1914 3517 2055 3571 Haec

470 3608 633 3664 faciet
670 3608 763 3678 qui
804 3610 1048 3663 omnium
1094 3611 1381 3665 hominum
1423 3610 1621 3666 salutis
1667 3625 1856 3664 curam
1900 3609 2061 3678 gerit

471 3698 647 3765 Deus;
678 3716 747 3755 ne
774 3700 915 3756 forte
950 3702 1008 3755 in
1038 3703 1315 3772 impietate
1340 3711 1772 3772 perseverantes,
1801 3710 2040 3757 tremen-

470 3791 599 3845 dum
625 3792 918 3848 adventum
947 3794 1069 3862 ejus
1093 3795 1467 3864 experiantur,
1500 3796 1595 3865 qui
1630 3794 1697 3848 ad
1721 3809 2036 3864 supremum

472 3882 842 3950 improborum
871 3885 1097 3941 exitium
1132 3884 1240 3940 fiet.

2143 1872 2239 1940 μὲν
2266 1872 2356 1924 τὸν
2374 1871 2553 1940 νόμον,
2580 1872 2806 1939 ἐκφανεῖ
2824 1870 2880 1923 δὲ
2904 1871 3001 1941 τὴν
3021 1872 3331 1944 τελειότητα
3357 1875 3454 1943 τὴν
3474 1875 3675 1928 οἰκείαν
3689 1891 3703 1904 ·

2140 1965 2275 2034 ὅπερ
2311 1959 2403 2016 οὖν
2438 1962 2613 2025 καλῶς
2643 1964 2741 2032 μὲν
2769 1959 2910 2032 εἶχεν
2941 1964 3085 2034 ὑμᾶς
3114 1964 3243 2017 εὐθὺ
3274 1966 3367 2018 καὶ
3391 1967 3532 2019 κατὰ
3562 1966 3709 2038 πρώ-

2140 2072 2238 2118 τας
2268 2055 2486 2123 φανέντι
2519 2055 2827 2120 πιστεῦσαι,
2861 2057 2951 2108 καὶ
2974 2056 3174 2125 γνῶναι
3206 2057 3394 2111 τοῦτον
3416 2058 3540 2112 ὄντα
3565 2062 3710 2113 ἐκεῖ·

2148 2160 2237 2195 νον
2283 2143 2341 2195 ὃν
2382 2143 2585 2212 Μωσῆς
2620 2162 2678 2197 τε
2714 2145 2809 2198 καὶ
2838 2146 3034 2209 πάντες
3067 2148 3296 2218 ἐμήνυον
3328 2151 3378 2201 οἱ
3407 2150 3705 2220 προεξῆταιξ,

2140 2234 2295 2297 τέλος
2327 2234 2424 2303 μὲν
2450 2235 2779 2305 ἐπιθήσοντα
2810 2236 2889 2306 τῷ
2913 2239 3081 2308 νόμῳ,
3111 2238 3213 2308 τὴν
3242 2239 3425 2311 κοινὴν
3453 2241 3507 2294 δὲ
3538 2241 3709 2295 ἀπάν-

2142 2342 2248 2378 των
2292 2323 2677 2394 ἐκκαλύψοντα
2732 2328 3041 2399 σωτηρίαν⁶
3092 2328 3231 2383 ὥστε
3285 2334 3503 2385 κάκεῖνο
3554 2333 3709 2401 δῆλον

2144 2416 2345 2469 ἀπασιν
2375 2414 2657 2483 γενέσθαι,
2683 2418 2852 2489 auat;
2893 2419 3052 2473 τοῦτο
3092 2420 3273 2491 πάσης
3312 2425 3411 2493 τῆς
3449 2424 3585 2478 κατὰ
3620 2425 3710 2478 τὸν

2143 2506 2303 2576 νόμον
2339 2508 2648 2578 οἰκονομίας
2683 2510 2800 2562 ἐστὶ
2833 2510 2893 2563 τό
2927 2527 2985 2563 τε
3028 2510 3316 2580 κεφάλαιον
3346 2510 3521 2568 καὶτὸ
3555 2517 3711 2586 μέγι-

2145 2615 2267 2651 στον
2288 2598 2510 2667 ἀγαθὸν,
2532 2600 2593 2653 τὸ
2619 2601 2827 2665 πάντας
2847 2602 3162 2675 ἀνθρώπους
3195 2606 3274 2675 τῷ
3288 2608 3533 2679 Δεσπότῃ
3557 2626 3713 2677 προσ-

2143 2694 2366 2758 αγαγεῖν
2394 2692 2614 2762 Χριστῷ
2641 2694 2731 2746 ἐπὶ
2752 2698 2866 2759 τοῖς
2898 2696 3168 2759 τοσούτοις
3194 2698 3416 2765 ἀγαθοῖς
3451 2700 3591 2753 κατά
3623 2701 3712 2753 τὶν

2144 2783 2332 2852 καιρὸν
2368 2785 2680 2856 φανουμένῳ
2720 2786 2813 2839 τὸν
2863 2788 3087 2840 οἰκεῖον·
3141 2790 3323 2861 ἐπειδὴ
3373 2790 3430 2844 δὲ
3479 2792 3573 2844 καὶ
3622 2793 3711 2845 ἐπὶ

2143 2875 2240 2943 τῆς
2273 2875 2480 2928 ἐκείνου
2521 2877 2736 2941 δείξεως
2759 2879 2857 2949 τὴν
2884 2881 3273 2950 ἀγνωμοσύνην
3298 2883 3590 2947 ἐπιδείξετε
3615 2885 3712 2954 τὴν

2144 2966 2370 3030 οἰκείαν,
2407 2969 2497 3038 (p.
2531 2969 2673 3039 575)
2724 2970 2910 3033 Ἠλίας
2942 2972 3375 3043 ἀποσταλήσεται
3407 2976 3543 3045 πρὶς
3571 2976 3714 3044 ὑμᾶς

2144 3059 2173 3109 ὁ
2204 3061 2492 3129 μακάριος,
2519 3060 2626 3131 πρὸ
2651 3062 2750 3131 τῆς
2780 3060 3036 3132 δευτέρας
3056 3057 3148 3116 τοῦ
3176 3064 3445 3117 Αεσπότου
3479 3066 3712 3135 Χριστοῦ

2146 3151 2466 3221 παρουσίας,
2505 3154 2572 3221 ἢν
2609 3154 2701 3206 ἀπ’
2740 3153 2983 3224 οὐρανῶν
3035 3157 3350 3227 ποιήσεται·
3400 3158 3538 3210 ὥστε
3589 3161 3712 3222 τοὺς

2144 3243 2236 3295 διὰ
2264 3243 2362 3313 τὴν
2412 3243 2694 3297 εὐσέϐειαν
2729 3246 2864 3314 πρὸς
2908 3246 3167 3314 ἀλλήλους
3199 3247 3556 3318 διῃρημένους
3594 3268 3714 3304 συν-

2148 3334 2302 3403 άψαι,
2345 3335 2439 3388 καὶ
2470 3335 2535 3406 δὴ
2583 3338 2676 3389 καὶ
2726 3337 2964 3407 πατέρας
2996 3337 3084 3389 διὰ
3131 3337 3229 3407 τῆς
3269 3338 3406 3391 κατὰ
3437 3340 3711 3409 τηνεί)σέ-

2148 3428 2299 3480 ϐειαν
2344 3427 2689 3495 ἐπιγνώσεως
2727 3431 2806 3493 εἰς
2840 3428 2936 3499 τὴν
2961 3430 3067 3482 τῶν
3094 3429 3296 3483 τέκνων
3330 3433 3554 3499 ἀγαγεῖν
3576 3434 3706 3503 ὁμό-

2148 3535 2315 3584 νοιαν,
2350 3519 2706 3590 διῃρημένους
2736 3520 2997 3591 πρότερον
3040 3522 3104 3573 ἐκ
3135 3522 3233 3590 τῆς
3267 3522 3407 3575 κατά
3438 3522 3533 3593 τὴν
3557 3523 3712 3575 εὐσέ-

2149 3612 2297 3663 ϐειαν
2320 3613 2497 3675 αἰτίας
2518 3629 2532 3642 ⁸
2572 3613 2777 3675 πάντας
2810 3630 2867 3665 τε
2900 3611 3214 3681 ἀνθρώπους
3238 3615 3517 3683 συντόμως
3542 3618 3715 3669 εἰπεῖν

2147 3706 2227 3766 είς
2256 3704 2386 3774 μίαν
2426 3705 2521 3758 καὶ
2558 3707 2655 3776 τὴν
2687 3704 2854 3774 αὐτὴν
2880 3705 3221 3775 καταστῆσαι
3250 3708 3541 3775 συνάφειαν
3559 3722 3573 3736 ⁶
3602 3708 3713 3760 τῶν

2147 3797 2205 3848 ἐν
2247 3795 2471 3866 ἀσεϐείᾳ
2508 3796 2628 3847 τότε
2676 3795 3264 3866 καταλαμϐανομένων,
3286 3796 3586 3867 δεχομένων
3610 3798 3711 3868 μὲν

2145 3888 2272 3957 παρ’
2321 3886 2483 3939 αὑτοῦ
2521 3887 2619 3957 τὴν
2658 3887 2758 3955 τῆς
2790 3886 3045 3957 ἀληθείας
3084 3887 3396 3955 ἐπίγνωσιν,
3439 3890 3710 3958 ἐχομένων

469 3971 526 4025 δὲ
557 3975 650 4025 καὶ
686 3974 783 4042 τὴν
820 3976 1066 4029 ἐντεῦθεν
1139 3979 1279 4049 πρὸς
1322 3981 1447 4044 τοὺς
1490 3980 1735 4041 εὐσεϐεῖς
1802 3979 2113 4033 κοινωνίανο
2148 3980 2321 4033 ταῦτα
2353 3980 2411 4033 δὲ
2460 3982 2742 4051 ποιήσεται
2782 3981 2881 4051 τῆς
2928 3982 3177 4035 ἁπάντων
3215 3979 3515 4051 ἀνθρώπων
3552 3998 3709 4050 φρον-

471 4062 632 4127 τίζων
670 4066 935 4137 σωτηρίας
966 4069 996 4120 ὁ
1026 4068 1155 4132 Θεός
1175 4087 1189 4101 ο
1221 4072 1295 4133 ώς
1322 4073 1388 4125 ἀν
1427 4073 1501 4142 μὴ
1528 4073 1780 4142 μένοντες
1810 4075 1902 4125 ἐπὶ
1934 4076 2032 4144 τῆς
2072 4074 2342 4142 ἀσεϐείας,
2372 4076 2605 4145 φοϐερᾶς
2636 4074 2800 4131 αὐτοῦ
2824 4077 2924 4146 τῆς
2992 4076 3288 4146 παρουσίας
3353 4074 3709 4147 πειραθῶσιν,

473 4159 564 4213 ἐπὶ
590 4160 873 4232 ἀφανισμῷ
904 4163 1154 4218 παντελεῖ
1178 4166 1287 4220 τῶν
1316 4168 1603 4238 μοχθηρῶν
1626 4170 1935 4241 γινομένης.
