4096 6234
333 262 439 315 633

360 394 2479 443 an======================================-==============================="===‘===========

1506 240 1932 300 FRAGMENTA
1971 239 2034 292 IN
2094 237 2406 294 GENESIN.

3067 406 3291 416 .—-———————..

3298 402 3553 415 ._.._._—_

799 589 1728 706 'rnnonom
1837 576 3113 697 morsum-mm

504 854 1376 971 FRAGMENTA
1437 852 1581 968 IN
1668 846 2143 967 VETUS
2206 843 3327 1015 TESTAMENTUM.

1582 1293 1706 1381 IN
1783 1290 2337 1380 GENESIN.

780 1483 865 1539 Ea:
918 1483 1142 1539 concilio
1197 1480 1782 1551 Constantinopolitano
1820 1481 1946 1533 anni
2006 1479 2129 1543 555,
2163 1479 2366 1533 actione
2398 1477 2482 1541 IV,
2514 1494 2654 1531 num.
2687 1471 2964 1543 LVII-LX,
3003 1475 3162 1529 LXII.

1934 1681 2003 1691 —-

370 1826 616 1897 Ejusdem
670 1824 926 1880 Theodori
982 1841 1047 1880 ea:
1095 1824 1226 1879 libro
1269 1826 1453 1897 quinto
1513 1833 1803 1897 commenta
1861 1823 1924 1876 de
1955 1843 1996 1896 Α
2028 1835 2212 1879 autem
2268 1827 2359 1895 qui
2408 1828 2628 1882 futurus
2659 1834 2765 1891 est,
2813 1841 2936 1880 cum
2967 1842 3241 1883 renovans
3278 1830 3458 1884 omnia
3518 1833 3587 1887 ad

440 1911 697 1958 creatura,
727 1899 781 1950 in
824 1896 1009 1967 quibus
1038 1906 1087 1949 et
1141 1895 1287 1950 bona
1325 1908 1375 1951 et
1429 1896 1573 1949 mala
1601 1913 1633 1949 a
1657 1895 1765 1949 Deo
1812 1911 1924 1951 esse

439 1970 579 2036 facta
598 1970 745 2020 dicit.

436 2081 549 2137 Nec
583 2082 746 2152 igitur
769 2091 998 2137 mortem
1030 2096 1138 2136 non
1163 2089 1358 2152 sponte
1374 2090 1425 2137 et
1444 2090 1637 2152 praeter
1656 2080 1924 2151 judicium

368 2190 532 2229 suum
562 2173 743 2228 intulit
767 2174 1103 2239 hominibus,
1137 2190 1313 2245 neque
1339 2183 1564 2246 peccato
1602 2174 1807 2228 aditum
1861 2171 1929 2227 ad

366 2268 574 2323 nullam
607 2267 893 2320 utilitatem
932 2266 1120 2332 dedit;
1178 2283 1279 2321 nec
1336 2266 1481 2322 enim
1542 2266 1643 2319 boc
1682 2266 1795 2319 ﬁeri
1827 2279 1928 2318 no-

372 2359 492 2415 lens
535 2372 642 2411 non
682 2364 931 2427 poterat:
973 2357 1067 2411 sed
1102 2356 1360 2425 quoniam
1418 2354 1624 2409 sciebat
1657 2355 1786 2409 utile
1809 2367 1931 2408 esse

368 2450 555 2514 nobis,
586 2450 758 2520 magis
784 2458 965 2503 autem
1006 2449 1261 2503 omnibus
1300 2448 1744 2510 rationabilibus,
1780 2445 1931 2515 prius

368 2543 590 2613 quidem
620 2544 882 2595 malorum
915 2549 970 2596 et
997 2541 1328 2595 deteriorum
1360 2540 1477 2594 ﬁeri
1508 2541 1735 2605 aditum,
1784 2545 1933 2607 post-

368 2650 437 2690 ea
502 2643 683 2689 autem
738 2632 909 2688 deleri
949 2632 1168 2702 quidem
1224 2633 1357 2696 ba‘c,
1417 2630 1691 2685 introduci
1752 2638 1932 2683 autem

373 2724 643 2779 meliora:
684 2722 808 2776 ideo
841 2723 897 2775 in
935 2721 1073 2776 duos
1099 2728 1275 2776 status
1311 2720 1496 2775 divisit
1539 2719 1681 2774 Deus
1718 2725 1934 2772 creatu-

374 2829 517 2875 ram.
549 2819 871 2881 prasentem
904 2819 959 2866 et
1011 2810 1292 2879 futurum;
1350 2812 1406 2865 in
1443 2811 1540 2866 illo
1592 2810 1809 2880 quidem
1866 2809 1935 2862 ad

378 2905 841 2970 immortalitatem
879 2912 932 2959 et
967 2904 1464 2958 immutabilitatem
1517 2903 1702 2956 omnia
1733 2902 1937 2956 ductuv

379 3014 495 3063 rus,
528 2998 583 3050 in
625 2997 874 3066 praesenti
901 3010 1031 3051 vero
1063 3002 1313 3067 creatura
1348 2997 1403 3049 in
1448 3003 1675 3049 mortem
1739 3003 1792 3049 et
1828 3009 1940 3047 mu-

381 3092 706 3145 tabilitatem
739 3090 955 3143 interim
983 3104 1084 3144 nos
1120 3088 1427 3144 dimittens.
1482 3087 1613 3141 Nam
1645 3089 1691 3143 si
1717 3086 1938 3158 quidem

2028 1918 2526 1972 immutabilitatem
2593 1917 2921 1972 transferet:
2976 1934 3207 1987 quorum
3263 1921 3586 1990 principium

2026 2012 2185 2066 nobis
2219 2011 2457 2066 ostendit
2491 2013 2546 2065 in
2612 2011 3025 2081 diSpensatione
3086 2010 3301 2066 Domini
3360 2012 3587 2076 Christi,

2027 2120 2189 2174 quem
2214 2120 2279 2158 ex
2312 2103 2470 2158 nobis
2523 2104 2879 2159 exsistentem
2944 2104 3291 2159 resuscitavit
3346 2120 3411 2159 ex
3444 2122 3590 2159 mor-

2032 2195 2162 2261 tuis,
2192 2204 2245 2249 et
2272 2195 2635 2249 immortalem
2671 2209 2923 2265 corpore,
2956 2205 3011 2250 et
3039 2196 3428 2251 immutabilem
3459 2198 3591 2252 fecit

2032 2288 2265 2342 animam
2304 2286 2453 2357 [fort.
2510 2286 2751 2359 anima]:
2817 2303 2913 2357 per
2969 2288 3114 2356 quod
3173 2289 3589 2353 demonstravit,

2031 2381 2158 2451 quia
2186 2380 2336 2434 circa
2370 2380 2682 2435 universam
2717 2386 3031 2435 creaturam
3058 2380 3160 2435 hoc
3193 2378 3435 2435 futurum
3480 2392 3588 2438 est.

2242 2516 2496 2587 Ejusdem
2529 2534 2591 2572 ex
2624 2527 2811 2588 quarto
2855 2517 2989 2572 libro
3026 2517 3089 2572 de
3116 2527 3379 2575 creatura.

2105 2649 2201 2704 lllo
2239 2659 2390 2706 certo
2416 2652 2737 2716 constituto,
2783 2652 2931 2722 quod
2981 2654 3441 2723 quemadmodum
3491 2668 3594 2713 no-

2036 2742 2121 2798 bis
2149 2760 2245 2812 per
2275 2745 2736 2799 resurrectionem
2768 2754 2823 2801 et
2859 2759 3062 2816 corpus
3107 2748 3486 2819 incorruptum
3544 2757 3600 2804 et

2037 2835 2395 2889 immutabilis
2422 2836 2602 2889 anima
2633 2838 2758 2901 erit,
2817 2836 3009 2891 eodem
3041 2838 3201 2893 modo
3240 2847 3294 2894 et
3344 2840 3602 2895 invisibi-

2038 2926 2186 2981 libus
2225 2933 2279 2980 et
2308 2927 2728 2983 rationabilibus
2785 2929 3001 2983 naturis
3036 2928 3433 2986 immutabilem
3480 2947 3598 2987 me-
3646 2990 3651 2997 ,

2041 3019 2150 3074 reri
2174 3021 2466 3090 contingit,
2496 3035 2639 3074 nunc
2668 3019 2888 3090 quidem
2923 3021 3319 3091 accipientibus
3375 3037 3603 3079 conver-

2042 3113 2273 3179 sionem,
2315 3114 2459 3169 sicut
2482 3129 2638 3169 versa
2677 3115 2955 3171 multoties
2988 3113 3179 3169 decem
3208 3116 3373 3169 millia
3405 3116 3604 3170 daemo-

383 3185 571 3239 statim
604 3183 675 3235 ab
707 3181 864 3235 initio
915 3181 1247 3236 immortales
1282 3196 1382 3236 nos
1419 3179 1608 3235 fecerit
1630 3190 1683 3235 et
1740 3181 1937 3235 immu-
1968 3186 2010 3240 Β
2045 3218 2175 3259 "um
2226 3204 2544 3271 ostendunt,
2584 3215 2714 3261 tunc
2754 3214 2935 3262 autem
3002 3206 3055 3260 in
3111 3206 3605 3263 inmutabilitatem

383 3275 597 3337 tabiles,
636 3272 841 3327 nullam
867 3273 1225 3328 dill‘erentiam
1261 3272 1739 3327 adirrationabilia
1776 3273 1938 3328 babe-

384 3380 597 3428 remus,
653 3366 932 3435 proprium
988 3364 1291 3420 nescientes
1344 3365 1565 3418 bonum.
1621 3365 1939 3435 Ignorantes

386 3459 530 3512 enim
589 3457 1024 3521 mutabilitatem,
1058 3457 1517 3511 immutabilitatis
1548 3457 1941 3528 ignorabamus

392 3548 632 3600 bonum:
660 3546 963 3601 nescientes
982 3557 1234 3610 mortem,
1268 3544 1695 3599 inmortalitatis
1729 3545 1942 3599 lucrum

392 3637 806 3692 nesciebamus:
844 3638 1156 3708 ignorantes
1187 3636 1618 3707 corruptionem,
1663 3651 1771 3690 non
1830 3637 1945 3689 lan-

391 3727 655 3783 dabamus
716 3728 1179 3797 incorruptionem
1219 3747 1231 3782 :
1274 3728 1580 3784 nescientes
1630 3728 1945 3798 passionum

391 3834 703 3891 gravamen,
740 3819 1233 3889 impassibilitatem
1250 3836 1363 3874 non
1393 3820 1750 3874 mirabamur.
1785 3818 1947 3873 Com-

394 3912 655 3981 pendiose
682 3910 885 3976 dicere,
912 3929 981 3968 ne
1010 3914 1233 3983 longum
1262 3928 1569 3968 sermonem
1597 3914 1792 3966 faciam
1813 3930 1826 3966 :
1851 3927 1950 3967 ne-

395 4007 633 4060 scientes
664 4006 932 4059 malorum
972 4007 1425 4076 experimentum,
1489 4007 1760 4059 bonorum
1826 4000 1949 4059 illo-

396 4112 515 4151 rum
554 4112 661 4151 non
692 4109 1005 4167 poteramus
1037 4098 1322 4153 scientiam
1356 4097 1574 4153 mereri.

397 4228 650 4300 Ejusdem
676 4230 739 4283 de
764 4229 969 4293 iisdem,
1018 4241 1067 4284 et
1098 4230 1329 4301 angelos,
1364 4241 1413 4285 et
1447 4231 1698 4298 homines,
1753 4242 1804 4286 et
1846 4232 1955 4288 da:-

609 4316 783 4354 mones
813 4302 1057 4355 similiter
1082 4307 1247 4356 malos
1274 4318 1384 4357 esse
1414 4303 1656 4356 dicentis.

466 4416 700 4472 Necesse
753 4425 837 4472 est
891 4425 1098 4482 autem,
1162 4419 1347 4471 omnia
1382 4418 1545 4473 simul
1583 4418 1953 4482 rationabilia,

398 4508 698 4563 invisibilia
727 4509 872 4575 dico,
913 4517 968 4563 et
993 4524 1094 4565 nos
1117 4509 1287 4580 ipsos,
1322 4509 1522 4578 quibus
1555 4510 1785 4564 mortale
1836 4509 1959 4579 qui-

400 4602 526 4656 dem
563 4609 649 4654 est
708 4615 929 4671 corpus,
989 4602 1169 4656 anima
1222 4610 1403 4657 autem
1443 4617 1541 4673 per
1580 4603 1762 4656 omnia
1814 4601 1961 4669 ejus-

400 4692 525 4747 dem
552 4694 582 4726 "
612 4694 979 4750 invisibilibus
1011 4703 1067 4749 et
1096 4692 1456 4750 rationalibus
1493 4693 1841 4758 substantiis,
1873 4692 1961 4747 hic

401 4784 626 4854 quidem
656 4778 979 4854 praesentem
1037 4785 1461 4841 mutabilitatem
1498 4786 1630 4855 pati,
1658 4793 1720 4839 ut
1756 4784 1960 4855 optima

400 4877 723 4932 erudiamur
752 4876 997 4933 doctrina
1022 4879 1419 4950 religiositatis.
1451 4886 1505 4934 et
1528 4878 1595 4933 ad
1635 4877 1963 4933 benevolen-

406 4970 539 5024 tiam
569 4972 984 5026 constituamur.

408 5106 661 5175 Ejusdem
717 5109 1060 5163 interimentis
1120 5109 1401 5177 judicium,
1448 5117 1497 5160 et
1543 5108 1762 5162 dicentis
1827 5110 1961 5176 quod

481 5179 763 5233 mutabilia
783 5191 829 5232 et
866 5179 1115 5233 mortalia
1136 5181 1313 5233 omnia
1342 5180 1484 5246 facta
1521 5190 1660 5242 sunt,
1696 5188 1741 5229 et
1776 5178 1963 5231 iterum

482 5251 661 5302 omnia
721 5249 1075 5304 immutabilia
1128 5259 1179 5303 et
1241 5249 1566 5301 immortalia
1623 5250 1803 5302 statim
1849 5256 1966 5313 post

485 5322 919 5444 Sisarrectionem
993 5330 1143 5374 erunt
1216 5319 1497 5374 secundum
1568 5316 1964 5373 similitudinem

544 5400 707 5444 trtslt.

544 5400 707 5445 tristi.

485 5524 639 5591 Quod
676 5527 894 5597 quidem
946 5526 1154 5596 placuit
1210 5527 1358 5591 Deo,
1394 5526 1498 5579 hoc
1553 5529 1691 5588 erat,
1723 5521 1777 5575 in
1829 5522 1967 5576 duos

417 5626 594 5672 status
646 5619 890 5674 dividere
949 5629 1311 5674 creaturam:
1378 5632 1541 5671 unum
1598 5614 1816 5685 quidem
1877 5616 1969 5684 qui

420 5721 663 5775 praesens
698 5718 799 5776 est,
832 5710 888 5763 in
916 5710 1319 5780 quomutabilia
1348 5709 1523 5765 omnia
1552 5707 1709 5773 fecit;
1738 5707 1966 5764 alterum

2044 3298 2331 3351 nobiscum
2368 3297 2588 3353 futuris.

2047 3424 2299 3497 Ejusdem
2325 3442 2390 3479 ea:
2416 3430 2596 3549 quinto
2629 3426 2783 3489 libro,
2819 3428 2956 3497 quod
2982 3429 3149 3484 sciens
3183 3427 3322 3482 Deus
3367 3428 3607 3498 expedire

2218 3497 2417 3549 ltomini
2455 3515 2514 3549 us
2544 3509 2832 3549 neccatum.
2865 3498 2958 3549 hoc
2992 3499 3105 3549 fieri
3133 3497 3414 3549 disposuit.

2218 3497 2514 3550 hominibus
2541 3509 2832 3565 peccatum,
2865 3498 2958 3550 hoc
2988 3499 3105 3567 fieri
3133 3497 3414 3567 disposuit.

2116 3630 2250 3685 Nam
2282 3632 2490 3687 sciebat
2512 3631 2732 3701 quidem
2763 3632 2909 3702 quod
2930 3634 3236 3703 peccabuut
3265 3634 3604 3697 oniiiimudn,

2049 3722 2382 3779 concedebat
2421 3739 2551 3778 vero
2608 3724 2712 3778 hoc
2770 3724 2908 3788 ﬁeri,
2965 3724 3224 3793 expedire
3270 3725 3352 3779 eis
3406 3738 3612 3794 cognoo

2051 3831 2247 3874 scens:
2283 3818 2540 3886 quoniam
2580 3833 2682 3873 nec
2711 3827 2832 3872 erat
2863 3816 3129 3886 possibile
3169 3832 3317 3883 eum,
3342 3818 3438 3887 qui
3482 3823 3608 3872 cum

2050 3908 2242 3965 fecerit
2269 3925 2379 3964 non
2421 3918 2718 3973 exstantes,
2741 3919 2796 3965 et
2829 3916 3103 3964 tantorum
3136 3911 3353 3980 quidem
3388 3912 3611 3965 demon-

2052 4000 2311 4055 straverit
2341 4000 2612 4064 dominos,
2674 4007 2825 4053 tanta
2859 4014 2990 4053 vero
3050 3999 3194 4053 bona
3266 3999 3613 4068 proposuerit

2054 4100 2115 4145 ut
2140 4092 2221 4147 eis
2258 4090 2538 4155 fruantur,
2577 4104 2687 4145 non
2712 4090 3003 4159 prohibere
3031 4090 3239 4161 peccati
3284 4089 3511 4155 aditum,
3562 4089 3611 4145 si

2054 4181 2313 4251 expedire
2344 4182 2426 4237 eis
2462 4181 2567 4235 hoc
2602 4191 2981 4250 cognosceret.
3021 4179 3134 4236 Sed
3168 4180 3315 4235 enim
3338 4194 3465 4235 non:
3495 4191 3615 4236 erat

2057 4274 2337 4343 possibile,
2369 4288 2470 4330 nos
2498 4274 2655 4329 aliter
2686 4275 2900 4329 discere
2946 4282 3252 4344 peccatum,
3283 4282 3337 4329 et
3394 4273 3614 4343 passio-

2057 4380 2186 4419 num
2223 4364 2549 4432 molestiam,
2581 4373 2636 4419 et
2664 4365 2957 4430 deteriora,
2991 4371 3046 4419 et
3084 4373 3329 4419 nostram
3384 4363 3620 4418 inﬁrmi-

2059 4463 2226 4509 tatem
2284 4455 2338 4508 in
2391 4455 2477 4511 bis
2532 4455 3033 4520 demonstrandam,
3091 4454 3159 4508 ad
3220 4455 3618 4511 ostendendam

1987 4537 2028 4592 C
2062 4546 2502 4616 magnitudinem
2531 4546 3015 4609 immutabilitatis.
3046 4561 3211 4617 quam
3244 4555 3435 4618 postea
3456 4547 3619 4603 nobis

2063 4644 2209 4693 esset
2242 4637 2567 4703 donaturus,
2610 4639 2717 4693 nisi
2756 4638 2838 4693 sic
2885 4638 2953 4693 ab
2978 4638 3134 4694 initio
3159 4638 3278 4694 hac
3322 4638 3552 4695 fuissent
3590 4651 3622 4690 a

2063 4726 2174 4783 Deo
2199 4727 2536 4796 dispensata,
2571 4736 2631 4783 ut
2654 4728 2947 4785 collatione
2974 4737 3028 4784 et
3082 4731 3455 4800 experimento
3499 4728 3624 4781 inli-

2064 4819 2305 4873 nitorum
2340 4819 2558 4875 illorum
2613 4819 2882 4873 bonorum
2908 4834 3196 4890 possemus
3226 4821 3369 4876 scire
3412 4819 3626 4888 magni-

2063 4908 2342 4962 tudinem:
2372 4916 2426 4962 et
2447 4907 2613 4974 hujus
2648 4909 2839 4976 gratia,
2867 4917 3055 4980 utpote
3082 4910 3422 4981 profuturum
3441 4910 3621 4977 nobis,

2067 5008 2354 5070 peccatum
2385 5001 2590 5055 intrare
2621 5000 2921 5067 dimittens,
2966 5016 3222 5073 magnum
3261 5002 3316 5056 in
3341 5002 3461 5070 ejus
3484 5002 3624 5059 bello

2068 5091 2332 5146 auxilium
2361 5091 2589 5146 invenit.

2071 5225 2325 5296 Ejusdem
2358 5225 2615 5280 Theodori
2652 5226 2970 5281 detrahentis
3000 5234 3263 5296 quassant
3285 5227 3348 5281 de
3381 5227 3629 5296 ﬂammea
3700 5194 3705 5275 ί

2262 5296 2465 5365 [ramea
2489 5307 2539 5351 et
2576 5297 2639 5351 de
2664 5297 2923 5351 cherubim
2948 5294 3092 5350 dicta
3121 5294 3271 5367 (Gen.
3304 5294 3412 5368 ιιι).
3698 5304 3704 5335 έ

2145 5429 2278 5484 Nam
2333 5429 2641 5483 ﬂammeam
2702 5429 2919 5500 quidem
2976 5430 3237 5487 frameam
3296 5432 3507 5498 dicunt,
3570 5441 3647 5497 ut

2078 5522 2226 5576 dicat
2263 5524 2396 5594 quia
2427 5521 2569 5591 ignis
2598 5532 2681 5577 est
2704 5522 2964 5577 terribilis
2991 5538 3311 5588 coruscans,
3346 5524 3402 5578 in
3444 5524 3633 5579 habitu

2077 5614 2241 5684 gladii
2300 5622 2589 5675 extensus,
2658 5624 2714 5668 ut
2770 5613 3021 5669 bifariam
3085 5615 3348 5672 terribilis
3410 5618 3625 5690 quidam

2081 5707 2229 5764 visus
2274 5718 2419 5766 esset
2452 5706 2773 5776 videntium,
2798 5716 2849 5765 et
2878 5723 2941 5764 cx
2973 5717 3166 5766 natura
3200 5720 3252 5766 ct
3319 5725 3386 5767 et
3443 5707 3624 5765 habitu
