4096 6234
396 239 507 296 635

1576 229 1924 290 TllEODORI
1967 229 2190 290 MOPSU
2203 232 2443 290 ESTENI

3516 243 3616 298 636

315 417 331 436 ,Ἰ
399 360 526 430 ejus
560 356 708 428 quod
742 355 1179 413 ostendebatur:
1237 369 1400 426 quam
1428 366 1481 410 et
1540 355 1678 409 verti
1715 352 1876 418 dixit,
1917 362 1975 408 ut
2003 362 2048 417 Α
2076 355 2384 424 prohibitus
2419 355 2644 409 introitu
2678 353 2943 424 paradisi,
3001 352 3197 407 merito
3244 351 3626 422 castigaretur.

400 451 728 508 assiduitate
769 457 952 504 motus
987 462 1309 510 coruscans,
1361 447 1658 502 terribilem
1688 455 1742 501 et
1797 445 1968 515 majo-

406 558 520 598 rem
552 541 758 596 videnti
802 541 1054 595 timorem
1085 540 1308 594 l‘aceret.
1340 538 1632 594 Cherubim
1663 552 1793 593 vero
1849 539 1968 592 ani-

407 635 630 690 malimn
674 632 806 686 dicit
839 631 1103 702 quasdam
1149 631 1356 686 formas
1398 629 1666 685 terribiles
1699 637 1753 684 et
1787 640 1971 699 poten-

406 735 490 782 tes
521 726 875 780 tremel'acere
905 725 1204 780 videntem.
1246 723 1402 778 Sicut
1431 723 1576 777 enim
1637 736 1736 776 nos
1762 723 1972 777 anima-

407 818 479 870 lia
518 817 760 886 qurcdam
796 815 1024 872 forsitan
1055 815 1239 886 ianuis
1273 814 1684 873 constituimus.
1713 812 1794 867 sic
1828 812 1970 868 Deus

2072 445 2188 500 Non
2222 447 2366 501 enim
2404 445 2708 500 invisibiles
2736 444 3000 514 quasdam
3029 443 3260 498 virtutes
3316 443 3448 498 dicit
3501 444 3630 498 che-

2074 538 2250 591 rubim
2282 538 2392 604 hic,
2429 538 2573 593 sicut
2602 536 2818 606 quidam
2841 535 3210 589 arbitrantur:
3239 533 3497 604 quoniam
3523 549 3630 587 non

2075 628 2284 698 aliquid
2315 629 2531 682 valebat
2570 627 2860 682 invisibilis
2901 637 3094 680 natura
3134 626 3226 691 ibi,
3276 641 3399 680 cum
3456 629 3631 681 sensi-

2077 719 2207 774 bilis
2244 719 2396 774 visus
2424 735 2548 774 esse
2573 720 2816 782 deberet,
2853 726 2907 771 et
2936 732 3055 786 qua:
3106 717 3275 769 Adam
3315 717 3628 786 castigaret.

2077 808 2188 864 Nec
2216 809 2381 880 igitur
2407 809 2656 864 ﬂammea
2696 807 2903 859 framea
2931 813 3124 859 natura
3174 814 3291 859 erat
3327 805 3490 874 ignis,
3537 806 3631 860 sed

403 908 706 963 ﬂammeam
731 908 993 962 frameam
1023 909 1312 964 constituit
1338 916 1393 964 et
1441 906 1747 969 cherubim,
1791 914 1849 959 ut
1877 922 1973 976 per

404 1013 550 1064 eam,
583 1013 702 1069 qua:
733 1009 817 1054 est
848 998 1111 1054 terribilis
1132 998 1199 1054 de
1229 999 1376 1063 visu,
1409 996 1582 1052 Adam
1617 1011 1741 1050 cum
1773 997 1970 1051 timore

2077 901 2202 954 talis
2241 900 2430 956 visus:
2491 914 2591 954 nec
2649 897 2931 953 cherubim
2989 897 3265 962 animalia,
3317 900 3413 952 sed
3482 897 3635 953 visus

2077 994 2227 1049 talis.

420 1204 909 1237 μου-*-

1039 1398 1757 1491 FRAGMENTA
1858 1398 2134 1486 ALIA
2247 1399 2368 1486 IN
2457 1397 3016 1486 GENESIN.

1275 1591 1349 1642 Ex
1370 1592 1552 1642 Catena
1572 1584 1836 1650 Nicephori
1861 1587 2102 1648 monachi,
2130 1586 2305 1650 Lipsia
2335 1587 2454 1637 1772
2475 1585 2636 1637 in-fol.
2664 1588 2758 1650 (a).

1073 1909 1224 1966 CAP.
1266 1907 1307 1963 1.

2722 1910 2879 1964 ΚΕΦ.
2920 1912 2991 1962 A'.

493 2026 763 2083 Vna”.
798 2053 868 2066 -—
901 2022 1180 2077 Theodori.
1224 2019 1387 2075 Fiant
1420 2021 1705 2075 luminaria
1731 2021 1785 2074 in
1819 2018 1972 2084 conlo,

2151 2022 2296 2093 Στίχ.
2335 2020 2418 2078 ιδ’.
2444 2053 2512 2062 -
2543 2023 2862 2091 Θεοδώρου.
2900 2025 3064 2077 Ὥστε
3112 2018 3270 2089 εἶναι,
3310 2025 3492 2096 φησὶν,
3541 2026 3641 2079 αὺ-

420 2123 521 2187 ait,
557 2137 667 2175 non
695 2121 745 2173 ei
783 2116 1144 2181 adhaerentia,
1183 2114 1279 2170 sed
1324 2115 1472 2168 velut
1513 2129 1677 2184 super
1718 2112 1851 2168 illud
1883 2113 1979 2168 de-

2098 2117 2206 2179 τοὺς
2244 2116 2335 2168 ἐπὶ
2383 2116 2474 2169 τοῦ
2522 2117 2749 2188 ούρανοῦ
2801 2119 2859 2170 ού
2915 2117 3247 2188 πεπηγότας,
3298 2117 3412 2171 ἀλλ’
3443 2118 3515 2182 ὡς
3554 2119 3641 2171 ἐπ’

422 2216 686 2270 stinatum
717 2210 822 2266 sibi
849 2223 1070 2265 cursum
1104 2207 1470 2277 perﬁcientia.
1497 2205 1709 2260 Pariter
1737 2207 1880 2260 enim
1911 2205 1980 2260 de

2098 2207 2270 2268 ιύτοῦ,
2305 2209 2394 2260 τὸν
2421 2209 2615 2261 οἰκεῖον
2646 2209 3024 2274 ἐξελαύνοντας
3046 2209 3262 2280 δρόμον.
3304 2211 3389 2272 Ὦς
3417 2211 3506 2264 καὶ
3550 2210 3642 2263 ἐπὶ

421 2307 594 2361 Adam
627 2304 833 2358 dictum
866 2310 951 2355 est
1006 2314 1020 2351 :
1059 2299 1251 2352 Posuit
1288 2315 1407 2352 eum
1456 2299 1510 2352 in
1543 2298 1829 2366 paradiso,
1871 2313 1979 2352 non

2098 2298 2177 2351 τοῦ
2219 2299 2386 2370 Ἀδάμ
2413 2316 2596 2369 φησιν,
2631 2303 2830 2355 Ἐθετο
2855 2301 3041 2355 αὑτὸν
3077 2301 3145 2354 ἐν
3165 2301 3244 2367 τῷ
3272 2301 3641 2370 παραδείσῳ,

421 2409 554 2449 sane
580 2403 736 2447 teme
771 2390 1012 2456 atlixum,
1050 2389 1145 2444 sed
1177 2404 1342 2458 super
1371 2397 1571 2442 terram
1608 2389 1713 2441 huc
1745 2389 1983 2456 illucque

2098 2391 2182 2460 οὐχ
2223 2391 2297 2454 ὼς
2339 2393 2624 2462 πεπηγότα
2666 2394 2758 2446 ἐπὶ
2798 2394 2894 2464 τῆς
2925 2395 3047 2464 γῆς,
3073 2394 3187 2447 ἀλλ’
3226 2395 3300 2457 ὡς
3333 2395 3648 2466 κινούμενον

423 2493 726 2558 vagantem.
774 2482 949 2536 Simili
990 2481 1200 2535 ratione
1235 2480 1394 2549 jubet
1439 2480 1530 2535 hic
1587 2480 1877 2534 luminaria
1927 2480 1983 2534 in

2098 2483 2175 2535 ἐπ’
2209 2483 2406 2553 αὐτῆς·
2457 2485 2598 2538 οὓτω
2630 2484 2906 2540 κάνταῦθα
2935 2483 3071 2540 εῐναι
3101 2488 3197 2557 μὲν
3219 2488 3278 2541 ἐν
3307 2486 3386 2558 τῷ
3419 2486 3648 2559 στερεὼ-

425 2579 766 2634 ﬁrmamento
808 2575 932 2630 cmli
979 2575 1191 2644 reponi.
1244 2573 1411 2629 Recte
1448 2584 1626 2629 autem
1681 2573 1870 2641 adjicit
1915 2571 1984 2626 ad

2098 2592 2219 2645 ματι
2253 2575 2345 2628 τοῦ
2375 2576 2599 2647 ούρανοῦ
2638 2579 2763 2640 τοὺς
2788 2581 3077 2650 φωστῆρας
3103 2578 3332 2634 κελεύει.
3376 2581 3568 2644 Καλῶς
3594 2579 3651 2633 δι

423 2669 866 2726 illuminationem
906 2684 1061 2736 super
1089 2676 1307 2730 terram,
1335 2665 1495 2736 quasi
1523 2665 1692 2726 dicat,
1731 2671 1790 2716 ut
1829 2671 1987 2717 terra:

427 2765 747 2820 inserviant.
799 2761 897 2818 His
935 2761 1081 2818 enim
1126 2759 1194 2815 de
1224 2759 1413 2815 causis
1448 2761 1504 2814 in
1549 2758 1689 2814 cmlo
1719 2757 1987 2813 collocata

1077 2986 1231 3042 CAP.
1280 2984 1345 3044 ll.

507 3103 670 3158 Vsus.
711 3101 764 3155 2.
795 3129 864 3141 —-
898 3098 964 3154 Et
1000 3100 1378 3154 consummavit
1420 3098 1560 3154 Deus
1601 3099 1654 3152 in
1705 3097 1792 3153 die
1844 3107 1992 3154 sexto

432 3211 592 3263 opera
615 3211 740 3258 sua,
775 3206 890 3262 quae
919 3191 1075 3260 fecit;
1113 3202 1161 3244 et
1192 3191 1436 3262 requievit
1467 3192 1522 3245 in
1560 3189 1644 3244 die
1675 3191 1914 3259 septimo,
1941 3198 1996 3243 et

2092 2669 2391 2738 ἐπήγαγεν,
2419 2670 2522 2735 Εἰς
2563 2670 2790 2739 φαῦσιν
2821 2671 2920 2725 ἐπὶ
2964 2671 3074 2740 τῆς
3100 2670 3243 2741 γῆς’
3281 2672 3366 2725 ἵνα
3394 2671 3543 2744 εἴπῃ,
3571 2672 3652 2725 ὅτι

2092 2759 2189 2830 τὴν
2221 2760 2406 2831 χρείαν
2452 2762 2839 2831 παρεχέτωσαν
2874 2765 2940 2835 τῇ
2973 2766 3066 2834 γῇ.
3096 2762 3293 2816 Τούτου
3336 2763 3444 2834 γὰρ
3470 2764 3652 2817 ἐνεκεν

2093 2851 2188 2905 ἐπὶ
2212 2851 2304 2906 τοῦ
2331 2853 2562 2926 ούρανοῦ
2590 2853 2874 2910 τέθεινται.

2737 2986 2896 3041 ΚΕΦ.
2936 2987 3012 3042 B’.

2161 3093 2315 3166 Στίχ.
2346 3094 2419 3166 β’.
2455 3123 2518 3135 -
2560 3094 2672 3149 Kal
2725 3096 3127 3152 συνετέλεσεν
3176 3099 3213 3154 ό
3262 3097 3406 3166 Θεὸς
3458 3098 3530 3153 ἐν
3581 3098 3658 3170 τῇ

2096 3188 2285 3258 ἡμέρᾳ
2319 3186 2394 3256 τῇ
2437 3186 2580 3256 ἕκτῃ
2614 3188 2686 3242 τὰ
2725 3188 2867 3258 ἔργα
2911 3189 3116 3256 αὑτοῦ,
3162 3189 3202 3244 d
3241 3191 3517 3259 ἐποίησε,
3558 3192 3658 3247 καὶ

435 3293 652 3339 caetera.
689 3281 900 3349 Quibus
939 3281 1215 3346 declarat,
1266 3297 1326 3337 se
1358 3281 1446 3338 die
1485 3293 1640 3338 sexto
1687 3281 1762 3334 ita
1789 3288 1990 3335 cuncta

2098 3281 2468 3335 κατέπαυσεν
2495 3280 2564 3334 ἐν
2585 3279 2658 3349 τῇ
2695 3281 2883 3351 ἡμέρᾳ
2910 3281 2983 3351 τῇ
3011 3283 3248 3353 sacram,
3294 3285 3386 3338 καὶ
3414 3284 3481 3337 τὰ
3510 3284 3659 3356 ἑξῆς.

435 3390 882 3439 consummasse,
931 3382 990 3428 ut
1021 3374 1158 3429 nihil
1192 3375 1316 3429 novi
1348 3374 1548 3430 deinde
1594 3375 1662 3430 iis
1711 3374 1994 3444 adjiceret,

436 3467 657 3537 quando
693 3464 840 3519 omni
890 3479 956 3518 ex
1007 3473 1161 3534 parte
1207 3464 1450 3534 perlecta
1495 3464 1845 3519 videbantur.
1895 3463 1996 3519 Se-

435 3560 608 3619 ptimo
643 3566 823 3612 autem
857 3556 944 3611 die
963 3557 1181 3624 Operari
1211 3554 1440 3611 destitit.
1465 3555 1592 3611 ldeo
1619 3566 1800 3612 autem
1832 3556 1998 3611 istum

435 3651 582 3706 diem
630 3650 859 3720 adjecit,
912 3649 1164 3719 quamvis
1221 3648 1374 3703 omni
1430 3663 1598 3719 opere
1660 3663 1895 3702 vacuum
1945 3655 2000 3701 et

437 3742 510 3796 ab
546 3742 694 3795 omni
741 3739 1018 3795 creatione
1061 3739 1331 3805 liberum,
1381 3749 1441 3794 ut
1486 3741 1583 3794 illo
1614 3739 1846 3810 hujusce
1891 3737 2001 3794 diei

440 3832 556 3887 otio
597 3833 851 3902 probaret
897 3832 1081 3886 omnia
1122 3831 1235 3901 jam
1287 3846 1515 3902 prorsus
1567 3833 1811 3902 perfecta
1857 3847 1999 3888 esse.

443 3921 604 3990 Quod
627 3922 769 3976 enim
793 3932 846 3976 et
867 3925 1065 3991 primo,
1090 3930 1144 3976 et
1159 3923 1422 3988 secundo,
1447 3930 1501 3976 et
1517 3923 1694 3984 tertio,
1711 3931 1768 3976 et
1787 3931 2002 3992 quarto,

444 4017 732 4085 et-quinto,
752 4023 806 4068 et
831 4024 985 4068 sexto
1013 4015 1102 4068 die
1136 4029 1350 4083 semper
1379 4014 1508 4084 quid
1528 4014 1653 4068 novi
1683 4015 2001 4083 protulerat,

445 4104 594 4176 quod
636 4103 900 4159 creationi
936 4101 1131 4158 deesse
1167 4103 1478 4170 videbatur,
1527 4105 1877 4159 manifestum
1913 4105 2004 4171 ﬁt,

447 4199 570 4253 ideo
600 4213 724 4252 eum
762 4196 995 4266 septimo
1024 4195 1113 4251 die
1143 4197 1211 4250 ab
1249 4197 1399 4251 omni
1430 4213 1593 4268 opere
1636 4198 1969 4254 abstinuisse
1989 4237 2006 4263 ,

447 4299 510 4345 ut
533 4292 637 4346 isto
654 4290 779 4345 notio
807 4289 1112 4344 declararet
1138 4289 1471 4344 creationem
1499 4289 1718 4345 tandem
1745 4307 2010 4346 consum-

447 4393 650 4440 matam
685 4398 830 4438 esse.
865 4380 1082 4453 Septem
1113 4397 1243 4453 ergo
1270 4381 1482 4437 dierum
1515 4397 1742 4438 numero
1769 4383 2011 4438 deﬁnivit

447 4474 665 4529 dierum
724 4475 958 4540 seriem,
1011 4489 1138 4528 cum
1185 4474 1329 4529 idem
1377 4489 1474 4529 sex
1526 4475 1743 4529 illorum
1797 4475 2010 4531 dierum

451 4565 630 4634 Spatia
681 4563 860 4620 facere
910 4566 1218 4636 potuisset,
1248 4566 1449 4636 quibus
1505 4567 1841 4623 creationem
1877 4583 2004 4638 per-

2095 3372 2353 3436 Δεικνὺς,
2408 3371 2488 3424 ὅτι
2542 3371 2635 3424 ἐπὶ
2694 3371 2794 3443 μὲν
2846 3371 2947 3442 τῆς
3003 3373 3164 3446 ἕκτης
3219 3373 3661 3447 συμππλὴρωκε

2097 3463 2293 3526 πάντα,
2329 3461 2423 3515 ἅτε
2449 3461 2614 3532 μηδὲν
2641 3463 2825 3526 αὐτοῖς
2851 3463 3194 3534 προστιθέναι
3225 3465 3430 3536 μέλλων
3456 3466 3660 3530 καινὸν,

2098 3553 2284 3625 ἐπειδὴ
2313 3553 2444 3625 μηδὲ
2465 3553 2668 3606 λείπειν
2693 3570 2747 3606 τι
2768 3553 2948 3618 αὐτοῖς
2971 3556 3170 3626 ἡγεῖτο.
3200 3556 3502 3611 Ἐπαύσατο
3519 3558 3574 3610 δέ
3592 3561 3661 3630 τῇ

2098 3646 2282 3718 ἡμέρα
2317 3649 2384 3717 τῇ
2425 3645 2627 3719 ἐϐδόμῃ
2669 3647 2761 3699 τοῦ
2809 3651 3004 3701 ποιεῖν.
3042 3648 3243 3703 Τούτου
3269 3666 3332 3719 γε
3357 3650 3538 3704 ἕνεκεν
3564 3651 3663 3723 τὴν

2102 3738 2314 3809 ἡμέραν
2331 3736 2533 3808 ταύτην
2546 3738 2950 3808 προστέθεικεν,
2975 3741 3252 3812 ἄπρακτον
3276 3737 3462 3807 οὖσαν,
3487 3742 3580 3796 καὶ⁵
3604 3743 3664 3796 ἐν

2101 3827 2136 3906 ᾖ
2156 3831 2410 3897 καθάπαξ
2425 3830 2718 3904 πεποίηκεν
2734 3831 2905 3896 οὐδὲν,
2927 3832 3001 3895 ὼς
3020 3834 3084 3885 ἂν
3100 3836 3164 3904 τῇ
3183 3835 3322 3888 κατὰ
3339 3835 3436 3905 τὴν
3455 3836 3664 3908 ἡμέραν

2103 3924 2271 3995 ἀργίᾳ
2297 3922 2608 3994 δηλώσειεν,
2634 3924 2715 3977 ὅτι
2746 3923 2923 3977 πάντα
2945 3923 3055 3995 ἔχει
3079 3926 3249 3997 πέρας
3270 3926 3439 3998 αὐτῷ.
3481 3928 3538 3980 '0
3558 3929 3664 4000 γὰρ

2103 4015 2200 4069 καὶ
2229 4018 2294 4086 τῇ
2326 4014 2534 4089 πρώτῃ,
2560 4015 2655 4068 καὶ
2677 4017 2742 4086 τῇ
2783 4015 3027 4088 δευτέρᾳ,
3056 4017 3148 4070 καὶ
3170 4020 3236 4088 τῇ
3271 4019 3446 4091 τρίτῃ,
3478 4020 3570 4072 καὶ
3595 4021 3664 4091 τῇ

2104 4107 2356 4176 τετάρτῃ.
2396 4107 2491 4159 καὶ
2522 4108 2587 4176 τῇ
2612 4105 2834 4177 πέμπτῃ
2854 4148 2869 4172 ,
2902 4107 2995 4160 καὶ
3025 4109 3091 4178 τῇ
3130 4108 3261 4179 ἐκτῃ
3294 4108 3380 4161 ἀεί
3409 4127 3460 4162 τι
3483 4111 3666 4164 καινὸν

2108 4196 2442 4267 πεποιηκὼς,
2472 4196 2502 4249 δ
2522 4196 2728 4250 λείπειν
2755 4199 2937 4268 ἡγεῖτο
2966 4201 3032 4270 τῇ
3072 4199 3278 4254 κτίσει·
3309 4201 3546 4274 εὔδηλον,
3584 4205 3666 4258 ὅτι

2107 4289 2194 4343 διὰ
2228 4289 2383 4343 τοῦτο
2420 4290 2510 4342 ἐπὶ
2555 4289 2655 4360 τῆς
2699 4290 2932 4362 έῦδόμης
2961 4291 3055 4344 τοῦ
3091 4296 3262 4347 ποιεῖν
3292 4295 3666 4362 ἀπεπαύσατο,

2108 4381 2183 4444 ὼς
2221 4381 2286 4435 ἂν
2313 4385 2378 4454 τῇ
2414 4382 2579 4453 ἀργίᾳ
2605 4385 2672 4452 τῇ
2704 4383 2761 4436 ἐν
2784 4383 2921 4453 αὐτῇ
2947 4382 3136 4449 δείξειε
3171 4384 3231 4438 τὸ
3257 4385 3429 4457 πέρας
3454 4388 3666 4458 εἰληφέ-

2111 4489 2197 4525 ναι
2223 4472 2321 4542 sipo
2355 4472 2544 4525 κτίσιν.
2572 4472 2737 4525 Ὅθεν
2765 4473 2857 4526 καὶ
2883 4474 2940 4525 ἐν
2963 4474 3102 4527 ἑπτὰ
3124 4475 3356 4547 ἡμέραις
3381 4477 3472 4530 τὸν
3494 4479 3669 4532 πάντα

2113 4562 2310 4616 κύκλον
2343 4562 2451 4614 τῶν
2491 4561 2713 4634 ἡμερῶν
2759 4563 3094 4636 περιέγραψε
3113 4609 3126 4634 ,
3152 4568 3444 4639 δυνάμενος
3470 4571 3528 4624 ἐν
3550 4573 3670 4634 ταῖς

451 4655 600 4712 fecit.
629 4654 735 4711 Sex
769 4657 935 4726 igitur
959 4659 1050 4713 isti
1086 4658 1200 4714 dies
1229 4659 1496 4715 rationem
1525 4661 1768 4730 praebent
1813 4629 1996 4716 eorum

2114 4655 2172 4722 ἐξ
2208 4654 2363 4708 τοῦτο
2405 4629 2643 4724 ποιησαι,
2667 4656 2726 4709 ἐν
2764 4629 2853 4719 αἷς
2894 4629 3664 4732 σύνεπλὴρωσέτὴνῠκτίσινί

451 4764 575 4819 qua:
605 4748 747 4804 facta
795 4757 960 4817 sunt;
1013 4751 1280 4820 septimus
1323 4760 1507 4807 autem
1556 4752 1764 4807 indicat
1818 4764 2013 4808 cuncta

453 4840 618 4894 ﬁnem
676 4855 835 4894 suum
900 4841 1239 4912 contigisse,
1289 4849 1345 4898 et
1381 4841 1493 4912 jam
1543 4842 1692 4896 nulla
1745 4859 1811 4898 ex
1857 4853 2015 4913 parte

453 4928 708 4985 deﬁcere.

527 5017 877 5074 Manifestum
924 5017 1070 5090 quod
1098 5019 1235 5074 nihil
1271 5023 1394 5076 novi
1433 5032 1554 5092 post
1613 5032 1829 5078 sextum
1867 5023 2009 5078 diem

455 5109 661 5166 factum
696 5111 808 5176 sit,
855 5111 984 5165 licet
1016 5113 1260 5182 quotidie
1302 5122 1357 5168 et
1397 5116 1594 5185 plantae
1628 5125 1682 5170 et
1717 5116 1927 5170 semina
1961 5125 2016 5171 et

455 5202 715 5257 animalia
741 5215 1062 5259 nascantur.
1110 5203 1233 5259 llaec
1267 5206 1412 5260 enim
1459 5223 1566 5262 non
1605 5224 1768 5272 nova,
1819 5210 1912 5264 sed
1945 5207 2013 5262 ad

455 5294 688 5349 formam
717 5311 907 5348 corum
939 5312 1060 5366 qua:
1082 5298 1234 5367 prius
1258 5296 1477 5352 condita
1507 5308 1658 5364 sunt,
1687 5309 1740 5353 et
1772 5300 1840 5353 ad
1863 5314 2015 5354 eam-

457 5383 580 5440 dem
610 5386 804 5454 legem.
837 5387 992 5455 juxta
1024 5388 1286 5444 indictam
1320 5389 1458 5459 ipsis
1485 5406 1514 5444 a
1539 5389 1650 5447 Deo
1675 5391 2015 5448 benedictio-

444 5493 607 5546 ,nem,
633 5479 870 5548 singulis
893 5479 1086 5536 diebus
1109 5491 1390 5538 crescunt.

522 5658 611 5731 .(a)
644 5660 884 5716 Titulum
917 5662 1188 5733 integrum
1213 5667 1332 5722 vide
1364 5665 1524 5722 intra.

2112 4749 2197 4800 ἵνα
2254 4749 2310 4801 αἱ
2344 4748 2441 4817 μὲν
2479 4746 2558 4812 ἐξ,
2589 4748 2818 4819 δήλωσις
2860 4742 2963 4804 ὦσι
3012 4750 3121 4805 τῶν
3157 4753 3486 4820 γεγονότων·
3527 4756 3560 4824 ἡ
3611 4755 3667 4807 δὲ

2109 4839 2333 4910 ἑϐδόμη.
2356 4840 2533 4894 πάντα
2553 4839 2828 4911 εἰληφέναι
2856 4842 3028 4914 πέρας
3054 4843 3147 4898 καὶ
3174 4845 3340 4917 μηδὲν
3361 4847 3540 4911 αὐτοῖς
3561 4847 3669 4900 λεί-

2110 4950 2175 4986 πε
2185 4950 2231 4985 ιν
2265 4933 2364 4988 ἔτι.

2178 5024 2412 5096 Εὔδηλον
2448 5026 2556 5097 γὰρ
2593 5026 2667 5092 ὼς
2716 5028 2869 5082 οὐδὲν
2921 5028 3019 5082 οὐκ
3066 5029 3146 5082 ἔτι
3192 5030 3373 5085 καινὸν
3411 5031 3548 5102 μετὰ
3574 5032 3672 5102 τὴν

2109 5117 2274 5188 ἐκτην
2321 5118 2556 5187 ἐγένετο,
2599 5120 2895 5192 γινομένων
2943 5122 3042 5192 μὲν
3083 5123 3168 5174 ἀεὶ
3202 5123 3295 5175 καὶ
3336 5123 3539 5191 φυτῶν,
3580 5124 3674 5177 καὶ

2114 5212 2458 5281 σπερμάτων,
2497 5213 2589 5266 καὶ
2613 5213 2767 5277 ζώων
2787 5230 2800 5243 °
2831 5214 2890 5266 οὺ
2919 5213 3120 5267 καινῶν
3141 5214 3218 5276 δὲ,
3243 5214 3357 5267 ἀλλ’
3385 5209 3580 5286 οἷάπερ
3605 5210 3674 5285 ἦν

2112 5301 2182 5354 τὰ
2200 5303 2462 5375 πρότερον
2482 5305 2765 5373 γεγονότα,
2792 5307 2910 5358 κατ’
2933 5306 3139 5357 ἐκεῖνον
3163 5304 3252 5358 τὸν
3277 5306 3422 5378 ὅρον,
3454 5307 3547 5360 καὶ
3579 5307 3674 5376 τὴν

2112 5395 2201 5447 ἐπ’
2239 5396 2418 5459 αὐτοῖς
2441 5397 2713 5466 ἀπόφασίν
2741 5414 2801 5450 τε
2834 5395 2928 5450 καὶ
2964 5396 3212 5465 εὐλογίαν
3234 5397 3326 5450 τοῦ
3359 5398 3516 5467 Θεοῦ,
3544 5399 3682 5455 πάν-

2113 5502 2220 5541 των
2252 5487 2372 5542 καθ’
2405 5487 2640 5560 ἑκάστην
2670 5487 3011 5548 ἐπιδιδόντων
3031 5492 3129 5567 τὴν
3156 5495 3384 5568 ἡμέραν.
