4096 6234
376 305 478 360 θἸῚ
1536 318 1956 376 FRAGMENTA
2010 319 2077 374 IN
2132 317 2446 376 GENESIN.
3515 319 3617 375 658

448 421 596 494 Στίχ.
633 423 699 488 ζ’.
729 456 796 468 -—
814 428 939 492 Τοῖς
963 428 1062 498 μὲν
1081 429 1188 500 γάρ
1211 431 1426 500 ἀλόγοις
1449 432 1556 486 άπὸ
1578 434 1678 504 τῆς
1701 437 1953 506 είσπνοῆς

2129 436 2296 489 Vens.
2336 434 2390 488 7.
2421 464 2490 472 —
2521 434 2791 488 Animalia
2837 433 3056 505 quidem
3087 433 3307 490 ratione
3354 430 3622 488 destituta

376 513 474 566 τοῦ
504 516 643 568 κατὰ
686 517 779 570 τὸν
805 519 943 591 ἀέρα
972 522 1278 592 πνεύματος
1316 526 1647 596 ὲψυχῶσθαι,
1683 527 1835 598 ἐδόθη
1885 529 1946 581 τὸ

2052 529 2213 581 vitam
2255 526 2530 592 obtinent,
2558 527 2690 581 dum
2733 526 2864 584 ﬂatu
2905 527 3137 599 spiritus
3163 526 3485 580 animantur
3520 526 3615 594 qui

381 606 510 678 ζῇν·
551 607 628 678 τῷ
653 609 732 671 δὲ,
761 611 820 675 ἐξ
847 612 1015 682 αὐτῆς
1031 615 1130 684 τῆς
1164 617 1430 670 ἀθανάτου
1462 619 1555 670 καὶ
1583 619 1946 690 διαφερούσης

2052 636 2142 688 per
2177 635 2342 685 aera;
2392 620 2553 674 homo
2586 628 2769 675 autem
2819 621 2994 691 ipsius
3023 616 3352 674 immortalis
3380 625 3434 672 et
3478 633 3620 688 prae-

382 701 588 763 οὑσὶας.
639 701 1019 770 Ἑνεφύσησε
1046 705 1154 777 γὰρ
1188 711 1220 762 ό
1251 712 1393 774 Θειλς
1420 713 1506 775 εἰς
1533 710 1597 763 τὸ
1625 713 1950 779 πρόσωπον

2052 711 2400 766 stantissimze
2428 724 2635 765 natura:
2666 713 2959 783 particeps.
2991 710 3279 781 lnsuﬁlarit
3300 709 3447 765 enim
3476 708 3621 762 Deus

385 791 572 844 αὐτοῦ
604 792 803 860 πνοὴν
840 793 1008 863 ζωῆς,
1051 798 1150 852 καὶ
1182 799 1416 866 ἐγένετο
1458 804 1489 855 ό
1525 801 1832 868 ἄνθρωπος
1865 806 1952 870 εἰς

2052 805 2105 858 in
2121 803 2310 872 faciem
2331 804 2444 873 ejus
2473 806 2797 874 spiraculum
2829 807 2970 870 vita,
3001 814 3051 860 et
3084 805 3261 874 factus
3279 812 3356 858 est
3380 803 3538 857 homo
3563 803 3620 854 in

385 884 582 949 πνοὴν
614 883 827 944 ζῶσαν.
871 889 979 942 Καὶ
1019 893 1131 954 τοῖς
1183 893 1309 961 μὲν,
1349 892 1618 945 δουλεύειν
1659 894 1751 946 καὶ
1789 893 1952 966 ἆρχε-

2052 897 2285 949 animam
2316 898 2587 952 viventem.
2629 898 2750 952 Alia
2797 898 3020 968 quidem
3059 897 3268 952 servire
3310 904 3364 952 et
3395 895 3624 952 obedire

386 976 510 1028 σθαι
537 981 869 1052 προσετάγη,
906 983 983 1053 τῷ
1014 983 1068 1037 δὲ
1095 985 1280 1056 ἄρχειν
1313 986 1406 1039 καὶ
1436 988 1737 1052 δεσπόζειν.

2052 986 2334 1054 iubentur,
2368 989 2509 1044 alius
2539 1004 2671 1043 vero
2699 989 2971 1043 dominari
2996 996 3052 1044 et
3079 1003 3330 1058 regnare.

455 1071 570 1122 υὺκ
607 1067 729 1124 εἰπε
763 1073 839 1136 δὲ,
865 1075 945 1127 ὅτι
982 1075 1195 1144 ἐγένετο
1226 1080 1258 1148 ή
1285 1076 1419 1150 σάρξ
1444 1082 1521 1142 εἰς
1543 1079 1720 1151 ψυχὴν
1750 1082 1948 1147 ζῶσαν,

2117 1077 2237 1134 Non
2260 1079 2398 1135 dixit
2423 1090 2628 1146 autem,
2649 1079 2814 1136 Facta
2831 1087 2918 1137 est
2937 1095 3068 1136 caro
3094 1081 3150 1135 in
3169 1079 3410 1134 animam
3432 1077 3622 1132 viven-

383 1160 499 1213 ἀλλ’
535 1161 804 1230 Ἐγένετο
823 1167 856 1218 ὀ
877 1165 1182 1235 ἅνθρωπος
1203 1171 1289 1235 εἰς
1310 1170 1520 1239 ⁸Ψυχὴν
1541 1170 1752 1238 ζῶσαν,
1770 1177 1834 1245 τῇ
1857 1174 1948 1227 τοῦ

2052 1177 2196 1235 lem,
2256 1171 2374 1235 sed,
2405 1169 2604 1228 Factus
2648 1180 2727 1226 est
2773 1172 2926 1227 homo
2969 1172 3026 1226 in
3070 1171 3304 1225 animam
3347 1170 3620 1234 viventem,

382 1252 669 1324 ἀνθρώπου
699 1257 1039 1329 χρησάμενος
1070 1260 1353 1333 ὀνομασίᾳ,
1381 1264 1415 1334 ἡ
1445 1265 1595 1335 κοινή
1619 1265 1681 1334 γέ
1710 1268 1826 1319 ἐστι
1856 1266 1948 1320 τοῦ

2052 1278 2250 1318 nomen
2317 1263 2560 1322 hominis
2617 1280 2935 1336 usurpans,
2983 1263 3206 1334 utrique
3260 1260 3413 1317 sexui
3467 1275 3622 1314 com-

381 1350 814 1420 συναμφοτέρου.
878 1351 987 1404 Καὶ
1026 1354 1226 1423 ταύτην
1278 1354 1376 1424 μὲν
1429 1357 1696 1428 εἰρηκὼς,
1731 1359 1797 1411 δι’
1830 1360 1951 1414 ὅλου

2052 1370 2236 1409 mune.
2270 1354 2413 1410 Sane
2439 1354 2543 1410 hac
2577 1357 2945 1426 appellatione
2971 1354 3300 1426 designabat
3326 1361 3624 1421 utrumque

379 1439 440 1492 τὺ
474 1439 881 1513 συναμφότερον
913 1441 1122 1513 ἐδήλου.
1153 1446 1232 1516 Τῇ
1263 1445 1522 1518 διαιρέσει
1551 1447 1606 1500 δὲ
1647 1449 1747 1518 τῆς
1797 1452 1953 1520 ποιή-

2052 1447 2349 1517 conjungi;
2395 1449 2752 1504 distinctione
2807 1457 2991 1504 autem
3052 1445 3356 1502 creationis
3391 1453 3623 1500 naturas

382 1548 520 1594 σεως
567 1532 849 1604 διακρίνας
899 1533 995 1598 τὰς
1034 1535 1253 1604 φύσεις,
1300 1539 1393 1590 καὶ¹
1439 1539 1518 1609 τῷ
1578 1541 1698 1610 μὲν,
1725 1543 1952 1598 ἔπλασε

2057 1539 2421 1604 discreverat,
2443 1541 2556 1603 illo,
2585 1552 2633 1595 et
2651 1541 2807 1610 ﬁnxit
2832 1540 3098 1610 pulverem
3127 1539 3192 1594 de
3217 1548 3620 1602 terra,carnem

384 1623 537 1692 χοῦν
580 1624 699 1678 ἀπὸ
752 1625 862 1693 τῆς
920 1627 1062 1696 γῆς,
1108 1629 1206 1700 τὴν
1241 1630 1419 1702 σάρκα
1450 1631 1728 1701 δηλώσαςο
1769 1635 1846 1704 τῷ
1873 1634 1949 1700 δὲ,

2052 1631 2323 1695 indicans.
2355 1634 2446 1686 illo
2485 1643 2685 1697 autem,
2707 1642 2758 1686 et
2787 1632 3073 1703 insuﬁlavit
3107 1631 3442 1700 spiraculum
3477 1630 3620 1695 vitae,

384 1717 724 1784 ἐνεφύσησε
752 1718 950 1786 πνοὴν
978 1718 1154 1789 ζωῆς,
1186 1721 1284 1793 τὴν
1314 1723 1489 1794 ψυχὴν
1520 1725 1764 1796 ἐμφήνας
1785 1744 1797 1756 ·
1834 1722 1952 1780 εἶτα

2053 1723 2341 1778 declarans
2365 1725 2602 1778 animam
2627 1743 2641 1792 ;
2668 1724 2867 1781 deinde
2887 1733 3135 1795 utraque
3159 1723 3323 1779 simul
3345 1721 3497 1778 addit
3522 1723 3622 1782 :Et

385 1804 528 1856 κατὰ
551 1804 721 1857 γοινοῠ
743 1806 904 1860 πάλιν
925 1808 1194 1878 ἐπήγαγε,
1215 1810 1323 1864 Καὶ
1342 1811 1577 1881 ἐγένετο
1597 1816 1629 1867 ὁ
1645 1795 1952 1883 ἅνθρωπος
1983 1795 2023 1849 Β

382 1896 474 1959 είς
502 1895 709 1963 ψυχὴν
735 1895 948 1956 ζῶσαν.

457 1987 600 2057 Στίχ.
632 1995 700 2056 η’.
725 2018 794 2027 --
810 1990 966 2059 Ἐδὲμ
989 1990 1045 2043 δὲ
1068 1990 1241 2047 ἔοικεν
1257 1993 1540 2064 ὀνομάζειν
1569 1996 1658 2050 τὸν
1676 1997 1838 2052 τόπον
1860 1999 1950 2053 τὸν

378 2082 524 2133 κατὰ
547 2081 811 2144 ἀνατολὰς
833 2082 1102 2152 κείμενον,
1126 2086 1182 2139 ὲν
1208 2079 1360 2157 ᾧπερ
1384 2089 1411 2140 6
1439 2089 1762 2159 παράδεισος
1779 2087 1868 2163 ἦν,
1889 2094 1949 2146 οὐ

381 2174 580 2243 μικρόν
630 2191 682 2226 τι
713 2175 878 2246 μέρος
926 2177 1024 2246 τῆς
1059 2178 1164 2248 γῆς
1203 2179 1344 2233 οὕτω
1384 2181 1582 2236 καλῶν.
1627 2184 1813 2252 Μέγαν
1845 2185 1952 2257 γὰρ

375 2265 615 2318 δείκνυσι
638 2266 727 2318 τὸν
748 2267 1090 2336 παράδεισον,
1114 2271 1224 2338 εἴγε
1249 2273 1277 2324 6
1300 2271 1485 2326 τοῦτον
1508 2274 1684 2344 ἄρδων
1712 2276 1952 2345 ποταμὸς

381 2360 523 2427 μετὰ
540 2361 640 2429 τὴν
657 2360 858 2413 ἐκείνου
879 2363 1065 2430 χρείαν
1082 2363 1184 2428 ἔξω
1199 2366 1513 2435 φερόμενος,
1526 2367 1796 2438 τέσσαρας
1811 2368 1951 2422 οὕτω

381 2451 673 2519 μεγίστους
697 2454 946 2508 ἀποτελεί
963 2456 1257 2527 ποταμούς.
1280 2459 1386 2512 Καὶ
1406 2459 1532 2527 μετ’
1562 2461 1752 2529 ὀλίγα·
1789 2462 1950 2514 ’Ὠστε

377 2546 447 2612 τῇ
484 2543 572 2595 τοῦ
611 2542 768 2613 Ἐδὲμ
791 2547 1130 2617 προσηγορίᾳ
1158 2547 1232 2617 μὴ
1263 2546 1352 2600 τὸν
1395 2549 1719 2619 παράδεισον
1756 2550 1952 2621 ὀνομά-

379 2632 570 2694 ζεσθαι
598 2633 774 2703 μόνον,
805 2635 940 2689 ἀλλὰ
971 2637 1063 2693 καὶ
1091 2635 1287 2701 ἔξωθεν
1307 2638 1367 2692 οὐ
1397 2638 1601 2710 βραχύν
1627 2657 1749 2694 τινα
1765 2641 1948 2707 τόπον,

381 2723 548 2792 μέρος
598 2724 696 2792 μὲν
727 2719 865 2779 εἶναι
904 2726 1250 2799 νομιζόμενον
1281 2727 1375 2782 τοῦ
1413 2731 1573 2800 Ἐδὲμ
1616 2731 1950 2802 καλουμένου

377 2814 570 2882 τόπου,
612 2818 1037 2887 προσεγγίζοντα
1077 2819 1155 2885 δὲ,
1187 2820 1262 2884 ώς
1292 2821 1467 2888 εἰκὸς,
1496 2821 1576 2892 τῷ
1620 2822 1947 2894 παραδείσῳ.

381 2906 548 2960 ὐθεν
585 2911 713 2978 περὶ
751 2908 846 2963 τοῦ
875 2910 1012 2964 Κάῖν
1040 2911 1182 2965 οὕτω
1205 2913 1336 2983 φησί
1359 2931 1373 2945 ·
1417 2913 1524 2968 Καὶ
1549 2912 1769 2979 ἐξῆλθε
1799 2914 1951 2968 Κάτν

378 3000 501 3053 ἀπὸ
539 2999 862 3070 προσώπου
892 3003 997 3058 τοῦ
1027 3005 1208 3070 Θεοῦ,
1255 3004 1351 3058 καί
1399 3005 1748 3074 κατῴκησεν
1776 3007 1845 3060 ἐν
1871 3005 1950 3075 γῆ

379 3092 550 3158 Ναῒδ,
591 3094 903 3150 κατέναντι
949 3097 1140 3167 Ἐδέμ.
1207 3099 1294 3162 Ὠς
1323 3099 1389 3153 ἂν
1432 3100 1694 3172 πρότερον
1727 3102 1824 3173 μὲν
1849 3102 1948 3156 αὑ-

380 3187 492 3239 τῶν
535 3190 591 3241 ὲν
629 3188 787 3259 Ἐδὲμ
815 3188 1124 3253 οἰκούντων,
1167 3189 1401 3262 ἔνθαπερ
1433 3192 1615 3256 αὐτοῖς
1642 3194 1736 3248 καὶ
1762 3195 1790 3247 6
1817 3195 1948 3260 Θεὸς

381 3281 724 3350 ἐπεφαίνετο.
770 3282 986 3354 Ἐπειδὴ
1013 3283 1069 3336 δὲ
1101 3283 1204 3348 ἔξω
1227 3283 1334 3337 τῶν
1359 3285 1539 3338 τόπων
1565 3286 1778 3354 ἐγένετο
1805 3287 1949 3341 ὲκεί-

380 3390 511 3436 νων,
545 3375 868 3444 ἀπορριφεὶς
896 3373 992 3427 τοῦ
1017 3375 1152 3429 Θεοῦ
1177 3375 1265 3430 διά
1305 3377 1405 3446 τὴν
1435 3377 1641 3431 οἰκείαν
1669 3395 1950 3450 κακοπρα-

380 3466 526 3534 γίαν,
557 3467 614 3518 ὲν
645 3468 819 3538 ἑτέρῳ
867 3469 1018 3540 τόπῳ
1063 3469 1247 3524 λοιπὸν
1299 3471 1456 3533 οἰκεῖ,
1500 3470 1952 3542 ὲπονομαζομένῳ

384 3558 544 3623 Ναῖδ,
575 3560 631 3622 ὃς
658 3561 881 3634 ἀντικρὺ
909 3561 1005 3614 τοῦ
1051 3562 1210 3633 Ἐδὲμ.
1261 3563 1470 3634 ὑπῆρχε
1503 3563 1688 3627 τόπου,
1739 3565 1797 3616 ὲν
1820 3559 1865 3630 ᾧ
1889 3562 1950 3616 τὸ

384 3651 650 3723 πρότερον
695 3651 889 3723 ᾤκουν.
938 3652 1093 3707 Οὕτω
1135 3655 1242 3725 γάρ
1273 3654 1365 3707 καὶ
1406 3654 1498 3707 τὸν
1545 3654 1714 3724 Ἀδάμ
1754 3655 1949 3724 ἐκϐλη-

385 3741 546 3796 θέντα
570 3743 662 3797 τοῦ
685 3744 1031 3816 παραδείσου,
1061 3744 1394 3815 κατῳκίσθαι
1418 3744 1521 3815 ἔφη
1548 3744 1833 3798 κατέναντι
1854 3745 1948 3798 τοῦ

383 3835 733 3905 παραδείσου.
783 3836 975 3890 Τοίνυν
1017 3834 1076 3901 ἐξ
1107 3837 1320 3904 ἁπάσης
1347 3838 1445 3906 τῆς
1489 3835 1592 3906 γῆς
1619 3836 1804 3907 ὥσπερ
1828 3835 1950 3890 τινὰ

385 3924 571 3994 ἔξοχον
600 3925 763 3978 τόπον
788 3926 928 3980 κατὰ
957 3925 1221 3990 ἀνατολάς
1247 3926 1622 3996 ἐκλεξάμενος,
1656 3927 1814 3997 Ἐδὲμ
1837 3927 1954 3978 dvo-

2053 1814 2228 1883 [actus
2257 1827 2335 1870 est
2369 1816 2522 1870 homo
2552 1818 2609 1871 in
2640 1818 2876 1871 animam
2905 1817 3176 1872 viventem:

2123 1997 2291 2054 Vens.
2324 1999 2378 2054 8.
2405 2029 2476 2040 --
2510 1999 2742 2054 Videtur
2789 1999 3011 2056 nomine
3045 1999 3214 2056 Edem
3246 2016 3356 2055 non
3393 2016 3618 2072 parvam

2050 2097 2213 2147 terrae
2247 2102 2454 2161 partem
2495 2093 2827 2162 appellasse,
2863 2092 2960 2148 sed
2993 2093 3142 2147 illam
3191 2108 3407 2149 omnem
3439 2094 3622 2166 regio-

2051 2198 2172 2238 nem
2198 2200 2320 2254 qua:
2343 2183 2407 2237 ad
2431 2185 2722 2250 orientem,
2748 2200 2857 2256 qua
2882 2185 3173 2256 paradisus
3195 2194 3334 2242 erat.
3362 2185 3619 2258 Magnum

2050 2277 2198 2331 enim
2225 2277 2399 2332 fuisse
2435 2278 2750 2348 paradisum
2775 2277 3022 2333 declarat
3051 2277 3186 2333 illud
3209 2278 3354 2348 quod
3393 2279 3621 2336 ﬂumine

2051 2369 2315 2438 irrigatus
2344 2368 2534 2434 fuerit,
2563 2369 2616 2422 in
2640 2378 2878 2438 quatuor
2907 2370 3148 2424 maximo
3173 2370 3397 2425 ﬂumine
3415 2370 3618 2433 diviso,

2049 2461 2195 2530 quod
2239 2462 2365 2516 dein
2405 2462 2471 2517 ad
2503 2463 2778 2517 exteriora
2808 2461 3107 2517 ferebatur.
3147 2463 3215 2516 Et
3231 2464 3392 2532 paulo
3440 2473 3558 2531 post
3589 2480 3610 2518 :

2047 2552 2276 2608 Nomine
2299 2553 2468 2608 Edem
2495 2553 2816 2624 designatur
2849 2568 2959 2608 non
2988 2553 3280 2623 paradisus
3304 2555 3488 2616 modo,
3521 2555 3618 2610 sed

2048 2647 2200 2718 regio
2243 2655 2471 2702 externa
2523 2645 2667 2700 haud
2712 2661 2914 2716 parva,
2969 2661 3091 2716 qua:
3144 2661 3270 2716 pars
3321 2647 3621 2716 putabatur

2048 2754 2173 2795 esse
2215 2739 2421 2804 Edem,
2455 2739 2716 2808 paradiso
2761 2748 2946 2795 autem
2987 2739 3294 2809 adjacebat.
3345 2737 3501 2794 Unde
3548 2741 3620 2794 de

2051 2830 2187 2885 Cain
2217 2829 2357 2885 dixit
2393 2848 2406 2884 :
2442 2827 2702 2900 Egressus
2735 2840 2813 2884 est
2836 2841 3010 2884 autem
3035 2830 3169 2885 Cain
3198 2848 3229 2884 a
3250 2830 3386 2898 facie
3422 2828 3538 2890 Dei,
3567 2837 3620 2882 et

2048 2921 2312 2976 habitavit
2352 2922 2408 2976 in
2445 2931 2587 2976 terra
2612 2920 2749 2976 Na’d
2783 2932 2966 2975 contra
3001 2920 3166 2976 Edent
3204 2919 3357 2992 (Gen.
3391 2937 3465 2982 tv,
3502 2919 3616 2990 16).

2049 3011 2257 3066 Credas
2286 3012 2455 3082 igitur
2496 3027 2592 3067 eos
2627 3013 2783 3083 prius
2823 3013 2877 3066 in
2912 3011 3075 3066 Edem
3108 3012 3472 3075 hablavisse,
3524 3011 3617 3065 ubi

2048 3099 2192 3156 Deus
2211 3101 2349 3172 ipsis
2379 3110 2732 3172 apparuerat.
2755 3101 2988 3168 Quando
3004 3109 3186 3157 autem
3214 3111 3401 3172 postea
3429 3117 3460 3157 e
3481 3101 3621 3156 locis

2047 3194 2156 3248 illis
2195 3193 2511 3265 egreditur,
2571 3202 2792 3265 propter
2843 3195 3107 3248 malitiam
3147 3210 3302 3250 suam
3347 3192 3539 3264 procul
3585 3206 3619 3246 a

2046 3284 2158 3341 Deo
2191 3285 2432 3356 rejectus
2457 3327 2473 3353 ,
2516 3286 2775 3356 deinceps
2818 3286 2986 3341 alium
3022 3287 3201 3342 locum
3232 3287 3452 3352 incolit,
3486 3284 3620 3342 de

2045 3385 2326 3444 vocatum,
2359 3377 2455 3448 qui
2487 3387 2683 3432 contra
2712 3377 2881 3433 Edem
2926 3378 3164 3448 priorem
3195 3377 3372 3449 ipsius
3406 3378 3616 3436 sedem.

2048 3468 2229 3524 Simili
2277 3470 2492 3524 ratione
2538 3469 2744 3524 dicitur
2782 3469 2956 3524 Adam
3004 3485 3036 3525 e
3087 3469 3346 3541 paradiso
3380 3472 3616 3539 ejectus,

2049 3569 2241 3616 contra
2278 3561 2592 3631 paradisum
2631 3562 2914 3617 collocari.
2948 3563 3028 3618 Ex
3073 3564 3226 3618 omni
3259 3564 3427 3634 igitur
3467 3574 3617 3622 terra

2051 3652 2214 3722 elegit
2250 3651 2393 3708 Deus
2427 3650 2494 3705 ad
2538 3652 2809 3707 orientem
2839 3654 3158 3709 continuam
3189 3655 3486 3726 quamdam
3527 3672 3617 3712 rev

2052 3745 2288 3815 gionem,
2329 3760 2437 3815 qua
2484 3745 2800 3816 paradisum
2852 3746 3187 3802 institueret.
3231 3745 3406 3812 Quam
3448 3748 3617 3803 etiam

2052 3837 2259 3892 homini
2298 3846 2482 3893 creato
2524 3835 2868 3892 incolendatn
2923 3838 3183 3906 tradidit,
3235 3839 3414 3912 ipsum
3453 3857 3621 3897 vene-

2059 3938 2177 3983 ratu
2188 3944 2298 3984 l'llS.

389 4019 713 4090 μαζόμενον,
747 4021 806 4074 ὲν
836 4018 984 4091 αὑτῷ
1011 4019 1076 4092 δὴ
1107 4019 1197 4074 τὸν
1243 4021 1566 4093 παράδεισον
1595 4019 2010 4076 κατεσκεύασεν.
2058 4023 2144 4076 Ἐν
2167 4015 2211 4090 ᾧ
2241 4021 2306 4094 δὴ
2341 4022 2569 4094 τιμῆσαι
2600 4021 2879 4095 βουληθεὶς
2916 4023 3175 4094 γεγονότα
3204 4026 3298 4081 τὸν
3331 4027 3620 4100 ἄνθρωπον

386 4112 575 4177 ἔταξεν
606 4114 794 4167 οἰκεῖν.

458 4211 606 4279 Στίχ.
639 4210 722 4264 ιϐ’.
770 4238 843 4250 —
885 4208 997 4280 Οὐχ
1024 4209 1105 4263 ὅτι
1136 4209 1268 4264 ἄλλα
1298 4209 1412 4274 ζῶα
1442 4209 1579 4279 μετὰ
1604 4209 1828 4263 τοιαῦτα
1857 4226 1954 4261 πεο

388 4305 615 4374 ποίηκεν
662 4302 725 4354 ὲκ
767 4301 865 4372 τῆς
912 4302 1034 4372 γῆς,
1073 4302 1207 4356 ἀλλὰ
1237 4301 1498 4372 περὶτῶν
1530 4301 1628 4370 ἥδη
1658 4301 1954 4370 γεγονότων

390 4395 529 4448 κατὰ
574 4395 928 4466 ὲπανάληψιν,
977 4394 1067 4448 διὰ
1093 4395 1154 4446 τὸ
1184 4396 1541 4465 προκείμενον
1571 4394 1736 4461 λέγει.
1775 4393 1847 4444 Τὸ
1871 4393 1947 4458 δὲ,

388 4488 565 4553 ἔτι,ἕκ
585 4505 724 4549 τινος
746 4487 1030 4557 ἰδιώματος
1046 4487 1141 4557 τῆς
1157 4486 1431 4554 Ἐὃραῖδος
1447 4485 1765 4556 προστίθησι
1778 4483 1950 4551 γλώσ-

389 4597 510 4649 σης.
549 4580 703 4632 Οὕτω
730 4581 822 4633 καὶ
853 4579 934 4645 τὸ,
974 4578 1378 4644 Ἑξανέτειλεν
1407 4579 1493 4633 ἔτι
1522 4581 1554 4634 ό
1593 4579 1734 4644 Θείτς
1755 4579 1822 4631 ἐκ
1845 4576 1952 4647 τῆς

389 4670 524 4742 γῆς·

987 4804 1237 4860 ΚΕΦΑΔ.
1277 4807 1351 4861 I".

461 4942 608 5012 Στίχ.
645 4940 709 5006 ζ’.
743 4973 812 4983 -
854 4944 1117 5014 Ἀνοήτως
1151 4944 1294 5008 τινὲς
1327 4943 1532 5012 ἔφασαν
1567 4942 1954 5013 πεπληρῶσθαι

395 5035 452 5086 ιδ
502 5035 650 5104 παρά
694 5035 788 5088 τοῦ
841 5037 1086 5090 διαϐόλου
1139 5035 1275 5108 πρὸς
1318 5037 1414 5106 τὴν
1455 5039 1683 5104 γυναῖκα
1746 5035 1950 5104 ρηθένο

392 5127 578 5198 ἐπειδὴ
626 5129 654 5180 6
688 5129 785 5198 μὲν
813 5128 939 5199 ἔφη,
981 5128 1506 5197 Διανοιχθήσονται
1544 5126 1708 5196 ὑμῶν
1750 5130 1804 5180 οὶ
1851 5128 1956 5195 (ἔφη

391 5219 636 5287 θαλμοί,
677 5219 773 5271 καὶ
809 5219 1024 5274 ἔσεσθε
1065 5219 1144 5284 ὡς
1171 5219 1314 5282 θεοὶ,
1350 5217 1742 5286 γινώσκοντες
1769 5217 1956 5270 καλὸν

392 5309 490 5361 καί
525 5311 792 5377 πονηρόν
818 5326 831 5339 '
883 5311 912 5362 6
956 5311 1236 5382 προφήτης
1259 5311 1314 5363 δὲ
1345 5308 1459 5378 ἅμα
1484 5308 1561 5378 τῷ
1587 5311 1796 5376 φαγεῖν,
1828 5308 1953 5378 ἔφη,

395 5403 475 5453 6n
528 5403 969 5471 Διηνοίχθησαν
1013 5405 1066 5456 οὶ
1114 5401 1405 5470 ὀφθαλμοί
1458 5399 1575 5454 τῶν
1629 5401 1790 5466 δύω,
1857 5400 1956 5453 καί

397 5496 668 5560 ἔγνωσαν
697 5494 785 5546 ὅτι
814 5495 1026 5563 γυμνοί
1049 5495 1167 5547 εισι
1191 5509 1205 5524 ο
1258 5493 1374 5546 δέον
1409 5493 1634 5546 συνιδεῖν
1653 5532 1668 5557 ,
1712 5493 1792 5546 ὅτι
1823 5493 1954 5546 πολὺ

403 5585 502 5638 τῶν
533 5587 834 5657 εἰρημένων
865 5587 923 5639 τὸ
971 5586 1242 5658 διάφορον.
1302 5587 1359 5640 Ὀ
1414 5586 1511 5656 μὲν
1556 5585 1662 5656 γὰρ
1693 5585 1952 5650 διάὸολος,

397 5678 497 5748 τὴν
525 5678 778 5743 διάνοιξιν
811 5679 917 5731 τῶν
943 5679 1230 5750 ὀφθαλμῶν
1255 5678 1396 5732 οὕτω
1424 5677 1607 5749 φησὶν,
1637 5677 1710 5741 ὡς
1742 5676 1808 5730 ἂν
1837 5677 1957 5729 κατ’

401 5769 606 5824 ῑννοιαν
653 5769 917 5840 ὀξυτέρων
962 5769 1250 5840 ἐσομένων,
1310 5770 1398 5824 καὶ
1440 5768 1747 5840 δυναμένων
1805 5768 1958 5839 δίκην

2129 4205 2296 4261 Vens.
2316 4205 2403 4260 i9.
2435 4234 2502 4247 --
2524 4203 2644 4259 Νοη
2670 4207 2828 4275 quasi
2866 4205 2971 4260 alia
2996 4207 3250 4264 animalia
3281 4210 3522 4281 posthac
3548 4213 3622 4267 de

2059 4308 2203 4353 terra
2255 4298 2539 4362 ﬁnxisset,
2595 4297 2690 4352 sed
2737 4298 3029 4353 occasione
3069 4299 3231 4366 data,
3290 4301 3379 4355 illa
3421 4319 3619 4358 rursus

2059 4399 2323 4447 memorat
2353 4406 2474 4459 qua:
2513 4397 2672 4443 antea
2713 4387 2856 4442 facta
2889 4387 3123 4443 fuerant.
3167 4391 3275 4445 Vox
3305 4401 3486 4447 autem
3519 4394 3619 4446 ad-

2054 4485 2154 4536 huc
2180 4482 2457 4536 llebraicae
2516 4481 2711 4550 linguae
2739 4479 3066 4549 proprietas.
3109 4479 3179 4535 Ut
3215 4485 3381 4538 etiam
3429 4484 3561 4541 illud
3589 4504 3606 4539 :

2058 4573 2126 4628 Et
2156 4573 2404 4642 produxit
2438 4571 2607 4625 adhuc
2639 4569 2778 4625 Deus
2805 4569 2868 4624 de
2895 4580 3053 4625 terra.

2684 4799 2840 4857 CAP.
2881 4799 2974 4857 Ill.

2127 4939 2294 4997 Vens.
2316 4939 2369 4992 7.
2393 4967 2465 4980 ——
2488 4937 2678 5006 Inepte
2707 4935 3040 5006 quibusdam
3067 4935 3245 4990 visum
3272 4941 3358 4988 est
3388 4930 3616 5002 impleta

2055 5033 2230 5089 fuisse
2254 5047 2376 5102 qua:
2398 5030 2652 5086 diabolus
2688 5029 2755 5084 ad
2792 5029 3073 5084 mulierem
3113 5028 3356 5091 dixerat,
3407 5024 3559 5079 hisce
3587 5043 3605 5079 :

2054 5127 2364 5195 Aperientur
2398 5123 2536 5178 oculi
2576 5123 2733 5176 uestri
2759 5161 2774 5187 ,
2821 5132 2870 5176 et
2909 5121 3054 5176 eritis
3089 5120 3225 5172 sicut
3253 5118 3364 5182 dii,
3390 5117 3616 5172 scientes

2056 5221 2246 5274 bonum
2295 5228 2344 5273 et
2383 5218 2603 5272 malum.
2647 5214 2963 5270 Docuerunt
3000 5211 3128 5277 hoc,
3164 5209 3292 5280 quia
3325 5208 3614 5280 propheta,

2056 5319 2276 5384 gustato
2306 5311 2454 5377 cibo,
2486 5309 2740 5381 protinus
2777 5305 2970 5361 addit:
3008 5301 3077 5356 Et
3109 5301 3279 5369 aperti
3314 5309 3438 5355 sunt
3477 5299 3618 5354 oculi

2057 5401 2352 5464 amborum,
2382 5409 2432 5454 et
2457 5405 2778 5470 agnoverunt
2808 5395 2933 5466 quia
2961 5391 3088 5446 nudi
3115 5400 3288 5446 erant.
3318 5390 3388 5446 At
3415 5399 3615 5445 notan-

2057 5497 2186 5551 dum
2213 5505 2295 5550 est
2333 5493 2447 5549 haec
2488 5489 2781 5561 multiplici
2820 5487 3038 5544 ratione
3079 5486 3224 5542 inter
3272 5499 3333 5540 se
3370 5482 3613 5539 dili‘erre.

2058 5588 2196 5642 Nam
2247 5585 2504 5641 diabolus
2540 5582 2733 5639 oculos
2773 5595 2839 5635 eo
2877 5593 3045 5634 sensu
3079 5575 3410 5648 aperiendos
3454 5574 3612 5642 dicit,

2059 5679 2216 5750 quasi
2262 5678 2398 5748 ipsis
2441 5692 2595 5730 mens
2637 5673 2820 5730 acrior
2849 5671 3034 5725 futura
3069 5677 3254 5734 esset,
3289 5676 3344 5722 et
3376 5667 3615 5724 facultas

2061 5771 2126 5825 ad
2150 5769 2428 5839 exemplar
2461 5767 2551 5823 Dei
2576 5766 2762 5822 animo
2793 5761 3037 5820 intuendi
3075 5768 3128 5819 et
3168 5761 3372 5818 bonum
3402 5774 3432 5814 a
3461 5759 3608 5816 malo
