4106 6238
422 266 534 319 ὺῦῠ

1577 253 1924 310 ΤΗΕΟΟΟΒΙ
1963 250 2448 310 MOPSUESTENI
2477 287 2480 290 -
3578 255 3684 311 640

432 373 809 429 discernendi.
843 371 986 426 Nihil
1023 380 1206 428 autem
1256 372 1405 426 aliud
1444 373 1691 426 declarat
1733 372 2004 440 propheta
2035 419 2037 426 .

2135 367 2256 420 θεῶν
2301 372 2434 443 ὁρᾷν
2483 389 2541 424 τε
2584 377 2702 437 ταῖς
2735 375 2964 438 ἐννοίαις
3011 375 3105 429 καὶ
3139 373 3432 444 διακρίνειν
3483 375 3548 426 ἐκ
3588 369 3684 425 τοῦ

435 469 540 522 nisi
577 482 672 520 eos
712 465 1020 522 nuditatem
1067 482 1223 521 suam
1262 466 1514 520 sensisse
1562 479 1626 518 ac
1663 467 1734 517 de
1772 477 1834 516 ea
1879 475 2006 515 eru-

435 561 635 614 buisse.
683 557 846 614 Prius
872 561 1023 617 enim
1061 575 1163 614 nec
1193 575 1313 614 eam
1352 560 1785 614 observaverant
1816 569 1919 608 nec
1942 568 2006 608 ea

416 655 814 730 Ieruhuerant;
849 663 1038 723 postea
1071 669 1203 708 vero
1231 654 1337 708 ista
1369 651 1619 706 nuditate
1646 651 1721 704 ita
1749 649 2006 703 alliciun-

419 758 526 826 ιιιιι·
545 787 559 806 ,
589 729 652 826 ἰιι
681 729 767 800 ea
789 745 1064 800 intellecta
1083 787 1098 810 ,
1129 747 1315 800 statim
1343 744 1697 798 erubescam.
1722 739 2008 796 Neminem

416 821 574 908 :fugit
603 821 800 918 animo
853 839 1033 894 inesse
1065 821 1332 892 rationem
1375 852 1474 889 cur
1495 875 1510 896 ,
1568 851 1628 890 re
1659 835 1776 888 visa
1801 873 1816 896 ,
1861 849 2009 886 nunc

437 935 538 996 sic,
597 949 744 988 nunc
796 933 957 998 aliter
997 947 1343 986 moveamur.
1401 928 1644 983 Infantes
1695 928 1845 982 enim
1897 941 2010 980 non

416 1027 604 1096 _pudet
632 1025 916 1080 .uuditatis
955 1040 1100 1087 sum.
1151 1039 1332 1093 neque
1370 1023 1564 1090 balneo
1600 1027 1853 1084 utentes;
1899 1034 2010 1072 non

437 1116 583 1186 quod
617 1132 735 1170 eam
769 1132 878 1190 non
905 1116 1146 1188 videant,
1181 1116 1276 1182 sed
1309 1113 1434 1184 quia
1469 1113 1554 1165 hic
1585 1119 1856 1179 aspectus,
1885 1109 2013 1164 nul-

439 1210 523 1263 los
563 1222 763 1278 pravos
805 1223 1003 1264 sensus
1046 1208 1191 1276 apud
1223 1222 1324 1260 eos
1360 1205 1584 1258 excitat.
1637 1205 1807 1257 Adam
1849 1203 2014 1273 igitur

425 1310 494 1360 .ct
526 1303 698 1364 socia,
742 1316 936 1356 recens
982 1299 1122 1363 nati,
1155 1308 1385 1371 peccato
1421 1299 1665 1353 nondum
1711 1297 2010 1363 inquinati,

423 1395 526 1468 (vel
566 1410 646 1466 ne:
673 1394 841 1448 ullum
873 1393 1099 1463 quidem
1137 1394 1338 1446 malum
1373 1392 1664 1460 suspicati,
1703 1407 1880 1460 neque
1913 1407 2013 1444 nu-

432 1487 693 1564 ditatem,
733 1503 911 1556 neque
940 1487 1104 1539 aliam
1141 1496 1356 1540 natura:
1385 1500 1499 1539 sua:
1533 1483 1762 1536 formam
1801 1494 2012 1550 turpem

444 1579 855 1650 existimabant,
883 1577 1176 1646 Postquam
1209 1585 1394 1630 autem
1429 1583 1814 1642 peccaverant,
1849 1587 1878 1624 a
1918 1571 2016 1626 Dei

437 1673 658 1748 legibus
693 1671 1097 1730 abhorrentes,
1129 1679 1260 1723 tunc
1289 1667 1452 1722 etiam
1491 1673 1897 1735 perceperunt,
1926 1664 2016 1732 ju-

445 1763 609 1818 hcnte
649 1761 780 1824 Deo,
819 1759 1044 1837 pudoris
1078 1775 1327 1832 sensum,
1360 1772 1468 1827 quo
1493 1772 1522 1808 a
1554 1766 1780 1826 peccato
1808 1762 2019 1809 averte-

447 1863 664 1915 rentur.
697 1864 752 1907 et
782 1854 1056 1922 pessimus
1079 1851 1315 1920 quisque
1337 1848 1728 1918 reprimeretur
1759 1847 2014 1914 impetus.

449 1945 633 2000 Primo
663 1945 944 2000 autem‘de
969 1947 1200 2013 organis
1247 1943 1598 1996 cruhuerunt
1637 1953 1761 2010 quae
1795 1939 1861 1992 ad
1899 1953 2021 2007 pro-

439 2037 783 2108 creationem
831 2035 1127 2089 liheroruu'i
1193 2034 1539 2096 inserviunt,
1593 2043 1651 2086 ut
1709 2033 1888 2101 pudor
1933 2031 2022 2086 hic

445 2129 699 2198 homines
730 2129 920 2196 procul
953 2128 1022 2180 ah
1053 2127 1202 2180 omni
1240 2125 1665 2193 intemperantia
1691 2125 2019 2179 deterreret.

2110 463 2347 534 πονηροῦ
2379 463 2437 516 τὸ
2463 465 2624 518 καλόν
2650 483 2664 496 ·
2714 469 2743 520 ὁ
2786 469 3066 538 προφήτης
3091 467 3150 520 δὲ
3181 468 3241 519 οὐ
3274 465 3477 536 ταύτην
3507 461 3682 529 εἶπεν,

2108 553 2245 607 ἀλλὰ
2277 553 2396 608 καθ’
2426 558 2490 628 ἢν
2519 555 2658 611 εἶδόν
2686 573 2747 610 τε
2789 560 2885 612 καὶ
2915 559 3143 629 ᾔσθοντο
3189 558 3288 628 τῆς
3337 556 3542 619 οἰκείας
3584 575 3684 628 γυ-

2113 645 2388 716 μνώσεως.
2419 651 2687 722 Πρότερον
2724 653 2839 720 μὲν,
2879 651 3030 704 οὐδὲν
3062 652 3148 703 ἐπ’
3182 651 3317 721 αὐτῇ
3363 649 3684 720 πάσχοντες,

2111 739 2228 792 οὐδὲ
2254 741 2634 812 αἰσχυνόμενοι
2663 757 2677 771 ⁸
2710 743 2933 813 ὕστερον
2964 743 3042 804 δὲ,
3070 741 3325 812 τοιαύτην
3357 743 3478 795 τινὰ
3508 741 3599 794 ἐπὶ
3619 743 3684 812 τῇ

2110 830 2388 901 γυμνὼσει
2420 833 2520 902 τὴν
2550 834 2800 904 αἴσθησιν
2827 833 3102 897 λαϐόντες,
3135 833 3211 896 ὡς
3237 833 3334 886 καὶ
3359 833 3496 902 πρὸς
3522 832 3687 903 μόνην

2113 925 2464 995 αἰσχύνεσθαι
2483 925 2588 996 τὴν
2633 927 2693 978 ἐν
2735 928 2802 996 τῇ
2831 923 3106 995 γυμνώσει
3149 925 3242 978 τοῦ
3273 924 3523 995 σώματος
3555 923 3689 977 Osw-

2095 1019 2256 1089 ρίαν.
2293 1019 2366 1071 Οὐ
2398 1018 2506 1090 γὰρ
2532 1019 2745 1088 ἄδηλον,
2781 1020 2854 1084 ὡς
2881 1022 2910 1073 ὁ
2937 1020 3196 1090 λογισμός
3223 1021 3340 1073 ἐστι
3370 1019 3467 1088 τῆς
3487 1018 3686 1089 ψυχῆς.

2113 1112 2142 1163 ὁ
2163 1109 2262 1181 τὴν
2287 1111 2380 1164 ἐπὶ
2402 1113 2468 1181 τῇ
2502 1109 2704 1182 θεωρίᾳ
2734 1111 2969 1165 διάθεσιν
2997 1115 3093 1164 νῦν
3122 1113 3219 1183 μὲν
3269 1112 3500 1174 τοιάνδε,
3537 1109 3691 1176 αὖθις

2114 1203 2168 1256 δὲ
2199 1203 2406 1257 τοιάνδε
2452 1203 2639 1270 ποιῶν,
2692 1202 2773 1257 Τὰ
2822 1204 2952 1273 γοῦν
2983 1204 3157 1276 βρέφη
3196 1205 3298 1259 οὐκ
3348 1205 3690 1276 αἰσχύνονται

2117 1297 2208 1350 ἐπὶ
2238 1300 2304 1368 τῇ
2347 1297 2643 1367 γυμνὼσει,
2688 1296 2810 1350 οὔτε
2850 1299 2954 1369 μὴν
2985 1301 3034 1352 oi
3082 1301 3142 1350 ἐν
3173 1298 3436 1369 βαλανείῳ
3458 1339 3472 1361 ,
3523 1301 3582 1351 οὐ
3614 1299 3692 1369 τῷ

2121 1389 2194 1459 μὴ
2243 1389 2459 1458 βλέπειν
2491 1391 2680 1461 αὐτὴν,
2729 1390 2863 1447 ἀλλὰ
2911 1391 2988 1461 τῷ
3037 1392 3200 1462 μηδὲν
3231 1392 3432 1461 φαῦλον
3460 1392 3566 1446 ἀπὸ
3594 1391 3692 1460 τῆς

2120 1480 2349 1551 θεωρίας
2373 1483 2465 1534 ἐπὶ
2493 1482 2592 1551 τῆς
2629 1481 2834 1546 ἑννοίας
2879 1483 3235 1554 εἰσδέχεσθαι.
3267 1485 3327 1537 Οἱ
3356 1481 3536 1536 τοίνυν
3566 1483 3693 1552 περί

2119 1573 2209 1627 τὸν
2254 1573 2423 1644 Ἀδὰμ
2455 1575 2581 1646 ἄρτι
2615 1575 2714 1645 μὲν
2742 1577 3046 1644 γεγονότες,
3077 1576 3483 1647 ἁμαρτάνοντες
3520 1575 3576 1628 δὲ
3600 1575 3694 1627 οὐ.

2119 1664 2226 1729 δὲν,
2253 1666 2354 1718 καὶ
2382 1664 2509 1718 οὔτε
2557 1665 2760 1734 φαῦλόν
2793 1683 2846 1720 τι
2894 1663 3034 1720 εἶναι
3088 1667 3366 1737 μαθόντες,
3401 1666 3527 1720 οὔτε
3569 1666 3696 1720 ἄλλο

2113 1757 2274 1826 οὐδὲν
2303 1758 2403 1827 τῆς
2431 1759 2638 1822 οἰκείας
2663 1760 2922 1830 φύσεως,
2963 1762 3188 1832 αἰσχρὸν
3219 1763 3314 1830 οὐχ
3341 1760 3568 1828 ἡγοῦντο
3599 1759 3697 1829 τὴν

2123 1845 2422 1915 γύμνωσιν.
2480 1849 2697 1920 Ἐπειδὴ
2737 1851 2794 1903 δὲ
2837 1851 3118 1920 ἥμαρτον,
3165 1850 3420 1903 τάναντία
3465 1852 3574 1912 τοῖς
3604 1847 3695 1900 τοῦ

2124 1937 2256 1991 Θεοῦ
2277 1938 2704 2011 διαπραξάμενοι
2729 1941 2934 2012 νόμοις,
2965 1941 3185 2010 ὲνετέθη
3219 1942 3317 2012 μὲν
3348 1941 3529 2002 αὐτοῖς
3557 1942 3584 1992 ὁ
3613 1939 3698 1990 λο-

2119 2031 2319 2101 γισμὸς
2345 2032 2448 2102 τῆς
2497 2034 2757 2105 αἰσχύνης
2814 2033 2918 2088 ὑπὸ
2955 2019 3092 2087 θεοῦ
3139 2035 3220 2097 εἰς
3261 2032 3358 2103 τὴν
3408 2031 3548 2086 κατὰ
3603 2031 3700 2101 τῆς

2125 2125 2396 2195 ἁμαρτίας
2439 2125 2724 2197 βοήθειαν,
2784 2127 3063 2199 αὐτάρκης
3111 2127 3187 2178 ὢν
3217 2126 3500 2193 ὲγκόπτειν
3532 2124 3702 2192 αὐτῆς

449 2224 549 2294 τὴν
582 2223 774 2293 ὁρμήν·
825 2220 1054 2293 Πρώτην
1102 2220 1157 2272 δὲ
1212 2220 1312 2290 τῆς
1359 2219 1620 2288 αἰςχύνης
1669 2218 1767 2288 τὴν
1813 2217 2020 2272 ἔννοιαν
2057 2216 2367 2286 ἀναγκαίως
2396 2219 2488 2273 ιέπλ⁷
2516 2225 2627 2285 τοῖς
2651 2221 2985 2290 παιδογόνοις
3040 2219 3228 2273 ἔλαϐον
3258 2219 3545 2290 ὀργάνοις·
3617 2217 3702 2270 ἵνα

450 2318 732 2388 πόρρωθεν
760 2318 870 2379 τοῖς
900 2315 1206 2386 ἀνθρώποις
1237 2317 1270 2385 ἡ
1294 2314 1457 2378 αἰδὼς
1489 2315 1736 2385 ὲκ-κόπτῃ
1767 2314 1868 2383 τὴν
1899 2313 2200 2367 ἀκόλαστον
2235 2315 2410 2384 μίξιν.

458 2459 462 2465 .
526 2407 691 2462 Vens.
729 2406 784 2461 8.
828 2437 896 2448 -——
931 2406 1158 2472 Quando
1209 2421 1398 2460 vocem
1453 2404 1546 2458 Dei
1586 2403 2024 2468 deauihulantis,

450 2501 583 2555 dum
619 2499 798 2553 adhuc
841 2499 971 2552 folia
1010 2506 1384 2558 consecrent,
1431 2497 1758 2559 audierunt,
1791 2499 2028 2552 abscon-

447 2593 656 2648 det-unt
685 2608 743 2646 se
765 2593 870 2646 sub
901 2591 1131 2660 lignum,
1166 2600 1226 2644 ut
1250 2591 1486 2655 videtur,
1510 2605 1618 2643 non
1647 2589 1928 2645 diversum
1959 2590 2028 2647 ab

2117 2455 2120 2458 .
2199 2406 2348 2476 Στίχ.
2396 2407 2466 2479 η’.
2515 2435 2586 2448 --
2637 2409 2854 2480 Ἐπειδὴ
2920 2408 3217 2480 βάπτοντες
3266 2406 3346 2460 ἔτι
3392 2405 3462 2459 τὰ
3509 2405 3700 2474 φύλλα,

2131 2498 2371 2568 ἥκουσαν
2420 2500 2518 2570 τῆς
2557 2501 2739 2570 φωνῆς
2773 2500 2866 2556 τοῦ
2917 2500 3049 2554 Θεοῦ
3097 2497 3556 2571 περιπατοῦντος,
3599 2498 3704 2552 ὑπὸ

2123 2589 2193 2641 ,τὸ
2219 2589 2372 2654 ξύλον
2406 2590 2737 2661 ἑκρύὸησαν,
2766 2591 2864 2644 οὐκ
2893 2592 3020 2647 ἄλλο
3038 2591 3300 2663 δηλονότι,
3325 2590 3439 2644 ἀλλ’
3470 2590 3501 2660 ἦ
3537 2585 3705 2659 οὗπερ

453 2685 556 2744 ,ἱιὶο
586 2684 746 2752 cujus
790 2684 917 2738 folia
961 2685 1326 2738 consuebant.
1361 2683 1476 2738 lloc
1505 2692 1686 2746 autem
1740 2683 2032 2738 idemerait

2135 2683 2402 2753 ἔρραπτον
2428 2683 2500 2736 τὰ
2525 2683 2715 2752 φύλλα.
2741 2684 2908 2738 Τοῦτο
2927 2685 2984 2738 δὲ
3011 2679 3078 2756 ἦν
3107 2687 3190 2753 ἐφ’
3208 2677 3252 2750 ᾧ
3275 2683 3370 2753 τήν
3395 2683 3610 2755 ἐντολὴν
3629 2685 3704 2736 εί·

453 2777 530 2842 .de
550 2793 668 2845 quo
701 2791 750 2828 in
761 2777 1024 2830 a-ndatuni
1052 2783 1432 2845 perceperant.
1461 2784 1700 2831 testante
1719 2775 1987 2844 propheta
2005 2792 2027 2826 ει

467 2865 612 2920 Nam
641 2866 1028 2920 absconderant
1059 2883 1142 2930 se,
1172 2867 1283 2932 ait,
1315 2867 1372 2919 in
1398 2868 1570 2920 medio
1605 2868 1736 2936 ligni
1758 2853 2032 2934 paradisi.

461 2957 546 3012 De
592 2957 685 3010 illo
724 2964 930 3017 autem,
976 2955 1158 3010 fructu
1195 2957 1550 3020 manducato,
1586 2955 1714 3011 folia
1745 2957 2038 3027 decerpse-

457 3057 621 3126 Iruut,
657 3057 880 3118 propter
897 3049 1284 3104 verecundiam
1305 3067 1462 3105 suam
1487 3051 1552 3106 de
1574 3051 1844 3105 nuditate.
1871 3049 2039 3120 Atqui

2123 2773 2420 2844 .λήφεισαν,
2461 2774 2536 2838 ὡς
2567 2777 2596 2828 ὁ
2636 2778 2916 2847 προφήτης
2943 2777 3138 2847 φησίν·
3174 2777 3548 2845 Ἐκρύΰησαν
3575 2775 3703 2846 γὰρ.

2137 2868 2328 2939 φησὶν,
2361 2869 2432 2921 ἐν
2458 2873 2626 2938 μέσῳ
2654 2870 2758 2923 τοῦ
2783 2869 2974 2934 ξύλου
3011 2869 3117 2922 τοῦ
3152 2869 3540 2939 παραδείσου.
3589 2872 3706 2923 ’Λπ’

2131 2961 2309 3016 ,αὑτοῦ
2332 2961 2390 3014 δὲ
2414 2963 2505 3014 καὶ
2529 2961 2884 3031 βεϐρωκότες,
2912 2962 2980 3016 τὰ
3012 2961 3186 3030 φύλλα
3213 2961 3484 3034 έρῤαπτον
3503 2963 3588 3016 διὰ
3611 2963 3710 3032 τὴν

2147 3053 2444 3123 γενομένην
2481 3055 2665 3116 αὐτοῖς
2693 3052 2956 3124 αἰσχύνην
2985 3056 3080 3107 ἐπὶ
3105 3057 3168 3126 τῇ
3200 3053 3494 3124 γυμνὼσει.
3527 3055 3713 3106 Ταῦτα

463 3141 590 3206 ,liaec
618 3151 777 3196 erant
808 3141 1052 3211 profecto
1089 3142 1218 3207 fici,
1267 3158 1398 3212 ergo
1445 3144 1582 3207 licus
1631 3151 1750 3197 erat
1785 3143 1951 3196 arbor
1974 3143 2037 3196 de

2139 3146 2202 3199 δὲ
2230 3142 2298 3217 ἦν
2339 3146 2513 3215 φύλλα
2557 3147 2729 3215 συκῆς
2775 3148 3200 3219 ἀναντιρῤήτως,
3244 3147 3352 3219 ἄρα
3396 3146 3457 3199 τὺ
3499 3145 3714 3216 δένῖρον

461 3256 583 3313 ιηιιιι
611 3238 929 3292 mandatum
955 3245 1308 3306 acceperant.
1338 3235 1552 3308 Negant
1575 3244 1757 3296 autem
1783 3236 1888 3290 hoc
1914 3249 2046 3289 non-

477 3333 635 3398 nulli,
659 3331 860 3394 stulte,
900 3330 952 3382 ui
1002 3327 1160 3390 fallor
1183 3368 1198 3390 ,
1237 3329 1615 3383 existimantes
1666 3329 1867 3381 mirum
1915 3327 2046 3395 quid

467 3424 654 3500 fuisse
682 3421 816 3476 illud
862 3421 1069 3491 lignum
1093 3459 1107 3483 ,
1145 3435 1259 3474 non
1291 3419 1595 3490 cogitantes
1637 3421 1784 3488 quod
1835 3419 2046 3489 peccati

469 3517 698 3594 ‘pondus
747 3530 927 3584 neque
964 3529 999 3570 a.
1037 3514 1305 3584 qualitate
1343 3513 1480 3584 ligni
1527 3513 1760 3582 pendet,
1811 3528 1990 3582 neque
2017 3527 2048 3565 ο

371 3667 373 3669 ,
468 3609 724 3672 ,ιιονὶιοιο
763 3607 895 3670 cibi,
939 3605 1034 3662 sed
1073 3621 1104 3659 a
1150 3605 1286 3676 legis
1323 3605 1666 3661 cond-itione.
1709 3604 1842 3671 Quae
1871 3603 2050 3674 quali-

472 3717 696 3776 ,ennque
745 3699 926 3756 modo
965 3698 1169 3754 violata
1230 3696 1435 3763 fuerit,
1479 3697 1672 3754 eadem
1715 3698 1824 3767 erit
1873 3711 2050 3767 usque

471 3793 662 3864 pulpa-
904 3853 912 3864 ,

553 3880 719 3936 Vens.
739 3879 824 3935 l7.
856 3909 927 3919 —
951 3878 1146 3933 Audivi
1169 3879 1464 3934 nonnullos
1489 3879 1738 3935 dicentes
1771 3878 1870 3934 :.Si
1905 3879 2051 3935 Deus

471 3975 734 4054 praevidit
767 3974 939 4028 Adam
985 3973 1162 4044 legem
1211 3974 1568 4038 violaturum,
1614 3991 1723 4044 qua
1765 3975 1832 4030 de
1879 3990 2050 4030 causa

484 4067 720 4140 praebuit
753 4067 884 4120 huic
919 4067 1368 4137 transgressionis
1401 4069 1778 4132 occasionem,
1828 4069 2052 4124 ferendo

475 4162 697 4234 .legem?
739 4158 1107 4229 Respondebo
1149 4175 1275 4215 eum
1322 4158 1446 4215 ideo
1485 4161 1602 4214 haec
1635 4160 1858 4224 fecisse,
1904 4162 2054 4230 quod

485 4255 698 4311 sciebat
731 4252 1120 4310 mortalitatem
1162 4251 1478 4308 hominibus
1519 4252 1882 4322 profuturam.
1913 4253 2055 4307 Nam

487 4347 838 4404 immortales
858 4345 954 4416 qui
986 4351 1139 4408 sunt,
1174 4345 1231 4400 in
1251 4352 1517 4400 aeternum
1549 4345 1834 4401 labuntur.
1869 4344 2055 4401 Nostri

487 4455 620 4512 ergo
657 4441 920 4498 intererat
948 4445 1007 4492 ut
1047 4437 1230 4493 soluto
1257 4450 1491 4507 corpore
1530 4442 1764 4502 mortis,
1807 4439 1972 4495 simul
2002 4449 2056 4494 et

491 4534 797 4587 solveretur
853 4545 1056 4601 corpus
1093 4531 1328 4601 peccati.
1371 4531 1517 4587 Deus
1554 4540 1734 4588 autem
1776 4547 1888 4586 non
1921 4547 2058 4588 con-

493 4625 676 4681 stituit
701 4641 804 4680 nos
849 4624 1103 4694 protinus
1144 4623 1200 4678 in
1245 4624 1452 4695 Optimo
1493 4624 1872 4694 (mortalitatis
1902 4625 2057 4680 scili-

493 4726 602 4786 cet)
642 4725 808 4780 statu,
839 4732 907 4770 ne
945 4727 1233 4786 propterea
1276 4723 1631 4772 accusaretur
1661 4717 1804 4786 quod
1835 4717 2062 4770 immor-

491 4810 760 4864 talitatem
801 4825 913 4864 non
953 4809 1024 4864 ab
1077 4807 1240 4863 initio
1285 4808 1520 4863 dederit.
1567 4808 1637 4861 At
1683 4808 1838 4878 prius
1869 4809 2061 4862 statuit

493 4905 643 4960 illam
691 4904 902 4974 legem,
960 4917 1125 4972 quam
1183 4908 1412 4957 noverat
1475 4901 1856 4972 negligendam
1918 4899 2058 4956 fore.

496 4997 614 5062 Qua
641 4999 854 5052 ratione
883 4999 1137 5068 probavit
1166 4997 1418 5052 homines
1439 5035 1454 5058 ,
1493 4995 1712 5051 etiamsi
1743 4994 2060 5050 obedienti-

491 5089 598 5144 bus
631 5085 1020 5142 immortalitas
1053 5086 1501 5156 .promitteretur,
1541 5083 1836 5140 rebellibus
1879 5092 2061 5140 autem

495 5179 1076 5238 intenderetur-mors,
1109 5177 1244 5232 adeo
1285 5177 1648 5232 nihilominus
1679 5177 1748 5232 de
1777 5177 2064 5232 conditore

494 5281 551 5326 et
585 5270 936 5324 bosnefactore
981 5283 1090 5324 suo
1132 5270 1482 5324 dubitaturos
1507 5309 1524 5334 ,
1574 5279 1636 5324 ut
1669 5279 1960 5341 sperarent
2003 5287 2064 5328 se

496 5378 607 5416 non
657 5362 837 5416 solum
874 5361 1336 5416 immortalitatem
1373 5361 1690 5428 habituros,
1717 5364 1764 5418 si
1791 5379 1902 5419 non
1933 5363 2062 5418 obe-

498 5454 751 5516 diissent,
783 5452 896 5506 sed-
919 5452 1224 5510 divinitatis
1251 5454 1415 5508 etiam
1447 5453 1766 5523 dignitatem
1797 5470 2061 5511 consecu-

500 5553 658 5603 turos
703 5543 1038 5610 esse..Quod
1081 5547 1128 5600 si
1159 5560 1290 5600 caro
1319 5547 1482 5601 etiam
1513 5561 1701 5601 eorum
1740 5549 2064 5602 immortali-

502 5648 666 5692 tatem
703 5638 900 5691 sortita
931 5638 1146 5702 fuisset,
1175 5647 1380 5708 quanto
1401 5639 1585 5710 magis
1615 5639 1979 5696 credidissent
2005 5657 2064 5697 se

505 5723 636 5784 dces
672 5743 768 5796 per
816 5728 1245 5785 inobedientiam
1288 5731 1502 5788 futuros
1532 5734 1545 5785 !
1597 5732 1746 5800 Quos
1779 5735 1924 5791 enim
1961 5751 2060 5792 nec

2147 3238 2284 3309 συκῆ
2309 3234 2397 3309 ἦν,
2426 3239 2510 3308 ἐφ’
2614 3240 3044 3311 παρειλήφεισαν
3072 3237 3170 3310 τὴν
3201 3239 3438 3309 ἐντολήν.
3483 3237 3620 3292 Ἀλλ’
3653 3239 3712 3289 οὐ

2133 3332 2458 3401 ¹προσίενται
2493 3331 2651 3384 τοῦτό
2679 3349 2852 3394 τινες,
2901 3331 2988 3384 διὰ
3016 3330 3214 3402 πολλήν
3247 3331 3494 3402 εὐήθειαν
3532 3348 3546 3360 θ
3595 3331 3717 3400 ἐμοὶ

2131 3425 2311 3487 ιδοκεῖ,
2353 3425 2587 3494 οἰόμενοι
2613 3425 2808 3495 χρῆναι
2837 3425 3027 3478 καινόν
3055 3443 3108 3478 τι
3146 3422 3286 3478 εἶναι
3314 3425 3374 3477 τὸ
3408 3424 3582 3490 ξύλον,
3622 3425 3717 3477 καὶ

2133 3517 2207 3568 ιού
2240 3516 2598 3586 λογιζόμενοι,
2625 3516 2707 3569 ὅτι
2743 3515 2816 3588 μὴ
2860 3519 2925 3588 τῇ
2955 3517 3198 3588 ποιότητι
3233 3515 3327 3570 τοῦ
3361 3515 3540 3582 ξύλου,
3583 3516 3718 3589 μηδὲ

2147 3611 2214 3680 τῇ
2241 3609 2517 3680 καινότητι
2549 3609 2646 3679 τῆς
2673 3609 2929 3680 βρώσεως
2958 3609 3027 3663 τὰ
3059 3611 3428 3681 ἁμαρτήματα
3453 3610 3716 3682 κρίνεται,

2143 3699 2286 3754 ἀλλὰ
2309 3703 2376 3770 τῇ
2419 3701 2562 3754 δόσει
2607 3699 2708 3769 τῆς
2751 3701 2988 3772 ἐντολῆς.
3027 3703 3130 3754 Ἢν
3172 3701 3232 3754 τὸ
3273 3703 3358 3770 ἐφ’
3397 3702 3718 3775 ὁτουδήποτε

2141 3793 2464 3864 παραϐῆναι
2496 3791 2618 3862 ἴσην
2651 3792 2768 3862 ἔχει
2797 3793 2896 3864 τὴν
2929 3792 3155 3864 μέμψιν.

2223 3888 2369 3958 Στίχ.
2399 3885 2484 3952 ιζ’.
2515 3917 2584 3928 ——
2625 3885 2836 3957 Ἐπειδὴ
2863 3885 3022 3939 τινῶν
3048 3888 3259 3958 ἀκήκοα
3279 3887 3714 3958 πυνθανομένων·

2153 3983 2218 4034 Εἰ
2259 3980 2480 4053 προῄδει
2525 3980 2554 4031 ὁ
2591 3980 2751 4044 -Θεὺς,
2788 3980 2869 4034 ὅτι
2911 3980 3249 4051 παρακούσει
3278 3983 3306 4034 ὁ
3346 3980 3535 4050 Ἀδὰμ,
3574 3981 3720 4044 τίνος

2154 4073 2338 4127 ἕνεκεν
2388 4076 2455 4146 τῇ
2501 4073 2643 4127 δόσει
2686 4073 2787 4143 τῆς
2817 4073 3035 4143 ἐντολῆς
3073 4073 3312 4144 παρέσχε
3356 4076 3420 4144 τῇ
3467 4077 3720 4145 παρακοῇ

2155 4167 2466 4238 πρόφασιν;
2511 4165 2761 4220 τοσοῦτον
2805 4165 2948 4236 ἐρῶ,
2995 4166 3078 4219 ὅτι
3130 4166 3273 4236 μάλα
3321 4167 3349 4219 ὁ
3395 4166 3527 4228 Θεὸς
3563 4165 3718 4228 εἰδὼς

2161 4259 2544 4330 συμφέρουσαν
2587 4255 2892 4328 ἀνθρώποις
2939 4257 3036 4328 τὴν
3081 4256 3378 4328 θνητότητα
3401 4272 3415 4286 °
3472 4257 3724 4328 μένοντες

2156 4351 2266 4424 γὰρ
2293 4351 2568 4414 ἀθάνατοι,
2589 4349 2907 4402 πταίσουσιν
2929 4349 3170 4404 ἀθάνατα
3191 4367 3204 4380 ·
3238 4349 3331 4402 καὶ
3353 4350 3434 4403 ὅτι
3461 4348 3727 4402 λυσιτελεῖ

2087 4468 2135 4527 D
2156 4447 2268 4508 τοῖς
2295 4443 2575 4508 τοιούτοις,
2608 4441 2823 4512 θανάτῳ
2853 4440 3115 4512 λυομένου
3143 4439 3238 4494 τοῦ
3289 4440 3557 4512 σώματος,
3591 4458 3724 4508 συγ-

2155 4535 2526 4607 καταλυθῆναι
2555 4534 2648 4588 καὶ
2675 4534 2738 4587 τὸ
2777 4535 2874 4604 τῆς
2896 4533 3199 4606 ἁμαρτίας*
3223 4535 3326 4588 οὐκ
3359 4534 3519 4598 εὐθὺς
3559 4534 3726 4587 ἔδωκε

2158 4630 2220 4683 τὸ
2255 4628 2553 4698 συμφέρον,
2593 4628 2680 4680 ἴνα
2712 4627 2786 4698 μὴ
2811 4627 3214 4698 βλασφημῆται,
3255 4626 3331 4690 ὡς
3365 4625 3439 4698 μὴ
3481 4626 3729 4685 δεδωκὼς

2161 4721 2220 4786 ἐξ
2244 4721 2419 4792 ἀρχῆς
2445 4719 2540 4791 τήν
2566 4721 2908 4775 ἁθανασίαν.-
2938 4720 3100 4774 Ἀλλὰ
3127 4721 3391 4792 πρότερον
3415 4719 3595 4774 δίδωσι
3627 4720 3738 4790 τὴν,

2161 4812 2397 4883 ἐντολὴν,
2412 4814 2477 4884 ἢν
2492 4814 2591 4866 οὐκ
2614 4811 2969 4884 ἀνεξομένους
2991 4812 3106 4884 ᾔδει
3127 4829 3140 4843 ·
3169 4813 3255 4866 ἵνα
3270 4811 3437 4885 δείξῃ,
3456 4813 3535 4866 ὅτι
3555 4813 3603 4864 εἰ
3634 4814 3728 4865 καὶ

2155 4906 2580 4977 προτεινομένης
2629 4907 2809 4971 αὐτοῖς
2851 4905 3147 4970 ἀθανασίας
3186 4905 3294 4960 ἀπὸ
3329 4905 3430 4975 τῆς
3461 4904 3729 4974 ὑπακοῆς,

2163 4997 2258 5050 καὶ
2286 4998 2510 5052 θανάτου
2541 4997 2928 5068 ἀπειλουμένου
2967 4995 3053 5050 διὰ
3083 4997 3183 5067 τήν
3217 4995 3523 5067 παρακοήν,
3547 4993 3732 5048 τοσοῦ-

2155 5105 2254 5143 ’τον
2273 5090 2581 5160 ἠπίστησαν
2619 5088 2697 5160 τῷ
2722 5093 2918 5161 ποιητῇ
2950 5089 3043 5142 καὶ
3076 5088 3360 5160 εὐεργέτῃ,
3386 5086 3463 5150 ὼς
3493 5085 3730 5147 ἐλπίσαι,
3767 5128 3772 5144 .

2165 5184 2212 5235 εἰ
2246 5181 2640 5253 παρακούσειεν
2668 5183 2727 5234 οὐ
2763 5182 2918 5252 μόνον
2945 5180 3043 5251 τὴν
3065 5178 3366 5233 ἀθανασίαν
3400 5177 3564 5243 ἕξειν,
3599 5175 3734 5230 ἀλλά

2165 5276 2258 5327 καὶ
2285 5267 2486 5343 τὸτῆς
2531 5273 2781 5344 θεότητος
2821 5272 3035 5342 ἀξίωμα
3072 5269 3498 5342 προσλήψεσθαι.
3548 5269 3611 5322 Εἰ
3641 5268 3735 5320 καὶ

2165 5367 2198 5435 ὴ
2225 5365 2361 5435 σὰρξ
2386 5366 2566 5428 αὐτοῖς
2594 5364 2805 5435 εἰλήφει
2827 5363 2924 5434 τὴν
2953 5361 3273 5427 ἀθανασίαν,
3308 5361 3423 5424 πῶς
3449 5362 3508 5414 οὐ
3535 5360 3733 5431 μᾶλλον

2161 5456 2560 5529 ἀνεπείσθησαν
2596 5451 2735 5510 εἶναι
2762 5456 2876 5508 θεοὶ
2907 5451 2996 5508 διὰ
3025 5457 3120 5527 τῆς
3146 5455 3456 5526 παρακοῆςί
3506 5449 3601 5517 Οἷς
3628 5452 3736 5523 γὰρ

2164 5550 2264 5602 ούκ
2295 5549 2542 5619 ἤρκεσεν.
2572 5546 2768 5614 ἀπειλὴ
2813 5547 3041 5600 θανάτου
3074 5547 3153 5608 εἰς
3197 5546 3293 5617 τὴν
3341 5545 3587 5614 φυλακὴν
3637 5544 3737 5611 τῆς

2167 5641 2405 5710 ἐντολῆς,
2442 5641 2502 5692 τὸ
2545 5642 2645 5710 τῆς
2672 5639 2969 5701 ἀθανασίας
3000 5637 3211 5708 βέϐαιον
3241 5638 3453 5700 πάντως
3490 5635 3554 5689 ἂν
3583 5635 3735 5697 ἀδεὲς

2167 5738 2247 5800 εἰς
2288 5735 2345 5788 τὸ
2385 5734 2597 5788 πταίειν
2643 5729 2728 5804 ῆν,
2765 5735 2853 5786 καὶ
2875 5733 3136 5803 διηνεκὲς,
3174 5731 3249 5801 τῷ
3295 5726 3734 5801 τῆςυὰθανασίας
