4106 6238
349 295 449 354 6-H

1533 319 1955 380 FRAGMENTA
1997 327 2058 380 IN
2084 327 2398 384 CENESIN.

3493 337 3606 394 ΜΞ

261 418 268 426 ’
345 418 577 488 ἀσφαλεῖ
627 421 1007 492 τεθαρρηκότι.
1070 428 1292 497 Πρῶτον
1337 428 1434 485 οὖν
1473 434 1711 487 δείκνυσι
1755 439 1821 507 τῇ
1871 455 1918 492 τε

2036 443 2355 512 impendens
2397 460 2543 498 mors
2589 445 2654 497 ad
2697 445 3100 503 observandum
3140 449 3453 506 mandatum
3482 468 3600 508 m0~

343 509 486 562 δόσει
512 511 612 580 τῆς
657 514 898 584 ἐντολῆς,
942 518 1036 570 καὶ
1062 519 1151 572 διὰ
1193 521 1293 590 τῆς
1325 525 1610 595 παρακοῆς
1653 527 1761 580 τῶν
1792 529 1920 598 περὶ

321 589 434 709 ὶτδν
477 603 672 709 Ἀδὰμ.
700 605 782 709 ὄτξ
817 610 1083 707 σξμφέρει
1112 614 1144 682 ή
1177 589 1438 684 θνητότης
1462 632 1475 645 '
1519 589 1612 669 καὶ
1639 619 1758 672 τότε
1784 589 1918 672 ταύ-

320 693 445 790 ίτην
473 693 704 790 δίδωσιν,
755 695 892 790 ὁμοῦ
923 701 1018 752 καὶ
1055 702 1256 755 πείθων
1285 705 1624 777 ἀνθρώπους,
1647 741 1654 750 -
1677 712 1772 764 καὶ
1810 711 1917 764 τῶν

314 786 734 876 βσυμφερόντων
765 789 864 842 οὐκ
893 791 1278 864 ἀφιστάμενος.
1316 798 1436 852 ’Ότι
1468 801 1575 872 γὰρ
1615 801 1694 872 τῷ
1737 803 1914 876 θνητῷ

347 875 448 946 βίῳ
475 877 563 930 τὸν
593 879 876 951 ἄνθρωπον
918 885 1264 956 ηὐτρέπιζεν,
1309 891 1438 944 αὐτὸ
1485 893 1547 947 τὸ
1593 896 1774 966 σχῆμα
1819 875 1914 951 τοῦ

345 966 573 1038 ἄρρενος
596 971 690 1023 καὶ
715 972 807 1025 τοῦ
841 974 1027 1044 θήλεος
1061 977 1348 1046 δείκνυσιν,
1382 982 1438 1035 ὲν
1464 987 1530 1054 τῇ
1559 984 1784 1056 δυνάμει
1815 987 1913 1059 τὴν

343 1060 684 1118 παιδοποιίαν
711 1065 872 1130 εὐθὺς
901 1069 991 1121 καὶ
1020 1071 1083 1123 ἐκ
1110 1072 1330 1144 πρώτης
1357 1075 1719 1148 δεικνύμενον.
1751 1081 1912 1136 Ὥστε

344 1153 378 1246 ᾗ
412 1153 508 1224 μὲν
549 1156 747 1220 πλάσις
812 1161 1115 1233 ήτοιμάσθη
1148 1163 1225 1234 τῷ
1256 1166 1432 1238 θνητῷ
1453 1243 1456 1246 ρ
1478 1168 1578 1240 βίῳ
1601 1187 1614 1202 ·
1652 1173 1695 1246 νή
1729 1173 1792 1242 δὲ,
1813 1175 1913 1246 τῆς

345 1245 566 1317 ἐντολῆς
598 1249 764 1312 δόσις,
800 1255 896 1307 καὶ
920 1254 982 1307 τὸ
1013 1257 1355 1324 αὐτεξούσιον
1385 1245 1787 1333 προεγύμνασε,
1823 1245 1918 1320 καὶ

345 1336 512 1392 ἔδωκε
540 1344 608 1412 τῇ
644 1344 833 1416 γνώμῃ
876 1347 982 1400 τῶν
1014 1349 1350 1420 αὐθαιρέτων
1379 1353 1605 1422 ἀγώνων
1647 1355 1743 1426 τὴν
1779 1358 1914 1429 πρό-

346 1447 532 1498 φασιν,
567 1437 660 1489 καὶ
686 1438 745 1490 τὸ
765 1444 862 1510 τῆς
896 1441 1218 1515 θνητότητος
1249 1445 1524 1519 συμφέρον
1555 1447 1774 1514 ἔδειξεν.

2025 551 2150 590 vere
2183 537 2394 601 valuit,
2441 538 2604 591 iidem
2642 539 3072 596 immortalitatis
3117 560 3344 600 munere
3381 547 3597 600 contir—

2025 629 2193 690 mati,
2241 629 2490 685 securius
2536 631 2638 684 sibi
2679 643 2940 686 aeternam
2985 634 3198 688 ruinam
3234 637 3593 705 peperissent.

2022 717 2264 773 Primum
2307 721 2478 792 igitur
2510 725 2754 779 ostendit
2805 726 2950 782 Deus
3004 729 3138 800 legis
3170 729 3597 790 constitutione.

2022 822 2076 866 et
2102 827 2200 882 per
2227 813 2370 867 hanc
2411 816 2604 870 Adami
2651 819 3109 885 inobedientiam,
3145 824 3306 877 nobis
3333 823 3612 894 prodesse‘

2022 904 2442 974 mortalitatem;
2500 923 2562 964 ac
2607 910 2808 967 deinde
2873 915 3133 968 rmrtales
3181 931 3285 970 nos
3337 915 3594 974 instituit.

2024 995 2187 1049 simul
2225 998 2746 1066 reprehensionibus
2772 1005 2979 1060 nostris
3012 1013 3416 1071 occurrens,'et
3444 1011 3613 1060 com-‘

2018 1088 2196 1144 modis
2224 1092 2430 1147 nostris
2467 1093 2796 1158 inserviens.
2825 1097 2983 1162 Quod
3012 1099 3157 1153 enim
3195 1100 3460 1154 mortales
3493 1113 3595 1153 nos

2016 1178 2228 1236 efficere
2265 1183 2601 1250 decreverit,
2649 1189 2843 1257 probat
2888 1189 3006 1260 ipsa
3056 1193 3224 1248 maris
3268 1200 3326 1245 et
3379 1191 3594 1248 femina:

2019 1270 2340 1340 distinctio,
2387 1293 2494 1346 qua
2560 1279 2791 1338 facultas
2857 1281 3060 1339 liberos
3117 1285 3340 1340 creandi
3388 1283 3474 1339 vel
3523 1283 3600 1338 ab
3652 1317 3654 1320 -

2019 1364 2178 1420 initio
2227 1367 2375 1422 data.
2414 1368 2494 1424 Ad
2530 1375 2816 1426 mortalem
2865 1375 3034 1444 igitur
3088 1377 3256 1430 vitam
3300 1377 3592 1432 constituti

2022 1455 2238 1511 fuerant
2263 1459 2550 1528 homines;
2580 1463 2820 1517 mandati
2853 1474 3036 1520 autem
3061 1466 3142 1520 lex
3169 1475 3221 1520 et
3251 1468 3460 1522 liberos
3492 1480 3592 1520 nos

356 1530 653 1597 constituit,
683 1543 736 1591 et
788 1541 1108 1596 exercenda:
1173 1544 1472 1602 voluntatis
1530 1547 1879 1604 occasionem
1937 1553 2213 1620 praebuit,
2249 1565 2304 1613 et
2355 1557 2656 1613 declaravit
2730 1569 2998 1630 quantum
3066 1563 3226 1618 nobis
3296 1562 3589 1632 prodesset

344 1625 678 1681 mortalitas.

411 1720 561 1790 Στίχ.
596 1721 701 1791 κβν.
735 1755 804 1764 -
844 1725 1116 1798 Ἐζητεῖτε
1143 1732 1200 1785 τί
1229 1734 1346 1787 ἐστι
1363 1735 1619 1804 χιτῶνας
1637 1735 1912 1806 δερματί-

2094 1737 2258 1794 Vens.
2295 1739 2386 1794 ea.
2419 1769 2488 1784 ..ο
2527 1742 2782 1814 Rogastis
2825 1745 2954 1814 quid
2997 1746 3103 1800 sibi
3154 1745 3323 1800 velint
3359 1746 3464 1802 illm
3507 1723 3612 1802 ιιι-’

342 1829 510 1879 νοτυς.
562 1815 702 1869 Ἀλλ’
732 1819 779 1871 εί
809 1820 906 1889 μὲν
933 1821 1086 1886 ζώων
1119 1827 1456 1896 σφαγέντων,
1487 1831 1552 1895 ἐξ
1591 1832 1770 1885 αὐτῶν
1793 1831 1916 1901 ἐγέο

2024 1829 2161 1886 nica:
2189 1833 2447 1901 pellicem.
2495 1835 2648 1900 Quod
2694 1836 2852 1891 sivex
2901 1837 3198 1891 immolatis
3257 1838 3589 1895 animalibus

342 1921 493 1958 νοντο
522 1908 590 1961 τὰ
611 1909 898 1988 ἐνδύματα,
925 1916 1144 1989 εὔδηλον
1169 1922 1250 1975 ὅτι
1285 1923 1506 1977 ἐπέλιπε
1534 1926 1596 1978 τὸ
1623 1928 1778 1995 γένος
1805 1927 1914 1981 τῶν

346 2000 683 2067 σφαγέντων.
724 2008 880 2076 Ἀρτι
927 2011 1024 2098 μὲν
1065 2012 1158 2066 τοῦ
1199 2014 1334 2068 Θεοῦ
1357 2017 1526 2089 ἄρρεν
1553 2036 1610 2072 τε
1643 2021 1734 2073 καὶ
1782 2021 1912 2092 θῆλυ

344 2097 722 2184 πεποιηκότος,
763 2100 913 2154 οὔπω
939 2097 996 2158 δέ
1028 2107 1240 2171 οὐδενὸς
1261 2113 1634 2181 τεταγμένου,
1675 2113 1808 2181 πρὸς
1836 2114 1915 2184 τῷ

344 2181 564 2242 κάκεῖνο
600 2192 672 2263 μὴ
705 2181 1011 2265 ἐνδέχεσθαι
1039 2200 1294 2269 νομίζειν,
1336 2204 1416 2256 δτι
1446 2205 1558 2272 ζῶα
1589 2207 1914 2274 σφάττεσθαι
1943 2242 1952 2249 -

343 2282 634 2336 ἐκέλευσεν
675 2287 702 2338 ὁ
745 2285 894 2351 Θεὸς,
943 2290 1030 2342 ὅτε
1082 2294 1246 2362 μήπω
1292 2298 1598 2366 κρεοφαγία
1635 2295 1702 2371 ἦν
1732 2302 1916 2354 ἐπιτες

343 2375 635 2446 τραμμὲνη
666 2380 778 2441 τοῖς
807 2379 1116 2452 ἀνθρώποις
1143 2399 1158 2413 '
1202 2385 1327 2451 τοὺς
1361 2389 1435 2460 μὴ
1468 2389 1626 2454 ὄντας
1659 2392 1716 2444 δὲ
1753 2394 1917 2464 χιτῶ-

345 2485 443 2529 νας
486 2468 566 2521 ἔτι
602 2470 758 2523 πλέον
797 2473 1042 2544 ἀπρεπὲς
1088 2479 1346 2547 νομίζειν,
1397 2483 1477 2535 ὅτι
1523 2485 1841 2554 παρήγαγεν
1885 2487 1912 2538 ὁ

344 2559 499 2623 θεὸς,
542 2563 602 2625 ὃς
627 2567 691 2634 τῇ
734 2566 824 2619 τοῦ
853 2568 1144 2639 ἀνθρώπου
1172 2573 1388 2643 ποιήσει
1418 2575 1511 2628 τοῦ
1553 2579 1724 2628 ποιεῖν
1755 2596 1806 2630 τι
1839 2579 1912 2650 μὴ

343 2651 404 2704 δν
431 2654 812 2718 ἀπεπαύσατο,
836 2658 911 2722 ὡς
934 2662 991 2713 ἐν
1012 2662 1186 2733 τούτῳ
1205 2664 1300 2716 τοῦ
1328 2663 1532 2734 κόσμου
1558 2667 1757 2731 παντὸς
1786 2661 1916 2738 συμ-

345 2746 589 2816 περάνας
617 2747 713 2818 τὴν
748 2752 984 2818 ποίησιν.
1015 2753 1252 2823 Εὔδηλον
1277 2751 1388 2817 οὖν,
1419 2757 1495 2819 ὡς
1525 2757 1632 2811 οὐδ’
1661 2759 1725 2814 ἂν
1757 2761 1915 2830 χιτῶ-

346 2853 444 2900 νας
469 2837 824 2909 δερματίνους
863 2844 924 2896 ἐκ
950 2844 1042 2898 τοῦ
1079 2847 1152 2918 μὴ
1179 2847 1330 2911 ὄντος
1366 2852 1705 2920 παρήγαγεν.
1757 2854 1932 2907 Ἀλλὰ¹

345 2929 456 3000 γὰρ
499 2932 789 3003 ἠγνόησαν,
813 2935 886 2999 ὡς
926 2937 1117 3000 ἔοικεν,
1145 2941 1197 2992 οἱ
1223 2943 1348 3012 περὶ
1377 2941 1578 2997 τούτων
1607 2946 1910 3014 ζητοῦντες,

345 3023 428 3076 ὅτι
474 3022 716 3095 δέρματα
752 3028 813 3080 ού
850 3028 1009 3098 μόνον
1037 3033 1105 3085 τὰ
1134 3034 1197 3086 ἐκ
1222 3035 1331 3088 τῶν
1361 3035 1513 3100 ζώων
1541 3027 1914 3110 ἀφαιρούμενα

345 3115 584 3185 λέγεται,
617 3119 751 3173 ἀλλὰ
783 3123 876 3175 καὶ
907 3123 975 3176 τὰ
1004 3125 1065 3177 ἐκ
1093 3126 1200 3178 τῶν
1232 3126 1482 3198 δένδρων.
1515 3130 1550 3184 ἃ
1579 3133 1672 3185 καὶ
1700 3127 1915 3201 φλοιοὺς
1943 3176 1983 3232 C

351 3210 630 3232 2..---I,P--,,
674 3211 750 3232 In,
778 3231 789 3232 κ
895 3217 918 3232 ο
1066 3215 1114 3232 «ι
1157 3219 1184 3232 ο
1290 3220 1345 3232 ιη
1431 3221 1481 3232 Α,
1522 3221 1545 3232 Α
1773 3224 1784 3232 .

345 3210 632 3280 ὀνομάζειν
672 3211 792 3276 ἔθος
835 3217 946 3278 τοῖς
995 3215 1229 3280 πολλοῖς.
1290 3220 1384 3272 Ἐκ
1427 3221 1656 3291 δένδρων
1702 3224 1912 3289 τοίνυν,

345 3304 684 3374 ἐπιτηδείους
749 3324 865 3370 πως
932 3308 1147 3376 φλοιοὺς
1190 3311 1420 3380 ἐχόντων
1477 3313 1557 3375 εἰς
1605 3309 1916 3384 ἐνδυμάτων

345 3398 693 3468 κατασκευὴν
721 3400 770 3452 οἱ
815 3401 943 3471 περὶ
981 3402 1072 3454 τδν
1118 3403 1287 3474 Ἀδὰμ
1323 3401 1476 3477 ἧκον,
1511 3405 1604 3459 τοῦ
1633 3406 1768 3459 Θεοῦ
1796 3411 1918 3460 κατ’

346 3490 562 3543 ἔννοιαν
604 3492 784 3554 αὐτοῖς
814 3493 1168 3564 ὑποθεμένου,
1207 3495 1323 3558 πῶς
1354 3497 1456 3567 χρὴ
1488 3498 1648 3550 τοῦτο
1674 3499 1913 3566 ποιῆσαι.

423 3581 574 3651 Στίχ.
603 3582 698 3636 κδ’.
731 3613 794 3623 ——
823 3586 935 3638 Οὐκ
967 3586 1229 3657 ἀοράτως
1277 3587 1428 3651 τινὰς
1473 3589 1729 3660 δυνάμεις
1769 3591 1916 3658 λέγει

345 3673 418 3726 τὰ
451 3673 760 3745 Χερουϐὶμ,
784 3673 857 3738 ὥς
876 3691 1018 3739 τινες
1053 3677 1267 3731 οἴονται·
1310 3682 1430 3734 ἐπεὶ
1478 3683 1611 3751 μηδὲ
1651 3684 1916 3738 συνετέλει

346 3783 404 3817 τι
450 3765 682 3834 ἀόρατος
727 3767 884 3835 φύσις
930 3772 1064 3832 ἐκεῖ,
1098 3772 1358 3844 αἰσθητῆς
1386 3774 1559 3843 ὄψεως
1603 3776 1920 3846 ὀφειλούσης

348 3851 488 3908 εἶναι
528 3856 629 3924 τῆς
673 3857 764 3910 τὸν
802 3859 974 3930 Ἀδὰμ
1013 3863 1390 3935 παιδευούσης.
1439 3867 1574 3920 Οὔτε
1605 3863 1698 3920 οὖν
1725 3870 1757 3936 ἡ
1789 3869 1918 3933 φλου

349 3947 474 4014 γίνη
518 3948 762 4017 ῥομφαία
806 3951 965 4017 φύσις
992 3948 1060 4022 ἦν
1093 3955 1261 4024 πυρὸς
1282 3996 1296 4016 ,
1347 3957 1460 4010 ἀλλ’
1492 3958 1612 4030 ὄψις
1655 3959 1872 4030 τοιαύτη
1899 3977 1914 3991 ⁵

348 4039 471 4091 οὐδὲ
504 4040 571 4092 τὰ
609 4043 885 4112 Χερουϐὶμ
915 4042 1047 4108 ζῶα,
1086 4047 1197 4100 ἀλλ’
1223 4048 1344 4117 ὄψις
1368 4051 1592 4120 τοιαύτη
1616 4068 1630 4082 ·
1677 4052 1798 4104 ἐπεὶ
1826 4053 1918 4105 καὶ

363 4128 620 4202 Ἶεζεκιὴλ
665 4137 1212 4207 τετραπρόσωπαμτὰ
1249 4143 1525 4213 Χερουϐὶμ
1555 4145 1677 4214 δρᾷ.
1712 4145 1917 4214 Τετρα-

348 4223 622 4292 πρόσωπα
650 4225 705 4280 δὲ
731 4227 958 4299 ἀόρατος
984 4230 1144 4298 φύσις
1179 4233 1276 4286 οὐκ
1308 4234 1452 4288 ἔστιν
1472 4253 1484 4265 ·
1540 4235 1674 4289 ἀλλὰ
1713 4238 1917 4306 Χερου-

349 4313 454 4382 ϐὶμ.
507 4316 662 4370 καλεῖ
700 4321 806 4372 πᾶν
851 4321 910 4373 τὸ
948 4322 1168 4377 δυνατόν
1199 4343 1213 4357 ·
1259 4325 1400 4378 οὕτω
1444 4326 1612 4393 λέγει,
1668 4329 1732 4381 '0
1777 4331 1918 4381 καθ-

346 4407 576 4475 ήμενος
602 4410 832 4464 ἐπὶτῶν
852 4415 1154 4483 Χερουϐὶμ,
1186 4417 1305 4470 ἀντὶ
1329 4417 1443 4481 τοῦ,
1470 4421 1498 4472 δ
1524 4419 1743 4483 δυνατὸς
1767 4420 1918 4489 βασι-

2016 1933 2202 1978 vesles
2253 1925 2645 1990 conﬁciendae,
2705 1929 3056 1984 manifestum
3113 1945 3286 1998 genus
3351 1929 3585 1986 istorum

2017 2016 2337 2071 animalium
2365 2019 2429 2072 ad
2455 2019 2662 2074 exitum
2690 2036 2812 2076 esse
2835 2021 3180 2090 perductum.
3227 2021 3371 2077 Deus
3405 2032 3612 2096 autem.

2016 2123 2189 2176 nuper
2230 2124 2290 2176 ea
2330 2111 2653 2165 condiderat
2699 2114 3008 2167 masculum
3047 2113 3440 2180 etfeminam,
3485 2129 3588 2169 nec

2017 2215 2252 2269 unquam
2278 2203 2407 2269 quid
2433 2210 2723 2264 statuerat,
2752 2205 2899 2260 unde
2923 2204 3250 2276 concludere
3275 2207 3586 2276 possimus.
3609 2243 3620 2260 ι
3647 2235 3649 2238 ·

2015 2293 2158 2362 quod
2195 2293 2448 2348 animalia
2481 2296 2998 2366 mactarijusserit,,
3032 2297 3160 2351 dum
3193 2298 3432 2352 nondum
3459 2313 3586 2352 car-

2015 2399 2136 2438 nem
2161 2384 2320 2439 edere
2346 2386 2658 2442 hominibus
2687 2389 2897 2442 liceret.
2925 2389 3234 2444 Ahsurdius
3259 2393 3420 2444 etiam
3443 2390 3586 2444 foret

2013 2478 2350 2530 contendere
2398 2477 2567 2531 Deum
2603 2479 2817 2534 tunicas
2856 2497 2923 2536 ex
2976 2481 3150 2534 nihilo
3196 2481 3434 2545 fecisse,
3489 2483 3583 2550 qui

2016 2567 2256 2640 hominis
2287 2568 2604 2624 conditione
2638 2569 2905 2625 creationi
2937 2589 2999 2625 ex
3047 2573 3219 2626 nihilo
3267 2573 3424 2626 linem
3478 2575 3584 2628 im-

2013 2663 2231 2730 posuit,
2282 2668 2541 2732 tanquam
2573 2663 2627 2717 in
2675 2665 2768 2715 illo
2801 2680 2981 2718 rerum
3020 2666 3263 2720 omnium
3294 2665 3584 2734 perfectio-

2014 2767 2137 2806 nem
2192 2768 2584 2809 consummans
2621 2774 2634 2807 :
2679 2757 2825 2810 unde
2865 2757 3026 2811 etiam
3073 2767 3335 2827 apparet,
3369 2757 3582 2812 tunicas
3615 2743 3620 2766 ³

2014 2845 2273 2914 pelliceas
2322 2861 2428 2900 non
2469 2863 2532 2900 ex
2583 2848 2750 2902 nihilo
2806 2847 2999 2904 factas.
3057 2848 3172 2902 Non
3229 2849 3584 2905 attenderunt

2015 2943 2224 3001 autem,
2256 2947 2312 2989 ut
2359 2937 2492 2991 mihi
2522 2939 2740 2993 videtur
2764 2979 2777 3001 ,
2813 2940 2905 3008 qui
2952 2939 3054 2994 hac
3084 2939 3151 2994 de
3187 2958 3243 2995 re
3278 2942 3581 3010 inquirunt,

2015 3028 2184 3096 pelles
2209 3029 2392 3082 vocari
2436 3045 2542 3084 non
2591 3031 2767 3084 solum
2806 3047 2927 3101 quae
2970 3047 3034 3086 ex
3079 3033 3434 3098 animalibus,
3485 3035 3580 3090 sed

2016 3121 2178 3175 etiam
2215 3137 2337 3190 qum
2386 3139 2448 3177 ev
2493 3123 2816 3188 arboribus,
2872 3142 2992 3195 qua:
3034 3125 3273 3181 cortices
3309 3128 3582 3182 nominari

2017 3213 2337 3282 plermnque
2365 3216 2560 3270 solent.
2597 3217 2678 3272 Ab
2727 3217 3018 3273 arboribus
3066 3219 3234 3288 igitur
3274 3228 3588 3290 opportune
3619 3260 3633 3298 ,ς

2017 3305 2221 3360 cortice
2256 3307 2542 3362 instructis
2566 3308 2870 3378 desumpsit
2893 3311 3064 3364 Adam
3098 3311 3422 3366 vestimenta
3456 3327 3582 3376 sua,

2017 3397 2245 3452 docente
2279 3396 2388 3454 Deo
2413 3415 2518 3469 qua
2557 3401 2766 3454 ratione
2803 3402 2905 3456 hoc
2937 3401 3247 3458 faciendum
3290 3404 3382 3458 sit.

2087 3581 2254 3636 Vsus.
2287 3582 2380 3636 24.
2429 3613 2498 3624 ——-
2539 3581 2657 3635 Non
2717 3582 3020 3637 invisibiles
3058 3584 3303 3652 qmedam
3352 3583 3583 3640 virtutes
3619 3585 3622 3588 ’

2016 3681 2281 3725 vocantur
2321 3672 2409 3726 hic
2457 3672 2741 3726 cherubim
2768 3713 2782 3731 ,
2832 3673 2908 3725 uti
2965 3673 3218 3741 pluribus
3255 3672 3434 3727 visum
3473 3683 3576 3729 est.
3615 3691 3622 3698 ·

2017 3763 2158 3828 Quid
2209 3763 2354 3818 enim
2411 3763 2762 3834 praestitisset
2812 3765 2924 3817 illic
2989 3765 3284 3818 invisibilis
3357 3773 3578 3828 natura,

2017 3869 2140 3908 cum
2186 3855 2430 3910 sensibili
2486 3857 2800 3924 spectaculo
2843 3857 3014 3909 Adam
3063 3857 3400 3912 erudiendas
3431 3855 3622 3910 erat?"

2016 3945 2128 4001 Nec
2171 3946 2415 4002 ﬂammea
2451 3948 2620 4017 igitur
2649 3949 2962 4018 rhomphaea
3005 3948 3147 4014 ignis
3189 3953 3311 4003 erat
3363 3960 3577 4014 natura,

2019 4038 2114 4092 sed
2155 4037 2226 4090 ita
2259 4039 2594 4107 apparebat;
2632 4053 2733 4092 nec
2783 4047 2941 4094 erant
2989 4040 3271 4094 cherubim
3303 4036 3575 4101 animalia.
3615 4047 3624 4068 ‘

2018 4130 2113 4184 sed
2162 4133 2232 4184 ita
2285 4131 2632 4186 videbantur.
2693 4129 2830 4185 Nam
2881 4132 3138 4186 Ezechiel
3175 4145 3395 4200 quoque.
3443 4132 3584 4184 vidit

2018 4223 2302 4277 cherubim
2334 4222 2680 4292 quadruplici
2735 4223 2874 4277 facie
2917 4223 3254 4287 instructos,
3298 4223 3422 4276 licet
3456 4224 3622 4277 talis~

2018 4331 2125 4370 non
2154 4315 2226 4369 sit
2258 4323 2448 4368 natura
2479 4315 2794 4369 invisibilis.
2827 4314 2896 4368 At
2919 4315 3200 4369 cherubim
3225 4323 3383 4367 vocat
3409 4315 3582 4383 quod-

2018 4423 2238 4472 cunque
2284 4414 2553 4476 potestate
2619 4414 2876 4476 praestat;
2915 4405 2992 4458 sic
3033 4405 3245 4465 dicens,
3283 4405 3390 4470 Qui
3438 4405 3586 4460 sedet
3619 4433 3622 4436 -

348 4502 480 4564 λεὺς
507 4503 583 4555 ὧν
605 4519 618 4532 ·
637 4503 746 4568 καὶ,
778 4503 992 4584 ξΕπέϐη
1011 4508 1106 4561 ἐπὶ
1139 4510 1442 4579 Χερουϐὶμ,
1473 4513 1568 4564 καὶ
1599 4511 1916 4578 ἐπετάσθη,
1951 4509 1995 4562 D
2023 4515 2178 4566 επινρν
2209 4497 2472 4551 (hamum
2515 4498 2534 4568 (
2561 4497 2706 4551 Ρδαί·
2733 4512 2900 4551 “‘1”
2927 4537 2941 4558 ι
2968 4497 3033 4568 1)
3061 4538 3075 4559 ν
3109 4496 3267 4565 (Πηλεῖ
3293 4497 3460 4554 dm“-
3485 4499 3582 4566 Ψίί

351 4592 475 4645 ἀντὶ
505 4591 635 4654 τοῦ,
682 4593 818 4660 μετὰ
858 4595 1054 4665 πολλῆς
1099 4599 1429 4668 παρεγένετο
1467 4601 1566 4669 τῆς
1617 4600 1914 4670 δυνάμεως.

353 4680 433 4733 τδ
459 4677 578 4742 οὖν,
601 4683 814 4746 Ἕταξε
850 4684 924 4738 τὰ
941 4685 1240 4757 Χερουϐὶμ,
1269 4688 1351 4741 ἵνα
1372 4686 1516 4761 εἴπῃ*
1535 4690 1770 4759 Δυνατήν
1798 4707 1919 4744 τινα

352 4773 452 4826 καὶ
492 4773 728 4844 φοϐερὰν
758 4775 878 4844 ὄψιν
923 4777 1016 4830 καὶ
1058 4779 1267 4849 μορφὴν
1311 4781 1512 4834 ὡσανεί
1557 4799 1717 4834 τινων
1766 4780 1920 4843 ζώων

351 4865 624 4932 ἐπέστησε
651 4869 715 4939 τῇ
752 4867 939 4939 εἰσόδῳ
965 4869 1058 4923 τοῦ
1090 4871 1436 4941 παραδείσου,
1471 4872 1610 4926 ὥστε
1639 4873 1920 4943 ἀπείργειν

350 4955 448 5011 τδν
495 4957 687 5029 Ἀδάμ.
769 4959 774 4964 '

948 5139 1198 5202 ΚΕΦΑΛ.
1236 5149 1335 5202 ιϐ’.

427 5232 574 5302 Στίχ.
607 5241 676 5301 γ’.
727 5231 796 5276 -ὲ-
849 5231 983 5290 ost-5
1031 5241 1097 5309 τῇ
1149 5239 1306 5307 φύσει
1354 5239 1544 5310 ἄνδρες
1587 5235 1760 5306 ἦσαν.
1807 5239 1920 5292 ἀλλ’

352 5323 574 5376 ἐδόκουν
598 5319 756 5389 εἴναι,
779 5326 900 5381 οὔτε
931 5328 1130 5398 ιἔφαγον
1158 5331 1229 5393 ὡς
1251 5330 1345 5384 ἄνθ
1354 5349 1544 5401 ρωποι,
1569 5332 1682 5384 ἀλλ’
1707 5331 1920 5385 ἐδόκουν

351 5417 559 5470 ἐσθίειν
605 5421 672 5490 τῇ
710 5419 829 5489 ὄψει
871 5422 979 5474 τῶν
1010 5423 1289 5494 ὁρώντων,
1335 5423 1767 5495 ἀναλισκομένων
1810 5425 1922 5479 τῶν

356 5507 761 5586 προτιθεμένων
792 5513 933 5566 κατὰ
957 5513 1105 5567 θείαν
1131 5515 1428 5586 ἐνέργειαν.

428 5597 576 5668 Στίχ.
619 5599 721 5654 λα’.
773 5631 841 5642 --
873 5602 1080 5656 Οὐκοῦν
1104 5606 1164 5657 οὐ
1206 5605 1375 5669 πάθος
1409 5606 1700 5670 ἀκολασίας
1725 5606 1920 5678 ἤλασεν

354 5686 526 5751 αὑτὰς
547 5729 562 5756 ,
610 5690 743 5744 ἀλλὰ
787 5693 952 5761 φειδὼ
985 5693 1076 5748 τοῦ
1106 5695 1311 5762 γένους.
1343 5697 1502 5752 Ὅθεν
1535 5697 1914 5752 εὐσύννωστοι.

2023 4601 2216 4658 potens
2242 4599 2324 4642 est
2346 4606 2438 4644 rex
2466 4607 2480 4652 ;
2521 4591 2593 4643 ita
2629 4591 2816 4652 etiam,
2849 4589 3096 4643 Ascendit
3127 4606 3283 4658 super
3308 4590 3580 4664 cherubim

2019 4690 2068 4734 et
2093 4682 2281 4734 volavit
2315 4681 2503 4750 (Psal.
2535 4697 2669 4746 xv",
2703 4682 2760 4735 Η
2785 4682 2824 4749 ),
2855 4682 2960 4735 hoc
2981 4688 3086 4744 est,
3121 4683 3288 4736 multa
3317 4699 3440 4736 cum
3481 4698 3582 4752 po-

2020 4779 2217 4825 testate.
2251 4773 2518 4841 apparuit.
2570 4767 2701 4824 Illud
2763 4770 3248 4838 igitur,ordinavit
3292 4772 3576 4836 cherubim,
3617 4841 3622 4846 _

2023 4864 2163 4918 idem
2187 4872 2347 4917 sonat
2393 4878 2456 4918 ac
2490 4879 2502 4914 :
2537 4863 2814 4916 Potentem
2859 4871 2914 4916 et
2963 4863 3259 4918 terribilem
3289 4864 3578 4935 quemdam

2019 4955 2284 5011 visionem
2333 4970 2396 5008 ac
2441 4953 2664 5006 fortnam
2692 4991 2707 5011 ,
2757 4959 3012 5017 tanquam
3047 4955 3402 5018 animalium,
3454 4963 3582 5008 ante

1933 5043 1938 5046 ’
2022 5045 2224 5100 aditum
2249 5042 2487 5114 paradisi
2514 5043 2834 5105 constituit,
2863 5059 2972 5112 qua
3011 5028 3185 5097 Adam
3218 5050 3575 5097 averteretur.
3619 5039 3625 5048 ’

2631 5133 2784 5189 CAP.
2822 5135 2965 5189 XIX.
3613 5201 3620 5206 _

2095 5227 2258 5282 Vsus.
2297 5227 2352 5281 5.
2381 5257 2450 5269 -
2477 5225 2592 5281 Νοη
2613 5236 2771 5283 erant
2804 5235 3000 5281 natura
3032 5226 3308 5286 homines,
3341 5227 3440 5280 sed
3461 5240 3581 5279 esse

2020 5320 2376 5383 videbantur;
2409 5333 2509 5372 nec
2539 5318 2896 5372 comedebant
2921 5323 2980 5368 nt
3014 5315 3285 5380 homines,
3313 5317 3402 5370 sed
3432 5316 3578 5368 vide-

1957 5421 1962 5426 ‘
2020 5413 2220 5467 bantur
2247 5410 2530 5465 comedere
2553 5408 2889 5464 cernentium
2913 5404 3115 5472 oculis,
3141 5406 3373 5462 sublatis
3397 5399 3576 5460 divina

2020 5503 2256 5576 potentia
2288 5517 2409 5571 qua:
2433 5491 2818 5556 offerebantur.

2089 5594 2367 5650 Vens.5l.
2403 5623 2472 5633 -——
2507 5592 2621 5647 Non
2680 5592 3038 5662 indulgebant
3094 5591 3260 5661 igitur
3329 5589 3576 5642 libidinis

2019 5689 2292 5752 motibus,
2347 5686 2440 5743 sed
2489 5685 2672 5757 generi
2715 5699 2814 5740 suo
2863 5685 3179 5758 parcebant.
3223 5679 3377 5737 Unde
3413 5682 3575 5737 venia

2026 5782 2220 5850 dignm.
