4096 6234
427 237 530 294 (itii

1592 238 1943 297 TIIEODORI
1994 237 2220 295 MOPSU
2233 239 2474 296 ESTENI

3561 238 3668 294 6“

501 350 668 412 Vens.
693 358 783 414 52.
815 387 883 398 —-
916 355 1125 411 Furtim
1161 371 1222 413 se
1251 370 1377 412 cum
1408 363 1565 428 patre
1587 355 1845 408 miscent.
1879 351 1996 407 Non
2025 395 2032 410 .

2169 353 2316 424 Στίχ.
2349 355 2450 424 λβ’.
2498 384 2564 395 --
2596 352 2898 408 Κλέπτουσι
2927 351 3021 406 τοῦ
3069 349 3273 422 πατρὸς
3314 349 3413 422 τὴν
3458 351 3663 421 κοίτην.

430 448 676 520 fugicbat
707 449 854 506 enim
888 461 982 504 eas
1009 445 1180 503 sobrii
1223 449 1396 520 patris
1424 446 1816 518 temperantia.

1058 563 1213 620 CAP.
1245 561 1367 617 XX.

501 676 668 736 Vens.
691 681 744 735 5.
769 710 840 722 --
865 679 981 735 Non
1010 679 1453 750 intemperantia,
1481 675 1680 747 inquit,
1701 673 1850 730 volui
1875 688 2000 728 cum

2101 446 2356 516 ’ῌδεισαν
2387 446 2496 520 γὰρ
2526 449 2784 520 νήφοντος
2812 446 2910 517 τὴν
2937 444 3287 516 σωφροσύνην
3319 441 3505 498 αὐτοῦ.

2697 563 2951 617 ΚΕΦΑΛ.
2983 563 3066 616 Κ’.

2167 675 2316 746 Στίχ.
2351 682 2413 730 ε’.
2435 705 2506 718 —-
2526 675 2639 729 Οὐκ
2683 675 2967 746 ἀκολασίᾳ,
3003 675 3186 745 φησὶν,
3214 673 3521 744 ἠϐουλήθην
3551 690 3675 725 συν-

430 789 495 828 ea
527 773 828 842 conjungi,
879 772 976 848 sed
1010 771 1191 844 magni
1226 787 1352 827 esse
1370 769 1604 833 credidi,
1635 769 1682 826 si
1715 766 2000 822 mulierem

2134 767 2272 822 λθεῖν
2310 769 2471 839 αὐτῇ,
2513 769 2628 822 ἀλλ’
2662 769 2737 833 ὼς
2781 767 2993 822 δικαίαν
3039 766 3131 821 καὶ
3181 766 3416 837 ἀδελφὴν
3463 764 3671 820 δικαίου

431 873 680 921 sanctam
723 873 779 921 et
821 864 929 920 viri
973 865 1152 921 sancti
1186 878 1433 921 sororem
1484 863 1542 918 in
1589 859 2000 917 matrimonium

432 957 708 1013 ducerem.

1019 1067 1173 1126 CAP.
1205 1065 1422 1123 XXVII.

505 1181 675 1240 Vens.
707 1183 760 1238 1.
796 1181 1002 1238 —lloc
1035 1197 1253 1253 quoque
1287 1181 1486 1235 divinae
1517 1177 1708 1249 gratiae
1743 1150 1907 1248 opus,
1943 1182 2005 1228 ut

432 1277 657 1331 interim
699 1291 802 1346 ope
845 1275 1106 1330 Rebeccae
1149 1272 1356 1329 Jacobo
1393 1269 1830 1327 benedictionem
1874 1268 2006 1325 sub-

434 1373 620 1443 ripere
648 1371 860 1428 liceret.

983 1485 1138 1542 CAP.
1183 1483 1425 1540 XXVIII.

509 1599 679 1657 Vens.
703 1600 789 1656 18.
812 1632 883 1645 -
911 1599 1234 1672 Superl'udit
1252 1597 1424 1655 Jacob
1453 1597 1633 1652 oleum
1658 1597 1713 1650 in
1739 1609 2006 1650 cacumen

2103 860 2356 932 μέγιστον
2381 858 2696 933 ἡγησάμην,
2727 861 2776 914 εί
2803 856 3068 931 ἀγάγοιμι
3099 858 3237 932 πρὸς
3262 858 3460 929 γάμον.

2681 1060 2926 1120 ΚΕΦΑΔ.
2966 1064 3088 1121 KZ'.

2173 1177 2323 1248 Στίχ.
2353 1183 2424 1233 α’.
2470 1206 2536 1215 -
2581 1177 2692 1232 Καὶ
2719 1177 2878 1231 τοῦτο
2906 1179 3003 1249 τῆς
3031 1179 3181 1241 Θείας
3221 1181 3440 1252 χάριτος
3473 1181 3634 1254 ἔργον
3653 1198 3671 1214 ·

2104 1269 2191 1322 ἵνα
2221 1271 2279 1322 ὲν
2310 1269 2459 1339 μέσῳ
2489 1269 2680 1340 καιρὸς
2709 1270 2936 1341 γένηται
2957 1273 3023 1342 τῇ
3061 1272 3325 1344 Ῥεϐέκκα
3364 1273 3560 1342 κλέψαι
3595 1273 3677 1344 τῷ

2117 1361 2312 1416 Ἰακὼϐ
2342 1361 2442 1433 τὴν
2464 1361 2734 1432 εὐλογίαν.

2679 1475 2935 1530 ΚΕΦΑΔ.
2976 1476 3112 1530 κη’.

2177 1587 2323 1658 Στίχ.
2373 1595 2462 1660 ιη’.
2514 1618 2586 1629 -
2643 1588 2901 1658 Ἐπέχεεν
2942 1588 2972 1641 ὀ
3013 1587 3206 1643 Ἰακὼϐ
3251 1589 3425 1643 ἔλαιον
3475 1589 3570 1642 ἐπὶ
3615 1591 3677 1644 τὸ

439 1691 668 1761 lapidis,
703 1699 759 1747 et
788 1690 1002 1745 vocavit
1044 1691 1264 1752 locum,
1301 1687 1506 1743 Domus
1543 1685 1659 1740 Dei.
1691 1683 1793 1739 Hic
1822 1693 2004 1739 autem

2134 1680 2274 1750 ἱκρον
2304 1679 2397 1732 τοῦ
2429 1679 2598 1745 λίθου,
2628 1680 2721 1734 καὶ
2747 1680 2972 1734 ἐκάλεσε
3000 1681 3090 1734 τὸν
3120 1681 3302 1746 τόπον,
3334 1677 3498 1746 Οἶκος
3518 1682 3674 1738 Θεοῦ.

442 1783 619 1854 ﬁgura
675 1781 902 1839 Mosaici
936 1779 1305 1844 tabernaculi,
1339 1778 1487 1849 quod
1530 1783 1913 1832 constructum
1953 1782 2010 1830 et

442 1874 768 1931 adiﬁcatum
793 1878 1092 1929 unxerunt.

1045 1985 1199 2042 CAP.
1241 1983 1412 2041 XXX.

514 2102 792 2159 Vans.39.
835 2133 907 2144 -—
935 2101 1166 2169 Quando
1215 2102 1273 2156 in
1322 2099 1715 2171 Mesopotamia
1771 2099 2013 2156 subalbce

445 2209 576 2250 oves
614 2200 937 2264 quaeruntur
962 2233 978 2258 ,
1033 2193 1312 2262 nigrmque
1351 2207 1566 2262 caprae,
1617 2191 1674 2246 in
1721 2189 2013 2246 Palaestina

445 2291 629 2339 autem
689 2281 1031 2336 contrarium
1088 2281 1259 2348 valet,
1321 2281 1629 2337 commodis
1685 2280 2014 2337 inserviebat

445 2375 887 2447 patriarcharum
911 2390 998 2431 res
1026 2383 1150 2430 ante
1177 2374 1344 2430 dicta.

1030 2488 1180 2543 CAP.
1217 2485 1434 2543 XXXII.

521 2601 678 2658 Vers.
712 2602 763 2657 l.
796 2631 863 2643 —
889 2598 1096 2657 Jacobo
1119 2616 1149 2655 a
1176 2599 1361 2656 Laban
1384 2600 1622 2656 liberato
1650 2609 2017 2657 occurrerunt

449 2692 671 2763 angeli.
703 2691 950 2762 proiecto
1005 2707 1034 2744 a
1065 2691 1290 2746 Michael
1341 2691 1589 2761 principe
1640 2692 2015 2748 Israelitarum

450 2781 628 2841 missi.
662 2782 865 2852 quippe
894 2782 988 2852 qui
1011 2782 1119 2837 illis
1147 2789 1402 2851 praeerat.
1435 2781 1650 2836 dicente
1675 2781 1898 2837 Gabriel
1949 2783 2015 2838 ad

453 2872 729 2927 Danielem
767 2891 782 2926 :
833 2871 1064 2926 Michael
1108 2874 1346 2941 princeps
1375 2884 1540 2927 vester
1598 2873 1762 2942 (Dan.
1790 2891 1868 2938 ιι,
1898 2875 2015 2944 21).

453 2964 684 3030 Quando
723 2964 867 3018 enim
900 2965 1040 3018 liber
1069 2979 1097 3017 a
1118 2963 1410 3019 formidine
1431 2963 1640 3026 Laban.
1668 2965 1902 3022 Esavum
1931 2983 2018 3020 re-

2107 1767 2216 1824 Ἦν
2244 1770 2302 1823 δὲ
2325 1771 2386 1824 τὸ
2418 1773 2648 1842 πρᾶγμα
2682 1770 2849 1836 τύπος
2872 1773 2972 1841 τῆς
2997 1773 3296 1843 Μωσαῖκῆς
3338 1774 3544 1845 σκηνῆς
3570 1792 3584 1806 ·
3611 1776 3680 1845 ὴν

2109 1863 2528 1928 κατασκευάσας
2563 1864 2656 1918 κα1⁵
2688 1865 3018 1934 ἀναστήσας,
3055 1864 3289 1936 ἔχρισεν.

2703 1979 2954 2034 ΚΕΦΛΛ.
2995 1980 3075 2032 A'.

2182 2093 2331 2164 Στίχ.
2362 2091 2462 2146 λθ’.
2497 2122 2568 2133 -
2609 2091 2826 2163 Ἐπειδὴ
2858 2093 2914 2146 δὲ
2962 2093 3021 2146 ὲν
3069 2093 3134 2163 τῇ
3184 2093 3578 2166 Μεσοποταμίᾳ
3611 2099 3682 2150 τὰ

2110 2185 2279 2240 λευκὰ
2309 2184 2547 2256 ζητεῖται
2575 2184 2844 2256 πρόϐατα,
2873 2184 2967 2238 καὶ
2992 2187 3046 2238 αἱ
3077 2185 3302 2255 μέλανες
3331 2182 3504 2255 αἶγες,
3535 2190 3591 2240 ἐν
3623 2189 3682 2242 δὲ

2111 2280 2179 2349 τῇ
2210 2278 2542 2349 Παλαιστίνῃ
2569 2277 2630 2330 τὸ
2659 2276 2921 2343 ἐναντίον,
2945 2277 3081 2348 πρὸς
3110 2278 3172 2331 τὸ
3196 2279 3302 2331 τῶν
3334 2281 3686 2353 πατριαρχῶν

2115 2369 2391 2443 συμφέρον
2420 2370 2780 2441 οἰκονομεῖται
2805 2369 2874 2422 τὰ
2907 2370 3302 2442 προειρημένα.

2684 2483 2936 2538 ΚΕΦΑΛ.
2984 2483 3108 2536 AB'.

2186 2601 2337 2672 Στίχ.
2381 2606 2451 2655 α’.
2486 2630 2556 2640 -
2583 2597 2690 2652 Τοῦ
2709 2597 2892 2652 Δάϐαν
2926 2596 3258 2667 ἀπαλλαγεὶς
3289 2600 3316 2652 ὸ
3348 2598 3561 2658 Ἰακὼϐ,
3590 2600 3690 2671 ὁρᾷ

2117 2692 2465 2766 παρεμϐολὴν
2498 2691 2773 2760 ἀγγέλων·
2810 2690 3030 2754 πάντως
3077 2709 3179 2744 που
3245 2693 3344 2762 τὴν
3381 2692 3691 2762 ὁρισθεῖσαν

2121 2787 2257 2858 μετὰ
2284 2784 2504 2856 Μιχαὴλ
2524 2782 2617 2837 τοῦ
2647 2783 2905 2854 ἄρχοντος
2927 2783 3020 2836 τοῦ
3053 2782 3183 2837 λαοῦ
3210 2784 3425 2855 Ἰσραήλ
3441 2800 3456 2814 ⁸
3484 2785 3542 2847 ὃς
3565 2797 3695 2838 κατ-

2117 2883 2248 2948 έστη
2305 2876 2472 2931 αὑτοῦ
2497 2875 2847 2947 προεστάναι,
2875 2875 2952 2940 ὼς
2981 2875 3222 2948 Γαϐριὴλ
3247 2892 3380 2944 φησι
3425 2875 3560 2947 πρδς
3601 2876 3698 2929 τὸν

2119 2971 2340 3042 Δανιὴλ,
2376 2967 2618 3039 Μιχαὴλ
2655 2970 2690 3021 ὁ
2729 2967 2931 3037 ἄρχων
2976 2966 3162 3036 ὑμῶν.
3207 2967 3422 3036 Ἐπειδὴ
3473 2971 3576 3039 γὰρ
3603 2969 3696 3021 τὸν

454 3055 754 3114 formidare
779 3063 1039 3126 cmperat,
1063 3055 1292 3112 docetur
1310 3055 1479 3112 Jacob
1499 3058 1566 3111 ab
1597 3060 2022 3115 occurrentibus

2134 3063 2220 3116 τοῦ
2245 3040 2430 3116 Ᾰάϐαν
2457 3060 2621 3129 φόϐον
2662 3058 3034 3130 ἀποθέμενος,
3069 3057 3352 3128 μετέθεικε
3401 3059 3500 3121 τὰς
3535 3078 3695 3129 φρον-

457 3146 674 3216 angelis
689 3186 718 3211 ,,
731 3161 802 3202 ne
829 3160 1124 3202 occursum
1171 3161 1360 3202 eorum
1391 3148 1582 3203 timeat
1613 3148 1706 3218 qui
1729 3149 1880 3205 circa
1910 3148 2026 3204 fra-

458 3248 599 3296 trem
638 3247 818 3295 erant.

533 3448 691 3506 Vers.
733 3449 826 3508 2t.
872 3479 943 3489 —
980 3445 1344 3503 Transmissis
1398 3449 1654 3505 omnibus
1705 3450 1821 3506 suis
1871 3457 2026 3508 trans

463 3539 663 3596 llumen
686 3579 700 3603 ,
719 3540 872 3595 801118
897 3549 1029 3594 tunc
1060 3545 1309 3594 remanet
1332 3536 1523 3603 1800b,
1554 3548 1607 3594 et
1637 3541 1877 3594 luctatur
1901 3556 2025 3595 cum

463 3631 702 3704 quodam
732 3631 836 3702 ipsi
877 3640 1195 3701 apparentc.
1224 3629 1326 3686 Hic
1355 3640 1534 3687 autem
1567 3641 1716 3687 certe
1740 3648 1848 3686 non
1885 3634 2028 3689 alius

466 3733 664 3796 praeter
698 3725 849 3780 illum
879 3723 973 3794 qui
1003 3739 1169 3794 super
1210 3723 1411 3777 scalam
1462 3721 1813 3779 incumbebat
1842 3724 1897 3779 in
1930 3725 2032 3781 Be-

466 3817 580 3873 thel
602 3817 793 3870 visam.
845 3815 1034 3886 Angeli
1066 3823 1247 3869 autem
1283 3815 1377 3885 qui
1425 3815 1795 3870 ascendebant
1839 3828 1893 3873 et
1935 3817 2032 3872 de-

471 3904 810 3960 scendebant
859 3903 914 3958 in
946 3903 1158 3969 eadem,
1188 3918 1296 3959 non
1341 3903 1544 3960 diversi
1596 3904 1667 3960 ab
1713 3906 1795 3962 eis
1832 3907 2033 3978 quibus

472 4004 811 4052 occurrerat.

544 4109 699 4163 Vers.
728 4108 820 4162 25.
849 4136 920 4148 --
952 4106 1095 4161 Vidit
1119 4116 1314 4173 autem,
1343 4109 1440 4172 ait,
1471 4112 1597 4180 quia
1621 4128 1725 4165 non
1755 4113 1892 4167 valet
1915 4129 2038 4184 erga

473 4215 610 4264 eum,
641 4209 690 4254 et
720 4199 885 4270 tetigit
910 4198 1244 4252 latitudinem
1268 4200 1482 4269 femoris
1508 4202 1644 4271 ejus.
1671 4213 1721 4257 et
1754 4202 2036 4268 obtorpuit.

473 4288 642 4346 Jacob
681 4289 816 4345 vidit
849 4289 976 4360 quia
1017 4305 1125 4343 non
1173 4289 1314 4345 valet
1356 4306 1483 4361 erga
1511 4293 1785 4363 angelum,
1814 4296 2039 4366 angelus

476 4391 655 4438 autem
683 4382 859 4452 tetigit
891 4381 1238 4437 latitudinem
1271 4380 1497 4439 femoris
1517 4383 1659 4454 ejus.

551 4492 704 4551 Vers.
743 4490 834 4550 Q6.
877 4525 947 4535 —
980 4494 1099 4550 Non
1155 4495 1263 4549 alia
1307 4494 1375 4552 de
1413 4511 1581 4553 causa
1611 4495 1744 4552 dicit
1768 4498 2037 4569 angelus:

477 4588 698 4645 Dimitte
722 4601 822 4651 me,
844 4603 1005 4658 quam
1046 4599 1105 4642 ut
1131 4586 1392 4643 Iacobum
1423 4589 1623 4645 excitet
1663 4590 1847 4661 illique
1883 4607 2043 4646 occa-

479 4682 689 4736 sionem
728 4677 967 4749 praebeat
1020 4679 1391 4749 respondendi
1439 4698 1453 4735 :
1511 4677 1634 4735 Non
1664 4691 1712 4737 te
1739 4683 2042 4752 dimittam,

481 4768 588 4824 nisi
621 4783 701 4820 me
723 4765 1070 4821 benedixeris.

553 4873 710 4933 Vers.
743 4871 836 4930 27.
866 4907 935 4916 —
967 4874 1068 4931 llic
1111 4885 1293 4933 autem
1337 4887 1494 4951 rogat
1525 4899 1537 4934 :
1573 4882 1726 4948 Quod
1751 4892 1827 4936 est
1859 4899 2047 4938 nomen

485 4974 675 5028 tuum?
702 4971 772 5026 At
801 4969 892 5026 ille
923 4969 1060 5025 dixit
1085 4987 1106 5025 .°
1133 4969 1320 5027 Iacob.
1354 4973 1421 5026 Et
1450 4974 1585 5029 dixit
1614 4977 1663 5030 ei
1694 4992 1712 5029 :
1745 4975 1868 5030 Non
1891 4994 2048 5031 voca-

487 5063 629 5118 bitur
658 5063 801 5116 ultra
823 5079 1008 5116 nomen
1037 5072 1184 5116 tuum
1203 5063 1393 5127 Jacob,
1427 5065 1514 5119 sed
1543 5065 1713 5121 Israel
1734 5069 1835 5122 erit
1863 5084 2048 5124 nomen

489 5169 640 5210 tuum
670 5171 688 5210 :
721 5156 846 5226 quia
870 5156 1140 5210 invaluisti
1175 5172 1291 5209 cum
1320 5156 1427 5212 Deo
1448 5197 1463 5222 ,
1503 5169 1553 5214 et
1589 5177 1705 5214 cum
1750 5161 2049 5217 hominibus

489 5259 672 5318 potens
699 5249 824 5302 eris.
861 5247 1148 5303 Sulliciens
1175 5248 1272 5304 tibi
1302 5247 1636 5314 benedictio,
1670 5252 1765 5316 ait,
1790 5253 2050 5308 collucta-

490 5344 572 5401 tio
600 5359 725 5399 cum
772 5341 914 5408 Deo;
946 5343 1242 5399 maximum
1275 5342 1373 5398 tibi
1411 5343 1692 5413 signorum
1729 5361 1929 5402 novum
1954 5361 2054 5400 no.

493 5452 618 5492 men
649 5433 836 5498 Israel,
876 5434 1021 5504 quod
1053 5439 1446 5506 interpretatur
1472 5437 1622 5490 homo
1657 5438 1833 5493 videns
1863 5438 2050 5493 Deum.

495 5524 641 5581 Sane
664 5525 712 5581 si
735 5525 959 5595 angelus
981 5541 1107 5582 vere
1135 5527 1328 5584 fuisset
1351 5527 1445 5598 qui
1469 5531 1743 5598 apparuit,
1770 5545 2052 5599 perperam

499 5626 791 5674 vocaretur
814 5615 983 5673 Jacob
1006 5617 1324 5687 Israel,cum
1347 5636 1536 5676 verum
1561 5619 1728 5676 Deum
1755 5635 1862 5674 non
1889 5620 2056 5675 vidis-

501 5719 602 5770 set.
649 5707 793 5767 Deus
841 5718 954 5766 erat
1003 5710 1171 5782 igitur
1213 5711 1353 5770 idem
1391 5728 1456 5769 ac
1499 5711 1662 5769 homo
1700 5720 1747 5769 et
1796 5713 2054 5784 angelus;

2123 3157 2276 3220 τίδας
2301 3156 2381 3218 εἰς
2409 3153 2478 3208 τὰ
2501 3152 2641 3207 κατὰ
2670 3151 2862 3213 Ἠσαῦ,
2889 3151 3162 3206 δείκνυται
3189 3154 3221 3222 ἡ
3242 3153 3564 3224 παρεμϐολὴ
3585 3150 3696 3207 τῶν

2124 3246 2370 3318 ἀγγέλων
2392 3286 2406 3310 ,
2442 3245 2516 3308 ὼς
2577 3243 2643 3298 ἂν
2680 3245 2754 3315 μὴ
2800 3244 3014 3312 φοϐοῖτο
3065 3244 3163 3316 τὴν
3213 3245 3562 3316 παρεμϐολὴν
3589 3245 3698 3299 τῶν

2129 3340 2394 3394 συνόντων
2424 3336 2589 3391 αὐτοῦ
2624 3337 2701 3406 τῷ
2737 3336 2970 3406 ἀδελφῷ.

2199 3454 2346 3525 Στίχ.
2373 3453 2470 3524 κδ’.
2493 3483 2561 3497 ——-
2586 3453 2796 3514 [Ιάντας
2827 3451 2885 3504 δὲ
2910 3452 3035 3513 τοὺς
3058 3449 3222 3504 αὑτοῦ
3252 3449 3590 3521 παραγαγὼν
3611 3451 3698 3505 διὰ

2128 3545 2222 3599 τοῦ
2256 3542 2538 3613 ποταμοῦ,
2572 3544 2666 3597 καὶ
2704 3541 2864 3605 αὐτὸς
2909 3541 3273 3613 ὑποληφθεὶς,
3312 3543 3432 3596 τότε
3482 3544 3700 3598 παλαίει

2130 3634 2208 3706 τῷ
2239 3635 2476 3705 φανέντι.
2511 3635 2620 3688 Καὶ
2659 3627 2810 3696 οὗτος
2857 3627 2925 3702 ἦν
2971 3631 3080 3703 ἄρα
3122 3633 3150 3685 ὁ
3199 3630 3290 3685 ἐπὶ
3314 3629 3411 3703 τῆς
3437 3630 3701 3705 κλίμακος

2132 3723 2520 3795 ὲστηριγμένος
2560 3723 2660 3792 τῆς
2702 3723 2760 3776 ὲν
2799 3721 3000 3791 Βαιθὴλ
3044 3722 3305 3793 φανείσης
3337 3722 3503 3794 αὐτῷ.
3548 3725 3611 3778 Ol
3645 3725 3703 3778 δὲ

2133 3815 2352 3886 ἄγγελοι
2399 3814 2448 3867 οἱ
2488 3813 2868 3876 ἀναϐαίνοντες
2911 3812 3005 3866 καὶ
3038 3810 3489 3879 καταϐαίνοντες,
3529 3813 3563 3884 ὴ
3595 3833 3701 3868 πα·-

2137 3907 2375 3980 ρεμϐολὴ
2408 3901 2495 3976 ὴν.

2206 4020 2353 4091 Στίχ.
2375 4016 2473 4072 κε’.
2495 4047 2563 4058 -—
2587 4013 2724 4072 Εἷδε
2747 4015 2835 4075 δὲ.
2864 4015 3049 4087 φησίν,
3081 4014 3170 4069 ὅτι
3191 4016 3263 4069 οὐ
3292 4012 3538 4068 δύναται
3557 4013 3707 4082 πρὸς

2138 4114 2326 4167 αὐτόν
2343 4130 2356 4143 ·
2391 4110 2489 4164 καὶ
2513 4108 2712 4177 ἥψατο
2739 4106 2844 4162 τοῦ
2863 4107 3128 4173 πλάτους
3152 4107 3257 4161 τοῦ
3272 4105 3469 4176 μηροῦ
3495 4100 3704 4170 αὐτοῦ,

2139 4201 2237 4258 καί
2266 4199 2619 4270 ἐνὰρκησεν.
2668 4201 2726 4252 '0
2760 4200 2859 4270 μὲν
2891 4197 3085 4252 Ἰακὼϐ
3113 4193 3269 4260 εἶδεν,
3297 4199 3377 4252 ὅτι
3403 4199 3462 4251 οὐ
3488 4193 3706 4251 δύναται

2143 4295 2279 4367 πρὸς
2330 4290 2423 4348 τὸν
2459 4294 2711 4363 ἄγγελον,
2742 4291 2770 4345 ὁ
2791 4289 2847 4344 δὲ
2873 4290 3100 4360 ἄγγελος
3134 4289 3309 4360 ἥψατο
3348 4284 3443 4342 τοῦ
3474 4284 3706 4352 πλάτους

2068 4407 2116 4466 ι)
2145 4387 2239 4442 τοῦ
2276 4382 2451 4458 μηροῦ
2480 4382 2669 4440 αὑτοῦ.

2216 4502 2363 4572 Στίχ,
2385 4501 2498 4566 κς·’.
2527 4498 2599 4554 T6
2634 4518 2696 4570 γε
2720 4500 2824 4572 μὴν
2841 4497 2929 4552 τὸν
2951 4495 3174 4567 ἄγγελον
3196 4500 3389 4562 εἰπεῖν,
3414 4498 3710 4552 Ἀπόστει-

2145 4595 2258 4649 λόν
2283 4610 2378 4662 με,
2411 4592 2851 4663 προτρεπομένου
2875 4587 2977 4662 ἦν,
3007 4590 3100 4644 καὶ
3143 4590 3455 4662 παρρησίαν
3480 4589 3710 4654 διδόντος

2144 4683 2224 4755 τῷ
2277 4679 2470 4737 Ἰακὼϐ
2517 4679 2721 4745 εἰπεῖν,
2752 4679 2933 4747 Οὐ,μὴ
2957 4695 3031 4734 σε
3057 4679 3416 4744 ἀποστείλω,
3443 4680 3493 4732 εί
3520 4677 3605 4746 μή
3633 4694 3712 4747 με

2147 4772 2507 4843 εὐλογήσῃς.

2218 4887 2365 4956 Στίχ.
2399 4888 2500 4950 κζ’.
2531 4918 2598 4928 —
2638 4887 2697 4940 ’0
2735 4883 2789 4939 δὲ
2832 4883 3047 4956 ἐρωτᾷ,
3102 4882 3163 4937 Tl
3202 4882 3271 4936 τὸ
3322 4881 3510 4952 ὄνομά
3554 4896 3714 4944 σου;

2151 4981 2184 5034 ὁ
2209 4979 2275 5033 δὲ
2297 4975 2482 5041 εἶπεν,
2513 4976 2724 5032 Ἰακώϐ.
2756 4972 2898 5032 Eine
2925 4975 2992 5028 δὲ
3021 4973 3199 5039 αὐτῷ,
3234 4974 3316 5027 Οὐ
3347 4972 3713 5041 κληθήσεται

2150 5073 2217 5126 τὸ
2256 5069 2443 5139 ὄνομά
2490 5085 2605 5123 σου
2651 5069 2878 5131 Ἰακὼϐ,
2909 5066 3045 5121 ἀλλ’
3092 5065 3132 5133 ἢ
3177 5064 3415 5132 Ἰσραὴλ
3451 5065 3621 5117 ἔσται
3647 5065 3713 5116 τὸ

2153 5163 2342 5232 ὄνομά
2371 5177 2486 5215 σου
2514 5177 2528 5192 ο
2563 5161 2651 5213 ὅτι
2675 5160 3010 5228 ἑνίσχυσας
3040 5157 3188 5226 μετὰ
3219 5155 3366 5211 Θεοῦ
3386 5196 3401 5221 ,
3427 5155 3524 5210 καὶ
3566 5155 3717 5224 μετὰ

2152 5255 2474 5323 ἀνθρώπων
2500 5252 2755 5317 δυνατὸς
2783 5252 2918 5319 ἔσῃ.
2953 5251 3129 5320 Ἱκανή
3156 5267 3256 5313 σοι,
3280 5251 3464 5321 φησὶν,
3499 5249 3717 5316 εὐλογία

2152 5346 2214 5399 τὸ
2247 5347 2509 5400 παλαῖσαι
2555 5345 2689 5414 μετὰ
2718 5343 2873 5397 Θεοῦ.
2909 5343 3017 5396 Καὶ
3055 5345 3276 5412 σημεῖον
3310 5342 3454 5395 ἔστω
3491 5359 3571 5393 σοι
3619 5338 3718 5408 μὲ-

2155 5454 2338 5506 γιστον
2377 5435 2434 5489 τὸ
2482 5434 2694 5505 Ἰσραὴλ
2737 5431 3229 5504 μετονομασθῆναι.
3271 5432 3405 5501 ὅπερ
3441 5431 3581 5484 ἐστὶν
3610 5429 3741 5509 ἅτ’-τ

2158 5531 2386 5593 θρωπος
2415 5525 2566 5594 ὁρῶν
2600 5522 2766 5575 Θεόν.
2798 5522 2908 5574 Καὶ
2947 5519 3051 5591 μὴν
3086 5521 3132 5572 εί
3163 5520 3260 5588 τὴν
3291 5517 3451 5586 φύσιν
3489 5517 3716 5584 ἄγγελος

2155 5615 2223 5690 ἦν
2253 5620 2280 5670 ὁ
2321 5618 2506 5686 φανεὶς
2552 5613 2698 5684 αὐτῷ
2730 5655 2745 5674 ,
2792 5612 2999 5682 ψευδῶς
3050 5611 3316 5681 ἀνεκλήθη
3363 5608 3576 5681 Ἰσραὴλ
3608 5609 3719 5660 ἀπὸ

2157 5709 2249 5764 τοῦ
2279 5707 2367 5762 τὸν
2395 5709 2493 5761 οὐκ
2530 5706 2657 5762 ὄντα
2677 5705 2805 5759 Θεὸν
2835 5702 3150 5773 ἑωρακέναι.
3194 5700 3401 5757 Οὐκοῦν
3426 5699 3551 5762 Θεὸς
3587 5695 3656 5767 ἦν
3683 5697 3713 5748 ὁ
