4106 6238
377 314 484 372 (διες

1549 305 1977 366 FRAGMENTA
2031 303 2097 359 IN
2144 303 2458 361 GENESIN.

3527 310 3635 367 εἶϐ
3700 376 3703 377 ν

376 431 573 495 αὐτὸς.
603 430 699 485 καὶ
741 429 1052 501 ἄνθρωπος,
1080 430 1175 483 καὶ
1214 427 1441 499 ἅγγελος
1459 444 1472 458 '
1509 429 1686 484 πάντα
1713 428 1947 498 ἀληθῶς.

2070 425 2237 478 )mnia
2269 440 2427 480 vere:
2450 423 2547 480 sed
2572 425 2758 489 homo.
2784 426 2911 497 quia
2942 426 3259 483 incarnatus
3282 446 3295 495 ;
3317 432 3546 499 angelus
3566 445 3636 484 ex

391 523 554 578 Ἀλλά
584 520 646 577 τὸ
672 524 793 595 μὲν,
823 524 920 595 τῆς
952 522 1422 593 ὲνανθρωπήσεως
1448 537 1461 552 ·
1499 522 1559 576 τὸ
1581 522 1659 584 δὲ,
1685 520 1786 592 τῆς
1813 521 1956 574 οἰκο-

378 615 568 689 νομίας
586 632 600 647 '
641 615 702 669 τὸ
721 615 801 679 δὲ,
836 617 937 685 τῆς
961 614 1194 684 φύσεως.

953 706 1203 761 ΚΕΦΑΛ.
1238 705 1373 762 MA'.

453 797 601 868 Στίχ.
636 803 697 851 ε’.
726 826 798 836 -
821 794 1018 851 Κόνδυ
1048 796 1167 866 μὲν,
1210 794 1271 849 τὸ
1310 794 1599 865 λεγόμενον
1628 794 1958 848 άνπλοπότιον

382 888 530 958 λέγει
549 905 563 920 ·
586 888 648 942 τὸ
681 889 762 953 δὲ,
796 885 1103 958 Οιωνισμῷ
1131 886 1457 947 olm-[Istat
1489 886 1561 940 ἐν
1586 885 1767 950 αὐτῷ,
1800 883 1959 937 τοῦτό

381 998 580 1051 φησιν,
608 981 691 1034 ὃτι
718 980 1000 1051 ἔγκριτον,
1037 978 1113 1043 ὡς
1159 978 1446 1050 ἄρχοντος,
1492 978 1650 1031 τοῦτό
1680 982 1825 1031 ἐστιν
1859 978 1957 1030 αὖ·

378 1072 474 1125 τοῦ
503 1071 655 1143 παρὰ
676 1073 785 1134 τοῖς
809 1069 1242 1141 συνεσθιομένοις
1264 1070 1395 1124 αὐτὸ
1421 1070 1482 1123 τὸ
1505 1071 1784 1141 ποτήριον.
1806 1068 1958 1139 Ἔχει

380 1162 559 1215 τοίνυν
590 1159 857 1233 σύμϐολον
881 1160 1071 1233 ὥσπερ
1098 1160 1227 1214 αὐτὸ
1254 1160 1353 1230 τῆς
1383 1159 1557 1232 ἀρχῆς
1586 1159 1749 1213 αὐτοῦ
1780 1159 1959 1229 πάσης

385 1251 696 1323 ἐπιϐουλήν.

958 1341 1213 1397 ΚΕΦΑΛ.
1259 1341 1395 1398 ΜΘ’.

460 1436 609 1508 Στίχ.
640 1436 681 1490 δ’
687 1454 784 1491 .--
812 1434 1030 1506 Ἐπειδὴ
1054 1434 1161 1505 γὰρ
1188 1434 1316 1487 ἴδιόν
1351 1434 1467 1487 ὲστι
1497 1431 1590 1487 τοῦ
1614 1430 1803 1495 ὓδατος
1834 1430 1960 1501 θερ-

392 1528 676 1601 μαίνεσθαί
707 1546 784 1592 τε,
817 1527 913 1581 τοῦ
942 1527 1113 1599 πυρὸς
1145 1527 1506 1598 ὑποκειμένου
1529 1567 1546 1594 ,
1571 1525 1665 1579 καὶ
1712 1524 1962 1578 ἀποτίθε-

393 1621 517 1675 σθαι
545 1620 640 1694 τὴν
678 1620 886 1693 Θέρμην
922 1619 1163 1690 ταχέως,
1206 1617 1301 1672 τοῦ
1342 1618 1513 1690 πυρὸς
1550 1615 1957 1689 ἀφαιρεθέντος,

389 1712 469 1783 μὴ
501 1713 620 1765 κατ’
646 1712 855 1775 ἐκεῖνο,
903 1712 1095 1781 φησὶν,
1147 1708 1399 1765 άπόλλοιο
1423 1751 1439 1775 ,
1483 1709 1577 1764 καὶ
1606 1706 1961 1779 ἀφανισθείης

386 1808 468 1869 είς
514 1805 575 1859 τὸ
608 1804 869 1868 παντελὲς
909 1802 986 1875 τῷ
1015 1803 1248 1875 θανάτῳ.
1284 1802 1453 1857 Τοῦτο
1498 1803 1608 1875 γάρ
1656 1801 1846 1871 λέγει,
1872 1800 1953 1865 ὡς
1990 1787 2033 1842 Β

385 1896 544 1966 ὕδωρ
568 1897 655 1967 μὴ
686 1897 962 1965 ἐκζέσης.
988 1894 1176 1967 Είγὰρ
1208 1894 1302 1948 καὶ
1328 1893 1388 1946 τὸ
1412 1894 1732 1965 ἁμάρτημα,
1765 1892 1960 1962 φησὶν,

389 1991 538 2057 ἄξιόν
565 1992 711 2044 ἐστιν
741 1988 962 2061 ὄλεθρόν
1002 2005 1083 2042 σοι
1128 1988 1427 2056 ἐπαγαγεῖν
1446 2026 1460 2046 ,
1499 1984 1634 2039 ἀλλὰ
1664 1984 1741 2057 μὴ
1789 1984 1963 2047 οὕτως

390 2081 663 2145 άπόλλοιο,
694 2081 827 2152 μηδὲ
858 2080 1013 2151 δίκην
1046 2077 1235 2141 ὓδατος
1268 2076 1652 2148 διαφθαρείης,
1681 2077 1781 2147 τὴν
1811 2073 1963 2127 ὲνοῦ-

393 2191 493 2228 σαν
516 2173 852 2245 ἀποθέμενος
881 2171 1111 2244 θέρμην,
1143 2168 1221 2242 τῷ
1248 2170 1501 2242 διαδοχὴν
1536 2171 1603 2223 ὲκ
1642 2168 1736 2222 σοῦ
1786 2167 1959 2240 μηδες

394 2269 524 2340 μίαν
556 2266 678 2337 γενέ
686 2265 832 2321 σθαι.

463 2361 616 2431 Στίχ.
650 2367 701 2415 ι’.
718 2356 1049 2431 -Είρηκὼς
1076 2359 1138 2413 τὸ
1163 2357 1262 2430 τῆς
1288 2358 1435 2422 ϐνου,
1456 2356 1623 2428 ἠγουν
1641 2355 1734 2409 τοῦ
1758 2352 1963 2419 πώλου,

391 2444 661 2526 ἐφ”ᾧπερ
702 2451 969 2521 ὲκαθέσθη
998 2452 1104 2521 πρὸ
1132 2450 1225 2505 τοῦ
1252 2449 1455 2513 πάθους
1501 2451 1527 2503 ό
1579 2447 1784 2520 Κύριος
1805 2489 1820 2509 .
1869 2449 1967 2501 ὲπ-

392 2544 518 2614 ἀγει
547 2541 755 2597 καὶτοῦ
808 2540 1013 2605 πάθους
1048 2540 1148 2613 τὴν
1195 2543 1447 2613 μήνυσιν.
1471 2538 1697 2594 Πλυνεῖ
1720 2539 1789 2593 ἐν
1823 2538 1968 2605 οϊνῳ

391 2634 511 2703 τὴν
540 2633 774 2701 στολὴν
802 2632 989 2686 αὐτοῦ
1013 2670 1030 2695 ,
1057 2632 1150 2685 καὶ
1194 2631 1265 2685 τὰ
1310 2631 1459 2702 ἑξῆς.
1495 2630 1653 2691 Ἔθος
1679 2630 1747 2701 τῇ
1775 2629 1967 2701 Γραφῇ

394 2729 526 2800 οϊνῳ
554 2726 906 2799 παρεικάζειν
931 2725 1028 2789 τὰς
1061 2725 1327 2796 τιμωρίας
1377 2724 1472 2779 καὶ
1508 2722 1633 2787 τοὺς
1662 2723 1922 2786 θανάτους
1949 2737 1965 2753 ·

393 2821 472 2885 ὡς
498 2819 578 2883 τὸ,
607 2818 894 2887 Ποτήριον
930 2818 1000 2871 ἐν
1025 2817 1173 2887 χειρὶ
1196 2815 1415 2884 Κυρίου
1444 2814 1613 2869 οἴνου
1660 2813 1920 2883 ἀκράτου
1949 2830 1964 2846 ’

396 2915 486 2968 ενα
515 2912 645 2986 εἴπῃ
666 2950 680 2973 ,
710 2912 791 2964 ὅτι
824 2910 916 2964 ἐπὶ
957 2908 1057 2979 τῆς
1093 2908 1338 2975 ἐξουσίας
1381 2908 1497 2961 ἐστὶ
1541 2906 1644 2976 τῆς
1674 2905 1840 2961 αὐτοῦ
1868 2905 1969 2971 τὰς

392 3005 665 3077 τιμωρίας
686 3003 984 3071 ἐπαγαγεῖν
998 2997 1080 3064 οἷς
1098 2999 1366 3070 βούλεται.
1389 2998 1685 3052 Κάνταῦθα
1706 2998 1882 3052 τοίνυν
1908 2998 1969 3051 τὸ

394 3099 569 3161 πάθος
599 3095 793 3150 καὶτὸν
806 3093 1035 3148 θάνατον
1052 3087 1192 3146 οἶνον
1210 3089 1398 3156 εἰπὼν,
1418 3090 1598 3155 καλῶς
1617 3090 1969 3161 προστέθεικε

396 3192 460 3245 τὸ
482 3157 621 3245 εἶναι
643 3184 782 3258 αἷμα
804 3186 905 3257 τῆς
936 3184 1207 3256 σταφυλῆς
1222 3183 1320 3255 τὴν
1343 3182 1636 3256 περιϐολὴν
1661 3157 1827 3236 αὑτοῦ
1846 3198 1859 3211 ’
1891 3181 1967 3245 ὡς
1996 3157 2041 3219 c

397 3284 468 3339 ἂν
497 3283 573 3355 τῷ
621 3282 715 3337 τοῦ
752 3283 982 3354 αἵματος
1023 3278 1249 3349 ὀνόματι
1301 3276 1629 3349 σαφέστερον
1654 3273 1868 3347 δηλώσῃ
1909 3273 1972 3326 τὸ

398 3378 594 3442 πάθος.
626 3374 827 3446 Στολὴν
848 3373 946 3444 μὲν
972 3366 1066 3426 οὖν
1092 3368 1255 3424 αὐτοῦ
1277 3369 1530 3439 ὀνομάζει
1557 3368 1657 3439 τὴν
1673 3367 1970 3439 ληφθεῖσαν

398 3469 498 3527 τοῦ
536 3469 718 3523 δούλου
754 3466 989 3539 μορφήν.
1022 3461 1258 3533 Εὔδηλον
1295 3461 1375 3524 δὲ,
1412 3461 1486 3525 ὡς
1520 3459 1648 3530 οἴνῳ
1676 3457 1971 3513 πλύνεσθαι

402 3562 613 3633 ἐσθῆτα
636 3561 732 3631 οὐχ
755 3554 864 3612 οἷόν
892 3573 971 3610 τε’
987 3553 1293 3610 τούναντίον
1319 3554 1375 3607 δὲ
1399 3552 1494 3606 καὶ
1524 3550 1812 3624 μολύνεται
1844 3551 1972 3623 οἴνῳ

401 3658 599 3720 εὐθὺς,
633 3653 708 3716 ὡς
735 3654 827 3707 καὶ
854 3650 1217 3705 δυσέκπλυτον
1240 3642 1380 3702 εἶναι
1408 3643 1498 3699 τὸν
1526 3644 1586 3711 ἐξ
1617 3643 1779 3698 αὐτοῦ
1812 3642 1975 3714 μολυι

403 3746 564 3820 σμόν.
624 3744 760 3802 Ἀλλ’
797 3742 983 3814 ἐπειδὴ
1010 3743 1039 3795 ό
1072 3740 1301 3804 θάνατος
1342 3740 1478 3793 πᾶσι
1525 3737 1624 3809 μὲν
1668 3735 1975 3808 ἀνθρώποις

402 3838 663 3902 ἀπόθεσις
683 3838 798 3890 ἐστι
821 3835 985 3906 ζωῆς,
1006 3833 1084 3904 τῷ
1103 3832 1158 3887 δὲ
1178 3830 1368 3904 Κυρίῳ
1395 3830 1494 3884 οὐκ
1518 3828 1774 3893 ἀπόθεσις
1808 3828 1973 3898 ζωῆς.

403 3933 540 3987 ἀλλὰ
575 3929 904 4003 μετάστασις
929 3926 1065 3999 πρὸς
1092 3925 1286 3997 ἑτέραν
1313 3925 1434 3979 τινὰ
1466 3923 1746 3991 κρείττονα
1785 3921 1975 3990 γέγονε

407 4024 574 4095 ζωὴν,
591 4024 670 4085 εἰς
688 4023 755 4093 ἦν
767 4022 833 4076 ὲκ
846 4018 1055 4092 νεκρῶν
1073 4016 1311 4081 ἀναστὰς
1332 4014 1660 4089 μετελήλυθε
1678 4029 1692 4044 ⁸
1714 4014 1801 4069 διὰ
1820 4013 1979 4067 τοῦτο

407 4117 577 4185 λέγει,
597 4112 917 4169 Πλιινεῖέν
944 4112 1087 4177 οϊνῳ
1128 4109 1244 4179 τὴν
1280 4107 1508 4177 στολὴν
1544 4106 1729 4161 αὑτοῦ
1748 4146 1763 4171 ,
1790 4106 1885 4160 καὶ
1908 4108 1979 4161 τά

2057 515 2275 584 ollicio;
2306 519 2448 573 Deus
2473 526 2658 573 autem
2693 526 2917 573 natura.

2655 705 2809 762 CAP.
2848 704 3031 762 XLIV.

2136 794 2290 852 Vers.
2322 797 2376 853 5.
2424 826 2497 837 —
2532 796 2715 869 Condy
2760 814 2865 853 vox
2913 798 2992 853 nil
3039 807 3232 869 praeter
3269 798 3523 870 poculum
3555 799 3635 855 si-

2059 891 2302 959 gnillcat.
2338 890 2403 943 At
2443 889 2604 955 illud,
2639 891 2876 960 Auguria
2905 900 3202 961 auguratur
3230 894 3284 944 in
3320 908 3401 954 eo,
3432 891 3639 946 indicat

2061 982 2192 1037 illud
2223 982 2393 1037 fuisse
2426 983 2802 1051 praestantius,
2827 993 3086 1053 tanquam
3110 984 3395 1053 principis.
3428 984 3530 1038 hoc
3552 991 3637 1037 est

2059 1074 2318 1143 poculum
2349 1088 2460 1144 quo
2497 1074 2641 1130 inter
2671 1075 2939 1131 solemnia
2987 1075 3267 1129 utebatur.
3298 1073 3481 1129 lnnuit
3506 1091 3637 1146 ergo

2060 1180 2151 1220 res
2191 1180 2289 1220 eos
2318 1166 2402 1220 vel
2434 1165 2607 1235 ipsius
2639 1166 2872 1236 imperio
2904 1166 3192 1221 invidisse.

2645 1341 2799 1399 CAP.
2844 1341 3032 1396 XLIX.

2131 1431 2293 1489 Vers.
2318 1433 2371 1487 4.
2399 1464 2469 1474 -
2494 1433 2631 1488 Cum
2666 1450 2731 1489 ea
2771 1436 2844 1489 sit
2874 1450 3030 1504 aquae
3065 1442 3262 1488 natura
3288 1473 3305 1499 ,
3331 1440 3393 1487 ut
3420 1433 3640 1487 admoto

2061 1524 2185 1595 igne
2221 1524 2578 1591 effervescat,
2618 1534 2674 1581 et
2720 1536 2933 1582 remoto
2966 1528 3089 1597 igne
3135 1526 3337 1582 bullire
3382 1526 3640 1596 protinus

2058 1617 2316 1683 desinat,
2345 1617 2536 1673 eadem
2570 1619 2782 1675 ratione
2807 1659 2822 1684 ,
2863 1621 3062 1691 inquit,
3093 1635 3161 1674 ne
3191 1633 3383 1690 pereas
3407 1659 3421 1681 ,
3462 1631 3641 1687 neque

2060 1719 2237 1764 morte
2264 1711 2492 1765 omnino
2521 1726 2844 1766 evanescas.
2878 1711 2994 1766 Hoc
3027 1712 3171 1768 enim
3212 1710 3452 1766 declarat
3479 1707 3640 1771 illud,

2060 1800 2193 1853 sicut
2222 1817 2360 1872 aqua
2387 1818 2489 1855 non
2505 1802 2829 1871 effer-vescas.
2856 1803 3116 1871 Quamvis
3146 1812 3369 1874 peccato
3403 1812 3515 1864 tuo,
3539 1802 3640 1864 ait,

2061 1894 2291 1948 exitium
2347 1894 2446 1949 tibi
2489 1898 2902 1966 promerueris,
2946 1912 3014 1951 ne
3045 1908 3229 1951 tamen
3287 1910 3500 1966 pereas,
3540 1909 3642 1949 nec

2062 1984 2238 2040 instar
2262 2000 2417 2056 aqua:
2439 1988 2675 2054 tollatis,
2694 2003 2795 2043 nec
2813 1988 3086 2045 exstincto
3109 2003 3223 2059 quo
3250 1987 3411 2044 ardes
3433 1987 3641 2051 calore,

2063 2076 2323 2145 progenie
2337 2078 2566 2133 omnino
2582 2092 2797 2135 careas.

2133 2352 2294 2410 Vers.
2328 2354 2412 2409 10.
2445 2382 2517 2393 --
2553 2352 2848 2408 Nominato
2889 2354 3049 2409 asino
3084 2369 3181 2410 seu
3218 2354 3388 2424 pullo,
3426 2356 3513 2410 cui
3538 2370 3647 2411 .su-

2065 2447 2308 2519 persedit
2352 2446 2617 2501 Dominus
2662 2455 2791 2500 ante
2842 2446 3154 2516 passionem
3189 2461 3368 2510 suam,
3420 2463 3565 2502 nunc
3588 2457 3646 2503 et

2032 2539 2239 2608 'ipsam
2274 2537 2585 2607 passionem
2628 2545 2920 2593 memorat.
2962 2535 3188 2590 Lavabit
3220 2537 3275 2591 in
3301 2538 3421 2591 vino
3447 2538 3643 2592 stolam

2066 2646 2253 2694 suam,
2285 2639 2339 2685 et
2372 2638 2588 2685 caetera.
2620 2628 2920 2699 Scriptum:
2936 2644 3061 2683 mos
3086 2638 3172 2685 est
3204 2631 3337 2683 vino
3364 2645 3555 2700 poenas
3589 2639 3646 2686 et

2067 2730 2298 2774 mortem
2333 2718 2592 2791 ﬁgurare,
2628 2720 2708 2773 uti
2731 2719 2787 2774 in
2810 2720 2949 2774 illo:
2983 2717 3143 2774 Catia:
3163 2721 3220 2774 in
3246 2738 3407 2774 manu
3435 2721 3647 2776 Domini

2066 2813 2175 2867 uini
2196 2812 2327 2865 meri
2354 2810 2527 2883 (Psat.
2556 2827 2745 2875 ιιιιν.
2770 2811 2849 2883 8),
2874 2812 3036 2882 quasi
3062 2812 3244 2879 dicat,
3274 2812 3448 2870 Penes
3474 2812 3645 2870 Deum

2069 2905 2378 2978 est.pmnis
2417 2906 2655 2976 aﬂligere
2698 2920 3062 2977 quoscunque
3108 2906 3364 2962 voluerit.
3413 2905 3646 2973 Quando

2070 2999 2238 3069 igitur
2271 2999 2359 3054 hic
2385 2999 2697 3070 passionem
2720 3008 2776 3054 et
2807 3007 3039 3055 mortem
3066 3000 3252 3054 vinum
3294 3008 3478 3066 vocat,
3507 3000 3649 3056 bene

2071 3092 2272 3163 adjecit
2323 3092 2378 3147 in
2424 3092 2694 3163 sanguine
2740 3107 2859 3147 uva:
2908 3108 3033 3149 esse
3075 3094 3338 3149 amictum
3384 3094 3540 3164 ejus,
3585 3102 3647 3149 ut

2072 3184 2360 3256 sanguinis
2389 3186 2614 3241 nomine
2659 3186 2975 3256 passionem
3025 3186 3375 3244 manifestius
3397 3188 3649 3243 declara-

2070 3287 2175 3335 ret.
2225 3278 2434 3335 Stolam
2476 3287 2656 3335 autem
2692 3280 2929 3351 appellat
2967 3266 3303 3352 assumptam
3355 3283 3497 3339 servi
3530 3281 3646 3336 for-

2071 3387 2239 3427 mam.
2295 3371 2444 3427 Satis
2493 3380 2676 3426 autem
2718 3381 2945 3441 apparet
2983 3373 3112 3427 vino
3163 3382 3344 3430 vestes
3392 3375 3649 3429 mundari

2071 3480 2179 3519 non
2209 3479 2405 3534 posse;
2426 3464 2536 3518 imo
2556 3463 2686 3518 vino
2711 3464 2962 3533 protinus
2984 3464 3058 3518 ita
3079 3466 3425 3535 polluuntur,
3451 3474 3509 3520 ut
3531 3467 3646 3521 haec

2072 3558 2301 3629 pollutio
2340 3572 2449 3611 non
2481 3556 2590 3612 nisi
2626 3555 2947 3611 dillicillime
2974 3554 3160 3613 deleri
3185 3558 3385 3629 possit.
3422 3559 3491 3612 At
3518 3575 3649 3613 cum»

2075 3650 2388 3706 hominibus
2425 3665 2573 3706 mors
2594 3650 2719 3705 vita:
2747 3649 3042 3719 depositio,
3072 3648 3304 3704 Domino
3330 3660 3511 3706 autem
3536 3667 3654 3707 non

2074 3742 2199 3794 vitae
2238 3738 2539 3810 depositio,
2588 3738 2685 3793 sed
2731 3740 3023 3795 translatio
3066 3741 3135 3795 ad
3173 3741 3337 3795 aliam
3362 3744 3644 3799 meliorem

2074 3835 2265 3896 vitam,
2298 3847 2460 3902 quam
2491 3847 2521 3886 e
2558 3831 2791 3886 mortuis
2819 3846 3112 3904 resurgens
3145 3834 3375 3905 accepit,
3400 3835 3523 3890 ideo
3560 3835 3648 3891 di-

2076 3927 2152 3981 cit
2183 3945 2196 3981 :
2227 3924 2451 3980 Lavabit
2496 3925 2551 3978 in
2600 3924 2720 3979 vino
2765 3925 2956 3980 stolam
2998 3943 3150 3981 suam
3172 3967 3188 3993 ,
3223 3937 3278 3983 et
3309 3936 3527 3985 caetera.
3550 3927 3658 3985 His

2077 4016 2222 4072 enim
2285 4017 2559 4090 signiﬁcat
2607 4028 2837 4075 mortem
2891 4018 3116 4076 Christo
3161 4036 3270 4076 non
3315 4022 3382 4076 ad
3429 4036 3651 4093 poenam

2078 4109 2221 4175 dari,
2257 4118 2317 4165 ut
2347 4112 2583 4177 caeteris.
2616 4111 2713 4168 sed
2741 4122 2800 4167 ut
2827 4112 3027 4169 exinde
3059 4112 3328 4171 illustrior
3366 4121 3653 4186 appareat,

409 4210 569 4282 ἔξῆςο
597 4208 685 4263 ἵνα
714 4204 876 4277 ετπῃ,
919 4204 1002 4258 ὅτι
1035 4203 1241 4269 δέξεται
1278 4201 1342 4255 τδ
1372 4199 1544 4264 πάθος
1571 4200 1672 4253 οὐκ
1696 4198 1789 4252 ἐπὶ
1816 4215 1972 4269 τιμω-

2080 4203 2412 4259 immortalis
2445 4212 2501 4261 et
2535 4203 2971 4276 incorruptibilis
3002 4204 3201 4263 factus.

408 4302 526 4376 ρίᾳ,
545 4300 621 4365 ὡς
654 4299 703 4352 οἱ
727 4298 938 4361 λοιποὶ,
968 4295 1083 4351 ἀλλ’
1106 4294 1182 4358 ὡς
1211 4294 1345 4349 πολὺ
1383 4292 1765 4365 λαμπρότερος
1794 4289 1854 4357 ἐξ
1880 4289 1979 4342 αὑ-

405 4392 503 4447 τοῦ
530 4394 763 4463 φανῆναι
781 4432 797 4455 ,
837 4390 1101 4453 ἀθάνατος
1125 4388 1218 4442 καὶ
1250 4386 1527 4458 ἄφθαρτος
1551 4383 1808 4455 γεγονώς.

479 4482 630 4553 Στίχ.
664 4482 749 4553 ιβ’.
780 4511 855 4525 -—
879 4480 1192 4551 Χαροποιοί
1226 4483 1280 4534 οἱ
1317 4479 1608 4549 ὀφθαλμοὶ
1645 4476 1830 4532 αὐτοῦ
1859 4477 1972 4532 ἀπὸ

2151 4477 2310 4535 Vers.
2348 4478 2435 4535 12.
2462 4508 2533 4519 -—
2568 4478 2814 4551 (ἕναιὶβεί
2853 4480 2995 4535 oculi
3034 4480 3150 4551 ejus
3178 4495 3335 4550 super
3364 4480 3563 4546 uinum,
3596 4490 3653 4538 et

408 4576 581 4630 οἴνου
605 4615 621 4639 ,
670 4575 768 4628 καὶ
826 4573 1033 4629 λευκοὶ
1083 4576 1136 4627 οι
1188 4573 1431 4639 ὀδόντες
1478 4570 1663 4625 αὐτοῦ
1711 4570 1751 4639 ἢ
1800 4568 1975 4640 γάλα.

419 4667 643 4740 Ἐπειδὴ
679 4668 785 4739 γάρ
812 4666 923 4721 τῶν
950 4665 1078 4738 οἴνῳ
1106 4664 1285 4736 πολλῷ
1309 4662 1660 4736 κεχρημένων
1685 4662 1805 4726 ἔθος
1825 4662 1980 4733 ὑφαί-

411 4773 549 4829 μους
596 4773 711 4820 πως
751 4752 888 4811 εἶναι
925 4756 1053 4819 τοὺς
1083 4754 1394 4826 ὀφθαλμοὺς
1417 4793 1432 4817 ,
1459 4752 1616 4806 τοῦτο
1662 4750 1808 4821 λέγει
1830 4791 1847 4817 ,
1897 4753 1979 4805 ὅτι

408 4847 554 4902 κατὰ
589 4848 688 4918 μὲν
717 4846 779 4900 τὸ
811 4847 981 4911 πάθος
1028 4847 1120 4901 καὶ
1160 4846 1251 4900 τὸν
1281 4844 1507 4899 θανάτον
1544 4843 1826 4898 ἀλλοίωσίν
1858 4861 1979 4898 τινα

409 4940 660 5009 φανεῖται
691 4937 980 5010 δεξάμενος
998 4954 1013 4971 υ
1035 4937 1302 5007 τοσαύτην
1330 4937 1387 4991 δὲ
1416 4935 1528 5003 ἕξει
1569 4936 1663 4989 ἐπὶ
1697 4935 1759 4989 τὸ
1802 4938 1980 5008 κρεῖτ-

408 5048 502 5084 τον
537 5031 837 5104 μεταϐολὴν
857 5071 874 5097 ,
907 5031 981 5095 ὡς
1023 5030 1294 5101 γάλακτος
1324 5029 1555 5101 φανῆναι
1580 5029 1975 5101 λαμπρότερος.

422 5122 557 5176 Ἀπὸ
584 5122 693 5195 γάρ
716 5122 824 5177 τῶν
852 5121 1079 5177 ὀδόντων
1104 5162 1119 5186 ,
1153 5121 1226 5187 ὼς
1255 5122 1363 5177 ἀπὸ
1394 5121 1593 5193 μέρους
1613 5161 1628 5185 ,
1666 5121 1728 5175 τὸ
1761 5121 1869 5174 πᾶν
1896 5122 1977 5173 εἰ·

413 5218 537 5269 πεῖν
558 5215 833 5288 ἠϐουλήθη
858 5234 872 5248 ·
903 5217 998 5270 καὶ
1024 5216 1259 5287 μάλιστα
1286 5214 1472 5286 ἐπειδή
1501 5232 1617 5279 πως
1636 5215 1981 5285 ἀποκεκρυμ-

415 5309 612 5380 μένους
647 5310 744 5380 μὲν
767 5304 902 5363 εἶναι
923 5310 1036 5372 τοῖς
1057 5307 1259 5379 χείλεσι
1283 5308 1406 5372 τοὺς
1431 5306 1647 5369 ὀδόντας
1673 5304 1978 5376 συμϐαίνει,

410 5399 800 5470 ἀναφαίνεσθαι
838 5400 895 5454 δὲ
936 5399 1341 5470 διανοιγομένου
1382 5397 1476 5451 τοῦ
1516 5396 1800 5467 στόματος.
1828 5396 1982 5450 Οὕτω

2081 4571 2298 4627 candidi
2338 4572 2519 4627 dentes
2554 4573 2667 4643 ejus
2696 4589 2854 4643 quam
2897 4573 3003 4628 lac.
3035 4573 3265 4641 Quando
3290 4572 3434 4629 oculi
3469 4574 3646 4629 homi-

2080 4681 2212 4720 num
2257 4666 2385 4720 vino
2415 4666 2723 4722 deditorum
2768 4667 3087 4723 subcruenti
3118 4668 3409 4731 videntur.
3443 4666 3651 4723 indicat

2082 4757 2168 4814 his
2205 4757 2487 4815 Chrismm
2529 4769 2651 4828 post
2701 4760 3014 4829 passionem
3065 4768 3120 4815 et
3166 4770 3398 4816 mortem
3450 4775 3647 4815 novam

2082 4850 2320 4921 speciem
2343 4860 2716 4921 accepturum.
2748 4851 2898 4907 Adeo
2928 4861 3106 4908 autem
3134 4854 3360 4908 meliora
3387 4852 3654 4908 sortietur

2083 4950 2144 4996 ut
2189 4942 2330 4997 lacte
2379 4942 2997 5014 candidionappareat.
3062 4943 3197 4999 Nam
3251 4962 3318 5000 ex
3367 4944 3648 5005 dentibus.

2082 5042 2346 5105 tanquam
2380 5050 2447 5090 ex
2477 5044 2632 5106 parte
2657 5075 2672 5100 ,
2704 5044 2880 5091 totum
2911 5038 3025 5091 vult
3050 5037 3386 5108 signiﬁcare.
3422 5034 3652 5107 Insuper

2081 5126 2539 5198 quemadmodum
2589 5129 2781 5185 dentes
2816 5129 2977 5185 labiis
3029 5130 3376 5184 occultantur
3418 5137 3473 5184 et
3527 5128 3649 5183 dein

2082 5227 2272 5289 aperto
2301 5233 2396 5275 ore
2422 5230 2721 5291 apparent;
2744 5220 2821 5276 ita
2848 5223 3013 5277 etiam
3044 5218 3250 5275 Christi
3278 5218 3485 5275 candor
3514 5227 3653 5274 tem-

2082 5326 2215 5381 pore
2238 5311 2433 5368 mortis
2472 5313 2805 5379 occultatus,
2838 5320 3029 5383 postea
3054 5311 3310 5368 omnibus
3346 5326 3441 5382 per
3464 5327 3652 5367 resur-

2083 5400 2390 5457 rectionem
2422 5404 2727 5475 apparebit.

409 5492 470 5545 δέ
500 5509 618 5559 πως
669 5495 765 5550 καὶ
816 5496 852 5565 ἡ
901 5494 1029 5567 περὶ
1069 5493 1232 5552 αὑτὸν
1276 5492 1595 5566 λαμπρότης
1642 5491 1999 5566 κεκρυμμένη
2053 5496 2194 5551 κατὰ
2244 5498 2334 5552 τὸν
2386 5498 2479 5554 τοῦ
2536 5499 2764 5556 θανάτου
2827 5497 3014 5570 καιρὸν
3067 5497 3471 5571 ἀναφανήσεται
3518 5498 3655 5554 πᾶσι

410 5587 502 5646 διά
530 5587 630 5662 τῆς
671 5588 1042 5654 ἀναστάσεως.

2009 5746 2072 5766 α
