4106 6238
412 310 510 367 647

1580 305 1932 362 ΤΙΙΕΟΟΟΒΙ
1967 304 2454 363 MOI’SUESTENI

3571 313 3600 363 If.
3610 312 3635 361 ι
3641 309 3672 360 8

1199 505 2022 595 FRAGII‘IENTUM
2116 509 2238 597 IN
2326 505 2884 597 EXODUM.

1006 726 1157 780 CAP.
1196 725 1385 780 XXVI.

478 819 635 875 Vers.
662 818 754 874 55.
793 847 863 860 --
903 818 1306 874 Candelabrum
1361 827 1480 874 erat
1521 818 1829 889 symbolum
1878 816 1988 871 diei

406 928 435 966 a
482 913 590 965 ι)εο
616 910 867 979 perfecti.
904 910 1059 965 Unde
1084 912 1249 964 etiam
1280 922 1488 979 septem
1523 911 1785 964 lucernas
1821 910 1992 963 hahe-

404 1005 517 1066 bat,
546 1004 748 1073 quibus
779 1002 1078 1056 hebdomas
1104 1002 1316 1055 dierum
1356 1003 1717 1071 ligurahatnr.
1750 1001 1825 1055 Ita
1855 1003 1984 1070 qui-

404 1098 528 1152 dem
568 1096 932 1150 constitutum
953 1102 1071 1148 erat
1098 1094 1252 1163 prius
1274 1094 1708 1148 tabernaculum.
1737 1095 1800 1146 At
1826 1094 1990 1148 simul

405 1192 586 1243 omnia
611 1189 779 1258 lignra
802 1187 1148 1256 posterioris.
1174 1186 1310 1239 Nam
1343 1200 1467 1239 arca
1502 1185 1811 1240 testamenti
1852 1184 1993 1238 indi-

404 1284 568 1337 cabat
621 1283 826 1335 cultum
881 1290 934 1334 et
984 1281 1321 1347 agnitionem
1378 1277 1513 1344 Dei;
1562 1279 1758 1332 tabula:
1810 1286 1989 1331 autem

404 1375 719 1430 testamenti
766 1388 886 1442 qua:
922 1373 973 1426 in
1018 1387 1168 1433 arca,
1195 1382 1248 1424 et
1297 1373 1445 1439 virga
1490 1370 1671 1423 Aaron
1714 1368 1993 1437 significa-

404 1472 533 1525 bant
554 1469 795 1521 divinum
817 1467 1022 1520 cultum
1048 1468 1180 1537 legis
1198 1466 1582 1522 observatione
1606 1471 1658 1517 et
1681 1462 1856 1515 sacris
1878 1458 1993 1512 riti-

404 1562 507 1616 bus
535 1562 741 1631 perlici.
778 1557 927 1612 Urna
953 1574 1151 1612 manna
1190 1560 1397 1613 habens
1429 1553 1846 1610 commendabat
1878 1565 1994 1604 me-

403 1654 637 1706 moriam
675 1652 959 1720 temporis,
994 1666 1105 1719 quo
1136 1651 1210 1703 ita
1239 1666 1268 1703 a
1305 1649 1415 1703 Deo
1443 1647 1669 1709 eruditi,
1700 1659 1901 1698 manna
1936 1644 1993 1695 in

405 1745 624 1799 deserto
650 1741 1035 1795 vescebantur.
1065 1738 1396 1793 Declarabat
1417 1739 1580 1792 etiam
1614 1748 1843 1788 aureum
1868 1732 1996 1784 thu-

408 1838 645 1893 ribulum
698 1845 911 1907 gratam
962 1849 1085 1888 esse
1133 1832 1241 1887 Deo
1287 1841 1343 1887 et
1388 1839 1699 1900 accceptam
1735 1828 1992 1879 virtutem

406 1946 527 2000 qua:
558 1929 642 1983 his
689 1928 997 1997 Pcrlicitur.
1042 1925 1309 1979 lnnuehat
1339 1939 1533 1977 aurum
1573 1937 1637 1976 ex
1663 1920 1810 1973 omni
1838 1926 1995 1988 parte

407 2026 545 2079 nihil
583 2025 640 2078 in
684 2023 850 2078 terris
886 2021 997 2075 Deo
1037 2020 1211 2088 magis
1255 2019 1471 2087 placere
1500 2031 1663 2085 quam
1708 2012 1989 2066 hominum

2641 725 2887 780 IiE<bAA.
2938 728 3086 793 K57.

2163 816 2310 886 Στῖχ.
2338 816 2429 869 λε’.
2466 846 2536 856 -
2581 817 2643 869 Ἦ
2685 818 2955 888 δὲλυχνία
2988 817 3252 887 σύμϐολον
3291 812 3357 888 ἦν
3398 817 3498 887 τῆς
3536 818 3671 869 circa

2090 908 2419 979 τελουμένης
2465 909 2614 979 παρὰ
2653 909 2745 962 τοῦ
2772 909 2906 962 Θεοῦ
2950 909 3180 979 ἡμέρας.
3215 909 3377 961 ’ὈΟεν
3417 910 3509 960 καὶ
3536 908 3674 960 ἑπτά

2091 1000 2215 1062 τοὺς
2238 1003 2421 1071 φωστῆ
2430 1019 2527 1072 ρας
2550 997 2683 1071 εἶχε,
2705 1001 2966 1069 σύμϐολον
2988 1001 3084 1070 τῆς
3106 1001 3396 1067 ἑϐδομάδος
3414 1000 3520 1051 τῶν
3540 1002 3674 1070 ἡμε-

2094 1094 2221 1164 ρῶν.
2244 1094 2397 1147 Οῦτω
2421 1096 2517 1163 μὲν
2540 1092 2631 1147 οὖν
2674 1090 2817 1164 εἶχεν
2834 1098 2866 1164 η
2889 1093 3081 1164 πρώτη
3105 1093 3295 1163 σκηνή.
3317 1094 3478 1159 Λέγει
3500 1093 3554 1145 δὲ
3581 1094 3671 1146 καὶ

2091 1186 2162 1238 τὰ
2179 1188 2275 1255 τῆς
2294 1186 2569 1256 δευτέρας.
2588 1186 2650 1238 ἸΙ
2672 1187 2767 1254 μὲν
2794 1183 2886 1239 οὖν
2913 1185 3141 1249 κιϐωτὸς
3161 1186 3259 1255 τῆς
3274 1184 3557 1256 διαθήκης,
3572 1185 3671 1255 τῆς

2092 1276 2185 1329 τοῦ
2212 1277 2366 1329 Θείου
2394 1277 2685 1348 Οεραπείας
2705 1296 2761 1329 τε
2786 1278 2879 1331 καὶ
2901 1278 3248 1345 ἐπιγνώσεως
3275 1276 3539 1346 σύμϐολον
3560 1273 3627 1346 ἦν
3653 1293 3667 1307 ·

2094 1370 2150 1421 αἱ
2173 1369 2226 1422 δὲ
2245 1371 2301 1421 ὲν
2332 1370 2467 1439 αὐτῇ
2502 1370 2706 1434 πλάκες
2728 1371 2826 1439 τῆς
2848 1370 3130 1440 διαθήκης,
3159 1373 3250 1423 καὶ
3275 1373 3306 1439 ἡ
3339 1369 3431 1421 τοῦ
3464 1368 3670 1438 Ἀαρὼν

2097 1464 2287 1535 ῥάϐδος
2307 1506 2320 1527 ,
2348 1464 2503 1518 τοῦτο
2540 1467 2835 1535 ἐσήμαινον
2857 1482 2870 1495 ν
2918 1466 2978 1518 τὸ
3012 1465 3109 1536 τὴν
3141 1466 3267 1536 περὶ
3305 1465 3393 1519 τὸν
3425 1465 3555 1518 Θεὸν
3583 1463 3669 1517 Θε-

2099 1557 2326 1627 ραπείαν
2357 1557 2444 1610 διά
2470 1574 2527 1610 τε
2575 1558 2673 1625 τῆς
2703 1558 2808 1609 τῶν
2854 1557 3096 1627 νομίμων
3126 1556 3465 1628 πληροῦσθαι
3502 1556 3668 1626 φυλα-

2094 1648 2197 1716 κῆς
2218 1688 2232 1711 ,
2261 1647 2353 1699 καὶ
2382 1647 2478 1716 τῆς
2507 1646 2644 1699 κατὰ
2682 1646 2775 1716 τὴν
2807 1647 3076 1718 ἱερατείαν
3108 1645 3573 1724 λειτουργίαςλἮ
3606 1646 3665 1697 δὲ

2094 1738 2153 1791 τὸ
2182 1738 2354 1807 μάννα
2385 1738 2581 1807 ἔχουσα
2615 1739 2847 1807 στάμνος
2866 1782 2880 1803 ,
2911 1737 3207 1809 ὑπόμνημα
3237 1735 3303 1808 ἦν
3332 1738 3423 1790 τοῦ
3454 1736 3666 1805 καιροῦ,

2095 1830 2218 1885 καθ’
2254 1831 2313 1883 ὃν
2338 1830 2510 1883 ταῦτα
2536 1830 2684 1901 παρὰ
2709 1829 2802 1882 τοῦ
2830 1827 2964 1881 Θεοῦ
3001 1828 3395 1898 παιδευόμενοι,
3436 1829 3497 1880 τὸ
3536 1827 3669 1898 μάν-

2094 1939 2160 1974 να
2183 1922 2322 1973 κατὰ
2343 1922 2440 1992 τὴν
2468 1920 2674 1991 ἔρημον
2704 1919 3062 1990 διετρέφοντο.
3098 1920 3170 1971 'l'b
3213 1919 3393 1988 μέντοι
3437 1917 3668 1989 χρυσοῦν

2096 2012 2477 2081 θυμιατήριον,
2510 2009 2775 2080 σύμϐολον
2806 2010 2897 2062 τοῦ
2931 2009 3115 2063 δεκτὺν
3154 2005 3293 2061 εἶναι
3333 2009 3409 2079 τῷ
3435 2010 3553 2079 Θεῷ
3575 2009 3669 2062 καὶ

406 2119 556 2171 circa
610 2116 863 2185 pietatem
910 2113 1175 2168 studium.
1224 2109 1522 2165 Cherubim
1580 2122 1701 2178 qua:
1754 2106 1992 2174 desuper

2091 2105 2189 2176 ἡδὺ
2248 2104 2345 2174 τὴν
2397 2103 2504 2157 ἀπὸ
2557 2101 2761 2155 τούτων
2818 2101 3195 2173 πληρουμένην
3255 2102 3477 2171 ἀρετήν.
3534 2100 3667 2168 Περὶ

405 2219 584 2271 erant.
618 2216 776 2262 erant
808 2207 1072 2261 memoria
1096 2205 1457 2259 invisibilium
1482 2212 1535 2257 et
1557 2199 1986 2254 ministratoria-

405 2318 527 2356 rum
576 2301 863 2353 virtutum.
917 2298 1067 2363 Quas
1118 2298 1262 2352 inter
1315 2296 1483 2350 Deum
1519 2293 1727 2347 versari
1757 2290 1986 2345 decebat

406 2410 530 2449 cum
586 2393 952 2447 invisibilibus
997 2392 1334 2455 virtutibus,
1377 2399 1637 2459 tanquam
1691 2385 1981 2443 ministris.

406 2489 484 2540 uti
518 2486 747 2547 soleret,
780 2492 833 2539 et
871 2499 970 2553 per
1004 2498 1067 2537 ea
1113 2493 1311 2537 cuncta
1341 2494 1599 2551 peragere
1628 2493 1749 2547 qua:
1779 2476 1845 2529 ad
1874 2477 1984 2531 uti-

406 2580 610 2634 litatem
644 2579 949 2631 animarum
980 2583 1293 2631 nostrarum
1335 2576 1632 2645 pertinent.

2095 2200 2271 2253 πάντα
2304 2199 2359 2250 δὲ
2381 2196 2578 2268 χρυσὸς
2603 2237 2618 2259 ,
2649 2198 2728 2258 εἰς
2770 2197 2988 2266 μήνυμα
3028 2193 3119 2248 τοῦ
3146 2195 3363 2247 πάντων
3390 2189 3530 2245 εἶναι
3556 2192 3664 2243 τῶν

2093 2295 2185 2347 ἐπὶ
2212 2294 2312 2361 γῆς
2344 2291 2684 2363 τιμιωτέρων
2704 2290 2822 2359 Θεῷ
2844 2289 2940 2360 τὴν
2973 2289 3099 2359 περὶ⁵
3125 2288 3298 2342 ταῦτα
3325 2288 3431 2339 τῶν
3454 2284 3663 2355 ἀνθρὼ-

2092 2404 2209 2439 πων
2248 2385 2561 2455 ἐμμέλειαν.
2613 2382 2693 2435 Τὰ
2742 2382 2797 2435 δὲ
2847 2382 3101 2452 ὑπεράνω
3129 2381 3331 2434 τούτων
3364 2378 3664 2449 Χερουεὶμ,

2092 2479 2318 2547 μήνυμα
2355 2477 2462 2528 τῶν
2494 2475 2739 2547 ἀοράτων
2785 2474 2879 2528 καὶ
2926 2474 3310 2546 λειτουργικῶν
3342 2472 3620 2543 δυνάμεων
3643 2486 3659 2501 ·

2088 2563 2163 2623 ὧν
2202 2569 2260 2621 ἐν
2310 2568 2459 2637 μέσῳ
2485 2565 2686 2621 τούτων
2715 2566 2805 2618 τὸν
2841 2564 2971 2617 Θεὸν
2997 2565 3352 2635 χρηματίζειν
3414 2563 3663 2617 συνέϐαι-

407 2687 529 2725 νεν·
558 2671 745 2741 ἐπειδὴ
793 2672 885 2724 καὶ
935 2674 1053 2733 ταῖς
1116 2669 1367 2741 ἀοράτοις
1413 2667 1717 2738 δυνάμεσι,
1787 2666 2051 2727 διακόνοις
2083 2664 2386 2734 κεχρῆσθαι
2449 2662 2527 2732 τῷ
2576 2661 2695 2732 Θεῷ
2749 2661 2907 2726 ἒοος,
2957 2662 3051 2713 καὶ
3102 2659 3189 2712 διὰ
3237 2659 3437 2713 τούτων
3487 2660 3666 2712 πάντα

408 2766 648 2839 πληροῦν
680 2767 747 2820 τά
787 2768 867 2829 εἰς
903 2766 1168 2837 ὠφέλειαν
1198 2764 1536 2817 συντείνοντα
1562 2764 1671 2815 τῶν
1701 2764 1989 2833 ἡμετέρων
2029 2759 2235 2830 ψυχῶν.

974 2912 3638 2937 Mm

1403 3046 1942 3139 EJUSDEM
2042 3042 2670 3136 THEODORI

1121 3263 1891 3379 EXPOSITIO
2014 3261 2159 3374 IN
2263 3259 2941 3378 PSALMOS.

1006 3491 1082 3541 Ex
1124 3493 1300 3539 catena
1335 3484 1631 3538 Corderiana
1656 3482 1706 3532 in
1731 3483 1971 3544 Psalmos,
1997 3482 2201 3532 insertis
2222 3496 2313 3532 suo
2332 3484 2444 3532 loco
2467 3484 2754 3549 fragmentis
2775 3486 2895 3537 alias
2916 3486 3079 3537 editis.

988 3791 1316 3849 PSALMUS
1353 3789 1394 3845 1.

458 3890 648 3949 Ὓειιε.
678 3887 1065 3944 1.-Τ1ιεοιιονὶ
1085 3885 1415 3940 Antiocheni.
1444 3883 1579 3938 Cum
1605 3881 1748 3937 Deus
1769 3878 1989 3951 proprie

414 3985 608 4042 beatus
630 3982 701 4037 sit
731 3979 956 4051 [Paulus
988 3979 1134 4033 enim
1160 3980 1235 4032 ait
1268 3997 1280 4033 :
1311 3976 1510 4031 Beatus
1540 3990 1601 4027 ac
1631 3973 1775 4027 solus
1805 3984 1986 4041 potens

416 4076 479 4148 (Ι
506 4075 642 4129 Tim.
687 4088 761 4136 γι,
797 4070 935 4142 15)],
962 4070 1123 4139 hujus
1155 4054 1255 4123 nos
1289 4064 1667 4137 appellationis
1699 4062 1990 4133 participes

414 4167 631 4235 effecit,
692 4175 753 4220 ut
812 4166 905 4235 qui
955 4164 1116 4219 etiam
1162 4161 1338 4217 ﬁdelis
1393 4159 1575 4215 dictus
1615 4157 1735 4212 sit:
1785 4154 1989 4210 Fidelis

415 4260 585 4323 enim,
626 4255 824 4325 inquit,
858 4253 1019 4318 Deus,
1048 4267 1140 4320 per
1173 4267 1326 4321 quem
1351 4248 1526 4303 vocati
1585 4248 1710 4301 estis
1770 4243 1821 4316 (I
1858 4244 1986 4300 Cor.

419 4369 457 4417 ι,
486 4351 565 4419 9).
608 4349 693 4414 Et,
727 4347 868 4401 Deus
897 4346 1094 4415 ﬁdelis,
1125 4353 1174 4399 et
1217 4360 1320 4397 non
1353 4351 1430 4397 est
1468 4342 1722 4411 iniquitas
1767 4341 1822 4393 in
1871 4340 1984 4406 ipso

419 4443 601 4513 (Deut.
635 4456 804 4503 χχιιι,
841 4439 920 4509 4).
950 4438 1041 4492 Sic
1066 4437 1230 4491 etiam
1254 4436 1386 4490 deos
1415 4443 1593 4499 vocat,
1628 4433 1786 4502 juxta
1810 4432 1983 4487 illud:

419 4536 529 4605 Ego
575 4535 732 4587 dixi:
764 4533 850 4585 Dii
891 4532 1018 4586 estis
1062 4531 1236 4602 (Psat.
1288 4544 1484 4593 LXXXI,
1515 4526 1592 4597 6).
1645 4524 1853 4580 Nomen
1883 4524 1985 4579 ita-
2022 4602 2025 4605 Α

417 4642 523 4699 que
547 4626 705 4690 beati,
747 4624 963 4678 fructus
1004 4632 1086 4677 est
1136 4622 1492 4693 perfectionis
1527 4622 1584 4675 in
1615 4621 1834 4677 virtute.

990 4714 1307 4770 PSALMUS
1342 4713 1403 4769 Il.

485 4810 653 4866 Vens.
680 4812 731 4864 I.
762 4838 828 4850 --
857 4808 1118 4863 Theodori
1138 4810 1464 4865 Antiocheni.
1505 4805 1622 4864 Non
1651 4810 1785 4865 dicit
1809 4820 1982 4881 gentes

2668 3788 2957 3843 ΨΑΛΜΟΣ
2993 3792 3072 3843 Λ’.

2165 3882 2313 3953 Στίχ.
2348 3888 2418 3935 α’.
2466 3911 2535 3921 -
2575 3881 2874 3951 Θεοδώρου
2918 3882 3288 3951 Ἀντιοχείας.
3340 3884 3560 3955 κυρίως
3604 3886 3663 3940 δὲ

2094 3972 2365 4042 μακάριος
2394 3972 2467 4024 ὢν
2504 3974 2532 4024 ὁ
2571 3972 2702 4034 Θεὸς
2743 3970 2983 4040 (Παῦλος
3017 3974 3123 4043 γάρ
3152 3989 3346 4042 φησιν,
3388 3974 3449 4026 '0
3471 3976 3660 4045 μακά-

2084 4082 2215 4133 ριος
2255 4064 2355 4118 καὶ
2387 4065 2574 4133 μόνος
2606 4061 2951 4130 δυνάστης)
2975 4104 2989 4127 ,
3028 4065 3300 4134 μετέδωκε
3337 4066 3540 4136 ταύτης
3563 4068 3663 4137 τῆς

2090 4157 2461 4228 προσηγορίας
2501 4158 2632 4226 ἡμῖν
2657 4196 2671 4219 ,
2697 4156 2771 4219 ὡς
2817 4158 2911 4209 καὶ
2955 4157 3145 4220 πιστὸς
3191 4157 3537 4228 καλούμενος.
3562 4161 3662 4211 Ht-

2090 4252 2235 4316 στὸς
2274 4251 2383 4319 γὰρ
2407 4289 2422 4310 ,
2454 4250 2645 4319 φησιν,
2680 4252 2713 4302 ό
2746 4248 2889 4314 Θεὸς
2914 4290 2929 4313 ,
2968 4248 3043 4301 δι’
3078 4244 3150 4305 οὗ
3180 4248 3490 4316 ἐκλήθητε.
3526 4250 3661 4314 Καὶ,

2092 4343 2236 4409 Θεὸς
2259 4342 2503 4408 πιστὸς,
2541 4340 2639 4395 καὶ
2668 4344 2779 4395 οὐκ
2820 4342 2991 4394 ἐστιν
3022 4341 3220 4394 ἀδικία
3250 4342 3319 4394 ἐν
3352 4341 3530 4408 αὐτῷ.
3556 4342 3661 4396 Οὖ-

2086 4453 2193 4498 τως
2240 4435 2333 4487 καὶ
2370 4434 2525 4496 θεοὺς
2571 4434 2759 4497 καλεῖ,
2805 4434 2946 4486 κατὰ
2990 4433 3051 4486 τὸ
3076 4472 3090 4497 ,
3138 4433 3283 4503 Ἐγὼ
3327 4429 3496 4498 εἶπα,
3537 4436 3661 4488 θεοί

2090 4531 2250 4582 ἐστε.
2276 4528 2348 4580 Τὸ
2382 4524 2475 4582 οῦν
2498 4528 2788 4596 μακάριος
2829 4528 3020 4598 ὄνομα,
3049 4529 3149 4598 τῆς
3176 4528 3297 4581 κατ’
3325 4528 3525 4599 ἀρετὴν
3571 4546 3660 4581 τε-

2092 4622 2362 4692 λειότητος
2395 4621 2625 4693 ὑπάρχει
2650 4620 2875 4691 καρπός.

2677 4712 2967 4765 ΨΛΛΜΟΣ
3006 4712 3080 4766 B'.

2162 4807 2308 4876 Στίχ.
2344 4805 2414 4860 α’.
2445 4838 2511 4847 —-
2542 4803 2839 4873 Θεοδώρου
2885 4807 3216 4874 Ἀντιοχέως
3241 4806 3340 4877 (l).
3382 4808 3455 4860 Οὐ
3483 4806 3655 4875 λέγει,

417 4907 683 4970 absolute,
707 4905 784 4959 ita
814 4910 875 4957 ut
906 4903 1129 4957 omnino
1158 4918 1349 4958 omnes
1400 4890 1789 4975 comprehendi
1824 4912 1984 4975 pute-
2011 4898 2012 4901 “

2091 4902 2162 4956 τὰ
2186 4901 2351 4969 ἔθνη,
2368 4904 2505 4974 μετά
2525 4902 2618 4955 τοῦ
2642 4902 2861 4974 ἄρθρου,
2901 4903 2986 4955 ἵνα
3014 4903 3222 4966 πάντας
3253 4901 3657 4972 περιλαμϐάνε-

485 5061 562 5132 (I)
595 5059 823 5131 Speravi
852 5059 1073 5132 quidem
1115 5057 1349 5132 majores
1376 5074 1464 5113 me
1493 5070 1677 5129 partes
1699 5059 1974 5132 editurum

416 5127 941 5186 commentariorum
984 5128 1258 5184 Theodori
1296 5127 1668 5199 Mopsuesteni
1713 5131 1780 5183 ad
1819 5130 1980 5186 Psal-

418 5217 569 5267 mos;
615 5210 989 5255 verumtamen
1042 5216 1150 5255 non
1200 5202 1367 5253 semel
1422 5201 1664 5270 comperi
1717 5202 1980 5270 reliquias

417 5273 539 5341 ejus
575 5272 628 5324 in
660 5273 868 5325 catenis
888 5272 1099 5331 obvias,
1120 5270 1294 5341 modo
1318 5286 1441 5324 esse
1460 5270 1736 5323 Theodori
1764 5272 1981 5334 incerti,

420 5343 584 5395 modo
609 5344 773 5394 etiam
800 5340 1166 5405 Theodoreti;
1196 5348 1394 5411 prmter
1421 5341 1625 5395 multas
1657 5357 1687 5393 a
1716 5342 1983 5396 Corderio

419 5421 846 5481 praeoccupatas.
880 5412 1062 5481 Itaque
1098 5427 1168 5464 ne
1211 5411 1339 5480 quid
1375 5412 1691 5477 ambiguum
1736 5413 1977 5475 ederem.

418 5484 513 5535 illa
544 5491 752 5533 tantum
794 5482 925 5534 mihi
971 5492 1248 5550 segmenta
1284 5482 1555 5534 vindicavi
1609 5482 1671 5550 (ἱ.
1703 5498 1748 5534 e.
1784 5483 1977 5552 fragm.

418 5554 474 5605 in
516 5554 651 5618 psal.
686 5566 745 5613 ιι,
794 5566 878 5609 ιιι,
909 5566 962 5614 v,
1002 5567 1074 5611 vi,
1105 5568 1202 5608 vn.
1231 5566 1353 5615 vttt,
1388 5567 1462 5611 ax,
1496 5568 1571 5613 xu,
1604 5567 1705 5614 xit,
1736 5568 1855 5615 xm,
1889 5569 1977 5617 xv,

420 5639 508 5677 xvi
534 5663 547 5683 ,
590 5637 734 5683 xvu,
770 5637 891 5673 xxvi
913 5660 927 5681 ,
960 5635 1129 5673 xxvut
1157 5661 1172 5682 ,
1206 5637 1333 5674 xxxx
1356 5660 1370 5682 ,
1403 5637 1501 5685 xc,
1554 5638 1662 5674 XLII
1685 5661 1698 5683 ,
1730 5639 1845 5687 qua’
1871 5624 1979 5676 suis

423 5692 988 5746 Iocisinterseruinms.
1026 5691 1125 5743 En.
1168 5691 1391 5756 PATR.),
1431 5707 1551 5760 qum
1590 5692 1852 5745 Theodori
1882 5708 1980 5745 no-

422 5763 668 5815 minatim
718 5761 1028 5815 Antiocltcni
1076 5776 1275 5815 nomen
1327 5766 1629 5830 gerebant,
1678 5778 1786 5831 quo
1821 5764 1982 5817 titulo

2081 5076 2296 5132 semper
2328 5061 2558 5131 intelligi
2613 5059 2959 5116 Theodorum
3016 5061 3208 5124 illum,
3246 5061 3337 5132 qui
3386 5060 3491 5116 fuit
3540 5060 3662 5113 Mo-

2081 5131 2344 5202 psuestia:
2368 5133 2689 5201 episcopus,
2725 5133 3069 5200 exploratum
3099 5139 3203 5184 est.
3240 5131 3395 5185 Edita
3432 5134 3559 5186 item
3589 5135 3659 5185 ah

2083 5204 2208 5258 aliis
2226 5203 2526 5259 recudenda
2561 5217 2672 5256 non
2704 5202 2981 5269 iudicavi;
3013 5210 3067 5255 et
3106 5217 3228 5253 eum
3265 5204 3381 5256 otio
3428 5204 3659 5257 minime

2084 5272 2380 5336 abundem,
2414 5276 2556 5327 duos
2580 5283 2792 5326 tantum
2817 5272 2992 5328 evolvi
3026 5271 3268 5336 codices.
3301 5287 3496 5341 nempe
3522 5288 3660 5340 pra--

2087 5352 2323 5399 stantem
2353 5359 2417 5397 ac
2450 5352 2686 5396 veterem
2722 5341 2846 5396 Vat.
2874 5342 2978 5394 754
3019 5341 3130 5411 (Α).
3169 5352 3223 5396 et
3267 5346 3654 5405 recentiorem,

2088 5416 2183 5468 sed
2236 5415 2408 5468 multo
2459 5413 2828 5480 copiosiorem
2882 5411 3005 5464 Vat.
3050 5411 3192 5464 1682
3247 5412 3354 5481 (B).
3405 5412 3652 5466 Latinam

2086 5485 2320 5555 denique
2345 5485 2591 5555 brevium
2619 5483 2810 5555 horum
2835 5484 3675 5555 excerptornmtranslationem'

2088 5552 2299 5610 aliis’si
2334 5556 2518 5608 volent
2573 5553 2876 5606 faciendam
2927 5555 3172 5622 permiSi.
3207 5552 3337 5607 Mihi
3384 5554 3653 5622 integrum

2089 5624 2144 5678 in
2197 5627 2490 5695 prophetas
2540 5625 2999 5695 commentarium
3046 5623 3112 5676 de
3154 5623 3651 5695 Grmco__Latinum

2088 5690 2463 5753 fecisse-satis
2501 5703 2605 5750 est.
2646 5693 2799 5764 (MM,
2822 5693 2962 5749 Bibl.
3000 5710 3113 5748 nov.
3143 5694 3322 5759 Pana,
3349 5690 3459 5759 VII,
3492 5693 3645 5747 σουλ
