4096 6234
478 210 503 265 ι

370 313 481 373 εις

1563 320 1924 379 EXPOSITIO
1962 323 2029 377 IN
2060 320 2395 381 PSALMOS.

3487 341 3591 400 €50

370 436 496 489 σθαι
540 435 785 509 νομίσῃς,
816 436 953 501 ἀλλ’,
985 437 1149 505 ἔθνη,
1198 441 1287 493 ἐπὶ
1319 443 1541 512 μερικόν
1582 462 1633 498 τι
1661 446 1807 512 ἄγων
1837 447 1905 516 τη

2006 494 2009 504 _
2038 445 2108 500 tis
2130 486 2145 508 .
2178 448 2270 502 sed
2315 456 2509 518 gentes.
2539 452 2828 519 quamdam
2875 458 3250 527 exceptionem
3284 459 3592 518 subintelli-

367 523 610 578 ἔννοιανο
647 527 833 597 ἐπειδὴ
862 529 970 598 γὰρ
1015 530 1065 580 οἱ
1111 529 1348 583 Ἰουδαῖοι
1378 531 1628 596 λαϐόντες
1660 533 1769 603 [τὸν
1801 534 1930 605 Χρι-

370 615 544 687 urbs].
572 619 683 679 τοῖς
724 617 929 671 ἔθνεσιν
957 619 1118 671 αὐτὸν
1146 620 1433 687 ἐξέδωκαν,
1462 622 1548 675 διὰ
1573 623 1728 677 τοῦτο
1759 626 1931 678 ταῦτὰ

366 721 537 774 φησιν
554 720 570 735 ·
603 706 699 770 Τίς
727 708 759 777 ἡ
788 709 1020 781 τοσαύτη
1054 710 1261 781 ultimi)
1284 713 1338 765 τί
1365 713 1425 766 τὸ
1460 714 1699 781 γεγονὸς,
1727 716 1802 779 ὡς
1834 718 1928 773 καὶ

363 796 496 858 τοὺς
525 795 684 860 λαοὺς
709 799 1094 871 συγκινηθῆναι
1123 803 1240 857 κατ’
1283 802 1469 864 αὐτοῦ,
1508 807 1600 858 καὶ
1625 809 1704 872 εις
1739 810 1928 878 χεῖρας

361 887 529 941 αὐτὸν
554 888 920 960 παραδοθῆναι
967 892 1074 945 τῶν
1109 893 1312 958 ὲθνῶν;
1342 895 1415 947 Τὸ
1438 896 1515 961 δὲ,
1568 898 1923 966 Ἐφρύαξαν,

358 976 483 1030 ἀντὶ
506 977 622 1041 τοῦ,
659 977 1088 1046 Ἦλαςονεύοντο.

424 1090 572 1161 Στίχ,
608 1091 673 1156 ζ’.
703 1123 775 1134 -
808 1094 922 1163 Πρὸ
965 1094 1174 1149 αἰώνων
1222 1096 1369 1162 Υἱὸς,
1398 1098 1633 1168 σήμερον
1673 1101 1924 1165 γεννᾶται

358 1183 647 1253 γενόμενος
680 1184 777 1238 ἀνθ
785 1202 986 1257 ρωπος.

427 1293 575 1365 Στίχ.
600 1294 665 1349 0'.
693 1327 760 1336 —
781 1297 891 1368 Οὐχ
916 1296 1056 1353 ὥστε
1082 1300 1341 1355 ἀπολέσαι
1378 1304 1472 1355 καὶ
1499 1303 1771 1358 ἀναλῶσαι
1800 1322 1922 1358 συν-

354 1382 551 1455 τρίϐει,
598 1384 714 1437 ἀλλ’
750 1385 889 1439 ὥστε
923 1388 1264 1463 ἀναπλάσαι’
1316 1392 1451 1460 πρὸς
1475 1392 1630 1446 τοῦτο
1654 1394 1762 1463 γὰρ
1796 1411 1922 1447 σκο-

356 1474 459 1537 πδς
483 1473 562 1544 τῷ
591 1478 843 1547 κεραμεῖ,
867 1458 1168 1552 συντρίϐειν
1184 1481 1249 1534 τὰ
1267 1458 1440 1536 οἰκεῖα
1467 1458 1818 1554 σκεύηξὸταν
1845 1486 1918 1557 μὴ

355 1562 486 1631 ὑγιῆ
530 1565 624 1618 καὶ
647 1564 900 1635 ἀκέραιον
937 1566 1088 1641 σώζῃ
1124 1569 1218 1622 τοῦ
1252 1572 1545 1643 καραμέως
1578 1572 1673 1644 τὴν
1695 1574 1920 1628 διάπλα-

355 1670 466 1715 σιν,
511 1654 717 1709 οὐδέπω
747 1656 880 1728 πυρὶ
910 1661 1363 1732 προσωμιληκότα
1383 1680 1397 1697 ο
1440 1663 1648 1728 τούτοις
1680 1667 1737 1719 δὲ
1774 1683 1915 1738 μαρ-

353 1748 512 1815 τυρεῖ
553 1747 644 1800 καὶ
671 1748 699 1800 ὁ
743 1749 1009 1820 μακάριος
1052 1751 1319 1824 Ἱερεμίας
1358 1756 1388 1807 ὁ
1435 1758 1717 1827 προφήτης
1744 1757 1913 1826 λέγων

351 1835 435 1900 ὡς
462 1840 526 1891 ἐκ
557 1838 686 1893 Θεοῦ
708 1856 719 1869 '
759 1842 826 1896 Ἦ
849 1841 1046 1908 καθὼς
1070 1845 1102 1897 ό
1126 1847 1414 1915 κεραμεὺς
1432 1844 1609 1914 οὗτος
1632 1852 1703 1903 οὺ
1734 1848 1915 1917 δυνή-

346 1938 535 1993 σομαι
564 1928 735 1983 τοῦτο
777 1930 1026 1999 ποιῆσαι
1056 1935 1214 2005 ὑμῖν,
1250 1933 1412 2004 οἶκος
1448 1938 1722 2007 Ἰσραὴλ,
1754 1940 1913 2010 λέγει

347 2019 604 2085 Κύριος;
624 2020 888 2086 τουτέστι,
909 2022 1081 2088 οὓτως
1103 2027 1195 2079 καλ⁵
1215 2027 1563 2092 διαπεσόντας
1583 2030 1908 2095 ἀναπλάσαι,

345 2109 445 2162 καὶ
476 2110 636 2164 πάλιν
668 2115 746 2177 είς
778 2115 839 2167 τὸ
872 2116 1094 2188 ἀρχαῖον
1110 2117 1571 2191 ἀποκαταστῆσαι.

417 2217 567 2288 Στίχ.
603 2226 691 2275 ια’.
721 2251 791 2262 --
831 2224 1078 2278 Ἐπειδὰν
1104 2227 1211 2298 γὰρ
1238 2228 1559 2299 φοόηθέντες
1587 2231 1674 2285 τὸν
1708 2234 1908 2289 Δεσπό-

340 2323 467 2378 την,
497 2309 565 2362 τὰ
594 2313 936 2382 προσήκοντα
962 2315 1410 2388 διαπραξώμεθα,
1437 2320 1693 2393 πλείστην
1714 2325 1777 2377 ὲκ
1805 2324 1909 2379 τῶν

345 2398 700 2468 πραχθέντων
741 2404 872 2474 ἡμῖν
916 2404 1112 2477 ἔχομεν
1140 2408 1237 2478 τὴν
1266 2409 1599 2482 εὐφροσύνην
1627 2415 1909 2485 ἐγγινομέ-

343 2504 466 2558 νην,
519 2490 614 2543 τοῦ
665 2493 959 2559 συνειδότος
1000 2498 1207 2565 ἀγαθοῦ
1258 2500 1354 2570 μὲν
1395 2503 1769 2573 τυγχάνοντος,
1805 2523 1907 2581 με·

341 2581 538 2652 γίστην
560 2582 622 2649 δὲ
651 2585 774 2656 ἐμοὶ
811 2586 999 2640 τούτου
1041 2589 1140 2660 τὴν
1184 2590 1355 2662 χαράν
1388 2594 1778 2668 παρεχομένου.
1820 2598 1907 2650 Ἐν

337 2676 538 2742 τρόμῳ
582 2676 660 2741 δὲ,
701 2678 976 2734 τουτέστιν
1013 2682 1071 2735 ὲν
1122 2683 1435 2751 κατανύξει.
1484 2687 1557 2755 μή
1592 2704 1719 2741 ποτε
1743 2692 1776 2760 ὴ
1812 2690 1905 2745 τοῦ

340 2762 481 2817 Θεοῦ
520 2767 662 2836 χαρὰ
695 2770 776 2833 είς
804 2770 898 2841 τὴν
917 2771 1009 2824 τοῦ
1038 2771 1240 2843 κόσμου
1270 2775 1545 2847 μεταπέσῃ
1571 2778 1762 2849 χαράν.

418 2857 562 2928 Στίχ.
594 2858 680 2928 ιβ’.
709 2890 778 2907 ν-
821 2863 1014 2934 Ἀπρὶξ
1037 2867 1181 2937 ἡμᾶς
1210 2865 1423 2937 ἔχεσθαι
1451 2868 1549 2939 τῆς
1585 2870 1677 2922 τοῦ
1705 2872 1905 2943 Κυρίου

2030 550 2162 604 gens
2188 556 2201 589 :
2233 554 2356 591 eum
2378 537 2547 593 .Iudaai
2573 541 2897 615 (Christum)
2922 550 3319 618 apprehensum
3341 553 3593 622 gentibus

2030 630 2375 693 tradiderint,
2404 642 2691 704 propterea
2715 636 2829 691 haec
2865 640 3042 710 inquit
3066 658 3079 694 :
3108 642 3240 708 Quae
3269 643 3371 698 ista
3399 659 3588 710 causa,

2028 736 2121 778 aut
2152 727 2426 794 quodnam
2459 725 2683 790 factum.
2719 738 2777 783 ut
2809 734 2993 804 populi
3026 736 3414 804 contraipsum
3443 753 3593 791 com-

2028 826 2398 879 moverentur.
2448 828 2609 887 alque
2657 821 2709 875 in
2745 837 2938 878 manus
2974 827 3209 896 gentium
3242 828 3590 885 traderetur?

2028 902 2076 956 F
2079 918 2380 967 reuerterunt
2404 917 2584 963 autem
2619 926 2716 980 pro
2741 912 2954 982 gloriati
2992 924 3143 971 sunt.

2095 1087 2260 1146 Vens.
2300 1091 2348 1144 7.
2376 1122 2445 1131 -
2478 1092 2579 1158 Qui
2616 1104 2743 1150 ante
2765 1098 2961 1151 saacula
2986 1108 3104 1155 erat
3163 1099 3356 1165 Filius,
3424 1103 3586 1159 hodie

2022 1182 2269 1235 nascitur
2298 1183 2460 1237 homo
2494 1185 2689 1239 lactus.

2094 1289 2257 1348 Visus.
2284 1296 2337 1348 9.
2359 1326 2427 1336 —
2452 1295 2568 1351 Non
2595 1298 2662 1352 ad
2684 1299 3114 1359 destructionem
3134 1320 3198 1359 ac
3218 1307 3429 1363 ruinam
3452 1323 3587 1363 con-

2019 1379 2229 1452 fringit.
2266 1383 2358 1437 sed
2407 1387 2471 1439 ad
2518 1392 2969 1446 restaurationem
3007 1411 3020 1448 :
3058 1394 3123 1448 ad
3150 1397 3253 1453 hoc
3294 1401 3439 1453 enim
3471 1400 3583 1471 agit

2020 1474 2249 1553 ﬁgulus.
2296 1491 2425 1531 vasa
2482 1479 2783 1536 domestica
2846 1484 3238 1557 confringens,
3279 1504 3401 1543 cum
3444 1505 3583 1555 Opus

2019 1563 2257 1633 ﬁgmenti
2281 1609 2295 1629 ,
2339 1574 2577 1625 nondum
2633 1573 2754 1643 igne
2787 1584 3002 1630 coctum
3029 1618 3044 1642 ,
3081 1594 3182 1635 nec
3212 1580 3446 1635 solidum
3480 1599 3582 1639 nec

2018 1671 2213 1724 purum
2241 1660 2530 1715 salvaverit
2556 1682 2568 1716 :
2601 1665 2683 1719 IIIS
2708 1667 3031 1725 testificatur
3050 1686 3267 1740 quoque
3285 1673 3477 1729 beatus
3493 1672 3581 1729 δον

2018 1747 2218 1801 remias
2250 1750 2510 1818 propheta
2558 1767 2620 1806 ex
2670 1752 2779 1809 Deo
2826 1757 3056 1826 loquens
3101 1776 3116 1811 :
3152 1758 3403 1831 Nunquid
3444 1765 3581 1818 sicut

2014 1836 2205 1905 ﬁgulus
2231 1840 2329 1893 ista
2362 1858 2464 1895 non
2506 1855 2685 1912 potero
2730 1847 2825 1901 hoc
2873 1850 3047 1918 facere
3075 1852 3241 1915 vobis,
3275 1855 3460 1909 domus
3492 1855 3577 1910 Is-

2014 1928 2147 1990 rael,
2180 1928 2309 1983 dicit
2340 1932 2599 1989 Dominus
2622 1938 2646 1989 .9
2670 1939 2806 2005 (Jer.
2828 1957 2984 2006 xvm,
3007 1942 3085 2012 6.)
3108 1942 3222 1999 Hoc
3249 1956 3335 2000 est
3364 1947 3577 2005 dirutos

2013 2029 2326 2077 restaurare
2351 2030 2405 2077 et
2433 2025 2486 2078 in
2519 2026 2810 2095 pristinum
2844 2041 3049 2087 statum
3091 2036 3398 2093 restituere.

2082 2223 2247 2281 Vens.
2281 2228 2366 2282 Il.
2398 2261 2460 2273 —-
2488 2230 2642 2297 Cum,
2673 2234 2957 2291 Dominum
2979 2238 3255 2303 timentes.
3282 2252 3428 2297 recte
3447 2258 3575 2316 aga-

2011 2330 2155 2381 mus,
2189 2319 2478 2387 plurimam
2503 2338 2567 2376 ex
2588 2323 2748 2379 factis
2774 2326 2975 2382 nostris
2998 2328 3236 2385 laetitiam
3261 2333 3571 2404 referimus,

2009 2410 2346 2466 conscientia
2381 2412 2523 2467 bona
2562 2416 2859 2470 maximum
2901 2434 3119 2490 semper
3151 2424 3407 2493 gaudium
3436 2443 3571 2497 pra-

2009 2499 2188 2557 bente.
2214 2500 2271 2557 In
2302 2513 2523 2559 tremore
2551 2515 2754 2571 autem,
2786 2510 2890 2566 hoe
2923 2520 3007 2567 est
3039 2514 3092 2567 in
3125 2520 3569 2585 compunetione.

2008 2594 2297 2661 nequando
2347 2595 2439 2651 Dei
2487 2597 2745 2668 gaudium
2783 2602 2836 2659 iu
2870 2604 3131 2674 gaudium
3181 2608 3371 2665 mundi
3428 2611 3569 2669 rela~

2007 2682 2184 2739 batur.

2075 2889 2240 2948 Vens.
2262 2892 2361 2949 .12.
2386 2926 2455 2937 -
2494 2895 2858 2957 Venementer
2880 2916 2983 2957 nos
3009 2901 3220 2961 Domini
3261 2904 3563 2966 doctrinam

336 2971 689 3039 διδασκαλίας
735 2976 1052 3049 βουλόμενος
1072 3022 1086 3046 ,
1123 2982 1342 3048 εἰκότως
1371 2988 1437 3056 τῇ
1482 2986 1576 3043 τοῦ
1608 2986 1905 3057 ἃρὰξιισθε

2006 2985 2258 3055 amplecti
2292 2988 2504 3057 volens,
2532 2992 2728 3051 merito
2761 3007 2891 3048 voce
2916 2997 3287 3065 appreltendite
3317 3000 3507 3057 utitur.

342 3064 495 3133 φωνῇ
524 3063 805 3136 κέχρηται.

930 3183 1221 3239 ΨΑΛΜΟΣ
1257 3185 1331 3239 Γ’.

414 3270 561 3340 Στίχ.
592 3278 659 3339 γ’.
683 3303 751 3313 --
785 3270 955 3326 Τοῦτο
984 3275 1357 3350 φανερώτερον
1380 3278 1667 3345 δείκνυσιν,
1693 3282 1786 3334 ἐπὶ
1809 3283 1901 3336 τοῦ

334 3362 504 3414 Δαυῖδ
536 3362 787 3432 λέγεσθαι
814 3366 923 3418 δεῖν
950 3366 1040 3418 τὸν
1081 3366 1312 3437 ψαλμόν.
1364 3370 1435 3422 Τὸ
1467 3371 1573 3444 γὰρ
1604 3373 1898 3426 ἐπανίστα-

338 3454 470 3506 σθαι
512 3456 712 3525 κυρίως
749 3456 963 3525 λέγεται
1010 3459 1102 3511 ἐπὶ
1143 3459 1251 3512 τῶν
1300 3462 1556 3531 πρότερον
1582 3463 1680 3532 μὲν
1712 3466 1769 3517 ὲν
1796 3465 1900 3519 ὑπ-

2559 3190 2882 3251 PSALMUS
2915 3194 3004 3255 Ill.

2073 3279 2240 3336 Vens.
2263 3283 2316 3338 2.
2346 3314 2413 3327 --
2445 3281 2559 3342 Hoc
2592 3287 2940 3345 manifestius
2971 3291 3276 3345 ostenditur
3316 3293 3419 3349 sub
3459 3292 3564 3350 Da-

2002 3367 2122 3423 vide
2158 3370 2300 3426 hunc
2334 3375 2602 3443 psalmum
2633 3376 2804 3434 fuisse
2830 3382 3115 3448 scriptum.
3163 3383 3278 3438 Hoc
3307 3388 3452 3443 enim
3478 3389 3553 3442 in-

1999 3470 2219 3529 surgunt
2248 3466 2466 3534 proprie
2482 3465 2682 3523 dicitur
2701 3469 2769 3523 de
2792 3470 2879 3527 his
2908 3473 3023 3541 qui,
3060 3475 3374 3543 primumii:
3402 3478 3561 3537 ditio-

336 3545 527 3614 ηκόων
568 3546 711 3612 τάξει
764 3548 1138 3615 καθεστώτων,
1168 3552 1305 3621 μετά
1349 3552 1405 3606 δὲ
1452 3553 1619 3609 ταῦτα
1666 3555 1899 3626 πόλεμον

2006 3562 2119 3602 nem
2160 3552 2434 3620 sapienter
2463 3556 2691 3623 redacti,
2725 3559 2925 3615 bellum
2954 3572 3142 3632 postea
3179 3576 3488 3625 moverunt.

332 3636 652 3707 ἀραμένων.
1784 3642 1832 3677 ’θ

920 3757 1210 3815 ΨΑΛΜΟΣ
1248 3759 1320 3814 E'.

408 3862 555 3932 Στεχ.
575 3864 714 3919 θ’.-
730 3866 822 3931 Τὸ,
842 3867 1174 3938 Ὀδήγησόν
1182 3886 1279 3938 με,
1298 3871 1391 3925 καὶ
1417 3870 1498 3937 τὺ,
1515 3872 1894 3925 Κατεύθυνον

329 3954 588 4009 ἐνώπιόν
607 3974 725 4012 σου
755 3960 871 4025 τὴν
894 3960 1038 4014 ὀδόν
1063 3977 1204 4029 μου,
1221 3961 1281 4014 τὸ
1304 3962 1436 4017 αὐτὸ
1467 3962 1612 4031 λέγει
1634 3963 1755 4016 ἀντὶ
1773 3962 1889 4030 τοῦ,

344 4048 688 4117 Ἐπανάγαγε
710 4065 726 4080 ο
756 4051 815 4103 τὸ
840 4050 969 4122 γὰρ,
1016 4052 1295 4105 Ὲνώπιόν
1317 4069 1454 4117 σου,
1481 4055 1599 4108 ἀντὶ
1618 4054 1731 4119 τοῦ,
1749 4056 1888 4126 Πρὸς

2566 3758 2885 3819 PSALMUS
2918 3763 2981 3818 ν.

2063 3866 2225 3924 Vens.
2256 3869 2309 3924 9.
2347 3901 2413 3913 ι-
2452 3871 2630 3927 Deduc
2675 3890 2755 3928 me
2782 3884 2838 3929 et
2874 3876 3043 3948 dirige
3069 3881 3121 3933 in
3161 3892 3435 3949 conspectu
3468 3894 3555 3942 tuo

1989 3960 2126 4013 viam
2165 3978 2364 4026 meam,
2401 3964 2503 4017 hoc
2541 3965 2673 4019 dicit
2713 3982 2811 4037 pro
2854 3966 3040 4025 Reduc
3070 3985 3155 4026 me
3192 3991 3204 4026 :
3237 3977 3436 4031 etenim
3490 3976 3553 4037 Ιιι

1988 4065 2265 4122 conspectu
2313 4065 2403 4108 tuo
2440 4071 2537 4126 pro
2573 4057 2656 4114 Ad
2692 4069 2739 4116 te
2781 4060 2949 4131 dirige
2990 4064 3127 4116 viam
3159 4080 3347 4130 meam,
3379 4076 3437 4121 ut
3467 4085 3554 4123 re-

329 4140 393 4192 σέ
425 4158 524 4208 μου
560 4141 884 4197 κατεύθυνον
912 4145 1009 4216 τὴν
1057 4146 1195 4208 ὁδὸν,
1232 4147 1318 4200 ἵνα
1345 4146 1621 4202 ἐπανέλθω
1657 4148 1789 4219 πρὸς
1827 4148 1887 4204 σὲ

2006 4146 2140 4199 leam
2177 4147 2242 4201 ad
2277 4156 2326 4201 te
2359 4150 2658 4205 secundum
2691 4149 2972 4208 Iudaicam
3021 4168 3253 4212 mentem
3275 4198 3289 4221 ,
3317 4164 3470 4229 quasi
3498 4164 3551 4219 in

325 4233 470 4286 κατά
496 4234 591 4303 τὴν
621 4236 913 4306 Ἰουδαῖκὴν
946 4238 1228 4307 ὑπόληψιν,
1270 4238 1344 4302 ὡς
1390 4240 1447 4292 ὲν
1489 4239 1567 4309 τῷ
1594 4240 1733 4293 Σιὼν
1770 4241 1886 4311 ὄρει

2006 4248 2224 4292 uontem
2268 4238 2399 4294 Sion
2445 4241 2749 4299 adduceute
2787 4245 3019 4303 Domino
3061 4268 3078 4305 :
3122 4261 3332 4318 propter
3372 4255 3549 4308 inimi-

320 4321 422 4374 τοῦ
443 4321 578 4375 Θεοῦ
593 4324 887 4391 διάγοντος.
908 4326 981 4378 Τὸ
1003 4322 1114 4390 οὖν,
1135 4329 1346 4381 Ἕνεκα
1374 4328 1487 4382 τῶν
1506 4329 1731 4397 ἐχθρῶν
1742 4347 1883 4398 μου,

2006 4343 2070 4380 τοι
2112 4345 2249 4382 meos
2309 4332 2522 4385 interim
2580 4333 2777 4402 duplex
2832 4338 2964 4391 mihi
3030 4342 3324 4397 retributio
3366 4356 3485 4400 erat
3534 4365 3549 4405 :

316 4411 412 4465 διὰ
480 4412 645 4481 μέσου
701 4414 836 4485 πρὸς
888 4416 1172 4487 ἀμφότερα
1221 4417 1341 4487 ἔχον
1390 4418 1488 4489 τὴν
1536 4420 1884 4475 ἀνταπόδοσιν

2006 4416 2162 4472 Reduc
2194 4423 2338 4476 enim
2373 4438 2473 4486 me,
2506 4423 2707 4494 inquit,
2740 4428 2813 4480 ita
2840 4437 2897 4482 ut
2929 4431 2997 4484 ab
3027 4431 3263 4488 inimicis
3279 4436 3372 4504 qui
3394 4453 3551 4507 cepe-

321 4502 723 4574 (Ὲπανάγαγε
759 4506 867 4575 γάρ
915 4524 1004 4573 με,
1037 4510 1218 4577 φησὶν.
1258 4510 1397 4565 ὥστε
1424 4511 1727 4578 ἀπαλλάξαι
1777 4512 1884 4567 τῶν

2006 4520 2117 4563 ὐηι
2148 4526 2232 4565 me
2264 4513 2449 4567 salvus
2484 4513 2604 4569 ﬁam
2626 4555 2642 4577 ,
2686 4527 2739 4572 et
2770 4528 3055 4588 postquam
3082 4524 3218 4578 dixit
3253 4502 3317 4581 In
3336 4502 3549 4594 justitia

318 4595 657 4665 κατεχόντων
683 4597 907 4668 ἐχθρῶν,
932 4598 1024 4653 καὶ
1048 4601 1232 4673 ἐπειδὴ
1260 4600 1431 4666 εἶπεν,
1450 4605 1547 4658 Ἐν
1570 4603 1642 4672 τῇ
1665 4606 1884 4659 δικαιο-

2009 4616 2107 4663 ua,
2160 4601 2262 4656 hoc
2310 4613 2393 4659 est
2442 4609 2737 4663 secundum
2784 4624 2987 4666 morem
3034 4623 3187 4671 tuum
3232 4616 3545 4687 judicandi.

317 4688 483 4755 σύνῃ
516 4704 653 4752 σου,
685 4692 957 4746 τουτέστιν
986 4693 1164 4757 καθὼς
1205 4695 1324 4759 ἔθος
1366 4698 1448 4749 σοι
1492 4701 1636 4751 ἐστιν
1679 4699 1885 4770 κρίνειν

2006 4692 2164 4747 ιιειὶιη
2204 4696 2443 4751 ostendit
2476 4702 2751 4768 quomodo
2785 4705 2857 4759 sit
2882 4706 3092 4775 justum
3117 4724 3176 4765 se
3206 4727 3269 4767 ex
3305 4713 3545 4774 inimicis

311 4778 584 4847 δικαίως),
605 4782 875 4837 δείκνυσιν
920 4785 1080 4848 εὐθὺς
1113 4787 1258 4850 ὅπως
1307 4788 1464 4840 αὑτὸν
1505 4789 1882 4860 ἀπαλλαγῆναι

2006 4781 2206 4850 ιαΙνοτὶ,
2241 4786 2403 4841 modo
2430 4804 2532 4844 suo
2565 4794 2829 4849 rationem
2857 4796 3111 4853 all‘erens.

308 4870 528 4924 δίκαιον
578 4874 684 4925 τῶν
731 4875 973 4944 ἐχθρῶν·
1009 4877 1116 4930 ἀπὸ
1160 4878 1253 4932 τοῦ
1298 4880 1504 4934 ὲκείνοο
1536 4881 1737 4951 τρόπου
1781 4881 1879 4951 τὴν

310 4962 588 5027 ἀπόδειξιν
610 4967 950 5035 ποιούμενος.

888 5081 1181 5136 ΨΑΛΜΟΣ
1220 5084 1310 5149 q’.

383 5189 531 5259 Στίχ.
558 5190 694 5260 β’.--
718 5192 1147 5264 Ἐξομολογεῖται
1171 5194 1248 5265 τῷ
1264 5196 1420 5265 eam
1439 5197 1702 5267 μακάριος
1718 5197 1880 5253 Δαυῒδ

316 5280 443 5348 περὶ
472 5280 567 5349 τῆς
613 5282 747 5344 ἰδίας
795 5285 1087 5356 ἁμαρτίας,
1139 5287 1207 5356 ἢν
1244 5287 1535 5356 εἰργάσατο
1583 5287 1878 5353 συγκαθευ-

309 5367 481 5439 δήσας
526 5374 593 5442 τῇ
641 5372 932 5443 Βερσαϐεέ.
972 5375 1131 5443 Λέγει
1172 5375 1229 5427 δὲ
1261 5374 1430 5429 ταῦτα
1476 5376 1533 5427 ὲν
1574 5378 1876 5447 συμφοραῖς

306 5458 406 5523 ὣν,
437 5462 497 5513 ὲν
525 5457 610 5525 αἷς
636 5465 727 5516 καὶ
754 5462 1044 5535 ἐξητάζετο
1070 5466 1157 5519 διὰ
1178 5467 1276 5537 τὴν
1298 5467 1591 5537 ἁμαρτίαν.

381 5551 455 5604 Τὸ
482 5553 612 5606 αὐτὸ
643 5553 900 5624 μειζόνως
926 5552 1075 5610 εἶπεν
1095 5574 1107 5588 ·
1148 5557 1208 5611 τὸ
1250 5558 1348 5627 μὲν
1373 5558 1501 5631 γὰρ,
1548 5559 1872 5630 Ἐταράχθη

304 5642 381 5694 τὰ
420 5641 568 5696 ὀστᾶ
589 5663 726 5713 μου,
768 5647 828 5697 τὸ
869 5647 1082 5717 ἰσχυρὸν
1123 5648 1214 5701 τοῦ
1260 5648 1591 5721 συντριμμοῦ
1645 5651 1739 5703 καὶ
1777 5652 1874 5722 τῆς

303 5732 555 5802 ταραχῆς
608 5733 928 5806 παρίστησιν
948 5753 960 5765 ν
992 5736 1054 5787 τὸ
1083 5737 1137 5789 δὲ
1156 5779 1170 5801 ,
1200 5738 1304 5791 Kal
1337 5738 1375 5803 ἢ
1410 5740 1577 5808 ψυχή
1600 5756 1718 5806 μου
1740 5738 1871 5797 ἐτα-

634 5830 899 5890 ΡΑτιιοι..
947 5828 1060 5889 Gn.
1112 5830 1329 5894 LXVI.

2526 5079 2846 5139 PSALMUS
2894 5085 2986 5146 VI.

2049 5186 2215 5244 Vens.
2243 5189 2296 5243 Ξ.
2326 5221 2393 5233 -—
2425 5191 2732 5252 Conﬁtetur
2762 5197 2873 5255 Deo
2917 5200 3109 5256 beatus
3141 5200 3306 5255 David
3340 5202 3407 5257 de
3437 5219 3537 5260 suo

1974 5289 2201 5350 peccato
2250 5284 2393 5352 quod
2445 5286 2651 5341 fecerat
2711 5303 2834 5343 cum
2883 5291 3150 5346 Bersabee
3196 5292 3535 5353 dormiendo.

1974 5370 2100 5427 Haec
2137 5381 2315 5428 autem
2350 5376 2485 5430 dicit
2514 5392 2638 5434 eum
2668 5389 2816 5437 esset
2845 5383 2900 5435 in
2944 5382 3373 5441 adversitatibus
3414 5389 3537 5454 qui-

1974 5464 2075 5519 bus
2100 5475 2324 5534 propter
2350 5478 2634 5536 peccatum
2667 5471 3024 5541 probabatur.

2040 5552 2186 5610 Idem
2217 5555 2414 5615 fortius
2446 5560 2623 5615 dixit:
2650 5562 2755 5618 hoc
2771 5575 3032 5629 namque.
3054 5562 3382 5620 Conturoata
3411 5578 3538 5621 sunt

1973 5662 2096 5700 ossa
2142 5664 2256 5702 mea
2277 5689 2293 5712 ,
2325 5651 2750 5720 magnitudinem
2780 5651 3130 5708 contritiouis
3157 5663 3210 5708 et
3241 5654 3538 5711 conturba-

1971 5740 2139 5796 tionis
2166 5740 2434 5797 ostendit:
2464 5739 2532 5799 ΕΙ
2560 5743 2736 5799 anima
2762 5759 2877 5801 mea
2906 5744 3117 5802 turbata
3145 5754 3220 5802 est
3240 5744 3409 5810 valde,
3433 5744 3537 5808 hoc

3144 5844 3211 5902 '21
