4096 6234
601 330 701 386 851

1768 330 2115 385 TIIEODORI
2156 331 2633 389 MOPSUESTENI

3698 342 3806 397 0352

599 450 717 505 est,
750 458 867 513 qum
907 458 1103 514 corpus
1158 462 1333 499 incum
1379 446 1653 509 contrivit,
1688 460 1861 515 usque
1887 447 1953 501 ad
1984 446 2154 513 ipsam

2257 448 2443 517 ράχθη
2467 450 2719 518 σφόδρα,
2761 450 3022 516 τουτέστι,
3052 450 3391 521 Συντρίψασά
3419 467 3521 522 μου
3549 447 3607 503 τὸ
3632 450 3811 520 σῶμα,

604 533 833 585 animam
860 536 1156 602 penetravit
1186 528 1558 589 conturbatio:

1147 624 1467 681 PSALMUS
1498 625 1608 681 Vll.

670 713 833 768 ‘Jeas.
866 716 918 769 4.
943 745 1013 755 -
1056 715 1116 771 Si
1154 717 1251 784 {cci
1292 718 1435 771 istud
1464 719 1609 788 quod
1643 732 1790 772 nunc
1831 718 2032 787 patior,
2062 717 2161 771 hoc

601 813 703 867 est,
737 805 784 859 si
812 806 1000 876 inique
1029 808 1113 878 egi
1150 826 1162 861 :
1202 810 1345 862 unde
1376 810 1618 878 apertius
1655 809 1804 863 addit
1832 809 2020 865 dicens
2050 827 2064 863 :
2101 808 2160 863 Si

602 906 677 948 est
720 898 973 966 iniquitas
1005 899 1061 952 in
1096 903 1337 955 manibus
1365 904 1513 966 meis,
1547 915 1646 971 pro
1679 901 1726 955 si
1784 900 1968 969 inique
1996 913 2162 969 agens

602 998 853 1043 inventus
878 1004 1023 1053 sum,
1048 992 1094 1045 si
1119 992 1331 1046 reddidi
1356 992 1784 1047 rctribuentibus
1804 991 1938 1045 mihi
1980 990 2159 1045 mala:

601 1078 742 1146 quod
784 1080 959 1149 majus
995 1089 1079 1135 est
1113 1083 1355 1137 secundo
1406 1084 1527 1137 loco
1574 1097 1789 1152 semper
1814 1089 1939 1151 post
1975 1081 2160 1136 minus

602 1170 851 1225 ordinat:
878 1173 1030 1242 atqui
1058 1190 1167 1229 non
1192 1177 1433 1246 incipere
1462 1174 1788 1244 injustitias,
1814 1172 1959 1243 quod
1983 1172 2160 1243 majus

601 1271 681 1315 est
715 1277 879 1330 quam
925 1263 1111 1331 inique
1156 1273 1380 1334 agentes
1425 1266 1731 1326 sustinere,
1765 1263 2009 1319 secundo
2041 1264 2159 1318 loco

600 1350 752 1403 dicit.

672 1439 834 1495 Vens.
872 1442 921 1496 7.
962 1474 1029 1483 --
1054 1441 1173 1498 Non
1213 1445 1358 1514 quod
1411 1446 1526 1514 ipse
1552 1445 1841 1509 eaaltatur,
1875 1459 1983 1498 non
2012 1443 2155 1499 enim

592 1532 927 1587 exultatione
955 1534 1184 1604 indiget,
1211 1536 1306 1590 scd
1338 1537 1483 1604 quod
1523 1538 1578 1589 in
1611 1543 1802 1590 nostro
1828 1536 2067 1605 cogitatu
2090 1535 2157 1589 de

599 1626 721 1690 ipso
760 1624 879 1679 idea
912 1625 1041 1679 talis
1074 1626 1249 1690 inest;
1283 1641 1405 1679 cum
1434 1627 1639 1696 aliquid
1665 1627 1908 1681 terribile
1941 1630 2154 1697 signum

600 1715 760 1767 l‘aciat
781 1733 792 1766 :
815 1724 1101 1784 prepterea
1128 1717 1282 1776 dicit,
1325 1714 1387 1768 In
1428 1716 1620 1784 ﬁnibus
1654 1718 1982 1770 inimicorum
2017 1731 2155 1770 meo-

2264 539 2404 591 διέδυ
2424 540 2616 610 μέχρις
2645 540 2813 609 αὐτῆς
2833 540 2929 609 τῆς
2953 540 3130 610 ψυχῆς
3162 544 3194 611 η
3221 542 3449 611 ταραχή.

2839 631 3129 683 ΨΑΛΜΟΣ
3165 633 3241 685 Ζ’.

2334 721 2478 790 Στίχ.
2507 720 2569 773 δ’.
2594 749 2658 759 -—
2686 723 2754 774 Et
2784 721 3038 787 ἐποίησα
3065 722 3239 775 τοῦτο
3255 722 3285 774 ὃ
3307 722 3400 775 νῦν
3423 721 3633 792 πάσχω.
3657 740 3810 777 τουτ-

2262 812 2426 873 έστιν,
2458 812 2516 862 Εί
2541 811 2771 882 ἠδίκησα
2792 826 2803 839 ·
2837 810 2958 864 ὅθεν
2991 810 3362 881 φανερώτερον
3387 811 3579 879 ἐπάγει
3608 812 3777 881 λέγων
3795 828 3810 844 ο

2263 900 2330 954 Ei
2353 902 2520 955 ἐστιν
2542 901 2738 955 ἀδικία
2755 901 2823 954 ἐν
2849 903 3019 970 χερσί
3039 920 3178 971 μου,
3201 902 3321 956 ἀντὶ
3346 902 3462 964 τοῦ,
3482 903 3543 955 Εἰ
3576 902 3812 973 εὖρημαί

2258 1007 2311 1042 τι
2343 990 2521 1042 ἄδικον
2559 991 2947 1061 ἐργασάμενος,
2983 994 3030 1045 εί
3063 993 3415 1047 ἀνταπέδιοικα
3441 996 3550 1057 τοῖς
3579 995 3811 1051 ἀνταπο-

2258 1079 2459 1132 διδοῦσί
2487 1097 2576 1150 μοι
2600 1081 2745 1135 κακά
2765 1098 2779 1111 ’
2807 1082 2892 1134 ἀεὶ
2918 1083 2979 1134 τὸ
3012 1084 3193 1153 μεῖζον
3229 1084 3479 1157 δεύτερον
3506 1087 3689 1140 τάττει
3716 1086 3809 1140 τοῦ

2259 1171 2568 1241 ἐλάττονος·
2609 1172 2791 1242 μεῖζον
2822 1174 2997 1228 τοίνυν
3033 1176 3091 1228 ὃν
3135 1175 3227 1229 τοῦ
3261 1177 3573 1239 ἀδικοῦντας
3612 1179 3811 1249 ὑποφέ-

2261 1279 2394 1333 ρειν,
2428 1263 2487 1315 τὸ
2523 1264 2595 1333 μὴ
2622 1263 2781 1335 ἄρξαι
2813 1265 3044 1331 ἀδικίας,
3064 1265 3309 1336 δεύτερον
3342 1266 3506 1333 λέγει.

2328 1446 2473 1516 Στίχ.
2509 1444 2572 1509 ζ’.
2600 1475 2667 1485 --
2698 1445 2807 1515 Ούχ
2828 1446 2908 1498 δτι
2943 1444 3100 1509 αὐτὸς
3134 1445 3357 1514 ὑψοῦται
3390 1446 3471 1511 (οὐ
3510 1445 3616 1518 γὰρ
3651 1464 3813 1517 προσ-

2256 1537 2421 1589 δεῖται
2452 1536 2749 1606 ὑψώσεως),
2778 1537 2890 1589 ἀλλ’
2910 1537 2989 1590 ὅτι
3017 1539 3073 1590 ὲν
3099 1539 3216 1600 ταῖς
3237 1538 3495 1600 διανοίαις
3521 1539 3674 1608 ἡμῶν
3697 1557 3809 1591 τοι-

2258 1629 2394 1698 αύτη
2424 1628 2691 1697 ἐγγίνεται
2720 1629 2893 1681 ἔννοια
2918 1629 3043 1697 περὶ
3078 1627 3262 1693 αὑτοῦ,
3290 1628 3505 1682 ἐπειδάν
3533 1646 3583 1681 τι
3612 1631 3810 1702 ποιήσῃ

2258 1719 2482 1790 φοϐερὸν
2513 1722 2766 1790 σημεῖον·
2800 1719 2889 1772 διὰ
2914 1717 3069 1772 τοῦτο
3106 1719 3274 1786 λέγει,
3317 1721 3414 1772 ‘Er
3446 1718 3569 1785 τοῖς
3592 1721 3810 1788 πέρασι

596 1820 749 1866 rum;
779 1806 879 1858 hoc
907 1813 1012 1869 cst,
1040 1806 1249 1861 ultione
1281 1818 1372 1859 tua
1412 1823 1604 1861 omnes
1637 1808 1891 1861 inimicos
1920 1807 2154 1860 circum-

2257 1809 2370 1863 τῶν
2410 1810 2635 1878 ἐχθρῶν
2684 1828 2823 1880 μου,
2874 1810 3137 1873 τουτέστι,
3174 1811 3383 1875 Πάντας
3410 1810 3712 1881 περιλαϐὼν
3742 1814 3811 1882 τῇ

584 1895 753 1958 dans,
772 1905 954 1949 notam
969 1895 1052 1950 fac
1070 1898 1494 1966 magnitudinem
1512 1908 1659 1951 tuam
1676 1906 1729 1951 et
1750 1896 2120 1951 fortitudinem
2136 1914 2148 1949 :

600 1984 724 2039 inde
743 1988 887 2040 enim
908 1988 1141 2043 maxime
1159 1989 1558 2052 celebrabatur,
1596 1989 1652 2041 in
1676 2003 1863 2043 omnes
1896 1988 2155 2043 ultionem

596 2077 921 2131 exercendo.

671 2166 835 2223 Vens.
869 2169 921 2223 8.
954 2198 1024 2208 ——
1055 2169 1191 2224 Cum
1238 2170 1291 2224 in
1334 2170 1575 2239 seipsum
1617 2176 1865 2239 tempore
1897 2168 2156 2225 Absalom

597 2253 832 2314 divisum
849 2267 992 2315 esset
1009 2275 1254 2330 regnum,
1279 2262 1400 2315 aliis
1425 2259 1773 2325 Davidi,aliis
1790 2260 2154 2314 Absalomad—

599 2350 950 2415 haerentibus,
999 2361 1395 2422 consequenter
1431 2354 1586 2415 dixit,
1634 2352 2046 2423 lnsurgentibus
2102 2354 2157 2405 in

600 2457 686 2496 me
728 2441 933 2512 judicia
991 2446 1379 2500 exercentibus
1434 2444 1732 2499 secundum
1791 2452 1944 2497 tuum
2000 2456 2156 2496 man-

528 2588 529 2591 η
592 2533 823 2599 datum;
853 2548 1074 2588 rursum
1107 2543 1291 2590 autem
1323 2535 1804 2605 congregabantur
1835 2534 2066 2604 (pepuli)
2101 2533 2157 2587 in

599 2640 791 2691 unum,
830 2625 1044 2681 debitas
1075 2628 1174 2682 tibi
1199 2628 1488 2683 reddentcs
1527 2629 1732 2697 gratias
1760 2644 1774 2680 :
1803 2637 2022 2697 propter
2052 2628 2157 2681 hoc

597 2716 755 2769 enim
768 2716 1020 2771 excelsus
1042 2715 1336 2773 videberis.

670 2895 835 2951 Vens.
868 2898 923 2952 9.
947 2926 1018 2939 —
1048 2896 1157 2952 Nec
1183 2898 1528 2952 innocentem
1550 2911 1650 2954 nec
1676 2898 1886 2968 justum
1913 2912 1974 2954 se
2001 2898 2154 2965 dicit,

599 2989 692 3041 sed
712 2988 844 3041 nihil
865 2988 991 3041 mali
1020 2990 1237 3058 egisse:
1268 3002 1434 3058 porro
1455 2988 1933 3058 quemadmodum,
1955 2988 2155 3059 inquit,

2255 1902 2493 1971 τιμωρία
2532 1903 2654 1965 τοὺς
2696 1902 2941 1972 ἐχθροὺς,
2974 1900 3245 1972 γνώριμον
3274 1900 3473 1954 ἅπασιν
3504 1903 3565 1954 τὸ
3612 1901 3813 1972 ὑψηλόν

2257 2008 2350 2043 σου
2381 1986 2473 2044 καὶ
2496 1991 2556 2043 τὸ
2578 1992 2794 2063 ἰσχυρόν
2817 2008 2830 2021 ⁸
2881 1990 3038 2044 τοῦτο
3069 1991 3177 2062 γὰρ
3225 1990 3453 2062 μάλιστα
3492 1990 3813 2060 ἐγνωρίζετο

2254 2084 2319 2134 ὲκ
2350 2081 2441 2133 τοῦ
2466 2082 2671 2143 πάντας
2702 2082 3096 2154 τιμωρηθῆναι.

2325 2174 2471 2244 Στίχ.
2493 2181 2561 2245 η’.
2590 2204 2662 2215 --
2689 2174 2907 2245 Ἐπειδὴ
2951 2173 3174 2245 διῃρέθη
3207 2172 3340 2243 πρὸς
3369 2171 3566 2243 ἑαυτὴν
3595 2172 3687 2225 ἐπὶ
3715 2173 3811 2226 τοῦ

2269 2263 2614 2334 ’Λὸεσσαλὼμ
2643 2264 2674 2333 ἡ
2698 2262 2956 2333 βασιλεία,
2980 2262 3087 2313 τῶν
3112 2262 3206 2331 μὲν
3231 2257 3498 2331 τῷΔαυῖδ,
3520 2259 3625 2311 τῶν
3648 2259 3702 2311 δὲ
3731 2258 3813 2329 τῷ

2270 2353 2616 2424 Ἀὄεσσαλὼμ
2635 2353 3057 2425 προσκειμένων,
3077 2351 3380 2413 ἀκολούθως
3403 2347 3573 2412 εἶπεν,
3590 2351 3668 2402 ὃτι
3690 2349 3812 2401 Τῶν

2256 2446 2666 2499 ἐπαναστάντων
2694 2462 2781 2515 μοι
2821 2444 2973 2513 δίκην
3003 2443 3310 2497 δεδωκότων
3337 2443 3477 2495 κατὰ
3498 2441 3559 2495 τὸ
3577 2442 3811 2512 πρόστα-

2257 2555 2371 2608 γμα
2410 2537 2471 2591 τὸ
2508 2538 2619 2603 σὸν,
2651 2536 2831 2590 ἅπασα
2864 2536 2961 2605 μὲν
2995 2530 3063 2606 ἦν
3096 2534 3187 2588 νῦν
3220 2535 3329 2597 τοῖς
3362 2534 3509 2597 λαοῖς
3548 2536 3808 2585 ὲνουσα...

2256 2629 2610 2700 παυθήσεται,
2636 2627 3051 2699 συναχθήσονται
3082 2627 3137 2679 δὲ
3167 2626 3323 2680 πάλιν
3350 2627 3428 2689 είς
3458 2626 3537 2689 ἓν,
3562 2626 3658 2688 τὰς
3679 2624 3811 2678 καθ-

2255 2722 2493 2793 ηκούσας
2520 2739 2599 2775 σοι
2637 2721 2980 2793 εὐχαριστίας
3009 2720 3341 2783 ἀποδιδόντες
3365 2737 3377 2750 ·
3406 2721 3493 2774 διὰ
3524 2721 3627 2791 γὰρ
3655 2719 3813 2773 τοῦτο

2257 2814 2456 2884 ὑψηλὸς
2483 2812 2759 2884 δειχθήσῃ.

2326 2905 2469 2974 Στίχ.
2499 2903 2561 2957 θ’.
2597 2933 2664 2943 -
2701 2903 2957 2956 Ἀκακίαν
2986 2901 3042 2955 δὲ
3067 2900 3189 2955 οὔτε
3220 2902 3317 2972 τὴν
3348 2902 3642 2971 ἁπλότητα,
3675 2901 3811 2955 ἀλλὰ

2254 2994 2316 3048 τὸ
2340 2995 2504 3065 μηδὲν
2527 2993 2855 3064 ἐργάσασθαι
2877 2994 3042 3046 κακὸν
3064 2993 3229 3060 λέγει.
3253 2993 3463 3062 ’Ὠσπερ
3491 2992 3687 3055 τοίνυν,
3705 3010 3812 3062 φη-

599 3077 740 3132 male
768 3093 892 3132 cum
921 3078 1031 3133 illis
1059 3092 1168 3132 non
1198 3078 1325 3149 egi,
1361 3078 1563 3133 malum
1610 3093 1738 3133 vero
1777 3094 1922 3133 nunc
1953 3080 2021 3133 ab
2049 3079 2154 3134 illis

2259 3085 2361 3145 civ,
2387 3082 2496 3152 ἐγὼ
2543 3084 2725 3148 κακῶς
2770 3084 2866 3151 μὲν
2910 3084 3105 3145 αὐτοὺς
3132 3084 3192 3135 ού
3236 3082 3479 3151 διέθηκα,
3512 3083 3700 3152 πάσχω
3748 3084 3810 3136 δὲ

600 3172 795 3239 patior,
832 3169 906 3223 ita
936 3186 1021 3226 me
1047 3147 1612 3240 judicavinnoceutcm
1633 3209 1648 3235 ,
1677 3171 1849 3241 gratis
1881 3184 1980 3227 nec
2008 3171 2154 3240 juste

2261 3174 2355 3227 νῦν
2372 3173 2459 3226 ὑπ’
2487 3174 2708 3226 ἐκείνων
2733 3173 2917 3235 κακῶς
2934 3189 2948 3203 ⁸
2980 3172 3121 3225 οὕτω
3155 3189 3244 3242 μοι
3269 3174 3450 3243 κρῖνον
3478 3171 3813 3242 ἀδικουμένῳ

600 3261 917 3330 patientem.

672 3352 837 3409 Vens.
871 3352 959 3409 l0.
988 3382 1059 3394 —
1090 3351 1240 3409 Loco
1267 3361 1614 3415 constituetur.
1646 3352 1946 3422 perﬁcietur
1971 3354 2155 3422 posuit

516 3458 521 3461 ‘
605 3443 985 3517 Symmachus.
1013 3444 1139 3501 Sive
1167 3445 1378 3500 vanitas
1398 3444 1513 3500 sive
1536 3446 1738 3498 malum
1759 3444 1897 3497 male
1914 3445 2158 3499 viventes

598 3546 834 3604 maneat,
872 3536 1106 3592 studiosi
1136 3537 1355 3591 virtutis
1381 3537 1659 3601 cultores,
1691 3536 1890 3605 inquit,
1924 3536 2029 3591 sibi
2064 3536 2158 3590 bo-

598 3644 729 3682 num
758 3629 963 3682 exitum
992 3628 1288 3698 parabunt.

669 3812 832 3865 Vens.
869 3809 954 3863 l7.
989 3839 1056 3850 -—
1090 3807 1213 3863 licec
1244 3808 1376 3861 mihi
1407 3816 1595 3875 aperte
1622 3816 1784 3877 atque
1806 3806 1874 3862 de
1897 3806 2065 3861 verbo
2090 3807 2158 3862 ad

598 3902 819 3955 verbum
842 3900 895 3953 in
920 3898 1240 3967 Achilopbel
1269 3898 1486 3967 impleta
1502 3913 1621 3953 esse
1643 3898 1913 3952 videntur.
1948 3898 2156 3953 Etenim

594 4007 721 4047 cum
752 3992 953 4047 Chusai
992 3993 1223 4047 consilio
1251 4007 1282 4046 e
1313 4006 1481 4060 scopo
1512 4006 1614 4045 suo
1644 3990 1889 4060 dejectus
1934 3990 2150 4053 fuisset,

596 4084 679 4137 vir
718 4083 859 4136 inter
903 4096 1094 4138 omnes
1138 4082 1471 4153 praeclarus,
1519 4082 1778 4137 invidiam
1826 4096 1934 4136 non
1980 4082 2156 4151 poruit

597 4174 898 4237 sustinere,
951 4171 1119 4228 futuri
1149 4173 1477 4241 praevidendi
1511 4174 1753 4241 peritus,
1790 4173 2157 4242 Absalomquc

594 4265 811 4336 prodita
843 4280 967 4320 esse
1014 4265 1250 4335 negotia,
1285 4279 1454 4334 seque
1502 4280 1777 4333 nunquam
1828 4280 1858 4319 e
1901 4264 2155 4319 manibus

598 4358 817 4413 Davidis
847 4357 1189 4412 liberandum
1220 4370 1342 4411 esse
1375 4356 1736 4426 prospiciens,
1776 4356 1829 4409 in
1864 4355 2026 4411 domo
2052 4370 2154 4410 sua

498 4494 502 4503 .
596 4450 889 4518 suspendio
922 4450 1161 4518 scipsum
1193 4447 1382 4512 tradit,
1416 4462 1479 4501 ac
1511 4448 1693 4501 omnia
1724 4463 1846 4517 qua:
1876 4448 1992 4504 suis
2019 4462 2152 4502 con-

596 4541 734 4595 siliis
790 4547 1088 4609 genuerat,
1142 4538 1402 4609 colligens
1452 4553 1516 4593 ac
1572 4553 1911 4609 congregans
1961 4539 2151 4594 eadem

596 4634 861 4702 pravitate
911 4644 1016 4699 qua
1053 4638 1245 4683 contra
1275 4629 1547 4697 Davidem,
1583 4631 1635 4684 in
1670 4632 1889 4702 propria
1913 4630 2151 4700 pernicie

595 4722 905 4793 parturivit.
938 4718 1365 4788 Profundiorem,
1393 4721 1594 4792 inquit,
1627 4722 1800 4775 lacum
1829 4722 2055 4790 aperuit,
2082 4736 2149 4775 ex

594 4813 910 4883 metaphora
958 4811 1146 4866 dolum
1195 4812 1622 4883 alitudinemquc
1676 4815 1893 4869 consilii
1936 4813 2146 4883 signiti—

593 4923 746 4962 cans.

666 5090 829 5145 Vens.
868 5092 953 5145 l8.
986 5118 1056 5129 —-
1086 5088 1198 5160 Ego
1235 5098 1413 5143 autem
1462 5092 1625 5145 talem
1669 5106 1701 5144 a
1750 5089 1859 5145 Deo
1892 5099 2152 5160 expertus

595 5182 1014 5252 providentiam,
1036 5182 1141 5235 hoc
1164 5179 1484 5234 beneﬁcium
1517 5182 1571 5234 in
1599 5189 1863 5235 internum
1895 5182 2149 5247 cantabo,

592 5280 646 5328 et
673 5273 907 5327 narrabo
935 5271 1205 5343 justitiam
1233 5267 1565 5338 judiciorum
1598 5270 1739 5339 ejus.

1125 5358 1448 5415 PSALMUS
1479 5358 1611 5414 Vill.

663 5452 832 5508 Vens.
860 5454 912 5506 5.
948 5483 1015 5495 -
1040 5452 1099 5506 1η
1131 5452 1233 5506 hoc
1266 5465 1482 5520 quoque
1509 5448 1797 5504 Christum
1836 5449 1997 5504 nobis
2025 5464 2147 5518 pro.

595 5546 781 5615 phetat
806 5545 994 5599 beatus
1022 5543 1209 5598 David.
1235 5542 1310 5596 Ex
1339 5542 1697 5611 inspiratione
1720 5539 1983 5611 Spiritus,
2016 5555 2152 5609 quo-

598 5636 756 5690 modo
807 5649 929 5689 cum
973 5634 1242 5688 laudaturi
1284 5633 1396 5688 sint
1441 5635 1496 5687 in
1535 5633 1738 5702 templo
1768 5631 2026 5694 infantes,
2072 5632 2153 5685 la-

597 5735 803 5781 ctentes
820 5725 1108 5793 creterique
1130 5725 1359 5795 parvuli,
1380 5725 1636 5793 praedicat
1663 5744 1676 5778 :
1700 5724 1919 5793 quidam
1940 5724 2151 5788 dicunt,

2263 3266 2460 3336 μάτην,
2490 3266 2582 3318 καὶ
2606 3265 2679 3334 μὴ
2709 3264 2928 3327 δικαίως
2957 3265 3233 3333 πάσχοντι.

2329 3356 2473 3427 Στίχ.
2496 3362 2545 3410 ι’.
2568 3355 2793 3407 -Ἀντὶ
2823 3354 2916 3407 τοῦ
2951 3352 3426 3420 συντελεσθήτω,
3447 3352 3813 3420 ἀπαρτισθῆ-

2256 3463 2334 3499 τω
2373 3448 2401 3499 ὁ
2444 3446 2731 3516 Σύμμαχος
2765 3444 3001 3497 τέθεικεν
3021 3462 3032 3474 ·
3068 3444 3215 3516 Ἥ[ν]
3244 3445 3463 3515 ματαία.
3488 3447 3669 3515 φησιν,
3698 3446 3812 3498 δει-

2259 3535 2407 3605 χθείη
2432 3534 2537 3587 τῶν
2573 3534 2737 3604 κακίᾳ
2762 3533 3041 3598 συζώντων
3069 3536 3103 3605 ἡ
3137 3535 3385 3605 πονηρία,
3411 3535 3812 3605 σπουδαιότεροι

2258 3625 2352 3698 [οἱ]
2392 3625 2489 3695 τῆς
2538 3626 2736 3696 ἀρετῆς
2779 3624 3028 3695 τρόφιμοι
3081 3624 3177 3696 τὴν
3228 3626 3589 3696 προκειμένην
3632 3626 3811 3689 αὐτοῖς

2257 3717 2477 3787 πορείαν
2501 3718 2829 3787 ποιήσονται.

2327 3806 2474 3875 Στίχ.
2512 3802 2597 3867 ιζ’.
2633 3831 2693 3843 ~-
2727 3803 2910 3858 Ταῦτά
2966 3822 3055 3875 μοι
3106 3803 3253 3857 δοκεῖ
3312 3804 3489 3876 ῥητῶς
3532 3806 3624 3857 καὶ
3670 3820 3813 3858 κατα

2257 3896 2397 3961 λέξιν
2435 3894 2821 3965 πεπληρῶσθαι
2854 3896 2945 3947 ἔπι
2968 3894 3058 3947 τοῦ
3095 3895 3390 3965 Ἀχιτόφελ.
3419 3896 3572 3950 Κατὰ
3585 3895 3691 3965 γάρ
3712 3895 3813 3964 τὴν

2255 3986 2347 4040 τοῦ
2382 3987 2545 4039 Χουσὶ
2570 3986 2891 4055 συμϐουλίαν
2919 3985 3162 4039 ἐκπεσὼν
3192 3987 3350 4050 αὐτὸς
3376 3986 3468 4039 τοῦ
3497 3986 3717 4049 σκοποῦ,
3736 3987 3814 4049 ὡς

2258 4077 2323 4130 ἂν
2350 4075 2858 4147 παρευδοκιμηθεὶς,
2882 4078 2974 4129 καὶ
3001 4079 3072 4147 μὴ
3089 4072 3266 4140 οἷόςτε
3289 4078 3472 4147 φέρειν
3489 4078 3579 4130 τὸν
3597 4076 3810 4146 φθόνον,

2256 4168 2349 4222 καὶ
2384 4167 2648 4238 προορῶν,
2668 4170 2761 4221 ἆτε
2782 4168 2950 4233 δεινὸς
2970 4168 3044 4221 ὣν
3080 4169 3570 4239 καταστοχάζεσθαι
3596 4168 3657 4221 τὺ
3687 4168 3815 4239 μέλ-

2256 4258 2365 4323 λον,
2394 4259 2467 4321 ὡς
2492 4257 2803 4328 προδέδοται
2856 4260 2923 4313 τὰ
2963 4259 3057 4312 τοῦ
3096 4258 3448 4330 Ἀὁεσσαλὼμ
3480 4261 3811 4329 πράγματα,

2260 4350 2439 4421 μέλλει
2459 4367 2517 4402 τε
2541 4351 2662 4402 ὅσον
2696 4352 2787 4404 καὶ
2825 4352 2983 4414 αὐτὸς
3013 4350 3164 4404 οὔπω
3205 4352 3307 4404 ὑπὸ
3331 4352 3424 4404 τοῦ
3454 4351 3611 4405 Δαυῖδ
3635 4351 3811 4404 ἀπαλ-

2256 4442 2562 4508 λάττεσθαι,
2591 4443 2878 4513 γενόμενος
2905 4445 2961 4495 ὲν
2982 4445 3045 4512 τῇ
3072 4441 3248 4513 οἰκεία
3273 4442 3435 4494 αὐτοῦ
3465 4442 3666 4512 ἀγχόνῃ
3683 4442 3812 4492 sau-

2257 4534 2346 4588 τὸν
2386 4536 2766 4605 παραδίδωσιν,
2802 4537 2895 4589 καὶ
2932 4536 3107 4589 πάντα
3160 4536 3259 4587 ὅσα
3300 4536 3413 4596 τοῖς
3445 4533 3637 4585 ἑαυτοῦ
3673 4532 3816 4598 λογι-

2257 4633 2413 4700 σμοῖς
2433 4628 2706 4699 ὡδίνησεν,
2734 4628 2976 4695 συνάγων
3002 4629 3090 4680 καὶ
3111 4626 3495 4695 συλλαμϐάνων
3522 4627 3578 4679 ὲν
3601 4627 3666 4694 τῇ
3693 4626 3814 4676 ἑαυ-

2254 4722 2345 4775 τοῦ
2381 4722 2631 4792 πονηρία,
2663 4720 2849 4791 ὥσπερ
2886 4719 3019 4789 μετὰ
3053 4718 3314 4787 πονηρίας
3344 4717 3482 4769 κατὰ
3511 4714 3602 4768 τοῦ
3628 4714 3807 4775 Δαυῖδ,

2255 4810 2424 4864 ταῦτα
2441 4812 2525 4863 ἐπ’
2571 4809 2774 4880 ὀλέθρῳ
2795 4808 2869 4878 τῷ
2916 4807 3103 4861 ἑαυτοῦ
3139 4807 3419 4860 ἀπέτεκεν.
3451 4804 3810 4870 Βαθυτέραν,

2258 4900 2440 4969 φησιν,
2485 4898 2800 4967 εἰργάσατο
2831 4897 2944 4965 τὴν
2962 4895 3307 4962 ἐπιϐουλὴν,
3333 4899 3395 4949 ὲκ
3420 4896 3729 4963 μεταφορᾶς
3750 4893 3812 4944 τὸ

2251 4994 2462 5065 δολερὸν
2500 4995 2591 5046 καὶ
2615 4992 2749 5063 βαθὺ
2775 4993 2872 5063 τῆς
2904 4991 3095 5063 βουλῆς
3122 4991 3491 5061 παραστήσας.

2324 5086 2471 5155 Στίχ.
2500 5092 2586 5155 ιη’.
2610 5100 2679 5125 -'--
2711 5084 2850 5151 Ἐγὼ
2868 5084 2924 5137 δὲ
2948 5082 3213 5152 τοσαύτης
3237 5083 3386 5152 παρὰ
3405 5079 3492 5133 τοῦ
3519 5078 3653 5133 Θεοῦ
3673 5095 3811 5150 προ⁶

2253 5177 2399 5240 νοίας
2452 5176 2649 5246 τυχὼν,
2702 5176 2926 5246 ὑμνήσω
2954 5174 3042 5228 τὸν
3073 5173 3359 5243 εὐεργέτην
3390 5171 3671 5241 διηνεκῶς,
3710 5170 3809 5237 τῆς

2254 5267 2483 5336 κρίσεως
2505 5266 2565 5318 τὸ
2586 5265 2793 5319 δίκαιον
2825 5264 3194 5334 διηγούμενος.

2838 5356 3128 5409 ΨΑΛΜΟΣ
3161 5355 3245 5408 Η¹.

2326 5447 2472 5517 Στίχ.
2491 5454 2630 5514 γ⁹.--
2644 5446 2753 5500 Καὶ
2779 5448 2835 5499 ὲν
2860 5446 3032 5516 τούτῳ
3068 5447 3134 5500 τὰ
3164 5447 3303 5499 κατὰ
3317 5447 3406 5499 τὸν
3427 5446 3660 5515 Χριστὸν
3682 5445 3819 5514 ἡμῖν

2258 5540 2627 5612 προφητεύειὸ
2650 5540 2913 5611 μακάριος
2936 5539 3123 5592 Δαυῖδ’
3150 5541 3526 5610 προαναφωνεῖ
3552 5534 3817 5608 unum

2256 5632 2350 5685 τοῦ
2368 5632 2676 5701 Πνεύματος
2701 5629 3045 5702 ὲνεργεία[ς],
3071 5631 3144 5694 ὡς
3162 5630 3226 5683 ἂν
3253 5630 3561 5700 ὑμνήσωσιν
3583 5628 3744 5681 αὑτὸν
3760 5630 3821 5679 ὲν

2260 5720 2336 5791 τῷ
2367 5719 2494 5793 ίερῷ
2515 5722 2563 5774 οἱ
2594 5722 2798 5785 παῖδες,
2829 5721 2881 5773 οῖ
2915 5738 2973 5773 τε
2999 5719 3093 5792 [οἱ]
3125 5720 3411 5790 ὑπομάζιοι
3443 5722 3533 5774 καὶ
3564 5722 3611 5772 οἱ
3641 5719 3818 5789 ἕτεροι
