4096 6234
266 5047 314 5111 .3

318 342 432 400 ϐίὶὸ

1527 328 1615 383 EX
1625 325 1900 384 POSITIO
1939 326 2006 381 lN
2045 326 2380 383 PSALMOS.

3476 332 3580 389 654

318 468 504 535 νήπιοι
527 478 539 489 ’
583 458 716 528 φασὶ
738 456 795 509 δέ
817 471 957 518 τινες
985 455 1079 507 καὶ
1108 452 1187 516 εἰς
1213 451 1304 505 τὴν
1333 450 1506 504 κοινὸν
1528 451 1780 521 εἰρῆσθαι
1804 451 1897 505 ἄν·

2011 458 2053 504 et
2087 449 2201 505 hate
2239 460 2327 505 est
2361 449 2636 506 sententia
2668 451 3000 513 communis,
3036 450 3317 506 hominem
3348 453 3585 509 interro-

319 554 540 625 θρωπον
556 551 613 601 ἐν
629 550 694 619 τῇ
714 546 820 600 τῶν
836 544 1226 617 Σκηνοπηγίων
1244 544 1405 615 ἑορτῇ
1420 541 1606 597 τοῦτον
1632 538 1900 614 [λελέχθη]

317 647 415 700 τὸν
444 642 658 715 ψαλμὸν
716 640 821 693 ὑπὸ
869 639 963 692 τοῦ
1002 637 1269 709 μακαρίου
1317 634 1494 695 Δαυῒδ,
1530 635 1652 688 καθ’
1679 635 1707 687 ὃ
1731 637 1764 704 ἡ
1798 633 1904 686 τῶν

322 735 555 810 καρπῶν
583 732 886 802 συγκομιδὴ
916 729 1124 799 γίνεται
1147 746 1160 757 ·
1186 730 1280 782 καὶ
1301 727 1388 779 διὰ
1420 720 1578 779 τοῦτο
1608 725 1903 797 ἐπιγέγρα-

244 862 247 865 -
322 847 481 895 πται,
506 826 672 895 Παρὰ
712 823 833 878 τῶν
865 822 1094 892 ληνῶν.

908 934 1201 989 ΨΛΛΜΟΣ
1235 934 1291 987 Θ’
1300 972 1315 987 .

399 1053 545 1121 Στίχ.
570 1050 637 1121 β’.
664 1046 906 1102 -Μετά
933 1046 1042 1117 γὰρ
1079 1046 1177 1116 τὴν
1213 1045 1462 1116 διήγησιν
1492 1044 1601 1096 τῶν
1636 1041 1743 1095 σῶν
1777 1041 1907 1095 θαυ-

328 1144 562 1215 μασίων,
599 1141 895 1212 προσέσται
928 1155 1018 1210 μοι
1050 1138 1144 1191 καὶ
1168 1136 1228 1190 τὸ
1260 1134 1645 1207 εὐφραίνεσθαι
1680 1135 1772 1187 ἐπὶ
1801 1133 1904 1200 σοὶ,

326 1234 872 1307 ἀναμιμνησκομένῳ
897 1231 999 1302 τῆς
1030 1233 1128 1302 σῆς
1148 1230 1485 1302 εὐεργεσίας.

402 1328 554 1398 Στίχ.
589 1333 653 1379 ε’.
681 1355 751 1366 --
802 1322 1387 1395 Σύμμαχος,Ἔδρασε
1412 1321 1605 1389 κρίσει
1634 1318 1744 1372 τὸν
1773 1319 1906 1387 θρό-

325 1417 673 1482 νοναὺτσῦ,
720 1416 1000 1479 τουτέστι,
1059 1412 1292 1468 Βεὸαίαν
1335 1412 1435 1483 τὴν
1476 1411 1659 1482 κρίσιν
1705 1409 1909 1479 ταύτην

329 1514 648 1583 ἐποιήσατο,
695 1508 791 1563 καὶ
846 1505 1149 1578 μεταϐολὴν
1208 1506 1276 1558 τὰ
1310 1505 1401 1558 ὑπ’
1457 1503 1621 1557 αὑτοῦ
1656 1503 1909 1575 κριθέντα

319 1606 432 1658 ὀὐκ
475 1602 782 1672 ἐπιδέχεται
822 1600 923 1668 (1).

404 1693 553 1762 Στίχ.
585 1699 635 1745 ι’.
674 1715 743 1731 -ι-
776 1689 921 1743 Ἀντὶ
948 1688 1064 1751 τοῦ,
1096 1689 1205 1741 Καὶ
1255 1688 1540 1756 γενήσεται
1583 1687 1872 1756 καταφυγή
1891 1701 1907 1717 ο

2006 552 2191 615 gntum
2242 543 2414 599 fuisse
2465 544 2519 597 in
2556 540 2908 613 Scenopegiae
2940 542 3102 605 festo.
3135 543 3283 599 hunc
3306 545 3579 616 psalmum

2011 652 2039 688 a
2073 635 2484 698 Davidedfuisse
2521 637 2890 706 compositum
2923 653 3021 706 pro
3052 644 3295 706 tempore
3329 654 3438 706 quo
3462 639 3581 693 fru-

2006 741 2195 785 ctuum
2244 730 2303 783 lit
2331 731 2587 784 collectio
2619 751 2631 784 :
2668 732 2789 785 idco
2834 728 2937 783 Pro
2992 730 3343 784 torcularibus
3384 734 3584 792 inscri-

2008 821 2174 875 bitur.

2570 930 2891 987 PSALMUS
2920 933 3012 987 IX.

2084 1039 2246 1096 Vens.
2274 1041 2329 1094 2.
2362 1071 2432 1080 —
2455 1040 2668 1096 Etenim
2701 1052 2826 1112 post
2850 1042 3220 1097 narrationem
3249 1042 3581 1097 mirabilium

2010 1143 2270 1195 tuorum.
2319 1135 2450 1188 mihi
2503 1135 2895 1189 benetieiorum
2947 1143 3168 1189 tuorum
3208 1135 3581 1191 reminiscenti

2009 1226 2180 1281 laetari
2216 1241 2434 1296 quoque
2472 1236 2748 1296 superest.

2093 1319 2253 1376 Vens.
2284 1320 2410 1375 5,-
2433 1319 2798 1393 Symmachus
2820 1319 3032 1375 Iudicio
3053 1321 3312 1377 stabilivit
3336 1320 3582 1376 thronum

2011 1413 2146 1482 ejus,
2179 1412 2232 1468 id
2266 1421 2372 1472 est,
2404 1412 2651 1467 Firmum
2693 1414 2796 1468 hoc
2823 1413 3094 1483 judicium
3127 1412 3292 1469 fecit.
3321 1415 3583 1469 mutatio-

2011 1520 2245 1576 nemque
2271 1506 2479 1575 judicia
2512 1506 2662 1561 illius
2685 1521 2795 1561 non
2834 1517 3054 1561 norunt.

2085 1682 2250 1737 Vens.
2285 1684 2370 1738 10.
2410 1713 2482 1722 -
2516 1683 2660 1739 Loco
2698 1686 2786 1754 fiet
2818 1687 3072 1755 refugium
3094 1727 3109 1750 ,
3143 1688 3246 1742 hoc
3286 1689 3430 1743 enim
3463 1690 3584 1745 vult

330 1780 496 1839 τοῦτο
520 1784 625 1855 γὰρ
652 1785 687 1852 ἡ
736 1780 1025 1836 ἀκολουθία
1079 1780 1361 1850 βούλεταιο
1411 1778 1734 1849 ἐνήλλακται
1772 1778 1829 1830 δὲ
1882 1779 1910 1831 ὀ

2011 1785 2325 1840 contextus,
2360 1785 2575 1848 tempus
2607 1786 2873 1832 mutatum
2901 1788 3003 1833 est.
3032 1777 3411 1849 Opportunum
3437 1782 3583 1837 enim

333 1879 549 1949 χρόνος.
579 1874 843 1946 Εὔκαιρος
890 1872 997 1944 γὰρ
1025 1874 1058 1944 ἡ
1091 1872 1331 1944 βοήθεια,
1366 1873 1507 1926 κατά
1543 1872 1634 1923 τὸν
1662 1870 1763 1941 τῆς
1798 1870 1908 1923 θλί-

330 1972 481 2044 ψεως
518 1969 770 2039 γινομένη
798 1968 1006 2038 καιρόν.

405 2063 554 2132 Στίχ.
585 2060 645 2114 ιδ’
654 2103 668 2116 .
694 2090 764 2101 —-
794 2059 1087 2115 Κάνταῦθα
1143 2058 1305 2112 πάλιν
1355 2057 1641 2128 ὑπαλλαγὴ
1693 2057 1905 2127 χρόνου,

327 2154 455 2209 ἀντὶ
482 2153 577 2207 τοῦ
611 2152 868 2222 Ἦλέησεν
888 2155 1015 2222 γὰρ,
1060 2150 1364 2217 Ἐλέησον,
1390 2148 1553 2219 φησίν
1574 2165 1587 2178 ·
1618 2147 1787 2212 οὕτως
1814 2148 1909 2201 καὶ

343 2243 577 2307 Ἀκύλας
606 2243 789 2313 φησίν·
826 2239 1198 2309 Ἐδωρήσατό
1229 2257 1349 2309 μοι·
1384 2240 1600 2306 Κύριος
1619 2235 1778 2292 εἶδεν
1808 2255 1909 2292 και

328 2337 590 2405 κουχίαν
611 2352 730 2404 μου
750 2351 762 2364 ·
793 2333 950 2386 τοῦτο
973 2332 1029 2385 δὲ
1060 2333 1151 2386 καὶ
1174 2334 1206 2401 ή
1243 2330 1529 2384 ἀκολουθία
1565 2330 1907 2401 βούλεται.-

333 2429 531 2489 Τοῦτο,
561 2429 746 2498 φησὶν,
779 2427 893 2480 ἐστὶ
930 2425 990 2478 τὸ
1013 2424 1162 2487 τέλος
1186 2424 1292 2478 τῶν
1317 2422 1558 2492 ἀγαθῶν,
1597 2425 1630 2493 ἠ
1662 2423 1761 2493 τῆς
1787 2423 1909 2492 φθο-

333 2523 434 2592 ρᾶς
465 2520 771 2589 ἀπαλλαγὴ,
796 2519 889 2571 καὶ
931 2516 1024 2569 τοῦ
1058 2516 1288 2570 θανάτου
1331 2516 1644 2583 κατάλυσις,
1673 2510 1742 2586 ἧς
1775 2516 1909 2567 ἀπο-

328 2614 550 2677 λύοντες
577 2614 656 2675 είς
679 2611 765 2664 ἀεὶ
787 2611 883 2671 τὰς
908 2609 1005 2673 σὰς
1031 2607 1344 2680 εὐεργεσίας
1378 2608 1731 2677 ὑμνήσωμεν.

406 2703 554 2771 Στίχ.
613 2706 695 2753 ιε’.
731 2728 799 2739 —-—
826 2700 1030 2764 Πύλας
1055 2696 1313 2751 θανάτου
1356 2695 1449 2748 τὸν
1481 2694 1724 2748 κίνδυνον
1755 2696 1911 2749 καλεῖ

329 2794 424 2847 τὸν
441 2794 642 2861 ἄγοντα
673 2790 765 2843 ἐπὶ
790 2790 881 2842 τὸν
904 2789 1150 2843 θάνατον.
1174 2814 1243 2827 —-—
1268 2786 1421 2840 Σιὼν
1445 2786 1598 2839 καλεῖ
1625 2786 1724 2856 τὴν
1748 2788 1909 2841 ἐπου-

334 2889 518 2959 ράνιον
555 2884 730 2948 πόλιν,
756 2881 829 2946 ὡς
857 2884 885 2935 ὁ
905 2881 1171 2951 μακάριος
1202 2878 1411 2941 Παῦλος
1441 2878 1675 2944 ἐδίδαξεν
1693 2895 1706 2909 ·
1734 2879 1909 2942 πύλας

326 2978 389 3031 δὲ
417 2977 630 3045 ἐκείνης
658 2975 754 3037 τὰς
791 2969 1099 3041 ἁπανταχοῦ
1133 2970 1235 3040 γῆς
1267 2969 1612 3039 Ἐκκλησίας,
1643 2970 1709 3022 δι’
1725 2963 1799 3023 ὧν
1829 2972 1909 3033 είς

331 3063 550 3134 ἐκείνην
595 3061 827 3115 εἰσίασιν
881 3060 932 3112 οἱ
987 3059 1352 3122 πιστεύοντες.
1391 3059 1652 3113 Ἐνταῦθα
1705 3061 1906 3125 τοίνυν,

332 3158 519 3226 φησιν,
552 3154 909 3223 ἀγαλλόμενοι
939 3153 1031 3205 καὶ
1061 3151 1377 3222 χορεύοντες
1400 3152 1492 3205 ἐπὶ
1536 3154 1657 3215 ταῖς
1696 3153 1907 3207 ἐλπίσιν
1935 3136 1982 3200 C

329 3250 432 3320 τῆς
460 3249 824 3311 ἀναστάσεως,
844 3246 934 3301 τὸν
956 3245 1160 3300 τούτων
1192 3245 1450 3317 πρόξενον
1488 3246 1906 3319 ἀνυμνήσωμεν’

332 3341 430 3394 καὶ
452 3340 637 3411 ἐπειδὴ
662 3340 761 3410 τῆς
787 3338 882 3392 τοῦ
924 3338 1154 3391 θανάτου
1186 3336 1537 3402 καταλύσεως
1566 3340 1911 3409 ἐμνημόνευ-

333 3445 451 3499 σεν,
505 3433 728 3496 εἰκότως
781 3433 1079 3502 ἐπήγαγεν.
1105 3462 1172 3471 -
1198 3433 1273 3502 (2)
1313 3432 1412 3485 Διά
1454 3431 1551 3503 τὴν
1583 3433 1908 3505 ὑπερδολὴν,

331 3526 525 3595 φησὶν,
576 3524 673 3592 τῆς
715 3524 1089 3595 ὑπερηφανίας
1133 3523 1299 3579 αὐτοῦ
1360 3525 1454 3577 καὶ
1490 3524 1585 3579 τοῦ
1614 3524 1786 3595 θυμοῦ
1815 3526 1909 3579 τοῦ

331 3615 485 3670 κατὰ
504 3616 612 3668 τῶν
636 3618 898 3686 πενήτων,
942 3617 1042 3670 οῦκ
1086 3616 1308 3688 ἐκζητεῖ
1336 3618 1428 3671 τὸν
1458 3618 1753 3687 Δεσπότην,
1790 3618 1910 3672 οὐδὲ

331 3709 450 3760 νοεῖ
477 3707 560 3760 ὅτι
588 3708 894 3778 ἀπαρέσκον
919 3706 1068 3777 αὐτῷ
1103 3708 1164 3761 τὸ
1194 3707 1499 3778 γινόμενον.
1524 3708 1907 3779 -Ἐναλλαγὴ

333 3798 614 3852 κάνταῦθα
660 3799 871 3869 χρόνου,
919 3801 1040 3853 ἀντῖ⁵
1084 3808 1205 3866 sou;
1240 3799 1674 3871 Κατακυριεύει·
1711 3799 1777 3853 τὸ
1802 3801 1910 3869 γὰρ

336 3892 652 3959 γινόμενον
696 3891 801 3944 ὑπὸ
842 3891 936 3945 τοῦ
972 3891 1283 3957 ἀδικοῦντος
1311 3893 1599 3963 διηγεῖται,
1644 3892 1766 3945 ἀντὶ
1790 3893 1906 3959 τοῦ,

332 3982 433 4035 διὰ
454 3983 630 4036 τοῦτο
651 3984 892 4037 πάντων
924 3985 1142 4053 κρατεῖ,
1171 3986 1264 4038 καὶ
1304 3986 1508 4049 πάντας
1538 3985 1769 4054 ἀφειδῶς
1799 3984 1911 4038 ἀδι-

336 4074 443 4125 κεῖ.
467 4072 802 4143 Σαφέστερον
838 4074 895 4126 δὲ
947 4076 1241 4146 Σύμμαχος
1286 4073 1466 4129 εἶπενν
1493 4076 1730 4141 Πάντας
1769 4076 1911 4141 τοὺς

333 4164 586 4231 ἐχθροὺς
612 4166 797 4217 αὐτοῦ
827 4165 1085 4233 ἐκφυσᾷ.
1116 4197 1182 4207 -—
1216 4168 1291 4238 (5)
1322 4166 1661 4238 Σαφέστερον
1694 4166 1850 4221 τοῦτο
1881 4169 1911 4221 ὁ

332 4254 630 4326 Σύμμαχος
646 4258 1006 4328 ἡρμήνευσεν·
1051 4260 1131 4311 Οὐ
1162 4258 1673 4327 περιτραπήσομαι
1700 4262 1787 4325 εὶς
1814 4276 1910 4329 γε·

331 4349 482 4401 νεὰν
521 4348 619 4401 καὶ
678 4349 913 4417 γενεὰν,
948 4351 1085 4404 οὔτε
1136 4350 1349 4419 ἔσομαι
1382 4351 1451 4402 ἐν
1486 4351 1742 4406 κακώσει
1769 4368 1781 4380 '
1816 4354 1909 4405 xui.

331 4441 507 4511 ταύτῃ
539 4441 802 4510 κέχρηται
828 4444 894 4511 τῇ
925 4440 1242 4511 θρασύτητι,
1265 4444 1358 4494 καὶ
1383 4443 1593 4510 ἡγεῖται
1618 4443 1782 4513 μηδὲν
1802 4443 1907 4497 δει-
1940 4477 1983 4533 D

330 4533 423 4589 νὺν
452 4532 871 4604 ὑποστήσεσθαι,
895 4534 1071 4586 πάντα
1098 4533 1295 4603 μετιὼν
1321 4533 1420 4602 τῆς
1450 4535 1647 4598 κακίας
1675 4537 1743 4589 τὰ
1767 4537 1901 4607 εἴδη.

406 4624 556 4693 Στίχ.
606 4629 700 4687 ις’.
729 4617 914 4686 -Οίς
983 4623 1058 4692 (4)
1097 4625 1530 4695 ἐμηχανήσαντο,
1574 4626 1730 4695 φησὶ,
1779 4625 1902 4680 καθ’

331 4714 491 4783 ὴμῶν
520 4715 571 4767 οἱ
602 4713 866 4783 πολέμιοι,
898 4712 1105 4777 τούτοις
1145 4715 1390 4769 ἑάλωσαν
1416 4716 1591 4771 αὐτοί.
1612 4719 1757 4770 Ἀντί
1786 4706 1901 4782 τοῦ,

334 4804 515 4876 Ἀπερ
538 4804 866 4867 ἐσπούδαζον
892 4803 1012 4856 καθ’
1045 4805 1220 4875 ἡμῶν,
1244 4804 1413 4859 ταῦτα
1448 4807 1668 4863 ἔπαθον.

854 4991 1084 5044 ΨΑΛΜ.
1102 4989 1411 5044 ἘΒΡΑΙΚ.

294 5101 312 5137 ἲ
406 5101 555 5171 Στίχ.
585 5102 647 5155 δ’.
683 5103 853 5156 -Ἐν
894 5104 1068 5173 τούτῳ
1106 5104 1215 5174 γὰρ
1261 5104 1517 5174 μάλιστα,
1551 5106 1703 5175 φησὶ,
1754 5109 1909 5175 Παρ-

327 5194 527 5258 ώξυνε
581 5194 689 5247 τὸν
725 5196 1036 5261 Δεσπότην
1063 5199 1096 5250 ὁ
1124 5196 1372 5261 ἀσεϐὴς,
1405 5199 1462 5249 ἐν
1517 5198 1594 5266 τῷ
1643 5197 1910 5267 τολμῆσαι

329 5287 586 5356 ἐννοῆσαι
612 5288 740 5359 περὶ
786 5287 948 5342 αὑτοῦ
978 5290 1057 5343 ὃτι
1102 5290 1377 5357 ἐκδίκησιν
1411 5289 1517 5341 τῶν
1544 5289 1911 5360 ἀδικουμένων

327 5380 394 5431 ού
422 5382 677 5433 ποιεῖται.

404 5563 480 5631 (l)
504 5562 977 5636 Grammatiealem
1004 5573 1308 5636 temporum
1335 5565 1617 5636 cnallagcn
1642 5579 1785 5636 saepe
1802 5566 1897 5617 atl-

329 5633 546 5687 notavit
574 5636 714 5703 apud
744 5637 1038 5705 prophetas
1059 5633 1247 5705 noster
1271 5633 1612 5701 Theodorus,
1632 5635 1724 5704 qui
1754 5644 1817 5705 et
1840 5637 1894 5688 in

330 5721 430 5756 sua
469 5702 805 5772 psalmorum
835 5702 1242 5775 explanatione,
1273 5717 1329 5760 ut
1372 5722 1515 5760 nunc
1548 5714 1603 5761 et
1638 5702 1897 5775 posthinc

330 5776 411 5837 lit,
435 5775 500 5828 de
534 5776 723 5829 eadem
756 5793 813 5831 se
843 5773 1075 5831 lectores
1108 5778 1458 5832 admonuisse
1483 5773 1693 5831 narrat.
1734 5773 1861 5829 ΜΑΙ.

2010 1878 2093 1925 est
2115 1870 2450 1940 adjutorium
2484 1872 2628 1941 quod
2662 1880 2908 1943 tempore
2943 1874 3318 1931 tribulationis
3341 1875 3581 1932 advenit.

2079 2054 2245 2110 Vens.
2279 2056 2365 2109 14.
2395 2084 2464 2093 —-
2493 2054 2696 2109 Deinde
2742 2055 2939 2109 iterum
2994 2055 3227 2111 mutatio
3273 2058 3582 2127 temporis;

2010 2148 2130 2203 loco
2158 2148 2304 2203 enim
2332 2148 2595 2203 misertus
2617 2155 2723 2211 est,
2751 2147 2993 2202 miserere
3016 2148 3152 2203 dicit
3177 2167 3191 2202 :
3217 2149 3298 2204 sic
3319 2149 3583 2219 etAquila

2009 2240 2146 2295 dicit
2162 2240 2379 2294 donavit
2399 2239 2528 2293 mihi
2543 2254 2560 2293 :
2585 2237 2840 2292 Dominus
2858 2240 2987 2292 uidit
3004 2238 3357 2294 humilitatem
3376 2256 3547 2295 meum
3562 2255 3583 2293 :

2011 2334 2114 2388 hoc
2138 2335 2283 2389 enim
2320 2333 2439 2387 velt
2468 2346 2688 2404 quoque
2724 2340 3037 2387 contextus.
3070 2331 3231 2396 lllud,
3260 2333 3461 2403 inquit,
3498 2339 3585 2388 est

2009 2441 2224 2482 summa
2258 2425 2527 2480 bonorum
2553 2464 2569 2488 ,
2611 2423 2882 2478 malorum
2919 2423 3152 2478 remotio
3174 2462 3191 2486 ,
3222 2424 3585 2495 liheratioque

2009 2517 2203 2572 mortis
2242 2531 2273 2570 a
2319 2532 2424 2587 qua
2480 2516 2697 2571 liberati
2756 2514 2810 2568 in
2856 2522 3122 2569 aeternum
3177 2524 3271 2567 tua
3320 2516 3583 2572 beneﬁcia

1998 2609 2372 2665 cantabimus.

2079 2699 2243 2756 Vens.
2281 2701 2366 2755 15.
2396 2731 2463 2739 -
2492 2699 2689 2754 Portus
2720 2701 2904 2754 mortis
2934 2700 3236 2770 periculum
3258 2699 3326 2755 ad
3351 2708 3583 2756 mortem

2010 2793 2219 2848 ducens
2246 2801 2427 2847 vocat.
2453 2790 2585 2847 Sion
2604 2801 2763 2846 vocat
2791 2790 3095 2846 Jerusalem
3117 2792 3414 2856 caelestem,
3441 2791 3586 2847 sicut

2010 2883 2204 2938 beatus
2263 2881 2466 2938 Paulus
2515 2882 2724 2939 docuit.
2774 2883 2969 2939 Portas
3001 2891 3185 2939 autem
3222 2883 3387 2953 hujus
3433 2884 3585 2939 orbis

2012 2984 2283 3029 terrarum
2304 2974 2589 3040 ecclesias,
2614 2989 2712 3044 per
2730 2990 2867 3044 quas
2893 2975 2946 3029 in
2971 2974 3116 3029 illam
3136 2976 3340 3030 intrant
3366 2974 3586 3031 creden-

2014 3078 2095 3124 tes
2124 3086 2139 3122 :
2175 3068 2248 3123 ibi
2274 3083 2427 3137 ergo,
2447 3068 2645 3138 inquit,
2672 3068 2926 3122 laetantes
2957 3077 3011 3122 et
3039 3069 3382 3124 exsultantes
3408 3069 3462 3123 in
3490 3084 3586 3140 spe

2014 3160 2459 3225 resurrectionis,
2501 3152 3006 3215 horumt‘bOnorum
3054 3159 3284 3214 Domino
3333 3161 3586 3215 cantabi-

2015 3268 2137 3307 mus
2173 3270 2186 3307 :
2225 3265 2458 3321 cumque
2490 3250 2687 3306 mortis
2720 3249 3068 3305 liherationis
3104 3248 3205 3305 fuit
3237 3251 3580 3313 recordatus,

2013 3358 2115 3399 nos
2190 3344 2327 3399 bene
2393 3341 2639 3397 deduxit.
2712 3340 2942 3412 Propter
3007 3357 3333 3408 excessum,
3407 3345 3588 3414 inquit

2014 3434 2183 3499 (Psal.
2234 3449 2272 3488 ιι
2296 3433 2336 3504 ),
2364 3432 2636 3502 superbiae
2667 3433 2787 3501 ejus
2833 3441 2997 3501 atque
3035 3432 3130 3487 ira:
3149 3433 3415 3489 adversus
3453 3449 3588 3504 pau-

2014 3541 2209 3596 peres,
2260 3540 2369 3580 non
2423 3525 2623 3594 quaerit
2671 3524 2992 3591 Dominum.
3045 3539 3145 3580 nec
3195 3533 3349 3596 putat
3392 3526 3588 3597 displi-

2013 3632 2138 3673 cere
2166 3617 2242 3673 illi
2280 3617 2423 3687 quod
2449 3615 2652 3670 factum
2675 3624 2781 3671 est.
2815 3615 2914 3671 llic
2946 3629 3166 3685 quoque
3195 3617 3427 3671 mutatio
3450 3624 3587 3671 tem—

2013 3709 2187 3781 poris,
2226 3709 2345 3764 loco
2371 3708 2733 3762 dominabitur
2760 3724 2778 3760 :
2810 3708 2948 3777 quod
2985 3708 3187 3776 factum
3230 3716 3307 3762 est
3343 3708 3487 3763 enim
3517 3710 3588 3764 ab

2013 3802 2203 3872 iniquo
2226 3803 2449 3866 dicitur,
2475 3802 2596 3856 loco
2622 3810 2831 3869 propter
2863 3802 2958 3853 hoc
2988 3800 3219 3852 omnium
3259 3799 3585 3866 dominatur,

2012 3903 2067 3949 et
2110 3910 2303 3949 omnes
2338 3894 2526 3963 inique
2575 3892 2944 3961 persequitur.
2971 3890 3190 3946 Clarius
3217 3898 3399 3946 autem
3427 3889 3586 3962 Sym—

2014 3988 2240 4043 machus
2293 3986 2475 4053 dixit,
2509 3985 2699 4041 Omnes
2744 3986 2836 4038 Ito:
2882 4001 3005 4038 suos
3040 3984 3279 4037 inimicos
3321 3984 3584 4058 exsuﬂlal.

2014 4079 2151 4133 lllud
2171 4078 2417 4147 apertius
2441 4076 2753 4147 explanavit
2780 4073 3164 4145 Symmachus,
3192 4071 3315 4127 Non
3347 4074 3587 4128 movebar

2010 4171 2067 4224 in
2113 4170 2498 4241 generationem
2544 4179 2593 4224 et
2640 4168 3061 4239 generationem,
3094 4182 3183 4219 nec
3241 4182 3331 4220 ero
3359 4166 3412 4219 in
3444 4168 3585 4219 malo

2013 4260 2095 4331 (ν.⁴
2121 4262 2174 4331 ὓ)
2213 4280 2225 4316 :
2263 4262 2477 4332 hacque
2508 4262 2619 4331 agit
2667 4259 2920 4319 audacia,
2951 4257 3283 4327 conliditquc
3317 4258 3452 4311 nihil
3479 4265 3582 4312 ter-

2012 4348 2171 4405 ribile
2198 4366 2319 4406 esse
2349 4359 2835 4420 superventurum,
2865 4359 2985 4418 post
3012 4360 3204 4400 omnes
3230 4346 3446 4415 species
3474 4364 3585 4401 ma-

2013 4441 2143 4498 litiae
2172 4443 2463 4498 festinans.

2102 4644 2259 4686 νεεδ.
2307 4630 2391 4685 16.
2429 4660 2495 4669 —
2538 4627 2628 4694 lis,
2662 4629 2859 4698 inquit,
2895 4644 3014 4697 qum
3045 4629 3338 4686 machinati
3372 4632 3585 4687 fuerant

2011 4734 2203 4781 contra
2243 4739 2344 4778 nos
2384 4722 2589 4775 inimici
2625 4720 2819 4786 nostri,
2868 4720 3058 4774 iisdem
3096 4722 3196 4791 ipsi
3234 4725 3376 4793 capti
3433 4736 3580 4781 sunt.

2015 4818 2069 4871 Μ
2102 4825 2206 4877 δεῖν
2244 4813 2315 4865 E3
2346 4827 2466 4881 quae
2515 4818 2705 4865 contra
2740 4824 2839 4863 nos
2870 4811 3444 4875 comminiscebantur,
3480 4816 3583 4884 ipsi

2016 4907 2162 4979 passi
2196 4911 2343 4960 sunt.

2568 4995 2772 5050 PSAL.
2810 4995 3026 5049 ΗΕΒΠ.

2080 5112 2245 5167 Vens.
2283 5112 2336 5165 4.
2376 5142 2442 5151 -—
2474 5110 2575 5165 llic
2622 5112 2765 5164 enim
2816 5113 3050 5166 multum
3094 5111 3229 5165 dicit
3254 5112 3583 5167 exacerbavit

2011 5203 2295 5257 Dominum
2340 5202 2567 5268 impius,
2618 5216 2741 5254 cum
2783 5200 2848 5254 (lc
2893 5202 3013 5269 ipso
3062 5199 3216 5268 (Deo)
3250 5197 3365 5254 fore
3392 5210 3449 5253 ut
3476 5217 3579 5252 neu

2010 5295 2315 5351 ulciscatur
2343 5293 2529 5361 iniqua
2559 5303 2779 5363 agentes
2814 5295 3059 5358 cogitare
3092 5289 3275 5344 audet.

2084 5566 2161 5633 (2)
2230 5565 2404 5620 Verba
2477 5567 2763 5636 sequentia
2842 5563 3453 5636 relcrenda_vidcntur
3512 5557 3581 5616 ad

2004 5638 2144 5705 psal.
2176 5652 2213 5705 ιν
2250 5634 2773 5699 εεευιιιίιιιιιιιιιιιτη
2801 5650 2939 5689 vers.
2968 5636 3022 5699 2,
3052 5635 3104 5703 5,
3136 5634 3187 5691 ϐ.
3244 5634 3403 5689 Ευιτ.

2077 5707 2153 5773 (5)
2192 5704 2339 5761 Psal.
2376 5706 2537 5762 llcbr.
2571 5722 2743 5763 vcrss.
2774 5706 2825 5760 6.

2086 5775 2160 5846 (4)
2193 5775 2267 5831 Ει
2300 5777 2581 5833 Corderio.
