4106 6238
571 327 678 386 ess
724 300 727 301 ⁷
1735 318 2082 374 τιιιεοοοιιι
2121 318 2157 373 Μ

2266 317 2349 374 SU
2360 315 2605 374 ESTENI
3712 316 3821 378 656

644 442 811 498 Vens.
844 443 928 496 14.
954 471 1022 481 --
1048 439 1171 498 Haec
1197 441 1359 495 verba
1391 447 1607 493 suntex
1641 438 1950 492 inversione
1980 458 1992 490 :
2019 438 2139 492 loco

2314 438 2455 511 Στίχ.
2489 439 2637 495 ιδ’.-
2671 437 3061 511 Πρωθύστερόν
3085 440 3199 493 ἐστι
3226 438 3291 493 τὰ
3313 438 3553 509 ρήματω
3576 437 3695 491 ἀντὶ
3711 440 3821 507 γάρ

574 538 720 592 enim
762 536 1009 605 quoniam
1057 533 1272 598 videns,
1320 534 1459 587 vides
1508 531 1745 601 legitur;
1775 545 1855 585 eo
1873 530 2020 601 quod
2062 531 2142 588 sic

574 631 691 683 vult
714 635 895 683 textus
926 626 1229 681 Hebraicus
1256 643 1270 678 :
1308 640 1431 678 cum
1467 625 1611 679 enim
1635 624 1702 678 de
1734 624 1941 694 iniquis
1974 623 2145 679 dixit:

575 718 728 773 Dixit
755 719 893 773 enim
914 719 967 770 in
997 716 1150 770 corde
1176 732 1270 770 suo
1296 731 1314 769 :
1343 713 1463 768 Non
1493 714 1734 783 requiret.
1771 714 2019 774 adduxit,
2056 710 2146 765 Vi-

575 812 665 865 des
726 810 973 878 quoniam
1033 817 1103 859 tu.
1141 806 1372 860 laborem
1426 815 1475 859 et
1537 804 1769 859 dolorem
1821 803 2145 868 consideras,

577 901 732 971 quasi
774 900 961 955 volens
1001 900 1067 953 ad
1124 897 1287 952 Deum
1327 897 1510 952 dicere
1557 897 1805 967 iniquum
1859 911 2033 964 usque
2080 910 2163 949 eo

575 992 800 1046 venisse
828 1000 886 1045 ut
912 990 1143 1052 diceret,
1180 1004 1286 1043 non
1310 988 1407 1042 tibi
1436 1003 1562 1043 esse
1590 1002 1783 1041 curam
1822 986 1890 1041 de
1920 986 2144 1056 iniquis,

577 1098 682 1138 nec
713 1083 909 1137 delicta
940 1081 1243 1151 requirere,
1275 1094 1402 1133 cum
1437 1093 1627 1133 eorum
1658 1077 1900 1132 furorem
1931 1090 1995 1129 ac
2028 1089 2145 1129 ma-

579 1176 754 1230 litiam
782 1175 994 1238 videns,
1026 1188 1135 1228 non
1162 1172 1272 1227 cito
1303 1170 1370 1225 ad
1403 1170 1665 1224 ultionem
1690 1183 1879 1231 exeas,
1909 1167 2002 1222 sed
2025 1182 2151 1219 con-

580 1271 807 1332 sideras,
831 1268 885 1323 id
919 1276 1025 1331 est.
1058 1266 1296 1321 moraris
1319 1306 1333 1332 ,
1373 1263 1677 1335 usquedum
1706 1278 1773 1317 ex
1804 1260 2153 1315 multitudine

580 1362 905 1417 delictorum
938 1359 1153 1430 seipsos
1193 1359 1246 1412 in
1281 1366 1405 1413 tuas
1438 1370 1632 1410 manus
1682 1353 1925 1417 tradant,
1953 1352 2153 1422 iniqui-

582 1459 758 1506 tatum
793 1465 1017 1506 suarum
1060 1464 1289 1504 numero
1322 1449 1379 1501 in
1411 1446 1626 1517 seipsos
1654 1445 1948 1501 vindictam
1978 1443 2156 1499 conci-

584 1551 779 1597 tante:
817 1542 920 1597 hoc
955 1543 1090 1596 dicit
1141 1557 1207 1595 ex
1257 1540 1574 1609 metaphora
1618 1553 1808 1593 eorum
1856 1536 1950 1606 qui
1984 1551 2155 1605 usque

583 1634 655 1689 ad
699 1649 867 1689 unum
899 1634 981 1688 vel
1022 1632 1322 1688 secundum
1363 1630 1622 1685 delictum
1654 1645 1764 1684 non
1805 1631 2032 1691 sistunt.
2061 1629 2153 1685 sed

582 1739 729 1794 quos
768 1725 941 1779 multa
991 1723 1189 1778 delicta
1238 1722 1304 1777 ad
1342 1722 1641 1777 tribunalia
1671 1722 1899 1786 ducunt,
1930 1723 2023 1778 ubi
2051 1722 2157 1778 ini-

2250 531 2343 585 τοῦ
2352 532 2493 595 ,Ὅτι
2516 530 2752 601 βλέπεις,
2770 535 2966 598 κεῖται,
2979 531 3249 598 Βλέπειςο
3263 533 3346 586 ὅτι
3363 530 3519 585 τοῦτο
3530 530 3587 584 δὲ
3604 530 3712 584 ἀπὸ
3724 532 3819 601 τῆς

2252 622 2545 693 ἑρμηνείας
2567 623 2855 696 γεγένηται
2877 624 2970 679 τοῦ
3012 622 3319 692 Ἐὁραῖκοῦ·
3352 623 3541 693 ἐπειδὴ
3566 621 3673 694 γὰρ
3695 623 3815 693 περ)

2253 713 2361 764 τῶν
2390 713 2717 768 ἀδικούντων
2745 711 2895 769 εἶπεν
2916 716 2975 770 τὸ
2993 758 3007 781 ,
3038 710 3221 769 Εἶπεν
3243 714 3353 783 γὰρ
3373 714 3444 767 ἐν
3473 713 3683 782 καρδίᾳ
3717 715 3821 767 αὐ-

2252 803 2379 867 τοῦ,
2413 807 2532 859 Οὐκ
2552 804 2882 875 ἐκζητήσει,
2912 806 3297 878 ὲπήγαγεντὸ,
3328 804 3596 871 Βλέπεις,
3620 804 3707 857 δτι
3738 804 3821 857 σὺ

2258 896 2451 948 πόνον
2487 895 2586 948 καί
2620 899 2811 966 θυμὸν
2858 895 3190 962 κατανοεῖς,
3216 895 3374 949 τοῦτο
3402 896 3724 966 βουλόμενος
3745 894 3818 957 ὡς

2256 987 2392 1058 πρὸς
2418 987 2507 1040 τὸν
2540 987 2671 1042 Θεὸν
2691 990 2884 1054 εἰπεῖν,
2899 990 2980 1042 ὅτι
3003 988 3256 1061 Προήχθη
3286 988 3345 1042 δὲ
3371 988 3573 1050 ἐκεῖνος
3590 987 3621 1039 ό
3640 985 3818 1049 ἄδικος

2254 1082 2427 1132 ταῦτα
2450 1078 2785 1145 λογίσασθαι,
2812 1080 2892 1133 ὅτι
2925 1081 2998 1151 μὴ
3023 1081 3175 1152 μέλει
3211 1097 3295 1133 σοι
3324 1079 3453 1149 περί⁹
3475 1078 3581 1131 τῶν
3608 1077 3823 1131 άδικου⁶

2261 1171 2454 1241 μένων,
2482 1171 2616 1241 μηδὲ
2643 1172 2890 1243 ἐκζητεῖς
2912 1174 2979 1228 τὰ
2999 1173 3281 1245 γινόμενα,
3326 1172 3515 1242 ἐπειδὴ
3553 1171 3694 1244 ὁρῶν
3724 1171 3824 1225 αὒ-

2258 1262 2365 1316 τῶν
2394 1264 2492 1334 τὴν
2524 1263 2693 1335 ὀργὴν
2746 1266 2837 1318 καὶ
2869 1264 2968 1335 τὴν
3009 1265 3294 1338 πονηρίαν,
3324 1264 3425 1318 οὐκ
3448 1265 3609 1327 εὐθὺς
3629 1263 3823 1336 seem

2258 1358 2370 1419 τοῖς
2421 1355 2745 1426 γινομένοις,
2792 1355 2930 1410 ἀλλὰ
2973 1356 3304 1423 κατανοεῖς,
3335 1354 3580 1409 τουτέστι
3615 1355 3821 1425 μένεις,

2258 1446 2363 1509 ἕως
2408 1445 2475 1499 ἂν
2512 1448 2578 1499 ὲκ
2628 1444 2723 1499 τοῦ
2757 1446 2992 1517 πλήθους
3037 1446 3145 1501 τῶν
3188 1446 3333 1499 ἰδίων
3376 1443 3563 1498 κακῶν
3600 1445 3824 1509 ἑαυτοὺς

2260 1539 2458 1590 ἐκεῖνοι
2509 1540 2629 1602 ταῖς
2662 1539 2780 1601 σαῖς
2809 1537 3119 1609 παραδῶσιν
3148 1537 3353 1611 χερσὶν,
3396 1537 3458 1591 τὸ
3491 1536 3693 1609 πλῆθος
3726 1539 3823 1607 τῆς

2262 1629 2468 1691 οἰκείας
2488 1629 2701 1692 ἀδικίας
2746 1630 3178 1700 ἐπισπασάμενοι
3213 1628 3333 1683 καθ’
3358 1629 3568 1682 ἑαυτῶν
3616 1628 3713 1699 τὴν
3738 1646 3823 1681 τι·

2264 1721 2475 1791 μωρίαν
2492 1738 2505 1751 ·
2531 1721 2688 1776 τοῦτο
2710 1722 2767 1776 δὲ
2793 1721 2941 1792 λέγει
2955 1724 3021 1777 ὲκ
3045 1725 3353 1794 μεταφορᾶς
3375 1722 3483 1776 τῶν
3505 1722 3693 1793 μέχρις
3724 1722 3823 1792 μὲν

583 1829 819 1886 quorum
851 1812 1156 1884 frequentia
1186 1810 1339 1867 adest
1376 1829 1389 1864 :
1420 1811 1537 1865 vult
1565 1819 1751 1867 autem
1777 1809 1874 1866 Dei
1906 1809 2154 1881 longani-

2262 1812 2377 1876 ἑνὸς
2412 1812 2506 1867 καὶ
2537 1813 2789 1886 δευτέρου
2812 1812 2982 1867 κακοῦ
3010 1814 3085 1885 μὴ
3110 1814 3431 1886 ἱσταμένων,
3452 1813 3512 1866 τὺ
3534 1813 3590 1867 δὲ
3624 1812 3825 1883 πλῆθος

586 1906 838 1979 nitatem
869 1903 1181 1960 ostendere.

664 2188 833 2246 Vsus.
867 2189 955 2244 17.
998 2218 1055 2227 -
1093 2187 1429 2243 Desiderium
1471 2187 1563 2244 hic
1609 2202 1710 2258 pro
1755 2202 1903 2256 prece
1952 2186 2157 2256 posuit,

588 2282 721 2354 quia
744 2295 867 2352 quae
894 2279 1275 2336 desideramus
1303 2279 1445 2347 ﬁeri,
1480 2281 1538 2335 in
1570 2294 1763 2336 eorum
1791 2278 2162 2352 postulatione

591 2373 880 2429 instamus.

1152 2504 1475 2562 PSALMUS
1505 2503 1595 2562 XI.

674 2639 831 2680 reus.
861 2622 916 2678 ὅ.
947 2653 1016 2666 -
1058 2621 1205 2677 Vana
1235 2636 1337 2693 pro
1362 2621 1552 2677 dolosa
1574 2636 1594 2676 :
1619 2620 1990 2678 communiter
2016 2608 2161 2677 enim

589 2731 731 2771 vana
766 2723 924 2770 vocat
951 2716 1136 2769 omnia
1158 2729 1282 2785 qum
1306 2729 1417 2770 non
1448 2713 1674 2780 decent,
1708 2715 1852 2771 sicut
1874 2714 2014 2769 bona
2043 2728 2165 2784 qua:

590 2808 663 2863 ab
681 2806 963 2878 agentibus
991 2814 1137 2862 recte
1156 2806 1312 2861 tiunt.
1341 2835 1408 2845 —
1432 2804 1569 2861 Cum
1591 2806 1739 2870 dolo,
1759 2806 1958 2875 inquit,
1989 2820 2164 2859 unus-

590 2896 829 2967 quisque
858 2896 1102 2966 loquitur
1128 2894 1193 2949 ad
1227 2895 1560 2964 proximum,
1589 2896 1780 2967 sicque
1809 2895 1972 2951 labiis
2002 2902 2163 2951 utens

592 2989 649 3043 in
680 3003 775 3043 cor
806 2987 1040 3059 proximi
1080 2987 1365 3042 mendacia
1412 2989 1661 3043 immittit
1691 3008 1705 3043 :
1730 2989 1930 3060 illeque
1964 2988 2161 3043 iterum

592 3079 847 3135 similiter
879 3078 1079 3135 similia
1106 3078 1357 3146 remittit,
1392 3078 1520 3135 inde
1543 3081 1815 3152 reliquum
1844 3090 1929 3137 est
1964 3091 2021 3136 ut
2051 3080 2162 3134 illis

593 3170 889 3226 vindictam
918 3172 1176 3226 minetur.

662 3261 830 3321 Vens.
864 3265 919 3319 5.
947 3294 1018 3303 —
1050 3264 1249 3321 Dicunt
1279 3264 1533 3329 scilicet,
1568 3264 1771 3336 inquit,
1803 3265 1859 3319 in
1895 3270 2165 3333 potestate

594 3363 786 3413 nostra
828 3371 953 3413 esse
996 3372 1118 3427 qua:
1151 3357 1405 3413 volumus
1441 3357 1591 3427 loqui
1628 3376 1642 3412 :
1680 3372 1844 3428 quem
1879 3356 2024 3411 enim
2069 3355 2166 3410 do-

591 3449 803 3504 minum
860 3448 1128 3504 habemus
1169 3449 1265 3520 qui
1309 3449 1589 3505 timendus
1640 3444 1751 3504 sit?
1800 3447 1915 3503 Hoc
1980 3454 2164 3501 autem

591 3540 726 3597 dicit
777 3555 886 3596 non
935 3541 1095 3614 quasi
1130 3541 1211 3597 sic
1248 3541 1360 3597 illis
1397 3541 1623 3596 omnino
1654 3540 2039 3611 loquentibus,
2069 3537 2163 3593 sed
2193 3609 2195 3612 γ

592 3633 803 3688 ratione
843 3634 1039 3703 agendi
1088 3624 1511 3689 ostendentibus
1558 3632 1741 3688 omnia
1770 3633 1852 3688 sic
1898 3630 2018 3688 sine
2051 3630 2165 3683 ullo

593 3723 789 3779 timore
815 3723 1015 3790 facere,
1044 3726 1202 3795 quasi
1230 3725 1418 3780 nullus
1444 3731 1589 3782 esset
1606 3722 1799 3794 judex.

662 3834 828 3890 Vnus.
854 3836 907 3892 9.
929 3865 998 3878 —-—
1016 3834 1151 3890 Cum
1177 3835 1419 3905 undique
1438 3835 1507 3889 ab
1529 3833 1717 3904 impiis
1733 3830 2161 3894 circumdemur,

591 3926 913 3995 neutiquam
948 3925 1111 3981 aliter
1134 3927 1378 3993 liberari,
1410 3925 1517 3980 nisi
1553 3924 1664 4005 Deo
1691 3923 2004 3994 adjuvante,
2030 3935 2161 3991 pos-

592 4033 657 4075 811
664 4033 806 4074 mus.

1122 4152 1444 4209 PSALMUS
1486 4151 1601 4207 Xll.

660 4271 826 4326 Vens.
856 4270 911 4324 2».
949 4301 1019 4312 --
1046 4270 1106 4324 ln
1134 4269 1431 4325 solitudine
1470 4284 1571 4324 sua
1613 4268 1754 4324 bene
1806 4275 2043 4323 mentem
2094 4270 2163 4323 ad

2260 1905 2369 1958 τῶν
2414 1907 2715 1977 γινομένων
2753 1907 2978 1971 ἑαυτοὺς
3019 1907 3263 1978 ἀγόντων
3299 1907 3379 1970 είς
3406 1906 3473 1961 τά
3503 1906 3826 1977 δικαστήρια

2257 1995 2318 2048 τὸ
2343 1994 2449 2049 τῶν
2477 1995 2849 2067 ἀδικουμένων
2873 1995 3076 2067 πλῆθος
3099 2011 3114 2026 ’
3164 1996 3411 2069 βούλεται
3436 1996 3495 2051 δὲ
3534 1996 3705 2061 δεῖξαι
3725 1994 3823 2049 τοῦ

2258 2087 2391 2142 Θεοῦ
2417 2087 2517 2159 τὴν
2547 2089 2945 2163 μακροθυμίαν.

2330 2204 2479 2274 Στίχ.
2529 2204 2615 2268 ιζ’.
2646 2236 2713 2246 -
2759 2204 3113 2274 Ἐπιθυμίαν
3156 2205 3391 2260 ἐνταῦθα
3415 2207 3536 2260 ἀντὶ
3572 2205 3688 2271 τοῦ,
3726 2204 3825 2277 τὴν

2260 2298 2592 2369 προσευχὴν,
2609 2297 2756 2366 λέγει
2783 2312 2795 2326 '
2821 2297 3010 2369 ἐπειδὴ
3047 2298 3192 2369 άπερ
3224 2297 3498 2370 ποθοῦμεν
3520 2298 3824 2368 γίγνεσθαι,

2258 2388 2433 2443 ταῦτα
2461 2389 2557 2443 καὶ
2596 2388 2849 2461 εὔχεσθαι
2881 2389 3161 2460 φιλοῦμεν.

2835 2518 3117 2573 ΥΑΛΜΟΣ
3147 2518 3251 2573 IA'.
3316 2509 3325 2516 ’

2334 2632 2481 2703 Στίχ.
2502 2632 2573 2700 γ’.
2603 2661 2673 2672 —
2696 2631 2927 2686 Μάταια
2950 2630 3027 2703 (1)
3060 2631 3181 2685 ἀντὶ
3211 2629 3329 2700 τοῦ,
3371 2630 3593 2704 δολερά’
3634 2631 3829 2698 κοινῶς

2262 2724 2317 2779 δὲ
2346 2725 2553 2795 μάταια
2611 2718 2753 2778 οἶδεν
2809 2724 3025 2778 ἅπαντα
3065 2723 3249 2777 καλεῖν
3285 2723 3353 2779 τὰ
3381 2724 3576 2789 ἄτοπα,
3606 2725 3679 2789 ὡς
3702 2727 3826 2798 είκῆ

2263 2816 2414 2887 παρά
2461 2814 2568 2868 τῶν
2610 2816 2956 2887 πραττόντων
3010 2818 3289 2889 γινόμενα.
3324 2847 3396 2858 -
3440 2818 3598 2872 Μετὰ
3648 2818 3825 2885 δόλου,

2265 2908 2449 2978 φησὶν,
2476 2906 2724 2978 ἀλλήλοις
2752 2908 3251 2979 προσδιαλέγονται,
3276 2912 3372 2965 καὶ
3391 2911 3563 2975 οὕτως
3582 2914 3688 2974 τοῖς
3710 2911 3827 2981 χεί-

2262 2999 2377 3052 λεσι
2407 2997 2686 3071 χρώμενος
2728 3000 2806 3064 είς
2853 3001 2950 3072 τὴν
2978 3000 3072 3054 τοῦ
3110 3001 3280 3066 πέλας
3310 3003 3538 3073 καρδίαν
3562 3002 3631 3056 τά
3654 3002 3828 3072 ψευδῆ

2264 3090 2653 3161 παραπέμπει·
2692 3092 2938 3155 κάκεῖνος
2980 3092 3141 3146 πάλιν
3167 3094 3367 3165 ὁμοίως
3398 3094 3723 3164 ἀντιπέμπει
3758 3093 3829 3148 τά

2189 3197 2233 3254 c
2265 3183 2424 3254 ὅμοια
2443 3198 2457 3212 ·
2489 3182 2736 3236 ἐντεῦθεν
2761 3183 2944 3237 λοιπὸν
2979 3183 3159 3249 αὐτοῖς
3190 3184 3402 3239 ἀπειλεῖ
3432 3191 3719 3258 τιμωρίαν.

2335 3273 2485 3344 Στίχ.
2512 3280 2575 3326 ε’.
2604 3304 2674 3314 —
2704 3273 2968 3343 Λέγουσιν
2997 3274 3125 3347 γὰρ,
3144 3277 3329 3346 φησὶν,
3361 3277 3443 3330 ὅτι
3468 3276 3554 3330 ἐπ’
3583 3276 3830 3343 ἐξουσίας

2265 3365 2419 3438 ἡμῶν
2432 3365 2578 3419 ἐστιν
2603 3363 2639 3418 ἃ
2665 3363 2968 3436 βουλόμεθα
2984 3365 3315 3435 φθέγγεσθαι
3333 3383 3347 3398 ο
3370 3367 3488 3421 τίνα
3507 3367 3614 3438 γάρ
3633 3367 3829 3439 ἔχομεν

2261 3456 2546 3528 δεσπότην,
2576 3455 2633 3509 ὂν
2649 3457 2743 3510 καὶ
2764 3456 2935 3511 δεῖσαι
2960 3457 3075 3524 δεῖ;
3096 3458 3251 3514 τοῦτο
3273 3459 3331 3513 δὲ
3352 3457 3494 3531 [οὐχ]
3514 3458 3588 3523 ὡς
3613 3462 3830 3523 πάντως

2262 3547 2525 3616 λεγόντων
2549 3547 2775 3601 ἐκείνων
2828 3547 3015 3617 φησὶν,
3061 3548 3175 3602 ἀλλ’
3214 3548 3289 3614 ὼς
3314 3549 3391 3620 τῷ
3417 3549 3699 3621 πράγματι
3721 3548 3831 3601 δει-

2263 3636 2501 3691 κνύντων
2544 3637 2605 3689 τὸ
2645 3636 2819 3702 οὓτως
2863 3638 3032 3703 ἀδεῶς
3063 3639 3277 3695 ἅπαντα
3319 3641 3597 3713 πράττειν,
3624 3640 3701 3705 ὡς
3726 3640 3831 3694 οὐκ

2261 3728 2413 3792 ὄντος
2442 3728 2653 3801 κριτοῦ.

2332 3841 2480 3913 Στίχ.
2514 3841 2579 3896 θ’.
2610 3872 2679 3884 -
2721 3842 2937 3914 Ἐπειδὴ
2961 3843 3087 3906 τοὺς
3109 3843 3214 3897 ὑπὸ
3250 3843 3356 3898 τῶν
3386 3843 3597 3897 ἀσεδῶν
3620 3844 3833 3899 κυκλω-
3944 3860 3949 3863 ·

2262 3933 2452 3997 θέντας
2479 3935 2581 3989 οὐκ
2630 3934 2835 3989 ἔνεστιν
2885 3935 3087 4006 ἑτέρως
3134 3935 3233 4006 τὴν
3271 3937 3475 3989 τούτων
3507 3937 3832 4007 ἀπαλλαγὴν

2192 4022 2197 4028 ’
2261 4025 2520 4098 εὕρασθαι
2545 4029 2619 4101 μὴ
2645 4028 2725 4099 τῷ
2754 4028 2872 4100 Θεῷ
2910 4027 3087 4099 βοηθῷ
3113 4026 3492 4101 χρώμενο[υ]ς.

2828 4159 3112 4213 ΨΑΛΜΟΣ
3147 4159 3247 4216 IB'.

2332 4290 2477 4345 Ατιχ.
2502 4274 2810 4344 β’.-Είκὸς
2834 4270 2901 4346 ἦν
2922 4274 3085 4329 αὐτοῦ
3114 4274 3306 4329 τούτου
3334 4276 3492 4345 μόνον
3518 4294 3831 4349 φροντιςον-

591 4360 760 4415 Deum
790 4361 1057 4427 elevabat,
1094 4371 1259 4430 atque
1307 4359 1363 4414 in
1397 4360 1582 4414 animo
1609 4359 1847 4414 contrito
1878 4359 2157 4416 tremenda

2262 4384 2325 4420 τα
2352 4367 2537 4421 τοῦτον
2574 4366 2707 4420 Θεὸν
2736 4367 2948 4439 ﬁxum,
2982 4368 3074 4421 καὶ
3104 4368 3543 4440 κατηλλαγμένον
3572 4371 3830 4424 ἑκάστοτε

590 4451 714 4519 ejus
742 4451 949 4520 judicia
984 4453 1356 4508 meditabatur
1382 4468 1397 4505 :
1420 4449 1559 4504 Num
1594 4451 1724 4506 mihi
1759 4452 2035 4522 propitius
2058 4451 2157 4506 fuit

2262 4459 2665 4527 διαλογίζεσθαι
2693 4459 2857 4528 φοϐοῦ
2867 4477 3024 4531 μενον
3055 4461 3112 4514 ἐν
3142 4462 3208 4531 τῇ
3239 4460 3383 4532 ψυχῇ
3410 4476 3423 4489 ⁸
3456 4455 3603 4531 Ἀρα
3631 4460 3833 4530 κατήλ-

594 4541 777 4599 Deus?
812 4543 955 4599 Nunt
986 4545 1065 4597 ira
1091 4545 1213 4614 ejus
1238 4543 1481 4613 quievit?
1512 4541 1763 4599 lratusne
1812 4554 1896 4600 est
1940 4543 2157 4599 adhuc?

2262 4550 2454 4604 λακταί
2503 4568 2592 4622 μοι
2648 4553 2675 4604 ὁ
2718 4551 2891 4615 Θεόςς
2932 4547 3041 4623 ἆρα
3094 4550 3374 4606 πέπαυται
3418 4554 3515 4622 τῆς
3544 4551 3663 4605 κατ’
3693 4550 3831 4621 ἐμοῦ

592 4634 808 4705 aliaque
854 4635 1190 4704 hujusmodi.
1236 4636 1327 4690 Sic
1361 4649 1493 4704 ergo
1543 4632 1788 4704 loquitur
1815 4656 1829 4691 :
1859 4634 2157 4708 Usquequo

2262 4641 2449 4713 ὀργῆς,
2483 4641 2515 4711 ἢ
2543 4641 2816 4711 ὀργίζεται
2849 4640 2962 4707 Est;
2995 4642 3087 4696 καὶ
3128 4634 3229 4696 ὅσα
3261 4641 3503 4696 τοιαῦτα.
3540 4642 3707 4695 Τοῦτο
3736 4637 3833 4694 οῦν

591 4726 706 4780 lucc
749 4727 1086 4790 meditabor,
1131 4729 1419 4798 etsponam
1456 4727 1724 4782 consilia?
1758 4726 1928 4782 Donec
1968 4729 2157 4781 avertis

2265 4749 2444 4802 φησιν·
2466 4731 2608 4795 Ἕως
2624 4732 2751 4784 πότε
2773 4731 2841 4784 τά
2860 4733 3080 4786 τοιαῦτα
3100 4732 3584 4805 ένθυμηθήσωμαι,
3598 4735 3691 4787 καὶ
3710 4733 3834 4803 βου-

592 4821 800 4889 faciem,
825 4822 1021 4890 inquit,
1053 4821 1105 4874 id
1135 4830 1237 4883 est,
1264 4821 1519 4875 irasceris
1546 4829 1737 4875 contra
1782 4835 1867 4873 me
1886 4859 1901 4884 ,
1932 4833 2157 4873 necesse

2262 4820 2566 4896 λεὺσωμαις
2586 4825 2771 4892 Μέχρι
2790 4822 3171 4893 ἀποστρέφῃς
3194 4824 3259 4877 τὸ
3281 4827 3622 4892 πρόσωπον,
3643 4824 3832 4893 φησὶν,

591 4922 673 4967 est
696 4923 815 4983 post
833 4913 945 4967 haec
965 4913 1227 4982 cogitare,
1251 4913 1476 4982 haecque
1496 4911 1773 4967 meditari.
1798 4910 1947 4964 Loco
1971 4910 2135 4978 hujus

2263 4917 2537 4969 τουτέστιν
2565 4914 2758 4985 ὀργίζῃ
2796 4912 2915 4967 κατ’
2936 4912 3070 4984 ἐμοῦ
3095 4953 3110 4977 ,
3144 4913 3356 4984 ἀνάγκη
3393 4932 3460 4984 με
3493 4911 3664 4966 ταῦτα
3696 4915 3835 4965 ὑπο-

593 5004 954 5073 Symmachus
984 5002 1122 5056 dixit
1155 5021 1168 5057 :
1209 5002 1407 5057 Curam
1453 5005 1505 5057 in
1552 5002 1706 5056 corde
1750 5017 1863 5055 meo
1904 5000 2154 5071 quotidie.

2266 5008 2482 5060 πτεύειν
2504 5006 2785 5060 καὶταῦτα
2800 5004 3105 5075 λογίζεσθαι
3123 5022 3137 5035 ’
3163 5005 3279 5058 ἀνθ’
3303 5000 3364 5057 οὗ
3394 5006 3688 5077 Σύμμαχος
3700 4998 3830 5077 ἔφη’

590 5095 716 5151 llaec
742 5104 922 5151 autem
958 5094 1185 5165 scripsit
1216 5093 1571 5165 (Psalmist.)
1606 5094 1673 5148 ad
1704 5102 1946 5153 nostram
1974 5090 2159 5145 admo—

590 5187 873 5248 nitionem,
909 5185 1187 5256 quomodo
1230 5186 1493 5256 poenitere
1521 5192 1771 5255 oporteat
1812 5191 2157 5254 peccatorum

2265 5191 2322 5243 δὲ
2343 5192 2555 5262 ἐγράφη
2586 5190 2723 5262 πρὸς
2777 5189 3057 5242 νουθεσίαν
3093 5188 3269 5260 ἡμῶν,
3296 5189 3411 5254 πῶς
3439 5191 3522 5243 δεῖ
3551 5195 3836 5260 μετανοεῖν

589 5277 790 5335 docens
842 5279 926 5333 his
979 5279 1195 5343 verbis,
1243 5278 1444 5346 quibus
1487 5286 1545 5331 ut
1581 5276 1863 5332 medicinis
1899 5275 2157 5331 utendum

2266 5283 2351 5350 ἐφ’
2370 5281 2761 5351 ἁμαρτήμασιν
2791 5279 3171 5333 ἐκδιδάσκοντα
3188 5284 3298 5344 τοῖς
3320 5280 3552 5351 παροῦσι
3570 5284 3834 5351 ῥήμασιν,

588 5379 695 5426 est.
2264 5367 2353 5425 οἷα
2382 5372 2438 5424 δὲ
2472 5371 2779 5440 φαρμάκοις
2795 5369 3127 5440 χρωμένους.

664 5483 823 5538 Vens.
857 5483 903 5537 5.
942 5512 1011 5522 --
1041 5482 1151 5538 Deo
1196 5490 1422 5553 propter
1466 5491 1750 5552 peccatum
1780 5479 1890 5549 pati
1926 5494 2151 5534 consen-

591 5578 777 5637 tiente,
804 5575 973 5628 fortes
1011 5576 1231 5629 interim
1265 5584 1422 5629 erant
1454 5576 1655 5631 inimici
1692 5573 1955 5630 adversus
1983 5572 2157 5635 illum.

2338 5482 2484 5553 Στίχ.
2523 5489 2585 5550 γ’.
2623 5511 2689 5520 -
2739 5481 2843 5533 Τοῦ
2894 5480 3028 5533 θεοῦ
3070 5483 3299 5553 πάσχειν
3345 5484 3840 5552 συγκεχωρηκότος

2266 5573 2352 5626 διὰ
2385 5573 2487 5643 τὴν
2516 5572 2811 5642 ἁμαρτίαν,
2839 5574 3047 5644 ἰσχυροὶ
3073 5576 3171 5644 μὲν
3191 5570 3331 5645 ἦσαν
3354 5575 3403 5627 οί
3436 5573 3688 5642 πολέμιοι
3714 5576 3844 5629 κατ’

578 5774 583 5779 ι
657 5756 732 5826 (ι)
771 5754 877 5807 Mai
906 5753 1038 5809 ibid.
1083 5771 1135 5824 p.
1173 5754 1294 5810 392.

2266 5099 2655 5167 Μέριμνανέν
2677 5096 2749 5165 τῇ
2782 5097 2994 5165 καρδίᾳ
3035 5114 3156 5164 μου
3182 5098 3311 5152 καθ’
3346 5096 3574 5168 ἡμέραν
3600 5116 3614 5129 ο
3660 5097 3836 5153 ταῦτα
3888 5131 3895 5135 ν

4074 778 4083 849 l
