4096 6234
284 268 398 325 657

1450 280 1817 338 Εχροειτιυ
1872 282 1938 337 IN
1984 284 2321 342 PSALMOS.

3438 286 3544 343 658

282 379 458 435 αὑτοῦ
477 397 493 412 ο
520 380 719 444 πάντες
741 381 796 436 δὲ
813 383 951 454 μετά
968 385 1169 459 πολλῆς
1186 391 1286 463 τῆς
1314 392 1498 458 ἀδείας
1516 394 1585 449 τὰ
1602 395 1859 450 δοκοῦντα

1969 414 2261 468 omnesque
2322 413 2448 452 cum
2496 399 2647 452 omni
2700 399 2920 463 ﬁducia,
2952 414 3073 468 quae
3118 399 3222 455 sibi
3258 399 3546 468 placebant

280 471 635 526 διατιθέασαν
660 491 675 505 ·
708 469 846 544 ἦσαν
872 474 927 529 δὲ
969 480 1090 533 τότε
1127 483 1176 534 oi
1204 483 1328 555 περὶ
1365 485 1457 538 τὸν
1507 485 1861 559 ’Δσεσσαλὼμ

279 562 653 629 πολεμοῦντες
692 566 885 620 αὐτόν’
935 569 1094 625 τοῦτο
1134 569 1227 626 οὖν
1272 592 1466 645 φησιν’
1502 577 1688 648 Μέχρι
1719 580 1864 635 πότε

279 656 345 708 οι
370 654 571 724 ἐχθροί
588 657 817 726 ὑψηλοί
842 660 971 713 κατ’
992 661 1138 731 ἐμοῦ
1160 663 1441 731 Error-tat;

870 814 1159 871 ΨΔΛΜΟΣ
1182 818 1281 873 ll".

358 922 510 994 Στίχ.
550 930 625 989 ς’.
645 955 719 969 -
741 928 988 997 Πτωχοῦ
1024 930 1118 984 τοῦ
1166 924 1403 998 Ἐζεκίου
1435 935 1666 990 ἐνταῦθα
1697 936 1865 1006 λέγει,

276 1014 378 1069 διὰ
424 1014 485 1068 τδ
524 1016 742 1087 ὀλίγους
792 1018 935 1089 ἔχειν
966 1021 1091 1085 τοὺς
1139 1023 1231 1077 ὑπ’
1261 1025 1443 1080 αὐτόν.
1477 1028 1681 1099 Βουλὴν
1712 1029 1771 1081 δὲ
1800 1029 1866 1098 ἥν

284 1109 705 1164 συνεϐούλευσεν
729 1114 840 1175 τοῖς
855 1112 1150 1179 Ἰουδαίοις,
1169 1116 1343 1186 λέγων
1371 1128 1734 1191 καταφρονεῖν
1766 1129 1866 1197 μὲν

280 1203 513 1267 ἐκεῖνον,
550 1202 865 1257 πεποιθέναι
892 1204 948 1257 δὲ
977 1206 1069 1259 ἐπὶ
1105 1208 1194 1260 τὸν
1224 1211 1500 1282 Δεσπότην
1525 1231 1538 1243 θ
1559 1215 1717 1285 ὑμεῖς
1742 1218 1863 1287 μὲν,

283 1297 474 1366 φησιν,
503 1297 729 1366 ἐγελᾶτε
751 1298 850 1370 τὴν
883 1298 1078 1374 βουλὴν
1108 1303 1296 1372 αὑτοῦ,
1326 1308 1356 1361 ὁ
1388 1306 1446 1360 δὲ
1476 1307 1681 1381 Κύριος
1709 1310 1865 1377 ἐλπὶς

282 1389 452 1441 αὐτοῦ
481 1389 655 1445 ἐστιν.

357 1503 508 1574 Στίχ.
531 1502 598 1568 ζ’.
635 1534 707 1548 —-
745 1505 964 1579 Ἐπειδὴ
1011 1509 1106 1563 καὶ
1141 1510 1242 1576 τάς
1290 1511 1483 1578 θυσίας
1532 1516 1590 1568 έν
1623 1515 1702 1588 τῷ
1745 1519 1864 1589 δρει

286 1592 429 1644 Σιὼν
446 1594 740 1666 ἀναφέρειν
763 1601 1223 1671 προστεταγμένοι
1254 1599 1416 1675 ἦσαν,
1440 1607 1536 1660 καὶ
1566 1607 1666 1671 τὰς
1698 1626 1865 1679 προσ-

287 1685 463 1755 φορὰς
491 1687 585 1741 καὶ
621 1689 803 1742 πᾶσαν
834 1690 1013 1744 αὐτῶν
1040 1692 1139 1763 τὴν
1175 1694 1434 1767 λατρείαν
1451 1699 1568 1751 ἐκεῖ
1593 1701 1861 1755 ἐπιτελεῖν

1968 491 2345 546 .ustituebant.
2379 488 2549 543 Erant
2570 499 2749 545 autem
2785 506 2848 546 ex
2884 490 3130 561 partibus
3164 490 3418 546 Abszilom
3451 492 3544 560 qui

1964 578 2230 634 adversus
2266 578 2417 632 illum
2458 578 2873 648 prmliabautur;
2910 578 3031 633 ideo
3056 579 3191 634 dicit
3222 599 3234 633 :
3272 578 3545 651 Usquequo

1965 669 2166 723 inimici
2196 669 2572 724 exaltabuntur
2596 679 2781 723 cautra
2811 670 2939 724 me?

2518 816 2844 873 PSALMUS
2875 818 3018 873 XIII.

2038 931 2205 987 Vens.
2242 933 2296 987 6.
2328 964 2396 974 —
2426 932 2551 988 Haec
2601 933 2738 989 dicit
2781 933 2849 989 de
2876 932 3109 988 Ezechia
3134 975 3147 998 ,
3181 935 3333 1001 inope
3380 948 3547 987 causa

1967 1038 2268 1093 paucorum
2298 1024 2402 1080 sibi
2426 1025 2792 1079 subditorum.
2821 1023 3127 1080 Consilium
3152 1025 3297 1096 quod
3318 1024 3548 1079 dederat

1964 1118 2169 1177 Iudaeis
2210 1120 2402 1177 dicens
2438 1122 2593 1176 illum
2645 1119 3044 1191 (Semiacherib)
3086 1136 3375 1191 spernere.
3406 1119 3549 1188 seip-

1967 1227 2088 1266 sum
2120 1228 2251 1267 vero
2274 1216 2330 1266 in
2362 1211 2595 1268 Domino
2628 1212 2925 1291 confidere.
2963 1210 3075 1268 Vos
3101 1219 3308 1274 autem.
3338 1211 3545 1280 inquit.

1968 1302 2204 1359 consilio
2237 1303 2359 1371 ejus
2390 1303 2665 1374 gaudete;
2689 1304 2949 1375 quoniam
2981 1303 3247 1360 Dominus
3277 1320 3403 1374 spes
3428 1301 3549 1372 ejus

1965 1402 2073 1448 88'.

2037 1504 2205 1562 Vsus.
2235 1507 2289 1561 Ἰ.
2327 1536 2390 1547 -
2419 1506 2557 1561 Cum
2596 1508 2762 1579 etiam
2794 1508 3008 1564 hostias
3055 1508 3109 1561 in
3142 1517 3379 1561 montem
3416 1505 3549 1562 Sion

1965 1598 2184 1655 deferre
2236 1599 2624 1669 sacriﬁciaque
2672 1616 3004 1671 omnemque
3038 1600 3251 1655 cultum
3290 1600 3552 1668 perlicere

1965 1704 2030 1742 ex
2063 1690 2182 1760 lege
2208 1690 2496 1752 deberent,
2525 1688 2595 1745 de
2627 1691 2916 1760 praesentia
2944 1689 3039 1744 Dei
3070 1689 3162 1743 hic
3193 1690 3416 1743 sedente
3452 1704 3550 1760 po-

282 1770 431 1842 ἦσαν
482 1778 980 1849 νενομοθετημένοι,
1039 1761 1186 1854 εἶχόν
1239 1761 1300 1838 τὲ
1322 1786 1478 1852 δόξαν
1510 1787 1585 1851 ὡς
1625 1789 1741 1843 ἐκεῖ
1766 1793 1862 1846 καὶ

1969 1786 2144 1834 terant
2157 1780 2322 1836 etiam
2345 1780 2571 1851 gloriari
2598 1799 2612 1834 :
2638 1790 2927 1851 propterea
2950 1780 3088 1835 dicit
3119 1798 3132 1834 :
3158 1780 3288 1847 Quis
3320 1778 3463 1833 dabit
3484 1794 3551 1834 ea:

283 1867 385 1921 τοῦ
413 1867 548 1922 Θεοῦ
595 1870 952 1941 τυγχάνοντος
976 1892 988 1906 ·
1029 1874 1117 1929 διά
1146 1876 1302 1930 τοῦτό
1342 1896 1527 1949 φησιν,
1557 1880 1655 1947 Τίς
1682 1881 1866 1937 δώσει

284 1959 360 2013 ἐκ
385 1960 540 2014 Σιὼν
572 1962 635 2015 τὸ
661 1965 956 2032 σωτήριον
986 1968 1094 2022 τοῦ
1136 1969 1408 2039 ἰσραήλ;
1441 1972 1738 2036 τουτέστιν,
1768 1975 1868 2038 Τίς

284 2052 399 2106 ἀπὸ
430 2053 523 2107 τοῦ
573 2054 711 2108 Σιὼν
764 2056 923 2128 δρους
949 2060 1177 2129 παρέξει
1205 2060 1303 2134 τὴν
1337 2065 1615 2136 σωτηρίαν
1647 2067 1743 2120 καὶ
1768 2065 1867 2137 τὴν

286 2141 539 2212 βοήθειαν
566 2145 732 2213 ήμῖν;
759 2145 826 2197 ἶν’
853 2145 1005 2219 εἴπῃ,
1022 2148 1079 2201 Ὀ
1112 2149 1268 2215 Θεὸς,
1301 2153 1440 2206 κατά
1463 2153 1864 2225 ἀποσιώπησιν,

282 2234 359 2299 ώς
388 2236 822 2307 ὁμολογούμενον
852 2242 1101 2312 σημήνας
1136 2242 1196 2295 τὸ
1230 2244 1396 2314 μηδὲν
1424 2245 1611 2317 ἅτερον
1637 2242 1776 2301 εἶναι
1808 2250 1870 2302 ἐν

283 2326 359 2397 τῷ
384 2327 526 2381 Σιὼν
546 2327 637 2381 τὸν
667 2328 860 2393 σώζειν
891 2331 1001 2385 ἀπὸ
1025 2332 1309 2400 κινδύνων,
1338 2336 1373 2407 ὴ
1412 2337 1543 2392 Θεὸν
1574 2338 1759 2409 μόνον.

857 2465 1154 2519 ΨΔΛΜΟΣ
1203 2467 1306 2523 IE'.

351 2576 504 2645 Στίχ.
539 2575 608 2630 α’.
642 2606 712 2617 —-
742 2579 967 2649 Ὅμοιός
1001 2580 1078 2650 (1)
1113 2581 1229 2634 ἔστι
1271 2580 1348 2652 τῷ
1377 2583 1582 2654 ὲννάτῳ
1610 2584 1750 2638 κατά
1771 2584 1872 2657 τὴν

282 2666 561 2722 ὑπόθεσιν.
600 2668 891 2724 Κάνταῦθα
939 2670 1047 2742 γὰρ
1102 2672 1411 2743 εὐχαριστεῖ
1449 2674 1590 2744 ὑπὲρ
1636 2676 1736 2746 τῆς
1761 2678 1870 2730 τῶν

281 2759 578 2827 περιοίκων
606 2760 940 2832 ἀναιρέσεως
979 2763 1400 2835 τιμωρηθέντων
1428 2766 1534 2819 ὑπὸ
1568 2766 1725 2830 Θεοῦ,
1758 2767 1872 2841 ὃδὴ

281 2851 376 2904 καὶ
396 2851 623 2918 γέγονεν
654 2852 739 2905 ἐπ’
765 2853 948 2907 αὑτοῦ.
987 2854 1221 2919 Πολλοὺς
1250 2856 1359 2928 γάρ
1387 2856 1479 2910 καὶ
1510 2856 1708 2929 μικροῦ
1740 2861 1873 2913 πάνυ

278 2957 380 3004 τας
410 2943 537 3005 τοὺς
582 2943 894 3013 περιοίκους
921 2946 1304 3017 ἐτιμωρήσατο
1342 2946 1431 3001 διὰ
1484 2949 1582 3020 τῆς
1613 2948 1707 3002 τοῦ
1734 2948 1868 3003 Θεοῦ

284 3035 625 3104 συμμαχίας.
655 3036 907 3091 Ἀπαντα
960 3038 1141 3108 μέντοι
1190 3039 1261 3093 τά
1310 3040 1405 3093 τοῦ
1449 3039 1666 3112 ψαλμοῦ
1702 3042 1777 3107 ὡς
1805 3045 1869 3096 ὲκ

281 3125 576 3197 προσώπου
606 3125 700 3180 τού
744 3127 875 3182 λαοῦ
904 3146 1089 3201 φησιν.
1125 3130 1344 3202 Ἐπειδὴ
1371 3130 1480 3203 γὰρ
1514 3132 1773 3207 ὲκεϊνο[υ]
1801 3129 1868 3206 ἦν

283 3217 475 3289 κέρδος
518 3219 551 3288 ή
598 3220 705 3273 τῶν
733 3220 944 3292 ἐχθρῶν
985 3222 1282 3293 ἀναίρεσις,
1329 3223 1572 3288 ἐκείνους
1624 3226 1868 3280 διδάσκει

282 3310 431 3374 ὅπως
480 3311 677 3375 αὐτοὺς
709 3313 996 3384 προσήκει,
1029 3315 1123 3370 καὶ
1166 3316 1308 3371 τίσιν
1362 3316 1735 3389 κεχρημένους
1757 3321 1870 3381 τοῖς

282 3402 349 3472 ρή
359 3420 549 3473 μασιν,
578 3404 919 3476 εὐχαριστεῖν
933 3406 1012 3463 τῶ
1034 3407 1153 3462 Θεῶ
1176 3409 1315 3481 ὑπὲρ
1342 3410 1441 3480 τῆς
1464 3410 1575 3464 τῶν
1596 3410 1869 3482 πολεμίων

280 3494 648 3564 ἀναιρέσεως.
1787 3550 1801 3566 ,

355 3586 513 3655 Στίχ.
546 3586 620 3651 ς’.
650 3618 718 3629 -
757 3589 975 3659 Ἐπειδὴ
1023 3590 1098 3661 (2)
1134 3592 1384 3662 σχοινίοις
1430 3594 1517 3646 ἀεὶ
1552 3593 1866 3664 μετρεῖσθαι

283 3677 539 3748 πέφυκεν
572 3679 603 3749 ἠ
627 3678 717 3749 γῆ·
735 3680 922 3752 ὥσπερ
947 3681 1004 3735 δὲ
1032 3682 1261 3737 ἕκαστον
1291 3683 1441 3747 ἔθνος
1472 3683 1607 3738 ίδίαν
1626 3679 1738 3755 εἶχε
1764 3686 1866 3757 γῆν

282 3771 351 3840 ἢν
377 3770 639 3840 κατῴκει,
664 3772 805 3827 οὕτω
820 3775 914 3827 καὶ
940 3774 1018 3844 τῷ
1032 3774 1145 3845 λαῷ
1162 3775 1268 3828 τῶν
1285 3775 1653 3848 Ἰσραηλιτῶν,
1675 3777 1865 3849 ὥσπερ

288 3860 426 3914 ἰδίαν
482 3860 608 3915 τινά
660 3863 765 3933 γῆν
804 3866 1198 3937 ἀπεκλήρωσεν
1225 3870 1324 3938 τὴν
1358 3869 1456 3940 τῆς
1496 3870 1862 3939 ἐπαγγελίαςο

284 3950 447 4004 τοῦτο
475 3951 723 4021 βούλεται
753 3955 953 4023 λέγειν,
993 3958 1076 4009 ὅτι
1101 3959 1311 4029 Ὥσπερ
1346 3960 1484 4014 κατά
1513 3960 1867 4033 διαμέτρησιν

286 4042 577 4114 ἐκληρώθη
636 4062 727 4115 μοι
753 4046 815 4099 τὸ
865 4048 1087 4116 ἄριστον
1140 4050 1307 4121 μέρος
1344 4052 1443 4122 τῆς
1478 4052 1579 4122 γῆς
1606 4070 1620 4082 ν
1645 4053 1706 4105 τὸ
1734 4054 1866 4124 γὰρ,

290 4136 578 4198 Ἔπεσεν,
610 4136 731 4189 ἀντὶ
757 4136 873 4200 τοῦ,
912 4137 1250 4209 Ἐκληρώθη,
1294 4139 1358 4193 ἐκ
1409 4144 1720 4213 μεταφορᾶς
1760 4142 1868 4196 τῶν

287 4220 525 4296 κᾘλρων,
553 4226 628 4290 ὡς
657 4228 751 4281 καὶ
776 4230 834 4281 ἐν
853 4230 970 4293 ταῖς
993 4228 1232 4301 Πράξεσί
1254 4248 1438 4303 φησιν’
1465 4232 1573 4287 Καὶ
1595 4232 1817 4288 ἔπεσεν
1834 4236 1868 4288 ό

282 4316 514 4385 κλῆρος
540 4318 640 4371 ἐπὶ
672 4321 961 4374 Ματθίαν.

1966 1870 2094 1926 Sion
2131 1871 2366 1925 salutare
2397 1869 2611 1926 Israel?
2656 1870 2707 1923 id
2753 1878 2869 1936 est,
2913 1869 3049 1936 Quis
3085 1884 3153 1923 ex
3192 1877 3377 1923 monte
3416 1866 3549 1921 Sion

1966 1964 2233 2034 prazbebit
2291 1963 2522 2019 salutem
2567 1963 2947 2033 auxiliumque
2990 1961 3189 2016 nobis?
3225 1971 3280 2015 ιιι
3306 1976 3371 2015 ex
3422 1959 3547 2014 reti-

1967 2055 2147 2110 centia
2187 2056 2535 2125 respondeat,
2562 2053 2739 2117 Deus;
2775 2053 2935 2125 quasi
2975 2068 3043 2109 ex
3068 2052 3193 2122 jure
3235 2052 3548 2121 signiﬁcans

1967 2148 2179 2202 nullum
2209 2147 2377 2208 alium
2415 2163 2537 2203 esse
2566 2148 2622 2202 in
2651 2148 2756 2202 hoc
2800 2153 2985 2202 monte
3017 2144 3085 2200 ad
3122 2144 3444 2201 salvanduiu
3479 2162 3546 2199 cx

1969 2239 2232 2312 periculis
2260 2240 2367 2297 nisi
2391 2240 2571 2298 solum
2602 2239 2797 2296 Deum.

2501 2465 2839 2523 PSALMUS
2903 2464 3020 2520 XV.

2048 2580 2207 2637 Vens.
2237 2581 2290 2635 l.
2322 2609 2393 2620 —
2426 2577 2527 2633 Hic
2564 2578 2810 2651 psalmus
2835 2592 2981 2634 nono
3006 2577 3205 2635 similis
3231 2587 3340 2645 est,
3372 2592 3547 2648 quan-

1971 2681 2085 2728 tum
2113 2672 2179 2727 ad
2209 2678 2614 2743 argumentum.
2645 2668 2780 2724 Nam
2839 2672 3009 2726 etiam
3036 2669 3129 2725 hic
3164 2669 3375 2741 gratias
3408 2670 3547 2743 agit,

1971 2776 2193 2835 propter
2231 2763 2578 2819 eversionem
2633 2761 2874 2817 hostium
2923 2760 3305 2825 ﬁnitimorum,
3344 2776 3376 2814 a
3433 2757 3551 2817 Deo

1971 2857 2327 2928 punitorum;
2373 2854 2522 2925 quod
2581 2854 2747 2909 etiam
2800 2853 2908 2924 ipsi
2958 2853 3206 2925 contigit.
3268 2852 3547 2909 Plurimos

1971 2950 2143 3013 enim,
2188 2956 2245 3003 et
2274 2946 2388 3003 fere
2425 2961 2619 3003 omnes
2666 2945 2878 3001 vicinos
2911 2946 3060 3001 ultus
3097 2952 3203 3009 est,
3242 2945 3552 3016 opitulante

1973 3039 2104 3095 Deo.
2144 3038 2313 3095 Porro
2341 3038 2521 3093 omnia
2551 3052 2672 3109 qua:
2707 3037 2761 3093 in
2793 3038 3004 3109 psalmo
3036 3038 3409 3102 continentur,
3440 3037 3547 3094 sub

1970 3129 2157 3203 populi
2220 3143 2455 3200 persona
2521 3127 2785 3199 loquitur.
2864 3126 3321 3199 Quandoquidem
3397 3125 3548 3182 enim

1969 3223 2307 3279 eversionem
2367 3220 2716 3276 inimicorum
2780 3219 2887 3275 sibi
2952 3220 3107 3275 lucro
3171 3219 3547 3290 apponebant,

1968 3316 2129 3371 docet
2154 3329 2251 3371 eos
2282 3312 2556 3384 quomodo
2605 3312 2756 3382 ipsos
2784 3310 3012 3374 deceat,
3045 3321 3098 3366 et
3126 3313 3328 3383 quibus
3364 3311 3551 3369 verbis

1969 3405 2039 3460 ob
2065 3404 2303 3461 hostium
2337 3403 2680 3459 eversionem
2715 3400 2826 3457 Deo
2853 3401 3062 3474 gratias
3090 3416 3271 3472 agere.

2039 3585 2206 3641 Vens.
2239 3584 2294 3640 6.
2322 3615 2389 3625 —
2420 3583 2555 3640 Cum
2591 3582 2815 3639 funibus
2850 3599 3068 3655 semper
3120 3592 3322 3639 terram
3357 3583 3546 3640 metiri

1970 3678 2201 3743 soleant,
2234 3676 2693 3747 quemadmodum
2734 3689 3079 3746 unaquaeque
3130 3690 3264 3746 gens
3304 3673 3544 3729 habebat

1968 3783 2133 3839 quam
2174 3776 2372 3824 terram
2407 3767 2713 3831 habitabat,
2751 3766 2824 3821 ita
2866 3781 3087 3837 quoque
3146 3766 3251 3821 hoc
3284 3765 3401 3819 vult
3444 3780 3542 3834 po-

1970 3862 2100 3932 pulo
2162 3860 2469 3916 Israelitico
2500 3859 2717 3915 dicere:
2756 3857 3225 3928 quemadmodum
3261 3855 3543 3928 prapriam

1969 3954 2265 4027 quamdam
2293 3962 2496 4009 terram
2535 3968 2602 4007 ex
2646 3950 3014 4023 promissione
3045 3951 3379 4012 obtinuerat,
3412 3949 3543 4004 mihi

1972 4049 2120 4104 sicut
2141 4062 2208 4101 ex
2228 4060 2487 4105 mensura
2512 4045 2721 4115 optima
2754 4059 2883 4115 pars
2911 4050 3074 4100 terra:
3100 4042 3308 4097 cecidit.
3340 4041 3543 4097 Cecidit

1970 4138 2199 4208 ponitur
2233 4153 2334 4208 pro
2366 4137 2588 4192 sortitus
2619 4152 2758 4199 sum,
2800 4151 2867 4191 ex
2918 4135 3237 4205 metaphora
3283 4134 3537 4197 sortium,

1968 4228 2431 4299 quemadmodum
2485 4229 2650 4283 etiam
2680 4228 2736 4281 in
2773 4227 3001 4282 Actibus
3027 4227 3229 4281 dicitur
3256 4244 3269 4279 :
3298 4226 3365 4279 Et
3403 4226 3540 4279 ceci-

1890 4360 1898 4368 »
1970 4323 2050 4376 dit
2077 4339 2193 4377 sors
2214 4337 2371 4390 super
2394 4320 2699 4376 Matthiam.
2734 4321 2873 4390 (Act.
2904 4336 2943 4383 ι,
2968 4319 3085 4387 ‘26.)

355 4430 505 4502 Στίχ.
522 4429 588 4495 ζ’.
604 4432 890 4485 -ουύκοῦν
914 4402 1292 4505 εὐχαριστήσω
1316 4453 1396 4489 σοι
1422 4436 1563 4508 ὑπὲρ
1585 4438 1859 4503 ἁπάντων,

2046 4436 2214 4493 Vsus.
2244 4437 2299 4490 7.
2328 4465 2398 4478 -—
2424 4435 2551 4491 Ideo
2589 4434 2794 4507 gratias
2835 4448 2936 4504 ago
2962 4433 3057 4487 tibi
3086 4440 3307 4503 propter
3332 4430 3535 4494 omnia,

278 4523 365 4576 ὅτι
395 4523 458 4576 ού
486 4524 649 4594 μόνον
683 4525 789 4595 γῆν
826 4543 915 4595 μοι
948 4526 1186 4590 δέδωκας
1217 4526 1494 4599 ἐξαίρετον
1533 4532 1613 4594 είς
1643 4530 1857 4600 κτῆσιν,

218 4634 225 4641 κ
277 4611 397 4665 ἀλλ’
425 4614 508 4666 ὅτι
536 4614 629 4667 καὶ
651 4613 867 4668 σύνεσιν
919 4614 1191 4685 παρέσχες
1222 4615 1314 4670 καὶ
1348 4617 1541 4686 σοφίαν
1573 4617 1667 4672 τοῦ
1692 4621 1863 4691 πράτ-

278 4721 396 4757 τειν
419 4705 457 4759 ἃ
476 4706 541 4776 δὴ
576 4705 1019 4779 [ηνομοθετὴσας
1044 4708 1173 4779 περὶ⁵
1191 4709 1292 4781 τὴν
1312 4709 1422 4764 τῶν
1458 4711 1742 4781 πρακτέων
1771 4712 1866 4765 καὶ

280 4796 395 4850 τῶν
431 4797 507 4868 μὴ
532 4797 813 4865 τοιούτων.

354 4995 503 5064 Στίχ.
540 5002 611 5066 η’.
627 5027 698 5037 --
722 4998 821 5051 Διά
842 4997 1019 5053 τοῦτο’
1044 5003 1196 5054 ποῖον
1217 5018 1231 5068 ;
1269 5002 1484 5074 Ἐπειδὴ
1505 5004 1870 5072 Προωρώμην

282 5087 507 5154 Κύριον
529 5087 787 5145 ἐνώπιόν
818 5109 940 5160 μου
982 5092 1329 5158 διαπαντὸς,
1363 5095 1457 5148 καὶ
1489 5096 1589 5148 οὐκ
1622 5096 1871 5165 ἀπεσφά-

279 5178 404 5247 λην,
438 5180 627 5250 φησὶν,
653 5182 763 5235 τῶν
810 5183 1044 5238 ἐλπίδων
1064 5202 1079 5219 ο
1113 5186 1227 5239 ἀλλ’
1265 5186 1452 5257 ἐπειδὴ
1474 5186 1564 5240 ἀεὶ
1590 5187 1689 5259 τὴν
1720 5188 1871 5259 παρὰ

285 5269 389 5322 τοῦ
412 5271 823 5344 προσεδεχόμην
859 5274 1132 5346 βοήθειαν,
1168 5276 1354 5348 ἔτυχον
1392 5271 1467 5331 ὧν
1507 5277 1749 5349 ἐξῄτουν,
1776 5282 1871 5334 καὶ

281 5363 344 5412 ὲν
376 5361 689 5435 εὐφροσύνῃ
717 5366 988 5435 κατέστην
1010 5367 1176 5440 πολλῇ

358 5475 509 5544 Στίχ.
533 5482 582 5527 ι’.
605 5506 674 5515 -—
702 5477 994 5531 Κάνταῦθα
1022 5480 1182 5536 πάλιν
1210 5482 1318 5536 ἀπὸ
1338 5484 1437 5554 τῆς
1461 5483 1639 5554 ψυχῆς
1666 5482 1728 5537 τὸ
1746 5484 1866 5538 ὅλον

284 5567 462 5620 καλεῖ·
508 5568 824 5624 ’Δπολαύσω
851 5570 908 5624 δὲ
938 5573 1160 5640 τούτων,
1186 5576 1370 5648 φησὶν,
1401 5577 1585 5648 ἐπειδὴ
1617 5594 1683 5647 με
1707 5576 1869 5643 αὐτὸς

371 5745 449 5816 ει)
481 5745 684 5805 lterum
708 5766 774 5804 ex
809 5750 1091 5808 Cordcrio.

1965 4545 2034 4585 eo
2066 4530 2215 4600 quod
2248 4543 2357 4583 non
2395 4527 2571 4584 solum
2609 4527 2744 4582 mihi
2777 4536 2982 4584 terram
3018 4526 3291 4595 egregiam
3334 4523 3538 4580 dedisti

1967 4624 2023 4678 in
2059 4622 2491 4693 possessionem,
2528 4618 2625 4675 sed
2661 4619 2826 4673 etiam
2870 4618 3015 4689 quod
3064 4615 3412 4686 prudentiam
3448 4632 3541 4671 sa-

1966 4715 2338 4787 pientiamque
2369 4711 2694 4768 concessisti
2742 4710 2811 4765 ad
2871 4709 3122 4765 iacienda
3170 4723 3303 4779 quae.
3335 4723 3541 4778 praece-

1969 4806 2101 4878 pisti
2128 4806 2197 4861 de
2227 4805 2335 4869 bis,
2368 4804 2601 4870 scilicet,
2639 4817 2762 4873 quae
2813 4801 3023 4875 agenda
3056 4807 3186 4856 sunt
3235 4814 3301 4854 ac
3330 4798 3397 4854 de
3453 4797 3540 4853 bis

1971 4914 2095 4970 quae
2124 4913 2235 4953 non
2266 4895 2495 4968 agenda.

2043 5006 2208 5063 Vsus.
2240 5006 2294 5063 8.
2318 5034 2387 5046 —
2415 5004 2649 5074 Propter
2695 5003 2803 5059 hoc
2851 5004 3131 5075 quodnam
3184 4997 3541 5073 (offeram)?

1972 5097 2110 5153 Cum
2143 5096 2469 5166 providerem
2487 5095 2774 5150 Dominum
2800 5097 2855 5151 in
2879 5105 3154 5165 conspectu
3182 5109 3294 5147 meo
3315 5106 3539 5160 semper,
3570 5111 3589 5188 κ

1970 5206 2096 5254 nec,
2130 5190 2331 5260 inquit,
2358 5206 2388 5243 a
2416 5204 2515 5259 spe
2545 5188 2875 5255 frustrarer;
2906 5188 3001 5244 sed
3035 5203 3160 5243 cum
3192 5199 3409 5256 semper
3428 5192 3542 5241 ate
3570 5210 3585 5261 ί

1981 5280 2318 5351 adiutorium
2369 5280 2699 5349 acciperem,
2741 5293 2863 5349 quae
2897 5276 3239 5347 postulabam
3267 5274 3401 5329 mihi
3440 5266 3586 5340 ob-f

1974 5380 2261 5436 venerunt,
2294 5378 2458 5442 atque
2483 5372 2539 5426 in
2577 5385 2773 5442 magna
2802 5370 2988 5425 lzetitia
3021 5367 3355 5423 constitutus
3390 5382 3536 5423 sum.

2046 5483 2211 5539 Vens.
2244 5485 2330 5538 10.
2366 5484 2532 5539 —-Ibi
2563 5486 2799 5539 animam
2848 5496 3064 5536 omnem
3112 5495 3399 5552 personam
3437 5495 3539 5533 νο-
3568 5466 3574 5474 ’

1975 5584 2082 5633 cat.
2113 5576 2213 5632 llis
2256 5577 2512 5632 omnibus
2566 5576 2738 5643 fruar,
2797 5573 2994 5645 inquit,
3036 5591 3161 5631 cum
3220 5571 3540 5630 custodiens

2056 5754 2133 5827 (9.)
2176 5754 2283 5812 Mai
2313 5755 2446 5814 ibid.
2474 5772 2527 5827 ρ.
2552 5755 2677 5812 595.
