4096 6234
488 296 597 354 659

1652 308 2001 367 THEODORI
2034 310 2519 373 MOPSUESTENI

3616 312 3722 368 660

489 428 575 466 me
613 410 664 465 in
702 414 959 481 periculis
1023 418 1199 486 perire
1255 437 1361 473 non
1420 424 1596 485 sinas,
1661 442 1760 481 nec
1819 444 1902 481 me
1951 428 2059 482 illis

2168 426 2446 495 φυλάττων
2465 428 2564 482 οὐκ
2608 428 2700 498 ἐᾷς
2755 428 3109 482 ἐναπολέσθαι
3137 430 3243 491 τοῖς
3286 426 3567 487 κινδύνοις,
3602 424 3721 477 οὐδὲ

487 508 953 575 corrumpendum
1002 512 1225 576 trades;
1289 526 1655 588 sanctumque
1705 534 1908 573 vocans
1958 535 2053 590 po—

488 603 674 669 pulum
703 604 722 668 (
748 604 1105 659 lsraeliticum
1129 605 1147 675 )
1171 606 1238 660 ad
1273 607 1697 666 discernendum
1729 611 1798 665 ab
1828 612 1952 667 aliis
1986 612 2055 667 ob

492 691 588 748 Dei
629 696 1020 765 cognitionem.

560 851 726 908 Vens.
763 854 848 909 Η.
883 885 953 896 --
976 855 1058 911 Ea:
1089 868 1232 912 mutu
1264 869 1375 920 tuo,
1406 859 1456 913 Id
1484 871 1586 920 est.
1639 862 1710 914 Ex
1752 869 1841 921 tua
1878 865 2054 915 mani-

491 943 785 999 festatione
832 954 998 1016 atque
1044 946 1319 1017 adjutorio
1381 948 1681 1017 adimpleor
1736 950 1943 1003 laetitia.
1985 979 2056 991 —-

489 1035 1053 1093 Animadvertendum
1099 1050 1184 1096 est
1235 1052 1412 1096 autem
1477 1058 1694 1113 quoque
1753 1043 1837 1098 bis
1876 1044 2057 1100 verbis

489 1128 618 1182 linis
649 1130 841 1198 psalmi
885 1130 1102 1185 beatum
1134 1134 1443 1204 apostolum
1474 1133 1694 1189 Petrum
1733 1135 1785 1189 in
1828 1135 2057 1191 Actibus

493 1218 719 1288 (11,25)
752 1228 811 1273 ut
850 1219 917 1276 de
948 1220 1173 1277 Domino
1219 1222 1383 1279 dictis
1433 1240 1591 1281 usum
1649 1225 1839 1285 fuisse.
1888 1225 2058 1283 Porro

493 1311 774 1365 sciendum
798 1320 884 1368 est
911 1314 1102 1369 eodem
1132 1330 1301 1371 sensu
1333 1316 1448 1372 haec
1483 1319 1645 1372 verba
1680 1328 1809 1374 tunc
1838 1334 1868 1372 a
1898 1319 2058 1376 beato

493 1401 657 1456 Petro
689 1404 931 1461 adhibita
960 1405 1153 1471 fuisse,
1185 1423 1310 1476 cum
1345 1416 1476 1464 tunc
1519 1411 1587 1465 ad
1620 1412 2057 1469 convincendum

492 1495 711 1551 dixerit.
750 1494 979 1566 Proprie
1019 1511 1225 1564 autem,
1284 1508 1339 1557 et
1382 1501 1537 1571 juxta
1591 1519 1781 1559 verum
1836 1520 2058 1561 sensum

492 1589 809 1654 verborum,
829 1590 956 1650 dico
981 1601 1235 1647 eventum
1261 1591 1465 1649 habere
1492 1593 1547 1649 in
1578 1594 1829 1659 Domino,
1855 1597 1921 1653 de
1950 1614 2060 1669 quo

492 1694 714 1750 quoque
766 1683 821 1736 in
872 1682 1243 1739 testimonium
1298 1700 1433 1741 usus
1485 1694 1612 1753 est,
1658 1690 1819 1758 quasi
1872 1705 2057 1747 rerum

493 1779 689 1828 eventu
718 1771 785 1827 de
814 1774 909 1829 illo
926 1774 1235 1831 evidentius
1254 1777 1624 1832 testimonium
1661 1780 1932 1850 praebente
1954 1783 2054 1839 (ll.

1017 2108 1341 2168 PSALMUS
1380 2111 1516 2168 XVI.

564 2240 731 2298 Vens.
759 2242 811 2298 6.
844 2273 913 2283 —
933 2243 1158 2299 Mutatio
1189 2247 1453 2317 temporis
1488 2246 1630 2302 facta
1661 2257 1765 2312 est,
1799 2248 1921 2304 loco
1946 2246 2058 2302 Ex-

496 2329 595 2384 tuli
634 2328 893 2399 quoniam
924 2331 1152 2387 exaudis
1181 2349 1289 2400 me,
1318 2335 1577 2404 quoniam
1608 2337 1883 2394 exaudisti
1914 2352 2021 2394 me.

569 2552 736 2611 Vens.
773 2555 827 2610 8.
860 2587 929 2596 -—
960 2556 1018 2610 lil
1044 2565 1130 2613 est
1176 2558 1557 2614 resistentibus
1607 2560 1882 2629 adiutorio
1926 2570 2057 2627 tuo;

494 2661 619 2701 eum
653 2646 798 2700 enim
838 2644 1073 2713 dixerit,
1114 2646 1223 2714 Qui
1243 2648 1415 2702 salvos
1447 2647 1580 2715 facis
1613 2659 1880 2718 sperantes
1905 2650 1965 2710 in
2011 2659 2061 2704 te

493 2740 587 2810 (ν.
610 2738 641 2791 7
667 2738 726 2808 );
761 2739 1111 2809 sperantibus
1163 2749 1343 2794 autem
1380 2740 1437 2795 in
1468 2756 1534 2796 eo
1581 2743 1855 2797 succurrit
1897 2754 2060 2813 atque

495 2828 825 2894 auxiliatur,
887 2830 1205 2887 resistentes
1257 2847 1385 2887 vero
1449 2832 1799 2903 sperantibus
1856 2834 2061 2890 auxilio

496 2936 601 2977 suo
626 2922 801 2977 bonos
828 2923 982 2977 dixit.

567 3010 830 3068 Dominus
889 3022 1204 3084 susceptor,
1252 3015 1503 3084 quoniam
1560 3014 1780 3087 adjuvat
1816 3031 1922 3080 me,
1960 3029 2060 3073 nec

495 3105 628 3161 sinit
672 3120 763 3160 me
792 3106 1045 3174 perverti.
1082 3105 1215 3161 Illud
1249 3107 1393 3161 enim
1429 3126 1442 3161 ι
1479 3109 1519 3160 Α
1549 3108 1750 3162 dextris
1788 3118 1865 3163 est
1909 3109 2061 3175 mihi,

496 3214 560 3252 ne
597 3212 938 3260 commoveor,
974 3196 1113 3253 idem
1160 3206 1244 3253 est
1286 3206 1468 3268 atque,
1500 3199 1793 3254 auxiliatur
1831 3202 1996 3269 mihi;
2032 3218 2063 3258 a

499 3289 690 3344 dextra
732 3289 941 3347 scilicet
977 3300 1031 3345 et
1059 3292 1257 3362 potiori
1296 3299 1451 3361 parte
1485 3293 1747 3348 auxilium
1780 3308 2002 3351 vocans.

568 3422 737 3480 Vens.
771 3425 859 3479 10.
886 3454 957 3465 -
990 3424 1101 3491 Sic,
1134 3426 1335 3498 inquit,
1368 3427 1584 3482 delicati
1620 3439 1769 3495 sunt,
1800 3427 1873 3483 ita
1905 3437 1967 3484 ut
1998 3444 2067 3486 ne

499 3519 666 3580 ullius
708 3519 931 3574 turbent
984 3521 1265 3577 mollitiem
1300 3532 1517 3587 cavent,
1554 3523 1873 3579 conclusum
1920 3524 2064 3580 enim

498 3613 646 3667 hunc
679 3611 895 3682 adipem
938 3610 995 3667 in
1044 3628 1239 3683 magna
1283 3615 1583 3671 securitate
1632 3617 2063 3673 constituerunt.

498 3702 643 3758 Dicit
671 3704 1040 3767 concluserunt
1070 3720 1170 3775 pro
1188 3707 1592 3775 prosperitatem
1615 3724 1766 3765 suam
1790 3709 1843 3762 in
1873 3726 2067 3780 magna

499 3797 783 3852 securitate
815 3795 1025 3865 habent,
1060 3796 1136 3851 ita
1176 3806 1235 3852 ut
1272 3799 1457 3855 nullus
1507 3815 1674 3856 casus
1708 3800 1817 3857 illis
1866 3802 2067 3857 timen-

501 3887 604 3941 dus
635 3887 729 3952 sit,
761 3903 829 3943 ne
852 3889 1067 3944 dicatur
1097 3889 1222 3945 vitae
1254 3888 1562 3946 felicitatem
1597 3890 1929 3962 perdidisse.

569 4111 738 4168 Vens.
767 4110 1056 4165 il.—-Ad
1104 4111 1208 4167 hoc
1252 4114 1582 4182 respiciunt,
1626 4123 1798 4183 atque
1841 4111 1909 4166 ad
1968 4108 2072 4165 hoc

507 4205 640 4259 totis
672 4202 883 4260 viribus
919 4203 1175 4267 tendunt,
1204 4213 1264 4259 ut
1291 4220 1376 4259 me
1418 4221 1484 4260 ex
1524 4214 1675 4261 terra
1702 4203 2064 4269 haereditatis,

509 4292 567 4350 id
591 4301 700 4361 est,
731 4310 799 4349 ex
826 4300 975 4351 terra
1009 4294 1393 4352 promissionis
1418 4297 1708 4353 depellant.

568 4517 738 4589 -(4)
794 4518 897 4585 Qui
940 4522 1252 4589 quondam,
1296 4519 1499 4589 inquit},
1563 4536 1648 4576 me
1708 4522 2060 4591 beatumprze-

2238 4550 2304 4558 —-
2346 4519 2408 4570 Οἱ
2483 4519 2651 4579 ποτὲ,
2713 4521 2885 4586 φησὶ,

502 4605 792 4670 dicabant,
875 4622 1021 4663 nunc
1081 4619 1482 4679 persequuntur
1558 4619 1612 4665 et
1678 4612 2018 4667 circumdant
2051 4655 2064 4678 ,

499 4703 613 4751 nte
654 4695 834 4750 medio
865 4696 1076 4750 tollant.
1114 4697 1205 4753 Sic
1252 4700 1396 4769 enim
1437 4708 1490 4756 et
1538 4699 1904 4770 Symmachus
1966 4705 2064 4768 ait,

499 4785 726 4841 Beatum
758 4802 838 4840 me
867 4788 1213 4854 pradicantes
1234 4830 1249 4853 ,
1295 4791 1571 4859 confestim
1612 4792 2069 4847 circumdederunt

394 4862 401 4899 ί
499 4896 601 4933 me.
640 4876 986 4947 Projicientes
1019 4895 1147 4935 vero
1180 4881 1269 4936 hic
1302 4883 1513 4937 vocavit
1550 4898 1645 4938 eos
1687 4884 1778 4953 qui
1834 4885 2057 4940 beatum

501 4969 889 5039 prazdicabant,
924 4971 1053 5039 quia
1109 4985 1217 5026 non
1247 4974 1459 5029 sincera
1489 4984 1669 5030 mente
1713 4976 1864 5045 prius
1924 4978 2053 5032 bea-

502 5072 614 5115 tum
647 5060 939 5127 dixerant;
972 5060 1066 5118 sed
1098 5071 1157 5117 ut
1205 5063 1479 5133 ejicerent,
1528 5076 1582 5122 et
1628 5083 1658 5121 a
1712 5067 1923 5123 decenti
1978 5070 2065 5123 via

502 5152 879 5217 diverterent,
937 5154 1006 5208 ad
1049 5155 1407 5225 imposturam
1444 5159 1530 5214 usi
1602 5168 1731 5215 sunt
1784 5161 2070 5215 vocabulis

502 5244 879 5302 beatitudinis.

573 5379 738 5438 Vsus.
767 5384 852 5438 12.
883 5416 952 5425 -
983 5386 1315 5458 Exspectant
1354 5402 1459 5448 me.
1514 5398 1572 5442 ut
1607 5388 1854 5458 perdant,
1914 5403 2066 5442 more

576 5611 650 5678 (ί)
704 5609 827 5665 Haec
868 5610 1059 5665 ultima
1088 5613 1248 5667 verba
1298 5627 1524 5665 erronea
1554 5621 1700 5666 sunt.
1744 5612 1868 5667 Vid.
1921 5609 1975 5666 S.
2019 5612 2074 5666 S.

505 5678 657 5737 Curs.
680 5682 865 5733 cemvl.
892 5689 930 5733 t.
951 5678 1065 5745 XV,
1103 5685 1209 5737 col.
1240 5684 1325 5737 35.
1355 5683 1511 5743 Eon.
1540 5682 1707 5739 Pun.

580 5749 653 5821 εἳ)
680 5748 757 5812 Ex
787 5750 1073 5813 Corderio.

2160 518 2501 588 παραδώσεις
2542 536 2611 589 με
2648 519 3008 590 διαφθαρῆναι
3062 518 3151 571 ὑπ’
3185 516 3381 570 αὐτῶν·
3421 517 3565 567 ὅσιον
3597 517 3720 566 κάκ.-

2158 608 2332 662 ταῦθα
2359 609 2449 662 τὸν
2478 608 2606 663 λαὸν
2644 609 2845 673 καλῶν,
2874 608 3011 679 πρὸς
3041 605 3443 675 ἀντιδιαστολὴν
3476 605 3722 669 ἐκείνων,

2160 700 2235 756 ὡς
2258 700 2448 771 ἔχοντα
2476 701 2567 754 τοῦ
2599 700 2732 753 Θεοῦ
2766 700 2862 770 τὴν
2892 700 3112 768 γνῶσιν.

2232 850 2378 921 Στίχ.
2404 858 2490 905 ια’.
2525 879 2593 891 -
2619 852 2761 904 Ἀντὶ
2801 850 2917 912 τοῦ,
2936 851 3035 904 Ἐκ
3068 849 3389 917 προσώπου
3420 865 3555 909 σου,
3582 866 3723 901 τουτ-

2163 941 2409 1003 έστι,Ἐκ
2437 942 2536 1011 τῆς
2568 940 2884 1011 ἐπιφανείας
2928 957 3020 993 σου
3053 939 3146 993 καὶ
3174 940 3271 1009 τῆς
3300 939 3447 1009 παρὰ
3475 939 3568 991 σοῦ
3601 939 3695 1008 βοη

2164 1032 2312 1097 θείας
2361 1032 2678 1104 πληροῦμαι
2721 1032 3077 1103 εὐφροσύνης.
3108 1030 3623 1102 -Ἑπισημαντέον
3672 1030 3728 1084 δὲ

2165 1124 2441 1179 κάνταῦθα
2472 1127 2554 1179 ὃτι
2586 1128 2699 1189 τοῖς
2746 1124 3077 1187 τελευταίοις
3107 1122 3203 1175 τοῦ
3233 1123 3449 1193 ψαλμοῦ
3485 1124 3515 1175 ὁ
3550 1122 3729 1192 μακά-

2169 1236 2281 1289 ριος
2307 1217 2601 1282 ἀπόστολος
2629 1217 2833 1286 Πέτρος
2864 1218 2921 1269 ὲν
2953 1217 3074 1279 ταῖς
3109 1214 3345 1285 Πράξεσι
3377 1214 3454 1278 ὡς
3479 1216 3607 1283 περὶ
3633 1213 3729 1267 τοῦ

2164 1310 2371 1381 Κυρίου
2411 1308 2720 1381 εἰρημένοις
2769 1308 3057 1377 ἐχρήσατο.
3076 1306 3268 1359 ’ἰστέον
3296 1305 3474 1358 τοίνυν
3499 1305 3577 1358 ὅτι
3604 1305 3719 1358 κάν

2173 1404 2347 1457 ταῦθα
2364 1402 2505 1457 κατά
2522 1402 2619 1470 τὴν
2630 1402 2796 1471 αὐτὴν
2824 1400 3030 1454 ἔννοιαν
3042 1398 3353 1470 ὲξείληπται
3375 1398 3452 1468 τῷ
3482 1396 3733 1468 μακαρίῳ

2179 1495 2501 1565 Ἀποστόλῳ·
2533 1493 2720 1564 ἐπειδὴ
2768 1491 3001 1545 ἐνταῦθα
3052 1490 3149 1562 μὲν
3194 1488 3732 1560 προτρεπτικώτερον

2165 1584 2409 1656 εἴρηται’
2444 1584 2647 1653 κυρίως
2667 1582 2723 1635 δὲ
2754 1582 2849 1635 καὶ
2878 1579 3019 1634 κατά
3045 1580 3143 1651 τὴν
3170 1579 3343 1650 ἀληθῆ
3377 1579 3605 1643 ἔννοιαν,
3636 1579 3730 1648 τὴκ

2167 1678 2301 1749 πρὸς
2320 1676 2389 1730 τὰ
2409 1677 2545 1748 ῥητὰ
2568 1677 2733 1744 λέγω,
2763 1676 2861 1746 τὴν
2885 1674 3107 1729 ἔκϐασιν
3130 1673 3242 1745 ἔχει
3267 1674 3361 1725 ἐπὶ
3383 1672 3478 1726 τοῦ
3506 1670 3733 1742 Κυρίου,

2167 1769 2251 1837 ἐφ’
2279 1762 2339 1823 οῦ
2364 1768 2458 1821 καὶ
2488 1770 2556 1838 τῇ
2584 1767 2858 1839 μαρτυρίᾳ
2882 1767 3177 1837 ἐχρήσατο·
3209 1766 3282 1828 ὡς
3318 1764 3420 1834 τῆς
3448 1763 3555 1816 τῶν
3598 1780 3737 1833 πρα-

2159 1859 2384 1930 γμάτων
2409 1858 2683 1922 ἐκϐάσεως
2724 1858 2809 1911 ἐπ’
2835 1857 2997 1912 αὐτοῦ
3028 1856 3363 1930 κυριωτέραν
3391 1856 3489 1927 τὴν
3526 1873 3735 1926 μαρτυ-

2163 1951 2283 2022 ρίαν
2310 1950 2729 2020 ἀποφαινούσπς.

2729 2105 3016 2161 ΨΑΛΜΟΣ
3050 2108 3171 2174 ις’.

2230 2245 2378 2315 Στίχ.
2419 2251 2493 2310 ς’.
2511 2273 2583 2286 -
2611 2244 2903 2314 Ἐναλλαγὴ
2928 2244 3119 2316 χρόνου
3143 2259 3450 2315 γεγένηται,
3478 2243 3597 2296 ἀντὶ
3618 2240 3735 2307 τοῦ,

2161 2330 2350 2404 Ἀρον·
2402 2333 2496 2387 τοῦ
2543 2334 2662 2388 Ὅτι
2711 2333 2997 2397 ἐπακούεις
3044 2352 3168 2404 μοι,
3212 2333 3341 2387 Ὀτι
3390 2330 3742 2399 ἐπήκουσάς

2157 2444 2296 2498 μου.

2234 2564 2380 2633 Στίχ.
2409 2569 2480 2632 η’.
2509 2592 2580 2604 -
2604 2563 2909 2625 Τουτέστιν,
2927 2560 3392 2628 Ἁνθεστηκότων
3421 2559 3487 2629 τῇ
3518 2555 3738 2627 βοηθείᾳ

2166 2674 2258 2709 σου
2280 2673 2294 2686 ·
2330 2655 2516 2726 ἐπειδὴ
2548 2654 2657 2725 γὰρ
2689 2652 2865 2717 εἶπεν,
2890 2655 2951 2707 '0
2987 2651 3186 2713 σώζω
3216 2650 3355 2717 τοὺς
3392 2649 3741 2713 ἐλπίζοντας

2166 2744 2268 2800 ἐπὶ
2299 2746 2401 2799 σοι
2423 2761 2437 2775 ο
2465 2747 2578 2807 τοῖς
2605 2743 2663 2798 δὲ
2706 2743 3013 2808 ἐλπίζουσιν
3047 2743 3135 2795 ἐπ’
3162 2739 3309 2810 αὐτῷ
3330 2739 3490 2803 αὐτὸς
3525 2736 3741 2808 ἐπαμύ-

2168 2854 2250 2890 νει
2304 2837 2400 2890 καὶ
2452 2834 2669 2907 βοηθεῖο
2724 2835 2848 2899 τοὺς
2876 2831 3271 2903 ἀνθεστηκότας
3296 2832 3408 2894 τοῖς
3434 2827 3740 2893 ἐλπίζουσιν

2166 2928 2254 2980 ἐπ’
2280 2927 2440 2981 αὐτὸν
2470 2929 2535 2998 τῇ
2564 2926 2731 2981 αὐτοῦ
2764 2925 2982 2996 βοηθείᾳ
3005 2922 3201 2986 καλοὺς
3229 2921 3449 2992 ἔφησεν.

2235 3018 2438 3088 Κύριος
2464 3017 2539 3088 (2)
2565 3019 2593 3073 ὁ
2613 3017 3056 3088 προσδεχόμενος,
3090 3015 3172 3067 ὃτι
3199 3011 3397 3084 βοηθεῖ,
3434 3013 3527 3064 καὶ
3551 3008 3650 3061 οὐκ
3676 3008 3743 3077 ἐᾷ

2166 3109 2590 3181 περιτραπῆναι.
2627 3108 2699 3160 Τὸ
2727 3107 2834 3179 γὰρ
2856 3148 2870 3171 ,
2905 3108 2998 3160 Ἐκ
3036 3104 3250 3170 δεξιῶν
3270 3103 3387 3173 μού
3416 3102 3611 3165 ἐστιν,
3641 3100 3744 3151 ἵνα

2160 3201 2245 3271 μὴ
2277 3199 2573 3264 σαλευθῶ,
2607 3200 2727 3253 ἀντὶ
2753 3199 2867 3260 τοῦ,
2898 3198 3089 3267 Βοηθεῖ
3122 3214 3247 3267 μοι,
3276 3194 3382 3249 ἀπὸ
3420 3192 3514 3247 τοῦ
3566 3189 3742 3256 δεξιοῦ

2165 3293 2384 3351 καὶτοῦ
2432 3293 2735 3365 κρείττονος
2784 3291 2881 3363 τὴν
2932 3290 3182 3361 βοήθειαν
3225 3287 3477 3349 καλέσας.

2236 3426 2384 3499 Στίχ.
2415 3432 2539 3482 ι⁹.-
2561 3425 2636 3497 (5)
2676 3424 2849 3488 Οὕτω,
2873 3424 3037 3495 φησὶν
3056 3464 3071 3488 ,
3103 3421 3239 3475 εἰσὶν
3275 3419 3545 3482 εύπαθείς,
3566 3416 3641 3480 ὡς
3667 3418 3742 3488 μὴ

2166 3516 2405 3573 διαδῦναι
2421 3516 2597 3570 αὐτῶν
2617 3513 2984 3585 τὸνλιπασμόν
3003 3528 3017 3544 ·
3037 3511 3224 3583 ἐπειδὴ
3237 3510 3415 3581 γὰρτὸ
3432 3506 3745 3575 συγκεκλει-

2170 3608 2363 3678 σμένον
2395 3608 2453 3661 ὲν
2481 3604 2747 3677 ἀσφαλείᾳ
2776 3604 3001 3677 πλείστῃ
3030 3602 3383 3670 καθέστηκεν,
3410 3598 3566 3652 τοῦτο
3596 3598 3744 3665 λέγει

2168 3701 2250 3762 τὸ,
2284 3698 2719 3761 Συνέκλεισαν,
2751 3696 2872 3749 ἀντὶ
2893 3694 3010 3756 τοῦ,
3039 3694 3149 3764 Τὴν
3176 3690 3425 3761 εὐθηνίαν
3469 3689 3647 3743 αὐτῶν
3686 3691 3746 3741 ὲν

2168 3791 2397 3862 πλείστῃ
2424 3789 2633 3860 ἔχουσιν
2662 3786 2946 3858 ἀσφαλείᾳ,
2972 3783 3047 3848 ὡς
3076 3784 3209 3855 μηδὲ
3232 3783 3533 3853 προσδοκᾷν
3564 3780 3744 3834 αὐτῶν

2168 3882 2465 3943 διαπεσεῖν,
2496 3880 2565 3933 ἶν’
2593 3880 2720 3951 εἴπῃ
2763 3880 2842 3931 ὅτι
2888 3880 2988 3932 οὐκ
3036 3875 3305 3932 ἀπέϐαλον
3341 3872 3434 3928 τοῦ
3482 3872 3600 3944 βίου
3643 3872 3743 3943 τὴν

2170 3972 2495 4045 εὐπραγίαν.

2243 4105 2392 4176 Στίχ.
2424 4112 2512 4159 ια’.
2535 4134 2603 4146 ——
2626 4105 2769 4175 Πρὸς
2794 4102 2950 4157 τοῦτο
2974 4104 3269 4176 ἀφορῶσιν,
3298 4105 3391 4157 καὶ
3432 4103 3567 4174 πρὸς
3588 4100 3747 4156 τοῦτο

2171 4198 2351 4269 έχουσι
2380 4198 2558 4255 πᾶσαν
2585 4197 2682 4268 τὴν
2718 4198 2974 4269 σπουδὴν,
3007 4196 3148 4250 ὥστε
3180 4197 3280 4267 ἐμὲ
3312 4197 3412 4266 τῆς
3456 4197 3559 4265 γῆς
3585 4194 3746 4247 ἐκϐα-

2172 4290 2284 4342 λεῖν
2325 4289 2423 4359 τῆς
2465 4287 2851 4359 κληρονομίας,
2883 4287 3163 4341 τουτέστιν
3190 4288 3288 4358 τῆς
3314 4289 3419 4358 γῆς
3445 4287 3545 4357 τῆς
3578 4288 3746 4355 ἐπαγ-

2178 4382 2381 4451 γελίας.

2954 4514 3379 4587 μακαρίζοντες,
3434 4514 3530 4567 νῦν
3578 4530 3745 4567 κατα⁹

2175 4610 2427 4663 διώκουσι
2483 4610 2575 4661 καὶ
2628 4608 3045 4679 περικυκλοῦσιν
3069 4649 3083 4673 ,
3112 4608 3251 4663 ὥστε
3299 4606 3527 4661 ἀνελεῖν.
3561 4604 3745 4668 Οῦτως

2175 4702 2283 4773 γὰρ
2304 4701 2449 4769 λέγει
2474 4701 2566 4755 καὶ
2593 4700 2902 4771 Σύμμαχος,
2933 4699 3365 4769 Μακαρίζοντες
3384 4698 3746 4767 παραχρῆμα

2178 4790 2665 4860 περιεκύκλωσάν
2688 4808 2780 4861 με,
2827 4792 3266 4858 Ἐκϐάλλοντας
3294 4792 3351 4844 δὲ
3400 4791 3527 4852 τοὺς
3570 4805 3748 4860 μακα-

2181 4883 2422 4954 ρίζοντας
2474 4880 2705 4934 ἐνταῦθα
2760 4882 3037 4945 ἐκάλεσεν,
3089 4883 3272 4952 ἐπειδὴ
3323 4882 3396 4952 μὴ
3439 4880 3636 4951 γνησίᾳ
3678 4881 3743 4950 τῇ

2174 4974 2379 5045 διανοίᾳ
2407 4974 2495 5026 τὸν
2520 4974 2868 5044 μακαρισμὸν
2897 4974 3172 5027 ἐποιοῦντο
3202 4974 3262 5026 τὸ
3283 4974 3542 5044 πρότερον
3565 4989 3577 5001 ο
3605 4971 3744 5024 ὥστε

2172 5065 2227 5118 δὲ
2278 5063 2528 5117 ἐκϐαλεῖν
2574 5064 2668 5118 καὶ
2724 5064 2983 5134 ἐκτρέψαι
3030 5066 3127 5135 τῆς
3167 5062 3549 5133 προσηκούσης
3594 5059 3743 5125 ὁδοῦ,

2170 5156 2387 5226 ἀπάτης
2414 5156 2602 5210 ἕνεκεν
2648 5160 2759 5221 τοῖς
2788 5156 2882 5210 τοῦ
2941 5156 3289 5227 μακαρισμοῦ
3346 5156 3584 5227 ῥήμασιν
3626 5150 3746 5204 ὲκέο

2177 5269 2393 5324 χρηντο.

2241 5366 2386 5458 Στιίχ.
2423 5387 2508 5457 ιβ’.
2535 5416 2604 5426 --
2647 5383 3008 5457 Περιμένουσί
3040 5401 3129 5456 με,
3159 5383 3298 5439 ὥστε
3332 5381 3560 5447 ἀνελεῖν,
3590 5377 3747 5447 δίκην

2259 5613 2336 5673 (3)
2369 5611 2471 5664 Mai
2492 5612 2622 5664 ibid.

2259 5682 2334 5738 ti)
2364 5682 2437 5736 Ex
2475 5682 2751 5736 Cerdcrio.
