4106 6238
362 273 458 331 661
1542 288 1907 352 exrosmo
1940 299 1953 354 ι

2056 300 2381 362 ιδειιιιοε.
3483 320 3587 376 66‘}

362 393 772 507 lfovtog‘ﬂqpav
798 396 1219 507 ⁸προσδοκῶντος.
1239 403 1384 457 ’Δντὶ
1405 404 1484 469 δὲ,
1513 407 1926 479 Περιμένουσιν,

2056 420 2203 474 conis
2228 423 2460 488 praedam
2499 423 2885 493 exspectantis.
2917 424 3020 480 Pro
3037 436 3335 495 exspectant
3388 441 3587 495 autem,

360 481 511 591 εἶπεν
541 486 636 549 τὸ,
685 486 1032 541 ’Υπέλαϐον.
1086 489 1301 563 Ἐπειδὴ
1355 496 1403 547 οἱ
1437 495 1922 568 ὑπολαμϐάνοντες,

2056 510 2163 563 lixit
2222 525 2576 581 susceperunt.
2617 517 2882 581 Quoniam
2936 520 3028 588 qui
3083 523 3426 590 suscipiunt,
3486 525 3587 577 ali-

361 575 578 631 ἐσεσθαί
617 595 669 631 τι
697 576 1019 649 προδοκῶσι.
1038 580 1313 647 Τουτέστι,
1349 584 1562 656 Ταύτην
1593 588 1773 659 έχουσι
1799 594 1928 663 περὶ

2056 599 2156 668 [uid
2191 602 2430 669 futurum
2460 615 2796 674 exspectant.
2827 608 2879 662 ld
2904 575 3009 675 est,
3043 575 3327 667 Talem-de
3351 627 3436 667 me
3467 616 3589 681 opi-

359 667 496 777 ἐμοῦ
543 666 640 738 τὴν
670 668 957 738 ὑπόληψιν,
991 672 1073 724 ὅτι
1097 671 1354 743 λήψονται
1376 674 1566 750 ῶσπερ
1600 680 1719 734 τινὰ
1764 682 1924 753 θῆρα.

2056 691 2243 744 lienem
2272 692 2491 759 habent,
2530 704 2588 749 ιιι
2620 712 2704 750 me
2746 699 2912 753 veluti
2949 699 3117 755 feram
3168 701 3459 771 quamdam
3496 717 3592 767 ve,-

360 758 521 813 Οὕτω
548 761 640 813 καὶ
672 760 750 825 τὸ,
770 760 1192 832 ’Υπελὰϐομεν,
1221 768 1254 819 ό
1280 766 1444 833 Θεὸς,
1478 770 1545 824 τὸ
1578 770 1750 840 ἔλεός
1790 790 1927 838 σου,

2056 795 2227 837 lentur
2258 793 2311 839 et
2353 787 2587 855 capiant.
2618 788 2805 844 Simile
2833 802 2917 845 est
2942 801 2994 845 et
3021 792 3149 847 illud
3231 792 3590 862 Suscepimus,

360 853 627 914 τουτέστι,
650 854 1082 926 Περιεμείναμεν
1100 857 1194 911 καὶ
1220 859 1693 934 προσεδοκήσαμεν
1715 865 1931 922 ἔσεσθαί

2056 872 2273 938 Ίοηιὶηε,
2313 877 2728 932 misericordiam
2781 891 2923 933 tuam
2983 882 3177 951 ('Psal.
3234 899 3404 947 XLVII,
3467 885 3591 950 10),

364 959 457 996 σου
490 944 549 996 ἐν
579 945 715 999 ὑμῖν
738 944 838 1015 τὴν
870 946 1300 1020 φιλανθρωπίαν.

2056 978 2134 1017 ιοο
2162 973 2266 1028 est,
2296 965 2741 1038 Exspectavimus
2789 971 3023 1026 futuram
3057 973 3110 1026 in
3149 973 3305 1029 nobis
3344 974 3597 1028 humani-

2030 1065 2194 1112 tatem
2224 1066 2392 1114 tuam.

431 1146 579 1217 Στίχ.
597 1152 665 1215 ιγ’
673 1147 939 1212 .--Τινὲς,
964 1149 1042 1221 (1)
1074 1151 1358 1223 Ῥομςραίᾳ
1378 1169 1516 1217 σου,
1534 1158 1931 1226 ἀναγινώσκου-

364 1252 470 1299 σιν,
500 1240 691 1309 χιιξτῆς
711 1239 927 1311 δοτικῆς
956 1240 1215 1306 πτώσεως
1233 1243 1495 1314 λέγοντες·
1515 1248 1701 1301 ἔστιδὲ
1728 1249 1825 1321 οὐχ
1850 1248 1933 1301 aii-

2056 1269 2163 1324 :unt
2190 1261 2373 1315 dativo
2398 1277 2550 1318 casu.
2585 1239 2728 1318 Non-
2753 1239 2943 1320 autem
2957 1239 3041 1321 est
3066 1266 3163 1327 ita,
3190 1266 3285 1322 sed
3318 1239 3593 1338 ῥομφαίας

364 1347 495 1394 τως,
512 1330 669 1395 ἀλλὰ,
702 1330 1019 1402 Ῥομφαίας
1038 1349 1176 1403 σου,
1196 1339 1262 1408 τῇ
1285 1340 1472 1409 γενικῇ
1495 1338 1694 1392 πτώσει
1710 1338 1932 1409 λεγόμε-

2057 1367 2089 1403 a
2112 1350 2314 1419 framea
2336 1352 2449 1422 tua)
2469 1355 2707 1424 genitivo
2722 1370 2852 1410 casu
2885 1356 3174 1427 legendum
3202 1365 3318 1424 est;
3347 1358 3425 1411 sic
3452 1359 3595 1411 enim

500 1421 670 1484 οὕτως
694 1422 827 1495 γὰρ’
845 1425 1060 1490 Ακύλας
1085 1423 1224 1493 εἷπε,
1260 1431 1565 1499 Μαχαίρας
1594 1460 1595 1463 η
1623 1446 1758 1487 σου.
1784 1435 1848 1487 '0
1874 1434 1932 1487 δὲ

2056 1437 2168 1492 lixit
2195 1438 2386 1508 Aquila
2412 1421 2684 1511 μαχαίρας
2722 1446 2796 1511 (a
2830 1421 3007 1511 gladio
3043 1452 3130 1498 tuo
3153 1446 3195 1514 ).
3227 1421 3383 1509 Quod
3409 1444 3593 1499 dicere

367 1512 617 1583 βούλεται
638 1518 826 1580 είπείν,
846 1517 1085 1573 τοιοῦτόν
1107 1522 1253 1575 ἐστιν
1270 1540 1283 1553 ·
1300 1522 1487 1576 Ῥὖσαι
1503 1524 1600 1595 τὴν
1613 1525 1789 1597 ψυχήν
1808 1544 1931 1597 μου,

2056 1529 2166 1592 ruit.
2218 1531 2321 1585 hoc
2351 1543 2472 1587 est:
2509 1531 2671 1602 Eripe
2706 1535 2943 1588 animam
2999 1512 3199 1599 meam,
3248 1536 3301 1590 id
3348 1547 3435 1592 est
3489 1553 3601 1591 me-

363 1605 645 1662 τουτέστιν
678 1607 796 1677 ἐμὲ,
833 1609 938 1662 ἀπὸ
974 1611 1175 1665 τούτων
1204 1614 1309 1668 τῶν
1344 1615 1571 1679 ἀσεϐῶν,
1597 1618 1690 1671 καὶ
1711 1618 1816 1670 ἀπὸ
1833 1618 1933 1681 τῆς

2056 1636 2247 1691 psum,
2267 1623 2334 1677 ab
2359 1623 2444 1678 liis
2474 1624 2682 1694 impiis,
2726 1635 2893 1695 atque
2924 1641 2953 1679 a
2998 1626 3203 1682 framea
3253 1626 3597 1682 inimicorum

364 1699 640 1820 ῥομφα-ίιές
671 1700 777 1755 τῶν
813 1701 1021 1774 ἐχθρῶν
1058 1703 1346 1777 τῆςιχειρός
1361 1723 1487 1759 σουο
1520 1708 1789 1778 ῥομφαίαν
1826 1708 1933 1781 γὰρ

2056 1728 2233 1770 nanus
2256 1721 2381 1769 tuae.
2410 1715 2692 1771 Frameam
2724 1727 2904 1772 autem
2938 1727 3099 1772 vocat
3142 1719 3323 1775 omnis
3374 1718 3592 1789 generis

363 1787 519 1841 καλεῖ
540 1790 641 1860 τὴν
668 1791 790 1843 κατ’
826 1792 989 1845 αὐτοῦ
1021 1796 1311 1867 γινομένην
1340 1797 1430 1850 ὑπ’
1457 1798 1634 1851 αὐτῶν
1668 1800 1932 1870 μηχανὴν,

2056 1818 2186 1857 mna
2215 1804 2281 1859 ab
2318 1804 2425 1859 illis
2460 1805 2682 1860 inventa
2708 1806 2910 1875 quibus
2954 1806 3028 1860 illi
3069 1805 3303 1861 insidias
3333 1787 3600 1874 periculo-

367 1881 549 1950 πάσης
584 1883 858 1953 μαχαίρας
894 1886 1015 1938 κατ’
1053 1887 1216 1940 αὐτοῦ
1242 1890 1655 1961 τμητικωτέραν
1684 1891 1781 1961 τὴν
1804 1893 1933 1944 ἐπι-

2056 1893 2214 1949 tiores
2234 1894 2532 1963 parabant.
2576 1894 2833 1955 Inimicos
2880 1911 3010 1950 vero
3051 1910 3245 1950 manus
3305 1894 3399 1948 Dei
3444 1902 3603 1947 vocat

366 1972 568 2044 ϐουλὴν
594 1974 966 2047 ἐργαζομένην
984 1994 996 2007 ⁸
1022 1978 1247 2050 ἐχθροὺς
1274 1980 1330 2033 δὲ
1356 1983 1452 2052 τῆς
1479 1982 1657 2052 χειρὸς
1682 1982 1775 2035 τοῦ
1801 1984 1935 2037 Θεοῦ

2061 1985 2292 2039 nimicos
2333 1985 2532 2054 ipsius,
2568 2001 2692 2040 eum
2725 2001 2888 2055 quem
2916 1993 3150 2041 tinxerat
3184 1988 3254 2040 in.
3291 1999 3473 2056 regem
3504 1983 3603 2038 de-

367 2065 527 2121 καλεῖ
550 2067 673 2129 τοὺς
689 2067 917 2139 ἐχθροὺς
941 2070 1069 2133 τοὺς
1089 2070 1252 2125 αὑτοῦ
1272 2089 1285 2103 ·
1316 2073 1501 2144 ἐπειδὴ
1532 2074 1621 2127 τὸν
1651 2075 1743 2128 ὑπ’
1772 2074 1936 2128 αὐτοῦ

2056 2076 2244 2143 )cllere
2278 2078 2577 2131 studerent.
2607 2075 2896 2131 Manifeste
2922 2077 3155 2133 oderant
3200 2075 3393 2137 Deum,
3442 2074 3616 2130 (actis.

369 2158 660 2228 χρισθέντα
678 2161 758 2222 εἰς
780 2160 1002 2229 βασιλέα
1020 2163 1159 2215 ἑλεῖν
1185 2164 1597 2230 ἐσπουδακότες,
1625 2166 1772 2237 αὐτῷ
1792 2166 1939 2238 δῆλοι

2056 2168 2111 2223 ιι)
2138 2169 2260 2239 ipso
2292 2169 2566 2224 obsistere
2595 2168 2899 2225 studentes.

366 2248 506 2323 ἦσαν
533 2251 911 2323 ἐχθραίνοντες
938 2256 1016 2326 τῷ
1046 2256 1184 2326 Θεῷ,
1217 2258 1312 2310 καὶ
1340 2260 1451 2322 τοῖς
1481 2258 1572 2313 ὑπ’
1600 2259 1763 2314 αὐτοῦ
1787 2276 1938 2330 γενο-

2102 1167 2688 1237 Vsns.13.-Quidam
2717 1174 2957 1245 ῥομφαίᾳ
2987 1175 3128 1245 (cum
3144 1174 3349 1238 framea
3372 1177 3484 1241 tua)
3522 1178 3594 1230 leo

371 2344 554 2414 μένοις
578 2345 931 2402 ἀνθίστασθαι
958 2349 1369 2415 ἐσπουδακότες.

439 2440 587 2508 Στίχ.
630 2439 712 2495 ιδ’.
745 2470 816 2481 —
847 2442 921 2494 Τὸ
951 2442 1051 2512 μὲν
1097 2440 1210 2509 οὖν,
1258 2444 1555 2500 Ἀπολύων
1583 2446 1661 2515 (2)
1690 2447 1809 2502 ἀπὸ
1834 2445 1944 2514 τῆς

372 2534 506 2603 γῆς,
534 2532 654 2590 εἷπε
679 2537 815 2609 πρὸς
832 2536 924 2590 τὸν
949 2537 1100 2601 Θεὸν,
1123 2537 1199 2601 ὡς
1214 2538 1281 2591 ἂν
1304 2538 1467 2592 αὑτοῦ
1486 2539 1583 2610 τὴν
1602 2539 1694 2592 τοῦ
1712 2540 1942 2593 θανάτου

370 2628 654 2696 ἀπόφασιν
713 2627 854 2681 κατὰ
916 2628 1024 2681 τῶν
1079 2627 1381 2699 ἀνθρώπων
1416 2629 1829 2698 ἐξενέγκαντοςσ
1878 2629 1943 2683 ἵν’

371 2721 522 2790 εἴπῃ,
549 2721 631 2775 ὅτι
660 2721 730 2774 Σὺ
753 2722 781 2773 ὁ
800 2720 1005 2782 πάντας
1030 2720 1391 2789 ἀποθνήσκειν
1420 2721 1586 2774 ποιῶν
1602 2738 1613 2751 ·
1644 2723 1724 2786 τὸ,
1748 2722 1945 2790 Διαμέ-

369 2811 710 2879 ρισον,ηάντ“ι
757 2811 875 2878 τοῦ,
920 2811 1331 2882 Διασκόρπισον,
1371 2811 1477 2865 ἀπὸ
1508 2811 1601 2867 τοῦ
1636 2813 1695 2865 τὸ
1725 2829 1947 2884 σκορπι-

370 2902 600 2974 ζόμενον
629 2903 845 2966 πάντως
869 2903 991 2974 τῇδε
1013 2903 1233 2957 κάκεῖσε
1253 2902 1570 2973 μερίζεσθαι
1589 2920 1603 2934 ο
1626 2903 1683 2957 τὸ
1716 2904 1793 2967 δὲ,
1828 2904 1949 2958 Τῶν

373 2993 821 3062 κεκρυμμένων,
845 2995 963 3047 ἀντὶ
985 2992 1100 3059 τοῦ,
1138 2995 1259 3047 Τῶν
1290 2995 1575 3065 τιμωριῶν
1596 3011 1688 3047 σου
1705 2988 1777 3048 ὧν
1806 2995 1949 3064 ἔχεις

2120 2442 2291 2499 Vsus.
2318 2444 2404 2499 M.
2433 2474 2489 2483 —
2525 2442 2601 2498 De
2651 2452 2793 2497 terra
2822 2459 2943 2513 ergo
2984 2440 3313 2512 disperdens,
3337 2442 3405 2497 ad
3441 2440 3605 2497 Deum

2048 2535 2192 2591 dixit
2219 2545 2478 2606 tanquam
2523 2535 2803 2591 decretum
2859 2535 3051 2591 mortis
3112 2542 3303 2589 contra
3360 2532 3607 2586 homines

2046 2635 2415 2691 exserentem,
2447 2635 2509 2681 ut
2538 2625 2756 2681 dicatur
2783 2625 2941 2679 morti
2973 2625 3126 2681 solus
3171 2623 3461 2693 imperare.
3510 2620 3608 2674 Di-

2047 2719 2161 2773 vide
2196 2733 2295 2788 pro
2325 2718 2599 2789 disperge,
2644 2716 2811 2789 unde,
2836 2716 3145 2786 dispersum
3191 2714 3418 2770 omnino
3452 2714 3610 2767 undi.

2047 2825 2153 2879 que
2185 2808 2535 2863 dividendum
2564 2818 2668 2863 est.
2700 2839 2767 2849 —
2790 2805 3124 2863 Absconditis
3172 2812 3356 2861 autem
3392 2820 3491 2875 pro
3533 2804 3613 2859 ul-

2049 2902 2292 2957 tionibus
2326 2918 2464 2971 quas
2490 2899 2843 2956 absconditas
2875 2909 3331 2968 tenes,.quasque
3362 2912 3487 2952 cum
3513 2911 3612 2948 ve-

2051 2995 2216 3049 lueris
2250 2995 2461 3050 exseris
2492 2993 2562 3047 ad
2592 2993 2691 3048 hos
2723 2992 2972 3047 homines
3006 2992 3306 3062 imparatos
3338 2997 3502 3059 atque
3531 2990 3612 3043 in-

373 3088 430 3137 ἐν
454 3086 780 3159 ἀποκρύφῳ,
798 3086 886 3153 ἃς,
907 3087 996 3143 ὅτε
1023 3086 1217 3153 θέλεις,
1241 3087 1501 3159 ἐκφέρῃς,
1538 3086 1948 3157 τιμωρούμενος

2056 3086 2198 3142 scios
2234 3086 2603 3142 ulciscendas.

374 3175 797 3246 ἀπροσδοκήτως
820 3176 947 3239 τοὺς
972 3176 1313 3247 ἀνθρώπους,
1342 3178 1436 3231 καὶ
1464 3177 1539 3240 ὡς
1572 3177 1671 3230 οὐκ
1698 3178 1900 3230 ἴσασιν.

447 3269 595 3339 Στὶχ.
633 3270 714 3323 ιε’.
748 3299 816 3311 -
844 3270 1153 3333 Τουτέστιν,
1204 3270 1428 3324 Ἐκεῖνοι
1471 3272 1568 3340 μέν
1611 3287 1693 3323 τοι
1726 3269 1949 3323 τοιαῦτα

373 3360 825 3430 διαπραξάμενοι,
854 3360 1057 3430 ταύτης
1078 3361 1276 3414 δίκαιοι
1312 3361 1581 3433 τιμωρίας
1610 3363 1945 3417 ἀπολαῦσαι·

393 3452 546 3523 Ἐγὼ
582 3452 649 3505 δὲ
685 3453 834 3522 μετά
867 3453 1258 3521 δικαιοσύνης
1299 3471 1381 3506 σοι
1409 3454 1616 3522 φανεὶς,
1665 3455 1946 3508 τουτέστιν

374 3546 535 3599 οὐδὲν
563 3545 744 3599 ἄδικον
774 3546 854 3608 είς
875 3545 1072 3608 αὐτοὺς
1108 3544 1566 3616 διαπραξάμενος,
1592 3545 1949 3617 πληρωθήσο-

381 3655 486 3708 μαι
516 3638 617 3707 τῆς
643 3639 739 3708 σῆς
774 3636 1045 3707 βοηθείας,
1090 3637 1185 3690 καί
1232 3637 1524 3692 ἀπολαύσω
1547 3639 1645 3708 τῆς
1671 3636 1829 3707 δόξης
1857 3654 1953 3690 σου

380 3730 535 3802 παρὰ
572 3729 689 3784 σοῦ.

959 3824 1251 3878 ΨΛΛΜΟΣ
1278 3824 1377 3878 lZ'.

450 3941 601 4011 Στίχ.
634 3947 707 4006 ς’.
740 3972 804 3983 -
828 3941 901 3994 Τὸ
931 3940 985 3993 δὲ
1008 3982 1021 4005 ,
1066 3939 1460 4009 Προέφθασὰν
1498 3956 1587 4006 με,
1630 3937 1865 3992 τοιοῦτόν
1904 3955 1958 3991 τι

380 4034 561 4101 λέγειν
590 4034 839 4103 βούλεται
858 4049 872 4063 ⁸
896 4032 1189 4096 Τοσαῦται,
1217 4033 1400 4101 φησὶν,
1437 4033 1533 4086 καὶ
1558 4032 1804 4085 τοιαῦται
1834 4033 1955 4085 κατ’

380 4127 518 4197 ἐμοῦ
537 4125 642 4180 τῶν
665 4125 874 4195 ἐχθρῶν
897 4125 1179 4178 ἐπιϐουλαὶ
1207 4125 1513 4193 γεγόνασιν,
1533 4124 1609 4187 ὡς
1632 4122 1957 4195 προ[σ]φθά-

381 4234 474 4269 σαι
507 4233 609 4285 μου
639 4217 846 4269 καὶτὸν
871 4216 1151 4286 λογισμὸν,
1188 4217 1283 4269 καὶ
1324 4217 1460 4286 μηδὲ
1500 4217 1690 4286 καιρὸν
1715 4214 1958 4269 ἐνδοῦναί

384 4324 476 4375 μοι
512 4306 607 4358 καὶ
642 4304 967 4376 κατανόησιν
1008 4305 1103 4357 καὶ
1143 4304 1278 4377 πρὸς
1318 4305 1377 4357 τὸ
1426 4305 1634 4373 ἁφιδείν
1680 4305 1784 4357 τίνι
1829 4303 1956 4379 δὲ[ἰ]

379 4396 572 4466 τρόπῳ
603 4395 701 4467 τὴν
739 4395 916 4467 φυγὴν
947 4396 1045 4467 τὴν
1078 4396 1137 4461 ἐξ
1162 4396 1340 4449 αὐτῶν
1368 4395 1712 4467 πορίσασθαι.

2122 3262 2286 3316 Vsus.
2318 3262 2403 3317 15.
2438 3261 2584 3317 —ld
2621 3270 2728 3328 est,
2766 3260 2846 3316 llli
2894 3261 2995 3331 qui.
3041 3260 3167 3314 talia
3226 3258 3490 3322 fecerunt,
3523 3258 3614 3312 tali

2054 3355 2263 3408 ultione
2291 3362 2350 3408 ut
2380 3352 2635 3407 fruantur
2662 3354 2810 3423 digni
2843 3361 2993 3408 sunt.
3018 3382 3077 3390 —
3118 3350 3229 3421 Ego
3256 3360 3431 3404 autem
3457 3353 3509 3404 in
3526 3351 3604 3418 ju-

2050 3447 2200 3501 stitia
2226 3460 2410 3500 coram
2450 3456 2502 3500 te
2533 3460 2825 3515 apparens,
2874 3444 2930 3498 id
2981 3451 3085 3507 est,
3136 3442 3430 3512 Postquam
3486 3440 3616 3494 nihil

2053 3538 2225 3609 iniqui
2265 3552 2430 3609 egero
2460 3552 2587 3608 erga
2628 3538 2774 3601 illos,
2806 3536 3146 3607 adimplebor
3194 3533 3465 3615 adjutorio
3506 3542 3631 3599 tuo,

2055 3632 2336 3703 gloriaque
2366 3638 2457 3684 tua
2483 3628 2629 3699 apud
2664 3636 2717 3683 te
2746 3627 2921 3695 fruar.

2571 3824 2894 3883 PSALMUS
2941 3823 3104 3879 XVII.

2128 3941 2296 3995 Vens.
2330 3940 2385 3994 6.
2419 3968 2487 3977 --
2532 3937 3037 4002 Prwoccupaverunt
3068 3948 3149 3986 me
3198 3930 3493 4000 quidquam
3525 3929 3621 3983 bu-

2052 4032 2292 4103 jusmodi
2316 4031 2497 4087 dicere
2522 4029 2672 4083 vult:
2702 4025 2804 4080 Tot
2831 4032 2887 4080 et
2916 4031 3086 4079 tanta:
3108 4029 3298 4078 contra
3326 4034 3412 4075 me
3449 4020 3604 4073 inimi

2057 4139 2252 4179 eorum
2281 4120 2491 4177 insidiae
2530 4118 2685 4173 factae
2716 4123 2877 4179 sunt,
2913 4122 2974 4169 ut
2999 4120 3411 4184 praeoccupetur
3460 4108 3624 4163 etiam

2059 4214 2201 4269 ratio
2232 4228 2372 4275 mea,
2401 4225 2501 4265 nec
2552 4208 2713 4264 detur
2764 4215 2982 4275 tempus
3025 4219 3205 4273 neque
3266 4198 3626 4269 intelligentia

2060 4308 2128 4361 ad
2160 4305 2381 4360 modum
2424 4300 2810 4373 inquirendum
2855 4314 2923 4354 ex
2963 4296 3215 4352 manibus
3255 4308 3448 4350 eorum
3498 4307 3624 4346 eva-

2061 4397 2246 4455 dendL

454 4508 600 4579 Στίχ.
635 4515 704 4579 η’.
736 4510 907 4562 -Ἵν’
934 4506 1082 4582 εἴπῃ,
1104 4511 1278 4579 (5)ὅτι
1311 4509 1405 4562 τοῦ
1435 4509 1569 4563 Θεοῦ
1603 4509 1953 4573 ἀκούσαντος,

2133 4506 2297 4562 Vens.
2332 4505 2385 4559 8.
2413 4532 2482 4544 ——
2514 4503 2589 4557 Ac
2618 4504 2664 4557 si
2697 4500 2843 4556 dicat
2877 4518 2891 4553 :
2930 4497 3064 4551 Cum
3098 4493 3242 4549 Deus
3289 4490 3583 4546 audivisset
3611 4529 3625 4551 ,

384 4601 480 4654 καὶ
525 4600 940 4671 συγκινηθέντος
972 4603 1051 4665 εἰς
1093 4600 1282 4672 ὀργὴν,
1325 4601 1540 4672 πρῶτον
1596 4602 1693 4671 μὲν
1744 4601 1958 4653 ἅπαντα

383 4692 696 4754 ἐσαλεύετο,
727 4696 798 4763 γῆ
828 4711 889 4745 τε
919 4693 1013 4747 καὶ
1045 4693 1167 4765 ὅρη.
1196 4690 1327 4746 Εἶτα
1375 4691 1588 4763 ἐδείχθη
1628 4691 1831 4753 καπνὸς
1858 4690 1959 4759 τῆς

385 4785 557 4853 ὀργῆς
613 4783 778 4837 αὐτοῦ
833 4784 893 4837 τὸ
943 4786 1263 4856 προοίμιον,
1297 4785 1389 4838 καὶ
1445 4782 1584 4854 μετὰ
1636 4781 1793 4835 τοῦτο
1850 4779 1961 4851 πῦρ

385 4871 630 4942 ἀνήφθη,
663 4871 907 4924 τουτέστι
949 4874 1196 4943 φανερῶς
1240 4872 1590 4944 ὀργιζόμενος
1620 4871 1851 4941 ἐδείχθη,
1874 4869 1962 4924 διὰ

386 4964 491 5033 τῆς
535 4961 677 5017 κατὰ
724 4964 833 5017 τῶν
883 4965 1092 5035 ἐχθρῶν
1135 4966 1423 5037 τιμωρίας.
1476 4961 1610 5018 Εἶτα
1644 4964 1964 5034 βουλόμενος

391 5055 486 5107 καὶ
526 5059 625 5124 τῆς
651 5056 918 5126 τιμωρίας
954 5057 1052 5128 τὴν
1094 5059 1342 5111 ἐπίτασιν
1399 5060 1590 5121 εἰπεῖν,
1625 5059 1690 5127 τῇ
1742 5052 1965 5109 ἀκολου-

388 5146 483 5217 θίᾳ
529 5148 631 5216 τῆς
680 5149 884 5213 οἰκείας
936 5150 1278 5219 χρησάμενος
1321 5150 1833 5220 σωματοποιήσεως,
1866 5148 1969 5199 ἐπ-

390 5239 622 5307 ήγαγεν·
674 5240 882 5310 Ἀνέϐη
913 5242 1160 5307 καπνός.

466 5443 614 5513 Στῖχ.
640 5443 705 5496 θ’.
739 5473 804 5483 --
835 5444 1012 5515 Πυρός
1062 5443 1167 5514 γὰρ
1201 5442 1277 5512 (4)
1319 5443 1411 5496 ἐπὶ
1461 5441 1591 5494 πολὺ
1644 5441 1956 5510 γενομένου,

570 5623 889 5748 ’ξ’ἶιῧέοῗόῗύε
910 5709 1031 5748 cum
1052 5692 1187 5747 LXX
1206 5694 1330 5761 legit
1350 5694 1619 5763 ἀπολύων,
1641 5690 1969 5759 disperdens,

400 5778 499 5829 pro
531 5765 636 5817 ἀπὸ
665 5764 893 5826 ὀλίγων,
928 5783 957 5817 a
988 5768 1192 5827 caricis,
1227 5766 1370 5830 quod
1396 5774 1476 5822 cst
1516 5762 1756 5833 Vulgata:
1790 5764 1966 5817 lectio.

2062 4609 2117 4656 et
2144 4600 2211 4653 ad
2240 4599 2373 4652 iram
2412 4595 2717 4651 concitatus
2753 4598 2920 4656 esset,
2965 4588 3197 4658 primum
3241 4582 3459 4654 quidem
3509 4598 3628 4636 om-

2065 4692 2152 4746 nia
2206 4696 2477 4743 commota
2532 4694 2681 4748 sunt,
2743 4694 2853 4737 tam
2921 4688 3091 4743 terra,
3160 4691 3323 4747 quam
3390 4683 3625 4730 montes.

2066 4780 2268 4836 Deinde
2326 4779 2579 4849 apparuit
2610 4775 2771 4830 initio
2804 4772 2991 4828 fumus
3011 4770 3107 4825 ira:
3156 4768 3299 4839 ejus.
3358 4767 3413 4823 et
3473 4773 3630 4836 post-

2065 4873 2288 4928 modum
2329 4871 2470 4941 ignis
2512 4881 2778 4922 aecensus
2807 4863 2956 4938 fuit;
2983 4861 3069 4927 lid
3094 4869 3201 4927 est,
3241 4860 3420 4930 palam
3456 4858 3631 4911 iratus

2066 4964 2318 5036 apparuit
2344 5002 2358 5024 ,
2381 4970 2601 5031 propter
2633 4956 2961 5027 supplicium
3017 4952 3166 5025 quod
3214 4949 3457 5006 inimicis
3488 4948 3630 5000 irro-

2065 5057 2247 5128 gabat.
2308 5053 2551 5123 Denique
2641 5065 2766 5104 cum
2841 5058 2897 5104 et
2968 5045 3224 5117 supplicii
3303 5040 3629 5113 gravitatem

2066 5146 2341 5215 explicare
2408 5141 2589 5207 vellet,
2658 5140 2713 5193 in
2764 5139 2925 5194 obvia
2998 5136 3316 5203 metaphora
3378 5144 3409 5184 a
3465 5128 3631 5183 rebus

2067 5237 2349 5306 corporeis
2396 5234 2683 5302 desumpta
2737 5244 2990 5301 pergens,
3056 5221 3386 5293 subjunxit,
3438 5220 3631 5276 Ascen-

2072 5330 2151 5382 dit
2182 5328 2379 5397 fumus.

2143 5438 2306 5494 Vens.
2351 5433 2655 5489 9.-—Cum
2702 5430 2846 5488 enim
2907 5428 3049 5499 ignis
3101 5426 3372 5497 plurimus
3454 5421 3632 5476 factus

2081 5634 2228 5672 ι.ι›ιτ.

2151 5690 2226 5755 (5i
2258 5686 2333 5737 Ex
2371 5685 2646 5740 Cordeiio.

2153 5758 2228 5827 (ις)
2264 5756 2365 5810 nu
2387 5755 2519 5812 ibid.
