4096 6234
465 256 571 324 665

1631 267 1977 325 THEODOBl
2015 266 2489 327 MOPSUESTENI

3569 267 3677 331 66⁸

465 388 559 450 sit,
588 383 858 441 carbones
896 385 1101 439 multos
1150 382 1268 441 ﬁeri
1302 384 1571 455 contigit:
1629 386 1886 439 omnibus
1943 387 2029 438 his

2145 384 2403 457 Ξνθρακας
2423 380 2514 439 ἐπὶ
2541 384 2677 440 πολὺ
2703 380 2955 453 γενέσθαι
2989 382 3299 457 συμϐαίνειο
3323 381 3541 436 δι’ὂλων
3562 383 3684 454 βου·

465 477 648 537 dicere
680 476 890 546 volens,
921 477 1084 530 simul
1109 486 1330 533 orantes
1356 476 1727 541 exaudivisse,
1768 492 2017 530 commo-

462 573 578 623 tum
607 568 776 623 fuisse
817 576 1006 622 contra
1038 568 1312 631 inimicos,
1361 569 1659 638 statimque
1687 569 1870 623 omnia
1904 582 2025 638 per-

464 662 700 715 turbari.
772 658 857 715 Ira
933 669 1114 715 autem
1193 660 1314 729 ejus
1374 674 1441 715 ex
1514 669 1672 730 parte
1737 658 2024 715 effectibus

464 751 795 822 quihusdam
822 750 1092 821 patefacta
1120 761 1238 818 est,
1280 767 1427 806 nunc
1456 764 1585 805 vero
1619 750 1805 805 hostes
1837 751 2025 806 ulcisci

464 845 672 913 coepit:
709 851 940 911 augetur
973 844 1053 897 ira
1106 858 1171 897 ac
1208 843 1584 898 vehementius
1615 841 1743 895 illos
1773 842 2024 912 castigat.

465 931 672 990 Deinde
700 948 1079 1006 perseverans,
1111 933 1235 991 illos
1266 936 1492 990 omnino
1519 934 1694 990 delet:
1725 944 1857 988 tunc
1879 934 2026 989 enim

465 1023 736 1078 carbones
765 1022 1121 1077 consumendi
1172 1038 1290 1078 mos
1331 1031 1437 1089 est,
1496 1034 1619 1078 eum
1659 1023 1824 1093 ignis,
1872 1022 2029 1078 valde

467 1121 684 1177 auctus,
719 1112 865 1183 ligna
899 1112 1146 1182 subjecta
1182 1112 1446 1167 incendit.

537 1327 702 1388 Vsus.
737 1332 824 1388 10.
843 1362 914 1372 -
934 1329 1042 1386 Sed
1059 1346 1184 1386 cum
1201 1341 1266 1385 ex
1293 1332 1470 1387 sacris
1490 1332 1689 1397 verbis,
1717 1348 1837 1403 quae
1855 1334 2033 1405 proles

468 1424 639 1481 renda
675 1432 826 1490 sunt,
874 1423 992 1479 fore
1026 1431 1087 1478 ut
1122 1423 1425 1494 quidquam
1466 1425 1729 1480 indecens
1781 1433 1878 1479 aut
1929 1425 2032 1479 hu-

469 1519 599 1573 mile
621 1517 875 1572 videatur
894 1516 1212 1587 pmvideat,
1240 1516 1440 1571 iterum
1473 1530 1775 1571 sermonem
1799 1517 2029 1580 extollit,

469 1613 662 1667 dicens
689 1630 702 1665 :
735 1611 1019 1666 Descendit
1038 1609 1103 1664 de
1126 1609 1278 1675 caelo,
1304 1619 1354 1663 et
1384 1607 1606 1663 habebat
1629 1608 1907 1679 caliginem
1938 1608 2031 1663 sub

2132 476 2314 547 ληθεὶς
2358 480 2551 542 εἰπεῖν,
2588 478 2673 529 ὅτι
2716 475 2835 547 ἅμα
2868 492 2929 529 τε
2976 476 3203 546 ἢκουσεν
3234 473 3551 545 εὐξαμένου,
3591 475 3686 532 καὶ

2132 570 2356 640 ἐκινήθη
2410 568 2552 622 κατὰ
2599 569 2710 622 τῶν
2749 567 2976 639 ἐχθρῶν·
3008 565 3100 621 καὶ
3133 566 3294 630 εὐθὺς
3332 563 3431 638 μὲν
3473 568 3686 622 ἃπαντα

2130 661 2448 714 ἐσαλεύετο·
2480 661 2803 729 ὑπεφαίνετο
2826 658 2883 712 δὲ
2908 657 3071 712 αὑτοῦ
3100 658 3239 712 κατά
3270 659 3432 730 μέρος
3475 659 3568 712 καὶ
3601 660 3688 712 διὰ

2131 754 2467 824 πραγμάτων
2509 752 2543 823 ἡ
2588 753 2746 824 ὀργὴ,
2775 751 2871 807 νῦν
2894 749 2991 822 μὲν
3012 749 3316 823 ἀρχομένου
3333 752 3688 823 τιμωρεῖσθαι

2130 844 2257 907 τοὺς
2283 844 2587 915 πολεμίους,
2631 843 2907 915 προῖόντος
2932 840 2989 896 δὲ
3011 845 3105 896 καὶ
3126 840 3476 913 σφοδρότερον
3497 843 3691 905 αὐτοὺς

2136 933 2452 999 κολάζοντος
2467 952 2481 965 ·
2509 930 2624 989 εἶτα
2636 934 2736 1006 τῆς
2755 934 3074 1006 παραμονῆς
3092 933 3186 987 καὶ
3206 933 3480 995 παντελῶς
3497 934 3692 996 αὐτοὺς

2135 1026 2521 1095 ἁφανίζοντοςσ
2568 1027 2688 1081 τότε
2713 1026 2821 1100 γὰρ
2853 1027 2971 1091 έθος
2999 1026 3145 1079 ἐστὶν
3169 1021 3544 1079 ἀποτελεῖσθαι
3568 1026 3691 1086 τοὺς

2135 1118 2432 1189 ἄνθρακας,
2463 1117 2680 1172 ἐπειδὰν
2711 1119 2772 1171 τὸ
2818 1118 2931 1188 πῦρ
2961 1118 3052 1181 ἐπὶ
3086 1117 3266 1171 πλεῖον
3293 1116 3574 1185 γινόμενον
3598 1115 3695 1179 τὰς

2136 1210 2499 1280 ὑποκειμένας
2548 1202 2677 1273 ὕλας
2718 1208 3027 1282 καταφλέξῃ
3074 1209 3182 1262 τῶν
3226 1206 3417 1273 ξύλων.

2205 1342 2353 1417 Στίχ.
2386 1352 2434 1400 ι’.
2457 1374 2526 1387 —-
2555 1344 2691 1398 Ἀλλ’
2718 1344 2846 1398 ὅταν
2881 1341 2987 1397 ἀπὸ
3028 1342 3122 1396 τοῦ
3162 1341 3538 1413 σχηματισμοῦ
3587 1339 3700 1411 εῐδῃ

2135 1438 2255 1492 τινὰ
2296 1436 2597 1510 ἀπρέπειαν
2639 1434 3185 1507 ὑπερφαινομένην,ἢ
3229 1432 3587 1503 ταπεινότητα

2138 1526 2457 1599 παρενθέσει
2481 1528 2586 1581 τῶν
2614 1528 2670 1580 ἐν
2699 1526 2866 1598 μέσῳ,
2896 1526 3056 1581 πάλιν
3089 1525 3240 1590 αὔξει
3273 1525 3365 1578 τὸν
3391 1524 3565 1591 λόγον,
3592 1518 3701 1576 οἷον

2140 1616 2310 1683 εἶπεν,
2329 1619 2409 1672 ὅτι
2421 1616 2649 1684 Κατέόη
2664 1619 2731 1672 ὲκ
2750 1612 2869 1672 τῶν
2887 1616 3172 1686 οὐρανῶν,
3190 1616 3288 1670 καὶ
3306 1609 3468 1684 εῖχεν
3480 1615 3705 1684 τνόφον

469 1705 688 1774 pedibus
718 1704 856 1773 ejus.
888 1696 1061 1758 Porro
1084 1716 1210 1756 cum
1249 1701 1411 1757 nobis
1441 1700 1703 1755 humilior
1734 1702 1848 1756 visa
1900 1699 2036 1755 fuis-

2145 1710 2256 1766 ὑπὸ
2275 1707 2414 1778 τοὺς
2433 1710 2621 1777 πόδας
2638 1711 2841 1765 αὐτοῦ.
2861 1709 3076 1781 Ἐπειδὴ
3090 1710 3265 1763 τοίνυν
3283 1723 3418 1762 ταπε
3427 1708 3506 1777 ινή
3524 1722 3605 1769 τις
3620 1707 3703 1759 ἐν·

472 1803 556 1853 set
619 1798 734 1851 haec
781 1796 1069 1866 praesentia
1097 1836 1113 1861 ,
1172 1792 1383 1848 addidit
1440 1799 1533 1861 (ν.
1598 1791 1707 1862 Η)
1747 1811 1761 1847 :
1799 1792 2043 1847 Ascendit

471 1900 626 1957 super
672 1888 963 1951 cherubim,
1006 1886 1306 1941 ostendens
1346 1885 1500 1939 illum
1550 1895 1808 1954 tanquam
1863 1901 2043 1957 regem

472 1996 638 2051 super
668 1995 836 2034 curru
866 1980 1167 2042 sedentem,
1199 1992 1435 2048 cumque
1464 1976 1748 2047 majestate
1774 1993 2035 2049 apparen-

474 2080 602 2127 tem.
636 2070 864 2133 Deinde,
908 2077 1167 2125 contextu
1205 2079 1504 2139 resumpto,
1544 2084 1740 2124 rursus
1786 2069 1916 2124 illud
1963 2068 2047 2124 di-

472 2165 553 2218 xit
583 2182 597 2216 :
626 2156 696 2217 Et
727 2164 903 2232 pbsuit
935 2163 1172 2217 tenebras
1204 2162 1483 2217 latibulum
1523 2178 1675 2216 suum
1706 2172 1782 2230 (ν.
1813 2162 1879 2215 12
1900 2161 1940 2231 ),
1976 2171 2046 2226 et,

472 2255 619 2327 quod
652 2272 998 2325 consequens
1040 2264 1146 2321 est,
1192 2256 1362 2325 caligo
1406 2254 1501 2310 sub
1547 2255 1761 2323 pedibus
1810 2256 1948 2326 eius,
1982 2255 2051 2309 At

472 2360 597 2403 cum
635 2350 789 2419 plura
816 2348 883 2402 de
913 2347 1139 2401 tenebris
1159 2347 1382 2412 dixerit,
1417 2348 1629 2401 scilicet
1656 2362 1776 2417 qua:
1798 2355 1926 2402 sunt
1952 2347 2047 2400 sub

470 2441 689 2511 pedibus
718 2441 835 2510 ejus
871 2439 1104 2510 illosque
1148 2438 1512 2505 abscondunt,
1564 2439 1856 2509 quodpiam
1894 2438 2050 2493 inde-

372 2568 377 2575 -
470 2548 610 2589 cens
638 2549 704 2588 ex
755 2531 975 2601 eloquio
1021 2544 1180 2587 sacro
1239 2530 1531 2602 provenire
1580 2529 1883 2592 videbatur,
1926 2544 2049 2584 cum

475 2627 745 2682 asseritur
790 2625 1086 2679 circuitum
1145 2623 1501 2679 tenebrosum
1545 2622 1666 2691 ejus
1707 2637 1828 2678 esse
1879 2622 2051 2693 ipsius

473 2717 893 2773 tabernaculum
926 2722 943 2780 ς
975 2710 1070 2769 sed
1123 2714 1324 2783 primo,
1364 2713 1622 2776 tenebrae,
1690 2713 1889 2784 inquit,
1921 2713 2050 2768 dum

473 2804 592 2876 ipse
623 2807 791 2868 latet,
827 2804 1090 2857 adversus
1118 2803 1368 2856 inimicos
1400 2801 1783 2871 projichtntur,
1831 2802 2054 2872 ipseque

473 2897 695 2950 interim
737 2907 766 2946 a
802 2893 1018 2947 nemine
1040 2892 1275 2947 videtur.
1303 2893 1455 2947 Alias
1487 2891 1590 2945 hoc
1638 2892 2051 2947 tabernaculum

481 2987 606 3055 ejus
635 2984 785 3039 circa
818 2998 941 3039 eum
974 2992 1123 3047 erat,
1146 2984 1222 3037 ita
1254 2991 1314 3037 ut
1343 2983 1557 3036 dicatur
1590 2982 1705 3048 lux,
1753 2983 1897 3037 sicut
1926 2982 2055 3037 bea-

2144 1801 2331 1856 τεῦθεν
2357 1800 2681 1872 ὑπεφαίνετο
2702 1804 2735 1871 ἡ
2759 1801 3046 1873 παρουσία,
3068 1800 3373 1871 παρέθηκεν
3398 1795 3477 1861 τὸ,
3495 1797 3703 1865 Ἐπέόη

2145 1894 2241 1949 ἐπί
2267 1895 2565 1965 χερουόίιι,
2591 1895 2799 1957 δεικνὺς
2830 1889 2987 1947 αὐτὸν
3010 1892 3082 1955 ὡς
3110 1892 3327 1961 βασιλέα
3356 1889 3443 1959 ὑφ’
3460 1885 3706 1961 ἅρματος

2146 1987 2455 2058 ὀχούμενον,
2483 1987 2576 2039 καὶ
2624 1984 2765 2038 οὕτω
2811 1982 3240 2054 παραγινόμενον
3260 2001 3272 2014 ·
3305 1976 3419 2034 εἶτα
3449 1980 3547 2050 τῆς
3579 1981 3708 2034 ἁκο-

2146 2079 2362 2142 λουθίας
2389 2076 2682 2149 λαϐόμενος
2699 2077 2856 2131 πάλιν
2883 2071 3034 2129 εἷπεν
3061 2075 3140 2139 τὸ,
3169 2075 3273 2129 Kal
3296 2074 3459 2127 ἔθετο
3481 2073 3704 2138 σκότος

2147 2166 2505 2239 ἀποκρυφὴν
2552 2169 2758 2232 αὑτοῦ,
2794 2166 3081 2221 ἀκόλουθον
3125 2165 3184 2219 ὃν
3228 2165 3324 2237 τῷ,
3353 2165 3461 2218 Kal
3486 2161 3710 2234 γνόφος

2147 2260 2265 2315 ὑπὸ
2297 2259 2437 2325 τοὺς
2469 2258 2659 2323 πόδας
2676 2258 2859 2312 αὑτοῦ
2879 2273 2891 2286 ·
2926 2256 3038 2310 ἀλλ’
3059 2256 3245 2326 ἐπειδὴ
3273 2254 3437 2307 πολὺν
3464 2254 3592 2324 περὶ
3613 2250 3708 2304 τοῦ

2150 2354 2369 2415 σκότους
2404 2351 2691 2421 ἐποιήσατο
2721 2349 2812 2404 τὸν
2845 2348 3019 2419 λόγον,
3052 2346 3127 2411 ὼς
3151 2349 3300 2410 ὄντος
3330 2342 3435 2398 ὑπὸ
3464 2345 3590 2405 τοὺς
3616 2341 3710 2395 πό-

2152 2442 2249 2508 δας
2274 2440 2457 2506 αὐτοῦ,
2499 2440 2589 2495 καὶ
2621 2441 3058 2513 ἀποκρύπτοντος
3089 2439 3303 2502 αὐτοὺς,
3338 2436 3507 2490 ἐδόκει
3545 2435 3601 2488 δέ
3628 2451 3712 2498 τις

2153 2536 2423 2606 ἀπρέπεια
2452 2532 2756 2604 ἐγγίνεσθαι
2786 2533 2863 2604 τῷ
2889 2532 3269 2603 σχηματισμῷο
3287 2528 3713 2599 ἀσφαλιζόμενος

2149 2627 2210 2682 τὸ
2243 2628 2543 2681 ὑποπίπτον
2569 2627 2750 2696 κύκλῳ
2779 2625 2960 2689 αὐτοῦ,
2987 2625 3169 2696 φησιν’
3186 2625 3253 2677 Ἡ
3280 2619 3477 2688 σκηνὴ
3504 2618 3711 2675 αὑτοῦ.

2164 2719 2323 2772 Ἀλλὰ
2350 2719 2410 2772 τὸ
2444 2718 2541 2790 μὲν
2588 2716 2793 2781 σκότος,
2821 2718 3001 2786 φησὶν,
3036 2715 3175 2769 κατά
3216 2715 3315 2768 τῶν
3342 2713 3548 2785 ἐχθρῶν
3581 2726 3716 2783 προ-

2152 2809 2400 2880 ϐέϐλητο,
2435 2808 2783 2880 ἀποκρύπτον
2828 2807 3007 2869 αὐτὸν,
3058 2807 3153 2860 καὶ⁸
3188 2806 3309 2859 οὐδὲ
3338 2804 3563 2876 ὁρᾶσθαι
3601 2805 3716 2866 τοῖς

2153 2899 2411 2961 ἔεναντίοτ-ιῖ
2442 2896 2626 2951 ποιοῦν
2649 2914 2664 2928 ’
2710 2896 2836 2971 περὶ
2879 2895 3037 2949 αὐτὸν
3065 2892 3123 2948 δὲ
3157 2897 3191 2965 ὴ
3227 2893 3396 2965 σκηνὴ
3429 2891 3590 2946 αὐτοῦ
3620 2884 3713 2962 ἦν’

2157 2990 2223 3043 ἵν’
2248 2989 2397 3062 εἴπῃ,
2437 2988 2498 3041 τὸ
2544 2988 2681 3057 φῶς,
2731 2988 2804 3051 ὡς
2839 2988 2932 3040 καὶ
2970 2988 2998 3039 ὁ
3032 2986 3296 3056 μακάριος
3333 2982 3542 3046 Παῦλος
3585 2982 3718 3053 περὶ

476 3084 569 3130 tus
616 3073 819 3128 Paulus
864 3073 931 3127 de
982 3074 1100 3142 ipso
1137 3072 1272 3126 dicit
1308 3070 1379 3144 (1
1422 3068 1558 3127 Tim.
1593 3086 1668 3137 Vl,
1702 3072 1829 3145 161,
1860 3071 2041 3129 Lucem

2150 3077 2314 3132 αὐτοῦ
2342 3093 2524 3149 φησιν·
2543 3077 2672 3141 Φῶς
2694 3075 2874 3130 οίκῶν
2899 3076 3226 3145 ἀπρόσιτον
3244 3092 3256 3105 ·
3287 3074 3382 3145 τῆς
3406 3072 3515 3145 γὰρ
3547 3072 3717 3142 αὐτῆς

477 3164 724 3219 habitans
755 3160 1185 3216 inaccessibilem.
1223 3158 1280 3215 In
1316 3161 1565 3216 eumdem
1611 3169 1791 3217 autem
1827 3178 2047 3218 sensum

477 3259 594 3312 hmo
623 3257 733 3311 duo
787 3254 1076 3321 recidunt;
1130 3252 1590 3323 quemadmodum
1639 3253 1785 3308 enim
1846 3253 2050 3307 dicitur

477 3350 654 3405 lucem
688 3349 958 3410 habitare,
997 3347 1071 3401 ita
1102 3344 1520 3400 tabernaculum
1573 3343 1666 3399 Dei
1718 3345 1939 3415 proprie
1967 3344 2053 3398 di—

484 3444 632 3498 citur
661 3443 792 3505 lux;
827 3438 1101 3493 tenebrosa
1140 3448 1278 3507 aqua
1306 3436 1363 3489 in
1406 3434 1631 3490 nubibus
1665 3437 1827 3499 aeris,
1866 3436 1920 3489 in
1950 3435 2055 3489 cir-

482 3536 628 3588 cuitu
652 3533 768 3604 ejus
799 3529 1205 3585 tabernaculum
1226 3528 1363 3598 ejus,
1385 3542 1727 3597 rursumque
1756 3528 1903 3599 quod
1926 3534 2056 3597 prae-

480 3627 732 3684 cedentia
771 3625 1044 3695 sequitur,
1105 3621 1175 3676 Et
1222 3622 1435 3691 fuerunt
1491 3622 1719 3677 tenebra:
1776 3622 2056 3677 latibulum

481 3721 617 3790 ejus.
666 3717 926 3774 Addidit:
975 3714 1272 3770 Tenebrosa
1313 3730 1452 3784 aqua
1505 3717 1561 3769 in
1603 3715 1827 3770 nubibus
1880 3716 2041 3769 aeris.

482 3812 912 3881 Consequuntur
944 3822 1076 3876 ergo
1108 3808 1288 3885 caligo
1307 3815 1364 3862 et
1388 3807 1655 3872 tenebrte;
1684 3822 1810 3861 nam
1838 3808 2049 3872 omnia,

2153 3168 2356 3233 ἑννοίας
2387 3168 2566 3239 ἔχεται
2596 3168 2880 3240 ἀμφότερα
2904 3184 2916 3198 ο
2953 3167 3139 3239 ὥσπερ
3160 3165 3269 3237 γὰρ
3294 3165 3408 3234 φῶς
3434 3164 3602 3217 οἰκεῖν
3628 3163 3720 3216 λέ-

2152 3273 2326 3326 γεται,
2354 3257 2499 3311 οὕτω
2531 3259 2626 3310 καὶ
2655 3259 2687 3328 ἡ
2718 3256 2892 3327 σκηνὴ
2914 3257 3008 3309 τοῦ
3038 3254 3174 3309 Θεοῦ
3191 3254 3400 3323 λέγοιτο
3427 3254 3490 3307 ἂν
3512 3252 3716 3323 κυρίως

2152 3352 2212 3405 τὸ
2235 3351 2371 3421 φῶς.
2404 3351 2721 3405 Exortus-or
2751 3349 2907 3418 ὕδωρ
2926 3350 2994 3402 ἐν
3025 3348 3306 3419 νεφέλαις
3336 3345 3545 3415 ἀέρων,
3576 3358 3720 3417 παρ-

2152 3444 2467 3504 ενθεντικῶς
2491 3443 2588 3513 τῷ,
2605 3444 2821 3506 Κύκλῳ
2845 3441 3032 3497 αὑτοῦ
3050 3443 3089 3509 ἡ
3113 3441 3310 3508 σκηνὴ
3327 3438 3530 3493 αὐτοῦ.
3550 3438 3720 3492 Πάλιν

2151 3535 2456 3598 ἀκολούθως
2467 3537 2578 3598 τοῖς
2591 3534 3036 3605 προηγουμένοις,
3056 3533 3154 3604 τῷ,
3182 3533 3291 3586 Kal
3313 3530 3475 3586 ἔθετο
3500 3532 3719 3595 σκότος

2151 3628 2508 3696 ἀποκρυφήν
2544 3626 2747 3691 αὐτοῦ,
2775 3627 3052 3697 ἐπήγαγεν
3076 3639 3091 3653 ⁸
3126 3625 3442 3677 Σκοτειγύν
3472 3619 3629 3687 ὕδωρ
3650 3620 3721 3673 ἐν

2156 3720 2437 3790 νεφέλαις
2476 3718 2695 3786 ἀέρων·
2730 3716 3016 3770 ἀκόλουθον
3046 3716 3153 3787 γὰρ
3200 3710 3269 3786 ἦν
3299 3710 3360 3765 τὸ
3400 3712 3595 3781 γνόφος
3628 3707 3722 3763 καὶ

2160 3814 2347 3874 σκότος
2369 3828 2383 3842 ο
2409 3812 2656 3881 συνέχεεν
2677 3810 2805 3881 γὰρ,
2839 3810 3025 3879 φησιν,
3057 3812 3270 3861 ᾶπαντα
3289 3806 3570 3875 γινομένου
3596 3819 3721 3872 σχηδ

486 3903 686 3973 inquit,
716 3909 1085 3957 consentanea
1139 3908 1374 3955 suntex
1413 3908 1569 3969 parte
1623 3898 1717 3955 Dei
1771 3900 1909 3953 iram
1959 3914 2041 3954 ιιιιι

2162 3906 2392 3974 uarice;
2423 3902 2515 3956 τοῦ
2558 3902 2693 3955 Θεοῦ
2743 3900 2839 3970 τὴν
2865 3899 3067 3970 ὀργήν·
3109 3899 3142 3967 ή
3178 3898 3285 3968 γὰρ
3317 3894 3410 3948 τοῦ
3439 3894 3597 3963 ἀέρος
3630 3907 3721 3943 συ-

485 3991 846 4058 nuntiantis;
897 4006 993 4045 aer
1043 3990 1187 4046 enim
1233 3990 1603 4047 condensatus
1661 3991 2041 4047 obscuritatem

2159 3996 2385 4067 στροφὴ.
2404 3995 2621 4056 πάντως
2645 3991 2807 4060 ζόφον
2830 3991 3121 4063 εἰργάσατο
3144 3985 3430 4059 τοιοῦτο[ν]
3464 3981 3605 4049 εἶναι
3626 3982 3722 4036 καὶ

485 4091 733 4156 generat,
763 4083 1017 4153 idemque
1056 4082 1238 4137 evenit
1263 4083 1332 4138 de
1371 4097 1511 4153 aqua
1549 4084 1603 4137 in
1641 4084 1882 4139 nubibus
1931 4098 2041 4139 aere

2157 4086 2219 4137 τὸ
2250 4084 2392 4153 ὕδωρ
2422 4084 2478 4135 ὲν
2504 4083 2625 4144 ταῖς
2649 4080 2895 4149 νεφέλαις
2937 4076 3310 4147 μελανθείσαις
3340 4075 3408 4144 τῇ
3432 4069 3523 4125 τοῦ
3561 4070 3721 4140 ἀέρος

486 4174 829 4231 condensato
856 4172 1220 4227 obumbratis.

2164 4176 2440 4246 συστροφῇ
2470 4174 2567 4243 (ι)-

1419 4334 1491 4406 (9)
1536 4337 1785 4406 Ejusdem
1830 4340 1880 4391 in
1917 4340 2180 4407 psalmum
2220 4336 2525 4407 vigesimum
2560 4333 2809 4397 primum.

564 4464 833 4527 Fuderunt
882 4484 1071 4527 manus
1125 4488 1267 4527 meas
1306 4480 1355 4526 et
1404 4473 1588 4538 pedes,
1625 4482 1675 4525 et
1711 4475 1891 4527 omnia
1939 4472 2433 4536 perscrutabantur,
2476 4478 2527 4523 et
2572 4483 2690 4538 qua:
2736 4464 2988 4536 agebam,
3035 4472 3084 4516 et
3129 4477 3245 4532 quae
3287 4458 3539 4514 conabar.
3568 4454 3723 4509 Nam

489 4557 772 4625 foderunt,
808 4578 873 4616 ex
906 4565 1264 4618 translatione
1302 4563 1442 4618 dixit
1488 4578 1715 4624 eorum,
1758 4566 1851 4633 qui
1901 4580 1995 4633 per
2042 4563 2397 4620 etiossionem
2448 4559 2682 4617 scrutari
2724 4571 2845 4628 qua:
2886 4556 2944 4610 in
2990 4552 3265 4624 profundo
3309 4558 3441 4607 sunt
3485 4554 3722 4603 tentant.

488 4652 972 4708 Diuumeraveruut
1016 4656 1195 4709 omnia
1236 4668 1358 4710 ossa
1408 4669 1557 4717 mea,
1606 4656 1775 4710 totius
1821 4670 1952 4710 mea:
1996 4655 2338 4711 fortitudinis
2378 4661 2436 4709 et
2478 4652 2649 4706 totius
2691 4664 2824 4703 meae
2867 4646 3193 4703 substantia:
3229 4645 3546 4699 detentores
3594 4637 3727 4692 facti

492 4754 656 4810 sunt,
698 4754 756 4799 ut
796 4747 960 4801 etiam
1002 4762 1229 4803 numero
1268 4762 1384 4802 mea
1432 4747 1793 4817 subjicerent.
1840 4748 1990 4802 Istud
2035 4756 2214 4802 autem
2259 4761 2327 4801 ex
2364 4741 2768 4800 consuetudine
2811 4754 2976 4809 quam
3023 4738 3221 4792 habent
3264 4736 3489 4795 hostes,
3536 4728 3720 4784 dixit:
3773 4737 3784 4754 ‘

488 4839 583 4911 qui
628 4837 851 4909 quando
898 4840 1269 4903 obtinuerint,
1326 4855 1556 4895 numero
1604 4848 1659 4895 et
1703 4842 1831 4895 talis
1882 4841 2136 4898 subtilem
2192 4839 2443 4895 nctitiam
2491 4838 2840 4891 inventorum
2889 4831 3115 4886 iaciunt.
3170 4828 3468 4897 Pr0pterea
3513 4829 3568 4878 et
3615 4834 3725 4875 se-

380 4961 382 4964 ν
490 4943 723 5004 quenter
757 4933 988 4988 dicens:
1028 4931 1142 5000 Ipsi
1170 4945 1291 4986 vero
1331 4932 1790 4987 consideracerunt
1818 4941 1867 4986 et
1898 4940 2277 5000 conspexerunt
2312 4943 2427 4992 me,
2459 4926 2683 4981 intulit:
2720 4922 3025 4977 Diuiserunt
3064 4919 3165 4974 sibi
3209 4919 3514 4971 uestimenta
3561 4928 3680 4967 mea
3704 4952 3723 4976 ,

490 5036 544 5081 et
578 5042 740 5096 supra
769 5027 1136 5081 vestimentum
1166 5040 1340 5079 meum
1371 5026 1630 5080 miserunt
1660 5035 1876 5078 sortem.
1909 5023 2337 5080 Considerantes
2367 5028 2545 5074 autem
2582 5033 2688 5083 me,
2724 5017 2836 5080 ait,
2863 5025 2918 5070 et
2950 5011 3349 5083 conspicientes
3376 5006 3520 5078 quod
3542 5004 3728 5096 omnia

491 5117 573 5173 eis
605 5094 905 5174 euenerunt
948 5118 1004 5171 in
1049 5131 1137 5173 me
1180 5116 1483 5171 desiderata
1530 5117 1890 5185 (conspicere
1934 5120 2079 5172 enim
2127 5118 2202 5170 ita
2248 5124 2307 5169 ut
2348 5112 2487 5183 apud
2536 5127 2673 5176 nos,
2707 5108 2909 5163 dicitur
2953 5121 3051 5178 pro
3091 5118 3190 5167 eo,
3245 5099 3391 5172 quod
3434 5109 3550 5164 est,
3578 5094 3729 5150 Vidit

492 5210 550 5263 in
599 5222 723 5265 eum
770 5222 891 5280 quae
932 5210 1149 5265 volebat
1190 5208 1302 5278 pati
1348 5208 1537 5279 sirm),
1580 5209 1692 5279 iam
1751 5216 2011 5278 tanquam
2059 5221 2145 5263 me
2183 5206 2407 5261 omnino
2463 5203 2624 5258 malis
2669 5200 2875 5265 dedito,
2916 5199 3060 5253 sicut
3117 5202 3174 5251 et
3217 5191 3404 5249 hostes
3452 5188 3557 5245 mei
3606 5201 3730 5258 post

477 5493 921 5566 'L_(l)_Abhinc
955 5509 1129 5564 usque
1176 5494 1244 5551 ad
1292 5495 1562 5566 psalmum
1610 5507 1779 5566 xxxii»
1811 5496 1944 5566 nihil
1979 5502 2064 5550 est
2165 5490 2437 5566 hat.Mst.
2613 5562 2626 5566 _
2769 5558 2788 5566 Α
3188 5555 3198 5566 _
3589 5551 3625 5566 η

498 5552 772 5636 Theodori
803 5552 1123 5636 Antiocheni
1153 5566 1205 5619 in
1230 5552 1330 5620 ho'c
1360 5566 1548 5621 codice
1572 5565 1710 5619 1682
1731 5564 1837 5636 (Β.)
1860 5565 2062 5631 Quam-
2234 5565 2309 5633 (ἓν.)
2348 5565 2560 5636 (litatur
2612 5562 2717 5616 hoc
2765 5558 3123 5636 fragmentum
3159 5555 3241 5636 _in
3296 5552 3528 5609 concilio
3586 5552 3730 5636 (Jou-

498 5634 693 5705 Obrem
732 5641 865 5704 puto
913 5634 1155 5705 defuisse
1201 5636 1419 5691 Catena:
1470 5620 1679 5692 auctori
1736 5620 2057 5705 quatErnio-
2160 5620 2645 5705 sta‘ntinopolitano
2694 5620 3000 5693 anniv533,
3067 5626 3282 5683 actione
3340 5641 3413 5687 Iv,
3462 5637 3609 5677 num.
3636 5620 3731 5678 2'5.

498 5709 598 5758 nes
630 5704 837 5773 aliquot
860 5704 1067 5759 codicis
1094 5703 1386 5765 Theodori.
1418 5709 1560 5764 unde
1594 5703 1847 5777 excerpta
1878 5722 2058 5762 sumc-
2168 5705 2359 5766 Mansi.
2404 5703 2470 5757 ΧΙ
2494 5745 2507 5761 .
2551 5704 2675 5756 illi.
