4096 6234
389 267 501 328 6‘55

1580 262 1947 325 EXPOSITIO
1982 266 2051 324 IN
2090 269 2429 328 μελικοῦ.

3520 277 3635 335 (ἓθῦ

388 382 756 439 vastationem
799 390 856 440 et
898 382 1268 454 eaptivitatan
1318 380 1629 439 diviserunt
1668 390 1821 439 sorte
1862 382 2188 441 divisionem
2234 400 2426 443 eorum
2476 388 2764 446 facientes.
2813 394 2887 445 Et
2918 392 3256 463 evangelista
3302 391 3526 464 quidem
3572 393 3633 449 in

394 476 836 557 Dominolverba
885 493 953 533 ex
998 478 1163 534 rebus
1210 492 1537 543 assumens,
1574 479 1659 535 eis
1690 494 1856 548 usus,
1899 487 1959 535 ut
2002 480 2092 536 hic
2132 488 2189 537 et
2227 480 2285 539 in
2333 484 2455 541 aliis
2500 484 2763 542 diximus.
2789 484 2924 542 Nam
2952 490 3096 558 quod
3126 503 3236 544 non
3262 488 3532 559 pertineat
3559 482 3629 545 ad

391 571 685 627 Dominum
728 574 991 643 psalmus,
1031 575 1086 630 in
1121 574 1495 645 superioribus
1547 574 1830 631 evidenter
1884 576 2249 634 ostendimus.
2283 578 2352 633 At
2381 594 2511 636 vero
2573 581 2768 638 beatus
2814 581 2984 638 David
3026 599 3192 654 supra
3253 582 3474 638 modum
3525 584 3637 639 ista

392 664 570 735 magis
609 680 676 719 ex
722 665 813 721 his
857 682 978 736 qua:
1009 666 1266 722 Absalom
1315 666 1459 721 facta
1497 674 1646 734 sunt,
1681 667 1820 722 dixit
1859 685 1876 723 :
1925 668 2186 739 quoniam
2232 670 2361 726 dum
2397 675 2718 730 recessisset
2747 674 2938 741 David,
2969 675 3094 745 jure
3126 676 3256 732 belli
3287 674 3631 748 metropolin‘.

396 756 676 830 ingressus
700 757 942 829 quidem,
969 773 1159 815 omnes
1183 759 1421 815 obtinuit
1444 775 1533 816 res
1554 760 1783 831 regales,
1810 775 1915 815 non
1940 760 2107 832 piguit
2138 772 2312 818 autem
2341 767 2504 820 etiam
2532 770 2702 823 aatris
2730 768 2899 824 cubile
2925 769 3220 840 inquinare.
3292 758 3297 761 ’

937 937 1229 992 ΨΑΛΜΟΣ
1261 940 1371 1007 K17
1372 946 1385 968 '

461 1094 608 1165 Στίχ.
642 1093 708 1166 β’.
727 1096 1001 1151 -Ἦνίκα
1028 1091 1120 1152 οὖν
1149 1097 1225 1169 (1)
1247 1096 1470 1169 πλησίον
1498 1092 1639 1153 οὗτοι
1660 1097 1965 1167 γεγόνασιν,

388 1180 465 1250 ὡς
488 1188 583 1239 καὶ
610 1187 1046 1258 ἀπογευσάμενοι
1082 1206 1181 1260 μου
1230 1189 1339 1241 τῶν
1374 1188 1622 1258 σαρκῶν·
1666 1187 1823 1242 τοῦτο
1857 1187 1967 1259 γὰρ

389 1277 639 1349 βούλεται
664 1281 839 1332 εἰπεῖν
857 1280 936 1344 τὸ,
948 1279 1057 1334 Τοῦ
1072 1280 1285 1352 φαγεῖν
1307 1280 1415 1345 τὰς
1438 1279 1666 1349 σάρκας
1674 1298 1813 1351 μου·
1826 1280 1966 1335 ὥστε

387 1370 555 1436 δεῖξαι
579 1370 761 1424 αὐτῶν
782 1370 878 1443 τὴν
906 1371 1161 1444 ὠμότητα
1188 1373 1280 1426 καὶ
1306 1372 1406 1444 τὴν
1429 1372 1616 1444 ὀργὴν,
1635 1372 1752 1443 μεθ’
1771 1365 1840 1443 ἧς
1860 1371 1965 1444 ῶρ-

392 1478 526 1532 μουν
555 1462 643 1514 ἐπ’
671 1460 886 1524 αὐτούς·
930 1461 992 1514 τὸ
1019 1460 1098 1526 δὲ,
1147 1459 1446 1531 Ἔγγίζειν,
1484 1462 1603 1515 ἀντὶ
1625 1461 1738 1529 τοῦ,
1778 1462 1969 1516 Ἦνίκα

387 1551 532 1606 οὓτω
550 1551 776 1623 πλησίον
790 1550 1093 1621 γεγόνασιν,
1124 1552 1199 1617 ὡς
1222 1553 1389 1625 μηδὲν
1412 1553 1674 1608 ἐλλείπειν
1708 1553 1844 1625 πρὸς
1866 1554 1966 1625 τὴν

392 1645 738 1714 ἐκπλήρωσιν
764 1644 865 1714 τῆς
889 1644 1196 1717 προθέσεως
1231 1645 1427 1699 αὐτῶν·
1473 1645 1651 1709 καλῶς
1682 1646 1738 1699 δέ
1770 1645 1966 1710 αὐτοὺς

395 1734 725 1799 κακοῦντας
759 1734 1037 1801 ἐκάλεσεν,
1072 1736 1149 1799 ὡς
1190 1735 1280 1789 διὰ
1310 1736 1410 1806 τὴν
1439 1734 1747 1807 προσοῦσαν
1783 1738 1965 1800 αὐτοῖς

400 1826 553 1895 ἰσχὺν
580 1824 821 1888 ἅπαντας
850 1826 1061 1897 μυρίοις
1090 1825 1480 1897 περιὸαλόντας
1524 1829 1731 1890 κακοῖς.
1753 1858 1825 1868 -
1849 1829 1966 1881 Κα-

395 1916 505 1981 λῶς
530 1918 607 1980 τὸ,
628 1919 829 1971 Αὐτοί·
854 1919 934 1972 ὅτι
966 1919 1140 1990 Ἦμᾶς
1160 1919 1257 1991 μὲν
1282 1918 1546 1991 ἠδίκησαν
1567 1920 1738 1984 οὐδὲν,
1766 1920 1967 1977 ἔπαθον

392 2007 452 2060 δὲ
494 2006 665 2060 ταῦτα
710 2008 886 2071 αὐτοὶ,
924 2008 1069 2081 ἅπερ
1094 2011 1240 2080 ἡμᾶς
1281 2010 1541 2065 διαθεῖναι
1572 2012 1913 2083 προσεδόκων
1945 2030 1962 2047 ο

392 2097 873 2171 ἐμφαντικώτερον
893 2100 953 2154 δὲ
974 2101 1056 2167 τὸ,
1072 2101 1449 2169 ἸΙσθένησαν
1468 2102 1567 2156 καὶ
1584 2103 1825 2170 ἔπεσον,
1846 2106 1968 2160 ἀντὶ

386 2188 507 2252 τοῦ,
534 2190 648 2261 Οὐχ
671 2190 777 2243 ὐπὸ
809 2191 1080 2262 πολεμίων
1108 2191 1468 2263 ἀνῃρέθησαν,
1489 2193 1609 2247 οὐδὲ
1630 2195 1735 2248 ὐπὸ
1757 2195 1969 2267 ἀνθρὼ-

1990 930 2043 991 Α

3630 836 3653 929 ί

2571 948 2895 1007 PSALMUS
2929 948 3121 1006 XXVI.

2142 1101 2304 1158 Vens.
2336 1102 2489 1158 τι...
2519 1102 2656 1159 Dum
2714 1103 2881 1175 igitur
2925 1104 3003 1160 illi
3046 1118 3217 1175 prope
3263 1101 3393 1159 facti
3457 1110 3589 1158 sunt
3617 1082 3645 1162 ,‘

2066 1194 2224 1264 quasi
2253 1208 2450 1250 carnes
2480 1209 2628 1251 meas
2655 1204 2961 1266 gustantes,
2997 1194 3104 1250 hoc
3146 1194 3291 1250 enim
3333 1192 3628 1264 signiﬁcat,

2072 1282 2140 1340 Ut
2170 1285 2329 1340 edant
2356 1303 2539 1341 carnes
2569 1303 2730 1352 meas,
2755 1295 2814 1342 ut
2840 1286 3093 1343 ostendat
3120 1301 3310 1341 eorum
3342 1284 3633 1340 crudelita~

2068 1383 2177 1431 tem
2212 1385 2377 1447 atque
2412 1376 2549 1431 iram
2578 1392 2685 1448 qua
2730 1376 2785 1431 in
2833 1376 3012 1447 ipsum
3071 1376 3371 1431 irruebant.
3424 1377 3635 1445 Appro—

2066 1467 2212 1537 piant
2247 1476 2583 1538 autem,pro,
2610 1468 2745 1522 Dum
2766 1478 2873 1523 tam
2892 1483 3057 1539 prope
3078 1467 3205 1523 iacti
3237 1475 3385 1530 sunt,
3416 1475 3475 1523 ut
3495 1467 3631 1522 nihil

2066 1559 2177 1615 illis
2229 1559 2442 1615 deesset
2503 1559 2572 1614 ad
2634 1559 2967 1629 implendum
3021 1574 3212 1616 eorum
3264 1559 3626 1629 propositum.

2066 1648 2235 1706 Recte
2260 1659 2441 1706 autem
2476 1652 2602 1707 illos
2649 1651 2864 1706 vocavit
2913 1662 3175 1718 nocentes,
3225 1652 3320 1722 qui
3366 1650 3437 1706 ob
3471 1664 3629 1705 suam

2065 1743 2365 1813 potentiam
2399 1757 2589 1799 omnes
2623 1743 2770 1798 mille
2798 1744 2959 1799 malis
2986 1744 3322 1815 opprimunt.
3353 1771 3423 1783 -
3462 1742 3631 1800 Recte

2066 1836 2189 1904 ipsi,
2232 1836 2358 1906 quia
2390 1836 2524 1890 nihil
2553 1836 2772 1906 quidem
2791 1836 2950 1893 nobis
2974 1844 3297 1900 nocuerunt,
3325 1836 3474 1907 passi
3501 1844 3632 1893 sunt

2067 1935 2250 1983 autem
2279 1929 2467 1984 eadem
2496 1943 2616 2000 qua:
2648 1938 2837 1983 contra
2887 1943 2989 1985 nos
3039 1928 3438 1999 excogitabant.
3489 1928 3630 1983 Cum

2068 2018 2276 2090 majore
2304 2028 2481 2074 autem
2509 2018 2753 2089 emphasi
2793 2018 2945 2083 dicit,
2974 2015 3242 2088 Inﬁrmati
3269 2026 3390 2073 sunt
3419 2027 3470 2072 et
3494 2018 3631 2071 ceci-

2068 2112 2280 2176 derunt,
2341 2127 2462 2183 pro,
2499 2110 2611 2167 Nec
2642 2112 2710 2165 ab
2745 2111 2996 2166 hostibus
3038 2110 3198 2166 deleti
3240 2118 3391 2175 sunt,
3421 2125 3523 2166 nec
3561 2109 3633 2165 ab

2071 2203 2383 2259 hominibus
2413 2202 2708 2274 quidquam
2748 2202 2993 2258 terribile
3025 2203 3172 2273 passi
3201 2210 3365 2267 sunt,
3398 2202 3493 2259 sed
3524 2203 3630 2256 mi-

389 2299 509 2335 πων
532 2282 739 2336 ἔπαθόν
769 2300 821 2336 τι
872 2283 1062 2345 δεινὸν.
1106 2285 1241 2339 ἀλλά
1278 2284 1589 2351 παραδόξως
1626 2287 1753 2341 ἄνευ
1783 2289 1967 2361 πάσης

2070 2295 2313 2350 rabiliter
2342 2296 2459 2351 sine
2508 2296 2615 2349 nlla
2675 2312 2838 2350 manu
2891 2296 3151 2359 humana,
3204 2296 3386 2351 subito
3419 2311 3486 2351 ex
3535 2295 3632 2351 Dei

390 2373 733 2445 ἀνθρωπείας
789 2376 991 2446 χειρὸς,
1038 2376 1294 2447 ἐξαίφνης
1325 2378 1404 2441 εἰς
1446 2377 1729 2432 ἀσθένειαν
1768 2383 1836 2451 τῇ
1873 2379 1971 2435 τοῦ

390 2464 527 2518 Θεοῦ
560 2465 972 2537 κατηνέχθησαν
1000 2468 1257 2538 τιμωρίᾳ.

461 2580 607 2652 Στίχ.
632 2586 701 2650 γ’.
733 2610 804 2621 --
834 2582 954 2635 Ὅτι
991 2578 1262 2646 ἀπόδειξιν
1301 2581 1440 2653 ἔχων
1476 2583 1722 2655 αὐτάρκη
1769 2583 1839 2638 τά
1870 2602 1965 2655 γε·

390 2674 587 2742 γονὸτα
610 2673 709 2744 τῆς
731 2672 826 2726 τοῦ
847 2672 983 2726 Θεοῦ
1006 2672 1278 2744 βοηθείας,
1299 2674 1652 2745 παρεμὼλῆς
1670 2674 1797 2746 ὅλης
1819 2693 1974 2748 κινη-

391 2766 579 2837 θείσης
604 2767 696 2820 καὶ
725 2766 985 2836 πολέμου,
1011 2766 1221 2819 δέδοικα
1245 2766 1457 2835 οὐδένα,
1493 2767 1666 2841 ταύτῃ
1698 2767 1973 2833 πεποιθὼς

392 2860 462 2929 τῇ
492 2857 587 2912 τοῦ
617 2856 754 2911 Θεοῦ
787 2858 1101 2929 συμμαχίᾳ·
1146 2857 1207 2911 τὸ
1234 2857 1363 2929 γὰρ,
1392 2859 1463 2913 ἐν
1490 2860 1699 2929 ταύτῃ,
1726 2859 1976 2917 τουτέστι

393 2953 461 3021 τῇ
486 2950 710 3021 βοηθείᾳ
738 2950 833 3004 καὶ
859 2951 926 3020 τῇ
956 2950 1243 3022 συμμαχίᾳ
1273 2950 1367 3003 τοῦ
1397 2951 1688 3005 Δεσπότου.

465 3042 611 3113 Στίχ.
638 3049 699 3097 ε’.
729 3072 798 3082 —
816 3042 1028 3113 Ὠσπερ
1054 3043 1159 3096 τινὶ
1188 3045 1361 3116 σκηνῇ
1383 3046 1450 3115 τῇ
1484 3043 1660 3114 οἰκείᾳ
1691 3044 1971 3110 σκεπάσας

397 3136 638 3207 βοηθείᾳ,
676 3135 815 3206 μετά
866 3136 1066 3207 πολλῆς
1125 3152 1193 3206 με
1219 3136 1317 3206 τῆς
1351 3135 1651 3205 ἀσφαλείας
1673 3137 1968 3207 ἐφύλαξεν⁹

394 3226 780 3298 σκήνὴνγάρ,
803 3226 897 3281 τοῦ
912 3226 1053 3280 Θεοῦ
1076 3226 1234 3280 καλεῖ
1249 3226 1343 3297 τὴν
1371 3227 1644 3298 ϐοήθειαν,
1670 3227 1746 3292 ὡς
1768 3228 1974 3283 σκεπά-

396 3335 570 3372 σασαν
595 3319 760 3373 αὐτὸν
790 3318 899 3373 ἀπὺ
924 3318 1031 3373 τῶν
1054 3318 1258 3373 κακῶν·
1287 3319 1349 3373 τὸ
1381 3320 1458 3385 δὲ,
1491 3322 1820 3390 Ἕκρυψεν,
1851 3322 1973 3376 ἀντὶ

393 3408 516 3475 τοῦ,
542 3408 857 3481 Ἐφύλαξεν,
884 3410 994 3465 ἀπὸ
1028 3410 1123 3465 τοῦ
1145 3411 1554 3482 κατακρύπτειν
1577 3412 1667 3467 ἀεὶ
1690 3414 1815 3477 τοὺς
1836 3413 1974 3484 ’βου-

396 3503 656 3572 λομένους
681 3521 733 3558 τι
762 3504 1073 3573 φυλάττειν·
1109 3505 1207 3560 Ἐν
1228 3506 1419 3575 ἡμέρᾳ
1436 3506 1492 3558 δὲ
1514 3506 1716 3562 κακῶν
1742 3526 1884 3576 μου,
1909 3508 1969 3561 ἐν

393 3595 481 3667 τῷ
504 3596 677 3700 καιρῷ
707 3597 807 3700 τῇς
869 3600 1177 3668 συμφορᾶς,
1228 3600 1319 3653 ὅτε
1343 3598 1557 3652 πολλῶν
1588 3599 1962 3671 προσεδόκησα
1997 3641 2040 3700 C

395 3687 826 3757 πειραθήσεσθαι
849 3688 1057 3746 κακῶν.

947 3842 1243 3901 ΨΑΛΜΟΣ
1284 3847 1421 3902 KH’.

468 3980 616 4051 Στίχ.
651 3980 723 4049 γ’.
745 4009 815 4023 -σ-
840 3982 976 4054 Περὶ
1017 3981 1221 4054 ταύτης
1257 3983 1358 4053 τῆς
1401 3984 1641 4038 ἀδύσσου
1669 3984 1777 4039 τῶν
1826 3985 1975 4054 λογι-

396 4073 551 4142 σμῶν
573 4074 782 4128 ὑδάτων
802 4075 966 4143 φησὶν
996 4076 1027 4128 ὁ
1056 4076 1252 4129 Δαυῖδ·
1283 4073 1455 4145 Φωνή
1483 4078 1704 4146 Κυρίου
1726 4077 1826 4131 ἐπὶ
1857 4077 1977 4138 τῶν

395 4164 655 4220 ὑδάτων.

953 4322 1243 4378 ΨΑΛΜΟΣ
1290 4324 1418 4379 Κθθ.

476 4462 621 4533 Στίχ.
649 4461 772 4516 t'.-—
789 4460 934 4514 ’Λντὶ
961 4459 1077 4523 τοῦ,
1099 4459 1283 4513 Ταῦτα
1308 4459 1521 4528 ἔλεγον·
1544 4460 1668 4515 Ἐὰν
1696 4460 1975 4525 ἀποθάνω,

400 4553 463 4607 τι
492 4554 556 4607 τὸ
586 4553 841 4623 ὄφελοςς
872 4550 1158 4607 ἀποθανὼν
1194 4552 1304 4623 γὰρ
1336 4552 1719 4625 διαφθείρομαι
1748 4595 1765 4623 ,
1800 4556 1978 4627 τέφρα

402 4645 685 4715 γινόμενος
721 4647 815 4699 καὶ
848 4645 1060 4709 σποδός.

478 4739 625 4809 Στίχ.
660 4739 746 4809 ιβ’.
776 4768 846 4778 —-
884 4739 943 4793 '0
975 4739 1177 4802 σάκκος
1208 4737 1407 4791 κακίαν
1441 4737 1534 4791 καὶ
1563 4737 1838 4805 ἀγνωσίαν
1882 4755 1978 4808 σησ

404 4833 625 4903 μαίνει,
683 4832 869 4903 ἐπειδὴ
920 4831 1016 4885 καὶ
1079 4832 1135 4885 αἰ
1180 4831 1360 4901 τρίχες
1411 4830 1521 4883 τῶν
1580 4831 1784 4900 ἐρίφων
1836 4826 1979 4902 ἦσαν

2071 2388 2312 2443 vindicta
2345 2388 2398 2442 in
2434 2389 2804 2443 inﬁrmitatem
2837 2388 3034 2458 dojecti
3066 2397 3217 2443 sunt.

2141 2587 2308 2645 Vens.
2332 2587 2387 2643 3.
2410 2619 2476 2629 —
2499 2588 2633 2644 Cum
2661 2590 2804 2642 facta
2832 2586 3017 2643 divina
3046 2588 3115 2643 de
3140 2588 3339 2642 auxilio
3362 2602 3633 2658 sperando

2071 2679 2364 2747 suﬁiciant,
2422 2680 2675 2751 quamvis
2725 2680 2910 2733 omnia
2960 2688 3143 2735 castra
3190 2680 3499 2750 bellumque
3542 2693 3633 2734 me

2073 2770 2499 2835 circumdarent,
2532 2770 2670 2825 nihil
2697 2770 2928 2836 timebo,
2952 2768 3010 2824 in
3035 2770 3239 2824 auxilio
3262 2769 3356 2825 Dei
3380 2785 3631 2839 sperans,

2071 2877 2322 2933 sperans,
2359 2862 2605 2931 inquam,
2642 2863 2698 2916 in
2726 2876 2812 2930 eo,
2864 2862 2919 2916 id
2951 2869 3057 2927 est,
3098 2862 3153 2916 in
3184 2861 3459 2927 adiutorio
3478 2864 3636 2918 auxi-

2070 2952 2254 3024 lioque
2281 2952 2517 3010 Domini.

2146 3047 2311 3103 Vens.
2340 3047 2393 3103 5.
2414 3078 2483 3089 -—
2505 3045 2968 3114 Quemadmodum
2997 3047 3233 3118 quodam
3261 3047 3636 3116 tabernaculo.

2071 3138 2346 3210 adjutorio
2373 3152 2472 3194 suo
2499 3147 2807 3209 protegens,
2845 3155 3040 3207 magna
3079 3141 3373 3195 securitate
3423 3156 3508 3195 me
3539 3157 3640 3196 cu-

2071 3229 2313 3286 stodivit.
2352 3230 2771 3285 Tabernaculum
2795 3234 2941 3287 enim
2973 3240 3135 3287 vocat
3182 3231 3519 3300 adiutorium
3555 3232 3641 3286 di-

2072 3321 2285 3385 vinum,
2326 3331 2584 3392 tanquam
2612 3338 2736 3379 eum
2775 3324 2845 3378 ab
2892 3339 3084 3379 eorum
3117 3324 3278 3380 malis
3322 3332 3640 3394 protegens.

2070 3414 2358 3468 Abscondit
2397 3424 2601 3480 autem,
2635 3432 2735 3486 pro
2759 3417 3060 3479 custodiuit,
3088 3431 3155 3471 ex
3186 3416 3274 3472 his
3299 3417 3394 3487 qui
3423 3432 3639 3487 semper

2071 3508 2415 3563 abscondunt
2472 3509 2623 3579 quod
2675 3525 2900 3567 servare
2944 3511 3156 3566 volunt.
3215 3508 3284 3564 In
3327 3510 3413 3564 die
3454 3518 3638 3565 autem

2072 3600 2357 3669 malorum,
2388 3610 2631 3672 tempore
2661 3603 3035 3671 adversitatis,
3088 3605 3311 3677 quando
3344 3620 3431 3662 me
3465 3605 3640 3660 multa

2072 3691 2216 3744 mala
2243 3700 2598 3761 experturum
2630 3692 2859 3748 credidi.

2561 3848 2885 3905 PSALMUS
2913 3848 3153 3905 XXVIII.

2141 3988 2310 4044 Vens.
2344 3991 2397 4044 5.
2431 4019 2501 4029 -
2523 3988 2597 4043 De
2634 3991 2837 4059 abysso
2874 3990 3345 4046 murmurantium
3370 4006 3638 4063 aquarum

2073 4083 2207 4139 dicit
2234 4082 2424 4147 David,
2469 4084 2580 4136 Vox
2607 4083 2822 4137 Domini
2851 4099 3006 4154 super
3030 4100 3220 4155 aquas.

2576 4322 2898 4379 PSALMUS
2938 4321 3131 4378 XXIX.

2146 4462 2312 4517 Vnus.
2342 4463 2423 4515 10.
2451 4492 2515 4502 -
2541 4461 2835 4531 I’rnpterea
2859 4462 2973 4515 haac
2996 4460 3282 4515 dicebam:
3307 4460 3363 4515 Si
3391 4470 3646 4517 mortuus

2075 4558 2254 4621 fuero,
2285 4573 2400 4627 qua:
2423 4556 2631 4608 utilitas
2657 4558 2682 4609 2'
2711 4552 2847 4607 Nam
2882 4564 3121 4607 mortuus
3156 4566 3482 4624 corrumpor
3502 4594 3516 4618 ,
3567 4552 3648 4609 ci-

2076 4653 2163 4707 nis
2195 4650 2485 4720 pulvisquc
2519 4647 2609 4701 ﬁo.

2146 4742 2315 4797 Vnus.
2354 4742 2441 4794 12.
2469 4768 2537 4779 --
2564 4738 2771 4791 Saccus
2794 4737 3058 4790 malitiam
3092 4746 3255 4807 atque
3279 4738 3645 4808 ignorantiam

2076 4835 2369 4906 signiﬁcat,
2405 4847 2529 4887 cum
2567 4830 2660 4897 pili
2690 4838 2880 4883 essent
2929 4829 3207 4884 hircorum
3241 4831 3335 4901 qui
3383 4837 3649 4885 steterant
3690 4852 3703 4863 ι

401 4924 515 4977 τῶν
549 4925 850 4995 ἱσταμένων
884 4923 944 4990 ἐξ
980 4923 1273 4993 εὐωνύμων
1310 4923 1403 4976 καί⁵
1450 4921 1545 4975 τοῦ
1586 4920 1973 4993 ἀποπομπαίου

2077 4936 2189 4983 tam
2219 4942 2283 4981 ex
2318 4923 2616 4978 immolatis
2638 4934 2804 4990 quam
2833 4912 2901 4975 ex
2938 4920 3261 4976 emissariis.

402 5033 633 5070 τοαγου.

549 5034 633 5070 ου.

446 5016 625 5179 ρῗίἷίχ.
665 5114 751 5176 ιγ’.
782 5136 851 5148 -
890 5106 1093 5171 Εἰπὼν,
1131 5107 1213 5159 Οὐ
1236 5103 1321 5173 μὴ
1347 5102 1679 5175 κατανυτῶ,
1710 5105 1832 5159 ἀντὶ
1856 5104 1973 5171 τοῦ,

405 5197 486 5254 Οὐ
518 5204 933 5271 μεταγνώσομαι
959 5200 1051 5252 ἐπὶ
1070 5194 1141 5267 τῇ
1175 5194 1463 5266 ψαλμῳδίᾳ
1485 5233 1502 5259 ,
1536 5196 1836 5265 ἐπήγαγεν·
1868 5198 1975 5262 Εἰς

404 5296 514 5348 τὸν
539 5292 722 5347 αἰῶνα
744 5289 1280 5360 ἐξομολογήσομαι,
1314 5286 1407 5341 τοῦ
1436 5287 1639 5356 ταύτην
1672 5286 1978 5341 διατελέσαι

2153 5105 2318 5161 Vsus.
2351 5105 2440 5159 15.
2466 5134 2534 5144 -
2554 5106 2623 5157 Et
2653 5119 2756 5156 non
2783 5118 3132 5172 compungar,
3155 5116 3255 5170 pro
3278 5098 3398 5153 Non
3425 5105 3650 5155 cantare

2082 5198 2377 5260 desistam;
2428 5196 2604 5261 addit,
2639 5193 2703 5248 In
2733 5194 2987 5248 siccatum
3035 5188 3342 5260 conﬁtebor,
3389 5192 3508 5247 sine
3542 5189 3649 5245 ﬁne

2084 5291 2186 5345 hoc
2242 5288 2390 5360 fungi
2423 5286 2628 5358 gratias
2675 5301 2864 5357 agens,
2891 5300 3017 5341 cum
3068 5280 3326 5338 sarculum
3384 5282 3652 5339 malorum

408 5402 493 5437 σοι
523 5384 813 5448 ἀπαύστως
862 5380 1199 5453 εὐχαριστῶν
1221 5398 1235 5413 ·
1282 5380 1455 5435 αἰῶνα
1496 5379 1698 5448 καλῶν,
1738 5378 1829 5434 τὸν
1879 5378 1973 5449 τῆς

2083 5383 2156 5438 sit
2181 5382 2344 5453 hujus
2372 5382 2495 5438 vitae
2518 5388 2753 5451 tempus.

407 5477 616 5531 οἰκείας
645 5475 788 5539 huis;
825 5476 1037 5545 χρόνον.

481 5702 557 5773 (ι)
593 5700 695 5755 Mai
726 5698 859 5756 ibid.
890 5715 942 5769 p.
972 5698 1097 5753 sat.
