4106 6238
1647 263 1989 321 THEODOBI

2094 222 2506 324 )Psussrem
3606 260 3697 316 res

984 397 1305 471 essurus
1333 400 1500 456 xxx.
2053 399 2101 452 A

359 330 379 357 κ
457 255 560 320 667

2696 403 2988 459 ΨΑΛΜΟΣ
3029 398 3110 456 Λ’.

527 504 691 563 Vens.
723 510 775 567 5.
804 540 872 551 -—
895 512 1030 569 Cum
1059 516 1328 573 clamores
1360 519 1535 574 nostri
1574 519 1642 574 ad
1684 527 1833 575 tuam
1861 521 1992 578 celsi

2195 521 2342 591 Στίχ.
2368 527 2435 589 γ’.
2464 550 2535 560 --
2576 519 2727 573 Ἐπεὶ
2761 519 2835 589 μὴ
2885 516 3073 588 φθάνει
3123 516 3156 586 ἡ
3188 514 3430 585 ἡμετέρα
3480 515 3697 585 κραυγὴ

458 597 699 653 tudinem
732 603 1085 670 extollantur,
1133 608 1331 662 inclina
1382 609 1451 663 ad
1492 626 1570 664 me
1601 626 1783 665 aurem
1837 621 1982 666 tuam

2124 614 2258 686 πρὸς
2291 614 2350 667 τὸ
2372 613 2461 667 σὺν
2483 613 2635 683 ὕψος,
2661 612 2886 666 [miror
2906 610 2972 664 τὸ
2996 604 3105 675 οὖς
3130 621 3247 662 σου
3276 606 3423 677 πρὸς
3455 604 3581 677 ἐμὲ,
3608 605 3697 661 διὰ

458 692 585 760 quia
615 691 668 746 in
693 693 946 765 abyssum
968 699 1244 767 prolabor,
1275 703 1737 772 quemadmodum
1765 704 1820 759 in
1845 705 1992 778 quod

2125 704 2575 759 συγκαταϐαίνειν
2607 721 2694 776 με.

457 787 582 837 dam
614 784 840 841 evidens
875 791 1199 858 periculum.

529 892 693 948 Vens.
730 896 783 950 5.
805 927 874 936 -—
908 897 1161 969 Laqueos
1185 904 1402 957 vocavit
1430 905 1803 975 captivitatem
1827 908 1882 963 in
1913 924 1992 980 qu:

2190 900 2338 973 Στίχ.
2374 906 2435 953 ε’.
2460 932 2526 941 -
2549 900 2789 967 Παγίδας
2817 897 3041 953 ὲκάλεσε
3073 898 3172 970 τὴν
3199 897 3575 968 αἰχμαλωσίαν
3606 898 3691 968 ἐφ’

455 984 555 1040 fuit
587 996 851 1043 retentus.
898 990 1063 1057 Quem
1122 995 1510 1051 absconderant
1552 999 1717 1064 mihi;
1770 1001 1992 1057 eamdeu

455 1075 674 1098 Ωδμ-..-η
731 1093 878 1098 ..--η-
914 1097 919 1098 ,
968 1083 999 1098 ο-
1329 1088 1340 1098 -
1777 1091 1787 1098 .
1832 1093 1844 1098 -

2120 987 2153 1067 ᾖ
2191 993 2534 1064 συνείληπτο,
2571 993 2756 1064 ὥσπερ
2784 991 2864 1055 εἷς
2884 1009 3004 1044 τινα
3039 990 3276 1098 κίνδυνον
3301 991 3571 1095 προφανῆ.

452 1075 678 1146 ﬁguram
731 1083 1095 1150 persequitur,
1148 1101 1274 1140 cum
1328 1088 1584 1158 laqueum
1644 1091 1992 1161 captivitateu

2117 1081 2233 1152 Ἦς
2288 1086 2562 1155 ἐκρυψάν
2600 1104 2734 1155 μοι,
2787 1084 3093 1149 ἀκολούθως
3142 1079 3295 1137 εἶπεν
3330 1082 3409 1154 τῷ
3438 1084 3690 1155 παραδεί-

455 1167 830 1237 appellaverit.
886 1170 1179 1244 Proprium
1214 1187 1394 1233 autem
1437 1181 1616 1251 laquei
1656 1190 1739 1237 est
1775 1185 1903 1253 poni
1936 1185 1992 1239 la

2117 1195 2286 1248 γματι
2310 1219 2325 1242 ,
2360 1178 2548 1250 ἐπειδῂ
2599 1178 2798 1247 παγίδα
2846 1176 2943 1248 τὴν
2976 1176 3351 1246 αἰχμαλωσίαν
3390 1176 3644 1230 ἐκάλεσεν
3670 1193 3684 1205 ·

451 1267 629 1315 tenter
659 1261 713 1317 in
740 1263 1061 1322 abscondito
1086 1269 1228 1337 loco,
1262 1272 1451 1344 sicque
1473 1274 1786 1346 importune
1817 1292 1992 1349 caper:

2117 1269 2247 1322 ίδιον
2284 1269 2342 1323 δὲ
2388 1270 2487 1342 τῆς
2528 1269 2752 1339 παγίδος
2790 1270 2849 1322 τὸ
2883 1267 3248 1330 λανθανόντως
3270 1268 3511 1324 τίθεσθαι
3553 1285 3685 1338 xpu—

449 1354 710 1422 Ιπεὲάθηιο
2114 1362 2391 1433 πτομένην
2412 1403 2427 1428 ,
2480 1360 2621 1415 οὑτω
2650 1379 2710 1415 τε
2744 1362 3066 1432 ἁπροόπτως
3101 1359 3397 1431 λαμϐάνειν
3428 1361 3553 1423 τούς
3592 1358 3689 1431 θη-

2118 1454 2417 1524 ρωμένους.

515 1556 684 1614 Veas.
726 1598 771 1615 ..
798 1591 867 1601 —
895 1562 1185 1634 Propterea
1225 1583 1369 1623 enim
1390 1610 1406 1633 ,
1448 1571 1605 1639 dicit,
1635 1588 1736 1629 nos
1765 1574 1911 1645 juste
1942 1576 1992 1631 li-

2173 1568 2331 1638 Στίχ.
2358 1567 2424 1632 ζ’.
2460 1600 2528 1611 —
2552 1567 2652 1621 Διὰ
2699 1567 2857 1621 τοῦτο
2877 1567 3019 1639 γὰρ,
3046 1566 3213 1637 φησὶν
3231 1607 3245 1631 ,
3281 1566 3430 1636 ἡμᾶς
3466 1562 3685 1628 δικαίως

444 1653 670 1719 ιιοιοιιειί,
703 1670 828 1711 cum
883 1658 1007 1714 illos
1036 1659 1216 1715 oderis
1248 1676 1312 1716 ac
1365 1661 1717 1733 disperseris,
1756 1667 1851 1737 qui
1898 1676 1992 1722 tan

2112 1659 2422 1730 ἀπήλλαξας
2441 1702 2457 1727 ,
2493 1660 2679 1731 ἐπειδὴ
2704 1660 2947 1724 ἐκείνους
2972 1659 3243 1730 ἐμίσησας
3274 1658 3368 1711 καὶ
3412 1656 3685 1726 ἀπεστράοο

444 1748 703 1803 ardenter
730 1750 1052 1820 pravitatem
1083 1752 1303 1809 fuerant
1332 1757 1542 1825 operati
1569 1775 1583 1822 ;
1615 1774 1723 1813 non
1749 1760 1895 1814 enim
1935 1776 1992 1817 ex

2114 1765 2221 1819 φης
2244 1791 2261 1814 ,
2311 1750 2437 1813 τοὺς
2479 1749 2617 1820 μετὰ
2649 1749 2850 1819 πολλῆς
2878 1750 3195 1821 ἐπιμελείας
3223 1750 3289 1802 τὰ
3336 1748 3514 1801 ἄτοπα
3569 1746 3686 1799 δια-

439 1849 576 1896 testu
634 1841 727 1896 ira:
760 1842 964 1897 malum
1017 1854 1338 1913 operantur,
1392 1847 1487 1903 sed
1533 1850 1679 1904 sicut
1734 1851 1992 1922 quoddan

2114 1840 2513 1910 πραττομένους
2534 1856 2548 1871 ·
2572 1842 2633 1894 οὐ
2664 1840 2774 1913 γὰρ
2813 1841 2922 1895 ἀπὸ
2949 1840 3303 1912 συνφπαγῆς
3333 1840 3684 1940 διαπράττονῐ

440 1932 816 1988 necessarium
869 1935 1070 1989 malum
1106 1936 1422 1993 observant.
1490 1940 1840 2009 Supervacue,
1878 1946 1992 2015 qui:

2108 1946 2198 1983 ται
2222 1928 2283 1982 τὸ
2309 1930 2477 1985 κακὸν
2501 1969 2516 1994 ,
2544 1930 2658 1983 ἀλλ’
2685 1930 2876 2003 ὥσπερ
2921 1949 2975 1985 τι
3020 1932 3315 1999 ἀναγκαῖον
3338 1973 3353 1997 ,
3386 1930 3481 1983 τοῦ
3511 1928 3682 1984 κακοῦ

439 2024 573 2078 nihil
614 2026 904 2094 proﬁciunt
942 2042 1008 2081 ex
1037 2043 1140 2082 suo
1168 2029 1296 2083 mali
1334 2034 1600 2101 operandi
1641 2035 1847 2097 studio,
1882 2051 1992 2091 cun

2109 2021 2435 2091 φυλάττουσι
2467 2021 2566 2094 τὴν
2598 2023 2824 2095 πρᾶξιν·
2855 2024 2917 2077 τὸ
2942 2023 3019 2091 δὲ,
3055 2025 3159 2077 Διὰ
3194 2021 3395 2090 κενῆς,
3425 2023 3507 2076 ὅτι
3535 2022 3691 2075 οὐδὲν»

438 2114 645 2185 puniri,
676 2130 740 2171 ac
763 2134 869 2172 non
897 2117 1078 2173 sinere
1101 2128 1159 2173 ut
1182 2120 1288 2190 ipsi
1321 2121 1671 2195 impellantur
1693 2127 1748 2182 in
1773 2128 2008 2200 aliquem

437 2215 780 2280 peroptatum
816 2210 977 2267 tinem
1014 2211 1255 2268 oderint.

918 2560 1245 2621 PSALMUS
1282 2563 1498 2622 XXXII.

499 2688 665 2748 Vens.
711 2692 766 2747 3.
815 2725 883 2739 —-
922 2693 1068 2752 Bene
1116 2696 1311 2769 incipit
1362 2700 1676 2768 Psalmista,
1725 2705 2004 2777 praecipue

429 2784 656 2837 attentis
695 2787 1185 2855 consequentibus.
1234 2788 1373 2844 Cum
1419 2792 1564 2846 enim
1606 2794 1852 2851 laetitiam
1894 2798 2004 2855 illis

427 2874 828 2938 annuntiasset.
844 2877 914 2931 ad
934 2878 1167 2950 hymnos
1187 2880 1537 2953 agendasque
1555 2886 1761 2956 gratias
1781 2898 2005 2959 propter

424 2964 689 3020 beneﬁcia
704 2968 941 3024 excitare
956 2970 1207 3035 debebat,
1228 2972 1281 3026 in
1303 2982 1583 3043 posterum
1602 2987 1823 3049 propter
1844 2996 2004 3052 agen-

2107 2113 2441 2184 ὠφελοῦνται
2469 2116 2534 2169 ἐκ
2563 2116 2663 2186 τῆς
2694 2117 2823 2187 περὶ
2870 2116 2932 2169 τὸ
2980 2116 3149 2170 κακὸν
3202 2115 3460 2186 πράττειν
3490 2117 3682 2185 ὲπιμε-

2107 2208 2293 2276 λείας,
2342 2208 2433 2262 διὰ
2463 2208 2525 2261 τὺ
2574 2210 2751 2278 μισεῖν
2792 2208 2988 2270 αὐτοὺς
3022 2208 3116 2262 καὶ
3151 2205 3548 2278 τιμωρεῖσθαι,
3590 2206 3681 2259 καὶ

2111 2302 2185 2374 μὴ
2219 2302 2315 2373 έᾷν
2361 2302 2441 2366 εἵς
2488 2318 2541 2355 τι
2592 2302 2765 2371 πέρας
2817 2301 2973 2370 ἄγειν
3028 2299 3225 2363 αὐτοὺς
3284 2298 3345 2352 τὸ
3391 2298 3683 2363 σπουδαζό-

2111 2410 2271 2464 μενον
2299 2392 2400 2465 (ί).

2659 2568 2952 2626 ΨΑΛΜΟΣ
2993 2568 3115 2623 AB’.

2174 2706 2324 2779 Στίχ.
2358 2704 2427 2777 γ”.
2471 2736 2539 2749 -
2574 2706 2729 2779 Καλὴ
2753 2706 2831 2779 (‘2)
2866 2707 2900 2777 ἡ
2936 2703 3198 2774 ἐπαγωγὴ
3236 2700 3330 2756 τοῦ
3366 2698 3557 2773 ῥητοῦ,
3586 2700 3686 2754 καὶ

2106 2802 2341 2874 μάλιστα
2374 2799 2482 2854 τῶν
2510 2800 2638 2871 ἑξῆς
2665 2799 2869 2853 ἕνεκεν.
2890 2797 3107 2868 Ἐπειδὴ
3139 2796 3247 2868 γὰρ
3280 2795 3381 2866 τὴν
3414 2792 3678 2863 εὐφροσύ-

2104 2911 2203 2965 νην
2245 2894 2429 2957 αὐτοῖς
2469 2891 2879 2963 εὐηγγελίσατο,
2920 2889 3151 2961 ἤμελλεν
3186 2888 3244 2941 δὲ
3283 2887 3375 2940 ἐπὶ
3414 2886 3513 2955 τὴν
3546 2886 3681 2955 ὑμν-

2103 2985 2269 3057 ῳδίαν
2300 2985 2396 3038 καὶ
2425 2983 2522 3054 τὴν
2543 2984 2685 3054 ὑπὲρ
2710 2983 2817 3035 τῶν
2843 2980 3140 3050 γεγονότων
3173 2975 3520 3049 εὐχαριστίαν
3541 2991 3677 3043 προφ

423 3057 483 3111 di
508 3058 775 3114 rationem
805 3063 1195 3120 tremebundos
1229 3067 1572 3124 constituere
1601 3071 1814 3134 volens,
1837 3075 1910 3127 ita
1942 3083 1992 3130 ul

2103 3078 2358 3149 τρέπειν
2398 3077 2524 3146 ἑξῆς
2578 3075 2896 3146 βουλόμενος
2929 3072 3127 3135 αὐτοὺς
3157 3070 3428 3142 ὲμφὸὅους
3466 3069 3591 3139 περὶ
3618 3066 3678 3119 τὸ

423 3147 657 3215 genuina
688 3148 936 3206 decentia
957 3152 1209 3223 hymnos,
1240 3158 1647 3231 graliarumque
1662 3164 1909 3221 actiones
1929 3167 1997 3222 ad

420 3235 596 3293 Deum
620 3239 927 3297 referrent:
943 3243 1373 3314 Prteuuntiaute,
1408 3250 1594 3307 Rectos
1614 3253 1759 3310 decet
1788 3258 1993 3313 collau-

417 3331 960 3397 datio,admonentur
988 3353 1098 3393 non
1124 3355 1248 3397 esse
1277 3344 1523 3400 omnium
1550 3347 1717 3403 Deum
1741 3349 1987 3420 laudare,

419 3423 516 3479 sed
548 3426 727 3481 solum
755 3428 851 3498 qui
886 3445 1013 3485 cum
1046 3433 1375 3492 rectitudine
1404 3438 1641 3496 rationis
1670 3441 1775 3497 hoc
1802 3454 1992 3514 agunt,

419 3515 545 3572 illos
579 3533 686 3588 pro
716 3520 996 3578 beneﬁciis
1021 3538 1263 3593 quorum
1292 3538 1422 3584 sunt
1446 3537 1617 3588 testes
1648 3534 1990 3593 laudationes

418 3608 631 3665 decere.
665 3609 801 3666 Cum
833 3614 1002 3684 igitur
1033 3615 1244 3672 fuerint
1279 3619 1451 3692 digni,
1494 3638 1620 3679 cum
1655 3624 1858 3695 pietate
1917 3629 1987 3685 ad

417 3699 752 3757 laudandum
780 3703 952 3760 Deum
983 3706 1270 3763 accedant.

488 3983 555 4041 In
568 3986 741 4042 titulo.
757 3986 1025 4058 Tempore
1045 3990 1189 4047 beati
1212 3991 1457 4050 Ezechiae
1479 3996 1759 4064 lsraelitis,
1782 4017 1877 4072 per
1889 4004 1986 4058 ad-

415 4079 724 4134 mirabilem
770 4080 1118 4153 Assyriorum
1164 4089 1527 4154 eversionem,
1581 4105 1612 4144 a
1663 4090 1773 4147 Deo
1802 4094 1989 4150 datam

413 4170 704 4227 victoriam
754 4173 945 4229 beatus
975 4174 1145 4231 David
1191 4178 1249 4231 in
1291 4179 1394 4235 hoc
1426 4183 1635 4250 psalmo
1661 4185 1986 4253 praedicens,

2104 3171 2337 3240 πρᾶγμα
2377 3170 2713 3239 καταστῆσαι
2739 3207 2753 3231 ,
2809 3166 2949 3218 ὥστε
2982 3164 3118 3235 μετὰ
3164 3165 3263 3233 τῆς
3297 3158 3679 3232 προσηκούσης

2102 3258 2453 3329 γνησιότητος
2479 3256 2798 3326 ἀναπέμψαι
2828 3256 2927 3325 τὴν
2966 3253 3237 3325 ὑμνῳδίαν
3273 3252 3367 3306 καὶ
3394 3251 3492 3321 τὴν
3522 3250 3677 3319 εὐχα·

2101 3350 2309 3423 ριστίαν
2350 3349 2427 3421 τῷ
2471 3348 2609 3420 Θεῷ,
2654 3347 2962 3421 προλαϐὼν,
3012 3349 3125 3410 τοῖς
3175 3345 3356 3399 εὐθέσι
3389 3344 3552 3415 φησιν
3580 3343 3677 3411 τὴν

2098 3445 2309 3497 αῖνεσιν
2366 3442 2638 3513 πρέπεινσ
2705 3442 2771 3495 ἵν’
2819 3439 3150 3503 ἀκούσαντες
3209 3440 3291 3492 ὅτι
3341 3435 3414 3509 μὴ
3462 3435 3676 3489 πάντων

2098 3534 2246 3588 ἐστὶν
2284 3534 2474 3604 ὑμνεῖν
2508 3533 2599 3586 τὸν
2632 3532 2785 3595 Θεὸν,
2832 3531 2968 3585 ἀλλὰ
3021 3532 3178 3602 μόνον
3225 3529 3335 3582 τῶν
3371 3530 3487 3600 μετ’
3516 3526 3674 3579 εὐθύ-

2096 3643 2257 3697 τητος
2294 3624 2567 3696 λογισμῶν
2612 3624 2769 3678 τοῦτο
2800 3625 3133 3694 ποιουμένων
3192 3616 3295 3690 (οἷς
3343 3621 3439 3674 καὶ
3467 3619 3674 3689 πρέπον

2097 3718 2241 3771 ἐστὶν
2267 3718 2328 3771 τὸ
2360 3718 2549 3787 ὑμνεῖν
2582 3717 2673 3768 ἐπὶ
2712 3718 2823 3779 τοῖς
2853 3713 3117 3785 παροῦσιν
3145 3712 3369 3780 ἀγαθοῖς
3397 3751 3411 3774 ,
3446 3708 3676 3776 ἐπείπερ

2096 3809 2191 3862 καὶ
2241 3808 2334 3862 τοῦ
2386 3810 2567 3878 τυχεῖν
2619 3807 2797 3862 αὐτῶν
2849 3807 2989 3875 ἄξιοι
3044 3804 3490 3875 καθεστήκασιν),
3538 3801 3675 3872 μετὰ

2097 3900 2298 3971 πολλῆς
2340 3900 2626 3964 εὐλαϐείας
2664 3899 3001 3970 προσέλθωσι
3034 3900 3100 3968 τῇ
3129 3897 3223 3950 τοῦ
3250 3895 3385 3949 Θεοῦ
3410 3893 3670 3964 ὑμνῳδία.

2159 4014 2271 4085 Τὴν
2300 4014 2377 4084 (5)
2411 4014 2502 4067 ἐπὶ
2533 4010 2625 4067 τοῦ
2656 4013 2925 4083 μακαρίου
2967 4010 3209 4074 Ἐζεκίου
3239 4007 3673 4080 παρασχεθεῶαν

2088 4106 2245 4177 νίκην
2270 4109 2384 4169 τοῖς
2424 4105 2786 4176 Ἰσραηλίταις
2813 4103 2918 4157 ὑπὸ
2942 4102 3035 4157 τοῦ
3066 4101 3225 4167 Θεοῦ,
3251 4101 3341 4155 διὰ
3366 4100 3461 4171 τῆς
3494 4115 3672 4169 παρα-

2086 4196 2240 4263 δόξου
2299 4198 2407 4252 τῶν
2444 4198 2744 4269 ’Λσσυρίων
2795 4197 3164 4267 ἀναιρέσεως,
3198 4192 3553 4264 προφητεύων
3614 4192 3672 4245 ἑν

414 4263 593 4334 ipsmn
653 4272 912 4335 tanquam
967 4268 1212 4327 victoria:
1255 4274 1555 4339 canticum,
1610 4292 1711 4346 pro
1762 4278 1832 4334 iis
1864 4296 1986 4351 qua:

2094 4291 2261 4360 τούτῳ
2292 4290 2371 4359 τῷ
2396 4263 2649 4360 eam};
2680 4263 2957 4359 μακάριος¹
2980 4287 3162 4350 Δασὶδ,
3193 4263 3381 4356 ὥσπερ
3401 4284 3521 4337 τινὰ
3551 4284 3663 4335 ἐπιδ

412 4353 780 4425 contigcrant,
825 4372 976 4413 more
1003 4374 1104 4414 suo
1139 4360 1363 4418 cecinit.
1398 4365 1575 4435 Atque
1612 4367 1738 4423 hinc
1787 4386 1853 4425 ex
1894 4387 1984 4425 ar-
2014 4358 2060 4415 Ῑ)

412 4458 672 4517 gumento
707 4458 899 4505 contra
925 4452 1203 4525 Assyrios,
1238 4458 1304 4512 ad
1340 4457 1707 4517 universalem
1739 4462 1833 4519 Dei
1866 4466 1985 4521 lau-

412 4534 712 4605 dationem,
742 4549 797 4595 et
820 4558 1000 4598 rerum
1033 4546 1100 4601 ab
1140 4549 1259 4618 ipso
1284 4559 1561 4619 gestarum
1590 4567 1986 4611 commemora-

410 4627 613 4683 tionem
642 4630 969 4701 digreditur.
999 4635 1167 4695 Docet
1195 4650 1379 4696 autem
1403 4657 1617 4708 omnes,
1653 4661 1722 4701 ne
1747 4662 1985 4714 praesen-

411 4720 559 4777 tibus
590 4723 778 4789 rebus,
804 4729 1022 4783 tametsi
1064 4733 1298 4801 magnis,
1335 4733 1649 4804 conﬁdant;
1685 4738 1784 4794 sed
1828 4740 1987 4796 auxi-

409 4812 541 4868 lium
579 4813 673 4870 Dei
728 4816 892 4873 rebus
946 4821 1204 4879 omnilius
1252 4826 1532 4894 potentius
1585 4842 1710 4884 esse
1756 4831 1981 4889 ducant.

412 4905 523 4961 lloc
540 4907 687 4961 enim
721 4909 775 4963 in
796 4908 1032 4967 Psalmis
1053 4915 1407 4983 potissimum
1425 4917 1713 4977 advertere
1743 4932 1983 4993 Oportet,

407 4998 554 5068 quod
591 5000 661 5055 ab
696 5005 1037 5071 argumentis
1068 5006 1136 5060 ad
1166 5008 1608 5066 cohortationem
1646 5029 1746 5084 pro
1776 5016 1983 5072 instru-

408 5091 591 5147 ctione
621 5102 808 5148 nostra
850 5106 1222 5167 convertatur,
1256 5100 1397 5157 hanc
1424 5103 1813 5171 diversimode,
1844 5118 1898 5164 et
1915 5110 1980 5164 ad

408 5184 718 5241 auditorum
733 5189 1020 5245 utilitatem
1041 5194 1469 5262 accommodate,
1490 5197 1806 5257 instituens.
1824 5200 1980 5259 Unde

406 5291 632 5333 necesse
658 5295 759 5336 nos
787 5291 894 5346 est,
919 5284 986 5340 ad
1014 5285 1351 5342 Psalmorum
1377 5289 1486 5343 vim
1510 5301 1658 5347 recte
1677 5308 1980 5364 assequen-

407 5370 553 5439 dam,
610 5372 847 5442 primum
899 5389 1220 5450 argumenta
1278 5397 1468 5438 eorum
1526 5400 1724 5441 nossc:
1785 5386 1981 5445 deinde

480 5570 715 5657 Exin
749 5588 940 5657 usque.
966 5577 1033 5631 ad
1071 5578 1228 5657 tinem
1259 5580 1423 5657 hujus
1474 5582 1682 5639 codicis
1732 5585 1832 5641 754
1888 5586 1977 5657 (Α)

411 5641 545 5712 nihil
578 5641 941 5712 Mfopsttcstcni
968 5641 1483 5712 reperiebameu.

481 5711 557 5780 (2)
586 5711 687 5766 Mai
719 5715 915 5784 p.595,
940 5728 991 5772 ct
1032 5719 1131 5774 hoc
1172 5730 1251 5776 est
1288 5722 1539 5779 ultimum
1593 5742 1656 5780 ex
1705 5726 1980 5797 fragmen-

2086 4382 2256 4436 νίκιον
2288 4381 2453 4451 ὐμνον
2476 4379 2568 4432 ἐπὶ
2591 4383 2701 4444 τοῖς
2728 4377 3167 4451 γε[γεῙνημένοις
3200 4377 3359 4431 αὐτὸν
3386 4375 3667 4445 ἀνεϐόησε,

2088 4474 2272 4548 [κατὰ]
2301 4475 2361 4528 τὸ
2404 4475 2631 4546 σύνηθες
2671 4473 2841 4543 αὐτῷ*
2878 4470 3166 4526 κάντεῦθεν
3188 4469 3666 4541 διαπραττόμενος,

2087 4567 2179 4622 καὶ
2205 4567 2317 4621 ἀπὸ
2346 4567 2446 4638 τῆς
2475 4567 2619 4621 κατὰ
2653 4567 2779 4630 τοὺς
2807 4566 3122 4635 Ἀσσυρίους
3154 4563 3459 4626 ὑποθέσεως
3472 4562 3668 4635 τρεπόν

2090 4677 2246 4730 μενος
2271 4660 2369 4731 μὲν
2397 4662 2475 4724 εἰς
2502 4659 2793 4730 καθολικὴν
2822 4658 3093 4728 ὑμνῳδίαν
3119 4656 3213 4709 τοῦ
3260 4655 3552 4722 Δεσπότου,
3577 4655 3668 4707 καὶ

2086 4752 2345 4824 ἐξήγησιν
2394 4752 2503 4806 τῶν
2559 4753 2646 4805 ἐπ’
2691 4751 2857 4805 αὐτοῦ
2912 4750 3238 4819 γεγονότων·
3298 4748 3567 4804 παιδεύων
3610 4749 3665 4801 δὲ

2088 4840 2296 4905 πάντας
2329 4842 2405 4913 μὴ
2438 4842 2532 4895 ἐπὶ
2576 4845 2691 4905 τοῖς
2735 4842 2970 4913 παροῦσι
3021 4841 3277 4912 μεγάλοις
3327 4839 3663 4901 πεποιθέναι,

2086 4932 2223 4987 ἀλλὰ
2238 4934 2455 4988 πάντων
2475 4934 2722 5006 ἡγεῖσθαι
2753 4932 3129 5003 δυνατωτέραν
3151 4931 3399 4987 τοῦ-Θεοῦ
3420 4931 3518 5002 τὴν
3543 4931 3663 5002 βοή-

2087 5024 2257 5079 θειαν.
2295 5025 2467 5080 Τοῦτο
2510 5026 2619 5098 γὰρ
2672 5026 2907 5097 μάλιστα
2935 5027 3145 5098 ἀφορᾷν
3190 5025 3248 5078 ὲν
3279 5025 3391 5087 τοῖς
3419 5023 3663 5093 Ψαλμοῖς

2088 5117 2386 5188 προσήκει,
2411 5120 2492 5172 ὃτι
2537 5122 2601 5173 ὲκ
2646 5119 2755 5171 τῶν
2793 5119 3102 5172 ὑποθέσεων
3155 5117 3249 5170 ἐπὶ
3289 5116 3663 5186 κατηχητικὴν

2087 5210 2343 5279 τρέπεται
2400 5211 2720 5281 παραίνεσιν
2740 5251 2754 5274 ,
2783 5210 3052 5282 διαφόρως
3091 5209 3294 5280 ταύτην
3321 5208 3661 5279 ποιούμενος.

2088 5302 2182 5355 καὶ
2214 5306 2327 5366 τοῖς
2355 5306 2654 5375 ἀκροαταῖς
2696 5302 3005 5373 ὠφελίμως.
3031 5302 3193 5354 Ὥστε
3240 5302 3534 5369 ἀναγκαῖον
3563 5301 3661 5370 μὲν

2087 5393 2220 5461 ἡμῖν
2265 5393 2464 5447 εἰδέναι
2509 5393 2606 5458 τὰς
2652 5393 2937 5456 ὑποθέσεις
2995 5392 3131 5461 πρὸς
3164 5391 3367 5447 ννῶσιν
3399 5392 3496 5460 τῆς
3550 5389 3661 5443 τῶν

2087 5591 2158 5645 tis
2188 5592 2257 5645 ab
2283 5594 2402 5661 ipso
2423 5593 2604 5648 editis.

2158 5661 2233 5733 (5)
2266 5662 2343 5717 Ex
2376 5664 2659 5722 Corderio.
