4096 6234
425 296 531 354 669

1615 293 1975 354 EXPOSITIO
2011 294 2076 351 IN
2112 294 2445 351 PSALMOS.

3543 286 3650 345 670

425 412 672 481 Ψαλμῶν
701 412 982 485 δυνάμεως
1007 430 1023 447 ⁸
1060 388 1383 487 προσεκτέον
1415 416 1472 471 δὲ
1499 418 1591 471 καὶ
1618 420 1732 483 τοῖς
1768 418 1991 483 λοιποῖς,

2106 433 2247 481 vero,
2284 419 2349 473 ad
2384 416 2675 488 legentium
2714 424 3060 487 proventum,
3096 426 3149 470 et
3193 421 3390 476 caetera
3418 425 3649 483 perpen-

405 500 505 595 ὀἷς
531 505 624 558 ἐπὶ
654 505 761 559 τῶν
810 506 1119 560 ὑποθέσεων
1156 508 1439 580 κέχρηται,
1462 509 1596 581 πρὸς
1629 510 1726 580 τὴν
1768 510 1875 565 τῶν
1907 512 1992 564 ἐν·

432 597 801 667 τυγχανόντων
832 598 1116 668 ὠφέλειαν.

498 691 642 759 Στίχ.
662 692 1088 758 α⁸.-Δικαιόυς
1118 690 1349 746 ἐνταῦθα
1374 694 1529 746 καλεῖ
1550 692 1673 757 τοὺς
1688 693 1990 756 Ἰουδαίους,

426 779 527 833 οὐκ
550 779 656 833 ἀπὸ
690 781 791 850 τῆς
826 780 919 833 106
950 781 1065 851 βίου
1100 782 1319 853 ἀρετῆς,
1343 782 1456 835 ἀλλ’
1489 782 1597 837 ἀπὸ
1617 783 1714 853 τῆς
1743 783 1836 836 106
1859 782 1991 835 Θεοῦ

427 872 699 941 γνώσεως.
734 874 972 936 Εἰκότως
1005 872 1060 926 δὲ
1090 873 1258 927 εἰπὼν
1295 873 1794 943 τὸ,Ἀγ-αλνιιᾱσθε,
1828 890 1995 943 προσ-

426 964 642 1035 έθηκεν,
663 965 733 1018 ἐγ
754 964 834 1030 τῷ
853 967 1063 1033 Κυρίῳ.
1102 964 1251 1017 Ἐπεὶ
1281 965 1390 1036 γὰρ
1419 968 1476 1018 ὲν
1497 967 1611 1029 τοῖς
1636 965 1996 1036 ἀνθρωπίνοις

425 1055 664 1119 εὐτελεῖς
694 1051 836 1126 ἦσαν
869 1056 964 1109 καὶ
995 1057 1257 1121 ταπεινοὶ,
1286 1058 1380 1109 καὶ
1422 1056 1697 1127 πρόχειροι
1730 1059 1841 1120 τοῖς
1878 1058 1998 1109 Ἀσ-

428 1146 635 1217 συρίοις
679 1149 760 1210 είς
807 1147 1028 1212 ἅλωσιν,
1063 1147 1275 1211 πολλοῖς
1323 1165 1383 1201 τε
1419 1143 1567 1212 οὖσι,
1604 1148 1698 1201 καὶ
1738 1149 1999 1218 ἰσχυροῖς,

430 1236 521 1293 καὶ
553 1235 819 1306 ἐμπειρίᾳ
847 1234 1112 1306 πολεμικῇ
1137 1237 1588 1307 κεκοσμημένοις,
1617 1237 1677 1290 ἐν
1696 1236 1774 1306 τῷ
1805 1237 1995 1307 Κυρίῳ

429 1328 524 1399 τὴν
581 1327 898 1397 ἀγαλλίασιν
956 1326 1136 1381 αὐτῶν
1188 1328 1735 1399 προσευαγγελίζεται
1762 1345 1776 1361 ’
1811 1323 1871 1382 οὗ
1921 1332 1989 1401 τῇ

429 1419 650 1491 βοηθείᾳ
683 1416 997 1490 παραδόξως
1027 1418 1432 1492 ἱτε]τευχήκασι
1456 1421 1554 1491 τῆς
1575 1420 1866 1491 σωτηρίας,
1892 1422 1992 1476 οὐκ

429 1513 486 1570 ὲν
518 1512 740 1583 πολέμῳ
772 1512 864 1566 καὶ
913 1513 1233 1584 παρατάξει,
1285 1512 1421 1566 ἀλλὰ
1451 1513 1585 1584 μόνῃ
1624 1515 1691 1584 τῇ
1734 1513 1827 1566 106
1854 1513 1989 1567 Θεοῦ

432 1602 613 1677 πληγῇ
637 1604 745 1659 τῶν
783 1604 1078 1675 Ἀσσυρίων
1104 1605 1513 1676 ἀναιρεθέντων.

2095 510 2246 573 dere,
2286 510 2487 578 quibus
2517 509 2571 563 iu
2602 508 2941 579 argumentis
2964 523 3100 563 usus
3127 515 3229 562 ρει.

2171 688 2333 743 Vens.
2368 689 2513 741 1.-
2543 684 2725 740 Justos
2760 685 2862 740 hoc
2912 685 3033 739 loco
3084 697 3194 737 non
3233 697 3263 736 a
3308 680 3435 735 vitae
3481 680 3651 734 hone-

2096 787 2256 845 state,
2289 778 2383 834 sed
2416 792 2444 832 a
2470 778 2561 833 Dei
2596 778 2925 849 cognitione,
2959 775 3178 831 Judacos
3209 774 3457 844 appellat.
3488 772 3681 843 ϐίοιο-Δ

2060 876 2216 926 'rum
2272 886 2396 925 cum
2444 869 2695 934 dixisset,
2737 868 3031 933 Exsultate,
3079 866 3273 922 merito
3318 864 3547 926 addidit,
3604 866 3655 918 in

2099 965 2349 1020 Domino.
2382 961 2835 1033 Quandoquidem
2877 961 3022 1018 enim
3072 959 3126 1014 in
3163 958 3417 1012 humanis
3442 957 3577 1010 viles
3606 966 3657 1008 et

2096 1073 2366 1129 pauperes
2394 1067 2570 1122 erant,
2597 1062 2651 1112 et
2673 1055 3021 1126 Assyriorum
3051 1053 3255 1122 rapinze
3278 1048 3532 1120 expositi,
3565 1064 3677 1125 quq

2098 1150 2473 1215 multitudine,
2492 1149 2707 1207 robore
2721 1159 2772 1205 et
2792 1149 2918 1204 belli
2937 1145 3271 1217 experientia
3290 1142 3622 1213 praestabant
3643 1147 3673 1203 ;!

2096 1244 2313 1299 illorum
2363 1242 2418 1296 in
2458 1240 2687 1295 Domino
2719 1240 3137 1295 exsultationem
3181 1234 3466 1305 praedicit:
3499 1231 3659 1300 cujus

2098 1350 2202 1405 ope
2228 1335 2458 1390 salutem
2477 1332 2807 1390 miraculose
2828 1331 3009 1401 adepti
3043 1339 3191 1393 sunt,
3219 1342 3323 1381 non
3357 1324 3518 1389 bello,
3547 1337 3660 1377 non

3667 1095 3683 1125 (ο

3668 1146 3680 1175 ι

2098 1426 2329 1481 militum
2377 1424 2739 1496 expeditione,
2794 1422 2893 1480 sed
2931 1423 3048 1478 sola
3100 1421 3194 1475 Dei
3241 1418 3386 1474 caede
3416 1413 3661 1496 Assyriis

2097 1519 2350 1575 sublatis.

640 1718 706 1774 In
744 1719 918 1774 codice
950 1719 1118 1775 Vatic.
1152 1720 1218 1774 Β.
1248 1720 1290 1789 f.
1315 1721 1436 1774 “2.
1469 1721 1520 1774 b.
1555 1720 1650 1774 hoc
1689 1726 1861 1773 exstat
1897 1718 2158 1773 Theodori
2193 1729 2555 1788 argumentum
2585 1704 2836 1770 iriedilum
2861 1704 3053 1783 psalmi
3085 1700 3305 1763 XXXIV
3337 1706 3437 1778 (Ι).

507 1814 820 1884 Θεοδώρου.
842 1846 914 1855 -
947 1816 1034 1870 Ἑν
1073 1815 1247 1886 τούτῳ
1284 1815 1362 1886 τῷ
1391 1814 1591 1887 ψαλμῷ
1630 1816 1699 1869 τὰ
1734 1815 1876 1869 κατὰ
1908 1814 2000 1867 τὸν

2175 1815 2291 1870 lloe
2316 1813 2369 1867 in
2403 1813 2612 1883 psalmo
2641 1827 2728 1866 res
2759 1811 2953 1865 beatus
2986 1806 3153 1861 David
3183 1803 3286 1859 sub
3314 1798 3548 1856 Jeremia
3576 1809 3660 1867 ge-

444 1906 706 1979 Ἱερεμίαν
733 1907 762 1961 ὁ
787 1908 1053 1978 μακάριος
1091 1908 1421 1977 προφητεύει
1461 1907 1622 1960 Δαϐίδ
1642 1924 1655 1937 ·
1676 1908 1735 1960 τό
1767 1924 1825 1960 τε
1852 1908 1995 1959 ὲκεί-

433 2016 525 2053 νου
550 1998 838 2067 πρόσωπον
865 1996 1042 2051 λαϐὼν
1063 2000 1120 2050 ὲν
1144 2001 1208 2069 τῇ
1242 1998 1545 2069 προφητείᾳ
1572 1997 1744 2053 ταῦτα
1769 1998 1999 2067 φθέγγε-

428 2106 540 2154 ται,
575 2089 719 2161 ἅπερ
764 2090 907 2153 εἰκὸς
940 2085 1007 2161 ἦν
1057 2091 1262 2142 ἐκεῖνον
1292 2091 1464 2143 εἰπεῖν
1503 2091 1561 2143 ὲν
1592 2088 1668 2165 τῷ
1718 2089 2000 2159 πράγματι

428 2177 956 2251 καθεστῶτα,ταύτῃ
993 2180 1221 2250 μάλιστα
1242 2181 1577 2251 κεχρημένος
1603 2182 1660 2232 ὲν
1684 2182 1795 2245 τοῖς
1825 2179 2002 2233 πλείο-

430 2289 518 2325 σιν
546 2274 610 2341 τῇ
647 2271 938 2342 συνηθείᾳ·
972 2272 1143 2341 λέγων
1180 2290 1238 2327 τε
1269 2273 1410 2343 ἆπερ
1437 2271 1663 2335 ἐκείνοις
1690 2272 1863 2326 εἰπεῖν
1906 2271 2004 2342 ἁρ-

431 2366 618 2436 μόττει
648 2362 775 2433 περὶ
798 2354 871 2418 ὧν
904 2363 1194 2431 πεποίηται
1227 2361 1324 2433 τὴν
1364 2361 1728 2432 προφητείαψ
1758 2359 2004 2414 διαλλάτ-

428 2472 514 2508 τει
544 2454 601 2507 δὲ
627 2454 734 2508 οὐδ’
778 2453 807 2506 ὁ
834 2453 1044 2524 ψαλμὺς
1073 2445 1172 2506 ὧδε
1193 2493 1207 2516 ,
1237 2452 1374 2523 πλὴν
1420 2452 1514 2505 106
1564 2451 1854 2521 προσώπου
1894 2448 2005 2503 τῶν

426 2546 679 2620 περὶτοῦ
704 2546 832 2600 λαοῦ
862 2544 953 2601 106
986 2547 1043 2599 ὲν
1076 2544 1372 2601 Βαϐυλῶνι.
1402 2543 1559 2605 Κατὰ
1585 2544 1696 2614 γὰρ
1720 2542 1812 2596 τὸν
1843 2541 2005 2596 αὐτὸν

431 2637 725 2707 γενομένου
748 2637 935 2708 καιρὸν
950 2636 1043 2689 106
1066 2636 1364 2706 προφήτου,
1382 2635 1608 2688 κάκεῖνα
1629 2630 2005 2705 προ[σ]λέγον-

432 2748 527 2795 τος
575 2730 805 2799 ἐγγύθεν
839 2730 1093 2801 ἐσόμενα,
1139 2730 1280 2801 διπερ
1317 2729 1410 2781 καὶ
1441 2727 1490 2781 οἱ
1522 2726 1698 2780 λοιποὶ
1729 2725 2006 2798 πόρρωθεν

434 2824 619 2892 ελεγον
660 2823 933 2895 προφῆται
957 2837 972 2852 ο
1012 2821 1106 2875 καὶ
1137 2820 1223 2874 διὰ
1253 2818 1409 2873 τοῦτο
1461 2819 1672 2873 ἅπαντα
1708 2819 2007 2889 πάσχοντος

436 2916 543 2969 ὑπὸ
562 2916 654 2969 τοῦ
676 2913 828 2980 λαοῦ,
858 2915 958 2968 ὅσα
987 2913 1051 2984 δὴ
1082 2914 1174 2966 καὶ
1204 2911 1486 2977 πέπονθεν,
1516 2910 1593 2982 τῷ
1612 2910 1682 2964 τὰ
1706 2912 1833 2980 περὶ
1859 2908 2005 2963 ὲκεί-

434 3025 543 3063 νων
571 3008 763 3060 εἰπεῖν·
792 3006 975 3076 σαφῶς
1004 3005 1147 3057 ἐστιν
1170 3005 1351 3057 ἐκεῖνα
1383 3005 1576 3067 εἰπεῖν,
1599 3003 1733 3073 πρὸς
1755 3003 1815 3055 τὸ
1841 3002 2008 3069 δεῖξαι

434 3101 518 3153 ἴντι
544 3097 637 3153 καὶ
674 3097 896 3161 δικαίως
926 3097 1181 3167 ἔπασχον,
1216 3094 1336 3148 οὐδὲ
1382 3092 1459 3163 τῷ
1490 3094 1715 3163 πλησίον
1736 3093 1844 3146 τῶν
1888 3110 2009 3146 και-

2100 1915 2214 1963 stas
2245 1905 2491 1977 praidicit
2513 1943 2527 1965 ,
2560 1903 2720 1972 cujus
2761 1908 3041 1969 assumpta
3088 1911 3355 1968 persona,
3388 1907 3451 1948 ea
3484 1887 3661 1959 loqui-

2098 2008 2189 2057 tur
2242 2013 2364 2068 qua:
2406 1996 2611 2052 homini
2651 1993 2982 2049 conveniunt
3021 1991 3077 2045 in
3121 1989 3308 2044 eadem
3351 1982 3664 2040 conditione

2100 2099 2356 2156 versato;
2413 2099 2572 2159 prout
2616 2088 2790 2158 ipsius
2833 2084 3092 2142 solemnis
3137 2077 3479 2137 consuetudo
3537 2083 3664 2137 est.

2100 2182 2317 2238 dicendi
2351 2182 2606 2236 nimirum
2638 2180 2731 2233 illa
2759 2193 2880 2249 quae
2905 2177 2973 2233 iis
2998 2172 3329 2230 conveniunt
3372 2168 3440 2224 de
3464 2166 3666 2237 quibus

2101 2274 2450 2331 vaticinatur.
2482 2272 2599 2327 Jam
2630 2272 2719 2326 hic
2753 2270 3029 2341 psalmus,
3061 2273 3267 2321 mutata
3298 2271 3506 2317 tantum
3539 2270 3663 2328 per-

2103 2384 2259 2434 sona,
2291 2367 2471 2423 differt
2504 2366 2571 2420 ab
2605 2365 2712 2419 illis
2744 2363 2837 2434 qui
2877 2361 2945 2417 de
2986 2358 3216 2430 captivis
3256 2355 3399 2426 apud
3437 2352 3666 2422 Babylo-

2103 2476 2227 2518 nem
2275 2458 2509 2515 detentis
2550 2464 2787 2512 exstant.
2848 2452 2974 2507 Fuit
3015 2451 3162 2506 enim
3208 2446 3470 2503 Jeremias
3514 2444 3662 2498 circa

2106 2551 2239 2608 illud
2282 2560 2493 2619 tempus
2530 2546 2811 2619 propheta,
2845 2543 3140 2613 eademque
3181 2537 3463 2610 proximus
3515 2532 3667 2599 dicit,

2103 2659 2226 2716 qua:
2252 2644 2343 2698 alii
2374 2642 2545 2697 multo
2574 2650 2702 2696 ante
2731 2638 3044 2695 cecinerant
3069 2651 3085 2702 ;
3128 2632 3359 2701 ideoque
3385 2643 3417 2683 a
3465 2625 3668 2697 populo

2104 2749 2226 2805 qum
2259 2742 2386 2789 sunt
2417 2731 2707 2788 notissima
2734 2744 2930 2800 passus
2953 2732 3077 2787 est,
3105 2722 3233 2793 quia
3264 2720 3331 2775 de
3357 2716 3545 2772 eodem
3577 2727 3671 2767 va-

2107 2825 2363 2879 ticinatus
2394 2821 2589 2878 fuerat.
2629 2819 2772 2874 Sane
2801 2815 3090 2872 manifeste
3135 2810 3250 2867 vult
3299 2807 3673 2862 demonstrare

2104 2916 2221 2971 huic
2253 2915 2374 2969 illos
2407 2914 2598 2968 merito
2627 2925 2819 2982 passos
2840 2947 2854 2973 ,
2886 2907 3014 2978 quia
3044 2920 3112 2960 ne
3160 2901 3407 2974 proximo
3454 2895 3672 2966 quidem

2108 3006 2445 3077 temporibus
2505 3004 2747 3075 ipsorum
2798 3000 3073 3071 propheta:
3121 2993 3493 3053 crediderant,
3546 3000 3672 3041 cum

2106 3114 2290 3154 rerum
2340 3099 2552 3154 instans
2599 3103 2827 3151 eventus
2852 3087 3189 3162 praedictioni
3227 3084 3382 3139 ﬁdem
3420 3078 3673 3134 faciebat.

439 3192 549 3269 ρῶν
580 3193 833 3264 προφήτῃ
872 3189 1205 3259 πειθόμενοι,
1236 3190 1322 3242 ὅτε
1352 3189 1500 3258 καὶὴ
1528 3187 1750 3250 ἔκϐασις
1779 3186 2007 3256 ἐγγύθεν

2114 3190 2267 3245 Haud
2302 3198 2481 3243 tamen
2514 3188 2581 3242 de
2624 3187 2786 3259 beato
2816 3183 2933 3239 solo
2962 3179 3193 3236 Ieremia
3226 3174 3553 3229 vaticinatur
3586 3167 3677 3221 hic

433 3285 720 3340 ὲπιστοῦτο
765 3285 864 3353 τὴν
902 3282 1205 3354 πρόρρησιν
1255 3280 1363 3334 τῶν
1402 3278 1730 3349 λεγομένων.
1774 3280 2016 3333 Ποιεῖται

2112 3282 2304 3336 beatus
2340 3280 2542 3344 David,
2578 3278 2672 3334 sed
2709 3283 2869 3347 prout
2904 3274 2959 3327 in
2993 3271 3264 3341 plerisque
3302 3261 3528 3334 psalmis
3584 3274 3676 3314 so-

435 3378 496 3433 δὲ
524 3377 622 3449 τὴν
674 3377 805 3447 περὶ
860 3374 954 3429 τοῦ
993 3372 1260 3445 μακαρίου
1314 3373 1581 3445 Ἱερεμίου
1631 3371 2007 3443 προφητείανέ

2120 3372 2213 3439 let,
2248 3371 2459 3427 futuros
2493 3369 2814 3441 populorum
2846 3372 3074 3421 eventus
3105 3359 3268 3416 simul
3307 3354 3477 3411 addit.

440 3441 709 3541 μακάριος
750 3441 916 3522 λαόὶδ
964 3441 1063 3539 ούχ
1094 3441 1297 3531 ἁπλῶς,
1328 3441 1653 3533 ἁλλ’ήὲπειδὴ
1677 3441 1752 3517 *δι’
1776 3463 1898 3516 ὅλου
1944 3463 2001 3517 ὲν
2038 3464 2151 3526 τοῖς
2181 3462 2389 3516 πλείοσι
2418 3461 2525 3515 τῶν
2553 3458 2780 3530 ψαλμῶν
2804 3455 2871 3509 τὰ
2934 3454 3046 3516 τοῖς
3083 3450 3231 3512 λαοῖς
3293 3441 3679 3517 συμϐησόμενα

442 3563 896 3636 προίσ]αγορεύει.

996 3654 1284 3709 ΨΑΛΜΟΣ
1323 3654 1447 3707 ΔΘ’.

511 3752 618 3818 Καὶ
644 3751 702 3815 ἐν
732 3750 906 3825 τούτῳ
942 3744 1274 3819 προφητεύει
1314 3745 1384 3798 τὰ
1428 3742 1569 3798 κατὰ
1610 3741 1700 3797 τὸν
1740 3740 1865 3794 λαὸν
1902 3741 2010 3794 ὠσα-

436 3842 557 3896 ανεὶ
577 3839 1078 3912 αἰχμαλωτισθέντα
1096 3837 1201 3891 ὑπὸ
1228 3836 1322 3890 106
1348 3832 1688 3889 Βαϐυλωνίου
1714 3831 1974 3902 βασιλέως
1990 3845 2008 3863 ⁶

437 3935 533 3988 καὶ
562 3935 627 3986 ἐκ
657 3930 752 3986 τοῦ
798 3926 1019 3985 ἐκείνων
1045 3928 1333 3997 προσώπου
1365 3927 1655 3998 φθέγγεται
1680 3922 2013 3995 εὐχαριστῶν

436 4024 518 4095 τῷ
547 4024 687 4095 Θεῷ,
721 4023 796 4087 ώς
828 4024 1124 4095 μελλόντων
1179 4022 1358 4077 αὐτῶν
1404 4016 1888 4088 ἀπαλλαγήσεσθαι
1916 4016 2015 4086 τῆς

438 4117 840 4189 αἰχμαλωσίας·
870 4116 1153 4178 διδάσκων,
1188 4114 1263 4176 ὡς
1295 4112 1390 4165 ἐὰν
1433 4112 1491 4164 ὲν
1538 4112 1659 4173 ταῖς
1710 4108 2014 4177 συμφοραῖς

439 4209 532 4262 ἐπὶ
562 4207 655 4261 τὸν
680 4206 812 4260 Θεὸν
853 4204 1050 4258 θῶνται
1087 4204 1186 4273 τὴν
1225 4201 1433 4265 ἐλπίδα,
1464 4200 1781 4271 δυνήσονται
1814 4197 2015 4269 ῥυσθῆ-

440 4319 527 4356 ναι
553 4299 662 4358 τῶν
688 4298 1020 4368 κατεχόντων
1047 4294 1243 4359 αὐτοὺς
1276 4290 1542 4361 ἀνιαρῶνο
1572 4291 1761 4347 ἔπειτα
1788 4292 1882 4343 καὶ
1913 4305 2017 4359 μοι·

440 4393 653 4465 καρίς.;;
676 4392 797 4453 τοὺς
827 4391 885 4441 ἐν
911 4390 1029 4450 ταῖς
1062 4386 1366 4456 συμφοραῖς
1391 4382 1772 4448 ἐξετασθέντας
1795 4423 1809 4444 ,
1834 4382 2015 4449 πάσης

436 4486 483 4540 δ’
509 4485 663 4547 ἐκτὸς
693 4480 981 4552 γεγονότας
1018 4478 1251 4530 ἑκτόπου
1297 4475 1566 4546 πράξεως,
1597 4474 1691 4527 καὶ
1747 4471 1839 4525 τοῦ
1878 4469 2011 4525 Θεοῦ
2048 4507 2089 4561 D

445 4576 797 4650 ἠρτημένους,
844 4572 1030 4641 ὥσπερ
1076 4569 1239 4623 αὐτοῦ
1291 4566 1645 4636 τευξομένους
1691 4564 1851 4635 μόνου
1885 4563 2011 4633 βοη.

442 4656 591 4743 θείας
620 4670 720 4741 (2).

1018 4753 1308 4807 ΨΑΛΜΟΣ
1344 4751 1435 4804 M'.

526 4853 613 4909 Ἐν
671 4851 844 4919 τούτῳ
900 4849 967 4902 τὰ
1025 4846 1164 4900 κατὰ
1216 4845 1305 4896 τὸν
1361 4840 1629 4912 μακάριον
1685 4835 2016 4908 προφητεύει

457 4944 698 5014 Ἐζεχίαν
726 4944 755 4994 ὁ
785 4942 1045 5012 μακάριος
1073 4936 1253 4999 Δαεὶδ,
1281 4936 1427 4997 ὃπως
1454 4950 1510 4986 τε
1543 4933 1635 4986 καὶ
1660 4932 1803 4994 τίνος
1835 4931 2015 4983 ἕνεκεν

446 5035 819 5108 ἠρρώστησεν,
865 5031 1007 5099 λέγω
1053 5031 1117 5101 δὴ
1163 5028 1264 5098 τῆς
1314 5025 1617 5097 ἁμαρτίαςο
1649 5024 1744 5077 καὶ
1768 5022 1819 5074 τί
1852 5023 1908 5072 ὲν
1938 5018 2015 5089 τῷ

446 5126 621 5199 καιρῷ
641 5127 737 5197 τῆς
773 5122 1081 5200 ἀρρωστίας
1113 5121 1214 5173 ὑπὸ
1253 5120 1362 5172 τῶν
1394 5118 1561 5186 φίλων
1590 5114 1735 5184 αὺτῷ
1759 5114 1979 5182 γέγονεν
2000 5127 2013 5140 ⁵

447 5221 635 5273 ἔπειτα
677 5218 913 5271 διδάσκει
958 5213 1032 5277 ὡς
1081 5212 1168 5267 διὰ
1209 5212 1307 5281 τὴν
1351 5212 1431 5272 εἰς
1473 5210 1598 5271 τοὺς
1629 5206 1863 5276 πένητας
1894 5205 2017 5256 ὲπμ

451 5309 703 5379 μέλειαν,
742 5306 839 5377 τῆς
884 5306 1068 5373 ὑγείας
1103 5304 1322 5374 ἔτυχεν*
1362 5302 1566 5363 πάντας
1612 5297 1737 5367 ἑξῆς
1789 5312 2021 5367 προτρε-

450 5404 681 5457 πόμενοι·
706 5402 877 5454 ποιεῖν
907 5397 1005 5468 (5).

519 5603 597 5674 (1)
630 5603 756 5674 MAI,
795 5600 931 5674 gibt.
959 5618 1078 5674 Vnov.
1112 5599 1257 5674 ΑΡΡη
1289 5597 1372 5661 Ill,
1405 5598 1528 5674 455.

522 5672 597 5742 (2)
626 5673 736 5727 Hoc
785 5672 1055 5727 Theodori
1106 5672 1464 5742 fragmentum

436 5735 631 5814 θείας)
688 5744 877 5799 edidit.
926 5746 1059 5808 Aug.
1100 5735 1216 5796 Mui-
1254 5743 1306 5795 in
1340 5739 1479 5794 Bibl.
1519 5735 1669 5791 Nova
1712 5735 1848 5801 I’P.,

1547 5666 1640 5719 καὶ
1684 5666 1831 5716 ἐν....
1884 5663 1980 5733 βοη

1917 5682 2011 5716 on-

1919 5735 1983 5792 ιιι
1992 5771 2006 5801 ,

2600 3633 2924 3692 PSALMUS
2944 3628 3190 3686 XXXIX.

2184 3734 2299 3789 lioc
2331 3734 2387 3787 in
2427 3731 2641 3803 psalmo
2678 3728 3009 3783 vaticinatur
3034 3722 3203 3776 David
3230 3719 3297 3775 de
3328 3718 3529 3787 populo
3554 3725 3679 3770 tan-

2117 3839 2283 3896 quam
2328 3822 2444 3892 jam
2481 3822 2538 3875 in
2565 3824 2891 3890 potestatem
2931 3811 3216 3884 Babylonii
3251 3809 3397 3881 regis
3428 3808 3677 3872 redacto,

2116 3926 2282 3987 atque
2310 3915 2367 3969 in
2408 3912 2529 3983 ejus
2560 3922 2795 3980 persona
2828 3906 3099 3977 loquitur,
3129 3902 3241 3957 Deo
3282 3902 3490 3973 gratias
3513 3914 3681 3971 agens

2118 4010 2190 4065 ob
2214 4007 2456 4063 futuram
2497 4002 2745 4074 ejusdem
2779 3999 2963 4072 p0puli
2993 4013 3024 4052 a
3049 3995 3361 4066 captivitate
3395 3992 3679 4047 liberatio—

2118 4117 2280 4167 nem;
2324 4100 2529 4155 docens
2576 4095 2839 4151 nimirum
2882 4092 2999 4148 ﬁeri
3046 4104 3209 4160 posse
3247 4095 3305 4142 ut
3337 4086 3383 4140 si
3414 4083 3595 4138 alilicti
3626 4083 3679 4136 in

2120 4193 2231 4248 Deo
2260 4207 2411 4262 spem
2457 4190 2729 4245 collocent
2758 4225 2774 4250 ,
2803 4180 3254 4238 inemnbentibus
3283 4178 3387 4235 sibi
3416 4173 3681 4229 molestiis

2119 4283 2504 4355 expediantur.
2538 4280 2741 4334 Deinde
2768 4278 2934 4333 etiant
2967 4276 3158 4330 beatos
3191 4271 3491 4343 praedicat,
3545 4280 3677 4335 pro-

2120 4387 2306 4450 pterea
2336 4376 2481 4445 quod
2512 4370 2920 4428 calamitatibus
2968 4366 3216 4436 probati,
3251 4361 3425 4416 cuivis
3455 4358 3681 4427 indigno

2120 4470 2268 4527 actui
2300 4467 2661 4524 valedixerint
2709 4467 2925 4534 Deoque
2976 4458 3338 4521 adhmscriut,
3372 4470 3400 4508 a
3430 4470 3540 4524 qun
3572 4465 3682 4507 uno

2119 4562 2388 4620 auxilium
2414 4570 2573 4615 erant
2601 4554 2977 4613 consecuturi.

2668 4729 2991 4788 PSALMUS
3022 4728 3131 4783 XL.

2193 4833 2307 4887 Hoc
2343 4831 2397 4885 in
2449 4829 2662 4901 psalmo
2699 4842 2787 4881 res
2836 4824 2978 4878 beati
3028 4821 3274 4877 Ezechim
3301 4818 3491 4873 beatus
3517 4811 3679 4866 David

2119 4926 2453 4981 vaticinatur
2477 4962 2491 4985 ,
2532 4916 2805 4989 quomodo
2839 4915 3051 4970 scilicet
3090 4923 3144 4969 et
3177 4913 3338 4980 cujus
3386 4909 3459 4963 rei
3494 4919 3681 4971 causa,

2118 5032 2317 5086 nempe
2349 5013 2581 5085 peccati,
2614 5012 2703 5064 ille
2741 5008 3125 5078 aagrotaverit;
3160 5003 3400 5073 quidque
3429 5000 3476 5053 ei
3504 5012 3679 5067 ωδε-ο·-

2118 5108 2255 5163 tanti
2303 5107 2370 5160 ab
2399 5103 2589 5159 amicis
2632 5099 2912 5154 acciderit.
2971 5094 3175 5149 Deinde
3203 5092 3362 5145 docet
3408 5086 3681 5157 quomodo

2121 5205 2343 5270 propter
2391 5209 2548 5249 suam
2596 5205 2897 5262 pauperum
2952 5200 3139 5241 curam
3185 5181 3557 5236 valetudinem
3598 5196 3674 5234 re-

2122 5290 2352 5361 ceperit,
2385 5294 2615 5342 cunctos
2644 5284 2905 5353 deinceps
2949 5280 3176 5333 hortans
3211 5282 3268 5330 ut
3297 5276 3372 5330 ita
3402 5291 3459 5332 se
3494 5287 3681 5345 gerere

2128 5380 2317 5437 velint.

2120 5588 2249 5647 290,
2280 5604 2347 5641 ex
2386 5586 2507 5641 cod.
2542 5582 2720 5638 Vatic.
2753 5580 2835 5644 B.,
2880 5581 2919 5635 Τ.
2949 5581 3049 5635 145
3082 5578 3138 5633 Β.

2192 5645 2270 5728 (3)
2311 5660 2411 5711 Ἑν
2438 5656 2686 5717 τούτῳ...
2721 5652 2932 5728 ποιεῖν..
3078 5648 3344 5728 Angllllai
3380 5645 3513 5703 Bibl.
3547 5645 3684 5704 Λόῖι.

2118 5721 2358 5796 1¹Ρ.ἸΙ[,
2394 5728 2519 5791 297,
2551 5741 2614 5779 ex
2642 5723 2762 5779 cod.
2801 5722 2977 5778 Vatic.
3016 5722 3100 5789 Β.,
3128 5724 3168 5778 ι’.
3197 5721 3313 5776 297.
