  <div class='ocr_page' id='page_1' title='image "/cluster/home/n/w/nwhite01/storage/ocr_20150623/66/hvd.32044020884102/345.png"; bbox 0 0 4096 6234; ppageno 0'>
   <div class='ocr_carea' id='block_1_1' title="bbox 423 255 521 311">
    <p class='ocr_par' dir='ltr' id='par_1_1' title="bbox 423 255 521 311">
     <span class='ocr_line' id='line_1_1' title="bbox 423 255 521 311; baseline -0.01 -1"><span class='ocrx_word' id='word_1_1' title='bbox 423 255 521 311; x_wconf 81' lang='grc'><strong>671</strong></span> 
     </span>
    </p>
   </div>
   <div class='ocr_carea' id='block_1_2' title="bbox 1574 255 2455 317">
    <p class='ocr_par' dir='ltr' id='par_1_2' title="bbox 1574 255 2455 317">
     <span class='ocr_line' id='line_1_2' title="bbox 1574 255 2455 317; baseline 0.009 -7"><span class='ocrx_word' id='word_1_2' title='bbox 1574 255 1930 312; x_wconf 71' lang='lat' dir='ltr'><strong>THEODORI</strong></span> <span class='ocrx_word' id='word_1_3' title='bbox 1967 256 2455 317; x_wconf 73' lang='lat' dir='ltr'><strong>MOPSUESTENI</strong></span> 
     </span>
    </p>
   </div>
   <div class='ocr_carea' id='block_1_3' title="bbox 3559 277 3664 333">
    <p class='ocr_par' dir='ltr' id='par_1_3' title="bbox 3559 277 3664 333">
     <span class='ocr_line' id='line_1_3' title="bbox 3559 277 3664 333; baseline -0.01 0"><span class='ocrx_word' id='word_1_4' title='bbox 3559 277 3664 333; x_wconf 71' lang='lat'><strong>672</strong></span> 
     </span>
    </p>
   </div>
   <div class='ocr_carea' id='block_1_4' title="bbox 1777 368 2317 436">
    <p class='ocr_par' dir='ltr' id='par_1_4' title="bbox 1777 368 2317 436">
     <span class='ocr_line' id='line_1_4' title="bbox 1777 368 2317 436; baseline 0.013 -7"><span class='ocrx_word' id='word_1_5' title='bbox 1777 368 2105 433; x_wconf 47' lang='lat' dir='ltr'><strong>PSALMUS</strong></span> <span class='ocrx_word' id='word_1_6' title='bbox 2135 377 2317 436; x_wconf 79' lang='lat' dir='ltr'><strong>XLIV.</strong></span> 
     </span>
    </p>
   </div>
   <div class='ocr_carea' id='block_1_5' title="bbox 494 464 3662 547">
    <p class='ocr_par' dir='ltr' id='par_1_5' title="bbox 494 464 3662 547">
     <span class='ocr_line' id='line_1_5' title="bbox 494 464 3662 547; baseline 0.008 -26"><span class='ocrx_word' id='word_1_7' title='bbox 494 464 662 524; x_wconf 81' lang='lat' dir='ltr'><strong>Vens.</strong></span> <span class='ocrx_word' id='word_1_8' title='bbox 694 470 744 525; x_wconf 87' lang='lat' dir='ltr'><strong>l.</strong></span> <span class='ocrx_word' id='word_1_9' title='bbox 773 501 843 512; x_wconf 96' lang='lat'><strong>—</strong></span> <span class='ocrx_word' id='word_1_10' title='bbox 871 471 1014 541; x_wconf 86' lang='lat' dir='ltr'><strong>Quid</strong></span> <span class='ocrx_word' id='word_1_11' title='bbox 1058 471 1241 544; x_wconf 79' lang='lat' dir='ltr'><strong>itaque</strong></span> <span class='ocrx_word' id='word_1_12' title='bbox 1274 470 1349 544; x_wconf 83' lang='grc'><strong>(1)</strong></span> <span class='ocrx_word' id='word_1_13' title='bbox 1387 469 1697 525; x_wconf 77' lang='lat' dir='ltr'><strong>invenietur</strong></span> <span class='ocrx_word' id='word_1_14' title='bbox 1746 470 1931 540; x_wconf 84' lang='lat' dir='ltr'><strong>majus</strong></span> <span class='ocrx_word' id='word_1_15' title='bbox 1959 470 2045 526; x_wconf 86' lang='lat' dir='ltr'><strong>his</strong></span> <span class='ocrx_word' id='word_1_16' title='bbox 2074 488 2196 542; x_wconf 68' lang='lat' dir='ltr'><strong>qua:</strong></span> <span class='ocrx_word' id='word_1_17' title='bbox 2226 489 2255 527; x_wconf 93' lang='lat' dir='ltr'><strong>a</strong></span> <span class='ocrx_word' id='word_1_18' title='bbox 2286 475 2508 534; x_wconf 87' lang='lat' dir='ltr'><strong>Christo</strong></span> <span class='ocrx_word' id='word_1_19' title='bbox 2540 477 2680 534; x_wconf 76' lang='lat' dir='ltr'><strong>facta</strong></span> <span class='ocrx_word' id='word_1_20' title='bbox 2716 490 2845 538; x_wconf 82' lang='lat' dir='ltr'><strong>sunt</strong></span> <span class='ocrx_word' id='word_1_21' title='bbox 2876 481 2928 536; x_wconf 93' lang='lat' dir='ltr'><strong>in</strong></span> <span class='ocrx_word' id='word_1_22' title='bbox 2966 493 3111 539; x_wconf 84' lang='lat' dir='ltr'><strong>tanta</strong></span> <span class='ocrx_word' id='word_1_23' title='bbox 3143 488 3329 542; x_wconf 85' lang='lat' dir='ltr'><strong>mundi</strong></span> <span class='ocrx_word' id='word_1_24' title='bbox 3360 503 3662 547; x_wconf 60' lang='lat' dir='ltr'><strong>commata-</strong></span> 
     </span>
    </p>
   </div>
   <div class='ocr_carea' id='block_1_6' title="bbox 427 558 3686 644">
    <p class='ocr_par' dir='ltr' id='par_1_6' title="bbox 427 558 3686 644">
     <span class='ocr_line' id='line_1_6' title="bbox 427 558 3686 644; baseline 0.007 -27"><span class='ocrx_word' id='word_1_25' title='bbox 427 562 573 617; x_wconf 88' lang='lat' dir='ltr'><strong>tione</strong></span> <span class='ocrx_word' id='word_1_26' title='bbox 605 564 861 621; x_wconf 89' lang='lat' dir='ltr'><strong>omnibus</strong></span> <span class='ocrx_word' id='word_1_27' title='bbox 899 565 1342 635; x_wconf 80' lang='lat' dir='ltr'><strong>agnoscentibus,</strong></span> <span class='ocrx_word' id='word_1_28' title='bbox 1387 561 1555 617; x_wconf 90' lang='lat' dir='ltr'><strong>Deum</strong></span> <span class='ocrx_word' id='word_1_29' title='bbox 1584 558 1975 617; x_wconf 88' lang='lat' dir='ltr'><strong>universorum</strong></span> <span class='ocrx_word' id='word_1_30' title='bbox 2009 569 2065 618; x_wconf 90' lang='lat' dir='ltr'><strong>et</strong></span> <span class='ocrx_word' id='word_1_31' title='bbox 2097 565 2313 633; x_wconf 87' lang='lat' dir='ltr'><strong>pietatis</strong></span> <span class='ocrx_word' id='word_1_32' title='bbox 2348 578 2510 636; x_wconf 87' lang='lat' dir='ltr'><strong>atque</strong></span> <span class='ocrx_word' id='word_1_33' title='bbox 2540 574 2759 628; x_wconf 86' lang='lat' dir='ltr'><strong>virtutis</strong></span> <span class='ocrx_word' id='word_1_34' title='bbox 2800 574 3138 644; x_wconf 83' lang='lat' dir='ltr'><strong>diligentiam</strong></span> <span class='ocrx_word' id='word_1_35' title='bbox 3171 578 3369 636; x_wconf 87' lang='lat' dir='ltr'><strong>habere</strong></span> <span class='ocrx_word' id='word_1_36' title='bbox 3398 580 3686 640; x_wconf 59' lang='grc' dir='ltr'><strong>[θειώδη-⁸</strong></span> 
     </span>
    </p>
   </div>
   <div class='ocr_carea' id='block_1_7' title="bbox 427 648 3661 739">
    <p class='ocr_par' dir='ltr' id='par_1_7' title="bbox 427 648 3661 739">
     <span class='ocr_line' id='line_1_7' title="bbox 427 648 3661 739; baseline 0.009 -34"><span class='ocrx_word' id='word_1_37' title='bbox 427 653 581 720; x_wconf 90' lang='lat' dir='ltr'><strong>tium,</strong></span> <span class='ocrx_word' id='word_1_38' title='bbox 609 662 664 708; x_wconf 91' lang='lat' dir='ltr'><strong>et</strong></span> <span class='ocrx_word' id='word_1_39' title='bbox 693 652 1115 724; x_wconf 77' lang='lat' dir='ltr'><strong>glorificantium</strong></span> <span class='ocrx_word' id='word_1_40' title='bbox 1156 652 1376 723; x_wconf 85' lang='lat' dir='ltr'><strong>quidem</strong></span> <span class='ocrx_word' id='word_1_41' title='bbox 1406 649 1501 705; x_wconf 87' lang='lat' dir='ltr'><strong>Dei</strong></span> <span class='ocrx_word' id='word_1_42' title='bbox 1535 648 1916 721; x_wconf 80' lang='lat' dir='ltr'><strong>Unigenitum,</strong></span> <span class='ocrx_word' id='word_1_43' title='bbox 1944 649 2317 710; x_wconf 80' lang='lat' dir='ltr'><strong>exbibentium</strong></span> <span class='ocrx_word' id='word_1_44' title='bbox 2342 674 2472 715; x_wconf 87' lang='lat' dir='ltr'><strong>vero</strong></span> <span class='ocrx_word' id='word_1_45' title='bbox 2511 671 2702 717; x_wconf 92' lang='lat' dir='ltr'><strong>sancto</strong></span> <span class='ocrx_word' id='word_1_46' title='bbox 2750 650 2977 733; x_wconf 89' lang='lat' dir='ltr'><strong>Spiritui</strong></span> <span class='ocrx_word' id='word_1_47' title='bbox 3028 666 3351 739; x_wconf 72' lang='lat' dir='ltr'><strong>condignam</strong></span> <span class='ocrx_word' id='word_1_48' title='bbox 3382 672 3661 734; x_wconf 83' lang='lat' dir='ltr'><strong>adoratio-</strong></span> 
     </span>
    </p>
   </div>
   <div class='ocr_carea' id='block_1_8' title="bbox 430 739 2963 827">
    <p class='ocr_par' dir='ltr' id='par_1_8' title="bbox 430 739 2963 827">
     <span class='ocr_line' id='line_1_8' title="bbox 430 739 2963 827; baseline 0.004 -26"><span class='ocrx_word' id='word_1_49' title='bbox 430 762 551 802; x_wconf 89' lang='lat' dir='ltr'><strong>nem</strong></span> <span class='ocrx_word' id='word_1_50' title='bbox 581 765 595 799; x_wconf 88' lang='lat'><strong>:</strong></span> <span class='ocrx_word' id='word_1_51' title='bbox 628 760 725 817; x_wconf 89' lang='lat' dir='ltr'><strong>pro</strong></span> <span class='ocrx_word' id='word_1_52' title='bbox 747 747 944 818; x_wconf 85' lang='lat' dir='ltr'><strong>quibus</strong></span> <span class='ocrx_word' id='word_1_53' title='bbox 974 745 1030 799; x_wconf 84' lang='grc' dir='ltr'><strong>Β.</strong></span> <span class='ocrx_word' id='word_1_54' title='bbox 1064 743 1232 800; x_wconf 83' lang='lat' dir='ltr'><strong>David</strong></span> <span class='ocrx_word' id='word_1_55' title='bbox 1262 743 1376 798; x_wconf 86' lang='lat' dir='ltr'><strong>ait:</strong></span> <span class='ocrx_word' id='word_1_56' title='bbox 1410 739 1686 797; x_wconf 76' lang='lat' dir='ltr'><strong>Eructavit</strong></span> <span class='ocrx_word' id='word_1_57' title='bbox 1714 758 1804 796; x_wconf 87' lang='lat' dir='ltr'><strong>cor</strong></span> <span class='ocrx_word' id='word_1_58' title='bbox 1833 756 2010 795; x_wconf 80' lang='lat' dir='ltr'><strong>meum</strong></span> <span class='ocrx_word' id='word_1_59' title='bbox 2037 744 2248 801; x_wconf 80' lang='lat' dir='ltr'><strong>verbum</strong></span> <span class='ocrx_word' id='word_1_60' title='bbox 2272 748 2463 806; x_wconf 84' lang='lat' dir='ltr'><strong>bonum</strong></span> <span class='ocrx_word' id='word_1_61' title='bbox 2496 753 2671 810; x_wconf 81' lang='lat' dir='ltr'><strong>(Psal.</strong></span> <span class='ocrx_word' id='word_1_62' title='bbox 2705 772 2852 820; x_wconf 79' lang='lat' dir='ltr'><strong>xLIv,</strong></span> <span class='ocrx_word' id='word_1_63' title='bbox 2882 758 2963 827; x_wconf 36' lang='lat' dir='ltr'><strong>&#39;l).</strong></span> 
     </span>
    </p>
   </div>
   <div class='ocr_carea' id='block_1_9' title="bbox 939 879 1474 939">
    <p class='ocr_par' dir='ltr' id='par_1_9' title="bbox 939 879 1474 939">
     <span class='ocr_line' id='line_1_9' title="bbox 939 879 1474 939; baseline 0.004 -2"><span class='ocrx_word' id='word_1_64' title='bbox 939 879 1258 937; x_wconf 79' lang='lat' dir='ltr'><strong>PSALMUS</strong></span> <span class='ocrx_word' id='word_1_65' title='bbox 1287 879 1474 939; x_wconf 78' lang='lat' dir='ltr'><strong>XLIX.</strong></span> 
     </span>
    </p>
   </div>
   <div class='ocr_carea' id='block_1_10' title="bbox 497 962 1993 1045">
    <p class='ocr_par' dir='ltr' id='par_1_10' title="bbox 497 962 1993 1045">
     <span class='ocr_line' id='line_1_10' title="bbox 497 962 1993 1045; baseline -0.003 -13"><span class='ocrx_word' id='word_1_66' title='bbox 497 977 664 1032; x_wconf 78' lang='lat' dir='ltr'><strong>Vens.</strong></span> <span class='ocrx_word' id='word_1_67' title='bbox 689 976 741 1032; x_wconf 77' lang='grc'><strong>1.</strong></span> <span class='ocrx_word' id='word_1_68' title='bbox 757 1005 827 1017; x_wconf 91' lang='grc'><strong><em>-</em></strong></span> <span class='ocrx_word' id='word_1_69' title='bbox 846 962 1034 1031; x_wconf 55' lang='lat' dir='ltr'><strong>Etiam’</strong></span> <span class='ocrx_word' id='word_1_70' title='bbox 1044 973 1133 1030; x_wconf 88' lang='lat' dir='ltr'><strong>hic</strong></span> <span class='ocrx_word' id='word_1_71' title='bbox 1157 975 1398 1045; x_wconf 81' lang='lat' dir='ltr'><strong>psalmus</strong></span> <span class='ocrx_word' id='word_1_72' title='bbox 1417 973 1644 1030; x_wconf 88' lang='lat' dir='ltr'><strong>moralis</strong></span> <span class='ocrx_word' id='word_1_73' title='bbox 1665 981 1773 1038; x_wconf 90' lang='lat' dir='ltr'><strong>est,</strong></span> <span class='ocrx_word' id='word_1_74' title='bbox 1797 986 1993 1029; x_wconf 89' lang='lat' dir='ltr'><strong>verum</strong></span> 
     </span>
    </p>
   </div>
   <div class='ocr_carea' id='block_1_11' title="bbox 426 1065 1995 1138">
    <p class='ocr_par' dir='ltr' id='par_1_11' title="bbox 426 1065 1995 1138">
     <span class='ocr_line' id='line_1_11' title="bbox 426 1065 1995 1138; baseline -0.004 -12"><span class='ocrx_word' id='word_1_75' title='bbox 426 1086 538 1126; x_wconf 88' lang='lat' dir='ltr'><strong>non</strong></span> <span class='ocrx_word' id='word_1_76' title='bbox 586 1070 654 1123; x_wconf 89' lang='lat' dir='ltr'><strong>ad</strong></span> <span class='ocrx_word' id='word_1_77' title='bbox 684 1083 873 1124; x_wconf 85' lang='lat' dir='ltr'><strong>omnes</strong></span> <span class='ocrx_word' id='word_1_78' title='bbox 916 1066 1167 1123; x_wconf 84' lang='lat' dir='ltr'><strong>homines</strong></span> <span class='ocrx_word' id='word_1_79' title='bbox 1210 1066 1485 1138; x_wconf 73' lang='lat' dir='ltr'><strong>dirigitur,</strong></span> <span class='ocrx_word' id='word_1_80' title='bbox 1536 1067 1633 1124; x_wconf 90' lang='lat' dir='ltr'><strong>sed</strong></span> <span class='ocrx_word' id='word_1_81' title='bbox 1676 1073 1895 1121; x_wconf 86' lang='lat' dir='ltr'><strong>tantum</strong></span> <span class='ocrx_word' id='word_1_82' title='bbox 1924 1065 1995 1121; x_wconf 90' lang='lat' dir='ltr'><strong>ad</strong></span> 
     </span>
    </p>
   </div>
   <div class='ocr_carea' id='block_1_12' title="bbox 425 1158 1995 1232">
    <p class='ocr_par' dir='ltr' id='par_1_12' title="bbox 425 1158 1995 1232">
     <span class='ocr_line' id='line_1_12' title="bbox 425 1158 1995 1232; baseline -0.004 -14"><span class='ocrx_word' id='word_1_83' title='bbox 425 1160 666 1226; x_wconf 69' lang='lat' dir='ltr'><strong>Iudaeos,</strong></span> <span class='ocrx_word' id='word_1_84' title='bbox 701 1169 889 1232; x_wconf 82' lang='lat' dir='ltr'><strong>utpote</strong></span> <span class='ocrx_word' id='word_1_85' title='bbox 917 1159 1138 1215; x_wconf 90' lang='lat' dir='ltr'><strong>virtutis</strong></span> <span class='ocrx_word' id='word_1_86' title='bbox 1182 1167 1608 1229; x_wconf 84' lang='lat' dir='ltr'><strong>contemptores,</strong></span> <span class='ocrx_word' id='word_1_87' title='bbox 1659 1169 1714 1216; x_wconf 84' lang='lat' dir='ltr'><strong>et</strong></span> <span class='ocrx_word' id='word_1_88' title='bbox 1753 1158 1809 1214; x_wconf 90' lang='lat' dir='ltr'><strong>in</strong></span> <span class='ocrx_word' id='word_1_89' title='bbox 1839 1159 1995 1229; x_wconf 76' lang='lat' dir='ltr'><strong>lega-</strong></span> 
     </span>
    </p>
   </div>
   <div class='ocr_carea' id='block_1_13' title="bbox 429 1251 1993 1319">
    <p class='ocr_par' dir='ltr' id='par_1_13' title="bbox 429 1251 1993 1319">
     <span class='ocr_line' id='line_1_13' title="bbox 429 1251 1993 1319; baseline -0.004 -9"><span class='ocrx_word' id='word_1_90' title='bbox 429 1256 573 1311; x_wconf 83' lang='lat' dir='ltr'><strong>libus</strong></span> <span class='ocrx_word' id='word_1_91' title='bbox 604 1252 885 1310; x_wconf 81' lang='lat' dir='ltr'><strong>sacriliciis</strong></span> <span class='ocrx_word' id='word_1_92' title='bbox 913 1260 1083 1307; x_wconf 83' lang='lat' dir='ltr'><strong>totum</strong></span> <span class='ocrx_word' id='word_1_93' title='bbox 1117 1251 1482 1319; x_wconf 83' lang='lat' dir='ltr'><strong>collocantes;</strong></span> <span class='ocrx_word' id='word_1_94' title='bbox 1520 1251 1625 1307; x_wconf 89' lang='lat' dir='ltr'><strong>hoc</strong></span> <span class='ocrx_word' id='word_1_95' title='bbox 1668 1266 1840 1306; x_wconf 84' lang='lat' dir='ltr'><strong>unum</strong></span> <span class='ocrx_word' id='word_1_96' title='bbox 1878 1258 1993 1308; x_wconf 82' lang='lat' dir='ltr'><strong>sat-</strong></span> 
     </span>
    </p>
   </div>
   <div class='ocr_carea' id='block_1_14' title="bbox 429 1343 1994 1419">
    <p class='ocr_par' dir='ltr' id='par_1_14' title="bbox 429 1343 1994 1419">
     <span class='ocr_line' id='line_1_14' title="bbox 429 1343 1994 1419; baseline -0.003 -18"><span class='ocrx_word' id='word_1_97' title='bbox 429 1356 683 1419; x_wconf 74' lang='lat' dir='ltr'><strong>agentes,</strong></span> <span class='ocrx_word' id='word_1_98' title='bbox 736 1352 796 1400; x_wconf 89' lang='lat' dir='ltr'><strong>ut</strong></span> <span class='ocrx_word' id='word_1_99' title='bbox 834 1345 997 1400; x_wconf 86' lang='lat' dir='ltr'><strong>verba</strong></span> <span class='ocrx_word' id='word_1_100' title='bbox 1042 1344 1175 1412; x_wconf 77' lang='lat' dir='ltr'><strong>legis</strong></span> <span class='ocrx_word' id='word_1_101' title='bbox 1221 1343 1469 1408; x_wconf 89' lang='lat' dir='ltr'><strong>scirent,</strong></span> <span class='ocrx_word' id='word_1_102' title='bbox 1521 1358 1632 1398; x_wconf 87' lang='lat' dir='ltr'><strong>non</strong></span> <span class='ocrx_word' id='word_1_103' title='bbox 1688 1350 1870 1400; x_wconf 76' lang='lat' dir='ltr'><strong>autem</strong></span> <span class='ocrx_word' id='word_1_104' title='bbox 1931 1349 1994 1397; x_wconf 90' lang='lat' dir='ltr'><strong>ut</strong></span> 
     </span>
    </p>
   </div>
   <div class='ocr_carea' id='block_1_15' title="bbox 430 1430 1991 1503">
    <p class='ocr_par' dir='ltr' id='par_1_15' title="bbox 430 1430 1991 1503">
     <span class='ocr_line' id='line_1_15' title="bbox 430 1430 1991 1503; baseline -0.001 -14"><span class='ocrx_word' id='word_1_105' title='bbox 430 1435 683 1490; x_wconf 85' lang='lat' dir='ltr'><strong>mandata</strong></span> <span class='ocrx_word' id='word_1_106' title='bbox 730 1441 1029 1491; x_wconf 84' lang='lat' dir='ltr'><strong>servarent.</strong></span> <span class='ocrx_word' id='word_1_107' title='bbox 1063 1432 1174 1487; x_wconf 91' lang='lat' dir='ltr'><strong>Illis</strong></span> <span class='ocrx_word' id='word_1_108' title='bbox 1218 1431 1386 1503; x_wconf 73' lang='lat' dir='ltr'><strong>igitur</strong></span> <span class='ocrx_word' id='word_1_109' title='bbox 1417 1430 1818 1489; x_wconf 82' lang='lat' dir='ltr'><strong>formidabilem</strong></span> <span class='ocrx_word' id='word_1_110' title='bbox 1866 1447 1991 1490; x_wconf 82' lang='lat' dir='ltr'><strong>ser-</strong></span> 
     </span>
    </p>
   </div>
   <div class='ocr_carea' id='block_1_16' title="bbox 429 1523 1993 1598">
    <p class='ocr_par' dir='ltr' id='par_1_16' title="bbox 429 1523 1993 1598">
     <span class='ocr_line' id='line_1_16' title="bbox 429 1523 1993 1598; baseline 0.002 -17"><span class='ocrx_word' id='word_1_111' title='bbox 429 1544 645 1583; x_wconf 89' lang='lat' dir='ltr'><strong>monem</strong></span> <span class='ocrx_word' id='word_1_112' title='bbox 708 1528 1022 1590; x_wconf 88' lang='lat' dir='ltr'><strong>instituens,</strong></span> <span class='ocrx_word' id='word_1_113' title='bbox 1072 1525 1309 1596; x_wconf 78' lang='lat' dir='ltr'><strong>judicent</strong></span> <span class='ocrx_word' id='word_1_114' title='bbox 1355 1523 1693 1594; x_wconf 75' lang='lat' dir='ltr'><strong>iudicantem</strong></span> <span class='ocrx_word' id='word_1_115' title='bbox 1740 1534 1794 1580; x_wconf 91' lang='lat' dir='ltr'><strong>et</strong></span> <span class='ocrx_word' id='word_1_116' title='bbox 1837 1525 1993 1598; x_wconf 86' lang='lat' dir='ltr'><strong>ipsos</strong></span> 
     </span>
    </p>
   </div>
   <div class='ocr_carea' id='block_1_17' title="bbox 429 1617 1126 1689">
    <p class='ocr_par' dir='ltr' id='par_1_17' title="bbox 429 1617 1126 1689">
     <span class='ocr_line' id='line_1_17' title="bbox 429 1617 1126 1689; baseline -0.006 -15"><span class='ocrx_word' id='word_1_117' title='bbox 429 1633 552 1674; x_wconf 87' lang='lat' dir='ltr'><strong>reos</strong></span> <span class='ocrx_word' id='word_1_118' title='bbox 588 1618 815 1689; x_wconf 80' lang='lat' dir='ltr'><strong>ﬁgurate</strong></span> <span class='ocrx_word' id='word_1_119' title='bbox 845 1617 1126 1674; x_wconf 84' lang='lat' dir='ltr'><strong>describit.</strong></span> 
     </span>
    </p>
   </div>
   <div class='ocr_carea' id='block_1_18' title="bbox 989 1750 1444 1808">
    <p class='ocr_par' dir='ltr' id='par_1_18' title="bbox 989 1750 1444 1808">
     <span class='ocr_line' id='line_1_18' title="bbox 989 1750 1444 1808; baseline 0.002 -1"><span class='ocrx_word' id='word_1_120' title='bbox 989 1750 1307 1807; x_wconf 82' lang='lat' dir='ltr'><strong>PSALMUS</strong></span> <span class='ocrx_word' id='word_1_121' title='bbox 1337 1750 1444 1808; x_wconf 89' lang='lat' dir='ltr'><strong>Lll.</strong></span> 
     </span>
    </p>
   </div>
   <div class='ocr_carea' id='block_1_19' title="bbox 498 1842 1984 1917">
    <p class='ocr_par' dir='ltr' id='par_1_19' title="bbox 498 1842 1984 1917">
     <span class='ocr_line' id='line_1_19' title="bbox 498 1842 1984 1917; baseline 0.002 -19"><span class='ocrx_word' id='word_1_122' title='bbox 498 1842 663 1901; x_wconf 78' lang='lat' dir='ltr'><strong>Vens.</strong></span> <span class='ocrx_word' id='word_1_123' title='bbox 693 1844 841 1900; x_wconf 88' lang='lat'><strong>5.—</strong></span> <span class='ocrx_word' id='word_1_124' title='bbox 873 1842 1006 1898; x_wconf 88' lang='lat' dir='ltr'><strong>Cum</strong></span> <span class='ocrx_word' id='word_1_125' title='bbox 1059 1843 1377 1914; x_wconf 86' lang='lat' dir='ltr'><strong>trajectione</strong></span> <span class='ocrx_word' id='word_1_126' title='bbox 1426 1846 1529 1901; x_wconf 90' lang='lat' dir='ltr'><strong>hoc</strong></span> <span class='ocrx_word' id='word_1_127' title='bbox 1579 1844 1821 1917; x_wconf 87' lang='lat' dir='ltr'><strong>positum</strong></span> <span class='ocrx_word' id='word_1_128' title='bbox 1875 1852 1984 1902; x_wconf 85' lang='lat' dir='ltr'><strong>est.</strong></span> 
     </span>
    </p>
   </div>
   <div class='ocr_carea' id='block_1_20' title="bbox 429 1933 1987 2008">
    <p class='ocr_par' dir='ltr' id='par_1_20' title="bbox 429 1933 1987 2008">
     <span class='ocr_line' id='line_1_20' title="bbox 429 1933 1987 2008; baseline 0.001 -19"><span class='ocrx_word' id='word_1_129' title='bbox 429 1934 520 1989; x_wconf 89' lang='lat' dir='ltr'><strong>Sic</strong></span> <span class='ocrx_word' id='word_1_130' title='bbox 576 1936 717 1990; x_wconf 91' lang='lat' dir='ltr'><strong>enim</strong></span> <span class='ocrx_word' id='word_1_131' title='bbox 762 1934 924 1989; x_wconf 90' lang='lat' dir='ltr'><strong>etiam</strong></span> <span class='ocrx_word' id='word_1_132' title='bbox 978 1934 1067 1988; x_wconf 88' lang='lat' dir='ltr'><strong>hic</strong></span> <span class='ocrx_word' id='word_1_133' title='bbox 1114 1933 1670 2005; x_wconf 78' lang='lat' dir='ltr'><strong>subintelligendum;</strong></span> <span class='ocrx_word' id='word_1_134' title='bbox 1722 1936 1987 2008; x_wconf 88' lang='lat' dir='ltr'><strong>quoniam</strong></span> 
     </span>
    </p>
   </div>
   <div class='ocr_carea' id='block_1_21' title="bbox 427 2022 1988 2098">
    <p class='ocr_par' dir='ltr' id='par_1_21' title="bbox 427 2022 1988 2098">
     <span class='ocr_line' id='line_1_21' title="bbox 427 2022 1988 2098; baseline 0 -17"><span class='ocrx_word' id='word_1_135' title='bbox 427 2027 543 2081; x_wconf 66' lang='lat' dir='ltr'><strong>haec</strong></span> <span class='ocrx_word' id='word_1_136' title='bbox 568 2034 652 2082; x_wconf 91' lang='lat' dir='ltr'><strong>est</strong></span> <span class='ocrx_word' id='word_1_137' title='bbox 677 2023 1069 2094; x_wconf 87' lang='lat' dir='ltr'><strong>consequentia</strong></span> <span class='ocrx_word' id='word_1_138' title='bbox 1093 2040 1105 2075; x_wconf 90' lang='lat'><strong>:</strong></span> <span class='ocrx_word' id='word_1_139' title='bbox 1137 2022 1324 2078; x_wconf 83' lang='lat' dir='ltr'><strong>Nonne</strong></span> <span class='ocrx_word' id='word_1_140' title='bbox 1348 2026 1512 2079; x_wconf 78' lang='lat' dir='ltr'><strong>scient</strong></span> <span class='ocrx_word' id='word_1_141' title='bbox 1541 2042 1718 2082; x_wconf 75' lang='lat' dir='ltr'><strong>omnes</strong></span> <span class='ocrx_word' id='word_1_142' title='bbox 1748 2027 1840 2098; x_wconf 85' lang='lat' dir='ltr'><strong>qui</strong></span> <span class='ocrx_word' id='word_1_143' title='bbox 1863 2042 1988 2097; x_wconf 88' lang='lat' dir='ltr'><strong>ope-</strong></span> 
     </span>
    </p>
   </div>
   <div class='ocr_carea' id='block_1_22' title="bbox 430 2114 1986 2188">
    <p class='ocr_par' dir='ltr' id='par_1_22' title="bbox 430 2114 1986 2188">
     <span class='ocr_line' id='line_1_22' title="bbox 430 2114 1986 2188; baseline 0.001 -16"><span class='ocrx_word' id='word_1_144' title='bbox 430 2129 619 2173; x_wconf 79' lang='lat' dir='ltr'><strong>rantur</strong></span> <span class='ocrx_word' id='word_1_145' title='bbox 682 2117 1037 2188; x_wconf 76' lang='lat' dir='ltr'><strong>iniquitatem,</strong></span> <span class='ocrx_word' id='word_1_146' title='bbox 1092 2116 1182 2185; x_wconf 87' lang='lat' dir='ltr'><strong>qui</strong></span> <span class='ocrx_word' id='word_1_147' title='bbox 1241 2114 1492 2172; x_wconf 86' lang='lat' dir='ltr'><strong>devorant</strong></span> <span class='ocrx_word' id='word_1_148' title='bbox 1539 2117 1740 2188; x_wconf 80' lang='lat' dir='ltr'><strong>plebem</strong></span> <span class='ocrx_word' id='word_1_149' title='bbox 1782 2120 1837 2173; x_wconf 88' lang='lat' dir='ltr'><strong>in</strong></span> <span class='ocrx_word' id='word_1_150' title='bbox 1870 2118 1986 2173; x_wconf 86' lang='lat' dir='ltr'><strong>cibo</strong></span> 
     </span>
    </p>
   </div>
   <div class='ocr_carea' id='block_1_23' title="bbox 425 2206 1989 2280">
    <p class='ocr_par' dir='ltr' id='par_1_23' title="bbox 425 2206 1989 2280">
     <span class='ocr_line' id='line_1_23' title="bbox 425 2206 1989 2280; baseline 0.003 -16"><span class='ocrx_word' id='word_1_151' title='bbox 425 2212 599 2280; x_wconf 77' lang='lat' dir='ltr'><strong>panis,</strong></span> <span class='ocrx_word' id='word_1_152' title='bbox 657 2211 904 2280; x_wconf 78' lang='lat' dir='ltr'><strong>quoniam</strong></span> <span class='ocrx_word' id='word_1_153' title='bbox 962 2208 1099 2262; x_wconf 80' lang='lat' dir='ltr'><strong>Deus</strong></span> <span class='ocrx_word' id='word_1_154' title='bbox 1144 2206 1421 2277; x_wconf 76' lang='lat' dir='ltr'><strong>dissipavit</strong></span> <span class='ocrx_word' id='word_1_155' title='bbox 1483 2227 1605 2265; x_wconf 79' lang='lat' dir='ltr'><strong>ossa</strong></span> <span class='ocrx_word' id='word_1_156' title='bbox 1666 2211 1989 2268; x_wconf 83' lang='lat' dir='ltr'><strong>hominum?</strong></span> 
     </span>
    </p>
   </div>
   <div class='ocr_carea' id='block_1_24' title="bbox 425 2301 1990 2369">
    <p class='ocr_par' dir='ltr' id='par_1_24' title="bbox 425 2301 1990 2369">
     <span class='ocr_line' id='line_1_24' title="bbox 425 2301 1990 2369; baseline 0.001 -14"><span class='ocrx_word' id='word_1_157' title='bbox 425 2310 620 2357; x_wconf 71' lang='lat' dir='ltr'><strong>caetera</strong></span> <span class='ocrx_word' id='word_1_158' title='bbox 653 2308 831 2356; x_wconf 90' lang='lat' dir='ltr'><strong>autem</strong></span> <span class='ocrx_word' id='word_1_159' title='bbox 856 2301 1137 2369; x_wconf 86' lang='lat' dir='ltr'><strong>interjecta</strong></span> <span class='ocrx_word' id='word_1_160' title='bbox 1161 2312 1309 2359; x_wconf 90' lang='lat' dir='ltr'><strong>sunt.</strong></span> <span class='ocrx_word' id='word_1_161' title='bbox 1335 2301 1392 2357; x_wconf 89' lang='lat' dir='ltr'><strong>ld</strong></span> <span class='ocrx_word' id='word_1_162' title='bbox 1416 2311 1501 2358; x_wconf 91' lang='lat' dir='ltr'><strong>est</strong></span> <span class='ocrx_word' id='word_1_163' title='bbox 1531 2320 1545 2355; x_wconf 88' lang='lat'>:</span> <span class='ocrx_word' id='word_1_164' title='bbox 1578 2301 1703 2357; x_wconf 85' lang='lat' dir='ltr'><strong>Non</strong></span> <span class='ocrx_word' id='word_1_165' title='bbox 1721 2318 1788 2357; x_wconf 87' lang='lat' dir='ltr'><strong>ne</strong></span> <span class='ocrx_word' id='word_1_166' title='bbox 1810 2304 1990 2358; x_wconf 90' lang='lat' dir='ltr'><strong>scient</strong></span> 
     </span>
    </p>
   </div>
   <div class='ocr_carea' id='block_1_25' title="bbox 426 2390 1990 2464">
    <p class='ocr_par' dir='ltr' id='par_1_25' title="bbox 426 2390 1990 2464">
     <span class='ocr_line' id='line_1_25' title="bbox 426 2390 1990 2464; baseline 0.004 -20"><span class='ocrx_word' id='word_1_167' title='bbox 426 2391 529 2457; x_wconf 82' lang='lat' dir='ltr'><strong>ipsi</strong></span> <span class='ocrx_word' id='word_1_168' title='bbox 560 2391 794 2461; x_wconf 86' lang='lat' dir='ltr'><strong>operarii</strong></span> <span class='ocrx_word' id='word_1_169' title='bbox 826 2390 1152 2461; x_wconf 86' lang='lat' dir='ltr'><strong>iniquitatis,</strong></span> <span class='ocrx_word' id='word_1_170' title='bbox 1188 2394 1281 2464; x_wconf 92' lang='lat' dir='ltr'><strong>qui</strong></span> <span class='ocrx_word' id='word_1_171' title='bbox 1314 2395 1574 2464; x_wconf 88' lang='lat' dir='ltr'><strong>populum</strong></span> <span class='ocrx_word' id='word_1_172' title='bbox 1600 2393 1893 2459; x_wconf 85' lang='lat' dir='ltr'><strong>devorant,</strong></span> <span class='ocrx_word' id='word_1_173' title='bbox 1932 2402 1990 2450; x_wconf 83' lang='lat' dir='ltr'><strong>et</strong></span> 
     </span>
    </p>
   </div>
   <div class='ocr_carea' id='block_1_26' title="bbox 423 2484 1993 2555">
    <p class='ocr_par' dir='ltr' id='par_1_26' title="bbox 423 2484 1993 2555">
     <span class='ocr_line' id='line_1_26' title="bbox 423 2484 1993 2555; baseline 0.003 -18"><span class='ocrx_word' id='word_1_174' title='bbox 423 2484 577 2552; x_wconf 88' lang='lat' dir='ltr'><strong>quasi</strong></span> <span class='ocrx_word' id='word_1_175' title='bbox 606 2484 787 2539; x_wconf 88' lang='lat' dir='ltr'><strong>cibum</strong></span> <span class='ocrx_word' id='word_1_176' title='bbox 815 2485 1188 2539; x_wconf 88' lang='lat' dir='ltr'><strong>necessarium</strong></span> <span class='ocrx_word' id='word_1_177' title='bbox 1225 2486 1375 2555; x_wconf 90' lang='lat' dir='ltr'><strong>ipsos</strong></span> <span class='ocrx_word' id='word_1_178' title='bbox 1418 2501 1744 2541; x_wconf 90' lang='lat' dir='ltr'><strong>consumere</strong></span> <span class='ocrx_word' id='word_1_179' title='bbox 1782 2501 1993 2541; x_wconf 84' lang='lat' dir='ltr'><strong>conan-</strong></span> 
     </span>
    </p>
   </div>
   <div class='ocr_carea' id='block_1_27' title="bbox 423 2576 1977 2648">
    <p class='ocr_par' dir='ltr' id='par_1_27' title="bbox 423 2576 1977 2648">
     <span class='ocr_line' id='line_1_27' title="bbox 423 2576 1977 2648; baseline 0.003 -18"><span class='ocrx_word' id='word_1_180' title='bbox 423 2585 531 2639; x_wconf 90' lang='lat' dir='ltr'><strong>tur,</strong></span> <span class='ocrx_word' id='word_1_181' title='bbox 563 2586 613 2632; x_wconf 87' lang='lat' dir='ltr'><strong>te</strong></span> <span class='ocrx_word' id='word_1_182' title='bbox 636 2590 826 2631; x_wconf 88' lang='lat' dir='ltr'><strong>omnes</strong></span> <span class='ocrx_word' id='word_1_183' title='bbox 847 2576 1154 2644; x_wconf 88' lang='lat' dir='ltr'><strong>absumere,</strong></span> <span class='ocrx_word' id='word_1_184' title='bbox 1177 2585 1232 2633; x_wconf 91' lang='lat' dir='ltr'><strong>et</strong></span> <span class='ocrx_word' id='word_1_185' title='bbox 1261 2578 1499 2644; x_wconf 89' lang='lat' dir='ltr'><strong>abolere,</strong></span> <span class='ocrx_word' id='word_1_186' title='bbox 1534 2579 1628 2648; x_wconf 93' lang='lat' dir='ltr'><strong>qui</strong></span> <span class='ocrx_word' id='word_1_187' title='bbox 1657 2577 1977 2635; x_wconf 84' lang='lat' dir='ltr'><strong>hominibus</strong></span> 
     </span>
    </p>
   </div>
   <div class='ocr_carea' id='block_1_28' title="bbox 422 2667 1988 2740">
    <p class='ocr_par' dir='ltr' id='par_1_28' title="bbox 422 2667 1988 2740">
     <span class='ocr_line' id='line_1_28' title="bbox 422 2667 1988 2740; baseline 0 -18"><span class='ocrx_word' id='word_1_188' title='bbox 422 2669 658 2739; x_wconf 86' lang='lat' dir='ltr'><strong>placent,</strong></span> <span class='ocrx_word' id='word_1_189' title='bbox 688 2667 955 2740; x_wconf 83' lang='lat' dir='ltr'><strong>Rapsacis</strong></span> <span class='ocrx_word' id='word_1_190' title='bbox 983 2669 1233 2740; x_wconf 79' lang='lat' dir='ltr'><strong>exemplo</strong></span> <span class='ocrx_word' id='word_1_191' title='bbox 1262 2669 1555 2739; x_wconf 87' lang='lat' dir='ltr'><strong>;quoniam</strong></span> <span class='ocrx_word' id='word_1_192' title='bbox 1588 2669 1634 2724; x_wconf 90' lang='lat' dir='ltr'><strong>is</strong></span> <span class='ocrx_word' id='word_1_193' title='bbox 1660 2668 1727 2723; x_wconf 89' lang='lat' dir='ltr'><strong>ad</strong></span> <span class='ocrx_word' id='word_1_194' title='bbox 1754 2670 1988 2738; x_wconf 81' lang='lat' dir='ltr'><strong>gratiam</strong></span> 
     </span>
    </p>
   </div>
   <div class='ocr_carea' id='block_1_29' title="bbox 422 2761 1987 2831">
    <p class='ocr_par' dir='ltr' id='par_1_29' title="bbox 422 2761 1987 2831">
     <span class='ocr_line' id='line_1_29' title="bbox 422 2761 1987 2831; baseline 0.001 -17"><span class='ocrx_word' id='word_1_195' title='bbox 422 2761 722 2824; x_wconf 87' lang='lat' dir='ltr'><strong>hominum,</strong></span> <span class='ocrx_word' id='word_1_196' title='bbox 758 2761 921 2816; x_wconf 87' lang='lat' dir='ltr'><strong>verba</strong></span> <span class='ocrx_word' id='word_1_197' title='bbox 961 2761 1253 2831; x_wconf 89' lang='lat' dir='ltr'><strong>impietatis</strong></span> <span class='ocrx_word' id='word_1_198' title='bbox 1283 2761 1442 2831; x_wconf 90' lang='lat' dir='ltr'><strong>plena</strong></span> <span class='ocrx_word' id='word_1_199' title='bbox 1476 2761 1821 2831; x_wconf 81' lang='lat' dir='ltr'><strong>proferebat?</strong></span> <span class='ocrx_word' id='word_1_200' title='bbox 1851 2761 1987 2816; x_wconf 87' lang='lat' dir='ltr'><strong>Illud</strong></span> 
     </span>
    </p>
   </div>
   <div class='ocr_carea' id='block_1_30' title="bbox 424 2854 1988 2921">
    <p class='ocr_par' dir='ltr' id='par_1_30' title="bbox 424 2854 1988 2921">
     <span class='ocr_line' id='line_1_30' title="bbox 424 2854 1988 2921; baseline 0.001 -14"><span class='ocrx_word' id='word_1_201' title='bbox 424 2863 623 2919; x_wconf 88' lang='lat' dir='ltr'><strong>autem,</strong></span> <span class='ocrx_word' id='word_1_202' title='bbox 654 2854 823 2907; x_wconf 84' lang='lat' dir='ltr'><strong>Deum</strong></span> <span class='ocrx_word' id='word_1_203' title='bbox 855 2871 958 2908; x_wconf 89' lang='lat' dir='ltr'><strong>non</strong></span> <span class='ocrx_word' id='word_1_204' title='bbox 983 2856 1391 2921; x_wconf 80' lang='lat' dir='ltr'><strong>invocaverunt;</strong></span> <span class='ocrx_word' id='word_1_205' title='bbox 1439 2855 1551 2908; x_wconf 78' lang='lat' dir='ltr'><strong>illic</strong></span> <span class='ocrx_word' id='word_1_206' title='bbox 1586 2856 1874 2909; x_wconf 84' lang='lat' dir='ltr'><strong>timuerunt</strong></span> <span class='ocrx_word' id='word_1_207' title='bbox 1917 2856 1988 2909; x_wconf 81' lang='lat' dir='ltr'><strong>ti-</strong></span> 
     </span>
    </p>
   </div>
   <div class='ocr_carea' id='block_1_31' title="bbox 421 2943 1989 3012">
    <p class='ocr_par' dir='ltr' id='par_1_31' title="bbox 421 2943 1989 3012">
     <span class='ocr_line' id='line_1_31' title="bbox 421 2943 1989 3012; baseline 0 -15"><span class='ocrx_word' id='word_1_208' title='bbox 421 2960 585 3007; x_wconf 87' lang='lat' dir='ltr'><strong>more,</strong></span> <span class='ocrx_word' id='word_1_209' title='bbox 613 2944 703 2997; x_wconf 86' lang='lat' dir='ltr'><strong>ubi</strong></span> <span class='ocrx_word' id='word_1_210' title='bbox 730 2960 831 3011; x_wconf 85' lang='lat' dir='ltr'><strong>non</strong></span> <span class='ocrx_word' id='word_1_211' title='bbox 854 2953 967 2997; x_wconf 82' lang='lat' dir='ltr'><strong>erat</strong></span> <span class='ocrx_word' id='word_1_212' title='bbox 1006 2944 1183 3007; x_wconf 84' lang='lat' dir='ltr'><strong>timor,</strong></span> <span class='ocrx_word' id='word_1_213' title='bbox 1207 2944 1261 2997; x_wconf 90' lang='lat' dir='ltr'><strong>in</strong></span> <span class='ocrx_word' id='word_1_214' title='bbox 1286 2943 1467 2999; x_wconf 89' lang='lat' dir='ltr'><strong>medio</strong></span> <span class='ocrx_word' id='word_1_215' title='bbox 1495 2943 1801 3012; x_wconf 88' lang='lat' dir='ltr'><strong>interjacet,</strong></span> <span class='ocrx_word' id='word_1_216' title='bbox 1829 2943 1989 3012; x_wconf 90' lang='lat' dir='ltr'><strong>quasi</strong></span> 
     </span>
    </p>
   </div>
   <div class='ocr_carea' id='block_1_32' title="bbox 422 3035 1989 3106">
    <p class='ocr_par' dir='ltr' id='par_1_32' title="bbox 422 3035 1989 3106">
     <span class='ocr_line' id='line_1_32' title="bbox 422 3035 1989 3106; baseline 0 -15"><span class='ocrx_word' id='word_1_217' title='bbox 422 3037 593 3100; x_wconf 88' lang='lat' dir='ltr'><strong>dicat,</strong></span> <span class='ocrx_word' id='word_1_218' title='bbox 630 3035 720 3090; x_wconf 86' lang='lat' dir='ltr'><strong>Dei</strong></span> <span class='ocrx_word' id='word_1_219' title='bbox 754 3037 1068 3092; x_wconf 88' lang='lat' dir='ltr'><strong>memoriam</strong></span> <span class='ocrx_word' id='word_1_220' title='bbox 1102 3053 1211 3092; x_wconf 92' lang='lat' dir='ltr'><strong>non</strong></span> <span class='ocrx_word' id='word_1_221' title='bbox 1242 3036 1532 3099; x_wconf 79' lang='lat' dir='ltr'><strong>facientes,</strong></span> <span class='ocrx_word' id='word_1_222' title='bbox 1572 3036 1839 3091; x_wconf 88' lang='lat' dir='ltr'><strong>timebant</strong></span> <span class='ocrx_word' id='word_1_223' title='bbox 1868 3049 1989 3106; x_wconf 63' lang='lat' dir='ltr'><strong>quae</strong></span> 
     </span>
    </p>
   </div>
   <div class='ocr_carea' id='block_1_33' title="bbox 420 3126 1988 3202">
    <p class='ocr_par' dir='ltr' id='par_1_33' title="bbox 420 3126 1988 3202">
     <span class='ocr_line' id='line_1_33' title="bbox 420 3126 1988 3202; baseline 0.001 -18"><span class='ocrx_word' id='word_1_224' title='bbox 420 3144 528 3184; x_wconf 90' lang='lat' dir='ltr'><strong>non</strong></span> <span class='ocrx_word' id='word_1_225' title='bbox 578 3136 1047 3199; x_wconf 81' lang='lat' dir='ltr'><strong>exspectaverant.</strong></span> <span class='ocrx_word' id='word_1_226' title='bbox 1107 3130 1203 3184; x_wconf 90' lang='lat' dir='ltr'><strong>Illa</strong></span> <span class='ocrx_word' id='word_1_227' title='bbox 1259 3130 1406 3184; x_wconf 87' lang='lat' dir='ltr'><strong>enim</strong></span> <span class='ocrx_word' id='word_1_228' title='bbox 1456 3144 1579 3199; x_wconf 65' lang='lat' dir='ltr'><strong>qua:</strong></span> <span class='ocrx_word' id='word_1_229' title='bbox 1628 3126 1988 3202; x_wconf 79' lang='lat' dir='ltr'><strong>Jerosolymis</strong></span> 
     </span>
    </p>
   </div>
   <div class='ocr_carea' id='block_1_34' title="bbox 417 3221 1989 3292">
    <p class='ocr_par' dir='ltr' id='par_1_34' title="bbox 417 3221 1989 3292">
     <span class='ocr_line' id='line_1_34' title="bbox 417 3221 1989 3292; baseline 0.001 -18"><span class='ocrx_word' id='word_1_230' title='bbox 417 3228 594 3284; x_wconf 88' lang='lat' dir='ltr'><strong>erant,</strong></span> <span class='ocrx_word' id='word_1_231' title='bbox 622 3228 884 3292; x_wconf 87' lang='lat' dir='ltr'><strong>tanquam</strong></span> <span class='ocrx_word' id='word_1_232' title='bbox 919 3221 1095 3276; x_wconf 72' lang='lat' dir='ltr'><strong>iutilia</strong></span> <span class='ocrx_word' id='word_1_233' title='bbox 1125 3230 1180 3277; x_wconf 89' lang='lat' dir='ltr'><strong>et</strong></span> <span class='ocrx_word' id='word_1_234' title='bbox 1215 3221 1423 3277; x_wconf 86' lang='lat' dir='ltr'><strong>nullius</strong></span> <span class='ocrx_word' id='word_1_235' title='bbox 1447 3222 1710 3277; x_wconf 88' lang='lat' dir='ltr'><strong>momenti</strong></span> <span class='ocrx_word' id='word_1_236' title='bbox 1740 3231 1989 3278; x_wconf 85' lang='lat' dir='ltr'><strong>contem-</strong></span> 
     </span>
    </p>
   </div>
   <div class='ocr_carea' id='block_1_35' title="bbox 419 3313 1986 3387">
    <p class='ocr_par' dir='ltr' id='par_1_35' title="bbox 419 3313 1986 3387">
     <span class='ocr_line' id='line_1_35' title="bbox 419 3313 1986 3387; baseline 0 -19"><span class='ocrx_word' id='word_1_237' title='bbox 419 3324 630 3379; x_wconf 87' lang='lat' dir='ltr'><strong>nentes,</strong></span> <span class='ocrx_word' id='word_1_238' title='bbox 664 3322 859 3385; x_wconf 72' lang='lat' dir='ltr'><strong>praeter</strong></span> <span class='ocrx_word' id='word_1_239' title='bbox 888 3329 1104 3371; x_wconf 89' lang='lat' dir='ltr'><strong>omnem</strong></span> <span class='ocrx_word' id='word_1_240' title='bbox 1135 3329 1287 3383; x_wconf 78' lang='lat' dir='ltr'><strong>Spem</strong></span> <span class='ocrx_word' id='word_1_241' title='bbox 1319 3329 1349 3368; x_wconf 92' lang='lat' dir='ltr'><strong>a</strong></span> <span class='ocrx_word' id='word_1_242' title='bbox 1374 3314 1485 3371; x_wconf 90' lang='lat' dir='ltr'><strong>Deo</strong></span> <span class='ocrx_word' id='word_1_243' title='bbox 1508 3314 1780 3387; x_wconf 88' lang='lat' dir='ltr'><strong>supplicio</strong></span> <span class='ocrx_word' id='word_1_244' title='bbox 1804 3313 1986 3370; x_wconf 73' lang='lat' dir='ltr'><strong>alIecti</strong></span> 
     </span>
    </p>
   </div>
   <div class='ocr_carea' id='block_1_36' title="bbox 418 3413 1088 3461">
    <p class='ocr_par' dir='ltr' id='par_1_36' title="bbox 418 3413 1088 3461">
     <span class='ocr_line' id='line_1_36' title="bbox 418 3413 1088 3461; baseline 0.001 0"><span class='ocrx_word' id='word_1_245' title='bbox 418 3413 568 3461; x_wconf 83' lang='lat' dir='ltr'><strong>sunt.</strong></span> <span class='ocrx_word' id='word_1_246' title='bbox 1084 3429 1088 3432; x_wconf 80' lang='grc'><em>’</em></span> 
     </span>
    </p>
   </div>
   <div class='ocr_carea' id='block_1_37' title="bbox 2642 891 3117 950">
    <p class='ocr_par' dir='ltr' id='par_1_37' title="bbox 2642 891 3117 950">
     <span class='ocr_line' id='line_1_37' title="bbox 2642 891 3117 950; baseline 0.013 -6"><span class='ocrx_word' id='word_1_247' title='bbox 2642 891 2931 946; x_wconf 79' lang='grc' dir='ltr'><strong>ΨΑΛΜΟΣ</strong></span> <span class='ocrx_word' id='word_1_248' title='bbox 2983 893 3117 950; x_wconf 84' lang='grc' dir='ltr'><strong>ΜΘ’.</strong></span> 
     </span>
    </p>
   </div>
   <div class='ocr_carea' id='block_1_38' title="bbox 2167 974 3663 1061">
    <p class='ocr_par' dir='ltr' id='par_1_38' title="bbox 2167 974 3663 1061">
     <span class='ocr_line' id='line_1_38' title="bbox 2167 974 3663 1061; baseline 0.013 -30"><span class='ocrx_word' id='word_1_249' title='bbox 2167 978 2314 1050; x_wconf 69' lang='grc' dir='ltr'>Στίχ.</span> <span class='ocrx_word' id='word_1_250' title='bbox 2340 978 2754 1049; x_wconf 76' lang='grc' dir='ltr'>α’.-Καὶοῦτος</span> <span class='ocrx_word' id='word_1_251' title='bbox 2775 986 2853 1055; x_wconf 74' lang='grc' dir='ltr'><strong>(ε)</strong></span> <span class='ocrx_word' id='word_1_252' title='bbox 2870 986 3094 1056; x_wconf 78' lang='grc' dir='ltr'>ἠθικὸςό</span> <span class='ocrx_word' id='word_1_253' title='bbox 3113 989 3219 1055; x_wconf 77' lang='grc' dir='ltr'><strong>ψαλ</strong></span> <span class='ocrx_word' id='word_1_254' title='bbox 3226 991 3343 1061; x_wconf 80' lang='grc' dir='ltr'>μὸς,</span> <span class='ocrx_word' id='word_1_255' title='bbox 3358 992 3471 1047; x_wconf 83' lang='grc' dir='ltr'>ἀλλ’</span> <span class='ocrx_word' id='word_1_256' title='bbox 3480 974 3663 1050; x_wconf 77' lang='grc' dir='ltr'>οὐκέτι</span> 
     </span>
    </p>
   </div>
   <div class='ocr_carea' id='block_1_39' title="bbox 2098 1068 3661 1157">
    <p class='ocr_par' dir='ltr' id='par_1_39' title="bbox 2098 1068 3661 1157">
     <span class='ocr_line' id='line_1_39' title="bbox 2098 1068 3661 1157; baseline 0.013 -36"><span class='ocrx_word' id='word_1_257' title='bbox 2098 1068 2233 1141; x_wconf 84' lang='grc' dir='ltr'>πρὸς</span> <span class='ocrx_word' id='word_1_258' title='bbox 2261 1069 2502 1136; x_wconf 71' lang='grc' dir='ltr'>ἅπαντας</span> <span class='ocrx_word' id='word_1_259' title='bbox 2522 1073 2859 1146; x_wconf 84' lang='grc' dir='ltr'>ἀνθρώπους,</span> <span class='ocrx_word' id='word_1_260' title='bbox 2890 1079 3025 1150; x_wconf 83' lang='grc' dir='ltr'>πρὸς</span> <span class='ocrx_word' id='word_1_261' title='bbox 3074 1082 3356 1147; x_wconf 70' lang='grc' dir='ltr'><strong>Ἰουδαίους</strong></span> <span class='ocrx_word' id='word_1_262' title='bbox 3384 1086 3443 1138; x_wconf 76' lang='grc' dir='ltr'>δὲ</span> <span class='ocrx_word' id='word_1_263' title='bbox 3480 1089 3661 1157; x_wconf 83' lang='grc' dir='ltr'>μόνον,</span> 
     </span>
    </p>
   </div>
   <div class='ocr_carea' id='block_1_40' title="bbox 2090 1158 3664 1247">
    <p class='ocr_par' dir='ltr' id='par_1_40' title="bbox 2090 1158 3664 1247">
     <span class='ocr_line' id='line_1_40' title="bbox 2090 1158 3664 1247; baseline 0.015 -36"><span class='ocrx_word' id='word_1_264' title='bbox 2090 1158 2295 1214; x_wconf 74' lang='grc' dir='ltr'>ὡσανεὶ</span> <span class='ocrx_word' id='word_1_265' title='bbox 2321 1162 2655 1233; x_wconf 76' lang='grc' dir='ltr'><strong>ἀμελοῦντας</strong></span> <span class='ocrx_word' id='word_1_266' title='bbox 2682 1168 2780 1237; x_wconf 85' lang='grc' dir='ltr'>μὲν</span> <span class='ocrx_word' id='word_1_267' title='bbox 2802 1169 3020 1240; x_wconf 82' lang='grc' dir='ltr'>ἀρετῆς,</span> <span class='ocrx_word' id='word_1_268' title='bbox 3055 1171 3116 1224; x_wconf 74' lang='grc' dir='ltr'>τὸ</span> <span class='ocrx_word' id='word_1_269' title='bbox 3134 1172 3192 1226; x_wconf 82' lang='grc' dir='ltr'>δὲ</span> <span class='ocrx_word' id='word_1_270' title='bbox 3224 1176 3333 1227; x_wconf 83' lang='grc' dir='ltr'><strong>πᾶν</strong></span> <span class='ocrx_word' id='word_1_271' title='bbox 3350 1177 3664 1247; x_wconf 76' lang='grc' dir='ltr'><strong>τιθεμένους</strong></span> 
     </span>
    </p>
   </div>
   <div class='ocr_carea' id='block_1_41' title="bbox 2093 1253 3665 1345">
    <p class='ocr_par' dir='ltr' id='par_1_41' title="bbox 2093 1253 3665 1345">
     <span class='ocr_line' id='line_1_41' title="bbox 2093 1253 3665 1345; baseline 0.015 -40"><span class='ocrx_word' id='word_1_272' title='bbox 2093 1253 2156 1305; x_wconf 72' lang='grc' dir='ltr'><strong>ἐν</strong></span> <span class='ocrx_word' id='word_1_273' title='bbox 2179 1257 2297 1319; x_wconf 81' lang='grc' dir='ltr'>ταῖς</span> <span class='ocrx_word' id='word_1_274' title='bbox 2335 1254 2546 1322; x_wconf 78' lang='grc' dir='ltr'><strong>θυσίαις</strong></span> <span class='ocrx_word' id='word_1_275' title='bbox 2593 1259 2688 1313; x_wconf 83' lang='grc' dir='ltr'>τοῦ</span> <span class='ocrx_word' id='word_1_276' title='bbox 2731 1261 2916 1332; x_wconf 88' lang='grc' dir='ltr'>νόμου,</span> <span class='ocrx_word' id='word_1_277' title='bbox 2946 1264 3050 1329; x_wconf 79' lang='grc' dir='ltr'>ἕως</span> <span class='ocrx_word' id='word_1_278' title='bbox 3094 1265 3187 1319; x_wconf 79' lang='grc' dir='ltr'>τοῦ</span> <span class='ocrx_word' id='word_1_279' title='bbox 3216 1268 3415 1323; x_wconf 80' lang='grc' dir='ltr'>εἰδέναι</span> <span class='ocrx_word' id='word_1_280' title='bbox 3451 1271 3525 1326; x_wconf 61' lang='grc' dir='ltr'><strong>τὰ</strong></span> <span class='ocrx_word' id='word_1_281' title='bbox 3566 1274 3665 1345; x_wconf 77' lang='grc' dir='ltr'><strong>ῥή-</strong></span> 
     </span>
    </p>
   </div>
   <div class='ocr_carea' id='block_1_42' title="bbox 2095 1346 3665 1437">
    <p class='ocr_par' dir='ltr' id='par_1_42' title="bbox 2095 1346 3665 1437">
     <span class='ocr_line' id='line_1_42' title="bbox 2095 1346 3665 1437; baseline 0.013 -39"><span class='ocrx_word' id='word_1_282' title='bbox 2095 1360 2239 1437; x_wconf 73' lang='grc' dir='ltr'>ματα</span> <span class='ocrx_word' id='word_1_283' title='bbox 2289 1346 2447 1417; x_wconf 86' lang='grc' dir='ltr'>μόνον</span> <span class='ocrx_word' id='word_1_284' title='bbox 2477 1350 2951 1423; x_wconf 84' lang='grc' dir='ltr'>ἐπιμελουμένους,</span> <span class='ocrx_word' id='word_1_285' title='bbox 2973 1356 3156 1412; x_wconf 80' lang='grc' dir='ltr'>οὐκέτι</span> <span class='ocrx_word' id='word_1_286' title='bbox 3195 1359 3253 1413; x_wconf 82' lang='grc' dir='ltr'>δὲ</span> <span class='ocrx_word' id='word_1_287' title='bbox 3276 1361 3370 1414; x_wconf 70' lang='grc' dir='ltr'><strong>καὶ</strong></span> <span class='ocrx_word' id='word_1_288' title='bbox 3403 1366 3472 1417; x_wconf 85' lang='grc' dir='ltr'><strong>τά</strong></span> <span class='ocrx_word' id='word_1_289' title='bbox 3505 1382 3665 1437; x_wconf 82' lang='grc' dir='ltr'><strong>προσ·</strong></span> 
     </span>
    </p>
   </div>
   <div class='ocr_carea' id='block_1_43' title="bbox 2090 1436 3666 1519">
    <p class='ocr_par' dir='ltr' id='par_1_43' title="bbox 2090 1436 3666 1519">
     <span class='ocr_line' id='line_1_43' title="bbox 2090 1436 3666 1519; baseline 0.013 -30"><span class='ocrx_word' id='word_1_290' title='bbox 2090 1436 2350 1507; x_wconf 67' lang='grc' dir='ltr'>τάγματα</span> <span class='ocrx_word' id='word_1_291' title='bbox 2394 1440 2697 1508; x_wconf 83' lang='grc' dir='ltr'>φυλάττειν.</span> <span class='ocrx_word' id='word_1_292' title='bbox 2734 1444 2843 1497; x_wconf 76' lang='grc' dir='ltr'><strong>Κιή⁸</strong></span> <span class='ocrx_word' id='word_1_293' title='bbox 2872 1445 3225 1519; x_wconf 76' lang='grc' dir='ltr'>φοϐερότερον</span> <span class='ocrx_word' id='word_1_294' title='bbox 3279 1453 3465 1516; x_wconf 83' lang='grc' dir='ltr'>αὐτοῖς</span> <span class='ocrx_word' id='word_1_295' title='bbox 3499 1436 3666 1510; x_wconf 86' lang='grc' dir='ltr'>κατα-</span> 
     </span>
    </p>
   </div>
   <div class='ocr_carea' id='block_1_44' title="bbox 2092 1529 3665 1613">
    <p class='ocr_par' dir='ltr' id='par_1_44' title="bbox 2092 1529 3665 1613">
     <span class='ocr_line' id='line_1_44' title="bbox 2092 1529 3665 1613; baseline 0.013 -33"><span class='ocrx_word' id='word_1_296' title='bbox 2092 1529 2374 1595; x_wconf 75' lang='grc' dir='ltr'>σκευάζων</span> <span class='ocrx_word' id='word_1_297' title='bbox 2403 1531 2494 1586; x_wconf 74' lang='grc' dir='ltr'><strong>τδν</strong></span> <span class='ocrx_word' id='word_1_298' title='bbox 2522 1532 2699 1602; x_wconf 81' lang='grc' dir='ltr'>λόγον,</span> <span class='ocrx_word' id='word_1_299' title='bbox 2728 1542 3121 1608; x_wconf 82' lang='grc' dir='ltr'>σχηματοποιεῖ</span> <span class='ocrx_word' id='word_1_300' title='bbox 3148 1542 3665 1613; x_wconf 79' lang='grc' dir='ltr'>κριτὴν,δικάζοντα</span> 
     </span>
    </p>
   </div>
   <div class='ocr_carea' id='block_1_45' title="bbox 2092 1620 2781 1696">
    <p class='ocr_par' dir='ltr' id='par_1_45' title="bbox 2092 1620 2781 1696">
     <span class='ocr_line' id='line_1_45' title="bbox 2092 1620 2781 1696; baseline 0.012 -25"><span class='ocrx_word' id='word_1_301' title='bbox 2092 1620 2188 1673; x_wconf 67' lang='grc' dir='ltr'>καὶ</span> <span class='ocrx_word' id='word_1_302' title='bbox 2212 1622 2337 1686; x_wconf 82' lang='grc' dir='ltr'>τοὺς</span> <span class='ocrx_word' id='word_1_303' title='bbox 2375 1622 2781 1696; x_wconf 81' lang='grc' dir='ltr'>ἐλεγχομένους.</span> 
     </span>
    </p>
   </div>
   <div class='ocr_carea' id='block_1_46' title="bbox 2655 1762 3098 1821">
    <p class='ocr_par' dir='ltr' id='par_1_46' title="bbox 2655 1762 3098 1821">
     <span class='ocr_line' id='line_1_46' title="bbox 2655 1762 3098 1821; baseline 0.011 -6"><span class='ocrx_word' id='word_1_304' title='bbox 2655 1762 2947 1818; x_wconf 76' lang='grc' dir='ltr'><strong>ΨΑΛΜΟΣ</strong></span> <span class='ocrx_word' id='word_1_305' title='bbox 2972 1766 3098 1821; x_wconf 85' lang='lat' dir='ltr'><strong>NB’.</strong></span> 
     </span>
    </p>
   </div>
   <div class='ocr_carea' id='block_1_47' title="bbox 2156 1846 3667 1937">
    <p class='ocr_par' dir='ltr' id='par_1_47' title="bbox 2156 1846 3667 1937">
     <span class='ocr_line' id='line_1_47' title="bbox 2156 1846 3667 1937; baseline 0.011 -37"><span class='ocrx_word' id='word_1_306' title='bbox 2156 1846 2306 1921; x_wconf 78' lang='grc' dir='ltr'>Στίχ.</span> <span class='ocrx_word' id='word_1_307' title='bbox 2338 1866 2365 1903; x_wconf 87' lang='grc' dir='ltr'><strong>ε</strong></span> <span class='ocrx_word' id='word_1_308' title='bbox 2387 1889 2401 1904; x_wconf 93' lang='grc'><strong>.</strong></span> <span class='ocrx_word' id='word_1_309' title='bbox 2423 1878 2490 1891; x_wconf 86' lang='lat'><em>--</em></span> <span class='ocrx_word' id='word_1_310' title='bbox 2512 1852 2647 1907; x_wconf 81' lang='grc' dir='ltr'>Μεθ’</span> <span class='ocrx_word' id='word_1_311' title='bbox 2676 1855 2979 1926; x_wconf 82' lang='grc' dir='ltr'>ὑπερδάτου</span> <span class='ocrx_word' id='word_1_312' title='bbox 3024 1859 3189 1914; x_wconf 89' lang='grc' dir='ltr'>ἐστιν.</span> <span class='ocrx_word' id='word_1_313' title='bbox 3219 1862 3373 1917; x_wconf 79' lang='grc' dir='ltr'>Οὕτω</span> <span class='ocrx_word' id='word_1_314' title='bbox 3418 1866 3527 1937; x_wconf 82' lang='grc' dir='ltr'><strong>γὰρ</strong></span> <span class='ocrx_word' id='word_1_315' title='bbox 3570 1868 3667 1921; x_wconf 68' lang='grc' dir='ltr'>ἐπρ</span> 
     </span>
    </p>
   </div>
   <div class='ocr_carea' id='block_1_48' title="bbox 2088 1942 3664 2029">
    <p class='ocr_par' dir='ltr' id='par_1_48' title="bbox 2088 1942 3664 2029">
     <span class='ocr_line' id='line_1_48' title="bbox 2088 1942 3664 2029; baseline 0.014 -38"><span class='ocrx_word' id='word_1_316' title='bbox 2088 1942 2485 2013; x_wconf 82' lang='grc' dir='ltr'>εσημηνάμεθα</span> <span class='ocrx_word' id='word_1_317' title='bbox 2526 1946 2715 1999; x_wconf 81' lang='grc' dir='ltr'>κάκεῖ·</span> <span class='ocrx_word' id='word_1_318' title='bbox 2759 1950 2792 2018; x_wconf 82' lang='grc' dir='ltr'><strong>ἡ</strong></span> <span class='ocrx_word' id='word_1_319' title='bbox 2831 1948 2939 2022; x_wconf 86' lang='grc' dir='ltr'><strong>γὰρ</strong></span> <span class='ocrx_word' id='word_1_320' title='bbox 2985 1952 3271 2007; x_wconf 77' lang='grc' dir='ltr'>ἀκολουθία</span> <span class='ocrx_word' id='word_1_321' title='bbox 3298 1954 3472 2027; x_wconf 79' lang='grc' dir='ltr'>αὕτη·</span> <span class='ocrx_word' id='word_1_322' title='bbox 3518 1959 3664 2029; x_wconf 72' lang='grc' dir='ltr'>Οὐχί</span> 
     </span>
    </p>
   </div>
   <div class='ocr_carea' id='block_1_49' title="bbox 2089 2032 3671 2119">
    <p class='ocr_par' dir='ltr' id='par_1_49' title="bbox 2089 2032 3671 2119">
     <span class='ocr_line' id='line_1_49' title="bbox 2089 2032 3671 2119; baseline 0.013 -35"><span class='ocrx_word' id='word_1_323' title='bbox 2089 2032 2424 2099; x_wconf 75' lang='grc' dir='ltr'><strong>γνώσονται</strong></span> <span class='ocrx_word' id='word_1_324' title='bbox 2469 2035 2692 2105; x_wconf 83' lang='grc' dir='ltr'>πάντες</span> <span class='ocrx_word' id='word_1_325' title='bbox 2729 2043 2783 2094; x_wconf 81' lang='grc' dir='ltr'>οἱ</span> <span class='ocrx_word' id='word_1_326' title='bbox 2834 2041 3204 2113; x_wconf 63' lang='grc' dir='ltr'>ἐργαζόμενοι</span> <span class='ocrx_word' id='word_1_327' title='bbox 3235 2047 3350 2115; x_wconf 80' lang='grc' dir='ltr'>τὴν</span> <span class='ocrx_word' id='word_1_328' title='bbox 3386 2048 3671 2119; x_wconf 78' lang='grc' dir='ltr'>ἀνομίαν,</span> 
     </span>
    </p>
   </div>
   <div class='ocr_carea' id='block_1_50' title="bbox 2089 2125 3671 2207">
    <p class='ocr_par' dir='ltr' id='par_1_50' title="bbox 2089 2125 3671 2207">
     <span class='ocr_line' id='line_1_50' title="bbox 2089 2125 3671 2207; baseline 0.014 -31"><span class='ocrx_word' id='word_1_329' title='bbox 2089 2125 2143 2176; x_wconf 74' lang='lat' dir='ltr'><strong>oi</strong></span> <span class='ocrx_word' id='word_1_330' title='bbox 2171 2127 2590 2196; x_wconf 78' lang='grc' dir='ltr'><strong>κατεσθίοντες</strong></span> <span class='ocrx_word' id='word_1_331' title='bbox 2628 2131 2735 2185; x_wconf 85' lang='grc' dir='ltr'>τὸν</span> <span class='ocrx_word' id='word_1_332' title='bbox 2764 2133 2917 2187; x_wconf 73' lang='grc' dir='ltr'>λαὸν</span> <span class='ocrx_word' id='word_1_333' title='bbox 2935 2135 3005 2188; x_wconf 84' lang='grc' dir='ltr'>ἐν</span> <span class='ocrx_word' id='word_1_334' title='bbox 3036 2136 3263 2205; x_wconf 79' lang='grc' dir='ltr'><strong>βρώσει</strong></span> <span class='ocrx_word' id='word_1_335' title='bbox 3288 2138 3492 2207; x_wconf 76' lang='grc' dir='ltr'>ἄρτου.</span> <span class='ocrx_word' id='word_1_336' title='bbox 3520 2143 3608 2196; x_wconf 81' lang='grc' dir='ltr'>ὅτι</span> <span class='ocrx_word' id='word_1_337' title='bbox 3632 2148 3671 2199; x_wconf 82' lang='grc' dir='ltr'><em>ὁ</em></span> 
     </span>
    </p>
   </div>
   <div class='ocr_carea' id='block_1_51' title="bbox 2090 2216 3665 2303">
    <p class='ocr_par' dir='ltr' id='par_1_51' title="bbox 2090 2216 3665 2303">
     <span class='ocr_line' id='line_1_51' title="bbox 2090 2216 3665 2303; baseline 0.012 -35"><span class='ocrx_word' id='word_1_338' title='bbox 2090 2216 2233 2282; x_wconf 83' lang='grc' dir='ltr'>Θεὸς</span> <span class='ocrx_word' id='word_1_339' title='bbox 2243 2216 2625 2289; x_wconf 79' lang='grc' dir='ltr'>διεσκόρπισε</span> <span class='ocrx_word' id='word_1_340' title='bbox 2642 2225 2715 2276; x_wconf 83' lang='grc' dir='ltr'>τὰ</span> <span class='ocrx_word' id='word_1_341' title='bbox 2736 2223 2887 2280; x_wconf 84' lang='grc' dir='ltr'><em>ὀστᾶ</em></span> <span class='ocrx_word' id='word_1_342' title='bbox 2910 2226 3497 2303; x_wconf 81' lang='grc' dir='ltr'>ἀνθρώπ[αρέσκ]ων;</span> <span class='ocrx_word' id='word_1_343' title='bbox 3518 2233 3585 2286; x_wconf 78' lang='grc' dir='ltr'><strong>τὰ</strong></span> <span class='ocrx_word' id='word_1_344' title='bbox 3608 2234 3665 2288; x_wconf 86' lang='grc' dir='ltr'><strong>δέ</strong></span> 
     </span>
    </p>
   </div>
   <div class='ocr_carea' id='block_1_52' title="bbox 2087 2304 3663 2393">
    <p class='ocr_par' dir='ltr' id='par_1_52' title="bbox 2087 2304 3663 2393">
     <span class='ocr_line' id='line_1_52' title="bbox 2087 2304 3663 2393; baseline 0.014 -35"><span class='ocrx_word' id='word_1_345' title='bbox 2087 2304 2250 2393; x_wconf 85' lang='grc' dir='ltr'>λοιπά</span> <span class='ocrx_word' id='word_1_346' title='bbox 2272 2309 2359 2362; x_wconf 84' lang='grc' dir='ltr'>διὰ</span> <span class='ocrx_word' id='word_1_347' title='bbox 2391 2311 2576 2381; x_wconf 81' lang='grc' dir='ltr'>μέσου.</span> <span class='ocrx_word' id='word_1_348' title='bbox 2605 2315 2912 2371; x_wconf 86' lang='grc' dir='ltr'>Τουτέστιν·</span> <span class='ocrx_word' id='word_1_349' title='bbox 2943 2321 3057 2373; x_wconf 79' lang='grc' dir='ltr'><strong>Οὐκ</strong></span> <span class='ocrx_word' id='word_1_350' title='bbox 3081 2321 3146 2375; x_wconf 80' lang='grc' dir='ltr'>ἂν</span> <span class='ocrx_word' id='word_1_351' title='bbox 3178 2322 3396 2393; x_wconf 84' lang='grc' dir='ltr'>μάθοιεν</span> <span class='ocrx_word' id='word_1_352' title='bbox 3431 2328 3582 2380; x_wconf 80' lang='grc' dir='ltr'>αὐτοὶ</span> <span class='ocrx_word' id='word_1_353' title='bbox 3612 2328 3663 2380; x_wconf 78' lang='grc' dir='ltr'>οἱ</span> 
     </span>
    </p>
   </div>
   <div class='ocr_carea' id='block_1_53' title="bbox 2088 2392 3663 2480">
    <p class='ocr_par' dir='ltr' id='par_1_53' title="bbox 2088 2392 3663 2480">
     <span class='ocr_line' id='line_1_53' title="bbox 2088 2392 3663 2480; baseline 0.017 -35"><span class='ocrx_word' id='word_1_354' title='bbox 2088 2392 2186 2464; x_wconf 84' lang='grc' dir='ltr'><strong>τῆς</strong></span> <span class='ocrx_word' id='word_1_355' title='bbox 2214 2395 2443 2466; x_wconf 83' lang='grc' dir='ltr'>ἀνομίας</span> <span class='ocrx_word' id='word_1_356' title='bbox 2466 2402 2730 2471; x_wconf 84' lang='grc' dir='ltr'>ἐργάται,</span> <span class='ocrx_word' id='word_1_357' title='bbox 2772 2407 2821 2459; x_wconf 78' lang='lat' dir='ltr'><strong>oi</strong></span> <span class='ocrx_word' id='word_1_358' title='bbox 2861 2406 2953 2462; x_wconf 84' lang='grc' dir='ltr'>τὸν</span> <span class='ocrx_word' id='word_1_359' title='bbox 2991 2408 3118 2464; x_wconf 77' lang='grc' dir='ltr'>λαὸν</span> <span class='ocrx_word' id='word_1_360' title='bbox 3145 2392 3540 2480; x_wconf 82' lang='grc' dir='ltr'>κατεσθίοντες,</span> <span class='ocrx_word' id='word_1_361' title='bbox 3568 2419 3663 2471; x_wconf 79' lang='grc' dir='ltr'><strong>καὶ</strong></span> 
     </span>
    </p>
   </div>
   <div class='ocr_carea' id='block_1_54' title="bbox 2089 2490 3665 2576">
    <p class='ocr_par' dir='ltr' id='par_1_54' title="bbox 2089 2490 3665 2576">
     <span class='ocr_line' id='line_1_54' title="bbox 2089 2490 3665 2576; baseline 0.015 -36"><span class='ocrx_word' id='word_1_362' title='bbox 2089 2490 2504 2547; x_wconf 82' lang='grc' dir='ltr'>καταναλίσκειν</span> <span class='ocrx_word' id='word_1_363' title='bbox 2530 2494 2715 2568; x_wconf 81' lang='grc' dir='ltr'>ὥσπερ</span> <span class='ocrx_word' id='word_1_364' title='bbox 2759 2499 2882 2553; x_wconf 83' lang='grc' dir='ltr'>τινὰ</span> <span class='ocrx_word' id='word_1_365' title='bbox 2909 2503 3113 2574; x_wconf 83' lang='grc' dir='ltr'>τροφὴν</span> <span class='ocrx_word' id='word_1_366' title='bbox 3132 2504 3435 2573; x_wconf 85' lang='grc' dir='ltr'>ἀναγκαίαν</span> <span class='ocrx_word' id='word_1_367' title='bbox 3467 2510 3665 2576; x_wconf 83' lang='grc' dir='ltr'>αὐτοὺς</span> 
     </span>
    </p>
   </div>
   <div class='ocr_carea' id='block_1_55' title="bbox 2090 2580 3664 2669">
    <p class='ocr_par' dir='ltr' id='par_1_55' title="bbox 2090 2580 3664 2669">
     <span class='ocr_line' id='line_1_55' title="bbox 2090 2580 3664 2669; baseline 0.015 -37"><span class='ocrx_word' id='word_1_368' title='bbox 2090 2580 2441 2652; x_wconf 84' lang='grc' dir='ltr'>πειρώμενοι,</span> <span class='ocrx_word' id='word_1_369' title='bbox 2479 2587 2561 2639; x_wconf 83' lang='grc' dir='ltr'>ὅτι</span> <span class='ocrx_word' id='word_1_370' title='bbox 2610 2590 2821 2655; x_wconf 81' lang='grc' dir='ltr'>πάντας</span> <span class='ocrx_word' id='word_1_371' title='bbox 2866 2593 3198 2660; x_wconf 80' lang='grc' dir='ltr'>ἀναλίσκεις,</span> <span class='ocrx_word' id='word_1_372' title='bbox 3232 2598 3325 2652; x_wconf 74' lang='grc' dir='ltr'>καὶ</span> <span class='ocrx_word' id='word_1_373' title='bbox 3381 2601 3664 2669; x_wconf 79' lang='grc' dir='ltr'>ἀφανίζεις</span> 
     </span>
    </p>
   </div>
   <div class='ocr_carea' id='block_1_56' title="bbox 2089 2675 3661 2768">
    <p class='ocr_par' dir='ltr' id='par_1_56' title="bbox 2089 2675 3661 2768">
     <span class='ocr_line' id='line_1_56' title="bbox 2089 2675 3661 2768; baseline 0.016 -43"><span class='ocrx_word' id='word_1_374' title='bbox 2089 2676 2216 2768; x_wconf 62' lang='grc' dir='ltr'>τους</span> <span class='ocrx_word' id='word_1_375' title='bbox 2238 2675 2749 2768; x_wconf 31' lang='grc' dir='ltr'>άν-θρωπαρέσκους,</span> <span class='ocrx_word' id='word_1_376' title='bbox 2780 2685 2856 2748; x_wconf 81' lang='grc' dir='ltr'>ὡς</span> <span class='ocrx_word' id='word_1_377' title='bbox 2878 2687 2986 2740; x_wconf 84' lang='grc' dir='ltr'>ἀπὸ</span> <span class='ocrx_word' id='word_1_378' title='bbox 3013 2689 3106 2743; x_wconf 80' lang='grc' dir='ltr'>τοῦ</span> <span class='ocrx_word' id='word_1_379' title='bbox 3152 2691 3423 2761; x_wconf 77' lang='grc' dir='ltr'>Ῥαψάκου</span> <span class='ocrx_word' id='word_1_380' title='bbox 3442 2735 3456 2759; x_wconf 93' lang='grc'><strong>,</strong></span> <span class='ocrx_word' id='word_1_381' title='bbox 3475 2695 3661 2768; x_wconf 80' lang='grc' dir='ltr'>ἐπειδὴ</span> 
     </span>
    </p>
   </div>
   <div class='ocr_carea' id='block_1_57' title="bbox 2089 2765 3664 2857">
    <p class='ocr_par' dir='ltr' id='par_1_57' title="bbox 2089 2765 3664 2857">
     <span class='ocr_line' id='line_1_57' title="bbox 2089 2765 3664 2857; baseline 0.017 -41"><span class='ocrx_word' id='word_1_382' title='bbox 2089 2765 2226 2857; x_wconf 75' lang='grc' dir='ltr'>πρὸς</span> <span class='ocrx_word' id='word_1_383' title='bbox 2249 2766 2407 2837; x_wconf 87' lang='grc' dir='ltr'>χάριν</span> <span class='ocrx_word' id='word_1_384' title='bbox 2433 2770 2732 2842; x_wconf 82' lang='grc' dir='ltr'>ἀνθρώπων</span> <span class='ocrx_word' id='word_1_385' title='bbox 2759 2775 3009 2841; x_wconf 72' lang='grc' dir='ltr'>ἀσεϐείας</span> <span class='ocrx_word' id='word_1_386' title='bbox 3032 2779 3328 2857; x_wconf 79' lang='grc' dir='ltr'>ἐφθέγγετο</span> <span class='ocrx_word' id='word_1_387' title='bbox 3354 2785 3559 2855; x_wconf 84' lang='grc' dir='ltr'>μεστά;</span> <span class='ocrx_word' id='word_1_388' title='bbox 3591 2765 3664 2843; x_wconf 64' lang='lat' dir='ltr'><strong>To</strong></span> 
     </span>
    </p>
   </div>
   <div class='ocr_carea' id='block_1_58' title="bbox 2087 2856 3663 2946">
    <p class='ocr_par' dir='ltr' id='par_1_58' title="bbox 2087 2856 3663 2946">
     <span class='ocr_line' id='line_1_58' title="bbox 2087 2856 3663 2946; baseline 0.016 -38"><span class='ocrx_word' id='word_1_389' title='bbox 2087 2856 2165 2922; x_wconf 85' lang='grc' dir='ltr'><strong>δέ,</strong></span> <span class='ocrx_word' id='word_1_390' title='bbox 2198 2857 2308 2910; x_wconf 84' lang='grc' dir='ltr'><strong>Τὸν</strong></span> <span class='ocrx_word' id='word_1_391' title='bbox 2355 2860 2502 2913; x_wconf 85' lang='grc' dir='ltr'>Θεὸν</span> <span class='ocrx_word' id='word_1_392' title='bbox 2548 2864 2658 2917; x_wconf 82' lang='grc' dir='ltr'>οὐκ</span> <span class='ocrx_word' id='word_1_393' title='bbox 2701 2865 3148 2925; x_wconf 76' lang='grc' dir='ltr'>ἐπεκαλέσαντο</span> <span class='ocrx_word' id='word_1_394' title='bbox 3172 2887 3185 2901; x_wconf 83' lang='lat'><strong><em>°</em></strong></span> <span class='ocrx_word' id='word_1_395' title='bbox 3213 2856 3340 2928; x_wconf 78' lang='grc' dir='ltr'>ἐκεῖ</span> <span class='ocrx_word' id='word_1_396' title='bbox 3371 2876 3663 2946; x_wconf 65' lang='grc' dir='ltr'>ἐφοϐήθη-</span> 
     </span>
    </p>
   </div>
   <div class='ocr_carea' id='block_1_59' title="bbox 2089 2948 3663 3035">
    <p class='ocr_par' dir='ltr' id='par_1_59' title="bbox 2089 2948 3663 3035">
     <span class='ocr_line' id='line_1_59' title="bbox 2089 2948 3663 3035; baseline 0.015 -34"><span class='ocrx_word' id='word_1_397' title='bbox 2089 2963 2210 3002; x_wconf 85' lang='grc' dir='ltr'><strong>σαν</strong></span> <span class='ocrx_word' id='word_1_398' title='bbox 2234 2951 2422 3019; x_wconf 74' lang='grc' dir='ltr'>φόϐον</span> <span class='ocrx_word' id='word_1_399' title='bbox 2441 2948 2513 3008; x_wconf 83' lang='grc' dir='ltr'>οὗ</span> <span class='ocrx_word' id='word_1_400' title='bbox 2538 2957 2647 3010; x_wconf 79' lang='grc' dir='ltr'>οὐκ</span> <span class='ocrx_word' id='word_1_401' title='bbox 2669 2952 2746 3026; x_wconf 82' lang='grc' dir='ltr'>ἦν</span> <span class='ocrx_word' id='word_1_402' title='bbox 2770 2961 2972 3027; x_wconf 72' lang='grc' dir='ltr'>φόϐος,</span> <span class='ocrx_word' id='word_1_403' title='bbox 3001 2961 3088 3015; x_wconf 83' lang='grc' dir='ltr'><strong>διὰ</strong></span> <span class='ocrx_word' id='word_1_404' title='bbox 3118 2963 3279 3035; x_wconf 80' lang='grc' dir='ltr'>μέσου</span> <span class='ocrx_word' id='word_1_405' title='bbox 3305 2968 3498 3022; x_wconf 87' lang='grc' dir='ltr'>κεῖται.</span> <span class='ocrx_word' id='word_1_406' title='bbox 3517 2969 3663 3024; x_wconf 76' lang='grc' dir='ltr'>’Δντὶ</span> 
     </span>
    </p>
   </div>
   <div class='ocr_carea' id='block_1_60' title="bbox 2087 3039 3662 3132">
    <p class='ocr_par' dir='ltr' id='par_1_60' title="bbox 2087 3039 3662 3132">
     <span class='ocr_line' id='line_1_60' title="bbox 2087 3039 3662 3132; baseline 0.017 -41"><span class='ocrx_word' id='word_1_407' title='bbox 2087 3039 2203 3132; x_wconf 82' lang='grc' dir='ltr'>τοῦ,</span> <span class='ocrx_word' id='word_1_408' title='bbox 2229 3042 2362 3095; x_wconf 79' lang='grc' dir='ltr'>Θεοῦ</span> <span class='ocrx_word' id='word_1_409' title='bbox 2409 3046 2629 3116; x_wconf 83' lang='grc' dir='ltr'>μνήμην</span> <span class='ocrx_word' id='word_1_410' title='bbox 2688 3049 2761 3120; x_wconf 81' lang='grc' dir='ltr'>μὴ</span> <span class='ocrx_word' id='word_1_411' title='bbox 2809 3053 3187 3124; x_wconf 85' lang='grc' dir='ltr'>ποιησάμενοι,</span> <span class='ocrx_word' id='word_1_412' title='bbox 3229 3057 3577 3132; x_wconf 79' lang='grc' dir='ltr'>ἐφοϐήθησαν</span> <span class='ocrx_word' id='word_1_413' title='bbox 3623 3061 3662 3117; x_wconf 73' lang='grc' dir='ltr'>ἃ</span> 
     </span>
    </p>
   </div>
   <div class='ocr_carea' id='block_1_61' title="bbox 2091 3129 3658 3225">
    <p class='ocr_par' dir='ltr' id='par_1_61' title="bbox 2091 3129 3658 3225">
     <span class='ocr_line' id='line_1_61' title="bbox 2091 3129 3658 3225; baseline 0.016 -43"><span class='ocrx_word' id='word_1_414' title='bbox 2214 3134 2637 3207; x_wconf 84' lang='grc' dir='ltr'>προσεδόκησαν.</span> <span class='ocrx_word' id='word_1_415' title='bbox 2676 3140 3201 3215; x_wconf 78' lang='grc' dir='ltr'>Καταφρονήσαντες</span> <span class='ocrx_word' id='word_1_416' title='bbox 3235 3149 3342 3222; x_wconf 78' lang='grc' dir='ltr'>γὰρ</span> <span class='ocrx_word' id='word_1_417' title='bbox 3362 3129 3469 3203; x_wconf 83' lang='grc' dir='ltr'>τῶν</span> <span class='ocrx_word' id='word_1_418' title='bbox 3505 3155 3562 3205; x_wconf 92' lang='grc' dir='ltr'><strong>ἐν</strong></span> <span class='ocrx_word' id='word_1_419' title='bbox 3592 3156 3658 3225; x_wconf 82' lang='grc' dir='ltr'>τῇ</span> 
     </span>
    </p>
   </div>
   <div class='ocr_carea' id='block_1_62' title="bbox 2097 3221 3673 3311">
    <p class='ocr_par' dir='ltr' id='par_1_62' title="bbox 2097 3221 3673 3311">
     <span class='ocr_line' id='line_1_62' title="bbox 2097 3221 3673 3311; baseline 0.015 -36"><span class='ocrx_word' id='word_1_420' title='bbox 2097 3221 2467 3297; x_wconf 83' lang='grc' dir='ltr'>Ἰερουσαλὴμ,</span> <span class='ocrx_word' id='word_1_421' title='bbox 2500 3229 2575 3293; x_wconf 84' lang='grc' dir='ltr'>ὠς</span> <span class='ocrx_word' id='word_1_422' title='bbox 2605 3231 2834 3286; x_wconf 85' lang='grc' dir='ltr'>εὐτελῶν</span> <span class='ocrx_word' id='word_1_423' title='bbox 2884 3236 2976 3288; x_wconf 76' lang='grc' dir='ltr'><strong>καὶ</strong></span> <span class='ocrx_word' id='word_1_424' title='bbox 3020 3236 3217 3307; x_wconf 89' lang='grc' dir='ltr'>ὀλίγων</span> <span class='ocrx_word' id='word_1_425' title='bbox 3237 3278 3251 3303; x_wconf 92' lang='grc'><strong>,</strong></span> <span class='ocrx_word' id='word_1_426' title='bbox 3282 3241 3432 3311; x_wconf 87' lang='grc' dir='ltr'><strong>παρά</strong></span> <span class='ocrx_word' id='word_1_427' title='bbox 3478 3244 3673 3298; x_wconf 69' lang='grc' dir='ltr'>πᾶσαν</span> 
     </span>
    </p>
   </div>
   <div class='ocr_carea' id='block_1_63' title="bbox 2089 3314 3488 3399">
    <p class='ocr_par' dir='ltr' id='par_1_63' title="bbox 2089 3314 3488 3399">
     <span class='ocr_line' id='line_1_63' title="bbox 2089 3314 3488 3399; baseline 0.014 -31"><span class='ocrx_word' id='word_1_428' title='bbox 2089 3314 2275 3369; x_wconf 84' lang='grc' dir='ltr'>ἐλπίδα</span> <span class='ocrx_word' id='word_1_429' title='bbox 2302 3318 2399 3389; x_wconf 79' lang='grc' dir='ltr'>τὴν</span> <span class='ocrx_word' id='word_1_430' title='bbox 2431 3321 2582 3392; x_wconf 87' lang='grc' dir='ltr'><strong>παρά</strong></span> <span class='ocrx_word' id='word_1_431' title='bbox 2627 3323 2720 3376; x_wconf 78' lang='grc' dir='ltr'>τοῦ</span> <span class='ocrx_word' id='word_1_432' title='bbox 2754 3323 2888 3381; x_wconf 83' lang='grc' dir='ltr'>Θεοῦ</span> <span class='ocrx_word' id='word_1_433' title='bbox 2912 3329 3181 3399; x_wconf 85' lang='grc' dir='ltr'>τιμωρίαν</span> <span class='ocrx_word' id='word_1_434' title='bbox 3221 3331 3488 3396; x_wconf 79' lang='grc' dir='ltr'>ἐδέξαντο.</span> 
     </span>
    </p>
   </div>
   <div class='ocr_carea' id='block_1_64' title="bbox 487 3510 1985 3606">
    <p class='ocr_par' dir='ltr' id='par_1_64' title="bbox 487 3516 1982 3591">
     <span class='ocr_line' id='line_1_64' title="bbox 487 3516 1982 3591; baseline 0.001 -20"><span class='ocrx_word' id='word_1_435' title='bbox 487 3516 652 3574; x_wconf 78' lang='lat' dir='ltr'><strong>Vens.</strong></span> <span class='ocrx_word' id='word_1_436' title='bbox 686 3520 739 3572; x_wconf 88' lang='lat'><strong>7.</strong></span> <span class='ocrx_word' id='word_1_437' title='bbox 768 3547 837 3559; x_wconf 96' lang='lat'>—</span> <span class='ocrx_word' id='word_1_438' title='bbox 864 3517 1134 3584; x_wconf 83' lang='lat' dir='ltr'><strong>Quoniam</strong></span> <span class='ocrx_word' id='word_1_439' title='bbox 1179 3517 1322 3574; x_wconf 91' lang='lat' dir='ltr'><strong>Deus</strong></span> <span class='ocrx_word' id='word_1_440' title='bbox 1356 3518 1413 3572; x_wconf 90' lang='lat' dir='ltr'><strong>in</strong></span> <span class='ocrx_word' id='word_1_441' title='bbox 1454 3517 1589 3573; x_wconf 92' lang='lat' dir='ltr'><strong>Sion</strong></span> <span class='ocrx_word' id='word_1_442' title='bbox 1624 3517 1875 3573; x_wconf 87' lang='lat' dir='ltr'><strong>habitare</strong></span> <span class='ocrx_word' id='word_1_443' title='bbox 1915 3517 1982 3591; x_wconf 85' lang='lat' dir='ltr'><strong>ab</strong></span> 
     </span>
    </p>
   </div>
   <div class='ocr_carea' id='block_1_65' title="bbox 2087 3510 3662 3606">
    <p class='ocr_par' dir='ltr' id='par_1_65' title="bbox 2158 3521 3662 3606">
     <span class='ocr_line' id='line_1_65' title="bbox 2158 3521 3662 3606; baseline 0.011 -33"><span class='ocrx_word' id='word_1_444' title='bbox 2158 3521 2301 3592; x_wconf 87' lang='grc' dir='ltr'>Στίχ.</span> <span class='ocrx_word' id='word_1_445' title='bbox 2335 3521 2400 3585; x_wconf 80' lang='grc' dir='ltr'><strong>ζ’.</strong></span> <span class='ocrx_word' id='word_1_446' title='bbox 2435 3523 2735 3596; x_wconf 80' lang='grc' dir='ltr'>-Ἑπειδὴ</span> <span class='ocrx_word' id='word_1_447' title='bbox 2765 3530 2821 3581; x_wconf 89' lang='grc' dir='ltr'><strong>ἐν</strong></span> <span class='ocrx_word' id='word_1_448' title='bbox 2849 3532 2914 3600; x_wconf 86' lang='grc' dir='ltr'>τῇ</span> <span class='ocrx_word' id='word_1_449' title='bbox 2946 3530 3081 3582; x_wconf 85' lang='grc' dir='ltr'>Σιὼν</span> <span class='ocrx_word' id='word_1_450' title='bbox 3113 3538 3384 3588; x_wconf 84' lang='grc' dir='ltr'>κατοικεῖν</span> <span class='ocrx_word' id='word_1_451' title='bbox 3412 3536 3540 3606; x_wconf 78' lang='grc' dir='ltr'>παρ’</span> <span class='ocrx_word' id='word_1_452' title='bbox 3563 3536 3662 3589; x_wconf 82' lang='grc' dir='ltr'><strong>αὐ-</strong></span> 
     </span>
    </p>
   </div>
   <div class='ocr_carea' id='block_1_66' title="bbox 418 3607 1983 3678">
    <p class='ocr_par' dir='ltr' id='par_1_66' title="bbox 418 3607 1983 3678">
     <span class='ocr_line' id='line_1_66' title="bbox 418 3607 1983 3678; baseline 0.001 -16"><span class='ocrx_word' id='word_1_453' title='bbox 418 3607 553 3677; x_wconf 90' lang='lat' dir='ltr'><strong>ipsis</strong></span> <span class='ocrx_word' id='word_1_454' title='bbox 587 3608 902 3677; x_wconf 89' lang='lat' dir='ltr'><strong>putabatur,</strong></span> <span class='ocrx_word' id='word_1_455' title='bbox 951 3607 1237 3674; x_wconf 83' lang='lat' dir='ltr'><strong>Quisnam,</strong></span> <span class='ocrx_word' id='word_1_456' title='bbox 1269 3607 1471 3678; x_wconf 87' lang='lat' dir='ltr'><strong>inquit,</strong></span> <span class='ocrx_word' id='word_1_457' title='bbox 1520 3608 1589 3664; x_wconf 90' lang='lat' dir='ltr'><strong>de</strong></span> <span class='ocrx_word' id='word_1_458' title='bbox 1634 3614 1817 3664; x_wconf 90' lang='lat' dir='ltr'><strong>monte</strong></span> <span class='ocrx_word' id='word_1_459' title='bbox 1849 3607 1983 3664; x_wconf 91' lang='lat' dir='ltr'><strong>Sion</strong></span> 
     </span>
    </p>
   </div>
   <div class='ocr_carea' id='block_1_67' title="bbox 415 3699 1982 3771">
    <p class='ocr_par' dir='ltr' id='par_1_67' title="bbox 415 3699 1982 3771">
     <span class='ocr_line' id='line_1_67' title="bbox 415 3699 1982 3771; baseline 0.001 -16"><span class='ocrx_word' id='word_1_460' title='bbox 415 3701 649 3755; x_wconf 87' lang='lat' dir='ltr'><strong>salutem</strong></span> <span class='ocrx_word' id='word_1_461' title='bbox 686 3699 845 3755; x_wconf 90' lang='lat' dir='ltr'><strong>nobis</strong></span> <span class='ocrx_word' id='word_1_462' title='bbox 883 3700 1204 3754; x_wconf 74' lang='lat' dir='ltr'><strong>exhibebit?</strong></span> <span class='ocrx_word' id='word_1_463' title='bbox 1250 3699 1308 3755; x_wconf 92' lang='lat' dir='ltr'><strong>ld</strong></span> <span class='ocrx_word' id='word_1_464' title='bbox 1342 3709 1447 3763; x_wconf 87' lang='lat' dir='ltr'><strong>est,</strong></span> <span class='ocrx_word' id='word_1_465' title='bbox 1494 3699 1660 3769; x_wconf 89' lang='lat' dir='ltr'><strong>Deus,</strong></span> <span class='ocrx_word' id='word_1_466' title='bbox 1722 3710 1982 3771; x_wconf 87' lang='lat' dir='ltr'><strong>tanquam</strong></span> 
     </span>
    </p>
   </div>
   <div class='ocr_carea' id='block_1_68' title="bbox 416 3791 1980 3864">
    <p class='ocr_par' dir='ltr' id='par_1_68' title="bbox 416 3791 1980 3864">
     <span class='ocr_line' id='line_1_68' title="bbox 416 3791 1980 3864; baseline 0.002 -19"><span class='ocrx_word' id='word_1_467' title='bbox 416 3792 469 3846; x_wconf 91' lang='lat' dir='ltr'><strong>id</strong></span> <span class='ocrx_word' id='word_1_468' title='bbox 508 3792 653 3862; x_wconf 90' lang='lat' dir='ltr'><strong>quod</strong></span> <span class='ocrx_word' id='word_1_469' title='bbox 690 3792 742 3846; x_wconf 96' lang='lat' dir='ltr'><strong>in</strong></span> <span class='ocrx_word' id='word_1_470' title='bbox 784 3791 1037 3848; x_wconf 81' lang='lat' dir='ltr'><strong>confesso</strong></span> <span class='ocrx_word' id='word_1_471' title='bbox 1076 3792 1169 3856; x_wconf 86' lang='lat' dir='ltr'><strong>sit,</strong></span> <span class='ocrx_word' id='word_1_472' title='bbox 1199 3793 1505 3856; x_wconf 90' lang='lat' dir='ltr'><strong>subticens.</strong></span> <span class='ocrx_word' id='word_1_473' title='bbox 1535 3793 1980 3864; x_wconf 84' lang='lat' dir='ltr'><strong>quandoquidem</strong></span> 
     </span>
    </p>
   </div>
   <div class='ocr_carea' id='block_1_69' title="bbox 413 3885 1984 3958">
    <p class='ocr_par' dir='ltr' id='par_1_69' title="bbox 413 3885 1984 3958">
     <span class='ocr_line' id='line_1_69' title="bbox 413 3885 1984 3958; baseline 0.002 -19"><span class='ocrx_word' id='word_1_474' title='bbox 413 3901 481 3939; x_wconf 75' lang='lat' dir='ltr'><strong>ex</strong></span> <span class='ocrx_word' id='word_1_475' title='bbox 513 3893 696 3939; x_wconf 89' lang='lat' dir='ltr'><strong>monte</strong></span> <span class='ocrx_word' id='word_1_476' title='bbox 727 3886 860 3939; x_wconf 86' lang='lat' dir='ltr'><strong>Sion</strong></span> <span class='ocrx_word' id='word_1_477' title='bbox 887 3900 916 3939; x_wconf 90' lang='lat' dir='ltr'><strong>a</strong></span> <span class='ocrx_word' id='word_1_478' title='bbox 947 3885 1100 3939; x_wconf 90' lang='lat' dir='ltr'><strong>nullo</strong></span> <span class='ocrx_word' id='word_1_479' title='bbox 1128 3886 1235 3940; x_wconf 87' lang='lat' dir='ltr'><strong>alio</strong></span> <span class='ocrx_word' id='word_1_480' title='bbox 1270 3886 1530 3941; x_wconf 74' lang='lat' dir='ltr'><strong>auxilium</strong></span> <span class='ocrx_word' id='word_1_481' title='bbox 1554 3889 1801 3957; x_wconf 88' lang='lat' dir='ltr'><strong>accipere</strong></span> <span class='ocrx_word' id='word_1_482' title='bbox 1838 3898 1984 3958; x_wconf 87' lang='lat' dir='ltr'><strong>pote-</strong></span> 
     </span>
    </p>
   </div>
   <div class='ocr_carea' id='block_1_70' title="bbox 413 3976 1981 4053">
    <p class='ocr_par' dir='ltr' id='par_1_70' title="bbox 413 3976 1981 4053">
     <span class='ocr_line' id='line_1_70' title="bbox 413 3976 1981 4053; baseline 0.003 -23"><span class='ocrx_word' id='word_1_483' title='bbox 413 3985 558 4037; x_wconf 89' lang='lat' dir='ltr'><strong>rant,</strong></span> <span class='ocrx_word' id='word_1_484' title='bbox 615 3985 972 4046; x_wconf 86' lang='lat' dir='ltr'><strong>praeterquam</strong></span> <span class='ocrx_word' id='word_1_485' title='bbox 1025 3992 1056 4031; x_wconf 80' lang='grc' dir='ltr'><strong>α</strong></span> <span class='ocrx_word' id='word_1_486' title='bbox 1104 3976 1239 4045; x_wconf 90' lang='lat' dir='ltr'><strong>Deo,</strong></span> <span class='ocrx_word' id='word_1_487' title='bbox 1283 3979 1378 4049; x_wconf 90' lang='lat' dir='ltr'><strong>qui</strong></span> <span class='ocrx_word' id='word_1_488' title='bbox 1412 3979 1613 4035; x_wconf 91' lang='lat' dir='ltr'><strong>ibidem</strong></span> <span class='ocrx_word' id='word_1_489' title='bbox 1648 3981 1981 4053; x_wconf 88' lang='lat' dir='ltr'><strong>commorari</strong></span> 
     </span>
    </p>
   </div>
   <div class='ocr_carea' id='block_1_71' title="bbox 410 4067 755 4122">
    <p class='ocr_par' dir='ltr' id='par_1_71' title="bbox 410 4067 755 4122">
     <span class='ocr_line' id='line_1_71' title="bbox 410 4067 755 4122; baseline -0.003 0"><span class='ocrx_word' id='word_1_490' title='bbox 410 4067 755 4122; x_wconf 86' lang='lat' dir='ltr'><strong>credebatur.</strong></span> 
     </span>
    </p>
   </div>
   <div class='ocr_carea' id='block_1_72' title="bbox 961 4200 1453 4260">
    <p class='ocr_par' dir='ltr' id='par_1_72' title="bbox 961 4200 1453 4260">
     <span class='ocr_line' id='line_1_72' title="bbox 961 4200 1453 4260; baseline 0.008 -4"><span class='ocrx_word' id='word_1_491' title='bbox 961 4200 1183 4257; x_wconf 78' lang='lat' dir='ltr'><strong>PSALM</strong></span> <span class='ocrx_word' id='word_1_492' title='bbox 1194 4202 1279 4260; x_wconf 90' lang='lat' dir='ltr'><strong>US</strong></span> <span class='ocrx_word' id='word_1_493' title='bbox 1319 4204 1453 4260; x_wconf 70' lang='lat' dir='ltr'><strong>LI&quot;.</strong></span> 
     </span>
    </p>
   </div>
   <div class='ocr_carea' id='block_1_73' title="bbox 479 4339 1979 4413">
    <p class='ocr_par' dir='ltr' id='par_1_73' title="bbox 479 4339 1979 4413">
     <span class='ocr_line' id='line_1_73' title="bbox 479 4339 1979 4413; baseline 0.005 -20"><span class='ocrx_word' id='word_1_494' title='bbox 479 4339 645 4397; x_wconf 66' lang='lat' dir='ltr'><strong>Vens.</strong></span> <span class='ocrx_word' id='word_1_495' title='bbox 670 4340 724 4395; x_wconf 75' lang='grc'><strong>5.</strong></span> <span class='ocrx_word' id='word_1_496' title='bbox 750 4371 820 4381; x_wconf 91' lang='grc'><strong><em>--</em></strong></span> <span class='ocrx_word' id='word_1_497' title='bbox 844 4341 1113 4407; x_wconf 84' lang='lat' dir='ltr'><strong>Quoniam</strong></span> <span class='ocrx_word' id='word_1_498' title='bbox 1155 4341 1256 4405; x_wconf 87' lang='lat' dir='ltr'><strong>illi,</strong></span> <span class='ocrx_word' id='word_1_499' title='bbox 1304 4343 1397 4413; x_wconf 90' lang='lat' dir='ltr'><strong>qui</strong></span> <span class='ocrx_word' id='word_1_500' title='bbox 1429 4344 1707 4399; x_wconf 91' lang='lat' dir='ltr'><strong>civitatem</strong></span> <span class='ocrx_word' id='word_1_501' title='bbox 1758 4347 1979 4401; x_wconf 87' lang='lat' dir='ltr'><strong>obside-</strong></span> 
     </span>
    </p>
   </div>
   <div class='ocr_carea' id='block_1_74' title="bbox 411 4431 1977 4506">
    <p class='ocr_par' dir='ltr' id='par_1_74' title="bbox 411 4431 1977 4506">
     <span class='ocr_line' id='line_1_74' title="bbox 411 4431 1977 4506; baseline 0.006 -23"><span class='ocrx_word' id='word_1_502' title='bbox 411 4431 560 4493; x_wconf 85' lang='lat' dir='ltr'><strong>bant,</strong></span> <span class='ocrx_word' id='word_1_503' title='bbox 597 4433 701 4485; x_wconf 87' lang='lat' dir='ltr'><strong>hoc</strong></span> <span class='ocrx_word' id='word_1_504' title='bbox 733 4433 1005 4502; x_wconf 60' lang='lat' dir='ltr'><strong>praecipue</strong></span> <span class='ocrx_word' id='word_1_505' title='bbox 1034 4432 1463 4503; x_wconf 77' lang='lat' dir='ltr'><strong>exprobrabant,</strong></span> <span class='ocrx_word' id='word_1_506' title='bbox 1495 4435 1639 4504; x_wconf 90' lang='lat' dir='ltr'><strong>quod</strong></span> <span class='ocrx_word' id='word_1_507' title='bbox 1670 4452 1732 4491; x_wconf 90' lang='lat' dir='ltr'><strong>ea</strong></span> <span class='ocrx_word' id='word_1_508' title='bbox 1761 4454 1882 4506; x_wconf 74' lang='lat' dir='ltr'><strong>qua:</strong></span> <span class='ocrx_word' id='word_1_509' title='bbox 1908 4437 1977 4492; x_wconf 85' lang='lat' dir='ltr'><strong>ab</strong></span> 
     </span>
    </p>
   </div>
   <div class='ocr_carea' id='block_1_75' title="bbox 2085 3614 3655 3696">
    <p class='ocr_par' dir='ltr' id='par_1_75' title="bbox 2085 3614 3655 3696">
     <span class='ocr_line' id='line_1_75' title="bbox 2085 3614 3655 3696; baseline 0.011 -32"><span class='ocrx_word' id='word_1_510' title='bbox 2085 3614 2196 3676; x_wconf 87' lang='grc' dir='ltr'>τοῖς</span> <span class='ocrx_word' id='word_1_511' title='bbox 2248 3614 2545 3685; x_wconf 80' lang='grc' dir='ltr'>ὑπείληπτη</span> <span class='ocrx_word' id='word_1_512' title='bbox 2581 3620 2609 3671; x_wconf 90' lang='grc' dir='ltr'>ὁ</span> <span class='ocrx_word' id='word_1_513' title='bbox 2645 3618 2776 3683; x_wconf 85' lang='grc' dir='ltr'>Θεὸς</span> <span class='ocrx_word' id='word_1_514' title='bbox 2799 3659 2813 3681; x_wconf 90' lang='grc'><strong>,</strong></span> <span class='ocrx_word' id='word_1_515' title='bbox 2855 3621 2939 3683; x_wconf 87' lang='grc' dir='ltr'><strong>τίς</strong></span> <span class='ocrx_word' id='word_1_516' title='bbox 2994 3624 3155 3693; x_wconf 81' lang='grc' dir='ltr'>ἡμῖν,</span> <span class='ocrx_word' id='word_1_517' title='bbox 3189 3616 3384 3696; x_wconf 72' lang='grc' dir='ltr'>φησὶν,</span> <span class='ocrx_word' id='word_1_518' title='bbox 3416 3628 3524 3681; x_wconf 83' lang='grc' dir='ltr'>ἀπὸ</span> <span class='ocrx_word' id='word_1_519' title='bbox 3559 3628 3655 3681; x_wconf 80' lang='grc' dir='ltr'>τοῦ</span> 
     </span>
    </p>
   </div>
   <div class='ocr_carea' id='block_1_76' title="bbox 2086 3704 3654 3791">
    <p class='ocr_par' dir='ltr' id='par_1_76' title="bbox 2086 3704 3654 3791">
     <span class='ocr_line' id='line_1_76' title="bbox 2086 3704 3654 3791; baseline 0.011 -34"><span class='ocrx_word' id='word_1_520' title='bbox 2086 3704 2223 3758; x_wconf 88' lang='grc' dir='ltr'>Σιὼν</span> <span class='ocrx_word' id='word_1_521' title='bbox 2241 3707 2397 3777; x_wconf 78' lang='grc' dir='ltr'>ὅρους</span> <span class='ocrx_word' id='word_1_522' title='bbox 2418 3709 2639 3781; x_wconf 80' lang='grc' dir='ltr'>παρέξει</span> <span class='ocrx_word' id='word_1_523' title='bbox 2657 3713 2755 3781; x_wconf 86' lang='grc' dir='ltr'>τὴν</span> <span class='ocrx_word' id='word_1_524' title='bbox 2786 3713 3054 3783; x_wconf 84' lang='grc' dir='ltr'>σωτηρίαν</span> <span class='ocrx_word' id='word_1_525' title='bbox 3080 3733 3095 3781; x_wconf 87' lang='grc'>;</span> <span class='ocrx_word' id='word_1_526' title='bbox 3118 3718 3237 3771; x_wconf 79' lang='grc' dir='ltr'>ἀντὶ</span> <span class='ocrx_word' id='word_1_527' title='bbox 3263 3719 3379 3783; x_wconf 83' lang='grc' dir='ltr'>τοῦ,</span> <span class='ocrx_word' id='word_1_528' title='bbox 3416 3720 3473 3773; x_wconf 92' lang='lat' dir='ltr'><strong>&#39;O</strong></span> <span class='ocrx_word' id='word_1_529' title='bbox 3499 3721 3654 3791; x_wconf 72' lang='grc' dir='ltr'>Θεὸς,</span> 
     </span>
    </p>
   </div>
   <div class='ocr_carea' id='block_1_77' title="bbox 2083 3796 3658 3885">
    <p class='ocr_par' dir='ltr' id='par_1_77' title="bbox 2083 3796 3658 3885">
     <span class='ocr_line' id='line_1_77' title="bbox 2083 3796 3658 3885; baseline 0.013 -37"><span class='ocrx_word' id='word_1_530' title='bbox 2083 3796 2158 3860; x_wconf 84' lang='grc' dir='ltr'>ὡς</span> <span class='ocrx_word' id='word_1_531' title='bbox 2206 3798 2631 3872; x_wconf 82' lang='grc' dir='ltr'>ὁμολογούμενον</span> <span class='ocrx_word' id='word_1_532' title='bbox 2687 3806 3113 3879; x_wconf 82' lang='grc' dir='ltr'>ἀποσιωπήσας,</span> <span class='ocrx_word' id='word_1_533' title='bbox 3153 3811 3276 3863; x_wconf 82' lang='grc' dir='ltr'>ἐπεὶ</span> <span class='ocrx_word' id='word_1_534' title='bbox 3339 3813 3472 3882; x_wconf 87' lang='grc' dir='ltr'><strong>μηδέ</strong></span> <span class='ocrx_word' id='word_1_535' title='bbox 3526 3815 3658 3885; x_wconf 81' lang='grc' dir='ltr'>ἐνῆν</span> 
     </span>
    </p>
   </div>
   <div class='ocr_carea' id='block_1_78' title="bbox 2085 3891 3656 3971">
    <p class='ocr_par' dir='ltr' id='par_1_78' title="bbox 2085 3891 3656 3971">
     <span class='ocr_line' id='line_1_78' title="bbox 2085 3891 3656 3971; baseline 0.013 -31"><span class='ocrx_word' id='word_1_536' title='bbox 2085 3892 2212 3959; x_wconf 86' lang='grc' dir='ltr'>παρ’</span> <span class='ocrx_word' id='word_1_537' title='bbox 2251 3891 2437 3962; x_wconf 78' lang='grc' dir='ltr'>ἐτέρου</span> <span class='ocrx_word' id='word_1_538' title='bbox 2484 3895 2629 3959; x_wconf 84' lang='grc' dir='ltr'>τινὸς</span> <span class='ocrx_word' id='word_1_539' title='bbox 2656 3896 2975 3962; x_wconf 77' lang='grc' dir='ltr'>ἐκδέξασθαι</span> <span class='ocrx_word' id='word_1_540' title='bbox 3022 3900 3274 3971; x_wconf 80' lang='grc' dir='ltr'>βοήθειαν</span> <span class='ocrx_word' id='word_1_541' title='bbox 3305 3904 3367 3957; x_wconf 89' lang='grc' dir='ltr'><strong>ἐκ</strong></span> <span class='ocrx_word' id='word_1_542' title='bbox 3391 3905 3486 3959; x_wconf 72' lang='grc' dir='ltr'>τοῦ</span> <span class='ocrx_word' id='word_1_543' title='bbox 3515 3905 3656 3962; x_wconf 86' lang='grc' dir='ltr'>Σιὼν</span> 
     </span>
    </p>
   </div>
   <div class='ocr_carea' id='block_1_79' title="bbox 2083 3978 3579 4066">
    <p class='ocr_par' dir='ltr' id='par_1_79' title="bbox 2083 3978 3579 4066">
     <span class='ocr_line' id='line_1_79' title="bbox 2083 3978 3579 4066; baseline 0.013 -35"><span class='ocrx_word' id='word_1_544' title='bbox 2083 3978 2239 4044; x_wconf 80' lang='grc' dir='ltr'>ὅοους</span> <span class='ocrx_word' id='word_1_545' title='bbox 2262 3983 2316 4053; x_wconf 84' lang='grc' dir='ltr'>,ἢ</span> <span class='ocrx_word' id='word_1_546' title='bbox 2353 3983 2446 4036; x_wconf 83' lang='grc' dir='ltr'>τοῦ</span> <span class='ocrx_word' id='word_1_547' title='bbox 2477 3984 2633 4054; x_wconf 82' lang='grc' dir='ltr'>Θεοῦ,</span> <span class='ocrx_word' id='word_1_548' title='bbox 2665 3989 2759 4040; x_wconf 73' lang='grc' dir='ltr'>καὶ</span> <span class='ocrx_word' id='word_1_549' title='bbox 2783 3988 2988 4059; x_wconf 83' lang='grc' dir='ltr'>διάγειν</span> <span class='ocrx_word' id='word_1_550' title='bbox 3016 3994 3133 4046; x_wconf 88' lang='grc' dir='ltr'>ἐκεῖ</span> <span class='ocrx_word' id='word_1_551' title='bbox 3168 3996 3579 4066; x_wconf 84' lang='grc' dir='ltr'>πιστευομένου.</span> 
     </span>
    </p>
   </div>
   <div class='ocr_carea' id='block_1_80' title="bbox 2640 4211 3086 4271">
    <p class='ocr_par' dir='ltr' id='par_1_80' title="bbox 2640 4211 3086 4271">
     <span class='ocr_line' id='line_1_80' title="bbox 2640 4211 3086 4271; baseline 0.016 -8"><span class='ocrx_word' id='word_1_552' title='bbox 2640 4211 2930 4266; x_wconf 80' lang='grc' dir='ltr'><strong>ΨΑΛΜΟΣ</strong></span> <span class='ocrx_word' id='word_1_553' title='bbox 2961 4216 3007 4268; x_wconf 88' lang='grc' dir='ltr'><strong>Ν</strong></span> <span class='ocrx_word' id='word_1_554' title='bbox 3014 4215 3086 4271; x_wconf 83' lang='grc' dir='ltr'><strong>Γ’.</strong></span> 
     </span>
    </p>
   </div>
   <div class='ocr_carea' id='block_1_81' title="bbox 2153 4341 3649 4423">
    <p class='ocr_par' dir='ltr' id='par_1_81' title="bbox 2153 4341 3649 4423">
     <span class='ocr_line' id='line_1_81' title="bbox 2153 4341 3649 4423; baseline 0.012 -30"><span class='ocrx_word' id='word_1_555' title='bbox 2153 4341 2297 4414; x_wconf 80' lang='grc' dir='ltr'>Στίχ.</span> <span class='ocrx_word' id='word_1_556' title='bbox 2322 4349 2464 4411; x_wconf 86' lang='grc' dir='ltr'><strong>γ’.-</strong></span> <span class='ocrx_word' id='word_1_557' title='bbox 2480 4345 2697 4417; x_wconf 74' lang='grc' dir='ltr'>Ἐπειδὴ</span> <span class='ocrx_word' id='word_1_558' title='bbox 2720 4348 2876 4401; x_wconf 78' lang='grc' dir='ltr'>τοῦτο</span> <span class='ocrx_word' id='word_1_559' title='bbox 2899 4349 3131 4419; x_wconf 82' lang='grc' dir='ltr'>μάλιστα</span> <span class='ocrx_word' id='word_1_560' title='bbox 3148 4353 3649 4423; x_wconf 76' lang='grc' dir='ltr'>ὲκεῖνοιώνείδιζον,</span> 
     </span>
    </p>
   </div>
   <div class='ocr_carea' id='block_1_82' title="bbox 2082 4437 3650 4518">
    <p class='ocr_par' dir='ltr' id='par_1_82' title="bbox 2082 4437 3650 4518">
     <span class='ocr_line' id='line_1_82' title="bbox 2082 4437 3650 4518; baseline 0.01 -32"><span class='ocrx_word' id='word_1_561' title='bbox 2082 4437 2483 4501; x_wconf 81' lang='grc' dir='ltr'>κεκυκ).ωκότες</span> <span class='ocrx_word' id='word_1_562' title='bbox 2529 4437 2627 4509; x_wconf 83' lang='grc' dir='ltr'>τὴν</span> <span class='ocrx_word' id='word_1_563' title='bbox 2680 4439 2863 4504; x_wconf 79' lang='grc' dir='ltr'>πόλιν,</span> <span class='ocrx_word' id='word_1_564' title='bbox 2898 4442 2972 4506; x_wconf 85' lang='grc' dir='ltr'><strong>ὡς</strong></span> <span class='ocrx_word' id='word_1_565' title='bbox 3016 4444 3167 4497; x_wconf 79' lang='grc' dir='ltr'>οὐδὲν</span> <span class='ocrx_word' id='word_1_566' title='bbox 3213 4446 3409 4509; x_wconf 81' lang='grc' dir='ltr'>αὐτοὺς</span> <span class='ocrx_word' id='word_1_567' title='bbox 3459 4448 3650 4518; x_wconf 84' lang='grc' dir='ltr'>ὀνῆσαι</span> 
     </span>
    </p>
   </div>
   <div class='ocr_carea' id='block_1_83' title="bbox 410 4521 1985 4608">
    <p class='ocr_par' dir='ltr' id='par_1_83' title="bbox 410 4521 1977 4599">
     <span class='ocr_line' id='line_1_83' title="bbox 410 4521 1977 4599; baseline 0.006 -25"><span class='ocrx_word' id='word_1_568' title='bbox 410 4521 639 4576; x_wconf 76' lang='lat' dir='ltr'><strong>Ezechia</strong></span> <span class='ocrx_word' id='word_1_569' title='bbox 702 4524 1045 4587; x_wconf 86' lang='lat' dir='ltr'><strong>dicebantur,</strong></span> <span class='ocrx_word' id='word_1_570' title='bbox 1109 4526 1186 4579; x_wconf 91' lang='lat' dir='ltr'><strong>nil</strong></span> <span class='ocrx_word' id='word_1_571' title='bbox 1242 4527 1376 4596; x_wconf 90' lang='lat' dir='ltr'><strong>ipsis</strong></span> <span class='ocrx_word' id='word_1_572' title='bbox 1437 4527 1697 4598; x_wconf 87' lang='lat' dir='ltr'><strong>prodesse</strong></span> <span class='ocrx_word' id='word_1_573' title='bbox 1750 4537 1977 4599; x_wconf 89' lang='lat' dir='ltr'><strong>possent</strong></span> 
     </span>
    </p>
   </div>
   <div class='ocr_carea' id='block_1_84' title="bbox 2087 4521 3650 4608">
    <p class='ocr_par' dir='ltr' id='par_1_84' title="bbox 2087 4527 3650 4608">
     <span class='ocr_line' id='line_1_84' title="bbox 2087 4527 3650 4608; baseline 0.009 -29"><span class='ocrx_word' id='word_1_574' title='bbox 2087 4527 2299 4581; x_wconf 73' lang='grc' dir='ltr'>δύναται</span> <span class='ocrx_word' id='word_1_575' title='bbox 2338 4529 2405 4583; x_wconf 85' lang='grc' dir='ltr'><strong>τὰ</strong></span> <span class='ocrx_word' id='word_1_576' title='bbox 2446 4530 2596 4602; x_wconf 87' lang='grc' dir='ltr'><strong>παρά</strong></span> <span class='ocrx_word' id='word_1_577' title='bbox 2638 4531 2731 4585; x_wconf 84' lang='grc' dir='ltr'>τοῦ</span> <span class='ocrx_word' id='word_1_578' title='bbox 2780 4533 3018 4599; x_wconf 79' lang='grc' dir='ltr'>Ἐζεκίου</span> <span class='ocrx_word' id='word_1_579' title='bbox 3061 4538 3328 4607; x_wconf 84' lang='grc' dir='ltr'>λεγόμενα</span> <span class='ocrx_word' id='word_1_580' title='bbox 3359 4538 3555 4608; x_wconf 81' lang='grc' dir='ltr'>(ταῦτα</span> <span class='ocrx_word' id='word_1_581' title='bbox 3593 4538 3650 4593; x_wconf 85' lang='grc' dir='ltr'><strong>δέ</strong></span> 
     </span>
    </p>
   </div>
   <div class='ocr_carea' id='block_1_85' title="bbox 409 4617 1976 4687">
    <p class='ocr_par' dir='ltr' id='par_1_85' title="bbox 409 4617 1976 4687">
     <span class='ocr_line' id='line_1_85' title="bbox 409 4617 1976 4687; baseline 0.004 -18"><span class='ocrx_word' id='word_1_582' title='bbox 409 4617 594 4681; x_wconf 86' lang='lat' dir='ltr'><strong>(erant</strong></span> <span class='ocrx_word' id='word_1_583' title='bbox 623 4625 800 4670; x_wconf 84' lang='lat' dir='ltr'><strong>autent</strong></span> <span class='ocrx_word' id='word_1_584' title='bbox 842 4617 977 4681; x_wconf 66' lang='lat' dir='ltr'><strong>haec,</strong></span> <span class='ocrx_word' id='word_1_585' title='bbox 1028 4618 1172 4687; x_wconf 87' lang='lat' dir='ltr'><strong>quod</strong></span> <span class='ocrx_word' id='word_1_586' title='bbox 1204 4619 1459 4674; x_wconf 90' lang='lat' dir='ltr'><strong>nimirum</strong></span> <span class='ocrx_word' id='word_1_587' title='bbox 1502 4621 1554 4674; x_wconf 91' lang='lat' dir='ltr'><strong>in</strong></span> <span class='ocrx_word' id='word_1_588' title='bbox 1590 4621 1757 4675; x_wconf 82' lang='lat' dir='ltr'><strong>Deum</strong></span> <span class='ocrx_word' id='word_1_589' title='bbox 1805 4622 1976 4677; x_wconf 88' lang='lat' dir='ltr'><strong>conﬁ-</strong></span> 
     </span>
    </p>
   </div>
   <div class='ocr_carea' id='block_1_86' title="bbox 406 4704 1971 4779">
    <p class='ocr_par' dir='ltr' id='par_1_86' title="bbox 406 4704 1971 4779">
     <span class='ocr_line' id='line_1_86' title="bbox 406 4704 1971 4779; baseline 0.005 -19"><span class='ocrx_word' id='word_1_590' title='bbox 406 4704 642 4777; x_wconf 73' lang='lat' dir='ltr'><strong>dendum</strong></span> <span class='ocrx_word' id='word_1_591' title='bbox 680 4708 771 4769; x_wconf 88' lang='lat' dir='ltr'><strong>sit,</strong></span> <span class='ocrx_word' id='word_1_592' title='bbox 801 4709 892 4777; x_wconf 91' lang='lat' dir='ltr'><strong>qui</strong></span> <span class='ocrx_word' id='word_1_593' title='bbox 930 4709 1082 4779; x_wconf 87' lang='lat' dir='ltr'><strong>ipsos</strong></span> <span class='ocrx_word' id='word_1_594' title='bbox 1114 4725 1145 4764; x_wconf 89' lang='lat' dir='ltr'><strong>e</strong></span> <span class='ocrx_word' id='word_1_595' title='bbox 1178 4710 1426 4779; x_wconf 89' lang='lat' dir='ltr'><strong>periculo</strong></span> <span class='ocrx_word' id='word_1_596' title='bbox 1468 4722 1613 4768; x_wconf 89' lang='lat' dir='ltr'><strong>esset</strong></span> <span class='ocrx_word' id='word_1_597' title='bbox 1644 4714 1868 4767; x_wconf 87' lang='lat' dir='ltr'><strong>omnino</strong></span> <span class='ocrx_word' id='word_1_598' title='bbox 1904 4714 1971 4767; x_wconf 90' lang='lat' dir='ltr'><strong>li-</strong></span> 
     </span>
    </p>
   </div>
   <div class='ocr_carea' id='block_1_87' title="bbox 407 4798 1970 4869">
    <p class='ocr_par' dir='ltr' id='par_1_87' title="bbox 407 4798 1970 4869">
     <span class='ocr_line' id='line_1_87' title="bbox 407 4798 1970 4869; baseline 0.006 -18"><span class='ocrx_word' id='word_1_599' title='bbox 407 4798 746 4868; x_wconf 87' lang='lat' dir='ltr'><strong>beraturus),</strong></span> <span class='ocrx_word' id='word_1_600' title='bbox 800 4800 1027 4869; x_wconf 87' lang='lat' dir='ltr'><strong>pulchre</strong></span> <span class='ocrx_word' id='word_1_601' title='bbox 1074 4801 1211 4855; x_wconf 82' lang='lat' dir='ltr'><strong>dixit</strong></span> <span class='ocrx_word' id='word_1_602' title='bbox 1277 4805 1460 4860; x_wconf 88' lang='lat' dir='ltr'><strong>istud:</strong></span> <span class='ocrx_word' id='word_1_603' title='bbox 1512 4803 1577 4859; x_wconf 84' lang='lat' dir='ltr'><strong>In</strong></span> <span class='ocrx_word' id='word_1_604' title='bbox 1626 4808 1831 4860; x_wconf 79' lang='lat' dir='ltr'><strong>nomine</strong></span> <span class='ocrx_word' id='word_1_605' title='bbox 1882 4817 1970 4861; x_wconf 81' lang='lat' dir='ltr'><strong>tuo</strong></span> 
     </span>
    </p>
   </div>
   <div class='ocr_carea' id='block_1_88' title="bbox 2077 4615 3648 4694">
    <p class='ocr_par' dir='ltr' id='par_1_88' title="bbox 2077 4615 3648 4694">
     <span class='ocr_line' id='line_1_88' title="bbox 2077 4615 3648 4694; baseline 0.008 -24"><span class='ocrx_word' id='word_1_606' title='bbox 2077 4615 2165 4690; x_wconf 78' lang='grc' dir='ltr'>ἦν,</span> <span class='ocrx_word' id='word_1_607' title='bbox 2198 4620 2272 4684; x_wconf 85' lang='grc' dir='ltr'>ὼς</span> <span class='ocrx_word' id='word_1_608' title='bbox 2302 4623 2576 4692; x_wconf 85' lang='grc' dir='ltr'>προσῆκεν</span> <span class='ocrx_word' id='word_1_609' title='bbox 2602 4625 2692 4677; x_wconf 74' lang='grc' dir='ltr'>ἐπὶ</span> <span class='ocrx_word' id='word_1_610' title='bbox 2743 4625 2833 4677; x_wconf 84' lang='grc' dir='ltr'>τὸν</span> <span class='ocrx_word' id='word_1_611' title='bbox 2859 4627 2990 4680; x_wconf 78' lang='grc' dir='ltr'>Θεὸν</span> <span class='ocrx_word' id='word_1_612' title='bbox 3018 4629 3355 4691; x_wconf 80' lang='grc' dir='ltr'>πεποιθέναι,</span> <span class='ocrx_word' id='word_1_613' title='bbox 3385 4630 3442 4694; x_wconf 83' lang='grc' dir='ltr'>ὃς</span> <span class='ocrx_word' id='word_1_614' title='bbox 3474 4630 3648 4687; x_wconf 73' lang='grc' dir='ltr'>ἀπαλ-</span> 
     </span>
    </p>
   </div>
   <div class='ocr_carea' id='block_1_89' title="bbox 2077 4711 3643 4791">
    <p class='ocr_par' dir='ltr' id='par_1_89' title="bbox 2077 4711 3643 4791">
     <span class='ocr_line' id='line_1_89' title="bbox 2077 4711 3643 4791; baseline 0.006 -27"><span class='ocrx_word' id='word_1_615' title='bbox 2077 4711 2223 4777; x_wconf 81' lang='grc' dir='ltr'>λάξει</span> <span class='ocrx_word' id='word_1_616' title='bbox 2260 4714 2475 4778; x_wconf 84' lang='grc' dir='ltr'>πάντως</span> <span class='ocrx_word' id='word_1_617' title='bbox 2523 4716 2718 4780; x_wconf 77' lang='grc' dir='ltr'>αὐτοὺς</span> <span class='ocrx_word' id='word_1_618' title='bbox 2744 4717 2836 4771; x_wconf 78' lang='grc' dir='ltr'><strong>τοῦ</strong></span> <span class='ocrx_word' id='word_1_619' title='bbox 2870 4720 3159 4791; x_wconf 80' lang='grc' dir='ltr'>κινδύνου)⁶</span> <span class='ocrx_word' id='word_1_620' title='bbox 3194 4721 3373 4785; x_wconf 85' lang='grc' dir='ltr'>καλῶς</span> <span class='ocrx_word' id='word_1_621' title='bbox 3405 4720 3521 4777; x_wconf 83' lang='grc' dir='ltr'>εἷπε</span> <span class='ocrx_word' id='word_1_622' title='bbox 3564 4721 3643 4785; x_wconf 85' lang='grc' dir='ltr'>τὸ,</span> 
     </span>
    </p>
   </div>
   <div class='ocr_carea' id='block_1_90' title="bbox 2090 4808 3646 4887">
    <p class='ocr_par' dir='ltr' id='par_1_90' title="bbox 2090 4808 3646 4887">
     <span class='ocr_line' id='line_1_90' title="bbox 2090 4808 3646 4887; baseline 0.003 -26"><span class='ocrx_word' id='word_1_623' title='bbox 2090 4809 2184 4862; x_wconf 84' lang='grc' dir='ltr'>Ἑν</span> <span class='ocrx_word' id='word_1_624' title='bbox 2206 4808 2282 4875; x_wconf 85' lang='grc' dir='ltr'>τῷ</span> <span class='ocrx_word' id='word_1_625' title='bbox 2309 4809 2550 4879; x_wconf 80' lang='grc' dir='ltr'>ὀνόματί</span> <span class='ocrx_word' id='word_1_626' title='bbox 2576 4828 2691 4865; x_wconf 89' lang='grc' dir='ltr'><strong>σου</strong></span> <span class='ocrx_word' id='word_1_627' title='bbox 2714 4811 2921 4865; x_wconf 86' lang='grc' dir='ltr'>σῶσόν</span> <span class='ocrx_word' id='word_1_628' title='bbox 2936 4830 3033 4881; x_wconf 83' lang='grc' dir='ltr'>με.</span> <span class='ocrx_word' id='word_1_629' title='bbox 3066 4814 3352 4867; x_wconf 84' lang='grc' dir='ltr'>Τουτέστιν</span> <span class='ocrx_word' id='word_1_630' title='bbox 3372 4831 3385 4845; x_wconf 73' lang='grc' dir='ltr'><strong><em>ο</em></strong></span> <span class='ocrx_word' id='word_1_631' title='bbox 3431 4813 3646 4887; x_wconf 78' lang='grc' dir='ltr'>Ἐπειδὴ</span> 
     </span>
    </p>
   </div>
   <div class='ocr_carea' id='block_1_91' title="bbox 406 4880 1985 4978">
    <p class='ocr_par' dir='ltr' id='par_1_91' title="bbox 406 4890 1970 4968">
     <span class='ocr_line' id='line_1_91' title="bbox 406 4890 1970 4968; baseline 0.008 -25"><span class='ocrx_word' id='word_1_632' title='bbox 406 4890 608 4944; x_wconf 83' lang='lat' dir='ltr'><strong>salvum</strong></span> <span class='ocrx_word' id='word_1_633' title='bbox 640 4907 719 4944; x_wconf 88' lang='lat' dir='ltr'><strong>me</strong></span> <span class='ocrx_word' id='word_1_634' title='bbox 746 4891 849 4961; x_wconf 76' lang='lat' dir='ltr'><strong>fac.</strong></span> <span class='ocrx_word' id='word_1_635' title='bbox 882 4891 935 4945; x_wconf 88' lang='lat' dir='ltr'><strong>Id</strong></span> <span class='ocrx_word' id='word_1_636' title='bbox 964 4903 1080 4949; x_wconf 86' lang='lat' dir='ltr'><strong>est:</strong></span> <span class='ocrx_word' id='word_1_637' title='bbox 1110 4895 1555 4968; x_wconf 82' lang='lat' dir='ltr'><strong>Quandoquidem</strong></span> <span class='ocrx_word' id='word_1_638' title='bbox 1593 4915 1787 4954; x_wconf 90' lang='lat' dir='ltr'><strong>nomen</strong></span> <span class='ocrx_word' id='word_1_639' title='bbox 1819 4909 1970 4956; x_wconf 89' lang='lat' dir='ltr'><strong>tuum</strong></span> 
     </span>
    </p>
   </div>
   <div class='ocr_carea' id='block_1_92' title="bbox 2087 4880 3645 4978">
    <p class='ocr_par' dir='ltr' id='par_1_92' title="bbox 2087 4900 3645 4978">
     <span class='ocr_line' id='line_1_92' title="bbox 2087 4900 3645 4978; baseline 0.004 -24"><span class='ocrx_word' id='word_1_640' title='bbox 2087 4900 2165 4954; x_wconf 76' lang='grc' dir='ltr'>τὸν</span> <span class='ocrx_word' id='word_1_641' title='bbox 2205 4901 2294 4954; x_wconf 81' lang='grc' dir='ltr'><strong>σὺν</strong></span> <span class='ocrx_word' id='word_1_642' title='bbox 2318 4902 2485 4972; x_wconf 69' lang='grc' dir='ltr'>ὄνομα</span> <span class='ocrx_word' id='word_1_643' title='bbox 2515 4904 2939 4974; x_wconf 81' lang='grc' dir='ltr'>ἐπικαλούμενος</span> <span class='ocrx_word' id='word_1_644' title='bbox 2972 4905 3302 4975; x_wconf 82' lang='grc' dir='ltr'>χλευάζομαι</span> <span class='ocrx_word' id='word_1_645' title='bbox 3335 4909 3465 4978; x_wconf 85' lang='grc' dir='ltr'>παρ’</span> <span class='ocrx_word' id='word_1_646' title='bbox 3496 4905 3645 4960; x_wconf 82' lang='grc' dir='ltr'>ὲκεί-</span> 
     </span>
    </p>
   </div>
   <div class='ocr_carea' id='block_1_93' title="bbox 406 4981 1985 5070">
    <p class='ocr_par' dir='ltr' id='par_1_93' title="bbox 406 4981 1968 5058">
     <span class='ocr_line' id='line_1_93' title="bbox 406 4981 1968 5058; baseline 0.008 -24"><span class='ocrx_word' id='word_1_647' title='bbox 406 4981 668 5048; x_wconf 78' lang='lat' dir='ltr'><strong>invocans</strong></span> <span class='ocrx_word' id='word_1_648' title='bbox 707 4982 776 5037; x_wconf 89' lang='lat' dir='ltr'><strong>ab</strong></span> <span class='ocrx_word' id='word_1_649' title='bbox 826 4984 959 5052; x_wconf 87' lang='lat' dir='ltr'><strong>ipsis</strong></span> <span class='ocrx_word' id='word_1_650' title='bbox 997 4985 1272 5051; x_wconf 85' lang='lat' dir='ltr'><strong>derideor,</strong></span> <span class='ocrx_word' id='word_1_651' title='bbox 1329 4990 1382 5042; x_wconf 90' lang='lat' dir='ltr'><strong>in</strong></span> <span class='ocrx_word' id='word_1_652' title='bbox 1422 4989 1527 5044; x_wconf 89' lang='lat' dir='ltr'><strong>hoc</strong></span> <span class='ocrx_word' id='word_1_653' title='bbox 1564 4990 1685 5058; x_wconf 85' lang='lat' dir='ltr'><strong>ipso</strong></span> <span class='ocrx_word' id='word_1_654' title='bbox 1736 4992 1968 5046; x_wconf 87' lang='lat' dir='ltr'><strong>salutem</strong></span> 
     </span>
    </p>
   </div>
   <div class='ocr_carea' id='block_1_94' title="bbox 2087 4981 3642 5070">
    <p class='ocr_par' dir='ltr' id='par_1_94' title="bbox 2087 4995 3642 5070">
     <span class='ocr_line' id='line_1_94' title="bbox 2087 4995 3642 5070; baseline 0.002 -21"><span class='ocrx_word' id='word_1_655' title='bbox 2087 5012 2203 5057; x_wconf 83' lang='grc' dir='ltr'>νων,</span> <span class='ocrx_word' id='word_1_656' title='bbox 2248 4996 2305 5046; x_wconf 80' lang='grc' dir='ltr'>ὲν</span> <span class='ocrx_word' id='word_1_657' title='bbox 2337 4995 2483 5065; x_wconf 83' lang='grc' dir='ltr'><strong>αὑτῷ</strong></span> <span class='ocrx_word' id='word_1_658' title='bbox 2528 4996 2700 5066; x_wconf 84' lang='grc' dir='ltr'>τούτῳ</span> <span class='ocrx_word' id='word_1_659' title='bbox 2728 4998 2828 5068; x_wconf 84' lang='grc' dir='ltr'>τὴν</span> <span class='ocrx_word' id='word_1_660' title='bbox 2884 4999 3155 5070; x_wconf 88' lang='grc' dir='ltr'>σωτηρίαν</span> <span class='ocrx_word' id='word_1_661' title='bbox 3187 5016 3276 5068; x_wconf 84' lang='grc' dir='ltr'><strong>μοι</strong></span> <span class='ocrx_word' id='word_1_662' title='bbox 3323 4999 3642 5070; x_wconf 78' lang='grc' dir='ltr'>παράσχου,</span> 
     </span>
    </p>
   </div>
   <div class='ocr_carea' id='block_1_95' title="bbox 405 5073 1985 5162">
    <p class='ocr_par' dir='ltr' id='par_1_95' title="bbox 405 5073 1969 5151">
     <span class='ocr_line' id='line_1_95' title="bbox 405 5073 1969 5151; baseline 0.008 -25"><span class='ocrx_word' id='word_1_663' title='bbox 405 5073 535 5126; x_wconf 89' lang='lat' dir='ltr'><strong>mihi</strong></span> <span class='ocrx_word' id='word_1_664' title='bbox 573 5075 774 5143; x_wconf 53' lang='lat' dir='ltr'><strong>praebe,</strong></span> <span class='ocrx_word' id='word_1_665' title='bbox 826 5092 894 5130; x_wconf 92' lang='lat' dir='ltr'><strong>ne</strong></span> <span class='ocrx_word' id='word_1_666' title='bbox 930 5074 1070 5130; x_wconf 88' lang='lat' dir='ltr'><strong>bello</strong></span> <span class='ocrx_word' id='word_1_667' title='bbox 1119 5078 1202 5130; x_wconf 89' lang='lat' dir='ltr'><strong>vel</strong></span> <span class='ocrx_word' id='word_1_668' title='bbox 1234 5080 1480 5134; x_wconf 84' lang='lat' dir='ltr'><strong>exercitu</strong></span> <span class='ocrx_word' id='word_1_669' title='bbox 1532 5084 1603 5135; x_wconf 86' lang='lat' dir='ltr'><strong>sit</strong></span> <span class='ocrx_word' id='word_1_670' title='bbox 1653 5098 1823 5151; x_wconf 88' lang='lat' dir='ltr'><strong>opus;</strong></span> <span class='ocrx_word' id='word_1_671' title='bbox 1874 5084 1969 5138; x_wconf 84' lang='lat' dir='ltr'><strong>sed</strong></span> 
     </span>
    </p>
   </div>
   <div class='ocr_carea' id='block_1_96' title="bbox 2087 5073 3647 5162">
    <p class='ocr_par' dir='ltr' id='par_1_96' title="bbox 2087 5084 3647 5162">
     <span class='ocr_line' id='line_1_96' title="bbox 2087 5084 3647 5162; baseline 0.002 -22"><span class='ocrx_word' id='word_1_672' title='bbox 2087 5084 2215 5141; x_wconf 76' lang='grc' dir='ltr'>ὥστε</span> <span class='ocrx_word' id='word_1_673' title='bbox 2274 5086 2348 5158; x_wconf 85' lang='grc' dir='ltr'>μὴ</span> <span class='ocrx_word' id='word_1_674' title='bbox 2382 5087 2640 5157; x_wconf 80' lang='grc' dir='ltr'>πολέμου,</span> <span class='ocrx_word' id='word_1_675' title='bbox 2682 5089 2757 5160; x_wconf 83' lang='grc' dir='ltr'>μὴ</span> <span class='ocrx_word' id='word_1_676' title='bbox 2810 5091 3164 5161; x_wconf 76' lang='grc' dir='ltr'>παρατάξεως</span> <span class='ocrx_word' id='word_1_677' title='bbox 3190 5090 3441 5162; x_wconf 79' lang='grc' dir='ltr'>δεηθῆναι</span> <span class='ocrx_word' id='word_1_678' title='bbox 3470 5108 3481 5119; x_wconf 78' lang='grc'><strong>’</strong></span> <span class='ocrx_word' id='word_1_679' title='bbox 3513 5090 3647 5144; x_wconf 83' lang='grc' dir='ltr'><strong>ἀλλά</strong></span> 
     </span>
    </p>
   </div>
   <div class='ocr_carea' id='block_1_97' title="bbox 405 5166 1985 5251">
    <p class='ocr_par' dir='ltr' id='par_1_97' title="bbox 405 5166 1973 5243">
     <span class='ocr_line' id='line_1_97' title="bbox 405 5166 1973 5243; baseline 0.008 -24"><span class='ocrx_word' id='word_1_680' title='bbox 405 5166 521 5219; x_wconf 82' lang='lat' dir='ltr'><strong>sola</strong></span> <span class='ocrx_word' id='word_1_681' title='bbox 548 5177 636 5219; x_wconf 88' lang='lat' dir='ltr'><strong>tua</strong></span> <span class='ocrx_word' id='word_1_682' title='bbox 663 5167 1009 5224; x_wconf 87' lang='lat' dir='ltr'><strong>invocatione</strong></span> <span class='ocrx_word' id='word_1_683' title='bbox 1032 5184 1337 5236; x_wconf 87' lang='lat' dir='ltr'><strong>consequar</strong></span> <span class='ocrx_word' id='word_1_684' title='bbox 1359 5188 1478 5240; x_wconf 80' lang='lat' dir='ltr'><strong>quae</strong></span> <span class='ocrx_word' id='word_1_685' title='bbox 1498 5184 1644 5243; x_wconf 87' lang='lat' dir='ltr'><strong>peto,</strong></span> <span class='ocrx_word' id='word_1_686' title='bbox 1671 5185 1729 5229; x_wconf 88' lang='lat' dir='ltr'><strong>ut</strong></span> <span class='ocrx_word' id='word_1_687' title='bbox 1755 5176 1973 5232; x_wconf 89' lang='lat' dir='ltr'><strong>discant</strong></span> 
     </span>
    </p>
   </div>
   <div class='ocr_carea' id='block_1_98' title="bbox 2087 5166 3644 5251">
    <p class='ocr_par' dir='ltr' id='par_1_98' title="bbox 2087 5178 3644 5251">
     <span class='ocr_line' id='line_1_98' title="bbox 2087 5178 3644 5251; baseline 0.003 -21"><span class='ocrx_word' id='word_1_688' title='bbox 2087 5178 2213 5249; x_wconf 81' lang='grc' dir='ltr'>μόνῃ</span> <span class='ocrx_word' id='word_1_689' title='bbox 2237 5180 2301 5249; x_wconf 85' lang='grc' dir='ltr'>τῇ</span> <span class='ocrx_word' id='word_1_690' title='bbox 2335 5181 2400 5248; x_wconf 86' lang='grc' dir='ltr'><strong>σῇ</strong></span> <span class='ocrx_word' id='word_1_691' title='bbox 2432 5182 2705 5250; x_wconf 82' lang='grc' dir='ltr'>προσευχῇ</span> <span class='ocrx_word' id='word_1_692' title='bbox 2732 5183 2910 5251; x_wconf 84' lang='grc' dir='ltr'>τυχεῖν</span> <span class='ocrx_word' id='word_1_693' title='bbox 2942 5180 3049 5234; x_wconf 86' lang='grc' dir='ltr'><strong>τῶν</strong></span> <span class='ocrx_word' id='word_1_694' title='bbox 3079 5180 3543 5251; x_wconf 79' lang='grc' dir='ltr'>σπουδαζομένων,</span> <span class='ocrx_word' id='word_1_695' title='bbox 3559 5182 3644 5235; x_wconf 77' lang='grc' dir='ltr'>ἵνα</span> 
     </span>
    </p>
   </div>
   <div class='ocr_carea' id='block_1_99' title="bbox 407 5256 1973 5334">
    <p class='ocr_par' dir='ltr' id='par_1_99' title="bbox 407 5256 1973 5334">
     <span class='ocr_line' id='line_1_99' title="bbox 407 5256 1973 5334; baseline 0.011 -28"><span class='ocrx_word' id='word_1_696' title='bbox 407 5256 458 5307; x_wconf 90' lang='lat' dir='ltr'><strong>hi</strong></span> <span class='ocrx_word' id='word_1_697' title='bbox 496 5267 699 5325; x_wconf 89' lang='lat' dir='ltr'><strong>quanta</strong></span> <span class='ocrx_word' id='word_1_698' title='bbox 732 5260 905 5317; x_wconf 79' lang='lat' dir='ltr'><strong>virtus</strong></span> <span class='ocrx_word' id='word_1_699' title='bbox 938 5263 1010 5317; x_wconf 91' lang='lat' dir='ltr'><strong>sit</strong></span> <span class='ocrx_word' id='word_1_700' title='bbox 1035 5277 1226 5316; x_wconf 86' lang='lat' dir='ltr'><strong>eorum</strong></span> <span class='ocrx_word' id='word_1_701' title='bbox 1262 5264 1352 5334; x_wconf 89' lang='lat' dir='ltr'><strong>qui</strong></span> <span class='ocrx_word' id='word_1_702' title='bbox 1389 5267 1649 5321; x_wconf 81' lang='lat' dir='ltr'><strong>auxilium</strong></span> <span class='ocrx_word' id='word_1_703' title='bbox 1687 5278 1840 5322; x_wconf 90' lang='lat' dir='ltr'><strong>tuum</strong></span> <span class='ocrx_word' id='word_1_704' title='bbox 1870 5269 1973 5323; x_wconf 88' lang='lat' dir='ltr'><strong>im-</strong></span> 
     </span>
    </p>
   </div>
   <div class='ocr_carea' id='block_1_100' title="bbox 407 5348 638 5422">
    <p class='ocr_par' dir='ltr' id='par_1_100' title="bbox 407 5348 638 5422">
     <span class='ocr_line' id='line_1_100' title="bbox 407 5348 638 5422; baseline 0.013 -25"><span class='ocrx_word' id='word_1_705' title='bbox 407 5348 638 5422; x_wconf 81' lang='lat' dir='ltr'><strong>plorant.</strong></span> 
     </span>
    </p>
   </div>
   <div class='ocr_carea' id='block_1_101' title="bbox 476 5455 1966 5542">
    <p class='ocr_par' dir='ltr' id='par_1_101' title="bbox 476 5455 1966 5542">
     <span class='ocr_line' id='line_1_101' title="bbox 476 5455 1966 5542; baseline 0.015 -33"><span class='ocrx_word' id='word_1_706' title='bbox 476 5455 637 5511; x_wconf 75' lang='lat' dir='ltr'><strong>Vens.</strong></span> <span class='ocrx_word' id='word_1_707' title='bbox 665 5458 719 5512; x_wconf 72' lang='grc' dir='ltr'>ι.</span> <span class='ocrx_word' id='word_1_708' title='bbox 752 5490 821 5500; x_wconf 85' lang='grc'><strong>-</strong></span> <span class='ocrx_word' id='word_1_709' title='bbox 851 5463 1102 5526; x_wconf 82' lang='lat' dir='ltr'><strong>Attende,</strong></span> <span class='ocrx_word' id='word_1_710' title='bbox 1135 5466 1330 5536; x_wconf 87' lang='lat' dir='ltr'><strong>inquit,</strong></span> <span class='ocrx_word' id='word_1_711' title='bbox 1360 5474 1564 5523; x_wconf 89' lang='lat' dir='ltr'><strong>etcum</strong></span> <span class='ocrx_word' id='word_1_712' title='bbox 1604 5475 1966 5542; x_wconf 87' lang='lat' dir='ltr'><strong>pr0pensione</strong></span> 
     </span>
    </p>
   </div>
   <div class='ocr_carea' id='block_1_102' title="bbox 406 5545 1210 5612">
    <p class='ocr_par' dir='ltr' id='par_1_102' title="bbox 406 5545 1210 5612">
     <span class='ocr_line' id='line_1_102' title="bbox 406 5545 1210 5612; baseline 0.017 -14"><span class='ocrx_word' id='word_1_713' title='bbox 406 5545 531 5601; x_wconf 87' lang='lat' dir='ltr'><strong>audi</strong></span> <span class='ocrx_word' id='word_1_714' title='bbox 566 5550 729 5606; x_wconf 87' lang='lat' dir='ltr'><strong>verba</strong></span> <span class='ocrx_word' id='word_1_715' title='bbox 766 5554 1030 5611; x_wconf 89' lang='lat' dir='ltr'><strong>orationis</strong></span> <span class='ocrx_word' id='word_1_716' title='bbox 1061 5574 1210 5612; x_wconf 70' lang='lat' dir='ltr'><strong>meae.</strong></span> 
     </span>
    </p>
   </div>
   <div class='ocr_carea' id='block_1_103' title="bbox 476 5728 1755 5811">
    <p class='ocr_par' dir='ltr' id='par_1_103' title="bbox 476 5728 1755 5811">
     <span class='ocr_line' id='line_1_103' title="bbox 476 5728 1755 5811; baseline 0.015 -31"><span class='ocrx_word' id='word_1_717' title='bbox 476 5728 551 5799; x_wconf 79' lang='lat' dir='ltr'><strong>(i)</strong></span> <span class='ocrx_word' id='word_1_718' title='bbox 581 5732 735 5801; x_wconf 88' lang='lat' dir='ltr'><strong>Apud</strong></span> <span class='ocrx_word' id='word_1_719' title='bbox 769 5732 1076 5790; x_wconf 82' lang='lat' dir='ltr'><strong>Facundum</strong></span> <span class='ocrx_word' id='word_1_720' title='bbox 1113 5736 1575 5811; x_wconf 83' lang='lat' dir='ltr'><strong>llermianensem,</strong></span> <span class='ocrx_word' id='word_1_721' title='bbox 1606 5759 1683 5809; x_wconf 82' lang='lat' dir='ltr'><strong>ix,</strong></span> <span class='ocrx_word' id='word_1_722' title='bbox 1716 5745 1755 5799; x_wconf 80' lang='grc'><strong>1.</strong></span> 
     </span>
    </p>
   </div>
   <div class='ocr_carea' id='block_1_104' title="bbox 2077 5266 3632 5350">
    <p class='ocr_par' dir='ltr' id='par_1_104' title="bbox 2077 5266 3632 5350">
     <span class='ocr_line' id='line_1_104' title="bbox 2077 5266 3632 5350; baseline 0.006 -28"><span class='ocrx_word' id='word_1_723' title='bbox 2077 5269 2321 5339; x_wconf 87' lang='grc' dir='ltr'>μάθωσιν</span> <span class='ocrx_word' id='word_1_724' title='bbox 2344 5266 2510 5337; x_wconf 75' lang='grc' dir='ltr'>οὗτοι,</span> <span class='ocrx_word' id='word_1_725' title='bbox 2538 5273 2679 5343; x_wconf 85' lang='grc' dir='ltr'>πόση</span> <span class='ocrx_word' id='word_1_726' title='bbox 2712 5272 2821 5326; x_wconf 85' lang='grc' dir='ltr'>τῶν</span> <span class='ocrx_word' id='word_1_727' title='bbox 2850 5274 2948 5343; x_wconf 83' lang='grc' dir='ltr'>τὴν</span> <span class='ocrx_word' id='word_1_728' title='bbox 2982 5273 3232 5345; x_wconf 78' lang='grc' dir='ltr'>βοήθειαν</span> <span class='ocrx_word' id='word_1_729' title='bbox 3278 5277 3632 5350; x_wconf 74' lang='grc' dir='ltr'>ἐπικαλουμέ-</span> 
     </span>
    </p>
   </div>
   <div class='ocr_carea' id='block_1_105' title="bbox 2072 5362 2446 5433">
    <p class='ocr_par' dir='ltr' id='par_1_105' title="bbox 2072 5362 2446 5433">
     <span class='ocr_line' id='line_1_105' title="bbox 2072 5362 2446 5433; baseline 0.008 -20"><span class='ocrx_word' id='word_1_730' title='bbox 2072 5378 2178 5414; x_wconf 88' lang='grc' dir='ltr'><strong>νων</strong></span> <span class='ocrx_word' id='word_1_731' title='bbox 2206 5363 2239 5431; x_wconf 87' lang='grc' dir='ltr'><strong>ή</strong></span> <span class='ocrx_word' id='word_1_732' title='bbox 2275 5362 2446 5433; x_wconf 74' lang='grc' dir='ltr'>ἰσχύς.</span> 
     </span>
    </p>
   </div>
   <div class='ocr_carea' id='block_1_106' title="bbox 2145 5475 3644 5550">
    <p class='ocr_par' dir='ltr' id='par_1_106' title="bbox 2145 5475 3644 5550">
     <span class='ocr_line' id='line_1_106' title="bbox 2145 5475 3644 5550; baseline 0.005 -22"><span class='ocrx_word' id='word_1_733' title='bbox 2145 5476 2292 5545; x_wconf 83' lang='grc' dir='ltr'>Στίχ.</span> <span class='ocrx_word' id='word_1_734' title='bbox 2321 5475 2364 5529; x_wconf 89' lang='grc' dir='ltr'>δ’</span> <span class='ocrx_word' id='word_1_735' title='bbox 2370 5516 2384 5530; x_wconf 93' lang='grc'><strong>.</strong></span> <span class='ocrx_word' id='word_1_736' title='bbox 2412 5507 2481 5517; x_wconf 89' lang='grc'><strong>-</strong></span> <span class='ocrx_word' id='word_1_737' title='bbox 2508 5477 2814 5547; x_wconf 85' lang='grc' dir='ltr'>Φρόντισον,</span> <span class='ocrx_word' id='word_1_738' title='bbox 2849 5478 2981 5550; x_wconf 75' lang='grc' dir='ltr'>φησὶ</span> <span class='ocrx_word' id='word_1_739' title='bbox 3003 5520 3020 5545; x_wconf 93' lang='grc'><strong>,</strong></span> <span class='ocrx_word' id='word_1_740' title='bbox 3054 5479 3148 5533; x_wconf 74' lang='grc' dir='ltr'>καὶ</span> <span class='ocrx_word' id='word_1_741' title='bbox 3190 5479 3328 5549; x_wconf 88' lang='grc' dir='ltr'><strong>μετά</strong></span> <span class='ocrx_word' id='word_1_742' title='bbox 3356 5481 3644 5547; x_wconf 82' lang='grc' dir='ltr'>διαθέσεως</span> 
     </span>
    </p>
   </div>
   <div class='ocr_carea' id='block_1_107' title="bbox 2072 5566 3323 5644">
    <p class='ocr_par' dir='ltr' id='par_1_107' title="bbox 2072 5566 3323 5644">
     <span class='ocr_line' id='line_1_107' title="bbox 2072 5566 3323 5644; baseline 0.002 -24"><span class='ocrx_word' id='word_1_743' title='bbox 2072 5566 2301 5621; x_wconf 79' lang='grc' dir='ltr'>ἄκουσον</span> <span class='ocrx_word' id='word_1_744' title='bbox 2332 5566 2438 5619; x_wconf 86' lang='grc' dir='ltr'><strong>τῶν</strong></span> <span class='ocrx_word' id='word_1_745' title='bbox 2468 5567 2565 5637; x_wconf 83' lang='grc' dir='ltr'>τῆς</span> <span class='ocrx_word' id='word_1_746' title='bbox 2594 5569 2903 5640; x_wconf 82' lang='grc' dir='ltr'>προσευχῆς</span> <span class='ocrx_word' id='word_1_747' title='bbox 2936 5587 3037 5644; x_wconf 86' lang='grc' dir='ltr'><strong>μου</strong></span> <span class='ocrx_word' id='word_1_748' title='bbox 3065 5570 3323 5643; x_wconf 75' lang='grc' dir='ltr'>ῥημάτων</span> 
     </span>
    </p>
   </div>
   <div class='ocr_carea' id='block_1_108' title="bbox 2143 5747 2641 5819">
    <p class='ocr_par' dir='ltr' id='par_1_108' title="bbox 2143 5747 2641 5819">
     <span class='ocr_line' id='line_1_108' title="bbox 2143 5747 2641 5819; baseline 0.004 -17"><span class='ocrx_word' id='word_1_749' title='bbox 2143 5748 2220 5819; x_wconf 70' lang='grc'><strong>(2)</strong></span> <span class='ocrx_word' id='word_1_750' title='bbox 2248 5747 2328 5803; x_wconf 74' lang='lat' dir='ltr'><strong>Ex</strong></span> <span class='ocrx_word' id='word_1_751' title='bbox 2358 5748 2641 5806; x_wconf 85' lang='lat' dir='ltr'><strong>Corderio.</strong></span> 
     </span>
    </p>
   </div>
  </div>
