4096 6234
456 328 567 386 675

508 448 511 451 ‘
1016 441 1306 496 ΨᾹΛΜΟΣ
1342 441 1464 497 ΝΔ’.

1650 324 2015 382 EXPOSlTlO
2055 326 2118 381 ΙΝ
2152 325 2487 381 PSALMOS.

3583 322 3692 380 ιη

2664 440 2891 496 PSALM
2900 438 2986 496 US
3037 439 3172 496 LW.

530 533 834 604 Θεοδώρου
864 533 925 604 (1
952 533 992 603 ).
1028 535 1140 605 Τῆς
1196 532 1572 603 αἰχμαλωσίας
1624 532 2029 601 ἀπαλλαγέντες

2202 533 2533 605 Babylonica
2574 534 2895 602 captivitate
2929 510 3103 589 Judaei
3142 533 3472 589 mirabiliter
3516 533 3692 590 a.nei

459 627 534 699 [οἰ
572 625 838 698 Ἰουδαῖοι]
877 624 980 696 τῆς
1032 627 1089 679 ὲν
1139 624 1416 678 Βαϐυλῶνι
1466 624 1780 695 παραδόξως
1821 626 1888 695 τῇ
1930 622 2024 675 τοῦ

459 720 592 774 Θεοῦ
622 719 871 789 δυνάμει,
903 718 1310 773 κατεσκεύασαν
1334 718 1432 789 μὲν
1456 718 1546 772 τὸν
1560 718 1685 772 ναὸν
1712 719 1804 771 καὶ
1821 717 2027 771 οἰκείαν

461 810 619 864 πάλιν
660 806 885 879 ᾤκησαν
934 809 1057 879 γῆν,
1084 808 1376 879 ἀπειλήφει
1421 807 1479 861 δὲ
1523 809 1615 861 κει)⁸
1663 809 1696 878 ή
1743 808 1896 871 πόλις
1936 807 2028 860 τὸν

457 905 654 956 οἰκεῖον
684 902 901 957 ἅπαντα
940 902 1141 974 κόσμον
1161 917 1176 932 °
1208 901 1343 956 ἀλλά
1372 902 1466 954 καὶ
1493 901 1710 970 βαθείας
1755 901 2028 971 ἀπήλαυον

458 995 557 1066 τῆς
582 995 821 1066 εἰρήνης.
843 994 951 1048 Καὶ
982 994 1046 1065 δὴ
1068 992 1161 1046 τοῦ
1202 993 1390 1065 χρόνου
1423 993 1873 1064 παραϐαίνοντος,
1897 994 2029 1064 ἀρχ-

461 1090 639 1160 ιερεὺς
664 1087 760 1142 τοῦ
785 1086 968 1151 ἔθνους
997 1087 1284 1158 γεγένηται
1314 1086 1513 1149 Ὀνίας.
1537 1085 1673 1156 ἀνὴρ
1698 1085 2030 1147 δικαιότατος

458 1183 551 1235 καὶ
590 1180 1012 1242 εὐσεϐέστατος
1046 1179 1169 1232 τότε
1201 1178 1257 1232 δὲ
1300 1179 1427 1241 τοὺς
1478 1178 1751 1249 ἀρχιερεῖς
1808 1176 1904 1230 καὶ
1932 1175 2031 1246 τὴν

458 1273 630 1346 ἀρχὴν
655 1271 751 1327 τοῦ
779 1272 963 1335 ἔθνους
992 1271 1420 1335 ὲμπεπιστεῦθαι
1452 1270 1780 1324 συνέϐαινεν.
1806 1270 1884 1340 Τῇ
1920 1270 2031 1322 τοί-

456 1381 554 1417 νυν
582 1361 875 1433 ἐπιστασίᾳ
909 1360 1002 1414 τοῦ
1039 1360 1230 1427 Ὀνίου,
1258 1359 1395 1431 μετά
1417 1360 1596 1430 πάσης
1622 1358 1903 1429 ἀκριϐείας
1923 1358 2031 1412 τῶν

455 1455 704 1526 νομίμων
754 1452 1187 1522 φυλαττομένων,
1222 1452 1315 1506 καὶ
1344 1452 1440 1522 τῆς
1473 1452 1551 1515 είς
1583 1451 1673 1504 τὸν
1713 1452 1843 1504 Θεὸν
1881 1452 2033 1505 εὐσε-

460 1546 611 1609 ϐείας
643 1547 841 1618 ἄριστα
871 1544 1270 1615 πληρουμένης,
1302 1542 1483 1613 Σίμων
1524 1558 1608 1606 τις
1640 1544 1703 1597 ὲκ
1728 1543 1827 1613 τῆς
1862 1544 2033 1615 φυλῆς

458 1638 753 1707 Βενιαμὶν,
795 1635 1057 1689 Σελεύκου
1114 1635 1235 1689 τότε
1284 1634 1657 1704 βασιλεύοντος
1710 1638 1809 1706 τῆς
1849 1636 2032 1699 Ἀσίας

461 1731 697 1800 ἀπάσης,
744 1726 944 1799 Συρίας
989 1743 1049 1779 τε
1084 1727 1179 1779 καὶ
1219 1726 1490 1797 Φοινίκης,
1532 1727 1867 1797 προστασίαν
1911 1727 2032 1780 τινὰ

464 1821 893 1892 πεπιστευμένος
920 1818 1013 1872 τοῦ
1044 1817 1190 1890 ἱεροῦ
1209 1858 1224 1882 ,
1258 1818 1511 1890 διηνέχθη
1548 1820 1645 1890 μὲν
1675 1820 1772 1873 ούκ
1800 1819 2033 1889 εὐλόγως

465 1913 602 1983 πρὸς
628 1910 719 1964 τὸν
754 1909 932 1963 Ὀνίαν
955 1924 969 1939 °
1015 1909 1073 1962 ὲν
1106 1907 1162 1960 δὲ
1193 1910 1258 1977 τῇ
1291 1908 1425 1981 πρὸς
1455 1909 1614 1962 αὐτὸν
1644 1910 1893 1981 ἡττηθεὶς
1921 1911 2031 1964 δια-

464 2003 625 2073 φορᾷ,
656 1998 929 2054 κοινοῦται
980 1998 1317 2070 Ἀπολλωνίῳ
1368 1998 1445 2070 τῷ
1495 2000 1806 2072 στρατηγῷ,
1853 2003 2031 2074 φήσας

456 2092 781 2147 ἀποκεῖσθαι
806 2092 1099 2164 πάμπολλα
1133 2093 1387 2165 χρήματα
1412 2095 1470 2145 ὲν
1490 2092 1568 2164 τῷ
1591 2092 1727 2163 ναῷ,
1744 2094 1789 2149 ’ἃ
1809 2095 2032 2149 δυνατὸν

454 2182 729 2253 ληφθέντα
751 2183 999 2253 χρήσιμα
1025 2182 1102 2253 τῷ
1129 2182 1340 2254 βασιλεῖ
1366 2183 1620 2252 γενέσθαι
1640 2185 1777 2255 πρὸς
1803 2201 2031 2257 στρατο-

451 2273 640 2341 λογίαν
663 2289 677 2303 ·
703 2273 907 2342 γίνεται
935 2273 992 2327 δὲ
1016 2273 1175 2327 τοῦτο
1194 2273 1289 2327 καὶ
1315 2273 1392 2345 τῷ
1424 2273 1631 2345 βασιλεί
1649 2276 1923 2349 γνώριμον
1944 2276 2033 2330 διὰ

453 2366 549 2418 τοῦ
576 2364 884 2436 στρατηγοῦ
907 2380 921 2394 ·
936 2366 1028 2418 καὶ
1049 2365 1340 2437 δεξάμενος
1358 2366 1426 2419 τὰ
1445 2366 1595 2439 παρά
1612 2367 1705 2421 τοῦ
1726 2367 2031 2440 στρατηγοῦ

458 2455 789 2527 μηνυθέντα,
818 2451 1135 2527 Ἠλιόδωρόν
1167 2475 1289 2512 τινα
1331 2457 1441 2512 τῶν
1472 2458 1688 2513 οἰκείων
1718 2461 2033 2516 ἀποστέλλει

452 2545 756 2617 ληψόμενον
780 2547 848 2600 τὰ
866 2548 969 2619 χρή
979 2565 1142 2618 ματα.
1167 2549 1275 2603 Καὶ
1300 2550 1364 2622 δὴ
1402 2552 1792 2621 παραγεγονὼς
1812 2553 1840 2606 ὁ
1866 2553 2036 2607 Ἥλιό-

452 2636 647 2707 δωρος,
681 2635 824 2704 ἔγνω
839 2638 1135 2708 χρημάτων
1153 2640 1252 2709 μὲν
1273 2640 1373 2694 οὐκ
1397 2637 1535 2695 εἶναι
1566 2640 1816 2697 τοσοῦτον
1834 2644 2034 2714 πλῆθος

455 2729 517 2781 ὲν
536 2728 610 2797 τῷ
646 2726 776 2799 ἰερῷ
802 2729 925 2782 ὅσον
944 2731 979 2801 ἡ
996 2728 1089 2783 τοῦ
1109 2731 1348 2801 Σίμωνος
1372 2732 1618 2787 ἐϐούλετο
1632 2734 1870 2807 διαϐολὴ,
1895 2735 2033 2790 εῖναι

453 2819 513 2873 δὲ
532 2820 709 2888 ὀλίγα,
731 2820 1018 2876 καὶταῦτα
1046 2821 1559 2896 παρακα[τα]θήκας
1587 2826 1871 2897 ὲτέρων,ο’ί
1898 2828 2035 2900 πρὸς

455 2910 557 2982 τὴν
586 2910 928 2976 ἀξιοπιστίαν
960 2912 1054 2966 τοῦ
1082 2914 1246 2966 τόπου
1278 2917 1369 2967 καὶ
1396 2914 1496 2985 τὴν
1518 2915 1614 2968 τοῦ
1641 2915 1775 2969 Θεοῦ
1807 2916 2034 2989 δύναμιν

456 3004 885 3075 ἀποϐλέψαντες,
910 3005 1010 3071 τὰς
1041 3005 1559 3079 παρακα[τα]θήκας
1590 3007 1882 3063 ἀπέθεντοο
1914 3027 2035 3063 συν-

457 3097 745 3157 εϐούλευεν¹
768 3099 825 3151 δὲ
856 3102 884 3152 ό
916 3099 1113 3162 Ὀνίας,
1145 3100 1308 3172 μηδὲν
1337 3100 1682 3172 ἐπιχειρῆσαι
1714 3100 1896 3155 λαϐεῖν
1927 3102 2035 3155 τῶν

2054 1861 2104 1918 Β

2131 627 2372 697 potentia
2399 625 2634 689 liberati,
2654 628 3104 681 instauraverunt
3128 627 3409 696 templum,
3433 641 3696 696 suamque

2130 732 2323 773 rursus
2366 717 2593 787 patriam
2646 716 3045 781 incoluerunt;
3087 717 3313 787 ipsaque
3354 717 3483 770 urbs
3516 725 3692 771 totum

2130 810 2337 879 recepit
2378 809 2721 876 splendorem
2763 818 3037 871 veterem,
3070 810 3287 877 altaque
3326 823 3460 877 pace
3506 807 3692 862 cuncti

2130 901 2455 955 fruebantur
2511 899 2613 964 (11
2641 900 2811 954 Much.
2860 916 2957 963 Ill,
2994 900 3104 970 tv).
3160 899 3463 969 Progressu
3510 907 3690 953 autem

2131 993 2398 1062 temporis
2431 992 2675 1061 pontifex
2712 993 2889 1062 gentis
2934 992 3113 1047 factus
3142 1002 3226 1047 est
3255 992 3426 1047 Onias
3446 1034 3460 1057 ,
3490 994 3575 1047 vir
3602 993 3693 1061 ju-

2130 1085 2407 1139 stissimus
2443 1093 2503 1139 et
2540 1085 3024 1156 religiosissimus:
3059 1094 3190 1139 tunc
3227 1087 3370 1139 enim
3410 1085 3475 1139 ad
3514 1085 3693 1155 ponti-

2133 1172 2263 1231 ﬁces
2312 1176 2653 1245 principatus
2703 1190 2922 1245 quoque
2978 1177 3155 1245 gentis
3202 1175 3403 1231 deferri
3463 1176 3691 1231 solebat.

2131 1265 2278 1336 Ergo
2312 1266 2567 1322 Onia'rei
2605 1268 2834 1337 publica:
2866 1267 3229 1337 praesidente,
3268 1269 3402 1338 legis
3432 1269 3557 1337 jure
3594 1283 3691 1321 ac-

2131 1364 2333 1412 curate
2387 1359 2711 1420 obscrvato,
2767 1360 3028 1431 religione
3083 1375 3209 1431 erga
3264 1359 3432 1414 Deum
3488 1360 3691 1429 optime

2131 1450 2409 1515 exercita,
2444 1447 2631 1503 Simon
2676 1450 2896 1520 quidam
2935 1451 3002 1505 de
3034 1452 3179 1505 tribu
3212 1450 3516 1519 Bcnjamini
3540 1488 3554 1513 ,
3595 1446 3693 1505 Se-

2133 1541 2291 1595 leuco
2311 1541 2453 1595 Asiae
2488 1541 2761 1596 universa:
2794 1541 3075 1613 Syriaeque
3112 1553 3165 1597 et
3197 1542 3493 1598 thnicite
3524 1545 3692 1612 impe-

2132 1642 2289 1687 rante
2313 1672 2328 1694 ,
2364 1633 2599 1701 quadam
2630 1634 2819 1703 templi
2860 1635 3223 1704 praepositum
3264 1635 3553 1703 praaditus,
3599 1649 3694 1704 pa—

2131 1740 2252 1778 rum
2283 1724 2520 1780 honeste
2553 1726 2622 1779 ab
2660 1723 2797 1780 Onia
2833 1725 3174 1780 dissidebat:
3221 1728 3274 1779 in
3315 1743 3422 1795 qua
3464 1736 3694 1782 conten-

2058 1816 2281 1889 1,tione
2338 1818 2545 1881 victus,
2608 1818 2867 1873 convenit
2925 1818 3277 1889 Apollonium
3334 1820 3689 1888 praefectum,

2128 1912 2290 1979 eique
2338 1910 2601 1964 indicavit
2654 1910 2941 1979 plurimam
2993 1925 3117 1965 esse
3174 1911 3227 1963 in
3277 1911 3477 1980 templo
3526 1927 3692 1981 pecu-
3795 1952 3801 1981 ,η

2130 2003 2273 2056 niam
2302 2045 2317 2067 ,
2360 2017 2481 2072 qua:
2518 2003 2642 2057 inde
2684 2009 2997 2070 protracta,
3034 2002 3146 2072 regi
3187 2004 3255 2057 ad
3306 2004 3536 2058 militum
3589 2005 3691 2059 sti-
3798 2002 3809 2048 ε

2129 2090 2327 2160 pendia
2379 2090 2529 2145 utilis
2589 2090 2749 2146 foret.
2808 2088 2965 2156 Quod
3017 2105 3142 2144 cum
3187 2105 3217 2144 a
3271 2091 3528 2161 praefecto
3577 2094 3691 2165 regi

2130 2182 2498 2251 significatum
2533 2182 2760 2247 fuisset,
2798 2183 2888 2238 hic
2917 2197 2984 2239 eo
3010 2183 3217 2238 indicio
3258 2200 3391 2240 usus
3435 2183 3691 2240 Heliodo-

2124 2288 2252 2327 rum
2290 2274 2578 2344 quemdam
2619 2272 2944 2329 familiarem
2985 2290 3144 2330 suum
3194 2275 3346 2330 misit
3390 2278 3485 2345 qui
3523 2292 3691 2347 pecu-

2124 2367 2277 2419 ariam
2308 2376 2546 2437 caperet.
2573 2364 2692 2421 1am
2728 2381 2857 2422 vero
2888 2367 3018 2422 illuc
3045 2368 3321 2438 profectus
3345 2367 3689 2437 Heliodorus,

2131 2459 2397 2529 comperit
2431 2473 2541 2513 non
2570 2468 2749 2514 tantas
2795 2474 2918 2515 esse
2950 2460 3007 2514 in
3053 2461 3259 2530 templo
3292 2475 3425 2531 opes
3456 2470 3692 2531 quantas

2122 2549 2321 2606 'Simon
2355 2551 2571 2606 delator
2620 2549 2871 2615 dixerat,
2902 2552 2998 2607 sed
3050 2551 3367 2607 thesaurum
3395 2552 3689 2618 modicum,

2130 2650 2186 2699 et
2216 2642 2434 2713 quidem
2485 2657 2551 2696 ex
2590 2641 2785 2697 alienis
2816 2641 3078 2714 depositis
3118 2643 3398 2698 hominum
3433 2645 3524 2714 qui
3574 2645 3693 2699 loco

2134 2733 2361 2789 ﬁdentes
2382 2739 2438 2788 et
2463 2732 2556 2787 Dei
2576 2733 2876 2803 potentiam
2899 2734 3328 2807 religionemque
3355 2743 3690 2804 spectantes,

2122 2823 2207 2879 ibi
2243 2837 2342 2878 sua
2374 2832 2751 2891 reposuerant.
2783 2821 3118 2879 Hortabatur
3144 2838 3307 2895 porro
3340 2824 3692 2879 Heliodorum

2132 2916 2300 2971 Onias
2322 2955 2338 2980 ,
2401 2930 2467 2970 ne
2498 2914 2632 2985 quid
2665 2914 2794 2971 inde
2820 2915 3143 2993 detraheret
3171 2935 3185 2970 :
3221 2918 3424 2972 etenim
3475 2918 3581 2973 Deo
3610 2917 3694 2972 fa-

2134 3018 2281 3064 ctum
2313 3008 2379 3062 iri
2407 3008 2664 3078 injuriam
2688 3023 3019 3079 gravemque
3048 3009 3334 3074 olfensam,
3372 3012 3418 3065 si
3446 3010 3694 3081 deposita

2136 3100 2278 3170 apud
2304 3100 2481 3169 ipsum
2510 3098 2743 3170 pecunia
2770 3098 3122 3167 diriperetur.
3141 3096 3551 3155 Verumtamem
3583 3101 3695 3155 haec

458 3191 1061 3264 ἀποκειμένων.”Υ6ρις
1088 3192 1217 3264 γὰρ,
1252 3193 1435 3262 φησὶν,
1460 3194 1537 3256 εἰς
1566 3195 1626 3246 τὸ
1648 3193 1800 3247 Θεῖον
1826 3194 1885 3247 τὸ
1900 3195 2034 3263 γινό-

2137 3190 2269 3245 nihil
2301 3190 2455 3262 pensi
2486 3188 2814 3245 Heliodorus
2847 3188 3117 3251 habebat,
3153 3189 3240 3242 cui
3289 3203 3402 3257 pra:
3438 3191 3695 3245 omnibus

464 3299 647 3353 μενον.
681 3284 774 3337 καὶ
803 3282 1061 3353 λυπήσεις
1089 3285 1282 3345 ἐκεῖνο,
1310 3278 1369 3338 οῦ
1397 3284 1494 3353 τὴν
1519 3284 2033 3360 παρακα[τα]οήκην

460 3373 1118 3445 ἀποσυλήσεις.Ἔμελλεν
1148 3374 1351 3428 τούτων
1397 3376 1549 3429 οὐδὲν
1597 3376 1671 3446 τῷ
1711 3377 2031 3451 Ἠλιοδὼρῳ,

469 3465 690 3535 μείζονα
718 3464 937 3519 πάντων
971 3466 1217 3537 κρίναντι
1246 3466 1306 3519 τὸ
1334 3466 1427 3519 τοῦ
1468 3465 1730 3536 βασιλέως
1758 3469 1839 3532 είς
1862 3472 2035 3542 πέρας

465 3555 689 3623 ἀγαγεῖν
714 3556 1059 3628 πρόσταγμα.
1093 3557 1281 3628 Ἐὐχαὶ
1318 3558 1415 3627 μὲν
1438 3553 1529 3611 οῦν
1558 3559 1652 3612 καὶ
1679 3559 1863 3632 θρῆνοι
1896 3563 2037 3616 κατὰ

465 3646 566 3718 τὴν
597 3647 745 3701 πόλιν
774 3648 1049 3717 ἐγίγνοντο
1071 3649 1161 3702 ἐπὶ
1179 3648 1406 3712 τούτοις,
1431 3650 1777 3704 ἱκετευόντων
1794 3651 1886 3706 τὸν
1904 3653 2037 3707 Θεὸν

469 3739 545 3810 μὴ
568 3738 887 3793 καταλιπεῖν
912 3739 1262 3811 ἀνεκδίκητον
1290 3739 1387 3811 τὴν
1415 3740 1648 3812 τόλμαν*
1686 3742 1858 3815 εἰσῄει
1884 3744 1940 3797 δὲ
1969 3746 2035 3815 τῇ

466 3831 630 3903 ἑτέρᾳ
661 3832 735 3896 ὡς
782 3832 852 3885 τὰ
901 3833 1160 3905 χρήματα
1198 3832 1500 3904 ληψόμενος
1521 3850 1535 3864 θ
1569 3834 1662 3887 καὶ
1687 3837 1715 3888 ὀ
1756 3835 1888 3897 Θεὸς
1915 3837 2037 3898 ταῖς

469 3924 703 3987 ἱκεσίαις
756 3923 851 3977 τοῦ
895 3925 1130 3994 πλήθους
1160 3925 1469 3988 ἐπινεύσας.
1495 3926 1586 3979 καὶ
1614 3925 1707 3978 τοῦ
1738 3926 2037 3996 ἀρχιερέως

468 4015 567 4087 τὴν
606 4015 887 4069 εὐσέϐειαν
932 4015 1348 4085 ἀποδεξάμενος,
1385 4016 1734 4088 φοϐερωτάτη
1776 4016 1881 4068 τινὶ
1922 4017 2039 4068 ἐπι-

468 4107 666 4179 φανείᾳ
720 4106 813 4160 τοῦ
868 4107 1214 4179 τολμήματος
1258 4107 1650 4162 ἁπεσκεύασεν.
1703 4107 1878 4176 Ὠφθη
1930 4108 2038 4178 γὰρ

469 4201 695 4254 εἰσιέναι
746 4200 996 4268 μέλλοντι
1031 4200 1194 4263 ἵππος
1223 4199 1310 4252 διὰ
1357 4199 1449 4252 τοῦ
1492 4198 1650 4265 ἀέρος
1687 4197 1915 4270 φοϐερὸς
1937 4197 2039 4267 μὲν

467 4290 614 4360 ϐψιν,
650 4288 875 4358 φαιδρὸς
921 4288 977 4340 δὲ
1028 4288 1090 4341 τὸ
1138 4290 1359 4357 σχῆμα,
1397 4285 1755 4355 ὲποχούμενόν
1804 4300 1865 4336 τε
1899 4283 2039 4352 ἔχων

473 4383 609 4454 μετά
631 4382 835 4453 χρυσῆς
870 4381 969 4452 τῆς
988 4379 1310 4443 πανοπλίας,
1341 4378 1401 4441 ὃς
1430 4379 1524 4430 καὶ
1556 4376 1692 4447 μετὰ
1721 4374 1914 4430 πολλοῦ
1942 4374 2036 4427 τοῦ

471 4473 780 4545 ρυζήματος
813 4476 935 4536 ταῖς
980 4470 1336 4541 ὲμπροσθίαις
1369 4469 1555 4532 ὁπλαῖς
1587 4467 1677 4521 τὸν
1720 4454 2038 4536 Ἠλιόδωρον

2134 3283 2285 3339 cordi
2317 3291 2437 3338 erat
2474 3282 2617 3352 regis
2655 3279 2969 3335 mandatum
3007 3280 3254 3349 exsequi.
3296 3278 3497 3336 Preces
3530 3282 3697 3351 igitur

2135 3391 2200 3431 ac
2241 3375 2661 3431 lamentationes
2688 3383 2800 3429 tota
2833 3372 2969 3426 urbe
2995 3380 3154 3425 erant
3183 3372 3459 3427 orantium
3498 3372 3693 3436 Deum,

2137 3486 2205 3525 ne
2233 3470 2281 3524 is
2314 3484 2482 3524 ausus
2514 3467 2654 3523 foret
2685 3466 2913 3521 inultus.
2950 3464 3090 3520 Ecce
3117 3474 3296 3519 autem
3331 3466 3420 3521 ille
3448 3467 3695 3536 sequenti

2136 3562 2224 3617 die
2255 3559 2666 3631 ingrediebatur
2690 3557 2976 3629 pecuniam
3007 3565 3364 3627 sumpturus;
3396 3572 3517 3611 cum
3552 3556 3697 3614 Deus

2138 3653 2325 3724 populi
2384 3651 2641 3721 precibus
2699 3664 2949 3704 annuens
3009 3662 3073 3703 ac
3130 3648 3404 3717 pontiﬁcis
3440 3649 3695 3719 pietatem

2138 3746 2442 3814 respiciens
2464 3784 2478 3804 ,
2515 3743 2750 3797 terribili
2783 3740 3078 3795 admodum
3112 3739 3324 3796 visione
3359 3739 3575 3797 facinus
3612 3742 3697 3796 in-

2138 3835 2340 3890 hibuit.
2388 3834 2659 3903 Apparuit
2712 3833 2855 3887 enim
2891 3831 3004 3901 jam
3047 3831 3375 3900 ingredienti
3413 3847 3589 3901 equus
3640 3834 3694 3887 in

2139 3940 2267 3979 acre
2301 3923 2566 3978 terribilis
2600 3930 2822 3992 aspectu
2843 3962 2857 3984 ,
2892 3920 3178 3991 splendida
3209 3920 3382 3976 forma
3407 3962 3420 3986 ,
3456 3923 3693 3991 equitem

2132 4029 2338 4084 gerens
2376 4028 2541 4069 aurea
2573 4021 2777 4067 tectum
2818 4022 3136 4078 armatura;
3171 4012 3330 4082 isque
3353 4013 3531 4068 valido
3572 4028 3696 4067 cum

2140 4107 2343 4176 impetu
2397 4104 2675 4175 prioribus
2712 4104 2961 4160 calcibus
3001 4102 3355 4159 Heliodorum
3395 4104 3692 4175 percussit.
3786 4152 3791 4163 .

2128 4196 2256 4252 'Duo
2303 4199 2526 4267 insuper
2567 4199 2830 4267 juvenes.
2869 4196 3100 4251 terribili
3133 4197 3343 4268 pariter
3382 4194 3598 4266 specie,
3632 4209 3697 4251 ac

2139 4291 2425 4363 splendido
2483 4301 2719 4357 ornatu,
2763 4290 2980 4361 utrique
3020 4290 3176 4345 lateri
3218 4298 3474 4345 astantes
3511 4286 3696 4343 Helio-

2137 4384 2333 4438 dorum
2362 4382 2743 4439 verberabant.
2780 4383 2957 4453 Atque
2986 4381 3062 4435 ita
3099 4389 3213 4435 tum
3249 4395 3313 4434 ea
3342 4381 3551 4459 visione
3580 4389 3698 4435 tum

2139 4477 2315 4547 plagis
2369 4483 2792 4539 consternatus,
2848 4472 3144 4529 semivivus
3194 4472 3322 4527 inde
3364 4473 3541 4527 elatus
3592 4481 3695 4528 est.

424 4638 427 4639 ν
470 4565 721 4637 ἔπληξεν.
746 4564 849 4618 Δύο
871 4581 927 4617 τε
949 4562 1173 4627 νεανίαι,
1204 4562 1423 4632 φοϐεροὶ
1447 4561 1543 4614 καὶ
1588 4552 1733 4613 οῦτοι
1764 4558 1865 4630 τὴν
1888 4558 2034 4622 θέαν,

2140 4570 2278 4623 Tum
2309 4582 2439 4622 vero
2467 4566 2742 4625 Heliodori
2775 4564 3007 4621 comites
3033 4563 3229 4621 Oniam
3255 4562 3523 4625 orabant,
3554 4564 3698 4632 apud

471 4655 705 4721 ἐπίδοξοί
732 4673 790 4709 τε
820 4655 878 4709 τὸ
908 4654 1112 4725 σχῆμα,
1137 4653 1490 4726 περιστάντες
1518 4652 1763 4705 ἐντεῦθεν
1786 4650 2034 4704 κάκεῖθεν

2144 4656 2315 4712 Deum
2349 4658 2768 4713 intercessorem
2799 4655 2944 4722 ﬁeri,
2972 4662 3034 4708 ut
3059 4654 3150 4708 ille
3177 4653 3495 4709 imminente
3525 4662 3701 4706 morte

473 4748 820 4819 ἐμαστίγουν.
854 4748 962 4801 Καὶ
1015 4747 1186 4809 οὕτως
1232 4746 1339 4799 ἀπὸ
1388 4745 1487 4813 τῆς
1531 4744 1790 4806 ὀπτασίας
1817 4743 2034 4797 καὶτῶν

474 4843 700 4914 πληγῶν
732 4840 1056 4897 καταπεσὼν
1081 4841 1245 4912 ῆρθη,
1284 4840 1481 4911 μικροῦ
1532 4838 1725 4912 νεκρὸς
1756 4840 2035 4909 ὑπάρχων.

546 4956 623 5026 (l)
654 4955 929 5012 Theodori
955 4955 1633 5026 Mopsuesteniprolixum
1657 4963 2035 5026 argumentum

474 5028 530 5082 in
558 5024 829 5097 psalmum
865 5042 989 5091 xcv,
1029 5027 1084 5079 in
1113 5042 1222 5096 quo
1244 5024 1559 5097 Judieorttm
1587 5024 1822 5097 historia
1847 5038 1877 5077 a
1910 5034 2040 5078 tem-

474 5095 702 5167 poribus
725 5097 1058 5167 captivitatis
1084 5095 1265 5167 usque
1292 5096 1357 5149 ad
1392 5097 1719 5167 Antiochum
1764 5095 2039 5167 Illustrem

474 5164 529 5223 et
555 5167 706 5223 Onias
738 5164 920 5237 fugam
959 5169 1015 5223 in
1044 5164 1339 5238 Egyptutn
1376 5166 1703 5238 summatim
1738 5164 2042 5233 attingeba-

476 5248 587 5302 tur,
626 5235 906 5294 exstitisse
928 5252 1040 5308 I_ns.
1071 5235 1212 5308 apud
1250 5237 1482 5307 Anglum
1521 5235 1780 5308 Galaeutn,
1817 5242 2044 5308 narrant

476 5309 701 5364 (levatus
731 5317 894 5378 atque
926 5305 1236 5372 Fabricius,
1274 5305 1363 5361 ubi
1398 5307 1715 5378 descriptis
1736 5305 2041 5378 doctissimi

432 5375 845 5447 "Mopsuesteni
900 5393 1001 5448 pro
1046 5375 1602 5459 ipsorum-instituto
1663 5384 1852 5459 agunt.
1903 5376 2042 5459 Ecce

479 5444 661 5503 autém
689 5464 790 5517 ego
821 5444 1038 5519 quoque
1072 5444 1124 5503 id
1168 5456 1544 5519 argumentum
1588 5444 1940 5519 iurVaticana
1973 5444 2041 5499 ad

479 5520 802 5574 Psalterium
836 5517 1028 5576 cate—na
1062 5527 1257 5574 nactus
1287 5534 1431 5581 sum,
1465 5518 1519 5572 in
1551 5517 1757 5579 codice,
1794 5518 2039 5584 inquam,

482 5590 541 5645 Β.
578 5590 615 5644 l.
644 5589 910 5644 2ll—‘21‘2.
954 5590 1132 5644 Simul
1159 5600 1339 5643 tamen
1369 5588 1853 5657 comperiuerrore
1882 5595 2040 5657 typo-

481 5642 742 5730 graphico
764 5642 931 5715 scribi
963 5642 1106 5730 apud
1128 5642 1418 5730 prmdictos
1437 5642 1688 5712 auctores
1710 5658 1801 5720 45,
1830 5642 1927 5725 ι)τό
1943 5642 2040 5730 '54,

482 5729 758 5801 perversis
806 5729 1399 5799 netnpe’numeralibus
1443 5732 1625 5783 notis:
1668 5744 1793 5801 nant
1832 5743 1892 5782 re
1925 5729 2043 5801 qui;

483 5798 604 5858 item
632 5817 759 5858 vera
791 5803 891 5857 hoc
909 5798 1287 5874 argumentum
1315 5816 1418 5854 non
1445 5815 1565 5869 xcv,
1603 5799 1697 5855 sctl
1730 5814 1814 5853 Liv
1847 5798 2040 5870 psalmi

2143 4748 2493 4803 liberaretur.
2510 4746 2664 4813 Quod
2686 4747 2833 4802 illico
2850 4745 3058 4801 faciens
3076 4743 3267 4813 Onias,
3286 4743 3557 4800 sacriﬁcio
3580 4744 3702 4812 ejus

2145 4839 2316 4910 gratia
2347 4839 2552 4905 oblato,
2583 4838 2854 4895 hominem
2885 4837 3204 4893 infirmitate
3231 4837 3543 4906 expedivit,
3586 4834 3697 4889 Deo

2140 4962 2263 5021 est;
2304 4953 2447 5023 quod
2483 4968 2551 5008 ne
2589 4952 2795 5023 diutius
2828 4954 3027 5016 lateat,
3063 4953 3207 5023 typis
3252 4951 3371 5006 sine
3402 4965 3551 5023 mora
3595 4949 3703 5003 im-

2144 5020 2379 5094 primere
2412 5023 2650 5094 decrevi.
2699 5022 2892 5080 Nobile
2929 5020 3148 5094 quippe,
3181 5020 3541 5094 fragmentum
3596 5028 3701 5094 est,

2143 5090 2287 5149 inter
2324 5093 2558 5164 plurima
2601 5109 2723 5164 qua
2770 5090 3221 5160 auctoris'ltujus
3250 5090 3520 5159 vulgantla
3558 5090 3702 5164 ‘mihi

2144 5160 2475 5235 supersunt:
2506 5160 2742 5219 nec'tam
2773 5167 2970 5219 merito
3014 5164 3299 5235 historico,
3343 5168 3527 5235 utpote
3546 5160 3610 5235 Ain
3647 5175 3705 5214 re
3819 5172 3823 5177 ‘

2145 5230 2482 5305 pervulgata,
2532 5235 2961 5299 commendatur,
3002 5248 3161 5305 quam
3191 5232 3346 5305 quia
3370 5230 3706 5305 hinc‘denuo

2146 5298 2546 5374 cognoscimus.
2586 5306 2861 5375 quomodo
2890 5298 3240 5375 famigeratus
3272 5298 3702 5375 S_S._Bibliorutn

2142 5369 2411 5445 int'erpres
2438 5369 2760 5445 Theodorus
2798 5375 2868 5428 ab
2888 5369 3114 5445 historia
3139 5369 3353 5445 veteris
3374 5369 3706 5445 'lfesta‘tnenti

2144 5444 2213 5499 ad
2244 5438 2334 5500 res
2352 5444 2489 5501 Novi
2518 5444 2784 5506 Fcederis,
2817 5454 2981 5513 atque
3010 5442 3078 5496 ad
3108 5441 3364 5495 vaticinia
3383 5442 3455 5513 de
3484 5438 3706 5513 Christo

2144 5518 2381 5571 transire
2427 5517 2621 5572 solitus
2657 5514 2856 5569 fuerit:
2894 5511 3068 5582 quam
3110 5527 3221 5566 rem
3259 5513 3312 5566 in
3345 5511 3466 5579 ejus
3496 5511 3707 5581 integro

2145 5587 2307 5639 etiam
2371 5588 2436 5640 ad
2492 5585 2584 5639 XII
2659 5585 2969 5655 pr0plteta‘s‘
3006 5585 3245 5637 minores
3288 5583 3705 5655 commentario,

2145 5672 2307 5725 quem
2332 5672 2433 5711 nos
2469 5659 2596 5710 olitn
2631 5650 2901 5711 edidimus
2932 5653 3126 5725 διῆρε.
3172 5666 3268 5725 ret.
3302 5662 3340 5706 t.
3378 5650 3495 5725 Vl,_
3521 5651 3707 5704 obser-

2146 5721 2413 5854 mreipgn
2438 5729 2605 5783 semel
2632 5729 2803 5783 licuit.
2840 5725 2966 5791 MAI,
3008 5724 3259 5781 Biblioth.
3298 5740 3429 5779 nova
3460 5721 3702 5782 Patrum,

2221 5837 2233 5854 ι
2266 5831 2275 5841 ⁸
2303 5820 2333 5853 ε.)
2374 5837 2387 5852 ο

2219 5837 2233 5864 ,
2266 5820 2387 5854 ειυς).
