4106 6238
407 288 512 374 οὴε

1580 312 1926 371 TIIEODORI
1962 313 2188 374 MOPSU
2199 314 2443 371 ESTENI

3526 308 3627 364 676

407 434 509 504 ipsi
540 418 858 504 apparente,
888 432 1197 504 multasque
1226 431 1434 506 gratias
1461 434 1702 504 pontifici
1736 433 1966 490 reddere

2075 437 2234 507 Δεήσε
2245 454 2291 500 ις
2316 436 2453 507 ὑπὲρ
2476 433 2679 488 τούτων
2705 433 2837 504 πρὸς
2866 432 2954 485 τὸν
2984 431 3161 484 Ὀνίαν
3188 429 3461 497 ἐγίγνοντο
3484 429 3629 498 παρὰ

408 526 648 595 iubente.
687 525 777 580 Sic
818 526 908 583 ille
961 534 1248 591 servatus,
1293 527 1495 582 oblatis
1530 526 1641 583 Deo
1688 528 1962 595 victimis,

408 617 475 670 ad
508 632 686 688 regem
718 634 971 675 reversus
998 628 1110 683 est,
1142 636 1265 690 qua:
1293 620 1401 676 sibi
1430 620 1744 676 acciderant
1778 636 1968 676 narra-

408 720 586 763 turus.
621 708 738 764 Non
780 722 961 765 tamen
1001 710 1214 766 destitit
1249 726 1279 765 a
1317 726 1418 767 sua
1458 712 1701 782 nequitia
1738 710 1963 779 Simon,

408 814 584 869 neque
612 814 642 852 a
672 800 964 856 calumniis
994 808 1187 855 contra
1216 800 1405 855 Oniam
1437 802 1718 857 struendis
1744 820 1756 856 :
1797 802 1873 856 ita
1906 809 1967 856 ut

408 890 497 945 hic
528 889 594 944 ad
630 904 809 959 regem
845 890 1156 960 profectus,
1204 899 1259 947 et
1302 892 1722 948 criminationes
1754 893 1862 948 sibi
1896 893 1968 948 il-

408 982 546 1035 latas
577 983 929 1051 cognoverit,
965 991 1020 1039 et
1051 983 1216 1038 simul
1252 983 1454 1054 populo
1488 983 1742 1039 idoneam
1775 998 1964 1054 pacem

407 1073 806 1129 conciliaverit.

2067 528 2175 582 τῶν
2222 528 2485 582 συνόντων
2522 526 2599 597 τῷ
2637 524 2974 595 Ἱιλιοδώρῳ,
3019 522 3291 577 ἱκετεῦσαι
3336 520 3427 573 τὸν
3475 519 3628 577 Θεὸν,

2068 618 2394 689 χαρίσασθαι
2444 617 2592 687 αὐτῷ
2637 615 2732 669 τοῦ
2788 614 3234 686 προσδοκωμένου
3262 612 3489 667 θανάτου
3534 611 3632 679 τὴν

2068 710 2406 781 ἀπαλλαγήν.
2437 710 2502 762 "0
2526 709 2619 763 καὶ
2658 709 2884 779 ποιήσας
2912 709 2942 761 6
2987 705 3161 769 Ὀνίας
3195 704 3375 768 εὐθὺς,
3407 704 3503 756 καὶ
3537 702 3624 755 θυ-

2070 801 2188 865 σίας
2218 798 2579 872 προσαγαγὼν
2603 800 2741 871 ὑπὲρ
2761 798 2944 862 αὑτοῦ,
2963 796 3236 863 ἀπήλλαξε
3258 799 3357 865 τῆς
3377 790 3636 863 κατεχού-

2069 909 2168 963 σης
2201 892 2356 944 νόσου
2383 907 2397 921 ⁸
2434 890 2784 959 ἐπιφανέντος
2804 905 2864 941 τε
2894 887 3044 958 αὐτῷ
3073 884 3168 940 τοῦ
3193 882 3350 947 Θεοῦ,
3385 881 3477 935 καὶ
3511 880 3638 932 πολι

2070 980 2167 1043 λάς
2204 979 2345 1049 ἔχειν
2378 978 2605 1050 χάριτας
2644 977 2722 1049 τῷ
2758 978 3003 1048 ἀρχιερεῖ
3067 968 3633 1046 παρακελευσαμένου.

2071 1072 2230 1125 Οὕτω
2277 1070 2564 1133 διασωθεὶς
2601 1069 2697 1124 καὶ
2727 1069 2913 1132 θυσίας
2954 1065 3030 1138 τῷ
3073 1065 3194 1136 Θεῷ
3224 1060 3635 1137 προσκομίσας,

314 1150 321 1159 ί
408 1166 708 1237 ἐπανῆλθεν
750 1166 884 1238 πρὸς
920 1166 1011 1219 τὸν
1050 1165 1269 1237 βασιλέα
1297 1168 1686 1240 διηγησόμενος
1713 1168 1781 1222 τὰ
1810 1166 2069 1236 γεγονότα
2089 1180 2103 1195 °
2137 1164 2249 1219 ἀλλ’
2272 1164 2372 1218 οὐκ
2390 1162 2653 1233 ἀφίστατο
2680 1161 2780 1232 τῆς
2812 1162 3014 1224 οἰκείας
3040 1159 3339 1231 μοχθηρίας
3372 1159 3400 1211 6
3438 1154 3636 1228 Σίμων,

408 1259 715 1329 παρέμενεν
746 1259 802 1312 δὲ
826 1257 1046 1323 πολλαῖς
1071 1260 1193 1314 κατ’
1215 1261 1377 1315 αὐτοῦ
1406 1263 1741 1333 κεχρημένος
1764 1261 2067 1324 διαϐολαῖςο
2094 1260 2188 1313 καὶ
2213 1260 2301 1313 διὰ
2323 1258 2480 1312 τοῦτο
2504 1258 2694 1329 μέχρις
2725 1257 2817 1310 τοῦ
2841 1255 3103 1326 βασιλέως
3133 1253 3309 1317 Ὀνίας
3329 1252 3636 1322 γενόμενος,

407 1351 547 1420 ἐγνω
577 1352 675 1413 τάς
706 1353 822 1405 κατ’
841 1350 1004 1405 αὐτοῦ
1035 1352 1213 1417 πάσας
1242 1353 1513 1417 διαϐολάς,
1538 1354 1678 1407 ῶστε
1714 1354 1804 1407 καὶ
1834 1352 1913 1424 τῷ
1941 1352 2084 1407 ἔθνει
2114 1352 2470 1424 περιποιῆσαι
2498 1351 2596 1421 τὴν
2632 1350 3017 1421 προσήκουσαν
3046 1346 3292 1417 εἰρήνην.

479 1441 602 1496 llaec
640 1440 767 1495 dum
810 1451 995 1512 ageret
1033 1442 1202 1498 Onias
1228 1484 1243 1509 ,
1282 1444 1546 1499 Seleucus
1582 1446 1840 1507 moritur,
1873 1456 1965 1497 re-

409 1548 683 1602 gnumque
716 1534 1006 1602 occupavit
1037 1533 1343 1590 Antiochus
1376 1532 1646 1600 lllustris;
1677 1534 1767 1589 cui
1798 1531 1967 1589 Jason

408 1625 665 1694 quidam,
700 1622 852 1679 Onize
887 1623 1077 1689 frater,
1113 1626 1398 1694 pecuniam
1444 1626 1731 1694 plurimam
1771 1641 1830 1681 se
1868 1626 1967 1681 da-

410 1723 592 1770 turum
626 1714 955 1784 spopondit,
988 1717 1033 1770 si
1068 1717 1446 1785 pontificatum
1481 1716 1599 1787 ipse
1630 1716 1967 1787 impetraret.

410 1809 533 1861 Alia
583 1807 807 1878 insuper
849 1808 992 1862 dona
1040 1808 1273 1878 plurima
1321 1807 1619 1874 oil‘crebat,
1652 1810 1699 1865 si
1748 1823 1975 1881 gymna-

2145 1440 2288 1494 ι’Δλλ*
2312 1442 2370 1494 ἐν
2414 1439 2623 1503 τούτοις
2668 1439 2819 1501 ὄντος
2869 1436 2964 1490 τοῦ
3038 1436 3231 1500 Ὀνίου,
3272 1424 3491 1503 τελευτᾷ
3542 1433 3639 1502 μὲν

2069 1535 2098 1586 6
2141 1532 2417 1597 Σέλευκος,
2451 1528 2859 1601 παραλαμϐάνει
2889 1527 2947 1581 δὲ
2991 1527 3087 1597 τὴν
3136 1517 3407 1595 βασιλείαν
3442 1524 3469 1575 6
3494 1522 3642 1574 Ἐπι-

2074 1625 2245 1696 φανὴς
2298 1622 2605 1693 Ἀντίοχος,
2650 1621 2734 1691 ἐφ’
2780 1612 2840 1674 οὗ
2894 1618 3079 1672 Ἰάσων
3132 1632 3217 1679 τις
3267 1612 3490 1682 ἀδελφὸς
3545 1610 3639 1664 τοῦ

2088 1704 2259 1772 Ὀνίου
2293 1714 2460 1785 ἔφησε
2494 1713 2705 1768 πολλῶν
2754 1711 3050 1784 χρημάτων
3089 1704 3345 1779 πρόσοδον
3370 1703 3447 1775 τῷ
3486 1703 3639 1774 βασιο

2074 1810 2159 1863 λεῖ
2202 1807 2492 1881 προσάξαι,
2534 1808 2582 1860 εί
2611 1805 2827 1875 λάϐοιτο
2868 1804 2968 1874 τῆς
3000 1796 3408 1873 ἀρχιερωσύνης
3440 1797 3599 1860 αὐτός
3623 1812 3635 1824 ·

411 1901 553 1956 sium
592 1900 646 1954 in
677 1900 813 1955 urbe
841 1910 1087 1965 struere,
1130 1901 1608 1957 circumcisionem
1648 1902 1970 1973 antiquare,

2075 1875 2265 1954 δώσειν
2290 1898 2349 1951 δὲ
2376 1899 2469 1951 καὶ
2494 1897 2655 1969 ἐτερα
2678 1894 2918 1959 πλείονα,
2952 1893 2999 1945 εί
3022 1892 3115 1945 καὶ
3153 1888 3449 1959 γυμνάσιον
3477 1903 3642 1939 κατα-

410 2006 574 2063 atque
615 1993 840 2047 omnino
874 1992 1011 2063 legis
1042 2008 1175 2049 usus
1209 1993 1430 2050 abolere
1473 1993 1579 2049 sibi
1626 1996 1975 2066 permittere-

410 2094 520 2140 tur.
564 2085 661 2140 His
699 2084 985 2154 promissis
1020 2099 1321 2155 persuasus
1358 2085 1698 2151 Antiochus,
1739 2085 1974 2157 dignita-

411 2188 516 2231 tem
551 2176 625 2231 illi
665 2177 919 2232 contulit.
957 2175 1125 2247 Igitur
1158 2175 1326 2233 Onias
1358 2178 1582 2247 quidem
1624 2178 1976 2249 religiosissi-

412 2284 531 2324 mus
552 2284 615 2322 ac
631 2267 974 2336 justissimus
991 2269 1094 2332 vir,
1112 2277 1499 2325 exauctoratus
1518 2269 1838 2339 pontiﬁcatu
1862 2280 1973 2336 est;

408 2357 574 2415 Jason
598 2368 778 2414 autem
802 2358 1109 2414 sacerdotio
1130 2359 1294 2414 simul
1321 2368 1375 2416 et
1400 2359 1707 2431 principatu
1733 2361 1939 2430 potitus
1958 2401 1974 2426 ,

410 2451 591 2505 statim
615 2450 683 2505 ad
706 2449 956 2505 ethnicos
983 2464 1163 2505 mores
1190 2464 1482 2520 aggressus
1511 2458 1595 2504 est
1619 2447 1837 2507 Judaeos
1862 2458 1975 2505 tra-

2077 1992 2389 2048 σκευάσειεν
2425 1991 2484 2044 ἐν
2528 1992 2595 2061 τῇ
2631 1989 2818 2051 πόλει,
2850 1988 2944 2041 καὶ
2982 1985 3079 2056 τὴν
3122 1981 3420 2053 περιτομὴν
3463 1976 3643 2033 αὐτῶν

2074 2085 2308 2149 λύσειεν,
2341 2083 2437 2139 καὶ
2472 2082 2609 2146 ὅλως
2646 2079 2932 2146 ἐξαλλάξαι
2960 2079 3029 2132 τὰ
3056 2076 3260 2147 νόμιμα
3294 2070 3640 2143 συγχωρηθῇ.

2089 2175 2343 2245 Ἐπείσθη
2387 2173 2595 2238 τούτοις
2648 2175 2760 2236 τοῖς
2810 2172 3047 2242 ῥήμασι,
3084 2165 3415 2239 παραδίδωσι
3443 2180 3503 2217 τε
3549 2164 3644 2216 αὐο-

2074 2268 2154 2339 τῷ
2196 2268 2293 2339 τὴν
2337 2267 2532 2338 ἀρχήν.
2579 2264 2688 2319 Καὶ
2719 2267 2747 2318 6
2782 2264 2879 2334 μὲν
2933 2262 3109 2325 Ὀνίας
3160 2255 3544 2318 εύσεϐέστατός
3584 2271 3644 2307 τε

2077 2359 2172 2413 καὶ
2226 2359 2560 2421 δικαιότατος
2614 2356 2689 2411 ὢν
2735 2356 2909 2427 ἀνὴρ,
2944 2354 3047 2419 ἔξω
3094 2352 3191 2423 τῆς
3242 2347 3644 2422 ἀρχιερωσύνης

2078 2451 2343 2522 κατέστη·
2378 2451 2407 2503 6
2450 2449 2507 2503 δὲ
2549 2449 2768 2515 Ἰάσων,
2799 2449 2897 2518 τῆς
2951 2464 3009 2499 τε
3052 2442 3348 2516 ἱερωσύνης
3402 2440 3497 2494 καὶ
3547 2440 3645 2509 τῆς

409 2544 628 2607 ducere,
653 2550 706 2597 et
728 2542 1066 2614 gymnasium
1093 2557 1291 2612 praeter
1315 2541 1595 2598 Iudaicam
1622 2543 1971 2599 consuetudi-

2078 2543 2324 2610 ἐξουσίας
2378 2542 2805 2612 ἐπιλαϐόμενος,
2840 2539 3003 2602 εὐθὺς
3050 2537 3143 2590 ἐπὶ
3196 2534 3287 2588 τὸν
3340 2531 3645 2603 Ἑλληνικὸν

411 2652 533 2691 nem
570 2635 886 2690 aediﬁcavit:
909 2642 962 2690 et
983 2635 1151 2706 legem
1178 2635 1469 2690 immutare
1490 2650 1741 2706 pergens,
1763 2635 1971 2691 cunctis

2078 2637 2401 2708 χαρακτῆρα
2431 2636 2734 2706 μετήγαγεν
2766 2636 2890 2696 τοὺς
2926 2630 3230 2693 Ἰουδαίους,
3265 2625 3563 2697 γυμνάσιόν
3587 2640 3644 2675 τε

410 2742 441 2780 a
471 2725 560 2781 Dei
595 2725 743 2779 cultu
773 2724 1169 2795 praeceptisque
1195 2724 1461 2795 legalibus
1491 2723 1750 2779 recedere
1774 2723 1971 2780 suade-

2079 2727 2479 2782 κατεσκεύασεν
2526 2727 2678 2801 παρά
2706 2727 2765 2780 τὸ
2806 2724 3094 2779 Ἰουδαϊκὸν
3139 2722 3291 2785 ἐθος’
3333 2720 3427 2773 καὶ
3454 2718 3522 2771 τὰ
3562 2715 3647 2769 νό-

412 2817 504 2873 bat
522 2858 535 2881 ,
563 2826 722 2886 atque
742 2814 1089 2869 ethnicorum
1122 2830 1303 2870 mores
1334 2816 1635 2884 suscipere,
1659 2816 1971 2886 gymnasia,

2083 2839 2224 2893 μιμα
2276 2821 2332 2875 δέ
2381 2821 2669 2888 ἐξαλλάξαι
2716 2818 3180 2889 παρασκευάσας,
3241 2815 3483 2873 ἃπαντας
3549 2809 3646 2878 μὲν

412 2908 731 2978 palaestras,
766 2912 819 2960 et
852 2905 957 2959 alia
991 2904 1306 2974 hujusmodi
1345 2906 1713 2975 frequentare.
1747 2905 1971 2977 Jamque

2078 2913 2284 2967 ἀνελεῖν
2318 2913 2417 2984 τῆς
2444 2914 2523 2976 είς
2558 2913 2649 2966 τὸν
2679 2912 2810 2965 θεὸν
2838 2909 3131 2980 θεραπείας
3173 2906 3266 2959 καὶ
3308 2905 3416 2957 τῶν
3439 2901 3531 2955 τοῦ
3560 2900 3647 2952 v6-

411 2999 767 3055 omittebatur
800 2997 1149 3052 circumcisio
1174 3035 1190 3060 ,
1230 2997 1583 3054 sabbatorum
1624 2999 1971 3053 observantia

2082 3023 2183 3076 μου
2216 3004 2648 3078 προσταγμάτων
2679 3004 2913 3067 ἔπεισεν,
2945 3000 3232 3072 προσέχειν
3259 2997 3316 3051 δὲ
3337 2997 3445 3058 τοῖς
3472 2994 3647 3046 ἔθεσιν

413 3090 816 3160 negligebatur,
855 3088 1271 3159 generatimque
1308 3088 1586 3144 ethnicam
1628 3088 1859 3143 formam
1900 3091 1971 3145 ci-

2078 3100 2187 3162 τοῖς
2232 3098 2589 3168 Ἑλληνικοῖς,
2632 3096 2972 3166 γυμνασίοις,
3012 3093 3105 3145 καὶ
3143 3089 3524 3158 παλαίστραις,
3554 3083 3648 3137 καὶ

411 3184 554 3238 vitas
585 3181 865 3237 induebat.
900 3178 1027 3234 Haec
1057 3179 1247 3236 videns
1281 3180 1475 3237 beatus
1502 3179 1671 3236 Onias
1699 3180 1794 3236 diu
1825 3182 1971 3249 ﬁeri,

2077 3194 2190 3255 τοῖς
2212 3189 2472 3257 τοιούτοις
2503 3206 2517 3219 ·
2558 3189 2811 3260 ἠμελεῖτο
2844 3185 2899 3239 δὲ
2931 3185 3112 3239 λοιπὸν
3139 3182 3231 3236 καὶ
3262 3181 3329 3235 τά
3355 3180 3453 3249 τῆς
3490 3193 3646 3247 περι-

412 3273 715 3345 angebatur
737 3274 939 3341 animo,
971 3273 1176 3329 ferebat
1202 3273 1508 3344 aegerrime,
1541 3286 1605 3327 ac
1633 3272 1971 3344 deplorabat.

2080 3284 2272 3354 τομῆς,
2317 3285 2701 3355 κατεφρονεῖτο
2734 3281 2828 3335 καὶ
2857 3280 2964 3334 τῶν
3000 3277 3286 3331 σαϐϐάτων
3317 3276 3351 3345 ἡ
3394 3273 3645 3343 τήρησις,

412 3365 553 3420 Malo
582 3373 764 3421 autem
792 3366 1038 3436 quotidie
1080 3365 1530 3436 ingravescente,
1580 3365 1770 3421 urbem
1816 3366 1971 3422 dere-

2080 3375 2174 3428 καὶ
2204 3374 2339 3433 ὅλως
2376 3376 2454 3436 είς
2509 3373 2819 3443 Ἑλληνικὸν
2860 3371 3043 3442 σχῆμα
3076 3369 3145 3423 τά
3174 3366 3316 3421 κατά
3366 3364 3463 3435 τὴν
3493 3362 3646 3415 πόλιν

412 3459 603 3530 liquit,
634 3468 801 3530 atque
833 3460 886 3514 in
918 3457 1216 3530 Egyptuni
1244 3455 1522 3529 profectus
1554 3457 1725 3513 altare
1754 3458 1828 3512 ibi
1859 3473 1971 3514 ere-

2083 3465 2402 3536 μετέπεσεν.
2430 3464 2615 3519 Ταῦτα
2648 3466 2789 3536 ὁρῶν
2816 3466 2845 3518 ό
2879 3463 3148 3534 μακάριος
3182 3459 3358 3522 Ὀνίας
3388 3457 3481 3509 ἐπὶ
3515 3453 3645 3507 πολὺ

410 3553 523 3617 xit,
560 3553 820 3622 templum
856 3551 1176 3615 adornavit,
1220 3549 1503 3619 divinique
1547 3549 1620 3604 ibi
1665 3549 1847 3606 cultus
1877 3565 1971 3606 cu-

2079 3559 2355 3628 γινόμενα,
2390 3558 2590 3628 ἠθύμει
2622 3558 2717 3612 καὶ
2763 3556 3060 3627 ἠγανάκτει
3102 3554 3195 3606 καὶ
3228 3549 3508 3613 ἐστέναξεν
3528 3563 3540 3576 '
3573 3547 3648 3606 ὡς

409 3658 527 3697 ram
558 3644 766 3714 gessit,
804 3642 1007 3700 Judasis
1046 3642 1319 3714 indigenis
1357 3642 1412 3698 in
1453 3643 1541 3699 his
1579 3658 1699 3713 quae
1735 3643 1803 3698 ad
1843 3644 1971 3699 reli-

2078 3645 2136 3698 δέ
2182 3647 2276 3699 καὶ
2314 3646 2603 3717 προϐαῖνον
2631 3646 2775 3718 ἐώρα
2807 3646 2868 3699 τὸ
2897 3644 3085 3707 κακὸν,
3104 3640 3415 3696 καταλιπὼν
3449 3636 3650 3707 ἀνεχω-

411 3737 623 3805 gioncm
652 3737 927 3807 pertinent
955 3736 1321 3791 ministerium
1359 3750 1519 3789 suum
1554 3737 1934 3790 commodans.

2081 3755 2264 3809 ρησεν,
2296 3739 2386 3792 καὶ
2413 3741 2490 3804 είς
2519 3738 2613 3811 τὴν
2634 3741 2904 3808 Αἴγυπτον
2935 3737 3227 3806 καλῶν(ίια
3271 3734 3438 3797 cod.),
3469 3731 3650 3783 θυσια-

411 3828 627 3900 πήριὸν
647 3845 705 3881 τε
726 3827 980 3899 ἐπήξατο,
1014 3828 1107 3881 καὶ
1136 3826 1260 3882 ναὸν
1282 3826 1713 3897 κατεσκεύασεν,
1738 3826 1832 3879 καὶ
1859 3829 1956 3897 τῆς
1990 3827 2068 3893 εἰς
2102 3830 2192 3884 τὸν
2215 3831 2347 3884 Θεὸν
2379 3831 2654 3895 εὐσεϐείας
2684 3830 3074 3901 ἐπεμελήσατο,
3098 3830 3209 3890 τοῖς
3232 3829 3347 3880 ἐκεῖ
3381 3824 3651 3887 Ἰουδαίοις

409 3921 478 3975 τά
496 3920 685 3974 δέοντα
707 3920 833 3990 περὶ
852 3918 951 3989 τὴν
976 3916 1069 3971 τοῦ
1092 3916 1226 3970 Θεοῦ
1257 3916 1551 3985 θεραπείαν
1581 3916 1984 3986 ὑποτιθέμενος.

482 4011 605 4065 llaec
632 4010 823 4066 beatus
853 4009 1019 4064 David
1051 4017 1323 4078 praesente
1350 4008 1565 4078 psalmo
1592 4007 1964 4073 vaticinatur;

2149 4010 2333 4064 Ταῦτα
2354 4012 2382 4063 ό
2410 4010 2673 4081 μακάριος
2704 4008 3034 4081 προφητεύει
3061 4006 3223 4060 Δαϐὶδ
3245 4008 3303 4060 ἐν
3326 4005 3404 4076 τῷ
3424 4003 3651 4074 παρόντι

411 4109 799 4169 assumptaque
828 4098 981 4153 Onias
1015 4114 1249 4169 persona
1281 4114 1344 4152 ea
1392 4098 1559 4161 dicit,
1595 4111 1715 4168 quae
1747 4096 1858 4153 dici
1903 4097 1971 4152 ab

2077 4102 2276 4172 ψαλμῴ
2298 4118 2312 4131 ⁸
2340 4103 2433 4156 καὶ
2468 4104 2526 4155 τὸ
2542 4102 2634 4155 τοῦ
2651 4103 2822 4154 Ὀνίου
2850 4101 3135 4172 πρόσωπον
3157 4098 3461 4159 ἀναλαϐὼν,
3481 4095 3650 4149 ταῦτα

411 4195 504 4249 illo
534 4192 822 4262 oportebat
858 4192 953 4261 qui
993 4191 1226 4245 insidias
1262 4205 1293 4243 a
1335 4191 1453 4245 suis
1495 4204 1695 4260 passus
1734 4198 1888 4255 erat,
1920 4197 1971 4244 et

2082 4194 2399 4262 ἐφθέγγετο,
2439 4196 2537 4247 ὅσα
2575 4194 2719 4257 εἰκὸς
2749 4190 2815 4264 ἧν
2839 4193 3014 4261 λέγειν
3041 4194 3267 4256 ἐκεῖνον,
3310 4190 3650 4243 ἐπιϐουλευό-

411 4284 479 4339 ab
504 4282 758 4349 Antiochi
806 4281 1136 4337 satellitibus
1166 4281 1481 4336 sacerdotio
1506 4282 1773 4350 dejectus,
1799 4290 1854 4336 et
1878 4280 1971 4352 qui

2089 4304 2247 4357 μενον
2274 4288 2378 4341 ὑπὸ
2404 4288 2511 4340 τῶν
2539 4288 2774 4351 οἰκείων,
2808 4287 3199 4356 ἐκϐαλλόμενον
3229 4286 3325 4356 τῆς
3357 4283 3650 4353 ἱερωσύνης

410 4377 481 4430 ob
507 4377 808 4450 incolarum
841 4374 994 4430 urbis
1019 4373 1357 4444 nequitiam,
1390 4382 1780 4444 postremoque
1806 4374 1877 4429 ob
1901 4373 1971 4426 ir-

2084 4380 2188 4433 ὑπὸ
2211 4381 2317 4434 τῶν
2352 4380 2619 4450 Ἀντιόχου
2639 4397 2654 4412 ο
2686 4380 2904 4450 ὁρῶντα
2929 4378 3027 4449 τὴν
3064 4377 3357 4449 μοχθηρίαν
3389 4375 3496 4428 τῶν
3532 4376 3651 4427 τότε

410 4442 786 4537 religiosorum
812 4468 1012 4522 civium
1040 4467 1472 4537 praepotentium,
1491 4467 1745 4537 legalium
1770 4467 1971 4521 rituum

2081 4470 2181 4541 τὴν
2211 4471 2366 4524 πόλιν
2387 4471 2698 4537 οἰκούντων,
2733 4471 2822 4524 διά
2846 4488 2905 4523 τε
2935 4470 3032 4533 τὰς
3061 4472 3117 4522 ἐν
3156 4469 3291 4538 αὐτῇ
3320 4467 3648 4533 πλεονεξίας,

411 4558 762 4614 abolitionem
784 4600 799 4624 ,
831 4575 1156 4629 semperque
1189 4568 1409 4614 auctam
1445 4559 1712 4614 malorum
1745 4560 1971 4624 molem,

2083 4563 2178 4616 καὶ
2217 4563 2316 4633 τὴν
2344 4563 2451 4616 τῶν
2501 4564 2745 4634 νομίμων
2780 4563 3103 4630 ἐναλλαγὴν,
3142 4563 3236 4615 καὶ
3261 4561 3357 4632 τὴν
3391 4562 3651 4614 ἑκάστοτε

411 4665 472 4705 se
519 4650 575 4704 in
627 4651 791 4719 pedes
840 4651 1088 4706 dederat.
1145 4652 1452 4723 Cmteroqui
1505 4652 1653 4706 hunc
1706 4653 1971 4723 psalmum

2082 4656 2373 4725 γινομένην
2402 4656 2508 4709 τῶν
2556 4657 2740 4709 κακῶν
2773 4657 3043 4720 ἐπίτασιν,
3068 4655 3165 4726 ήδη
3196 4655 3290 4708 καὶ
3322 4655 3451 4727 περὶ
3475 4657 3651 4723 φυγῆς

410 4741 580 4796 David
608 4741 772 4797 Saule
811 4742 1115 4798 insectante
1150 4745 1498 4814 composuit,
1536 4758 1660 4796 cum
1695 4742 1852 4798 exsul
1894 4756 1971 4796 es-

2084 4746 2486 4817 βουλευόμενον.
2521 4748 2721 4817 Είρηκε
2759 4748 2857 4816 μὲν
2916 4747 3005 4800 τὸν
3056 4746 3267 4817 ψαλμὸν
3311 4749 3339 4799 6
3385 4746 3650 4816 μακάριος

411 4842 495 4888 set
520 4840 574 4887 et
605 4831 819 4887 deserta
839 4831 959 4886 loca
985 4831 1229 4888 incolere
1250 4844 1496 4889 coactus.
1530 4832 1784 4888 Pratdicit
1813 4833 1971 4897 simul

2082 4837 2263 4899 Δαεῖιδ,
2299 4839 2402 4891 ὑπὸ
2450 4838 2545 4890 τοῦ
2594 4840 2763 4892 Σαοὺλ
2792 4839 3136 4910 διωκόμενος,
3172 4841 3265 4892 καὶ
3313 4839 3653 4911 μετανάστης

407 4922 722 4979 Judzeorum
754 4938 973 4994 quoque
1003 4923 1266 4979 adversus
1315 4924 1666 4980 Servatorem
1710 4925 1942 4980 insidias
1964 4962 1979 4987 ,

410 5029 571 5088 atque
594 5017 648 5072 in
676 5032 734 5073 se
767 5017 885 5088 ipso
906 5016 1118 5071 Domini
1148 5019 1453 5089 passionem
1480 5027 1605 5074 ante
1635 5027 1849 5088 tempus
1880 5018 1978 5074 de-

409 5113 618 5167 scribit.
643 5110 763 5182 lpse
783 5111 927 5167 enim
952 5126 981 5164 a
1005 5109 1192 5173 Saule,
1226 5112 1315 5164 cui
1348 5112 1711 5176 benelecerat,
1731 5111 1976 5180 exagita-

409 5212 525 5263 tus.
558 5213 611 5260 et
642 5205 709 5258 ab
739 5206 945 5276 aliquot
975 5203 1337 5258 familiaribus
1368 5204 1617 5273 proditus
1638 5246 1652 5269 ,
1687 5203 1975 5256 Dominum

408 5294 750 5366 spiritalibus
804 5296 983 5351 oculis
1036 5294 1369 5365 praevidebat
1417 5294 1607 5349 eadem
1654 5307 1972 5363 passurum.

406 5386 700 5457 Propterea
729 5388 892 5442 etiam
930 5388 1213 5457 inscriptio
1246 5389 1300 5441 in
1327 5387 1485 5455 ﬁnem
1528 5386 1598 5440 ad
1644 5402 1732 5440 res
1776 5385 1970 5455 praedi-

406 5488 520 5534 ctas
550 5479 806 5533 lectorem
842 5481 1165 5535 transmittit
1190 5519 1203 5543 ,
1238 5479 1625 5549 sapienterque
1668 5478 1833 5532 dictis
1886 5483 1970 5529 at-

405 5571 629 5625 tendere
663 5581 850 5625 monet
869 5610 883 5634 ,
911 5586 1009 5626 ceu
1043 5572 1360 5642 prophetico
1393 5586 1559 5626 sensu
1588 5570 1699 5624 illic
1728 5571 1929 5624 latente
1949 5607 1964 5631 ,

405 5664 499 5730 qui
536 5678 635 5716 suo
671 5670 918 5732 tempore
946 5663 1012 5717 ad
1046 5662 1206 5718 ﬁnem
1236 5664 1591 5719 deducendus
1630 5673 1767 5717 erat.
1820 5664 1972 5715 Insu-

406 5770 501 5821 per
531 5753 619 5807 hic
651 5753 891 5822 psalmus
923 5756 1066 5809 inter
1095 5757 1325 5825 hymnos
1355 5773 1575 5825 quoque
1628 5763 1970 5815 numeratur,

2082 4929 2389 4997 γενόμενος,
2418 4931 2476 4981 ἐν
2504 4931 2695 5001 ἐρήμῳ
2719 4948 2777 4983 τε
2797 4932 3004 5000 διάγειν
3028 4930 3465 5001 ἀναγκαζόμενος
3486 4947 3498 4958 ·
3524 4946 3654 5000 προ-

2081 5020 2325 5086 θεσπίζει
2353 5024 2409 5076 δὲ
2444 5023 2580 5078 κατὰ
2603 5024 2797 5077 ταύτὸν
2834 5026 2927 5077 καὶ
2954 5024 3051 5087 τὰς
3076 5024 3182 5081 τῶν
3224 5024 3487 5078 Ἰουδαίων
3515 5024 3653 5077 κατά

2078 5114 2172 5166 τού
2211 5115 2463 5186 Σωτῆρος
2505 5116 2816 5179 ἐπιϐουλὰς,
2845 5117 2938 5169 καὶ
2970 5118 3028 5169 ἐν
3056 5115 3233 5186 ἐαυτῷ
3256 5115 3653 5186 προδιαγράφει

2077 5205 2145 5259 τὰ
2172 5206 2264 5259 τοῦ
2294 5207 2561 5259 Δεσπότου
2594 5202 2908 5277 παθήματα.
2942 5209 3112 5273 Αὐτός
3154 5227 3212 5261 τε
3263 5210 3369 5280 γὰρ
3410 5209 3514 5262 ὑπὸ
3559 5206 3651 5260 τοῦ

2078 5293 2524 5363 εὐεργετηθέντας
2542 5295 2713 5349 Σαοὺλ
2738 5296 3077 5366 ἐξηλαύνετο,
3098 5300 3192 5351 καὶ
3214 5299 3318 5351 ὑπό
3340 5317 3499 5352 τινων
3518 5316 3652 5366 γνω-

2082 5384 2257 5453 ρίμων
2291 5384 2671 5457 προ[ύ]δίδοτο,
2708 5390 2803 5440 καὶ
2833 5389 2923 5442 τὸν
2952 5389 3227 5460 Δεσπότην
3261 5390 3513 5459 προεώρα
3541 5392 3653 5450 τοῖς

2075 5476 2170 5529 τοῦ
2212 5478 2527 5549 Πνεύματος
2570 5479 2866 5552 ὀφθαλμοῖς
2903 5481 3066 5534 ταὺτὸ
3094 5481 3251 5533 τοῦτο
3292 5484 3608 5551 πεισόμενον
3635 5497 3647 5507 ·

2075 5569 2161 5623 διὰ
2184 5569 2341 5623 τοῦτο
2376 5572 2573 5639 καὶεὶς
2606 5573 2670 5626 τὸ
2712 5572 2885 5639 τέλος
2919 5575 2951 5643 ὴ
2987 5574 3264 5645 ἐπιγραφὴ
3291 5574 3650 5645 παραπέμπει

2079 5660 2171 5713 τὸν
2204 5660 2621 5731 ἐντυγχάνοντα,
2644 5663 2737 5715 καὶ
2762 5661 2995 5724 συνετῶς
3040 5662 3323 5733 προσέχειν
3350 5666 3461 5725 τοῖς
3501 5662 3649 5728 λεγο-

2084 5750 2264 5821 μένοις
2296 5754 2606 5822 παρεγγυᾷ,
2642 5753 2716 5815 ὡς
2764 5753 2859 5821 τῆς
2900 5752 3244 5823 προφητικῆς
3291 5751 3521 5814 διανοίας
3557 5767 3649 5804 nso
