4106 6238
426 334 534 390 677

1616 338 1799 396 EXPO
1811 340 1990 397 SlTlO
2018 343 2083 398 IN
2119 342 2451 399 PSALMOS.

3551 344 3653 399 crs
3724 317 3753 381 θ’

426 457 802 527 καλυμμένης,
833 456 924 511 καὶ
974 458 1111 528 μετά
1145 458 1337 528 χρόνου
1383 458 1678 529 δεχομένης
1721 460 1781 513 τὸ
1823 460 1991 523 τέλος.

2108 462 2228 531 quia
2258 462 2535 532 passionis
2568 460 2862 517 Dominica!
2890 461 3136 518 continet
3163 458 3652 515 adumbrationem-
3743 454 3755 475 ’·

426 550 573 619 Πρὸς
612 549 667 600 δὲ
695 549 903 612 τούτοις
937 549 1031 601 καὶ
1074 552 1184 612 τοῖς
1218 549 1407 619 ῦμνοις
1434 551 1463 601 ό
1492 549 1702 619 eam;
1747 549 1995 617 ὲγκατεί-

426 640 634 703 λεκται,
662 639 1026 711 σκιαγραφίαν
1052 641 1174 694 τινὰ
1203 640 1340 710 ἔχων
1376 639 1483 692 τῶν
1517 638 1858 692 Δεσποτικῶν
1889 654 1995 690 πα·

426 732 713 801 θημάτωνο
753 730 960 783 δίκαιον
985 731 1093 801 γὰρ
1132 732 1219 783 ἀεὶ
1260 732 1446 801 ὑμνεῖν
1479 730 1571 784 τὸν
1608 729 1779 785 ταῦτα
1803 730 1995 784 παθεῖν

426 826 566 895 ὑπὲρ
623 824 723 893 τῆς
769 823 878 876 τῶν
932 823 1232 893 ἀνθρώπων
1283 824 1651 894 ἀνασχόμενον
1700 822 1989 893 σωτηρίας.

438 916 596 969 Ἀλλὰ
614 916 803 987 μηδεὶς
818 918 884 986 τῇ
906 915 1249 984 ταπεινότητι
1277 913 1386 967 τῶν
1406 915 1666 985 ῥημάτων
1693 912 1993 981 προσέχων,

424 1008 615 1072 ἀνάξια
642 1006 817 1061 ταῦτα
864 1006 1103 1077 ἡγείσθω
1145 1005 1238 1058 τοῦ
1272 1007 1524 1076 Σωτῆρος
1552 1003 1786 1075 Χριστοῦ
1817 1020 1832 1035 ·
1867 1019 1995 1055 ouo-

424 1099 594 1151 πείτω
640 1098 696 1150 δὲ
736 1098 813 1160 ὡς
853 1099 882 1150 ὀ
915 1097 1078 1167 χολῆς
1125 1099 1219 1149 καὶ
1264 1096 1417 1160 ὄξους
1461 1097 1553 1149 καὶ
1600 1095 1708 1148 τῶν
1741 1094 1995 1147 τοιούτων

426 1188 817 1258 ἀνασχόμενος,
841 1188 941 1239 οὐκ
963 1187 1027 1240 ἂν
1048 1186 1219 1254 λόγων
1247 1184 1601 1255 ταπεινότητα
1622 1186 1992 1255 παρῃτήσατο.

429 1278 754 1348 Κατάλληλα
776 1277 885 1348 γὰρ
917 1272 1052 1329 εἶναι
1085 1276 1154 1329 τά
1190 1277 1408 1347 ῥήματα
1437 1276 1699 1346 προσήκει
1721 1277 1834 1337 τοῖς
1854 1276 1996 1345 πρά-

433 1389 635 1443 γμασιν
653 1389 667 1403 ·
690 1371 851 1423 αὑτοῦ
877 1371 934 1423 δέ
966 1373 1111 1423 ἐστιν
1135 1373 1167 1440 η
1194 1368 1345 1439 φωνὴ
1370 1369 1451 1431 τὸ,
1478 1368 1702 1422 Μάθετε
1723 1369 1825 1422 ἀπ’
1853 1367 1997 1436 ἐμοῦ

433 1463 525 1515 ὅτι
554 1461 734 1529 πρᾶός
761 1464 875 1531 ειμι
914 1461 1011 1514 καί
1046 1462 1321 1526 ταπεινὸς
1344 1458 1417 1529 τῇ
1451 1460 1679 1527 καρδίᾳ,
1706 1459 1803 1512 καὶ
1828 1458 1999 1527 εὑρή-

2094 552 2288 606 Mcrito
2315 554 2460 608 enim
2495 553 2586 607 ille
2619 553 2837 622 hymnis
2865 554 3224 608 celebrandus
3253 560 3337 607 est
3357 590 3371 615 ,
3404 551 3497 620 qui
3527 550 3656 602 talia

2092 658 2193 712 pro
2225 643 2505 697 hominum
2537 642 2715 696 salute
2749 641 2860 711 pati
2914 642 3166 696 voluerit.
3212 638 3331 692 .lam
3376 651 3536 691 nemo
3572 637 3659 689 di-

2091 736 2334 789 ctionum
2396 734 2759 788 humilitatem
2809 734 3204 797 considerans,
3252 730 3505 800 indignas
3554 728 3657 784 has

2094 824 2388 880 Servatore
2436 824 2657 880 Christo
2700 825 3019 880 existimet:
3073 823 3383 878 consideret
3430 819 3654 890 potius,

2092 933 2214 973 cum
2242 918 2333 987 qui
2372 916 2442 971 fel
2470 925 2795 985 acetumque
2824 924 2878 971 et
2912 916 3018 969 alia
3050 910 3430 983 hujuscemodi
3460 911 3660 965 tolera-

2093 1010 2237 1062 verit
2260 1050 2276 1070 ,
2306 1008 2557 1062 eumdem
2594 1008 2754 1063 facile
2790 1023 2856 1063 ne
2888 1007 3193 1061 dictionum
3232 1002 3452 1074 quidem
3485 1001 3660 1056 humi-

2095 1100 2298 1154 litatem
2332 1100 2690 1154 recusavisse.
2729 1100 2935 1154 Etenim
2969 1098 3131 1153 verba
3163 1110 3470 1150 consonare
3500 1092 3659 1147 factis

2096 1200 2528 1245 consentaneum
2567 1199 2673 1244 est.
2707 1189 2839 1244 Nam
2866 1197 2919 1242 et
2949 1190 3121 1259 ipsius
3152 1204 3253 1242 vox
3291 1196 3377 1241 est
3406 1203 3419 1239 :
3462 1184 3661 1238 Discite

2096 1298 2129 1334 a
2164 1261 2243 1334 me
2268 1281 2393 1351 quia
2422 1282 2566 1334 mitis
2596 1297 2710 1334 sum
2738 1289 2787 1334 et
2812 1280 3030 1332 Immitis
3068 1278 3223 1332 corde
3242 1318 3256 1341 ,
3296 1286 3347 1330 et
3385 1276 3659 1329 invenietis

2096 1374 2322 1442 requiem
2345 1372 2622 1426 animabus
2648 1373 2831 1427 vestris
2853 1372 3062 1442 (Matth.
3091 1387 3167 1436 XI,
3190 1371 3260 1426 29
3277 1370 3316 1437 ).
3355 1369 3417 1423 Et
3441 1384 3659 1432 rursus,

2098 1458 2409 1513 Mandatum
2448 1460 2667 1529 accepi,
2702 1460 2831 1530 quid
2868 1460 3045 1514 dicam
3080 1470 3133 1515 et
3164 1459 3291 1530 quid
3326 1460 3572 1529 eloquar,
3608 1468 3663 1514 et

433 1570 573 1608 σεῖε
616 1554 957 1607 ἀνάπαυσιν
1000 1552 1127 1618 ταῖς
1158 1552 1383 1621 ψυχαῖς
1413 1551 1579 1621 ὑμῶν
1602 1568 1615 1581 ⁸
1660 1554 1754 1605 καὶ
1793 1551 1954 1605 πάλιν
1980 1564 1995 1578 ⁸

2108 1550 2234 1604 nihil
2266 1565 2295 1603 a
2332 1565 2417 1604 me
2442 1550 2563 1619 ipso
2592 1550 2755 1604 facio.
2788 1550 2850 1604 Et
2876 1554 2902 1614 ,“
2928 1550 3065 1606 Deus
3101 1567 3243 1606 meus
3263 1592 3278 1615 ,
3310 1551 3450 1606 Deus
3482 1566 3624 1605 meus
3644 1590 3660 1615 ,

446 1647 691 1716 Ἐντολὴν
732 1645 943 1707 ἔλαϐον,
978 1645 1031 1696 τί
1056 1645 1193 1696 εἴπω
1242 1644 1334 1697 καὶ
1370 1643 1423 1695 τί
1449 1641 1686 1713 λαλήσω,
1726 1641 1821 1693 καὶ
1847 1639 2000 1692 οὐδὲν

2108 1654 2260 1708 quare
2292 1638 2621 1707 dereliquiin
2653 1640 2780 1693 me?
2816 1637 2943 1694 Haec
2980 1648 3035 1694 et
3081 1640 3243 1710 hujus
3292 1640 3508 1711 generis
3553 1640 3663 1694 alia

429 1737 524 1789 ἀπ’
553 1735 786 1806 ἐμαυτοῦ
820 1734 957 1787 ποιῶ
976 1749 988 1763 ·
1017 1734 1133 1796 καὶ,
1185 1731 1289 1786 Θεέ
1330 1748 1469 1800 μου,
1493 1728 1598 1783 Θεέ
1642 1746 1778 1796 μου,
1810 1728 1911 1780 ἵνα
1945 1725 2003 1778 τί

2108 1730 2342 1784 humano
2369 1745 2520 1784 more
2549 1730 2891 1799 loquebatur,
2924 1740 2984 1785 ut
3017 1731 3310 1787 humanam
3356 1747 3512 1787 suam
3560 1748 3661 1786 na-

427 1846 500 1896 με
531 1828 948 1896 eratadlatae;
972 1826 1155 1878 Ταῦτα
1179 1826 1235 1878 δὲ
1259 1826 1350 1878 καὶ
1380 1824 1447 1877 τά
1467 1823 1690 1877 τοιαῦτα
1723 1820 1995 1891 ἀνθρωπί-

2108 1832 2276 1875 turam
2306 1821 2657 1884 ostenderet,
2693 1830 2857 1891 atque
2886 1830 2946 1876 ut
2978 1838 3036 1878 se
3065 1821 3377 1877 Iudaeorum
3430 1824 3663 1878 inﬁrmi-

427 1939 533 1984 νως
558 1920 874 1989 ἐφθέγγετο,
907 1919 1000 1971 καὶ
1022 1917 1120 1988 τὴν
1142 1917 1482 1986 ἀνθρωπείαν
1505 1915 1664 1985 φύσιν
1686 1911 1991 1973 ύπεδείκνυ,

2108 1915 2194 1967 tati
2230 1913 2689 1967 accommodaret.
2725 1911 2840 1968 Hoc
2870 1921 3019 1968 certe
3051 1914 3176 1968 loco
3206 1914 3375 1970 David
3414 1924 3469 1970 et
3514 1916 3661 1984 inju-

430 2013 525 2067 καὶ
567 2010 867 2082 οἰκονομῶν
913 2010 1054 2081 (cod.
1090 2008 1404 2079 οἰκοδομῶν)
1441 2008 1540 2079 τὴν
1586 2006 1693 2058 τῶν
1732 2003 1995 2057 Ἰουδαίων

2108 2006 2213 2060 rias
2245 2004 2350 2059 sibi
2382 2004 2563 2058 illatas
2594 2003 2785 2067 docet,
2821 2012 2876 2059 et
2906 2006 3069 2060 simul
3107 2004 3340 2060 Domino
3371 2015 3665 2061 eventuras

428 2105 707 2158 ἀσθένειαν
725 2120 737 2132 ·
764 2102 993 2155 ἐνταῦθα
1030 2103 1208 2172 μέντοι
1232 2102 1260 2152 ὁ
1294 2101 1435 2163 θεῖος
1458 2098 1622 2151 Δαδὶδ
1670 2096 1763 2149 καὶ
1795 2096 1894 2167 τὴν
1918 2096 1997 2157 είς

2108 2097 2352 2167 pra-dicit
2380 2114 2394 2162 ;
2427 2098 2499 2151 ob
2541 2098 2861 2166 passionum
2910 2101 3356 2155 communionem
3400 2100 3666 2170 plaudens

429 2196 592 2249 αὑτὸν
629 2194 1005 2265 γεγενημένην
1034 2194 1247 2247 ἀδικίαν
1268 2192 1523 2257 διδάσκει,
1549 2190 1641 2242 καὶ
1667 2188 1764 2259 τὴν
1805 2190 1884 2250 είς
1909 2186 1999 2240 τὸν

2108 2190 2207 2244 sibi
2228 2232 2244 2255 ,
2280 2204 2345 2243 ac
2375 2191 2770 2260 pronemodum
2807 2206 2931 2245 cum
2965 2191 3136 2246 Paulo
3167 2193 3521 2247 exclamans:
3554 2191 3667 2263 Ego

429 2288 708 2356 Δεσπότην
739 2285 1002 2356 ἐσομένην
1051 2284 1465 2354 προδιαγράφει,
1510 2284 1576 2351 τῇ
1608 2280 1860 2348 κοινωνίᾳ
1885 2277 1993 2330 τῶν

2109 2281 2365 2350 stigmata
2394 2280 2605 2334 Domini
2635 2280 2764 2336 Jesu
2797 2281 2852 2335 in
2883 2296 3116 2352 corpore
3150 2299 3272 2339 meo
3306 2292 3486 2354 porto.

428 2380 767 2449 παθημάτων
799 2378 1221 2449 ὲναὸρυνόμενος
1249 2377 1342 2429 καὶ
1369 2375 1647 2446 μονονουχὶ
1676 2373 1813 2443 βοῶν
1842 2371 1979 2443 μετά
2014 2372 2257 2426 Παύλου*
2305 2372 2446 2442 Ἐγὼ
2480 2373 2549 2427 τὰ
2589 2374 2857 2444 στίγματα
2886 2376 2980 2429 τοῦ
3007 2376 3209 2447 Κυρίου
3271 2376 3446 2447 Ἰησοῦ
3490 2374 3548 2431 ὲν
3587 2376 3669 2448 τῷ

429 2472 643 2543 σώματί
668 2490 770 2543 μου
801 2472 1073 2542 βαστάζω.

994 2564 1281 2618 ΨΔΛΜυΣ
1317 2562 1442 2618 NA'.

2648 2546 2968 2619 essurus
3001 2563 3129 2620 LIV.

501 2658 649 2727 Στίχ.
675 2656 814 2727 βεη-
839 2657 930 2727 Μὴ
960 2656 1257 2727 διαπτύσῃς
1280 2657 1380 2725 (ι).
1404 2655 1538 2726 μηδὲ
1567 2657 2002 2728 καταφρονήσῃς.

2180 2650 2345 2706 Vens.
2371 2651 2428 2708 2.
2452 2681 2521 2691 —
2546 2650 2668 2707 Noli
2704 2668 2980 2723 respuere,
3014 2654 3099 2709 vel
3136 2661 3504 2717 contemnere,
3540 2668 3668 2722 par-

438 2750 643 2820 μικρὰν
692 2748 860 2819 αὐτὴν
901 2748 996 2800 καὶ
1041 2746 1229 2816 εὐτελῆ
1286 2747 1659 2818 λογισάμενος.
1702 2748 2003 2819 Ὑπεριδείν

2109 2754 2229 2794 vam
2263 2750 2318 2796 et
2346 2741 2507 2796 vilem
2564 2741 2710 2795 illam
2739 2742 3039 2797 aestimans.
3084 2741 3374 2813 Despicere
3406 2742 3553 2796 enim
3584 2744 3669 2796 di-

434 2840 546 2908 γὰρ
575 2838 790 2906 λέγεται
839 2839 896 2891 τὸ
943 2839 1386 2909 καταφρονῆσαι,
1447 2840 1523 2902 ὡς
1568 2840 1764 2911 μικροῦ
1799 2842 1891 2895 καὶ
1924 2840 2005 2893 ού-

2111 2833 2258 2888 citur
2286 2832 2428 2887 idem
2464 2833 2610 2904 quod
2648 2842 3018 2903 contemnere,
3066 2843 3325 2905 tanquam
3360 2836 3489 2905 quid
3520 2835 3673 2905 parvi

430 2927 606 2980 δενός.

508 2946 526 2979 ν
566 2944 606 2980 -.

508 2927 658 3083 ἕξίχ.
680 3020 749 3081 γ’.
774 3014 1193 3086 -Ἃδολεσχίαν
1238 3016 1393 3071 καλεῖ
1447 3019 1650 3083 παντὸς
1690 3021 2009 3091 πράγματος

2112 2932 2167 2980 et
2205 2924 2413 2979 nullius
2434 2926 2692 2980 momenti

2186 3014 2350 3072 Vsus.
2386 3018 2440 3071 5.
2490 3048 2557 3058 —-
2588 3014 3041 3073 Exercitationem
3092 3026 3249 3073 vocat
3298 3017 3675 3088 cujuscunque

436 3101 739 3173 συνέχειαν.
782 3105 855 3156 Τὸ
886 3100 998 3168 οὖν,
1054 3107 1399 3176 Ἐλυππήθην
1444 3110 1514 3163 ἐν
1555 3109 1629 3179 τῇ
1679 3112 2005 3179 ἀδολεσχίᾳ

2109 3106 2316 3177 negotii
2357 3105 2853 3161 continuationem.
2895 3104 3043 3161 lstud
3080 3106 3267 3177 igitur,
3316 3105 3674 3162 Contristatus

432 3210 576 3261 μου,
624 3192 721 3245 καί
752 3193 1086 3264 ἐταράχθην
1111 3213 1125 3226 ⁸
1155 3202 1428 3263 τουτέστι,
1466 3201 1671 3273 Συνεχῆ
1703 3203 1802 3274 τὴν
1836 3203 2011 3273 λύπην

443 3284 601 3352 ἔσχον
632 3282 725 3335 καὶ
758 3285 855 3354 τὴν
877 3288 1121 3357 ταραχὴν
1144 3288 1251 3340 ἀπὸ
1278 3289 1371 3342 τοῦ
1405 3291 1638 3362 πλήθους
1678 3293 1774 3345 ,ὧν
1803 3294 2010 3359 κακῶν,

436 3374 616 3427 dum»:
650 3375 735 3426 ἐπ’
763 3377 941 3439 ἄλλοις
981 3379 1067 3431 ἀεὶ
1103 3381 1531 3450 συμϐαινόντων.

517 3549 662 3618 Στίχ.
683 3549 758 3602 ιδ’.
790 3580 861 3591 -—-
883 3551 1194 3625 Σύμμαχος»,
1222 3556 1395 3610 Ἀλλὰ
1430 3558 1512 3612 σὺ
1536 3559 1843 3628 ἅνθρωπος
1875 3563 2009 3631 ὀμό-

437 3651 681 3704 «portae,
698 3640 793 3693 καί
817 3642 1109 3711 συνήθης,
1128 3646 1222 3699 καί
1253 3647 1554 3717 γνώριμος.
1575 3652 1647 3703 Τὸ
1662 3651 1739 3717 δὲ,
1756 3650 2013 3721 Ἡγεμών

439 3749 581 3800 μου,
612 3733 785 3796 καλῶς
813 3734 889 3797 ὡς
925 3736 1059 3806 πρὸς
1086 3738 1176 3790 τὸν
1208 3740 1424 3810 Σίμωνα
1442 3758 1455 3771 ο
1492 3743 1676 3813 ἐπειδὴ
1706 3743 1801 3795 τοῦ
1832 3763 2010 3814 μακα-

446 3824 562 3895 ρίου
609 3824 777 3876 ὐνίου
807 3825 1304 3898 ἀρχιερατεύοντος,
1336 3833 1665 3903 προστασίαν
1704 3833 1823 3886 τινά
1853 3835 2010 3902 ἐγκε-

442 3914 699 3984 χείριστο.
752 3914 938 3979 Οῦτως
990 3919 1261 3989 ἡγεμόνας
1310 3922 1403 3974 καὶ
1442 3924 1705 3994 ἄρχοντας
1751 3925 2010 3996 βασιλέων

443 4006 712 4076 καλοῦμεν
744 4009 867 4071 τοὺς
895 4009 984 4061 ὑπ’
1014 4011 1191 4063 αὐτῶν
1238 4014 1591 4082 πράττοντας,
1626 4016 1733 4069 εἴτε
1760 4017 1889 4087 παρ’
1915 4017 2012 4071 αὑ-

442 4099 552 4151 τῶν
574 4098 672 4170 τὴν
701 4100 872 4174 ἀρχὴν
901 4103 1426 4175 ἐγκεχειρισμένους.

1001 4304 1294 4358 ΨΑΛΜΟΣ
1327 4307 1451 4361 NZ'.

2112 3212 2226 3249 sum
2280 3197 2335 3249 in
2389 3195 2760 3250 exercitatione
2800 3211 2936 3257 mea,
2985 3209 3032 3251 et
3070 3197 3453 3260 conturbatus;
3488 3196 3540 3250 id
3570 3206 3674 3258 est.

2110 3286 2441 3343 Continuam
2498 3287 2665 3342 habui
2723 3286 3000 3341 tristitiam
3044 3298 3097 3342 et
3123 3288 3595 3342 conturbationem
3645 3302 3675 3339 a

2111 3379 2459 3434 multitudine
2499 3381 2787 3441 malorum,
2839 3378 2966 3432 dum
3018 3380 3126 3433 alia
3178 3396 3242 3435 cx
3293 3380 3418 3434 aliis
3464 3394 3677 3448 semper

2110 3471 2385 3525 oriuntur.

2185 3560 2350 3615 Vsus.
2380 3560 2469 3613 M.
2494 3592 2561 3602 -—
2592 3560 2974 3632 Symmachus,
3013 3559 3116 3615 Sed
3160 3570 3217 3614 tu
3265 3560 3419 3614 homo
3467 3575 3677 3613 eorum-

2110 3655 2227 3709 dem
2266 3670 2493 3718 morum,
2542 3663 2592 3707 et
2651 3654 2934 3717 familiaris
2986 3670 3149 3716 meus,
3212 3663 3261 3707 et
3318 3664 3491 3707 notus.
3542 3653 3677 3706 Illud

2110 3761 2265 3807 vero,
2309 3744 2428 3797 Dux
2470 3761 2635 3807 meus,
2683 3753 2830 3800 recte
2866 3755 3125 3814 tanquam
3173 3743 3239 3797 ad
3282 3741 3558 3798 Simonem
3596 3745 3678 3797 tli-

2112 3846 2294 3903 ctum;
2329 3844 2388 3890 ut
2428 3838 2545 3905 qui,
2582 3836 2716 3890 Onia
2760 3851 3016 3906 supremo
3060 3836 3369 3891 sacerdotio
3400 3835 3679 3906 fungente,

2114 3928 2495 3999 praefecturam
2537 3928 2772 3998 aliquam
2803 3928 3045 3998 gerebat.
3091 3927 3206 3982 lloc
3240 3928 3402 3983 modo
3422 3927 3591 3982 duces
3627 3936 3681 3981 et

2111 4024 2468 4091 imperatores
2505 4035 2694 4091 regum
2731 4021 3071 4090 appellamus
3119 4036 3215 4076 eos
3244 4021 3338 4090 qui
3381 4020 3515 4090 ipsis
3548 4019 3679 4073 sub-

2112 4109 2351 4165 ordinati
2397 4118 2562 4174 sunt,
2609 4110 2725 4165 sive
2782 4111 2876 4181 qui
2930 4112 2998 4166 ab
3045 4110 3180 4183 ipsis
3230 4112 3518 4182 imperium
3572 4110 3680 4165 sibi

2111 4201 2485 4258 concreditum
2519 4211 2870 4271 acceperunt.

2635 4310 2960 4373 PSALMUS
2988 4296 3146 4366 L'vu.

511 4392 661 4463 Στίχ.
690 4399 776 4445 ια’.
809 4393 952 4447 -Ἦ
981 4394 1035 4447 δὲ
1065 4397 1143 4457 είς
1181 4397 1343 4466 ὑμᾶς,
1367 4399 1515 4465 φησὶ,
1539 4398 1774 4469 τιμωρία
1814 4400 2005 4471 εὐφρο-

2186 4402 2353 4459 Vens.
2380 4404 2467 4459 il.
2491 4435 2560 4445 —
2589 4403 2847 4459 Vestrum
2876 4413 3079 4469 autem,
3115 4402 3315 4473 inquit,
3350 4402 3681 4474 supplicium

445 4482 611 4553 σύνην
654 4483 873 4554 παρέξει
912 4485 1021 4546 τοῖς
1049 4484 1291 4552 δικαίοις,
1322 4492 1432 4550 τοῖς
1471 4489 1564 4541 νῦν
1595 4488 1682 4557 ὑφ’
1716 4490 1869 4559 ὑμῶν
1892 4493 2011 4544 ὲπι-

445 4572 870 4641 ϐουλευομένοις.

517 4665 835 4733 Θεοδώρου.
867 4667 939 4719 Τὸ
972 4672 1281 4722 νιπτεσθιιι
1323 4669 1356 4739 ἡ
1392 4670 1508 4724 θεία
1546 4670 1734 4744 Γραφὴ
1776 4675 2007 4746 συνεχῶς

444 4751 708 4820 λαμϐάνει
755 4754 848 4805 ἐπὶ
897 4755 990 4808 τοῦ
1050 4757 1081 4826 ἦ
1128 4761 1399 4812 κοινωνεῖν
1440 4777 1542 4813 τινι
1594 4762 1627 4833 ἣ
1677 4762 1752 4834 μὴ
1806 4782 2007 4817 κοινω-

444 4846 576 4897 νεῖν.
601 4845 768 4898 Τοῦτο
798 4846 905 4917 γὰρ
935 4846 1052 4910 ἔθος
1074 4850 1183 4911 τοῖς
1212 4850 1477 4915 παλαιοῖς,
1504 4852 1590 4905 διὰ
1618 4852 1699 4905 τοῦ
1732 4856 2010 4909 νίπτεσθαι

445 4935 544 4997 τὰς
586 4938 772 5005 χεῖρας
820 4938 1101 5007 σημαίνειν
1137 4940 1391 5011 ὁπότερον
1422 4941 1488 4995 ἂν
1535 4943 1829 5000 ἐϐούλοντο.
1860 4947 2015 5001 Οῦτω

448 5028 542 5079 καὶ
583 5029 808 5093 Πιλᾶτος
848 5032 905 5083 ὲν
951 5034 1062 5094 τοῖς
1099 5031 1445 5101 Εὖαγγελίοις
1483 5037 1729 5105 φαίνεται
1755 5039 1832 5108 τῷ
1858 5041 2014 5109 νίψα-

449 5118 570 5172 σθαι
600 5119 698 5183 ea;
727 5124 910 5192 χεῖρας
938 5123 1233 5192 σημαίνων,
1263 5125 1345 5176 ὅτι
1386 5125 1458 5196 μὴ
1496 5132 1724 5199 κοινωνῇ
1764 5129 1842 5199 τῷ
1872 5133 2014 5202 φόνῳ

446 5210 587 5262 κατά
615 5210 707 5263 τοῦ
737 5212 992 5282 Χριστοῦ.
1021 5214 1173 5265 Οῦτω
1215 5215 1305 5267 καὶ
1335 5217 1556 5286 ἑτέρωθί
1586 5237 1747 5289 φησιν
1775 5221 1803 5272 ὁ
1834 5224 2012 5291 μακά-

450 5317 564 5369 ριος
597 5302 789 5355 Δαὸἰδ·
837 5305 1095 5372 Νίψομαι
1138 5307 1207 5358 ἐν
1233 5307 1440 5373 ἀθώοις
1494 5311 1598 5373 τὰς
1635 5311 1834 5380 χεῖράς
1862 5331 1979 5381 μου
2000 5331 2013 5344 '

446 5394 710 5459 τουτέστι,
750 5396 858 5466 Τὴν
913 5399 1047 5465 πρὸς
1096 5401 1292 5462 αὐτοὺς
1339 5402 1652 5473 ἀσπάσομαι
1713 5407 2013 5461 κοινωνίαν.

459 5486 719 5540 Ἐνταῦθα
752 5483 843 5541 οῦν
866 5490 1019 5541 τοῦτο
1043 5490 1207 5557 λέγει,
1235 5493 1314 5545 ὅτι
1360 5495 1388 5545 ὁ
1423 5493 1628 5557 δίκαιος
1656 5496 1713 5547 ἐν
1740 5499 1803 5566 τῇ
1836 5501 2015 5569 σφαγῇ

446 5578 543 5629 καὶ
569 5577 646 5629 τῶ
677 5578 888 5649 θανάτῳ
914 5578 1005 5631 τοῦ
1036 5581 1357 5651 ἀμαρτωλοῦ
1384 5584 1717 5656 δειχθήσεται
1749 5588 2017 5661 μηδεμίαν

518 5753 597 5825 (1]
633 5752 708 5809 Ex
737 5752 1021 5810 Corderio.

2116 4498 2357 4552 laetitiam
2389 4497 2651 4567 praebebit
2682 4497 2850 4567 justis
2885 4497 3016 4561 ilis,
3046 4497 3141 4567 qui
3180 4510 3326 4551 nunc
3355 4510 3386 4551 a
3414 4496 3567 4553 vobis
3601 4498 3683 4550 in-

2116 4590 2273 4644 sidiis
2308 4589 2668 4658 itnp’ctuntur.

2184 4679 2313 4733 lem.
2356 4709 2428 4721 —
2463 4678 2743 4733 Theodori.
2809 4677 3045 4735 Verbum
3124 4680 3341 4734 lauandi
3399 4679 3684 4751 Scriptura

2113 4772 2297 4826 divina
2334 4787 2549 4841 semper
2581 4772 2779 4841 accipit
2810 4786 2910 4842 pro
2934 4774 3432 4828 communicatione
3466 4775 3551 4827 vel
3576 4788 3683 4826 non

2117 4862 2614 4915 communicatione
2643 4861 2897 4930 alicujus.
2926 4862 3018 4916 Illa
3065 4866 3212 4918 enim
3243 4872 3363 4919 erat
3390 4872 3688 4918 consuetu-

2118 4954 2189 5008 do
2218 4954 2517 5015 veteribus,
2541 4963 2599 5007 ut
2628 4968 2722 5023 per
2747 4954 3006 5010 lotionem
3038 4971 3299 5010 manuum
3333 4957 3685 5015 alterutrum,

2120 5044 2580 5114 proutvolebant.
2633 5044 3025 5115 signiﬁcarent.
3065 5047 3156 5101 Sic
3196 5046 3359 5100 etiam
3393 5046 3598 5100 l’ilatus
3631 5045 3688 5099 in

2122 5133 2429 5203 Evangeliis
2461 5135 2679 5190 videtur
2718 5151 2817 5206 per
2863 5138 3123 5191 lotionem
3171 5151 3434 5189 manuum
3484 5136 3689 5205 signiﬁ-

2121 5241 2298 5289 casse,
2322 5243 2381 5282 se
2403 5243 2510 5283 non
2537 5230 2944 5284 communicare
2970 5228 3105 5282 caedi
3127 5227 3355 5281 Christi.
3408 5226 3498 5281 Sic
3521 5228 3687 5281 etiam

2123 5318 2230 5372 alio
2272 5319 2394 5373 loco
2422 5321 2616 5375 beatus
2654 5319 2821 5375 David
2850 5321 2925 5373 ait
2954 5339 2966 5373 :
3003 5318 3211 5372 Lavabo
3238 5320 3375 5372 inter
3396 5321 3689 5373 innocentes

2122 5426 2309 5463 manus
2342 5427 2519 5476 meas;
2560 5412 2611 5467 id
2639 5422 2741 5476 est,
2772 5426 2895 5466 cum
2943 5410 3079 5479 ipsis
3122 5410 3424 5480 amplectar
3445 5426 3692 5465 commu-

2124 5502 2468 5558 nicationem.
2493 5503 2588 5557 llic
2604 5518 2734 5572 ergo
2758 5502 2913 5563 dicit,
2939 5501 3148 5569 justum
3174 5502 3229 5557 in
3255 5503 3401 5557 caede
3421 5517 3485 5556 ac
3518 5512 3692 5556 morte

2123 5596 2428 5664 peccatoris
2467 5596 2801 5651 declaratum
2858 5594 2922 5649 iri
2974 5594 3179 5649 nullam
3224 5595 3427 5651 habere
3459 5609 3585 5649 cum
3625 5596 3691 5649 iis
