4106 6238
465 288 572 353 οπο

1642 297 1992 356 THEODORI
2030 302 2511 365 MOPSUESTENI

3586 323 3688 380 680

462 410 1037 508 communicationem,
1080 413 1184 470 hoc
1220 422 1326 482 est,
1370 415 1580 486 justum
1623 415 1997 485 appariturum

2125 420 2267 493 ἔχειν
2296 422 2429 495 πρὸς
2465 426 2659 490 αὐτοὺς
2700 429 2997 494 κοινωνίαν,
3040 431 3342 500 τουτέστιν,
3377 432 3689 508 ἀποφανθῆ-

461 500 599 558 Cum
627 503 772 558 enim
814 504 890 558 illi
920 514 1204 574 propterea
1243 505 1561 574 puniantur,
1606 504 1664 558 lii
1699 511 1883 559 autem
1911 521 2026 560 ma-

462 603 629 649 neant
684 594 762 651 nil
815 596 944 650 mali
996 597 1285 662 patientes,
1342 596 1538 651 horum
1570 595 1748 650 virtus
1798 595 2026 652 demon-

461 694 692 745 strator.

531 780 697 835 Vens.
742 778 830 834 i2.
855 808 927 821 -—
950 777 1213 835 Nonnulli
1257 779 1426 844 istud,
1485 775 1673 847 Utique
1708 788 1785 832 est
1819 778 2022 847 fructus
2054 825 2063 837 .

450 870 621 940 justo,
661 886 757 940 per
802 872 1288 942 interrogationem
1327 871 1610 941 legerunt;
1640 883 1704 923 ac
1742 869 1791 924 si
1828 870 2025 925 scisci-

459 972 706 1019 tarentur
737 970 923 1018 utrum
952 963 1026 1019 sit
1064 982 1078 1017 :
1105 962 1249 1033 quod
1276 963 1330 1017 in
1358 961 1688 1033 syllogismis
1716 959 1900 1017 dicere
1928 977 2022 1019 so-

456 1055 653 1120 lemus,
708 1054 966 1124 Nunquid
1024 1053 1165 1110 hoc?
1215 1054 1269 1109 id
1325 1061 1430 1117 est,
1478 1051 1693 1121 Ergone
1739 1051 1891 1106 hoc?
1940 1054 2022 1108 sic

454 1147 618 1202 etiam
661 1147 764 1201 hoc
794 1147 917 1201 loco
957 1146 1057 1210 ait,
1102 1146 1248 1217 quod
1295 1159 1421 1200 cum
1459 1144 1574 1197 haec
1614 1142 1755 1197 facta
1794 1143 2019 1211 fuerint,

453 1254 646 1297 omnes
674 1240 869 1295 dicturi
891 1240 1022 1305 sint,
1054 1238 1323 1306 Quoniam
1349 1253 1474 1293 vere
1500 1243 1586 1291 est
1620 1234 2017 1305 lructusjusto,

452 1339 508 1387 et
534 1348 644 1386 non
688 1331 808 1386 sine
853 1331 1101 1386 mercede
1126 1330 1398 1400 justitiam
1427 1333 1668 1383 exercet.
1699 1325 1841 1379 Ecce
1872 1327 2017 1381 enim

452 1433 739 1497 prepterea
768 1424 942 1493 puniti
973 1432 1103 1479 sunt
1130 1422 1225 1492 qui
1260 1420 1397 1490 ipsis
1424 1418 1856 1475 insidiabantur.

626 1558 631 1561 -
977 1513 1304 1571 PSALMUS
1342 1512 1525 1569 LVIII.

519 1607 689 1665 Vens.
720 1610 776 1663 7.
808 1639 880 1650 —
907 1608 1009 1662 llic
1056 1607 1224 1661 etiam
1266 1614 1353 1662 est
1386 1615 1648 1675 temporis
1690 1604 2015 1668 immutatio,

449 1718 550 1775 pro
577 1713 968 1769 convertantur,
994 1709 1050 1757 et
1070 1702 1413 1763 circumeant,
1437 1706 1491 1754 et
1512 1699 1706 1769 famem
1721 1698 2015 1767 patiantur.

2127 529 2279 569 σεται
2319 516 2542 581 δίκαιος.
2568 520 2731 571 Ὅταν
2780 520 2889 592 γὰρ
2935 522 3128 575 ἐκεῖνοι
3159 522 3246 576 διὰ
3286 524 3490 578 τούτων
3526 528 3685 581 κολά-

2124 604 2344 672 ζωνται,
2371 604 2514 663 οὗτοι
2537 609 2595 663 δὲ
2625 611 2825 681 μένωσι
2864 612 3027 684 μηδὲν
3046 613 3338 685 πάσχοντες
3367 617 3554 683 κακὸν,
3576 619 3685 673 δεί-

2123 715 2312 754 κνυται
2334 700 2537 756 τούτων
2563 704 2596 772 ἡ
2624 705 2813 774 ἀρετή.

2190 791 2335 862 Στίχ.
2365 790 2679 871 ιβ’,-Τινὲς
2705 796 2932 865 τδ,Ἄρα
2955 798 3087 851 ἐστὶ
3106 800 3331 867 καρπὸς
3359 799 3441 866 τῷ
3459 800 3683 869 δικαίῳ,

2122 884 2241 935 κατ’
2264 885 2527 956 ἐρώτησιν
2554 887 2860 956 ἀνέγνωσαν
2881 907 2894 920 ⁸
2917 891 3115 945 ὡσανεὶ
3139 892 3571 964 πυνθανομένων,
3600 896 3684 950 ὅτι

2120 973 2184 1027 El
2215 973 2360 1030 ἔστιν
2393 977 2521 1048 ἄρα,
2551 979 2685 1051 ὅπερ
2727 979 2844 1044 ἔθος
2892 983 3023 1051 ἡμῖν
3063 984 3122 1037 ἐν
3159 985 3272 1047 τοῖς
3317 983 3685 1056 συλλογισμοῖς

2120 1062 2316 1132 λέγειν,
2342 1069 2391 1119 εἱ
2419 1067 2493 1139 μὴ
2508 1069 2663 1135 esse};
2690 1071 2811 1124 ἀντὶ
2828 1071 2943 1137 τοῦ,
2974 1073 3180 1127 Οὐκοῦν
3201 1075 3319 1130 τόδε
3342 1093 3358 1143 ;
3384 1075 3524 1131 οὕτω
3556 1080 3685 1134 κάν-

2118 1158 2289 1211 ταῦθα
2316 1158 2483 1228 λέγει,
2514 1162 2595 1216 ὅτι
2624 1162 2825 1217 τούτων
2863 1167 3185 1235 γενομένων,
3222 1168 3419 1232 πάντες
3449 1168 3681 1239 ἐροῦσιν,

2117 1242 2200 1297 ὅτι
2225 1244 2437 1317 ἀληθῶς
2467 1246 2579 1302 ἐστι
2608 1250 2686 1321 τῷ
2729 1251 2920 1323 δικαίῳ
2963 1256 3190 1325 καρπὸς,
3228 1259 3318 1310 καὶ
3364 1258 3462 1311 οὐκ
3493 1258 3683 1328 ἀμισθὶ

2116 1334 2217 1405 τὴν
2268 1336 2609 1410 δικαιοσύνην
2664 1343 2971 1413 ἐργάζεται.
3016 1347 3141 1399 Ἰδοὺ
3179 1348 3287 1417 γὰρ
3335 1348 3438 1403 ὑπὸ
3480 1347 3681 1402 τούτων

2117 1425 2538 1501 ὲτιμωρήθησαν
2564 1433 2614 1485 οἱ
2639 1433 3071 1500 ἐπιϐουλεύοντες
3095 1436 3296 1500 αὐτοῖς.

2676 1522 2965 1579 ΨΑΛΜΟΣ
2990 1527 3120 1582 NH'.

2106 1647 2112 1653 ρ
2185 1612 2335 1683 Στίχ.
2361 1610 2426 1679 ζ’.
2450 1616 2827 1690 -Ἐναλλαγὴ
2859 1618 3134 1672 κάνταῦθα
3173 1618 3384 1690 χρόνου,
3413 1619 3533 1673 ἀντὶ
3563 1618 3679 1689 τοῦ,

2129 1703 2715 1777 Ἐπιστρεψιάτωσαν,
2734 1711 2825 1766 καὶ⁵
2850 1711 3328 1767 κυκλωσάτωσαγ
3341 1753 3355 1774 .
3374 1712 3469 1767 καὶ
3499 1715 3677 1781 λιμω-

448 1797 606 1867 Quod
653 1806 835 1853 autem
874 1795 1009 1851 dicit
1041 1801 1128 1848 est
1157 1791 1433 1863 ejusmodi
1462 1810 1477 1845 :
1507 1790 1777 1857 Quoniam
1811 1806 2001 1846 canum

2114 1795 2409 1861 εᾶτωσαν.
2422 1800 2555 1855 Ὀδὲ
2576 1801 2965 1871 λέγειτοιοῦτόν
2983 1805 3146 1857 ἐστιν’
3166 1802 3377 1874 Ἐπειδὴ
3386 1803 3494 1856 τῶν
3505 1804 3680 1857 κυνῶν

447 1892 730 1961 proprium
778 1894 866 1944 est
916 1884 1095 1940 noctis
1145 1893 1394 1954 tempore
1443 1881 1681 1937 circuire
1732 1881 2011 1937 civitatem

447 1983 781 2047 universam,
804 1989 860 2035 et
892 1976 1192 2048 majoribus
1223 1975 1303 2029 uti
1337 1974 1598 2041 vocibus;
1629 1974 1867 2029 maxime
1898 1987 2013 2028 au-

445 2082 554 2132 tem
587 2076 689 2129 hoc
728 2072 961 2135 faciunt,
1003 2067 1225 2140 quando
1267 2065 1560 2137 contigerit
1600 2068 1750 2137 ipsos
1797 2064 2013 2123 esurire

443 2162 551 2223 cibi
577 2166 813 2237 indigos.
851 2163 1040 2218 Simile
1074 2160 1230 2232 quid,
1265 2159 1462 2230 inquit,
1485 2157 1737 2214 hostibus
1758 2156 2009 2223 eveniat;

441 2274 475 2314 a
506 2259 760 2331 praesenti
785 2254 1047 2310 felicitate
1084 2253 1143 2307 in
1187 2250 1344 2321 pejus
1374 2263 1473 2319 per
1498 2246 1829 2317 supplicium
1858 2256 2009 2301 tuum

441 2357 838 2409 convertantur
868 2366 882 2403 :
909 2354 966 2403 et
995 2346 1138 2402 sicut
1167 2358 1354 2405 canes,
1385 2342 1563 2396 noctis
1598 2350 1840 2410 tempore
1870 2352 1900 2392 a
1930 2336 2011 2392 fa-

441 2459 530 2501 me
566 2442 804 2506 obsessi,
835 2441 891 2495 in
920 2436 1156 2493 circuitu
1189 2435 1463 2489 ululantes
1499 2431 1841 2486 circumeunt
1872 2427 2009 2484 civi-

440 2545 608 2593 tatem
629 2576 644 2600 ,
670 2535 751 2591 sic
776 2542 831 2589 et
858 2532 913 2587 hi
946 2529 1219 2601 supplicio
1245 2535 1342 2582 tuo
1369 2526 1461 2581 icti
1491 2525 1699 2594 ejulent
1734 2523 1802 2577 ad
1837 2522 2009 2577 instar

437 2644 672 2692 canum;
704 2628 779 2682 ita
811 2632 871 2680 ut
897 2639 966 2680 ex
996 2624 1113 2693 ipsa
1149 2635 1284 2675 voce
1309 2619 1611 2689 ejulatuum
1654 2616 1734 2672 tui
1774 2616 1828 2669 in
1858 2615 2008 2684 ipsos

354 2712 357 2715 ’
438 2720 694 2793 supplicii
718 2723 978 2789 appareat
1007 2711 1347 2782 magnitudo.
1379 2707 1664 2778 Temporis
1694 2714 1873 2761 autem
1902 2705 2004 2760 im-

437 2814 796 2868 mutationem
826 2808 1031 2862 indicat
1054 2802 1419 2875 Symmachus
1444 2799 1655 2863 dicens,
1683 2794 2000 2853 Convertun-

438 2912 528 2957 tur
562 2899 632 2955 ad
656 2913 939 2967 vesperam.

505 3078 674 3136 Vens.
704 3078 759 3132 8.
793 3100 863 3116 -
884 3074 1172 3133 Hieetiam
1207 3070 1358 3127 istud
1391 3085 1507 3124 ecce
1536 3067 1808 3138 adjectum
1831 3075 2001 3123 estex

2118 1888 2248 1945 [διον
2267 1893 2408 1948 κατὰ
2426 1892 2516 1947 τὸν
2531 1894 2630 1965 τῆς
2643 1894 2831 1957 νυκτὸς
2851 1895 3036 1964 καιρὸν
3051 1894 3319 1965 περιιέναι
3340 1911 3400 1946 τε
3418 1893 3515 1964 τὴν
3530 1893 3679 1948 πόλιν

2115 1982 2352 2050 ἃπασαν,
2373 1987 2464 2040 καὶ
2495 1986 2704 2057 μείζοσι
2734 1987 3029 2059 κεχρῆσθαι
3058 1989 3174 2048 ταῖς
3201 1987 3431 2055 φωναῖς
3469 1984 3679 2038 ποιοῦσι

2114 2075 2169 2129 δὲ
2217 2077 2349 2131 αὐτὸ
2393 2079 2661 2149 μάλιστα,
2715 2079 2933 2133 ἐπειδὰν
2980 2078 3247 2150 συμϐαίνῃ
3297 2079 3392 2133 καὶ
3442 2077 3678 2149 π[ε]ινᾷν

2113 2165 2399 2237 δεχθέντας
2440 2172 2643 2243 τροφῆς
2663 2187 2678 2202 ο
2731 2171 2968 2225 τοιοῦτόν
3030 2189 3084 2224 τι
3136 2172 3262 2242 περὶ
3309 2170 3417 2223 τῶν
3470 2169 3678 2241 ἐχθρῶν

2115 2275 2246 2329 φησι
2269 2277 2284 2291 ·
2314 2262 2858 2335 Μεταστραφήτωσαν
2888 2264 2995 2317 ἀπὸ
3020 2264 3115 2333 τῆς
3143 2261 3238 2316 νῦν
3265 2261 3567 2331 εὐπραγίας
3599 2263 3677 2324 εἰς

2111 2348 2174 2400 τὸ
2206 2353 2385 2421 χεῖρον
2414 2355 2479 2422 τῇ
2525 2354 2676 2424 παρά
2719 2352 2813 2407 σοῦ
2844 2354 3111 2423 τιμωρίαο
3148 2353 3242 2406 καὶ
3272 2351 3459 2421 ὥσπερ
3494 2350 3675 2415 κύνες,

2112 2438 2252 2491 κατὰ
2277 2438 2367 2492 τὸν
2386 2440 2574 2513 καιρὸν
2620 2442 2719 2511 τῆς
2758 2443 2947 2506 νυκτὸς
2981 2444 3083 2496 ὑπὸ
3121 2442 3278 2513 λιμοῦ
3311 2441 3676 2513 συνεχόμενοι,

2112 2528 2296 2600 κύκλῳ
2316 2529 2543 2600 βοῶντες
2560 2532 2657 2603 τὴν
2683 2533 2834 2587 πόλιν
2861 2532 3223 2603 ἐκπεριίασινο
3246 2532 3387 2587 οὕτω
3412 2533 3507 2603 καὶ
3533 2525 3675 2585 οῦτοι

2111 2623 2177 2693 τῇ
2205 2622 2357 2693 παρᾶ
2378 2624 2471 2676 σοῦ
2507 2624 2745 2695 τιμωρίᾳ
2783 2625 3074 2695 πληγέντες
3106 2623 3498 2688 ὀλολυζέτωσαν
3518 2624 3674 2693 ὃμοια

2108 2714 2223 2775 τοῖς
2245 2715 2429 2775 κυσίν
2452 2714 2598 2775 ,ὥστε
2640 2716 2737 2770 καὶ¹
2779 2720 2845 2787 τῇ
2877 2720 3026 2787 φωνῇ
3065 2716 3174 2770 τῶν
3214 2714 3522 2785 ὀλολυγμῶν
3554 2715 3676 2784 φαίη-

2112 2804 2294 2862 νβσθαι
2325 2806 2425 2876 τῆς
2455 2808 2721 2881 τιμωρίας
2748 2826 2841 2863 σου
2871 2809 2971 2878 τῆς
3006 2810 3083 2872 είς
3107 2809 3301 2872 αὐτοὺς
3339 2808 3400 2861 τὸ
3426 2808 3671 2878 μέγεθος.

2110 2899 2221 2969 Τὴν
2249 2899 2304 2954 δὲ
2337 2901 2632 2974 ἐναλλαγὴν
2668 2902 2759 2955 τοῦ
2791 2904 2980 2973 χρόνου
3012 2903 3248 2956 δείκνυσι
3278 2901 3568 2973 Σύμμαχος
3593 2904 3672 2957 ei.

2109 2987 2247 3053 πὼν,
2289 2991 2852 3062 Ἐπιστρεψάτωσαν
2887 2998 2975 3061 εἰς
3006 2994 3290 3064 ἑσπέραν.

2165 3082 2311 3153 Στίχ.
2326 3090 2469 3155 η’.-
2482 3086 2800 3156 Θεοδώρου.
2816 3087 3104 3142 Κάνταῦθα
3115 3088 3369 3157 τὸ,ἰδοὺ,
3384 3087 3670 3161 προσέρῤι·

436 3172 624 3245 plirasi
654 3170 901 3227 Hebraea.
937 3165 1299 3239 Symmachus
1342 3178 1473 3217 vero
1517 3163 1595 3215 ait
1625 3180 1640 3215 :
1671 3158 1783 3227 Ipsi
1829 3168 2001 3211 autem

2106 3178 2348 3230 mutam
2361 3177 2453 3230 τοῦ
2479 3178 2762 3249 Ἑϐραῖκοῦ
2782 3179 3084 3251 ἰδιώματος.
3104 3180 3394 3253 Σύμμαχος
3481 3158 3640 3251 φησιν
3654 3196 3670 3211 ο

434 3263 748 3334 singultiunt
775 3259 1099 3316 comedentes
1128 3271 1217 3309 ore
1238 3270 1354 3320 suo,
1378 3264 1429 3307 et
1446 3252 1601 3323 quasi
1624 3248 1828 3321 gladios
1849 3247 2005 3301 labiis

434 3356 546 3410 suis
578 3353 880 3429 [egerunt].
912 3351 1048 3406 Nam
1072 3359 1126 3406 et
1157 3349 1246 3402 hic
1269 3358 1484 3417 tempus
1510 3342 1840 3404 immutavit,
1881 3354 2005 3397 cum

434 3450 681 3507 futurum
715 3462 813 3518 pro
843 3442 1098 3516 praesenti
1130 3439 1289 3495 dixit.
1328 3437 1432 3508 Ipsi
1467 3435 1638 3501 enim,
1673 3434 1870 3503 inquit,
1911 3446 2006 3501 per

430 3559 497 3601 os
532 3557 691 3598 suum
738 3549 793 3596 et
841 3554 934 3610 per
980 3536 1120 3590 labia
1159 3547 1261 3589 sua
1306 3532 1608 3601 loquuntur
1652 3525 1816 3581 verba
1851 3524 2004 3580 omni

430 3633 616 3706 gladio
661 3632 868 3702 pejora,
916 3636 972 3683 et
1008 3640 1131 3696 quae
1169 3620 1317 3678 omni
1351 3634 1484 3676 ense
1516 3615 1756 3672 atrocius
1788 3613 2005 3669 valeant

428 3703 738 3781 vulnerare.
764 3722 1031 3789 Quoniam
1049 3718 1167 3788 quis
1194 3714 1394 3769 audiuit
1412 3714 1438 3768 2‘
1466 3710 1520 3766 id
1539 3719 1642 3773 est,
1663 3706 1850 3761 Nemo.
1870 3703 2003 3759 Por-

427 3832 492 3872 ro
533 3816 626 3870 hic
673 3816 837 3869 etiam
880 3828 989 3867 vox
1031 3810 1264 3863 dicentes
1316 3802 1667 3866 subauditur,
1707 3797 1864 3869 quasi
1906 3812 2001 3868 per

426 3908 772 3963 reticentiam
801 3904 1087 3975 Propheta:
1115 3901 1299 3965 dicta;
1330 3897 1475 3953 sicut
1502 3896 1666 3950 etiam
1698 3894 1753 3947 in
1789 3892 2000 3961 psalmo

426 4000 672 4057 secundo
708 3998 856 4054 istud
889 4017 903 4052 :
939 3997 1233 4051 Astiteruut
1266 4007 1410 4062 reges
1444 3999 1622 4052 terra,
1660 3995 1711 4041 et
1740 3983 1997 4053 principes

426 4100 774 4149 convenerunt
819 4090 875 4144 in
918 4104 1103 4151 unum,
1160 4085 1415 4140 adversus
1466 4081 1775 4141 Dominum,
1814 4086 1864 4130 et
1901 4074 1998 4127 ad—

426 4203 605 4242 versus
650 4184 918 4242 Christum
955 4182 1089 4249 eius.
1141 4181 1519 4249 Dirumpamus
1553 4172 1763 4228 uincula
1794 4182 1993 4229 eorum,

426 4292 476 4337 et
511 4281 856 4350 projiciamus
883 4295 916 4331 a
946 4276 1095 4331 nobis
1126 4275 1313 4345 jugum
1355 4275 1588 4341 ipsorum
1619 4284 1637 4323 :
1667 4281 1791 4321 nam
1831 4263 1994 4319 etiam

425 4373 503 4431 ibi
561 4391 658 4445 per
708 4372 1054 4428 reticentiam
1121 4367 1447 4424 subauditur
1491 4379 1593 4417 vox
1638 4360 1887 4420 dicentes,
1935 4361 1995 4408 ut

426 4482 626 4524 sensus
666 4468 759 4531 sit,
800 4466 1070 4530 dicentes,
1102 4460 1478 4528 Dirumpamus
1515 4456 1727 4512 uincula
1756 4467 1935 4508 eorum
1971 4463 1989 4500 :

425 4558 501 4614 ita
541 4559 707 4613 etiam
738 4558 847 4621 hic,
882 4555 1017 4610 Ecce
1039 4555 1139 4624 ipsi
1162 4556 1437 4624 loquentur
1460 4552 1513 4603 in
1545 4564 1634 4603 ore
1656 4563 1773 4608 suo,
1803 4557 1850 4599 et
1870 4544 1987 4614 gla-

423 4649 543 4702 dius
572 4647 626 4701 in
654 4646 813 4701 labiis
853 4662 1034 4700 eorum
1067 4659 1085 4697 :
1136 4643 1383 4713 quoniam
1433 4641 1552 4711 quis
1598 4638 1841 4692 audiuit?
1877 4635 1989 4690 Ex-

423 4737 675 4809 pressius
738 4744 918 4790 autem
967 4735 1024 4791 in
1065 4734 1275 4805 psalmo
1327 4730 1748 4802 quadragesimo
1793 4736 1988 4799 quarto

424 4829 832 4890 adnotavimus,
862 4827 1008 4881 sicut
1035 4823 1375 4881 consuetudo
1403 4832 1489 4879 est
1509 4820 1816 4890 PrOphetaa,
1844 4817 1985 4872 istud

423 4924 562 4978 dixit
602 4932 658 4978 et
698 4921 897 4983 dicens,
938 4926 995 4973 et
1032 4918 1079 4975 si
1103 4916 1236 4987 quid
1260 4917 1335 4972 sit
1368 4914 1699 4978 istiusmodi,
1736 4927 1832 4981 per
1866 4909 1989 4965 reti-

423 5015 659 5071 centiam
679 5012 830 5084 poni.
865 5009 996 5065 Vult
1018 5009 1165 5065 enim
1195 5007 1263 5063 de
1296 5008 1432 5077 ipsis
1466 5006 1671 5065 dicere,
1724 5001 1880 5073 quasi
1903 5000 1987 5055 di-

422 5116 588 5163 cant:
629 5105 849 5161 linime
887 5101 1212 5173 supplicium
1265 5098 1698 5161 formidavimus,
1748 5096 1841 5151 sed
1887 5110 1985 5164 pro

422 5199 566 5254 virili
607 5199 662 5253 in
698 5198 848 5268 ipsos
889 5194 1175 5256 irruimus,
1214 5205 1311 5247 eos
1352 5190 1666 5244 occidentes
1689 5197 1743 5243 et
1779 5187 1984 5241 interti-

419 5290 678 5345 cientes:
711 5287 840 5342 dum
874 5286 1020 5343 enim
1064 5285 1227 5340 etiam
1270 5281 1439 5337 multa
1487 5280 1594 5333 alia
1636 5279 1979 5339 fecissemus,

418 5380 545 5451 quis
582 5377 789 5435 audivit
811 5391 907 5433 eos
938 5372 1256 5447 gementes?
1289 5370 1374 5425 vel
1405 5368 1639 5426 attendit
1673 5370 1807 5438 ipsis
1838 5368 1983 5435 injuo

419 5474 499 5528 ria
534 5470 851 5543 oppressis?
880 5470 964 5524 vel
982 5470 1111 5539 quis
1138 5469 1283 5523 ultus
1306 5476 1391 5521 est
1420 5464 1837 5520 interfectores?
1863 5462 1981 5519 Non

416 5565 575 5634 quasi
603 5564 718 5618 haec
760 5560 987 5615 omnino
1013 5558 1255 5614 dixerint
1293 5556 1534 5621 inimici,
1572 5556 1668 5612 sed
1695 5572 1726 5611 a
1768 5572 1825 5611 re
1863 5556 1979 5626 ipsa

420 5673 519 5728 pro
563 5672 660 5711 sua
717 5652 1118 5709 consuetudine
1172 5652 1316 5708 istud
1356 5651 1493 5705 dixit
1523 5666 1767 5721 ponens;
1803 5650 1981 5705 simile

417 5751 563 5807 enim
579 5753 664 5804 est
686 5748 798 5813 isti,
822 5747 968 5801 Dixit
990 5747 1126 5800 enim
1150 5747 1203 5800 in
1229 5747 1386 5801 corde
1413 5764 1508 5803 suo
1527 5761 1543 5800 :
1561 5746 1683 5802 Non
1717 5747 1972 5816 requiret;

2100 3268 2276 3323 Αὐτοὶ
2308 3270 2424 3337 μὲν
2461 3270 2861 3331 ἀποϐλύζουσι
2910 3272 3034 3338 τοῖς
3074 3275 3372 3343 στόμασιν
3422 3271 3669 3336 ἑαυτῶν,

2106 3361 2203 3413 καὶ
2240 3362 2319 3427 ὡς
2341 3362 2639 3431 μαχαίρας
2672 3361 2794 3428 τοῖς
2835 3363 3104 3431 χείλεσιν
3132 3362 3345 3418 αὐτῶν.
3383 3360 3672 3416 Κάνταῦθα

2104 3450 2213 3522 γὰρ
2253 3450 2504 3522 ἐνήλλαξε
2543 3451 2634 3505 τὸν
2687 3451 2896 3522 χρόνον,
2953 3450 3213 3521 μέλλοντα
3264 3449 3499 3523 εἰρηκὼς
3551 3447 3672 3502 ἀντὶ

2101 3536 2197 3590 τοῦ
2227 3537 2533 3603 ἐνεστῶτος.
2562 3540 2727 3591 Αὐτοὶ
2758 3540 2884 3611 γὰρ,
2912 3540 3065 3611 φησὶ,
3104 3539 3426 3609 φθέγγονται
3455 3541 3671 3611 ῥήματα

2100 3627 2187 3681 διὰ
2211 3628 2304 3682 τοῦ
2335 3630 2597 3699 στόματος
2622 3628 2800 3684 αὐτῶν
2832 3630 2926 3683 καὶ
2962 3630 3069 3684 τῶν
3096 3630 3317 3700 χειλέων
3344 3632 3523 3700 πάσης
3556 3629 3666 3699 χείο

2103 3737 2234 3791 ρονα
2260 3721 2550 3792 μαχαίρας,
2582 3723 2673 3774 καὶ
2701 3722 2895 3785 παντὸς
2919 3721 3101 3791 ξίφους
3126 3721 3480 3793 εὐτονώτερον
3504 3722 3670 3793 πλήτ-

2100 3829 2211 3866 τειν
2241 3812 2530 3883 δυνάμενα.
2556 3814 2676 3867 Ὅτι
2703 3813 2793 3880 τις
2823 3813 3127 3882 ἤκουσεν;
3163 3814 3284 3866 ἀντὶ
3310 3814 3426 3880 τοῦ,
3460 3814 3664 3879 Οὐδείς.

2104 3905 2256 3959 Ἔστι
2295 3906 2353 3959 δὲ
2387 3906 2663 3960 κάνταῦθα
2707 3906 2787 3969 τὸ,
2817 3906 3082 3975 λέγοντες,
3110 3907 3217 3960 ἀπὸ
3242 3906 3420 3959 κοινοῦ
3450 3906 3666 3978 νοούμε-

2098 4018 2207 4067 νον,
2239 4002 2315 4066 ώς
2362 4004 2502 4057 κατὰ
2548 4001 2921 4074 ἀποσιώπησιν
2964 4003 3248 4074 εἰρημένον
3277 4004 3355 4074 τῷ
3384 4005 3662 4079 προφήτην

2096 4094 2208 4152 οἷον
2236 4100 2328 4153 καὶ
2362 4101 2422 4152 ὲν
2467 4100 2544 4170 τῷ
2579 4099 2811 4170 δευτέρῳ
2839 4099 3036 4171 ψαλμῷ
3070 4100 3151 4165 τὸ,
3183 4100 3579 4168 Παρέστησαν
3611 4103 3665 4154 οι

2090 4196 2371 4263 ,βασιλεῖς
2402 4196 2514 4265 τῆς
2544 4196 2676 4267 γῆς,
2712 4198 2809 4250 καὶ
2846 4201 2898 4252 οὶ
2941 4197 3225 4267 ἄρχοντες
3266 4198 3665 4267 συνήχθησαν

2094 4296 2192 4348 ἐπὶ
2239 4295 2305 4348 τὸ
2337 4293 2483 4348 αὑτό
2512 4296 2660 4349 κατὰ
2696 4295 2803 4348 τοῦ
2840 4296 3061 4363 Κυρίου
3087 4295 3183 4348 καὶ
3212 4292 3361 4347 κατά
3394 4293 3499 4347 τοῦ
3528 4296 3662 4361 Χρι-

2094 4391 2245 4445 στοῦ
2280 4391 2487 4446 αὑτοῦ·
2516 4391 2933 4460 Διαρῤήξωμεν
2970 4390 3111 4456 τοὺς
3140 4389 3401 4459 δεσμοὺς
3444 4390 3659 4452 αὐτῶν.

2026 4510 2067 4564 D
2096 4489 2193 4543 καὶ
2242 4490 2664 4559 ἀπορρίψωμεν
2713 4490 2813 4557 ἀφ’
2858 4487 3026 4558 ἡμῶν
3070 4488 3176 4542 τὸν
3219 4487 3395 4557 ζυγὸν
3429 4486 3658 4542 αὐτῶν·

2089 4585 2197 4638 ἀπὸ
2225 4586 2402 4639 κοινοῦ
2431 4587 2538 4658 γὰρ
2569 4588 2728 4639 κάκεῖ
2769 4587 2907 4640 κατὰ
2950 4586 3325 4657 ἀποσιώπησιν
3361 4589 3557 4639 νοεῖται
3580 4588 3659 4648 τὸ,

2088 4680 2332 4750 λέγοντες
2355 4700 2367 4713 ο
2422 4683 2507 4736 ἵνα
2629 4682 2909 4750 Λέγοντες·
2942 4682 3355 4752 Διαρῤήξωμεν
3394 4686 3530 4749 τοὺς
3570 4682 3654 4736 δερ

2087 4778 2280 4847 σμοὺς
2325 4779 2539 4834 αὐτῶν.
2585 4780 2768 4844 Οῦτως
2819 4777 2911 4834 οῦν
2964 4780 3272 4845 κάνταῦθα,
3315 4782 3457 4836 Ἰδοὺ
3492 4781 3657 4835 αὐτοὶ

2085 4875 2557 4946 ἁποφθέγξονται
2585 4877 2654 4930 ἐν
2678 4875 2758 4940 τῷ
2777 4879 3025 4947 στόματι
3043 4875 3258 4941 αὐτῶν,
3279 4876 3377 4930 καί
3395 4877 3655 4945 ῥομφαία

2084 4973 2155 5026 ἐν
2186 4973 2310 5041 τοῖς
2340 4975 2612 5043 χείλεσιν
2642 4973 2867 5029 αὐτῶν·
2902 4975 2991 5028 ὅτι
3020 4976 3109 5040 τίς
3135 4974 3439 5042 ἢκουσεν;
3482 4976 3655 5045 Ἄχρι-

2085 5069 2337 5141 ὅέστερον
2382 5070 2435 5123 δὲ
2478 5073 2536 5124 ὲν
2578 5070 2656 5141 τῷ
2695 5070 2776 5141 μδ¹
2828 5070 3025 5141 ψαλμῷ
3065 5069 3552 5141 ὲπεσημηνάμεθα,
3584 5070 3658 5133 ὡς,

2083 5167 2201 5232 ἔθος
2227 5168 2305 5240 τῷ
2330 5170 2600 5241 προφήτῃ,
2623 5168 2704 5231 τὸ,
2730 5166 2883 5233 Εἰπὲ,
2906 5168 3018 5231 καὶ,
3048 5167 3251 5235 Λέγων,
3282 5168 3373 5220 καὶ
3401 5167 3455 5219 εἴ
3478 5184 3529 5221 τι
3551 5184 3657 5220 τοι-

2074 5264 2255 5333 οῦτον,
2279 5265 2417 5320 κατὰ
2439 5263 2813 5334 ἀποσιώπησιν
2850 5264 3074 5317 τιθέναι.
3100 5262 3350 5316 Βούλεται
3386 5264 3494 5335 γὰρ
3533 5264 3660 5336 περὶ

2081 5363 2259 5418 αὐτῶν
2278 5365 2468 5428 εἰπεῖν,
2487 5363 2567 5416 ὅτι
2580 5361 2760 5430 φασίν·
2776 5361 2849 5414 Οὐ
2863 5361 3107 5432 προσῆκε
3121 5361 3347 5415 δεδιέναι
3368 5362 3655 5432 τιμωρίαν,

2078 5458 2196 5512 ἀλλ’
2228 5458 2506 5530 ὲπιὸὦμεν
2547 5459 2728 5522 αὐτοῖς
2760 5458 2859 5529 ὅση
2897 5455 3149 5527 δύναμις,
3185 5457 3530 5528 ἀναιροῦντες
3564 5457 3656 5510 καὶ

2076 5556 2548 5627 κατασφάττοντες
2569 5569 2585 5585 ’
2614 5554 2785 5609 πολλὰ
2817 5554 2925 5625 γὰρ
2956 5555 3050 5609 καὶ
3088 5554 3251 5626 ἕτερα
3283 5554 3657 5633 ιτεποιηκρτων

2079 5655 2112 5724 ἡ
2121 5654 2257 5725 μῶν,
2275 5654 2356 5716 τίς
2369 5654 2598 5723 ηκουσεν
2612 5650 2790 5705 αὐτῶν
2806 5649 3191 5717 στεναζόντων;
3210 5651 3243 5722 ἢ
3260 5651 3341 5714 τίς
3356 5649 3656 5721 προσέσχεν

2080 5752 2259 5814 αὐτοῖς
2285 5748 2687 5819 ἁδικουμένοιςς
2723 5747 2755 5820 ῆ
2787 5747 2870 5812 τίς
2896 5748 3169 5820 ἐπήμυνεν
3208 5744 3655 5819 ἀναιρουμένοιςς
