4096 6234
318 324 462 383 ’681

1565 326 1649 380 EX
1663 324 1931 381 POSITIO
1971 326 2036 381 iN
2070 326 2404 385 PSALMOS.

3499 337 3603 393 632

354 445 485 515 Οὺχ⁹
518 444 600 496 ὅτι
629 442 785 496 τοῦτο
832 443 1015 511 ἔλεγον
1060 444 1275 507 πάντως
1322 446 1370 497 οἱ
1414 445 1629 514 ἐχθροίο
1678 444 1791 496 ἀλλ’
1830 444 1931 495 ἀπὸ

2040 460 2093 498 et
2127 448 2237 509 isti,
2277 447 2410 513 Quis
2452 448 2645 502 videbit
2672 466 2760 503 eos
2788 450 2963 520 (Psul.
2998 450 3269 517 Lxui,6)?
3303 450 3441 505 idem
3461 452 3605 505 enim

352 535 453 590 τοῦ
484 534 807 607 πράγματος
852 536 993 589 κατά
1035 537 1096 589 τὸ
1142 538 1337 589 οἰκεῖον
1365 535 1486 599 ἔθος
1523 535 1582 588 τὸ
1615 531 1745 588 εἷπε
1769 536 1941 588 τεθει-

354 627 469 691 κώς
489 645 503 659 ’
531 628 713 697 ὅμοιον
742 628 848 697 γάρ
884 628 1000 681 ἐστι
1039 627 1136 697 τῷ,
1164 623 1309 680 Eine
1340 627 1450 695 γὰρ
1475 626 1544 678 ἐν
1576 626 1792 693 καρδίᾳ
1835 628 1941 687 αὺ-

355 720 488 785 τοῦ,
517 722 628 773 σὺλι
654 717 992 786 ἐκζητήσειο
1026 721 1120 772 καὶ
1160 719 1238 789 τῷ
1263 757 1277 781 ,
1316 715 1506 773 Εἶπον
1528 735 1543 749 ο
1601 716 1700 782 Τίς
1730 718 1939 785 ὄψεται

352 814 600 878 αὐτούς
630 812 704 864 Τὸ
733 811 862 865 αὐτὸ
886 812 995 883 γὰρ
1019 812 1297 867 κάνταῦθα
1322 813 1493 865 εἰπεῖν
1518 810 1780 879 βούλεται.
1814 811 1938 863 Ὅτι

350 902 528 966 οὕτως
553 902 768 956 ἅπαντα
796 903 1146 973 πράττουσιν,
1175 902 1248 966 ὡς
1274 903 1373 955 οὐκ
1393 901 1678 963 ἀκούοντος
1701 898 1935 960 οὐδενὸς,

350 997 477 1050 οὐδὲ
537 996 910 1066 φροντίζοντος
957 995 1063 1049 τῶν
1124 995 1476 1065 γιγνομένων.
1531 994 1688 1046 Ἰδιον
1731 993 1789 1046 δὲ
1844 991 1933 1045 τοῦ

354 1089 628 1160 μακαρίου
650 1087 814 1141 Δαϐὶδ
833 1087 895 1140 τὸ
920 1087 1008 1142 διὰ
1030 1086 1187 1141 τοῦτο
1221 1086 1450 1156 μάλιστα
1478 1087 1648 1140 αἰτεῖν
1678 1084 1771 1137 τοῦ
1797 1083 1934 1138 Θεοῦ

348 1183 451 1252 τὴν
483 1180 623 1234 κατά
664 1180 772 1233 τῶν
806 1180 1222 1249 ἁμαρτανόντων
1256 1178 1549 1249 τιμωρίαν
1594 1178 1682 1231 διὰ
1726 1176 1788 1229 τὸ
1827 1176 1935 1230 τῶν

350 1270 568 1325 πολλῶν
593 1272 652 1323 ἑν
681 1273 800 1333 ταῖς
825 1269 1061 1333 ἀδικίαις
1092 1268 1430 1338 αἰτιωμένων
1461 1268 1551 1320 τὸν
1580 1266 1731 1332 Θεὸν,
1768 1266 1844 1329 ὼς
1871 1266 1931 1320 ού

350 1364 688 1435 προνοοῦντα
744 1362 838 1416 τὸν
867 1363 1170 1431 Δεσπότην·
1225 1359 1412 1431 ὥσπερ
1466 1360 1575 1429 γὰρ
1623 1357 1935 1420 ἀδικοῦντες

350 1458 449 1510 καὶ
477 1456 777 1525 πάσχοντες
809 1454 980 1519 οὐδὲν,
1013 1454 1269 1523 τοιαύτην
1299 1455 1411 1516 τοῖς
1436 1451 1647 1513 πολλοῖς
1675 1449 1771 1520 τὴν
1804 1449 1933 1501 ὑπό-

348 1563 500 1600 νοιαν
545 1546 899 1617 ἐργάζονται·
936 1544 1077 1598 οὕτω
1121 1545 1542 1616 τιμωρούμενοι,
1587 1544 1649 1596 τὸ
1690 1540 1930 1594 ἐναντίον

352 1642 560 1704 πάντας
603 1638 926 1693 ὑποπτεύειν
972 1636 1464 1709 παρασκευάζουσι.
1519 1635 1797 1687 Δείκνυσιν
1839 1628 1931 1686 οὖν

2042 538 2145 592 hoc
2187 540 2306 594 loco
2334 540 2447 593 vult
2474 542 2675 597 dicere.
2721 543 2991 609 Quoniam
3018 546 3098 599 sic
3121 546 3301 598 omnia
3333 555 3519 612 agunt,
3547 559 3611 597 ac

2038 632 2085 684 si
2118 646 2277 685 nemo
2304 633 2536 697 audiret,
2556 637 2637 691 vel
2657 652 2842 690 curam
2872 647 3083 705 gereret
3107 654 3294 693 eorum
3315 653 3434 707 qua:
3454 638 3608 691 liuut.

2041 721 2324 792 Proprium
2342 735 2521 780 autem
2536 738 2619 783 est
2634 730 2773 783 beati
2792 729 3004 783 llavidis
3017 732 3086 783 ob
3100 730 3200 783 hoc
3218 729 3448 783 maxime
3465 743 3612 796 roga-

2035 828 2095 866 re
2110 812 2301 877 Deum,
2323 826 2716 885 utpeccatores
2742 819 2961 889 puniat;
2992 820 3115 889 quia
3143 822 3363 890 plurimi
3396 820 3612 889 injuriis

2043 903 2222 959 aﬂecti
2254 905 2511 959 incusant
2546 906 2732 974 Deum,
2761 925 2822 962 ac
2853 909 2898 963 si
2930 910 3153 964 minime
3175 910 3434 979 providus
3466 919 3612 964 esset

2041 992 2308 1051 Dominus
2346 1014 2358 1050 :
2402 999 2545 1053 sicut
2582 1000 2750 1061 enim,
2791 1000 2920 1054 dum
2954 1000 3292 1071 iniquitatem
3325 1000 3608 1065 facientes,

2042 1088 2174 1140 nihil
2200 1089 2502 1157 patiuntur,
2544 1091 2856 1145 istiusmodi
2888 1092 3200 1161 opinionem
3241 1092 3490 1163 plurimis
3523 1094 3610 1148 in-

2040 1191 2274 1249 gerunt;
2335 1184 2409 1236 ita
2464 1183 2592 1237 dum
2642 1185 2967 1255 puniuntur,
3020 1202 3210 1241 omnes
3271 1186 3611 1241 contrarium

2037 1272 2251 1327 faciunt
2284 1276 2518 1345 opinari.
2573 1275 2827 1331 Ostendit
2864 1279 3048 1347 itaque
3080 1295 3138 1333 se
3168 1294 3277 1333 non
3310 1279 3432 1333 ideo
3463 1279 3611 1348 quod

2037 1362 2246 1431 aliquid
2280 1365 2538 1432 patiatur.
2587 1367 2804 1437 exigere
2845 1379 2902 1421 ut
2934 1369 3001 1421 de
3032 1367 3288 1436 injuriam
3321 1368 3612 1439 irrogauti-

2040 1453 2142 1509 bus
2176 1456 2506 1525 supplicium
2532 1469 2802 1523 sumatur,
2847 1460 2941 1514 sed
2980 1469 3036 1512 ut
3068 1460 3379 1514 hominibus
3416 1459 3611 1514 exinde

2040 1547 2234 1599 melior
2275 1548 2341 1601 de
2394 1547 2503 1603 Deo
2546 1552 2734 1619 opinio
2784 1552 3084 1619 ingeratur,
3126 1553 3330 1606 docens
3383 1567 3502 1613 nos,
3554 1559 3611 1603 ut

2038 1637 2223 1689 omnia
2256 1638 2321 1692 ad
2354 1638 2446 1694 Dei
2476 1643 2703 1711 gloriam
2736 1648 2994 1713 perlicere
3026 1655 3361 1714 satagamus.

352 1732 545 1786 ἑαυτὸν
571 1732 628 1783 οὐ
659 1730 749 1783 διὰ
778 1729 840 1781 τό
879 1746 932 1780 τι
964 1728 1173 1792 παθεῖν,
1204 1727 1296 1780 τὸν
1340 1726 1483 1780 κατὰ
1525 1724 1634 1777 τῶν
1670 1721 1995 1777 ἀδικούντων
2033 1725 2287 1782 αἰτοῦντα
2314 1732 2600 1803 τιμωρίαν,
2626 1733 2739 1788 ἀλλ’
2786 1735 2924 1788 ὥστε
2986 1737 3266 1805 κρείττονα
3333 1736 3461 1802 περὶ
3514 1733 3609 1786 τοῦ

350 1821 491 1875 Θεοῦ
554 1824 660 1884 τοῖς
699 1819 1006 1892 ἀνθρώποις
1061 1818 1308 1872 ἐντεῦθεν
1353 1815 1668 1886 ἐγγενέσθαι
1715 1813 1814 1886 τὴν
1853 1812 2140 1885 ὑπόληψιν,
2216 1821 2364 1890 ἡμᾶς
2438 1824 2740 1891 παιδεύων,
2781 1826 2867 1879 διὰ
2910 1826 3127 1880 πάντων
3174 1827 3235 1879 τὸ
3276 1826 3409 1897 πρὸς
3454 1822 3611 1891 δόξαν

349 1916 493 1971 Θεοῦ
524 1913 803 1968 συντελοῦν
838 1912 1136 1985 ἐπιζητεῖν.

427 2011 572 2081 Στίχ.
603 2010 688 2079 ιβ’.
706 2039 779 2049 —-
797 2010 933 2062 Κατ’
954 2007 1221 2080 ἐρώτησιν
1241 2007 1635 2075 ἀναγνωστέον.
1653 2005 1795 2057 Ἀντί
1816 2001 1930 2056 τοῦ·

2106 2000 2270 2059 Vens.
2314 2005 2402 2061 12.
2425 2038 2492 2049 ——
2517 2005 2617 2062 Per
2640 2008 3125 2080 interrogationem
3153 2008 3257 2065 hoc
3295 2011 3607 2082 legendum.

346 2104 558 2158 Ἀλλὀύ
580 2102 654 2173 μὴ
670 2102 864 2165 αὐτοὺς
881 2099 1368 2173 ἀποκτείνῃς,ὥστε
1386 2099 1460 2171 μὴ
1476 2096 1822 2152 ἐπιλαθέσθαι
1838 2093 1932 2147 τοῦ

345 2200 514 2267 νόμου
544 2214 636 2248 σου
655 2213 669 2259 ;
691 2195 852 2257 ὥστε,
885 2195 1067 2265 φησὶν,
1091 2192 1214 2246 οὕτε
1231 2193 1320 2247 διὰ
1344 2193 1498 2247 τοῦτο
1521 2187 1632 2245 οἷόν
1653 2209 1710 2243 τε
1737 2192 1933 2253 αὐτοὺς

344 2290 607 2360 κερδᾶναι
635 2287 733 2359 τὴν
755 2287 1044 2357 τιμωρίαν.
1072 2284 1145 2338 ’⁸0
1160 2285 1215 2338 δὲ
1232 2285 1377 2353 λέγει
1397 2284 1636 2338 τοιοῦτόν
1656 2287 1791 2337 ἐστι*
1820 2280 1933 2353 Πρὸ

346 2382 451 2452 τῆς
482 2380 577 2434 τοῦ
612 2378 879 2432 Δεσπότου
909 2376 1145 2448 Χριστοῦ
1176 2378 1474 2448 παρουσίας
1504 2376 1601 2447 τὴν
1628 2377 1931 2447 προσήκου-

348 2491 473 2538 σαν,
507 2474 602 2527 καὶ
652 2469 865 2524 τελείαν
908 2469 1087 2522 πίστιν
1131 2470 1257 2539 περὶ
1309 2467 1409 2538 τῆς
1453 2460 1798 2528 ἀναστάσεως
1833 2464 1933 2517 ούκ

348 2568 591 2639 ἔχοντες,
620 2565 849 2637 ἡγοῦντο
883 2564 1007 2626 τοὺς
1039 2562 1402 2625 τελευτῶντας
1427 2561 1702 2624 παντελῶς
1732 2560 1825 2612 τοῦ
1854 2554 1930 2612 εἴ·

348 2680 439 2715 ναι
473 2659 626 2720 ἐκτὸς
656 2656 920 2726 γίνεσθαι,
964 2656 1059 2709 καὶ
1108 2655 1182 2726 μὴ
1234 2654 1489 2708 δύνασθαι
1537 2654 1693 2721 λόγον
1734 2652 1853 2705 τινὰ
1895 2654 1928 2722 ἢ

352 2753 578 2823 μνήμην
607 2748 743 2802 Θεοῦ
792 2747 934 2818 ἔχειν
955 2767 967 2781 ·
999 2748 1087 2801 διὰ
1129 2747 1285 2801 τοῦτό
1314 2748 1447 2817 φησί
1492 2764 1619 2807 που,
1648 2746 1769 2798 Ὅτι
1820 2746 1931 2797 οὐκ

345 2843 521 2898 ἐστιν
572 2840 640 2894 ὲν
703 2838 782 2904 τῷ
834 2836 1067 2904 θανάτῳ
1124 2841 1156 2891 ό
1206 2839 1598 2907 μνημονεύων
1648 2852 1799 2889 σου·
1844 2837 1933 2889 καὶ

350 2933 609 3005 ἀλλαχοῦ,
638 2935 759 3002 Οὐχ
794 2934 849 2986 οἱ
890 2929 1085 3000 νεκροὶ
1132 2930 1421 2983 αἱνέσωσί
1459 2947 1553 2993 σε,
1588 2931 1781 2997 Κύριε.
1826 2929 1932 2983 Καὶ

348 3028 488 3083 ὅλως
521 3024 719 3095 πολλὴν
757 3024 901 3078 ἔστιν
937 3024 1112 3093 εὑρεῖν
1140 3021 1344 3087 ταύτην
1390 3023 1490 3093 τὴν
1530 3022 1722 3093 χρῆσιν
1759 3023 1816 3073 ἐν
1865 3021 1931 3090 τῇ

350 3118 569 3188 Παλαιᾷ
592 3115 853 3188 Διαθήκῃ.
886 3113 1101 3182 Ἐπειδὴ
1126 3112 1303 3166 τοίνυν
1333 3114 1408 3176 ὡς
1444 3112 1552 3168 τῶν
1576 3112 1672 3183 μὲν
1703 3110 1932 3166 ἐνταῦθα

351 3209 662 3283 ὑμνούντων
701 3206 789 3260 τὸν
826 3205 977 3270 Θεὸν,
1000 3205 1107 3259 τῶν
1132 3206 1187 3259 δὲ
1222 3208 1285 3260 ὲκ
1317 3206 1423 3259 τῶν
1451 3204 1544 3257 τοῦ
1576 3203 1691 3275 βίου
1718 3203 1933 3273 γινομέ-

351 3321 479 3368 νων,
518 3301 638 3354 ούδὲ
684 3296 991 3370 μεμνῆσθαι
1038 3296 1118 3350 ἔτι
1169 3296 1264 3350 τοῦ
1308 3296 1441 3351 Θεοῦ
1475 3292 1585 3350 οἷόν
1625 3313 1682 3349 τε
1729 3294 1929 3359 ὄντων,

348 3394 509 3451 τοῦτό
545 3409 740 3464 φησιν’
789 3389 927 3444 Ἀλλ’
969 3390 1067 3442 οὐκ
1119 3390 1434 3451 ἀποκτενεῖς
1480 3389 1696 3453 αὐτοὺς,
1743 3388 1928 3457 φησὶν,

348 3487 468 3543 ἀλλ’
494 3483 777 3556 ύπερθήσῃ
802 3481 899 3552 τὴν
923 3483 1040 3533 κατ’
1067 3480 1244 3534 αὐτῶν
1276 3478 1563 3550 τιμωρίαν,
1594 3478 1669 3541 ὼς
1698 3479 1763 3532 ἂν
1796 3479 1930 3549 μήτε

349 3576 711 3640 ἀποθανόντες
744 3576 824 3638 εἰς
877 3572 1049 3644 λήθην
1094 3574 1194 3643 τῆς
1246 3572 1347 3642 σῆς
1395 3570 1597 3623 ἔλθοιεν
1626 3570 1928 3640 δυνάμεως.

364 3671 517 3723 Ἀντί
547 3665 668 3719 τοῦ·
698 3665 809 3735 Οὐχ
840 3660 950 3718 οἶόν
982 3681 1041 3716 τε
1084 3662 1207 3716 οὐδὲ
1245 3663 1333 3716 διὰ
1361 3661 1516 3716 τοῦτο
1539 3660 1930 3716 ἀναϐάλλεσθαι

348 3763 450 3837 τὴν
482 3758 776 3831 τιμωρίαν’
811 3760 858 3810 εί
891 3757 988 3827 μὲν
1014 3756 1123 3828 γὰρ
1165 3755 1472 3826 ὲμέμνηντό
1517 3771 1610 3807 σου
1642 3753 1742 3822 τῆς
1776 3753 1931 3806 δυνά.

354 3872 521 3929 μεως,
549 3854 641 3906 καὶ
667 3852 764 3924 τὴν
802 3849 1001 3919 γνῶσιν
1033 3845 1178 3919 εἶχον
1215 3849 1314 3919 τὴν
1359 3847 1477 3919 σὴν,
1522 3846 1616 3900 καὶ
1659 3846 1856 3917 ᾔδεσαν
1892 3846 1931 3901 ἃ

352 3946 627 4021 προσῆκον
663 3939 752 4014 ἦν,
802 3941 948 4002 εἰκὸς
990 3939 1077 3992 διὰ
1124 3938 1282 3991 τοῦτο
1333 3936 1642 4005 φείσασθαι,
1674 3936 1812 3988 ὥστε
1856 3934 1931 4005 μὴ

349 4038 726 4095 ἀποθανόντων
760 4033 857 4104 τὴν
894 4032 991 4103 σὴν
1034 4028 1439 4101 περιαιρεθῆναι
1481 4029 1697 4100 μνήμην
1737 4026 1797 4092 ἐξ
1836 4027 1933 4079 αύ-

348 4134 491 4187 τῶν·
534 4128 722 4198 ἐπειδὴ
759 4126 816 4180 δὲ
844 4123 1095 4177 τοσοῦτον
1139 4121 1405 4194 ἀπέχουσι
1451 4120 1544 4174 τοῦ
1580 4120 1811 4174 ἐνταῦθά
1837 4137 1930 4173 σου

352 4222 732 4298 μνημονεύειν,
763 4218 903 4271 ὥστε
932 4219 1010 4279 εἰς
1047 4216 1108 4268 τὸ
1135 4215 1373 4267 ἐναντίον
1400 4213 1612 4267 ἅπαντα
1649 4214 1928 4285 πράττειν,

348 4320 447 4375 καὶ
485 4316 690 4370 ἀδικεῖν
727 4313 801 4375 ὡς
848 4311 947 4364 οὐκ
987 4308 1138 4372 ὄντος
1184 4307 1278 4362 τοῦ
1334 4306 1637 4376 ἐφεστῶτος
1680 4305 1758 4376 τῷ
1794 4304 1927 4376 βίῳ·

349 4412 444 4467 καὶ
482 4407 845 4479 διακρίνοντος
892 4403 959 4455 τὰ
1006 4398 1353 4471 πραττόμενα
1380 4438 1395 4461 ,
1451 4396 1673 4450 τοιαῦτα
1725 4396 1783 4449 δὲ
1839 4397 1934 4450 καὶ

348 4501 529 4569 λέγειν
570 4501 645 4561 ὡς
676 4494 851 4558 οὐδεὶς
880 4495 907 4546 ό
937 4490 1168 4550 ἁκούων,
1201 4489 1233 4557 ἢ
1282 4486 1579 4558 φροντίζων
1609 4485 1718 4539 τῶν
1746 4502 1932 4554 γιγνο-

352 4594 549 4667 μὲνων.
605 4590 712 4645 Καὶ
766 4587 867 4640 οὐκ
920 4584 1124 4636 ἔνεστιν
1173 4583 1351 4634 ἐκεῖνα
1402 4578 1712 4648 λογίσασθαι
1753 4578 1787 4631 ἃ
1833 4577 1933 4647 τῆς

2035 2092 2204 2160 Quasi
2235 2096 2386 2151 dicat
2416 2114 2428 2149 :
2453 2096 2712 2170 Nunquid
2745 2102 2964 2156 occides
3012 2117 3127 2167 eos,
3168 2118 3236 2157 ne
3279 2104 3610 2160 obliviscan-

2034 2194 2125 2239 tur
2186 2187 2320 2257 legis
2362 2190 2500 2242 tuae?
2551 2191 2626 2244 ita
2686 2203 2766 2255 ut,
2827 2192 3028 2263 inquit,
3097 2210 3271 2264 neque
3319 2207 3606 2267 propterea

2035 2279 2247 2347 possint
2283 2282 2538 2350 supplicii
2574 2284 2791 2337 lucrum
2823 2284 3024 2339 facere.
3067 2284 3219 2349 Quod
3255 2296 3436 2342 autem
3477 2290 3609 2344 dicit

2033 2380 2117 2425 est
2165 2373 2481 2429 istiusmodi
2519 2377 2704 2431 :Ante
2750 2375 2956 2431 Christi
3013 2375 3225 2431 Domini
3288 2380 3604 2442 adventum,

2033 2478 2158 2516 cum
2185 2480 2293 2517 non
2323 2466 2592 2520 haberent
2626 2466 2925 2536 perfectam
2964 2467 3122 2522 ﬁdem
3158 2471 3605 2531 resurrectionis.

2032 2555 2418 2611 existimabant
2452 2558 2742 2615 defunctos
2774 2561 2995 2629 penitus
3040 2561 3357 2623 annihilari,
3409 2570 3463 2614 et
3498 2579 3606 2617 non

2032 2662 2197 2716 posse
2230 2652 2497 2704 rationem
2550 2651 2790 2721 aliquam
2845 2660 2940 2706 aut
2990 2654 3309 2707 memoriam
3358 2653 3449 2709 Dei
3506 2655 3607 2708 ba-

2033 2738 2197 2805 bere;
2231 2740 2441 2795 idcirco
2471 2742 2602 2797 alibi
2633 2744 2787 2808 dicit,
2816 2744 3082 2810 Quoniam
3108 2762 3211 2798 non
3250 2756 3328 2801 est
3361 2746 3415 2799 iu
3441 2758 3608 2802 morte

2031 2831 2119 2898 qui
2161 2848 2358 2885 memor
2391 2839 2461 2887 sit
2504 2836 2580 2887 tui
2612 2834 2788 2892 (Psal.
2819 2852 2893 2900 vt,
2924 2836 3010 2906 6);
3058 2845 3112 2892 et
3165 2838 3276 2891 alio
3306 2838 3446 2900 loco,
3484 2836 3608 2894 Non

2034 2927 2231 2978 mortui
2270 2927 2564 2981 laudabunt
2604 2939 2672 2992 te,
2703 2929 2924 2983 Domine
2967 2930 3142 2999 (Psal.
3198 2931 3494 2999 CXIII,17).
3538 2928 3610 2985 Ει

2034 3018 2260 3071 omnino
2308 3016 2651 3086 frequentem
2697 3021 2752 3074 in
2792 3020 2967 3076 Veteri
3016 3020 3371 3077 Testamento
3418 3023 3609 3077 istiusv

2034 3107 2180 3161 modi
2227 3125 2385 3165 usum
2423 3112 2682 3181 loquendi
2734 3115 2978 3184 reperire
3025 3115 3173 3169 licet.
3215 3113 3382 3181 Quasi
3427 3116 3610 3187 itaque

2034 3199 2110 3254 illi
2158 3201 2251 3270 qui
2296 3203 2382 3257 hic
2434 3214 2564 3259 sunt
2599 3204 2770 3261 Deum
2822 3206 3130 3270 laudarent,
3175 3207 3228 3262 hi
3271 3223 3405 3262 vero
3442 3209 3535 3279 qui
3577 3227 3609 3263 ιι
3670 3225 3684 3241 ο

2034 3291 2176 3347 vivis
2225 3306 2585 3350 excesserunt
2633 3314 2701 3352 ne
2749 3299 3071 3353 memoriam
3103 3299 3323 3366 quidem
3362 3300 3452 3353 Dei
3492 3315 3608 3353 am-

2033 3384 2177 3452 plins
2208 3385 2412 3441 habere
2435 3399 2681 3456 possent,
2714 3389 2820 3443 hoc
2848 3390 2983 3443 dicit
3018 3411 3026 3441 :
3067 3390 3174 3444 Sed
3209 3405 3320 3444 non
3362 3391 3606 3453 occides,

2033 3475 2233 3543 inquit,
2286 3492 2403 3540 eos,
2437 3493 2625 3531 verum
2666 3477 2887 3534 dilicres
2915 3480 3250 3550 supplicium
3293 3496 3507 3545 eorum,
3540 3496 3610 3536 ne

2032 3566 2288 3622 videlicet
2336 3569 2635 3625 morientes
2671 3571 2725 3624 in
2774 3572 3107 3626 oblivionem
3148 3574 3374 3627 veniant
3416 3581 3611 3641 poten-

2033 3657 2121 3711 tiae
2161 3666 2288 3712 tuae.
2351 3658 2521 3726 Quasi
2578 3661 2727 3715 dicat
2757 3680 2772 3716 :
2802 3661 2988 3733 Neque
3050 3679 3146 3732 per
3200 3663 3303 3717 hoc
3352 3673 3610 3732 poterunt

2032 3749 2265 3806 evadere
2294 3753 2626 3822 supplicium
2656 3772 2668 3806 :
2704 3770 2830 3807 nam
2872 3754 2916 3810 si
2947 3756 3165 3811 virtutis
3201 3764 3306 3808 tua:
3340 3770 3609 3809 memores

2035 3840 2260 3907 fuerint,
2314 3854 2367 3897 et
2419 3846 2671 3897 notitiam
2723 3853 2874 3899 tuam
2920 3846 3232 3909 habuerint,
3280 3855 3334 3900 et
3382 3861 3445 3901 ea
3489 3860 3611 3917 qua:

2032 3936 2442 3991 conveniebant
2477 3938 2863 4008 cognoverint,
2900 3954 2996 4009 par
3020 3947 3104 3994 est
3150 3947 3203 3991 ut
3232 3937 3442 3993 idcirco
3482 3954 3610 4011 par-

2032 4039 2193 4083 catur
2237 4030 2327 4097 iis,
2371 4047 2438 4085 ne
2484 4031 2621 4101 ipsis
2680 4032 3043 4087 morientibus
3088 4032 3351 4086 memoria
3405 4040 3499 4086 tua
3542 4032 3610 4087 ab

2034 4120 2145 4174 illis
2176 4121 2500 4187 auferatur:
2534 4140 2727 4178 verum
2773 4139 2898 4178 eum
2936 4131 3148 4177 tantum
3184 4123 3368 4178 absint
3416 4137 3447 4176 a
3496 4139 3610 4178 me—

2034 4211 2207 4265 moria
2240 4220 2333 4266 tua
2379 4213 2469 4267 hic
2507 4213 2821 4275 recolenda,
2859 4222 2919 4266 ut
2963 4228 2994 4267 c
3022 4212 3243 4267 diverso
3292 4221 3489 4267 cuncta
3535 4213 3611 4267 fa-

2034 4305 2185 4360 ciant
2218 4315 2326 4360 tam
2367 4306 2573 4377 inique,
2622 4321 2686 4360 ac
2726 4306 2772 4361 si
2819 4320 2981 4361 nemo
3022 4306 3147 4359 huic
3174 4306 3300 4359 vitae
3327 4316 3608 4374 praaesset,

2032 4406 2087 4453 et
2115 4413 2177 4453 ea
2212 4414 2334 4469 qua:
2379 4406 2651 4469 geruntur
2684 4397 3045 4467 diiudicaret;
3098 4397 3231 4466 quin
3277 4397 3441 4450 etiam
3478 4395 3610 4453 talia

2034 4490 2244 4553 dicant,
2293 4504 2356 4543 ac
2401 4492 2448 4544 si
2501 4504 2664 4544 nemo
2712 4489 2950 4552 audiret,
2998 4495 3090 4542 aut
3120 4496 3343 4542 curaret
3393 4504 3455 4544 ea
3488 4504 3611 4559 qua

2035 4582 2193 4636 ﬁunt.
2249 4581 2438 4651 Neque
2470 4582 2637 4636 etiam
2690 4581 2783 4635 illa
2836 4581 2963 4635 licet
2992 4579 3237 4651 cogitare
3276 4596 3399 4651 qua:
3443 4582 3610 4636 sortis

348 4686 635 4760 βελτίστης
670 4682 776 4735 εἰσὶ
820 4678 1011 4750 μοίρας
1058 4675 1149 4729 καὶ
1181 4674 1280 4743 τῆς
1315 4674 1619 4743 κρείττονος
1663 4671 1791 4741 περὶ
1837 4668 1930 4722 σοῦ

2035 4681 2163 4727 sunt
2212 4672 2432 4742 optima:
2487 4681 2541 4727 et
2586 4672 2829 4727 sanioris
2883 4672 3031 4726 circa
3083 4679 3137 4726 te
3192 4671 3495 4741 opinionis,
3543 4687 3611 4725 ne

348 4777 690 4849 ὑπολήψεως,
720 4773 795 4837 ὡς
833 4771 907 4842 μὴ
945 4769 1080 4839 λήθῃ
1118 4768 1407 4838 παραδοῖεν
1436 4764 1505 4818 τὰ
1539 4763 1679 4818 κατὰ
1717 4763 1797 4825 σὲ,
1833 4762 1930 4815 θα-

346 4872 494 4942 νάτῳ
542 4886 601 4923 τε
652 4867 769 4937 ἅμα
810 4860 1120 4935 τιμωρῆσαι
1169 4859 1261 4912 καὶ
1316 4855 1585 4918 ποικίλαις
1635 4854 1932 4923 κακώσεσι,

344 4965 441 5019 καὶ
474 4962 697 5023 ταύταις
732 4956 930 5029 μᾶλλον
966 4955 999 5025 ἢ
1030 4952 1106 5024 τῷ
1146 4951 1360 5020 θανάτῳ
1390 4948 1697 5003 ὑποόαλεῖν.
1733 4947 1792 5001 ’0
1825 4948 1934 5019 γὰρ

346 5053 734 5129 παρελκυσμδς
797 5050 905 5103 τῶν
956 5044 1143 5099 δεινῶν
1200 5044 1505 5113 ὑπόμνησιν
1563 5043 1779 5111 ἐμποιεῖ
1825 5040 1934 5094 τῶν

345 5149 652 5224 ἁμαρτιῶν.
681 5146 790 5198 Καὶ
822 5143 977 5197 τοῦτο
1007 5140 1065 5193 δὲ
1095 5137 1342 5209 βούλεται
1372 5135 1460 5190 διὰ
1490 5136 1707 5188 πάντων
1736 5135 1931 5198 εἰπεῖν,

344 5246 429 5299 ὅτι
466 5241 621 5295 οὐδὲν
650 5238 833 5299 αὐτοῖς
872 5232 1162 5305 πρόσεστιν
1190 5228 1358 5295 ἄξιον,
1386 5226 1480 5281 τοῦ
1510 5225 1725 5297 φειδοῦς
1752 5229 1934 5297 τυχεῖν

343 5352 511 5396 τινος.

423 5428 571 5495 Στίχ.
591 5430 659 5492 ιγ’
668 5453 753 5476 .—
770 5417 986 5489 Ἐπειδὴ
1007 5416 1075 5471 τὰ
1090 5414 1391 5485 γιγνόμενα
1412 5411 1628 5474 πάντως
1646 5410 1738 5462 καὶ
1756 5408 1934 5477 ἀπαγ-

345 5520 649 5591 γέλλονται,
691 5511 949 5573 πολλάκις
978 5509 1099 5563 ἀντὶ
1126 5504 1221 5559 τοῦ
1260 5503 1584 5574 γιγνομένου
1618 5500 1716 5572 τὴν
1754 5503 1928 5567 ἐπαγ-

346 5614 539 5685 γελίαν
577 5610 746 5680 λέγει,
809 5607 898 5668 Ὠς
934 5602 1029 5657 τό⁸
1098 5596 1422 5663 Ἀκουτιεῖς
1445 5613 1522 5666 με
1560 5594 1930 5663 dra/1.1500(1-

348 5707 447 5762 καί
481 5702 871 5774 εὐφροσύνην
895 5713 909 5726 ⁸
943 5696 1061 5750 ἀντὶ
1089 5692 1181 5747 τοῦ
1207 5730 1221 5755 ,
1255 5688 1521 5761 Παρέξεις
1554 5703 1643 5758 μοι
1674 5686 1887 5747 πάντως
1911 5701 1924 5714 ·

350 5800 412 5853 τὸ
452 5798 564 5870 γὰρ
617 5793 958 5866 γιγνόμενον,
1022 5785 1179 5838 τοῦτο
1237 5782 1330 5837 καὶ
1386 5782 1660 5836 ἁκουτιεῖν
1715 5776 1928 5849 ἔμελλε.

684 5888 959 5978 ίίτιιυι..
1004 5880 1123 5943 Gtt.
1156 5874 1379 5940 LXVI.

2032 4766 2298 4820 oblivioni
2347 4766 2563 4818 tradant
2614 4780 2679 4820 ea
2711 4780 2835 4835 qua:
2883 4763 2952 4818 ad
3004 4774 3055 4819 te
3107 4772 3381 4834 spectant,
3428 4774 3607 4817 ωσι-ιο

2034 4858 2201 4914 simul
2235 4872 2301 4912 ac
2330 4859 2567 4913 diversis
2616 4858 2775 4913 malis
2802 4859 2953 4924 ipsos
2988 4858 3141 4928 puni,
3176 4868 3337 4928 atque
3383 4857 3470 4911 his
3505 4872 3603 4926 po-

2033 4950 2144 5003 tius
2186 4964 2352 5019 quam
2398 4948 2560 5002 morti
2614 4948 3000 5018 subjiciuntur.
3047 4947 3284 5003 Tractus
3336 4947 3608 5016 siquidem

2000 5040 2415 5096 unolestiarunt
2466 5041 2785 5095 memoriam
2835 5041 3059 5097 rel'ricat
3096 5049 3466 5111 peccatorum.
3514 5039 3612 5096 At.

2036 5146 2144 5202 que
2179 5131 2282 5185 hoc
2303 5146 2400 5200 per
2425 5130 2611 5184 omnia
2638 5132 2757 5184 vult
2790 5132 2996 5195 dicere,
3026 5128 3173 5201 quod
3208 5128 3343 5182 nihil
3385 5127 3439 5182 in
3473 5127 3611 5200 ipsis

2033 5224 2107 5280 sit
2139 5225 2286 5295 quod
2314 5223 2553 5294 aliquam
2590 5221 2985 5294 indulgentiam
3014 5231 3307 5276 mereatur.

2103 5405 2271 5462 Vsus.
2329 5403 2820 5472 15.-—Quoniam
2879 5418 2944 5457 ea
3003 5415 3126 5471 quae
3182 5401 3321 5453 liunt
3386 5396 3612 5452 omnino

2030 5498 2196 5553 etiam
2231 5495 2652 5562 annuutiantur,
2710 5493 3028 5562 frequenter
3064 5505 3162 5562 pro
3194 5489 3341 5544 facto
3391 5502 3613 5541 annun-

2036 5588 2323 5641 tiationem
2357 5586 2510 5642 dicit.
2548 5587 2608 5642 V.
2644 5601 2698 5655 ε.
2733 5583 2932 5638 Audire
2979 5598 3058 5636 me
3094 5583 3255 5652 facies
3300 5578 3616 5633 exsultalim

2038 5699 2154 5737 nem
2203 5691 2254 5735 et
2300 5680 2541 5735 lwtitiam
2591 5678 2766 5751 (Psal.
2820 5676 3037 5747 1.,10);
3086 5676 3141 5732 id
3192 5683 3298 5739 est,
3346 5670 3616 5743 praebebis

2017 5773 2283 5851 omniuo'
2310 5774 2445 5831 mihi
2477 5791 2490 5830 :
2526 5787 2654 5828 nam
2704 5773 2757 5829 id
2789 5771 2937 5846 quod
2984 5772 3175 5840 ﬁebat,
3209 5770 3451 5822 futurum
3497 5772 3617 5824 erat

3203 5862 3285 5928 22
