4096 6234
516 285 546 339 6
553 286 621 338 83

1662 282 2008 340 τιιιῖοοοιιι
2038 280 2520 341 MOPSUESTENI

3639 284 3751 340 684

516 418 575 461 ιιι
610 405 785 460 audiri
826 404 1053 459 faceret.
1089 403 1205 460 Hoc
1232 407 1355 461 loco
1390 407 1557 479 igitur
1588 409 1754 463 etiam
1791 406 1944 471 illud,
1968 406 2076 459 An-

2182 405 2474 459 Κάνταῦθα
2514 400 2606 458 οὖν
2639 403 2718 468 τὸ,
2754 403 3255 473 Διαγγελήσοιται
3288 402 3356 456 ὲν
3392 405 3744 471 συντελείᾳ,

516 498 896 553 nuntiabuntur
927 499 978 548 in
1001 499 1470 561 consummatione,
1501 497 1554 551 id
1584 506 1669 552 est
1688 499 1883 552 Erunt.
1911 496 2079 553 Exse-

516 591 814 644 crationem
854 604 985 642 vero
1039 598 1093 642 et
1146 590 1488 644 mendacium
1534 598 1693 643 vocat
1735 604 1797 644 ea
1852 604 1975 658 quae
2012 589 2081 642 ab

518 684 654 755 ipsis
706 683 923 744 liehant,
960 688 1148 749 utpote
1194 681 1465 736 mendacii
1506 681 1669 750 plena
1722 691 1886 750 atque
1928 694 2083 734 exse-

516 775 760 828 cratione
788 772 970 841 digna.
1008 770 1081 823 Ex
1113 770 1199 825 his
1234 771 1422 841 igitur,
1463 771 1663 839 inquit,
1695 786 1816 840 quae
1847 771 2076 835 faciunt,

514 882 582 921 ex
627 863 822 918 iisdem
858 863 1410 923 consummabuntnr,
1455 870 1510 916 et
1539 864 1841 917 morientur
1871 880 1886 917 :
1914 862 2083 932 siqui-

510 959 641 1011 dem
687 957 800 1009 haec
855 954 989 1024 ipsis
1043 969 1211 1008 causa
1260 963 1423 1008 erunt
1462 954 1961 1009 consummationis
2017 967 2080 1007 ac

517 1046 729 1101 mortis.
773 1044 1078 1112 Uti-ubique
1127 1051 1306 1097 autem
1365 1043 1472 1098 sibi
1522 1044 1626 1113 ipsi
1674 1052 1964 1111 consonat,
2014 1060 2077 1098 ex

517 1136 763 1189 moribus
794 1133 941 1201 ipsos
967 1130 1160 1199 majori
1184 1131 1454 1200 supplicio
1482 1132 1678 1201 dignos
1704 1132 2082 1187 demonstrare

518 1228 740 1290 volens;
783 1226 862 1278 sic
894 1224 1039 1275 enim
1092 1224 1167 1275 ait
1200 1240 1212 1275 :
1242 1222 1359 1276 Non
1394 1222 1519 1276 licet
1554 1222 1686 1292 ipsis
1719 1240 1750 1277 a
1786 1232 1839 1279 te
1870 1225 2081 1295 suppli-

517 1320 587 1373 cii
624 1320 834 1373 lucrum
871 1316 1069 1377 facere,
1117 1316 1279 1385 quasi
1313 1316 1387 1369 tui
1440 1331 1712 1373 memores
1749 1326 1954 1382 essent,
1986 1328 2080 1372 aut

516 1420 570 1465 te
620 1419 1057 1480 cognoscerent:
1094 1407 1353 1477 quoniam
1399 1408 1501 1462 hoc
1548 1408 1667 1477 ipso
1708 1409 1890 1478 potius
1922 1424 2079 1479 pmna

516 1501 664 1572 digni
688 1508 975 1570 apparent,
1012 1510 1241 1569 propter
1271 1514 1332 1552 ea
1379 1516 1499 1568 quae
1525 1500 1715 1554 dicunt
1745 1511 1796 1555 et
1825 1501 2031 1555 faciunt
2063 1522 2075 1556 :

514 1593 629 1647 hac
671 1592 816 1645 enim
869 1591 1103 1644 maxime
1150 1592 1521 1644 necessarium
1574 1591 1707 1659 ipsis
1755 1591 2078 1661 supplicium

514 1684 788 1749 all'erunt;
820 1682 1062 1751 quinimo
1091 1681 1256 1734 etiam
1284 1682 1823 1737 consummationem.

2183 497 2303 551 ἀντὶ
2333 496 2425 550 τοῦ
2457 498 2729 550 Ἔσονται.
2750 497 2803 548 Ἀ
2815 497 2911 565 ράν
2938 494 2995 547 δὲ
3022 496 3113 547 καὶ
3130 493 3322 563 ψεῦδος
3345 494 3498 548 καλεῖ
3525 494 3592 548 τά
3618 498 3748 567 παρ’

2182 589 2403 641 ἐκείνων
2435 587 2733 657 γιγνόμενα
2753 627 2769 651 ,
2799 586 2875 649 ὡς
2910 586 3137 655 ψεύδους
3178 585 3351 655 μεστά
3377 584 3471 639 καὶ
3503 588 3747 659 κατάρας

2183 678 2327 743 ἀξια.
2390 679 2523 732 Ἀπὸ
2576 679 2753 732 τοίνυν
2801 677 3025 742 τούτων,
3058 679 3243 746 φησὶν,
3276 671 3350 730 ὧν
3389 678 3743 748 πράττουσιν,

2181 772 2288 824 ἀπὸ
2336 771 2539 825 τούτων
2578 770 3122 842 συντελεσθήσονται,
3165 772 3256 824 καὶ
3302 770 3698 824 ἀποθανοῦνται
3726 787 3741 802 ·

2181 862 2354 916 ταῦτα
2389 863 2497 933 γὰρ
2539 863 2719 923 αὐτοῖς
2756 863 2855 933 τῆς
2891 862 3201 925 συντελείας
3231 862 3383 915 ἔσται
3411 862 3505 915 καὶ
3528 862 3621 915 τοῦ
3646 862 3744 915 θα-

2182 956 2340 1009 νάτου
2375 956 2441 1009 τά
2469 956 2636 1009 αίτια.
2667 958 2742 1008 Δι’
2771 957 2891 1010 ὅλου
2925 957 2982 1010 δὲ
3014 958 3193 1029 ἐαυτῷ
3223 958 3608 1029 ἠκολούθησεν,
3637 959 3746 1012 ἀπὸ

2182 1045 2275 1097 τοῦ
2308 1046 2511 1117 τρόπου
2554 1047 2795 1115 μείζονος
2824 1048 3022 1111 αὐτοὺς
3054 1049 3325 1120 τιμωρίας
3361 1048 3544 1111 ἀξίους
3574 1048 3744 1112 δεῖξαι

2185 1135 2523 1207 βουλόμενος.
2563 1138 2718 1191 Οῦτω
2761 1140 2869 1209 γάρ
2904 1156 3069 1208 φησιν
3090 1153 3104 1167 ⁸
3156 1140 3269 1192 Οὐκ
3304 1139 3511 1192 ἔνεστιν
3545 1141 3746 1204 αὐτοὺς

2183 1227 2438 1299 κερδᾶναι
2479 1229 2577 1299 τὴν
2620 1229 2769 1300 παρά
2800 1229 2893 1282 σοῦ
2938 1232 3227 1301 τιμωρίαν,
3262 1231 3338 1294 ὡς
3365 1232 3745 1302 μεμνημένους

2184 1338 2299 1384 σου,
2327 1321 2361 1392 ἢ
2393 1322 2597 1384 εἰδότας
2619 1339 2678 1375 σε
2700 1340 2712 1352 ·
2738 1324 2821 1375 ὅτι
2845 1323 2889 1375 δ’
2911 1324 3041 1376 αὐτὸ
3068 1324 3221 1376 τοῦτο
3243 1325 3439 1395 μᾶλλον
3467 1325 3605 1390 ἄξιοι
3627 1325 3745 1394 φαί-

2184 1430 2359 1468 νονται
2409 1414 2709 1485 τιμωρίας,
2745 1415 2836 1484 ἀφ’
2880 1408 2955 1470 ὧν
2997 1415 3213 1485 λέγουσι
3259 1435 3317 1470 τε
3366 1418 3458 1470 καὶ
3494 1417 3738 1471 ποιοῦσι·

2180 1504 2354 1557 ταῦτα
2404 1505 2510 1576 γάρ
2563 1506 2796 1575 μάλιστα
2844 1508 3148 1575 ἀναγκαίαν
3185 1509 3365 1573 αὐτοῖς
3408 1511 3603 1579 ἐπάγει
3644 1510 3743 1581 τὴν

2180 1597 2449 1667 τιμωρίαν
2472 1613 2485 1627 ·
2521 1596 2601 1649 ἔτι
2634 1598 2691 1651 δὲ
2721 1600 2815 1651 καὶ
2847 1601 2945 1659 τὴν
2986 1601 3318 1654 συντέλειαν.
3739 1584 3771 1601 ’

589 1775 755 1829 Vnns.
790 1774 877 1828 l4.
898 1804 962 1815 -—-
986 1772 1052 1826 Et
1081 1774 1339 1843 quoniam
1368 1788 1511 1843 sazpe
1542 1774 1701 1828 nobis
1726 1775 2079 1844 exprobrant,

2254 1776 2404 1846 Στίχ.
2437 1776 2515 1830 ιδ’.
2549 1808 2614 1820 —-
2644 1779 2753 1831 Καὶ
2782 1778 2969 1850 ἐπειδὴ
3012 1779 3266 1843 πολλάκις
3301 1782 3433 1850 ἡμῖν
3457 1780 3742 1844 ὀνειδίζου-

504 1871 662 1943 ιιιιιοό
698 1868 1019 1939 praefectura
1058 1876 1150 1921 tua
1201 1866 1423 1919 minime
1466 1866 1614 1935 digni
1662 1866 1831 1921 habiti
1880 1867 2077 1929 simus,

512 1972 568 2018 et
602 1963 806 2017 idcirco
835 1959 1068 2014 maxime
1090 1957 1406 2013 indecenter
1428 1958 1694 2013 adversus
1734 1974 1834 2012 nos
1867 1958 2082 2013 insidiis

515 2056 599 2110 usi
637 2061 804 2119 sunt;
830 2067 897 2108 ex
946 2051 1214 2121 supplicio
1242 2051 1361 2120 ipso
1400 2059 1750 2121 cognoscent,
1796 2050 1941 2120 quod
1972 2066 2081 2104 non

506 2148 694 2203 solum
747 2153 950 2207 noster,
1007 2143 1100 2197 sed
1153 2144 1423 2198 universa:
1463 2158 1680 2212 quoque
1727 2150 1885 2198 terra:
1916 2142 2081 2199 herus

515 2239 591 2294 sis
624 2252 687 2292 ac
716 2235 978 2291 Dominus
1004 2254 1016 2288 :
1055 2244 1279 2304 propter
1310 2235 1412 2289 hoc
1440 2234 1657 2288 vindica
1694 2249 1795 2288 nos
1817 2243 2080 2304 quantum

512 2330 779 2395 volneris,
822 2344 917 2385 eos
946 2328 1037 2399 qui
1073 2328 1328 2398 injuriam
1361 2328 1520 2383 nobis
1546 2325 1755 2381 faciunt
1784 2325 2078 2395 puniendo.

508 2422 797 2495 Expressit
820 2428 1001 2475 autem
1033 2428 1205 2473 totum
1238 2429 1640 2489 consequenter
1669 2418 1734 2473 ad
1762 2419 1866 2474 ista
1889 2418 2077 2482 verba,

517 2514 602 2570 Ne
636 2512 847 2568 occidas
898 2528 985 2565 eos
1013 2527 1032 2565 .'
1065 2509 1260 2564 deinde
1307 2524 1371 2563 ex
1424 2508 1801 2580 superioribus
1850 2508 2082 2564 resumit

515 2613 709 2661 contra
749 2604 871 2658 illos
903 2601 1356 2663 exsecrationem,
1397 2611 1448 2655 et
1483 2601 1601 2656 ait:

587 2695 754 2751 Vens.
789 2693 877 2749 15.
902 2690 1048 2746 -ιιι
1080 2692 1228 2763 quod
1254 2692 1506 2762 superius
1538 2692 1674 2761 ipsis
1700 2691 2082 2763 exprobrando

515 2788 750 2851 dixerat,
785 2786 888 2839 hoc
915 2785 1078 2838 etiam
1124 2783 1214 2836 hic
1256 2782 1584 2838 resnmendo
1611 2783 1764 2845 dicit,
1795 2790 2081 2853 postquam

514 2881 663 2949 ipsos
688 2875 962 2947 supplicio
989 2874 1183 2945 dignos
1206 2889 1328 2928 esse
1355 2874 1845 2928 demonstraverat.
1872 2872 2080 2943 Itaque,

517 2970 718 3039 inquit,
749 2966 1006 3036 quoniam
1059 2966 1283 3020 minime
1318 2962 1455 3019 licet
1502 2965 1635 3034 ipsis
1672 2980 1919 3034 parcere,
1954 2974 2080 3020 tan-

514 3076 679 3130 quam
717 3072 863 3113 nunc
896 3057 1116 3127 quidem
1169 3066 1220 3110 te
1261 3056 1603 3121 curantibus,
1638 3056 1755 3113 sed.
1791 3056 1836 3112 si
1879 3057 2080 3111 mortui

516 3151 745 3213 fuerint,
790 3149 1053 3204 oblivioni
1093 3156 1147 3203 te
1191 3148 1510 3212 tradituris;
1562 3164 1591 3200 e
1641 3155 1834 3201 contra
1875 3148 2080 3217 utique,

516 3255 639 3296 cum
675 3239 873 3309 ingrati
908 3239 1040 3301 sint,
1073 3254 1137 3291 ex
1169 3237 1438 3307 supplicio
1470 3235 1710 3291 debitum
1743 3246 2037 3306 agnoscent
2065 3252 2078 3287 :

514 3330 878 3402 iustissimam
906 3329 1072 3397 igitur
1098 3343 1315 3397 pmnani
1348 3327 1599 3391 subeant,
1622 3336 1675 3381 et
1698 3327 1963 3397 supplicio
1989 3336 2082 3380 tuo

517 3422 731 3492 rejecti,
775 3419 986 3474 ululent
1022 3420 1197 3473 instar
1260 3431 1457 3471 canum
1493 3417 1680 3499 ‘noctis
1710 3424 1958 3486 tempore
1989 3431 2083 3485 per

517 3514 791 3569 civitatem
822 3510 1365 3581 circumvaganlium.

1029 3596 1352 3654 PSALMUS
1404 3596 1545 3651 LIX.

589 3691 757 3748 Vens.
805 3693 857 3747 5.
910 3719 980 3732 --
1005 3690 1269 3746 Caeterum
1305 3690 1350 3745 si
1382 3690 1547 3744 etiam
1582 3689 1697 3743 haec
1726 3692 1846 3759 ‘patl
1877 3688 2081 3759 permi-

518 3787 663 3851 sisti,
712 3785 1135 3856 haudquaquam
1169 3792 1317 3839 certe
1361 3784 1517 3837 malis
1558 3782 1835 3837 immorari
1881 3780 2082 3851 permi-

519 3878 664 3939 sisti,
692 3877 1160 3947 promptissimam
1195 3874 1354 3930 nobis
1381 3874 1725 3929 clementiam
1756 3882 1903 3927 tuam
1931 3871 2083 3927 exhi-

517 3969 675 4024 bens.

591 4058 755 4114 Vens.
818 4059 872 4112 4.
908 4089 978 4101 -σ-
1018 4057 1121 4123 Qui
1183 4058 1348 4112 rebus
1400 4054 1779 4110 materialibus
1836 4053 2080 4110 adhtere-

517 4157 703 4217 scunt,
750 4154 805 4202 et
849 4153 1065 4202 terrena
1105 4147 1344 4215 sapiunt.
1397 4160 1521 4199 cum
1566 4144 1675 4198 illis
1715 4144 2078 4209 delectentur,

514 4256 584 4297 eo
617 4240 764 4312 quod
795 4241 863 4295 iis
903 4238 1234 4299 adiciantur,
1266 4238 1581 4292 existimant
1633 4253 1692 4291 se
1727 4237 2081 4292 stabilitatem

516 4339 572 4387 et
621 4329 1159 4401 imperturbationem
1209 4327 1456 4381 obtinere
1491 4346 1503 4380 :
1537 4341 1725 4379 verum
1770 4327 2081 4382 istiusmodi

2185 1880 2288 1928 σιν,
2325 1865 2401 1927 ὡς
2452 1866 2552 1935 τῆς
2599 1867 2752 1938 παρά
2803 1868 2895 1920 σοῦ
2942 1869 3271 1939 προστασίας
3310 1870 3405 1922 οὐκ
3443 1869 3742 1934 ἀξιωθεῖσι,

2181 1957 2276 2008 καὶ
2319 1955 2408 2008 διά
2436 1956 2593 2009 τοῦτο
2639 1959 2875 2028 μάλιστα
2907 1959 3220 2031 ἀδεέστερον
3262 1964 3381 2023 ταῖς
3411 1960 3534 2014 καθ’
3585 1961 3747 2031 ημᾶθ

2180 2047 2488 2113 ἐπιϐουλαῖς
2527 2049 2764 2120 ἐχρῶντο
2791 2068 2802 2079 ·
2848 2050 2934 2104 διά
2976 2052 3074 2122 τῆς
3118 2051 3383 2123 τιμωρίας
3410 2052 3741 2120 γνώσονται.

2179 2138 2260 2191 ὅτι
2296 2139 2560 2211 δεσπότης
2588 2159 2646 2194 τε
2701 2142 2795 2194 καὶ
2823 2141 3021 2214 Κύριος
3072 2143 3169 2213 οὐχ
3200 2143 3355 2214 ἡμῶν
3398 2143 3576 2213 μόνον,
3605 2144 3743 2199 ἀλλὰ

2181 2231 2290 2302 γὰρ
2318 2232 2414 2286 καὶ
2453 2232 2634 2304 πάσης
2661 2235 2759 2303 τῆς
2790 2238 2892 2303 γῆς
2922 2250 2937 2266 ο
2968 2234 3057 2287 διά
3088 2234 3246 2287 τοῦτο
3272 2237 3401 2305 ἡμῖν
3445 2236 3739 2306 ἐπάμυνον,

2180 2326 2306 2388 τοὺς
2343 2325 2664 2391 ἀδικοῦντας
2697 2326 3106 2399 τιμωρούμενος
3154 2327 3255 2380 ὅσα
3303 2328 3530 2391 ἐθέλεις.
3584 2326 3743 2380 Ἀπέ-

2180 2414 2319 2469 δωκε
2349 2417 2404 2470 δὲ
2428 2418 2486 2470 τὸ
2519 2420 2625 2471 πᾶν
2647 2418 2788 2471 κατά
2815 2419 3151 2481 ἀκολουθίαν,
3181 2418 3241 2471 τὸ
3267 2419 3361 2487 Μὴ
3384 2420 3744 2488 ἀποκτείνῃς

2181 2506 2433 2571 αὐτούς·
2465 2504 2583 2561 εἶτα
2626 2507 2994 2578 ἀναλαμϐάνει
3031 2507 3235 2562 ἀνωθεν
3275 2509 3375 2580 τὴν
3415 2512 3533 2562 κατ’
3565 2509 3743 2565 αὐτῶν

2182 2598 2445 2669 κατάραν,
2478 2599 2571 2653 καί
2602 2618 2787 2671 φησιν·

2252 2690 2403 2760 Στίχ.
2436 2688 2590 2744 ιε⁹.-
2617 2691 2794 2760 Ὅπερ
2818 2691 2929 2745 ἄνω
2956 2686 3107 2745 εἶπεν
3137 2694 3490 2764 ἐπαρώμενος
3518 2694 3701 2758 αὐτοῖς
3721 2733 3737 2759 ,

2180 2778 2337 2833 τοῦτο
2367 2778 2647 2833 κάνταῦθα
2670 2779 3065 2851 ἀναλαμϐάνων
3093 2780 3242 2849 λέγει
3264 2822 3279 2847 ,
3320 2782 3457 2853 μετὰ
3480 2782 3542 2836 τὺ
3568 2783 3740 2847 δεῖξαι

2181 2871 2377 2933 αὐτοὺς
2405 2871 2588 2937 ἀξίους
2630 2871 2790 2934 όντας
2815 2870 2916 2942 τῆς
2956 2874 3242 2944 τιμωρίας.
3293 2873 3522 2938 Οὐκοῦν,
3556 2877 3741 2945 φησὶν,

2181 2962 2365 3034 ἐπειδὴ
2396 2963 2490 3016 καὶ¹
2524 2963 2810 3032 φείσασθαι
2833 2963 3013 3016 αὐτῶν
3033 2964 3148 3034 οὐχ’
3181 2959 3292 3019 οἷόν
3314 2982 3395 3028 τε,
3418 2966 3493 3029 ὡς
3513 2966 3609 3019 νῦν
3640 2966 3743 3036 μέν

2185 3071 2277 3107 σου
2309 3055 2719 3126 φροντιζόντων,
2747 3057 3153 3129 ἐπιλησομὲνων
3184 3058 3241 3111 δὲ
3278 3060 3327 3111 εί
3377 3058 3701 3114 ἀποθάνοιεν
3720 3076 3734 3086 ’

2182 3148 2487 3201 τούναντίον
2503 3148 2566 3219 δὴ
2587 3148 2898 3220 ἀγνώμονες
2926 3150 3099 3215 ὄντες,
3130 3150 3238 3204 ἀπὸ
3268 3151 3366 3221 τῆς
3388 3151 3654 3223 τιμωρίας
3683 3151 3743 3205 τὸ

2182 3239 2298 3292 δέον
2327 3239 2716 3307 ἑπιγνώσονται
2743 3257 2756 3270 ’
2807 3242 3168 3313 δικαιωτάτην
3195 3237 3287 3296 οῦν
3315 3243 3581 3313 τιμωρίαν
3607 3244 3741 3297 ὑπο·

2185 3332 2544 3403 μεινάτωσαν,
2579 3333 2672 3386 καὶ
2704 3336 2770 3403 τῇ
2809 3333 2962 3406 παρά
3006 3333 3097 3387 σοῦ
3140 3335 3378 3405 τιμωρίᾳ
3414 3334 3698 3405 βληθέντες
3724 3376 3739 3395 ,

2181 3423 2575 3487 όλολυζέτωσαν
2596 3426 2749 3499 δίκην
2768 3427 2875 3479 τῶν
2906 3427 3043 3481 κατά
3064 3427 3162 3498 τὴν
3180 3428 3332 3481 πόλιν
3355 3428 3741 3498 ἐκπεριιόντων

2183 3516 2361 3570 κυνῶν
2388 3520 2445 3570 ἐν
2478 3518 2555 3589 τῷ
2583 3512 2903 3589 τῆςνυκτὺς
2936 3519 3133 3589 καιρῷ.

2752 3608 3043 3665 ΨΑΛΜΟΣ
3081 3612 3207 3664 NG’.

2252 3699 2402 3769 Στεχ,
2428 3705 2493 3767 γ’.
2537 3730 2603 3740 --
2645 3699 2784 3754 Ἀλλ’
2816 3702 2864 3753 εἰ
2896 3699 3183 3753 καὶταῦτα
3217 3699 3407 3754 παθεῖν
3437 3700 3742 3773 συνεχώρη-

2184 3806 2317 3855 σας,
2366 3790 2427 3842 οὐ
2470 3792 2575 3860 μὴν
2620 3792 2897 3860 ἐναφῆκας
2933 3794 3046 3855 τοῖς
3093 3795 3300 3856 κακοῖς,
3345 3792 3608 3864 ὀξυτάτην
3643 3795 3744 3864 τὴν

2182 3884 2333 3954 παρά
2368 3882 2459 3935 σοῦ
2494 3883 2901 3955 φιλανθρωπίαν
2932 3887 3060 3955 ἡμῖν
3089 3886 3479 3956 παρεχόμενος.

2255 4059 2399 4128 Στίχ.
2433 4058 2493 4112 δ’.
2528 4087 2591 4097 --
2618 4060 2681 4111 Ol.
2714 4059 3149 4130 προσπαθοῦντες
3175 4064 3287 4125 τοῖς
3307 4062 3529 4129 ὑλικοῖς,
3561 4065 3654 4117 καὶ
3675 4068 3747 4120 τά

2185 4152 2398 4219 ἐπίγεια
2427 4151 2776 4221 φρονοῦντες,
2810 4153 3134 4222 τερπόμενοι
3167 4156 3254 4207 ἐπ’
3280 4157 3463 4219 αὐτοῖς
3488 4197 3503 4222 ,
3539 4156 3616 4228 τῷ
3646 4158 3747 4227 ἐμ-

2183 4241 2374 4305 παθεῖς
2391 4237 2548 4303 εἶναι,
2570 4243 2771 4297 οἴονται
2797 4245 3117 4300 εὐστάθειαν
3146 4248 3237 4300 καὶ
3261 4247 3559 4318 ἀταραξίαν
3580 4251 3742 4319 ἐχειν·

2185 4327 2387 4405 βλάϐην
2418 4334 2473 4387 δὲ
2503 4338 2536 4406 ἡ
2564 4335 2782 4406 τοιαύτη
2814 4337 3145 4401 κατάστασις
3174 4339 3328 4409 φέρει
3348 4355 3362 4369 ’
3402 4340 3525 4393 ὃθεν
3555 4344 3746 4412 χρήσι-

516 4430 697 4475 status
743 4420 853 4474 illis
888 4418 1273 4473 detrimentum
1305 4415 1498 4482 alien;
1546 4414 1690 4475 tunde
1720 4415 1850 4469 utile
1881 4424 1984 4478 est.
2021 4422 2079 4470 ut

2187 4443 2305 4497 μον,
2342 4426 2475 4498 ἐλέῳ
2520 4428 2652 4481 Θεοῦ
2686 4429 3030 4499 συσεισθῆναι
3074 4429 3243 4501 αὐτὴν
3272 4432 3365 4483 καὶ
3410 4432 3747 4504 ταραχθῆναι

515 4523 614 4580 per
641 4509 1075 4566 misericordiam
1112 4507 1204 4563 Dei
1245 4507 1593 4562 concutiatur
1627 4521 1691 4560 ac
1722 4506 2079 4561 conturbetur

516 4603 732 4658 ratione
770 4604 1126 4674 paenitentiae.
1157 4601 1349 4655 Sciens
1373 4601 1516 4653 enim
1553 4614 1715 4669 qnam
1750 4599 1974 4654 noxium
2007 4599 2079 4653 sit

515 4692 684 4747 rebus
729 4690 1106 4746 materialibus
1163 4690 1448 4753 inhaerere,
1499 4696 1553 4742 et
1591 4689 1791 4743 terreni
1838 4688 2076 4753 hominis

515 4785 809 4855 imaginem
857 4797 1081 4851 sapere,
1129 4780 1491 4835 turbationem
1550 4789 1604 4833 et
1662 4780 2078 4833 commotionem

512 4879 772 4951 patiatur,
804 4892 834 4930 a
881 4875 1051 4945 priori
1086 4888 1249 4949 prava
1279 4874 1388 4927 vita
1438 4873 1503 4927 ad
1542 4873 1766 4943 probam
1802 4887 1865 4925 ac
1905 4872 2079 4926 beati.

512 4968 724 5024 tudinis
767 4968 979 5037 plenam
1014 4964 1317 5024 translata;
1350 4964 1585 5017 contrita
1620 4978 1829 5031 nempe,
1868 4971 1923 5016 et
1953 4978 2080 5016 sen-

513 5076 633 5115 sum
676 5058 982 5129 percipiens
1029 5054 1419 5109 contritionum
1468 5072 1532 5109 ex
1571 5054 1936 5109 invisibilibus
1980 5054 2080 5107 ho-

512 5151 691 5205 stibus
726 5146 1132 5207 exsistentium,
1181 5144 1456 5197 invocabit
1489 5144 1674 5209 utique
1703 5157 1828 5197 eum
1868 5143 1959 5212 qui
1992 5141 2079 5196 di-

513 5243 607 5305 cit,
676 5241 787 5312 Ego
846 5256 965 5295 sum
1030 5237 1292 5291 Dominus
1335 5252 1538 5291 sanans
1588 5248 1640 5291 te
1688 5254 1701 5290 :
1755 5250 1881 5288 cum
1932 5236 2077 5289 enim

513 5334 758 5388 medicus
795 5333 887 5399 sit,
923 5330 1139 5387 sanabit
1178 5343 1318 5382 eam.
1356 5328 1623 5382 Caeterum
1663 5328 1830 5396 possit
1861 5341 2080 5397 quoque

514 5435 677 5480 terra:
715 5424 884 5477 motio
916 5423 1097 5477 induci
1144 5422 1212 5476 iis
1242 5422 1335 5494 qui
1368 5421 1420 5474 in
1467 5435 1529 5475 ea
1564 5428 1710 5479 sunt,
1744 5418 2079 5476 decurionibus

514 5516 799 5571 translatis
837 5516 902 5569 ad
932 5515 1154 5569 oracula
1182 5515 1366 5569 divina
1401 5512 1768 5581 suscipienda.

610 5604 1285 5674 Imm—Quandoquidem
1312 5620 1498 5660 eorum
1522 5603 1835 5659 affectiones
1865 5619 2079 5660 assum-

516 5704 699 5769 pserat
736 5712 900 5769 super
922 5706 1147 5764 terram,
1178 5697 1397 5769 prepria
1435 5710 1568 5754 usus
1603 5705 1686 5753 est
1730 5695 1979 5767 sequela;
2025 5703 2080 5751 et

2187 4517 2548 4589 μεταμελείας
2593 4521 2798 4591 τρόπῳ.
2857 4521 2895 4573 Γ
2899 4520 3063 4574 νοῦσα
3108 4522 3215 4595 γὰρ
3246 4523 3317 4587 ὡς
3370 4524 3659 4590 ἐπιϐλαϐὲς
3686 4528 3751 4579 τὸ

2185 4608 2388 4673 ὑλικοῖς
2413 4609 2710 4680 ἐνέχεσθαι,
2742 4613 2833 4665 καὶ
2862 4616 3077 4683 φρονεῖν
3096 4615 3194 4685 τὴν
3218 4615 3311 4668 τοῦ
3336 4617 3517 4687 χοϊκοῦ
3543 4620 3746 4682 εἰκόνα,

2183 4699 2418 4770 τάραχον
2471 4701 2563 4753 καὶ
2618 4703 2941 4773 συσσεισμὺν
2993 4705 3167 4775 σχοίη,
3232 4708 3632 4779 μετατιθεμένη
3682 4712 3747 4763 ἐκ

2186 4788 2448 4860 προτέρου
2478 4793 2678 4860 φαύλου
2712 4792 2827 4861 βίου
2849 4794 2941 4846 ἐπὶ
2970 4796 3253 4851 σπουδαῖον
3282 4799 3376 4851 καὶ
3407 4800 3748 4872 μακαριότη-

2184 4897 2273 4943 τος
2303 4881 2479 4951 πλήρη
2506 4897 2520 4910 ⁸
2558 4882 2748 4951 ἀμέλει
2778 4883 2905 4951 γοῦν
2932 4924 2947 4948 ,
2982 4888 3327 4956 συντριϐεῖσα
3372 4889 3624 4959 αῖσθησιν
3655 4891 3747 4943 λα-

2185 4969 2353 5024 ϐοῦσα
2385 4970 2494 5025 τῶν
2527 4972 2883 5045 ὑπαρξάντων
2923 4978 3339 5048 συντριμμάτων
3367 4982 3430 5032 ἐκ
3458 4980 3566 5034 τῶν
3592 4983 3753 5053 ἀορά-

2184 5077 2291 5114 των
2320 5063 2616 5129 πολεμίων,
2660 5068 3033 5136 παρακαλέσει
3062 5069 3150 5122 τὸν
3187 5068 3445 5137 λέγοντα,
3485 5071 3595 5141 ἐγώ
3634 5077 3747 5143 εἰμι

2186 5148 2387 5219 Κύριος
2416 5153 2444 5204 ὁ
2480 5152 2705 5224 ἰώμενός
2734 5172 2791 5208 σε
2814 5173 2825 5184 ·
2866 5160 3047 5228 ἰατρὸς
3071 5161 3177 5230 γάρ
3206 5161 3486 5231 ὑπάρχων,
3540 5165 3750 5219 ἰάσεται

2185 5243 2375 5314 αὐτήν.
2403 5245 2637 5298 Δυνατδν
2662 5247 2719 5299 δὲ
2747 5248 2842 5302 καὶ
2869 5250 3027 5302 σάλον
3055 5250 3356 5321 ἐπαχθῆναι
3386 5255 3451 5325 τῇ
3483 5257 3551 5325 γῇ
3590 5272 3751 5324 μετα-

2186 5335 2481 5405 τιθεμένων
2524 5337 2631 5391 τῶν
2670 5340 2757 5391 ἐπ’
2794 5341 2964 5411 αὐτῆς
3006 5342 3273 5412 δαιμόνων
3310 5344 3404 5398 ἐπὶ
3436 5345 3747 5418 παραδοχὴν

2187 5425 2344 5480 θείων
2372 5426 2772 5499 θεσπισμάτων.

2270 5601 2483 5673 Ἐπειδὴ
2514 5603 2579 5656 τά
2603 5604 2778 5657 αὐτῶν
2809 5604 2952 5676 πάθη
2990 5607 3251 5664 ἀνέλαϐεν
3270 5611 3361 5664 ἐπὶ
3384 5611 3484 5681 τῆς
3512 5612 3649 5683 γῆς,
3679 5614 3748 5683 τῇ

2186 5694 2358 5764 οἰκείᾳ
2403 5696 2669 5766 ἐχρήσατο
2718 5696 3041 5779 άκῼιουθίᾳ·
3088 5702 3183 5756 καὶ
3228 5701 3317 5757 διὰ
3356 5702 3512 5759 τοῦτο
3548 5703 3753 5761 ὡσανεὶ
