4096 6234
342 329 453 381 685

1546 317 1633 371 EX
1645 315 1913 372 POSITIO
1949 314 2015 368 IN
2059 313 2401 370 PSALMOS.

3476 300 3589 361 C86

340 440 452 490 ἀπὸ
474 436 572 506 τῆς
598 434 901 505 ὑπερϐολῆς
928 435 1020 487 τοῦ
1038 434 1261 503 σεισμοῦ
1282 433 1382 502 τῆς
1401 432 1501 501 γῆς
1532 430 1908 502 συντριϐείσης

2037 426 2219 481 dcirco
2263 427 2422 496 quasi
2478 438 2542 480 ex
2586 424 2884 496 hyperbme
2936 422 3195 477 motionis
3242 428 3404 474 terra:
3454 434 3593 474 con-

342 533 441 582 καὶ
484 528 824 598 διαλυθείσης
870 526 1010 579 οὕτω
1051 528 1220 597 φησί’
1251 525 1598 597 Θεράπευσον
1630 523 1698 576 τὰ
1729 522 1876 590 πάθη
1896 561 1909 583 ,

342 622 439 675 καὶ
463 620 713 674 διάλυσον
750 620 848 683 τὰς
880 619 1185 689 συμφοράς.

415 712 722 777 Κατάνυξιν
749 712 894 780 λέγει
914 712 973 763 τὸ
994 710 1172 780 ἐφόσῳ
1189 710 1387 781 δήποτε
1413 708 1696 780 πράγματι
1722 704 1915 759 παθεῖν

342 804 447 875 τὴν
496 804 675 874 ψυχήν
718 820 731 832 ·
767 802 939 865 οὕτως
971 802 1097 854 ὅταν
1134 801 1302 872 λέγῃ,
1344 799 1405 852 τὸ
1456 799 1914 867 διεσχίσθησαν,

341 896 445 949 καὶ
519 897 593 948 οὐ
657 896 1109 962 κατενύγησαν,
1184 893 1491 955 τουτέστιν,
1560 888 1917 957 ἀποτυχόντες

343 986 638 1051 πολλάκις,
709 986 830 1039 οὐδὲ
895 984 1065 1047 οὕτως
1128 983 1328 1036 ἔπαθον
1374 983 1473 1053 τὴν
1528 981 1735 1052 ψυχὴν,
1794 979 1917 1033 οὺδέ

342 1079 694 1148 κατέγνωσαν
755 1079 982 1130 ἑαυτῶν.
1054 1076 1308 1131 Τοιοῦτόν
1365 1076 1481 1129 ἐστι
1544 1076 1637 1128 καὶ
1690 1076 1750 1127 τὺ
1776 1116 1791 1140 ,
1857 1075 1916 1127 Ἃ

340 1172 582 1240 λέγεται
615 1170 686 1223 ἐν
724 1168 851 1234 ταῖς
890 1168 1156 1236 καρδίαις
1185 1166 1372 1236 ὑμῶν,
1413 1167 1482 1219 ἐν
1523 1165 1653 1232 ταῖς
1691 1165 1917 1230 κοίταις

342 1263 515 1333 ὑμῶν
551 1262 941 1329 κατανύγητε.
974 1259 1298 1323 Τουτέστιν,
1348 1257 1383 1312 ἃ.
1426 1256 1743 1329 βουλεύεσθε
1778 1257 1919 1311 κατά

341 1357 605 1418 διάνοιαν,
641 1355 725 1423 ἐφ’
756 1352 985 1423 ἡσυχίας
1007 1352 1179 1417 ὄντες,
1212 1353 1270 1404 ὲν
1294 1354 1359 1421 τῇ
1390 1350 1546 1422 κλίνῃ
1574 1350 1919 1420 λογισάμενοι

345 1447 664 1514 κατάγνωτε
686 1441 915 1506 ἑαυτῶν,
946 1442 1039 1495 κα)⁸
1062 1440 1473 1512 μεταμελήθητε
1498 1442 1583 1509 ἐφ’
1609 1435 1689 1503 οἷς
1707 1440 1922 1510 διεπρά-

348 1534 534 1600 ξασθε.
561 1533 717 1586 Οὕτω
744 1532 837 1585 καὶ
870 1531 962 1584 ἐπί
991 1529 1091 1600 τῆς
1120 1530 1424 1592 Σουσάννας
1457 1530 1587 1601 περὶ
1610 1529 1718 1582 τῶν
1750 1545 1920 1599 πρεσ-

349 1628 594 1697 ϐυτέρων
618 1626 804 1695 φησὶν,
839 1623 929 1677 ὅτι
951 1624 1375 1691 κατενύγησαν
1416 1620 1491 1689 τῇ
1520 1620 1733 1690 καρδίᾳ
1757 1636 1772 1648 ·
1808 1637 1923 1673 του-

353 1719 562 1784 τέστιν,
589 1717 787 1771 ἔπαθον
832 1716 919 1768 ἐπ’
953 1716 1089 1785 αὐτῇ
1117 1714 1222 1767 ὑπὸ
1252 1714 1350 1784 τῆς
1377 1712 1675 1783 ἐπιθυμίας
1706 1712 1923 1782 συνεχό-

360 1827 535 1881 μενοι.
568 1807 859 1862 Κάνταῦθα
878 1802 969 1859 οὖν
990 1805 1280 1870 κατάνυξιν
1306 1805 1461 1858 καλεῖ
1485 1805 1583 1876 τὴν
1606 1806 1923 1876 ἐπιθυμίαν,
1956 1797 1999 1852 Β

353 1901 433 1963 ὡς
463 1899 627 1964 πάθος
654 1898 1076 1970 ἐνεργαζόμενον
1107 1900 1172 1969 τῇ
1210 1898 1377 1968 ψυχῇ.
1422 1898 1508 1959 Ὠς
1535 1897 1645 1968 γὰρ
1687 1899 1927 1968 μεταμέ-

348 1989 474 2044 λεια
502 1991 594 2043 καὶ
622 1978 909 2056 καττάνυξις
932 1989 1253 2061 πράγματος
1279 1989 1447 2053 πάθος
1474 1992 1709 2059 ἐμποιεῖ,
1744 1990 1835 2043 καὶ
1854 1990 1928 2052 ὡς

353 2082 620 2154 ἐπιθυμία
662 2082 757 2134 καὶ
794 2082 933 2151 ἔρως
979 2080 1236 2151 χαλεπὸν,
1280 2080 1452 2145 οὕτως
1500 2082 1707 2153 ἀθυμία
1758 2082 1929 2144 πάθος

351 2174 731 2247 ἐνεργάζεται.
764 2175 868 2232 Τὸν
885 2175 941 2228 δὲ
961 2172 1100 2227 οἶνον
1123 2175 1213 2226 ἐπὶ
1233 2174 1333 2243 τῆς
1364 2175 1648 2245 συμφορᾶς
1674 2174 1761 2227 ἀεὶ
1781 2174 1928 2242 λέγει

351 2270 449 2324 καὶ
474 2270 574 2339 τῆς
606 2267 893 2339 τιμωρίας
914 2266 1021 2319 ἀπὸ
1044 2265 1137 2318 τοῦ
1171 2266 1261 2318 τὸν
1286 2261 1427 2318 οἶνον
1456 2265 1677 2320 πλείονα
1707 2265 1930 2319 δοθέντα

353 2361 630 2431 παράγειν
655 2362 779 2423 τοὺς
818 2358 1111 2429 λογισμοὺς
1132 2399 1145 2421 ,
1191 2361 1283 2411 καὶ
1319 2358 1682 2429 παραφέρειν,
1712 2360 1809 2412 καὶ
1828 2358 1928 2430 τὴν

284 2458 289 2463 ’
354 2451 509 2521 παρὰ
541 2449 635 2503 τοῦ
662 2449 794 2503 Θεοῦ
844 2449 1113 2519 τιμωρίαν
1148 2448 1304 2512 ἐκτὸς
1331 2448 1425 2502 τοῦ
1466 2448 1804 2514 καθεστῶτος
1836 2450 1932 2521 ἐρ-

354 2542 646 2612 γάζεσθαι.
695 2536 865 2593 Τοῦτο
912 2536 1003 2593 οὖν
1057 2555 1258 2611 φησιν·
1316 2539 1440 2595 ’Ὁτι
1493 2541 1763 2611 τιμωρίαν
1799 2543 1931 2612 ἡμῖν

356 2632 719 2704 ἐπενεχθῆναι
759 2630 1139 2704 συνεχώρησας
1166 2674 1179 2695 ,
1206 2631 1345 2685 οὕτω
1377 2633 1475 2703 μὲν
1502 2632 1758 2703 δαψιλῶς,
1787 2632 1931 2688 ὥστε

354 2728 538 2781 δοκεῖν
566 2728 646 2789 εἰς
678 2725 989 2793 ἀπόγνωσιν
1025 2723 1126 2793 τῆς
1164 2724 1435 2795 τιμωρίας
1467 2726 1714 2795 μετέχειν
1742 2741 1757 2755 ⁸
1791 2726 1933 2780 οὕτω

358 2817 415 2873 δὲ
443 2816 709 2890 χαλεπὴν,
736 2815 811 2879 ὡς
838 2815 1043 2879 πάθους
1073 2816 1167 2869 καὶ
1197 2815 1437 2885 ἀθυμίας
1478 2816 1765 2887 αὐτάρκως
1794 2819 1931 2889 πλη-

362 2909 491 2981 ροῦν
516 2907 616 2981 τὴν
656 2908 852 2978 ψυχήν.

434 3092 584 3164 Στίχ.
615 3099 689 3157 ς’.
714 3120 783 3132 --
823 3089 960 3143 Ἀλλ’
991 3090 1050 3143 ἐν
1077 3089 1225 3160 μέσῳ
1266 3090 1536 3145 τοσούτων
1561 3092 1720 3156 ὄντας
1749 3093 1933 3147 κακῶν
1961 3132 2003 3190 C

362 3186 466 3241 οὐκ
490 3185 710 3256 ἀφῆκας
739 3184 946 3248 παθεῖν,
975 3183 1161 3254 ὥσπερ
1201 3183 1257 3237 δέ
1288 3184 1499 3255 σημείῳ
1530 3185 1637 3237 τινὶ
1656 3185 1934 3254 διακρίνας

364 3279 537 3351 ἡμᾶς·
561 3278 730 3340 οὕτως
746 3278 805 3332 ἐν
827 3278 975 3347 μέσῳ
998 3276 1104 3329 τῶν
1125 3276 1309 3329 κακῶν
1327 3277 1723 3347 στρεφομένους
1747 3279 1936 3333 ἀνεπι.

364 3369 685 3431 δουλεύτους
731 3367 1069 3439 φυλαχθῆναι
1108 3366 1367 3438 ἐποίησας
1417 3366 1518 3437 τῆς
1543 3366 1651 3420 τῶν
1680 3369 1934 3423 ἐναντίων

365 3461 682 3530 ἐπιϐουλῆς.
716 3460 885 3513 Τοῦτο
911 3459 968 3513 δὲ
998 3460 1063 3511 ἐκ
1097 3459 1405 3529 μεταφορᾶς
1438 3458 1586 3527 λέγει
1612 3458 1720 3511 τῶν
1739 3461 1796 3512 ἐν
1825 3463 1936 3525 τοῖς

367 3552 627 3623 πολέμοις
676 3551 935 3614 πολλάκις
984 3550 1438 3622 ἀναμιγνυμένων
1480 3552 1592 3613 τοῖς
1633 3550 1935 3622 πολεμίοις,

365 3636 571 3699 οἵτινες
598 3635 843 3705 ἀλλήλοις
873 3633 1078 3688 διδόασι
1118 3636 1320 3704 σημεῖα
1347 3634 1442 3687 καὶ
1472 3632 1717 3704 σύμϐολα
1738 3636 1937 3690 οἰκειό-

364 3746 553 3799 τητος,
581 3728 673 3780 καὶ
700 3726 1058 3795 γινώσκουσιν
1089 3724 1350 3796 ἀλλήλους
1383 3727 1440 3779 ἐν
1466 3725 1810 3798 ἀπομιμήσει
1841 3726 1937 3781 τοῦ

370 3820 648 3889 σχήματος
675 3860 689 3883 ,
725 3816 799 3880 ὡς
832 3816 907 3887 μὴ
962 3813 1161 3887 ἀθρόαν
1200 3815 1295 3869 καὶ
1332 3814 1740 3888 ἀπροσδόκητον
1805 3818 1938 3872 ὑπο-

372 3911 544 3964 στῶσι
574 3910 675 3980 τὴν
700 3908 991 3979 τιμωρίαν·
1025 3909 1072 3960 οἱ
1100 3908 1206 3979 γὰρ
1235 3905 1393 3962 τοῦτο
1407 3906 1703 3976 ποιοῦντες,
1731 3910 1819 3964 ἀεὶ
1845 3928 1941 3982 ση-

374 4002 526 4073 μεῖόν
549 4019 602 4054 τι
629 4000 846 4063 πάντως
890 3998 1137 4071 ἀλλήλοις
1167 3999 1260 4051 καὶ
1306 3998 1553 4069 σύνθημα
1578 4000 1833 4066 διδόασιν,
1863 4003 1940 4068 ὡς

369 4094 442 4149 ἂν
472 4094 546 4167 μὴ
576 4093 685 4147 ἀπὸ
718 4092 815 4163 τῆς
851 4091 991 4144 κατὰ
1020 4090 1080 4144 τὸ
1118 4091 1301 4161 σχῆμα
1341 4091 1649 4162 κοινότητος
1682 4093 1941 4166 ἀλλήλους

370 4186 494 4241 ἀντὶ
511 4186 620 4238 τῶν
645 4183 918 4251 πολεμίων
944 4182 1171 4236 ἀνέλωσι
1192 4200 1203 4211 ·
1241 4183 1450 4254 σημείῳ
1469 4183 1525 4236 δέ
1553 4201 1657 4238 τινι
1682 4188 1943 4259 γνωρίμῳ

369 4278 737 4351 διακρίνοντες
788 4274 1081 4343 ἀλλήλους,
1143 4274 1499 4344 φυλάττονται
1548 4276 1647 4346 μὲν
1680 4276 1777 4341 τὰς
1821 4279 1940 4332 κατ’

371 4367 623 4439 ἀλλήλων
653 4364 868 4433 σφαγὰς
897 4402 911 4426 ,
948 4364 1245 4435 πράττουσι
1287 4363 1343 4416 δὲ
1382 4364 1521 4434 μετὰ
1550 4365 1730 4436 πάσης
1761 4368 1945 4433 ἀδείας

2022 520 2161 573 tritae
2202 534 2266 573 ac
2287 518 2568 573 dissolutae
2593 519 2674 573 sic
2722 519 2797 571 ait
2828 537 2840 571 :
2867 516 3083 571 Medere
3112 514 3513 575 aﬂ‘ectionilius.
3540 521 3596 568 et

2022 610 2262 665 dissolve
2296 610 2659 664 calamitates.

2094 700 2225 754 lem.
2253 730 2323 741 —-
2346 700 2833 771 Compunctionem
2872 708 3029 753 vocat
3058 699 3358 769 quamlibet
3400 698 3599 751 animae

2023 808 2149 865 erga
2197 809 2579 863 quamcunque
2616 809 2728 847 rem
2770 793 3146 854 adactionem;
3181 797 3241 843 ut
3281 805 3403 842 cuin
3435 787 3595 854 dicit,

2026 886 2284 955 Dissipati
2327 895 2469 949 sunt,
2510 902 2601 939 nec
2651 885 2950 953 compuncti
2976 883 3149 947 (Psal.
3183 896 3368 935 xxxw.
3400 882 3511 950 15),
3540 881 3596 934 id

2024 987 2130 1041 est,
2160 993 2537 1048 saepenumero
2572 980 2840 1042 frustrati,
2892 974 3200 1045 nequedum
3244 974 3426 1027 animo
3464 975 3599 1028 moti

2027 1080 2176 1133 sunt,
2231 1086 2408 1140 neque
2454 1071 2782 1140 semetipsos
2829 1078 3183 1123 accusarunt.
3238 1068 3371 1121 'I‘ale
3420 1074 3507 1121 est
3545 1072 3603 1120 et

2027 1162 2185 1225 illud,
2235 1162 2363 1227 Qua:
2395 1160 2573 1214 dicitis
2623 1162 2676 1214 in
2708 1160 2954 1214 cordibus
2996 1160 3200 1223 vestris,
3238 1160 3293 1212 in
3338 1156 3599 1211 cubilibus

2026 1256 2213 1309 vestris
2265 1254 2677 1325 compungimini
2720 1253 2894 1322 (Psal.
2950 1269 3023 1317 iv,
3072 1253 3149 1322 5).
3194 1253 3251 1306 Id
3309 1259 3415 1317 est,
3469 1250 3602 1317 Qum

2026 1357 2207 1404 mente
2241 1349 2480 1409 volvitis,
2513 1352 2569 1402 in
2596 1350 2780 1418 quiete
2814 1348 3121 1410 constituti,
3170 1348 3223 1401 iu
3268 1347 3466 1401 lectulo
3512 1360 3604 1399 ra-

2026 1443 2232 1497 tionem
2285 1443 2536 1496 incuntes
2561 1441 2932 1509 vosmetipsos
2972 1440 3357 1502 condemnate,
3390 1447 3445 1493 et
3481 1451 3603 1507 po:—

2029 1534 2320 1587 nitentiain
2357 1534 2501 1603 agite
2530 1547 2632 1601 pro
2673 1533 3006 1586 commissus.
3051 1530 3143 1585 Sic
3186 1531 3351 1585 etiam
3399 1531 3465 1585 ad
3500 1528 3604 1584 Su-
3654 1586 3657 1587 ν

2031 1640 2259 1678 sannam
2286 1625 2352 1677 de
2386 1625 2697 1679 senioribus
2729 1625 2823 1687 ait,
2859 1624 3123 1688 Quoniam
3154 1624 3452 1691 compuncti
3478 1633 3605 1677 sunt

2031 1719 2187 1771 corde
2220 1715 2380 1787 (Dan.
2422 1732 2535 1779 xm,
2580 1717 2706 1781 56);
2742 1717 2792 1770 id
2848 1725 2951 1780 est,
2985 1716 3163 1771 aﬂecti
3207 1716 3426 1771 fuerunt
3473 1730 3606 1785 erga

2030 1811 2178 1864 illam
2241 1825 2269 1862 a
2324 1809 2774 1878 concupiscentia
2822 1806 3046 1863 detenti.
3105 1807 3218 1863 Hoc
3268 1809 3389 1863 loco
3439 1807 3608 1878 igitur

2030 1899 2504 1968 compunctionein
2538 1905 2697 1949 vocat
2736 1899 3260 1966 concupiscentiam,
3301 1906 3362 1952 ut
3397 1914 3518 1968 quae
3549 1899 3605 1952 in

2030 1991 2209 2043 anima
2257 1989 2457 2043 excitet
2512 1987 2875 2043 aﬂ‘ectionem.
2930 1988 3399 2055 Quemadmodum
3457 1994 3604 2045 enim

2032 2081 2351 2150 paenitentia
2386 2089 2441 2135 et
2476 2080 2825 2148 compnnctio
2870 2082 2949 2135 rei
2995 2080 3248 2135 affectum
3300 2082 3518 2145 inserit,
3548 2091 3605 2137 et

2031 2174 2173 2227 sicut
2207 2172 2652 2242 concupiscentia
2684 2179 2738 2225 et
2765 2187 2918 2225 amor
2943 2173 3265 2235 molestiam,
3313 2174 3392 2226 sic
3435 2173 3603 2227 animi

2032 2265 2264 2333 dejectio
2321 2264 2633 2334 passionem
2681 2265 2898 2335 ingerit.
2942 2263 3111 2318 Porro
3154 2263 3337 2318 vinum
3388 2279 3607 2332 semper

2031 2357 2099 2411 de
2150 2356 2465 2410 calamitate
2512 2365 2565 2410 et
2610 2355 2883 2426 supplicio
2917 2354 3086 2419 dicit;
3139 2369 3205 2408 co
3248 2354 3393 2423 quod
3423 2353 3609 2408 vinum

2032 2447 2312 2517 copiosius
2350 2444 2539 2500 datum
2582 2445 2941 2516 cogitationes
2986 2443 3304 2506 transferat,
3337 2453 3392 2498 et
3426 2452 3612 2500 trans-

2032 2548 2230 2607 vertat,
2286 2550 2342 2594 et
2378 2539 2707 2609 supplicium
2742 2555 2771 2591 a
2823 2536 2932 2592 Deo
2987 2537 3196 2591 illatum
3246 2553 3276 2590 a
3326 2553 3428 2593 suo
3462 2546 3611 2593 statu

2032 2640 2269 2688 mentem
2296 2630 2588 2687 dimoveat.
2630 2628 2745 2684 Hoc
2782 2629 2963 2700 itaque
2996 2630 3130 2685 dicit
3162 2651 3174 2684 :
3209 2630 3478 2697 Quoniam
3510 2646 3612 2685 no-

2033 2726 2119 2781 bis
2174 2724 2504 2797 supplicium
2575 2721 2805 2797 irrogari
2861 2723 3198 2793 permisisti,
3261 2722 3426 2793 idque
3476 2722 3614 2779 adeo

2034 2794 2298 2881 ubertim;
2340 2825 2400 2871 ut
2439 2831 2550 2886 pra:
2584 2830 2744 2886 paena
2767 2794 2844 2871 °in
2878 2814 3311 2884 desperationem
3354 2814 3614 2871 inducere

1916 2950 1933 2967 .
2033 2910 2338 2975 videreris;
2376 2908 2514 2964 adeo
2542 2919 2724 2963 autem
2751 2922 2935 2978 grave,
2966 2915 3026 2961 ut
3058 2909 3314 2977 passione
3342 2916 3396 2963 et
3433 2907 3613 2978 pusil-

2035 3002 2340 3057 lanimitale
2365 3001 2603 3055 animam
2643 2998 2987 3055 abundanter
3014 2998 3282 3069 impleret.

2106 3095 2272 3151 Vens.
2324 3094 2377 3152 6.
2409 3123 2479 3135 —
2503 3093 2772 3149 Caeterum
2808 3093 2864 3147 in
2896 3092 3077 3147 medio
3120 3101 3392 3146 tantorum
3442 3107 3612 3146 maio-

2041 3204 2161 3245 rum
2199 3188 2529 3243 exsistentes
2560 3200 2670 3240 non
2704 3184 3002 3255 permisisti
3046 3184 3187 3243 lzedi,
3225 3185 3318 3240 sed
3348 3193 3610 3255 tanquam

2043 3283 2201 3353 signo
2232 3280 2473 3351 quodam
2515 3294 2615 3335 nos
2649 3278 3027 3348 distinguens;
3073 3277 3153 3333 sic.
3197 3277 3252 3330 in
3287 3277 3468 3332 medio
3497 3293 3615 3331 ma-

2045 3375 2221 3429 lorum
2264 3380 2571 3433 versantes,
2606 3371 2673 3425 ab
2720 3369 2938 3425 insidiis
2981 3369 3419 3425 adversariorum
3466 3377 3617 3425 tutos

2044 3464 2311 3522 custodiri
2357 3463 2556 3519 fecisti.
2608 3461 2722 3517 Hoc
2770 3469 2949 3517 autem
2996 3462 3129 3516 dicit
3191 3476 3260 3517 ex
3300 3460 3616 3531 metaphora

2044 3574 2256 3623 eorum,
2301 3556 2394 3628 qui
2431 3556 2484 3611 in
2531 3555 2690 3610 bellis
2724 3569 3101 3625 saepenumero
3134 3553 3383 3610 hostibus
3414 3554 3618 3623 permi-

2046 3648 2137 3711 sti,
2174 3647 2277 3703 sibi
2310 3654 2501 3700 mutuo
2537 3645 2691 3716 signa
2725 3644 2971 3715 quaedam
3001 3659 3065 3699 ac
3105 3644 3351 3716 symbola
3383 3642 3617 3698 familia-

2046 3738 2227 3793 ritatis
2257 3752 2353 3792 seu
2377 3736 2632 3791 amicitia:
2654 3734 2911 3804 praebent,
2936 3735 3080 3790 unde
3104 3750 3160 3790 se
3191 3735 3421 3791 invicem
3447 3750 3618 3807 agno-

2047 3836 2207 3884 scant
2266 3828 2321 3883 in
2374 3825 2736 3881 similitudine
2785 3827 2987 3896 ﬁgurae,
3049 3841 3117 3882 ne
3163 3826 3501 3897 repentinam
3562 3836 3619 3883 et

2050 3921 2477 3991 inexspectatam
2538 3922 2741 3974 caedem
2796 3918 3123 3972 incurrant:
3166 3919 3259 3988 qui
3307 3918 3452 3973 enim
3514 3918 3619 3974 hoc

2050 4012 2276 4079 faciunt,
2309 4027 2523 4083 semper
2551 4011 2777 4067 omnino
2799 4009 2902 4066 sibi
2936 4020 3125 4065 mutuo
3153 4011 3365 4081 signum
3397 4011 3619 4083 aliquod

2049 4120 2112 4159 ex
2148 4102 2403 4158 condicto
2446 4100 2689 4163 tradunt,
2743 4116 2813 4155 ne
2858 4109 3080 4170 prepter
3121 4114 3463 4157 communem
3497 4116 3619 4170 spe-

2051 4196 2189 4251 ciem
2216 4211 2276 4252 se
2306 4195 2537 4250 invicem
2572 4208 2672 4265 pro
2719 4194 2967 4249 hosubus
2999 4196 3376 4250 mterimerent
3408 4212 3421 4248 :
3453 4208 3621 4265 porro

2052 4290 2212 4359 signo
2255 4287 2440 4355 aliquo
2469 4284 2696 4340 notabili
2738 4283 2969 4337 invicem
2998 4281 3395 4345 discernentes,
3445 4300 3475 4338 a
3512 4300 3618 4338 mu-

2055 4381 2162 4435 tuis
2210 4378 2430 4450 quidem
2465 4375 2708 4431 caedibus
2763 4375 3063 4436 abstinent,
3125 4388 3250 4428 cum
3292 4375 3441 4429 omni
3488 4390 3620 4431 vero

370 4460 443 4513 τὰ
471 4457 729 4512 δοκοῦντα
759 4458 835 4519 εἰς
868 4456 992 4518 τοὺς
1021 4455 1309 4523 πολεμίους
1335 4472 1346 4486 ο
1378 4455 1407 4506 ὃ
1434 4455 1499 4527 δὴ
1522 4457 1745 4526 ποιῆσαι
1766 4475 1826 4513 τε
1853 4461 1936 4514 xei

2054 4471 2348 4527 securitate
2393 4465 2602 4520 faciunt
2641 4480 2705 4520 ea
2745 4479 2865 4533 quae
2903 4472 3094 4517 contra
3132 4464 3317 4520 hostes
3366 4464 3621 4521 videntur

372 4549 713 4623 φυλάξασθαι
754 4547 992 4610 ἐκείνους
1032 4547 1129 4616 οὑχ
1169 4540 1279 4599 οἷόν
1328 4564 1387 4599 τε
1439 4548 1515 4618 τῷ
1566 4551 1803 4619 σχήματι
1850 4552 1946 4621 μὲν

371 4642 790 4711 ἀπατωμένους,
816 4640 877 4693 τὸ
910 4638 1239 4709 σύνθημα,δέ
1268 4640 1368 4692 οὐκ
1401 4639 1627 4699 εἰδότας.
1656 4640 1824 4695 Τοῦτο
1854 4639 1948 4698 οὖν

374 4752 541 4805 φησιν
565 4752 578 4765 ·
627 4735 751 4785 Ὅτι
785 4731 973 4800 ὥσπερ
1013 4730 1224 4801 σημείῳ
1272 4732 1378 4783 τινί
1422 4730 1736 4802 διακρίνας,
1767 4734 1949 4807 πάσης

372 4829 525 4899 ἡμᾶς
567 4822 784 4897 ἐρῤύσω
821 4822 941 4892 τῆς.
972 4824 1103 4891 παρ’
1130 4823 1353 4876 ἐκείνων
1387 4823 1708 4894 ἐπιδουλῆς,
1761 4826 1837 4889 ὡς
1884 4827 1949 4879 ἂν

376 4922 516 4992 μήτε
547 4919 653 4972 ὑπὸ
682 4917 853 4980 τόξων
898 4916 1212 4986 φερομένων
1262 4917 1396 4986 μήτε
1444 4917 1547 4969 ὑπό
1577 4934 1720 4981 τινος
1761 4919 1947 4990 ἐτέρου

372 5010 648 5080 πάθοιμέν
678 5027 730 5062 τι
756 5008 944 5063 δεινόν.
972 5007 1143 5060 Τοῦτο
1173 5008 1229 5059 δὲ
1260 5009 1353 5059 καὶ
1382 5008 1490 5061 ἀπὸ
1507 5008 1615 5064 τῶν
1644 5011 1763 5063 κατ’
1786 5013 1949 5080 Αἴγυ-

374 5121 511 5158 πτον
539 5101 719 5156 λαϐὼν
738 5096 887 5154 εἶπεν
907 5142 921 5164 ,
949 5100 1030 5153 ὅτι
1060 5098 1245 5169 ὥσπερ
1268 5099 1476 5168 σημείῳ
1490 5102 1595 5154 τινὶ
1618 5101 1695 5171 τῷ
1722 5102 1813 5155 ἐπὶ
1842 5104 1949 5157 τῶν

373 5197 551 5267 φλιῶν
576 5195 769 5265 αἵματι
793 5191 1069 5262 διακρίνας
1101 5190 1322 5253 τούτους
1344 5191 1451 5244 ἀπὸ
1475 5193 1581 5244 τῶν
1614 5194 1948 5262 Αἰγυπτίων,

372 5289 600 5350 τούτους
630 5288 727 5358 μὲν
758 5283 1013 5346 ἀϐλαϐεῖς
1037 5282 1377 5353 διετήρησεν,
1408 5284 1650 5347 ἐκείνους
1676 5285 1732 5338 δὲ
1754 5288 1948 5358 ἐτιμω.

376 5383 610 5453 ρήσατο.

448 5470 597 5540 Στίχ.
627 5466 692 5533 ζ’.
726 5499 793 5508 -
815 5468 996 5522 Ταῦτα
1018 5467 1095 5532 δὲ,
1122 5467 1305 5538 φησιν,
1329 5465 1586 5537 ἐποίησας
1611 5468 1748 5539 ὑπὲρ
1795 5469 1950 5543 ἡμῶν

373 5565 485 5618 τῶν
512 5561 884 5633 ἠγαπημένων
915 5560 1020 5613 ὑπὸ
1060 5560 1155 5613 σοῦ
1180 5600 1196 5625 ,
1232 5559 1320 5613 ἵνα
1351 5559 1512 5627 ἡμεῖς
1550 5559 1949 5632 ἀπαλλαγῶμεν

372 5659 477 5727 τῆς
498 5656 723 5709 ἐκείνων
750 5651 1059 5723 ἐπιϐουλῆς.
1090 5646 1223 5705 Εἶτα
1244 5651 1339 5704 καὶ
1359 5652 1646 5723 εὐχόμενος
1676 5652 1949 5724 ἐπιφέρει,

376 5751 565 5813 Ὅπως
592 5750 721 5819 γὰρ,
749 5748 930 5818 φησιν,
960 5744 1216 5809 ἀϐλαϐεῖς
1243 5745 1637 5816 διαμείναντες,
1663 5745 1949 5817 ῥυσθῶμεν

2050 4570 2357 4633 opportuna
2383 4558 2559 4628 :quod
2592 4556 2780 4626 utique
2807 4556 2909 4625 ipsi
2942 4555 3121 4610 facere
3140 4565 3302 4627 atque
3329 4556 3621 4614 observare

2051 4655 2276 4710 minime
2328 4659 2572 4722 possent,
2630 4650 2676 4704 si
2720 4649 2900 4717 specie
2946 4648 3163 4718 quidem
3211 4647 3617 4720 deciperentur,

2050 4746 2365 4801 condictum
2390 4758 2524 4796 vero
2550 4742 2766 4812 signum
2799 4741 3133 4811 ignorarent.
3163 4739 3275 4795 Hoc
3298 4742 3485 4813 itaque
3509 4743 3617 4796 ait:

2051 4832 2207 4900 Quod
2243 4831 2390 4887 sicut
2421 4828 2579 4899 signo
2607 4829 2795 4898 aliquo
2824 4828 3165 4895 discernens,
3202 4845 3392 4886 omnes
3424 4846 3524 4886 nos
3552 4832 3620 4884 ab

2053 4926 2270 4979 illorum
2300 4921 2512 4977 insidiis
2558 4921 2826 4983 liberasti,
2870 4928 2929 4975 ut
2989 4938 3165 4992 neque
3216 4939 3244 4975 a
3291 4922 3616 4993 sagittariis.

2055 5032 2230 5086 neque
2255 5015 2324 5069 ab
2355 5014 2464 5067 alio
2490 5013 2675 5082 aliquo
2695 5012 2974 5083 quidpiam
3004 5013 3130 5068 mali
3153 5021 3482 5083 pateremur.
3506 5010 3620 5066 Hoc

2052 5120 2235 5164 autem
2269 5107 2432 5161 etiam
2468 5106 2606 5161 dixit
2643 5107 2896 5174 exemplo
2916 5122 3104 5160 eorum
3141 5120 3263 5173 qua:
3299 5104 3355 5159 in
3383 5103 3621 5176 Egyptc

2051 5200 2402 5269 contigerunt
2432 5216 2443 5251 :
2476 5196 2605 5266 quia
2656 5197 2816 5267 quasi
2853 5198 3010 5265 signo
3047 5198 3303 5267 quopiam
3355 5200 3621 5267 sanguine

2052 5292 2385 5345 liminarinm
2436 5290 2536 5345 hos
2580 5290 2649 5344 ab
2685 5288 2958 5360 Egyptiis
3000 5290 3367 5349 distinguens.
3420 5292 3620 5347 illaesos

2053 5382 2373 5445 custodivit,
2413 5380 2696 5452 [Egyptios
2724 5397 2855 5437 vero
2879 5382 3107 5452 punivit.
3186 5430 3189 5431 ν

2125 5472 2292 5527 Vens.
2326 5473 2374 5524 Ἰ.
2408 5504 2474 5514 --
2506 5471 2630 5527 Haec
2673 5482 2878 5533 autem,
2912 5473 3111 5543 inquit,
3158 5488 3258 5543 pro
3282 5474 3461 5531 nonis
3507 5490 3535 5527 ο
3570 5483 3624 5531 te

2052 5566 2263 5621 dilectis
2282 5563 2533 5630 eﬂ'ecisti,
2559 5574 2617 5617 ut
2652 5567 2718 5619 ab
2746 5565 2960 5619 illorum
2993 5566 3209 5622 insidiis
3242 5566 3619 5621 liberaremur.

2053 5654 2257 5709 Deinde
2303 5654 2465 5710 etiam
2510 5667 2711 5721 rogans
2756 5652 3062 5724 subjungit,
3122 5657 3190 5712 Ut
3234 5657 3516 5721 nimirum,
3551 5659 3605 5711 in

2057 5747 2194 5817 quit,
2226 5748 2381 5805 illaesi
2433 5756 2853 5817 permanentes,
2903 5764 2933 5802 ιι
2979 5748 3120 5805 facie
3161 5765 3323 5807 arcus
3362 5751 3617 5807 liberam-
