4096 6234
457 316 561 376 687

1626 300 1975 359 THEODORI
2021 298 2249 357 MOPSU
2258 299 2501 358 ESTENI

3588 304 3698 362 688

457 447 604 495 mur,
652 430 869 485 dilectis
924 428 1037 483 tuis
1091 426 1417 496 praedictum
1466 423 1685 494 signum
1731 418 2029 475 tradidisti.

2134 417 2243 471 ἀπὸ
2267 415 2561 488 προσώπου
2580 413 2755 481 τόξου,
2778 416 2893 479 τοῖς
2919 414 3225 486 ἀγαπητοῖς
3251 432 3343 470 σου
3363 416 3463 487 τὴν
3492 418 3701 491 λεχθεῖ-

460 525 578 579 Hoc
629 530 813 577 autem
857 522 1023 575 etiam
1066 518 1157 573 hic
1185 516 1499 580 dicendum,
1549 513 1697 585 quod
1737 521 1867 568 tunc
1895 513 2029 568 libe-

458 617 569 670 rari
605 621 859 684 poterunt
900 611 970 665 ab
1000 610 1243 664 inimicis
1271 607 1662 671 invisibilibus,
1689 605 1909 676 quando
1934 619 2029 660 eos

459 707 696 762 servabit
725 704 947 759 dextera
992 712 1106 765 tua,
1152 700 1325 756 Filius
1380 712 1504 754 tuus
1544 697 1880 768 unigenitus.
1930 695 2031 750 Hic

456 799 604 853 enim
658 798 883 852 dextera
937 794 1030 848 Dei
1077 807 1450 862 sarpeuumero
1498 791 1886 859 interpretatus
1924 795 2029 852 est,

458 887 759 958 prwsertim
800 884 1020 955 quando
1070 883 1419 952 praepositum
1473 889 1555 936 est
1591 880 1745 945 illud,
1787 878 2031 935 Stabilivi

458 990 507 1032 te
536 977 751 1032 dextera
768 976 918 1042 justa
944 991 1056 1027 mea
1082 972 1221 1045 (Isa.
1257 989 1366 1039 xu,
1397 972 1486 1040 10)
1513 989 1527 1037 ;
1555 979 1630 1037 et,
1658 971 1887 1026 Dextera
1914 987 2031 1024 mea

458 1068 689 1138 ﬁrmavit
737 1068 924 1119 caelum
958 1063 1096 1135 (Isa.
1148 1080 1340 1125 vam,
1393 1063 1503 1131 1⁸5).
1553 1060 1848 1118 Sciendum
1895 1076 2031 1131 quo-

458 1159 622 1214 modo
654 1156 854 1211 iterum
900 1154 1091 1208 ordine
1124 1153 1498 1224 intelligentia:
1545 1168 1667 1207 sese
1696 1151 1936 1206 habeant
1966 1166 2031 1205 ea

458 1266 580 1321 qua:
621 1247 994 1321 proferuntur.
1032 1244 1276 1299 Primum
1326 1245 1470 1299 enim
1521 1244 1612 1297 ubi
1664 1243 2026 1305 exaudiveril,

459 1350 644 1397 servat
693 1340 881 1394 Deus:
918 1347 972 1393 et
1018 1339 1129 1391 hinc
1176 1344 1577 1406 consequenter
1622 1346 1707 1390 est
1763 1336 2031 1389 connexio

463 1435 750 1494 orationis,
781 1442 902 1502 post
927 1430 1107 1493 Salva,
1129 1430 1323 1484 exaudi
1350 1445 1429 1483 me
1459 1428 1727 1484 habentis.
1751 1426 1867 1484 Nisi
1892 1426 2033 1482 forte

461 1528 544 1583 sic
628 1526 1000 1596 intelligatur;
1048 1524 1207 1594 quasi
1261 1523 1409 1576 dicat
1454 1540 1468 1576 :
1514 1520 1745 1576 Salvans
1807 1521 2031 1575 dextera

458 1618 665 1674 exaudi
706 1634 814 1681 me,
845 1618 919 1672 ita
951 1625 1009 1671 ut
1056 1617 1191 1672 mihi
1228 1624 1446 1671 servato
1482 1614 1538 1667 in
1572 1614 1713 1669 votis
1750 1613 1822 1667 sit
1847 1611 2030 1667 divina

459 1713 600 1768 bona
646 1710 963 1781 postulare;
1007 1709 1121 1762 haec
1153 1717 1336 1761 autem
1382 1721 1491 1760 non
1535 1712 1666 1759 sunt
1713 1705 1820 1759 alia
1862 1719 2023 1774 quam

2133 525 2229 560 σαν
2287 508 2585 579 σημείωσιν
2636 507 2861 571 ἔδωκας.
2913 508 3147 561 Λεκτέον
3178 508 3237 561 δὲ
3269 510 3368 563 καὶ
3404 503 3539 577 ὦδε,
3576 514 3700 569 τότε

2132 600 2394 671 ῥυσθῆναι
2422 600 2531 655 ἀπὸ
2562 600 2832 671 πολεμίων
2866 601 3113 671 ἀοράτων
3156 601 3478 672 δυνήσονται
3505 645 3519 665 ,
3570 606 3701 662 ὅταν

2134 689 2285 765 σώσῃ
2314 694 2346 762 ὴ
2377 690 2527 755 δεξιά
2562 709 2676 757 σου,
2704 694 2734 745 6
2759 694 3053 763 μονογενής
3090 709 3186 745 σου
3212 693 3361 757 Υἱός.
3397 690 3565 759 Οὗτος
3589 699 3701 769 γὰρ

2130 783 2279 850 δεξιά
2314 782 2449 837 Θεοῦ
2480 785 2811 854 ἡρμήνευται
2857 783 3137 847 πολλάκις,
3173 785 3407 855 μάλιστα
3449 788 3539 842 ὅτε
3567 806 3702 859 προ-

2130 874 2309 927 έκειτο
2338 874 2426 937 τὸ,
2484 872 2939 942 Ἠσφαλισάμην
2967 887 3042 927 σε
3069 872 3145 942 τῇ
3183 874 3351 942 δεξιᾷ
3387 875 3463 944 τῇ
3500 875 3700 945 δικαίᾳ

2127 984 2245 1035 μου
2266 982 2279 996 ⁸
2322 966 2439 1028 καὶ,
2480 966 2551 1019 ἸΙ
2576 964 2743 1028 δεξιά
2767 984 2886 1035 μου
2924 965 3251 1035 ἑστερέωσε
3284 968 3391 1021 τὸν
3417 970 3697 1037 οὐρανόν.

2146 1056 2492 1109 Ἐπιστατέον
2522 1056 2596 1119 ώς
2636 1056 2869 1126 ἔμπαλιν
2905 1059 2969 1127 τῇ
3001 1056 3153 1121 τάξει
3185 1058 3285 1128 τῆς
3312 1059 3549 1128 νοήσεως
3585 1059 3701 1130 ἔχει

2132 1149 2201 1201 τὰ
2233 1149 2331 1219 τῆς
2377 1150 2674 1218 προφορᾶς.
2720 1150 2988 1221 Πρότερον
3021 1150 3132 1221 γὰρ
3162 1151 3510 1216 εἰσακούσας,
3538 1152 3702 1218 σώζει

2133 1240 2263 1304 Θεός
2289 1257 2304 1272 ·
2346 1241 2440 1293 καὶ
2474 1241 2611 1312 αὕτη
2645 1243 2678 1311 ἡ
2712 1242 3018 1305 ἀκολούθως
3046 1244 3281 1315 ἁρμονία
3327 1246 3426 1316 τῆς
3462 1245 3693 1310 λέξεως,

2136 1332 2276 1402 μετά
2311 1333 2372 1384 τὸ
2403 1331 2614 1386 Σῶσον
2643 1336 2704 1388 τὸ
2727 1333 3107 1390 Ἑπάκουσόν
3128 1354 3245 1405 μου
3268 1336 3515 1408 ἐχούσης.
3536 1337 3599 1390 El
3624 1337 3702 1409 μὴ

2135 1424 2244 1493 ἄρα
2273 1422 2417 1476 οὕτω
2447 1423 2662 1495 νοηθείη
2680 1441 2695 1457 ο
2730 1424 2917 1488 Σώσας
2942 1429 3009 1497 τῇ
3040 1426 3190 1499 δεξιᾷ
3214 1428 3517 1483 ὲπάκουσόν
3546 1446 3650 1499 μου
3671 1469 3689 1495 ,

2134 1516 2297 1585 εὐχῆς
2324 1513 2489 1584 ούσης
2518 1517 2642 1586 ι’ὲμοὶ⁵
2675 1515 2751 1585 τῷ
2782 1517 3006 1571 σωθέντι
3031 1519 3158 1589 περὶ
3188 1519 3347 1573 θείων
3368 1519 3589 1588 ἀγαθῶν
3610 1520 3702 1573 αἰ-

2134 1605 2381 1675 τουμένῳ
2405 1620 2418 1633 ο
2447 1606 2546 1659 οὑκ
2571 1605 2705 1659 ἄλλα
2735 1606 2791 1659 δὲ
2813 1606 2983 1661 ταῦτα
3004 1608 3112 1660 τῶν
3136 1607 3231 1661 τοῦ
3268 1608 3579 1679 πνεύματος
3599 1626 3699 1679 χα-

2140 1697 2436 1767 ρισμάτων.
2480 1698 2780 1770 Ἀγαπητοί.
2825 1699 2883 1752 δὲ
2913 1700 3007 1753 τοῦ
3037 1699 3174 1753 Θεοῦ
3222 1700 3602 1771 τυγχάνουσιν,
3651 1703 3702 1755 oi

646 1754 963 1781 ,μαψ-ων,
1008 1754 1120 1762 ..-η
1154 1754 1336 1761 πη---
1382 1754 1491 1760 ---_
1535 1754 1663 1759 η---
1716 1754 1820 1759 ____
1866 1754 2023 1774 ηπ---

459 1803 607 1859 dona
645 1800 883 1873 Spiritus
939 1800 1140 1854 sancti.
1178 1798 1351 1852 Porro
1385 1796 1568 1852 dilecti
1616 1795 1709 1851 Dei
1754 1804 1884 1861 sunt
1924 1796 2025 1858 illi,

2134 1754 2694 1858 διάικαλοκαγαθίαν.
2720 1791 2873 1855 ὄντες
2916 1790 3056 1857 ἄξιοι
3102 1792 3197 1845 τοῦ
3244 1754 3565 1861 ἀγαπᾶσθαι
3590 1754 3703 1847 ’ύπλ

459 1894 554 1967 qui
588 1894 657 1949 ob
691 1908 901 1948 morum
936 1891 1265 1961 probitatem
1297 1889 1446 1960 digni
1477 1895 1606 1946 sunt
1640 1887 1825 1943 abillo
1852 1886 2026 1959 diligi.

979 2002 1302 2058 PSALMUS
1332 2000 1541 2057 LXVII.

533 2117 697 2175 Vsus.
732 2118 819 2174 18.
845 2144 916 2156 -
943 2116 1075 2171 Cum
1112 2115 1281 2184 igitur
1310 2115 1548 2185 populus
1588 2114 1749 2184 quasi
1781 2114 2032 2184 captivus

463 2218 609 2267 esset
645 2211 701 2264 in
727 2208 967 2280 [Egypto
996 2207 1269 2272 serviens,
1304 2206 1545 2262 extraxit
1573 2220 1669 2261 eos
1706 2221 1737 2260 e
1769 2206 2033 2261 servitute

466 2301 634 2366 Deus,
662 2307 716 2354 et
757 2297 1013 2353 liberavit
1047 2296 1161 2368 lege
1192 2295 1320 2350 belli
1348 2313 1361 2349 :
1398 2310 1522 2349 nam
1551 2308 1677 2349 cum
1712 2293 1899 2350 hostes
1929 2309 2031 2364 pu-

462 2392 719 2456 nivisset,
755 2400 886 2444 tunc
915 2390 1066 2461 ipsos
1099 2388 1320 2459 eripuit.
1347 2387 1656 2459 Captivitas
1685 2396 1868 2443 autem
1892 2386 2031 2442 dict—

461 2495 573 2551 tur,
605 2482 874 2557 quidquid
908 2484 1027 2555 lege
1058 2482 1185 2538 belli
1233 2482 1473 2553 capitur.
1508 2481 1625 2536 Hoc
1656 2489 1741 2538 est
1767 2480 1913 2552 quod
1949 2481 2033 2537 di.

459 2578 573 2645 cit;
630 2591 695 2630 ac
744 2576 793 2631 si
827 2575 1019 2630 dicat:
1061 2572 1435 2641 Captivitatem
1481 2573 1723 2644 (scilicet
1757 2589 1879 2637 nos,
1938 2573 2032 2643 qui

456 2669 621 2740 quasi
668 2669 723 2723 in
757 2668 1077 2738 captivitate
1105 2668 1513 2738 serviebamus)
1544 2669 1805 2736 captivam
1840 2666 2032 2723 ducens

460 2762 757 2830 (tanquam
795 2758 955 2814 fortis
986 2760 1096 2813 dux
1121 2758 1247 2813 belli
1282 2758 1399 2828 lege
1426 2758 1693 2828 vincens)
1729 2759 2029 2821 abduxisti,

460 2857 517 2905 et
552 2849 867 2905 cxtraxisti.
904 2848 1056 2904 Istud
1112 2858 1321 2908 autem,
1376 2848 1673 2901 Ascendisti
1719 2848 1775 2901 in
1821 2847 2032 2901 altum:

462 2941 875 2996 demonstratae
914 2955 996 3003 es,
1040 2939 1237 3010 inquit,
1277 2952 1510 3009 magnus
1534 2946 1590 2992 et
1615 2940 1910 2994 excelsus:
1948 2938 2027 2991 id-

463 3035 616 3089 circo
645 3033 891 3101 accepisti
917 3031 1058 3084 dona
1086 3033 1138 3083 in
1168 3029 1484 3085 hominibus.
1515 3029 1672 3087 Tunc
1700 3033 1865 3087 etiam
1890 3031 2034 3088 Deus

464 3127 602 3197 ipsis
635 3134 988 3195 praeceperat,
1027 3132 1084 3177 ut
1112 3133 1360 3193 peterent
1390 3138 1518 3179 vasa
1561 3131 1819 3195 argentea
1851 3133 1904 3180 et
1935 3139 2032 3178 au-

2135 1879 2299 1935 αὑτοῦ

2692 1992 2988 2048 ΨΑΛΜυΣ
3023 1991 3139 2047 ΞΖ’.

2202 2105 2352 2176 Στίχ.
2387 2111 2476 2176 ιη’.
2518 2135 2589 2146 -
2633 2105 2849 2177 Ἐπειδὴ
2881 2100 2973 2159 οὖν
3019 2108 3048 2159 6
3086 2106 3213 2170 λαὸς
3244 2107 3321 2171 ὡς
3357 2108 3702 2179 αξχμάλωτος

2128 2192 2199 2268 ἦν
2228 2199 2286 2250 ὲν
2316 2199 2382 2269 τῇ
2427 2197 2688 2268 Αἰγύπτῳ
2718 2197 3005 2262 δουλεύων,
3040 2199 3338 2265 ἐξέσπασεν
3378 2202 3575 2267 αὐτοὺς
3598 2204 3701 2275 τῆς

2130 2286 2371 2351 δουλείας
2399 2290 2427 2341 6
2450 2288 2600 2353 Θεὸς,
2624 2289 2718 2341 καὶ
2746 2288 3023 2359 ἀπήλλαξε
3052 2290 3289 2361 πολέμου
3321 2292 3468 2364 νόμῳ
3491 2310 3504 2324 ’
3524 2311 3700 2365 τιμω-

2102 2372 2103 2375 “
2135 2380 2440 2450 ρησάμενος
2461 2378 2570 2452 γὰρ
2594 2382 2720 2443 τοὺς
2737 2380 3032 2447 ἐναντίους,
3057 2381 3199 2435 οὕτω
3217 2384 3437 2447 τούτους
3462 2385 3700 2454 ἀφεῖλεν.

2130 2472 2484 2544 Αίχμαλωσία
2512 2474 2568 2527 δὲ
2600 2473 2851 2542 λέγεται,
2897 2475 3044 2529 ἅπαν
3085 2476 3143 2529 τὸ
3172 2478 3229 2531 ὲν
3270 2477 3510 2550 πολέμου
3553 2480 3704 2551 νόμῳ

2130 2565 2555 2637 λαμὸανόμενον.
2591 2565 2760 2619 Τοῦτό
2808 2585 2972 2639 φησιν
2996 2586 3009 2599 ο
3045 2569 3120 2633 ὡς
3153 2569 3218 2622 ἂν
3256 2572 3386 2643 εἴπῃ
3409 2570 3425 2601 ·’
3464 2571 3582 2639 Τὴν
3615 2575 3705 2625 αὶ-

2131 2658 2487 2726 χμαλωσίαν
2532 2657 2813 2729 (δηλονότι
2843 2660 2989 2730 ἡμᾶς
3012 2701 3027 2724 ,
3064 2662 3191 2724 τοὺς
3228 2662 3302 2725 ὠς
3337 2663 3394 2716 ἐν
3425 2664 3704 2735 αἰχμαλω-

2133 2752 2225 2820 σίᾳ
2249 2748 2618 2816 δουλεύοντας)
2640 2754 3132 2820 αἱχμαλωτεύο-ας
3153 2753 3170 2824 (
3192 2754 3266 2818 ώς
3298 2755 3515 2826 ἰσχυρὸς
3540 2773 3705 2827 στρα-

2132 2841 2330 2911 τιώτης
2371 2840 2607 2909 πολέμου
2648 2840 2797 2911 νόμῳ
2843 2844 3103 2912 νικήσας)
3160 2844 3411 2912 ἀφεῖλες,
3458 2846 3552 2899 καὶ
3594 2847 3703 2900 ἀπ-

2138 2932 2405 2996 ἐσπασας.
2438 2934 2511 2985 Τὸ
2538 2933 2613 2995 δὲ,
2662 2932 2895 2999 Ἀνέϐης
2921 2936 3007 2999 εὶς
3034 2935 3210 3003 ὕψος,
3241 2935 3507 3005 ἐδείχθης,
3546 2939 3703 3007 φησὶ,

2136 3028 2310 3098 μέγας
2358 3028 2452 3080 καὶ
2491 3027 2695 3097 ὑψηλός
2723 3044 2735 3057 ·
2791 3028 2879 3080 διὰ
2926 3028 3083 3081 τοῦτο
3129 3028 3341 3095 ἔλαϐες
3381 3030 3605 3099 δόματα
3635 3032 3708 3085 ἐν

2134 3120 2484 3189 ἀνθρώποις.
2515 3120 2819 3191 Προσέταξε
2851 3121 2959 3191 γὰρ
2998 3122 3179 3185 αὐτοῖς
3212 3123 3329 3174 τότε
3358 3125 3385 3176 6
3417 3123 3580 3190 Θεὸς,
3621 3126 3709 3177 αι-

462 3233 598 3280 rea;
633 3226 799 3287 atque
831 3216 922 3271 ubi
957 3216 1071 3269 lucc
1104 3214 1433 3286 petivissent
1467 3223 1796 3286 acceperunt
1822 3216 2029 3287 (Exod.

2135 3213 2299 3284 τῆσαι
2328 3213 2495 3282 σκεύη
2531 3213 2746 3284 ἀργυρᾶ
2778 3213 2871 3266 καὶ
2895 3214 3072 3283 χρυσᾶ
3090 3228 3102 3241 ·
3134 3214 3228 3267 καὶ
3252 3214 3424 3267 ταῦτα
3452 3216 3708 3286 αἰτήσαν-

462 3310 586 3378 ix):
632 3306 831 3363 deinde
876 3317 1053 3363 morte
1085 3308 1450 3378 primogenita
1494 3308 1785 3363 invadente
1825 3307 2031 3378 (Exod.

462 3402 596 3473 xu),
628 3408 929 3471 eruperunt
963 3414 1031 3453 ex
1061 3398 1319 3470 Egypto,
1354 3397 1580 3471 jnbente
1611 3398 1741 3467 Deo,
1767 3400 2034 3457 habentes

461 3492 625 3548 etiam
656 3505 807 3546 vasa.
851 3489 969 3545 Non
1018 3491 1208 3561 igitur,
1259 3492 1458 3560 inquit,
1492 3506 1594 3547 nos
1632 3494 1808 3547 solum
1853 3500 2035 3547 extra-

464 3583 619 3649 xisti,
646 3590 701 3638 et
731 3598 761 3637 e
790 3583 1065 3639 servitute
1086 3582 1352 3645 liberasti,
1391 3582 1486 3637 sed
1517 3582 1684 3637 etiam
1709 3582 1850 3637 dona
1882 3598 2037 3637 acce-

464 3675 599 3747 pisti
624 3675 693 3730 ab
721 3674 1057 3738 hominibus,
1089 3675 1245 3744 quasi
1272 3690 1396 3728 cum
1420 3675 1582 3730 donis
1606 3674 1863 3731 omnibus
1886 3676 2035 3747 ipsos

463 3764 895 3821 dimittentibus.
942 3763 1212 3817 theruin
1244 3763 1540 3832 Apostolus
1566 3762 1672 3818 hoc
1718 3762 2037 3819 testimonio

465 3871 602 3912 usus
634 3864 719 3911 est
753 3854 978 3925 (Ephes.
1009 3871 1081 3918 iv,
1108 3854 1169 3921 8)
1210 3855 1364 3924 quasi
1400 3853 1467 3909 de
1493 3853 1713 3908 Christo
1738 3872 1752 3920 ;
1776 3854 2037 3924 quoniam

464 3956 520 4002 et
558 3947 676 4016 ipse
713 3961 814 4001 nos
844 3946 948 4001 sub
989 3945 1209 4000 diabolo
1240 3946 1485 4015 captivos
1521 3945 1878 4008 exsistentes,
1911 3960 2034 4000 cum

467 4039 649 4109 ipsum
701 4038 896 4108 prcelio
930 4038 1066 4092 inito
1115 4036 1429 4100 devicisset,
1470 4037 1692 4092 exemit.
1744 4034 2037 4107 Propterea

468 4147 594 4189 cum
626 4132 772 4188 istud
803 4131 1051 4197 accepisti
1080 4129 1221 4183 dona
1256 4138 1447 4184 nostro
1479 4128 1733 4198 loquendi
1759 4132 1896 4183 mori
1927 4145 2037 4185 non

469 4226 797 4298 quadraret,
834 4238 944 4293 quo
984 4223 1037 4276 in
1078 4221 1477 4277 ecclesiasticis
1499 4222 1784 4276 sententiis
1808 4223 2035 4287 utimur,

470 4319 769 4373 immutans
792 4315 1014 4371 verbum
1050 4314 1318 4381 accepisti,
1354 4312 1491 4367 dixit
1512 4312 1721 4367 dedisti.
1754 4312 1868 4369 Hoc
1891 4315 2038 4370 enim

470 4407 695 4465 Christo
749 4410 924 4478 magis
969 4405 1327 4477 congruebat,
1384 4415 1443 4459 ut
1470 4405 1563 4475 qui
1592 4420 1700 4460 non
1745 4408 2037 4477 acceperit,

2134 3319 2225 3366 τες
2266 3302 2483 3356 ἔλαϐον·
2541 3298 2661 3356 εἶτα
2716 3302 3117 3366 καταλαϐόντος
3167 3302 3261 3356 τοῦ
3310 3302 3543 3358 θανάτου
3596 3305 3708 3359 τῶν

2135 3386 2515 3465 πρωτοτόκων,
2555 3393 2880 3466 ἐξώρμησαν
2900 3394 2997 3465 τῆς
3022 3395 3295 3463 Αἰγύπτου
3320 3396 3398 3467 τῷ
3431 3398 3709 3468 προστάγ-

2139 3506 2267 3561 ματι
2293 3490 2386 3542 τοῦ
2411 3488 2567 3551 Θεοῦ,
2600 3488 2812 3559 ἔχοντες
2838 3488 2932 3541 καὶ
2969 3489 3037 3541 τὰ
3062 3489 3251 3560 σκεύη.
3284 3490 3394 3559 Οὐχ
3420 3491 3567 3560 ἡμᾶς
3592 3486 3706 3557 οὖν,

2136 3582 2299 3652 φησι,
2336 3580 2491 3651 μόνον
2519 3581 2739 3650 ἀφείλου
2761 3620 2776 3645 ,
2811 3580 2905 3633 καὶ
2935 3580 3032 3651 τῆς
3076 3581 3319 3645 δουλείας
3352 3582 3668 3653 ἀπήλλαξας
3692 3601 3706 3614 °

2136 3673 2269 3729 ἀλλὰ
2290 3674 2383 3726 καὶ
2410 3673 2619 3744 δόματα
2641 3672 2830 3736 ἕλαὸες
2852 3673 3002 3744 παρά
3028 3673 3135 3725 τῶν
3161 3672 3483 3745 ἀνθρώπων,
3511 3672 3710 3728 ὡσανεὶ

2141 3766 2279 3837 μετά
2316 3766 2502 3836 δώρων
2538 3766 2756 3819 πάντων
2790 3766 2988 3829 αὐτοὺς
3023 3765 3444 3836 ἐκπεμψάντων,
3509 3766 3707 3837 Ἐχρή-

2139 3876 2269 3911 σατο
2306 3857 2363 3910 δὲ
2391 3858 2419 3909 6
2460 3857 2781 3920 ’Λπόστολος
2827 3857 3003 3930 ταύτῃ
3037 3860 3103 3929 τῇ
3138 3858 3430 3929 μαρτυρία,
3472 3858 3548 3923 ώς
3580 3858 3712 3930 περὶ

2137 3949 2230 4004 τοῦ
2256 3932 2490 4021 Χριστοῦ
2514 3967 2526 3980 ⁸
2555 3950 2635 4003 ὃτι
2662 3950 2755 4005 καὶ¹
2783 3950 2943 4014 αὐτὸς
2972 3952 3349 4022 αἰχμαλώτους
3373 3954 3405 4023 ἡ
3416 3953 3522 4021 μᾶς
3549 3951 3712 4017 ὂντας

2138 4041 2244 4095 ὑπὸ
2260 4040 2353 4095 τοῦ
2378 4040 2645 4105 διαϐόλου,
2677 4042 2823 4112 μάχῃ
2849 4043 2912 4111 τῇ
2940 4042 3075 4111 πρὸς
3100 4042 3260 4095 αὑτὸν
3285 4044 3532 4113 νικήσας,
3551 4042 3712 4111 ἀφεί-

2137 4135 2276 4188 λετο.
2311 4132 2408 4186 Διά
2444 4132 2601 4185 τοῦτο
2639 4133 2823 4203 ἐπειδὴ
2850 4133 2911 4185 τὸ
2952 4133 3205 4199 "Elatiae
3231 4132 3455 4203 δόματα
3492 4134 3589 4205 οὐχ
3613 4137 3715 4206 ἥρ-

2143 4245 2303 4297 μοττε
2335 4228 2473 4280 κατά
2510 4225 2569 4278 τὸ
2604 4225 2731 4295 παρ’
2772 4226 2905 4295 ἡμῖν
2938 4224 3057 4289 ἔθος
3081 4265 3096 4289 ,
3126 4224 3314 4297 ὥσπερ
3350 4228 3408 4279 ὲν
3447 4229 3567 4288 ταῖς
3596 4226 3713 4281 δια-

2139 4317 2316 4382 λέξεσι
2348 4319 2467 4379 ταῖς
2498 4314 2985 4385 ἐκκλησιαστικαῖς
3017 4313 3366 4384 κεχρήμεθα,
3397 4313 3712 4379 ὑπαλλάξας

2140 4409 2199 4462 τὸ
2216 4407 2490 4470 Ἐλαϐες,
2510 4401 2661 4458 εἶπεν
2688 4404 2747 4457 τὸ
2764 4403 3052 4469 Ἐδωκας.
3078 4402 3247 4456 Τοῦτο
3266 4403 3337 4471 γά
3345 4420 3374 4475 ρ
3390 4404 3460 4475 ἀρ
3467 4400 3717 4473 μοδιώτε-

470 4500 565 4555 sed
594 4511 718 4570 post
745 4514 1037 4554 ascensum
1075 4512 1235 4553 suum
1287 4496 1342 4549 in
1375 4497 1545 4551 ctelos
1587 4495 1825 4567 Spiritus
1858 4500 2032 4554 sancti

2144 4517 2237 4572 ρον
2263 4500 2355 4552 ἐπὶ
2382 4498 2641 4568 Χριστοῦ,
2668 4498 2729 4551 οὐ
2762 4496 3019 4559 λαϐόντος
3036 4537 3051 4562 ,
3089 4492 3225 4549 ἀλλὰ
3248 4494 3386 4565 μετά
3414 4494 3511 4566 τὴν
3531 4493 3715 4548 ἄνοδον

469 4589 613 4644 dona
644 4590 873 4659 largitus
912 4591 1004 4645 sit.

960 4818 1279 4875 PSALMUS
1308 4774 1538 4875 ιχνιιί.

2144 4591 2242 4660 τὴν
2267 4592 2324 4642 ἐν
2345 4591 2457 4653 τοῖς
2483 4588 2730 4659 οὐρανοῖς
2758 4585 3048 4650 δεδωκότος
3076 4585 3168 4639 τοῦ
3190 4583 3498 4657 πνεύματος
3518 4582 3587 4636 τά
3614 4600 3714 4653 χα-

2148 4686 2406 4755 ρίσματα.
2924 4688 2927 4689 ⁷

2706 4818 2999 4872 ΨΔΛΜυΣ
3032 4817 3161 4869 ΞΗ¹.

500 4940 575 5011 (1)
615 4934 868 5007 Ejusdem
905 4932 967 4987 de
1004 4934 1431 5000 interpretatione
1460 4936 1773 5011 sexagesimi
1797 4939 1985 5011 octavi
2020 4937 2239 5005 psalmi,
2278 4937 2335 4988 in
2370 4932 2526 4989 verba
2565 4932 2662 4985 illa
2696 4947 2713 4985 :
2746 4930 3022 4985 Dederunt
3060 4930 3114 4983 in
3146 4943 3329 4983 escam
3364 4942 3535 4981 meam
3576 4925 3680 4993 fel,

1531 5015 1586 5061 et
1625 5008 1678 5059 in
1718 5006 1810 5061 siti
1851 5022 1970 5062 mea
2008 5015 2337 5078 potaverunt
2373 5020 2458 5059 me
2494 5012 2671 5059 aceto.

541 5124 965 5190 Quoniam‘cilﬁ
1006 5131 1062 5180 et
1107 5131 1268 5194 potus
1317 5137 1515 5178 suaves
1559 5122 1775 5192 quidem
1824 5122 1962 5177 tiunt
2004 5126 2058 5179 in
2100 5134 2343 5193 tempore
2396 5121 2618 5192 gaudii,
2668 5120 2914 5176 insuavia
2956 5126 3137 5174 autem
3181 5126 3235 5173 et
3277 5131 3465 5172 amara
3516 5116 3572 5171 in
3620 5121 3719 5173 tri-

471 5220 659 5287 stitia;
706 5222 837 5275 talia
875 5227 1068 5286 erant,
1130 5220 1339 5288 inquit,
1391 5233 1512 5288 quae
1558 5219 1628 5273 ab
1668 5219 1778 5273 illis
1832 5220 2065 5286 ﬁebant,
2105 5228 2165 5274 ut
2207 5236 2273 5276 ex
2316 5218 2538 5274 tristitia
2580 5226 2633 5273 et
2676 5217 2761 5271 ira
2802 5225 2951 5272 esset
2994 5214 3213 5285 quidem
3253 5216 3385 5271 mihi
3428 5216 3487 5270 in
3531 5214 3717 5269 locum

473 5312 615 5367 fellis
655 5314 850 5376 cibus,
898 5322 1046 5370 esset
1093 5320 1275 5366 autem
1323 5318 1377 5365 et
1426 5309 1575 5379 potio
1622 5318 1779 5365 aceto
1826 5312 1964 5366 nihil
2008 5312 2286 5369 dilicrens.
2339 5310 2574 5366 Maxime
2621 5320 2807 5365 autem
2856 5309 2961 5364 hoc
3013 5311 3075 5362 ﬁt
3120 5309 3177 5364 in
3236 5307 3539 5363 iracundiis
3594 5322 3717 5376 quae

473 5408 528 5461 in
569 5408 920 5463 tribulatione
971 5407 1140 5473 ﬁunt,
1186 5403 1335 5476 quod
1382 5404 1679 5460 verisimile
1732 5414 1852 5459 erat
1899 5408 2011 5476 pati
2058 5423 2155 5464 eos
2203 5416 2399 5463 contra
2448 5421 2601 5463 suos.
2655 5405 2804 5462 Usus
2851 5412 3035 5461 autem
3082 5413 3166 5461 est
3215 5405 3556 5477 evangelista
3608 5403 3716 5457 hoc

474 5498 882 5555 testimonioin
934 5498 1201 5564 Domino,
1251 5504 1305 5552 et
1349 5497 1468 5567 ipse
1513 5503 1694 5550 autem
1745 5494 2049 5553 Dominus:
2096 5499 2252 5555 Zelus
2304 5497 2491 5553 domus
2541 5507 2643 5552 tute
2688 5495 2913 5552 comedit
2955 5511 3074 5564 me,
3122 5496 3191 5553 de
3237 5498 3423 5569 seipse
3473 5496 3717 5562 dicens;

444 5696 445 5699 “
550 5702 623 5772 (ι)
664 5699 740 5757 Ex
791 5702 1024 5758 concilio
1064 5701 1173 5757 (ΣΡ.
1208 5718 1372 5771 supra
1421 5702 1612 5771 citato,
1660 5700 1835 5755 Mansi
1888 5700 1988 5768 IX,
2036 5702 2161 5760 213.
