4106 6238
386 339 494 402 689
1575 337 1663 394 EX
1673 336 1943 396 POSITIO
1996 336 2066 392 IN
2105 336 2439 394 PSALMOS.
3541 338 3647 398 690

386 464 446 513 et
485 456 678 511 beatus
715 453 919 508 Paulus
965 452 1033 510 de
1073 452 1280 511 Iudaeis
1321 455 1596 526 loquens:
1645 453 1771 509 Fiat
1799 469 1980 508 mensa
2017 468 2235 518 eorum,
2265 465 2414 523 etc.;
2461 466 2517 509 et
2559 455 2753 511 beatus
2797 454 2997 513 Petrus
3038 456 3108 513 de
3146 455 3331 513 Juda:
3378 457 3506 512 Fiat
3550 459 3650 512 tia-

387 550 580 606 bitatio
622 549 737 617 ejus
782 546 1011 603 deserta.
1063 547 1132 603 Et
1173 557 1326 606 certe
1368 551 1605 606 diversis
1657 548 1976 605 constitutis
2027 548 2229 611 rebus,
2283 565 2392 604 non
2441 552 2601 620 quasi
2656 552 2871 620 psalmo
2917 552 3082 607 modo
3132 552 3353 622 quidem
3405 568 3506 622 pro
3558 553 3649 609 bis

387 646 579 709 dicto,
624 644 821 699 iterum
870 655 1052 699 autem
1094 645 1164 701 de
1210 646 1345 711 illo,
1394 654 1448 701 et
1494 647 1692 701 iterum
1743 645 1812 701 de
1857 644 2004 698 alio:
2048 642 2147 699 sed
2185 644 2315 715 quia
2358 643 2426 701 de
2473 644 2678 702 Iudaeis
2715 648 2864 702 dicta
2909 659 3036 703 sunt
3082 649 3280 717 plura,
3324 647 3421 719 qui
3464 663 3525 705 se
3565 663 3651 704 se-

387 746 727 810 paraverunt
784 737 855 794 de
905 738 1018 795 Deo
1077 750 1135 795 et
1189 741 1340 814 lege,
1398 742 1786 797 convincentia
1847 741 2069 796 illorum
2123 739 2571 806 indevotionem,
2633 745 2983 800 necessarius
3045 753 3131 799 est
3190 745 3644 803 testimoniorum

389 844 525 885 usus
571 828 739 885 simul
784 836 840 884 et
888 844 958 884 ex
1003 828 1170 888 rebus
1206 839 1403 903 captus
1449 834 1631 903 qualis
1677 841 1796 900 est,
1851 829 2117 893 Dederunt
2158 832 2213 885 in
2254 848 2431 887 escam
2477 851 2647 889 meam
2692 835 2798 904 fel,
2842 848 2891 889 et
2938 837 2992 889 in
3036 836 3129 890 siti
3173 853 3289 891 mea
3334 845 3652 905 potat-erunt

388 939 472 977 me
520 932 687 978 αεειο.

462 1041 609 1110 Στίχ.
658 1040 761 1106 κζ’.
797 1073 867 1082 -
911 1042 1022 1097 Καὶ
1064 1043 1140 1115 (Ι)
1175 1044 1466 1099 ἀπέκειντο
1512 1045 1690 1100 πάντα
1734 1045 1967 1117 δρῶντες
1997 1027 2041 1082 Α

2031 1059 2041 1082 ι
2144 1046 2309 1103 Vens.
2345 1048 2434 1104 27.
2461 1080 2531 1089 -
2561 1049 2627 1104 Ει
2671 1050 2995 1107 institerunt
3037 1052 3223 1106 omnia
3248 1050 3512 1107 adversus
3550 1066 3652 1107 nos

388 1132 514 1186 καθ’
559 1133 737 1203 ἡμῶν,
780 1135 867 1188 ἀεὶ
918 1138 1039 1199 ταῖς
1088 1137 1602 1209 προλαμϐανούσαις
1658 1142 1968 1210 συμφοραῖς

2071 1146 2308 1206 tentare,
2341 1144 2781 1211 praecedentibus
2810 1146 3218 1202 calamitatibus
3268 1161 3486 1217 semper
3511 1146 3650 1201 alias

392 1224 587 1296 ἐτέρας
611 1227 927 1295 εἰσάγοντες
948 1268 963 1292 ,
995 1230 1091 1283 καὶ
1118 1230 1373 1284 οὐδέποτε
1411 1232 1669 1303 λήγοντες
1695 1232 1789 1305 τοῦ
1831 1231 1967 1301 πρὸς

2073 1236 2567 1305 superinduceules
2584 1278 2599 1301 ,
2623 1245 2678 1293 et
2703 1255 2983 1310 nunquam
3012 1256 3043 1293 a
3068 1239 3208 1295 bello
3230 1238 3520 1294 adversum
3547 1254 3649 1293 nos

393 1318 541 1389 ἡμᾶς
570 1319 830 1388 πολέμου.

756 1336 830 1373 πο
2072 1341 2377 1387 cessantes.

467 1410 619 1478 Στίχ.
649 1409 754 1481 κη’.
797 1440 862 1450 -—
894 1411 1007 1465 Οὐκ
1046 1412 1157 1484 ἔχει
1200 1415 1229 1467 ὁ
1265 1414 1397 1479 Θεὸς
1426 1416 1624 1480 αἰτίαν,
1662 1417 1711 1468 εἱ
1741 1416 1877 1487 πρὸς
1910 1415 1970 1469 ὃν

2147 1422 2310 1479 Vens.
2342 1425 2433 1480 28.
2463 1456 2533 1469 -—
2563 1426 2703 1482 Deus
2737 1442 2847 1481 non
2884 1435 2970 1482 est
3021 1426 3075 1480 in
3125 1440 3319 1490 causa,
3379 1424 3425 1478 si
3462 1422 3646 1477 traditi

398 1500 676 1572 ἐπόθησαν
706 1503 1112 1575 παραδέδονται,
1143 1506 1343 1579 δηλαδὴ
1375 1508 1451 1579 τῷ
1484 1509 1619 1561 Θεοῦ
1657 1509 1970 1578 ἀποστατή-

2076 1517 2186 1571 sint
2223 1517 2300 1570 illi
2352 1508 2511 1587 quem
2564 1517 2967 1583 desiderarunt,
3026 1517 3238 1572 scilicet
3295 1514 3517 1569 diabolo
3556 1512 3650 1568 Dei

400 1606 559 1643 σαντι
606 1592 869 1664 διαϐόλῳ·
915 1594 1263 1659 ἐξαπέστειλε
1313 1597 1441 1665 γοῦν
1487 1598 1682 1661 αὐτοὺς
1723 1598 1863 1650 κατὰ
1901 1597 1973 1649 τὰ

2075 1608 2385 1663 desertori:
2430 1610 2641 1663 dimisit
2688 1610 2855 1680 igitur
2905 1626 3000 1665 eos
3048 1606 3348 1664 secundum
3385 1606 3648 1662 adiuven-

396 1686 808 1757 ἐπιτηδεύματα
839 1688 947 1740 τῶν
975 1688 1211 1759 καρδιῶν
1245 1690 1451 1742 αὐτῶνθ
1480 1689 1560 1743 διὸ
1585 1689 1972 1760 προστιθέασιν

2075 1701 2254 1755 tiones
2288 1700 2535 1753 eordium
2570 1701 2813 1769 ipsorum
2845 1718 2859 1765 ;
2908 1698 3115 1753 idcirco
3148 1703 3515 1767 apposuerunt
3547 1694 3651 1748 ini-

393 1778 630 1847 ἀνομίας
668 1780 753 1830 ἐπ“
793 1780 1063 1848 ἁνομὶαις.
1101 1780 1211 1850 Τὴν
1245 1782 1402 1835 σκιὰν
1435 1781 1491 1834 δὲ
1534 1781 1628 1834 τοῦ
1663 1781 1829 1850 νόμου
1871 1781 1970 1851 τῆς

2073 1792 2314 1862 quitates
2372 1808 2538 1859 super
2594 1793 2935 1862 iniquitates.
2992 1791 3262 1845 Cteterum
3328 1804 3451 1842 cum
3511 1787 3647 1855 legis

344 1946 347 1949 Ι
392 1868 656 1939 ἐλθούσης
708 1872 1142 1942 προτιμήσαντες
1185 1872 1475 1941 ἀληθείας,
1512 1872 1829 1942 ἐξώσθησαν
1876 1871 1965 1923 καὶ

2076 1885 2322 1939 umbram
2345 1894 2589 1940 venturae
2610 1885 2825 1940 veritati
2856 1884 3215 1955 przetulerint,
3246 1883 3409 1936 etiam
3435 1879 3649 1948 expulsi

392 1963 488 2013 τοῦ
518 1962 683 2015 τόπου
715 1967 814 2033 τῆς
842 1965 1075 2034 τυπικῆς
1108 1964 1385 2036 λατρείας,
1420 1971 1485 2037 τῇ
1520 1968 1761 2037 προτέρᾳ
1797 1982 1968 2036 προσα

2074 1986 2205 2032 sunt
2250 1994 2279 2032 e
2332 1979 2453 2032 loco
2506 1980 2687 2033 cultus
2740 1978 3007 2047 iiguralis,
3060 1976 3163 2031 hoc
3207 1983 3434 2046 peccato
3476 1974 3645 2044 priori

329 2052 345 2087 Τ
394 2048 633 2113 τιθέντες
668 2052 933 2122 ἁμαρτίᾳ,
973 2056 1030 2106 ἐν
1060 2054 1136 2124 τῷ
1152 2055 1251 2120 τῆς
1290 2055 1543 2118 Ἰουδαίας
1562 2056 1665 2122 ἔξω
1685 2056 1946 2125 βούλεσθα

2075 2070 2423 2139 adjicientes,
2469 2070 2615 2139 quod
2651 2076 2801 2123 extra
2829 2066 3069 2121 Iudaeam
3105 2066 3377 2122 voluerint
3428 2065 3535 2119 ista
3572 2062 3650 2117 fa-

392 2140 568 2194 ταῦτα
600 2146 793 2206 ποιεῖν,
835 2144 915 2196 διὸ
940 2146 1038 2198 οὐκ
1070 2148 1408 2216 εἰσέρχονται
1446 2149 1504 2199 ἐν
1544 2148 1860 2219 δικαιοσύνῃ
1902 2150 1968 2219 τῇ

2073 2177 2216 2225 cere,
2266 2162 2389 2215 ideo
2435 2176 2542 2214 non
2582 2163 2787 2214 intrant
2824 2160 2877 2213 in
2922 2159 3225 2229 justitiam,
3284 2172 3405 2227 quae
3437 2163 3521 2211 est
3554 2170 3649 2225 per

390 2233 480 2287 διὰ
511 2235 746 2299 πίστεως
794 2236 965 2305 Ἰησοῦ
997 2239 1232 2309 Χριστοῦ
1256 2256 1268 2269 ο
1309 2241 1437 2309 περὶ
1463 2236 1530 2310 ἧς
1564 2242 1808 2312 εἴρηται·
1841 2241 1971 2295 Νῦν

2074 2256 2233 2309 ﬁdem
2256 2253 2382 2308 Jesu
2408 2254 2637 2319 Christi,
2681 2254 2747 2308 de
2773 2268 2878 2322 qua
2902 2253 3107 2305 dictum
3133 2257 3214 2304 est
3240 2269 3253 2303 :
3284 2247 3441 2301 Nunc
3475 2257 3648 2300 autem

389 2326 460 2379 δὲ
503 2329 681 2396 χωρὶς
719 2330 906 2397 νόμου
948 2330 1305 2399 δικαιοσύνη
1335 2332 1481 2385 Θεοῦ
1532 2334 1964 2401 πεφανέρωται,
2000 2382 2010 2436 1

2028 2349 2184 2434 ‘sine
2212 2348 2321 2418 lege
2359 2347 2579 2417 justitia
2622 2345 2720 2399 Dei
2766 2343 3107 2411 manifestata
3149 2351 3248 2407 est,
3298 2339 3583 2407 testiﬁcata
3615 2354 3649 2389 a

384 2421 844 2489 μαρτυρουμένη
876 2421 993 2476 ὑπὸ
1019 2422 1123 2475 τοῦ
1153 2424 1341 2490 νόμου
1364 2423 1460 2476 καὶ
1492 2422 1608 2475 τῶν
1626 2423 1966 2492 προφητῶν.
2000 2428 2005 2436 “

2031 2421 2042 2434 ’
2074 2443 2180 2511 lege
2215 2451 2262 2495 et
2292 2441 2557 2508 prop/ictis
2589 2437 2771 2509 (Rom.
2804 2452 2888 2501 ιιι,
2914 2435 3036 2504 ‘21).
3068 2434 3204 2488 Cum
3240 2432 3382 2487 enim
3431 2445 3652 2498 semper

392 2510 531 2582 Περ)⁹
558 2511 715 2563 σκιὰν
742 2511 852 2583 γὰρ
879 2512 1094 2581 ἔχοντες
1121 2514 1230 2576 ἀεὶ,
1268 2514 1383 2577 πῶς
1427 2515 1746 2585 εἰσήρχοντο
1791 2518 1849 2569 ἐν
1893 2516 1971 2569 δι-

2075 2535 2283 2589 umbrae
2318 2533 2681 2594 adhmrerent,
2728 2528 3007 2601 quomodo
3054 2529 3357 2583 intrassent
3386 2525 3439 2578 in
3479 2522 3646 2593 justi-

390 2602 651 2674 καιοσύνῃ
674 2605 741 2675 ἢν
765 2606 1037 2676 ἠγνόησαν
1065 2606 1200 2659 Θεοῦ
1222 2626 1237 2673 ;
1268 2606 1386 2673 Τὴν
1411 2607 1569 2661 ἰδίαν
1593 2608 1703 2676 γὰρ
1728 2608 1970 2675 ζητοῦν-

2074 2630 2201 2683 tiam
2238 2627 2330 2682 Dei
2365 2642 2532 2697 quam
2570 2624 2940 2695 ignorabant?
2973 2620 3139 2676 Suam
3169 2620 3313 2672 enim
3356 2627 3656 2687 quwrentes

390 2712 490 2759 τες
505 2694 762 2763 στῆσαι,
796 2696 870 2766 τῇ
895 2697 1246 2766 δικαιοσύνῃ
1279 2698 1384 2751 τοῦ
1413 2699 1560 2752 Θεοῦ
1590 2703 1701 2769 οὐχ
1749 2700 1969 2754 ὑπετά-

2071 2730 2321 2780 statuere,
2350 2694 2576 2787 justitia:
2598 2694 2695 2769 Dei
2720 2732 2824 2769 non
2851 2722 2974 2767 sunt
2998 2712 3219 2783 subjecti
3250 2710 3509 2780 (Roma,
3540 2707 3597 2778 5)
3624 2725 3636 2760 :

390 2803 594 2856 γησαν
614 2805 626 2817 '
656 2790 855 2842 ταύτὸν
888 2790 994 2861 γὰρ
1018 2791 1078 2845 τὸ
1116 2792 1476 2861 ὑποταγῆναι,
1512 2792 1588 2863 τῷ
1618 2791 1878 2846 εἰσελθεῖν
1910 2794 1968 2845 ἐν

1793 2796 1878 2845 λεῖν
1910 2794 1968 2845 ἐν
2072 2828 2197 2866 nam
2229 2811 2370 2866 idem
2399 2818 2483 2865 est
2511 2809 2733 2876 subjici,
2769 2807 2913 2878 quod
2946 2807 3151 2859 intrare
3184 2804 3238 2857 in
3272 2818 3414 2858 eam.

389 2882 553 2952 αὐτῇ.

463 2972 613 3043 Στίχ.
646 2973 750 3028 κθ’.
784 3004 855 3015 —-
906 2976 1369 3046 Ἕξαλειφθεῖεν,
1412 2977 1693 3030 τουτέστιν
1742 2977 1967 3033 ἀποθά-

2142 2991 2309 3047 Vens.
2332 2991 2422 3046 29.
2447 3021 2518 3031 -—
2544 2989 2852 3049 Deleantnr.
2886 2987 2937 3041 id
2960 2992 3046 3041 est
3067 2985 3384 3038 moriantur.
3416 2980 3652 3034 Librum-

388 3081 574 3119 νοιεν.
616 3066 805 3118 Βίϐλον
832 3066 889 3119 δὲ
919 3066 1066 3135 λέγει
1104 3066 1343 3132 ζώντων,
1373 3066 1449 3131 ὡς
1480 3066 1573 3120 τοῦ
1612 3068 1749 3122 Θεοῦ
1778 3069 1968 3140 ὥσπερ

2071 3093 2253 3139 autent
2277 3084 2409 3139 dicit
2437 3082 2755 3145 viventium,
2788 3078 2945 3150 quasi
2975 3076 3122 3131 Deus
3142 3076 3196 3129 in
3224 3075 3365 3129 libro
3384 3070 3645 3142 quopiam

390 3154 450 3205 ὲν
491 3152 655 3224 βίϐλῳ
679 3152 788 3206 τινὶ
820 3154 947 3217 τοὺς
984 3155 1194 3218 ζῶντας
1220 3154 1433 3225 ἔχοντος
1470 3156 1963 3226 καταλεγομένους,

2068 3180 2314 3234 viventes
2352 3177 2550 3231 habeat
2599 3174 2928 3235 recensitos,
2970 3185 3036 3226 ex
3080 3167 3398 3237 metaphora
3427 3177 3641 3235 regum,

391 3245 481 3342 εκ.
504 3248 811 3317 μεταφορᾶς
863 3246 972 3299 τῶν
1012 3246 1300 3316 βασιλέων,
1336 3245 1443 3301 τῶν
1480 3250 1537 3300 ὲν
1588 3251 1708 3312 ταῖς
1764 3249 1966 3319 βίϐλοις

2069 3273 2160 3342 qui
2194 3270 2250 3325 in
2288 3269 2443 3325 libris
2470 3266 2704 3337 scriptos
2725 3264 2923 3320 habent
2949 3262 3232 3331 catalogos
3255 3259 3458 3314 ducum
3480 3270 3641 3312 exer-

389 3331 622 3401 ὲχόντων
658 3334 1143 3407 ἐγγεγραμμένους
1178 3336 1304 3399 τοὺς
1335 3335 1442 3389 τῶν
1478 3339 1825 3407 στρατιωτῶν
1862 3357 1966 3394 κα-

388 3423 670 3488 κλόνους.

2068 3368 2214 3423 citus

953 3542 1247 3597 ΨΑΛΜΟΣ
1279 3543 1402 3597 OA’.

2573 3577 2894 3637 PSALMUS
2945 3575 3130 3630 LXXI.

463 3669 637 3778 Xrix’:
650 3677 715 3778 ε’.
747 3702 816 3713 —
850 3673 925 3778 1:6
951 3674 1069 3778 πρό
1099 3675 1314 3778 οὐχηῶς
1340 3678 1433 3730 ἐπὶ
1460 3679 1651 3748 χρόνου
1689 3676 1859 3746 λέγει,
1887 3676 1963 3742 ὥς
1990 3714 2037 3778 c

2021 3714 2037 3739 ι
2138 3678 2307 3734 Vens.
2353 3678 2407 3732 5.
2443 3705 2513 3715 —
2544 3673 2695 3729 lstud
2745 3681 2864 3725 ante
2914 3685 3019 3724 non
3068 3665 3228 3739 quasi
3278 3664 3345 3719 dc
3395 3670 3642 3732 tempore

2021 3754 2037 3778 Ι
2082 3773 2117 3778 --
2161 3772 2172 3778 -
2376 3770 2408 3778 ..
2493 3768 2505 3778 .
2622 3774 2631 3778 Α
2787 3773 2796 3778 -
3075 3760 3245 3778 ,,-l__A
3280 3758 3380 3778 Ι..Δ
3417 3755 3639 3778 L-I..-..-n

385 3778 536 3825 τινες
563 3761 819 3833 ᾠήθησαν
839 3780 854 3795 ν
880 3765 1001 3817 ἐπεὶ
1027 3765 1186 3819 ποίαν
1208 3764 1319 3830 ’ἑξει
1344 3767 1481 3839 πρὸς
1507 3767 1566 3820 τὸ
1597 3768 1965 3837 παραμένειν
1990 3755 2006 3775 ’

2025 3755 2037 3778 ’
2066 3772 2225 3836 dicit,
2262 3777 2320 3824 ut
2341 3768 2508 3839 aliqui
2542 3773 2841 3839 putarunt;
2876 3779 2999 3817 nam
3034 3760 3248 3831 qualem
3280 3758 3384 3815 hoc
3417 3755 3646 3810 haberet

388 3852 747 3922 ἀκολουθίαν;
780 3857 1235 3926 Συμπαραμενεῖ
1280 3858 1419 3929 γὰρ,
1475 3859 1644 3931 φησὶ.
1693 3859 1774 3925 τῷ
1812 3861 1966 3928 ἡλίῳ

2063 3865 2463 3921 connexionem
2516 3877 2640 3915 cum
2670 3858 2838 3913 verbo
2863 3869 3163 3926 permanere
3182 3854 3207 3905 ?
3232 3848 3368 3905 Nam
3401 3863 3640 3918 comper-

391 3943 490 3996 καὶ
523 3943 637 4012 πρὸ
666 3943 779 4011 τῆς
811 3945 1080 4013 σελήνης
1100 3949 1309 4017 γενεὰς
1345 3948 1586 4018 γενεῶν.
1622 3951 1696 4003 Τὸ
1725 3951 1822 4022 μὲν
1855 3952 1965 4022 γὰρ

2066 3959 2318 4021 manebit,
2353 3956 2553 4026 inquit,
2587 3970 2708 4007 cum
2738 3952 2849 4006 sole
2876 3959 2922 4004 et
2959 3957 3082 4002 ante
3107 3946 3309 4011 lunam,
3340 3942 3397 3996 in
3425 3955 3640 4012 genera-

386 4036 881 4105 συμπαραμένειν
916 4040 997 4101 εἰς
1030 4038 1090 4091 τὸ
1114 4039 1244 4109 ἑξῆς
1276 4040 1516 4109 λέγεται,
1554 4043 1617 4095 τὸ
1646 4042 1702 4096 δὲ
1733 4046 1849 4112 πρό
1869 4045 1963 4097 ἐπὶ

2067 4055 2234 4108 tiones
2269 4049 2683 4120 generationum.
2722 4046 2910 4113 Itaque
2951 4039 3178 4096 verbum
3214 4049 3521 4106 permanere
3571 4032 3638 4085 ad

384 4125 499 4179 τῶν
552 4127 953 4198 προλαϐόντων.
999 4131 1187 4195 Οὐδεὶς
1217 4128 1311 4187 οῦν
1357 4134 1505 4203 λέγει
1539 4135 1621 4188 ὅτι
1666 4136 1772 4207 πρὸ
1804 4136 1961 4190 τοῦδε

2066 4143 2371 4215 sequentia,
2432 4138 2747 4211 prmpositio
2799 4149 2930 4189 vero
2990 4141 3112 4186 ante
3160 4130 3227 4185 ad
3276 4124 3637 4199 praecedentia

386 4224 825 4290 συμπαραμενεῖ.
858 4223 920 4274 Ei
944 4221 1000 4274 δέ
1030 4240 1113 4285 τις
1139 4224 1201 4277 τὸ
1230 4228 1688 4295 συμπαραμενεῖ
1726 4228 1800 4299 μὴ
1831 4228 1960 4299 βού-

2064 4234 2323 4288 refertur.
2352 4228 2525 4284 Nemo
2558 4228 2726 4298 igitur
2764 4225 2921 4290 dicit,
2970 4222 3115 4292 quod
3151 4219 3387 4274 antehac
3421 4227 3637 4287 perma-

382 4309 534 4363 λοιτο
559 4312 699 4364 κατὰ
718 4312 897 4364 κοινοῦ
923 4314 1177 4379 νοεῖσθαι,
1207 4316 1399 4379 καὶτὸ,
1425 4317 1537 4385 ,ττρό
1560 4316 1668 4386 τῆς
1690 4298 1962 4387 σελήνης

2064 4322 2236 4378 nebit.
2273 4320 2331 4374 Si
2382 4319 2509 4390 quis
2558 4331 2690 4372 vero
2743 4313 2886 4371 istud
2938 4306 3380 4379 compermanebit
3429 4298 3637 4373 aliquid

383 4402 597 4470 γενεὰς
644 4402 884 4471 γενεῶν,
939 4404 1090 4457 οὐδὲν
1143 4408 1395 4477 ποιήσει,
1425 4409 1543 4462 ἀλλ’
1588 4410 1620 4478 ἦ
1656 4410 1826 4480 χωλὸν
1865 4415 1961 4465 καὶ

2063 4412 2441 4469 subaudiendo
2462 4408 2690 4479 intelligi
2708 4406 2865 4467 nolit,
2880 4405 3042 4460 etiam
3061 4402 3230 4465 istud,
3246 4407 3367 4453 ante
3383 4398 3563 4452 lunam
3582 4395 3636 4450 in

382 4492 707 4564 ἁπλήρωτον
733 4496 855 4566 ἔχον
875 4499 971 4567 τὴν
988 4496 1249 4551 διάνοιανσ
1272 4500 1332 4551 οὐ
1360 4499 1466 4570 γὰρ
1487 4503 1757 4572 συνῆπται
1784 4504 1957 4574 αὐτῷ,

2060 4506 2416 4577 generationes
2446 4502 2859 4573 generationum,
2878 4497 2958 4552 nil
2988 4495 3093 4550 nisi
3118 4505 3372 4547 mancum
3408 4496 3462 4543 et
3485 4488 3635 4543 clau-

380 4583 466 4638 ἆτι
499 4583 665 4652 ἔστιν,
708 4586 791 4639 ὃτι
833 4586 1091 4657 ὑπάρχει,
1122 4589 1154 4659 ἢ
1188 4589 1269 4642 ὅτι
1306 4586 1408 4661 ἦν,
1440 4591 1548 4662 ῆτι
1590 4593 1846 4648 τοιοῦτον.
1887 4595 1963 4647 Τὸ

2060 4599 2190 4653 dum
2218 4612 2439 4650 sensum
2471 4593 2675 4658 faciet;
2708 4608 2816 4645 non
2841 4589 2985 4644 enim
3012 4587 3086 4641 illi
3114 4584 3458 4653 adjunctum,
3491 4578 3636 4650 quod

384 4672 488 4743 μὲν
531 4670 624 4728 οῦν
668 4678 1125 4747 συμπαραμενεῐ
1168 4680 1312 4733 κατὰ
1353 4682 1534 4735 κοινοῦ
1583 4682 1764 4752 λέγει’
1808 4685 1869 4737 τὸ
1901 4685 1959 4739 δὲ

2061 4693 2156 4756 sit,
2186 4690 2331 4761 quod
2363 4688 2616 4751 exsistat,
2655 4686 2741 4739 vel
2769 4681 2916 4753 quod
2950 4679 3138 4739 fuerit,
3168 4676 3253 4731 vel
3276 4672 3409 4745 quid
3436 4671 3634 4728 simile.

378 4765 500 4833 πρό
520 4766 618 4820 οὐκ
644 4768 736 4820 ἐπὶ
757 4770 855 4841 τῆς
872 4770 969 4823 τοῦ
993 4772 1187 4842 χρόνου
1216 4772 1364 4840 λέγει
1391 4774 1685 4845 ὑπεροχῆς,
1718 4776 1836 4830 ἀλλ’
1859 4778 1958 4831 ἐπὶ

2059 4782 2252 4853 Itaque
2292 4782 2435 4836 istud
2493 4773 2933 4846 compermanebit
2992 4768 3196 4839 aliquid
3252 4763 3631 4821 subaudiendo

377 4857 481 4927 τῆς
508 4858 628 4910 κατ’
672 4860 804 4912 αὐτὸ
849 4860 910 4913 τὸ
942 4860 1239 4932 διαμένειν.
1273 4865 1531 4934 Διαμενεῖ
1560 4867 1764 4932 τοίνυν,
1798 4872 1952 4941 φησι,

2059 4873 2234 4939 dicit;
2286 4870 2436 4926 istud
2486 4883 2617 4923 vero
2650 4876 2771 4920 ante
2818 4879 2927 4918 non
2980 4861 3048 4916 de
3103 4858 3369 4929 temporis
3402 4868 3631 4911 excessu

377 4951 477 5003 καὶ
507 4950 1034 5023 διαφυλαχθήσονται
1056 4956 1091 5026 ή
1113 4956 1303 5026 εἰρήνη
1332 4959 1425 5011 καὶ
1446 4958 1507 5011 τὸ
1533 4959 1740 5014 δίκαιον
1767 4962 1855 5016 ἴσα
1878 4963 1958 5035 τῷ

2058 4966 2214 5027 dicit,
2252 4963 2347 5020 sed
2380 4962 2448 5017 de
2481 4963 2598 5032 ipsa
2637 4954 3035 5028 permanentia.
3064 4949 3413 5007 Permanebit
3443 4946 3634 5015 igitur,

376 5040 520 5109 ἡλίῳ
568 5040 887 5111 λάμποντα,
935 5044 1031 5098 καὶ
1083 5044 1225 5115 ὑπὲρ
1261 5046 1360 5116 τὴν
1395 5047 1645 5119 σελήνην,
1676 5048 1817 5105 ὥστε
1860 5053 1955 5106 καὶ
1987 5058 1997 5112 1

2007 5058 2263 5127 )inquit,
2323 5064 2377 5111 et
2426 5052 2770 5109 custodietur
2822 5063 2929 5119 pax
2980 5057 3143 5116 atque
3184 5040 3402 5112 justitia
3458 5038 3628 5091 instar

376 5131 638 5202 προέχειν
684 5134 784 5204 τῆς
820 5135 1051 5206 σελήνης
1092 5136 1232 5190 κατὰ
1275 5136 1452 5191 τοῦτο.
1505 5140 1604 5194 Διὰ
1649 5141 1703 5193 τί
1750 5142 1809 5195 δὲ
1858 5145 1953 5197 καὶ

2061 5151 2198 5207 solis
2221 5147 2529 5220 splendida,
2559 5154 2615 5201 et
2643 5159 2809 5215 supra
2833 5143 3041 5205 lunam,
3066 5140 3140 5193 ita
3170 5145 3231 5189 ut
3259 5132 3422 5188 etiam
3445 5130 3629 5184 lunam

376 5223 602 5317 προέχει
622 5224 721 5293 τῆς
743 5224 1011 5317 σελήνης;
1044 5225 1168 5280 Ὀτι
1192 5229 1228 5298 ή
1257 5229 1355 5298 μὲν
1388 5229 1501 5300 ἔχει
1542 5232 1635 5284 καὶ
1675 5233 1952 5303 μειώσεως

2059 5246 2233 5317 ipsam
2269 5228 2324 5296 in
2354 5242 2461 5295 hoc
2499 5246 2739 5309 superet.
2771 5236 2954 5302 Quare
2983 5241 3166 5288 autem
3196 5228 3385 5282 lunam
3413 5237 3627 5317 quoque

374 5314 610 5408 πολλοὺς
649 5316 874 5408 καιροὺς
895 5358 911 5382 ,
939 5316 1079 5388 αὕτη
1106 5316 1165 5371 δὲ
1198 5320 1255 5372 ὲν
1282 5317 1361 5390 τῷ
1388 5320 1661 5391 διαμένειν
1692 5324 1781 5379 ἀεὶ
1804 5365 1818 5389 ,
1856 5330 1951 5382 καὶ

2058 5313 2232 5408 ipsam
2280 5331 2598 5389 antecellit?
2625 5329 2766 5396 Quia
2812 5326 3075 5382 nimirum
3110 5322 3228 5391 ipsa
3258 5317 3425 5374 etiam
3456 5313 3627 5369 multa

372 5406 552 5472 αὔξει,
589 5407 683 5461 καὶ
714 5407 1062 5497 φυλάττεται.
1086 5410 1160 5465 Τὸ
1185 5411 1244 5465 δὲ
1263 5450 1279 5477 ,
1305 5412 1520 5481 γενεὰς
1538 5413 1781 5483 γενεῶν,
1807 5417 1954 5472 κατὰ

2059 5406 2308 5497 tempora
2324 5422 2652 5479 defectionis
2672 5419 2877 5484 habet,
2907 5416 3026 5470 haec
3053 5420 3236 5468 autem
3260 5410 3392 5467 dum
3416 5417 3625 5474 semper

372 5497 436 5551 τὺ
463 5500 663 5553 οίκεῖον
695 5498 889 5571 ἰδίωμα
920 5496 1075 5557 εἶπεν
1098 5503 1222 5557 ἀντὶ
1257 5502 1353 5556 τοῦ
1391 5503 1485 5557 ἐπὶ
1507 5503 1666 5561 πολύ.

2056 5496 2366 5591 permanet,
2410 5516 2575 5571 etiam
2602 5520 2859 5586 augetur,
2890 5516 2947 5566 et
2990 5506 3322 5565 custoditur.
3354 5501 3625 5571 Qaaterum

373 5589 546 5658 istud,
590 5589 657 5645 In
700 5593 1059 5649 ueneratione:
1098 5595 1514 5667 generationttm,
1580 5600 1884 5662 secundum
1924 5589 2225 5684 Scriptura:
2261 5609 2545 5682 proprium
2576 5606 2838 5680 loquendi
2890 5602 3112 5662 modum
3166 5600 3306 5658 dixit
3352 5610 3457 5668 pro
3504 5591 3623 5648 diu.

443 5821 524 5892 (ί)
558 5820 635 5879 Ex
666 5824 951 5889 Cordcrio.
