4096 6234
475 327 571 385 σοι

474 534 604 596 sole,
623 533 691 586 de
714 546 848 601 pace
874 544 940 582 ac
972 527 1185 597 justitia
1224 529 1464 582 dixisse:
1490 529 1681 581 eadem
1722 529 1888 596 igitur
1913 542 2047 582 usus

474 623 861 687 similitudine,
887 620 1035 676 istud
1060 620 1259 674 orietur
1283 618 1444 689 quasi
1476 619 1543 673 de
1565 618 1681 672 sole
1715 633 1937 688 quoque
1965 616 2043 671 di-

475 717 585 782 xit;
620 714 673 769 id
709 722 793 768 est
830 711 1137 783 apparebit.
1168 710 1267 772 Ita,
1294 711 1491 780 inquit,
1523 710 1727 764 lucebit
1761 710 1904 764 sicut
1939 709 2043 763 sol.

473 808 632 863 Nunc
690 808 876 877 itaque
936 805 1041 861 hoc
1093 805 1271 875 ipsum
1322 802 1674 858 manifestius
1725 802 2045 857 declaravit.

478 904 653 971 Atque
686 901 891 960 omnia,
920 898 1117 968 inquit,
1144 912 1240 967 per
1271 912 1459 951 curam
1486 904 1635 950 tuam
1667 905 1777 948 tam
1810 894 1917 948 alta
1945 908 2045 963 pax

474 993 802 1057 continebit,
851 1001 909 1045 ut
947 1006 1099 1061 aeque
1132 989 1475 1060 impossibile
1527 989 1773 1042 futurum
1824 987 1916 1049 sit,
1952 1001 2048 1055 pa-

476 1102 592 1141 cem
624 1085 745 1155 ejus
774 1101 839 1139 ac
870 1085 1013 1138 luna:
1058 1082 1427 1139 substantiam
1468 1080 1723 1135 dissolvi.
1754 1076 1907 1132 Solet
1948 1093 2049 1130 au—

475 1188 587 1235 tem
644 1177 928 1247 Scriptura
980 1177 1033 1230 in
1085 1175 1361 1231 similibus
1393 1174 1471 1227 uti
1507 1170 1858 1242 hyperbolis;
1895 1179 1953 1223 ut
1995 1170 2049 1221 in

478 1274 687 1345 psalmo
718 1270 1059 1342 octogesimo
1107 1276 1323 1326 octavo,
1352 1264 1556 1318 Ponam
1598 1264 1650 1316 in
1687 1262 1941 1316 sa'culum
1980 1277 2054 1314 se-

476 1382 594 1419 men
626 1364 759 1432 ejus,
802 1373 850 1416 et
907 1360 1149 1414 thronum
1202 1356 1315 1429 ejus
1368 1357 1501 1409 sicut
1557 1356 1666 1408 dies
1715 1351 2049 1423 cmli(Psal.

477 1471 743 1520 uxxvm,
783 1454 895 1520 '50).
920 1453 1053 1506 Cum
1095 1450 1268 1520 magis
1307 1447 1654 1519 hyperbolice
1689 1445 1941 1505 dixisset,
1969 1461 2054 1499 re-

478 1563 644 1620 gnum
680 1548 733 1599 in
769 1542 1185 1600 successoribus
1216 1540 1431 1595 Davidis
1456 1553 1606 1608 aeque
1645 1554 1707 1591 ac
1741 1538 1940 1592 coelum
1966 1539 2051 1590 in-

477 1638 798 1697 dissolubile
831 1649 1272 1707 permansurum,
1300 1633 1356 1687 in
1389 1629 1749 1699 sequentibus
1782 1644 1913 1683 vero
1950 1630 2050 1683 ite-

478 1750 599 1791 rum
622 1733 720 1793 ait,
751 1730 819 1784 Et
847 1729 1063 1783 thronus
1078 1726 1190 1795 ejus
1214 1726 1350 1780 sicut
1369 1724 1447 1777 sol
1468 1724 1520 1777 in
1543 1731 1816 1790 conspectu
1849 1737 1983 1783 meo,
2003 1730 2053 1774 et

478 1831 614 1884 sicut
633 1826 761 1879 luna
799 1822 1029 1893 perfecta
1062 1821 1115 1874 in
1158 1828 1406 1874 a'ternunt
1430 1816 1595 1889 (Ibid.
1623 1816 1712 1882 58)
1746 1834 1758 1869 :
1787 1830 1910 1885 quae
1947 1814 2052 1869 uti-

480 1940 586 1993 que
625 1935 812 1976 revera
855 1931 965 1971 non
1012 1916 1086 1969 ita
1145 1911 1510 1982 contigerunt,
1552 1910 1647 1965 sed
1705 1906 2054 1981 hyperbolice

482 2013 628 2070 dicta
669 2017 797 2065 sunt
827 2023 858 2063 a
899 2005 1183 2075 Scriptura
1219 2002 1403 2057 divina

557 2204 722 2260 Vsus.
752 2202 805 2257 8.
836 2231 904 2241 -——
935 2196 1059 2253 Non
1094 2195 1241 2267 quod
1288 2193 1513 2249 omnino
1562 2189 1854 2259 imperabit
1880 2195 1934 2243 et
1967 2201 2055 2241 re-

485 2307 593 2369 get,
622 2294 717 2351 sed
743 2294 872 2365 quia
904 2292 1047 2345 fama
1079 2296 1133 2343 et
1150 2286 1326 2358 gloria
1357 2299 1548 2340 omnes
1580 2283 1755 2353 ipsum
1793 2289 2052 2349 tanquam

482 2390 775 2446 Dominum
808 2400 971 2441 suum
1004 2377 1389 2437 admirabundi
1418 2376 1830 2433 venerabuntur
1862 2389 1875 2424 :
1906 2371 2051 2443 quod

483 2486 648 2542 etiam
682 2494 872 2536 revera
909 2477 1111 2532 factum
1146 2473 1441 2543 reperitur.

556 2597 723 2651 Vsus.
757 2594 931 2651 i7.-
960 2589 1060 2644 Hic
1107 2588 1271 2643 etiam
1313 2581 1713 2640 demonstravit
1745 2577 1894 2635 istud
1929 2584 2056 2631 ante

487 2707 597 2746 non
629 2690 696 2744 de
729 2695 975 2755 tempore
1014 2681 1144 2744 dici,
1172 2691 1231 2733 ut
1259 2676 1483 2733 Christo
1521 2673 1820 2729 convenire
1859 2668 2056 2724 existi-

486 2792 665 2839 metur
695 2800 708 2836 :
738 2778 886 2849 quod
932 2774 1099 2844 aliqui
1150 2777 1439 2843 putarunt.
1482 2767 1618 2821 Nam
1655 2766 1702 2820 si
1755 2762 1904 2819 istud
1936 2768 2058 2815 ante

488 2877 558 2930 de
587 2884 830 2942 tempore
859 2883 923 2922 ac
951 2867 1020 2920 de
1052 2861 1486 2935 praeexsistentia
1513 2858 1743 2921 diceret,
1771 2853 2053 2925 quomodo

490 2962 835 3038 permanebit,
860 2959 1007 3031 quod
1042 2959 1096 3012 in
1145 2953 1506 3025 sequentibus
1541 2951 1651 3006 ait?
1682 2950 1830 3004 Adeo
1864 2948 2054 3019 igitur,

1662 319 2009 377 'l‘llEODORI
2050 322 2528 382 MOPSUESTENI

549 440 710 496 Vsus.
741 441 877 494 7—.
903 437 1230 495 Ostenderat
1272 454 1330 492 se
1373 437 1517 492 istud
1561 438 1889 505 permanebit
1923 454 2039 489 cum
2071 444 2118 499 Α

3617 314 3727 372 692

2217 442 2363 512 Στίχ.
2417 445 2481 506 ζ’.
2523 472 2589 482 --
2628 439 2869 504 Ἔδειξεν
2901 439 2981 491 ὅτι
3020 437 3100 503 τὸ,
3138 431 3596 505 συμπαραμενεῖ
3646 428 3726 497 τῷ

2148 535 2319 600 ἡλίῳ.
2349 535 2442 585 ἐπὶ
2465 532 2564 602 τῆς
2604 532 2826 605 εἰρήνης
2868 526 2987 583 εἷπε
3022 530 3115 584 καὶ
3144 527 3240 582 τοῦ
3269 526 3479 581 δικαίου
3503 542 3516 555 ·
3557 525 3718 594 ὲχρήο

2147 643 2276 679 σατο
2323 620 2416 678 οὖν
2465 624 2559 677 καὶ
2604 626 2669 694 τῇ
2725 622 3022 693 ὁμοιότητι,
3070 621 3134 673 τὸ
3161 616 3441 675 (iratus?
3487 617 3581 669 ἐπὶ
3628 614 3721 667 τοῦ

2149 718 2299 789 ἡλίου
2329 715 2532 771 εἰπών·
2576 716 2695 769 ἀντὶ
2745 713 2841 767 τοῦ
2889 715 3208 785 φανήσεται.
3260 711 3447 774 Οὕτως
3497 708 3720 777 λάμψει.

2149 812 2334 881 φησιν,
2363 811 2438 873 ὡς
2470 812 2498 863 ὁ
2524 810 2693 879 ἥλιος.
2728 806 2842 860 Νῦν
2886 802 2978 860 οὖν
3015 805 3147 860 αὐτὸ
3196 804 3429 874 ἐδήλωσε
3464 800 3722 869 σαφέστεο

2155 920 2264 971 ρον.
2291 903 2400 955 Καὶ
2431 900 2593 963 οὕτω,
2618 901 2771 970 φησὶ,
2801 898 2991 969 βαθεία
3024 897 3204 951 πάντα
3225 894 3440 959 καθέξει
3463 894 3497 964 ἡ
3533 892 3723 963 εἰρήνη

2149 995 2236 1047 διὰ
2269 993 2368 1065 τὴν
2409 993 2560 1063 παρὰ
2599 992 2692 1044 σοῦ
2730 992 3073 1063 κηδεμονίαν,
3104 991 3179 1053 ὡς
3226 987 3422 1059 ὁμοίως
3467 986 3723 1040 ἀδύνατον

2152 1081 2309 1148 εἶναι,
2337 1083 2562 1153 λυθῆναί
2596 1099 2654 1134 τε
2683 1082 2781 1151 τὴν
2812 1081 2897 1134 ἐπ’
2927 1079 3091 1136 αὐτοῦ
3122 1079 3344 1148 εἰρήνην
3382 1076 3475 1130 καὶ
3505 1075 3606 1145 τῆς
3636 1091 3725 1127 σε-

2151 1178 2319 1248 λήνης
2361 1176 2458 1245 τὴν
2511 1172 2760 1245 ὓπαρξιν.
2817 1174 2949 1234 Ταῖς
3004 1171 3060 1225 δὲ
3100 1169 3421 1241 ὑπερϐολαῖς
3476 1167 3569 1221 ἐπὶ
3615 1165 3724 1241 τῶν

2153 1268 2406 1321 τοιούτων
2435 1266 2553 1329 ἔθος
2594 1263 2891 1335 κεχρῆσθαι
2918 1265 2981 1333 τῇ
3029 1262 3150 1332 θείᾳ
3191 1261 3403 1330 Γραφῇ,
3432 1259 3508 1322 ὡς
3540 1257 3635 1311 καὶ
3666 1259 3724 1310 ὲν

2154 1359 2230 1428 τῷ
2275 1365 2367 1429 πη¹
2411 1357 2630 1428 ψαλμῷ,
2671 1356 2750 1414 τὸ.
2811 1353 3077 1423 ϐήσομαι
3120 1354 3209 1418 είς
3262 1351 3366 1405 τὸν
3421 1348 3609 1405 αἰῶνα
3656 1348 3723 1401 τὸ

2154 1450 2392 1520 σπέρμα
2415 1446 2621 1511 αὐτοῦ,
2645 1445 2742 1499 καί
2767 1443 2875 1498 τὸν
2902 1444 3116 1512 θρόνον
3134 1440 3319 1497 αὑτοῦ
3347 1440 3427 1506 ὡς
3450 1441 3557 1505 τὰς
3584 1436 3727 1508 mdo

2148 1559 2263 1611 ρας
2310 1540 2414 1595 τοῦ
2462 1536 2742 1607 οὐρανοῦ.
2809 1532 3338 1606 ’Υπερὸολικώτερον
3384 1529 3575 1593 εἰπὼν,
3626 1528 3727 1600 τὴν

2158 1636 2431 1707 βασιλείαν
2461 1634 2518 1687 ὲν
2536 1635 2648 1696 τοῖς
2680 1630 2942 1700 διαδόχοις
2972 1626 3068 1682 τοῦ
3100 1626 3262 1680 Δαὸὶδ
3292 1624 3382 1679 ἴσα
3403 1622 3481 1694 τῷ
3512 1620 3727 1692 οὐρανῷ

2158 1727 2437 1782 ἀδιάλυτον
2462 1724 2797 1795 παραμένειν
2813 1738 2826 1752 ο
2852 1721 2947 1774 καὶ
2973 1719 3099 1789 ἑξῆς
3122 1719 3178 1771 δὲ
3202 1717 3383 1779 πάλιν,
3406 1714 3517 1769 Καὶ
3541 1716 3574 1768 ό
3595 1713 3728 1781 θρό-

2085 1783 2127 1842 B
2155 1838 2262 1886 νος
2294 1817 2478 1873 αὑτοῦ
2526 1783 2629 1883 ως.
2656 1818 2690 1870 ὁ
2718 1814 2892 1883 ἥλιος
2930 1783 3209 1870 ἐναταίρν
3255 1825 3387 1877 μου,
3434 1804 3535 1859 καὶ
3573 1805 3654 1871 ὡς
3685 1804 3726 1873 7i

2154 1908 2387 1978 σελήνη
2421 1903 2857 1975 κατηρτισμένη
2896 1903 2984 1968 εις
3012 1900 3120 1953 τὸν
3148 1897 3363 1951 αἰῶνα·
3397 1894 3541 1965 ἇπερ
3585 1891 3728 1946 κατὰ

2157 2002 2254 2073 μὲν
2278 2001 2339 2054 τὸ
2366 2000 2587 2071 ἀκριϐὲς
2624 1998 2723 2067 οὐχ
2757 1994 2898 2048 οὕτω
2942 1992 3189 2061 γέγονεν,
3228 1983 3726 2059 ὑπερϐολικώτερον

2153 2095 2207 2148 δὲ
2232 2095 2444 2166 εἴρηται
2480 2094 2545 2164 τῇ
2574 2091 2695 2161 θείίξι
2715 2089 2903 2161 Γραφῇ
2990 2160 2991 2163 η

2224 2212 2371 2280 Στίχ.
2408 2206 2481 2277 η’.
2526 2236 2595 2247 —-
2628 2205 2740 2275 Οὐχ
2775 2203 2857 2257 ὅτι
2909 2199 3176 2274 κρατήσει
3206 2197 3421 2260 πάντως
3448 2192 3544 2247 καὶ
3570 2191 3727 2262 βασι-

2154 2303 2358 2365 λεύσει,
2395 2299 2509 2354 ἀλλ’
2557 2298 2637 2351 ὅτι
2682 2298 2751 2366 τῇ
2787 2295 2943 2366 φήμῃ
2986 2290 3081 2344 καὶ
3119 2292 3183 2360 τῇ
3235 2286 3361 2359 δόξῃ
3410 2283 3611 2345 πάντες
3653 2280 3729 2344 ὡς

2156 2398 2359 2469 Κύριον
2395 2392 2600 2448 ἑαυτῶν
2638 2387 3035 2459 θαυμάσονταν
3071 2384 3099 2436 ὂ
3132 2383 3225 2436 καὶ
3261 2377 3473 2451 ἀληθῶς
3507 2372 3728 2445 γεγονὸς

2157 2489 2487 2562 εὑρίσκεται.

2228 2603 2376 2673 Στίχ.
2414 2603 2497 2668 ιζ’.
2518 2633 2587 2642 -—
2619 2598 2823 2663 Ἔδειξε
2857 2592 3134 2649 κάνταῦθα
3166 2592 3246 2644 ὅτι
3277 2586 3338 2641 τὸ
3366 2586 3481 2653 πρό
3506 2584 3608 2637 οὐκ
3635 2581 3726 2635 ἐπὶ

2157 2696 2347 2767 χρόνου
2386 2695 2554 2764 λέγει,
2597 2694 2683 2745 ἴνα
2721 2690 2799 2760 τῷ
2830 2685 3049 2759 Χριστῷ
3082 2682 3371 2755 ἁρμόττειν
3418 2675 3670 2747 νομισθῇ,
3700 2674 3730 2727 δ

2157 2765 2300 2850 τινες
2326 2785 2603 2857 ᾠήθησαν.
2636 2784 2698 2836 Ei
2725 2780 2834 2853 γὰρ
2859 2779 2919 2833 τὸ
2949 2777 3066 2847 πρό
3101 2774 3195 2828 ἐπὶ
3237 2772 3428 2843 χρόνου
3465 2768 3612 2835 λέγει
3638 2765 3731 2819 καὶ

2159 2856 2571 2949 προϋπάρξεως,
2603 2873 2720 2936 πῶς
2760 2871 2821 2924 τὸ
2853 2866 3134 2938 διαμενεῖ,
3172 2867 3307 2933 ὅπερ
3337 2861 3429 2914 ἐπὶ
3459 2858 3568 2912 τῶν
3602 2856 3732 2926 ἑξῆς

2159 2970 2341 3038 λέγεις
2395 2967 2552 3022 Οὕτω
2600 2966 2800 3027 τοίνυν,
2843 2961 2997 3033 φησὶ,
3054 2958 3115 3013 τὸ
3148 2956 3317 3025 ὄνομα
3360 2950 3527 3007 αὐτοῦ
3582 2949 3730 3020 μένει

490 3057 696 3128 inquit,
733 3067 933 3108 nomen
967 3050 1089 3119 ejus
1130 3054 1315 3102 manet
1364 3042 1713 3105 admirabile,
1739 3056 1849 3095 non
1896 3051 2057 3095 secus

2162 3059 2596 3132 θαυμαζόμενον,
2624 3057 2722 3110 οὐκ
2768 3054 2987 3110 ἔλαττον
3015 3052 3049 3123 ἢ
3073 3051 3102 3104 ό
3132 3048 3282 3119 ἥλιος
3309 3044 3402 3099 καὶ
3432 3044 3464 3114 ἡ
3510 3041 3728 3111 σελήνη.

492 3166 557 3205 ac
611 3148 695 3204 sol
749 3154 804 3201 et
850 3144 1003 3198 luna.
1045 3143 1226 3212 Atque
1276 3139 1441 3209 hujus
1499 3134 1895 3191 demonstratio
1942 3139 2054 3193 est,

2163 3129 2482 3206 Καὶ-τούτου
2507 3148 2798 3215 ἀπόδειξις,
2824 3147 2885 3199 τὸ
2912 3144 3040 3215 ἄχρι
3067 3142 3165 3212 τῆς
3194 3138 3353 3209 δεῦρο
3376 3133 3470 3188 τοῦ
3490 3150 3550 3185 τε
3580 3131 3732 3203 ήλίου

491 3239 640 3313 quod
683 3236 999 3308 usquedum
1032 3234 1113 3289 sol
1149 3239 1204 3287 et
1234 3232 1360 3285 luna
1396 3233 1743 3300 permanent,
1775 3225 1892 3296 ipse
1925 3238 2062 3294 quo-

492 3350 599 3405 que
624 3333 693 3387 ab
720 3329 977 3385 omnibus
1010 3324 1333 3380 hominibus
1359 3326 1717 3381 memoretur,
1739 3325 1795 3372 et
1825 3314 2061 3371 admira-

493 3425 633 3480 tioni
666 3423 739 3477 sit
767 3429 989 3492 propter
1035 3415 1385 3487 sapientiam,
1409 3420 1467 3467 et
1524 3410 1779 3481 gloriam,
1803 3417 1857 3463 et
1886 3406 2061 3461 hono-

505 3534 645 3585 rem,
676 3531 837 3587 quem
872 3510 1017 3583 apud
1054 3508 1246 3564 ouines
1281 3514 1610 3563 consecutus
1644 3510 1749 3557 est.

570 3630 700 3685 lato.
732 3659 803 3670 ——
832 3625 933 3681 Hic
959 3625 1195 3680 maxime
1225 3620 1457 3676 adduxit
1487 3631 1713 3673 causam
1746 3627 2064 3670 sermonum

498 3725 565 3780 ad
619 3726 796 3794 ipsum
846 3720 1182 3781 habitorum,
1213 3715 1340 3787 quia
1389 3714 1461 3769 ob
1517 3724 1810 3766 commune
1856 3707 2064 3762 bonum

496 3822 689 3869 narrat
717 3813 839 3883 ejus
872 3810 1091 3866 decora.
1120 3806 1403 3877 Siquidem
1439 3805 1622 3858 omnis
1674 3802 1849 3857 honor
1896 3798 2063 3868 regis,

498 3916 555 3963 et
606 3905 911 3976 praesertim
966 3900 1100 3972 justi
1150 3914 1307 3961 cura,
1358 3908 1706 3953 communem
1774 3890 2085 3967 utilitatem.

501 4004 711 4069 spectat
756 3995 1122 4050 subditorum.
1155 3991 1386 4059 PrOpter
1436 3989 1618 4057 ipsum
1651 3983 1824 4044 enim,
1861 3979 2064 4050 inquit,

500 4087 858 4145 admirationi
922 4093 1087 4141 erunt
1144 4096 1334 4135 omnes
1380 4080 1579 4139 tribus,
1634 4076 1687 4131 id
1739 4085 1844 4139 est,
1888 4072 2070 4128 omnis

500 4183 691 4240 Israel.
718 4183 898 4251 Atque
930 4177 1098 4246 hujus
1140 4182 1525 4245 argumentqu
1560 4178 1666 4233 est,
1698 4166 1845 4239 quod
1878 4165 2070 4236 regina

503 4272 688 4333 Austri
740 4270 807 4325 ad
854 4270 1032 4341 ipsum
1097 4264 1341 4325 veniens,
1387 4263 1576 4317 beatos
1629 4256 2071 4329 pronuntiaverit
2131 4277 2139 4283 -

507 4367 790 4423 ministros
833 4362 975 4433 ejus,
1011 4357 1159 4431 quod
1189 4354 1409 4411 assidue
1447 4352 1715 4423 sapientia
1763 4350 1886 4420 ejus
1925 4349 2072 4433 true-

507 4467 719 4519 rentur.

994 4612 1315 4675 PSALMUS
1365 4607 1571 4666 LXXII.

571 4753 741 4811 Vsus.
773 4754 951 4810 iO.-——
983 4750 1050 4804 Et
1081 4752 1264 4804 vivent
1310 4764 1436 4802 cum
1479 4746 1789 4807 saturitate,
1820 4744 1950 4798 dum
1994 4744 2071 4797 ita

503 4851 572 4904 ab
599 4847 735 4919 ipsis
764 4845 876 4899 vita
905 4841 1234 4906 instituitur,
1264 4852 1320 4897 ut
1348 4843 1531 4896 nullus
1559 4840 1680 4893 vitae
1709 4838 1827 4892 dies
1850 4844 2073 4907 praeter-

501 4944 656 5005 ﬂuat,
688 4937 826 5009 ipsis
875 4952 906 4990 a
959 4946 1133 4990 morte
1178 4934 1495 5004 praeventis.
1531 4929 1644 4985 Hoc
1683 4936 1866 4983 autem
1915 4926 2069 4987 dicit,

500 5051 615 5090 non
650 5031 807 5103 quasi
855 5029 1083 5085 omnino
1125 5026 1543 5081 determinatum
1581 5034 1799 5091 tempus
1852 5021 1926 5074 sit
1973 5034 2071 5071 cu-

499 5126 725 5197 juslibet
762 5122 1004 5179 hominis
1044 5119 1313 5182 viventis,
1343 5118 1437 5173 sed
1475 5115 1621 5186 quod
1670 5130 1772 5169 nos
1819 5111 2072 5181 frequen-

505 5229 607 5281 ter,
647 5232 772 5271 cum
823 5224 1022 5270 natura
1080 5213 1252 5269 simus
1309 5210 1659 5281 passionibus
1716 5206 1964 5271 obnoxii,
2005 5205 2075 5258 ab

506 5310 767 5366 aerumnis
814 5317 869 5364 et
906 5305 1295 5363 alﬂictionibus
1341 5303 1425 5358 vel
1474 5301 1748 5371 aliquibus
1797 5298 2074 5355 similibus

509 5409 738 5455 mortem
768 5399 1173 5460 sustineamus;
1201 5410 1366 5465 quam
1404 5393 1449 5447 si
1482 5393 1764 5447 declinare
1792 5391 2072 5462 potuisse-

509 5508 655 5556 mus,
685 5491 1012 5561 longissimo
1060 5499 1307 5559 tempore
1345 5487 1695 5541 vixissemus.
1732 5484 1869 5539 Aliae
1923 5482 2071 5538 enim

510 5592 714 5638 mortes
769 5592 899 5636 sunt
956 5596 1079 5653 quae
1127 5583 1198 5637 ab
1253 5580 1514 5635 aerumnis
1568 5576 1904 5636 inferuntur,
1955 5575 2074 5629 alia:

510 5676 641 5731 item
693 5689 814 5743 quae
862 5689 969 5728 non
1019 5672 1087 5726 ab
1135 5673 1376 5727 externis
1425 5671 1607 5734 malis,
1644 5669 1739 5724 sed
1765 5686 1831 5722 ex
1873 5668 2077 5737 ipsius-

512 5775 622 5827 met
678 5774 887 5825 naturae
938 5764 1247 5820 conditione
1298 5763 1740 5838 proﬁciscuntur.
1773 5759 1906 5814 Nam
1948 5759 2075 5815 licet

2163 3243 2255 3298 καὶ
2300 3242 2398 3312 τῆς
2446 3241 2675 3311 σελήνης
2721 3236 3098 3307 διαμενόντων,
3156 3228 3430 3300 διαμένειν
3482 3225 3734 3278 κάκεῖνον

2163 3333 2316 3404 παρὰ
2340 3333 2504 3385 πᾶσιν
2534 3328 2840 3400 ἀνθρώποις
2876 3318 3344 3397 μνημονευόμενόν
3373 3334 3452 3380 τε,
3486 3315 3579 3369 καὶ
3604 3314 3735 3367 θαυ-

2168 3424 2469 3495 μαζόμενον
2499 3421 2589 3473 ἐπὶ
2622 3422 2686 3490 τῇ
2724 3418 2903 3487 σοφίᾳ,
2929 3415 3021 3468 ἐπὶ
3063 3415 3131 3483 τῇ
3159 3409 3311 3481 δόξῃ,
3342 3407 3435 3460 ἐπὶ
3464 3408 3531 3477 τῇ
3571 3406 3732 3475 τιμῇ.

2162 3511 2231 3588 ἦς
2258 3514 2407 3587 παρὰ
2431 3515 2645 3567 πάντων
2672 3511 2848 3579 ἔτυχε.
3276 3502 3286 3519 ³

2248 3625 2510 3681 Ἐνταῦθα
2550 3624 2784 3694 μάλιστα
2823 3621 3095 3690 συνήγαγε
3123 3617 3230 3671 τῶν
3262 3618 3341 3680 είς
3376 3613 3535 3669 αὑτὸν
3563 3610 3737 3678 λόγων

2166 3721 2263 3791 τὴν
2296 3719 2495 3783 αἰτίαν,
2521 3718 2602 3771 ὅτι
2644 3714 2732 3768 διὰ
2769 3714 2829 3766 τὸ
2853 3712 3026 3766 κοινὸν
3069 3710 3164 3764 τοῦ
3212 3709 3451 3778 πλήθους
3490 3704 3557 3758 τὰ
3607 3703 3739 3769 mpi.

2167 3812 2326 3867 αὐτὸν
2363 3810 2625 3880 διηγεῖται
2656 3805 2813 3859 καλά.
2852 3805 3006 3858 Πᾶσα
3033 3801 3141 3874 γὰρ
3166 3800 3298 3871 τιμὴ
3330 3795 3612 3868 βασιλέως,
3646 3793 3740 3846 καὶ

2171 3905 2401 3977 μάλιστα
2447 3904 2481 3973 ή
2531 3897 2625 3954 τοῦ
2658 3898 2863 3952 δικαίου
2915 3895 3154 3967 φροντὶς,
3185 3892 3361 3947 κοινὸν
3393 3888 3584 3957 ὄφελος
3631 3884 3740 3938 τῶν

2171 3994 2619 4068 βασιλευομένων.
2646 3988 3131 4060 Θαυμασθήσονται
3152 3984 3283 4056 γὰρ,
3309 3983 3462 4055 φησι,
3491 3981 3556 4035 δι’
3579 3977 3740 4033 αὐτὸν

2170 4091 2340 4143 πᾶσαι
2373 4090 2427 4143 αἱ
2453 4086 2633 4156 φυλαὶ,
2662 4084 2927 4145 τουτέστι,
2963 4083 3070 4145 πᾶς
3098 4083 3127 4134 ὁ
3161 4076 3394 4150 Ἰσραήλ.
3414 4075 3523 4128 Καὶ
3549 4071 3740 4125 τούτου

2169 4179 2460 4244 ἀπόδειξις,
2492 4179 2553 4232 τὸ
2581 4177 2675 4248 τὴν
2705 4174 2799 4229 τοῦ
2826 4174 2978 4227 νότου
3009 4167 3324 4243 βασίλισσαν
3360 4163 3742 4238 παραγενομὲ-

2170 4288 2289 4342 νην,
2334 4271 2629 4342 μακαρίσαι
2676 4268 2799 4329 τοὺς
2838 4263 3330 4335 ὑπηρετουμένους,
3366 4259 3446 4313 ὅτι
3482 4252 3743 4328 διηνεκῶς

2170 4364 2374 4431 ταύτης
2399 4362 2675 4432 ἁπήλαυον
2709 4360 2809 4430 τῆς
2843 4356 3050 4426 σοφίας.

2741 4604 3026 4659 ΨᾹΛΜΟΣ
3064 4601 3179 4654 OB'.

2250 4747 2396 4817 Στίχ.
2421 4745 2474 4798 ι’.
2506 4774 2575 4786 --
2602 4742 2710 4794 Kal
2733 4741 2987 4810 ζήσονται
3019 4736 3156 4809 μετὰ
3186 4735 3387 4798 ἀδείας,
3417 4746 3743 4802 συγκροτου-

2184 4840 2349 4910 μένης
2391 4836 2571 4898 αὐτοῖς
2602 4834 2698 4903 τῆς
2727 4832 2891 4900 ζωῆς,
2923 4830 2998 4892 ὡς
3037 4829 3110 4898 μὴ
3152 4823 3536 4898 παραιρεῖσθαι
3586 4820 3740 4893 μηδε-

2184 4932 2310 5002 μίαν
2339 4928 2515 4982 αὑτῶν
2542 4926 2777 4997 ἡμέραν,
2816 4922 2908 4976 τοῦ
2934 4923 3049 4992 βίου
3082 4915 3611 4990 προλαμϐανομένων
3643 4912 3745 4965 ὑπὸ

2179 5020 2273 5073 τοῦ
2308 5018 2556 5072 θανάτου.
2585 5015 2755 5068 Τοῦτο
2775 5013 2831 5066 δὲ
2851 5013 3018 5080 λέγει,
3044 5012 3142 5080 οὐχ
3165 5010 3241 5071 ὡς
3268 5007 3482 5068 πάντως
3519 5002 3730 5075 ὠρισμέ

2180 5132 2269 5169 νον
2303 5112 2492 5182 καιρὸν
2537 5108 2737 5171 παντὸς
2782 5105 3070 5176 ἀνθρώπου
3104 5103 3324 5166 ζῶντος,
3367 5098 3480 5152 ἀλλ’
3508 5098 3583 5160 ὡς
3624 5096 3743 5148 πολ·

2180 5209 2354 5270 λάκις,
2387 5205 2543 5277 ἡμῶν
2571 5203 2658 5257 διὰ
2702 5201 2763 5256 τὸ
2795 5199 3069 5268 παθητους
3117 5192 3253 5251 εἶναι
3294 5192 3390 5264 τὴν
3421 5192 3602 5261 φύσιν,
3647 5188 3751 5242 ὑπὸ

2185 5299 2477 5372 συμφορῶν
2509 5298 2602 5352 καὶ
2624 5296 2855 5365 θλίψεων
2894 5294 2926 5364 ἢ
2954 5294 3047 5346 καί
3074 5309 3236 5344 τινων
3263 5288 3519 5343 τοιούτων
3548 5288 3750 5354 ὑπομε-

2183 5394 2379 5449 νόντων
2417 5391 2675 5444 θάνατον·
2713 5388 2771 5441 ὃν
2796 5388 2844 5440 εἰ
2886 5384 3243 5455 δυνηθείημεν
3279 5381 3344 5435 ἂν
3385 5378 3749 5439 ἐκκλίναντες,

2181 5485 2275 5539 ἐπὶ
2318 5486 2579 5555 μήκιστον
2622 5481 2826 5550 βιῶναι.
2858 5477 3073 5546 Ἕτεροι
3100 5474 3206 5544 γὰρ
3245 5475 3294 5525 οί
3328 5472 3435 5527 ἀπὸ
3464 5470 3573 5523 τῶν
3608 5486 3749 5538 συμ-

2184 5577 2368 5648 φορῶν
2393 5576 2703 5645 γιγνόμενοι
2740 5570 2978 5633 θάνατοι,
3010 5570 3103 5622 καὶ
3140 5568 3317 5637 ἕτεροι
3341 5568 3390 5618 οἱ
3425 5563 3525 5616 οὐκ
3548 5563 3612 5615 ἑκ
3642 5560 3753 5613 τῶν

2183 5666 2380 5731 ἔξωθεν
2419 5664 2625 5727 κακῶν,
2662 5660 2774 5714 ἀλλ’
2805 5661 2896 5713 ἀπ’
2925 5657 3103 5711 αὐτῶν
3132 5659 3189 5709 ἐν
3214 5660 3278 5726 τῇ
3305 5655 3612 5722 κατασκευῇ
3656 5654 3751 5721 τῆς

2188 5759 2398 5832 φύσεως
2445 5750 2998 5828 συμϐαίνοντες.“Κᾶν
3038 5751 3142 5821 γὰρ
3194 5749 3356 5823 μηδὲν
3391 5746 3585 5812 ἔξωθεν
3633 5746 3752 5797 ἐπι-
