4106 6238
359 296 468 355 695

1554 304 1923 363 EXPOSITIO
1956 306 2023 362 IN
2064 307 2405 364 PSALMOS.

3483 308 3594 364 690

355 423 579 493 γένηται
607 415 737 493 (οἷον
762 425 792 476 ὁ
815 422 904 478 διά
936 422 1122 495 ξίφους
1148 427 1181 498 ἢ
1213 428 1352 493 τινὸς
1382 429 1625 484 τοιούτου
1654 430 1925 496 θάνατος),

2056 433 2380 487 extrinsecus
2428 430 2563 485 nihil
2603 429 2908 501 accnderit(
2945 446 2997 485 τ.
3056 445 3109 501 g.
3142 445 3289 486 mors
3341 447 3435 503 per
3484 434 3597 501 gla-

355 516 469 569 ἀλλ’
496 516 636 587 αὐτὴ
666 517 881 581 πάντως
915 520 948 588 ἡ
972 520 1131 586 φύσις
1156 523 1234 585 είς
1274 525 1450 593 γῆρας
1473 523 1734 587 ἐλάσασα,
1770 527 1933 595 ἀναγ-

359 610 529 673 καίως
556 610 845 678 ἐφέλκεται
875 611 968 664 τὸν
1008 613 1255 671 θάνατον.
1294 616 1380 680 Ὠς
1408 612 1500 671 οὗν
1546 618 1807 689 πρότερον
1839 619 1934 671 αὐ-

356 701 466 753 τῶν
497 700 666 754 πολλὰ
693 702 915 756 τοιαῦτα
946 704 1344 773 ὑπομενόντων,
1390 710 1484 762 καὶ
1506 709 1611 763 ὑπὸ
1653 709 1762 763 τῶν
1798 727 1933 764 κατ-

359 794 587 864 εχόντων
631 795 818 848 κακῶν
865 795 1127 861 πολλάκις
1168 798 1701 871 προλαμϐανομένων
1742 802 1821 865 εἰς
1842 802 1932 853 τὸν

360 884 611 946 θάνατον,
646 885 803 942 τοῦτό
848 904 983 957 φησι
1019 888 1101 942 ὅτι
1142 888 1326 943 οὐκέτι
1373 890 1650 945 πείσονται
1693 893 1932 946 τοιοῦτον

359 980 530 1043 οὐδὲν,
565 981 681 1035 ἀλλ’
708 981 888 1047 ἕξουσι
917 983 1015 1046 τὰς
1045 983 1256 1054 ἡμέρας
1301 983 1549 1056 πλήρεις,
1582 986 1672 1040 τὸν
1695 987 1802 1041 ἀπὸ
1833 987 1933 1058 τῆς

360 1073 573 1142 φύσεως
602 1074 831 1129 θάνατον
864 1074 1207 1146 ὲκδεγόμενοι
1243 1077 1421 1145 μόνον.

916 1277 1207 1332 ΨΑΛΜΟΣ
1260 1279 1380 1335 Ol".

437 1388 582 1458 Στίχ.
614 1397 671 1443 ε’.
686 1391 913 1461 -Ἔχει
933 1392 1031 1463 μὲν
1048 1391 1249 1465 πολλὴν
1272 1394 1380 1449 ἀπὸ
1402 1394 1501 1468 τῆς
1524 1398 1817 1470 ἑρμηνείας
1837 1401 1934 1472 τὴν

364 1481 653 1535 δυσκολίαν
681 1483 739 1535 τὸ
763 1484 942 1554 ῥητόν.
969 1484 1131 1553 Λέγει
1155 1486 1211 1538 δὲ
1242 1486 1371 1540 αὐτὸ
1398 1488 1695 1561 Σύμμαχος
1717 1493 1928 1562 σαφῶς·

370 1572 613 1625 Ἕθεντο
659 1573 729 1626 τὰ
758 1574 974 1641 σημεῖα
1018 1575 1217 1630 αὐτῶν
1261 1577 1587 1647 ἐπισήμως,
1634 1582 1935 1653 γνώρισμα

366 1663 519 1716 κατὰ
548 1662 660 1731 τὴν
684 1665 927 1718 εἴσοδον
954 1665 1173 1721 ἐπάνω.
1222 1669 1437 1741 Ἐπειδὴ
1462 1671 1570 1742 γὰρ
1590 1672 1708 1737 ἔθος
1728 1670 1795 1746 ἦν
1824 1678 1934 1739 τοῖς

2033 522 2182 576 dium
2231 533 2323 576 aut
2357 522 2524 575 simili
2578 521 2738 576 modo
2781 520 2988 590 illata),
3013 521 3129 591 ipsa
3162 529 3340 575 tamen
3399 530 3594 578 natura

2033 628 2131 683 per
2164 627 2222 666 se
2253 612 2479 666 omnino
2507 611 2575 665 ad
2611 611 2828 666 senium
2864 618 3141 681 provecta,
3178 615 3493 667 necessario
3515 630 3599 667 se—

2032 721 2157 760 cum
2208 712 2440 760 mortem
2479 704 2728 758 attrahit.
2759 703 3045 776 Tanquam
3086 704 3255 773 igitur
3292 704 3396 774 ipsi
3442 706 3599 774 prius

2032 798 2201 851 multa
2274 797 2583 852 istiusmodi
2637 800 2883 867 perpessi
2941 798 3070 863 sint,
3116 806 3171 852 et
3216 812 3245 849 a
3304 797 3466 851 malis
3514 798 3602 850 in-

2032 890 2353 959 gruentibus
2390 905 2534 959 saepe
2581 890 2876 944 immatura
2922 899 3097 944 morte
3144 890 3406 960 praeventi
3467 891 3596 951 sint,

2034 984 2109 1037 ait
2149 984 2297 1053 ipsos
2332 984 2408 1038 nil
2436 984 2613 1039 simile
2642 982 2875 1053 amplius
2902 982 2959 1035 in
2990 989 3272 1052 posterum
3306 993 3595 1050 passuros,

2034 1078 2128 1132 sed
2180 1078 2295 1133 dies
2345 1079 2535 1147 plenos
2568 1076 2876 1138 habituros,
2911 1090 2977 1129 cx
3024 1073 3199 1129 solius
3244 1080 3463 1125 natura:
3502 1070 3598 1125 de-

2034 1167 2179 1222 fectu
2213 1178 2439 1222 mortem
2480 1174 2689 1220 tantum
2738 1164 3011 1219 obiturbs.

2524 1277 2843 1335 PSALMUS
2880 1276 3115 1331 LXXIII.

2103 1394 2267 1448 Vens.
2306 1394 2362 1449 5.
2388 1393 2694 1448 «Dictum
2724 1394 2828 1448 hoc
2860 1394 3089 1446 multam
3119 1390 3286 1445 habet
3330 1389 3386 1443 in
3431 1397 3606 1443 inter-

2035 1486 2299 1556 pretando
2361 1486 2759 1541 diﬂicultatem.
2813 1485 3176 1555 Symmachus
3215 1490 3396 1538 autem
3446 1482 3597 1537 clare

2035 1578 2136 1633 hoc
2169 1580 2284 1633 ait:
2328 1577 2630 1633 Posuerunt
2676 1580 2827 1647 signa
2877 1594 2977 1630 sua
3024 1576 3322 1647 insigniter,
3344 1573 3601 1628 indicium

2035 1668 2104 1721 ad
2124 1668 2419 1738 ingressum
2444 1683 2685 1734 superne.
2710 1667 2844 1719 Cum
2881 1666 3031 1719 enim
3066 1664 3307 1733 antiquis
3339 1664 3615 1719 usitatum.

365 1756 638 1821 παλαιοῖς,
666 1759 816 1811 εἵπου
836 1758 959 1811 τινὰ
988 1761 1298 1831 ἐκράτησαν
1321 1765 1493 1828 πόλιν,
1522 1767 1614 1819 ἐπὶ
1642 1768 1737 1838 τῆς
1763 1768 1934 1840 πύλης

2056 1767 2201 1822 :sset,
2228 1767 2284 1821 ut
2315 1762 2359 1813 si
2389 1759 2609 1827 quando
2644 1759 2921 1812 civitatein
2952 1757 3189 1826 aliquam
3219 1756 3517 1826 cepissent,
3550 1755 3621 1809 in.

364 1850 669 1920 γράμματα
714 1851 1112 1924 διαχαράττειν,
1164 1854 1263 1927 τὴν
1312 1857 1520 1912 ἑαυτῶν
1568 1863 1934 1933 προσηγορίαν

366 1941 718 2011 ἐμφαίνοντα,
755 1943 829 2007 ὡς
885 1945 1141 2017 ἐνίκησάν
1178 1966 1237 2002 τε
1286 1949 1380 2003 καὶ
1424 1949 1611 2005 ἔλαϐον
1652 1953 1749 2024 τὴν
1782 1955 1935 2011 πόλιν

368 2034 738 2103 αίχμάλωτον·
790 2037 1047 2103 πολλάκις
1080 2040 1136 2093 δὲ
1178 2042 1271 2095 καί
1301 2061 1421 2097 τινα
1474 2044 1549 2110 ὡς
1601 2051 1799 2119 σημεῖα
1843 2050 1937 2103 καὶ

371 2125 614 2196 σύμὸολα
647 2128 1209 2201 ὲγκαταπηγνόμενοι,
1242 2128 1328 2211 οἷα
1346 2134 1407 2206 δὴ
1451 2136 1621 2192 πολλὰ
1664 2140 1818 2211 ήμῶν
1869 2142 1938 2195 τὰ

368 2217 604 2288 τρόπαια
636 2220 731 2272 καὶ
762 2221 830 2275 τὰ
861 2216 1122 2295 σύμὸολα,
1170 2227 1454 2299 ἐπισήμως
1489 2230 1593 2301 πρὸ
1623 2232 1721 2303 τῆς
1763 2233 1938 2307 πύλης

370 2307 594 2458 ἓτὲἒῗζ,
651 2311 727 2376 ὡς
789 2315 1180 2387 κρατήσαντες,
1228 2319 1304 2386 ὼς
1360 2318 1710 2392 αἰχμάλωτον
1770 2326 1937 2398 αὐτὴν

566 2420 648 2458 ες.

566 2420 648 2467 ες.

444 2664 595 2757 Στίχ.
630 2668 962 2732 ς’.-Οὖτω
988 2690 1044 2727 τε
1066 2675 1235 2750 αὐτὴν
1252 2678 1481 2749 ἀφειδῶς
1509 2683 1835 2757 ἐπόρθησαν,
1864 2687 1941 2751 ὡς

374 2756 472 2812 καὶ
503 2758 602 2820 τὰς
628 2759 737 2813 τῶν
762 2763 1077 2834 οἰκημάτων
1101 2767 1268 2840 θύρας
1306 2771 1514 2838 ἀξίναις
1557 2756 1939 2840 κατακόπτειν,

374 2847 452 2912 ὼς
481 2848 547 2903 ἂν
574 2853 624 2904 εί
652 2852 783 2919 ξύλα
816 2873 901 2919 τις
946 2857 1004 2910 ὲν
1044 2857 1196 2924 ὕλαις
1241 2862 1460 2933 τέμνοι,
1510 2867 1819 2935 ἀναγκαίως
1855 2870 1942 2924 διὰ

374 2941 477 3013 τὴν
507 2943 614 2998 τῶν
644 2946 943 3019 ἀνθρώπων
969 2952 1273 3023 τεμνόμενα
1303 2957 1511 3027 χρείαν.

935 3046 1227 3119 “mox
1265 3069 1379 3122 OA'.

451 3170 599 3242 Στίχ.
621 3172 894 3242 β¹.-Καὶ
918 3177 1025 3231 ἀπὸ
1052 3178 1146 3232 τοῦ
1172 3179 1265 3234 σοῦ
1298 3183 1575 3255 ὀνόματος.
1601 3205 1752 3257 φησι,
1781 3190 1943 3244 καλέ-

381 3280 550 3332 σομεν
587 3265 830 3330 ἑαυτούς.
874 3268 1019 3322 Ἀντὶ
1064 3270 1181 3338 τοῦ,
1211 3275 1485 3346 Δεσπότην
1517 3295 1575 3331 σε
1620 3281 1947 3353 ὁμολογήσο-

387 3372 509 3427 μεν,
545 3358 855 3429 εὐεργέτην,
890 3364 1221 3435 προστάτην,
1256 3366 1481 3433 εἰκότως
1502 3370 1595 3439 ἀφ’
1618 3365 1692 3425 ὧν
1714 3374 1950 3444 ἀπηλαύ-

388 3465 562 3517 σαμεν
602 3449 662 3502 τὸ
706 3449 980 3522 ὠφέλιμον
1029 3457 1427 3529 παιδευόμενοι.
1481 3461 1641 3517 Ἵδιον
1688 3466 1795 3537 γὰρ
1842 3468 1951 3521 τῶν

384 3537 708 3609 ἀνθρώπων,
743 3540 803 3594 τὸ
826 3543 921 3598 ἀπ’
948 3545 1173 3601 ἐκείνων
1214 3550 1491 3605 καλεῖσθαι
1528 3554 1635 3606 τῶν
1664 3554 1952 3622 δεσποζόν-

384 3648 496 3684 των
525 3630 557 3700 ἢ
591 3632 1035 3703 εὐεργετούντων.
1080 3634 1204 3693 Οἷον
1243 3642 1372 3696 ὅταν
1400 3644 1668 3716 λέγωμεν,
1710 3647 1767 3700 'U
1797 3649 1951 3703 τοῦδε

385 3720 498 3775 εἴτε
529 3721 735 3789 δοῦλος,
764 3726 876 3780 εῐτε
907 3730 1123 3796 οίκεῖος,
1153 3731 1253 3784 εἷθ’
1283 3734 1364 3808 δτι
1386 3735 1581 3803 δήποτε
1610 3738 1866 3794 τοιοῦτον.

457 3811 609 3883 Στίχ.
632 3812 682 3881 γ’
688 3853 702 3867 .
716 3843 786 3853 —
801 3816 1067 3871 Ἐνταῦθα
1085 3819 1278 3885 ἑνικῶς
1298 3819 1469 3891 εἶπεν,
1495 3827 1553 3879 οὐ
1574 3829 1957 3901 Διηγησόμεθα

388 3904 567 3958 πάντα
612 3908 679 3959 τὰ
733 3907 1012 3979 θαυμάσιά
1080 3929 1207 3978 σου,
1258 3914 1392 3969 ἀλλὰ
1441 3920 1798 3991 Διηγήσομαι.
1843 3924 1956 3978 Οὐκ

388 3996 519 4049 ἄλλο
543 4015 594 4049 τι
627 3996 945 4070 βουλόμενος
990 4004 1182 4069 εἰπεῖν,
1220 4005 1331 4059 ἀλλ’
1360 4008 1435 4071 ὼς
1478 4010 1704 4065 ἑκάστου
1741 4014 1833 4067 τοῦ
1875 4016 1959 4069 λέ-

391 4105 576 4157 γοντος
605 4091 739 4162 ὅπερ
762 4094 820 4145 ὲν
848 4096 913 4164 τῇ
945 4098 1096 4167 κοινῇ
1137 4099 1354 4153 πάντων
1381 4100 1622 4170 γίγνεται
1651 4108 1820 4177 φωνῇ.
1849 4108 1958 4160 Aa-

392 4182 619 4253 ϐόμενος
645 4180 738 4239 οὖν
783 4186 978 4256 σχολῆς
1016 4190 1105 4243 καὶ
1153 4190 1457 4263 εὐκαιρίας,
1496 4195 1590 4249 καὶ
1629 4197 1961 4268 ἀπαλλαγεὶς

392 4275 492 4344 τῆς
537 4277 725 4346 ἐφόδου
771 4279 879 4333 τῶν
928 4280 1304 4353 πολεμούντων
1347 4285 1504 4356 ἔργον
1558 4288 1813 4360 θήσομαι,
1850 4292 1963 4347 τῶν

394 4371 700 4441 γενομένων
728 4371 789 4425 τὸ
820 4371 1048 4441 μέγεθος
1079 4372 1397 4441 διηγεῖσθαι.
1430 4378 1598 4432 Τοῦτο
1628 4380 1685 4433 δὲ
1714 4380 1844 4434 αὐτὸ
1865 4381 1962 4454 τὴν

1971 3137 2014 3195 C

2041 1860 2197 1923 porta
2234 1852 2499 1922 quasdam
2549 1850 2761 1905 litteras
2794 1851 3190 1919 insculperent.
3228 1864 3350 1918 quae
3406 1863 3607 1904 nomen

2039 1958 2227 1999 eorum
2275 1943 2606 2010 indicarent,
2639 1957 2703 1995 ac
2742 1942 2963 1995 modum
2997 1955 3108 2011 quo
3144 1940 3421 1995 civitatem
3463 1938 3611 1994 devi-

2039 2037 2265 2101 cissent,
2302 2044 2467 2107 atque
2503 2038 2557 2089 in
2610 2049 2766 2090 suam
2811 2041 3146 2103 potestatem
3224 2033 3605 2104 redegissent:

2042 2140 2418 2195 saepenumero
2446 2132 2634 2180 autem
2676 2123 2925 2193 quaedam
2959 2124 3118 2194 quasi
3150 2123 3307 2193 signa
3334 2138 3428 2178 seu
3460 2138 3609 2195 sym-

2041 2220 2166 2275 bola
2213 2218 2627 2289 imprimebant,
2670 2224 2764 2270 aut
2799 2215 3202 2285 insculpebant,
3234 2215 3417 2285 qualia
3446 2215 3612 2269 nim?-

2042 2324 2165 2364 rum
2209 2315 2339 2364 sunt
2375 2306 2545 2362 multa
2600 2312 2793 2360 nostra
2846 2314 3047 2376 tropaea
3080 2311 3137 2359 et
3179 2303 3449 2375 symbola,
3485 2316 3631 2373 quae»

2043 2402 2335 2473 insigniter
2376 2409 2503 2456 ante
2557 2409 2768 2472 portam
2836 2405 3163 2471 posuerunt,
3201 2404 3464 2467 tanquam
3516 2395 3614 2467 qui

2043 2491 2195 2547 illam
2226 2490 2285 2545 in
2319 2505 2475 2545 suam
2509 2497 2836 2562 potestatem
2890 2486 3222 2557 redegerint,
3250 2494 3305 2540 et
3339 2485 3627 2556 captivam

2044 2581 2298 2637 fecerint.

2115 2674 2283 2731 Vens.
2309 2675 2361 2730 6.
2386 2703 2455 2714 -—
2492 2673 2627 2729 Tam
2664 2672 2981 2727 immaniter
3030 2684 3149 2725 eam
3199 2674 3512 2734 vastarunt,
3553 2676 3617 2722 ut

2044 2769 2208 2823 etiam
2268 2767 2555 2821 domorum
2609 2765 2810 2835 januas
2886 2761 3175 2819 securibus
3230 2760 3619 2830 infringerent,

2049 2874 2154 2913 non
2188 2873 2350 2913 secus
2402 2873 2467 2912 ac
2515 2856 2607 2926 qui
2659 2856 2805 2926 ligna
2855 2856 2911 2908 in
2964 2853 3119 2908 silvis
3151 2851 3388 2916 caedunt,
3420 2865 3616 2906 neces-

2048 2952 2194 3006 sario
2226 2952 2319 3005 illa
2347 2959 2537 3005 secant
2565 2951 2631 3003 ad
2673 2965 2834 3004 usum
2873 2949 3196 3004 humanum.

2546 3061 2873 3119 PSALMUS
2912 3060 3147 3117 LXXIV.

2130 3177 2291 3233 Vens.
2317 3178 2371 3232 ἓ.
2396 3210 2455 3219 -—
2481 3176 2546 3231 Et
2575 3192 2640 3233 ex
2676 3177 2897 3232 nomine
2948 3185 3064 3242 tuo,
3098 3176 3299 3246 inquit,
3330 3191 3432 3231 nos
3464 3175 3643 3245 ipsos,

2056 3267 2477 3338 appellabimus.
2516 3266 2579 3320 Id
2623 3273 2727 3327 est,
2762 3273 2814 3318 te
2863 3263 3155 3319 Dominum
3208 3248 3617 3328 conﬁtebimur;

2056 3357 2479 3420 benefactorem,
2514 3355 2828 3426 praesidem,
2860 3355 2929 3409 ab
2959 3355 3025 3409 iis
3056 3369 3177 3425 quae
3206 3354 3487 3409 consecuti
3524 3368 3622 3408 su-

2058 3465 2180 3503 mus
2216 3449 2507 3503 utilitatem
2558 3448 2761 3503 edocti.
2784 3446 3078 3517 Proprium
3117 3446 3265 3501 enim
3311 3446 3620 3508 hominum,

2058 3549 2118 3595 ut
2149 3557 2179 3595 a
2212 3540 2328 3596 suis
2362 3541 2598 3595 dominis
2628 3548 2721 3595 aut
2753 3537 3193 3595 benefactoribus
3224 3536 3594 3607 appellentur,

2059 3648 2112 3686 v.
2146 3648 2196 3701 g.
2227 3632 2355 3685 dum
2393 3630 2665 3685 dicimus:
2694 3629 2796 3685 llic
2822 3630 2969 3683 illius
2999 3636 3083 3683 est
3116 3629 3231 3685 sive
3261 3643 3475 3692 servus,
3508 3627 3655 3681 sive.

2061 3724 2396 3780 domesticus
2415 3738 2479 3778 ac
2511 3722 2820 3789 familiaris,
2842 3723 2956 3777 sive
2986 3721 3118 3792 quid
3149 3720 3485 3777 istiusmodi.

2132 3816 2299 3874 Vens.
2329 3816 2383 3870 3.
2409 3845 2479 3857 —
2501 3817 2603 3870 Hic
2644 3816 3001 3885 singulariter
3054 3814 3213 3881 dixit,
3242 3810 3362 3867 Non
3396 3824 3626 3866 enarra-

2062 3910 2242 3965 bimus
2296 3909 2480 3963 omnia
2530 3907 2802 3963 mirabilia
2852 3919 2964 3972 tua,
3004 3906 3099 3962 sed
3152 3903 3453 3959 Enarrabo.
3508 3900 3651 3957 Non-

2065 3999 2207 4054 aliud
2239 3998 2367 4070 quid
2399 3999 2591 4055 volens
2619 3998 2823 4064 dicere,
2854 4013 3017 4068 quam
3054 3996 3205 4068 quod
3247 3993 3630 4065 unusquisque

2064 4093 2211 4146 dicat
2246 4092 2295 4146 id
2334 4092 2481 4162 quoi
2513 4093 2791 4146 communi
2829 4092 3074 4146 omnium
3122 4100 3279 4144 voce,
3312 4089 3390 4142 fit.
3423 4086 3630 4142 Nactus

2067 4185 2235 4255 igitur
2264 4185 2438 4239 otium
2486 4193 2541 4239 et
2589 4183 3078 4254 opportunitatem,
3111 4190 3164 4237 et
3194 4181 3265 4236 ab
3297 4180 3502 4235 insultu
3530 4179 3630 4234 lio-

2066 4278 2230 4333 stium
2256 4278 2544 4341 liberatus,
2577 4277 2681 4331 lioc
2712 4276 2845 4330 mihi
2894 4275 3173 4345 negotium
3219 4285 3543 4342 proponam,
3574 4276 3641 4322 ut-

2067 4387 2253 4426 eorum
2281 4387 2401 4441 quae
2435 4370 2578 4425 facta
2602 4380 2731 4425 sunt
2758 4367 3185 4440 magnitudinem
3213 4377 3487 4418 enarrem.
3516 4361 3637 4416 Hoc

395 4462 746 4533 εὐχαριστίαν
778 4464 945 4532 λέγει.
977 4466 1306 4538 Εὐχάριστία
1331 4467 1439 4539 γὰρ
1472 4471 1551 4532 είς
1582 4470 1732 4537 Θεὸν,
1755 4473 1814 4525 τὸ
1842 4452 1954 4543 ὁμο-

2070 4465 2248 4533 ipsum
2284 4470 2465 4517 autem
2500 4462 2801 4531 gratiarum
2835 4461 3103 4514 actionem
3136 4463 3316 4509 vocat.
3341 4452 3649 4508 Gratitudo-

396 4553 578 4622 λογεῖν
599 4555 1027 4626 εὐεργετεῖσθαι,
1056 4557 1407 4627 διηγούμενον
1428 4558 1527 4623 τὰς
1558 4561 1784 4633 χάριτας
1810 4579 1823 4593 ·
1857 4558 1968 4618 οἷον

402 4647 497 4700 καὶ¹
543 4650 600 4701 ὲν
638 4648 716 4719 τῷ
762 4649 805 4701 θ’
847 4648 1045 4721 ψαλμῷ
1095 4651 1191 4703 τό·
1246 4652 1798 4724 Ἐξομολογήσομαί
1847 4672 1965 4719 σοι,

401 4741 597 4809 Κύριε,
626 4742 696 4795 ἐν
724 4741 837 4812 ὅλῃ
868 4742 945 4811 τῇ
971 4742 1183 4812 καρδίᾳ
1207 4762 1354 4813 μου·
1392 4745 1745 4816 διηγήσομαι
1778 4746 1972 4801 πάντα

403 4833 478 4888 τὰ
505 4835 805 4904 θαυμάσιὰ
853 4850 991 4890 σου.
1031 4838 1163 4889 Ποῖα
1196 4834 1287 4891 οὖν
1340 4837 1613 4906 θαυμάσια
1666 4842 1977 4909 ὸιηγεῖται;

417 4925 571 4996 Ἐγὼ
595 4929 926 4995 εὐθύτητας
950 4926 1149 4996 κρινῶ.
1174 4928 1378 4991 Ταῦτα,
1408 4931 1487 4983 ὃτι
1520 4931 1829 5002 ὲπηγγείλω
1857 4931 1976 5002 κρί-

405 5036 519 5072 νειν
537 5019 858 5090 εὐθύτητας,
880 5020 955 5083 ὡς
978 5018 1072 5072 τοῦ
1103 5020 1235 5073 Θεοῦ
1258 5020 1414 5074 τοῦτο
1436 5022 1676 5085 εἰπόντος
1700 5022 1794 5075 καὶ
1816 5024 1979 5091 ὲπαγο

406 5109 750 5180 γειλαμένου.
780 5110 1057 5163 Δέδεικται
1090 5110 1198 5181 γὰρ
1227 5109 1514 5181 πολλαχοῦ,
1545 5111 1664 5164 ἀντὶ
1695 5109 1786 5162 τοῦ
1816 5110 1975 5181 ἔργου

406 5203 501 5255 τὸν
529 5200 685 5269 λόγον
730 5202 823 5255 καὶ
850 5201 948 5271 τὴν
976 5202 1305 5271 ἐπαγγελίαν
1348 5201 1656 5273 λαμϐάνων.
1688 5202 1763 5254 Οὐ
1801 5200 1881 5252 δεῖ
1922 5200 1977 5253 δὲ

410 5293 731 5363 θαυμάζειν,
754 5294 834 5346 ὅτι
858 5294 933 5365 μὴ
958 5290 1099 5358 εἷπε,
1119 5294 1457 5364 Διηγήσομαι
1478 5294 1546 5347 τὰ
1564 5291 1839 5364 θαυμάσιά
1861 5309 1976 5355 σου,

411 5386 540 5438 ὅταν
571 5383 721 5437 λάϐω
746 5384 955 5455 καιρόν.
994 5385 1150 5438 Ἰδιον
1182 5385 1289 5457 γάρ
1322 5383 1507 5448 αὐτοῦ,
1540 5385 1599 5437 τὸ
1625 5386 1688 5437 ἐκ
1720 5385 1817 5455 τῆς
1849 5385 1980 5437 ἁκο-

411 5475 628 5539 λουθίας
660 5475 837 5544 λέγειν
866 5475 935 5528 τὰ
961 5476 1023 5530 ἔκ
1051 5494 1211 5532 τινων
1252 5475 1503 5549 ρηθέντα,
1532 5476 1627 5529 καὶ
1660 5475 1734 5546 μὴ
1764 5492 1982 5546 προστι-

416 5566 565 5620 θέναι
598 5567 657 5619 τὸ
683 5566 883 5632 εἰπών,
922 5567 955 5640 ἢ
989 5566 1201 5638 λέγων,
1230 5569 1263 5638 ἦ
1288 5586 1339 5621 τι
1366 5567 1623 5620 τοιοῦτον.
1649 5566 1759 5618 Καὶ
1786 5565 1981 5618 πολλα-

418 5658 515 5728 χοῦ
559 5659 622 5712 ἄν
649 5677 730 5723 τις
779 5659 926 5728 εὖροι
961 5659 1198 5732 ζητήσας
1234 5661 1340 5713 τῶν
1374 5658 1647 5729 Ψαλμῶψ
1674 5654 1783 5711 οἷον
1827 5658 1884 5709 ἐν
1908 5657 1985 5727 τῷ

424 5750 548 5824 ριθ’,
582 5753 734 5821 Πρὸς
769 5754 983 5820 Κύριον
1019 5754 1086 5806 ἐν
1122 5752 1199 5817 τῷ
1238 5753 1543 5808 θλίϐεσθαι
1574 5768 1649 5820 με
1673 5748 1979 5819 ἐκέκραξα.

2072 4555 2219 4609 enim
2264 4554 2319 4608 in
2364 4552 2530 4608 Deum
2580 4561 2686 4619 est,
2732 4551 2981 4607 conﬁteri
3036 4548 3382 4612 beneficium,
3431 4549 3644 4618 gratias

2072 4646 2582 4710 commemorando;
2613 4644 2773 4712 quale
2790 4652 2870 4696 est
2892 4651 2944 4695 et
2967 4641 3097 4696 illud
3124 4642 3178 4694 in
3212 4641 3420 4709 psalmo
3444 4655 3591 4695 nono
3612 4655 3631 4691 τ

2076 4734 2378 4804 Conﬁtebor
2401 4736 2514 4794 tibi.
2548 4735 2791 4796 Domine.
2812 4734 2868 4786 in
2904 4742 3013 4787 toto
3040 4733 3196 4787 corde
3223 4749 3370 4795 meo;
3406 4731 3637 4785 narrabo

2074 4829 2251 4880 omnia
2280 4824 2550 4881 mirabilia
2585 4835 2677 4879 tua
2695 4825 2867 4896 (Psal.
2893 4841 2969 4886 ix,
2993 4826 3066 4894 I).
3086 4823 3277 4890 Qualia
3298 4825 3462 4893 igitur
3480 4822 3641 4876 mira-

2074 4919 2203 4973 bilia
2251 4919 2510 4972 enarrat?
2561 4917 2669 4987 Ego
2707 4917 2950 4984 justitias
2987 4916 3260 4985 iudicabo.
3312 4913 3436 4968 Haec
3489 4919 3638 4977 sunt,

2075 5010 2220 5081 quod
2252 5011 2569 5081 promiseris
2614 5008 2859 5079 justitias
2883 5008 3158 5078 judicare,
3188 5007 3347 5077 quasi
3384 5004 3498 5059 Deo
3542 5004 3643 5057 hoc

2077 5103 2293 5158 dicente
2321 5120 2385 5158 ac
2415 5103 2787 5173 promittente.
2821 5100 3083 5156 Plurimis
3116 5100 3263 5154 enim
3297 5098 3431 5151 locis
3461 5106 3647 5151 osten-

2080 5211 2200 5251 sum
2232 5203 2339 5255 est,
2369 5193 2516 5265 quod
2553 5209 2652 5263 pro
2701 5209 2866 5263 opere
2893 5205 3204 5247 sermonem
3238 5203 3303 5242 ac
3332 5186 3646 5257 promissio-

2082 5302 2203 5341 nem
2259 5284 2546 5355 acceperit.
2596 5283 2714 5338 Non
2764 5290 2979 5352 oportet
3024 5288 3215 5333 autem
3254 5278 3471 5341 mirari,
3500 5276 3647 5346 quod

2082 5392 2192 5431 non
2242 5377 2461 5440 dixerit,
2531 5376 2812 5430 Enarrabo
2859 5372 3131 5427 mirabilia
3170 5379 3284 5432 tua,
3326 5385 3450 5425 cum
3485 5384 3647 5424 accc.

2083 5486 2214 5541 pero
2243 5480 2475 5537 tempus.
2501 5466 2790 5536 Pmprium
2826 5465 2971 5519 enim
3021 5463 3212 5532 ipsius,
3251 5471 3311 5516 ut
3358 5478 3422 5517 ex
3454 5473 3649 5515 conse-

2084 5563 2267 5629 quenti
2304 5559 2504 5615 referat
2532 5575 2595 5614 ea
2626 5572 2747 5628 quae
2780 5556 2848 5610 ab
2882 5554 3157 5624 aliquibus
3202 5553 3348 5607 dicta
3398 5560 3547 5615 sunt,
3595 5560 3649 5604 et

2086 5670 2193 5709 non
2235 5652 2398 5706 addat
2440 5654 2669 5705 verbum
2710 5648 2879 5711 aiens,
2916 5645 2998 5700 vel
3038 5645 3238 5708 dicens,
3269 5652 3362 5697 aut
3404 5641 3531 5711 quid
3576 5641 3647 5693 6i-

2087 5746 2230 5803 mile.
2264 5745 2442 5817 Atque
2475 5744 2579 5799 hoc
2617 5741 2930 5812 frequenter
2957 5739 3084 5811 quis
3139 5737 3372 5811 reperiet
3403 5734 3459 5791 in
3506 5731 3643 5789 Psal-
