4106 6238
441 270 544 330 eos
604 352 605 355 γ

1593 289 1938 352 THEODORI
1968 296 2449 360 MOPSUESTENI

3570 313 3674 372 696

441 385 563 449 mis,
585 386 627 440 si
643 397 850 459 qumrat
870 400 958 458 ;ut
972 392 1260 466 in’psalmo
1278 402 1581 459 centesimo
1602 405 1814 461 decimo
1833 426 1995 471 nono,

455 476 522 499 ,λ
562 478 625 499 ,ις
658 498 661 499 ν
695 481 708 499 _.
1033 496 1041 499 _
1084 489 1115 499 ..
1177 490 1188 499 .
1381 494 1391 499 -
1568 498 1575 499 κ

2105 420 2205 473 καὶ
2229 423 2557 492 εἰσήκουσέ
2577 443 2697 495 μου
2721 442 2734 457 ·
2772 427 2867 480 καὶ
2894 427 2954 481 οὑ
2984 428 3388 499 προστεθεικὼς
3408 428 3470 482 τὸ
3495 430 3680 484 statim

438 476 522 530 Ad
555 478 829 536 Dominum
860 498 976 538 cum
1024 489 1312 547 trilmlarer
1341 494 1576 550 clamavi
1604 508 1687 551 :et
1726 502 1997 557 exaudivit

439 572 707 642 me(PsuI.
735 588 883 642 εχιτ,
903 579 936 633 4
952 579 999 648 );
1024 590 1200 636 etnon
1232 585 1537 657 adjuugens
1560 589 1781 644 verbum
1804 591 2005 660 dicens,

438 664 742 733 eubjunxit,
776 668 1016 733 Domine.
1046 671 1212 728 libera
1255 678 1490 731 animam
1532 696 1723 747 meam,
1749 699 1845 752 per
1876 686 2009 740 reti-

437 758 695 822 centiam,
716 776 781 815 ex
804 769 1155 834 consequenti
1192 769 1507 839 signiﬁcans
1537 774 1683 829 istud
1706 776 1881 831 dicens
1907 793 1924 841 ;
1954 786 2009 833 et

436 847 639 903 clarius
674 849 727 904 in
779 854 1019 909 secundo
1072 858 1642 924 psalmozAstilerunt
1690 866 1869 930 enim,
1934 868 2011 922 in-

434 938 575 1006 quit,
610 954 752 1009 reges
795 951 968 1010 terrm,
1004 956 1052 1000 et
1080 949 1342 1020 principes
1380 966 1731 1008 convenerunt
1765 958 1816 1009 in
1849 974 2010 1012 unum

434 1030 682 1087 adversus
736 1034 1034 1102 Dominum,
1060 1050 1107 1092 et
1158 1040 1407 1097 adversus
1439 1044 1708 1099 Christum
1748 1048 1881 1117 ejus.
1915 1050 2008 1103 Di-

433 1136 738 1193 rumpamua
767 1130 978 1183 vincula
1016 1147 1193 1185 eorum
1226 1134 1399 1203 (Psal.
1433 1137 1589 1205 tt,2).
1618 1138 1773 1195 Nunc
1826 1150 2005 1198 autem

433 1216 749 1285 relinquens
792 1223 1017 1277 verbum
1048 1225 1310 1290 dicentes,
1347 1245 1481 1285 usus
1519 1238 1604 1285 est
1637 1231 1842 1303 ubique
1877 1250 2005 1303 pro—

435 1308 549 1377 pria
572 1315 979 1383 consequentia.
1007 1317 1183 1385 Atque
1211 1320 1435 1374 omnino
1463 1321 1564 1375 hoc
1596 1323 1847 1391 plurimis
1873 1328 2007 1382 locis

433 1402 673 1469 reperire
695 1404 870 1460 liccat.
891 1405 993 1461 Sed
1018 1409 1129 1462 haec
1154 1409 1384 1467 sufﬁciat
1405 1415 1758 1482 proposuisse
1783 1415 1834 1469 iu
1855 1418 2008 1471 testi-

432 1494 676 1549 monium
709 1496 828 1567 ejus
853 1500 1044 1568 quoda
1068 1504 1222 1558 nobis
1243 1504 1470 1559 dictum.
1504 1508 1561 1559 in
1598 1508 1714 1577 ipsa
1746 1509 2007 1578 deinceps

431 1580 879 1655 interpretatione
914 1606 1056 1661 sarpe
1096 1593 1239 1648 dicta
1276 1596 1494 1665 phrasis
1532 1601 1803 1660 occurrit;
1828 1602 2007 1671 legen-

430 1677 561 1730 tium
595 1680 783 1749 utique
824 1682 927 1735 erit
980 1686 1297 1742 meminisse
1341 1703 1559 1747 semper
1602 1692 2005 1747 subauditionis

429 1785 524 1825 seu
559 1770 1069 1841 adsigniﬁcationis.
1136 1775 1141 1782 ’

498 1858 663 1915 Vens.
685 1861 735 1914 7.
759 1888 829 1900 --
856 1862 1071 1918 Exitum
1124 1880 1500 1936 saepenumero
1532 1879 1691 1924 vocat
1737 1873 1871 1929 solis
1916 1889 2005 1927 or-

429 1960 570 2011 tum.
601 1963 659 2008 ut
697 1956 851 2015 illud,
881 1955 1074 2012 Exitus
1103 1962 1352 2014 matutini
1393 1972 1443 2016 et
1475 1979 1682 2030 vespere
1717 1966 2003 2021 delectabis

429 2045 771 2113 (Psal.l.x1v,
796 2048 874 2112 9).
905 2048 1040 2114 Quia
1064 2052 1227 2105 etiam
1250 2054 1453 2107 exitum
1476 2056 1611 2110 solis
1638 2066 1793 2111 vocat
1826 2059 2000 2126 ipsum

428 2134 715 2195 orientem.
743 2146 801 2189 ut
826 2136 993 2204 istud,
1016 2139 1055 2191 Α
1076 2156 1279 2195 summa
1294 2142 1420 2195 cwlo
1441 2147 1667 2214 egressio
1684 2147 1798 2207 eius
1821 2145 1995 2216 (Psal.

428 2224 664 2297 ηψπ).
687 2223 1065 2301 Egressionem
1091 2232 1257 2302 igitur
1274 2249 1367 2288 seu
1385 2236 1589 2289 exitum
1609 2237 1743 2292 dicit
1762 2241 1999 2305 partium

426 2320 799 2387 orientalium,
837 2324 1111 2379 desertum
1146 2340 1275 2379 vero
1306 2327 1573 2382 montium
1599 2330 2002 2399 septentriona-

425 2413 558 2466 lium
590 2420 642 2469 et
674 2414 1131 2471 meridionalium.
1168 2416 1301 2472 Nam
1337 2421 1464 2490 quia
1505 2422 1735 2477 duorum
1767 2422 1998 2478 istorum

423 2505 703 2559 climatum
749 2516 933 2578 partes
985 2510 1103 2564 alite
1155 2510 1376 2581 quidem
1424 2522 1552 2569 sunt
1587 2514 1905 2570 inhabitatte
1935 2530 1999 2570 ac

421 2596 673 2659 desertae,
693 2608 913 2669 propter
929 2615 1212 2656 excessum
1234 2603 1429 2673 glaciei
1451 2606 1683 2676 (scilicet
1703 2607 1995 2677 boreales),

422 2688 541 2743 alia:
556 2704 682 2745 vero
701 2699 920 2762 propter
941 2694 1165 2747 nimium
1185 2696 1422 2751 calorem
1440 2699 1656 2767 (nempe
1672 2699 1991 2767 australes),

424 2782 539 2839 lucc
569 2786 679 2841 duo
702 2787 919 2841 climata
947 2790 1225 2845 desertum
1252 2793 1518 2847 montium
1542 2793 1847 2862 appellavit.
1866 2792 1994 2847 Vult

424 2882 606 2929 autem
638 2877 843 2940 dicere,
871 2880 1017 2949 quod
1042 2882 1233 2935 nullibi
1264 2882 1335 2936 sit
1364 2881 1533 2936 Deum
1568 2882 1824 2953 effugere.
1851 2884 1992 2949 Quo-

423 2982 641 3037 cunque
671 2970 816 3024 enim
868 2970 932 3023 ad
975 2979 1215 3041 quatuor
1247 2972 1371 3026 C(Bli
1405 2973 1624 3026 climata
1670 2974 1991 3035 recesseris,

426 3056 593 3112 Deum
639 3074 984 3114 communem
1024 3062 1262 3131 judicem
1310 3070 1365 3117 et
1413 3064 1618 3134 ubique
1659 3072 1988 3133 prmsentem

424 3156 661 3226 eﬂ'ugere
691 3163 1033 3228 nequaquam
1069 3168 1241 3229 potes.

496 3247 659 3305 Vens.
684 3250 735 3305 8.
758 3281 828 3290 —
856 3248 1056 3305 Vinum
1091 3253 1292 3322 accipit
1332 3252 1400 3307 de
1429 3253 1721 3323 supplicio,
1752 3269 1818 3309 eo
1850 3255 1995 3324 quod

424 3341 500 3395 illi
541 3343 633 3411 qui
670 3343 974 3411 puniuntur
1027 3344 1206 3399 instar
1239 3345 1581 3401 ebriosorqu
1618 3347 1997 3416 circumagun-

422 3440 534 3494 tur.
561 3440 617 3488 et
649 3434 1012 3488 succumbant
1043 3435 1214 3505 plagae
1244 3433 1359 3491 Dei.
1383 3436 1555 3491 liabet
1588 3438 1754 3504 enim,
1791 3440 1990 3510 inquit,

420 3524 479 3579 in
534 3540 701 3579 manu
749 3540 847 3579 sua
884 3525 1110 3581 calicem
1145 3527 1367 3596 plenum
1425 3542 1577 3583 mero
1617 3528 1779 3595 vino;
1828 3545 1894 3585 ac
1946 3530 1994 3586 si

420 3615 571 3671 dicat
619 3617 978 3674 terribiliores
1027 3634 1240 3690 poenas,
1264 3635 1331 3676 eo
1370 3621 1519 3692 quod
1549 3622 1736 3676 vinum
1774 3637 1991 3677 merum

418 3708 598 3779 magis
628 3708 809 3774 feriat,
840 3726 936 3767 seu
965 3713 1270 3781 perturbet.
1296 3713 1466 3769 Porro
1515 3715 1738 3769 mistum
1775 3730 1886 3770 non
1923 3713 1991 3769 de

420 3800 804 3858 commistione
856 3802 992 3858 dicit
1034 3804 1345 3875 (quomodo
1391 3807 1562 3870 enim,
1591 3822 1715 3862 cum
1773 3822 1988 3861 merum

419 3889 644 3954 dixerit,
676 3908 871 3949 rursus
929 3896 1153 3950 mistum
1189 3898 1565 3969 appellaret?),
1594 3899 1685 3954 sed
1729 3898 1859 3969 quia
1894 3898 1992 3953 mi-

419 3982 652 4038 stionem
674 3997 818 4053 saepe
842 4000 1105 4042 vocamus
1136 4002 1471 4047 mensuram.
1497 4004 1618 4058 qua:
1635 3987 1701 4042 ad
1728 3989 1986 4043 haustum

417 4072 668 4141 subiciat.
711 4074 825 4131 Hoc
868 4079 1123 4132 nimirum
1154 4079 1326 4134 voluit
1376 4079 1579 4143 dicere,
1612 4080 1756 4150 quod
1806 4080 1987 4136 istius-

415 4160 564 4216 modi
606 4162 792 4219 mistio
821 4163 984 4219 fuerit
1024 4167 1160 4222 adeo
1193 4183 1410 4238 magna,
1437 4177 1497 4223 ut
1529 4170 1754 4225 calicem
1794 4171 1984 4240 imple-

416 4253 576 4309 verit.
608 4253 686 4309 Ex
737 4264 971 4326 utroque
1023 4260 1166 4314 enim
1215 4261 1331 4315 vult
1364 4261 1677 4331 signiﬁcare
1725 4261 1981 4332 supplicii

416 4345 813 4416 intensionem;
842 4358 953 4404 tum
982 4367 1047 4406 ex
1078 4368 1142 4407 eo
1166 4354 1310 4423 quod
1345 4368 1551 4407 merum
1578 4355 1763 4408 vinum
1795 4354 1980 4418 fuerit,

2110 511 2374 579 ἐπήγαγε,
2402 517 2597 582 Κύριε,
2617 516 2805 583 ῥῦσαι
2829 516 2943 586 τὴν
2968 522 3181 587 ψυχήν
3210 538 3350 589 μου,
3379 520 3516 575 κατὰ
3543 522 3678 575 ἀπο-

2110 600 2376 673 σιώπησιν
2407 606 2654 677 σημάνας
2688 611 2753 662 ἐκ
2786 610 2887 680 τῆς
2912 611 3230 679 ἀκολουθίας
3254 615 3315 668 τὸ
3343 614 3525 670 εἰπών
3542 631 3556 649 ο
3580 616 3670 669 καὶ

2110 693 2439 767 σαφέστερον
2493 699 2551 751 ὲν
2602 699 2677 770 τῷ
2722 700 2957 773 δευτέρῳ
2990 702 3189 775 ψαλμῷ
3208 745 3224 769 ,
3277 706 3676 775 Παρέστησαν

2107 785 2238 857 γὰρ,
2268 788 2453 858 φησὶν,
2483 791 2533 844 oi
2560 792 2843 859 βασιλεῖς
2879 793 2986 863 τῆς
3011 794 3140 865 γῆς,
3166 797 3266 851 καί
3307 799 3361 852 οι
3389 798 3675 868 ἄρχοντες

2108 877 2513 948 συνήχθησαν
2545 881 2641 936 ἐπὶ
2682 884 2749 937 τὸ
2792 885 2938 939 αὐτὸ
2971 887 3122 941 κατὰ
3157 889 3261 942 τοῦ
3303 890 3543 957 Κυρίου,
3576 889 3671 942 καὶ
3760 944 3763 947 .

2108 970 2260 1025 κατὰ
2288 971 2394 1025 τοῦ
2423 974 2678 1042 Χριστοῦ
2711 976 2918 1031 αὐτοῦ.
2949 978 3362 1047 Διαῤῥήξωμεν
3397 979 3540 1046 τοὺς
3584 976 3675 1033 δε-

2109 1061 2302 1130 σμοὺς
2325 1064 2539 1127 αὐτῶν.
2563 1065 2675 1119 Νῦν
2696 1066 2753 1120 δὲ
2774 1067 3094 1139 παραλιπὼν
3113 1068 3173 1123 τὸ
3195 1070 3495 1139 λέγοντες,
3524 1071 3672 1141 ὲχρήυ

2111 1170 2241 1206 σατο
2288 1158 2353 1226 τῇ
2384 1155 2559 1227 οἰκείᾳ
2606 1158 2671 1211 δι’
2706 1159 2840 1212 ὅλων
2877 1160 3188 1232 ἀκολουθία.
3223 1162 3334 1215 Καὶ
3383 1161 3520 1225 ὅλως
3550 1161 3678 1214 πολ-

2108 1244 2272 1316 λαχοῦ
2302 1245 2458 1300 τοῦτο
2506 1248 2648 1301 ἔστιν
2691 1251 2889 1320 εὑρεῖν.
2934 1253 3117 1323 Ἀρκεί
3154 1250 3263 1323 γὰρ
3287 1251 3460 1307 ταῦτα
3499 1269 3675 1323 παρα-

2109 1343 2367 1412 θεμένους
2409 1346 2488 1408 είς
2519 1346 2820 1417 μαρτυρίαν
2850 1347 2943 1399 τοῦ
2988 1349 3118 1419 παρ’
3156 1348 3314 1419 ἡμῶν
3359 1346 3669 1419 λεγομένου.

2122 1434 2209 1489 Ἐν
2245 1436 2380 1507 αὐτῇ
2414 1437 2645 1508 καθεξῆς
2669 1439 2931 1511 ἑρμηνείᾳ
2952 1439 3119 1506 δεῖξαι
3147 1438 3413 1510 πολλαχοῦ
3442 1438 3674 1510 φερόμε⁴

2107 1542 2196 1579 νον
2234 1526 2293 1578 τὸ
2334 1527 2556 1597 ἰδίωμα·
2588 1528 2697 1580 τῶν
2739 1530 3213 1594 ἀναγινωσκόντων
3263 1530 3441 1595 μέντοι
3476 1529 3561 1601 εἴη
3608 1527 3673 1583 ἂν

2111 1618 2467 1687 μνημονεύειν
2498 1619 2806 1691 ἅπανταχοῦ
2833 1621 2930 1692 τῆς
2954 1620 3341 1693 ἐπισημασίας.

2178 1871 2326 1939 Στίχ.
2362 1869 2425 1934 ζ’.
2455 1902 2522 1910 -
2558 1870 2773 1934 ’Έξοδον
2805 1869 3070 1939 πολλαχοῦ
3101 1868 3255 1931 καλεῖ
3273 1868 3373 1939 τὴν
3400 1866 3493 1921 τοὺ
3522 1867 3674 1937 ἡλίου

2105 1960 2386 2031 ἀνατολὴν,
2426 1961 2500 2022 ὡς
2544 1961 2624 2021 τὸ,
2674 1959 2950 2026 Ἐξόδους
3000 1960 3219 2027 aptatae
3272 1957 3370 2012 καὶ
3415 1957 3675 2026 ἑσπέρας

2103 2050 2363 2119 τέρψεις.
2406 2050 2620 2122 Ἐπειδὴ
2651 2052 2743 2104 καὶ
2788 2050 2964 2117 ἔξοδον
3002 2050 3097 2104 τοὺ
3136 2051 3285 2122 ἡλίου
3320 2049 3475 2104 καλεῖ
3507 2050 3674 2121 αὑτὴν

2103 2142 2200 2213 τὴν
2249 2143 2545 2211 ἀνατολήν·
2585 2141 2661 2205 ὡς
2705 2142 2787 2207 τὸ,
2829 2143 2944 2196 Ἀπ’
2972 2142 3158 2210 ἄκρου
3186 2142 3299 2195 τοῦ
3336 2141 3595 2207 οὐρανοῦ
3633 2141 3672 2208 ή

2104 2235 2316 2301 ἔξοδος
2337 2236 2545 2290 αὑτοῦ.
2577 2234 2794 2301 Ἐξοὸον
2815 2230 2905 2287 οὖν
2926 2234 3073 2302 λέγει
3099 2233 3206 2287 τῶν
3227 2232 3519 2287 ἀνατολῶν.
3547 2230 3673 2302 ἔρη-

2106 2343 2205 2396 μον
2233 2326 2288 2380 δὲ
2319 2327 2488 2399 ὀρέων
2529 2328 2728 2399 ἄρκτου
2759 2328 2856 2381 καὶ
2899 2326 3264 2397 μεσημϐρίας.
3314 2324 3531 2395 Ἐπειδὴ
3565 2324 3673 2393 γάρ

2102 2418 2208 2472 τῶν
2250 2418 2342 2473 δύο
2370 2419 2573 2472 τούτων
2606 2420 2880 2488 κλιμάτων
2912 2418 2981 2471 τὰ
3027 2417 3124 2488 μέν
3178 2419 3322 2470 ἐστιν
3366 2417 3528 2469 άοικα
3578 2413 3672 2468 καὶ

2102 2513 2303 2586 ἔρημα,
2349 2513 2415 2566 δι’
2448 2512 2751 2583 ὑπερϐολὴν
2797 2511 2998 2581 κρύους
3030 2511 3190 2580 (λέγω
3212 2511 3267 2564 δὲ
3300 2510 3369 2563 τὰ
3406 2508 3669 2580 άρκτῶα),

2100 2606 2168 2658 τά
2186 2606 2249 2659 δὲ
2295 2605 2362 2658 δι’
2396 2605 2698 2676 ὑπερϐολὴν
2744 2604 2978 2667 θάλπους
3020 2603 3114 2673 (ὡς
3162 2604 3230 2657 τὰ
3281 2599 3668 2672 μεσημϐρινὰ),

2100 2699 2320 2767 ἐρήμων
2353 2697 2522 2767 ὀρέων
2552 2697 2777 2750 ἐκάλεσε
2805 2696 2975 2749 ταῦτα
3022 2696 3093 2748 τὰ
3116 2695 3208 2748 δύο
3246 2694 3503 2763 κλίματα.
3540 2690 3670 2745 Βού-

2099 2788 2249 2839 λεται
2295 2788 2353 2841 δὲ
2400 2789 2591 2845 εἰπεῖν.
2624 2788 2704 2840 ὅτι
2750 2786 3049 2858 οὐδαμόθεν
3096 2785 3211 2837 ἔστι
3259 2782 3539 2850 διαψυγείν
3580 2780 3669 2831 τὸν

2098 2878 2249 2933 Θεόν.
2278 2881 2454 2933 Ὅπου
2484 2880 2612 2932 ποτὲ
2635 2880 2741 2949 γάρ
2762 2879 2826 2934 ἂν
2852 2878 3097 2948 ἀπέλθῃς
3120 2876 3225 2929 τῶν
3252 2874 3530 2946 τεσσάρων
3557 2872 3670 2925 κλι-

2101 2975 2284 3045 μάτων
2315 2974 2409 3027 τοῦ
2446 2971 2692 3045 οὐρανοῦ,
2729 2973 3008 3041 διαφυγεῖν
3054 2970 3155 3039 οὐχ’
3180 2962 3291 3022 οἷόν
3330 2984 3388 3019 τε
3419 2965 3507 3019 τόν
3539 2964 3670 3017 θεὸν

2098 3067 2274 3121 κοινὸν
2302 3068 2430 3121 όντα
2456 3066 2715 3137 δικάστην
2743 3065 2839 3117 καὶ
2870 3061 3145 3132 πανταχοῦ
3176 3060 3438 3131 παρόντα.

2170 3243 2317 3314 Στίχ.
2353 3250 2424 3312 η’.
2458 3273 2527 3282 -
2549 3242 2653 3295 Τὸν
2681 3235 2821 3295 οἶνον
2855 3239 2946 3292 ἐπὶ
2972 3239 3070 3308 τῆς
3095 3236 3362 3308 τιμωρίας
3380 3232 3665 3304 λαμϐάνει,

2099 3335 2204 3389 ἀπὸ
2238 3333 2328 3387 τοῦ
2365 3331 2743 3404 περιάγεσθαι,
2774 3331 2868 3384 καὶ
2916 3329 3277 3383 καταπίπτειν
3308 3329 3374 3397 τῇ
3409 3324 3504 3377 τοῦ
3531 3322 3665 3376 Θεοῦ

2098 3426 2302 3495 πληγῇ,
2341 3426 2467 3488 τοὺς
2494 3422 2934 3494 τιμωρουμένους
2962 3420 3115 3488 δίκην
3156 3416 3481 3489 μεθυόντων.
3515 3415 3666 3485 Ἔχει

2097 3518 2224 3590 γὰρ,
2255 3518 2439 3589 φησὶν,
2474 3518 2531 3569 ὲν
2561 3519 2627 3587 τῇ
2655 3514 2845 3569 ἑαυτοῦ
2868 3513 3009 3585 χειρὶ
3032 3513 3285 3583 ποτήριον
3311 3506 3666 3580 πεπληρωμέο

2095 3629 2184 3665 νον
2212 3610 2453 3682 ἀκράτου
2475 3608 2617 3662 οἴνου
2636 3626 2648 3637 ·
2689 3608 2777 3661 ἵνα
2800 3608 2926 3678 εἴπῃ
2957 3604 3334 3676 φοϐερωτέρας
3374 3599 3663 3672 τιμωρίας,

2094 3702 2201 3756 ἀπὸ
2232 3701 2325 3755 τοῦ
2376 3701 2466 3755 τὸν
2509 3701 2745 3773 ἄκρατον
2789 3696 2929 3753 οἶνον
2964 3697 3223 3770 μειζόνως
3267 3690 3665 3749 καθάπτεσθαι.

2093 3795 2166 3849 Τὸ
2194 3794 2252 3849 δὲ
2301 3795 2645 3866 κεράσματος
2672 3795 2733 3847 οὑ
2780 3792 3119 3863 κεκραμένου
3169 3789 3332 3857 λέγει·
3365 3785 3504 3855 (πῶς
3534 3782 3661 3854 γὰρ,

2093 3883 2202 3941 οἷόν
2231 3904 2289 3940 τε
2322 3886 2545 3940 εἰπόντα
2576 3884 2838 3955 ἀκράτου,
2869 3882 3030 3936 πάλιν
3063 3882 3233 3934 εἰπεῖν
3257 3875 3663 3949 κεκραμένους)

2091 3979 2204 4034 ἀλλ’
2235 3978 2422 4049 ἐπειδὴ
2452 3979 2647 4049 κρᾶσιν
2699 3975 2956 4039 πολλάκις
2987 3972 3254 4044 καλοῦμεν
3299 3970 3360 4024 τὸ
3390 3970 3604 4040 μέτρον,
3633 3964 3663 4018 ὃ

2090 4072 2227 4144 πρὸς
2265 4072 2420 4125 πόσιν
2448 4072 2626 4141 ἀρκεῖ.
2660 4068 2829 4122 Τοῦτο
2852 4066 3124 4138 ἠϐουλήθη
3159 4065 3352 4128 εἰπεῖν,
3382 4062 3463 4115 ὅτι
3489 4057 3662 4112 τοιαύ-

2086 4183 2187 4236 την
2213 4164 2408 4234 κρᾶσιν
2450 4160 2592 4216 οὕτω
2616 4162 2896 4231 μεγίστην,
2923 4158 3063 4212 ὥστε
3096 4156 3380 4227 πληρῶσαι
3403 4154 3462 4206 τὸ
3495 4152 3660 4222 ποτή-

2092 4273 2222 4327 ριον.
2242 4256 2497 4310 Βοὺλεται
2509 4255 2564 4309 δὲ
2578 4256 2751 4308 εἰπεῖν
2768 4252 2826 4319 ἐξ
2842 4255 2874 4307 ά
2881 4252 3049 4324 μφοτέ
3057 4269 3166 4323 ρων
3178 4251 3274 4321 τῆς
3285 4246 3551 4319 τιμωρίας
3562 4244 3657 4313 τὴν

2087 4350 2361 4403 ἐπίτασιψ
2401 4348 2493 4401 καὶ
2517 4351 2578 4401 ἐκ
2618 4347 2710 4401 τοῦ
2731 4347 2966 4419 ἄκρατον
2991 4339 3128 4397 εἶναι
3159 4342 3248 4396 τὸν
3269 4337 3428 4398 οἶνον.
3462 4337 3555 4391 καὶ
3594 4338 3659 4389 ἐκ

413 4443 530 4491 ttun
561 4453 626 4492 ex
652 4455 720 4495 eo
748 4442 896 4510 quod
927 4443 1070 4497 calix
1100 4444 1292 4514 plenus
1330 4446 1643 4500 exstiterit:
1673 4461 1824 4500 mero
1857 4447 1981 4517 qui-

2099 4441 2179 4497 τοῦ
2200 4441 2555 4513 πεπληρῶσαι
2570 4442 2630 4493 τὸ
2646 4443 2777 4507 ποτή
2788 4457 2917 4511 ριον·
2937 4438 3013 4509 τῷ
3039 4439 3135 4508 μὲν
3151 4436 3373 4507 ἀκράτῳ
3386 4433 3443 4487 τὸ
3458 4433 3660 4501 αὑστη-

414 4528 536 4584 dem
563 4535 937 4590 austeritatem
962 4544 1016 4590 et
1045 4537 1437 4592 vehementiam
1474 4537 1784 4600 declarans.
1810 4538 1983 4607 pleni-

412 4618 603 4675 tudine
627 4637 760 4677 vero
785 4624 1169 4679 sumcientiam
1195 4641 1291 4682 seu
1316 4627 1734 4691 abundantiam,
1762 4625 1984 4697 etquod

413 4711 480 4766 ad
514 4726 707 4770 omnes
760 4716 1116 4788 pertingeret.
1150 4718 1474 4774 Graviorcm
1530 4727 1710 4773 autem
1765 4734 1981 4789 pmuam

411 4803 705 4873 appellavit
736 4805 941 4862 faecem.
973 4808 1105 4879 Ego,
1132 4809 1329 4880 inquit.
1364 4809 1536 4878 magis
1569 4809 1775 4864 clarum
1807 4808 1982 4874 ebibi;

411 4894 467 4949 id
514 4903 600 4951 est
641 4896 946 4955 minoribus
992 4902 1151 4957 malis
1182 4899 1464 4970 subjectus
1510 4899 1605 4953 l'ui.
1636 4899 1813 4969 Ipsam
1845 4913 1977 4955 vero

411 4986 599 5042 faecem
629 4986 915 5060 Babylonii
962 4992 1172 5059 bibent,
1210 4995 1262 5050 id
1294 5001 1399 5058 est.
1430 4993 1683 5064 graviora
1717 5008 1816 5061 pro
1848 4991 1981 5045 faci-

414 5079 647 5137 noribus
678 5083 795 5139 suis
821 5084 994 5139 luent.

2089 4535 2181 4604 ρόν
2211 4534 2302 4586 καὶ
2330 4530 2541 4585 εὔτονον
2570 4531 2801 4593 δεικνὺς,
2819 4529 2895 4599 τῷ
2920 4528 2977 4581 δὲ
3004 4529 3195 4599 πλήρει
3219 4526 3280 4579 τὸ
3298 4524 3537 4594 διαρκὲς,
3562 4521 3656 4575 καὶ

2086 4625 2302 4679 πάντων
2344 4624 2665 4694 ἀπτόμενον.
2718 4622 2827 4691 Τὴν
2874 4620 3254 4692 χαλεπωτέραν
3298 4617 3354 4671 δὲ
3387 4612 3656 4687 τιμωρίαν

2084 4718 2311 4792 τρυγίαν
2341 4714 2617 4772 ἐκάλεσεν.
2664 4714 2825 4783 Ἐγὼ,
2850 4712 3001 4784 φησὶ,
3031 4711 3091 4764 τὸ
3108 4708 3455 4779 διειδέστερον
3480 4705 3651 4758 ἔπιον·

2082 4812 2379 4875 τουτέστιν,
2408 4804 2699 4863 ἐλάττωσιν
2725 4805 3035 4878 ὑπεϐλήθην
3059 4805 3263 4866 κακοῖς.
3284 4801 3461 4872 Αὐτὴν
3478 4796 3653 4867 δὲτὴν

2084 4903 2437 4973 ὑποστάθμην
2468 4898 2797 4955 Βαϐυλώνιοι
2827 4898 2901 4969 (1)
2935 4898 3149 4951 πίονται
3173 4912 3186 4925 ·
3214 4895 3334 4949 ἀντὶ
3349 4892 3466 4959 τοῦ,
3497 4890 3652 4963 χαλε-

2086 4992 2305 5063 πώτερα
2332 4986 2404 5046 ὦ)
2435 4992 2760 5063 εἰργάσαντο
2792 4990 3090 5044 πείσονται.

478 5256 553 5337 (ι)
582 5257 890 5337 [figendum
920 5263 1193 5337 Ἀσσύριοι
1221 5272 1405 5322 monet
1433 5266 1559 5324 Otto
1609 5264 1649 5319 F
1656 5263 1760 5320 rid.
1795 5261 2076 5320 Fritzsclie
2142 5259 2217 5317 De
2257 5262 2451 5319 Theod.
2511 5261 2683 5320 Mons.
2729 5262 2851 5318 Vita
2879 5275 2928 5319 et
2974 5262 3194 5334 Script.,
3238 5280 3291 5335 p.
3364 5262 3454 5320 50.
3502 5257 3651 5315 Halm

409 5325 567 5382 1846.
594 5325 750 5385 Eutr.
