4096 6234
435 315 519 372 ιοἹ
1856 313 1925 371 ιΝ
1968 314 2212 373 JOBUM.
3539 308 3646 366 698

1687 618 1816 708 IN
1904 614 2347 709 JOBUM.

412 968 664 1037 Ejusdem
720 968 983 1025 Theodori
1030 968 1357 1039 reprobautis
1384 978 1457 1039 ret
1492 967 1683 1021 librum
1729 964 1833 1020 Job
1856 1004 1891 1039 ι
1923 974 1974 1039 et
2002 967 2048 1025 Α
2076 960 2180 1018 sibi
2211 970 2265 1017 et
2293 958 2415 1014 ﬁlia
2440 970 2557 1013 sua
2579 955 2646 1011 ad
2680 955 2988 1012 fabularum
3017 956 3277 1026 ﬁgmenta
3300 952 3648 1008 communio-

473 1052 661 1096 contra
702 1033 1111 1108 conscriptorerit
1148 1040 1297 1108 ejus,
1336 1038 1389 1092 id
1426 1047 1503 1092 est
1527 1077 1543 1101 ,
1576 1033 1975 1108 sanctumASpi-

479 1111 637 1163 ritum
660 1152 687 1190 ,θ
708 1106 929 1191 dicentis
959 1110 1096 1181 quod
1129 1106 1343 1191 pagana
1370 1110 1579 1178 sapiens
1609 1109 1745 1161 hunc
1779 1106 1972 1160 librum

479 1194 819 1248 conscripsit.
1243 1190 1264 1209 ⁸

370 1248 384 1315 δ
476 1290 573 1343 l-lis
594 1290 672 1359 (Ι)
703 1305 826 1361 qua
858 1307 955 1361 pro
986 1293 1230 1347 doctrina
1263 1291 1543 1346 hominum
1575 1289 1778 1363 scripta
1810 1297 1963 1354 sunt,

401 1388 459 1435 et
494 1380 806 1436 Salomonis
835 1384 957 1437 libri
990 1383 1416 1438 connumerandi
1446 1390 1595 1447 sunt,
1630 1382 1682 1437 id
1712 1392 1815 1446 est,
1838 1381 1972 1436 Pro-

402 1473 590 1527 verbis
622 1481 679 1529 ct
710 1472 1131 1538 Ecclesiastica,
1168 1490 1289 1545 qua
1330 1477 1446 1545 ipse
1490 1491 1553 1531 ex
1589 1491 1688 1531 sua
1735 1491 1969 1545 persona

404 1565 473 1618 ad
510 1567 739 1619 aliorum
779 1566 1069 1620 utilitatem
1112 1568 1458 1636 composuit,
1506 1584 1631 1622 cum
1674 1569 1972 1637 prophetia:

405 1656 625 1724 quidem
671 1657 900 1725 gratiam
948 1672 1059 1711 non
1103 1658 1445 1727 accepisset,
1492 1659 1798 1730 prudentia
1839 1677 1970 1716 vero

408 1746 675 1815 gratiam,
726 1764 847 1817 qua
879 1750 1161 1804 evidenter
1191 1752 1359 1805 altera
1408 1761 1492 1807 est
1540 1761 1736 1823 prater
1782 1754 1967 1822 illam,

404 1841 704 1894 secundum
738 1841 879 1895 beati
912 1839 1061 1895 Pauli
1092 1858 1303 1898 vocem.

1003 1955 1070 2009 Et
1095 1967 1212 2025 post
1242 1957 1372 2011 alia.

474 2061 603 2117 Erat
649 2063 816 2133 igitur
863 2073 1001 2121 satis
1043 2068 1330 2135 idoneum,
1377 2086 1714 2141 supervacua
1747 2074 1965 2145 quidem

399 2155 587 2208 omnia
623 2157 790 2211 verba
830 2157 1047 2213 auferre
1068 2158 1370 2230 Scriptura
1394 2182 1406 2217 :
1433 2179 1554 2234 qua
1584 2175 1762 2222 autem
1797 2169 1864 2223 ad
1900 2169 1969 2225 si-

396 2247 807 2316 gniﬁcationem
840 2251 963 2304 vita
988 2251 1108 2319 ejus
1138 2254 1449 2308 necessaria
1477 2267 1638 2312 erant
1664 2274 1962 2329 exponere.

398 2355 525 2410 qua
557 2341 743 2395 omnia
778 2342 1119 2399 sufﬁciebant
1154 2348 1454 2416 quemlibet
1482 2349 1548 2403 ad
1578 2352 1805 2407 meliora
1836 2368 1968 2408 con—

397 2439 658 2495 vertere,
710 2441 763 2487 et
810 2436 1184 2491 amulatorem
1238 2437 1416 2493 facere
1459 2438 1609 2493 boni.
1653 2438 1809 2495 Nunc
1840 2457 1969 2497 vero

397 2540 525 2578 cum
564 2524 665 2579 hoc
698 2541 805 2579 non
844 2526 1091 2595 fecisset,
1127 2529 1194 2583 ad
1238 2532 1363 2585 vani
1408 2532 1634 2587 honoris
1673 2544 1967 2590 amatorem

398 2629 509 2665 non
544 2619 910 2670 necessarium
940 2620 1261 2683 respiciens.
1287 2636 1395 2675 non
1425 2622 1478 2675 in
1508 2623 1751 2679 minimis
1774 2625 1968 2679 existi-

396 2707 626 2758 mationi
672 2707 805 2776 justi
856 2710 1043 2763 nocuit
1083 2711 1227 2781 apud
1262 2728 1391 2776 eos,
1424 2714 1516 2784 qui
1552 2715 1766 2769 divinas
1824 2715 1970 2770 Scri-

398 2809 588 2865 p'uras
611 2814 715 2853 non
739 2815 861 2853 cum
881 2803 1059 2857 debita
1084 2804 1372 2859 devotione
1395 2806 1647 2874 judicare
1676 2808 1884 2872 solent,
1915 2817 1968 2862 et

397 2907 465 2942 ex
498 2891 598 2944 hoc
631 2894 832 2948 multos
870 2894 998 2948 fecit
1030 2896 1235 2966 scripta
1270 2898 1584 2968 inculpare,
1620 2907 1673 2951 et
1706 2899 1772 2953 ad
1802 2914 1967 2953 accu-

398 2982 668 3038 sationem
699 3000 762 3039 ca
794 2986 1010 3042 trahere
1042 2988 1181 3043 beati
1216 2987 1340 3043 Job.

1001 3094 1066 3149 Et
1097 3107 1213 3166 post
1241 3098 1371 3152 alia.

470 3206 589 3274 lpsa
623 3208 807 3263 statim
838 3210 1001 3264 verba
1023 3250 1040 3277 ,
1074 3226 1137 3265 ex
1170 3212 1370 3280 quibus
1402 3211 1644 3285 incipere
1672 3228 1794 3267 eum
1832 3212 1967 3268 dicit

395 3301 771 3369 conscriptor,
808 3317 932 3356 cum
978 3305 1357 3372 pervenissent
1395 3307 1588 3366 amici.
1624 3308 1748 3376 quis
1780 3306 1966 3360 consi-

395 3390 655 3444 deranter
684 3394 865 3445 omnia
896 3393 1122 3459 videns,
1174 3396 1356 3449 omnia
1411 3398 1496 3451 vel
1540 3398 1763 3459 dicens,
1817 3406 1967 3467 putet

395 3490 495 3533 aut
523 3483 667 3536 dicat
689 3484 821 3552 justi
854 3501 1093 3555 unquam
1129 3486 1296 3541 menti
1324 3489 1658 3543 convenire?
1683 3487 1964 3542 Maledicta

394 3574 548 3627 enim
579 3582 686 3627 tam
721 3578 891 3629 multa
929 3578 1190 3647 colligere
1224 3580 1411 3634 statim
1444 3581 1512 3634 ab
1543 3580 1730 3644 initio,
1777 3589 1832 3634 et
1875 3595 1962 3633 re-

396 3666 505 3721 bus
553 3682 615 3720 ea
658 3668 940 3737 imponere
980 3687 1101 3741 qua
1131 3673 1478 3727 maledictum
1525 3673 1807 3742 suscipere
1851 3689 1959 3727 non
1991 3645 2033 3703 ο

395 3767 656 3826 possunt,
693 3760 821 3827 quia
853 3776 951 3814 nec
979 3762 1279 3818 subsistere
1318 3763 1643 3828 creduntur,
1680 3765 1805 3832 quis
1840 3765 1959 3817 exi-

396 3851 580 3903 stimet
604 3851 720 3905 viro
747 3854 1075 3919 convenire,
1105 3855 1198 3924 qui
1228 3870 1350 3909 cum
1393 3862 1542 3907 tanta
1587 3854 1857 3924 sapientia
1908 3864 1962 3909 et

394 3939 598 3995 virtute
633 3950 688 3996 et
721 3945 1023 3999 reverentia
1055 3960 1209 3999 suam
1245 3946 1413 3998 vitam
1447 3946 1856 4015 gubernasset?

397 4072 467 4125 Et
495 4091 588 4143 per
621 4080 796 4131 omnia
850 4080 1131 4141 reprobans
1175 4080 1497 4148 scripturam
1542 4080 1679 4135 Job.
1727 4088 1776 4134 et
1828 4094 1958 4132 con-

471 4150 713 4213 scriptori
745 4150 1057 4204 malediceus
1100 4150 1275 4217 (idem
1315 4161 1487 4204 autem
1527 4150 1802 4203 estdicere
1830 4166 1959 4203 san-

466 4220 812 4284 ctoSpiritui
838 4224 879 4289 ),
911 4223 963 4274 iu
998 4223 1100 4289 ﬁne
1133 4222 1584 4290 interpretationis
1621 4221 1960 4289 blasphemia:

465 4306 575 4343 sua:
605 4291 679 4343 ita
712 4292 877 4344 dicit:

461 4410 697 4464 Parvum
747 4415 926 4462 autem
970 4415 1023 4461 et
1066 4404 1215 4462 istud
1259 4404 1522 4475 ﬂagitium
1570 4404 1638 4460 ad
1680 4405 1783 4459 hoc
1812 4405 1960 4475 quod

395 4505 450 4557 in
484 4504 587 4557 fine
619 4501 852 4571 positum
887 4506 991 4554 est.
1026 4497 1142 4554 Hoc
1172 4500 1316 4552 enim
1348 4498 1495 4569 quod
1530 4497 1702 4562 dixit,
1739 4499 1957 4553 tertiam

312 4600 319 4605 ’
396 4597 561 4649 tiliam
596 4608 750 4649 suam
783 4591 1081 4646 Amalthea
1127 4605 1300 4646 cornu
1338 4606 1462 4646 eum
1513 4605 1773 4654 vocasse,
1821 4590 1960 4645 nihil

398 4686 542 4740 aliud
574 4695 690 4748 est,
720 4699 883 4753 quam
912 4683 1203 4738 ostendere
1248 4699 1374 4737 eum
1420 4683 1706 4753 paganicis
1760 4682 1960 4739 fabulis

393 4776 817 4837 assentientem,
871 4782 924 4828 et
968 4773 1291 4827 idololatria
1323 4773 1576 4845 ﬁgmenta
1607 4773 1919 4844 diligentem
1941 4812 1957 4837 ,

394 4878 545 4924 certo
573 4867 792 4936 quidem
838 4867 1171 4931 constituto,
1216 4866 1364 4937 quod
1407 4882 1508 4922 nec
1550 4867 1695 4922 scire
1738 4866 1958 4936 quidem

392 4962 461 5016 de
488 4960 619 5016 Jove
646 4968 701 5015 et
734 4960 972 5014 Saturno
1017 4968 1073 5015 et
1123 4959 1338 5015 Junone
1387 4962 1686 5033 paganicas
1736 4960 1955 5014 fabulas

393 5058 607 5120 poterat
631 5047 732 5103 Job
760 5049 983 5113 beatus,
1016 5049 1183 5104 homo
1214 5050 1480 5106 barbarus
1509 5060 1564 5106 et
1596 5051 1955 5105 Edomitanus

393 5156 611 5211 genere.
648 5140 804 5207 Quod
837 5140 884 5196 si
914 5150 968 5195 et
997 5142 1200 5206 sciret,
1229 5141 1322 5195 sed
1352 5157 1461 5195 non
1496 5141 1616 5195 ﬁlia
1650 5155 1762 5195 sua
1791 5140 1956 5191 mira-

392 5234 571 5289 biliter
594 5234 857 5290 divinitus
888 5241 1046 5297 nata,
1065 5250 1130 5289 ex
1154 5234 1473 5288 idololatria
1499 5234 1726 5304 paganis
1755 5232 1955 5288 fabulis

392 5341 590 5383 nomen
616 5327 952 5397 imponeret,
981 5326 1246 5381 decorare
1275 5340 1394 5381 eam
1427 5326 1749 5381 existimans
1793 5323 1841 5380 si
1879 5325 1954 5379 ita

390 5421 674 5473 nominata
710 5419 924 5475 fuisset.
959 5417 1075 5475 Iioc
1118 5419 1264 5476 enim
1307 5428 1424 5474 erat
1471 5419 1699 5491 paganis
1749 5417 1948 5472 fabulis

391 5513 789 5571 consentientis
808 5551 824 5575 ,
851 5521 907 5567 et
936 5512 1255 5567 idololatria:
1276 5510 1555 5581 diligentis
1583 5509 1838 5579 ﬁgmenta
1857 5549 1872 5573 ,
1898 5516 1955 5565 et

393 5608 562 5664 ﬁliam
604 5606 863 5662 decorare
902 5620 996 5675 per
1021 5620 1083 5660 ea
1109 5604 1340 5661 volentis
1361 5644 1375 5666 .
1408 5611 1463 5659 ct
1488 5603 1856 5659 desiderantis
1890 5610 1946 5658 ct

2073 1068 2198 1109 nem
2229 1067 2355 1108 esse
2388 1048 2585 1105 videri.
2622 1048 2727 1105 Sed
2761 1048 2911 1119 quod
2958 1063 3120 1104 omne
3166 1047 3271 1102 hoc
3324 1047 3645 1119 ﬁgmentum

2072 1152 2152 1200 est
2174 1182 2190 1208 ,
2221 1142 2477 1198 omnibus
2507 1149 2718 1196 certum
2748 1147 2853 1195 est.

2664 1272 2730 1326 Et
2768 1280 2883 1340 post
2914 1270 3045 1325 alia.

2144 1388 2212 1443 Et
2240 1388 2587 1459 conscriptor
2614 1387 2835 1457 quidem
2866 1384 3189 1440 manifestus
3213 1393 3333 1447 est,
3364 1399 3429 1439 ex
3458 1398 3647 1439 amore

2070 1497 2271 1552 magno
2299 1490 2355 1535 et
2388 1482 2703 1548 importuno
2734 1478 2864 1532 vani
2895 1478 3124 1533 honoris
3167 1477 3271 1532 hoc
3306 1491 3527 1545 passus.
3575 1473 3647 1532 Ut

2067 1576 2214 1631 enim
2262 1574 2652 1642 sementipsum
2706 1572 3021 1626 ostenderet
3061 1579 3117 1626 et
3163 1578 3427 1625 extranea
3458 1568 3647 1627 erudi-

2068 1675 2185 1722 tum
2214 1682 2336 1721 esse
2363 1665 2614 1719 doctrina
2634 1703 2650 1729 ,
2679 1670 2733 1719 et
2760 1679 3094 1734 paganorum
3124 1663 3431 1717 fabularum
3461 1664 3647 1719 scien-

2066 1758 2199 1812 tiam
2231 1755 2521 1819 habuisse,
2553 1770 2691 1825 quas
2722 1754 2790 1809 de
2818 1754 2930 1810 illis
2972 1769 3112 1824 quos
3152 1752 3284 1810 deos
3327 1754 3642 1823 putabant,

2070 1849 2255 1903 ﬁrmas
2286 1848 2590 1912 habebant,
2623 1847 2910 1901 minimum
2942 1846 3277 1903 existimavit
3308 1847 3643 1902 nominatio-

2067 1956 2190 1995 nem
2236 1941 2395 1995 istam
2443 1941 2570 1995 inde
2616 1946 2895 2008 acceptam
2941 1938 3092 2007 justo
3133 1938 3444 2008 imponere,
3482 1938 3644 2008 quasi

2067 2047 2165 2101 per
2194 2047 2312 2087 eam
2340 2031 2508 2085 ﬁliam
2538 2046 2693 2087 suam
2720 2030 2971 2086 decorari
3003 2030 3226 2085 volenti.
3259 2029 3393 2084 Mihi
3415 2044 3546 2084 vero
3573 2044 3643 2085 ex

2067 2129 2178 2175 tota
2212 2121 2334 2175 libri
2371 2120 2780 2190 conscriptione
2835 2120 3005 2189 liquet
3056 2120 3488 2189 conscriptorem
3548 2132 3645 2188 pa-

2066 2213 2257 2284 ganica
2284 2213 2514 2268 scientia
2551 2228 2675 2268 esse
2711 2212 3020 2274 eruditum,
3062 2210 3130 2264 ad
3170 2210 3332 2280 cujus
3368 2210 3638 2264 imitatio-

1998 2309 2039 2364 B
2069 2321 2192 2359 nem
2225 2312 2546 2374 prasentem
2575 2304 2765 2358 volens
2795 2304 3128 2373 scripturam
3159 2316 3513 2372 componere,
3544 2316 3642 2355 no—

2069 2396 2180 2450 cuit
2204 2395 2447 2450 historia
2469 2394 2887 2464 pulchritudini.
2911 2394 3014 2459 Qui
3038 2394 3186 2447 enim
3210 2392 3357 2462 apud
3380 2393 3506 2447 illos
3532 2401 3639 2447 trao

2069 2486 2283 2557 gadias
2309 2494 2666 2555 componunt,
2690 2500 2888 2541 causas
2916 2485 3134 2554 quidem
3164 2484 3440 2554 accipiunt
3464 2485 3531 2539 ab
3553 2484 3642 2541 his

2068 2595 2189 2649 qua
2217 2578 2372 2632 multi
2404 2579 2725 2648 loquuntur,
2750 2576 2968 2647 quando
2995 2577 3158 2631 etiam
3187 2590 3307 2631 eam
3341 2576 3641 2646 contigerit

2067 2671 2472 2741 quodammodo
2518 2671 2662 2741 apud
2708 2670 2977 2741 plurimos
3018 2668 3335 2738 opinionem
3382 2669 3638 2724 veritatis

2071 2761 2311 2815 hahere:
2352 2775 2487 2830 pura
2525 2769 2708 2813 autem
2749 2774 2916 2813 causa
2957 2765 3216 2821 utentes,
3265 2771 3423 2812 suam
3460 2766 3639 2813 artem

2068 2858 2122 2903 ct
2167 2850 2492 2919 sapientiam
2542 2850 2597 2902 in
2650 2848 3053 2917 compositione
3101 2846 3411 2901 fabularum
3448 2854 3639 2901 osten-

2068 2944 2198 2995 dere
2234 2940 2530 3002 festinant,
2559 2947 2614 2994 et
2646 2953 2907 3008 personas
2940 2937 3359 2992 introducentes
3389 2938 3495 2992 sibi
3534 2938 3641 3009 pla-

2068 3034 2208 3088 citas
2227 3073 2243 3100 ,
2283 3042 2336 3086 et
2367 3048 2527 3087 voces
2555 3032 3041 3100 circumponentes
3067 3030 3151 3084 eis
3175 3069 3191 3095 ,
3221 3044 3250 3083 a
3291 3030 3496 3100 quibus
3525 3030 3641 3084 cla-

2068 3124 2244 3178 riores
2298 3122 2413 3178 ﬁeri
2462 3123 2807 3177 arbitrantur
2841 3129 2896 3175 et
2929 3121 3217 3186 decorari,
3256 3128 3316 3175 ut
3356 3131 3413 3176 et
3446 3121 3639 3192 queri-

2068 3215 2308 3269 moniam
2360 3221 2415 3268 et
2465 3213 2681 3269 laudem
2732 3230 2854 3283 qua
2892 3229 2921 3266 a
2963 3213 3187 3283 scriptis
3226 3213 3482 3279 infertur,
3524 3214 3642 3269 sive

2070 3322 2167 3376 per
2203 3307 2573 3365 intellectum,
2609 3307 2727 3361 sive
2758 3321 2855 3375 per
2884 3305 3001 3376 ipsa
3033 3307 3199 3362 verba
3239 3307 3479 3376 scriptor
3510 3321 3640 3376 pece-

2067 3399 2310 3462 caverit,
2339 3415 2451 3453 non
2484 3398 2549 3452 ad
2585 3414 2850 3469 personas
2881 3414 3112 3469 quarum
3144 3399 3309 3453 verba
3340 3399 3638 3467 contingit,

2069 3490 2310 3559 legentes
2356 3489 2634 3556 referant,
2679 3490 2774 3544 sed
2819 3490 2884 3543 ad
2932 3490 3132 3544 fabula
3176 3490 3635 3560 conscriptorem.

2069 3582 2134 3636 Et
2164 3582 2268 3637 iste
2293 3590 2474 3637 autem
2508 3598 2636 3637 cum
2680 3582 2985 3638 invenisset
3018 3590 3073 3637 et
3115 3582 3183 3637 dc
3223 3582 3383 3636 beato
3421 3579 3525 3635 Joh
3555 3581 3640 3635 hi-

2068 3662 2294 3729 storiam
2328 3674 2618 3727 maximam
2652 3682 2708 3729 et
2737 3675 2943 3728 claram
2965 3714 2980 3736 ,
3015 3689 3136 3744 qua
3171 3676 3225 3728 in
3262 3690 3356 3729 ore
3391 3674 3637 3728 omnium

2066 3768 2318 3823 similiter
2350 3766 2631 3821 ferebatur
2662 3779 2772 3819 non
2803 3766 2983 3821 solum
3034 3764 3325 3821 lsraelitici
3379 3764 3600 3835 generis
3620 3805 3635 3830 ,

2066 3857 2162 3913 sed
2191 3866 2247 3912 et
2279 3857 2549 3922 aliorum,
2582 3870 2745 3925 quem
2794 3856 2957 3911 etiam
3006 3856 3298 3910 clariorem
3338 3855 3431 3910 Dei
3479 3855 3642 3911 testi-

2068 3947 2321 4000 monium
2358 3946 2596 4001 faciebat
2625 3947 2773 4016 quod
2816 3947 3015 4000 factum
3050 3954 3136 4001 est
3175 3946 3239 4000 ad
3279 3946 3597 4017 prOphetam
3620 3987 3637 4011 ,

2067 4039 2298 4110 gloriam
2344 4055 2411 4095 cx
2448 4040 2824 4110 magnitudine
2864 4054 3048 4094 causa:
3088 4041 3278 4095 volens
3311 4039 3594 4110 suscipere
3619 4081 3635 4101 ,

2068 4133 2210 4186 hanc
2248 4131 2578 4200 scripturam
2615 4132 2964 4202 composuit,
3006 4147 3116 4186 non
3158 4132 3439 4203 cogitans,
3490 4131 3636 4202 quod

2066 4223 2236 4277 multa
2272 4221 2579 4276 differentia
2611 4231 2698 4279 est
2719 4262 2734 4287 ,
2771 4225 2918 4279 inter
2950 4223 3241 4279 historiam
3269 4224 3405 4293 justi
3437 4240 3637 4279 secun-

2065 4312 2195 4366 dum
2224 4311 2418 4365 divina
2458 4310 2752 4382 Scriptura:
2780 4321 2835 4370 et
2865 4314 3270 4384 simplicitatem
3322 4323 3376 4369 et
3420 4315 3636 4370 subtili-

2064 4413 2233 4461 tatem
2266 4405 2639 4476 pr0positam,
2674 4414 2729 4461 et
2761 4408 2905 4462 inter
2932 4407 3099 4462 verba
3136 4406 3411 4476 superﬂua
3433 4448 3448 4473 ,
3483 4417 3536 4463 et
3567 4409 3633 4473 ad

2064 4496 2440 4565 probationem
2484 4495 2743 4551 conﬁcta.
2792 4495 2925 4551 Inde
2971 4492 3029 4551 et
3073 4497 3194 4552 illas
3242 4496 3636 4567 plasmationes

2066 4584 2229 4651 fecit,
2277 4585 2332 4639 in
2383 4586 2586 4655 quibus
2637 4594 2915 4641 certamen
2963 4586 3028 4639 ad
3077 4584 3246 4641 Deum
3283 4584 3413 4641 fecit
3442 4587 3637 4642 diabo-

2066 4677 2215 4741 lum,
2271 4687 2328 4731 et
2375 4692 2538 4731 voces
2592 4678 2738 4732 sicut
2787 4677 2961 4729 voluit
3007 4678 3439 4749 circumposuit,
3500 4680 3636 4734 alias

2065 4770 2286 4841 quidem
2320 4771 2503 4838 justo,
2544 4772 2681 4825 alias
2718 4786 2848 4826 vero
2882 4771 3076 4826 amicis
3106 4790 3118 4825 :
3160 4771 3213 4826 in
3248 4773 3449 4843 quibus
3484 4773 3635 4825 voci-

2066 4866 2169 4921 bus
2222 4876 2484 4936 quantum
2549 4866 2883 4935 competenti
2943 4866 3225 4931 excessit,
3283 4866 3491 4921 dictum
3553 4875 3635 4921 est

2065 4956 2230 5011 etiam
2282 4958 2337 5010 in
2370 4957 2767 5026 superioribus.
2802 4956 2959 5010 illum
2990 4969 3171 5011 autem
3216 4956 3394 5011 Elium
3434 4957 3487 5009 in
3537 4969 3635 5024 po-

2048 5055 2270 5109 stremo
2317 5045 2622 5101 introduxit
2671 5055 2838 5100 tanta
2878 5046 3095 5116 injuria
3147 5048 3304 5115 plena
3354 5046 3632 5099 dicentem

2062 5137 2326 5192 adversus
2354 5136 2600 5206 justum,
2632 5146 2687 5191 ct
2721 5136 2773 5191 in
2814 5138 2919 5191 ﬁne
2951 5151 3197 5206 persona
3217 5132 3632 5206 magnitudinis

2061 5233 2259 5288 divina
2296 5242 2508 5287 natura
2551 5233 2950 5302 circumposuit
2995 5234 3156 5286 talem
3202 5231 3531 5294 dictionem,
3576 5231 3630 5285 in

2060 5339 2166 5395 qua
2200 5339 2307 5403 non
2341 5324 2517 5394 piguit
2548 5324 2714 5378 etiam
2746 5324 3066 5395 ﬁgmentum
3101 5332 3258 5380 cetus
3292 5323 3513 5379 addere.
3552 5321 3630 5377 Ex

2062 5417 2166 5472 hoc
2195 5425 2375 5472 autem
2406 5418 2725 5486 importuno
2756 5417 2875 5470 vani
2910 5415 3136 5470 honoris
3177 5431 3400 5474 amore.
3433 5424 3488 5472 et
3524 5429 3628 5470 no-

2057 5509 2408 5562 minationem
2451 5507 2592 5562 hanc
2632 5524 2698 5563 ex
2740 5506 2940 5564 fabulis
2979 5506 3263 5580 paganicis
3302 5514 3618 5578 arreptam,

2056 5600 2219 5655 beato
2244 5598 2348 5655 Job
2377 5600 2696 5671 applicavit.

468 5760 548 5832 (l)
579 5759 654 5817 Ex
685 5760 916 5818 concilio
951 5760 1052 5815 (ἰΡ.
1092 5776 1252 5832 supra
1286 5761 1522 5829 laudato,
1564 5768 1619 5816 ut
1646 5762 1924 5832 sequentia
1955 5763 2119 5821 etiam
2151 5761 2481 5826 fragmenta.

3608 854 3612 861 ι

3672 1139 3682 1196 ἱ
