4106 6238
506 271 612 329 βω

1714 278 2063 337 THEODOBI
2094 281 2574 340 MOPSUESTENI
3050 328 3055 333 ι

616 371 2075 416 ἔξει-Μ

2159 392 2274 401 -υ-υ
2296 388 3224 411 ——-————-————_:‘~
3264 390 3275 394 ⁴
3290 388 3717 429 ’ἓὲ.

3631 291 3732 349 700

1257 534 1382 620 IN
1453 480 2058 626 CANTICUM
2135 537 2957 632 CANTICORUM.

505 798 586 852 Ad
605 798 713 853 lucc
742 799 816 869 (Ι)
849 799 1453 881 autemdespernitidem
1486 798 1790 881 Theodorus
1818 799 2072 881 etCaltti-
2097 805 2145 863 Α
2172 810 2433 873 tanquam
2486 803 2864 874 insipientium
2886 843 2902 867 ,
2950 813 3004 861 et
3052 806 3173 863 sine
3218 820 3384 864 causa
3429 808 3725 881 alienigena

575 886 692 922 cum
724 873 1075 929 canticorum.
1097 879 1144 922 et
1171 874 1306 924 sicut
1336 870 1403 923 ad
1429 881 1665 922 amatam
1689 871 1790 924 sibi
1818 870 1928 925 ha’c
1960 870 2066 926 Sa-

575 943 829 994 tomonem
850 941 1162 1007 scripsisse,
1194 942 1345 1002 dicit,
1380 941 1603 1009 infanda
1638 940 2066 995 Christianorum

573 1011 789 1063 auribus
820 1010 882 1063 de
907 1012 1001 1063 hoc
1026 1026 1308 1077 exponens.
1342 1010 1511 1064 Habet
1542 1021 1715 1064 autem
1742 1012 1816 1065 sic
1842 1028 1858 1065 :

573 1102 709 1156 Cum
743 1118 828 1156 me
859 1103 1369 1172 piguissetCantica
1397 1104 1733 1158 canticorum
1767 1103 2064 1173 perlegere,

502 1196 760 1266 quoniam
805 1212 983 1265 neque
1043 1198 1341 1251 secundum
1394 1196 1765 1267 prOpheticam
1822 1197 2064 1267 speciem

500 1289 747 1358 exposita
776 1297 940 1352 sunt,
972 1305 1147 1358 neque
1174 1290 1472 1344 secundum
1503 1291 1854 1345 historiarum
1899 1290 2065 1345 tradi-

500 1382 702 1434 tionem
724 1420 738 1442 .
772 1382 916 1437 sicut
946 1383 1222 1450 scriptura
1258 1398 1547 1454 regnorum
1570 1423 1583 1449 ,
1622 1398 1799 1452 neque
1839 1382 2065 1437 demon-

499 1473 732 1526 strativa
780 1472 1156 1530 admonitione
1196 1475 1362 1529 studii
1410 1483 1657 1538 utuntur,
1711 1472 1897 1529 nescio
1933 1488 2062 1544 quo-

497 1564 660 1619 modo
710 1572 927 1619 tuarutn
980 1566 1285 1621 litterarum
1330 1574 1657 1637 prteceptum
1710 1566 1779 1621 de
1830 1566 2059 1621 Cantico

496 1656 833 1711 canticorum
885 1657 1111 1726 exigens
1160 1672 1189 1711 a
1247 1658 1408 1713 nobis
1454 1658 1888 1712 irrecusabiliter
1932 1671 2063 1711 cau-

496 1764 647 1812 sam,
685 1748 814 1804 fecit
846 1765 932 1805 me
961 1751 1107 1803 circa
1150 1766 1271 1805 eum
1306 1749 1749 1820 diligentiorem,
1794 1749 2063 1803 violenter

494 1840 739 1909 quidem.
774 1840 839 1894 Et
873 1842 953 1895 sic
986 1857 1086 1895 nec
1115 1842 1258 1895 enim
1288 1842 1531 1906 cessavi,
1561 1849 1616 1893 et
1648 1840 1807 1895 initio
1836 1840 1953 1909 ipso
1983 1841 2061 1893 le-

494 1933 694 1987 ctionis
726 1932 883 2001 quasi
928 1932 1173 1988 studiosa
1206 1932 1491 1985 alacritate
1519 1932 1766 1985 oscitans
1795 1929 2056 2001 frequen-

493 2032 598 2091 tur,
629 2034 682 2079 et
711 2024 1044 2092 dormitans,
1077 2026 1218 2079 sicut
1248 2025 1501 2080 convivio
1543 2025 1747 2080 codicis
1791 2024 2051 2093 nuptiali,

491 2127 547 2171 et
577 2119 679 2171 hoc
708 2117 906 2189 regali,
943 2126 1310 2188 percantatus.

980 2207 1042 2261 Et
1077 2218 1191 2277 post
1218 2224 1410 2277 pauca.

565 2299 673 2354 Sed
706 2301 786 2354 sic
818 2316 913 2370 per
944 2300 1267 2370 sapientiam
1314 2300 1571 2372 gentibus
1600 2308 1653 2355 et
1683 2297 1886 2354 Judaeis
1927 2313 2061 2369 prae-

491 2387 780 2445 dicabilem
827 2401 880 2445 et
913 2391 1211 2445 terribilem
1261 2391 1613 2445 exsistentetn
1663 2398 1723 2443 ut
1758 2391 2054 2445 'solertem.

493 2481 650 2538 Unde
682 2494 734 2539 et
764 2500 867 2553 pax
902 2485 950 2539 ei
984 2484 1211 2552 ﬁrmior,
1243 2500 1407 2555 quam
1441 2485 1494 2538 in
1526 2483 1893 2540 anterioribus
1925 2493 2060 2538 tem—

493 2578 721 2646 poribus
759 2586 913 2643 erat,
962 2579 1155 2634 timore
1202 2593 1429 2634 summae
1469 2578 1615 2633 circa
1665 2592 1727 2632 ea
1758 2578 2059 2647 prudentiae

500 2669 732 2725 frenatis
794 2670 1045 2740 gentibus
1084 2671 1223 2725 bella
1262 2671 1571 2725 amantibus
1600 2710 1614 2734 ,
1675 2669 2054 2741 Egyptiacum

490 2762 803 2816 convivium
850 2763 1017 2826 facit,
1068 2761 1412 2817 Salomonem
1454 2764 1592 2832 apud
1638 2761 1854 2817 Iudaeos
1897 2764 2057 2815 vitio-

488 2867 633 2918 sum,
663 2861 921 2923 tanquam
951 2855 1129 2924 legum
1159 2863 1506 2924 paternarum
1552 2856 2052 2924 pravaricatorem,

490 2945 865 2999 abdicantium
924 2946 1254 3016 alienigenas
1312 2947 1569 3015 nuptias,
1630 2955 1684 3002 et
1742 2946 1810 3000 ad
1865 2946 2057 3016 puella:

490 3037 798 3091 convivium
827 3037 1025 3092 cecidit
1058 3037 1325 3107 fugiendae
1357 3037 1576 3107 quidem
1613 3036 1776 3091 etiam
1810 3038 1929 3107 ipso
1964 3052 2055 3107 pa-

488 3127 596 3180 trio
625 3125 862 3181 deformi
898 3128 1082 3183 colore
1132 3129 1575 3200 (nocturnorum
1615 3130 1762 3183 enim
1806 3130 2053 3183 colorum

490 3215 759 3289 Egyptus
787 3219 1069 3289 genitrix),
1106 3221 1281 3290 magis
1310 3236 1438 3277 vero
1471 3221 1759 3291 fugienda,
1793 3222 2052 3292 quoniam

488 3311 580 3380 qui
612 3326 780 3381 genus
819 3311 1051 3366 habebat
1093 3328 1158 3366 ex
1197 3312 1365 3368 Cham
1391 3353 1405 3375 ,
1448 3312 1540 3384 qui
1575 3315 1746 3369 hteres
1778 3313 1880 3367 fuit
1911 3315 2056 3368 anti-

488 3416 611 3471 quae
641 3401 1036 3457 malidictionis
1070 3402 1215 3469 Noe,
1247 3418 1311 3457 ex
1363 3404 1562 3472 quibus
1612 3419 1809 3472 paSsus
1832 3412 1914 3458 est
1953 3404 2054 3457 ali-

2086 2154 2133 2212 Β

2166 897 2480 953 vocantium
2513 913 2577 953 ea
2607 913 2727 969 quae
2759 900 2976 968 cognita
3004 908 3153 956 sunt.

2766 1012 2834 1067 Et
2860 1023 2974 1082 post
3002 1016 3135 1069 alia.

2237 1101 2343 1168 Qui
2392 1103 2535 1158 enim
2581 1107 2729 1159 canit
2776 1121 2989 1161 onmem
3035 1106 3434 1172 cantationem,
3481 1122 3540 1162 se
3576 1106 3726 1162 dele-

2165 1202 2311 1249 ctat:
2342 1210 2441 1266 ego
2487 1211 2615 1251 vero
2660 1193 2882 1267 quidem’
2922 1213 3062 1253 cano
3091 1201 3421 1268 propositam
3456 1201 3722 1252 cantatio-

2164 1299 2325 1338 nem:
2348 1285 2548 1355 quibus
2576 1302 2708 1341 vero
2729 1301 2888 1351 cano,
2911 1302 3019 1342 non
3050 1303 3172 1343 cum
3200 1289 3308 1343 illis
3336 1304 3419 1342 me
3446 1288 3723 1343 delectans

2163 1389 2334 1430 cano:
2368 1376 2616 1431 nolebam
2645 1378 2789 1432 enim
2819 1393 3060 1433 mearum
3092 1380 3405 1448 nuptiarum
3428 1378 3724 1432 detractio-

2168 1466 2256 1522 nis
2280 1482 2405 1522 esse
2436 1467 2492 1521 in
2518 1469 2714 1524 saecula
2755 1470 3121 1540 conscriptor.
3167 1467 3503 1524 Necessitate
3545 1478 3723 1523 autem

2168 1561 2539 1618 excusationis
2584 1561 2774 1617 volens
2820 1576 3053 1626 canere,
3110 1577 3343 1633 quorum
3394 1578 3502 1616 non
3561 1562 3720 1622 volo,

2163 1651 2531 1707 cantationem
2573 1667 2773 1708 canere
2811 1668 2999 1723 cogor,
3041 1662 3101 1707 ut
3142 1652 3215 1709 sit
3264 1653 3399 1707 mihi
3445 1654 3721 1707 canticum

2166 1757 2332 1810 super
2384 1757 2589 1798 morem
2640 1744 2863 1798 cantici.
2914 1744 3124 1798 Canere
3179 1744 3324 1799 enim
3380 1743 3543 1798 modo
3596 1758 3721 1797 eum

2162 1850 2363 1905 sponsa
2394 1850 2580 1904 cogor,
2616 1850 2739 1906 quae
2782 1835 3095 1905 vituperant
3120 1834 3386 1904 publicam
3418 1833 3724 1889 excusatiov

2164 1943 2288 1983 nem
2314 1968 2330 1993 ,
2363 1936 2418 1983 et
2442 1929 2679 1983 clamare
2721 1943 2785 1983 ea
2827 1941 2950 1996 quae
3007 1926 3344 1982 abscondere
3393 1926 3723 1983 nubentibus

2163 2017 2339 2075 decet.
2377 2018 2643 2083 Quoniam
2680 2017 2822 2070 enim
2854 2014 3147 2086 conﬂigere
3188 2030 3289 2072 nos
3311 2014 3724 2085 vituperationi-

2162 2107 2263 2163 bus
2287 2115 2481 2177 putant
2500 2147 2514 2169 ,
2540 2116 2594 2162 et.
2614 2108 3100 2178 reprehensionum
3129 2107 3434 2177 opprobriis
3461 2105 3720 2170 dividere,

2160 2197 2381 2251 audiant
2407 2211 2507 2251 nos
2536 2206 2753 2252 nostros
2786 2196 3066 2265 amplexus
3091 2206 3350 2251 canentes
3378 2195 3607 2250 calidius
3626 2234 3641 2258 ,
3668 2203 3721 2250 et

2159 2287 2484 2357 nuptialium
2522 2295 2837 2342 nostrorum
2876 2295 3280 2357 unguentorum
3315 2286 3554 2355 amplius
3589 2285 3724 2339 odo-

2159 2395 2273 2433 rem
2305 2379 2615 2447 accipiant:
2661 2378 3070 2432 circumsonent
3105 2377 3339 2431 canticis
3371 2377 3591 2447 tragicis
3626 2392 3723 2432 no-

2159 2481 2399 2526 strorum
2460 2470 2826 2525 osculorum:
2884 2471 3061 2524 clama
3124 2478 3271 2523 tuam
3309 2468 3720 2539 nigritudinem.

2158 2578 2379 2633 sponsa,
2409 2577 2762 2633 purpuream,
2789 2561 3085 2633 gratiosam
3118 2561 3291 2615 clama
3320 2579 3333 2615 :
3369 2570 3520 2614 tuum
3550 2573 3722 2631 genus

2158 2657 2499 2726 vituperatur
2536 2654 2827 2709 laudabilis
2870 2653 3135 2724 originis,
3180 2653 3350 2707 Israel
3390 2652 3717 2722 congentile.

2157 2746 2341 2816 Incipe
2369 2745 2529 2799 initio
2560 2744 2934 2814 responsionis
2966 2744 3031 2798 ad
3060 2759 3191 2799 eos:
3227 2742 3307 2797 Ex
3332 2743 3526 2798 calidis
3556 2757 3721 2797 oscu-

2156 2838 2224 2892 lis
2265 2837 2400 2892 meis
2450 2844 2804 2907 cognoscant,
2849 2835 2994 2907 quod
3038 2836 3323 2890 amatoriis
3370 2834 3720 2890 sermonibus

2156 2929 2458 2984 adinvicem
2492 2928 2753 2994 fruimur;
2788 2929 3006 2983 discant
3042 2927 3415 2997 percutientes
3443 2926 3721 2995 vitupera-

2155 3021 2400 3076 tionibus
2439 3021 2659 3075 tacitam
2695 3020 2961 3075 citharam
3002 3019 3226 3089 nuptias
3264 3025 3563 3083 amantem;
3620 3030 3714 3071 co-

2154 3120 2425 3184 gnoscant
2472 3112 2984 3177 maledictionibus,
3031 3110 3177 3179 quod
3229 3109 3434 3165 saltare
3484 3108 3541 3162 in
3587 3108 3733 3162 meis

2155 3205 2362 3274 nuptiis
2389 3219 2419 3257 a
2449 3204 2607 3259 nobis
2633 3205 2803 3274 putati
2835 3211 2984 3258 sunt.
3013 3202 3132 3255 Non
3159 3200 3486 3256 maledicere
3511 3199 3721 3261 sciant,

2156 3300 2302 3370 quod
2332 3300 2713 3355 excitaverunt
2747 3313 2983 3353 amorem
3018 3303 3359 3351 resonantem
3391 3291 3721 3363 jucundiora

2155 3390 2663 3461 vituperatoribus;
2703 3390 2871 3443 intret
2913 3402 3077 3441 aures
3124 3400 3316 3441 eorum
3361 3398 3582 3437 amarus
3623 3380 3725 3434 ali-

487 3495 617 3563 quid
656 3492 912 3549 Salomon
946 3495 1094 3550 circa
1137 3471 1394 3566 conjugig
1431 3471 1798 3561 desiderium,
1852 3504 1907 3551 ει
1951 3511 2050 3565 ορ-
2079 3495 2124 3556 c
2155 3485 2278 3552 quis
2314 3484 2369 3537 in
2400 3483 2568 3538 corde
2600 3481 2860 3537 stimulus
2892 3487 3206 3533 nostrorum
3242 3476 3581 3532 osculorum.
3617 3471 3725 3566 Sed

486 3585 710 3654 probrio
745 3586 1208 3656 praevaricationis
1238 3587 1524 3651 irritatus,
1559 3589 1840 3658 componit
1874 3587 2048 3640 canti-

485 3691 605 3731 cam
654 3679 1099 3741 excusationem,
1150 3686 1209 3733 ut
1258 3680 1466 3749 gratior
1515 3680 1678 3732 etiam
1729 3679 1883 3733 uxori
1936 3678 2047 3741 sit,

485 3769 721 3824 canticis
750 3769 1056 3825 delectatus
1086 3786 1185 3841 pro
1210 3787 1272 3825 ea
1303 3772 1461 3827 factis
1488 3790 1501 3826 :
1532 3782 1586 3827 et
1614 3773 2049 3841 improperantes

489 3863 768 3929 sapienter
819 3864 1129 3931 percussit,
1177 3871 1439 3933 tanquam
1486 3864 1783 3933 conscripti
1826 3878 2050 3918 causam

484 3953 564 4006 illi
606 3954 798 4009 dantes
848 3954 1189 4019 lmtitiarum,
1219 3965 1273 4011 et
1316 3972 1424 4011 non
1460 3957 1793 4026 paenitentia
1834 3964 2053 4026 pr0pter

486 4046 708 4114 nuptias
737 4054 994 4115 tanquam
1028 4062 1244 4115 pravas.
1278 4048 1434 4103 Unde
1465 4051 1533 4101 ab
1562 4049 1766 4102 osculis
1796 4047 2023 4115 nuptiali

486 4136 589 4191 bus
619 4137 800 4190 statim
832 4138 878 4192 ei
911 4147 965 4192 et
994 4138 1207 4191 initium
1239 4146 1320 4192 est
1343 4179 1358 4203 ,
1407 4148 1667 4209 tauquam
1703 4140 1918 4194 sistenti
1949 4154 2051 4193 no-

489 4245 609 4295 vam
656 4238 880 4299 nuptam
928 4231 1322 4285 reclamantem
1369 4232 1849 4302 vituperantibus:
1885 4231 2054 4287 Oscu-

488 4324 624 4377 letur
654 4339 734 4376 me
758 4340 979 4393 sponsus
1024 4324 1088 4376 ab
1138 4323 1333 4377 osculis
1381 4325 1488 4377 oris
1539 4341 1653 4392 ejus
1677 4366 1691 4389 ,
1726 4335 1782 4379 et
1808 4333 2051 4380 vestrum

488 4413 621 4467 tnihi
650 4430 782 4468 cura
813 4416 960 4469 nulla
990 4416 1343 4485 opprobrium
1376 4417 1715 4471 latrantium.
1759 4416 1825 4470 Et
1855 4418 2050 4473 iterum

489 4503 725 4559 irritatio
754 4507 820 4560 ad
850 4508 1280 4575 vituperationes
1309 4522 1409 4577 pro
1440 4522 1642 4577 Sponsa
1670 4523 1770 4561 sua
1799 4508 2047 4563 calidior.

491 4591 663 4662 Nigra
694 4612 807 4648 sum
841 4608 890 4649 et
922 4596 1087 4660 bona,
1124 4598 1252 4667 ﬁlice
1279 4596 1612 4662 Jerusalem,
1643 4600 1779 4653 sicut
1809 4599 2051 4654 taberna—

488 4685 607 4737 cula
639 4684 831 4747 Cedar,
865 4688 1001 4739 sicut
1032 4688 1183 4756 pellis
1216 4689 1537 4743 Salomonis.
1574 4687 1653 4743 Ne
1681 4690 1812 4742 mihi
1834 4729 1849 4753 ,
1878 4689 2045 4753 dicit,

486 4774 724 4830 colorem
773 4774 840 4828 ad
890 4778 1347 4847 vituperationem
1394 4784 1716 4852 proponite,
1761 4781 1870 4837 nisi
1912 4782 2051 4836 forte

2157 3576 2471 3631 intellectus
2505 3574 2721 3644 quidem
2757 3571 3117 3639 conscriptori
3147 3567 3416 3637 ejusmodi
3457 3576 3541 3621 εει
3563 3606 3579 3629 ,
3614 3564 3713 3617 ha—

2155 3669 2317 3723 bebat
2346 3682 2477 3722 vero
2508 3666 2840 3720 intellectum
2862 3702 2877 3726 ,
2914 3677 2978 3717 eo
3009 3661 3151 3731 quod
3183 3662 3300 3715 sine
3331 3658 3551 3713 nomine
3581 3671 3715 3710 con-

2158 3760 2509 3830 scriptionem
2540 3758 2706 3823 fecit,
2760 3755 3139 3809 tantummodo
3187 3768 3295 3805 non
3352 3751 3599 3806 clamans
3652 3744 3723 3801 ad

2157 3852 2321 3907 Israel
2343 3893 2357 3917 ,
2385 3850 2528 3922 quod
2561 3864 2673 3904 non
2702 3849 2875 3918 ipsius
2905 3845 3220 3901 Salomonis
3240 3851 3326 3905 est
3354 3841 3722 3910 conscriptor,
3746 3834 3751 3847 '

2159 3945 2252 3998 sed
2286 3943 2610 3997 necessitate
2642 3939 3026 3995 aemulationis.

2715 4049 2783 4103 Et
2818 4059 2934 4119 post
2972 4062 3161 4117 pauca.

2229 4146 2357 4211 Quae
2403 4143 2587 4196 omnia
2620 4148 2838 4212 oportet
2872 4140 3117 4209 legentes
3155 4136 3353 4191 librum
3388 4132 3716 4205 cogitando,

2161 4252 2260 4290 nec
2300 4237 2366 4289 ad
2404 4234 2756 4303 impudicitiae
2795 4230 3161 4284 hortationem
3204 4235 3399 4298 putare
3432 4242 3557 4281 esse
3591 4241 3725 4280 eon-

2161 4326 2512 4395 scriptionem
2546 4320 2961 4392 sapientissimi,
3010 4325 3065 4373 et
3122 4324 3343 4386 propter
3386 4315 3490 4370 hoc
3541 4314 3727 4369 odisse

2161 4418 2378 4489 (qualis
2416 4414 2564 4470 enim
2602 4420 2749 4468 esset
2788 4409 2999 4464 utilitas
3040 4406 3318 4461 Salomoni
3356 4405 3619 4461 festinare
3655 4402 3723 4458 ad

2159 4506 2621 4575 conscriptionem
2664 4500 3043 4572 impudicitiae,
3085 4499 3173 4553 cui
3224 4506 3278 4551 et
3326 4496 3445 4551 sine
3475 4495 3724 4549 conscri-

2159 4600 2345 4670 ptione
2378 4604 2623 4667 potestas
2645 4605 2763 4650 erat
2794 4590 3183 4661 impudicitiaa?
3204 4589 3245 4655 l,
3277 4604 3377 4643 nec
3406 4587 3724 4642 collaudare

2160 4690 2439 4749 codicem,
2470 4688 2616 4742 sicut
2650 4686 2935 4740 habentem
2969 4682 3309 4754 prophetiam
3362 4679 3722 4735 dictationem

2164 4783 2431 4837 bonorum
2479 4778 2759 4834 Ecclesia}.
2803 4774 2860 4830 Si
2898 4776 3042 4831 enim
3069 4773 3449 4844 propheticam
3492 4779 3721 4841 gratiam

485 4867 649 4922 etiam
681 4867 822 4922 bene
848 4870 1321 4937 compositurum?
1350 4873 1767 4927 aediﬁcationum
1799 4888 1864 4927 ex
1896 4874 2052 4944 nigro
2089 4853 2128 4907 ί)
2157 4872 2484 4937 meruisset,
2540 4871 2873 4925 mentionem
2927 4866 3130 4921 alicubi
3183 4864 3279 4918 Dei
3329 4862 3552 4917 fecisset
3620 4861 3637 4929 (
3663 4861 3720 4914 in

488 4956 664 5025 lapide
689 4956 905 5011 Arabiae
934 4957 1293 5025 miraculum,
1323 4963 1774 5033 vituperationem
1806 4977 1927 5018 esse
1958 4980 2052 5033 pu-

488 5048 649 5103 tatis:
676 5063 905 5118 quorum
941 5049 1180 5119 lapidum
1214 5053 1344 5107 mihi
1377 5054 1616 5109 membra
1648 5054 1845 5109 similia
1882 5063 2050 5122 sunt,

485 5141 630 5195 sicut
659 5141 884 5210 quidam
919 5142 1126 5212 lapides
1168 5146 1414 5214 pretiosi.
1448 5147 1695 5200 Caeruleo
1730 5149 1874 5199 enim
1930 5147 2051 5216 ipso

485 5232 721 5299 coloris,
756 5234 899 5304 quod
938 5236 1313 5306 vituperantes
1351 5238 1585 5301 canitis,
1624 5237 1927 5292 similitudo
1967 5248 2067 5294 est

487 5325 678 5379 talium
707 5326 949 5396 lapidum
972 5370 985 5392 ,
1015 5338 1068 5384 et
1097 5330 1294 5400 regalis
1323 5344 1600 5399 purpurae,
1633 5338 1687 5384 et
1714 5330 1911 5400 regalis
1943 5345 2050 5384 non

487 5418 828 5488 simpliciter.
862 5423 957 5474 sed
994 5423 1210 5491 qualem
1245 5421 1500 5477 Salomon
1532 5422 1925 5487 circumdatur,
1958 5423 2051 5492 qui

489 5509 614 5580 plus
641 5511 895 5566 omnibus
929 5514 1144 5583 regibus
1167 5520 1486 5569 ornamenta
1513 5526 1677 5569 amat.
1720 5513 1825 5569 Sed
1856 5527 1911 5569 et
1944 5529 2052 5570 ca:-

492 5603 597 5657 teri
652 5605 851 5660 cantici
880 5606 1145 5675 expositio
1166 5650 1178 5673 ,
1213 5608 1448 5662 irritatio
1478 5617 1559 5662 est
1590 5608 2052 5679 vituperationum

565 5739 640 5811 (ι)
672 5740 750 5796 Ex
788 5740 979 5797 eadem
1013 5744 1223 5799 concito
1254 5744 1541 5802 Constant.

2159 4966 2304 5022 nulla
2339 4966 2481 5021 enim
2518 4965 2836 5036 prophetica
2872 4966 3148 5034 scriptura
3183 4960 3325 5015 Deus
3359 4975 3470 5013 non
3512 4973 3721 5013 memo-

2156 5061 2371 5129 ratur),
2401 5058 2496 5114 sed
2530 5058 2675 5114 scire
2713 5057 2913 5113 debent
2953 5071 3173 5118 omnes,
3208 5051 3574 5109 aemulationis
3617 5066 3722 5104 nu-

2155 5149 2340 5220 ptialis
2369 5148 2615 5203 codicem
2658 5148 2903 5203 mensale
2951 5146 3230 5200 canticum
3276 5158 3435 5206 esse,
3485 5142 3631 5197 sicut
3668 5146 3723 5194 et

2156 5241 2223 5296 de
2248 5255 2430 5294 amore
2458 5247 2645 5310 postea
2668 5237 2979 5293 convivium
3004 5237 3161 5291 Plato
3188 5233 3540 5304 conscripsit.
3567 5229 3721 5285 Unde

2158 5345 2261 5385 nec
2289 5328 2512 5394 ludatis,
2548 5344 2648 5385 nec
2673 5329 2832 5384 nobis
2860 5328 3076 5399 publica
3104 5327 3268 5382 lectio
3300 5339 3542 5395 unquam
3576 5323 3719 5377 Can-

2159 5422 2255 5476 tici
2287 5423 2627 5476 canticorum
2664 5419 2806 5476 facta
2836 5429 2920 5475 est
2941 5460 2956 5483 ,
2988 5427 3249 5489 tanquam
3295 5417 3630 5474 domesticus
3662 5421 3717 5467 et

2162 5514 2424 5586 nuptialis
2482 5512 2793 5570 Salomonis
2850 5511 3121 5568 conviviis
3175 5519 3372 5567 cantus
3423 5506 3717 5580 opprobria

2162 5619 2376 5677 sponsae
2407 5619 2629 5660 sonans.
