4096 6234
412 327 514 385 ’191
1276 335 1779 393 (ΞΟΜΜΕΝΤΑΒΙΑ
1836 337 1903 392 IN
1941 336 2029 393 ΝΟ

2025 335 2184 395 ΝΟΜ
2222 336 2765 395 TESTAMENTUM.
3538 334 3642 393 702

451 481 3631 523 Μ

1038 660 1841 791 THEODORI
1921 663 3023 794 MOPSUESTENI

608 908 1761 1004 COMMEN'I‘ARIORUM
1842 915 1966 1003 lN
2044 914 2481 1008 NOVUM
2550 917 3442 1010 TESTAMENTUM

1496 1103 1672 1172 ρυιΕ
1702 1104 2060 1160 REPERIRI
2098 1105 2567 1163 POTUERUNT.

1334 1300 1339 1305 λ
1394 1281 1687 1326 COLLEGIT
1710 1307 1727 1336 ν
1830 1283 2150 1328 DISPOSUIT
2174 1309 2191 1340 ,
2289 1286 2658 1337 EMBNDAVIT

1095 1442 1419 1538 ΟΤΤΟ
1468 1448 1660 1533 FRI
1685 1446 2053 1539 DOLIN
2078 1449 2213 1539 US
2271 1450 2959 1554 FRITZSCHE,

691 1650 779 1692 τι.
810 1651 895 1692 on.
920 1650 987 1692 ΕΤ
1023 1650 1075 1692 IN
1107 1650 1361 1693 ΔΟΔυΕωΔ
1386 1652 1658 1694 τωιιοειιει
1697 1655 1745 1693 P.
1774 1655 1822 1693 P.
1855 1654 1932 1703 0.,
1966 1653 2308 1695 ηιδωοτιιεοδ

1743 1681 1745 1691 ι
1774 1655 1822 1693 1⁵.
1855 1654 1932 1703 0.,
1966 1653 2325 1695 Βιδωοτηεοιις
2349 1654 2669 1697 κειρωιωω
2690 1656 2865 1698 τῠιιιο.
2886 1657 2941 1698 ﬂ.
2966 1658 3018 1698 το
3051 1652 3360 1699 Putnam

1474 1745 1777 1788 SOCIETATIS
1796 1746 1933 1786 ιιιετ.
1955 1746 2144 1788 τηεοι..
2173 1746 2307 1787 LIPS.
2339 1749 2574 1793 SODALIS.

1263 1888 1493 1955 (Turici,
1536 1897 1735 1955 sumptu
1787 1891 1973 1955 Meyeri
2024 1898 2077 1944 et
2128 1892 2331 1943 Zelleri.
2378 1882 2517 1955 1847,
2554 1892 2605 1944 in
2666 1893 2781 1959 8‘.)

1690 2227 2358 2323 PRIEFATIO.

477 2588 620 2647 Cum
645 2589 703 2646 in
731 2584 1216 2661 commentatione,
1249 2608 1413 2664 quam
1446 2601 1575 2651 ante
1601 2594 1705 2651 hos
1734 2594 1991 2651 undecim
2020 2609 2196 2650 annos
2229 2593 2297 2649 de
2330 2590 2601 2647 Theodori
2628 2590 2988 2663 Mopsuesteni
3020 2590 3131 2646 vita
3155 2596 3208 2646 et
3234 2589 3461 2663 scriptis
3488 2589 3629 2646 Hal:

407 2682 556 2740 edidi
589 2684 688 2756 (l),
724 2699 811 2740 me
835 2700 964 2741 mox
992 2701 1113 2757 quae
1146 2694 1424 2742 restarent
1445 2686 1513 2742 de
1550 2686 1842 2744 Theodoro
1868 2688 2274 2759 disputaturum
2308 2685 2701 2757 significarem,
2739 2699 2850 2738 non
2881 2682 2997 2739 fore
3024 2684 3359 2748 existimavi,
3392 2691 3453 2737 ut
3475 2682 3633 2739 tidem

407 2774 593 2831 datam
619 2784 730 2831 tam
760 2776 854 2832 diu
884 2776 1145 2834 fallerem.
1175 2779 1281 2835 Sed
1310 2789 1371 2835 ut
1401 2780 1476 2848 ﬁt,
1519 2780 1626 2835 alia
1658 2795 1746 2836 me
1771 2780 1882 2836 alio
1923 2788 2226 2835 traxerunt.
2253 2780 2317 2834 Et
2356 2781 2592 2852 primum
2625 2778 2866 2849 quidem,
2899 2792 3021 2833 cum
3051 2778 3215 2848 paulo
3251 2785 3373 2847 post
3400 2777 3633 2848 patriam

406 2884 534 2922 cum
561 2869 808 2926 Helvetia
835 2881 1281 2937 commutassem,
1305 2875 1430 2929 novi
1457 2876 1698 2931 muneris
1729 2878 1972 2932 rationes
2005 2891 2302 2946 rerumque
2333 2875 2752 2931 vicissitudines
2797 2874 3118 2935 effecerunt.
3156 2880 3217 2927 ut
3263 2872 3333 2926 ad
3371 2873 3479 2926 alia
3508 2871 3625 2926 ani-

405 2978 557 3019 mum
587 2966 951 3036 appellerem;
980 2968 1175 3024 deinde
1206 2985 1336 3024 vero
1381 2985 1505 3025 cum
1552 2971 1686 3025 mihi
1731 2971 2006 3026 interdum
2041 2972 2235 3035 otium,
2264 2987 2375 3041 quo
2405 2972 2536 3024 nihil
2577 2978 2661 3025 cst
2708 2969 2944 3032 dulcius,
2978 2968 3257 3030 fecissent,
3307 2966 3415 3020 alia
3454 2964 3634 3021 studia

405 3053 647 3108 animum
686 3056 805 3112 sive
847 3067 1087 3112 erectum
1129 3060 1471 3115 oblectarunt
1518 3062 1634 3117 sive
1680 3061 1951 3132 dejectum
2000 3072 2315 3117 erexerunt.
2363 3061 2468 3116 Sed
2506 3061 2642 3115 nihil
2686 3060 2751 3115 ad
2788 3060 2925 3114 alios
2969 3058 3281 3113 domesticae
3331 3073 3463 3112 meae
3508 3056 3626 3113 sive

402 3143 814 3212 delectationes,
841 3149 956 3204 sive
986 3151 1411 3208 sollicitudines.
1432 3153 1757 3225 Quanquam
1787 3155 2004 3224 seposui
2036 3171 2158 3223 qua:
2181 3154 2475 3223 aliquando
2515 3152 2855 3223 depromam.
2886 3150 2965 3204 Ad
2995 3149 3340 3206 Theodorum
3365 3158 3426 3203 ut
3454 3163 3634 3205 rever-

405 3246 511 3303 tar,
538 3256 816 3312 nunquam
848 3244 1067 3314 quidem
1097 3245 1219 3315 ejus
1254 3261 1483 3315 prorsus
1514 3247 1799 3302 immemor
1832 3246 1933 3310 fui.
1964 3247 2057 3302 sed
2089 3262 2214 3301 cum
2250 3248 2488 3301 viderem
2520 3245 2817 3316 quotannis
2847 3242 2959 3297 fere
3003 3258 3144 3297 nova
3175 3243 3295 3313 ejus
3327 3242 3628 3314 fragmenta

401 3347 469 3389 ex
505 3333 746 3391 tenebris
782 3334 851 3390 ad
882 3336 1058 3391 lucem
1086 3337 1355 3407 protrahi,
1387 3338 1559 3393 satius
1592 3339 1753 3393 habui
1784 3338 2245 3408 opportunitatem
2287 3336 2591 3392 disserendi
2624 3334 2886 3405 opperiri.
2929 3332 3084 3388 Nunc
3110 3349 3240 3388 vero
3269 3343 3482 3403 tempus
3512 3348 3633 3389 esse

401 3425 637 3491 credidi,
667 3436 727 3481 ut
761 3429 995 3497 primum
1030 3431 1213 3485 omnia
1240 3430 1360 3500 ejus
1395 3429 1721 3501 fragmenta,
1752 3447 1875 3501 qua:
1904 3431 2191 3500 hucusque
2216 3429 2491 3499 publicata
2518 3434 2666 3489 sunt,
2694 3427 2747 3480 in
2777 3440 2943 3479 unum
2975 3426 3299 3495 colligamus
3332 3433 3385 3480 et
3413 3424 3631 3495 digera-

401 3535 550 3577 mus.
574 3520 698 3578 Haec
725 3524 873 3579 enim
905 3531 1267 3595 praeterquam
1293 3527 1439 3597 quod
1469 3526 1866 3582 diversissimis
1896 3528 1951 3582 in
1985 3526 2162 3593 libris,
2190 3541 2421 3596 quorum
2452 3525 2631 3580 aditus
2656 3539 2765 3578 non
2803 3523 2990 3577 multis
3034 3532 3180 3593 patet
3209 3524 3485 3593 leguntur,
3514 3520 3630 3576 ﬁeri

403 3614 480 3669 ita
520 3617 734 3685 poterit,
767 3626 827 3672 ut
854 3627 908 3673 et
940 3619 1262 3677 adulterinis
1291 3620 1523 3691 genuina
1555 3620 1773 3677 facilius
1817 3621 2197 3677 discernamus
2229 3629 2284 3676 et
2330 3634 2455 3673 cum
2494 3633 2604 3672 uno
2628 3618 2785 3687 quasi
2824 3624 3015 3669 tenore
3045 3618 3232 3668 animo
3262 3630 3325 3668 ea
3358 3613 3615 3684 persequi

401 3711 681 3776 possimus
701 3710 880 3779 qualis
910 3708 1234 3767 Theodorus
1252 3712 1480 3782 ejusque
1505 3727 1659 3767 mens
1692 3712 1856 3766 fuerit
1890 3714 2202 3768 accuratius
2236 3711 2574 3781 indagemus.
2594 3708 2830 3765 Omnino
2852 3707 2996 3778 quod
3030 3707 3347 3777 praeteriens
3374 3719 3606 3760 moneo:

399 3816 507 3855 non
531 3816 654 3856 eam
691 3802 977 3874 hucusque
1014 3820 1177 3874 quam
1210 3806 1452 3875 oportuit
1484 3805 1588 3860 viri
1618 3804 1761 3860 docti
1792 3804 1848 3859 in
1876 3820 2063 3859 eorum
2102 3806 2434 3875 scriptorum
2473 3804 2994 3867 ecclesiasticorum,
3029 3816 3261 3870 quorum
3290 3801 3411 3856 libri
3441 3799 3619 3855 maxi-

399 3910 541 3948 mam
578 3904 785 3965 partem
813 3899 1117 3968 perierunt,
1162 3898 1487 3971 fragmentis
1528 3884 1848 3970 colligendis
1886 3915 2108 3969 operam
2152 3900 2558 3970 impenderunt.
2588 3898 2687 3954 Cui
2720 3900 2798 3955 rei
2834 3900 2879 3953 si
2923 3899 3098 3969 magis
3131 3896 3464 3961 vacaverint,
3495 3895 3626 3950 mihi

398 3990 604 4047 credite
633 3994 820 4063 plures
845 4009 1034 4050 eorum
1061 3997 1217 4067 quasi
1245 4011 1310 4052 ex
1331 3997 1560 4052 mortuis
1590 3996 2088 4057 resuscitahuntur.
2113 4012 2290 4067 neque
2318 3997 2494 4050 solum
2529 3996 2756 4050 historia
2784 3995 3069 4059 litteraria,
3090 4008 3279 4048 verum
3316 3992 3433 4062 ipsa
3462 3990 3625 4046 etiam

399 4080 630 4138 historia
654 4085 1026 4143 ecclesiastica
1054 4102 1305 4159 magnam
1340 4089 1468 4144 inde
1500 4089 1767 4159 percipiet
1800 4089 2116 4143 utilitatem.

466 4171 580 4228 Hoc
611 4174 779 4244 igitur
806 4176 945 4232 libro
993 4175 1265 4234 Theodori
1313 4180 1832 4235 commentariorum
1873 4181 1928 4234 in
1969 4179 2176 4234 Novum
2216 4179 2629 4234 Testamentum
2678 4178 2940 4248 reliquias
2988 4177 3379 4247 comprehendi
3416 4182 3624 4231 etcum

394 4262 442 4319 J.
467 4265 530 4321 C.
562 4267 800 4325 Orellius
820 4313 834 4334 ,
867 4272 1074 4343 collega
1103 4281 1158 4328 et
1197 4275 1408 4331 amicus
1440 4276 1728 4346 egregius,
1759 4282 2080 4344 potestatem
2116 4275 2251 4328 mihi
2286 4274 2505 4329 fecisset
2534 4274 2699 4329 indici
2733 4273 3027 4328 lectionum
3060 4286 3156 4341 per
3190 4280 3452 4326 semestre
3480 4270 3623 4339 quod

394 4356 564 4414 instat
602 4361 895 4417 hibernum
947 4364 1003 4419 in
1051 4375 1239 4420 nostra
1282 4368 1561 4421 academia
1611 4366 1988 4421 habendarum
2040 4366 2401 4437 praeludendi,
2431 4368 2533 4422 hac
2575 4367 2865 4421 occasione
2906 4380 3038 4420 usus
3078 4378 3197 4418 sum
3245 4361 3517 4416 Theodori
3553 4360 3621 4415 De

397 4445 777 4505 Incarnatione
801 4452 931 4505 Filii
959 4453 1057 4507 Dei
1092 4455 1352 4510 librorum
1392 4472 1512 4526 quae
1550 4464 1850 4526 supersunt
1895 4456 2121 4512 collecta
2151 4466 2205 4512 ct
2237 4457 2522 4513 emendata
2552 4456 2831 4522 exhibere,
2877 4458 2970 4525 qui
3016 4455 3235 4511 libellus
3261 4452 3446 4507 Turici
3478 4454 3620 4523 typis

393 4535 583 4595 Orellii
634 4540 876 4599 Fusslini
910 4551 965 4597 et
1006 4546 1280 4601 sociorum
1313 4549 1348 4601 4
1380 4549 1681 4619 impressus
1707 4559 1811 4603 est.
1848 4548 1978 4615 Quae
2012 4558 2221 4604 restant
2265 4548 2535 4605 Theodori
2575 4548 2877 4619 fragmenta
2916 4547 3225 4619 dogmatica
3276 4555 3330 4600 et
3360 4545 3415 4599 in
3452 4543 3621 4599 Vetus

395 4635 801 4694 Testamentum
842 4643 1117 4710 exegetica
1140 4651 1252 4697 tum
1280 4645 1435 4698 edam
1465 4660 1588 4699 cum
1610 4647 1713 4700 hoc
1741 4646 1983 4699 virorum
2015 4645 2301 4701 doctorum
2334 4648 2602 4701 interesse
2631 4659 2971 4713 cognovero.

467 4730 541 4785 De
571 4730 735 4800 hujus
776 4732 902 4786 libri
926 4732 1178 4787 instituto
1208 4736 1396 4803 paucis
1424 4734 1645 4806 defungi
1685 4736 1830 4789 licet.
1869 4734 2003 4788 Nam
2043 4750 2168 4789 cum
2209 4751 2318 4789 non
2355 4734 2407 4789 id
2443 4750 2662 4804 agerem
2687 4774 2700 4794 ,
2740 4741 2799 4786 nt
2840 4731 3188 4786 Theodorum
3234 4730 3619 4799 explicarem,

395 4820 491 4876 sed
520 4830 580 4876 ut
603 4822 725 4891 ejus
764 4822 928 4878 verba
967 4823 1252 4879 emendata
1302 4825 1614 4881 exhiberem
1640 4866 1654 4888 ,
1699 4841 1826 4878 raro
1881 4833 2039 4879 notas
2088 4824 2302 4893 suhjcci
2343 4833 2401 4878 et
2436 4822 2549 4878 fere
2587 4823 2753 4877 verbo
2794 4831 3009 4875 tantum
3051 4816 3355 4890 signiﬁcavi
3399 4818 3445 4873 si
3486 4816 3617 4887 quid

394 4911 513 4967 sive
537 4927 631 4981 per
661 4912 863 4982 lingua:
889 4912 1005 4967 sive
1040 4927 1134 4981 per
1174 4912 1311 4967 alias
1351 4913 1595 4969 rationes
1624 4914 1864 4968 notabile
1895 4913 2025 4967 mihi
2061 4928 2184 4969 esse
2233 4913 2533 4968 videretur.
2576 4913 2634 4966 In
2670 4920 2822 4966 textu
2869 4908 3213 4967 emendando
3248 4924 3355 4961 non
3390 4907 3617 4960 audacia

393 5013 451 5058 et
485 5004 536 5057 vi
572 5014 858 5073 grassatus
893 5019 1013 5059 sum
1035 5043 1049 5067 ,
1089 5004 1186 5060 sed
1215 5020 1379 5075 quam
1416 5006 1533 5060 ﬁeri
1557 5008 1735 5075 potuit
1769 5007 2002 5061 maxime
2029 5006 2236 5061 codicis
2260 5005 2485 5076 vestigia
2520 5004 2646 5075 legi.
2691 5002 2819 5059 Scio
2859 5011 3177 5058 catenarum
3226 5008 3440 5052 textum
3498 4999 3613 5067 ple-

394 5110 629 5165 rumque
656 5094 948 5150 admodum
981 5111 1105 5151 esse
1152 5094 1402 5150 vitiatum
1436 5104 1490 5151 et
1520 5104 1836 5166 corruptum
1858 5136 1874 5161 ,
1918 5097 2022 5151 alia
2050 5112 2173 5153 esse
2202 5095 2441 5163 omissa,
2507 5096 2687 5150 alieno
2720 5096 2840 5149 loco
2874 5094 3049 5164 posita
3086 5093 3223 5155 alia,
3250 5090 3487 5159 denique
3548 5090 3612 5142 li-

392 5197 582 5245 center
608 5190 785 5261 egisse
822 5201 1114 5258 auctores;
1140 5200 1517 5247 verumtamen
1545 5194 1590 5246 si
1616 5194 1740 5263 quis
1772 5193 1873 5248 hac
1904 5209 1964 5248 re
1993 5194 2151 5249 nisus
2191 5194 2363 5249 libros
2393 5193 2633 5262 scriptos
2666 5193 2848 5247 minus
2882 5188 3183 5253 curaverit,
3216 5186 3265 5240 is
3312 5196 3370 5240 ut
3430 5186 3602 5241 multa

393 5276 680 5348 ingeniose
703 5321 717 5344 ,
755 5278 821 5334 ad
854 5279 1142 5336 veritatem
1177 5296 1347 5351 pauca
1379 5281 1699 5352 disputabit.
1743 5280 1849 5337 Sed
1885 5283 2029 5339 haud
2061 5298 2188 5337 raro
2214 5284 2317 5338 levi
2345 5277 3124 5353 mutationeinterpunctiouis
3158 5277 3243 5332 vel
3278 5284 3610 5332 accentuum

390 5370 643 5440 genuina:
681 5371 945 5430 lectiones
984 5375 1202 5430 restitui
1242 5384 1517 5445 poterant.

461 5557 753 5631 Reliquum
781 5573 864 5617 est
887 5601 902 5627 ,
941 5570 999 5615 ut
1030 5565 1384 5622 auzcstionem
1423 5565 1788 5636 perdifﬁcilem
1836 5567 1904 5627 de
1927 5568 2213 5626 Theodoro
2249 5566 2516 5625 monacho
2553 5564 2741 5636 paucis
2775 5561 3057 5634 attingam.
3094 5561 3281 5621 Codex
3336 5561 3583 5617 Crameri

462 5740 538 5809 (l)
565 5740 749 5796 Exstat
786 5741 941 5797 initio
966 5740 1128 5806 huius
1149 5742 1461 5798 voluminis.
