4106 6238
455 296 563 355 71.ῑὸ
1644 294 1991 352 TllEODORl
2029 296 2510 357 MOPSUESTENI
2820 356 2821 361 η
3598 299 3706 360 704

460 417 791 476 Bodleianns
815 435 942 475 cum
972 430 1219 477 catenam
1263 420 1317 475 in
1351 419 1654 490 Epistolam
1687 419 1756 473 ad
1793 417 2071 475 Romanos
2104 422 2485 477 tantummodo
2519 437 2694 494 usque
2752 423 2820 478 ad
2886 430 3052 493 caput
3107 435 3314 477 nonum
3366 420 3701 488 contineret,

458 513 687 569 Cramer
710 530 746 587 re
778 515 970 571 codice
1000 515 1313 570 Monacensi
1337 554 1353 581 ,
1380 516 1446 569 de
1473 529 1586 584 quo
1619 530 1670 567 v.
1710 513 1923 569 Reiser.
1970 515 2151 569 Catal.
2187 515 2413 587 theoloq.
2438 556 2453 579 ,
2492 501 2546 587 ρ.
2582 518 2615 571 9
2640 557 2655 582 ,
2703 517 3147 587 supplementum
3187 515 3327 571 satis
3359 514 3602 585 amplum
3642 530 3700 585 p.

463 604 565 658 1ϐ5
594 622 670 660 ss.
704 586 924 677 adjecit.
964 606 1015 663 ls
1046 608 1219 664 codex
1251 607 1473 675 XXXIX
1504 607 1811 677 fragmenta
1846 607 2138 662 Theodoro
2168 613 2439 664 monacho
2474 586 2789 665 adscribit;
2812 586 3019 664 llorum
3054 609 3320 675 sedecim,
3342 607 3495 663 adde
3528 620 3703 661 unum

374 750 385 759 ,
461 694 804 754 Theodoreto
836 700 1145 765 tributum,
1201 701 1305 756 fide
1342 684 1596 755 codicum
1650 698 1930 754 Bodleiani
1961 711 2016 756 et
2048 700 2329 767 Vaticani,
2368 719 2533 773 quam
2567 705 2706 759 male
2740 703 3063 764 addubites,
3115 701 3489 773 Mopsuesteni
3538 707 3699 765 sunt,

460 788 571 842 duo
600 787 931 845 Theodoreti
967 808 1058 861 pp.
1089 792 1228 856 416,
1256 793 1388 860 469;
1430 809 1481 848 v.
1510 793 1582 861 ej.
1614 792 1716 862 0p.
1749 794 1839 848 ed.
1883 790 2029 858 llal.,
2064 795 2154 859 111,
2190 811 2282 866 pp.
2324 796 2450 860 125,
2484 796 2608 860 159,
2647 808 2888 866 quatuor
2923 812 2973 851 c.
3001 795 3211 850 Bodlei.
3245 794 3487 848 Diodoro
3524 793 3702 861 assig-

470 892 623 945 nant,
665 899 755 955 pp.
797 884 917 949 l88,
951 887 1071 948 191),
1113 887 1242 951 226,
1271 888 1417 954 252;
1450 887 1524 942 cf.
1558 902 1650 957 pp.
1682 889 1805 945 105.
1844 889 1967 954 114,
2006 889 2133 955 128,
2168 890 2271 946 MO
2299 898 2355 945 et
2382 906 2553 945 unum
2598 908 2653 961 p.
2687 891 2794 944 212
2817 891 3076 945 convenit
3115 905 3181 945 ex
3233 895 3387 957 parte
3416 902 3542 940 cum
3592 885 3703 939 fra-

462 977 700 1046 gmentis
737 978 791 1032 in
827 994 878 1033 c.
914 979 1074 1036 Bodl.
1114 998 1167 1052 p.
1212 984 1314 1037 119
1356 1000 1403 1039 s.
1436 982 1676 1039 Diodoro
1703 969 1946 1049 tributis,
1996 985 2070 1038 ita
2114 1001 2247 1040 vero
2285 993 2344 1041 ut
2374 994 2690 1042 catenarum
2724 994 2979 1041 auctores
3004 985 3194 1041 eodem
3240 983 3385 1038 fonte
3418 996 3549 1037 usos
3580 994 3704 1035 esse

462 1077 744 1137 appareat.
777 1071 932 1126 Addo
963 1074 1113 1143 quod
1141 1074 1283 1130 idem
1315 1076 1489 1131 codex
1528 1094 1579 1147 p.
1618 1078 1723 1131 125
1745 1093 1791 1132 s.
1829 1077 2101 1132 Diodorea
2134 1079 2295 1140 dicit,
2325 1095 2445 1148 qua:
2477 1095 2566 1150 pp.
2602 1078 2740 1140 219,
2772 1078 2903 1141 220,
2967 1076 3266 1133 Severiano
3326 1088 3381 1131 et
3413 1072 3702 1127 Theodoro

467 1159 884 1221 adscribuntur.
916 1165 1148 1223 Restant
1204 1169 1445 1225 sedecim
1486 1170 1793 1240 fragmenta
1823 1188 1914 1241 pp.
1944 1172 2046 1226 185
2066 1211 2082 1237 ,

2077 1213 2082 1232 .
2119 1172 2227 1226 260
2253 1211 2267 1236 ,
2293 1172 2433 1234 265,
2468 1172 2599 1237 265,
2636 1173 2760 1238 521,
2786 1173 2911 1233 528.
2938 1172 3065 1235 581,
3095 1171 3221 1232 587,
3252 1154 3379 1233 592‘,
3407 1168 3546 1229 595,
3572 1166 3698 1231 397,

461 1253 600 1320 404,
634 1257 740 1310 414
764 1300 777 1322 ,
802 1260 914 1313 417
938 1300 953 1324 ,
990 1263 1125 1327 477,
1158 1263 1262 1319 508
1283 1303 1297 1324 ,
1320 1279 1442 1334 qua:
1472 1265 1602 1333 quin
1634 1264 1911 1319 Theodori
1948 1274 2043 1319 aut
2075 1283 2082 1318 l

2081 1266 2352 1328 monachi,
2383 1275 2477 1320 aut
2509 1265 2878 1335 Mopsuesteni
2904 1307 2920 1329 ,
2952 1272 3045 1319 aut
3080 1263 3297 1318 Diodori
3322 1261 3434 1317 sint
3465 1276 3573 1313 non
3615 1264 3702 1312 est

461 1349 607 1415 quod
640 1349 879 1407 dubites.
920 1354 1066 1408 idem
1101 1357 1242 1409 valet
1267 1356 1334 1411 dc
1364 1367 1488 1412 octo
1516 1358 1743 1412 scholiis
1783 1374 1905 1427 quae
1937 1358 2228 1413 Theodoro
2287 1360 2638 1423 tribuuntur,
2668 1375 2719 1412 γ.
2757 1376 2812 1429 p.
2850 1346 2996 1413 358.‘
3037 1356 3187 1425 (Ilmc
3246 1355 3313 1409 iis
3372 1356 3700 1421 repugnant.

424 1488 429 1493 .
461 1458 583 1512 quae
611 1445 677 1499 ad
706 1448 953 1502 eumdem
983 1450 1017 1505 l.
1057 1450 1089 1503 9
1113 1496 1127 1515 ,
1147 1452 1220 1506 25
1243 1467 1293 1506 c.
1326 1451 1506 1507 Vatic.
1537 1451 1888 1509 Theodorum
1915 1454 2090 1525 Maps.
2121 1454 2495 1525 disputantem
2526 1453 2659 1509 facit
2689 1470 2741 1509 v.
2774 1454 2919 1507 infra
2958 1468 3010 1522 p.
3041 1452 3109 1505 55
3140 1451 3211 1520 s.)
3235 1448 3372 1511 559,
3398 1446 3495 1501 441
3526 1485 3540 1507 ,
3572 1440 3700 1509 481,

462 1533 566 1589 509
592 1575 607 1597 ,
638 1535 742 1590 516
763 1578 777 1601 ,
803 1539 905 1594 518
928 1582 942 1607 ,
971 1541 1094 1595 526,
1127 1543 1263 1609 Quis
1289 1543 1483 1596 horum
1513 1543 1627 1597 haec
1678 1545 1966 1613 scripserit
2003 1560 2067 1599 ex
2109 1544 2292 1599 indole
2326 1544 2758 1616 fragmentorum
2790 1559 2932 1613 aagre
2989 1542 3217 1604 eflicias,
3250 1553 3378 1593 cum
3438 1536 3489 1589 hi
3525 1535 3701 1588 inter-

461 1636 646 1695 pretes
674 1631 816 1685 inter
838 1649 895 1687 se
931 1634 1223 1689 admodum
1257 1637 1463 1692 similes
1488 1636 1710 1691 fuerint.
1737 1636 1868 1702 Qua:
1897 1652 2020 1691 cum
2051 1638 2126 1692 ita
2180 1638 2293 1692 sint
2328 1647 2534 1693 temere
2562 1638 2743 1708 egisse
2792 1635 2927 1690 mihi
2957 1634 3174 1688 viderer
3205 1633 3251 1687 si
3304 1631 3418 1685 haec
3469 1630 3524 1682 in
3558 1627 3702 1680 hunc

463 1721 662 1777 librum
693 1727 1042 1796 recepissem,
1084 1731 1194 1785 imo
1233 1738 1659 1805 exspectandum
1704 1740 2051 1805 existimavi,
2087 1741 2264 1796 donec
2301 1740 2554 1794 codicum
2603 1739 2738 1794 fides
2787 1738 2936 1791 hunc
2996 1735 3202 1789 nodum
3258 1730 3564 1800 expediret.
3632 1727 3717 1791 At

460 1830 591 1869 vero
638 1829 848 1887 quaerat
876 1822 1147 1892 quispiam
1190 1826 1312 1895 quis
1350 1828 1513 1884 fuerit
1557 1833 1647 1889 ille
1677 1832 2000 1889 Theodorus
2033 1834 2196 1888 modo
2221 1834 2521 1890 monachus
2564 1841 2619 1889 et
2652 1833 2951 1904 presbyter,
2988 1829 3147 1883 modo
3180 1824 3503 1884 monachus,
3538 1818 3703 1874 modo

461 1914 746 1983 presbyter
782 1916 983 1983 dictus,
1015 1921 1108 1989 qui
1138 1922 1191 1975 in
1222 1926 1428 1980 catenis
1458 1943 1600 1997 saepe
1631 1939 1986 1984 memoratur.
2018 1930 2098 1983 Ad
2129 1945 2289 2001 quam
2320 1933 2679 2000 quaestionem
2712 1945 2778 1983 ne
2807 1942 2955 1982 nunc
2981 1925 3201 1996 quidem
3232 1924 3312 1992 (ν.
3346 1923 3700 1974 commentat.

461 2009 668 2078 meam)
701 2011 872 2067 habeo
894 2015 1036 2084 quod
1068 2019 1448 2086 respondeam.
1469 2024 1662 2079 Plures
1682 2026 1830 2080 viros
1857 2025 1927 2078 ita
1960 2028 2257 2096 appellatos
2287 2026 2457 2082 fuisse
2486 2027 2713 2089 scimus,
2742 2041 2797 2079 ν.
2820 2020 3056 2075 Fabricii
3078 2019 3214 2072 Bibl.
3240 2015 3357 2079 Gr.,
3387 2012 3480 2068 sed
3504 2011 3699 2064 horum

460 2116 787 2172 quemquam
812 2106 1104 2177 Scriptura:
1131 2125 1300 2166 sacra:
1330 2111 1680 2183 interpretem
1714 2119 1982 2173 claruisse
2010 2119 2284 2172 memoriae
2312 2133 2417 2171 non
2451 2127 2535 2173 est
2565 2117 2861 2187 proditum.
2892 2112 3095 2170 Deinde
3120 2127 3184 2167 ex
3217 2106 3534 2181 fragmentis
3566 2102 3702 2172 ipsis

459 2196 747 2269 hucusque
779 2201 1060 2271 impressis
1092 2222 1161 2261 ne
1201 2208 1513 2277 conjectura
1548 2212 1764 2280 quidem
1795 2214 2131 2282 assequaris.
2183 2213 2360 2283 qualis
2399 2213 2565 2267 fuerit
2610 2222 2663 2265 et
2701 2226 2808 2280 quo
2843 2217 3085 2278 tempore
3121 2203 3337 2258 vixerit.
3377 2200 3700 2268 Quanquam

458 2289 702 2346 virorum
735 2293 899 2364 hujus
928 2299 1184 2361 nominis,
1211 2300 1266 2354 in
1297 2319 1435 2372 quos
1465 2305 1651 2371 incidi,
1686 2306 1774 2359 hic
1806 2322 1948 2359 unus
1977 2306 2350 2360 tantummodo
2374 2305 2585 2359 videtur
2615 2305 2667 2358 in
2699 2319 2924 2358 censum
2956 2300 3142 2356 venire
3166 2313 3348 2370 posse,
3379 2291 3703 2348 Theodorus

458 2383 882 2455 Alexandrinus,
924 2395 1248 2460 monachus,
1295 2399 1388 2467 qui
1421 2398 1732 2456 Severianis
1767 2411 1883 2457 erat
1932 2403 2203 2459 addictus.
2240 2403 2446 2456 Claruit
2483 2402 2585 2456 sub
2615 2402 2800 2456 smculi
2842 2400 2981 2453 sexti
3021 2397 3194 2452 initio.
3230 2393 3373 2447 Dixit
3409 2391 3476 2446 de
3509 2406 3574 2445 eo
3598 2387 3701 2441 Fa-

458 2477 623 2533 cund.
661 2478 717 2545 2,
751 2481 828 2544 5.,
861 2484 981 2553 ejus
1005 2486 1172 2543 libros
1198 2498 1387 2544 contra
1424 2490 1787 2549 Themistium
1820 2497 2144 2551 memoravit
2174 2495 2401 2551 Photins
2432 2495 2567 2549 Bibl.
2597 2510 2646 2549 c.
2673 2494 2810 2562 108;
2846 2493 3068 2547 omnino
3099 2507 3151 2546 v.
3177 2485 3415 2541 Fabricii
3446 2483 3582 2537 Bibl.
3605 2481 3699 2536 Gr.
3774 2508 3777 2511 ι

457 2572 545 2629 ed.
569 2572 720 2631 llarl.
747 2577 925 2650 X,pp.
954 2582 1076 2649 572,
1109 2586 1227 2640 7l0.
1250 2588 1326 2643 Ne
1358 2589 1547 2659 plura;
1585 2592 1893 2662 disquirant
1921 2594 2013 2648 alii
2042 2609 2128 2649 me
2153 2594 2430 2650 doctiores
2453 2593 2520 2647 de
2550 2592 2673 2646 viro
2700 2592 2815 2654 illo,
2850 2590 2944 2659 qui
2973 2588 3092 2643 sine
3125 2586 3236 2641 ulla
3267 2581 3608 2638 dubitatione
3634 2578 3701 2632 de

456 2664 869 2737 interpretanda
908 2671 1189 2745 Scriptura
1219 2695 1375 2735 sacra
1406 2682 1544 2737 bene
1574 2685 1792 2738 meruit.
1822 2685 2145 2755 Fragmenta
2180 2686 2299 2755 ejus
2343 2686 2599 2757 leguntur
2633 2686 2686 2738 in
2733 2684 2940 2737 catenis
2975 2682 3027 2734 in
3069 2677 3379 2733 Matthaznm
3409 2688 3437 2726 a
3470 2672 3701 2729 Possino

456 2764 526 2848 et!
550 2757 810 2813 Cramero
843 2766 1026 2830 editis,
1062 2770 1147 2822 illa
1177 2774 1416 2828 continuet
1447 2776 1550 2827 tria
1582 2775 1623 2830 1.
1650 2792 1739 2846 pp.
1759 2777 1848 2841 55,
1869 2779 1957 2843 65,
1977 2778 2077 2832 211

2072 2779 2111 2845 L;
2147 2779 2263 2832 haec
2285 2778 2599 2848 quindecim
2639 2792 2729 2845 pp.
2762 2776 2851 2837 15,
2881 2774 2970 2838 55,
2999 2771 3091 2835 54,
3118 2770 3205 2833 57,
3240 2768 3329 2829 59,
3360 2765 3450 2829 48,
3481 2763 3571 2823 hi,
3606 2760 3693 2823 56,

460 2845 549 2912 75,
581 2849 670 2912 78,
705 2850 790 2918 79,
822 2854 911 2920 87,
941 2858 1031 2921 88,
1076 2861 1194 2921 l25.
1240 2864 1365 2917 245.
1416 2845 1659 2935 Denique
1687 2845 1809 2923 cod.
1840 2869 2006 2925 Coisl.
2040 2877 2248 2924 catena:
2293 2845 2346 2924 in
2381 2870 2513 2924 Acta
2553 2868 2928 2938 apostolorum
2962 2879 2991 2918 a
3030 2862 3079 2917 .l.
3111 2862 3173 2915 A.
3203 2861 3464 2915 Cramero
3505 2852 3702 2910 Oxonii

460 2940 601 3032 4858
632 2943 789 2998 edita:
818 2947 927 3000 duo
959 2949 1257 3019 fragmenta
1283 2957 1474 3011 tribuit
1503 2957 1790 3014 Theodoro
1813 2962 2081 3016 monacho
2102 2970 2156 3017 et
2186 2962 2504 3032 presbytero
2524 2976 2611 3031 pp.
2628 2961 2716 3020 55.
2737 2958 2863 3022 227,
2895 2958 2965 3012 cl.
2992 2972 3083 3027 pp.
3110 2953 3235 3018 427,
3270 2950 3399 3014 458,
3431 2964 3551 3020 qua:
3575 2947 3698 3003 cod.

459 3031 596 3089 Nov.
627 3035 832 3109 Collcg.
863 3039 1153 3098 Theodoro
1183 3047 1475 3119 Ancyrano
1512 3052 1775 3122 assignat.
1809 3051 1919 3107 lloc
1953 3055 1996 3109 si
2030 3070 2239 3119 verum,
2277 3031 2407 3109 sane
2436 3053 2688 3109 Theodoti
2718 3049 3068 3106 scribendum
3094 3054 3201 3113 est,
3233 3058 3543 3117 quanquam
3568 3038 3702 3097 illud

462 3129 601 3187 mire
634 3133 853 3199 cecidit,
883 3139 1026 3206 quod
1058 3141 1115 3195 in
1153 3143 1325 3199 altero
1350 3146 1537 3201 codice
1571 3157 1801 3218 utroque
1836 3149 1955 3204 loco
1987 3148 2248 3203 Theodori
2278 3150 2409 3203 Anc.
2436 3156 2716 3206 exaratum
2742 3158 2843 3204 est.

570 3263 886 3326 Scribebam
918 3270 1099 3331 Turici
1134 3276 1253 3333 Kal.
1287 3277 1593 3351 Septembr.
1632 3300 1682 3338 a.
1714 3284 2151 3340 .‘llDCCCXLth.

3044 3399 3108 3457 Ο.
3140 3397 3197 3456 F.
3230 3393 3594 3454 FRITSCHE.

480 3603 489 3642 ΙΙ
1878 3621 1893 3634 ,
1967 3623 2176 3649 .___=
2221 3613 3692 3649 _——————————————————.=.==________

1293 3789 1923 3879 THEODORI
2044 3791 2884 3882 MOPSUESTENI

902 3989 984 4049 IN
1013 3989 1541 4053 EVANGELIUM
1596 3990 1989 4051 ΜΑΤΤΗᾹΞΙ
2025 3990 2586 4054 COMMENTARII
2632 3992 3125 4055 FRAGMENTA
3159 3994 3265 4071 (1).

540 4355 620 4427 (2)
666 4355 953 4411 Μπιῑιιξιξυε
1005 4355 1225 4425 quidem
1276 4357 1611 4427 evangelista
1666 4368 1793 4427 post
1844 4360 2179 4415 tentationes
2216 4356 2381 4422 dicit,
2427 4354 2574 4427 quod
2617 4352 2944 4411 accedentes
2992 4357 3171 4427 angeli
3214 4357 3609 4413 ministrabant
3650 4359 3701 4414 ei

469 4449 685 4520 (Matth.
713 4470 788 4517 tv,
822 4451 951 4524 il):
986 4450 1197 4507 scilicet
1225 4466 1347 4505 cum
1392 4466 1458 4505 eo
1496 4453 1804 4516 constituti,
1841 4461 1895 4507 et
1939 4460 2302 4523 cooperantes
2327 4490 2341 4515 .
2397 4461 2453 4506 et
2486 4450 2744 4506 omnibus
2787 4451 2934 4504 circa
2980 4467 3103 4505 eum
3147 4451 3258 4506 Deo
3296 4454 3698 4521 ministrantes,

470 4549 615 4618 quod
650 4550 762 4619 jam
798 4565 892 4618 per
918 4548 1219 4604 certamina
1260 4547 1325 4602 ad
1369 4548 1647 4604 diabolum
1683 4557 1944 4605 ostensus
1973 4559 2059 4605 est
2088 4549 2315 4604 clarior.
2350 4546 2456 4602 Sed
2502 4556 2557 4601 et
2594 4546 2738 4617 quod
2780 4560 3014 4615 passuro
3048 4546 3099 4599 ei
3131 4547 3360 4600 aderant
3385 4548 3599 4617 angeli,
3631 4562 3699 4601 ex

469 4639 780 4710 Evangeliis
803 4641 1071 4696 discimus
1106 4660 1118 4695 :
1149 4654 1348 4699 etcum
1390 4645 1710 4710 resurrexit,
1749 4646 1803 4699 in
1844 4653 2202 4699 monumento
2228 4642 2329 4698 visi
2370 4649 2519 4697 sunt.
2559 4639 2665 4695 Per
2686 4642 2871 4694 omnia
2899 4642 3098 4694 etenim
3151 4642 3257 4696 ista
3289 4643 3701 4695 monstrabatur

468 4736 709 4807 dignitas
739 4737 969 4802 Christi,
1014 4740 1158 4808 quod
1196 4740 1511 4812 inseparate
1558 4741 1608 4795 ci
1651 4741 1827 4812 angeli
1869 4740 2120 4804 aderant,
2155 4747 2211 4793 et
2244 4737 2501 4793 omnibus
2528 4736 2677 4788 circa
2708 4750 2834 4788 eum
2876 4733 3279 4788 ministrabant.
3316 4732 3472 4788 Sicut
3494 4733 3637 4788 enim
3668 4748 3698 4786 a

468 4832 825 4902 peccantibus
878 4844 1239 4903 separantur,
1291 4836 1372 4890 sic
1420 4844 1474 4889 et
1526 4850 1623 4905 per
1668 4834 1923 4888 meritum
1956 4831 2240 4887 honoratis
2271 4826 2623 4884 subveniunt.
2672 4824 2901 4895 Propter
2944 4824 3090 4895 quod
3138 4826 3274 4879 bene
3317 4824 3580 4880 Dominus
3623 4825 3700 4878 ait

469 4927 677 5000 (10am,
711 4946 751 4994 ι,
775 4930 971 4997 51,52)
1004 4948 1017 4985 :
1051 4930 1207 4997 Quod
1242 4931 1421 5002 majus
1459 4932 1737 4995 videbitis,
1763 4939 1817 4984 et
1845 4931 1988 5001 quod
2025 4928 2223 4984 coelum
2271 4924 2544 4996 aperietur
2592 4921 2849 4975 omnibus
2878 4935 2975 4990 per
3009 4933 3096 4973 me
3118 4959 3132 4980 ,
3181 4927 3237 4972 et
3286 4933 3479 4973 omnes
3520 4917 3695 4987 angeli

468 5041 685 5095 semper
734 5041 947 5081 mecum
974 5033 1172 5093 erunt,
1207 5042 1355 5081 nunc
1392 5027 1612 5096 quidem
1660 5026 2021 5082 ascendentes
2044 5068 2061 5093 ,
2097 5038 2244 5080 nunc
2278 5035 2410 5076 vero
2438 5017 2834 5074 descendentes
2859 5054 2875 5081 ,
2911 5016 3058 5071 sicut
3099 5017 3165 5070 ad
3205 5016 3569 5072 domesticum
3604 5016 3697 5073 Dei

467 5131 523 5178 et
568 5123 830 5179 amicum.

541 5216 622 5286 (5)
660 5213 796 5269 Nam
844 5212 1074 5269 rationis
1117 5208 1337 5283 quidem
1384 5210 1666 5280 proprium
1708 5218 1826 5277 est,
1857 5209 2120 5265 discretio
2158 5208 2433 5264 bonorum
2465 5216 2527 5264 et
2563 5208 2855 5265 malorum.
2886 5207 3025 5264 Cum
3051 5222 3181 5263 vero
3209 5220 3319 5263 non
3355 5216 3545 5263 essent
3572 5222 3700 5262 con-

542 5393 619 5464 (l)
666 5392 1041 5465 Evangelium_
1066 5391 1300 5465 Matthxi
1325 5388 1664 5465 Iheodorus
1689 5431 1705 5457 ,
1735 5400 1872 5449 teste
1896 5391 2032 5448 Ebe-
2137 5391 2443 5465 Evangelii]
2469 5392 2604 5465 libra
2628 5394 2799 5463 primo
2817 5408 2837 5448 :
2859 5392 2951 5448 sed
2978 5407 3031 5465 v_.
3057 5390 3296 5465 quaadixi
3322 5390 3694 5465 in‘Comment.

470 5460 625 5519 diesu
655 5460 965 5534 (Asseman.
1006 5463 1149 5518 Bibl.
1183 5461 1279 5518 0r.
1325 5460 1483 5528 111,·ι,
1515 5477 1568 5531 p.
1599 5462 1713 5532 52),
1744 5479 1854 5518 uno
1885 5473 2032 5518 tomo
2136 5465 2203 5519 de
2246 5460 2513 5520 Theodori
2554 5460 2637 5521 Μ.
2653 5465 2776 5534 vita
2818 5471 2871 5519 et
2914 5462 3152 5533 scriptis.
3201 5460 3320 5516 Hal.
3364 5461 3500 5516 1856
3545 5462 3695 5529 (huic

470 5537 538 5591 ad
566 5532 770 5590 Iulium
800 5534 1113 5603 explicavit.
1234 5602 1243 5604 Α
1410 5602 1423 5604 _
1523 5602 1563 5604 7_
1677 5603 1683 5604 γ
1954 5603 1963 5604 7
2137 5535 2397 5589 volumini
2431 5532 2693 5604 prazlixa).

543 5607 622 5665 (21
656 5605 773 5659 Act.
804 5598 963 5659 conc.
991 5604 1180 5659 Const.
1200 5602 1266 5664 ll,
1299 5619 1374 5665 tv.
1400 5602 1492 5657 26.
1518 5602 1689 5657 llansi
1711 5601 1802 5666 lX,
1825 5619 1879 5671 p.
1907 5603 2033 5660 214.
2207 5607 2284 5671 (51
2313 5598 2520 5657 Αυιξϐ.
2564 5604 2754 5658 Const.
2784 5600 2847 5657 11.
2879 5618 2953 5667 Iv,
2983 5602 3073 5665 55,
3116 5601 3231 5669 Vig.
3286 5602 3347 5655 (ἶ.
3388 5600 3476 5661 56,
3506 5598 3586 5653 Ex
3614 5601 3696 5671 his

472 5673 636 5745 Vigil.
671 5684 851 5745 const.
875 5676 969 5736 27,
993 5673 1165 5729 Mansi
1191 5674 1281 5735 IX,
1316 5692 1369 5745 p.
1398 5673 1487 5729 79.
1522 5673 1768 5745 Ejusdem
1796 5669 1860 5745 de
1882 5674 2017 5728 inter
2136 5669 2253 5743 qua:
2280 5685 2399 5728 sunt
2428 5676 2481 5726 in
2512 5673 2602 5728 Eu.
2635 5689 2736 5726 sec.
2765 5672 2979 5745 Matth..
3010 5674 3062 5725 in
3088 5672 3273 5741 quibus
3300 5673 3433 5745 dixit
3457 5688 3470 5724 :
3503 5691 3522 5724 ι
3544 5669 3700 5739 ρειοά

474 5741 763 5801 υηξιαιὶοηε
806 5743 1073 5815 Evangelii
1122 5744 1141 5815 l
1174 5741 1330 5801 vcttf
1352 5743 1391 5802 1.
1446 5741 1727 5801 secundum
1776 5741 2033 5801 Joannem
2144 5741 2279 5800 Deus
2313 5747 2503 5799 creavit
2538 5744 2826 5810 contraria,
2856 5744 2891 5797 i.
2918 5760 2963 5797 ε.
2997 5744 3129 5798 bona
3156 5754 3202 5797 et
3237 5744 3397 5798 mala.
3437 5761 3453 5793 ι
