4096 6234
353 297 463 356 705

1438 294 1503 349 IN
1545 291 1996 350 EVANGELIUM
2034 289 2393 348 ΜΑΤἸἭᾸΞῘ.

3478 286 3584 344 706
3658 264 3672 327 3

354 415 548 478 traria.
572 428 686 469 non
720 421 841 469 erat
868 413 921 468 ei
955 412 1223 485 possibile
1252 412 1460 482 aliquid
1490 412 1828 466 discernere.
1860 409 2104 464 Primum
2137 408 2306 479 igitur
2335 408 2391 462 in
2421 407 2508 463 his
2532 423 2655 479 qua:
2679 415 2865 464 creata
2899 416 3062 474 sunt,
3095 422 3344 479 magnam
3368 417 3586 463 eontra-
3668 383 3695 436 δ’

350 510 608 566 rietatem
646 508 795 563 fecit.

430 600 509 668 (1)
544 599 819 664 Quoniam
849 604 1034 651 autem
1067 610 1179 649 non
1210 593 1457 648 obaudiit
1493 592 1688 656 Adam,
1716 591 1913 648 deinde
1941 592 2197 649 subditus
2229 603 2313 649 est
2342 597 2504 651 morti
2536 614 2549 649 :
2580 608 2630 650 ct
2668 597 2873 651 factum
2902 605 2987 652 est
3025 597 3128 651 hoc
3158 605 3376 667 propter
3403 597 3587 653 inube—

353 689 644 754 dientiam,
677 689 829 760 quod
858 699 914 744 et
937 689 1077 743 citra
1104 683 1525 740 inobedieutiam
1560 690 1786 754 propter
1813 684 2102 740 utilitatem
2133 697 2376 740 nostram
2409 701 2441 739 a
2484 685 2748 743 Creatore
2791 687 2996 741 factum
3040 698 3149 752 est,
3184 688 3361 743 edocti
3394 705 3587 748 sumus

352 797 549 837 omnes
581 789 891 851 peccatum.

1001 868 1156 920 ΚΕΦ.
1199 868 1278 918 A'.

428 962 574 1030 Στίχ.
608 967 697 1030 ιη’.
732 962 803 999 -'—
827 958 901 1011 Τὸ
927 956 1149 1027 Πνεῦμα
1184 956 1259 1025 (2)
1287 954 1347 1007 τὸ
1376 955 1527 1022 ἅγιον
1555 953 1654 1024 μία
1688 953 1772 1015 τίς
1804 952 1919 1006 ἐστι

353 1057 456 1125 τῆς
493 1054 725 1125 Τριάδος
752 1051 1064 1113 ὑπόστασις,
1098 1049 1191 1102 καὶ
1212 1047 1333 1100 οὔτε
1362 1046 1550 1116 Πατὴρ
1576 1045 1917 1115 ὀνομάζεται,

354 1147 480 1200 οὑτε
506 1146 654 1207 Υἱὸς,
689 1143 803 1197 ἀλλ’
832 1140 1105 1213 ἐξαίρετόν
1127 1157 1179 1192 τι
1200 1139 1367 1208 ὄνομα
1397 1137 1529 1208 ἔχει.
1559 1136 1620 1188 τὸ
1642 1135 1920 1189 καλεῖσθαι

355 1236 582 1305 Πνεῦμα
612 1235 787 1303 ἅγιον,
822 1233 897 1296 ὥς
929 1248 1092 1302 φησιν
1126 1233 1154 1284 ὁ
1188 1229 1375 1300 Σωτὴρ
1405 1228 1541 1297 πρὸς
1573 1228 1697 1289 τοὺς
1728 1225 1919 1279 ἑαυτοῦ

358 1328 641 1400 μαθητάςο
705 1324 1098 1393 Πορευθέντες
1140 1322 1552 1390 μαθητεύσατε
1605 1320 1798 1370 πάντα
1849 1317 1924 1371 τὰ

354 1422 524 1488 ἔθνη,
548 1415 940 1484 βαπτίζοντες
970 1413 1190 1478 αὐτοὺς
1228 1413 1315 1477 εὶς
1346 1409 1413 1463 τὸ
1446 1410 1631 1478 ὄνομα
1662 1407 1767 1461 τοῦ
1805 1412 1924 1461 Ila-

354 1511 496 1580 τρός
546 1509 642 1563 καὶ
694 1506 800 1561 τοῦ
860 1504 996 1559 Υίοῦ
1034 1502 1133 1556 καί
1177 1500 1282 1554 τοῦ
1331 1499 1500 1567 ἁγίου
1556 1497 1919 1564 Πνεύματος.

359 1605 572 1672 Ὠσπερ
616 1599 726 1671 γὰρ
770 1596 1024 1652 κοινωνόν
1088 1596 1204 1646 ἐστι
1240 1590 1409 1661 Harp!
1442 1606 1499 1641 τε
1552 1590 1644 1641 καὶ
1688 1587 1801 1658 Υίῷ
1842 1589 1921 1651 εἰς

358 1694 460 1765 τὴν
486 1693 579 1746 τοῦ
601 1690 799 1753 παντὸς
824 1685 1198 1759 δημιουργίαν,
1218 1682 1360 1735 οὕτω
1386 1682 1477 1734 καὶ
1502 1681 1560 1733 τὸ
1581 1683 1646 1734 ὲκ
1666 1682 1763 1751 τῆς
1781 1681 1923 1753 Hap-

358 1784 520 1839 θένου
560 1782 651 1837 τοῦ
682 1781 929 1852 Σωτῆρος
964 1778 1123 1847 σῶμα
1155 1773 1544 1829 κατεσκεύασε.

1007 1868 1161 1922 ΚΕΦ.
1203 1865 1277 1917 Β’.

428 1966 578 2036 Στίχ.
618 1969 719 2028 ις’.
749 1990 821 2002 —
850 1961 1014 2013 Ὅσον
1045 1959 1122 2026 (5)
1153 1957 1262 2028 γὰρ
1292 1956 1478 2026 χρόνον
1508 1952 1858 2027 ὑπώπτευσεν
1896 1955 1923 2006 ὁ

2683 868 2836 923 CAP.
2879 870 2918 923 l.

2096 956 2262 1013 Vens.
2295 959 2381 1014 18.
2409 988 2481 999 —
2508 957 2747 1028 Spiritus
2789 969 3017 1015 sanctus
3066 975 3175 1013 una
3216 970 3301 1014 cst
3349 976 3583 1030 persona

2027 1048 2337 1113 Trinitatis,
2369 1065 2490 1120 quae
2525 1066 2705 1121 neque
2730 1051 2890 1105 Pater
2923 1060 3150 1104 vocatur
3183 1067 3358 1120 neque
3389 1051 3583 1115 Filius,

2028 1140 2119 1194 sed
2150 1141 2429 1210 proprium
2458 1141 2622 1195 habet
2644 1156 2867 1205 nomen,
2887 1138 3127 1210 Spiritus
3152 1151 3393 1205 sanctus,
3427 1142 3585 1209 juxta

2028 1226 2102 1290 id,
2134 1228 2279 1296 quod
2316 1228 2571 1281 Salvator
2600 1227 2668 1281 ad
2695 1226 2995 1296 discipulos
3034 1229 3111 1279 ait
3139 1245 3152 1280 :
3180 1226 3378 1282 Euntes
3409 1229 3587 1283 docete

2026 1334 2203 1372 omnes
2239 1328 2436 1388 gentes,
2464 1320 2793 1388 baptizantes
2826 1335 2912 1372 eos
2960 1317 3016 1371 in
3064 1319 3271 1372 nomine
3310 1318 3492 1373 Patris
3535 1330 3587 1374 et

2027 1408 2158 1463 Filii
2186 1420 2235 1462 et
2265 1406 2495 1477 Spiritus
2518 1412 2688 1463 sancti
2716 1408 2934 1479 (Matth.
2956 1408 3291 1477 xxvut,1h).
3314 1407 3588 1473 Quemad-

2026 1501 2248 1556 modum
2276 1501 2422 1555 enim
2449 1500 2598 1554 Patri
2631 1508 2685 1555 et
2711 1499 2851 1555 Filio
2877 1510 3205 1572 cooperatus
3237 1511 3319 1556 est
3349 1499 3589 1571 Spiritus

2026 1600 2255 1647 sanctus
2305 1593 2362 1646 in
2396 1592 2680 1646 creatione
2710 1593 2896 1647 mundi
2915 1634 2931 1660 ,
2959 1595 3039 1648 ita.
3062 1602 3116 1650 et
3136 1594 3436 1649 Salvatoris
3465 1608 3597 1646 σοι’-ε

2027 1699 2130 1753 pus
2162 1700 2230 1741 ex
2267 1684 2489 1756 Virgine
2523 1692 2700 1742 matre
2729 1687 2848 1756 ipse
2874 1689 3083 1757 aptavit
3111 1695 3165 1743 et
3189 1685 3517 1742 construxit.

2677 1863 2828 1915 CAP.
2877 1864 2937 1914 ll.

2097 1951 2266 2010 Vens.
2319 1954 2407 2010 16.
2439 1954 2812 2022 --Quantum
2870 1955 3014 2007 enim
3071 1960 3285 2024 tempus
3342 1954 3410 2009 ab
3465 1963 3588 2008 ortu

363 2058 611 2127 Ἡρώδης
640 2051 777 2108 εἶναι
810 2051 918 2107 ἀπὸ
949 2050 1049 2120 τῆς
1093 2049 1183 2102 τοῦ
1214 2048 1448 2120 Χριστοῦ
1490 2047 1793 2117 γεννήσεως
1837 2046 1925 2099 διὰ

2036 2044 2235 2101 Christi
2271 2047 2454 2102 habita
2485 2050 2703 2103 ratione
2734 2047 3005 2102 adventus
3033 2046 3311 2118 Magorum
3337 2048 3590 2117 opinatus

352 2153 454 2221 τῆς
478 2150 587 2203 τῶν
614 2148 801 2218 μάγων
825 2141 1107 2205 ἐλεύσεως,
1126 2139 1394 2193 τοσούτων
1422 2138 1557 2191 ἐτῶν
1582 2138 1776 2199 παῖδας
1796 2138 1924 2190 aito-

2036 2145 2115 2190 est
2148 2135 2389 2192 Herodes
2426 2137 2722 2204 eﬂluxisse,
2765 2146 2931 2193 tanta:
2971 2138 3149 2193 aetatis
3180 2138 3439 2207 puerulos
3475 2146 3593 2191 tru-

356 2244 565 2298 κτείναι
613 2234 1067 2308 παρεκελεύσατο.
1111 2231 1203 2301 Μὴ
1229 2230 1409 2283 τοίνυν
1438 2227 1723 2297 ὑπολάϐῃς*
1746 2227 1921 2280 αἰτίαν

2036 2228 2293 2283 cidandos
2334 2232 2566 2285 curavit.
2601 2231 2677 2285 Ne
2712 2247 2840 2287 vero
2879 2230 3163 2295 existimes
3197 2246 3421 2285 causam
3466 2246 3592 2286 esse

355 2330 496 2387 εἶναι
524 2333 624 2400 τῆς
646 2327 752 2381 τῶν
777 2324 979 2378 παίδων
1002 2321 1184 2375 ἀδίκου
1219 2320 1429 2389 σφαγῆς
1453 2318 1551 2388 τὴν
1572 2316 1664 2371 τοῦ
1691 2314 1928 2386 Χριστοῦ

2036 2319 2197 2374 caedis
2251 2336 2541 2389 puerorum
2584 2323 2927 2378 nativitatem
2976 2324 3182 2379 Christi
3210 2340 3224 2375 :
3256 2340 3444 2376 verum
3489 2322 3592 2375 lle-

355 2424 630 2493 γὲννησιν,
664 2417 798 2471 ἀλλὰ
822 2415 918 2485 τὴν
955 2413 1049 2467 τοῦ
1096 2410 1334 2483 Ἡρώδου
1366 2411 1552 2464 ὰθεϊαν
1585 2427 1644 2462 τε
1676 2409 1770 2462 καὶ
1804 2410 1931 2464 ἀνο-

2036 2411 2181 2465 rodis
2219 2411 2551 2481 impietatem
2584 2429 2647 2467 ac
2682 2414 2923 2469 furorem
2972 2415 3451 2469 immanissimum.
3482 2413 3590 2469 Ne—

359 2516 604 2584 σιότητα·
637 2509 757 2563 οὑδὲ
785 2507 891 2577 γὰρ
916 2508 963 2557 οἱ
986 2505 1077 2557 τὸν
1106 2505 1339 2575 Χριστὸν
1367 2500 1777 2573 σταυρώσαντες
1807 2500 1928 2553 τότε

2036 2519 2135 2573 que
2160 2504 2303 2559 enim
2333 2504 2425 2574 qui
2454 2503 2733 2559 Christum
2780 2506 3066 2560 allixerunt
3105 2509 3275 2573 cruci,
3302 2508 3431 2561 mali
3474 2516 3591 2560 tum

356 2605 618 2673 γεγόνασι
657 2598 882 2668 πονηροὶ
905 2637 922 2656 .
961 2597 1096 2651 ἀλλὰ
1131 2598 1572 2668 προῦπάρχοντες
1611 2595 1705 2647 καὶ
1738 2590 1928 2663 καιροῦ

357 2696 647 2765 λαὸὀμενοι
682 2690 906 2753 ὲαυτοὺς
933 2691 1282 2759 ἐφανέρωσαν
1308 2687 1503 2750 οἵτινες
1530 2682 1688 2757 ἦσαν.

1020 2874 1176 2928 ΚΕΦ.
1206 2874 1278 2925 Γ.

438 2972 584 3041 Στίχ.
622 2976 714 3035 ις’.
745 2998 815 3012 -
854 2968 944 3021 Ἐν
992 2967 1123 3019 εῖδει
1154 2965 1230 3035 (4)
1286 2962 1613 3035 περιστερᾶς
1654 2959 1826 3029 ἐφάνη
1872 2959 1933 3012 τὸ

362 3065 593 3136 Πνεῦμα
614 3045 673 3116 τὸ
698 3063 849 3132 ἅγιον
873 3060 949 3124 ὡς
972 3056 1319 3129 φιλόστοργόν
1339 3072 1397 3108 τε
1420 3055 1512 3107 καὶ¹
1534 3052 1929 3123 φιλάνθρωπον,

363 3159 463 3212 καὶ
514 3155 771 3218 πολλάκις
820 3153 908 3221 ὑφ’
955 3150 1112 3221 ἡμῶν
1164 3146 1520 3217 ἀθετοῦμενον
1555 3144 1716 3199 πάλιν
1753 3144 1933 3213 ἔχεται

364 3247 526 3320 ἡμῶν
562 3246 656 3299 καὶ
690 3244 970 3312 εὐεργετεῖ
1014 3240 1102 3293 διὰ
1130 3239 1228 3309 τὴν
1279 3237 1446 3290 αὑτοῦ
1494 3236 1820 3306 ἀγαθότητα.
1869 3236 1934 3287 Ἦ

364 3342 477 3412 γὰρ
521 3336 816 3409 περιστερὰ
855 3333 1205 3403 φιλόστοργον
1248 3326 1381 3382 οὖσα
1416 3328 1511 3382 καὶ
1560 3326 1936 3398 φιλάνθρωπον

364 3430 528 3495 ζῶον,
562 3428 668 3481 ὑπὸ
694 3423 992 3497 ἀνθρώπων
1025 3420 1353 3491 ἀδικουμένη
1391 3419 1460 3472 τὰ
1493 3418 1705 3488 ἐκείνης
1740 3415 1937 3486 ἔκγονα

364 3519 738 3574 ἀποσπώντων
775 3533 834 3569 τε
877 3515 971 3567 καὶ⁵
1015 3512 1323 3573 ἐσθιόντων,
1369 3510 1470 3563 οὑκ
1506 3507 1798 3577 ἀφίσταται
1829 3508 1938 3562 τῶν

2034 2594 2266 2664 primum
2296 2594 2550 2660 fuerunt,
2578 2596 2671 2651 sed
2705 2612 2828 2649 cum
2856 2595 3177 2665 jamdudum
3212 2599 3347 2653 tales
3384 2606 3592 2661 essent,

2034 2695 2250 2756 arrepta
2311 2692 2625 2752 occasione,
2684 2703 2744 2742 se
2808 2688 2913 2757 ipsi
2978 2687 3342 2758 prodiderunt
3401 2690 3595 2759 quales

2034 2789 2241 2835 8880111.

2664 2870 2814 2925 CAP.
2859 2872 2948 2926 Ill.

2108 2959 2270 3015 Vens.
2296 2961 2469 3015 16.——
2488 2960 2548 3016 1n
2582 2963 2764 3032 specie
2785 2964 3051 3018 columbis
3078 2961 3330 3033 apparuit
3356 2958 3597 3031 Spiritus

2036 3065 2262 3111 sanctus
2324 3063 2514 3125 utpote
2588 3064 2784 3109 natura
2836 3057 3158 3120 benevolus,
3203 3063 3256 3107 et
3314 3053 3596 3107 hominum

2038 3147 2251 3217 generis
2308 3160 2498 3201 amans
2531 3165 2543 3199 :
2574 3156 2626 3200 et
2688 3149 2815 3202 licet
2860 3162 2890 3201 a
2935 3149 3096 3202 nobis
3150 3162 3291 3216 saepe
3346 3147 3600 3216 repulsus

2036 3239 2405 3310 exclususque
2449 3256 2645 3297 rursus
2676 3243 2966 3309 requirens
3001 3242 3447 3312 amplectensque
3477 3254 3598 3299 nos,

2036 3330 2318 3384 beneﬁciis
2372 3328 2581 3396 fovens,
2613 3333 2832 3400 propria
2881 3332 3118 3401 quadam
3148 3329 3492 3386 liberalitatis
3527 3328 3601 3381 in-

2036 3428 2179 3474 nata:
2208 3421 2469 3476 bonitate.
2488 3421 2749 3476 Columba
2771 3423 2916 3478 enim
2942 3423 3261 3479 benevolum
3287 3420 3600 3475 hominum-

2038 3528 2144 3580 que
2167 3528 2357 3567 amans
2388 3514 2610 3579 animal,
2639 3516 2839 3569 violata
2880 3516 3009 3571 licet
3042 3516 3112 3569 ab
3153 3513 3470 3577 hominibus
3505 3511 3603 3582 qui

366 3609 640 3681 συνήθων,
670 3607 781 3662 ἀλλ’
814 3606 992 3676 ἔχεται
1020 3601 1307 3659 παντοίως.
1562 3676 1565 3679 ν

2039 3603 2219 3672 pullos
2257 3604 2304 3657 ei
2340 3619 2471 3658 suos
2518 3607 2879 3659 suhstrahunt
2913 3622 3119 3675 eosque
3148 3602 3465 3663 comedunt,
3494 3615 3603 3653 non
3652 3650 3661 3673 ,

366 3704 576 3759 deserit
623 3713 805 3757 tamen
850 3698 1074 3755 infestas
1122 3711 1309 3750 eorum
1351 3692 1556 3763 rapinis
1606 3694 1800 3748 domos
1851 3709 1917 3750 ac
1952 3696 2137 3766 nidos,
2172 3700 2376 3754 auibus
2428 3702 2594 3753 semel
2642 3702 2898 3763 insuevit,
2927 3700 3023 3755 sed
3059 3702 3113 3755 in
3153 3702 3220 3757 iis
3286 3703 3476 3764 haeret,
3548 3704 3605 3752 et

370 3810 565 3852 parere
591 3796 783 3865 pergit.

444 3888 610 3942 Vens.
637 3887 725 3941 15.
757 3915 826 3927 -—-
862 3883 996 3939 Nam
1029 3883 1105 3955 (5)
1137 3888 1191 3935 et
1219 3880 1350 3934 illud
1379 3898 1391 3933 :
1427 3878 1528 3932 Hic
1570 3888 1648 3934 est
1686 3877 1860 3934 Filius
1892 3896 2037 3935 meus
2077 3880 2322 3945 dilectus,
2358 3881 2413 3934 in
2441 3896 2542 3949 quo
2571 3880 2698 3934 milii
2747 3879 3060 3949 complacui,
3121 3882 3332 3937 insania
3382 3884 3608 3942 evidens

370 3988 459 4034 est
495 3979 562 4033 de
583 3979 694 4033 Deo
727 3977 905 4033 Verbo
930 3985 1125 4047 putare
1155 3975 1338 4029 dicere
1389 3988 1538 4028 eum.
1568 3972 1670 4039 Qui
1714 3974 1857 4027 enim
1895 3974 2032 4029 dixit
2074 3993 2089 4029 :
2128 3973 2226 4028 Hic
2254 3985 2331 4051 est
2366 3974 2539 4029 Filius
2576 3994 2720 4030 meus
2772 3975 3036 4040 dilectus;
3072 3983 3125 4032 et
3170 3978 3384 4033 intulit:
3419 3982 3474 4035 in
3506 3999 3608 4049 quo

372 4075 505 4128 mihi
532 4074 821 4141 complacui
845 4113 860 4136 ,
891 4071 1214 4141 signiﬁcavit
1248 4067 1391 4139 quod
1429 4076 1612 4137 aperte
1639 4067 1707 4122 ad
1745 4071 2209 4140 comparationem
2246 4069 2349 4124 hoc
2379 4069 2510 4123 dicit
2541 4069 2772 4122 aliorum
2805 4070 3061 4140 ﬁliorum,
3093 4075 3185 4145 qui
3212 4090 3311 4129 nec
3343 4074 3523 4132 dilecti
3556 4078 3607 4133 ei

372 4176 525 4230 sunt,
565 4182 664 4221 nec
697 4167 911 4223 ulacere
933 4165 1097 4220 nimis
1126 4170 1421 4234 potuerunt
1440 4162 1512 4219 ei.

1008 4258 1162 4311 ΚΕΦ.
1214 4259 1285 4310 A'.

444 4355 591 4424 ἳτίχ.
622 4352 688 4422 β’.
718 4381 787 4391 -ο
817 4351 945 4404 Ὅτε
971 4351 1049 4419 (6)
1080 4352 1109 4403 ὁ
1132 4349 1362 4420 Χριστὸς
1402 4348 1706 4409 ἐπείνασεν,
1737 4349 1813 4411 ὡς
1841 4349 1937 4416 γέ.-

373 4461 637 4517 γραπται,
670 4443 791 4496 τότε
826 4444 854 4495 ὁ
880 4440 1120 4504 διάϐολος
1150 4439 1447 4492 ἐπιτίθεται
1470 4440 1769 4510 πειράσων,
1820 4441 1941 4493 ἐπεὶ

372 4538 495 4592 οὑδὲ
523 4536 664 4589 πάνυ
693 4533 1004 4603 τεθαύμακε
1040 4532 1138 4603 τὴν
1176 4533 1234 4584 ἐν
1270 4531 1674 4599 τεσσαράκοντα
1706 4532 1941 4602 ἡμέραις

375 4627 650 4698 νηστείαν,
676 4625 957 4695 γινώσκων
980 4626 1069 4678 τὸν
1116 4624 1298 4678 Ἠλίαν
1322 4623 1584 4687 τοσαύτας
1611 4623 1821 4697 ἡμέρας
1846 4641 1942 4695 νη-

377 4717 696 4773 στεύσαντα.
750 4717 839 4769 Διὸ
881 4718 973 4770 καὶ
1014 4716 1293 4787 Θαρρήσας
1351 4714 1707 4788 προσέϐαλεν,
1756 4717 1941 4785 ὅμοιον

375 4811 576 4881 ἐκείνῳ
598 4809 823 4879 νομίσας
851 4804 986 4863 εἶναι
1015 4808 1108 4861 καὶ
1131 4808 1191 4860 οὑ
1226 4806 1358 4859 Θεόν

2707 4257 2857 4314 CAP.
2900 4257 2989 4313 IV.

2119 4349 2461 4406 Vens.2.—
2494 4351 2723 4418 Quando
2770 4352 3027 4408 Christus
3074 4355 3299 4418 esuriit,
3355 4363 3413 4410 ut
3470 4360 3611 4413 scri-

2048 4451 2199 4513 ptum
2225 4452 2333 4508 est,
2364 4452 2493 4499 tunc
2511 4421 2761 4501 diabolus
2792 4448 2846 4499 in
2880 4461 3003 4500 eum
3033 4446 3237 4500 invadit
3277 4455 3608 4506 tentaturus.

2049 4533 2272 4590 Scilicet
2325 4553 2435 4590 non
2486 4537 2716 4591 nimium
2767 4538 3071 4592 admiratus
3114 4547 3195 4592 est
3247 4541 3612 4611 quadraginta

2046 4624 2259 4680 dierum
2298 4627 2591 4697 jejunium,
2629 4643 2840 4682 memor
2864 4626 3034 4682 Elian:
3069 4628 3293 4685 totidem
3332 4630 3613 4703 diesjeju-

2049 4718 2143 4771 nio
2163 4719 2536 4774 continuasse.
2563 4720 2693 4773 Inde
2715 4720 2880 4789 igitur
2904 4722 3083 4776 animo
3106 4731 3324 4793 sumpto
3352 4734 3609 4794 tanquam

1975 4801 2018 4855 D
2048 4807 2101 4861 in
2128 4806 2255 4862 Elia:
2288 4809 2521 4863 similem
2546 4807 2675 4877 (III
2693 4807 2816 4879 Reg.
2844 4826 2956 4877 xu,
2981 4812 3058 4883 8),
3092 4812 3340 4885 nihilque
3370 4814 3611 4870 humano

377 4906 598 4976 iastigiu
639 4904 815 4973 majus
852 4903 1157 4966 habentem,
1185 4902 1459 4963 audacter,
1494 4902 1667 4955 aleam
1699 4901 2018 4957 certaminis
2049 4912 2488 4971 exspectaturus,
2521 4904 2687 4958 vadit.

457 5045 529 5107 (1)
562 5043 684 5095 Act.
710 5042 769 5096 C.
796 5041 983 5096 Const.
1010 5056 1070 5100 tt,
1097 5056 1168 5100 tv,
1193 5037 1284 5104 55,
1310 5036 1428 5107 Vig.
1460 5044 1649 5093 Const.
1681 5038 1769 5097 57.
1798 5037 1952 5103 Eius-

378 5116 496 5167 dem
520 5130 583 5167 επ
608 5112 740 5164 libro
770 5110 789 5182 [
812 5120 941 5165 vett.
978 5110 1123 5171 libri,
1156 5124 1219 5162 cx
1246 5108 1419 5182 eodem
1448 5108 1580 5182 libro
1608 5108 1624 5180 ]
1652 5111 1789 5178 quod
1811 5109 1950 5182 Deus

379 5195 649 5253 peccatum
678 5178 855 5235 docuit
876 5191 940 5253 Aet
972 5189 1188 5253 mortem
1229 5178 1567 5253 introduxit;
1607 5178 1658 5233 ν.
1696 5194 1816 5249 qua:
1838 5181 1949 5233 dixi

382 5247 440 5309 in
462 5261 755 5309 comment.
788 5268 842 5320 p.
865 5251 954 5312 64,
986 5267 1038 5303 n.
1076 5247 1325 5320 57(int’ra,
1350 5250 1458 5320 col.
1485 5248 1597 5317 55).

455 5324 532 5393 (9.)
561 5315 837 5390 chunttir
873 5322 984 5375 haec
1019 5322 1075 5393 i_n_
1104 5317 1294 5393 Matth.
1342 5315 1641 5387 fragmenta
1670 5315 1948 5393 Crmca‘i‘n

384 5423 422 5448 ι.
463 5414 476 5446 :
516 5388 889 5463 Sguibolarurit
928 5393 979 5444 in
1020 5388 1331 5463 Matthwum
1359 5398 1554 5463 ‘tomus
1606 5388 1759 5463 prior
1796 5388 1949 5442 exhi-

384 5473 510 5518 bens
562 5459 805 5515 'catenam
848 5460 1014 5514 Gra'c.
1085 5460 1236 5512 Patr.
1280 5459 1435 5512 unius
1489 5467 1537 5511 et
1576 5460 1759 5526 viginti
1814 5476 1950 5512 nunc

384 5536 618 5600 primum
672 5531 888 5585 editam.
932 5529 1016 5583 Ex
1068 5530 1379 5600 biblioth_ec_a
1454 5528 1808 5600 illustrissimi
1882 5530 1945 5584 υ.

385 5596 567 5659 Caroli
599 5603 663 5656 de
695 5600 960 5655 Montcltal
990 5601 1217 5665 archiep.
1258 5597 1508 5652 Tolosani
1542 5596 1728 5651 Petrus
1766 5596 1950 5651 Possi-

388 5692 488 5729 nus
516 5691 543 5729 e
565 5689 671 5727 soc.
696 5672 821 5725 Jestt
851 5687 1055 5725 sacrar.
1096 5669 1412 5722 Litterarum
1443 5667 1648 5721 Tolosa:
1663 5668 1944 5735 professor,

388 5760 453 5799 ex
486 5743 867 5812 antiquissimis
904 5742 1218 5794 membranis
1257 5740 1412 5804 eruit,
1457 5737 1649 5792 Latina
1694 5740 1947 5807 interpre-

2058 5040 2347 5110 tationeget
2387 5040 2603 5093 sclioliis
2631 5039 2942 5106 illustravit,
2980 5040 3272 5110 librumque
3312 5040 3523 5094 addidit
3550 5041 3613 5097 de

2057 5108 2343 5181 concordia
2371 5112 2816 5181 erangelistarum
2864 5114 2919 5165 in
2947 5108 3249 5181 genealogia
3277 5110 3613 5181 ChristaTo-

2054 5178 2366 5251 (oste1646.
2402 5180 2440 5233 ι’.
2484 5178 2727 5250 Singulis
2770 5178 3047 5251 praemissa
3101 5188 3229 5251 sunt
3253 5195 3303 5231 ν.
3328 5179 3613 5251 Θεοδώρου

2054 5248 2558 5320 Μοιζιουεστίας,υιιί
2578 5248 2665 5320 (ad
2688 5248 2841 5312 xxiii,
2868 5252 2979 5319 15.)
3009 5250 3071 5302 Θ.
3104 5249 3434 5319 Ἀντιοχέως.
3457 5248 3611 5317 Quod

2055 5319 2383 5391 primoioco
2412 5321 2595 5389 posui,
2628 5321 2905 5376 invenitur
2936 5338 2991 5391 p.
3026 5319 3112 5375 15.

2123 5389 2200 5458 (5)
2240 5389 2451 5460 [’ossini
2488 5401 2594 5444 cat.
2631 5407 2685 5460 p.
2716 5392 2804 5444 5|.

2122 5460 2199 5525 (4)
2237 5457 2459 5513 Possini
2485 5470 2593 5514 cat.
2624 5457 2676 5529 p.
2713 5461 2801 5513 45.

2122 5529 2465 5599 (5)_Act.C.
2498 5528 2688 5584 Genet.
2726 5545 2786 5593 ll,
2822 5545 2895 5589 tv,
2948 5528 3039 5590 40,
3079 5528 3241 5599 Vigil.
3293 5537 3469 5599 const.
3518 5528 3613 5595 40,

2052 5596 2303 5662 Eiusdem
2331 5598 2525 5652 Tlteod.
2566 5615 2631 5652 ex
2678 5601 3103 5665 interpretatione
3145 5596 3245 5653 Sec.
3305 5598 3613 5655 Mattha'ttrn

2051 5668 2363 5737 Evangelii,“
2403 5670 2497 5723 sed
2530 5686 2582 5720 v.
2613 5686 2734 5736 qua:
2762 5670 2873 5723 dixi
2902 5669 2955 5723 in
2989 5677 3287 5726 comment.

2122 5738 2198 5808 (6)
2232 5739 2444 5795 Possini
2478 5750 2583 5795 cat.
2617 5755 2679 5808 p.
2707 5740 2793 5794 46.
