4124 6240
461 306 566 367 737
1646 314 1993 371 TIIEODORI
2029 316 2509 373 MOPSUESTENI
3606 314 3706 366 708

1116 427 1269 481 CAP.
1314 428 1379 482 Υ.
2058 442 2107 497 Α

2058 442 2107 497 Α
2778 434 2928 486 ΚΕΦ.
2962 433 3034 486 E'.

528 516 695 575 Vsus.
725 518 814 574 40.
847 549 912 559 -—
939 520 1207 576 Convenit
1248 538 1358 578 non
1390 524 1670 580 declinare
1713 526 2026 581 contentio—

2200 528 2348 597 Στίχ.
2391 534 2463 596 μ’.
2490 556 2558 567 -—
2585 527 2856 598 Προσήκει
2880 528 2953 596 (l)
2981 526 3077 597 τὴν
3101 524 3235 597 πρὸς
3274 525 3399 589 τοὺς
3425 522 3702 587 ιναντίονς

458 627 582 668 nent
613 627 737 666 cum
772 612 1127 679 adversariis,
1156 614 1379 684 quando
1405 630 1469 670 ea
1497 632 1598 685 pro
1628 616 1895 687 religione
1932 623 2029 671 aut

2135 622 2209 693 μὴ
2232 622 2500 676 ἐκκλίνειν
2543 623 2891 691 φιλονεικίαν,
2939 622 3068 675 ὅταν
3112 621 3250 691 ὑπὲρ
3274 619 3378 690 τῆς
3420 616 3700 680 εὐσεϐείας

459 704 657 775 pietate
688 705 870 759 fuerit.
892 702 1047 759 Tunc
1077 707 1223 760 enim
1253 707 1572 761 exantlandi
1594 708 1852 763 alacriter
1875 707 2031 763 labo-

2126 717 2390 786 τυγχάνῃ.
2415 716 2613 786 μᾶλλον
2647 716 2745 786 μὲν
2773 710 2866 769 οὖν
2900 715 2996 768 καὶ
3025 714 3095 768 τὰ
3122 712 3271 767 δεινὰ
3289 711 3578 782 ὑπομένειν
3606 710 3701 764 καὶ

459 812 550 852 res
597 810 808 859 omnes,
840 805 896 850 et
938 798 1079 850 mala
1116 812 1461 868 quaecunque
1514 798 1834 868 perferenda
1867 800 2031 854 etiam

2127 808 2339 879 χαίρειν
2386 810 2480 861 ἐπὶ
2515 808 2743 871 τούτοις.
2780 808 2843 861 Ei
2888 807 2945 859 δὲ
2978 806 3166 877 ἕτερόν
3197 822 3251 859 τι
3291 803 3401 858 τῶν
3434 802 3701 874 βιωτικῶν

460 905 583 945 cum
618 890 839 958 gaudio.
874 888 1030 954 Quod
1074 890 1119 944 si
1158 889 1303 946 adsit
1345 890 1527 961 aliqua
1562 891 1719 962 copia
1761 901 2027 961 tempora-

2131 898 2387 970 ὑπάρχει,
2419 898 2589 967 ἡδέως
2624 898 2975 968 παραχωρεῖν
3008 896 3084 967 τῷ
3115 894 3423 967 βουλομένῳ
3451 891 3546 948 καὶ
3576 888 3701 964 μηδ’

458 978 588 1033 lium
640 993 844 1042 rerum,
883 977 1163 1032 toleranda
1214 978 1449 1034 libenter
1504 979 1624 1049 ejus
1674 980 1914 1047 jactura,
1970 990 2026 1036 et

1296 987 1449 1034 enter
1504 979 1624 1049 eius
1674 980 1914 1047 Ιθοιιιτει,
1970 990 2026 1036 ει
2128 988 2427 1044 ὁπωστιοῦν
2451 988 2924 1059 ἀντιφθέγγεσθαι.

456 1070 671 1139 eripere
716 1070 920 1124 volenti
953 1068 1389 1137 concedendum,
1421 1072 1557 1126 nihil
1585 1073 1883 1143 quidquam
1941 1072 2027 1126 hi-

457 1160 664 1216 scendo
687 1168 901 1214 contra.

1904 1255 2060 1312 CAP.
2099 1254 2238 1311 VIII.

528 1348 695 1404 Vsus.
727 1349 813 1404 15.
848 1378 918 1389 συ-
952 1347 1311 1418 Supplicahat
1336 1347 1413 1419 (2)
1442 1356 1622 1405 autem
1648 1349 1721 1413 ei,
1754 1348 1952 1419 inquit,
1997 1356 2056 1403 ut
2086 1356 2309 1402 curaret
2336 1362 2590 1418 puerum.
2620 1343 2702 1401 Ad
2748 1360 2908 1416 quem
2955 1344 3222 1402 Dominus
3266 1344 3437 1400 dicit:
3467 1341 3578 1414 Ego
3607 1356 3700 1397 ve-

455 1450 616 1504 niens
637 1449 839 1504 curabo
858 1464 1003 1503 eum.
1027 1446 1322 1517 Propterea
1346 1445 1581 1499 maxime
1608 1445 1726 1515 ipse
1746 1443 2055 1514 promptius
2087 1442 2168 1499 ire
2192 1443 2468 1514 promisit,
2496 1451 2557 1498 ut
2578 1444 2754 1497 virtus
2780 1442 3123 1498 centurionis
3140 1456 3263 1497 cum
3292 1440 3492 1511 refugit
3523 1452 3700 1509 appa-

453 1549 621 1597 reret.
654 1541 886 1603 Etenim,
925 1538 1046 1593 Non
1081 1555 1198 1591 sum
1232 1536 1441 1606 dignus,
1477 1534 1630 1600 dicit,
1663 1543 1722 1588 ut
1749 1536 1914 1589 intres
1947 1534 2043 1589 sub
2076 1542 2268 1588 tectum
2296 1551 2504 1599 meum;
2535 1536 2700 1607 igitur
2726 1534 2877 1589 verbo
2909 1542 3115 1588 tantum
3148 1533 3254 1596 dic,
3286 1539 3341 1587 et
3373 1531 3478 1585 hoc
3502 1543 3700 1583 curare

454 1632 959 1690 suﬂiciet.Primum
984 1634 1149 1704 igitur
1176 1632 1534 1687 reverentiam
1565 1632 1818 1696 multam,
1843 1630 2087 1686 secundo
2116 1637 2300 1685 autem
2330 1632 2622 1685 maximam
2676 1631 2836 1687 ﬁdem
2904 1628 3162 1686 ostendit.
3198 1625 3406 1681 Deinde
3461 1632 3518 1679 et
3572 1637 3699 1678 cum

453 1730 741 1800 prudentia
782 1728 940 1783 ﬁdem
973 1727 1247 1797 propriam
1282 1735 1629 1782 monstrans:
1663 1724 1809 1780 Nam
1861 1736 1911 1779 et
1937 1741 2031 1794 ego
2060 1731 2104 1786 B
2204 1723 2348 1780 Bene
2376 1725 2589 1779 intulit:
2614 1724 2690 1797 (5)
2708 1724 2950 1796 Namque
2968 1734 3017 1779 et
3033 1740 3124 1795 ego
3140 1724 3293 1777 homo
3313 1727 3531 1784 sum,ut
3551 1719 3697 1775 dicat

453 1818 606 1873 homo
624 1835 737 1871 sum
758 1817 853 1870 sub
882 1825 1156 1886 potestate,
1177 1815 1371 1869 habens
1394 1815 1486 1870 sub
1511 1832 1591 1869 me
1606 1817 1823 1882 milites,
1843 1824 1891 1868 et
1913 1814 2029 1869 dico
2130 1816 2281 1872 Nihil
2310 1817 2619 1873 mirandum
2650 1819 2696 1873 si
2725 1818 2827 1873 hoc
2862 1826 3039 1888 potes,
3080 1830 3204 1870 cum
3238 1813 3314 1871 sis
3353 1813 3517 1868 homo
3546 1812 3698 1866 acci-

453 1908 593 1973 huic,
621 1905 777 1970 Vade,
791 1916 837 1959 et
857 1906 1017 1968 vadit;
1035 1916 1083 1959 et
1106 1906 1224 1971 alii,
1250 1904 1710 1973 Veni,etvenit;et
1730 1922 1873 1961 servo
1894 1921 2028 1973 meo,
2132 1909 2286 1979 piens
2308 1924 2341 1964 a
2371 1908 2519 1965 Deo:
2544 1912 2800 1982 quoniam
2830 1916 2885 1963 et
2916 1924 3018 1981 ego
3048 1922 3171 1963 cum
3202 1907 3307 1962 hoc
3335 1907 3461 1967 sim,
3487 1903 3698 1973 accipio

455 1997 571 2051 Fac
598 1997 714 2061 Itoc,
742 1998 972 2067 etfacit.
1009 1997 1316 2053 Prudentia:
1345 1997 1491 2053 enim
1535 2005 1675 2061 erat,
1723 1999 2028 2054 secundum
2131 1999 2490 2066 obedientes,
2564 2001 2730 2058 semel
2802 2000 3008 2056 habens
3074 1998 3302 2069 iubendi
3373 2002 3694 2067 potestatem

454 2091 721 2146 rationem
736 2106 857 2161 quae
873 2091 921 2145 ei
953 2090 1259 2155 videbatur,
1290 2090 1421 2144 talia
1446 2089 1673 2146 credere
1704 2089 1771 2145 de
1786 2090 2026 2145 Christo.
2130 2099 2352 2163 propter
2388 2091 2598 2149 datoris
2644 2092 3065 2160 indulgentiam.

455 2182 630 2238 Homo
658 2184 800 2237 enim
819 2190 872 2237 et
899 2197 1033 2252 ego:
1070 2182 1168 2237 sed
1198 2192 1401 2248 tamen,
1436 2197 1672 2252 quorum
1721 2182 1909 2251 accepi
1938 2195 2030 2251 po-

452 2283 726 2335 testatem.
757 2274 948 2328 horum
982 2289 1103 2328 sum
1133 2274 1389 2329 dominus
1416 2293 1429 2329 :
1458 2289 1581 2345 qua:
1599 2274 2026 2342 mihividentur,

451 2382 516 2424 ea
550 2366 685 2421 fiunt
718 2381 748 2420 a
784 2366 921 2420 meis
949 2366 1235 2434 subjectis.
1271 2364 1413 2436 Ergo
1465 2366 1603 2420 nihil
1631 2366 1701 2421 ab
1733 2380 1794 2421 re
1828 2375 1932 2428 est,
1972 2374 2028 2422 et
2200 2355 2541 2425 Quapropter
2561 2354 2636 2426 (ὁ)
2661 2369 2761 2409 nec
2787 2353 3147 2422 incongruum
3173 2356 3277 2415 est,
3299 2356 3354 2404 et
3390 2354 3443 2403 te
3472 2352 3694 2418 accepta

455 2470 507 2533 te
531 2460 671 2514 hanc
700 2467 950 2514 sumente
983 2472 1014 2511 a
1052 2457 1161 2513 Deo
1194 2467 1538 2528 potestatem,
1595 2460 1765 2513 verbo
1812 2467 2025 2513 tantum
2127 2445 2233 2500 is”
2258 2458 2289 2498 ³
2326 2444 2434 2499 Deo
2471 2450 2763 2515 Ροιεειεῑευ
2797 2442 2967 2496 verbo
3001 2441 3121 2496 801°
3136 2438 3427 2533 ἓψθυιξηξ
3476 2436 3696 2507 “NB?”

445 2527 674 2621 iubente
723 2549 923 2621 expelli
983 2527 1289 2620 passiones.
1354 2549 1541 2621 Neque
1578 2550 1723 2605 enim
1763 2558 2024 2621 tanquam

2122 2535 2435 2604 passiones.
2481 2533 2590 2588 Nec
2637 2533 2781 2587 enim
2842 2539 3106 2601 tanquam
3136 2528 3272 2583 Filio
3327 2527 3422 2582 Dei
3459 2537 3514 2582 et
3566 2534 3694 2583 ante

450 2619 545 2698 Dei
578 2619 885 2707 Μαιηξει
913 2619 1039 2697 ante
1054 2657 1272 2697 omnem
1289 2619 1594 2697 creammm
1614 2619 2022 2707 ευδεῑειειίιεω,
2129 2628 2439 2681 universam
2463 2633 2772 2680 creaturam
2810 2622 3124 2690 exsistenti,
3158 2630 3213 2679 et
3242 2619 3481 2679 creatori
3500 2632 3691 2677 eorum

448 2740 505 2787 ct
538 2733 785 2789 omnium
840 2748 960 2803 quae
992 2742 1121 2787 sunt
1183 2731 1693 2803 opiﬁcem,adierat
1749 2732 2021 2788 centurio.

1362 2748 1457 2798 3m,
1481 2733 1693 2787 adierat
1749 2732 2021 2788 οριιιιηίο,
2124 2732 2247 2787 qua:
2276 2724 2425 2783 sunt,
2452 2715 2685 2772 accessit
2720 2713 2990 2771 centurio.

450 2827 577 2885 Haec
602 2829 745 2886 enim
782 2845 957 2901 neque
983 2829 1376 2900 discipulorum
1409 2838 1526 2885 erat
1557 2838 1688 2883 tunc
1718 2829 1862 2883 scire
1894 2836 2026 2882 ante

448 2938 692 2987 crucem,
725 2923 870 2977 sicut
900 2923 956 2976 in
990 2923 1217 2992 reliquis
1246 2921 1622 2983 ostendemus,
1660 2920 1888 2974 Domino
1927 2919 2025 2972 ad-

444 3014 690 3084 juvante,
722 3012 1013 3069 subtilius:
1044 3014 1138 3068 sed
1168 3021 1431 3083 tanquam
1465 3012 1740 3067 hominem
1788 3025 1884 3081 per
1912 3011 2023 3064 vir-

448 3116 615 3163 tutem
645 3106 899 3177 adeptum
928 3121 958 3160 a
990 3106 1099 3162 Deo
1137 3106 1400 3175 majorem
1430 3118 1591 3174 quam
1634 3112 1719 3158 est
1778 3103 2017 3158 hominis

446 3207 790 3270 potestatem.
853 3197 1010 3254 Unde
1062 3199 1112 3255 ei
1170 3198 1349 3255 dixit:
1415 3197 1548 3251 Nam
1595 3204 1651 3251 et
1703 3208 1805 3267 ego
1850 3195 2016 3251 homo

516 3386 685 3444 Vnus.
712 3388 805 3445 34.
836 3419 906 3430 -—
934 3386 1226 3456 Rogabant
1272 3386 1436 3458 igitur
1479 3395 1542 3442 ut
1581 3386 1649 3442 ad
1687 3387 1825 3442 alios
1876 3385 2013 3441 lines

2190 3379 2335 3449 Στίχ.
2369 3375 2463 3432 λδ’.
2482 3406 2549 3420 -
2570 3373 2959 3447 Παρεκάλεσαν
2979 3372 3158 3428 τοίνυν
3181 3372 3266 3443 ἐφ’
3289 3372 3507 3444 ἐτέρους
3531 3386 3690 3443 μεταρ

446 3478 733 3543 transiret,
764 3478 924 3549 quasi
951 3493 1060 3531 non
1082 3476 1230 3547 digni
1250 3485 1437 3531 essent
1458 3475 1551 3546 qui
1577 3484 1729 3531 tanto
1754 3476 1897 3530 bono
1914 3489 2013 3530 sua

2119 3471 2277 3542 ϐῆναι
2304 3470 2520 3532 τόπους,
2542 3466 2617 3531 ὡς
2634 3466 2735 3521 οὐκ
2755 3466 2894 3533 ἄξιοι
2913 3465 3065 3529 ὄντες
3091 3463 3341 3519 τοσοῦτον
3371 3462 3571 3533 ἀγαθὸν
3595 3462 3687 3517 ἐπὶ

443 3566 501 3622 in
537 3568 710 3638 patria
739 3565 1073 3635 fruerentur,
1099 3566 1277 3621 territi
1302 3564 1513 3621 scilicet
1542 3572 1763 3637 pr0ptcr
1792 3570 2012 3636 peccata

2118 3563 2217 3634 τῆς
2249 3562 2456 3624 οἰκείας
2481 3560 2625 3630 ἔχειν
2651 3557 2865 3633 χώρας,
2915 3557 3188 3622 δείσαντες
3219 3557 3391 3629 δήπου
3436 3557 3687 3628 ἁμαρτη-

2047 3075 2090 3131 C

434 3671 563 3712 sua.

2122 3657 2307 3729 μάτων
2333 3657 2537 3710 ἕνεκεν.

1077 3762 1229 3820 CAP.
1267 3759 1359 3819 IX.

2775 3766 2929 3819 ΚΕΦ.
2970 3765 3047 3820 Θ¹.

511 3856 681 3913 Vsus.
710 3857 766 3913 8.
788 3884 861 3898 --
886 3855 1038 3929 Opus
1090 3857 1311 3928 quidem
1348 3854 1596 3909 divinum
1640 3853 1891 3921 videtur;
1923 3851 2016 3907 ille

2187 3862 2333 3933 Στίχ.
2367 3867 2435 3933 η’.
2470 3891 2542 3901 -
2578 3858 2732 3913 Θεῖον
2753 3857 2813 3911 τὸ
2837 3858 3063 3928 πρᾶγμα
3087 3855 3464 3924 γινώσκουσιν,
3501 3855 3591 3909 τὸν
3629 3853 3686 3909 δὲ

441 3954 621 4002 autem
657 3946 749 4015 qui
783 3944 934 4010 fecit,
961 3946 1158 4011 homo;
1182 3959 1289 4014 qua
1324 3943 1390 3998 de
1414 3958 1583 3998 causa
1620 3942 1766 3997 velut
1807 3942 2012 3996 donum

2117 3957 2414 4027 ποιήσαντα
2458 3952 2659 4024 ὁρῶσιν
2702 3951 3006 4021 ἄνθρωποψ
3043 3945 3131 4003 διὰ
3162 3949 3321 4003 τοῦτο
3349 3946 3438 4013 ,ὡς
3477 3949 3685 4017 δωρεὰν

441 4033 560 4099 Dei,
581 4049 691 4089 non
723 4039 784 4087 ut
812 4033 1067 4088 virtutem
1102 4033 1307 4087 Christi
1337 4031 1608 4085 mirantur
1643 4030 1799 4086 illud.

2113 4044 2209 4102 τοῦ
2238 4047 2395 4111 Θεοῦ,
2429 4043 2524 4099 καὶ
2552 4045 2647 4114 οὐχ
2674 4041 2750 4107 ὡς
2777 4040 2940 4096 αὐτοῦ
2967 4038 3195 4114 δύναμιν
3224 4042 3613 4113 θαυμάζουσιν.

1088 4144 1243 4199 CAP.
1285 4142 1355 4198 Χ.

2778 4160 2936 4212 ΚΕΦ.
2983 4160 3023 4212 1.

512 4237 678 4294 Vens.
715 4236 768 4291 5.
798 4266 870 4277 —
895 4235 1227 4290 Samaritani
1265 4235 1521 4291 civitates
1571 4234 1894 4290 habitabant
1950 4239 2006 4290 in

2186 4255 2334 4326 Στίχ.
2361 4263 2420 4310 ε’.
2446 4283 2518 4295 -
2538 4254 2603 4309 Oi
2622 4253 2964 4324 Σαμαρεῖται
2997 4252 3076 4324 (5)
3097 4252 3282 4317 πόλεις
3320 4252 3604 4323 κατῴκουν
3628 4251 3686 4303 ὲν

441 4332 621 4389 media
652 4331 771 4401 ipsa
800 4327 988 4383 Iudaea
1021 4329 1179 4395 sitas,
1205 4342 1303 4397 per
1331 4342 1470 4397 quas
1500 4327 1873 4383 necessarium
1908 4329 2011 4384 iter

2120 4350 2271 4420 μέσῳ
2302 4350 2400 4420 τῆς
2444 4346 2725 4411 Ἰουδαίας,
2761 4346 2829 4400 δι’
2859 4338 2934 4401 ὧν
2960 4347 3254 4415 ἀναγκαῖον
3288 4341 3356 4417 ἦν
3387 4346 3512 4409 τοὺς
3554 4346 3686 4398 duo.

440 4432 559 4479 erat
581 4423 841 4495 apostolis
868 4422 1013 4476 ultro
1036 4421 1290 4490 citroque
1316 4434 1412 4489 per
1432 4416 1675 4473 Judteam
1698 4432 2010 4472 commean-
2045 4428 2068 4483 ι

2058 4428 2090 4482 Ῑ)
2116 4416 2331 4504 στόλους
2355 4416 2699 4510 ίπορεύεσθαι.
2722 4436 2813 4490 Διὸ
2830 4436 2924 4491 καὶ
2954 4437 3188 4492 ἐκώλυεν
3219 4416 3434 4502 αὐτοὺς,
3457 4436 3542 4506 μὴ
3562 4441 3686 4489 εἱσ-

442 4516 608 4569 tibus.
631 4513 934 4569 Occasione
966 4512 1133 4583 igitur
1157 4512 1359 4583 saepius
1374 4525 1674 4567 occursura
1698 4508 2005 4564 introeundi

2112 4529 2352 4598 έλθητε·
2397 4508 2489 4582 ἐστὶ
2516 4528 2574 4582 δὲ
2601 4527 2710 4582 τῶν
2738 4527 2905 4582 ἐθνῶν
2941 4529 3042 4584 οὐκ
3073 4526 3191 4583 εἷπε
3219 4528 3315 4597 Μὴ
3353 4528 3681 4596 εἰσέλθητε,

437 4604 707 4676 ejusmodi
735 4604 921 4667 urbes,
948 4612 1095 4660 vetat
1118 4606 1268 4675 ipsos
1296 4621 1310 4659 :
1336 4621 1398 4658 ne
1418 4602 1751 4657 introieritis.
1774 4601 1847 4656 De
1879 4616 2009 4671 gen-

1118 4606 1268 4675 ipsos
1296 4621 1310 4659 :
1336 4621 1398 4658 ne
1418 4602 1751 4657 introieritis.
1774 4601 1847 4656 De
1879 4616 2009 4671 gen-
2114 4622 2252 4677 ἀλλά
2280 4622 2375 4691 Μὴ
2410 4620 2734 4690 ἀπέλθητε,

438 4698 585 4755 tibus
612 4711 741 4751 vero
773 4710 886 4750 non
915 4694 1075 4762 dixit,
1104 4710 1167 4751 ne
1202 4695 1536 4762 introieritis,
1569 4695 1665 4749 sed
1694 4709 1755 4761 ne
1775 4694 1927 4747 eatis.

508 4787 678 4844 Vens.
713 4786 888 4844 l6.—
915 4786 974 4843 Si
1006 4787 1132 4859 quis
1164 4787 1432 4844 columbae
1472 4787 1651 4857 pullos
1681 4784 1998 4863 abstulerit,

2182 4800 2328 4873 Στίχ.
2362 4809 2457 4868 ις’.
2495 4832 2563 4843 -
2607 4802 2732 4857 Ἐάν
2757 4820 2841 4867 τις
2877 4802 2956 4873 (6)
3005 4806 3332 4877 περιστερᾶς
3380 4803 3682 4875 ἀφαιρῆται

439 4890 622 4938 tamen
652 4880 746 4935 illa
790 4880 849 4935 in
888 4880 1009 4935 loco
1038 4879 1230 4935 eodem
1262 4881 1461 4935 iterum
1490 4892 1591 4934 ova
1628 4877 1916 4932 incubabit
1949 4885 2005 4933 et

2110 4894 2235 4960 τοὺς
2262 4897 2534 4961 νεοσσοὺς,
2574 4897 2631 4950 ἓν
2663 4896 2741 4967 τῷ
2779 4896 2930 4969 τόπῳ
2956 4898 3151 4969 ἐκείνῳ
3179 4898 3342 4952 πάλιν
3390 4899 3679 4954 νεοττεύει.

436 4972 711 5030 excludet.
730 4970 923 5042 Itaque
957 4980 1012 5027 et
1043 4986 1163 5037 vos,
1192 4971 1289 5036 ait,
1326 4971 1542 5027 insidiis
1574 4977 1628 5026 et
1659 4972 2004 5042 persecutio-

2110 4986 2200 5038 Διὸ
2230 4987 2324 5040 καὶ⁸
2353 4988 2510 5057 ὑμεῖς
2528 5029 2543 5052 ,
2586 4989 2770 5058 φησὶν,
2800 4989 3267 5062 ὲπιϐουλευόμενοί
3295 5008 3354 5044 τε
3378 4992 3469 5045 καὶ⁵
3493 4992 3683 5046 διωκό-

437 5066 602 5122 nibus
649 5065 900 5137 appetiti,
932 5071 1146 5119 manete
1192 5064 1248 5118 in
1285 5078 1407 5119 mea
1440 5063 1568 5129 lide,
1603 5078 1780 5133 neque
1808 5062 2002 5125 averti,

2116 5093 2267 5146 μενοι
2303 5078 2489 5148 μένετε
2527 5080 2585 5133 ὲν
2613 5081 2679 5151 τῇ
2728 5080 2834 5154 ἐμῇ
2869 5084 3049 5136 πίστει
3091 5085 3187 5138 καὶ
3220 5084 3343 5156 μηδ’
3376 5084 3513 5150 ὅλως
3551 5087 3681 5154 ἀφί-

437 5159 702 5215 abducive
732 5174 830 5215 vos
866 5172 1139 5230 quoquam
1171 5157 1353 5212 sinite.
1380 5156 1649 5212 Caeterum
1685 5166 1745 5211 ut
1778 5169 2006 5225 serpens

2115 5168 2337 5221 στασθε’
2358 5170 2450 5221 καὶ
2474 5169 2662 5242 ὥσπερ
2679 5172 2839 5242 ὀόφις
2856 5174 3069 5244 φεύγων
3093 5177 3185 5229 καὶ
3208 5177 3467 5249 κρύπτων
3490 5178 3679 5232 ἑαυτὸν

436 5250 655 5323 fugiens
688 5252 1086 5321 occultansque
1117 5250 1360 5321 seipsum
1390 5250 1571 5305 evadit
1604 5251 1813 5314 salvus,
1851 5250 1924 5302 ita
1954 5257 2007 5302 et

2113 5259 2377 5323 σώζεται,
2408 5258 2550 5312 οὕτω
2582 5261 2677 5314 καὶ
2709 5263 2864 5333 ὑμεῖς
2898 5264 3187 5335 φεύγοντες
3227 5269 3355 5332 τοὺς
3391 5267 3679 5341 μέλλοντας

434 5357 535 5397 vos
565 5342 611 5397 si
645 5341 769 5413 fuga
800 5342 1105 5398 vitaveritis
1127 5355 1222 5397 eos
1245 5341 1338 5411 qui
1368 5341 1618 5398 cruentis
1645 5341 1843 5395 armati
1867 5340 2006 5394 odiis

1175 5355 1222 5397 η
1245 5341 1338 5411 qui
1368 5341 1618 5398 cruentis
1645 5341 1843 5395 armati
1867 5340 2006 5394 odiis
2109 5350 2350 5422 ἀναιρεῖν
2378 5350 2523 5422 ὑμᾶς
2553 5350 2803 5421 ζήσεσθε.

435 5447 533 5488 vos
572 5431 640 5486 ad
672 5431 876 5487 cedem
904 5439 1180 5503 quarunt,
1208 5432 1428 5487 vivetis.

614 5565 830 5648 Possini
859 5574 970 5622 cat.
1009 5568 1195 5648 p377.
1519 5644 1529 5648 _
1601 5643 1610 5648 _
1797 5645 1808 5648 _

1009 5568 1195 5648 9377.
1519 5644 1529 5648 _
1601 5643 1610 5648 _
1797 5645 1808 5648 _
2182 5578 2260 5648 (ι)
2288 5579 2421 5637 ibid.
2460 5603 2513 5641 n.
2545 5589 2611 5643 εξ

505 5637 582 5726 i3?
615 5636 979 5726 ξεέἳξηὲίὲίηνε
995 5636 1295 5726 βείὲεηδίοηε
1322 5643 1633 5726 τζ·.είξξ’.ίιῑ¹έ;
1676 5661 1756 5705 ιιιο
1784 5645 1859 5726 4η
2186 5636 2261 5726 Z53
2303 5636 2515 5726 Possiiii
2544 5636 2650 5711 EJI-
2683 5670 2736 5725 ρ-
2772 5653 2889 5709 I94-

505 5708 1127 5797 (ghnA'c'ta'cp'n‘cfgg‘t:
1151 5727 1214 5797 ιι,
1239 5726 1312 5772 ιν,
1457 5712 1637 5797 Vigilii
1665 5716 1889 5772 constit.
1911 5716 1997 5771 5‘2.

806 5709 1312 5797 P'IB‘CLEEIEEZJII._IX,
1454 5712 1637 5797 Yigilii
1665 5716 1889 5772 constit.
1911 5716 1997 5771 5‘2.
2302 5725 2434 5782 Ibid.

440 5764 718 5831 es‘quarto
746 5764 881 5819 libro
911 5782 1185 5826 comment.
1204 5764 1320 5832 ’σαεξ
1350 5764 1543 5839 Matth:
