4096 6234
360 331 469 392 τοι)
1492 328 1556 383 IN

1010 448 1166 502 ΚΕΦ.
1198 447 1291 500 IB'.

426 542 577 610 Στίχ.
608 538 672 603 ζ’.
690 568 760 581 -
780 540 989 592 Θυσιῶν
1021 540 1139 609 μὲν,
1165 539 1329 608 φησὶν
1353 538 1451 608 (ί),
1476 540 1536 591 ού
1565 538 1924 609 προσδέομαι,

356 633 582 703 δέχομαι
606 632 663 684 δὲ
693 632 897 694 ταύτας
918 633 984 701 τῇ
1006 633 1107 700 τῆς
1140 630 1410 700 ὑμετέρας
1445 630 1722 693 ἀσθενείας
1738 629 1930 701 γνώμῃ

357 718 830 789 συγκαταϐαίνων,
871 718 1116 772 ἀπαιτῶν
1163 718 1218 769 δὲ
1249 717 1316 770 τά
1361 718 1452 770 δύο
1488 717 1679 781 ταῦτα,
1729 719 1828 788 τήν
1869 734 1928 770 τε

357 811 496 880 πρὸς
524 810 624 879 ἐμὲ
663 808 873 862 εὔνοιαν
908 809 1001 861 καὶ
1032 808 1132 879 τὴν
1181 809 1259 869 εἰς
1310 807 1400 860 τὸν
1435 808 1601 871 πέλας
1630 806 1929 878 φιλανθρω·

358 901 510 955 πίανο
541 900 715 953 ταῦτα
743 900 852 969 γὰρ
897 898 1200 970 νομοθετῶν
1250 899 1440 970 πρῶτα
1480 900 1717 953 τέθεικα’
1777 900 1931 967 Ἀγα-

357 992 580 1058 πήσεις
618 993 835 1059 Κύριον
868 990 975 1044 τὸν
1024 993 1171 1044 θεόν
1222 1008 1337 1045 σου
1386 991 1481 1045 καὶ
1524 991 1628 1044 τὸν
1670 991 1932 1059 πλησίον

357 1102 478 1139 σου
508 1085 588 1149 ὡς
620 1085 687 1137 ἐα
696 1085 851 1137 υτόν.

429 1176 577 1245 Στίχ.
609 1174 703 1228 λδ’.
727 1205 795 1215 -
826 1170 895 1226 Ὦ
917 1216 931 1238 ,
965 1174 1096 1242 φησὶ
1116 1214 1132 1239 ,
1164 1173 1378 1227 πάντων
1414 1173 1710 1245 ἀνθρώπων
1764 1191 1929 1246 πονη-

360 1267 577 1339 ρότατοι
628 1266 722 1318 καὶ
766 1267 904 1318 κατὰ
959 1265 1122 1335 μηδὲν
1170 1268 1233 1335 τῇ
1283 1264 1518 1335 πονηρίᾳ
1561 1263 1669 1317 τῶν
1712 1265 1931 1349 έχιδνῶν

358 1356 750 1425 ἀφεστηκότες⁸
783 1356 842 1407 οὐ
868 1355 1179 1424 θαυμαστὸν
1205 1357 1252 1407 εί
1276 1355 1443 1425 μηδὲν
1471 1354 1767 1423 φθέγγεσθε
1799 1357 1933 1423 ἀγα-

360 1446 475 1509 θὸν,
512 1446 705 1499 ἕπεται
732 1446 840 1515 γὰρ
867 1449 933 1516 τῇ
968 1444 1204 1499 διαθέσει
1241 1446 1341 1514 τῆς
1372 1445 1549 1517 ψυχῆς
1579 1445 1647 1498 τὰ
1692 1449 1927 1518 ῥήματα“

360 1539 500 1591 ἀλλὰ
520 1539 637 1601 πῶς
665 1537 888 1607 εὔφημα
914 1536 1216 1606 φθέγγεσθε
1234 1577 1247 1599 ,
1272 1536 1341 1589 τὰ
1365 1537 1531 1607 χείρω
1560 1538 1930 1608 προῃρημένοι

362 1630 615 1684 καθάπαέ
645 1629 735 1681 καὶ
762 1628 894 1691 ποὺς
927 1628 987 1681 τὸ
1016 1631 1192 1698 χεῖρον
1226 1627 1582 1691 ὲκκλίνοντεςς

1003 1718 1156 1773 ΚΕΦ.
1202 1717 1279 1770 II"

1620 324 2064 383 EVANGELIUM
2110 324 2461 381 ΜΑΤΤΙΙΛΕΙ.

3481 327 3586 383 710

2640 442 2792 498 CAP.
2836 442 2956 499 XII.

2100 532 2262 586 Vens.
2305 534 2353 586 7.
2387 564 2456 573 ——
2490 533 2810 601 Sacriﬁciis,
2848 536 3045 606 inquit,
3069 552 3178 590 non
3219 534 3457 607 indigeo,
3495 537 3583 590 illa

2031 632 2213 679 tamen
2257 627 2500 696 suscipio
2546 643 2633 681 me
2679 637 2876 683 vestrae
2922 628 3228 683 inﬁrmitati
3281 643 3589 683 accommo-

2029 718 2166 773 dans
2194 732 2208 769 :
2248 725 2304 770 at
2331 716 2438 772 duo
2470 718 2581 772 hac
2615 720 2850 788 postulo,
2878 730 2937 775 ut
2976 737 3061 776 me
3095 736 3281 776 amore
3310 730 3364 775 et
3400 723 3589 792 proxi-

2031 823 2178 861 mum
2241 824 2514 879 quemque
2572 808 2915 865 humanitate
2973 811 3416 881 prosequamini;
3466 829 3589 882 qua:

2029 896 2174 950 enim
2215 898 2419 967 primas
2471 898 2615 953 inter
2650 899 2903 954 mandata
2949 915 3070 955 mea
3118 908 3301 954 tenent
3340 900 3586 973 :Diliges

2030 987 2319 1043 Dominum
2363 988 2523 1044 Deum
2565 982 2732 1058 tuum,
2774 1002 2823 1046 et
2846 994 3140 1062 proximum
3182 993 3319 1048 sicut
3366 994 3588 1062 teipsum

2035 1076 2268 1149 (Matth.
2293 1094 2429 1145 xm,
2449 1080 2536 1145 57,
2560 1080 2677 1151 59).

2101 1168 2266 1226 Vsns.
2303 1172 2480 1226 34.—
2508 1170 2574 1240 Ο,
2610 1174 2811 1244 inquit,
2852 1174 3137 1230 hominum
3177 1176 3420 1232 omnium
3468 1193 3591 1234 sce-

2033 1261 2314 1317 lestissimi
2354 1272 2407 1319 et
2446 1265 2655 1319 malitia
2710 1254 2915 1337 viperis
2967 1268 3199 1332 similes,
3235 1284 3346 1323 non
3380 1270 3585 1325 mirum

2033 1354 2078 1408 si
2111 1354 2245 1408 nihil
2281 1355 2411 1410 boni
2464 1355 2789 1426 loquimini;
2828 1359 3011 1414 verbis
3043 1360 3187 1414 enim
3223 1363 3426 1416 mentis
3457 1361 3584 1416 alle-

2031 1453 2152 1501 ctus
2179 1448 2599 1516 exprimuntur:
2633 1460 2684 1505 et
2712 1450 2987 1520 quomodo
3019 1452 3345 1507 benedicere
3360 1455 3590 1523 potestis

2030 1538 2123 1606 qui
2174 1539 2313 1592 nihil
2360 1541 2467 1595 nisi
2526 1541 2798 1597 deteriora
2845 1544 3062 1599 sentitis
3121 1554 3175 1599 et
3210 1544 3278 1598 ad
3316 1545 3588 1600 deteriora

2032 1642 2207 1698 usque
2234 1630 2556 1686 declinatis?

2643 1723 2793 1780 CAP.
2835 1724 2974 1780 XIII.

444 1812 585 1881 Στίχ.
621 1810 714 1878 λγ’.
763 1840 832 1851 -
884 1810 1138 1881 Ἀλεύρου
1188 1810 1263 1879 (2)
1312 1809 1448 1863 σάτα
1494 1809 1620 1879 τρία
1670 1809 1933 1882 Ἕλληνας

2102 1808 2269 1866 Vens.
2303 1811 2392 1867 55.
2424 1843 2494 1851 -
2525 1812 2740 1869 Farina:
2788 1824 2906 1870 sata
2956 1817 3060 1871 tria
3104 1816 3342 1883 ϐτιεεοε,
3370 1820 3591 1879 Iudaeos

366 1902 465 1955 καὶ
498 1900 773 1962 Ἰουδαίους
798 1900 890 1952 καὶ
922 1898 1265 1969 Σαμαρείτας
1288 1898 1563 1968 ὀνομάζει·
1591 1899 1799 1964 τούτοις
1823 1904 1933 1965 τοῖς

361 1992 544 2063 τρισὶν
568 1990 904 2061 ἐμϐληθεῖσα
932 1991 965 2059 ὴ
994 1990 1138 2060 ζύμη
1163 1988 1219 2041 ἓν
1243 1988 1468 2061 φύραμα
1493 1991 1589 2062 τὴν
1612 1992 1771 2061 φύσιν
1800 1995 1934 2047 πάν.

361 2100 475 2136 των
503 2082 819 2153 εἰργάσατο.

1005 2172 1162 2223 ΚΕΦ.
1204 2172 1299 2224 ΙΔ’.

438 2264 586 2333 Στίχ.
622 2270 689 2317 α’.
708 2294 777 2304 -
794 2262 1021 2334 Ἔτερός
1043 2265 1120 2332 (3)
1155 2264 1301 2316 ἐστιν
1326 2265 1566 2339 Ἡρώδης
1590 2269 1619 2320 6
1652 2268 1933 2338 βασιλεὺς,

360 2356 462 2409 καὶ
503 2357 688 2424 ἔτερος
718 2357 747 2407 6
774 2355 1078 2425 τετράρχης
1108 2357 1136 2406 ὁ
1165 2355 1276 2418 υἱὸς
1309 2357 1497 2411 αὑτοῦ.
1530 2358 1686 2411 Μετὰ
1709 2359 1817 2430 γάρ
1844 2361 1935 2413 τὸν

360 2446 460 2500 τοῦ
485 2446 747 2516 βασιλέως
781 2443 1015 2515 Ἡρώδου
1047 2443 1275 2498 θάνατον
1295 2448 1373 2509 είς
1399 2450 1725 2520 τετραρχίας
1745 2451 1935 2504 διεῖλον

358 2540 416 2591 οε
460 2539 717 2608 Ῥωμαῖοι
753 2539 849 2606 τὴν
884 2536 1160 2606 βασιλείαν
1194 2538 1357 2590 αὑτοῦ
1383 2582 1397 2604 ,
1442 2543 1470 2593 6
1503 2541 1559 2594 δὲ
1591 2541 1777 2595 τούτου
1820 2543 1937 2607 υίὸς

363 2630 426 2683 ἓν
460 2630 624 2701 μέρος
669 2629 767 2700 τῆς
798 2626 1124 2698 τετραρχίας
1170 2623 1348 2698 εἶχεν·
1391 2625 1544 2695 οὗτος
1583 2631 1638 2684 δε
1676 2627 1743 2704 ἦν
1775 2634 1804 2686 ὁ
1846 2632 1937 2685 τὸν

366 2722 680 2792 Πρόδρομον
709 2721 1094 2791 καρατομήσας
1117 2760 1132 2784 ,
1169 2720 1261 2772 καὶ
1304 2720 1391 2774 διὰ
1433 2720 1596 2775 τοῦτο
1623 2722 1778 2788 δίκας
1806 2723 1938 2777 ἔδω·

358 2831 463 2868 κεν
484 2813 582 2866 οὐκ
605 2814 684 2875 είς
722 2811 960 2883 μακράν.

441 2904 586 2974 Στίχ.
621 2903 718 2960 κε’.
744 2932 816 2942 --
845 2904 1122 2974 Τετάρτην
1148 2909 1163 2969 (
1180 2905 1224 2967 ι)
1265 2903 1411 2972 λέγει
1451 2902 1690 2976 φυλακὴν
1718 2904 1815 2975 τῆς
1842 2923 1937 2960 νυ-

358 2998 495 3061 -κτὸς
529 2997 626 3068 τὴν
659 2997 918 3067 τριωρίαν
948 2996 1044 3068 τὴν
1082 2988 1220 3049 ιιετά
1269 2997 1368 3068 τὴν
1417 2997 1611 3068 ἐνάτην
1647 2997 1796 3069 ὥραν
1841 3000 1938 3071 τῆς

364 3088 580 3151 νυκτός.

1017 3181 1173 3234 ΚΕΦ.
1210 3179 1310 3235 ῙΕ’.

439 3272 587 3341 Στίχ.
614 3277 703 3339 ιγ’.
724 3271 1096 3341 -Μανιχαῖοι
1125 3271 1182 3325 δὲ
1214 3270 1523 3341 βουλόμενοι
1550 3269 1818 3325 δεικνύναι
1850 3271 1941 3326 τὸν

362 3363 534 3433 νόμον
568 3362 667 3414 οὐκ
724 3356 861 3413 εἶναι
909 3361 1003 3413 τοῦ
1055 3361 1264 3430 Πατρὸς
1308 3361 1400 3413 τοῦ
1449 3359 1722 3432 Χριστοῦ,
1771 3360 1941 3431 ταύτῃ

358 3455 662 3525 κέχρηνται
701 3456 764 3524 τῇ
807 3452 1102 3524 μαρτυρίᾳ,
1138 3454 1383 3505 πλεῖστον
1405 3453 1527 3505 ὅσον
1550 3453 1649 3522 τῆς
1684 3451 1942 3522 ἀληθείας

361 3547 770 3615 ἀποσφαλέντες
797 3563 810 3577 ·
846 3547 906 3598 οὐ
950 3545 1056 3616 γὰρ
1106 3547 1233 3617 περὶ
1282 3546 1380 3614 τῆς
1417 3544 1558 3597 κατὰ
1595 3544 1756 3613 νόμον
1794 3543 1940 3612 λέγει

360 3641 671 3710 διαγωγῆς,
721 3639 857 3693 ἀλλὰ
914 3638 1012 3707 τῆς
1059 3637 1166 3690 τῶν
1204 3636 1511 3706 Φαρισαίων
1556 3636 1850 3707 αἱρέσεως,
1891 3634 1939 3687 οἳ

362 3733 488 3793 ταῖς
527 3731 753 3792 οἰκείαις
783 3730 1043 3792 ἐπινοίαις
1076 3730 1301 3781 πλεῖστα
1348 3726 1562 3780 ἐναντία
1592 3728 1718 3790 τοὺς
1756 3724 1940 3779 πειθο-

366 3823 564 3893 μένους
592 3824 773 3885 αύτοίς
796 3821 1160 3885 ἐξεπαίδευον,
1188 3819 1367 3883 καθὼς
1395 3820 1488 3873 καλ⁸
1509 3819 1667 3880 αὐτὸς
1695 3822 1723 3872 ὁ
1740 3818 1941 3890 Κύριος

364 3914 627 3985 ἀνωτέρω
648 3913 891 3981 φαίνεται
922 3913 1105 3981 σαφῶς
1131 3912 1368 3982 ἐλέγχων
1398 3909 1614 3974 αὐτούς.

442 4005 590 4073 Στίχ.
621 4003 714 4056 λδ’.
747 4033 817 4041 -
844 4002 1008 4056 Οὔπω
1036 4003 1134 4073 τὴν
1156 4000 1673 4073 βούλησιν⁶συνῆκαν
1692 4041 1706 4064 ,
1734 4001 1815 4054 ὃτι
1840 4000 1940 4072 τὴν

368 4097 464 4147 ἐπὶ
494 4099 612 4158 ταῖς
641 4096 868 4163 τροφαῖς
897 4089 1050 4156 αὖθις
1083 4091 1527 4163 θαυματουργίαν
1556 4091 1696 4163 ὑπὲρ
1728 4091 1826 4161 τῆς
1852 4092 1941 4144 πί-

369 4203 545 4248 στεως
582 4186 612 4237 6
642 4187 844 4256 Κύριος
888 4184 1137 4237 ἐϐούλετο
1163 4184 1557 4256 παρασχέσθαι,
1585 4184 1761 4237 καίτοι
1788 4185 1821 4255 ή
1854 4187 1943 4237 ὲπ-

369 4278 643 4350 ερὼτησις
675 4279 754 4340 είς
787 4277 943 4330 τοῦτο
974 4278 1107 4330 αὐτὸ
1138 4277 1487 4347 διανίστησιν,
1518 4276 1593 4339 ὡς
1623 4278 1652 4329 6
1695 4276 1942 4344 Ἰωάννης

367 4370 614 4423 διδάσκει
640 4368 720 4438 τῷ
742 4384 757 4399 ο
797 4369 988 4424 Πόθεν
1013 4367 1397 4439 ἀγοράσωμεν
1425 4366 1668 4437 ἄρτους,
1700 4368 1800 4421 ἵνα
1827 4366 1940 4437 φά-

370 4475 561 4533 rwmr
582 4457 784 4525 οὖτοι;

453 4551 735 4606 Ἐϐούλετο
771 4550 879 4623 γὰρ
916 4549 1375 4621 διαγυμνάζεσθαι
1408 4548 1503 4619 τὴν
1540 4548 1645 4600 τῶν
1682 4547 1936 4619 μαθητῶν

369 4645 548 4717 ψυχὴν
591 4648 670 4709 είς
699 4645 761 4697 τὸ
798 4643 1070 4697 πιστεύειν
1112 4646 1177 4714 τῇ
1214 4642 1334 4713 θείᾳ
1364 4640 1527 4694 αὐτοῦ
1570 4640 1826 4708 δυνάμει,
1856 4638 1935 4690 ὄτι

375 4740 454 4810 μὴ
481 4738 662 4805 λόγοις
693 4735 873 4808 μόνον,
897 4734 1031 4789 ἀλλὰ
1054 4737 1148 4789 καὶ
1167 4734 1348 4806 ἔργοις
1372 4734 1497 4796 τοὺς
1520 4728 1939 4791 ἀκολουθοῦντας

372 4831 680 4885 ἐπαίδευεν.

445 4924 558 4977 Οὐκ
590 4919 905 4990 ἀγνοοῦντος
929 4920 962 4989 ἡ
992 4916 1280 4987 ἐρώτησις,
1307 4916 1419 4969 ἀλλ’
1453 4914 1545 4968 ἐπὶ
1571 4913 1669 4985 τὴν
1690 4911 1939 4982 αἴσθησιν

372 5016 475 5086 τῆς
506 5014 698 5067 ἑαυτοῦ
719 5012 999 5081 δυνάμεως
1031 5010 1333 5077 ἐνάγοντος.

2033 1909 2087 1956 et
2129 1903 2507 1959 Samaritanos
2553 1916 2730 1959 vocat.
2768 1905 2864 1962 His
2908 1909 3053 1962 enim
3099 1911 3275 1966 tribus
3327 1913 3587 1984 injectum

2036 1991 2365 2046 fermentum
2392 1995 2721 2065 evangelica:
2746 1996 3009 2053 doctrinae
3038 2015 3200 2055 unam
3233 2018 3297 2057 ex
3333 2007 3590 2062 omnibus

2036 2094 2273 2136 massam
2309 2082 2680 2138 commiscuit.

2644 2171 2797 2227 CAP.
2840 2173 2956 2229 XIV

2105 2257 2268 2315 Vens.
2308 2260 2616 2317 I.—Alius
2670 2271 2754 2318 est
2793 2263 3038 2321 Herodes
3072 2283 3186 2332 rex,
3224 2269 3367 2326 alius
3395 2279 3594 2329 tetrar-

2036 2351 2139 2406 cha
2173 2353 2316 2408 ﬁlius
2356 2354 2497 2423 ejus.
2550 2354 2760 2410 Etenim
2791 2370 2911 2427 post
2942 2361 3146 2415 obitum
3181 2364 3326 2433 regis
3358 2363 3593 2423 Herodis

2038 2441 2090 2495 in
2149 2446 2477 2501 tetrarchias
2524 2447 2827 2503 diviserunt
2874 2449 3105 2506 Romani
3157 2469 3384 2525 regnum
3445 2457 3589 2528 ejus.

2036 2532 2239 2589 Harum
2277 2552 2436 2591 unam
2478 2537 2620 2595 ﬁlius
2650 2540 2772 2609 ejus
2807 2543 3064 2609 obtinuit,
3092 2545 3179 2599 hic
3211 2548 3305 2615 qui
3338 2546 3592 2603 Praecur-

2036 2639 2214 2680 sorem
2270 2627 2581 2685 decollavit.
2606 2630 2780 2702 Cujus
2816 2635 3040 2690 sceleris
3094 2650 3285 2705 poenas
3337 2653 3447 2693 non
3494 2639 3592 2695 diu

2037 2726 2161 2787 post
2188 2718 2354 2774 dedit.

2109 2892 2278 2950 Vsns.
2296 2894 2387 2950 25.
2407 2928 2478 2938 -—
2494 2896 2755 2963 Quartam
2786 2910 2945 2957 vocat
2970 2905 3147 2959 noctis
3170 2904 3403 2976 vigiliam
3429 2908 3592 2964 trium

2039 2983 2296 3040 horarum
2339 2988 2575 3056 spatium
2624 3005 2743 3060 quae
2786 2999 2910 3061 post
2956 3007 3155 3047 nonam
3191 2996 3371 3050 noctis
3406 2996 3595 3053 horam

2041 3077 2488 3133 numerabantur.

2661 3172 2815 3226 CAP.
2856 3171 2970 3229 XV.

2116 3257 2276 3315 VEBS.
2316 3259 2401 3315 15.
2428 3289 2500 3300 -
2521 3260 2632 3316 Hoc
2668 3262 2889 3332 quidem
2922 3264 3295 3320 testimonium
3329 3278 3596 3340 usurpant

2040 3348 2322 3405 Manichaai
2374 3362 2431 3404 nt
2481 3354 2710 3421 probent
2756 3353 2926 3425 legem
2968 3371 3077 3409 non
3117 3357 3286 3412 fuisse
3328 3373 3357 3411 a
3392 3360 3598 3416 Christi

2039 3439 2201 3496 Patre
2252 3445 2633 3508 constitutam,
2663 3445 2755 3499 sed
2816 3461 2979 3515 quam
3030 3447 3346 3518 longissime
3386 3466 3415 3503 a
3451 3452 3594 3506 veri-

2041 3540 2153 3587 tate
2197 3532 2475 3588 aberrant.
2515 3533 2613 3589 Hic
2644 3537 2787 3590 enim
2822 3552 2929 3590 non
2964 3538 3144 3607 agitur
3178 3540 3246 3595 de
3285 3540 3416 3608 legis
3460 3557 3599 3611 pra:-

2041 3626 2233 3695 ceptis,
2268 3627 2361 3681 sed
2397 3630 2461 3683 de
2487 3626 2884 3683 Pharisaeorum
2930 3630 3215 3698 doctrinis,
3246 3632 3360 3701 qui,
3389 3634 3600 3702 opinio-

2040 3719 2202 3774 nibus
2241 3722 2357 3775 suis
2388 3719 2751 3790 indulgentes,
2787 3724 3011 3777 asseclis
3044 3724 3159 3779 suis
3186 3724 3529 3795 disciplinam
3565 3742 3598 3782 a

2041 3810 2157 3881 lege
2181 3812 2635 3881 quamplurimum
2672 3813 3084 3868 dissentientem
3110 3816 3481 3885 inculcabant,
3513 3819 3594 3873 uti

2039 3903 2123 3957 vel
2154 3902 2268 3971 ipse
2294 3899 2543 3954 Salvator
2561 3902 2693 3956 illud
2710 3904 2790 3958 eis
2824 3918 2988 3972 supra
3011 3917 3196 3974 aperte
3221 3909 3595 3977 exprobravit.

2112 3992 2280 4048 Vsns.
2311 3994 2398 4048 54.
2418 4023 2489 4033 —-
2513 3993 2763 4049 Nondum
2805 3997 3185 4053 intellexerant
3207 3998 3493 4056 Dominum
3530 4005 3596 4060 ad

2041 4085 2465 4138 conﬁrmandam
2519 4084 2677 4140 tidem
2727 4087 3017 4142 consilium
3048 4090 3259 4159 cepisse
3291 4092 3445 4148 cibos
3476 4110 3600 4148 rur-

2042 4191 2139 4231 sns
2168 4176 2305 4229 mira
2336 4177 2550 4231 ratione
2581 4179 3002 4248 multiplicandi,
3032 4181 3156 4236 licet
3186 4182 3239 4237 id
3270 4184 3447 4253 ipsum
3484 4186 3597 4241 haec

2042 4267 2396 4337 interrogatio
2448 4270 2790 4337 intenderet;
2826 4271 2989 4326 sicuti
3028 4275 3187 4327 docet
3239 4275 3376 4330 illud
3427 4275 3597 4333 Joan-

2042 4361 2129 4415 nis
2153 4379 2165 4415 :
2194 4358 2340 4415 Unde
2364 4378 2591 4415 amemus
2623 4377 2781 4430 panes
2802 4374 2857 4416 ut
2886 4364 3199 4419 manducent
3226 4366 3320 4421 Iu'?

2112 4537 2377 4607 Cupiebat
2411 4539 2556 4592 enim
2606 4538 2681 4593 ita
2712 4537 2949 4592 animam
2996 4539 3390 4610 discipulorum
3443 4544 3601 4599 insti-

2041 4635 2195 4683 tuere
2222 4639 2278 4681 ut
2308 4627 2419 4698 jam
2461 4646 2569 4684 non
2602 4630 2668 4685 de
2716 4630 2901 4684 divina
2932 4631 3106 4699 ipsius
3148 4633 3350 4688 virtute
3387 4634 3603 4690 dubita-

2040 4729 2184 4785 rent,
2220 4722 2448 4790 ideoque
2476 4722 2763 4777 erudiebat
2801 4737 2896 4777 eos
2927 4737 3036 4777 non
3091 4728 3443 4783 sermonibus
3482 4738 3603 4783 tan-

2041 4821 2184 4876 tum,
2210 4812 2304 4866 sed
2335 4812 2615 4882 aperibus.

2115 4902 2423 4973 lnterrogat
2456 4920 2560 4957 non
2588 4906 2744 4974 quasi
2775 4906 3006 4977 ignoret,
3039 4909 3131 4966 sed
3164 4918 3223 4964 ut
3263 4910 3467 4965 clarius
3492 4910 3603 4962 vir-

2039 5002 2213 5049 tutem
2257 5010 2410 5051 suam
2446 4997 2807 5052 demonstret.

1827 5113 1979 5170 CAP.
2019 5109 2155 5166 XVI.

448 5221 610 5276 Vens.
645 5222 699 5275 ’5.
732 5249 803 5258 -
835 5218 1097 5273 Dominus
1149 5218 1291 5273 enim
1332 5214 1582 5269 Christus
1612 5210 1688 5282 (5)
1709 5216 1826 5265 erat
1864 5207 2084 5280 quidem
2136 5215 2191 5261 et
2227 5204 2368 5260 Deus
2399 5214 2452 5259 et
2488 5205 2667 5269 homo,
2703 5214 2993 5277 utrumque
3022 5207 3321 5262 secundum
3355 5215 3604 5263 naturam

377 5317 663 5371 similiter:
682 5330 749 5370 ex
774 5313 946 5367 altero
968 5311 1188 5382 quidem
1212 5320 1503 5377 apparens,
1527 5318 1591 5357 ex
1615 5301 1787 5355 altero
1807 5313 1936 5354 vero
1961 5302 2150 5367 utpote
2171 5294 2469 5351 secundum
2494 5304 2744 5348 naturam
2766 5293 3025 5352 divinam.
3051 5294 3342 5350 invisibilis
3359 5306 3603 5350 exstans.
3648 5304 3651 5305 '

378 5410 508 5465 Erat
538 5423 721 5466 autem
754 5423 923 5463 unum
956 5406 1178 5478 quidem
1230 5401 1489 5458 omnibus
1545 5394 1899 5453 manifestum
1951 5397 2140 5462 utpote
2186 5389 2332 5459 quod
2379 5387 2717 5457 apparebat:
2772 5386 3043 5440 hominem
3073 5388 3218 5439 enim
3253 5400 3376 5441 eum
3417 5401 3603 5441 omnes

449 5618 527 5689 (Ι)
568 5615 781 5689 Possini
802 5623 912 5671 cat.
949 5612 1152 5685 p.202.

448 5688 527 5757 (τι)
565 5688 701 5742 lbid.
872 5712 877 5717 -

450 5759 525 5828 (δ)
568 5756 699 5813 Ibid.

2110 5593 2185 5665 (4)
2208 5591 2285 5665 Ex
2301 5594 2497 5665 Catena
2511 5590 2846 5665 Crameritut
2864 5587 3139 5665 sequentia
3158 5588 3269 5665 duo_
3281 5584 3604 5659 fragmenta.

2208 5663 2522 5739 Facundi.
2563 5663 2599 5714 Ι.
2630 5676 2729 5739 _!x,
2864 5659 3087 5739 Viti?!“
3123 5660 3225 5739 !'°c
3248 5661 3607 5728 "agmemum

2041 5729 2180 5791 ex'l.
2201 5735 2435 5806 quodam
2458 5732 2732 5798 Theodori
2771 5729 3077 5802 dogmatico
3107 5729 3508 5801 depromptum.
