4096 6234
459 300 557 356 7h
1650 297 2000 357 THEODORI
2034 294 2509 355 MOPSUESTENI
3598 291 3707 345 719.

460 453 592 499 tunc
638 444 902 515 temporis
948 442 1294 501 aestimabant
1336 455 1490 505 esse,
1529 447 1585 495 et
1635 439 1871 510 amplius
1915 439 2073 494 nihil.
2106 439 2261 505 Quod
2294 440 2439 494 enim
2474 454 2528 491 tn
2562 434 2654 489 illo
2685 435 2908 499 latebat,
2952 434 3207 488 omnibus
3235 438 3355 486 erat
3384 428 3709 485 incredibile

463 540 649 612 priore
681 547 926 610 tempore
956 558 971 596 :
1008 539 1102 596 sed
1137 553 1204 593 ex
1234 535 1620 607 magnitudine
1642 550 1837 591 eorum
1868 551 1989 606 qua:
2014 535 2162 591 circa
2190 536 2340 590 illum
2398 536 2720 605 agebantur.
2751 541 2805 586 et
2834 531 3072 587 novitate
3104 528 3517 588 miraculorum,
3553 538 3706 593 qua:-

460 649 679 705 cunque
703 634 771 689 ad
797 632 1107 689 doctrinam
1133 632 1439 687 videntium
1470 630 1781 696 efficiebat,
1816 641 1872 686 et
1906 647 1971 687 ex
2018 632 2192 704 gratia
2229 632 2404 686 sancti
2440 628 2678 701 Spiritus
2709 631 2801 699 qui
2832 643 2999 698 super
3028 627 3308 696 apostolos
3332 623 3506 684 venit,
3544 620 3706 674 intelo

463 731 640 786 lectus
665 737 752 785 est
780 738 970 800 postea
1000 736 1055 783 et
1084 727 1329 783 creditus
1354 742 1520 782 verus
1557 724 1722 790 Deus,
1756 727 2127 783 essentialiter
2152 737 2377 782 exstans
2409 724 2580 781 Filius
2612 742 2775 780 verus
2806 722 2903 778 Dei
2940 720 3153 777 aiterni.
3185 716 3454 785 Quoniam
3488 728 3619 768 vero
3648 713 3707 765 in

466 824 649 896 priore
695 831 940 893 tempore
989 819 1347 892 ignorabatur
1387 819 1491 873 hoc
1526 818 1828 874 secundum
1862 819 2157 873 essentiam
2190 829 2426 878 exstare,
2475 832 2541 871 ex
2588 833 2655 870 eo
2680 825 2861 869 autem
2897 812 3043 884 quod
3076 810 3367 881 apparebat
3397 801 3707 857 videntibus

464 916 628 970 homo
662 929 834 983 purus
867 914 1183 985 putabatur,
1218 910 1518 966 secundum
1554 910 1830 965 hominem
1857 913 2138 981 pleraque,
2170 918 2225 964 et
2255 909 2558 965 secundum
2609 924 2729 963 eam
2764 923 2886 978 qua:
2914 906 3210 977 apparebat
3232 911 3483 955 naturam
3514 897 3708 965 loque-

466 1008 648 1063 batur.
684 1005 747 1058 Et
779 1006 894 1060 inec
924 1022 989 1061 ex
1020 1006 1104 1062 bis
1135 1023 1259 1077 quae
1291 1009 1346 1063 in
1372 1008 1666 1079 Evangelia
1700 1008 1906 1078 scripta
1938 1020 2060 1063 sunt
2090 1006 2269 1077 quivis
2301 1006 2539 1061 inveniet
2577 1004 3019 1059 anitnadvertens
3048 1001 3328 1055 attentius.

537 1103 825 1158 Proximus
858 1102 933 1173 (l)
963 1103 1125 1158 etiam
1160 1104 1403 1173 passioni
1427 1104 1495 1159 ad
1517 1104 1819 1173 discipulos
1846 1103 2111 1157 Dominus
2132 1102 2304 1156 dixit:
2332 1099 2392 1155 Si
2420 1116 2501 1155 me
2526 1100 2750 1165 sciretis,
2783 1099 2959 1168 utique
2986 1106 3034 1150 et
3068 1094 3279 1148 Patrent
3308 1106 3478 1144 meum
3502 1086 3707 1142 sciretis

467 1196 649 1268 (Joon.
678 1212 795 1260 vm,
824 1195 910 1269 i9)
929 1216 943 1265 ;
963 1207 1017 1253 et
1043 1199 1110 1253 ad
1139 1195 1447 1266 Philippum
1482 1214 1496 1251 :
1529 1195 1699 1250 Tanto
1727 1203 1956 1263 tempore
1985 1194 2251 1248 vobiscum
2277 1209 2416 1256 sum,
2442 1200 2492 1246 et
2525 1207 2628 1245 non
2659 1189 2968 1260 cognovistis
2991 1189 3112 1242 me?
3134 1184 3316 1255 (Joan.
3345 1199 3452 1244 xlv,
3471 1180 3550 1251 9.)
3578 1178 3705 1231 Plii-

467 1291 620 1361 lippe,
647 1292 739 1363 qui
762 1292 897 1347 videt
922 1310 1026 1357 me,
1049 1292 1184 1346 videt
1206 1302 1254 1347 et
1280 1291 1499 1347 Patrem
1530 1308 1731 1355 meum;
1755 1291 2051 1347 ostendens
2076 1289 2345 1361 quoniam
2367 1305 2544 1357 neque
2568 1289 2806 1343 divinam
2842 1296 3094 1343 naturain
3129 1284 3373 1340 sciebant
3406 1277 3706 1349 Unigeuiti,

467 1402 642 1457 neque
696 1386 864 1442 Deum
923 1390 1174 1445 sciebant
1225 1404 1414 1443 verum
1450 1386 1689 1443 Patrem.
1728 1386 1881 1442 Unde
1926 1403 2105 1457 neque
2156 1388 2426 1442 dicentem
2455 1386 2522 1439 de
2555 1385 2775 1456 proprio
2808 1383 2964 1438 Patre
2994 1381 3160 1435 veluti
3190 1376 3257 1430 de
3290 1374 3397 1428 Deo
3436 1373 3705 1426 dicentem

466 1476 815 1547 aliquatenus
850 1481 1207 1538 advertebant
1243 1504 1256 1539 :
1291 1483 1388 1539 seti
1423 1484 1599 1539 divisa
1632 1484 1993 1554 intelligentia
2021 1484 2209 1550 eadem
2242 1484 2361 1553 ipsa
2402 1482 2666 1553 putabant
2696 1482 2859 1536 etiam
2908 1481 3021 1534 illa.
3065 1477 3204 1532 llinc
3236 1475 3400 1531 etiam
3433 1471 3707 1526 adductus

464 1577 548 1623 est
578 1569 863 1644 Philippus
890 1574 959 1629 ad
991 1574 1281 1631 dicendum
1312 1594 1325 1629 :
1364 1575 1593 1631 Ostende
1619 1576 1768 1631 nobis
1803 1558 2042 1640 P’atrem,
2073 1584 2123 1630 et
2156 1576 2347 1646 stt/ﬁcit
2379 1570 2526 1628 nobis
2558 1574 2739 1644 (Joan.
2772 1589 2881 1635 xiv,
2911 1571 2985 1641 8).
3021 1570 3077 1625 Si
3107 1570 3253 1623 enim
3282 1566 3449 1621 sciret
3476 1564 3707 1630 integre,

466 1661 594 1731 quia
626 1661 842 1721 Patrem
878 1683 1038 1722 suum
1070 1668 1285 1725 dicebat
1314 1686 1471 1736 eum,
1501 1671 1595 1741 qui
1627 1685 1686 1725 re
1716 1684 1845 1725 vera
1877 1670 1999 1740 ejus
2029 1679 2175 1725 esset
2204 1680 2382 1741 pater,
2413 1686 2481 1725 ex
2512 1686 2621 1741 quo
2653 1676 2771 1724 erat
2803 1684 2927 1722 vere
2956 1668 3097 1722 sicut
3126 1665 3269 1719 Deus
3299 1678 3364 1716 ex
3395 1660 3525 1722 Deo,
3558 1674 3707 1710 nun-

465 1776 631 1829 quam
683 1761 914 1818 dixisset
937 1802 954 1827 ,
1001 1768 1214 1821 ostende
1259 1767 1408 1822 nobis
1460 1767 1676 1824 Patrem
1715 1775 1899 1830 tuum,
1934 1769 2073 1824 bene
2120 1769 2302 1823 sciens
2335 1768 2463 1837 quia
2496 1768 2789 1823 invisibilis
2815 1777 2898 1820 est
2927 1760 3238 1818 hominibus
3268 1754 3453 1809 divina
3489 1760 3707 1806 natura.

464 1849 880 1920 Cousequeuter
904 1854 1088 1925 itaque
1114 1866 1168 1913 et
1199 1856 1465 1913 Dominus
1494 1858 1633 1914 dixit
1661 1860 1729 1914 ad
1761 1860 1950 1916 illum:
1979 1859 2147 1915 Tanto
2178 1869 2403 1928 tempore
2428 1858 2697 1913 vobiscum
2729 1873 2866 1923 sum,
2891 1865 2939 1908 ct
2965 1869 3066 1907 non
3098 1845 3411 1919 cognovistis
3438 1859 3541 1904 me,
3579 1840 3710 1894 Plii-

468 1944 645 2010 tippe?
676 1943 840 2014 (Ibid.
874 1947 951 2017 9.)
994 1947 1144 2006 Velle
1169 1952 1314 2006 enim
1348 1950 1566 2009 Patrem
1593 1953 1799 2020 videre,
1830 1953 2093 2009 indicium
2124 1962 2244 2009 erat
2283 1968 2350 2009 eo
2393 1954 2542 2024 quod
2572 1969 2750 2023 neque
2785 1953 2963 2023 ipsqu
2995 1949 3159 2003 sciret
3190 1945 3315 2014 quis
3335 1952 3481 1997 esset
3512 1953 3715 1993 secun-

467 2039 597 2093 dum
634 2051 925 2108 naturam,
962 2060 1141 2116 neque
1181 2063 1347 2117 quem
1377 2047 1586 2104 diceret
1628 2047 1843 2104 Patrem
1868 2064 2023 2116 esse,
2054 2049 2226 2105 Filius
2254 2065 2320 2105 ex
2364 2064 2431 2104 eo
2459 2057 2703 2104 exstans.
2737 2046 2801 2101 Et
2828 2047 3079 2117 aperiens
3112 2041 3217 2094 hoc
3246 2038 3425 2107 ipsum
3452 2032 3659 2087 addidit
3698 2047 3713 2084 :

470 2134 575 2201 Qui
604 2136 741 2191 videt
777 2153 878 2200 me,
907 2137 1044 2192 videt
1067 2151 1113 2192 et
1147 2139 1386 2197 Patrem.
1422 2143 1481 2197 Si
1506 2143 1651 2198 enim
1688 2145 2039 2215 cognoveris,
2071 2144 2271 2212 inquit,
2304 2143 2431 2214 quis
2458 2143 2584 2207 sim,
2614 2156 2917 2212 cognosces
2948 2146 3002 2193 et
3033 2135 3203 2197 illum,
3237 2129 3535 2185 secundum
3569 2124 3715 2193 quod

468 2226 731 2296 possibile
760 2236 865 2291 est,
901 2244 997 2297 per
1021 2243 1108 2283 me
1129 2234 1513 2303 contemplans
1535 2230 1717 2288 Patris
1743 2242 2022 2301 naturam,
2047 2235 2205 2302 cuius
2232 2250 2351 2290 sum
2384 2232 2556 2288 Filius
2584 2249 2648 2286 ex
2677 2234 2794 2302 ipso
2817 2238 3043 2287 exstaus
3067 2226 3365 2283 secundum
3396 2221 3715 2280 essentiam,

467 2333 523 2376 et
556 2323 804 2393 ejusdem
834 2340 960 2379 cum
989 2326 1083 2381 illo
1121 2336 1349 2382 exstans
1390 2327 1664 2382 essentne.
1698 2326 1967 2393 Quoniam
2014 2343 2147 2382 vero
2177 2327 2359 2382 nescis
2387 2341 2496 2389 tne,
2526 2340 2702 2396 neque
2734 2323 2953 2378 Patrem
2998 2337 3175 2376 meum
3211 2318 3320 2373 scis
3351 2329 3514 2385 quem
3546 2311 3672 2365 dico
3703 2328 3715 2363 :

467 2427 810 2483 cognoscens
839 2423 1021 2469 autem
1052 2431 1159 2482 me,
1196 2432 1498 2486 cognosces
1531 2427 1585 2473 et
1610 2417 1825 2473 Patrem
1851 2433 2014 2488 quem
2048 2418 2162 2472 dixi
2195 2433 2211 2470 :
2243 2433 2330 2473 me
2353 2416 2545 2473 videns
2578 2415 3041 2485 contemplatione
3074 2408 3469 2481 intelligentia,
3509 2422 3602 2474 per
3633 2421 3717 2458 me

467 2507 681 2563 videbis
721 2509 946 2563 omnino
972 2510 1137 2563 etiam
1169 2510 1343 2563 illum.
1372 2510 1598 2564 Addidit
1629 2511 1794 2564 etiam
1826 2530 1839 2565 :
1889 2509 2061 2580 Usque
2103 2525 2239 2563 nunc
2289 2510 2421 2563 nihil
2458 2509 2660 2579 petistis
2690 2510 2742 2561 in
2780 2508 2986 2560 nomine
3013 2521 3123 2558 meo
3153 2501 3333 2572 (Joan.
3358 2512 3469 2560 xvi,
3506 2496 3619 2565 2t).
3655 2495 3717 2547 Et

468 2601 721 2669 aperiens
768 2601 1029 2670 quoniam
1079 2601 1314 2655 necdum
1361 2600 1600 2655 divinam
1635 2610 1889 2656 naturam
1917 2602 2037 2671 ejus
2092 2601 2494 2672 intelligentes,
2528 2617 2708 2671 neque
2747 2600 3029 2654 orationes
3072 2600 3121 2651 ei
3165 2595 3467 2649 elici—ebant
3510 2598 3569 2643 ut

470 2706 650 2762 neque
676 2693 969 2761 petitiones
997 2692 1209 2761 aliquas
1236 2692 1290 2742 in
1323 2689 1442 2757 ejus
1471 2691 1693 2744 nomine
1725 2690 2019 2753 faciebant,
2051 2692 2193 2745 sicut
2222 2692 2508 2761 Oportebat
2543 2693 2722 2747 facere
2758 2693 2812 2744 in
2850 2689 3072 2744 nomine
3097 2686 3191 2741 Dei
3226 2685 3494 2741 exstantis
3519 2692 3571 2738 et
3595 2680 3715 2734 Filii

472 2786 566 2841 Dei
597 2788 841 2841 omnium
871 2807 884 2842 :
920 2796 973 2842 et
1002 2789 1130 2857 quia
1166 2795 1387 2855 propter
1420 2785 1562 2839 hanc
1593 2801 1781 2840 eorum
1830 2786 2198 2840 infirmitatem
2234 2787 2287 2839 in
2335 2787 2789 2843 similitudinibus
2819 2786 2885 2839 de
2913 2784 3072 2838 Patre
3100 2782 3448 2851 loquebatur,
3477 2791 3543 2831 eo
3570 2774 3715 2845 quod

468 2894 651 2951 neque
673 2880 751 2934 illi
785 2889 1082 2949 potuerunt
1112 2882 1321 2953 integre
1347 2884 1491 2937 scire
1521 2897 1583 2938 ea
1606 2898 1727 2952 qua:
1752 2883 2084 2947 dicerentur,
2105 2885 2189 2938 vel
2214 2884 2283 2938 de
2303 2900 2414 2954 quo
2438 2885 2644 2939 diceret
2670 2882 2853 2947 Patre,
2878 2882 2959 2936 vel
2990 2880 3226 2950 qualiter
3251 2885 3518 2939 exstante,
3541 2874 3721 2928 adhuc

467 2975 718 3046 apertius
748 2975 1040 3030 indicatur.
1076 2976 1218 3031 Dixit
1244 2978 1387 3031 enim
1426 2995 1438 3031 :
1476 2976 1604 3031 Ilwc
1632 2979 1684 3030 in
1718 2976 1993 3047 parabolis
2022 2977 2226 3031 locutus
2256 2995 2374 3032 sum
2399 2980 2577 3044 vobis;
2608 2980 2745 3033 venit
2772 2979 2904 3032 liora
2923 3018 2937 3041 ,
2967 2972 3177 3047 quando
3210 2986 3311 3023 non
3331 2969 3451 3037 jam
3480 2970 3534 3020 in
3559 2983 3721 3036 para-

468 3067 613 3125 bolis
638 3068 828 3137 loquar
851 3069 1016 3131 vobis,
1039 3069 1129 3124 sed
1155 3068 1445 3123 manifeste
1469 3070 1532 3123 de
1557 3069 1718 3122 Patre
1741 3067 2069 3122 annuntiabo
2092 3068 2235 3124 vobis
2258 3067 2441 3140 (Joan.
2475 3085 2588 3132 xvi,
2625 3070 2739 3139 25).
2774 3070 2915 3135 Quid
2946 3077 3126 3123 autem
3151 3074 3269 3121 erat
3298 3064 3442 3136 quod
3474 3068 3540 3119 de
3565 3064 3724 3118 Patre

470 3176 580 3215 non
614 3160 904 3217 manifeste
935 3163 1177 3229 dixerat,
1210 3165 1317 3219 nisi
1350 3166 1478 3235 quia
1512 3181 1571 3220 re
1601 3181 1725 3219 vera
1766 3165 2009 3219 divinam
2058 3178 2306 3219 naturam
2341 3165 2621 3236 Unigeniti
2652 3166 2992 3228 nesciebant,
3027 3181 3093 3219 ex
3118 3179 3227 3235 quo
3260 3171 3482 3233 possent
3506 3161 3724 3216 discere

470 3253 642 3309 Deum
666 3253 908 3318 Patrem,
940 3257 1034 3327 qui
1069 3272 1134 3312 ex
1163 3268 1314 3313 certo
1338 3258 1458 3327 ejus
1478 3267 1624 3313 essm
1646 3258 1827 3324 Pater,
1855 3268 1913 3313 ut
1938 3259 2081 3314 Deus
2106 3258 2199 3313 Dei
2226 3275 2288 3314 ex
2318 3275 2383 3313 eo
2405 3259 2516 3314 nati
2541 3258 2841 3315 secundum
2871 3257 3212 3314 essentiam?
3241 3256 3413 3326 Cujus
3442 3255 3517 3308 rei
3550 3255 3724 3325 gratia

470 3362 569 3419 per
627 3349 1019 3407 similitudines
1064 3355 1145 3409 eis
1194 3352 1262 3408 de
1289 3351 1451 3407 Patre
1481 3353 1808 3424 loquebatur
1851 3374 1865 3411 :
1900 3370 2045 3409 nunc
2088 3355 2305 3424 quidem
2356 3356 2578 3410 nomine
2612 3364 2825 3409 tantum
2866 3354 3009 3425 apud
3038 3369 3135 3409 eos
3171 3361 3355 3419 utens,
3387 3351 3507 3420 ejus
3539 3358 3722 3404 autem

468 3459 655 3501 veram
685 3446 1094 3518 intelligentiam
1123 3449 1178 3503 in
1214 3458 1494 3521 posterqu
1525 3449 1635 3504 illis
1660 3464 1952 3505 reservans
1986 3451 2222 3515 edicere,
2258 3448 2479 3519 quando
2504 3464 2600 3505 eos
2624 3449 2795 3521 gratia
2823 3449 3065 3519 Spiritus
3090 3450 3264 3506 sancti
3293 3465 3417 3520 qua:
3442 3464 3608 3519 super
3628 3463 3725 3504 eos

473 3544 641 3606 venit,
696 3544 994 3600 instituens
1033 3546 1421 3617 perceptibiles
1445 3554 1612 3601 tanta:
1640 3547 1907 3602 doctrinae
1924 3548 2229 3617 perliceret.
2255 3544 2485 3617 Propter
2519 3547 2622 3601 hoc
2661 3548 2826 3601 etiam
2859 3546 2976 3616 ipse
3003 3544 3271 3602 Dominus
3306 3547 3360 3601 in
3387 3547 3577 3601 eodem
3607 3548 3727 3614 ipso

471 3651 728 3692 sermone
742 3638 1027 3708 proximus
1050 3638 1318 3709 passioni,
1346 3647 1407 3692 ut
1430 3639 1803 3693 infirmitatem
1820 3654 2009 3693 eorum
2039 3639 2373 3702 ostenderet,
2399 3639 2539 3693 unde
2560 3647 2785 3709 possent
2815 3637 3123 3695 doctrinam
3154 3642 3531 3713 perfectioretn
3567 3657 3726 3697 assu-

471 3747 643 3794 mere,
695 3731 909 3787 dicebat
941 3752 953 3786 :
985 3733 1157 3787 Multa
1202 3734 1366 3789 habeo
1416 3736 1557 3788 vobis
1605 3734 1777 3789 dicere
1822 3733 1989 3806 (Ibid.
2044 3736 2153 3805 12).
2190 3734 2361 3804 Cujus
2406 3750 2541 3806 ergo
2591 3735 2893 3804 rci'gratia
2926 3739 3087 3792 modo
3122 3754 3230 3791 non
3258 3738 3431 3792 dicis?
3460 3736 3586 3807 quia
3618 3753 3724 3790 non

468 3826 704 3895 potestis
734 3827 898 3882 modo
923 3837 1147 3899 portare
1181 3848 1195 3885 :
1234 3846 1343 3886 non
1382 3830 1657 3894 invidens,
1689 3829 1785 3886 sed
1815 3831 1945 3901 quia
1977 3846 2085 3884 non
2119 3830 2369 3885 sollicitis
2400 3830 2464 3884 ad
2499 3828 2758 3894 majorem
2793 3845 2977 3884 rerum
3004 3832 3429 3901 perceptionem,
3459 3829 3727 3884 infirmius

471 3917 655 3972 adhuc
686 3918 888 3983 affecti,
922 3938 1085 3992 quam
1112 3932 1171 3977 ut
1194 3923 1393 3977 horum
1417 3922 1733 3994 dogmatum
1763 3922 2130 3991 integritatem
2156 3922 2395 3992 possetis
2418 3920 2658 3977 edoceri.
2695 3918 2927 3985 Quando
2954 3935 3083 3992 ergo
3114 3928 3390 3992 poterunt,
3426 3920 3510 3975 vel
3540 3920 3729 3978 unde?

467 4013 705 4081 Quando
745 4017 955 4072 venerit
989 4020 1079 4073 ille
1109 4018 1353 4090 Spiritus
1397 4020 1684 4083 veritatis,
1726 4019 1951 4074 inducet
1988 4034 2085 4073 vos
2136 4019 2190 4072 in
2239 4033 2454 4071 omnem
2499 4017 2806 4070 veritatem.
2853 4014 3215 4086 Superveniet
3254 4016 3602 4082 enimsuper
3629 4026 3729 4065 vos

470 4106 714 4179 Spiritus
738 4111 913 4166 sancti
933 4112 1128 4181 gratia,
1154 4128 1219 4167 ex
1242 4128 1348 4183 qua
1378 4122 1576 4167 cuncta
1599 4113 1913 4184 dogmatum
1947 4114 2305 4168 subtilitatem
2339 4112 2706 4181 cognoscetis.
2732 4108 2966 4165 Proinde
3000 4112 3045 4166 si
3075 4111 3417 4167 divinitatem
3453 4107 3727 4178 Uttigeuili

468 4206 808 4261 docerentur
834 4214 889 4261 et
916 4205 1132 4261 Patrem
1169 4206 1339 4264 Deum
1378 4209 1569 4280 utique
1598 4210 1930 4266 docerentur
1961 4218 2148 4281 utpote
2176 4209 2269 4265 Dei
2305 4207 2428 4263 Filii
2476 4209 2724 4273 Patrem,
2756 4208 2952 4278 ecquid
2989 4206 3286 4278 perfectius
3314 4204 3380 4257 ad
3412 4203 3726 4272 dogmatunt

471 4298 757 4355 scientiam
791 4297 873 4354 eis
903 4301 1244 4355 remaneret?

1054 4396 1206 4451 CAP.
1250 4396 1444 4453 XXIII.
2072 4414 2119 4468 Α

2072 4414 2119 4468 Α
2775 4396 2913 4448 ΚΕΦ
2972 4393 3091 4447 lit".

544 4483 712 4541 Vens.
747 4486 828 4542 l5.
861 4516 931 4526 -—
957 4486 1181 4542 Multam
1225 4489 1482 4559 (inquit)
1511 4488 1566 4543 in
1596 4503 1663 4543 eo
1696 4487 2040 4558 diligentiam

2217 4487 2364 4558 Στίχ.
2400 4494 2477 4542 ιε’.
2512 4514 2578 4529 -
2615 4486 2822 4558 Πολλὴν
2854 4484 2929 4555 (2)
2962 4481 3275 4553 ἐπιμέλειαν
3314 4471 3687 4530 ὲπιδείκνυσθε
3709 4512 3722 4535 ,

472 4575 796 4642 expromitis
824 4585 901 4633 ut.
920 4577 1162 4647 aliquem
1194 4594 1259 4634 ex
1285 4580 1353 4636 iis
1376 4580 1471 4647 qui
1500 4579 1570 4634 ab
1594 4578 1855 4634 lsraelitis
1872 4577 2042 4634 alieni

2148 4580 2332 4650 φησὶν,
2362 4578 2501 4632 ὥστε
2538 4578 2659 4632 τινὰ
2692 4578 2797 4631 τῶν
2822 4576 3116 4645 ἀλλοτρίων
3141 4571 3234 4625 τοῦ
3265 4567 3480 4641 Ἰσραὴλ
3511 4565 3602 4617 ἐπὶ
3630 4565 3725 4633 τὴν

475 4676 627 4731 Sunt,
668 4666 736 4720 ad
765 4683 951 4723 veram
990 4670 1324 4742 greligionem
1357 4672 1669 4735 adducatis,
1700 4679 1756 4727 et
1794 4670 2043 4727 eﬂiciatis

2147 4671 2429 4725 εὐσέϐειαν
2459 4672 2682 4740 ἀγαγεῖν
2714 4670 2807 4723 καὶ
2841 4669 3061 4739 ποιῆσαι
3104 4664 3455 4736 προσήλυτον·
3507 4656 3726 4709 ἐπειδᾶν

475 4759 833 4831 proselytum.
863 4761 933 4815 At
973 4761 1139 4830 hujus
1177 4765 1274 4819 ubi
1314 4764 1452 4820 estis
1484 4764 1594 4820 voti
1627 4774 1933 4835 compotes,
1967 4764 2047 4819 si-

2147 4764 2203 4816 δὲ
2231 4763 2417 4817 τοῦτον
2449 4764 2652 4816 τέλειον
2686 4764 2949 4834 ποιήσητε
2982 4759 3197 4828 καὶτῆς
3222 4754 3504 4816 εὐσεϐείας
3534 4750 3727 4802 οἰκειό-

475 4849 610 4912 mul,
661 4850 909 4921 inquam,
939 4852 1178 4923 aliquem
1234 4855 1517 4926 mysteriis
1567 4870 1712 4910 vera:
1757 4854 2045 4925 religionis

2148 4872 2329 4922 τατον,
2362 4856 2480 4908 τότε
2516 4854 2603 4908 διὰ
2630 4856 2739 4908 τῶν
2768 4855 3046 4926 ὑμετέρων
3076 4846 3326 4922 πράξεων
3358 4846 3469 4899 υἱὸν
3505 4844 3726 4913 γεέννης

476 4943 738 4998 initiastis
768 4943 1067 5015 intimeque
1094 4946 1441 5013 admovistis,
1469 4957 1583 5002 tum
1615 4962 1745 5002 vero
1778 4945 2044 5023 pestilen-

1039 4960 1067 4999 e
1094 4946 1441 5013 admovistis,
1469 4957 1583 5002 tum
1615 4962 1745 5002 vero
1778 4945 2044 5023 pestilenb-
2149 4947 2311 5001 αὑτὸν
2340 4946 2656 5019 ἐργάζεσθε.

476 5037 625 5091 tibus
654 5037 921 5107 exemplis
953 5037 1223 5092 malorum
1258 5054 1489 5109 operum
1519 5048 1834 5096 vestrorum
1872 5036 2044 5091 filium

475 5128 736 5198 gehennae
766 5126 942 5198 ipsum
978 5126 1180 5181 facitis.
1738 5132 1741 5135 ’

1067 5217 1218 5274 CAP.
1260 5217 1451 5274 XXIV.

2784 5213 2934 5266 ΚΕΦ.
2969 5213 3092 5265 ΚΔθ.

546 5309 715 5366 Vens.
745 5311 835 5366 29.
868 5341 939 5354 —
972 5310 1287 5367 Graecorum
1343 5313 1621 5383 sapientes
1657 5309 1751 5382 qui
1807 5311 2045 5367 futuram

2229 5306 2373 5377 Στίχ.
2398 5339 2465 5347 -
2483 5306 2584 5360 7.0'.
2621 5307 2685 5360 Οἱ
2709 5306 2806 5374 τὴν
2845 5304 2918 5375 (5)
2947 5302 3260 5375 ἐκπύρωσιν
3284 5301 3601 5370 εἰσάγοντες
3628 5298 3723 5351 τοῦ

478 5404 810 5458 confitentur
867 5404 1054 5459 mundi
1102 5404 1610 5475 conﬂagrationem,
1653 5420 1775 5475 qua:
1824 5403 2046 5475 quidem

2154 5401 2359 5471 κόσμου
2389 5400 2655 5470 Ἑλλήνων
2684 5398 2858 5467 σοφοὶ,
2881 5396 2947 5450 τὰ
2974 5396 3072 5466 μὲν
3102 5395 3229 5466 περὶ
3256 5394 3406 5466 ἡλίου
3443 5394 3535 5446 καὶ
3570 5391 3727 5460 σελή-

481 5500 567 5554 hic
600 5500 665 5555 de
695 5500 812 5555 sole
844 5514 907 5556 ac
943 5501 1072 5555 luna
1118 5501 1262 5555 dicta
1314 5507 1443 5556 sunt
1469 5499 1629 5554 facile
1659 5498 1948 5569 recipiunt.
1976 5495 2045 5549 At

2152 5511 2249 5565 νης
2272 5491 2535 5563 εἰρημένα
2563 5491 2826 5560 δέχονται,
2855 5489 3036 5542 οὐκέτι
3074 5487 3130 5540 δὲ
3159 5488 3253 5542 καὶ
3280 5488 3379 5558 τὴν
3408 5486 3467 5551 ἐξ
3496 5482 3728 5556 οὐρανοῦ

554 5676 631 5744 (ι)
678 5695 694 5747 ᾳ
730 5677 864 5732 Post
889 5676 1166 5747 aliquanta
1200 5679 1280 5732 sic
1316 5646 1512 5738 iterum
1546 5676 1697 5736 dicit.
1742 5698 1759 5730 ι
2234 5671 2311 5743 (3)
2353 5669 2564 5727 Possini
2606 5677 2714 5726 cat.
2747 5684 2801 5741 p.
2832 5668 2956 5725 522.

553 5748 631 5819 (2;
672 5746 889 5819 Possini
924 5756 1031 5804 cat.
1067 5765 1120 5819 p.
1154 5751 1278 5805 303.
