4096 6234
486 165 595 218 ἩῚ

1685 163 1749 218 ΙΝ
1794 160 2243 217 EVANGELIUM
2299 159 2529 216 LUCAS.

3637 164 3739 218 7m

487 279 706 348 χθῆναι,
734 279 819 333 ἵνα
840 280 927 333 τὸν
956 280 1161 333 ἑαυτῶν
1188 280 1409 333 ἕκαστοι
1436 280 1738 335 θεάσωνται
1780 280 1898 334 θεὸν
1927 283 2063 352 μήτε

2168 293 2276 348 quo
2302 280 2558 349 quisquis
2606 296 2765 335 suum
2810 282 3018 338 videret
3048 280 3234 341 deum.
3267 296 3446 351 neque
3488 281 3613 345 sibi,
3643 298 3741 338 ne-

486 369 666 440 ὲαυτῷ
686 371 822 441 μήτε
850 371 1074 433 ὲκεὶνοις
1101 371 1364 441 βοηθῆσαι
1378 372 1693 442 δυνάμενον,
1717 374 1809 425 καὶ
1838 372 2061 440 γνῶσιν,

483 462 561 526 ὡς
588 463 690 515 οὐκ
718 462 863 516 ἔστιν
892 464 950 515 ὲν
981 464 1161 526 αὐτοῖς
1186 465 1456 536 σωτηρίας
1489 465 1665 528 ἐλπίς.
1705 465 1823 533 Ὑφ’
1852 465 1949 518 ἓνα
1978 464 2067 518 ἄν·

484 553 587 623 δρα
624 555 700 624 (1)
753 554 1022 607 τοσούτων
1066 556 1370 624 γενομένων
1421 557 1589 609 ἐθνῶν
1636 557 1731 610 καὶ
1774 555 1910 608 θεῶν
1955 556 2064 608 τῶν

488 646 767 716 ἀρξάντων
804 646 935 699 ποτὲ
954 688 970 712 ,
1011 646 1177 700 πάλαι
1210 649 1305 717 μὲν
1337 649 1441 701 ὑπὸ
1470 649 1742 701 Μακεδόσι
1769 650 1949 718 μόνοις
1974 666 2064 716 γε-

485 756 614 809 γενη
625 739 833 809 μένων,
853 735 951 793 εἴτ’
976 736 1131 804 αὖθις
1161 741 1266 794 ὑπὸ
1300 741 1610 811 Ῥωμαίοις,
1636 742 1731 794 καὶ
1760 741 2062 811 ζητούντων

486 831 639 893 Θεὸν,
680 824 833 903 ᾧπερ
877 834 1133 901 ἀσφαλῶς
1177 834 1670 888 καταπιστεύσειαν
1702 836 1959 897 ἑαυτοὺς,
2005 838 2062 887 ἐν

484 922 694 985 τούτοις
736 924 813 992 (2)
856 923 1010 996 ὤφθη
1071 926 1304 997 Χριστὸς
1357 927 1449 980 καὶ
1498 926 1771 996 δεομένοις
1816 929 2059 998 ἐπεφάνη

486 1013 625 1066 κατὰ
651 1013 861 1082 καιρὸν,
898 1016 1159 1087 πρότερον
1189 1017 1285 1086 μὲν
1309 1018 1368 1069 ού
1401 1017 1541 1070 κατὰ
1571 1016 1719 1086 ἔθνη,
1756 1017 1890 1071 ἀλλὰ
1920 1020 2062 1072 κατὰ

486 1104 651 1173 ἄνδρα
683 1106 1039 1176 ἐκλεγόμενος
1073 1109 1147 1178 (ὅ)
1174 1109 1281 1161 ἀπὸ
1307 1108 1416 1161 τῶν
1438 1109 1626 1171 ἐθνῶν,
1650 1108 1741 1172 οὓς
1773 1110 2058 1180 ἁνεύρισκε

486 1195 875 1265 πειθομένους,
905 1197 998 1250 νῦν
1030 1198 1088 1249 δὲ
1131 1200 1272 1251 κατὰ
1314 1199 1461 1270 ἔθνη.
1508 1200 1582 1253 Ob
1630 1200 1740 1271 γάρ
1779 1200 2058 1269 βιάζεσθαι

488 1285 733 1355 βούλεται
785 1288 847 1341 τὸ
878 1288 1080 1341 ἐθέλειν
1110 1290 1267 1359 ήμῶν
1312 1292 1340 1343 ὁ
1378 1292 1530 1353 Θεὸς,
1567 1290 1633 1342 ἵν’
1665 1292 1801 1361 ὅπερ
1836 1291 2060 1361 θέλομεν

490 1378 563 1449 μὴ
589 1378 877 1449 ἐθέλωμεν·
907 1381 1064 1432 τοῦτο
1093 1382 1202 1451 γὰρ
1230 1382 1383 1435 οὐδὲν
1415 1382 1600 1452 ἕτερόν
1644 1385 1793 1435 ἐστιν
1832 1382 1865 1454 ἢ
1899 1401 2061 1453 μετα-

486 1474 661 1524 ποιεῖν
685 1470 783 1542 τὴν
817 1472 976 1539 φύσιν
1004 1474 1034 1542 ἡ
1045 1473 1180 1543 μῶν.

2166 386 2272 440 que
2298 371 2415 426 suis
2454 372 2712 442 opitulari
2741 374 3033 439 valentem,
3067 384 3232 445 atque
3270 373 3479 426 nullam
3511 375 3740 427 omnino

2166 464 2221 515 in
2247 462 2317 517 iis
2340 477 2466 518 esse
2504 463 2700 518 salutis
2728 478 2878 534 spem
2916 471 3301 534 cognosceret.
3334 460 3601 517 Redactis
3634 464 3738 516 ita-

2167 570 2273 624 que
2294 557 2397 611 sub
2416 564 2743 627 potestatem
2779 557 2941 611 unius
2971 557 3075 611 viri
3104 566 3181 611 tot
3197 556 3415 627 populis
3450 565 3611 623 atque
3634 555 3741 611 diis

2166 645 2319 700 hisee
2346 647 2623 716 quondam
2659 648 3081 717 imperantibus,
3116 663 3145 701 a
3177 647 3312 701 solis
3349 644 3572 715 quidem
3607 645 3739 699 olim

2166 738 2579 802 Macedonibus,
2615 739 2854 809 denique
2900 755 3033 794 vero
3076 755 3105 792 a
3139 737 3406 793 Romanis
3440 736 3738 806 subjectis,

2165 830 2344 899 iisque
2390 830 2553 885 Deum
2595 832 2992 902 quaerentibus,
3028 840 3086 885 ut
3128 832 3206 885 illi
3240 840 3357 886 tute
3392 846 3515 886 sese
3540 831 3737 885 crede-

2165 934 2286 977 rent
2336 926 2852 995 committerentque
2885 947 2896 979 :
2932 942 3027 997 per
3075 926 3127 980 id
3187 933 3404 994 tempus
3451 924 3607 979 visus
3654 932 3741 979 est

2163 1013 2437 1081 Christus,
2462 1022 2515 1069 ct
2532 1029 2833 1086 opportune
2849 1018 3100 1087 apparuit
3130 1017 3520 1087 indigentibus.
3554 1014 3741 1070 Primo

2164 1107 2381 1175 quidem
2421 1124 2528 1161 non
2574 1109 2818 1179 singulos
2863 1117 3078 1178 gentes.
3133 1108 3229 1162 sed
3281 1107 3528 1178 singulos
3571 1107 3741 1161 homi-

2162 1215 2281 1259 nes.
2318 1216 2456 1269 quos
2508 1200 2695 1255 ﬁdeles
2749 1200 3025 1255 invenitde
3065 1200 3484 1269 gentibuselegit
3545 1214 3739 1254 :nunc

2164 1307 2293 1347 vero
2323 1292 2564 1362 singulas
2591 1302 2802 1363 gentes.
2837 1293 2979 1347 Deus
3024 1294 3168 1346 enim
3214 1309 3323 1347 non
3359 1294 3473 1346 vult
3504 1294 3612 1347 vim
3645 1308 3740 1347 vo-

2163 1385 2359 1439 luntati
2388 1393 2593 1440 nostra:
2624 1385 2841 1450 inferri,
2873 1396 2950 1447 ut,
2980 1385 3126 1455 quod
3176 1385 3453 1447 volumus,
3484 1400 3595 1439 non
3642 1400 3737 1439 vo-

2162 1479 2448 1532 luerimus.
2490 1477 2604 1532 Hoc
2653 1479 2797 1532 enim
2841 1478 2978 1531 nihil
3029 1477 3177 1531 aliud
3217 1486 3325 1540 est.
3363 1477 3470 1533 nisi
3520 1484 3739 1532 mutare

2161 1576 2414 1621 naturain
2448 1577 2716 1621 nostram.

559 1657 633 1725 (ὦ)
661 1658 770 1710 Καὶ
788 1658 932 1721 τίνος
960 1657 1117 1729 χάριν
1147 1658 1276 1712 ποτὲ
1302 1656 1399 1727 μὲν
1418 1657 1611 1728 τούτῳ,
1640 1658 1769 1711 ποτὲ
1790 1658 1846 1709 δὲ
1868 1658 2060 1724 ἐκείνῳ

2231 1659 2298 1713 Et
2320 1676 2481 1728 quam
2504 1660 2572 1713 ob
2593 1674 2814 1712 causam
2846 1659 2981 1713 alias
3018 1659 3240 1728 quidem
3271 1659 3419 1725 huic,
3441 1660 3578 1714 alias
3607 1674 3740 1715 vero

492 1751 568 1822 τῷ
596 1751 734 1804 ἔθνει
753 1753 853 1814 τὰς
885 1752 1321 1824 καθολικωτέρας
1345 1753 1446 1822 τῆς
1467 1753 1792 1823 οἰκουμένης
1818 1751 2064 1817 ἐξουσίας

494 1844 770 1914 παρεδίδου
797 1845 826 1896 ὁ
854 1844 1005 1908 Θεὸς,
1032 1844 1108 1908 ὡς
1146 1848 1257 1908 τοῖς
1281 1846 1431 1897 κατὰκ
1446 1846 1521 1915 (5)
1550 1846 1739 1915 καιρὸν
1768 1844 2064 1916 κρατοῦσιν

488 1937 669 2004 νόμοις
699 1937 792 1989 καὶ
833 1937 980 2007 ημᾶς
1032 1938 1240 2000 πάντας
1280 1954 1339 1989 τε
1384 1936 1615 2007 χρῆσθαι
1668 1937 1743 2006 (6)
1792 1938 1919 2000 τοὺς
1963 1937 2065 1989 ύπ-

484 2027 711 2096 ηκόουςς
737 2028 847 2081 Καὶ
874 2027 939 2080 δι’
967 2028 1131 2091 ἄλλας
1157 2028 1253 2098 μὲν
1283 2027 1480 2091 πολλὰς
1503 2028 1679 2091 αἰτίας
1710 2028 1913 2092 ταύτας
1943 2046 2066 2081 συν-

483 2117 679 2190 εχώρει
710 2119 809 2182 τάς
859 2118 1159 2189 μετασολὰς
1189 2118 1434 2186 γίνεσθαι
1472 2121 1565 2172 καὶ
1589 2120 1677 2172 διὰ
1721 2120 1781 2172 τὸ
1819 2120 2055 2191 χρῆσθαι

482 2210 632 2281 Θεῷ,
674 2212 760 2265 ἵνα
789 2211 1013 2265 ἔλθωσιν
1038 2212 1120 2281 (7)
1161 2210 1220 2279 ἐξ
1257 2212 1501 2282 ἀνάγκης
1530 2213 1621 2266 ἐπὶ
1666 2213 1724 2266 τὸ
1757 2212 1937 2284 ζητεῖν
1964 2213 2055 2267 τὸν

482 2304 649 2367 ὅντως
669 2303 818 2358 Θεόν.

2164 1752 2240 1806 illi
2277 1753 2477 1821 pepulo
2519 1752 2828 1805 universale
2870 1753 2923 1804 in
2975 1753 3164 1805 orbem
3200 1761 3476 1807 terrarum
3516 1751 3742 1808 tradidit

2162 1843 2466 1897 dominium
2508 1843 2673 1904 Deus,
2703 1844 2776 1895 ita
2812 1852 2869 1896 ιιι
2910 1859 3012 1899 nos
3045 1859 3266 1914 quoque
3298 1860 3491 1900 omnes
3527 1845 3739 1915 legibus

2164 1936 2268 1990 hoc
2304 1947 2549 2004 tempore
2582 1935 2978 2004 imperantibus
3013 1934 3220 1991 morem
3247 1936 3542 2006 geramus?
3567 1937 3741 1993 Alias-

2164 2042 2269 2097 que
2300 2026 2503 2078 multas
2540 2024 2610 2077 ob
2638 2038 2833 2078 causas
2872 2024 3036 2079 hasce
3073 2026 3404 2079 mutationes
3435 2025 3571 2088 ﬁeri,
3600 2025 3740 2079 Deo-

2164 2137 2272 2190 que
2305 2120 2382 2173 uti
2419 2122 2719 2181 concessit,
2755 2127 2816 2171 ut
2851 2119 3187 2174 necessitate
3215 2120 3390 2175 coacti
3419 2122 3640 2176 veniant
3671 2120 3741 2175 ad

2163 2213 2519 2284 quaerendum
2551 2228 2739 2265 verum
2768 2210 2956 2266 Deum.

1980 2416 2132 2473 CAP.
2165 2415 2251 2470 lll.

556 2533 722 2591 Vsus.
752 2536 843 2590 29..
869 2567 940 2577 ——
963 2535 1079 2592 Hoc
1108 2538 1253 2593 enim
1294 2539 1393 2607 (8),
1437 2541 1621 2610 quod:
1660 2540 1760 2593 llic
1788 2548 1863 2593 est
1896 2538 2073 2592 Filius
2104 2553 2247 2591 meus
2276 2535 2518 2598 dilectus,
2568 2536 2622 2588 in
2652 2552 2752 2601 quo
2778 2534 2908 2589 mihi
2942 2535 3284 2603 complacuit,
3324 2535 3377 2589 in
3413 2536 3744 2606 baptismate

492 2630 842 2699 adoptionem
881 2632 1217 2701 demonstrat
1247 2633 1548 2689 secundum
1579 2634 2047 2704 comparationem
2080 2629 2323 2685 Judaicaa
2351 2629 2686 2699 adoptionis,
2718 2629 2847 2698 quia
2875 2635 2927 2682 et
2960 2627 3026 2680 ad
3056 2627 3179 2703 illos
3209 2626 3415 2681 dictum
3447 2635 3565 2683 erat
3589 2647 3602 2682 :
3627 2626 3740 2696 Ego

496 2721 648 2775 dixi:
682 2720 775 2774 Dii
819 2722 967 2785 estis,
1008 2731 1058 2775 et
1117 2722 1221 2791 filii
1262 2722 1473 2777 Επειιεὶ
1515 2740 1690 2777 omnes
1736 2722 1920 2793 (Psal.
1965 2737 2175 2783 Lxxxn,
2219 2719 2323 2787 6);
2361 2729 2447 2774 et:
2495 2717 2667 2772 Filios
2700 2719 2855 2785 genui
2896 2727 2944 2771 et
2971 2718 3203 2772 exaltavi
3233 2716 3379 2787 (Isa.
3414 2736 3451 2785 ι,
3484 2720 3585 2790 Ξ);
3620 2721 3742 2791 ejus

488 2817 802 2887 adoptionis
842 2818 1203 2888 praecipuum,
1238 2834 1305 2874 eo
1334 2819 1673 2893 quoddixit,
1708 2819 1949 2883 dilectus,
1982 2826 2034 2872 et
2061 2818 2114 2872 in
2142 2833 2242 2886 quo
2269 2815 2399 2870 mihi
2429 2814 2766 2884 complacuit,
2797 2813 3112 2869 ostendens.
3147 2811 3376 2882 Propter
3415 2814 3519 2869 hoc
3550 2823 3606 2870 et
3636 2830 3742 2871 vox

486 2913 669 2969 Patris
701 2913 863 2968 liebat
906 2914 1256 2984 adoptionem
1302 2915 1658 2977 conﬁrmans,
1694 2923 1747 2970 et
1787 2913 1908 2969 Filii
1950 2914 2326 2967 nominatione
2375 2925 2474 2981 per
2506 2909 2856 2976 adoptionem
2892 2907 3195 2962 secundum
3221 2910 3449 2976 gratiam
3482 2923 3605 2963 eum
3647 2910 3741 2978 qui

485 3018 617 3057 vere
650 3003 826 3058 Filius
856 3012 961 3067 est,
991 3004 1409 3060 demonstrabat
1438 3024 1451 3060 :
1482 3006 1645 3075 cujus
1672 3005 1988 3075 conjunctio
2013 3003 2078 3057 ad
2108 3018 2290 3057 veram
2321 3013 2375 3057 et
2417 3002 2627 3055 ﬁrmam
2670 2998 3015 3069 ad0ptionem
3056 2999 3220 3054 istum
3251 2998 3657 3054 constituebat:
3689 3010 3743 3055 et

487 3094 726 3167 Spiritus
749 3107 976 3153 sanctus
1009 3097 1066 3152 in
1105 3098 1288 3169 specie
1318 3100 1589 3154 columbae
1619 3098 1984 3173 descendens,
2018 3096 2321 3166 permansit
2348 3110 2513 3166 super
2537 3109 2685 3155 eum,
2715 3098 2992 3161 quatenus
3023 3091 3077 3145 in
3100 3091 3491 3160 conjunctione
3513 3091 3582 3147 ad
3615 3106 3741 3147 eum

487 3188 585 3259 qui
614 3203 739 3242 vere
769 3188 945 3244 Filius
977 3195 1083 3253 est,
1115 3189 1236 3258 ejus
1268 3190 1646 3261 cooperationi
1683 3190 1927 3245 intentus
1955 3198 2193 3253 maneat,
2231 3187 2443 3242 ﬁrmam
2473 3185 2785 3255 adoptionis
2819 3185 3024 3239 habens
3051 3184 3411 3254 dignitatem:
3442 3200 3539 3254 per
3559 3184 3740 3240 omnia

488 3292 667 3337 autem
698 3283 753 3336 in
788 3298 898 3353 quo
924 3285 1105 3353 primo
1134 3286 1443 3354 adoptionis
1463 3285 1924 3357 ,praeformabatur
1958 3286 2248 3355 baptisma,
2282 3283 2407 3337 dico
2431 3292 2612 3336 autem
2652 3280 2862 3335 Domini
2896 3279 3123 3344 Christi,
3148 3296 3213 3335 ex
3245 3280 3408 3335 Patre
3440 3289 3493 3336 et
3524 3280 3664 3335 Filio
3686 3291 3741 3337 et

489 3380 696 3450 Spiritu
732 3389 923 3435 saneto
955 3380 1060 3434 hoc
1085 3381 1232 3449 quod
1267 3381 1449 3448 ﬁebat,
1486 3382 1878 3451 complebatur.

1092 3496 1344 3550 ΚΕΦΑΛ.
1388 3496 1464 3548 A".

557 3606 703 3677 Στίχ.
729 3611 797 3658 α’.
822 3635 892 3645 -
913 3606 1077 3659 Οὐδὲν
1100 3606 1175 3673 (9)
1207 3607 1409 3664 καινὸν,
1432 3605 1755 3659 ἀσεϐέστατε
1780 3604 2058 3670 Ἶουλιανὲ,

487 3699 536 3750 εἰ
576 3698 666 3749 καὶ
687 3696 1012 3765 γινώσκεται
1037 3698 1141 3751 ὑπὸ
1162 3698 1269 3750 τῶν
1296 3698 1568 3769 δαιμόνων
1598 3699 1690 3751 καὶ
1716 3697 2058 3767 ὁμολογεῖται

487 3787 619 3850 Θεὸς
640 3788 738 3839 ’καὶ
772 3786 1088 3858 πειράζεται
1114 3788 1218 3841 ὑπὸ
1241 3788 1334 3841 τοῦ
1365 3787 1625 3859 ἄρχοντος
1656 3787 1764 3839 τῶν
1789 3786 2057 3856 δαιμόνων

493 3878 567 3948 μὴ
592 3878 981 3948 ὁμολογοῦντος
1013 3880 1114 3948 τὴν
1144 3878 1310 3931 αὑτοῦ
1340 3878 1634 3947 βασιλείαν.
1666 3879 1740 3931 Οὐ
1777 3879 1884 3949 γὰρ
1921 3878 2062 3931 κατὰ

486 3970 579 4023 τὸν
619 3970 782 4023 αὐτὸν
828 3971 1039 4041 χρόνον,
1087 3971 1223 4024 ἀλλὰ
1279 3973 1541 4043 πρότερον
1593 3972 1691 4043 μὲν
1738 3970 2062 4038 ἀγωνίζεται

561 4146 638 4213 (λι)
670 4145 979 4211 Augustum
1016 4142 1123 4197 dici
1157 4152 1304 4199 recte
1334 4145 1648 4199 observavit
1680 4143 1883 4199 Muent.

562 4216 638 4283 t9.)
660 4216 776 4334 ’ζετο
813 4215 1063 4279 τούτοις.
1100 4216 1342 4269 Μιιειιι.;
1376 4231 1466 4283 per
1496 4215 1548 4268 id
1576 4225 1810 4285 tempus.
1858 4214 2061 4281 Malim,

562 4297 629 4334 ler
698 4289 801 4334 θερί

493 4289 629 4340 inter
660 4289 801 4337 hosJ

561 4358 637 4425 (5)
678 4353 816 4426 Male
846 4356 1078 4426 scribas
1095 4386 1165 4395 —
1191 4356 1389 4426 ἄνδρας
1412 4356 1805 4426 ἐκλεγομένους
1827 4388 1896 4397 -
1924 4356 2063 4425 (ῡὸ-

489 4426 719 4496 derlein.
759 4425 1002 4496 Tlteolog.
1059 4425 1308 4496 Bibliotlt.
1360 4427 1508 4496 Lips.
1563 4425 1724 4490 1788,
1771 4445 1843 4492 ιν,
1902 4429 1953 4485 7.
2009 4444 2060 4495 p.

490 4497 648 4568 492).
683 4495 905 4568 (Σειιεοιί
935 4496 1064 4550 libri
1110 4495 1378 4553 Mucnter.
1430 4495 1733 4568 (Giittiuger
1774 4501 1875 4567 ρει.
1926 4502 2060 4550 Anz.

494 4567 652 4639 1788,
686 4582 741 4639 p.
778 4567 938 4639 1246)
960 4579 1128 4639 recte
1161 4572 1392 4629 monuit,
1427 4586 1478 4621 v.
1507 4567 1656 4622 κατὰ
1677 4568 1802 4639 ἔθνη
1843 4578 1897 4623 ει
1927 4569 2066 4622 κατὰ

490 4638 660 4705 ἄνδρα
692 4637 1042 4691 distributive
1071 4639 1333 4691 sumenda
1367 4654 1488 4693 esse
1530 4639 1637 4705 (cf.
1671 4637 1835 4695 Cord.
1869 4650 1973 4692 cat.
2009 4639 2062 4691 in

491 4708 629 4779 nsal.
667 4722 726 4769 ιι,
761 4723 813 4779 p.
848 4707 971 4760 6M.
1009 4705 1215 4779 Theod.
1242 4711 1301 4762 οὐ
1336 4709 1456 4762 καθ’
1482 4710 1577 4762 ἕνα
1612 4711 1867 4764 καὶκατὰ
1901 4710 2065 4779 μέρος

490 4776 939 4846 ἀποθνησκόντων
960 4777 1083 4849 --)ν.
1116 4776 1320 4833 Enarra
1350 4798 1361 4833 :
1390 4781 1647 4848 principio
1669 4789 1882 4849 (rerum
1904 4776 2068 4834 Οἰνι-

495 4849 834 4928 stianarum)
870 4864 973 4900 non
1018 4848 1259 4928 singulos
1293 4851 1535 4928 populos,
1585 4851 1675 4928 _sed_
1727 4854 1885 4915 uiros,
1935 4867 2063 4919 quos
2099 4875 2142 4928 ο

492 4917 822 4990 obsequentes
863 4917 1172 4981 reperiebat,
1215 4920 1277 4972 de
1315 4917 1519 4989 pupulis
1546 4921 1720 4990 elegit,
1762 4941 1899 4976 nunc
1942 4917 2058 4974 uero

491 4986 591 5057 (de
638 5003 746 5064 suo
780 4996 1045 5064 _tempore
1087 4986 1345 5064 loquitur
1382 4986 1758 5060 Theodo'rus)
1818 4995 2056 5064 singulos

490 5056 730 5134 populos.
771 5056 890 5134 1am
918 5056 1099 5124 quaeri
1143 5069 1373 5134 poterat,
1405 5076 1503 5134 cur
1551 5077 1658 5114 non
1716 5056 2061 5134 statim'post

489 5128 694 5181 Christi
751 5128 1041 5183 adventum
1095 5131 1276 5197 pepuli
1334 5130 1462 5183 facti
1514 5142 1698 5185 essent
1736 5128 2055 5192 Christiani.

490 5197 667 5274 llujus
702 5198 777 5274 rei
806 5197 1298 5274 hancTheodorus
1328 5200 1568 5274 reddidit
1596 5205 1884 5274 rationem,
1913 5208 2057 5274 quod

488 5264 772 5341 religionis
835 5269 1159 5324 Christianae
1224 5270 1514 5341 professio.
1568 5273 1671 5326 nisi
1725 5264 1880 5329 forte
1919 5264 2058 5333 Deus

491 5338 786 5415 humanam
828 5349 1088 5415 _naturam
1144 5338 1557 5403 commutasset,
1602 5342 1671 5396 ab
1709 5345 1845 5415 ipsis
1884 5347 2061 5402 homi-

491 5408 652 5462 nibus
704 5408 980 5475 penderet.

564 5478 637 5545 (7t)
668 5477 779 5556 lloc
800 5478 1176 5556 fragmentum
1204 5497 1326 5556 cum
1361 5482 1690 5556 praecedenti
1720 5490 1913 5556 paucis
1946 5489 2061 5547 Ior-

489 5555 636 5602 tasse
668 5550 843 5602 verbis
883 5550 1189 5618 interjcctis
1223 5550 1469 5610 cohaisit.

559 5619 637 5688 (5)
674 5618 877 5674 Mueut.
918 5624 1029 5684 τοῖς
1057 5620 1166 5675 τόν.

2801 3487 2955 3542 CAP.
3011 3486 3100 3543 IV.

2239 3600 2455 3656 Vsas.i
2489 3614 2611 3669 sqq.
2634 3629 2703 3640 --
2728 3597 2847 3651 Non
2880 3606 2964 3653 est
3008 3613 3206 3652 novum
3241 3598 3394 3667 quid,
3434 3598 3601 3667 impie
3644 3597 3741 3653 Ju-

2168 3691 2332 3757 liane,
2381 3689 2592 3753 Iesum,
2640 3688 2767 3743 licet
2842 3688 3117 3742 daemones
3178 3703 3303 3741 eum
3376 3699 3737 3759 cognoscant,

2166 3780 2454 3850 Deumque
2490 3796 2613 3836 esse
2645 3780 3035 3845 conﬁteantur,
3064 3778 3238 3833 nihilo
3277 3786 3461 3835 tamen
3492 3781 3675 3837 secius
3707 3797 3740 3837 a

2167 3874 2416 3945 principe
2451 3872 2782 3939 daemonum,
2815 3888 3045 3943 regnum
3107 3872 3231 3940 ejus
3268 3872 3416 3927 haud
3461 3874 3739 3943 professo.

2172 3966 2370 4020 tentari
2390 3963 2549 4032 (Luc.
2576 3980 2652 4032 tv,
2672 3964 2762 4029 54,
2786 3964 2877 4030 Al,
2900 3965 3007 4035 al.)
3034 3980 3179 4019 :non
3206 3964 3355 4020 enim
3386 3965 3576 4021 eodem
3607 3978 3740 4023 tem-

2246 4144 2320 4207 (6)
2350 4143 2556 4218 Muent.
2589 4144 2798 4209 πάντας
2847 4148 3174 4218 κεχρῆσθαι,
3214 4149 3268 4202 h.
3298 4164 3348 4204 e.
3379 4179 3447 4189 —
3478 4151 3554 4204 ita
3583 4162 3639 4205 ut
3667 4155 3741 4208 le-

2171 4214 2341 4295 gibus.
2383 4215 2579 4295 quibus
2640 4226 2750 4268 tum
2786 4218 2858 4270 vis
2909 4214 3235 4295 eratLetjam
3267 4236 3360 4273 nos
3389 4236 3585 4286 omnes,
3648 4228 3740 4295 qui

2172 4286 2393 4363 subjecti
2439 4303 2642 4363 su‘mus,
2696 4288 3138 4363 uterem_ur.___Sed
3166 4299 3542 4363 praeterquam
3589 4286 3741 4363 quod

2173 4354 2415 4424 perfecto
2444 4355 2761 4421 oﬂ'endaris,
2790 4359 2951 4412 verba
2976 4360 3065 4411 illa
3090 4354 3342 4413 videntur
3368 4354 3568 4417 Iuliani
3591 4354 3738 4424 esse.

2244 4426 2319 4495 (7)
2374 4424 2577 4479 Muent.
2613 4458 2685 4466 —
2715 4429 2806 4480 καὶ
2853 4428 3177 4497 διαχρῆσθαι
3212 4429 3329 4497 Θεῷ
3363 4431 3588 4486 ἔλθωσιν
3625 4467 3688 4480 -ι
3722 4479 3737 4494 ,

2175 4494 2429 4549 Fortasse
2459 4498 2616 4551 locus
2644 4497 2797 4552 valde
2828 4494 3110 4552 mutilat—us
3140 4511 3242 4554 est.
3285 4494 3392 4555 Sed
3422 4500 3740 4563 Theodorca

2172 4581 2304 4620 sane
2351 4568 2620 4621 sententia
2672 4583 2790 4622 mea
2829 4568 3143 4636 conjectura
3188 4570 3457 4627 eﬂicitur:
3488 4605 3561 4617 -ο
3594 4586 3650 4631 et
3680 4588 3740 4632 ut

2173 4636 2281 4710 Deo
2314 4638 2716 4710 uterenturlut
2739 4638 2847 4700 dei,
2881 4655 3041 4707 quem
3071 4640 3306 4710 quisque
3335 4645 3558 4709 coleret,
3586 4648 3739 4701 iulir-

2173 4707 2413 4779 mitatem
2445 4708 2858 4776 experirentur)
2899 4725 3007 4779 quo
3045 4707 3370 4768 necessitate
3392 4707 3567 4768 coacti
3596 4721 3739 4772 veni-

2172 4787 2294 4855 rent
2324 4776 2389 4855 ad
2412 4780 2765 4855 quaerendum
2805 4776 2979 4855 verum
3014 4781 3519 4855 Deum._Theodori
3548 4785 3742 4855 dispu-

2174 4848 2307 4927 tatio
2351 4848 2462 4901 haec
2484 4856 2622 4927 ‘est:
2671 4848 2810 4904 Deus
2834 4852 2997 4927 modo
3026 4854 3169 4927 apud
3204 4853 3369 4917 hunc,
3397 4854 3563 4927 modo
3592 4848 3735 4927 apud

2165 4914 2317 4989 illum
2338 4918 2595 4986 populum
2615 4934 2888 4974 summum
2913 4914 3199 4989 imperium
3221 4914 3482 4979 esse—ideo
3502 4914 3739 4983 maxime

2168 4987 2357 5049 voluit,
2388 4995 2448 5040 ut
2466 4992 2893 5064 gentespublica
2918 4987 3226 5047 calamitate
3249 5009 3450 5062 pressae
3470 4995 3535 5048 ad
3554 5013 3735 5064 suum,

2169 5073 2327 5135 quem
2360 5066 2615 5126 putarent
2642 5061 2889 5135 deumse
2918 5061 3321 5135 converterent,
3369 5066 3628 5135 quo_ejus
3654 5061 3738 5123 in;

2169 5127 2480 5199 ﬁrmitatem
2513 5132 2721 5199 experti
2760 5131 2826 5185 ad
2872 5150 3046 5188 verum
3077 5127 3426 5189 ducerentur.
3460 5127 3580 5191 Hoc
3605 5154 3740 5195 vero

2169 5207 2283 5272 tum
2312 5196 2531 5252 demum
2570 5196 2716 5256 recte
2750 5202 2864 5255 fieri
2898 5211 3127 5272 poterat,
3157 5217 3280 5254 cum
3317 5219 3590 5263 summum
3634 5209 3736 5262 itu-

2168 5268 2377 5345 perium
2397 5285 2517 5345 _non
2540 5272 2681 5345 apud
2715 5288 2880 5325 unum
2898 5268 3269 5345 eamdemque
3293 5274 3549 5345 papulum
3569 5291 3735 5343 esset,

2170 5343 2263 5390 sed
2296 5339 2363 5391 ab
2396 5339 2497 5393 hoc
2526 5341 2591 5394 ad
2628 5342 2777 5394 illum
2815 5339 3227 5399 transferretur.

2238 5410 2317 5471 (8)
2353 5412 2472 5462 Act.
2507 5411 2570 5464 C.
2603 5411 2664 5464 C.
2698 5426 2757 5469 ιι,
2804 5427 2876 5469 ιν,
2916 5412 2998 5474 18,
3052 5411 3209 5471 Vtgil.
3244 5426 3419 5471 const.
3456 5418 3542 5479 19,
3581 5418 3740 5479 Ejus-

2168 5481 2291 5557 deut
2304 5479 2409 5557 ‘Tlt.
2428 5478 2527 5557 _M.
2557 5481 2623 5557 de
2652 5491 2940 5557 commento
2970 5498 3072 5536 sec.
3102 5482 3301 5539 Lucam
3339 5477 3626 5557 Evangelii:

2210 5548 2316 5628 “(9)
2346 5550 2401 5628 lu
2428 5551 2531 5604 hoc
2552 5552 2853 5620 fragmento
2876 5554 3033 5676 plura
3062 5558 3385 5612 refelluntur
3402 5548 3520 5628 qua:
3544 5569 3737 5618 contra

2210 5631 2451 5674 Istortam
2485 5622 2806 5676 tentationis
2832 5621 2873 5676 C
2898 5624 3036 5676 tristi
3068 5625 3319 5676 Julianus
3350 5634 3590 5676 nrnlnlil-
3712 5640 3718 5647 ί

2167 5619 2451 5674 historiam
2485 5619 2806 5677 tentationis
2832 5619 3036 5678 Christi
3068 5625 3319 5684 Julianus
3350 5619 3590 5687 erotulit.
3712 5640 3718 5647 '
