4096 6234
314 217 414 273 719

1507 195 1857 251 TllEUDOlil
1898 191 2379 250 MOPSUESTENI

3446 186 3556 244 720

314 340 463 398 pure,
488 320 585 379 sed
611 325 858 392 prius,et
880 316 1096 371 inscius
1126 312 1352 381 quidem
1384 325 1506 364 cum
1530 325 1597 364 eo
1612 308 1881 371 dimicat;

2008 307 2217 376 ιγνοῶν,
2250 305 2501 376 ἡττηθεὶς
2542 305 2599 358 δὲ
2630 303 2851 373 ὕστερον
2881 301 3135 372 γνωρίζει
3182 300 3276 353 καὶ
3309 299 3562 371 ὁμολογεῖ

314 414 510 470 deinde
547 425 677 466 vero
722 409 924 471 vietus,
961 404 1255 474 imperium
1289 400 1412 470 ejus
1446 399 1697 469 agnoscit
1726 405 1891 464 atque

317 504 606 560 conﬁtetur
647 500 798 554 hisce
834 494 1369 552 verbiszNoscimus
1412 504 1486 556 te,
1527 494 1651 562 quis
1693 491 1798 555 sis;
1830 500 1889 543 tu

316 611 375 650 es
405 594 638 648 Sanctus
671 590 883 645 lsraelis
904 587 1064 660 (Luc.
1096 603 1169 650 iv,
1191 586 1279 650 δίς
1317 584 1487 639 Marc.
1524 601 1562 649 ι,
1584 583 1706 651 54).
1738 581 1888 635 Hand

315 688 461 741 enim
508 693 633 736 ante
672 681 943 750 baptisma
980 681 1094 733 haec
1126 678 1437 748 proﬁtetur,
1472 676 1567 731 sed
1600 682 1889 743 postquam

318 786 369 831 et
430 775 738 844 baptizatus
803 780 857 826 et
914 777 1157 825 tentatus
1188 778 1335 823 esset
1397 766 1598 831 Jesus,
1643 766 1891 821 redierit-

317 882 421 936 que
467 881 531 919 es
575 865 811 925 deserto,
843 863 1021 915 victor
1055 861 1258 914 diaboli
1300 859 1604 914 secundum
1645 870 1886 917 carnem,

319 957 616 1011 secundum
655 969 817 1024 quam
848 961 901 1008 et
933 961 1235 1008 tentaverat
1269 966 1413 1006 eum.
1444 949 1491 1004 Is
1524 950 1668 1003 enim
1720 946 1886 999 Deum

323 1048 585 1111 Verbum,
616 1047 857 1102 essentia
885 1061 983 1100 sua
1012 1045 1264 1099 omnibus
1308 1045 1576 1113 ignotum,
1619 1040 1762 1093 haud
1807 1055 1891 1094 ro-

322 1154 609 1212 gnoscens,
648 1154 772 1193 eum
822 1137 981 1191 modo
1012 1138 1237 1192 tentavit
1283 1136 1581 1189 secundum
1636 1149 1886 1192 carnem,

320 1250 440 1303 qua:
476 1241 531 1287 et
589 1247 777 1286 revera
829 1231 1021 1283 famem
1066 1229 1530 1295 tentationemque
1571 1239 1731 1294 passa
1782 1232 1886 1278 est.

326 1324 430 1379 Sed
481 1323 678 1382 Moses.
705 1323 900 1390 inquit,
928 1330 1218 1390 postquam
1251 1319 1615 1390 quadraginta
1658 1316 1777 1371 dies
1805 1316 1887 1382 je-

318 1423 627 1487 jnnaverat.
676 1418 845 1486 legem
904 1416 1147 1484 accepit;
1201 1413 1331 1467 Elige
1377 1427 1526 1474 vero,
1565 1417 1689 1480 post
1745 1409 1887 1462 idem

323 1524 537 1578 tempus
566 1507 778 1576 jejunio
810 1514 1114 1574 peractum,
1140 1504 1339 1556 divina:
1368 1502 1713 1570 contigerunt
1738 1512 1890 1551 reve-

322 1602 598 1655 lationes:
640 1597 799 1652 Jesus
840 1607 1045 1659 autem,
1079 1596 1211 1665 quid
1262 1602 1381 1664 post
1434 1594 1575 1648 idem
1613 1590 1886 1661 jejunium

1989 399 2085 469 τὴν
2121 397 2393 467 βασιλείαν
2418 395 2583 449 αὑτοῦ
2621 396 2810 464 λέγων.
2838 394 3071 464 Οἴδαμεν
3099 410 3158 445 σε
3181 394 3265 453 τίς
3298 390 3366 445 εἷ’
3412 396 3474 447 σὺ
3512 390 3563 447 εἷ

1988 489 2017 541 6
2050 489 2236 555 ’Ἄγιος
2268 485 2361 539 τοῦ
2403 486 2636 557 Ἰσραήλ.
2672 486 2745 538 Οὐ
2772 484 2880 553 γὰρ
2917 485 3021 555 πρὸ
3059 484 3152 537 τοῦ
3192 484 3563 553 βαπτίσματος

1988 578 2160 632 ταῦτα
2188 579 2461 648 ὁμολογεῖ,
2495 578 2629 632 ἀλλὰ
2662 577 2799 647 μετὰ
2829 576 2889 629 τὺ
2929 576 3209 646 βάπτισμα
3235 576 3330 629 καὶ
3355 576 3415 627 τὸ
3443 594 3561 628 πει-

1991 671 2253 743 ρασθῆναι
2294 672 2387 723 καὶ
2425 669 2704 721 κατελθεῖν
2744 671 2806 721 ἐκ
2861 672 2959 738 τῆς
3012 670 3217 740 ἐρήμου
3265 670 3563 738 νικήσαντα

1988 762 2076 813 τὸν
2101 759 2343 814 διάὸολον
2373 758 2513 811 κατὰ
2541 758 2639 827 τὴν
2667 758 2845 827 σάρκα
2868 799 2881 821 ,
2913 756 3032 810 καθ’
3063 758 3130 827 ἢν
3160 758 3253 810 καὶ
3277 757 3564 827 ἐπείραζεν

1989 852 2169 904 αὐτόν.
2200 852 2275 904 Οὐ
2318 851 2424 921 γὰρ
2453 849 2605 912 εἰδὼς
2641 850 2731 902 τὸν
2766 848 2895 901 Θεὸν
2938 848 3111 917 Λόγον
3146 850 3433 919 ἐπείρασεν
3475 849 3558 901 ἄν·

1991 946 2154 996 πᾶσιν
2185 942 2291 1012 γὰρ
2330 941 2447 994 κατ’
2473 942 2661 993 οὐσίαν
2696 943 2723 993 6
2756 940 2887 1002 Θεός
2925 942 3070 993 ἐστιν
3091 941 3394 1008 ἄγνωστος,
3424 940 3559 993 ἀλλά

1991 1036 2132 1089 κατὰ
2176 1036 2273 1104 τὴν
2309 1036 2504 1104 σάρκα,
2534 1032 2655 1085 καθ’
2693 1033 2759 1103 ἢν
2790 1031 3001 1101 ἀληθῶς
3038 1033 3132 1085 καὶ
3174 1032 3427 1084 ὲπείνασε
3469 1034 3563 1085 καὶ

1991 1126 2310 1196 ὲπειράσθη.
2353 1123 2514 1175 Ἀλλὰ
2553 1125 2783 1193 Μωσῆς,
2818 1124 3002 1192 φησιν,
3046 1124 3256 1193 ἡμέρας
3296 1124 3565 1193 τεσσαρά-

1991 1234 2156 1270 κοντα
2189 1214 2509 1283 νηστεύσας,
2543 1214 2697 1265 ,ξλαὸε
2729 1215 2818 1265 τὸν
2854 1214 3039 1283 νόμον·
3085 1213 3268 1276 Ἠλίας
3294 1212 3350 1265 δὲ
3377 1214 3563 1265 τοσαύ-

1990 1328 2085 1373 τας
2110 1305 2436 1378 νηστεύσας,
2467 1306 2625 1357 θείων
2652 1304 2920 1374 αὑτοψιῶν
2951 1304 3155 1374 ἔτυχεν
3205 1305 3410 1374 Ἰησοῦς
3435 1304 3489 1356 δὲ
3517 1308 3565 1356 τί

1993 1400 2131 1471 μετά
2153 1400 2420 1467 τοσαύτην
2445 1396 2520 1469 (ι)
2556 1395 2805 1467 νηστείαν
2829 1394 3016 1448 ἕλαΰεν
3043 1394 3117 1464 (2)
3142 1412 3155 1459 ;
3202 1395 3320 1447 Οὐκ
3344 1391 3463 1447 ἶσον
3490 1393 3569 1463 τῷ

1989 1492 2174 1546 λαϐεῖν
2207 1492 2369 1561 νόμον
2393 1491 2487 1541 καὶ
2507 1488 2758 1550 θεοπτίας
2781 1487 3072 1557 ἀξιωθῆναι
3103 1488 3161 1541 τὸ
3175 1487 3359 1541 λαϐεῖν
3384 1488 3533 1554 Εύαγ
3548 1516 3569 1524 -

1992 1584 2169 1650 γὲλιον
2192 1582 2283 1634 καὶ
2311 1579 2546 1651 κηρύξαι
2574 1579 2674 1650 τὴν
2705 1578 2812 1633 τῶν
2843 1579 3084 1650 οὐρανῶν
3116 1577 3411 1647 βασιλείαν·
3440 1594 3568 1629 τοσ-

324 1691 577 1762 accepit?
618 1690 775 1743 Haud
808 1689 1036 1757 :equalis
1060 1654 1276 1741 obtinet
1317 1685 1458 1739 ratio
1492 1685 1634 1738 inter
1672 1690 1887 1735 utrum-

2008 1676 2143 1744 n'nov
2175 1674 2232 1726 δὲ
2272 1672 2543 1743 διάφορον,
2574 1672 2696 1724 ὅσον
2732 1671 2960 1741 οὐρανὸς
3000 1669 3247 1739 διαφέρει
3286 1668 3387 1738 τῆς
3431 1669 3563 1737 γῆς,

327 1800 453 1853 que,
489 1784 659 1853 legem
709 1783 980 1851 accipere,
1016 1781 1435 1847 divinarumque
1488 1777 1712 1845 dignum
1763 1789 1891 1827 cen-

327 1872 435 1924 seri
491 1871 910 1933 revelationnm,
946 1877 1108 1937 atque
1165 1867 1511 1938 Evangelium
1552 1866 1801 1934 accipere
1839 1873 1893 1919 et

328 1976 551 2031 regnum
610 1963 874 2014 cretorum
932 1960 1252 2029 prtedieare.
1299 1958 1472 2012 Tanta
1538 1958 1683 2011 enim
1751 1957 1893 2010 inter

324 2062 617 2119 utrumque
661 2051 993 2115 differentia,
1020 2058 1223 2119 quanta
1267 2050 1467 2105 omium
1520 2049 1664 2101 inter
1708 2055 1791 2101 est
1832 2060 1896 2100 ac

327 2155 549 2207 terram,
584 2145 889 2196 inunortale
909 2151 963 2194 et
987 2144 1237 2203 mortale.
1262 2150 1527 2195 aeternum
1558 2147 1897 2208 ettempora-

330 2237 494 2286 riunt.
528 2233 659 2285 Illud
710 2248 858 2295 vero,
886 2235 1023 2283 οηιηὶ
1069 2234 1217 2284 rerbo
1266 2230 1359 2283 Dei
1384 2229 1543 2299 (Luc.
1570 2244 1644 2292 Iv,
1680 2228 1766 2295 4),
1789 2242 1895 2280 non

329 2322 589 2374 doctrinae
624 2336 784 2373 causa
816 2322 969 2380 dicit,
1015 2320 1109 2374 sed
1164 2327 1384 2388 propter
1435 2319 1898 2386 comparationth

329 2413 458 2467 cibi.
484 2413 563 2465 Ad
612 2413 845 2480 ineptam
882 2412 1027 2464 enim
1070 2411 1217 2463 illius
1263 2411 1727 2480 provocationem,
1765 2406 1900 2460 Jube

333 2513 389 2556 ut
441 2502 640 2573 lapides
698 2504 786 2553 isti
842 2518 1001 2569 panes
1056 2503 1186 2568 [iant
1220 2499 1451 2569 (Matth.
1510 2517 1579 2562 tv,
1616 2499 1709 2567 ὃ),
1742 2497 1899 2566 quasi

336 2593 519 2650 Jesum
563 2596 763 2663 ubique
801 2610 938 2664 pane
973 2593 1169 2646 nutriri
1221 2599 1516 2661 oporteret,
1549 2604 1737 2643 eorum
1787 2604 1901 2641 me-

335 2703 451 2738 mor
506 2703 626 2750 qtae
684 2689 737 2738 in
812 2685 1033 2739 deserto
1100 2684 1242 2737 iacta
1302 2691 1509 2743 essent,
1566 2680 1904 2734 commonuit

335 2795 479 2845 en‘m,
523 2778 748 2833 dicens:
786 2777 908 2832 Non
959 2795 1086 2845 opus
1137 2777 1289 2831 habet
1329 2774 1472 2829 Deus
1523 2774 1763 2842 panibus.
1806 2771 1904 2824 Et-

337 2871 481 2923 enim
515 2868 657 2923 Dens
689 2872 895 2937 alisque
957 2886 1095 2938 pane
1152 2867 1406 2922 lsraelem
1441 2864 1671 2918 nutrivit
1726 2862 1779 2914 in
1813 2862 1908 2914 de-

342 2970 510 3020 serto.
542 2970 595 3013 et
648 2963 857 3013 nutrire
903 2976 1023 3013 eum
1064 2968 1241 3028 potest
1276 2966 1435 3027 prout
1483 2957 1596 3011 vult
1647 2953 1904 3020 Verbum,

342 3055 580 3107 divinam
613 3054 824 3119 (verbo)
866 3053 1115 3105 indicans
1163 3049 1480 3103 crcatricem
1535 3048 1896 3101 voluntatem.

344 3144 482 3199 Mosi
525 3145 743 3213 quidem
794 3153 847 3196 et
880 3142 1025 3204 Elite,
1069 3141 1135 3195 ad
1176 3140 1386 3192 minora
1425 3138 1531 3191 alia
1573 3138 1910 3207 properanti-

344 3236 469 3299 bus,
507 3235 652 3287 haud
701 3237 1029 3304 permissum
1092 3240 1175 3287 est
1218 3230 1419 3285 tentari
1453 3245 1481 3282 a
1512 3231 1730 3285 diabolo
1765 3229 1911 3283 :Re-

344 3327 611 3395 demptori
672 3341 823 3386 vero,
868 3325 956 3377 cui
1005 3322 1298 3377 dissolutio
1348 3320 1541 3375 mortis
1591 3320 1911 3388 priorisque

346 3421 629 3474 sentcntiae
680 3433 823 3471 cura:
878 3424 1027 3476 erat.
1062 3413 1375 3469 necessario
1425 3412 1478 3465 id
1522 3413 1767 3481 permitti
1816 3412 1913 3467 de-

347 3513 487 3565 buit.
520 3509 690 3562 Valde
718 3510 866 3564 enim
905 3508 1156 3561 diabolus
1189 3506 1439 3560 homines
1474 3514 1669 3558 contra
1698 3504 1914 3558 divinas

348 3604 720 3674 legislationes
749 3601 801 3653 in
845 3599 937 3661 iis,
964 3614 1083 3669 qua:
1112 3600 1166 3651 in
1207 3606 1477 3665 potestate
1509 3604 1694 3649 nostra
1736 3596 1914 3664 posita

351 3706 501 3757 sunt,
531 3694 816 3749 deﬂecti-re
869 3703 1031 3760 atque
1063 3691 1318 3758 decipere
1367 3688 1539 3757 cupit.
1569 3687 1706 3740 Illud
1763 3702 1913 3746 vero,

352 3794 408 3837 ut
442 3786 526 3838 lex
556 3786 830 3841 ederetur,
853 3783 1336 3854 suscippreturque
1363 3796 1488 3833 cum
1523 3794 1629 3832 non
1661 3780 1714 3832 in
1749 3777 1916 3831 Musis

353 3878 446 3931 sed
481 3878 534 3930 in
572 3874 662 3930 Dei
693 3882 838 3929 esset
869 3882 1160 3942 potestate,
1189 3872 1443 3926 diabolus
1481 3871 1744 3940 impedire
1772 3870 1914 3923 haud

351 3967 553 4036 potuit.
580 3965 919 4020 Concessum
953 3974 1138 4018 tamen
1173 3964 1249 4015 illi
1283 3970 1388 4023 est.
1414 3964 1470 4016 in
1506 3963 1615 4017 illis
1648 3978 1748 4017 nos
1765 3961 1919 4016 deci-

354 4072 502 4126 pere,
534 4071 654 4125 qua:
704 4054 885 4109 facere
915 4064 1080 4123 atque
1121 4055 1376 4106 omittere
1410 4054 1465 4105 in
1515 4063 1707 4107 nostro
1742 4053 1917 4122 posita

356 4158 484 4202 sunt
544 4148 788 4202 arbitrio.
820 4146 892 4200 Ita
928 4161 1147 4215 queque
1188 4144 1454 4197 Adamum
1502 4145 1716 4214 decepit
1754 4160 1767 4195 :
1816 4160 1916 4214 gu-

356 4240 517 4293 statio
570 4240 714 4293 enim
772 4238 1005 4299 arboris,
1054 4237 1180 4290 licet
1229 4251 1336 4287 non
1388 4236 1441 4287 in
1501 4243 1772 4304 potestate
1822 4252 1921 4290 no-

1992 1767 2161 1822 καὶτὸ
2184 1765 2448 1819 ἀθάνατον
2468 1764 2561 1817 τοῦ
2581 1764 2797 1833 θνητοῦ,
2820 1762 2914 1816 καὶ
2935 1762 2997 1815 τὸ
3014 1762 3179 1815 αἲδιον
3201 1760 3294 1814 τοῦ
3318 1762 3575 1831 προσκαί-

1996 1879 2107 1932 ρου.
2125 1862 2197 1914 Τὸ
2209 1862 2284 1927 δὲ,
2323 1861 2452 1915 Ἐπὶ
2469 1859 2645 1912 παντὶ
2662 1858 2880 1927 ῥήματι
2898 1857 3063 1921 Θεοῦ,
3081 1860 3141 1911 ού
3171 1875 3236 1909 πε
3247 1857 3297 1926 ρ).
3325 1855 3573 1909 διδασκα-

1992 1954 2113 2017 λίας
2152 1954 2329 2021 λέγει,
2381 1953 2514 2007 ἀλλὰ
2563 1953 2699 2023 πρὸς
2744 1951 2835 2005 τὸν
2886 1950 3150 2021 πορισμὸν
3189 1950 3288 2019 τῆς
3344 1948 3569 2017 τροφῆς.

1994 2046 2135 2117 Πρὸς
2165 2045 2272 2116 γὰρ
2304 2045 2399 2115 τὴν
2430 2044 2636 2097 ἐκείνου
2679 2042 2976 2113 πρόκλησιν
3010 2040 3210 2094 ἄτοπον
3248 2036 3434 2102 οὖσαν,
3487 2039 3569 2103 τὸ,

1997 2140 2147 2194 Εἰπὲ
2161 2139 2261 2192 ἵνα
2285 2142 2338 2191 οἱ
2357 2139 2511 2192 λίθοι
2540 2136 2704 2204 ἄρτοι
2735 2136 3006 2205 γίνωνται
3027 2136 3126 2204 (5),
3144 2136 3221 2198 ὡς
3243 2135 3405 2188 παντὶ
3426 2134 3574 2201 τόπῳ

1998 2233 2103 2284 ὑπὸ
2129 2232 2291 2303 ἄρτου
2325 2230 2689 2301 διατραφῆναι
2717 2228 3021 2295 ὀφείλοντος
3041 2271 3055 2293 ,
3091 2228 3162 2282 τά
3192 2231 3249 2281 ὲν
3280 2231 3344 2299 τῇ
3383 2230 3574 2299 ἐρήμῳ

1999 2322 2262 2392 γενόμενα
2277 2321 2703 2391 ὑπομιμνήσκων
2720 2318 2879 2370 αὑτὸν
2898 2318 3102 2386 ἔλεγεν,
3120 2320 3194 2382 ὡς
3206 2320 3289 2371 Οὐ
3304 2318 3477 2387 χρεία
3494 2319 3571 2385 (ι)

2000 2413 2191 2480 ἄρτων
2222 2412 2302 2476 τῷ
2337 2412 2476 2476 Θεῷ.
2515 2411 2622 2463 Καὶ
2650 2411 2778 2466 ἄνευ
2802 2414 2910 2481 γὰρ
2938 2411 3116 2481 ἄρτων
3143 2409 3273 2472 Θεὸς
3298 2413 3355 2462 ὲν
3387 2410 3579 2479 ἐρήμῳ

2005 2503 2257 2574 διέθρεψε
2290 2503 2378 2555 τὸν
2421 2501 2653 2573 Ἰσραὴλ,
2682 2504 2776 2555 καὶ
2810 2502 2971 2554 αὐτὸν
3009 2500 3297 2572 διαθρέψαι
3329 2500 3576 2563 δύναται,

2003 2595 2179 2657 καθὼς
2210 2594 2275 2647 ἂν
2310 2593 2585 2664 βούληται,
2620 2594 2769 2665 ῥῆμα
2801 2594 2975 2661 λέγων
3003 2595 3101 2663 τὴν
3135 2593 3421 2665 ποιητικὴν
3452 2591 3578 2662 βού-

2004 2686 2157 2755 λησιν
2194 2684 2288 2737 τοῦ
2323 2684 2476 2738 Θεοῦ.
2521 2685 2596 2755 (5)
2629 2685 2831 2755 Μωσῆς
2879 2683 2935 2736 δὲ
2980 2686 3073 2737 καὶ
3128 2684 3312 2756 Ἠλίας
3352 2684 3583 2755 νηστεύ-

2008 2796 2196 2841 σαντες
2234 2778 2292 2830 ού
2329 2777 2778 2848 συνεχωρήθησαν
2812 2777 3170 2849 πειρασθῆναι
3200 2777 3304 2829 ύπὸ
3334 2776 3431 2829 τοῦ
3466 2776 3580 2828 δια-

2007 2868 2163 2921 ϐόλου
2205 2868 2337 2939 πρὸς
2364 2868 2526 2939 ἕτερα
2558 2869 2877 2931 σπεύδοντες
2909 2870 3227 2940 μικρότερα·
3259 2870 3286 2920 6
3311 2869 3366 2921 δὲ
3395 2869 3583 2940 Σωτὴρ

2012 2960 2324 3028 ἀναγκαίως
2366 2961 2735 3031 συνεχωρήθη,
2797 2961 2934 3031 πρὸς
2990 2961 3087 3031 τὴν
3147 2961 3439 3015 κατάλυσιν
3490 2962 3585 3014 τοῦ

2012 3052 2240 3106 θανάτου
2269 3051 2683 3123 πολιτευόμενος
2706 3052 2798 3105 καὶ
2828 3053 2981 3106 λύσιν
3012 3054 3112 3123 τῆς
3149 3054 3419 3126 προτέρας
3451 3057 3588 3109 ἀπο-

2013 3144 2251 3213 φάσεως.
2289 3143 2431 3214 Πρὸς
2456 3144 2564 3215 γὰρ
2586 3144 2683 3207 τὰς
2714 3146 3033 3214 νομοθεσίας
3070 3144 3162 3199 τοῦ
3194 3146 3327 3200 Θεοῦ
3372 3147 3587 3200 σπεύδει

2012 3234 2103 3286 καὶ
2127 3236 2155 3285 ὁ
2174 3232 2415 3296 διάϐολος
2436 3234 2721 3303 ἐκτρέπειν
2744 3234 2837 3287 καὶ
2859 3235 3074 3304 ἀπατᾷν
3113 3237 3238 3298 τοὺς
3268 3236 3587 3306 ἀνθρώπους

2014 3327 2070 3378 ὲν
2099 3320 2179 3389 οἷς
2211 3324 2275 3378 ἂν
2310 3324 2483 3377 ἔνεστι
2509 3324 2568 3377 τὺ
2593 3326 2676 3393 ἐφ’
2701 3325 2852 3394 ἡμῖν,
2888 3325 2947 3377 τὸ
2970 3325 3026 3378 δὲ
3058 3326 3353 3396 ἀναχθῆναι
3386 3326 3466 3398 (ὑ)
3498 3327 3590 3379 καὶ

2012 3417 2197 3470 λαϐεῖν
2234 3416 2325 3469 τὸν
2362 3416 2525 3487 νόμον
2564 3418 2592 3470 6
2636 3416 2880 3480 διάϐολος
2933 3418 3141 3470 ἀνελεῖν
3194 3419 3293 3471 οὐκ
3333 3418 3586 3489 ἠδύνατο.

2014 3510 2182 3561 Τοῦτο
2211 3509 2318 3579 γάρ
2362 3504 2429 3579 ἦν
2463 3509 2555 3561 ἐπὶ
2586 3508 2664 3578 τῷ
2700 3508 2820 3577 Θεῷ
2851 3508 2944 3560 καὶ
2990 3508 3089 3561 οὐκ
3122 3509 3215 3561 ἐπὶ
3247 3508 3322 3579 τῷ
3379 3512 3585 3564 Μωσεῖ,

2021 3603 2090 3653 Ἀ
2122 3601 2177 3654 δέ
2214 3602 2361 3653 ἔστιν
2386 3601 2469 3669 ἐφ’
2493 3603 2622 3671 ἡμῖν
2644 3601 2866 3671 ποιῆσαι
2894 3601 2987 3652 καὶ
3017 3599 3091 3670 μὴ
3120 3601 3364 3670 ποιῆσαι,
3393 3602 3449 3654 ὲν
3471 3601 3591 3654 τού-

2015 3711 2127 3756 τοις
2174 3694 2270 3747 καὶ
2321 3695 2534 3764 ἁπατᾷν
2589 3696 2988 3764 συγχωρεῖται,
3028 3694 3163 3765 ὅπερ
3215 3695 3308 3746 καὶ
3356 3695 3449 3746 ἐπὶ
3495 3694 3589 3746 τοῦ

2034 3781 2202 3853 Ἀδὰμ
2236 3783 2480 3853 ἐποίησε.
2518 3782 2589 3833 Τὸ
2627 3780 2733 3852 γὰρ
2770 3781 3005 3850 ἅψασθαι
3046 3784 3121 3851 (7)
3162 3784 3256 3836 τοῦ
3305 3783 3460 3848 ξύλου
3496 3785 3589 3837 καὶ

2023 3867 2135 3939 μὴ,
2176 3868 2270 3922 τοῦ
2320 3870 2404 3939 ἐφ’
2459 3871 2589 3940 ἡμῖν
2636 3869 2730 3922 καὶ
2779 3869 3119 3939 αὐθαίρετον.
3179 3873 3330 3927 Ἐπεὶ
3364 3869 3456 3927 οὖν
3503 3874 3592 3927 διὰ

2021 3959 2297 4024 πολιτείας
2332 3960 2425 4013 καὶ
2469 3960 2560 4013 τοῦ
2599 3961 2985 4030 ἀναμαρτήτου
3024 3962 3132 4016 ἔδει
3162 3965 3466 4019 καταλῦσαι
3496 3966 3591 4035 τὴν

2019 4051 2114 4104 τοῦ
2164 4051 2391 4105 θανάτου
2440 4052 2711 4119 ἀπόφασιν
2747 4050 3021 4120 πάσχοντα
3068 4054 3208 4126 ὑπὲρ
3252 4057 3589 4127 ἁμαρτωλῶν

2022 4144 2181 4196 αὑτὸν
2215 4143 2593 4214 ἀναμάρτητον
2621 4143 2751 4195 ὄντα
2772 4182 2788 4205 ,
2821 4144 2921 4195 οὐκ
2952 4144 3222 4198 ἐδείκνυτο
3252 4148 3308 4200 δὲ
3337 4149 3589 4219 ἀναμάρο

2023 4253 2185 4305 τητος
2229 4237 2257 4288 6
2311 4237 2475 4306 μήπω
2513 4233 2654 4287 κατά
2697 4234 2875 4287 πάντα
2914 4234 3367 4308 πολιτευσάμενος
3415 4238 3500 4291 καὶ
3537 4240 3594 4289 ἐν

357 4339 470 4383 stra
515 4329 687 4399 posita
715 4328 806 4391 sit,
847 4336 1146 4396 spontanea
1192 4333 1372 4378 tamen
1416 4335 1521 4379 est.
1560 4325 1699 4380 Cum
1757 4327 1906 4395 igitnt

2030 4331 2195 4381 πᾶσιν
2227 4328 2632 4396 ἀγωνισάμενος
2666 4325 2800 4396 πρὸς
2831 4325 2931 4396 τὴν
2972 4328 3267 4400 ἁμαρτίαν,
3308 4330 3397 4383 διὰ
3439 4330 3596 4382 τοῦτο

358 4423 533 4488 ipsum
572 4418 782 4479 Jesum,
816 4418 906 4487 qui
958 4418 1167 4487 absque
1212 4423 1437 4486 peccato
1472 4426 1642 4479 esset.
1670 4425 1925 4486 peccato-

360 4530 481 4567 rum
518 4527 684 4566 causa
713 4512 864 4566 curis
919 4519 1086 4581 atque
1136 4510 1449 4564 innocentia
1490 4525 1590 4564 sua
1644 4510 1776 4577 pati,
1803 4525 1926 4563 sen-

360 4604 694 4671 tentiamque
749 4602 941 4656 mortis
1011 4602 1228 4655 auferre
1265 4609 1563 4669 oporteret,
1596 4615 1703 4655 non
1745 4612 1922 4654 tamen

429 4806 506 4874 (l)
539 4802 605 4874 Y.
638 4802 847 4874 Theod.
883 4801 947 4854 ad
983 4801 1168 4855 Matth.
1200 4819 1272 4861 tv.
1294 4802 1354 4874 7‘2.

428 4871 504 4947 (2)
541 4872 605 4935 ιζ.
667 4873 823 4927 Ἀλλὰ
866 4874 1041 4947 Μῶα.-
1070 4903 1139 4912 -
1163 4902 1235 4912 --
1264 4872 1452 4924 ἐλαϐεν
1479 4912 1497 4947 ,_
1524 4871 1725 4925 Juliani
1757 4879 1947 4947 sunt,

361 4941 680 5005 nonetiam,
721 4953 777 4996 ut
825 4945 963 4995 male
996 4941 1219 5013 Mueut.,
1250 4943 1533 5013 sequentia
1565 4972 1634 4982 ——
1665 4945 1925 5013 προσκαξο

364 5036 479 5087 ρου.
512 5016 585 5068 Τὸ
605 5015 684 5067 δὲ.
716 5046 784 5087 -έ-
817 5014 984 5081 λέγει.
1021 5012 1142 5087 Hzpe
1170 5022 1395 5087 (propter
1431 5012 1620 5087 falsam
1658 5054 1671 5076 ,
1709 5012 1925 5066 ’Juliani

362 5083 544 5147 izredo,
592 5101 623 5137 v
672 5086 783 5138 ,ἐπὶ
816 5103 874 5138 π.
922 5087 970 5155 ρ.
996 5101 1044 5135 τ.
1075 5084 1125 5134 θ.
1169 5083 1667 5155 interpretationem
1697 5085 1923 5138 addidit.

365 5157 639 5228 Πορισμὸν
661 5174 708 5208 τ.
742 5172 827 5224 τρ.
862 5153 929 5209 de
957 5153 1364 5223 comparatione
1392 5153 1517 5205 cibi.

435 5230 511 5295 (5)
555 5227 841 5277 Γένωνται.

433 5298 509 5366 (ί)
546 5296 744 5367 Mnent.
804 5296 913 5364 Προ
962 5312 1070 5367 γαρ
1123 5310 1222 5362 την
1280 5322 1349 5332 —
1391 5323 1477 5345 —.
1527 5309 1692 5363 αρτου
1746 5294 1932 5347 διατα-

364 5384 528 5436 φηναι
592 5366 889 5432 οφειλοντες
953 5366 1120 5417 ταί-
1159 5380 1454 5433 γενομενα,
1513 5381 1938 5433 υπομιμνησκων

366 5435 574 5491 αυτου..
606 5463 677 5475 --
706 5464 776 5473 --
807 5451 990 5503 χρειαν
1026 5465 1093 5473 -
1122 5466 1191 5474 —
1222 5445 1340 5488 ante
1398 5435 1839 5501 provocationem
1869 5465 1940 5474 —

367 5508 520 5573 quasi
557 5522 755 5561 necesse
784 5506 995 5558 omnino
1022 5516 1184 5567 esset,
1222 5517 1275 5558 ut
1303 5507 1477 5558 omnia
1508 5522 1623 5572 quw
1647 5508 1699 5556 in
1732 5505 1936 5558 deserto

370 5578 511 5644 facta
540 5588 708 5631 essent
733 5617 746 5637 .
799 5594 831 5628 a
862 5591 994 5643 parte
1039 5577 1252 5629 dissolvi
1282 5576 1555 5637 deberent,
1613 5578 1936 5628 commonuit

360 5663 483 5698 eum
517 5646 703 5703 dicem
731 5649 884 5701 —.l
950 5646 1282 5714 Ὀφείλοντος
1340 5654 1487 5699 recte
1541 5644 1651 5713 jam
1713 5650 1936 5714 scripsit

2024 4418 2084 4483 ἐξ
2112 4418 2355 4488 ἀνάγκης
2381 4419 2743 4487 συγχωρεῖται
2774 4418 3137 4490 πειρασθῆναι
3163 4422 3267 4474 ὑπὸ
3290 4422 3383 4474 τοῦ
3414 4422 3593 4475 διαῦὀ-

2023 4510 2134 4571 λου,
2165 4510 2239 4572 ῶς
2263 4508 2508 4578 βούλεται
2540 4508 2703 4569 αὐτὸς
2728 4509 2755 4559 ὁ
2782 4506 3047 4573 διάϐολος,
3073 4512 3158 4564 ῖνα
3186 4511 3442 4583 καθαρῶς
3470 4514 3599 4565 ἁνα-

2031 4602 2302 4672 μάρτητος
2318 4600 2477 4672 ὀφθῇ,
2512 4601 2570 4653 ού
2597 4598 2675 4669 τῷ
2705 4598 2778 4668 μὴ
2808 4603 3189 4673 πειρασθῆναι,
3225 4605 3360 4659 ἀλλὰ
3385 4606 3462 4676 τῷ
3495 4624 3597 4675 φυ-

2029 4821 2081 4876 v_.
2116 4803 2170 4857 d.
2236 4805 2289 4858 in
2344 4803 2649 4860 Doderlein.
2700 4807 2879 4862 Theol.
2930 4807 3068 4862 Bibl.
3128 4809 3163 4863 Ι.
3214 4808 3265 4871 l,
3315 4822 3432 4876 pag.
3472 4807 3594 4861 «£95.

2035 4872 2195 4927 Verte
2234 4892 2249 4944 ξ
2285 4876 2367 4927 Ad
2429 4878 2655 4943 ineptam
2708 4882 2845 4930 enim
2889 4878 3034 4930 illius
3088 4872 3509 4944 provocationem
3536 4908 3598 4917 —-

2032 4945 2187 5013 quasi
2216 4943 2401 5015 Iesum
2436 4948 2625 5015 ubique
2654 4963 2786 5012 pane
2814 4950 3008 5000 nutriri
3036 4943 3316 5011 oporteret.

2107 5017 2183 5083 (5)
2217 5014 2336 5068 Jan]
2370 5017 2434 5069 ad
2468 5014 2628 5070 aliam
2664 5034 2772 5070 rem
2806 5020 3093 5074 transitae
3123 5018 3282 5070 docet
3306 5057 3320 5077 ,
3348 5031 3448 5070 cur
3478 5019 3603 5072 Ser-

2034 5088 2511 5155 vatoritentandus
2548 5088 2760 5148 fuisset,
2790 5104 2965 5155 neque
2992 5103 3120 5140 vero
3154 5088 3328 5142 Moses
3351 5087 3599 5142 ettElias.

2044 5154 2393 5278 manifestum
2424 5166 2506 5212 est
2527 5197 2541 5217 .
2573 5174 2696 5211 eum
2731 5159 2817 5211 hic
2850 5174 3064 5228 quoque
3098 5167 3290 5211 contra
3322 5156 3601 5211 lulianum

2085 5238 2349 5278 tsnntarc.

2085 5238 2349 5291 tspntarc.

2112 5297 2188 5364 (6)
2241 5296 2470 5368 Mitem”
2524 5296 2767 5367 ανεχθειν
2793 5299 2853 5351 ?l
2903 5297 3241 5368 ἀναχθῆναι,
3271 5298 3396 5350 duci
3430 5314 3505 5352 ac.
3549 5297 3603 5350 in

2045 5378 2269 5419 montem
2305 5365 2474 5420 Sirmi.

2117 5437 2192 5505 (7)
2231 5436 2434 5490 Muent.
2466 5438 2669 5509 T6719
2726 5437 2954 5506 ηψασθαι
2982 5469 3047 5478 --
3076 5445 3240 5508 atque
3296 5437 3359 5509 in_
3387 5435 3603 5509 hisne-

2046 5508 2163 5586 scio
2207 5522 2368 5586 quam
2419 5506 2674 5586 subtilem
2718 5506 3606 5586 distinctionem_deprehendisse

2046 5577 2148 5649 s_ih_i
2186 5577 2335 5631 visus
2372 5586 2473 5649 est.
2520 5577 2689 5631 Paulo
2722 5588 2843 5645 post
2869 5579 2960 5631 τοῦ
2988 5579 3070 5645 ἐφ’
3096 5580 3227 5649 ἡμῖν
3255 5581 3395 5632 bene
3422 5577 3604 5630 habet.

2045 5646 2149 5698 Τοῦ
2180 5657 2259 5702 est
2297 5648 2464 5717 genit.
2495 5649 2801 5717 partitivus.
