4096 6234
335 382 461 436 72).

1538 385 1604 439 IN
1656 385 2107 443 EVANGELIUM
2164 385 2392 445 ιυωε.

3485 389 3593 446 712

342 498 601 564 ιάξασθαι
648 497 981 570 πειρασθείς.
1028 500 1093 553 Τί
1138 500 1195 553 δὲ
1242 500 1585 570 θαυμάζεις,
1614 504 1693 574 (1)
1725 506 1809 558 ὅτι
1844 505 1917 575 μὴ

2043 520 2217 573 expers
2244 502 2462 574 peccati
2512 505 2953 571 monstrabatur,
2981 502 3074 574 qui
3117 502 3359 557 nondum
3397 502 3601 570 ubique

342 594 489 653 ivro;
518 589 678 660 ὅρους
707 587 910 659 ὑψηλοῦ
944 589 1002 641 ὲν
1046 592 1113 660 τῇ
1145 592 1335 662 ἐρήμῳ
1366 593 1583 661 λέγεται
1612 597 1641 647 6
1674 595 1918 660 διάϐολος

338 686 635 751 ἀναγαγεῖν
665 683 825 737 αὑτὸν
870 685 950 747 είς
980 685 1104 757 ὅρος
1132 684 1335 755 ὑψηλὸν
1372 686 1525 753 λίαν;
1574 688 1669 740 Ἐν
1698 687 1922 758 στιγμῇ

343 777 449 845 γὰρ
473 778 698 847 χρόνου
717 776 865 845 λέγει
890 779 986 844 (2),
1015 778 1199 847 σαφῶς
1216 779 1430 842 δεικνὺς
1445 782 1743 848 φαντασίαν
1762 781 1922 852 ὅρους

346 872 432 921 τὸν
462 868 706 922 διάϐολον
753 868 1109 938 πεποιηκέναι
1160 870 1251 922 καὶ
1285 872 1608 942 οἰκουμένην
1643 871 1924 941 βτιισιλευο⁴

343 962 511 1031 μένην
553 960 689 1031 πρὸς
719 958 1004 1031 ἄνθρωπον
1037 961 1168 1031 ὁρᾷν
1199 960 1342 1015 οὕτω
1374 963 1671 1033 δυνάμενον
1697 966 1798 1033 (5).
1846 965 1921 1018 Οὐ

342 1052 450 1123 γὰρ
475 1051 609 1105 καθὸ
640 1051 773 1114 Θεὸς
806 1046 873 1121 ἦν
903 1052 934 1122 ἢ
965 1053 1253 1123 ἐπείραζεν
1296 1056 1325 1106 6
1357 1054 1599 1118 διάϐολος
1627 1056 1659 1127 ἢ
1697 1056 1922 1126 ἐπειρά-

340 1146 485 1210 ζετοο
528 1143 687 1197 τοῦτο
724 1144 830 1215 γὰρ
870 1146 968 1197 οὐκ
1002 1141 1068 1215 ἦν
1101 1146 1499 1215 πειρασθῆναι,
1530 1148 1666 1202 ἀλλά
1703 1149 1923 1219 ἀπατῆ-

342 1256 437 1292 σαι
464 1238 541 1308 (4)
566 1237 791 1308 μᾶλλον.
837 1236 993 1291 Ἀλλά
1039 1237 1185 1300 πῶς,
1215 1240 1399 1308 φησιν,
1433 1242 1514 1303 εἰς
1542 1241 1604 1295 τὸ
1633 1239 1924 1312 πτερύγιον

340 1331 438 1383 τοῦ
475 1329 621 1400 ίεροῦ
652 1330 743 1383 τὸν
786 1328 987 1400 Κύριον
1025 1330 1299 1400 ἀνήγαγεν
1340 1334 1368 1384 6
1404 1331 1651 1395 διάϐολος
1696 1333 1826 1387 ὅντα
1867 1335 1924 1386 ἐν

339 1424 411 1491 τῇ
460 1421 687 1492 ὲρήμῳ;
727 1420 871 1472 Διότι
900 1421 999 1472 οὐκ
1047 1419 1133 1472 ἐπ’
1159 1420 1443 1490 ἀπολείψει
1473 1422 1569 1493 τῆς
1596 1424 1804 1492 ἐρήμου
1848 1425 1927 1486 είς

340 1514 406 1566 τὸ
434 1513 730 1585 πτερύγιον
764 1513 1014 1583 ἀνήγετο,
1045 1512 1168 1566 ὅθεν
1193 1513 1273 1583 τῷ
1303 1514 1360 1567 ἐν
1388 1514 1553 1583 ὀλίγῳ
1587 1515 1926 1585 ἀπολειφθῆ-

341 1625 453 1673 ναι,
484 1608 579 1661 καὶ
602 1607 702 1659 οὐκ
725 1609 781 1659 ὲν
810 1606 1009 1676 πολλῷ,
1039 1608 1132 1658 καὶ
1156 1606 1230 1668 ὡς
1252 1607 1429 1659 ἐκεῖσε
1452 1606 1612 1660 πάλιν
1640 1609 1928 1661 ἐπανελευ-

344 1700 593 1770 σόμενος.
630 1699 704 1751 Uti
740 1698 960 1766 λέγεται
1006 1698 1114 1768 γὰρ
1145 1696 1521 1768 ἐξεληλυθέναι
1568 1702 1632 1752 ὲκ
1673 1701 1770 1771 τῆς
1801 1702 1927 1773 ὲρή-

347 1809 453 1862 μου
482 1792 579 1861 (5).
611 1792 822 1863 Ὠσπερ
850 1792 959 1863 γάρ
988 1810 1071 1855 τις
1090 1794 1161 1845 γὲν
1189 1793 1342 1845 πόλει
1371 1794 1403 1862 ἦ
1434 1793 1581 1863 οἰκία
1607 1794 1924 1864 γενόμενος,

2022 607 2277 652 versatus
2306 605 2455 651 esset
2485 606 2539 650 et
2574 598 2627 650 in
2670 598 2929 651 omnibus
2958 611 3082 649 cum
3110 604 3341 665 peccato
3374 594 3600 647 dimica-

2022 690 2162 743 verit
2193 707 2207 742 :
2247 696 2535 759 pr0pterea
2567 691 2881 747 necessario
2902 695 3056 758 gopus
3093 696 3231 750 erat,
3264 702 3388 742 eum
3425 699 3455 739 a
3486 685 3604 739 dia-

2030 782 2156 836 bolo
2186 781 2253 834 ad
2287 781 2575 834 arbitrium
2606 781 2786 850 ipsius
2809 781 3033 843 tentari,
3065 788 3121 833 ut
3151 776 3441 831 manifeste
3469 790 3602 845 pec-

2024 875 2131 930 cati
2183 889 2381 943 expers
2414 890 2536 928 esse
2570 873 2875 938 videretur;
2906 889 3011 926 non
3056 872 3275 942 quidem
3315 868 3459 939 quod
3494 882 3605 920 non

2024 975 2265 1021 tentatus
2305 976 2471 1029 esset,
2507 968 2601 1021 sed
2635 966 2780 1036 quod
2824 968 2876 1019 in
2927 964 3231 1020 tentatione
3262 978 3383 1017 sese
3406 962 3599 1032 proba-

2024 1060 2182 1113 verit.
2214 1058 2356 1123 Quid
2394 1074 2518 1112 vero
2560 1059 2779 1113 miraris
2832 1058 2942 1111 dici
2987 1072 3112 1111 eum
3164 1072 3191 1108 a
3218 1054 3437 1109 diabolo
3466 1052 3605 1106 duc-

2025 1156 2138 1202 tum
2183 1149 2351 1203 fuisse
2381 1149 2434 1202 in
2478 1155 2718 1202 montem
2761 1146 3043 1202 excelsum
3077 1144 3227 1214 (Luc.
3254 1160 3325 1209 tv,
3355 1143 3433 1205 5),
3479 1156 3603 1195 cum

2024 1239 2078 1294 in
2111 1239 2330 1293 deserto
2377 1253 2534 1294 mons
2579 1238 2721 1291 haud
2778 1238 2849 1293 sit
2893 1238 3178 1293 excelsus?
3216 1236 3276 1289 In
3323 1239 3602 1288 momento

2026 1331 2173 1385 enim
2208 1332 2472 1402 temporis
2502 1331 2706 1386 factum
2749 1332 2803 1384 id
2833 1346 2957 1385 esse
2986 1326 3601 1417 dicit.benejndicans,

2024 1425 2296 1479 visionem
2328 1424 2531 1478 montis
2553 1441 2582 1476 ει
2614 1424 2838 1477 diabolo
2866 1429 3211 1493 procreatam
3237 1418 3431 1482 fuisse,
3458 1432 3609 1473 eum-

2027 1532 2133 1587 que
2186 1516 2239 1569 in
2289 1514 2514 1568 modum
2564 1516 2751 1569 orbem
2785 1524 3078 1575 terrarum,
3106 1513 3193 1566 cui
3228 1512 3604 1581 imperaturus

2027 1617 2195 1674 esset,
2227 1607 2527 1664 secundum
2562 1608 2858 1661 humanam
2903 1614 3157 1660 naturam
3190 1619 3219 1657 a
3265 1602 3397 1658 Jesu
3431 1602 3611 1658 videri

2026 1701 2290 1771 potuisse.
2322 1700 2636 1756 Secundum
2667 1700 2907 1755 divinam
2939 1700 3085 1753 enim
3128 1706 3383 1752 naturam
3432 1710 3612 1766 neque

2030 1803 2271 1848 tentatus
2321 1803 2436 1856 est.
2494 1807 2671 1863 neque
2723 1808 2844 1845 eum
2901 1790 3131 1845 tentavit
3175 1789 3479 1844 diabolus:
3512 1789 3614 1842 hoc

341 1887 477 1948 ὅσας
505 1885 575 1939 ἂν
597 1883 862 1955 ἡμέραςῆ
897 1885 1070 1954 μῆνας
1098 1885 1129 1954 ἦ
1158 1885 1435 1948 ἐνιαυτοὺς
1456 1885 1515 1937 ὲν
1537 1888 1599 1955 τῇ
1624 1885 1769 1957 οἰκία
1797 1886 1829 1957 ἢ
1859 1889 1925 1957 τῇ

2043 1886 2174 1941 anim
2213 1886 2396 1956 potius
2425 1892 2543 1939 erat
2570 1885 2840 1953 deceptio.
2869 1898 3031 1953 quam
3061 1882 3316 1937 tentatio.
3341 1879 3447 1935 Sed
3474 1893 3613 1951 quo-

345 1976 505 2028 πόλει
602 1975 697 2044 (6),
732 1976 912 2027 ἐκεῖσε
961 1975 1179 2042 λέγεται
1225 1976 1487 2045 ποιῆσαι,
1524 1976 1627 2029 κᾶν
1655 1977 1761 2042 ἔξω
1800 1978 1929 2030 ποτὲ

344 2069 577 2139 γένηται
619 2067 720 2120 οὒκ
744 2067 831 2119 ἐπ’
867 2067 1148 2135 ἀπολείψει
1191 2069 1372 2139 τελεία
1398 2069 1495 2139 τῆς
1525 2070 1730 2133 πόλεως
1770 2070 1802 2137 ἢ
1831 2070 1930 2141 τῆς

345 2158 547 2221 οὶκίαςν
582 2156 722 2211 οὕτω
750 2158 842 2212 κα).
870 2159 898 2210 6
925 2159 1158 2228 Χριστὸς
1186 2158 1440 2228 ἀναχθεὶς
1470 2162 1548 2224 εἰς
1578 2161 1678 2227 τὴν
1725 2161 1955 2230 ἕρημονσ

346 2251 734 2322 πειρασθῆναι,
761 2250 861 2304 κᾶν
891 2250 995 2315 ἔξω
1029 2252 1129 2321 τῆς
1157 2254 1365 2322 ἐρήμου
1397 2252 1789 2323 πειραζόμενος
1818 2254 1931 2321 ἐγέ-

346 2360 472 2395 νετο
514 2343 614 2395 οὐκ
664 2344 753 2394 ἐπ’
787 2341 1069 2410 ἀπολείψει
1107 2343 1205 2411 τῆς
1246 2343 1456 2414 ἐρήμου
1477 2384 1490 2407 ,
1520 2344 1745 2407 εἰκότως
1777 2346 1833 2395 ἐν
1864 2347 1930 2415 τῇ

345 2437 545 2507 ἐρήμῳ
574 2434 790 2503 λέγεται
834 2430 975 2486 εἶναι
996 2474 1010 2496 ,
1055 2437 1148 2487 κα),
1183 2433 1259 2505 (7)
1286 2436 1689 2505 τεσσαράκοντα
1722 2436 1932 2506 ἡμέρας

346 2529 577 2599 ἐποίησε
607 2528 680 2599 μὴ
717 2526 1052 2597 ἐξεληλυθὼς
1080 2528 1177 2597 τῆς
1207 2528 1437 2599 ἐρήμου.
1469 2528 1541 2582 Τὸ
1572 2530 1650 2591 δὲ,
1677 2531 1797 2582 Οὺιι
1838 2530 1936 2581 ἐκ·

348 2620 661 2689 πειράσας
690 2622 907 2687 Κύριον
926 2618 1031 2672 τὸν
1057 2620 1206 2673 Θεῶν
1231 2636 1369 2682 σου,
1399 2621 1460 2673 ού
1478 2619 1647 2688 λέγει,
1671 2621 1751 2672 ὅτι
1783 2619 1931 2687 Ἐμὲ,

348 2715 399 2765 εἰ
434 2713 527 2764 καὶ
561 2710 692 2774 Θεὸς
720 2706 807 2781 ἦν·
840 2710 902 2763 οὐ
936 2710 1044 2780 γὰρ
1076 2702 1150 2772 ὥς
1176 2710 1309 2762 Θεὸν
1340 2711 1631 2781 ἐπείραζεν
1658 2711 1734 2780 (8)
1768 2713 1795 2763 6
1822 2710 1935 2764 6td~

348 2804 528 2867 ϐδλος,
561 2804 679 2857 066%
714 2805 784 2867 ὡς
820 2804 953 2865 Θεὸς
985 2804 1380 2875 πειραζόμενος
1417 2806 1784 2877 ἀπεκρίνατο·
1820 2806 1935 2859 ἀλλ’

349 2896 428 2958 ὡς
456 2896 744 2965 ἄνθρωπος
789 2894 1007 2966 ἀληθῶς
1048 2895 1444 2966 πειραζόμενος
1468 2898 1569 2967 (9),
1604 2897 1671 2951 τὰ
1710 2897 1818 2951 τῶν
1844 2900 1937 2951 ἀνι

353 2987 594 3059 θρώπων
631 2986 982 3058 ἀπεκρίνατο,
1014 2987 1074 3040 τὸ
1105 2986 1179 3059 μή
1209 2989 1532 3058 ὲκπειρᾶσαι
1561 2989 1653 3041 τὸν
1681 2989 1830 3044 Θεόν.
1881 2991 1938 3044 '0

350 3078 465 3149 γὰρ
488 3077 831 3148 ἐκπειράζων
849 3077 940 3130 τὸν
955 3077 1086 3130 Θεὸν
1099 3078 1348 3146 φαίνεται
1374 3079 1447 3150 μὴ
1472 3080 1744 3134 πιστεύειν
1766 3081 1931 3152 αὐτῷ,

352 3167 494 3222 ἀλλὰ
534 3167 697 3237 τυχὸν
742 3165 921 3238 ζητῶν
961 3166 1271 3221 πιστεῦσαι.
1321 3169 1610 3239 Διήλεγξεν
1651 3165 1745 3224 οὗν
1773 3171 1939 3224 αὐτοῦ

2035 1979 2220 2042 modo,
2266 1979 2441 2048 pergit
2481 1976 2757 2039 Julianus,
2798 1976 3108 2038 Dominum,
3141 1989 3265 2027 cum
3309 1974 3362 2025 in
3394 1971 3616 2026 deserto

2036 2082 2201 2132 esset,
2229 2072 2479 2125 diabolus
2508 2070 2667 2124 duxit
2699 2069 2753 2123 in
2787 2068 3139 2139 pinnaculum
3178 2065 3365 2134 templi
3394 2064 3618 2129 YQuare

2036 2181 2166 2228 non,
2196 2180 2319 2218 cum
2350 2163 2644 2226 adeserto,
2673 2161 2818 2232 quod
2863 2160 3013 2214 brevi
3051 2167 3314 2229 praeterea
3355 2155 3618 2224 temporis

2038 2256 2217 2325 spatio
2259 2255 2552 2310 relicturus
2592 2263 2730 2318 erat,
2775 2250 3107 2313 discederet,
3139 2250 3192 2301 in
3253 2245 3616 2315 pinnaculum

2038 2349 2362 2411 ducebatur,
2391 2361 2514 2400 cum
2546 2345 2659 2416 jam
2691 2346 2746 2399 in
2789 2343 2923 2399 illud
2976 2343 3171 2397 iterum
3224 2340 3406 2395 redire
3449 2354 3615 2409 opor-

2039 2443 2214 2498 teret?
2248 2442 2317 2494 At
2350 2455 2459 2495 non
2495 2439 2563 2493 de
2594 2437 2723 2493 Jesu
2780 2446 3039 2491 narratur
3089 2449 3213 2488 eum
3268 2431 3501 2486 rediisse
3552 2445 3618 2484 ex

2039 2547 2243 2587 eremo.
2276 2527 2749 2595 Quemadmodum
2785 2527 2931 2580 enim
2960 2525 3026 2580 de
3064 2524 3309 2587 homine,
3341 2522 3432 2592 qui
3475 2521 3615 2586 dies,

2040 2636 2283 2684 nienses,
2316 2620 2401 2674 vel
2435 2633 2611 2672 annos
2647 2619 2703 2671 in
2729 2618 2862 2671 urbe
2905 2617 2990 2670 vel
3018 2614 3181 2670 domo
3207 2615 3444 2685 quadam
3472 2628 3622 2668 com-

2039 2722 2291 2769 moratus
2321 2721 2427 2778 est,
2460 2713 2676 2767 etiamsi
2736 2712 3032 2783 aliquando
3073 2709 3415 2767 discesserit.
3444 2715 3620 2761 totum

2042 2816 2224 2860 tamen
2259 2806 2709 2862 commorationis
2745 2814 2962 2876 tempus
2991 2805 3141 2861 haud
3170 2811 3300 2859 ante
3350 2804 3619 2871 integram

2044 2901 2202 2957 urbis
2259 2902 2347 2955 vel
2401 2899 2600 2955 domus
2650 2897 3062 2953 derelictionem
3115 2892 3622 2966 computaturzita

2044 3008 2261 3064 quoque
2308 2992 2588 3054 Christus,
2620 2991 2715 3062 qui
2762 2990 2817 3045 iu
2849 2992 3150 3053 desertum,
3187 2997 3246 3043 ut
3281 2988 3355 3042 ibi
3387 2992 3625 3042 tentare-

2046 3094 2156 3151 tur,
2204 3084 2527 3149 subductus,
2577 3084 2703 3138 licet
2753 3092 2910 3138 extra
2970 3082 3045 3145 id,
3076 3096 3188 3135 non
3242 3088 3426 3133 tamen
3473 3083 3626 3146 post—

2047 3192 2211 3247 quam
2245 3192 2309 3230 ex
2340 3190 2406 3231 eo
2429 3189 2690 3245 egressus
2729 3183 2897 3237 esset,
2928 3182 3173 3228 tentatus
3203 3171 3390 3235 fuerit,
3427 3168 3625 3224 merito

354 3264 457 3334 τὴν
493 3262 692 3314 κακίαν
722 3260 906 3331 κύκλῳ
938 3262 1029 3313 καὶ
1054 3262 1119 3314 ὲκ
1146 3262 1421 3331 περιόδου,
1446 3264 1526 3325 εἰς
1554 3263 1615 3316 τὸ
1640 3264 1938 3334 ἀπιστῆσαι

2046 3272 2098 3324 in
2134 3270 2350 3324 deserto
2381 3267 2554 3323 fuisse
2583 3267 2793 3321 dicitur
2836 3268 3083 3336 adeoque
3111 3263 3479 3337 quadraginta
3508 3262 3627 3316 dies

355 3355 525 3409 αὐτὸν
553 3352 631 3423 τῷ
656 3352 776 3423 Θεῷ
806 3353 1175 3423 προσάγοντος
1211 3354 1302 3407 διὰ
1331 3354 1424 3407 τοῦ
1461 3355 1638 3408 δοκεῖν
1674 3356 1813 3410 πάνυ
1851 3376 1940 3410 πι-

360 3446 577 3500 στεύειν
616 3443 783 3515 αὑτῴ.
822 3446 1058 3497 Κάκεῖνο
1088 3446 1145 3498 δὲ
1175 3446 1414 3512 λεκτέον,
1439 3448 1521 3499 ὅτι
1559 3448 1669 3501 ἀπὸ
1693 3449 1793 3518 τῆς
1821 3466 1941 3501 πει-

364 3538 672 3610 ραζομένης
697 3536 1112 3607 ἀνθρωπότητος
1140 3537 1293 3605 ἔλεγε
1317 3538 1400 3604 τὸ,
1430 3540 1649 3608 Κύριον
1670 3540 1776 3592 τὸν
1798 3542 1945 3594 Θεόν

358 3647 482 3684 σου
517 3628 984 3697 προσκυνήσεις,
1016 3628 1115 3681 καὶ
1144 3628 1304 3693 αὐτῷ
1331 3630 1524 3697 μόνον
1554 3631 1664 3695 (10)
1687 3633 1936 3698 λατρεύ-

361 3744 516 3791 σεις,
545 3724 645 3777 οὐκ
664 3718 898 3793 ἐξαιρῶν
922 3723 1017 3791 τῆς
1047 3723 1470 3792 προσκυνήσεως
1499 3723 1593 3777 τοῦ
1617 3724 1828 3793 Πατρὸς
1856 3725 1946 3777 τὸν

363 3819 500 3875 Θεὸν
534 3818 703 3895 Λόγον
736 3816 830 3870 καὶ
860 3816 922 3869 τὸ
953 3815 1107 3885 ἆγιον
1138 3814 1381 3885 Πνεῦμα.

445 3975 525 4045 (ί)
564 3972 895 4045 Theodorus
928 3973 1001 4027 ita
1038 3970 1283 4045 disputat
1310 3989 1323 4026 :
1360 3971 1541 4045 Moses
1572 3978 1628 4028 et
1658 3971 1812 4045 Elias_
1840 3988 1948 4028 non

373 4043 512 4101 sunt
550 4053 675 4115 post
702 4044 1203 4115 jejuninmAtentati
1231 4082 1246 4106 ,
1282 4043 1410 4112 quia
1443 4043 1657 4115 minora
1688 4043 1950 4114 perficere

372 4113 916 4176 debeb‘ant,'c0ntra
979 4113 1259 4173 Servator,
1308 4114 1397 4167 cui
1445 4115 1593 4182 prior
1626 4113 1718 4168 illa
1755 4117 1951 4169 mortis

375 4188 654 4243 sententia
684 4184 952 4239 abolenda
980 4194 1143 4239 esset.
1176 4182 1482 4253 Quippe-in
1514 4185 1582 4239 iis
1610 4191 1819 4238 tantum
1852 4185 1953 4239 Sa-

374 4267 543 4312 tanas
576 4257 827 4311 homines
855 4254 923 4309 ad
961 4270 1125 4325 prava
1160 4254 1624 4325 incitarepotest
1649 4295 1663 4316 ,
1724 4271 1844 4325 quae
1896 4256 1949 4308 in

372 4329 662 4382 hominum
697 4322 975 4396 potestate
998 4324 1175 4395 posita
1215 4322 1502 4396 sunt.‘_Sicr
1544 4322 1810 4396 Adamiim
1855 4325 1950 4396 de-

374 4400 560 4467 cepit,
594 4405 650 4449 at
678 4394 806 4450 eum
835 4394 1109 4467 legislatio
1138 4409 1247 4448 non
1283 4396 1338 4449 in
1372 4394 1539 4467 Mosis
1562 4436 1575 4455 ,
1627 4395 1722 4450 sed
1763 4396 1817 4449 in
1859 4394 1952 4449 Dei

372 4463 870 4551 potestateesset,
894 4463 1091 4551 Mosen
1124 4479 1231 4546 nou
1263 4468 1463 4551 potuit.
1495 4463 1615 4519 Jam
1646 4481 1770 4551 cum
1805 4467 1957 4551 prior

374 4535 479 4616 illa
518 4538 711 4593 mortis
743 4537 1015 4593 sententia
1057 4535 1393 4616 nonnisiab
1424 4535 1957 4616 dvapapzﬁtip'abo-

376 4610 482 4666 leri
516 4619 703 4678 posset
723 4650 737 4670 ,
766 4623 868 4663 nec
894 4621 1027 4660 vero
1057 4606 1148 4660 ille
1168 4646 1182 4665 .
1213 4607 1306 4675 qui
1332 4604 1575 4678 nondum
1610 4604 1661 4659 in
1699 4604 1960 4661 omnibus

378 4676 577 4748 contra
620 4688 906 4747 peccatum
940 4688 1277 4748 pugnasset,
1314 4676 1712 4748 ἀναμάρτητος
1746 4678 1960 4731 evasis-

359 4760 502 4823 set,
536 4747 697 4823 Jesus
729 4766 758 4802 a
795 4747 1033 4823 diabolo
1048 4747 1360 4801 necessario
1394 4748 1691 4823 tenuandus
1725 4755 1963 4823 erat,Aut

381 4838 486 4881 eo.
545 4818 689 4889 quod
744 4818 1032 4873 tentationi
1071 4833 1179 4871 non
1226 4817 1647 4883 suecubuisset,
1693 4833 1819 4873 vere
1866 4819 1961 4871 ἀν-

381 4891 699 4962 αμάρτητος
733 4890 1043 4962 exsisteret.

454 4957 533 5029 (2')
574 4957 798 5025 ﬂuent,
828 4959 976 5027 λέγει
1008 4957 1386 5025 πεποιηκέναι.

459 5027 536 5101 (5)
576 5030 640 5085 H.
674 5047 722 5085 e.
750 5060 821 5069 --
846 5030 1137 5084 manifesto
1165 5029 1414 5101 indicans
1435 5069 1448 5089 ,
1478 5027 1756 5101 diabolum
1787 5028 1962 5101 visum

384 5096 593 5157 montis
618 5110 673 5156 et
697 5101 883 5155 orbem
914 5108 1187 5154 terrarum
1219 5099 1425 5167 (visum
1455 5099 1604 5154 orbis
1627 5106 1895 5153 terrarum
1913 5096 1956 5167 ),

385 5174 479 5241 qui
514 5174 585 5225 ab
611 5186 671 5226 se
698 5169 979 5240 (Satana)
1013 5179 1293 5241 regeretur
1324 5170 1452 5241 (qui
1483 5170 1590 5241 sibi
1622 5176 1863 5241 pareret,
1887 5169 1957 5223 et".

386 5238 524 5297 Luc.
559 5258 631 5313 tv,
662 5242 730 5313 6)
762 5238 1008 5297 etTecisSe
1035 5238 1241 5313 lu'uuini
1262 5279 1277 5303 ,
1310 5239 1495 5313 videre
1526 5240 1598 5291 ita
1622 5238 1854 5313 valenti.

464 5314 538 5381 (ὦ)
580 5308 732 5366 Malis
766 5327 865 5381 pro
912 5312 1188 5381 ἀπατῆσαι
1228 5310 1394 5381 scribi
1429 5308 1775 5378 ἀπατηθῆναι
1816 5311 1870 5363 b.
1906 5325 1953 5362 s.

393 5379 500 5437 hoc
522 5379 675 5436 enim
706 5379 793 5448 (si
826 5383 1079 5437 diabolus
1110 5380 1238 5435 Jesu
1282 5379 1392 5433 Deo
1425 5381 1602 5433 visum
1635 5381 1837 5433 montis
1868 5394 1960 5433 os-

390 5453 694 5523 tendisset)
750 5469 861 5507 non
918 5452 1132 5516 fuisset,
1164 5450 1406 5523 tentari,
1455 5450 1566 5523 imo
1620 5449 1824 5523 decipi.
1852 5448 1959 5523 Sed

392 5518 687 5593 ἀπατῆσαί
721 5522 861 5578 bene
908 5525 1093 5585 habet,
1132 5520 1272 5593 siv.
1305 5518 1622 5593 1651:0169,
1644 5536 1708 5593 Δκ.
1733 5537 1783 5573 τ.
1811 5518 1861 5572 λ.
1894 5520 1958 5572 ad

393 5588 584 5649 statim
613 5608 913 5664 praegressa
942 5593 1116 5664 refers
1138 5613 1149 5645 ;
1169 5590 1419 5664 diabolus
1447 5588 1582 5645 Jesu’
1604 5588 1781 5664 visum
1806 5604 1961 5664 nion-

392 5668 467 5720 tis
504 5657 770 5730 ostendit,
811 5663 958 5732 (ﬁeri
995 5663 1099 5716 hoc
1133 5662 1353 5732 _potuit)
1393 5676 1569 5732 neque
1620 5661 1764 5715 enim
1818 5657 1958 5732 Deus

394 5743 641 5791 tentatus
672 5728 773 5789 est.
807 5728 938 5789 Nam
979 5728 1299 5801 hocr(Deum
1334 5728 1568 5800 tentari)
1602 5745 1711 5784 non
1758 5728 1960 5783 tentari

397 5807 618 5867 fuisset,
652 5806 748 5875 sed
787 5806 1040 5875 decipere
1062 5800 1084 5875 γ(
1102 5800 1149 5855 Si
1186 5800 1329 5875 Deus
1375 5810 1616 5875 tentatus
1645 5808 1811 5864 esset,
1848 5814 1957 5875 non

398 5882 650 5934 tentatus
680 5872 1019 5945 fuisset,'sed
1058 5874 1174 5943 ipse
1206 5872 1562 5945 deeepissct).
1593 5872 1782 5944 Itaque
1809 5887 1859 5929 v.
1897 5872 1958 5924 οὐ

2041 3378 2107 3415 cx
2162 3376 2226 3415 co
2260 3361 2406 3414 baud
2446 3376 2708 3431 egressus
2740 3359 3031 3428 transegit.
3066 3356 3263 3413 Verbis
3294 3371 3424 3409 vero
3455 3372 3468 3407 :
3501 3351 3626 3407 Non

2043 3453 2268 3507 tentabis
2294 3453 2575 3507 Dominum
2596 3451 2761 3505 Deum
2787 3444 3627 3519 tutim(Luc.|v,12),licctDeus

2042 3555 2210 3611 esset,
2232 3547 2375 3600 baud
2405 3546 2499 3607 ait,
2525 3562 2628 3599 non
2652 3545 2880 3598 teatabis
2907 3560 3020 3597 me:
3043 3544 3295 3596 diabolus
3324 3541 3468 3596 enim
3502 3555 3625 3593 eum

2050 3652 2156 3689 non
2210 3636 2354 3689 sicut
2405 3635 2572 3687 Deum
2625 3635 2887 3696 tentavit;
2917 3648 3092 3700 neque
3126 3641 3185 3685 ut
3218 3631 3380 3692 Deus,
3432 3628 3526 3683 sed
3571 3637 3628 3683 ut

2055 3724 2239 3786 homo,
2262 3725 2355 3793 qui
2384 3737 2571 3778 revera
2593 3722 2926 3786 teutabatur,
2948 3722 3112 3775 verba
3135 3721 3369 3774 humana
3405 3734 3631 3788 respon-

2055 3820 2135 3874 dit
2169 3838 2182 3872 :
2216 3820 2337 3874 Non
2372 3820 2596 3874 tentabia
2637 3818 2819 3871 Deum.
2844 3816 2946 3881 Qui
2973 3815 3118 3870 enim
3146 3813 3315 3869 Deum
3356 3822 3553 3875 tentat,
3584 3809 3631 3865 is

2055 3976 2186 4056 γὰρ,
2213 3996 2267 4031 κ.
2300 3993 2365 4056 ιτ.
2399 3978 2447 4030 ὲ.
2486 3975 2742 4056 muniunt
2775 3986 3097 4056 praegressa,
3145 3978 3199 4025 et
3242 3970 3359 4025 haec
3411 3969 3528 4038 ipsa
3576 3984 3627 4021 v.

2055 4045 2213 4101 τοῦτο
2242 4049 2362 4118 γὰρ
2397 4065 2450 4100 κ.
2483 4064 2532 4100 τ.
2568 4045 2997 4118 Litiuliiu‘ntur.

2128 4118 2203 4188 (5)
2236 4107 2437 4171 Muent.
2478 4118 2541 4169 ἐκ
2585 4117 2682 4184 τῆς
2720 4113 3021 4188 Αἰγύπτου.
3056 4111 3193 4188 (Iuni
3247 4110 3413 4188 multa
3468 4126 3522 4188 νἰ
3567 4107 3628 4162 d.

2056 4180 2309 4243 tum'hoc
2340 4187 2605 4255 peccavit,
2632 4180 2778 4253 quod
2803 4180 2992 4239 etiam
3023 4198 3075 4236 v.
3093 4181 3228 4255 διότι
3248 4211 3317 4220 -
3339 4180 3630 4255 έπανελευ-

2059 4259 2286 4328 σόμενος
2318 4249 2537 4311 Ιυιίίιηο
2566 4249 2784 4328 tribuit,
2819 4253 3302 4323 interrogationem
3340 4252 3408 4305 iis
3454 4249 3630 4304 conti-

2060 4327 2175 4383 neri
2208 4330 2481 4399 opinatus.
2516 4327 2796 4399 Αἰγύπτου
2808 4397 2817 4399 4
2851 4339 3041 4399 errore
3088 4332 3275 4399 natum
3329 4338 3451 4399 esse.
3488 4335 3626 4399 con-

2061 4390 2261 4454 textus'
2284 4400 2421 4455 satis
2450 4390 2629 4458 docet,
2662 4404 2718 4449 ut
2754 4396 2942 4448 sileam
2987 4394 3078 4447 illa
3114 4394 3326 4447 ratione
3362 4393 3389 4443 Ἰ
3410 4390 3628 4443 liemlori

2065 4469 2593 4537 argumentationem
2617 4480 2805 4522 errore
2832 4462 3244 4537 niti,qui_haud
3275 4463 3438 4537 dubie
3473 4462 3542 4537 ab
3566 4477 3631 4514 eo

2065 4531 2279 4596 alienus
2328 4547 2467 4595 erat.
2518 4535 2625 4591 Pro
2671 4538 2795 4603 Αἰγ.
2844 4531 3369 4603 scribendumesse
3423 4531 3632 4603 ἐρήμου

2060 4610 2171 4679 jam
2219 4610 2424 4664 dudum
2457 4608 2712 4679 viderunt
2754 4601 3018 4679 censores
3065 4601 3634 4679 illLMIICtIleri,ALip-

2063 4672 2576 4803 siensisfboederl.
2616 4679 2652 4731 1.
2698 4678 2731 4730 Ι.
2762 4692 2814 4745 p.
2858 4675 3087 4745 404.)et
3125 4672 3403 4745 Goettiug.
3443 4673 3634 4739 (Goet-

2066 4761 2195 4803 tma.
2225 4769 2284 4803 ae
2314 4793 2325 4803 .
2361 4751 2492 4803 Anz.
2527 4749 2563 4803 I.
2597 4748 2656 4803 Ι..
2688 4763 2740 4803 ι).
2779 4746 2973 4803 ίὲίϋ.)

2066 4752 2195 4820 ting.
2225 4746 2325 4821 gel.
2351 4751 2492 4821 ᾼηι.
2597 4748 2656 4809 1.,
2688 4763 2740 4815 p.
2779 4746 2973 4821 1246.)

2135 4816 2312 4887 (6i'V.
2412 4819 2729 4893 conjectura
2766 4818 2998 4893 restitui.

2135 4883 2212 4961 (7)
2238 4881 2749 4961 Καίόρυᾶἰίιιιρηῐ.
2790 4885 2964 4942 deest.
3002 4885 3262 4940 Fortasse
3289 4899 3386 4953 pro
3413 4881 3633 4951 ἐποίησε

2062 4959 2412 5019 scribendum
2453 4959 2694 5029 ποιῆσαι.

2136 5034 2214 5101 (8)
2245 5031 2401 5087 Fort.
2434 5029 2606 5086 scrib.
2638 5028 2775 5101 Θεὸν
2806 5028 2966 5101 αὐτὸν
3004 5028 3309 5101 ἐπείρασεν.

2263 5105 2503 5157 Severus
2564 5099 2983 5171 dntiocliaadv.
3021 5090 3631 5171 {utia_nuiii____ﬂalfcarn.

2063 5162 2345 5243 (Spicileg.
2383 5172 2537 5226 Rom.
2564 5169 2635 5243 Χ,
2670 5169 2893 5243 p.__195)
2927 5189 2938 5223 :
2967 5186 2985 5219 ι
3016 5168 3254 5243 Cyl-illus
3276 5162 3632 5243 Theodorum

2062 5232 2193 5314 (sed
2224 5232 2461 5298 fortasse
2501 5232 2686 5314 scrib.-
2708 5232 3030 5314 Diodorum)
3056 5232 3310 5314 itastigat,
3349 5234 3441 5314 qu}
3483 5232 3636 5314 dixe-

2061 5302 2148 5368 rat
2173 5314 2487 5369 sanctitatis
2545 5311 2875 5381 virtutisque
2932 5310 2984 5363 in
3014 5302 3021 5307 ’
3049 5307 3269 5381 Christo
3331 5302 3631 5363 defectum,

2061 5401 2173 5455 quo
2217 5394 2463 5456 tempore
2506 5383 2576 5437 ab
2613 5376 2834 5456 inimico
2879 5376 3631 5456 tentatusfuitaahsuperve-

2061 5444 2248 5511 niente
2278 5444 2350 5509 in'
2370 5469 2494 5508 eum
2545 5452 2651 5507 sub
2701 5446 3182 5518 columbae,spec_ie
3205 5444 3409 5518 Spiritu
3442 5452 3637 5497 sancto

2063 5527 2235 5582 fuisse
2292 5525 2628 5595 suppletum.
2655 5541 2674 5573 ι
2720 5520 2843 5574 Haec
2874 5520 2918 5574 si
2955 5515 3634 5595 Tli'eodiiri’fuissetsen:

2064 5599 2255 5660 tentia,
2307 5583 2432 5650 cum
2492 5595 2561 5650 iis
2632 5607 2756 5662 qua:
2805 5604 2973 5662 supra
3044 5589 3291 5659 disputat
3351 5583 3637 5641 conciliari

2061 5683 2203 5738 aegre
2230 5673 2439 5738 posset.

2131 5722 2247 5809 (10)
2276 5739 2350 5791 Ita
2383 5735 2613 5809 Muent.,
2642 5732 2736 5791 scd
2760 5747 2871 5788 non
2908 5730 3119 5798 dubito,
3152 5730 3285 5802 quin
3316 5722 3638 5784 Theodorus

2065 5807 2208 5881 μόνῳ
2227 5807 2537 5880 εετίρεενὶι.
