4124 6240
478 377 583 431 7‘23

1613 373 1961 431 THEODORI
2000 373 2481 430 MOPSUESTENI

3597 369 3709 424 Ἥ

478 491 589 548 Deo
609 492 753 548 haud
785 493 1004 564 quidem
1038 493 1280 557 credere,
1312 492 1408 548 sed
1441 492 1600 547 ﬁdem
1635 492 1869 548 fortasse
1892 508 2132 562 quaerere
2166 493 2400 546 videtur.
2447 490 2610 544 lesus
2678 488 2841 557 igitur
2910 488 3174 543 malitiam
3217 486 3417 542 diaboli
3482 485 3701 549 refellit,

478 588 568 656 qui
608 602 703 656 per
732 588 1035 641 simulatam
1069 590 1125 641 in
1167 570 1332 641 Deum
1384 587 1632 640 ﬁduciam
1666 587 1871 641 circulo
1897 596 2062 654 atque
2093 586 2407 653 ambagibus
2452 582 2519 636 ad
2553 580 2903 636 diﬁidendum
2945 581 3201 635 inducere
3249 595 3375 634 eum
3410 579 3598 633 voluit.
3638 575 3705 629 Et

477 676 583 733 hoc
607 677 823 748 quidem
856 680 1164 742 dicendum,
1191 680 1447 749 quoniam
1469 678 1675 731 dictum
1716 686 1800 733 est
1832 678 1899 732 de
1934 679 2166 731 humana
2209 686 2402 731 natura
2442 682 2644 729 tentata
2671 691 2686 727 :
2720 673 3001 726 Dominum
3034 672 3195 726 Deum
3247 681 3393 727 tuum
3421 669 3696 731 adorabis,

477 769 630 824 etilli
676 770 776 822 soli
814 771 1000 823 servies
1030 768 1181 841 (Luc.
1214 785 1287 831 Iv,
1325 766 1416 840 8);
1462 768 1779 835 neutiquam
1814 775 1997 823 tamen
2038 769 2107 822 ab
2143 766 2460 821 adoratione
2513 763 2693 818 Patris
2760 763 3011 831 sejuncto
3069 762 3249 819 Verbo
3307 763 3492 818 divino
3539 768 3703 830 atqne

481 858 687 928 Spiritu
716 868 925 916 sancto.

1097 949 1247 1002 CAP.
1286 948 1426 1003 XXI.

553 1040 719 1096 Vens.
761 1041 812 1095 7.
844 1071 912 1079 —
943 1039 1094 1093 Talia
1126 1042 1323 1110 saepius
1362 1040 1506 1094 facta
1537 1047 1665 1093 sunt
1695 1048 1858 1108 atque
1885 1039 2038 1093 ﬁunt.

486 1133 549 1187 Et
577 1135 847 1204 quomodo
881 1142 1007 1189 sunt
1038 1135 1152 1187 haec
1195 1132 1682 1187 consummationis
1714 1131 1907 1199 signa?
1946 1130 2043 1185 Ast

486 1227 610 1282 licet
656 1242 761 1281 non
810 1227 863 1280 in
915 1227 1190 1288 omnibus,
1235 1241 1414 1293 neque
1446 1226 1627 1278 omnia
1671 1225 1855 1284 simul,
1903 1224 2043 1277 facta

486 1319 617 1379 sint,
641 1334 785 1372 nunc
818 1326 999 1372 tamen
1030 1320 1212 1372 omnia
1250 1319 1386 1379 hzcc,
1411 1317 1606 1386 partim
1639 1332 1816 1385 neque
1846 1316 2045 1384 ubique

488 1410 653 1473 facta,
688 1410 945 1463 onmibus
971 1408 1026 1462 in
1059 1408 1196 1462 locis
1231 1409 1508 1469 evenient,
1549 1416 1607 1460 ut
1634 1406 1888 1461 omnibus
1920 1422 2043 1460 con-

487 1501 733 1570 spientim
767 1513 895 1555 tunc
926 1501 1019 1565 sit,
1064 1500 1323 1554 mundum
1357 1499 1509 1553 hisce
1538 1514 1601 1552 ex
1640 1499 1822 1552 causis
1854 1513 2043 1567 quern-

489 1591 776 1644 admodum
827 1588 1095 1643 inﬁrmum
1145 1589 1491 1642 interiturum
1539 1602 1693 1650 esse,
1747 1587 1866 1648 cui,
1918 1602 2041 1639 cum

484 1680 667 1734 omnia
724 1680 876 1749 signa
926 1679 1174 1733 mortalia
1215 1679 1266 1730 in
1304 1678 1404 1730 hoc
1448 1693 1619 1731 unum
1674 1684 2041 1738 concurrant,

485 1768 635 1821 nulla
675 1768 910 1836 amplius
943 1776 1190 1835 superest
1222 1782 1367 1835 spes,
1408 1767 1534 1821 licet
1579 1766 1776 1834 saepius
1810 1765 2044 1833 quodam

486 1858 680 1912 horum
701 1857 1061 1928 aagrotaverit,
1082 1866 1421 1927 mortemque
1450 1859 1709 1918 evaserit,
1727 1873 1849 1911 cum
1875 1871 2040 1909 unum

486 1950 541 2002 id
575 1950 638 2004 ad
666 1960 888 2004 mortem
926 1950 1163 2005 hominis
1196 1950 1528 2003 eilieiendam
1561 1950 1706 2003 haud
1737 1949 2035 2005 suffecerit.

486 2040 714 2105 Quando
735 2042 916 2110 igitur,
936 2042 1133 2111 inquit,
1154 2043 1334 2096 omnia
1362 2042 1652 2103 haecfsimul
1670 2042 1940 2106 evenient,
1968 2041 2045 2094 fa-

484 2144 602 2185 mes
615 2139 773 2201 atque
786 2133 974 2201 pestis,
989 2133 1420 2187 insurrectiones
1439 2134 1762 2203 populorum
1781 2133 2043 2187 adversus

483 2224 734 2293 populos,
766 2232 821 2279 et
863 2240 1152 2295 regnorum
1184 2225 1449 2279 adversus
1492 2241 1680 2296 regna,
1719 2235 1883 2295 atque
1921 2226 2044 2279 reli-

2719 941 2965 992 ΚΕΦᾹΛ.
3000 941 3129 994 KA'.

2217 1032 2591 1103 Στίχ.ζ’.-(1)
2612 1031 2848 1085 Τοιαῦτα
2868 1032 3125 1095 πολλάκις
3143 1032 3348 1101 ἐγίνετο
3370 1035 3462 1087 καὶ
3473 1035 3705 1103 γίνεται’

2144 1125 2237 1176 καί
2269 1123 2385 1186 πῶς
2434 1122 2605 1176 ταῦτα
2637 1121 2942 1184 συντελείας
2975 1125 3205 1193 σημεία;
3254 1123 3391 1176 Ἀλλ’
3422 1126 3470 1177 εί
3504 1126 3597 1180 καὶ
3625 1129 3701 1197 (2)

2142 1217 2329 1283 γέγονε
2352 1213 2600 1275 τοιαῦτα,
2646 1215 2744 1266 οὐκ
2783 1214 2875 1265 ἐπὶ
2907 1214 3144 1278 πάντων,
3178 1215 3295 1266 οὐδὲ
3328 1215 3508 1270 πάντα
3530 1217 3665 1287 ὁμοῦ
3685 1236 3699 1247 ·

2144 1308 2237 1360 νῦν
2272 1308 2328 1360 δὲ
2363 1307 2535 1360 ταῦτα
2569 1307 2747 1360 πάντα
2784 1306 2926 1360 κατὰ
2976 1308 3138 1378 μέρος
3170 1310 3259 1361 καὶ
3298 1310 3397 1361 οὐκ
3431 1311 3522 1363 ἐπὶ
3570 1313 3704 1364 πᾶσι

2143 1400 2397 1469 γινόμενα
2438 1400 2513 1469 (5)
2542 1401 2832 1469 γενήσεται
2875 1401 3149 1470 πανταχοῦ
3193 1402 3332 1463 τότε,
3374 1402 3512 1455 ὥστε
3540 1406 3717 1456 πᾶσιν

2145 1486 2281 1541 εἶναι
2322 1489 2626 1556 καταφανὲς
2672 1491 2735 1541 ἐκ
2766 1489 2971 1543 τούτων
3014 1491 3102 1543 τὸν
3135 1492 3335 1561 κόσμον
3380 1493 3703 1563 λυθήσεσθαι

2144 1582 2328 1651 ὥσπερ
2374 1582 2652 1650 ἄρρωστον
2699 1582 2755 1633 ἐν
2800 1581 3104 1651 ἀπογνώσει
3152 1584 3461 1654 γενόμενον,
3494 1585 3719 1639 πάντων.

2144 1670 2277 1741 ὁμοῦ
2307 1672 2414 1723 τῶν
2456 1671 2785 1742 φθειρόντων
2836 1673 2998 1725 αὐτὸν
3039 1674 3278 1743 σημείων
3322 1679 3715 1745 συμπεσόντων

2144 1768 2222 1829 εἰς
2252 1765 2431 1826 ταὺτὸ,
2452 1765 2653 1835 καίπερ
2680 1765 2935 1828 πολλάκις
2964 1766 3285 1834 νοσήσαντος
3318 1764 3379 1818 ἔκ
3408 1783 3549 1829 τινος
3580 1767 3711 1819 τού-

2144 1876 2250 1911 των
2283 1859 2378 1910 καὶ
2405 1858 2753 1925 διαφυγόντος
2786 1856 2860 1925 (4)
2897 1857 2986 1909 τὸν
3018 1857 3243 1910 θάνατον
3281 1856 3368 1909 διὰ
3398 1858 3458 1910 τὸ
3489 1858 3563 1929 μὴ
3592 1860 3717 1911 ἱκα-

2144 1950 2232 2002 νὸν
2268 1950 2520 2018 γενέσθαι
2552 1950 2612 2001 τὸ
2644 1949 2701 2001 ἓν
2733 1949 3039 2017 διαφθεῖραι
3072 1949 3162 2001 τὸν
3205 1948 3508 2019 ἄνθρωπον.
3541 1948 3716 2002 Ὅτανς

2144 2038 2258 2102 οὖν.
2301 2043 2472 2111 φησὶ,
2504 2040 2682 2094 πάντα
2712 2040 2846 2110 ὁμοῦ
2889 2041 3059 2093 ταῦτα
3091 2040 3313 2110 γένηται
3337 2083 3351 2105 ,
3396 2041 3573 2111 λοιμοὶ
3611 2043 3719 2095 καὶ-

2144 2134 2291 2203 λιμοὶ
2320 2133 2414 2185 καὶ
2437 2134 2828 2194 ἐπαναστάσεις
2857 2131 3023 2184 ἐθνῶν
3050 2134 3139 2184 ἐπὶ
3164 2132 3287 2203 ἔθνη
3315 2133 3407 2185 καὶ
3436 2132 3718 2201 βασιλείας.

2145 2227 2237 2277 ἐπὶ
2271 2224 2542 2294 βασιλείαν
2573 2225 2647 2294 (5)
2683 2226 2775 2277 καὶ
2808 2225 2875 2277 τὰ
2921 2224 3055 2277 ἄλλα
3087 2223 3122 2277 ἃ
3163 2219 3281 2277 εἷπε
3314 2224 3580 2296 φόδητρα,
3616 2227 3713 2277 καὶ

486 2329 593 2385 qua
656 2317 859 2383 omnia,
912 2332 1032 2387 quae
1074 2318 1207 2381 dixi,
1243 2318 1510 2371 terribilia
1548 2328 1603 2372 et
1650 2320 1832 2373 omnia
1878 2316 2041 2372 simul

2149 2316 2324 2369 πάντα
2366 2315 2500 2386 ὁμοῦ
2544 2315 2685 2368 κατά
2722 2316 2933 2368 πάντων
2979 2315 3205 2385 κινηθῇ,
3233 2316 3353 2369 τότε
3403 2317 3719 2386 σημαίνεινν

487 2404 710 2460 omnino
761 2406 1288 2473 commovebuntur;
1350 2417 1481 2461 tunc
1538 2407 1781 2461 vicinum
1837 2409 2039 2461 adven.-

483 2504 599 2552 tum
630 2496 751 2567 ejus
784 2497 1014 2553 indicari
1045 2498 1119 2551 ait
1148 2497 1298 2568 (Luc.
1341 2515 1452 2561 xxx,
1482 2499 1569 2562 ll,
1600 2498 1710 2568 ιε).

1079 2610 1231 2666 CAP.
1276 2610 1445 2665 XXII.

552 2701 718 2758 Vens.
760 2703 830 2759 39
857 2717 981 2773 sqq.
1003 2731 1075 2743 —
1099 2701 1163 2755 Et
1190 2703 1318 2756 talia
1348 2717 1587 2772 quoque,
1638 2702 1839 2772 inquit,
1883 2701 2043 2757 Jesus

484 2799 639 2859 orat;
669 2807 794 2847 nam
817 2795 983 2848 miser
1015 2792 1177 2847 homo
1212 2792 1575 2846 calamitatem
1610 2794 1880 2847 sustinuere
1900 2793 2042 2847 haud

484 2891 679 2951 puteus
717 2889 858 2944 orat,
894 2891 1076 2950 atque,
1114 2880 1240 2935 licet
1277 2880 1421 2934 Dens
1461 2881 1556 2943 sit,
1596 2880 1666 2933 ab
1701 2882 1893 2949 angelo
1921 2897 2041 2935 cor-

486 2975 794 3028 roboratur.
845 2972 989 3038 Ουίοι
1017 2987 1147 3025 vero
1200 2972 1320 3035 tibi,
1370 2969 1539 3037 Luca,
1588 2973 1923 3026 renuntiavit
1979 2972 2045 3026 de

486 3065 700 3134 angelo,
728 3063 1001 3133 quomodo
1022 3065 1352 3118 successerit
1380 3063 1456 3129 id,
1488 3078 1610 3117 cum
1641 3062 1917 3132 discipuli,
1946 3065 2041 3132 qui

485 3164 617 3235 tunc
659 3158 716 3210 in
754 3156 951 3210 vicinia
980 3163 1200 3210 orantes
1234 3164 1439 3219 essent,
1474 3155 1658 3210 videre
1707 3155 1848 3208 haud
1892 3157 2045 3210 vale-

485 3250 644 3304 rent?
673 3246 1010 3301 dormiebant
1043 3247 1212 3301 enim.
1250 3245 1617 3311 Quamobrem
1655 3262 1771 3311 eos,
1820 3248 1886 3301 ab
1923 3262 2047 3299 ora-

486 3342 635 3396 tione
675 3341 923 3403 veniens,
978 3354 1091 3408 prae
1140 3339 1399 3395 mmstitia
1458 3339 1790 3394 dormientes
1843 3340 2048 3409 reperit

487 3433 735 3503 dixitque
765 3451 779 3486 :
806 3430 945 3498 Quid
974 3431 1262 3486 dormitis?
1285 3428 1490 3499 Surgite
1512 3440 1559 3483 et
1582 3440 1728 3484 orate
1752 3430 2043 3497 (Lucum,

486 3526 597 3597 46),
645 3537 789 3591 etc.;
832 3533 886 3579 et
935 3523 1165 3579 inferius
1209 3523 1379 3593 (vers.
1424 3523 1553 3591 47):
1591 3524 1773 3577 Adhuc
1834 3541 1894 3577 eo
1934 3523 2048 3577 hanc

2150 2410 2302 2477 φησὶ,
2331 2408 2496 2476 ἐγγὺς
2520 2402 2683 2460 οὖσαν
2712 2408 2808 2477 τὴν
2838 2408 3134 2478 παρουσίαν
3162 2406 3349 2461 αὑτοῦ.

2726 2612 2972 2667 ΚΕΦΑΛ.
3006 2612 3132 2667 KB'.

2219 2702 2365 2772 Στίχ.
2397 2703 2495 2757 λθ⁸.
2519 2734 2588 2745 —-
2642 2703 2800 2757 Ἀλλὰ
2836 2704 2927 2757 καὶ
2956 2702 3032 2770 (6)
3071 2702 3297 2757 τοιαῦτα
3328 2703 3725 2774 προσεύχεται..

2151 2796 2333 2864 φησὶν,
2389 2796 2417 2846 ό
2474 2795 2699 2864 Ἰησοῦς,
2744 2792 2831 2847 οἷα
2870 2794 3052 2857 ἄθλιος
3096 2795 3375 2865 ἅνθρωπος
3428 2795 3714 2865 συμφορὰν

2150 2886 2337 2955 φέρειν
2374 2886 2609 2947 εὐκόλως
2636 2887 2697 2938 οὐ
2729 2886 3040 2957 δυνάμενος,
3074 2887 3164 2938 καὶ
3202 2887 3291 2939 ὑπ’
3324 2887 3554 2954 ἀγγέλου
3582 2888 3715 2948 Θεὸς

2150 2976 2224 3030 ὣν
2244 2977 2568 3045 ὲνισχύεται.
2594 2978 2689 3040 Τίς
2706 2979 2763 3030 δὲ
2789 2977 2884 3030 καὶ
2906 2976 3194 3047 ἀνήγγειλέ
3217 2994 3321 3037 σοι.
3353 2979 3553 3037 Λουκᾶ,
3581 2978 3713 3044 περὶ

2150 3070 2243 3121 τοῦ
2275 3070 2506 3137 ἀγγέλου
2534 3071 2691 3131 ὅπου,
2722 3072 2769 3121 ει
2803 3070 2895 3122 καὶ
2922 3069 3113 3137 γέγονε
3141 3066 3327 3133 τοῦτος
3362 3070 3483 3121 οὐδὲ
3516 3070 3566 3121 oi
3592 3069 3713 3122 τότε

2151 3159 2413 3229 παρόντες
2445 3160 2518 3229 (7)
2550 3159 2825 3230 εὐχομένω
2855 3159 2980 3212 ἰδεῖν
3010 3155 3114 3212 οἷοί
3140 3176 3198 3211 τε
3224 3155 3385 3229 ἦσαν’
3413 3159 3727 3229 ἐκοιμῶντο-

2150 3253 2278 3323 γάρ.
2308 3252 2400 3304 Διὸ
2424 3253 2517 3305 καὶ
2544 3252 2650 3305 ἀπὸ
2678 3252 2778 3320 τῆς
2803 3251 3111 3322 προσευχῆς
3140 3249 3308 3303 ἐλθὼν
3338 3244 3496 3320 εὗρεν
3518 3251 3713 3313 αὐτοὺς

2152 3344 2524 3414 κοιμωμένους
2554 3344 2661 3397 ἀπὸ
2704 3344 2804 3413 τῆς
2842 3342 3018 3413 λύπης
3065 3342 3159 3395 καὶ
3200 3337 3356 3395 einen
3405 3342 3464 3395 Τί
3500 3342 3717 3395 audeo-

2150 3435 2315 3499 δετες
2347 3436 2719 3501 ἀναστάντες
2737 3436 3167 3503 προσεύχεσθε,
3194 3435 3285 3486 καὶ
3306 3434 3372 3487 τὰ
3396 3433 3541 3503 ἑξῆς,
3571 3429 3711 3487 slew

2153 3529 2263 3581 Kal
2291 3530 2378 3582 ἐτι
2407 3529 2592 3582 αὐτοῦ
2641 3529 2714 3598 (8)
2758 3528 2913 3582 τοῦτο
2941 3528 3304 3590 λαλοῦντος,
3352 3525 3481 3579 ἰδοὺ
3533 3524 3727 3592 ὄχλος

488 3618 744 3688 loquente,
792 3633 905 3671 ecce
942 3616 1097 3669 turba
1145 3632 1337 3685 magna
1385 3630 1435 3668 et
1486 3614 1682 3669 ludas.
1719 3615 1948 3683 Propter
1994 3615 2042 3669 id

2154 3622 2347 3687 πολὺς
2394 3612 2492 3675 καὶ
2548 3621 2797 3687 Ἰούδας.
2839 3623 2928 3674 Διὸ
2974 3620 3093 3674 οὐδὲ
3132 3618 3366 3687 ἔγραψεν
3430 3618 3710 3687 Ἰωάννης.

488 3725 706 3780 quoque
748 3708 1009 3771 Joannes,
1044 3708 1135 3777 qui
1190 3708 1328 3760 nihil
1360 3708 1591 3769 viderat,
1628 3707 1763 3760 nihil
1807 3707 2043 3776 scripsit.

489 3802 614 3857 Haec
641 3803 910 3857 Julianus.
950 3801 1105 3855 Haud
1144 3811 1231 3856 est
1266 3799 1603 3855 fortitudinis
1634 3808 1799 3868 atque
1831 3798 2049 3867 sapien-

486 3895 579 3948 tiae
601 3895 1007 3956 documentum,
1049 3910 1156 3947 non
1196 3907 1559 3961 expavescere
1607 3890 1894 3952 terribilia,
1929 3891 2044 3954 sed,

489 4003 612 4042 cum
640 3987 771 4040 talia
790 3987 926 4040 bene
945 3985 1160 4055 cognita
1184 3986 1314 4048 sint,
1346 3985 1642 4052 prudenter
1663 3999 1725 4037 ea
1757 3984 2048 4052 aliquando

489 4080 781 4135 sustinere.
810 4077 953 4131 Nihil
983 4077 1128 4130 enim
1169 4077 1478 4130 hominibus
1518 4084 1694 4129 morte
1728 4076 2046 4139 terribilius,

488 4170 616 4223 licet
651 4182 770 4223 eam
801 4168 873 4222 ob
904 4165 1167 4221 beneﬁcia
1199 4165 1396 4218 collata
1430 4166 1681 4234 patiaris.
1713 4164 1847 4219 Cum
1882 4165 2050 4233 igitur

487 4260 742 4315 Christus
770 4256 1068 4314 secundum
1100 4269 1321 4310 carnem
1342 4264 1681 4325 assumptam
1702 4270 1862 4309 verus
1888 4254 2050 4309 homo

490 4358 685 4405 natura
730 4347 1062 4404 constitutus
1112 4355 1280 4410 esset,
1324 4361 1554 4401 necesse
1583 4362 1800 4415 quoque
1831 4356 1949 4402 erat
1978 4355 2037 4401 ut

561 4486 636 4555 (l)
662 4484 723 4540 In
757 4486 862 4540 huc
907 4483 1212 4555 fragmento
1241 4480 1811 4555 refelliturlnlianus,
1840 4482 1933 4551 qui
1965 4483 2041 4536 si-

490 4552 590 4623 gna
619 4552 731 4608 illa
781 4552 1100 4616 συντελείας.
1146 4553 1280 4606 Luc.
1325 4567 1439 4616 nu,
1487 4552 1518 4604 7
1564 4567 1686 4621 sqq.
1720 4562 2039 4615 memorata,

490 4626 637 4678 nulla
671 4639 793 4679 esse
822 4625 1202 4679 contenderat.

580 4696 635 4757 2)
666 4692 789 4763 Haec
811 4693 1011 4749 Juliani
1041 4702 1190 4754 sunt.
1224 4709 1343 4763 qua:
1360 4687 1679 4747 Theodorus
1718 4690 1830 4759 jam
1855 4692 2035 4746 diluit.

585 4766 637 4833 3)
670 4762 817 4817 Fort.
853 4767 889 4817 l.
924 4765 1210 4833 γενόμενα.

584 4832 637 4900 4)
670 4834 853 4889 Muent
898 4832 1257 4902 διαφευγοτος.
1281 4832 1341 4887 F.
1374 4834 1408 4887 ι.
1430 4832 1827 4900 διαφεύγοντος.

564 4903 642 4976 (5)
670 4905 874 4976 Muent.
906 4920 995 4955 επι
1032 4903 1323 4976 βαᾼσιλειας.

563 4969 641 5043 (6)
667 4969 1050 5044 Fragmentum
1094 4974 1196 5044 hoc
1234 4973 1660 5044 anepigraphnm
1702 4969 1943 5044 Migenter
1984 4971 2039 5025 in

2155 3712 2272 3765 οὐδὲ
2299 3713 2405 3785 γὰρ
2434 3709 2559 3765 εἶδε.
2589 3712 2772 3765 Ταῦτα
2830 3712 3128 3775 Ἰουλιανός.
3165 3713 3276 3763 Οὐκ
3323 3709 3573 3779 ἀνδρείας
3598 3709 3713 3761 ἐστί

2153 3820 2212 3854 τε
2243 3804 2336 3855 καὶ
2368 3804 2557 3870 σοφίας
2586 3803 2647 3854 τὸ
2695 3803 2767 3872 μὴ
2807 3802 3087 3869 φοϐεῖσθαι
3121 3802 3187 3853 τὰ
3220 3799 3452 3870 φοϐερὰ,
3489 3798 3622 3852 ἀλλὰ
3654 3799 3714 3850 τὸ

2155 3896 2249 3948 καὶ
2286 3893 2511 3947 τοιαῦτα
2542 3895 2716 3947 εἰδότα
2744 3894 2839 3963 (9),
2862 3895 3011 3963 ὅμως
3043 3896 3138 3946 σὺν
3168 3892 3308 3960 λόγῳ
3334 3891 3461 3943 ποτὲ
3491 3889 3713 3942 καταδέ-

2134 3987 2362 4067 χεσθαι.
2396 3986 2635 4040 Θανάτου
2668 3986 2776 4057 γὰρ
2801 3987 3107 4056 ἀνθρώποις
3132 3985 3284 4037 οὐδὲν
3320 3982 3709 4053 φοϐερώτερον,

2154 4076 2255 4131 κᾶν
2286 4079 2424 4148 ὑπὲρ
2448 4076 2539 4130 τοῦ
2573 4077 2931 4147 εὐεργετῆσαί
2957 4094 3106 4139 τινας
3251 4077 3404 4130 Ἐπεὶ
3438 4072 3530 4128 οὖν
3566 4076 3659 4128 καὶ
3684 4076 3712 4126 ὁ

2154 4169 2387 4237 Χριστὸς
2433 4170 2570 4223 κατᾶ
2617 4169 2710 4241 τὴν
2742 4170 2919 4241 σάρκα
2952 4170 3049 4240 τὴν
3096 4169 3388 4238 ληφθεῖσαν
3434 4170 3713 4239 ἄνθρωπος

2157 4260 2371 4329 ἀληθῶς
2403 4259 2544 4313 κατὰ
2573 4260 2732 4328 φύσιν
2764 4256 2853 4330 ἦν,
2887 4262 2933 4312 εἰ
2966 4262 3059 4313 καὶ
3086 4259 3178 4312 τοῦ
3212 4259 3556 4331 (10)Πατρδς
3583 4275 3710 4311 κατ-

2145 4353 2407 4423 αγόμενος
2432 4353 2675 4425 λογισμῷ
2697 4353 2787 4406 καὶ
2817 4353 2993 4423 κρίσει
3023 4354 3431 4423 πολιτευόμενος
3468 4353 3568 4421 (7),
3597 4349 3711 4405 ἀλλ’

2214 4487 2291 4555 (7)
2332 4487 2532 4540 iluent.
2564 4488 2705 4542 male
2734 4487 3069 4557 interpunxit
3097 4502 3191 4540 nec
3222 4486 3399 4557 locum
3425 4483 3706 4557 intellexit.

2148 4555 2310 4610 Verte
2345 4576 2357 4609 ε
2386 4558 2515 4622 Quis
2570 4573 2686 4612 vero
2734 4558 2853 4619 tibi,
2880 4555 3063 4618 Luca,
3096 4558 3161 4610 de
3194 4556 3375 4623 angelo
3424 4555 3706 4617 nuntiavit,

2148 4626 2237 4679 ubi
2271 4629 2430 4679 etiam
2469 4628 2628 4696 fuerit
2660 4631 2811 4688 (erat
2842 4635 3020 4680 autem
3073 4627 3125 4679 in
3178 4635 3361 4680 monte
3404 4626 3709 4696 (Olivarum.

2146 4697 2229 4750 Cl'.
2300 4698 2432 4750 Luc.
2483 4714 2615 4760 xm,
2656 4698 2745 4757 59,
2800 4697 2891 4761 40)
2944 4697 3153 4750 etiamsi
3204 4696 3335 4748 illud
3386 4695 3587 4762 factum
3633 4705 3713 4748 est

2148 4765 2392 4835 (etiamsi
2424 4768 2566 4834 quod
2636 4782 2828 4820 narras
2864 4782 3049 4821 verum
3105 4766 3261 4827 est)?
3290 4764 3427 4831 Quid
3462 4778 3617 4835 (vero
3662 4766 3709 4818 si

2147 4833 2357 4891 scribas
2418 4833 2650 4905 ἀγγέλου
2697 4836 2891 4889 ὁπόθεν
2943 4837 3035 4890 καὶ
3076 4836 3298 4903 γένονε;
3338 4833 3707 4905 (ιιηρθμειὶοιη

2146 4907 2430 4976 venerit?)
2469 4902 2631 4960 τοῦτο
2662 4938 2751 4960 -.
2782 4905 2894 4959 Hac
2923 4902 3136 4960 ratione
3178 4904 3414 4976 respexit
3455 4902 3707 4976 Julianus

2146 4991 2199 5030 ν.
2239 4974 2569 5045 ιυοωήὰγγ.
2611 4977 2703 5030 ἀπ’
2734 4976 2962 5045 οὐρανοῦ
3006 4991 3239 5044 eumque
3280 4975 3437 5032 ridet.
3472 4974 3574 5045 qui
3600 4984 3706 5045 tam

490 5039 709 5121 schedis
757 5039 893 5121 bibl.
925 5044 1140 5121 C_o_rsin.
1170 5039 1569 5121 invenit,'qn‘od
1600 5039 1876 5121 Theodori
1902 5056 2040 5121 .es‘sc
2074 5069 2116 5121 ³
2146 5054 2398 5121 accurate
2435 5039 2645 5121 narret,
2682 5039 2825 5121 quod
2876 5061 2945 5121 ne
2998 5055 3109 5121 tum
3151 5039 3451 5121 praesentes
3487 5039 3705 5121 quidem

489 5128 545 5172 et
574 5118 667 5187 qui
698 5114 927 5187 seltedas
959 5114 1079 5187 illas
1108 5112 1330 5181 scripsit
1354 5120 1408 5187 et
1432 5112 1678 5187 Minenter
1710 5118 1856 5187 recte
1895 5110 2041 5178 judi-

490 5179 706 5243 caruut.
735 5184 961 5239 Videtur
998 5185 1139 5237 enim
1172 5179 1238 5235 ei
1272 5182 1457 5235 eodem
1495 5182 1588 5234 illo
1634 5179 1759 5234 cod.
1789 5189 2037 5234 catenam

490 5258 545 5310 in
572 5256 770 5316 Lucam
809 5254 1099 5309 exhibente
1125 5250 1491 5319 desumptum,
1528 5258 1676 5305 certe
1708 5250 2039 5319 pertinetiad

489 5325 624 5383 Luc.
655 5341 790 5387 uti,
824 5322 1007 5382 ’ὅθ-Π.
1042 5331 1095 5377 et
1134 5337 1252 5392 qua:
1281 5318 1501 5390 prOpter
1533 5321 1687 5392 hunc)
1727 5321 1903 5373 locum
1928 5318 2039 5392 _Jn-

489 5398 669 5451 lianus
717 5402 903 5449 contra
956 5387 1167 5449 lesum'
1195 5387 1497 5462 protulerat
1543 5390 1884 5462 refelluntur.
1921 5387 2037 5441 Jatn

489 5482 613 5521 cum
638 5462 956 5520 Theodorus
985 5469 1037 5517 in
1055 5457 1444 5517 commentario
1465 5462 1520 5514 in
1544 5459 1746 5515 Lucam
1764 5457 2038 5512 lulianum

490 5537 690 5606 saepius
719 5533 1034 5606 refutavth
1085 5534 1168 5605 (v.
1206 5532 1362 5601 inf.),
1413 5538 1639 5606 externa
1694 5545 1812 5606 quae
1853 5530 2042 5606 dicunt

489 5598 811 5675 argumenta
847 5602 912 5653 ad
957 5598 1313 5675 Theodorum
1320 5598 1443 5675 'nos
1477 5598 1842 5675 ducun_t_.’Ho_c
1869 5600 2041 5675 magis

490 5669 653 5728 etiam
689 5675 755 5729 de
803 5674 1030 5727 internis
1077 5674 1235 5727 valet.
1278 5670 1497 5735 Oratio,
1536 5669 1815 5725 refellendi
1866 5669 2038 5728 ratio,

491 5743 725 5810 denique
762 5742 1005 5797 doctrina
1034 5742 1322 5797 manifesto
1350 5739 1619 5798 Theodori
1648 5739 1881 5794 indolem
1905 5736 2043 5792 τείσε-

491 5822 637 5867 runt.

2142 5116 2327 5171 videre
2367 5112 2859 5185 potuissentIHinc
2905 5112 3200 5185 intelligas,
3232 5130 3331 5169 cur
3361 5112 3518 5166 τοῦτο
3566 5112 3705 5171 scci-

2145 5194 2293 5256 ptum
2320 5188 2411 5249 sit,
2439 5203 2615 5256 neque
2640 5202 2771 5241 vero
2799 5185 3004 5239 τοῦτον.

2216 5256 2290 5326 (8)
2324 5257 2498 5309 Αὑτοῦ
2525 5252 2632 5310 non
2684 5257 2879 5326 legitur
2917 5255 3056 5324 apud
3090 5252 3359 5326 Mucntcr.
3385 5252 3557 5305 Τοῦτο
3606 5267 3701 5326 au-

2144 5323 2250 5379 tem
2274 5323 2460 5380 verbis
2491 5327 2670 5381 citatis
2704 5323 2960 5394 scriptor
2988 5323 3395 5395 perspicuitatis
3442 5338 3609 5378 causa
3640 5323 3705 5377 de

2146 5396 2264 5450 suis
2293 5395 2512 5461 adjecit.

2241 5465 2293 5533 9)
2335 5466 2539 5519 Muent.
2570 5465 2751 5518 εῐδστι.

2248 5537 2329 5602 l0)
2363 5536 2564 5589 Muent.
2595 5552 2682 5602 ην,
2726 5552 2787 5604 εη
2817 5551 2932 5604 Ιιξου.
3093 5603 3105 5604 7
3235 5603 3238 5604 ν
3524 5579 3528 5582 .

2219 5602 2330 5675 (11)
2356 5606 2441 5660 Cf.
2470 5604 2675 5658 Theod.
2711 5602 2796 5675 api.
2825 5602 3012 5659 Leont.
3036 5603 3186 5675 (Mai.
3213 5603 3414 5674 Script.
3438 5613 3709 5660 uettmova

2149 5677 2296 5744 coll.’
2324 5674 2411 5742 Vl,
2447 5691 2500 5745 p.
2533 5675 2637 5729 503
2676 5690 2757 5744 sq.
2781 5674 2816 5743 ).
