  <div class='ocr_page' id='page_1' title='image "/cluster/home/n/w/nwhite01/storage/ocr_20150623/66/hvd.32044020884102/372.png"; bbox 0 0 4124 6240; ppageno 0'>
   <div class='ocr_carea' id='block_1_1' title="bbox 437 313 544 372">
    <p class='ocr_par' dir='ltr' id='par_1_1' title="bbox 437 313 544 372">
     <span class='ocr_line' id='line_1_1' title="bbox 437 313 544 372; baseline -0.047 0"><span class='ocrx_word' id='word_1_1' title='bbox 437 313 544 372; x_wconf 65' lang='lat'><strong>7‘15</strong></span> 
     </span>
    </p>
   </div>
   <div class='ocr_carea' id='block_1_2' title="bbox 1662 324 2475 383">
    <p class='ocr_par' dir='ltr' id='par_1_2' title="bbox 1662 324 2475 383">
     <span class='ocr_line' id='line_1_2' title="bbox 1662 324 2475 383; baseline 0.004 -6"><span class='ocrx_word' id='word_1_2' title='bbox 1662 324 1729 379; x_wconf 80' lang='lat' dir='ltr'><strong>IN</strong></span> <span class='ocrx_word' id='word_1_3' title='bbox 1771 325 2218 383; x_wconf 76' lang='lat' dir='ltr'><strong>EVANGELIUM</strong></span> <span class='ocrx_word' id='word_1_4' title='bbox 2244 324 2475 381; x_wconf 63' lang='lat' dir='ltr'><strong>LUCxE.</strong></span> 
     </span>
    </p>
   </div>
   <div class='ocr_carea' id='block_1_3' title="bbox 3590 332 3694 389">
    <p class='ocr_par' dir='ltr' id='par_1_3' title="bbox 3590 332 3694 389">
     <span class='ocr_line' id='line_1_3' title="bbox 3590 332 3694 389; baseline 0.019 -2"><span class='ocrx_word' id='word_1_5' title='bbox 3590 332 3694 389; x_wconf 66' lang='lat'><strong>7.16</strong></span> 
     </span>
    </p>
   </div>
   <div class='ocr_carea' id='block_1_4' title="bbox 434 437 2019 516">
    <p class='ocr_par' dir='ltr' id='par_1_4' title="bbox 434 437 2017 512">
     <span class='ocr_line' id='line_1_4' title="bbox 434 437 2017 512; baseline 0.006 -22"><span class='ocrx_word' id='word_1_6' title='bbox 434 438 537 490; x_wconf 75' lang='grc' dir='ltr'>οὐκ</span> <span class='ocrx_word' id='word_1_7' title='bbox 565 437 624 488; x_wconf 84' lang='grc' dir='ltr'><strong>ὲν</strong></span> <span class='ocrx_word' id='word_1_8' title='bbox 653 437 893 506; x_wconf 81' lang='grc' dir='ltr'>σχήματι</span> <span class='ocrx_word' id='word_1_9' title='bbox 922 440 1014 492; x_wconf 69' lang='grc' dir='ltr'>καὶ</span> <span class='ocrx_word' id='word_1_10' title='bbox 1038 440 1256 512; x_wconf 84' lang='grc' dir='ltr'><strong>δοκήσει</strong></span> <span class='ocrx_word' id='word_1_11' title='bbox 1287 443 1659 496; x_wconf 81' lang='grc' dir='ltr'>πολιτεύεσθαι</span> <span class='ocrx_word' id='word_1_12' title='bbox 1689 445 1881 509; x_wconf 81' lang='grc' dir='ltr'>δοκῶν,</span> <span class='ocrx_word' id='word_1_13' title='bbox 1908 446 2017 499; x_wconf 85' lang='grc' dir='ltr'>δει-</span> 
     </span>
    </p>
   </div>
   <div class='ocr_carea' id='block_1_5' title="bbox 2121 437 3699 516">
    <p class='ocr_par' dir='ltr' id='par_1_5' title="bbox 2122 444 3699 516">
     <span class='ocr_line' id='line_1_5' title="bbox 2122 444 3699 516; baseline 0.003 -18"><span class='ocrx_word' id='word_1_14' title='bbox 2122 444 2304 501; x_wconf 85' lang='lat' dir='ltr'><strong>Patris</strong></span> <span class='ocrx_word' id='word_1_15' title='bbox 2334 445 2573 499; x_wconf 84' lang='lat' dir='ltr'><strong>consilio</strong></span> <span class='ocrx_word' id='word_1_16' title='bbox 2613 444 2915 500; x_wconf 86' lang='lat' dir='ltr'><strong>duceretur</strong></span> <span class='ocrx_word' id='word_1_17' title='bbox 2962 453 3126 515; x_wconf 88' lang='lat' dir='ltr'><strong>atque</strong></span> <span class='ocrx_word' id='word_1_18' title='bbox 3157 445 3369 514; x_wconf 88' lang='lat' dir='ltr'><strong>judicio</strong></span> <span class='ocrx_word' id='word_1_19' title='bbox 3416 447 3535 516; x_wconf 87' lang='lat' dir='ltr'><strong>ejus</strong></span> <span class='ocrx_word' id='word_1_20' title='bbox 3565 451 3699 504; x_wconf 82' lang='lat' dir='ltr'><strong>obe-</strong></span> 
     </span>
    </p>
   </div>
   <div class='ocr_carea' id='block_1_6' title="bbox 436 523 2008 607">
    <p class='ocr_par' dir='ltr' id='par_1_6' title="bbox 436 523 2008 607">
     <span class='ocr_line' id='line_1_6' title="bbox 436 523 2008 607; baseline 0.008 -29"><span class='ocrx_word' id='word_1_21' title='bbox 436 526 526 598; x_wconf 80' lang='grc' dir='ltr'><strong>λιᾷ</strong></span> <span class='ocrx_word' id='word_1_22' title='bbox 559 526 650 579; x_wconf 78' lang='grc' dir='ltr'>τὸν</span> <span class='ocrx_word' id='word_1_23' title='bbox 685 523 914 581; x_wconf 82' lang='grc' dir='ltr'>θάνατον</span> <span class='ocrx_word' id='word_1_24' title='bbox 948 529 1091 583; x_wconf 85' lang='grc' dir='ltr'>κατὰ</span> <span class='ocrx_word' id='word_1_25' title='bbox 1130 531 1290 601; x_wconf 81' lang='grc' dir='ltr'>φύσιν</span> <span class='ocrx_word' id='word_1_26' title='bbox 1328 533 1626 603; x_wconf 85' lang='grc' dir='ltr'>ἀνθρώπων</span> <span class='ocrx_word' id='word_1_27' title='bbox 1655 536 1749 587; x_wconf 78' lang='grc' dir='ltr'><strong>καὶ</strong></span> <span class='ocrx_word' id='word_1_28' title='bbox 1789 535 2008 607; x_wconf 72' lang='grc' dir='ltr'>εὔχεται</span> 
     </span>
    </p>
   </div>
   <div class='ocr_carea' id='block_1_7' title="bbox 438 620 2013 700">
    <p class='ocr_par' dir='ltr' id='par_1_7' title="bbox 438 620 2013 700">
     <span class='ocr_line' id='line_1_7' title="bbox 438 620 2013 700; baseline 0.007 -28"><span class='ocrx_word' id='word_1_29' title='bbox 438 621 531 673; x_wconf 75' lang='grc' dir='ltr'>καὶ</span> <span class='ocrx_word' id='word_1_30' title='bbox 556 620 867 690; x_wconf 76' lang='grc' dir='ltr'>ὲνισχύεται</span> <span class='ocrx_word' id='word_1_31' title='bbox 897 622 1003 675; x_wconf 81' lang='grc' dir='ltr'><strong>ὑπὸ</strong></span> <span class='ocrx_word' id='word_1_32' title='bbox 1032 623 1265 691; x_wconf 82' lang='grc' dir='ltr'><strong>ἀγγέλου</strong></span> <span class='ocrx_word' id='word_1_33' title='bbox 1295 626 1393 697; x_wconf 78' lang='grc'>(1).</span> <span class='ocrx_word' id='word_1_34' title='bbox 1428 626 1540 696; x_wconf 83' lang='grc' dir='ltr'><strong>Τῆς</strong></span> <span class='ocrx_word' id='word_1_35' title='bbox 1572 627 1673 698; x_wconf 87' lang='grc' dir='ltr'><strong>μὲν</strong></span> <span class='ocrx_word' id='word_1_36' title='bbox 1707 628 1885 700; x_wconf 76' lang='grc' dir='ltr'>ψυχῆς</span> <span class='ocrx_word' id='word_1_37' title='bbox 1917 631 2013 683; x_wconf 81' lang='grc' dir='ltr'><strong>αὺ-</strong></span> 
     </span>
    </p>
   </div>
   <div class='ocr_carea' id='block_1_8' title="bbox 435 710 2011 790">
    <p class='ocr_par' dir='ltr' id='par_1_8' title="bbox 435 710 2011 790">
     <span class='ocr_line' id='line_1_8' title="bbox 435 710 2011 790; baseline 0.007 -27"><span class='ocrx_word' id='word_1_38' title='bbox 435 710 529 764; x_wconf 80' lang='grc' dir='ltr'><strong>⁴τοῦ</strong></span> <span class='ocrx_word' id='word_1_39' title='bbox 568 712 1027 784; x_wconf 83' lang='grc' dir='ltr'>προθυμουμένης</span> <span class='ocrx_word' id='word_1_40' title='bbox 1054 714 1299 787; x_wconf 79' lang='grc' dir='ltr'><strong>λογισμῷ</strong></span> <span class='ocrx_word' id='word_1_41' title='bbox 1325 717 1595 786; x_wconf 79' lang='grc' dir='ltr'>αἱρεῖσθαι</span> <span class='ocrx_word' id='word_1_42' title='bbox 1624 718 1764 790; x_wconf 81' lang='grc' dir='ltr'>ὑπὲρ</span> <span class='ocrx_word' id='word_1_43' title='bbox 1796 721 2011 774; x_wconf 87' lang='grc' dir='ltr'>πάντων</span> 
     </span>
    </p>
   </div>
   <div class='ocr_carea' id='block_1_9' title="bbox 436 803 2008 883">
    <p class='ocr_par' dir='ltr' id='par_1_9' title="bbox 436 803 2008 883">
     <span class='ocr_line' id='line_1_9' title="bbox 436 803 2008 883; baseline 0.004 -28"><span class='ocrx_word' id='word_1_44' title='bbox 436 803 528 857; x_wconf 77' lang='grc' dir='ltr'>τὸν</span> <span class='ocrx_word' id='word_1_45' title='bbox 551 803 800 866; x_wconf 86' lang='grc' dir='ltr'>θάνατον,</span> <span class='ocrx_word' id='word_1_46' title='bbox 833 803 925 857; x_wconf 88' lang='grc' dir='ltr'><strong>τοῦ</strong></span> <span class='ocrx_word' id='word_1_47' title='bbox 953 804 1010 857; x_wconf 84' lang='grc' dir='ltr'>δὲ</span> <span class='ocrx_word' id='word_1_48' title='bbox 1039 805 1287 876; x_wconf 85' lang='grc' dir='ltr'>σώματος</span> <span class='ocrx_word' id='word_1_49' title='bbox 1313 807 1690 873; x_wconf 80' lang='grc' dir='ltr'><strong>διαπίπτοντος</strong></span> <span class='ocrx_word' id='word_1_50' title='bbox 1720 813 1786 881; x_wconf 88' lang='grc' dir='ltr'><strong>τῇ</strong></span> <span class='ocrx_word' id='word_1_51' title='bbox 1816 811 2008 883; x_wconf 57' lang='grc' dir='ltr'>δειλίᾳ,</span> 
     </span>
    </p>
   </div>
   <div class='ocr_carea' id='block_1_10' title="bbox 437 890 2012 976">
    <p class='ocr_par' dir='ltr' id='par_1_10' title="bbox 437 890 2012 976">
     <span class='ocr_line' id='line_1_10' title="bbox 437 890 2012 976; baseline 0.006 -29"><span class='ocrx_word' id='word_1_52' title='bbox 437 893 648 965; x_wconf 82' lang='grc' dir='ltr'>άληθῶς</span> <span class='ocrx_word' id='word_1_53' title='bbox 673 890 766 949; x_wconf 83' lang='grc' dir='ltr'><strong>οὖν</strong></span> <span class='ocrx_word' id='word_1_54' title='bbox 787 894 1036 967; x_wconf 78' lang='grc' dir='ltr'><strong>ἀνδρείαν</strong></span> <span class='ocrx_word' id='word_1_55' title='bbox 1058 896 1237 969; x_wconf 80' lang='grc' dir='ltr'>ψυχὴν</span> <span class='ocrx_word' id='word_1_56' title='bbox 1262 894 1328 970; x_wconf 80' lang='grc' dir='ltr'>ἦν</span> <span class='ocrx_word' id='word_1_57' title='bbox 1356 900 1649 955; x_wconf 85' lang='grc' dir='ltr'>θεάσασθαι</span> <span class='ocrx_word' id='word_1_58' title='bbox 1679 904 1736 955; x_wconf 86' lang='grc' dir='ltr'>ὲν</span> <span class='ocrx_word' id='word_1_59' title='bbox 1759 903 2012 976; x_wconf 72' lang='grc' dir='ltr'>ἀσθενείᾳ</span> 
     </span>
    </p>
   </div>
   <div class='ocr_carea' id='block_1_11' title="bbox 440 987 2012 1068">
    <p class='ocr_par' dir='ltr' id='par_1_11' title="bbox 440 987 2012 1068">
     <span class='ocr_line' id='line_1_11' title="bbox 440 987 2012 1068; baseline 0.006 -27"><span class='ocrx_word' id='word_1_60' title='bbox 440 987 689 1058; x_wconf 83' lang='grc' dir='ltr'>σώματος</span> <span class='ocrx_word' id='word_1_61' title='bbox 716 988 961 1061; x_wconf 83' lang='grc' dir='ltr'>λογισμῷ</span> <span class='ocrx_word' id='word_1_62' title='bbox 997 991 1143 1061; x_wconf 85' lang='grc' dir='ltr'>μόνῳ</span> <span class='ocrx_word' id='word_1_63' title='bbox 1176 991 1315 1064; x_wconf 81' lang='grc' dir='ltr'>πρὸς</span> <span class='ocrx_word' id='word_1_64' title='bbox 1356 993 1453 1064; x_wconf 82' lang='grc' dir='ltr'>τὴν</span> <span class='ocrx_word' id='word_1_65' title='bbox 1486 994 1647 1063; x_wconf 79' lang='grc' dir='ltr'>φύσιν</span> <span class='ocrx_word' id='word_1_66' title='bbox 1696 997 2012 1068; x_wconf 82' lang='grc' dir='ltr'><strong>μαχομένην</strong></span> 
     </span>
    </p>
   </div>
   <div class='ocr_carea' id='block_1_12' title="bbox 437 1079 2011 1159">
    <p class='ocr_par' dir='ltr' id='par_1_12' title="bbox 437 1079 2011 1159">
     <span class='ocr_line' id='line_1_12' title="bbox 437 1079 2011 1159; baseline 0.007 -26"><span class='ocrx_word' id='word_1_67' title='bbox 437 1080 532 1133; x_wconf 74' lang='grc' dir='ltr'><strong>καὶ</strong></span> <span class='ocrx_word' id='word_1_68' title='bbox 561 1081 871 1150; x_wconf 86' lang='grc' dir='ltr'>κρατοῦσαν</span> <span class='ocrx_word' id='word_1_69' title='bbox 900 1082 998 1152; x_wconf 76' lang='grc'>(2).</span> <span class='ocrx_word' id='word_1_70' title='bbox 1032 1082 1122 1153; x_wconf 83' lang='grc' dir='ltr'><strong>Μὴ</strong></span> <span class='ocrx_word' id='word_1_71' title='bbox 1155 1079 1249 1136; x_wconf 82' lang='grc' dir='ltr'><strong>οῦν</strong></span> <span class='ocrx_word' id='word_1_72' title='bbox 1290 1084 1479 1155; x_wconf 85' lang='grc' dir='ltr'>σύγχει</span> <span class='ocrx_word' id='word_1_73' title='bbox 1517 1086 1584 1139; x_wconf 79' lang='grc' dir='ltr'><strong>τὰ</strong></span> <span class='ocrx_word' id='word_1_74' title='bbox 1615 1088 1886 1159; x_wconf 87' lang='grc' dir='ltr'>λεγόμενα</span> <span class='ocrx_word' id='word_1_75' title='bbox 1922 1089 2011 1159; x_wconf 80' lang='grc' dir='ltr'><strong>ὑφ’</strong></span> 
     </span>
    </p>
   </div>
   <div class='ocr_carea' id='block_1_13' title="bbox 436 1172 2013 1249">
    <p class='ocr_par' dir='ltr' id='par_1_13' title="bbox 436 1172 2013 1249">
     <span class='ocr_line' id='line_1_13' title="bbox 436 1172 2013 1249; baseline 0.008 -26"><span class='ocrx_word' id='word_1_76' title='bbox 436 1172 611 1241; x_wconf 80' lang='grc' dir='ltr'>ἡμῶν.</span> <span class='ocrx_word' id='word_1_77' title='bbox 638 1172 715 1225; x_wconf 83' lang='grc' dir='ltr'><strong>Οὐ</strong></span> <span class='ocrx_word' id='word_1_78' title='bbox 739 1172 849 1245; x_wconf 82' lang='grc' dir='ltr'>γὰρ</span> <span class='ocrx_word' id='word_1_79' title='bbox 878 1173 1067 1245; x_wconf 79' lang='grc' dir='ltr'>ἐπειδὴ</span> <span class='ocrx_word' id='word_1_80' title='bbox 1092 1174 1224 1228; x_wconf 83' lang='grc' dir='ltr'>Θεὸν</span> <span class='ocrx_word' id='word_1_81' title='bbox 1248 1176 1479 1248; x_wconf 88' lang='grc' dir='ltr'>λέγομεν</span> <span class='ocrx_word' id='word_1_82' title='bbox 1502 1177 1594 1232; x_wconf 78' lang='grc' dir='ltr'>τὸν</span> <span class='ocrx_word' id='word_1_83' title='bbox 1610 1180 1842 1249; x_wconf 80' lang='grc' dir='ltr'>Χριστὸν</span> <span class='ocrx_word' id='word_1_84' title='bbox 1872 1184 2013 1236; x_wconf 68' lang='grc' dir='ltr'>κατὰ</span> 
     </span>
    </p>
   </div>
   <div class='ocr_carea' id='block_1_14' title="bbox 441 1262 2009 1341">
    <p class='ocr_par' dir='ltr' id='par_1_14' title="bbox 441 1262 2009 1341">
     <span class='ocr_line' id='line_1_14' title="bbox 441 1262 2009 1341; baseline 0.008 -27"><span class='ocrx_word' id='word_1_85' title='bbox 441 1262 542 1332; x_wconf 81' lang='grc' dir='ltr'>τὴν</span> <span class='ocrx_word' id='word_1_86' title='bbox 582 1262 751 1315; x_wconf 82' lang='grc' dir='ltr'>ἀΐδιον</span> <span class='ocrx_word' id='word_1_87' title='bbox 794 1264 889 1316; x_wconf 73' lang='grc' dir='ltr'>καὶ</span> <span class='ocrx_word' id='word_1_88' title='bbox 929 1263 1162 1335; x_wconf 79' lang='grc' dir='ltr'>ἄναρχον</span> <span class='ocrx_word' id='word_1_89' title='bbox 1184 1266 1250 1318; x_wconf 83' lang='grc' dir='ltr'>ὲκ</span> <span class='ocrx_word' id='word_1_90' title='bbox 1279 1266 1413 1319; x_wconf 82' lang='grc' dir='ltr'><strong>Θεοῦ</strong></span> <span class='ocrx_word' id='word_1_91' title='bbox 1445 1268 1538 1321; x_wconf 73' lang='grc' dir='ltr'><strong>καὶ</strong></span> <span class='ocrx_word' id='word_1_92' title='bbox 1567 1269 1782 1339; x_wconf 84' lang='grc' dir='ltr'>Πατρὸς</span> <span class='ocrx_word' id='word_1_93' title='bbox 1827 1272 2009 1341; x_wconf 79' lang='grc' dir='ltr'>φύσιν,</span> 
     </span>
    </p>
   </div>
   <div class='ocr_carea' id='block_1_15' title="bbox 445 1353 2011 1431">
    <p class='ocr_par' dir='ltr' id='par_1_15' title="bbox 445 1353 2011 1431">
     <span class='ocr_line' id='line_1_15' title="bbox 445 1353 2011 1431; baseline 0.008 -26"><span class='ocrx_word' id='word_1_94' title='bbox 445 1354 565 1424; x_wconf 73' lang='grc' dir='ltr'>οὐχὶ</span> <span class='ocrx_word' id='word_1_95' title='bbox 608 1354 702 1407; x_wconf 80' lang='grc' dir='ltr'>καὶ</span> <span class='ocrx_word' id='word_1_96' title='bbox 725 1353 1010 1425; x_wconf 80' lang='grc' dir='ltr'>ἄνθρωπον</span> <span class='ocrx_word' id='word_1_97' title='bbox 1041 1356 1258 1426; x_wconf 85' lang='grc' dir='ltr'>ἀληθῶς</span> <span class='ocrx_word' id='word_1_98' title='bbox 1287 1359 1656 1431; x_wconf 85' lang='grc' dir='ltr'>ὁμολογοῦμεν</span> <span class='ocrx_word' id='word_1_99' title='bbox 1680 1364 1842 1417; x_wconf 70' lang='grc' dir='ltr'>αὑτὸν</span> <span class='ocrx_word' id='word_1_100' title='bbox 1873 1365 2011 1418; x_wconf 76' lang='grc' dir='ltr'>κατὰ</span> 
     </span>
    </p>
   </div>
   <div class='ocr_carea' id='block_1_16' title="bbox 441 1446 2013 1525">
    <p class='ocr_par' dir='ltr' id='par_1_16' title="bbox 441 1446 2013 1525">
     <span class='ocr_line' id='line_1_16' title="bbox 441 1446 2013 1525; baseline 0.006 -27"><span class='ocrx_word' id='word_1_101' title='bbox 441 1447 541 1518; x_wconf 83' lang='grc' dir='ltr'>τὴν</span> <span class='ocrx_word' id='word_1_102' title='bbox 567 1446 893 1517; x_wconf 82' lang='grc' dir='ltr'>πρόσκαιρον</span> <span class='ocrx_word' id='word_1_103' title='bbox 920 1450 1015 1500; x_wconf 78' lang='grc' dir='ltr'><strong>καὶ</strong></span> <span class='ocrx_word' id='word_1_104' title='bbox 1039 1449 1176 1518; x_wconf 75' lang='grc' dir='ltr'>μετὰ</span> <span class='ocrx_word' id='word_1_105' title='bbox 1201 1449 1401 1514; x_wconf 87' lang='grc' dir='ltr'>πολλὰς</span> <span class='ocrx_word' id='word_1_106' title='bbox 1415 1452 1617 1517; x_wconf 37' lang='grc' dir='ltr'>,γενεὰς</span> <span class='ocrx_word' id='word_1_107' title='bbox 1635 1455 1932 1525; x_wconf 76' lang='grc' dir='ltr'>γενομένην</span> <span class='ocrx_word' id='word_1_108' title='bbox 1956 1457 2013 1523; x_wconf 79' lang='grc' dir='ltr'>ἐξ</span> 
     </span>
    </p>
   </div>
   <div class='ocr_carea' id='block_1_17' title="bbox 441 1535 2013 1616">
    <p class='ocr_par' dir='ltr' id='par_1_17' title="bbox 441 1535 2013 1616">
     <span class='ocr_line' id='line_1_17' title="bbox 441 1535 2013 1616; baseline 0.006 -26"><span class='ocrx_word' id='word_1_109' title='bbox 441 1535 743 1608; x_wconf 78' lang='grc' dir='ltr'>ἀνθρώπιον</span> <span class='ocrx_word' id='word_1_110' title='bbox 779 1539 1029 1612; x_wconf 86' lang='grc' dir='ltr'>διαδοχήν</span> <span class='ocrx_word' id='word_1_111' title='bbox 1062 1542 1174 1612; x_wconf 77' lang='lat'><strong>(3);</strong></span> <span class='ocrx_word' id='word_1_112' title='bbox 1216 1544 1290 1595; x_wconf 79' lang='grc' dir='ltr'><strong>Οὐ</strong></span> <span class='ocrx_word' id='word_1_113' title='bbox 1335 1542 1444 1615; x_wconf 86' lang='grc' dir='ltr'><strong>γὰρ</strong></span> <span class='ocrx_word' id='word_1_114' title='bbox 1487 1545 1563 1615; x_wconf 83' lang='grc' dir='ltr'>τῷ</span> <span class='ocrx_word' id='word_1_115' title='bbox 1610 1546 2013 1616; x_wconf 77' lang='grc' dir='ltr'>μεταϐληθῆναι</span> 
     </span>
    </p>
   </div>
   <div class='ocr_carea' id='block_1_18' title="bbox 441 1628 2014 1711">
    <p class='ocr_par' dir='ltr' id='par_1_18' title="bbox 441 1628 2014 1711">
     <span class='ocr_line' id='line_1_18' title="bbox 441 1628 2014 1711; baseline 0.008 -29"><span class='ocrx_word' id='word_1_116' title='bbox 441 1628 676 1700; x_wconf 83' lang='grc' dir='ltr'>λέγομεν</span> <span class='ocrx_word' id='word_1_117' title='bbox 720 1632 968 1700; x_wconf 85' lang='grc' dir='ltr'>γενέσθαι</span> <span class='ocrx_word' id='word_1_118' title='bbox 1012 1634 1103 1687; x_wconf 86' lang='grc' dir='ltr'><strong>τὸν</strong></span> <span class='ocrx_word' id='word_1_119' title='bbox 1134 1634 1266 1688; x_wconf 80' lang='grc' dir='ltr'><strong>Θεὸν</strong></span> <span class='ocrx_word' id='word_1_120' title='bbox 1312 1636 1484 1705; x_wconf 73' lang='grc' dir='ltr'>Λόγον</span> <span class='ocrx_word' id='word_1_121' title='bbox 1509 1639 1709 1707; x_wconf 80' lang='grc' dir='ltr'><strong>σάρκα,</strong></span> <span class='ocrx_word' id='word_1_122' title='bbox 1756 1639 1890 1693; x_wconf 82' lang='grc' dir='ltr'>ἀλλὰ</span> <span class='ocrx_word' id='word_1_123' title='bbox 1937 1640 2014 1711; x_wconf 83' lang='grc' dir='ltr'>τῷ</span> 
     </span>
    </p>
   </div>
   <div class='ocr_carea' id='block_1_19' title="bbox 442 1719 2010 1801">
    <p class='ocr_par' dir='ltr' id='par_1_19' title="bbox 442 1719 2010 1801">
     <span class='ocr_line' id='line_1_19' title="bbox 442 1719 2010 1801; baseline 0.01 -31"><span class='ocrx_word' id='word_1_124' title='bbox 442 1719 731 1773; x_wconf 78' lang='grc' dir='ltr'>ἁναλαδεϊν</span> <span class='ocrx_word' id='word_1_125' title='bbox 761 1722 938 1793; x_wconf 81' lang='grc' dir='ltr'>σάρκα</span> <span class='ocrx_word' id='word_1_126' title='bbox 960 1721 1056 1793; x_wconf 72' lang='grc'>(4).</span> <span class='ocrx_word' id='word_1_127' title='bbox 1090 1724 1295 1778; x_wconf 81' lang='grc' dir='ltr'>Μαθεῖν</span> <span class='ocrx_word' id='word_1_128' title='bbox 1326 1726 1382 1778; x_wconf 83' lang='grc' dir='ltr'>δὲ</span> <span class='ocrx_word' id='word_1_129' title='bbox 1411 1727 1500 1779; x_wconf 76' lang='grc' dir='ltr'>τὸν</span> <span class='ocrx_word' id='word_1_130' title='bbox 1525 1730 1739 1781; x_wconf 81' lang='grc' dir='ltr'>Λουκᾶν</span> <span class='ocrx_word' id='word_1_131' title='bbox 1762 1731 1891 1801; x_wconf 79' lang='grc' dir='ltr'>περὶ</span> <span class='ocrx_word' id='word_1_132' title='bbox 1917 1731 2010 1785; x_wconf 84' lang='grc' dir='ltr'><strong>τοῦ</strong></span> 
     </span>
    </p>
   </div>
   <div class='ocr_carea' id='block_1_20' title="bbox 2117 535 3699 607">
    <p class='ocr_par' dir='ltr' id='par_1_20' title="bbox 2117 535 3699 607">
     <span class='ocr_line' id='line_1_20' title="bbox 2117 535 3699 607; baseline 0.002 -17"><span class='ocrx_word' id='word_1_133' title='bbox 2117 537 2379 591; x_wconf 88' lang='lat' dir='ltr'><strong>dieutiam</strong></span> <span class='ocrx_word' id='word_1_134' title='bbox 2429 546 2741 607; x_wconf 67' lang='lat' dir='ltr'><strong>praestaret.</strong></span> <span class='ocrx_word' id='word_1_135' title='bbox 2786 535 2893 591; x_wconf 86' lang='lat' dir='ltr'><strong>Sed</strong></span> <span class='ocrx_word' id='word_1_136' title='bbox 2935 551 3060 591; x_wconf 90' lang='lat' dir='ltr'><strong>cum</strong></span> <span class='ocrx_word' id='word_1_137' title='bbox 3106 552 3216 591; x_wconf 92' lang='lat' dir='ltr'><strong>non</strong></span> <span class='ocrx_word' id='word_1_138' title='bbox 3261 538 3316 589; x_wconf 91' lang='lat' dir='ltr'><strong>in</strong></span> <span class='ocrx_word' id='word_1_139' title='bbox 3365 537 3535 607; x_wconf 79' lang='lat' dir='ltr'><strong>ﬁgura</strong></span> <span class='ocrx_word' id='word_1_140' title='bbox 3586 548 3699 593; x_wconf 85' lang='lat' dir='ltr'><strong>tan-</strong></span> 
     </span>
    </p>
   </div>
   <div class='ocr_carea' id='block_1_21' title="bbox 2118 628 3701 700">
    <p class='ocr_par' dir='ltr' id='par_1_21' title="bbox 2118 628 3701 700">
     <span class='ocr_line' id='line_1_21' title="bbox 2118 628 3701 700; baseline 0.002 -19"><span class='ocrx_word' id='word_1_141' title='bbox 2118 637 2233 682; x_wconf 90' lang='lat' dir='ltr'><strong>tum</strong></span> <span class='ocrx_word' id='word_1_142' title='bbox 2263 638 2427 699; x_wconf 84' lang='lat' dir='ltr'><strong>alque</strong></span> <span class='ocrx_word' id='word_1_143' title='bbox 2457 644 2556 700; x_wconf 91' lang='lat' dir='ltr'><strong>pro</strong></span> <span class='ocrx_word' id='word_1_144' title='bbox 2588 629 2759 682; x_wconf 83' lang='lat' dir='ltr'><strong>forma</strong></span> <span class='ocrx_word' id='word_1_145' title='bbox 2801 628 3026 683; x_wconf 85' lang='lat' dir='ltr'><strong>obedire</strong></span> <span class='ocrx_word' id='word_1_146' title='bbox 3054 629 3237 693; x_wconf 89' lang='lat' dir='ltr'><strong>vellet,</strong></span> <span class='ocrx_word' id='word_1_147' title='bbox 3287 638 3518 683; x_wconf 84' lang='lat' dir='ltr'><strong>mortem</strong></span> <span class='ocrx_word' id='word_1_148' title='bbox 3565 646 3701 699; x_wconf 89' lang='lat' dir='ltr'><strong>quo-</strong></span> 
     </span>
    </p>
   </div>
   <div class='ocr_carea' id='block_1_22' title="bbox 2119 717 3701 787">
    <p class='ocr_par' dir='ltr' id='par_1_22' title="bbox 2119 717 3701 787">
     <span class='ocr_line' id='line_1_22' title="bbox 2119 717 3701 787; baseline 0.003 -19"><span class='ocrx_word' id='word_1_149' title='bbox 2119 733 2225 787; x_wconf 90' lang='lat' dir='ltr'><strong>que</strong></span> <span class='ocrx_word' id='word_1_150' title='bbox 2272 719 2574 773; x_wconf 91' lang='lat' dir='ltr'><strong>secundum</strong></span> <span class='ocrx_word' id='word_1_151' title='bbox 2616 717 2915 771; x_wconf 82' lang='lat' dir='ltr'><strong>humanam</strong></span> <span class='ocrx_word' id='word_1_152' title='bbox 2962 727 3212 771; x_wconf 87' lang='lat' dir='ltr'><strong>naturam</strong></span> <span class='ocrx_word' id='word_1_153' title='bbox 3262 717 3462 783; x_wconf 89' lang='lat' dir='ltr'><strong>timuit,</strong></span> <span class='ocrx_word' id='word_1_154' title='bbox 3494 718 3701 773; x_wconf 88' lang='lat' dir='ltr'><strong>oravit—</strong></span> 
     </span>
    </p>
   </div>
   <div class='ocr_carea' id='block_1_23' title="bbox 2113 809 3700 879">
    <p class='ocr_par' dir='ltr' id='par_1_23' title="bbox 2113 809 3700 879">
     <span class='ocr_line' id='line_1_23' title="bbox 2113 809 3700 879; baseline 0.001 -19"><span class='ocrx_word' id='word_1_155' title='bbox 2113 824 2239 878; x_wconf 90' lang='lat' dir='ltr'><strong>que,</strong></span> <span class='ocrx_word' id='word_1_156' title='bbox 2278 809 2438 863; x_wconf 84' lang='lat' dir='ltr'><strong>etab</strong></span> <span class='ocrx_word' id='word_1_157' title='bbox 2486 809 2682 879; x_wconf 79' lang='lat' dir='ltr'><strong>angelo</strong></span> <span class='ocrx_word' id='word_1_158' title='bbox 2728 809 3120 863; x_wconf 78' lang='lat' dir='ltr'><strong>corroboratus</strong></span> <span class='ocrx_word' id='word_1_159' title='bbox 3165 816 3270 863; x_wconf 90' lang='lat' dir='ltr'><strong>est.</strong></span> <span class='ocrx_word' id='word_1_160' title='bbox 3327 809 3523 862; x_wconf 77' lang='lat' dir='ltr'><strong>Anima</strong></span> <span class='ocrx_word' id='word_1_161' title='bbox 3553 810 3700 863; x_wconf 91' lang='lat' dir='ltr'><strong>enim</strong></span> 
     </span>
    </p>
   </div>
   <div class='ocr_carea' id='block_1_24' title="bbox 2113 900 3699 970">
    <p class='ocr_par' dir='ltr' id='par_1_24' title="bbox 2113 900 3699 970">
     <span class='ocr_line' id='line_1_24' title="bbox 2113 900 3699 970; baseline 0 -16"><span class='ocrx_word' id='word_1_162' title='bbox 2113 900 2232 966; x_wconf 76' lang='lat' dir='ltr'><strong>ejus</strong></span> <span class='ocrx_word' id='word_1_163' title='bbox 2262 900 2520 963; x_wconf 88' lang='lat' dir='ltr'><strong>consilio,</strong></span> <span class='ocrx_word' id='word_1_164' title='bbox 2550 901 2740 954; x_wconf 88' lang='lat' dir='ltr'><strong>mortis</strong></span> <span class='ocrx_word' id='word_1_165' title='bbox 2776 901 2829 953; x_wconf 89' lang='lat' dir='ltr'><strong>in</strong></span> <span class='ocrx_word' id='word_1_166' title='bbox 2862 901 3096 955; x_wconf 88' lang='lat' dir='ltr'><strong>salutem</strong></span> <span class='ocrx_word' id='word_1_167' title='bbox 3130 901 3380 953; x_wconf 88' lang='lat' dir='ltr'><strong>omnium</strong></span> <span class='ocrx_word' id='word_1_168' title='bbox 3408 900 3699 970; x_wconf 48' lang='lat' dir='ltr'><strong>eligendae.</strong></span> 
     </span>
    </p>
   </div>
   <div class='ocr_carea' id='block_1_25' title="bbox 2115 994 3700 1063">
    <p class='ocr_par' dir='ltr' id='par_1_25' title="bbox 2115 994 3700 1063">
     <span class='ocr_line' id='line_1_25' title="bbox 2115 994 3700 1063; baseline 0 -17"><span class='ocrx_word' id='word_1_169' title='bbox 2115 994 2434 1059; x_wconf 73' lang='lat' dir='ltr'><strong>inhaerente,</strong></span> <span class='ocrx_word' id='word_1_170' title='bbox 2465 1008 2698 1063; x_wconf 88' lang='lat' dir='ltr'><strong>corpore</strong></span> <span class='ocrx_word' id='word_1_171' title='bbox 2739 1001 2918 1048; x_wconf 90' lang='lat' dir='ltr'><strong>autem</strong></span> <span class='ocrx_word' id='word_1_172' title='bbox 2950 1008 3062 1063; x_wconf 83' lang='lat' dir='ltr'><strong>prae</strong></span> <span class='ocrx_word' id='word_1_173' title='bbox 3093 994 3289 1048; x_wconf 83' lang='lat' dir='ltr'><strong>timore</strong></span> <span class='ocrx_word' id='word_1_174' title='bbox 3316 1005 3700 1056; x_wconf 84' lang='lat' dir='ltr'><strong>evanescente,</strong></span> 
     </span>
    </p>
   </div>
   <div class='ocr_carea' id='block_1_26' title="bbox 2115 1083 3700 1156">
    <p class='ocr_par' dir='ltr' id='par_1_26' title="bbox 2115 1083 3700 1156">
     <span class='ocr_line' id='line_1_26' title="bbox 2115 1083 3700 1156; baseline 0.002 -19"><span class='ocrx_word' id='word_1_175' title='bbox 2115 1083 2310 1139; x_wconf 83' lang='lat' dir='ltr'><strong>fortem</strong></span> <span class='ocrx_word' id='word_1_176' title='bbox 2363 1100 2499 1141; x_wconf 90' lang='lat' dir='ltr'><strong>sane</strong></span> <span class='ocrx_word' id='word_1_177' title='bbox 2526 1086 2788 1150; x_wconf 90' lang='lat' dir='ltr'><strong>animam,</strong></span> <span class='ocrx_word' id='word_1_178' title='bbox 2830 1086 2887 1139; x_wconf 91' lang='lat' dir='ltr'><strong>in</strong></span> <span class='ocrx_word' id='word_1_179' title='bbox 2934 1084 3254 1140; x_wconf 89' lang='lat' dir='ltr'><strong>inﬁrmitate</strong></span> <span class='ocrx_word' id='word_1_180' title='bbox 3297 1086 3546 1156; x_wconf 89' lang='lat' dir='ltr'><strong>corporis</strong></span> <span class='ocrx_word' id='word_1_181' title='bbox 3583 1087 3700 1142; x_wconf 91' lang='lat' dir='ltr'><strong>solo</strong></span> 
     </span>
    </p>
   </div>
   <div class='ocr_carea' id='block_1_27' title="bbox 2115 1176 3702 1239">
    <p class='ocr_par' dir='ltr' id='par_1_27' title="bbox 2115 1176 3702 1239">
     <span class='ocr_line' id='line_1_27' title="bbox 2115 1176 3702 1239; baseline -0.003 -8"><span class='ocrx_word' id='word_1_182' title='bbox 2115 1192 2215 1231; x_wconf 84' lang='lat' dir='ltr'><strong>suo</strong></span> <span class='ocrx_word' id='word_1_183' title='bbox 2253 1176 2489 1232; x_wconf 90' lang='lat' dir='ltr'><strong>consilio</strong></span> <span class='ocrx_word' id='word_1_184' title='bbox 2535 1190 2659 1231; x_wconf 90' lang='lat' dir='ltr'><strong>cum</strong></span> <span class='ocrx_word' id='word_1_185' title='bbox 2714 1185 2910 1230; x_wconf 88' lang='lat' dir='ltr'><strong>natura</strong></span> <span class='ocrx_word' id='word_1_186' title='bbox 2950 1177 3331 1239; x_wconf 83' lang='lat' dir='ltr'><strong>dimicantem,</strong></span> <span class='ocrx_word' id='word_1_187' title='bbox 3386 1176 3702 1231; x_wconf 86' lang='lat' dir='ltr'><strong>victricem-</strong></span> 
     </span>
    </p>
   </div>
   <div class='ocr_carea' id='block_1_28' title="bbox 2113 1265 3700 1339">
    <p class='ocr_par' dir='ltr' id='par_1_28' title="bbox 2113 1265 3700 1339">
     <span class='ocr_line' id='line_1_28' title="bbox 2113 1265 3700 1339; baseline -0.002 -18"><span class='ocrx_word' id='word_1_188' title='bbox 2113 1285 2221 1339; x_wconf 74' lang='lat' dir='ltr'><strong>que</strong></span> <span class='ocrx_word' id='word_1_189' title='bbox 2265 1269 2451 1323; x_wconf 85' lang='lat' dir='ltr'><strong>videre</strong></span> <span class='ocrx_word' id='word_1_190' title='bbox 2502 1277 2641 1323; x_wconf 89' lang='lat' dir='ltr'><strong>erat.</strong></span> <span class='ocrx_word' id='word_1_191' title='bbox 2692 1268 2769 1323; x_wconf 83' lang='lat' dir='ltr'><strong>Ne</strong></span> <span class='ocrx_word' id='word_1_192' title='bbox 2802 1270 2967 1337; x_wconf 76' lang='lat' dir='ltr'><strong>igitur</strong></span> <span class='ocrx_word' id='word_1_193' title='bbox 3005 1270 3167 1322; x_wconf 86' lang='lat' dir='ltr'><strong>verba</strong></span> <span class='ocrx_word' id='word_1_194' title='bbox 3227 1284 3413 1322; x_wconf 84' lang='lat' dir='ltr'><strong>nostra</strong></span> <span class='ocrx_word' id='word_1_195' title='bbox 3462 1265 3700 1321; x_wconf 83' lang='lat' dir='ltr'><strong>confun-</strong></span> 
     </span>
    </p>
   </div>
   <div class='ocr_carea' id='block_1_29' title="bbox 2114 1361 3701 1418">
    <p class='ocr_par' dir='ltr' id='par_1_29' title="bbox 2114 1361 3701 1418">
     <span class='ocr_line' id='line_1_29' title="bbox 2114 1361 3701 1418; baseline -0.003 -3"><span class='ocrx_word' id='word_1_196' title='bbox 2114 1362 2212 1418; x_wconf 86' lang='lat' dir='ltr'><strong>das</strong></span> <span class='ocrx_word' id='word_1_197' title='bbox 2246 1382 2260 1417; x_wconf 90' lang='lat'>:</span> <span class='ocrx_word' id='word_1_198' title='bbox 2291 1378 2418 1417; x_wconf 89' lang='lat' dir='ltr'><strong>cum</strong></span> <span class='ocrx_word' id='word_1_199' title='bbox 2459 1362 2605 1417; x_wconf 91' lang='lat' dir='ltr'><strong>enim</strong></span> <span class='ocrx_word' id='word_1_200' title='bbox 2646 1361 2929 1417; x_wconf 82' lang='lat' dir='ltr'><strong>Christum</strong></span> <span class='ocrx_word' id='word_1_201' title='bbox 2975 1361 3225 1415; x_wconf 82' lang='lat' dir='ltr'><strong>dicamus</strong></span> <span class='ocrx_word' id='word_1_202' title='bbox 3273 1361 3439 1415; x_wconf 86' lang='lat' dir='ltr'><strong>Deum</strong></span> <span class='ocrx_word' id='word_1_203' title='bbox 3494 1374 3701 1413; x_wconf 86' lang='lat' dir='ltr'><strong>secun-</strong></span> 
     </span>
    </p>
   </div>
   <div class='ocr_carea' id='block_1_30' title="bbox 2115 1448 3686 1524">
    <p class='ocr_par' dir='ltr' id='par_1_30' title="bbox 2115 1448 3686 1524">
     <span class='ocr_line' id='line_1_30' title="bbox 2115 1448 3686 1524; baseline -0.006 -14"><span class='ocrx_word' id='word_1_204' title='bbox 2115 1456 2243 1510; x_wconf 91' lang='lat' dir='ltr'><strong>dum</strong></span> <span class='ocrx_word' id='word_1_205' title='bbox 2280 1463 2539 1509; x_wconf 63' lang='lat' dir='ltr'><strong>aeternam</strong></span> <span class='ocrx_word' id='word_1_206' title='bbox 2578 1464 2742 1524; x_wconf 87' lang='lat' dir='ltr'><strong>atque</strong></span> <span class='ocrx_word' id='word_1_207' title='bbox 2770 1454 3070 1507; x_wconf 88' lang='lat' dir='ltr'><strong>increatam</strong></span> <span class='ocrx_word' id='word_1_208' title='bbox 3103 1451 3224 1520; x_wconf 88' lang='lat' dir='ltr'><strong>ejus</strong></span> <span class='ocrx_word' id='word_1_209' title='bbox 3268 1467 3335 1505; x_wconf 78' lang='lat' dir='ltr'><strong>ex</strong></span> <span class='ocrx_word' id='word_1_210' title='bbox 3370 1449 3481 1504; x_wconf 89' lang='lat' dir='ltr'><strong>Deo</strong></span> <span class='ocrx_word' id='word_1_211' title='bbox 3524 1448 3686 1503; x_wconf 83' lang='lat' dir='ltr'><strong>Patre</strong></span> 
     </span>
    </p>
   </div>
   <div class='ocr_carea' id='block_1_31' title="bbox 2115 1543 3693 1614">
    <p class='ocr_par' dir='ltr' id='par_1_31' title="bbox 2115 1543 3693 1614">
     <span class='ocr_line' id='line_1_31' title="bbox 2115 1543 3693 1614; baseline -0.006 -13"><span class='ocrx_word' id='word_1_212' title='bbox 2115 1555 2395 1614; x_wconf 87' lang='lat' dir='ltr'><strong>naturam,</strong></span> <span class='ocrx_word' id='word_1_213' title='bbox 2439 1562 2621 1600; x_wconf 87' lang='lat' dir='ltr'><strong>nonne</strong></span> <span class='ocrx_word' id='word_1_214' title='bbox 2649 1546 2815 1599; x_wconf 90' lang='lat' dir='ltr'><strong>etiam</strong></span> <span class='ocrx_word' id='word_1_215' title='bbox 2848 1558 2975 1600; x_wconf 88' lang='lat' dir='ltr'><strong>eum</strong></span> <span class='ocrx_word' id='word_1_216' title='bbox 3014 1543 3292 1597; x_wconf 90' lang='lat' dir='ltr'><strong>hominem</strong></span> <span class='ocrx_word' id='word_1_217' title='bbox 3328 1557 3516 1596; x_wconf 89' lang='lat' dir='ltr'><strong>verum</strong></span> <span class='ocrx_word' id='word_1_218' title='bbox 3558 1556 3693 1594; x_wconf 86' lang='lat' dir='ltr'><strong>con-</strong></span> 
     </span>
    </p>
   </div>
   <div class='ocr_carea' id='block_1_32' title="bbox 2118 1631 3700 1703">
    <p class='ocr_par' dir='ltr' id='par_1_32' title="bbox 2118 1631 3700 1703">
     <span class='ocr_line' id='line_1_32' title="bbox 2118 1631 3700 1703; baseline -0.006 -10"><span class='ocrx_word' id='word_1_219' title='bbox 2118 1640 2355 1703; x_wconf 90' lang='lat' dir='ltr'><strong>ﬁtemur,</strong></span> <span class='ocrx_word' id='word_1_220' title='bbox 2396 1638 2698 1693; x_wconf 89' lang='lat' dir='ltr'><strong>secundum</strong></span> <span class='ocrx_word' id='word_1_221' title='bbox 2730 1636 3144 1693; x_wconf 83' lang='lat' dir='ltr'><strong>successionem</strong></span> <span class='ocrx_word' id='word_1_222' title='bbox 3185 1635 3306 1703; x_wconf 88' lang='lat' dir='ltr'><strong>ejus</strong></span> <span class='ocrx_word' id='word_1_223' title='bbox 3349 1649 3416 1688; x_wconf 79' lang='lat' dir='ltr'><strong>ex</strong></span> <span class='ocrx_word' id='word_1_224' title='bbox 3467 1631 3700 1686; x_wconf 91' lang='lat' dir='ltr'><strong>homini-</strong></span> 
     </span>
    </p>
   </div>
   <div class='ocr_carea' id='block_1_33' title="bbox 2118 1726 3698 1802">
    <p class='ocr_par' dir='ltr' id='par_1_33' title="bbox 2118 1726 3698 1802">
     <span class='ocr_line' id='line_1_33' title="bbox 2118 1726 3698 1802; baseline -0.006 -14"><span class='ocrx_word' id='word_1_225' title='bbox 2118 1735 2220 1789; x_wconf 86' lang='lat' dir='ltr'><strong>bus</strong></span> <span class='ocrx_word' id='word_1_226' title='bbox 2254 1730 2664 1802; x_wconf 84' lang='lat' dir='ltr'><strong>temporariam,</strong></span> <span class='ocrx_word' id='word_1_227' title='bbox 2700 1738 2865 1800; x_wconf 89' lang='lat' dir='ltr'><strong>atque</strong></span> <span class='ocrx_word' id='word_1_228' title='bbox 2910 1738 3036 1798; x_wconf 87' lang='lat' dir='ltr'><strong>post</strong></span> <span class='ocrx_word' id='word_1_229' title='bbox 3076 1728 3279 1781; x_wconf 82' lang='lat' dir='ltr'><strong>multas</strong></span> <span class='ocrx_word' id='word_1_230' title='bbox 3316 1726 3698 1796; x_wconf 81' lang='lat' dir='ltr'><strong>generationes</strong></span> 
     </span>
    </p>
   </div>
   <div class='ocr_carea' id='block_1_34' title="bbox 442 1806 2019 1895">
    <p class='ocr_par' dir='ltr' id='par_1_34' title="bbox 442 1813 2013 1895">
     <span class='ocr_line' id='line_1_34' title="bbox 442 1813 2013 1895; baseline 0.006 -28"><span class='ocrx_word' id='word_1_231' title='bbox 442 1813 675 1880; x_wconf 77' lang='grc' dir='ltr'>ἀγγέλου</span> <span class='ocrx_word' id='word_1_232' title='bbox 714 1814 1042 1885; x_wconf 79' lang='grc' dir='ltr'>πολλαχόθεν</span> <span class='ocrx_word' id='word_1_233' title='bbox 1078 1813 1147 1889; x_wconf 82' lang='grc' dir='ltr'><strong>ἦν</strong></span> <span class='ocrx_word' id='word_1_234' title='bbox 1178 1817 1433 1872; x_wconf 84' lang='grc' dir='ltr'>δυνατόν·</span> <span class='ocrx_word' id='word_1_235' title='bbox 1479 1820 1694 1890; x_wconf 84' lang='grc' dir='ltr'>πρῶτον</span> <span class='ocrx_word' id='word_1_236' title='bbox 1731 1823 1830 1893; x_wconf 81' lang='grc' dir='ltr'><strong>μὲν</strong></span> <span class='ocrx_word' id='word_1_237' title='bbox 1863 1824 2013 1895; x_wconf 84' lang='grc' dir='ltr'>παρὰ</span> 
     </span>
    </p>
   </div>
   <div class='ocr_carea' id='block_1_35' title="bbox 2121 1806 3701 1895">
    <p class='ocr_par' dir='ltr' id='par_1_35' title="bbox 2121 1814 3701 1887">
     <span class='ocr_line' id='line_1_35' title="bbox 2121 1814 3701 1887; baseline -0.006 -9"><span class='ocrx_word' id='word_1_238' title='bbox 2121 1824 2355 1879; x_wconf 80' lang='lat' dir='ltr'><strong>iactam?</strong></span> <span class='ocrx_word' id='word_1_239' title='bbox 2382 1822 2501 1877; x_wconf 82' lang='lat' dir='ltr'><strong>Non</strong></span> <span class='ocrx_word' id='word_1_240' title='bbox 2528 1822 2673 1877; x_wconf 90' lang='lat' dir='ltr'><strong>enim</strong></span> <span class='ocrx_word' id='word_1_241' title='bbox 2715 1821 3039 1886; x_wconf 87' lang='lat' dir='ltr'><strong>mutatione,</strong></span> <span class='ocrx_word' id='word_1_242' title='bbox 3074 1814 3172 1874; x_wconf 77' lang='lat' dir='ltr'><strong>sed</strong></span> <span class='ocrx_word' id='word_1_243' title='bbox 3199 1821 3545 1887; x_wconf 87' lang='lat' dir='ltr'><strong>susceptione</strong></span> <span class='ocrx_word' id='word_1_244' title='bbox 3577 1830 3701 1869; x_wconf 88' lang='lat' dir='ltr'><strong>car-</strong></span> 
     </span>
    </p>
   </div>
   <div class='ocr_carea' id='block_1_36' title="bbox 442 1905 2013 1984">
    <p class='ocr_par' dir='ltr' id='par_1_36' title="bbox 442 1905 2013 1984">
     <span class='ocr_line' id='line_1_36' title="bbox 442 1905 2013 1984; baseline 0.008 -28"><span class='ocrx_word' id='word_1_245' title='bbox 442 1905 650 1975; x_wconf 84' lang='grc' dir='ltr'>Πέτρου</span> <span class='ocrx_word' id='word_1_246' title='bbox 682 1905 905 1958; x_wconf 77' lang='grc' dir='ltr'>καὶτῶν</span> <span class='ocrx_word' id='word_1_247' title='bbox 932 1908 1216 1961; x_wconf 79' lang='grc' dir='ltr'>Ζεσεδαὶου</span> <span class='ocrx_word' id='word_1_248' title='bbox 1236 1909 1383 1963; x_wconf 58' lang='grc' dir='ltr'>«υἱῶν</span> <span class='ocrx_word' id='word_1_249' title='bbox 1416 1911 1695 1982; x_wconf 79' lang='grc' dir='ltr'>εὐχομένῳ</span> <span class='ocrx_word' id='word_1_250' title='bbox 1730 1914 2013 1984; x_wconf 82' lang='grc' dir='ltr'>παρόντων</span> 
     </span>
    </p>
   </div>
   <div class='ocr_carea' id='block_1_37' title="bbox 440 1995 2028 2077">
    <p class='ocr_par' dir='ltr' id='par_1_37' title="bbox 440 1995 2028 2077">
     <span class='ocr_line' id='line_1_37' title="bbox 440 1995 2028 2077; baseline 0.009 -30"><span class='ocrx_word' id='word_1_251' title='bbox 440 1995 518 2067; x_wconf 79' lang='grc' dir='ltr'>τῷ</span> <span class='ocrx_word' id='word_1_252' title='bbox 562 1996 760 2067; x_wconf 86' lang='grc' dir='ltr'>Ἰησοῦ,</span> <span class='ocrx_word' id='word_1_253' title='bbox 785 1996 989 2053; x_wconf 79' lang='grc' dir='ltr'>ἔπειτα</span> <span class='ocrx_word' id='word_1_254' title='bbox 1006 2001 1101 2053; x_wconf 75' lang='grc' dir='ltr'>καὶ</span> <span class='ocrx_word' id='word_1_255' title='bbox 1131 2002 1261 2071; x_wconf 84' lang='grc' dir='ltr'>παρ’</span> <span class='ocrx_word' id='word_1_256' title='bbox 1292 2002 1467 2056; x_wconf 81' lang='grc' dir='ltr'>αὐτοῦ·</span> <span class='ocrx_word' id='word_1_257' title='bbox 1494 2004 1630 2073; x_wconf 76' lang='grc' dir='ltr'>μετὰ</span> <span class='ocrx_word' id='word_1_258' title='bbox 1652 2005 1750 2077; x_wconf 86' lang='grc' dir='ltr'><strong>τὴν</strong></span> <span class='ocrx_word' id='word_1_259' title='bbox 1777 2007 2028 2060; x_wconf 82' lang='grc' dir='ltr'>ἀνάστα--</span> 
     </span>
    </p>
   </div>
   <div class='ocr_carea' id='block_1_38' title="bbox 444 2086 2011 2167">
    <p class='ocr_par' dir='ltr' id='par_1_38' title="bbox 444 2086 2011 2167">
     <span class='ocr_line' id='line_1_38' title="bbox 444 2086 2011 2167; baseline 0.006 -28"><span class='ocrx_word' id='word_1_260' title='bbox 444 2102 527 2139; x_wconf 87' lang='grc' dir='ltr'><strong>σιν</strong></span> <span class='ocrx_word' id='word_1_261' title='bbox 575 2086 983 2159; x_wconf 79' lang='grc' dir='ltr'>τεσσαράκοντα</span> <span class='ocrx_word' id='word_1_262' title='bbox 1027 2090 1239 2161; x_wconf 81' lang='grc' dir='ltr'>ἡμέρας</span> <span class='ocrx_word' id='word_1_263' title='bbox 1299 2092 1483 2158; x_wconf 77' lang='grc' dir='ltr'>αὐτοῖς</span> <span class='ocrx_word' id='word_1_264' title='bbox 1530 2094 2011 2167; x_wconf 74' lang='grc' dir='ltr'>συναυλιζομὲνου.</span> 
     </span>
    </p>
   </div>
   <div class='ocr_carea' id='block_1_39' title="bbox 444 2177 2017 2255">
    <p class='ocr_par' dir='ltr' id='par_1_39' title="bbox 444 2177 2017 2255">
     <span class='ocr_line' id='line_1_39' title="bbox 444 2177 2017 2255; baseline 0.006 -24"><span class='ocrx_word' id='word_1_265' title='bbox 444 2178 557 2231; x_wconf 84' lang='grc' dir='ltr'>Οὐκ</span> <span class='ocrx_word' id='word_1_266' title='bbox 582 2177 789 2249; x_wconf 76' lang='grc' dir='ltr'>ἔγραψε</span> <span class='ocrx_word' id='word_1_267' title='bbox 817 2179 873 2233; x_wconf 87' lang='grc' dir='ltr'>δὲ</span> <span class='ocrx_word' id='word_1_268' title='bbox 900 2179 1055 2236; x_wconf 85' lang='grc' dir='ltr'>τοῦτο</span> <span class='ocrx_word' id='word_1_269' title='bbox 1100 2183 1351 2255; x_wconf 83' lang='grc' dir='ltr'><strong>Ἰωάννης</strong></span> <span class='ocrx_word' id='word_1_270' title='bbox 1382 2184 1536 2248; x_wconf 64' lang='grc' dir='ltr'>εἰδὼς</span> <span class='ocrx_word' id='word_1_271' title='bbox 1557 2226 1571 2249; x_wconf 93' lang='grc'><strong>,</strong></span> <span class='ocrx_word' id='word_1_272' title='bbox 1606 2186 1727 2239; x_wconf 76' lang='grc' dir='ltr'>ἐπεὶ</span> <span class='ocrx_word' id='word_1_273' title='bbox 1760 2188 1854 2241; x_wconf 77' lang='grc' dir='ltr'>καὶ</span> <span class='ocrx_word' id='word_1_274' title='bbox 1882 2187 2017 2241; x_wconf 82' lang='grc' dir='ltr'>ἄλλα</span> 
     </span>
    </p>
   </div>
   <div class='ocr_carea' id='block_1_40' title="bbox 446 2270 2015 2351">
    <p class='ocr_par' dir='ltr' id='par_1_40' title="bbox 446 2270 2015 2351">
     <span class='ocr_line' id='line_1_40' title="bbox 446 2270 2015 2351; baseline 0.006 -28"><span class='ocrx_word' id='word_1_275' title='bbox 446 2271 615 2342; x_wconf 78' lang='grc' dir='ltr'>μυρία</span> <span class='ocrx_word' id='word_1_276' title='bbox 648 2270 806 2333; x_wconf 75' lang='grc' dir='ltr'>εἰδὼς</span> <span class='ocrx_word' id='word_1_277' title='bbox 834 2273 932 2326; x_wconf 76' lang='grc' dir='ltr'>οὐκ</span> <span class='ocrx_word' id='word_1_278' title='bbox 972 2272 1176 2345; x_wconf 75' lang='grc' dir='ltr'>ἔγραψε</span> <span class='ocrx_word' id='word_1_279' title='bbox 1197 2315 1214 2340; x_wconf 89' lang='grc'><strong>,</strong></span> <span class='ocrx_word' id='word_1_280' title='bbox 1242 2275 1383 2346; x_wconf 66' lang='grc' dir='ltr'>τάχα</span> <span class='ocrx_word' id='word_1_281' title='bbox 1412 2278 1505 2330; x_wconf 73' lang='grc' dir='ltr'>καὶ</span> <span class='ocrx_word' id='word_1_282' title='bbox 1531 2276 1660 2331; x_wconf 87' lang='grc' dir='ltr'>διότι</span> <span class='ocrx_word' id='word_1_283' title='bbox 1694 2271 1846 2343; x_wconf 78' lang='grc' dir='ltr'>οὗτος</span> <span class='ocrx_word' id='word_1_284' title='bbox 1876 2279 2015 2351; x_wconf 78' lang='grc' dir='ltr'>ἔφθη</span> 
     </span>
    </p>
   </div>
   <div class='ocr_carea' id='block_1_41' title="bbox 444 2363 2017 2443">
    <p class='ocr_par' dir='ltr' id='par_1_41' title="bbox 444 2363 2017 2443">
     <span class='ocr_line' id='line_1_41' title="bbox 444 2363 2017 2443; baseline 0.005 -26"><span class='ocrx_word' id='word_1_285' title='bbox 444 2363 659 2435; x_wconf 77' lang='grc' dir='ltr'>γράψας</span> <span class='ocrx_word' id='word_1_286' title='bbox 688 2366 788 2437; x_wconf 79' lang='grc'>(5).</span> <span class='ocrx_word' id='word_1_287' title='bbox 820 2365 942 2430; x_wconf 86' lang='grc' dir='ltr'>Πῶς</span> <span class='ocrx_word' id='word_1_288' title='bbox 968 2366 1023 2419; x_wconf 80' lang='grc' dir='ltr'>δὲ</span> <span class='ocrx_word' id='word_1_289' title='bbox 1059 2369 1233 2421; x_wconf 79' lang='grc' dir='ltr'>ἐκεῖνο</span> <span class='ocrx_word' id='word_1_290' title='bbox 1262 2369 1322 2420; x_wconf 78' lang='grc' dir='ltr'>οὐ</span> <span class='ocrx_word' id='word_1_291' title='bbox 1365 2368 1624 2440; x_wconf 75' lang='grc' dir='ltr'>καθορᾷς,</span> <span class='ocrx_word' id='word_1_292' title='bbox 1662 2369 1736 2433; x_wconf 81' lang='grc' dir='ltr'>ὡς</span> <span class='ocrx_word' id='word_1_293' title='bbox 1766 2372 1862 2441; x_wconf 83' lang='grc' dir='ltr'>οὐχ</span> <span class='ocrx_word' id='word_1_294' title='bbox 1900 2373 2017 2443; x_wconf 74' lang='grc' dir='ltr'>ἅμα</span> 
     </span>
    </p>
   </div>
   <div class='ocr_carea' id='block_1_42' title="bbox 442 2456 2017 2533">
    <p class='ocr_par' dir='ltr' id='par_1_42' title="bbox 442 2456 2017 2533">
     <span class='ocr_line' id='line_1_42' title="bbox 442 2456 2017 2533; baseline 0.006 -24"><span class='ocrx_word' id='word_1_295' title='bbox 442 2456 521 2527; x_wconf 81' lang='grc' dir='ltr'><strong>τῷ</strong></span> <span class='ocrx_word' id='word_1_296' title='bbox 552 2456 805 2527; x_wconf 67' lang='grc' dir='ltr'>εὔχεσθαι</span> <span class='ocrx_word' id='word_1_297' title='bbox 838 2459 929 2511; x_wconf 82' lang='grc' dir='ltr'>τὸν</span> <span class='ocrx_word' id='word_1_298' title='bbox 968 2460 1172 2529; x_wconf 78' lang='grc' dir='ltr'>Ἰησοῦν</span> <span class='ocrx_word' id='word_1_299' title='bbox 1200 2459 1547 2524; x_wconf 75' lang='grc' dir='ltr'>καθεύδοντες</span> <span class='ocrx_word' id='word_1_300' title='bbox 1575 2463 1622 2514; x_wconf 76' lang='grc' dir='ltr'>οἱ</span> <span class='ocrx_word' id='word_1_301' title='bbox 1646 2463 1885 2533; x_wconf 74' lang='grc' dir='ltr'>μαθηταὶ</span> <span class='ocrx_word' id='word_1_302' title='bbox 1916 2484 2017 2518; x_wconf 53' lang='grc' dir='ltr'>κπα-</span> 
     </span>
    </p>
   </div>
   <div class='ocr_carea' id='block_1_43' title="bbox 447 2547 2017 2624">
    <p class='ocr_par' dir='ltr' id='par_1_43' title="bbox 447 2547 2017 2624">
     <span class='ocr_line' id='line_1_43' title="bbox 447 2547 2017 2624; baseline 0.005 -24"><span class='ocrx_word' id='word_1_303' title='bbox 447 2547 758 2620; x_wconf 84' lang='grc' dir='ltr'>ραδέδονται</span> <span class='ocrx_word' id='word_1_304' title='bbox 781 2590 795 2615; x_wconf 94' lang='grc'><strong>,</strong></span> <span class='ocrx_word' id='word_1_305' title='bbox 827 2549 915 2602; x_wconf 82' lang='grc' dir='ltr'>ἵνα</span> <span class='ocrx_word' id='word_1_306' title='bbox 961 2550 1098 2621; x_wconf 78' lang='grc' dir='ltr'>μηδὲ</span> <span class='ocrx_word' id='word_1_307' title='bbox 1149 2550 1566 2607; x_wconf 34' lang='grc' dir='ltr'>θεάσωνταιντὸν</span> <span class='ocrx_word' id='word_1_308' title='bbox 1602 2554 1851 2623; x_wconf 74' lang='grc' dir='ltr'>ἄγγελον,</span> <span class='ocrx_word' id='word_1_309' title='bbox 1901 2557 2017 2624; x_wconf 74' lang='grc' dir='ltr'>εἴγε</span> 
     </span>
    </p>
   </div>
   <div class='ocr_carea' id='block_1_44' title="bbox 448 2640 2017 2719">
    <p class='ocr_par' dir='ltr' id='par_1_44' title="bbox 448 2640 2017 2719">
     <span class='ocr_line' id='line_1_44' title="bbox 448 2640 2017 2719; baseline 0.004 -26"><span class='ocrx_word' id='word_1_310' title='bbox 448 2640 707 2695; x_wconf 77' lang='grc' dir='ltr'>ἐνεδίδοτο</span> <span class='ocrx_word' id='word_1_311' title='bbox 741 2641 875 2713; x_wconf 80' lang='grc' dir='ltr'>πρὸς</span> <span class='ocrx_word' id='word_1_312' title='bbox 908 2643 969 2695; x_wconf 79' lang='grc' dir='ltr'>τὸ</span> <span class='ocrx_word' id='word_1_313' title='bbox 992 2643 1323 2708; x_wconf 78' lang='grc' dir='ltr'>θεάσασθαι;</span> <span class='ocrx_word' id='word_1_314' title='bbox 1359 2645 1479 2698; x_wconf 75' lang='grc' dir='ltr'>οὐδὲ</span> <span class='ocrx_word' id='word_1_315' title='bbox 1508 2645 1615 2717; x_wconf 85' lang='grc' dir='ltr'>γὰρ</span> <span class='ocrx_word' id='word_1_316' title='bbox 1655 2646 1845 2719; x_wconf 77' lang='grc' dir='ltr'>πόρρω</span> <span class='ocrx_word' id='word_1_317' title='bbox 1889 2646 2017 2712; x_wconf 88' lang='grc' dir='ltr'>θέας</span> 
     </span>
    </p>
   </div>
   <div class='ocr_carea' id='block_1_45' title="bbox 449 2730 2019 2812">
    <p class='ocr_par' dir='ltr' id='par_1_45' title="bbox 449 2730 2019 2812">
     <span class='ocr_line' id='line_1_45' title="bbox 449 2730 2019 2812; baseline 0.005 -26"><span class='ocrx_word' id='word_1_318' title='bbox 449 2734 544 2786; x_wconf 84' lang='grc' dir='ltr'>καὶ</span> <span class='ocrx_word' id='word_1_319' title='bbox 568 2734 741 2806; x_wconf 82' lang='grc' dir='ltr'>ἀκοῆς</span> <span class='ocrx_word' id='word_1_320' title='bbox 763 2730 923 2807; x_wconf 77' lang='grc' dir='ltr'>ἦσαν,</span> <span class='ocrx_word' id='word_1_321' title='bbox 951 2738 1416 2808; x_wconf 80' lang='grc' dir='ltr'>παρατεινομένης</span> <span class='ocrx_word' id='word_1_322' title='bbox 1443 2739 1499 2793; x_wconf 79' lang='grc' dir='ltr'>δὲ</span> <span class='ocrx_word' id='word_1_323' title='bbox 1527 2739 1627 2810; x_wconf 79' lang='grc' dir='ltr'>τῆς</span> <span class='ocrx_word' id='word_1_324' title='bbox 1667 2741 1830 2811; x_wconf 76' lang='grc' dir='ltr'>εὐχῆς</span> <span class='ocrx_word' id='word_1_325' title='bbox 1871 2741 2019 2812; x_wconf 83' lang='grc' dir='ltr'>αὐτῷ</span> 
     </span>
    </p>
   </div>
   <div class='ocr_carea' id='block_1_46' title="bbox 453 2825 2020 2900">
    <p class='ocr_par' dir='ltr' id='par_1_46' title="bbox 453 2825 2020 2900">
     <span class='ocr_line' id='line_1_46' title="bbox 453 2825 2020 2900; baseline 0.007 -25"><span class='ocrx_word' id='word_1_326' title='bbox 453 2825 729 2880; x_wconf 75' lang='grc' dir='ltr'>συνέϐαινε</span> <span class='ocrx_word' id='word_1_327' title='bbox 762 2831 873 2892; x_wconf 86' lang='grc' dir='ltr'>τοῖς</span> <span class='ocrx_word' id='word_1_328' title='bbox 910 2828 1176 2899; x_wconf 81' lang='grc' dir='ltr'>μαθηταῖς</span> <span class='ocrx_word' id='word_1_329' title='bbox 1205 2831 1266 2883; x_wconf 84' lang='grc' dir='ltr'>τὸ</span> <span class='ocrx_word' id='word_1_330' title='bbox 1294 2830 1577 2900; x_wconf 82' lang='grc' dir='ltr'>βαρεῖσθαί</span> <span class='ocrx_word' id='word_1_331' title='bbox 1607 2850 1666 2884; x_wconf 90' lang='grc' dir='ltr'><strong>τε</strong></span> <span class='ocrx_word' id='word_1_332' title='bbox 1701 2834 1796 2887; x_wconf 79' lang='grc' dir='ltr'>καὶ</span> <span class='ocrx_word' id='word_1_333' title='bbox 1824 2833 2020 2887; x_wconf 80' lang='grc' dir='ltr'>καθεύ-</span> 
     </span>
    </p>
   </div>
   <div class='ocr_carea' id='block_1_47' title="bbox 450 2919 2022 2996">
    <p class='ocr_par' dir='ltr' id='par_1_47' title="bbox 450 2919 2022 2996">
     <span class='ocr_line' id='line_1_47' title="bbox 450 2919 2022 2996; baseline 0.005 -25"><span class='ocrx_word' id='word_1_334' title='bbox 450 2919 580 2973; x_wconf 84' lang='grc' dir='ltr'>δειν.</span> <span class='ocrx_word' id='word_1_335' title='bbox 614 2920 825 2986; x_wconf 75' lang='grc' dir='ltr'>’Ἄλλως</span> <span class='ocrx_word' id='word_1_336' title='bbox 866 2940 925 2974; x_wconf 84' lang='grc' dir='ltr'>τε</span> <span class='ocrx_word' id='word_1_337' title='bbox 964 2923 1055 2975; x_wconf 82' lang='grc' dir='ltr'>καὶ</span> <span class='ocrx_word' id='word_1_338' title='bbox 1084 2923 1159 2992; x_wconf 83' lang='grc'><strong>(6)</strong></span> <span class='ocrx_word' id='word_1_339' title='bbox 1209 2924 1393 2995; x_wconf 72' lang='grc' dir='ltr'>τρίτον</span> <span class='ocrx_word' id='word_1_340' title='bbox 1442 2926 1879 2996; x_wconf 79' lang='grc' dir='ltr'>προσευξαμένου</span> <span class='ocrx_word' id='word_1_341' title='bbox 1927 2927 2022 2979; x_wconf 79' lang='grc' dir='ltr'>καὶ</span> 
     </span>
    </p>
   </div>
   <div class='ocr_carea' id='block_1_48' title="bbox 451 3008 2021 3087">
    <p class='ocr_par' dir='ltr' id='par_1_48' title="bbox 451 3008 2021 3087">
     <span class='ocr_line' id='line_1_48' title="bbox 451 3008 2021 3087; baseline 0.006 -25"><span class='ocrx_word' id='word_1_342' title='bbox 451 3008 867 3084; x_wconf 78' lang='grc' dir='ltr'>διυπνιξομένων</span> <span class='ocrx_word' id='word_1_343' title='bbox 910 3016 999 3078; x_wconf 76' lang='grc' dir='ltr'>εἰς.</span> <span class='ocrx_word' id='word_1_344' title='bbox 1017 3015 1077 3067; x_wconf 87' lang='grc' dir='ltr'>τὸ</span> <span class='ocrx_word' id='word_1_345' title='bbox 1110 3016 1509 3087; x_wconf 78' lang='grc' dir='ltr'>προσεύχεσθαι</span> <span class='ocrx_word' id='word_1_346' title='bbox 1542 3017 1673 3087; x_wconf 78' lang='grc' dir='ltr'>ὁρᾷν</span> <span class='ocrx_word' id='word_1_347' title='bbox 1703 3034 1767 3085; x_wconf 91' lang='grc' dir='ltr'><strong>γε</strong></span> <span class='ocrx_word' id='word_1_348' title='bbox 1797 3017 1879 3084; x_wconf 90' lang='grc'><strong>(7)</strong></span> <span class='ocrx_word' id='word_1_349' title='bbox 1929 3018 2021 3071; x_wconf 82' lang='grc' dir='ltr'>τὸν</span> 
     </span>
    </p>
   </div>
   <div class='ocr_carea' id='block_1_49' title="bbox 2114 1908 3695 1983">
    <p class='ocr_par' dir='ltr' id='par_1_49' title="bbox 2114 1908 3695 1983">
     <span class='ocr_line' id='line_1_49' title="bbox 2114 1908 3695 1983; baseline -0.006 -11"><span class='ocrx_word' id='word_1_350' title='bbox 2114 1918 2225 1983; x_wconf 86' lang='lat' dir='ltr'><strong>nis,</strong></span> <span class='ocrx_word' id='word_1_351' title='bbox 2261 1915 2433 1971; x_wconf 90' lang='lat' dir='ltr'><strong>Deum</strong></span> <span class='ocrx_word' id='word_1_352' title='bbox 2467 1916 2707 1970; x_wconf 65' lang='lat' dir='ltr'><strong>Verbum</strong></span> <span class='ocrx_word' id='word_1_353' title='bbox 2761 1928 2981 1968; x_wconf 86' lang='lat' dir='ltr'><strong>carnem</strong></span> <span class='ocrx_word' id='word_1_354' title='bbox 3028 1927 3153 1967; x_wconf 89' lang='lat' dir='ltr'><strong>esse</strong></span> <span class='ocrx_word' id='word_1_355' title='bbox 3191 1911 3395 1964; x_wconf 82' lang='lat' dir='ltr'><strong>factum</strong></span> <span class='ocrx_word' id='word_1_356' title='bbox 3438 1908 3695 1964; x_wconf 88' lang='lat' dir='ltr'><strong>dicimus.</strong></span> 
     </span>
    </p>
   </div>
   <div class='ocr_carea' id='block_1_50' title="bbox 2118 2001 3700 2073">
    <p class='ocr_par' dir='ltr' id='par_1_50' title="bbox 2118 2001 3700 2073">
     <span class='ocr_line' id='line_1_50' title="bbox 2118 2001 3700 2073; baseline -0.005 -10"><span class='ocrx_word' id='word_1_357' title='bbox 2118 2007 2305 2062; x_wconf 74' lang='lat' dir='ltr'><strong>Multis</strong></span> <span class='ocrx_word' id='word_1_358' title='bbox 2352 2017 2536 2061; x_wconf 88' lang='lat' dir='ltr'><strong>autem</strong></span> <span class='ocrx_word' id='word_1_359' title='bbox 2592 2022 2659 2061; x_wconf 81' lang='lat' dir='ltr'><strong>ex</strong></span> <span class='ocrx_word' id='word_1_360' title='bbox 2706 2005 2842 2061; x_wconf 90' lang='lat' dir='ltr'><strong>locis</strong></span> <span class='ocrx_word' id='word_1_361' title='bbox 2890 2004 3070 2060; x_wconf 88' lang='lat' dir='ltr'><strong>Lucas</strong></span> <span class='ocrx_word' id='word_1_362' title='bbox 3124 2003 3193 2058; x_wconf 90' lang='lat' dir='ltr'><strong>de</strong></span> <span class='ocrx_word' id='word_1_363' title='bbox 3241 2004 3436 2073; x_wconf 82' lang='lat' dir='ltr'><strong>angelo</strong></span> <span class='ocrx_word' id='word_1_364' title='bbox 3482 2001 3700 2057; x_wconf 88' lang='lat' dir='ltr'><strong>discere</strong></span> 
     </span>
    </p>
   </div>
   <div class='ocr_carea' id='block_1_51' title="bbox 2119 2092 3696 2169">
    <p class='ocr_par' dir='ltr' id='par_1_51' title="bbox 2119 2092 3696 2169">
     <span class='ocr_line' id='line_1_51' title="bbox 2119 2092 3696 2169; baseline -0.006 -17"><span class='ocrx_word' id='word_1_365' title='bbox 2119 2098 2297 2169; x_wconf 87' lang='lat' dir='ltr'><strong>potuit</strong></span> <span class='ocrx_word' id='word_1_366' title='bbox 2329 2117 2341 2152; x_wconf 92' lang='lat'>:</span> <span class='ocrx_word' id='word_1_367' title='bbox 2374 2098 2552 2168; x_wconf 89' lang='lat' dir='ltr'><strong>primo</strong></span> <span class='ocrx_word' id='word_1_368' title='bbox 2584 2096 2803 2166; x_wconf 88' lang='lat' dir='ltr'><strong>quidem</strong></span> <span class='ocrx_word' id='word_1_369' title='bbox 2844 2111 2873 2149; x_wconf 89' lang='lat' dir='ltr'><strong>a</strong></span> <span class='ocrx_word' id='word_1_370' title='bbox 2905 2094 3068 2150; x_wconf 79' lang='lat' dir='ltr'><strong>Petro</strong></span> <span class='ocrx_word' id='word_1_371' title='bbox 3102 2103 3156 2149; x_wconf 92' lang='lat' dir='ltr'><strong>et</strong></span> <span class='ocrx_word' id='word_1_372' title='bbox 3188 2111 3219 2149; x_wconf 87' lang='lat' dir='ltr'><strong>a</strong></span> <span class='ocrx_word' id='word_1_373' title='bbox 3258 2095 3383 2150; x_wconf 92' lang='lat' dir='ltr'><strong>ﬁliis</strong></span> <span class='ocrx_word' id='word_1_374' title='bbox 3415 2092 3696 2155; x_wconf 66' lang='lat' dir='ltr'><strong>Zebedazi,</strong></span> 
     </span>
    </p>
   </div>
   <div class='ocr_carea' id='block_1_52' title="bbox 2120 2182 3695 2260">
    <p class='ocr_par' dir='ltr' id='par_1_52' title="bbox 2120 2182 3695 2260">
     <span class='ocr_line' id='line_1_52' title="bbox 2120 2182 3695 2260; baseline -0.007 -15"><span class='ocrx_word' id='word_1_375' title='bbox 2120 2192 2212 2260; x_wconf 87' lang='lat' dir='ltr'><strong>qui</strong></span> <span class='ocrx_word' id='word_1_376' title='bbox 2263 2206 2389 2244; x_wconf 92' lang='lat' dir='ltr'><strong>cum</strong></span> <span class='ocrx_word' id='word_1_377' title='bbox 2439 2188 2600 2243; x_wconf 83' lang='lat' dir='ltr'><strong>.Icsus</strong></span> <span class='ocrx_word' id='word_1_378' title='bbox 2661 2196 2845 2241; x_wconf 89' lang='lat' dir='ltr'><strong>oraret</strong></span> <span class='ocrx_word' id='word_1_379' title='bbox 2886 2197 3181 2257; x_wconf 57' lang='lat' dir='ltr'><strong>praesentes</strong></span> <span class='ocrx_word' id='word_1_380' title='bbox 3237 2193 3426 2241; x_wconf 90' lang='lat' dir='ltr'><strong>essent</strong></span> <span class='ocrx_word' id='word_1_381' title='bbox 3476 2182 3695 2255; x_wconf 73' lang='lat' dir='ltr'><strong>(Matth.</strong></span> 
     </span>
    </p>
   </div>
   <div class='ocr_carea' id='block_1_53' title="bbox 2117 2273 3700 2349">
    <p class='ocr_par' dir='ltr' id='par_1_53' title="bbox 2117 2273 3700 2349">
     <span class='ocr_line' id='line_1_53' title="bbox 2117 2273 3700 2349; baseline -0.006 -12"><span class='ocrx_word' id='word_1_382' title='bbox 2117 2300 2263 2347; x_wconf 74' lang='lat' dir='ltr'><strong>xxvn,</strong></span> <span class='ocrx_word' id='word_1_383' title='bbox 2319 2283 2419 2345; x_wconf 81' lang='lat'><strong>57;</strong></span> <span class='ocrx_word' id='word_1_384' title='bbox 2475 2280 2645 2335; x_wconf 77' lang='lat' dir='ltr'><strong>Marc.</strong></span> <span class='ocrx_word' id='word_1_385' title='bbox 2697 2296 2815 2344; x_wconf 77' lang='lat' dir='ltr'><strong>xiv,</strong></span> <span class='ocrx_word' id='word_1_386' title='bbox 2864 2279 2996 2349; x_wconf 76' lang='lat'><strong>55);</strong></span> <span class='ocrx_word' id='word_1_387' title='bbox 3036 2278 3163 2334; x_wconf 87' lang='lat' dir='ltr'><strong>dein</strong></span> <span class='ocrx_word' id='word_1_388' title='bbox 3212 2292 3430 2347; x_wconf 85' lang='lat' dir='ltr'><strong>quoque</strong></span> <span class='ocrx_word' id='word_1_389' title='bbox 3487 2290 3519 2329; x_wconf 90' lang='lat' dir='ltr'><strong>a</strong></span> <span class='ocrx_word' id='word_1_390' title='bbox 3571 2273 3700 2329; x_wconf 85' lang='lat' dir='ltr'><strong>Jesu</strong></span> 
     </span>
    </p>
   </div>
   <div class='ocr_carea' id='block_1_54' title="bbox 2120 2366 3699 2444">
    <p class='ocr_par' dir='ltr' id='par_1_54' title="bbox 2120 2366 3699 2444">
     <span class='ocr_line' id='line_1_54' title="bbox 2120 2366 3699 2444; baseline -0.005 -17"><span class='ocrx_word' id='word_1_391' title='bbox 2120 2376 2262 2444; x_wconf 90' lang='lat' dir='ltr'><strong>ipso,</strong></span> <span class='ocrx_word' id='word_1_392' title='bbox 2321 2381 2447 2443; x_wconf 88' lang='lat' dir='ltr'><strong>post</strong></span> <span class='ocrx_word' id='word_1_393' title='bbox 2511 2372 2971 2427; x_wconf 84' lang='lat' dir='ltr'><strong>resurrectionem</strong></span> <span class='ocrx_word' id='word_1_394' title='bbox 3016 2368 3381 2440; x_wconf 78' lang='lat' dir='ltr'><strong>quadraginta</strong></span> <span class='ocrx_word' id='word_1_395' title='bbox 3426 2382 3522 2438; x_wconf 91' lang='lat' dir='ltr'><strong>per</strong></span> <span class='ocrx_word' id='word_1_396' title='bbox 3579 2366 3699 2420; x_wconf 89' lang='lat' dir='ltr'><strong>dies</strong></span> 
     </span>
    </p>
   </div>
   <div class='ocr_carea' id='block_1_55' title="bbox 2117 2460 3700 2529">
    <p class='ocr_par' dir='ltr' id='par_1_55' title="bbox 2117 2460 3700 2529">
     <span class='ocr_line' id='line_1_55' title="bbox 2117 2460 3700 2529; baseline -0.005 -9"><span class='ocrx_word' id='word_1_397' title='bbox 2117 2466 2379 2521; x_wconf 87' lang='lat' dir='ltr'><strong>cumillis</strong></span> <span class='ocrx_word' id='word_1_398' title='bbox 2407 2473 2772 2519; x_wconf 87' lang='lat' dir='ltr'><strong>commorato.</strong></span> <span class='ocrx_word' id='word_1_399' title='bbox 2798 2461 3038 2517; x_wconf 84' lang='lat' dir='ltr'><strong>Joannes</strong></span> <span class='ocrx_word' id='word_1_400' title='bbox 3060 2477 3215 2525; x_wconf 90' lang='lat' dir='ltr'><strong>vero,</strong></span> <span class='ocrx_word' id='word_1_401' title='bbox 3253 2461 3355 2515; x_wconf 89' lang='lat' dir='ltr'><strong>hoc</strong></span> <span class='ocrx_word' id='word_1_402' title='bbox 3382 2460 3510 2514; x_wconf 90' lang='lat' dir='ltr'><strong>licet</strong></span> <span class='ocrx_word' id='word_1_403' title='bbox 3528 2460 3700 2529; x_wconf 89' lang='lat' dir='ltr'><strong>probe</strong></span> 
     </span>
    </p>
   </div>
   <div class='ocr_carea' id='block_1_56' title="bbox 2119 2548 3700 2624">
    <p class='ocr_par' dir='ltr' id='par_1_56' title="bbox 2119 2548 3700 2624">
     <span class='ocr_line' id='line_1_56' title="bbox 2119 2548 3700 2624; baseline -0.009 -12"><span class='ocrx_word' id='word_1_404' title='bbox 2119 2557 2355 2618; x_wconf 81' lang='lat' dir='ltr'><strong>noverit,</strong></span> <span class='ocrx_word' id='word_1_405' title='bbox 2394 2556 2541 2611; x_wconf 84' lang='lat' dir='ltr'><strong>haud</strong></span> <span class='ocrx_word' id='word_1_406' title='bbox 2579 2554 2823 2624; x_wconf 83' lang='lat' dir='ltr'><strong>scripsit,</strong></span> <span class='ocrx_word' id='word_1_407' title='bbox 2856 2568 2979 2607; x_wconf 91' lang='lat' dir='ltr'><strong>cum</strong></span> <span class='ocrx_word' id='word_1_408' title='bbox 3021 2560 3075 2606; x_wconf 91' lang='lat' dir='ltr'><strong>et</strong></span> <span class='ocrx_word' id='word_1_409' title='bbox 3116 2551 3225 2605; x_wconf 89' lang='lat' dir='ltr'><strong>alia</strong></span> <span class='ocrx_word' id='word_1_410' title='bbox 3272 2550 3531 2620; x_wconf 87' lang='lat' dir='ltr'><strong>plurima,</strong></span> <span class='ocrx_word' id='word_1_411' title='bbox 3574 2548 3700 2601; x_wconf 86' lang='lat' dir='ltr'><strong>licet</strong></span> 
     </span>
    </p>
   </div>
   <div class='ocr_carea' id='block_1_57' title="bbox 2120 2636 3699 2714">
    <p class='ocr_par' dir='ltr' id='par_1_57' title="bbox 2120 2636 3699 2714">
     <span class='ocr_line' id='line_1_57' title="bbox 2120 2636 3699 2714; baseline -0.009 -11"><span class='ocrx_word' id='word_1_412' title='bbox 2120 2649 2322 2711; x_wconf 88' lang='lat' dir='ltr'><strong>sciens,</strong></span> <span class='ocrx_word' id='word_1_413' title='bbox 2384 2646 2637 2701; x_wconf 87' lang='lat' dir='ltr'><strong>omiserit</strong></span> <span class='ocrx_word' id='word_1_414' title='bbox 2671 2644 2816 2714; x_wconf 81' lang='lat' dir='ltr'><strong>(Act.</strong></span> <span class='ocrx_word' id='word_1_415' title='bbox 2864 2659 2901 2704; x_wconf 88' lang='grc' dir='ltr'><strong>ι,</strong></span> <span class='ocrx_word' id='word_1_416' title='bbox 2954 2643 3007 2706; x_wconf 78' lang='grc'><strong>5,</strong></span> <span class='ocrx_word' id='word_1_417' title='bbox 3060 2641 3140 2710; x_wconf 78' lang='grc'>4),</span> <span class='ocrx_word' id='word_1_418' title='bbox 3182 2640 3346 2694; x_wconf 81' lang='lat' dir='ltr'><strong>facile</strong></span> <span class='ocrx_word' id='word_1_419' title='bbox 3389 2646 3444 2693; x_wconf 91' lang='lat' dir='ltr'><strong>et</strong></span> <span class='ocrx_word' id='word_1_420' title='bbox 3486 2638 3542 2691; x_wconf 90' lang='lat' dir='ltr'><strong>in</strong></span> <span class='ocrx_word' id='word_1_421' title='bbox 3594 2636 3699 2690; x_wconf 89' lang='lat' dir='ltr'><strong>hoc</strong></span> 
     </span>
    </p>
   </div>
   <div class='ocr_carea' id='block_1_58' title="bbox 2120 2731 3699 2812">
    <p class='ocr_par' dir='ltr' id='par_1_58' title="bbox 2120 2731 3699 2812">
     <span class='ocr_line' id='line_1_58' title="bbox 2120 2731 3699 2812; baseline -0.011 -12"><span class='ocrx_word' id='word_1_422' title='bbox 2120 2756 2343 2812; x_wconf 85' lang='lat' dir='ltr'><strong>quoque</strong></span> <span class='ocrx_word' id='word_1_423' title='bbox 2398 2754 2428 2793; x_wconf 90' lang='lat' dir='ltr'><strong>a</strong></span> <span class='ocrx_word' id='word_1_424' title='bbox 2481 2738 2626 2792; x_wconf 85' lang='lat' dir='ltr'><strong>Luca</strong></span> <span class='ocrx_word' id='word_1_425' title='bbox 2667 2738 2783 2807; x_wconf 89' lang='lat' dir='ltr'><strong>jam</strong></span> <span class='ocrx_word' id='word_1_426' title='bbox 2838 2741 3173 2806; x_wconf 63' lang='lat' dir='ltr'><strong>praeventus.</strong></span> <span class='ocrx_word' id='word_1_427' title='bbox 3221 2731 3506 2799; x_wconf 89' lang='lat' dir='ltr'><strong>Quomodo</strong></span> <span class='ocrx_word' id='word_1_428' title='bbox 3570 2742 3699 2784; x_wconf 88' lang='lat' dir='ltr'><strong>vero</strong></span> 
     </span>
    </p>
   </div>
   <div class='ocr_carea' id='block_1_59' title="bbox 2123 2818 3701 2899">
    <p class='ocr_par' dir='ltr' id='par_1_59' title="bbox 2123 2818 3701 2899">
     <span class='ocr_line' id='line_1_59' title="bbox 2123 2818 3701 2899; baseline -0.011 -10"><span class='ocrx_word' id='word_1_429' title='bbox 2123 2850 2230 2889; x_wconf 88' lang='lat' dir='ltr'><strong>non</strong></span> <span class='ocrx_word' id='word_1_430' title='bbox 2262 2831 2681 2896; x_wconf 84' lang='lat' dir='ltr'><strong>animadvertis,</strong></span> <span class='ocrx_word' id='word_1_431' title='bbox 2719 2830 2868 2899; x_wconf 89' lang='lat' dir='ltr'><strong>quod</strong></span> <span class='ocrx_word' id='word_1_432' title='bbox 2897 2828 3043 2882; x_wconf 85' lang='lat' dir='ltr'><strong>haud</strong></span> <span class='ocrx_word' id='word_1_433' title='bbox 3074 2841 3266 2881; x_wconf 85' lang='lat' dir='ltr'><strong>omnes</strong></span> <span class='ocrx_word' id='word_1_434' title='bbox 3295 2821 3576 2892; x_wconf 87' lang='lat' dir='ltr'><strong>discipuli,</strong></span> <span class='ocrx_word' id='word_1_435' title='bbox 3620 2818 3701 2876; x_wconf 87' lang='lat' dir='ltr'><strong>si-</strong></span> 
     </span>
    </p>
   </div>
   <div class='ocr_carea' id='block_1_60' title="bbox 2126 2918 3700 2987">
    <p class='ocr_par' dir='ltr' id='par_1_60' title="bbox 2126 2918 3700 2987">
     <span class='ocr_line' id='line_1_60' title="bbox 2126 2918 3700 2987; baseline -0.006 -8"><span class='ocrx_word' id='word_1_436' title='bbox 2126 2927 2235 2979; x_wconf 85' lang='lat' dir='ltr'><strong>mul</strong></span> <span class='ocrx_word' id='word_1_437' title='bbox 2258 2940 2332 2978; x_wconf 90' lang='lat' dir='ltr'><strong>ac</strong></span> <span class='ocrx_word' id='word_1_438' title='bbox 2358 2923 2517 2980; x_wconf 78' lang='lat' dir='ltr'><strong>Iesus</strong></span> <span class='ocrx_word' id='word_1_439' title='bbox 2554 2932 2966 2987; x_wconf 86' lang='lat' dir='ltr'><strong>oraret,somno</strong></span> <span class='ocrx_word' id='word_1_440' title='bbox 2997 2918 3167 2975; x_wconf 89' lang='lat' dir='ltr'><strong>dediti</strong></span> <span class='ocrx_word' id='word_1_441' title='bbox 3207 2924 3412 2980; x_wconf 87' lang='lat' dir='ltr'><strong>essent,</strong></span> <span class='ocrx_word' id='word_1_442' title='bbox 3446 2925 3503 2969; x_wconf 91' lang='lat' dir='ltr'><strong>ut</strong></span> <span class='ocrx_word' id='word_1_443' title='bbox 3532 2927 3700 2983; x_wconf 77' lang='lat' dir='ltr'><strong>ange-</strong></span> 
     </span>
    </p>
   </div>
   <div class='ocr_carea' id='block_1_61' title="bbox 2124 3004 3703 3083">
    <p class='ocr_par' dir='ltr' id='par_1_61' title="bbox 2124 3004 3703 3083">
     <span class='ocr_line' id='line_1_61' title="bbox 2124 3004 3703 3083; baseline -0.011 -10"><span class='ocrx_word' id='word_1_444' title='bbox 2124 3018 2261 3083; x_wconf 85' lang='lat' dir='ltr'><strong>lum,</strong></span> <span class='ocrx_word' id='word_1_445' title='bbox 2310 3016 2552 3071; x_wconf 84' lang='lat' dir='ltr'><strong>simodo</strong></span> <span class='ocrx_word' id='word_1_446' title='bbox 2594 3014 2893 3069; x_wconf 89' lang='lat' dir='ltr'><strong>videndum</strong></span> <span class='ocrx_word' id='word_1_447' title='bbox 2938 3026 3059 3066; x_wconf 90' lang='lat' dir='ltr'><strong>sese</strong></span> <span class='ocrx_word' id='word_1_448' title='bbox 3096 3006 3410 3079; x_wconf 64' lang='lat' dir='ltr'><strong>praebuerit,</strong></span> <span class='ocrx_word' id='word_1_449' title='bbox 3458 3019 3572 3059; x_wconf 91' lang='lat' dir='ltr'><strong>non</strong></span> <span class='ocrx_word' id='word_1_450' title='bbox 3619 3004 3703 3057; x_wconf 87' lang='lat' dir='ltr'><strong>vi-</strong></span> 
     </span>
    </p>
   </div>
   <div class='ocr_carea' id='block_1_62' title="bbox 452 3095 2019 3180">
    <p class='ocr_par' dir='ltr' id='par_1_62' title="bbox 452 3103 2019 3180">
     <span class='ocr_line' id='line_1_62' title="bbox 452 3103 2019 3180; baseline 0.004 -23"><span class='ocrx_word' id='word_1_451' title='bbox 452 3103 679 3172; x_wconf 82' lang='grc' dir='ltr'>ἇγγελον</span> <span class='ocrx_word' id='word_1_452' title='bbox 704 3107 1014 3163; x_wconf 74' lang='grc' dir='ltr'>συνέϐαινεν</span> <span class='ocrx_word' id='word_1_453' title='bbox 1042 3110 1102 3161; x_wconf 79' lang='grc' dir='ltr'>ἐν</span> <span class='ocrx_word' id='word_1_454' title='bbox 1127 3109 1280 3162; x_wconf 77' lang='grc' dir='ltr'>νυκτὶ</span> <span class='ocrx_word' id='word_1_455' title='bbox 1304 3108 1619 3180; x_wconf 85' lang='grc' dir='ltr'>πανσελήνῳ</span> <span class='ocrx_word' id='word_1_456' title='bbox 1646 3109 1744 3177; x_wconf 79' lang='grc'>(8),</span> <span class='ocrx_word' id='word_1_457' title='bbox 1772 3110 1867 3163; x_wconf 62' lang='grc' dir='ltr'><strong>καὶ⁵</strong></span> <span class='ocrx_word' id='word_1_458' title='bbox 1892 3109 2019 3164; x_wconf 77' lang='grc' dir='ltr'>ἄνευ</span> 
     </span>
    </p>
   </div>
   <div class='ocr_carea' id='block_1_63' title="bbox 2121 3095 3697 3180">
    <p class='ocr_par' dir='ltr' id='par_1_63' title="bbox 2124 3095 3697 3176">
     <span class='ocr_line' id='line_1_63' title="bbox 2124 3095 3697 3176; baseline -0.01 -13"><span class='ocrx_word' id='word_1_459' title='bbox 2124 3108 2372 3164; x_wconf 86' lang='lat' dir='ltr'><strong>dissent?</strong></span> <span class='ocrx_word' id='word_1_460' title='bbox 2387 3107 2507 3162; x_wconf 87' lang='lat' dir='ltr'><strong>Non</strong></span> <span class='ocrx_word' id='word_1_461' title='bbox 2517 3106 2667 3163; x_wconf 88' lang='lat' dir='ltr'><strong>enim</strong></span> <span class='ocrx_word' id='word_1_462' title='bbox 2692 3106 2884 3176; x_wconf 89' lang='lat' dir='ltr'><strong>procul</strong></span> <span class='ocrx_word' id='word_1_463' title='bbox 2906 3110 3062 3161; x_wconf 90' lang='lat' dir='ltr'><strong>erant</strong></span> <span class='ocrx_word' id='word_1_464' title='bbox 3079 3116 3109 3155; x_wconf 88' lang='lat' dir='ltr'><strong>a</strong></span> <span class='ocrx_word' id='word_1_465' title='bbox 3128 3101 3253 3157; x_wconf 87' lang='lat' dir='ltr'><strong>visu</strong></span> <span class='ocrx_word' id='word_1_466' title='bbox 3278 3106 3441 3169; x_wconf 83' lang='lat' dir='ltr'><strong>atque</strong></span> <span class='ocrx_word' id='word_1_467' title='bbox 3465 3095 3660 3152; x_wconf 88' lang='lat' dir='ltr'><strong>auditu</strong></span> <span class='ocrx_word' id='word_1_468' title='bbox 3683 3112 3697 3147; x_wconf 90' lang='lat'><strong>:</strong></span> 
     </span>
    </p>
   </div>
   <div class='ocr_carea' id='block_1_64' title="bbox 453 3197 2021 3275">
    <p class='ocr_par' dir='ltr' id='par_1_64' title="bbox 453 3197 2021 3275">
     <span class='ocr_line' id='line_1_64' title="bbox 453 3197 2021 3275; baseline 0.004 -26"><span class='ocrx_word' id='word_1_469' title='bbox 453 3197 548 3250; x_wconf 89' lang='grc' dir='ltr'><strong>τοῦ</strong></span> <span class='ocrx_word' id='word_1_470' title='bbox 575 3200 747 3267; x_wconf 75' lang='grc' dir='ltr'>φωτὸς</span> <span class='ocrx_word' id='word_1_471' title='bbox 774 3200 849 3271; x_wconf 88' lang='lat'><strong>(9)</strong></span> <span class='ocrx_word' id='word_1_472' title='bbox 877 3200 969 3254; x_wconf 87' lang='grc' dir='ltr'><strong>τοῦ</strong></span> <span class='ocrx_word' id='word_1_473' title='bbox 994 3204 1056 3256; x_wconf 76' lang='grc' dir='ltr'>ἐν</span> <span class='ocrx_word' id='word_1_474' title='bbox 1094 3203 1248 3254; x_wconf 82' lang='grc' dir='ltr'>νυκτὶ</span> <span class='ocrx_word' id='word_1_475' title='bbox 1289 3202 1468 3273; x_wconf 83' lang='grc' dir='ltr'>πολλῷ</span> <span class='ocrx_word' id='word_1_476' title='bbox 1510 3204 2021 3275; x_wconf 85' lang='grc' dir='ltr'>περιαστραπτομέ-</span> 
     </span>
    </p>
   </div>
   <div class='ocr_carea' id='block_1_65' title="bbox 453 3292 2022 3366">
    <p class='ocr_par' dir='ltr' id='par_1_65' title="bbox 453 3292 2022 3366">
     <span class='ocr_line' id='line_1_65' title="bbox 453 3292 2022 3366; baseline 0.004 -23"><span class='ocrx_word' id='word_1_477' title='bbox 453 3306 547 3344; x_wconf 74' lang='grc' dir='ltr'><strong>νου</strong></span> <span class='ocrx_word' id='word_1_478' title='bbox 579 3294 715 3358; x_wconf 78' lang='grc' dir='ltr'>φωτὶ</span> <span class='ocrx_word' id='word_1_479' title='bbox 738 3292 921 3364; x_wconf 78' lang='grc' dir='ltr'>(10),ἧ</span> <span class='ocrx_word' id='word_1_480' title='bbox 951 3296 1044 3346; x_wconf 72' lang='grc' dir='ltr'>καὶ</span> <span class='ocrx_word' id='word_1_481' title='bbox 1067 3293 1229 3347; x_wconf 80' lang='grc' dir='ltr'>αὐτοῦ</span> <span class='ocrx_word' id='word_1_482' title='bbox 1267 3294 1359 3346; x_wconf 86' lang='grc' dir='ltr'><strong>τοῦ</strong></span> <span class='ocrx_word' id='word_1_483' title='bbox 1408 3294 1578 3365; x_wconf 89' lang='grc' dir='ltr'>Ἰησοῦ</span> <span class='ocrx_word' id='word_1_484' title='bbox 1606 3294 2022 3366; x_wconf 83' lang='grc' dir='ltr'>παραδηλώσαν-</span> 
     </span>
    </p>
   </div>
   <div class='ocr_carea' id='block_1_66' title="bbox 453 3385 2023 3460">
    <p class='ocr_par' dir='ltr' id='par_1_66' title="bbox 453 3385 2023 3460">
     <span class='ocr_line' id='line_1_66' title="bbox 453 3385 2023 3460; baseline 0.003 -24"><span class='ocrx_word' id='word_1_485' title='bbox 453 3400 546 3446; x_wconf 79' lang='grc' dir='ltr'><strong>τος</strong></span> <span class='ocrx_word' id='word_1_486' title='bbox 573 3385 753 3450; x_wconf 76' lang='grc' dir='ltr'>αὐτοῖς</span> <span class='ocrx_word' id='word_1_487' title='bbox 779 3387 898 3440; x_wconf 86' lang='grc' dir='ltr'>τότε</span> <span class='ocrx_word' id='word_1_488' title='bbox 928 3386 995 3440; x_wconf 83' lang='grc' dir='ltr'>τὰ</span> <span class='ocrx_word' id='word_1_489' title='bbox 1029 3386 1583 3458; x_wconf 83' lang='grc' dir='ltr'>παρακολουθήσαντα</span> <span class='ocrx_word' id='word_1_490' title='bbox 1612 3388 1761 3459; x_wconf 79' lang='grc' dir='ltr'><strong>αὺτῷ</strong></span> <span class='ocrx_word' id='word_1_491' title='bbox 1790 3406 2023 3460; x_wconf 87' lang='grc' dir='ltr'>προσευ-</span> 
     </span>
    </p>
   </div>
   <div class='ocr_carea' id='block_1_67' title="bbox 456 3476 2025 3552">
    <p class='ocr_par' dir='ltr' id='par_1_67' title="bbox 456 3476 2025 3552">
     <span class='ocr_line' id='line_1_67' title="bbox 456 3476 2025 3552; baseline 0.004 -24"><span class='ocrx_word' id='word_1_492' title='bbox 456 3476 703 3547; x_wconf 84' lang='grc' dir='ltr'>χομένῳ,</span> <span class='ocrx_word' id='word_1_493' title='bbox 749 3479 837 3533; x_wconf 80' lang='grc' dir='ltr'>ἵνα</span> <span class='ocrx_word' id='word_1_494' title='bbox 880 3478 1085 3550; x_wconf 79' lang='grc' dir='ltr'>μᾶλλον</span> <span class='ocrx_word' id='word_1_495' title='bbox 1119 3479 1317 3543; x_wconf 84' lang='grc' dir='ltr'>αὐτοὺς</span> <span class='ocrx_word' id='word_1_496' title='bbox 1364 3481 1793 3552; x_wconf 14' lang='grc' dir='ltr'>εὶςοπροσευχὴν</span> <span class='ocrx_word' id='word_1_497' title='bbox 1839 3481 2025 3535; x_wconf 86' lang='grc' dir='ltr'>διανα-</span> 
     </span>
    </p>
   </div>
   <div class='ocr_carea' id='block_1_68' title="bbox 461 3570 654 3640">
    <p class='ocr_par' dir='ltr' id='par_1_68' title="bbox 461 3570 654 3640">
     <span class='ocr_line' id='line_1_68' title="bbox 461 3570 654 3640; baseline 0.021 -19"><span class='ocrx_word' id='word_1_498' title='bbox 461 3570 654 3640; x_wconf 74' lang='grc' dir='ltr'>στήσῃ.</span> 
     </span>
    </p>
   </div>
   <div class='ocr_carea' id='block_1_69' title="bbox 2125 3189 3703 3274">
    <p class='ocr_par' dir='ltr' id='par_1_69' title="bbox 2125 3189 3703 3274">
     <span class='ocr_line' id='line_1_69' title="bbox 2125 3189 3703 3274; baseline -0.009 -19"><span class='ocrx_word' id='word_1_499' title='bbox 2125 3210 2414 3274; x_wconf 77' lang='lat' dir='ltr'><strong>prorogata</strong></span> <span class='ocrx_word' id='word_1_500' title='bbox 2446 3208 2627 3255; x_wconf 87' lang='lat' dir='ltr'><strong>autem</strong></span> <span class='ocrx_word' id='word_1_501' title='bbox 2677 3200 2748 3255; x_wconf 88' lang='lat' dir='ltr'><strong>ab</strong></span> <span class='ocrx_word' id='word_1_502' title='bbox 2785 3199 2880 3254; x_wconf 93' lang='lat' dir='ltr'><strong>illo</strong></span> <span class='ocrx_word' id='word_1_503' title='bbox 2927 3196 3197 3262; x_wconf 89' lang='lat' dir='ltr'><strong>oratione,</strong></span> <span class='ocrx_word' id='word_1_504' title='bbox 3245 3192 3423 3249; x_wconf 84' lang='lat' dir='ltr'><strong>evenit</strong></span> <span class='ocrx_word' id='word_1_505' title='bbox 3463 3189 3703 3258; x_wconf 89' lang='lat' dir='ltr'><strong>discipu-</strong></span> 
     </span>
    </p>
   </div>
   <div class='ocr_carea' id='block_1_70' title="bbox 2125 3281 3704 3365">
    <p class='ocr_par' dir='ltr' id='par_1_70' title="bbox 2125 3281 3704 3365">
     <span class='ocr_line' id='line_1_70' title="bbox 2125 3281 3704 3365; baseline -0.009 -16"><span class='ocrx_word' id='word_1_506' title='bbox 2125 3296 2197 3351; x_wconf 91' lang='lat' dir='ltr'><strong>lis</strong></span> <span class='ocrx_word' id='word_1_507' title='bbox 2224 3303 2283 3348; x_wconf 92' lang='lat' dir='ltr'><strong>ut</strong></span> <span class='ocrx_word' id='word_1_508' title='bbox 2312 3309 2508 3350; x_wconf 84' lang='lat' dir='ltr'><strong>somno</strong></span> <span class='ocrx_word' id='word_1_509' title='bbox 2557 3300 2917 3365; x_wconf 80' lang='lat' dir='ltr'><strong>gravarentur</strong></span> <span class='ocrx_word' id='word_1_510' title='bbox 2946 3297 3012 3346; x_wconf 90' lang='lat' dir='ltr'><strong>et</strong></span> <span class='ocrx_word' id='word_1_511' title='bbox 3054 3287 3378 3345; x_wconf 88' lang='lat' dir='ltr'><strong>dormirent.</strong></span> <span class='ocrx_word' id='word_1_512' title='bbox 3421 3281 3704 3351; x_wconf 63' lang='lat' dir='ltr'><strong>Praecipue</strong></span> 
     </span>
    </p>
   </div>
   <div class='ocr_carea' id='block_1_71' title="bbox 2124 3375 3700 3453">
    <p class='ocr_par' dir='ltr' id='par_1_71' title="bbox 2124 3375 3700 3453">
     <span class='ocr_line' id='line_1_71' title="bbox 2124 3375 3700 3453; baseline -0.01 -12"><span class='ocrx_word' id='word_1_513' title='bbox 2124 3403 2255 3443; x_wconf 88' lang='lat' dir='ltr'><strong>vero</strong></span> <span class='ocrx_word' id='word_1_514' title='bbox 2297 3388 2353 3440; x_wconf 90' lang='lat' dir='ltr'><strong>in</strong></span> <span class='ocrx_word' id='word_1_515' title='bbox 2399 3396 2562 3440; x_wconf 91' lang='lat' dir='ltr'><strong>nocte</strong></span> <span class='ocrx_word' id='word_1_516' title='bbox 2606 3384 2910 3453; x_wconf 88' lang='lat' dir='ltr'><strong>plenilunio</strong></span> <span class='ocrx_word' id='word_1_517' title='bbox 2968 3382 3242 3435; x_wconf 86' lang='lat' dir='ltr'><strong>illustrata</strong></span> <span class='ocrx_word' id='word_1_518' title='bbox 3276 3375 3463 3432; x_wconf 87' lang='lat' dir='ltr'><strong>videre</strong></span> <span class='ocrx_word' id='word_1_519' title='bbox 3504 3383 3700 3445; x_wconf 89' lang='lat' dir='ltr'><strong>potue-</strong></span> 
     </span>
    </p>
   </div>
   <div class='ocr_carea' id='block_1_72' title="bbox 2124 3467 3703 3549">
    <p class='ocr_par' dir='ltr' id='par_1_72' title="bbox 2124 3467 3703 3549">
     <span class='ocr_line' id='line_1_72' title="bbox 2124 3467 3703 3549; baseline -0.01 -15"><span class='ocrx_word' id='word_1_520' title='bbox 2124 3489 2256 3534; x_wconf 89' lang='lat' dir='ltr'><strong>runt</strong></span> <span class='ocrx_word' id='word_1_521' title='bbox 2285 3478 2564 3549; x_wconf 74' lang='lat' dir='ltr'><strong>angelum,</strong></span> <span class='ocrx_word' id='word_1_522' title='bbox 2616 3491 2739 3530; x_wconf 91' lang='lat' dir='ltr'><strong>cum</strong></span> <span class='ocrx_word' id='word_1_523' title='bbox 2778 3476 2938 3530; x_wconf 88' lang='lat' dir='ltr'><strong>tertia</strong></span> <span class='ocrx_word' id='word_1_524' title='bbox 2966 3474 3077 3543; x_wconf 89' lang='lat' dir='ltr'><strong>jam</strong></span> <span class='ocrx_word' id='word_1_525' title='bbox 3120 3472 3240 3527; x_wconf 85' lang='lat' dir='ltr'><strong>vice</strong></span> <span class='ocrx_word' id='word_1_526' title='bbox 3270 3481 3474 3533; x_wconf 86' lang='lat' dir='ltr'><strong>oraret,</strong></span> <span class='ocrx_word' id='word_1_527' title='bbox 3513 3467 3703 3536; x_wconf 81' lang='lat' dir='ltr'><strong>illique</strong></span> 
     </span>
    </p>
   </div>
   <div class='ocr_carea' id='block_1_73' title="bbox 2125 3557 3697 3641">
    <p class='ocr_par' dir='ltr' id='par_1_73' title="bbox 2125 3557 3697 3641">
     <span class='ocr_line' id='line_1_73' title="bbox 2125 3557 3697 3641; baseline -0.008 -15"><span class='ocrx_word' id='word_1_528' title='bbox 2125 3572 2231 3641; x_wconf 90' lang='lat' dir='ltr'><strong>ipsi</strong></span> <span class='ocrx_word' id='word_1_529' title='bbox 2263 3567 2635 3640; x_wconf 70' lang='lat' dir='ltr'><strong>espergel&#39;acti</strong></span> <span class='ocrx_word' id='word_1_530' title='bbox 2673 3574 2863 3622; x_wconf 90' lang='lat' dir='ltr'><strong>essent</strong></span> <span class='ocrx_word' id='word_1_531' title='bbox 2900 3564 2969 3619; x_wconf 88' lang='lat' dir='ltr'><strong>ad</strong></span> <span class='ocrx_word' id='word_1_532' title='bbox 3004 3562 3270 3617; x_wconf 90' lang='lat' dir='ltr'><strong>orandum</strong></span> <span class='ocrx_word' id='word_1_533' title='bbox 3296 3557 3515 3630; x_wconf 81' lang='lat' dir='ltr'><strong>(Matth.</strong></span> <span class='ocrx_word' id='word_1_534' title='bbox 3548 3570 3697 3614; x_wconf 76' lang='lat' dir='ltr'><strong>xxvr.</strong></span> 
     </span>
    </p>
   </div>
   <div class='ocr_carea' id='block_1_74' title="bbox 459 3648 3695 3735">
    <p class='ocr_par' dir='ltr' id='par_1_74' title="bbox 459 3648 3695 3735">
     <span class='ocr_line' id='line_1_74' title="bbox 459 3648 3695 3735; baseline -0.005 -20"><span class='ocrx_word' id='word_1_535' title='bbox 459 3661 572 3733; x_wconf 70' lang='grc'><strong>45).</strong></span> <span class='ocrx_word' id='word_1_536' title='bbox 608 3662 675 3717; x_wconf 86' lang='lat' dir='ltr'><strong>Et</strong></span> <span class='ocrx_word' id='word_1_537' title='bbox 713 3665 919 3735; x_wconf 83' lang='lat' dir='ltr'><strong>absque</strong></span> <span class='ocrx_word' id='word_1_538' title='bbox 955 3666 1076 3721; x_wconf 88' lang='lat' dir='ltr'><strong>luce</strong></span> <span class='ocrx_word' id='word_1_539' title='bbox 1110 3666 1234 3732; x_wconf 73' lang='lat' dir='ltr'><strong>hac,</strong></span> <span class='ocrx_word' id='word_1_540' title='bbox 1269 3667 1501 3721; x_wconf 85' lang='lat' dir='ltr'><strong>multum</strong></span> <span class='ocrx_word' id='word_1_541' title='bbox 1534 3668 1595 3721; x_wconf 84' lang='lat' dir='ltr'><strong>in</strong></span> <span class='ocrx_word' id='word_1_542' title='bbox 1641 3672 1804 3721; x_wconf 89' lang='lat' dir='ltr'><strong>nocte</strong></span> <span class='ocrx_word' id='word_1_543' title='bbox 1840 3663 2189 3735; x_wconf 85' lang='lat' dir='ltr'><strong>splendorem</strong></span> <span class='ocrx_word' id='word_1_544' title='bbox 2225 3662 2512 3726; x_wconf 90' lang='lat' dir='ltr'><strong>reddente,</strong></span> <span class='ocrx_word' id='word_1_545' title='bbox 2548 3660 2634 3716; x_wconf 89' lang='lat' dir='ltr'><strong>vel</strong></span> <span class='ocrx_word' id='word_1_546' title='bbox 2662 3660 2729 3715; x_wconf 91' lang='lat' dir='ltr'><strong>ab</strong></span> <span class='ocrx_word' id='word_1_547' title='bbox 2799 3659 2921 3729; x_wconf 90' lang='lat' dir='ltr'><strong>ipso</strong></span> <span class='ocrx_word' id='word_1_548' title='bbox 2988 3658 3139 3720; x_wconf 86' lang='lat' dir='ltr'><strong>Jesu,</strong></span> <span class='ocrx_word' id='word_1_549' title='bbox 3203 3667 3313 3724; x_wconf 90' lang='lat' dir='ltr'><strong>quo</strong></span> <span class='ocrx_word' id='word_1_550' title='bbox 3385 3648 3583 3705; x_wconf 90' lang='lat' dir='ltr'><strong>melius</strong></span> <span class='ocrx_word' id='word_1_551' title='bbox 3625 3648 3695 3704; x_wconf 87' lang='lat' dir='ltr'><strong>ad</strong></span> 
     </span>
    </p>
   </div>
   <div class='ocr_carea' id='block_1_75' title="bbox 457 3749 3176 3826">
    <p class='ocr_par' dir='ltr' id='par_1_75' title="bbox 457 3749 3176 3826">
     <span class='ocr_line' id='line_1_75' title="bbox 457 3749 3176 3826; baseline -0.003 -19"><span class='ocrx_word' id='word_1_552' title='bbox 457 3752 763 3808; x_wconf 75' lang='lat' dir='ltr'><strong>orationem</strong></span> <span class='ocrx_word' id='word_1_553' title='bbox 798 3754 1187 3822; x_wconf 85' lang='lat' dir='ltr'><strong>incitarentur,</strong></span> <span class='ocrx_word' id='word_1_554' title='bbox 1233 3754 1300 3810; x_wconf 89' lang='lat' dir='ltr'><strong>de</strong></span> <span class='ocrx_word' id='word_1_555' title='bbox 1352 3755 1483 3821; x_wconf 89' lang='lat' dir='ltr'><strong>illis,</strong></span> <span class='ocrx_word' id='word_1_556' title='bbox 1518 3770 1638 3826; x_wconf 58' lang='lat' dir='ltr'><strong>qua)</strong></span> <span class='ocrx_word' id='word_1_557' title='bbox 1675 3755 1820 3810; x_wconf 85' lang='lat' dir='ltr'><strong>inter</strong></span> <span class='ocrx_word' id='word_1_558' title='bbox 1847 3754 2117 3809; x_wconf 90' lang='lat' dir='ltr'><strong>orandum</strong></span> <span class='ocrx_word' id='word_1_559' title='bbox 2151 3752 2200 3807; x_wconf 91' lang='lat' dir='ltr'><strong>ei</strong></span> <span class='ocrx_word' id='word_1_560' title='bbox 2233 3753 2570 3816; x_wconf 88' lang='lat' dir='ltr'><strong>evenissent,</strong></span> <span class='ocrx_word' id='word_1_561' title='bbox 2611 3749 2831 3806; x_wconf 87' lang='lat' dir='ltr'><strong>edoceri</strong></span> <span class='ocrx_word' id='word_1_562' title='bbox 2862 3753 3176 3818; x_wconf 87' lang='lat' dir='ltr'><strong>potuerunt.</strong></span> 
     </span>
    </p>
   </div>
   <div class='ocr_carea' id='block_1_76' title="bbox 1037 3866 1464 3923">
    <p class='ocr_par' dir='ltr' id='par_1_76' title="bbox 1037 3866 1464 3923">
     <span class='ocr_line' id='line_1_76' title="bbox 1037 3866 1464 3923; baseline 0.005 -2"><span class='ocrx_word' id='word_1_563' title='bbox 1037 3868 1289 3923; x_wconf 78' lang='grc' dir='ltr'><strong>ΚΕΦΑΛ.</strong></span> <span class='ocrx_word' id='word_1_564' title='bbox 1337 3866 1464 3923; x_wconf 79' lang='grc' dir='ltr'><strong>ΚΓ.</strong></span> 
     </span>
    </p>
   </div>
   <div class='ocr_carea' id='block_1_77' title="bbox 530 3957 2022 4031">
    <p class='ocr_par' dir='ltr' id='par_1_77' title="bbox 530 3957 2022 4031">
     <span class='ocr_line' id='line_1_77' title="bbox 530 3957 2022 4031; baseline 0.002 -23"><span class='ocrx_word' id='word_1_565' title='bbox 530 3957 678 4029; x_wconf 75' lang='grc' dir='ltr'>Στῐχ.</span> <span class='ocrx_word' id='word_1_566' title='bbox 724 3962 795 4028; x_wconf 84' lang='grc' dir='ltr'><strong>η’.</strong></span> <span class='ocrx_word' id='word_1_567' title='bbox 836 3958 1041 4031; x_wconf 89' lang='grc' dir='ltr'>Ἰησοῦς</span> <span class='ocrx_word' id='word_1_568' title='bbox 1067 3959 1125 4012; x_wconf 82' lang='grc' dir='ltr'>δὲ</span> <span class='ocrx_word' id='word_1_569' title='bbox 1155 3959 1270 4029; x_wconf 82' lang='lat' dir='ltr'><strong>(II)</strong></span> <span class='ocrx_word' id='word_1_570' title='bbox 1306 3958 1565 4029; x_wconf 78' lang='grc' dir='ltr'>ἐπαχθεὶς</span> <span class='ocrx_word' id='word_1_571' title='bbox 1597 3957 1732 4029; x_wconf 79' lang='grc' dir='ltr'>πρὸς</span> <span class='ocrx_word' id='word_1_572' title='bbox 1776 3958 2022 4028; x_wconf 84' lang='grc' dir='ltr'>Ἡρώδην</span> 
     </span>
    </p>
   </div>
   <div class='ocr_carea' id='block_1_78' title="bbox 460 4048 2023 4122">
    <p class='ocr_par' dir='ltr' id='par_1_78' title="bbox 460 4048 2023 4122">
     <span class='ocr_line' id='line_1_78' title="bbox 460 4048 2023 4122; baseline 0 -19"><span class='ocrx_word' id='word_1_573' title='bbox 460 4048 611 4104; x_wconf 78' lang='grc' dir='ltr'>οὐδὲν</span> <span class='ocrx_word' id='word_1_574' title='bbox 639 4049 859 4120; x_wconf 76' lang='grc' dir='ltr'>ἐποίησε</span> <span class='ocrx_word' id='word_1_575' title='bbox 892 4054 1135 4122; x_wconf 86' lang='grc' dir='ltr'>σημεῖον.</span> <span class='ocrx_word' id='word_1_576' title='bbox 1165 4050 1366 4122; x_wconf 63' lang='grc' dir='ltr'>καίπερ</span> <span class='ocrx_word' id='word_1_577' title='bbox 1393 4050 1602 4104; x_wconf 78' lang='grc' dir='ltr'>ἐκείνου</span> <span class='ocrx_word' id='word_1_578' title='bbox 1631 4049 2023 4121; x_wconf 76' lang='grc' dir='ltr'>ἐπιθυμοῦντος</span> 
     </span>
    </p>
   </div>
   <div class='ocr_carea' id='block_1_79' title="bbox 464 4140 2029 4214">
    <p class='ocr_par' dir='ltr' id='par_1_79' title="bbox 464 4140 2029 4214">
     <span class='ocr_line' id='line_1_79' title="bbox 464 4140 2029 4214; baseline 0.001 -20"><span class='ocrx_word' id='word_1_579' title='bbox 464 4142 591 4195; x_wconf 80' lang='grc' dir='ltr'><strong>ιδείν</strong></span> <span class='ocrx_word' id='word_1_580' title='bbox 612 4140 644 4211; x_wconf 79' lang='grc' dir='ltr'><strong>ἢ</strong></span> <span class='ocrx_word' id='word_1_581' title='bbox 668 4141 895 4196; x_wconf 81' lang='grc' dir='ltr'>ἀκοῦσαί</span> <span class='ocrx_word' id='word_1_582' title='bbox 923 4161 975 4197; x_wconf 87' lang='grc' dir='ltr'><strong>τι</strong></span> <span class='ocrx_word' id='word_1_583' title='bbox 1002 4144 1270 4213; x_wconf 84' lang='grc' dir='ltr'>λέγοντος,</span> <span class='ocrx_word' id='word_1_584' title='bbox 1300 4143 1486 4214; x_wconf 75' lang='grc' dir='ltr'>ἐπειδὴ</span> <span class='ocrx_word' id='word_1_585' title='bbox 1512 4143 1629 4214; x_wconf 79' lang='grc' dir='ltr'>ᾔδει</span> <span class='ocrx_word' id='word_1_586' title='bbox 1654 4142 1729 4207; x_wconf 85' lang='grc' dir='ltr'><strong>ὡς</strong></span> <span class='ocrx_word' id='word_1_587' title='bbox 1751 4143 1851 4196; x_wconf 83' lang='grc' dir='ltr'>οὐκ</span> <span class='ocrx_word' id='word_1_588' title='bbox 1880 4143 2029 4211; x_wconf 84' lang='grc' dir='ltr'>εὐερ-</span> 
     </span>
    </p>
   </div>
   <div class='ocr_carea' id='block_1_80' title="bbox 460 4234 2024 4308">
    <p class='ocr_par' dir='ltr' id='par_1_80' title="bbox 460 4234 2024 4308">
     <span class='ocr_line' id='line_1_80' title="bbox 460 4234 2024 4308; baseline -0.001 -20"><span class='ocrx_word' id='word_1_589' title='bbox 460 4234 840 4305; x_wconf 82' lang='grc' dir='ltr'>γετηθήσεται.</span> <span class='ocrx_word' id='word_1_590' title='bbox 861 4234 943 4289; x_wconf 82' lang='grc' dir='ltr'><strong>Τὰ</strong></span> <span class='ocrx_word' id='word_1_591' title='bbox 978 4236 1087 4308; x_wconf 80' lang='grc' dir='ltr'>γὰρ</span> <span class='ocrx_word' id='word_1_592' title='bbox 1109 4239 1309 4307; x_wconf 79' lang='grc' dir='ltr'>σημεῖα</span> <span class='ocrx_word' id='word_1_593' title='bbox 1339 4237 1438 4306; x_wconf 75' lang='grc' dir='ltr'>οὐχ</span> <span class='ocrx_word' id='word_1_594' title='bbox 1466 4234 1652 4299; x_wconf 86' lang='grc' dir='ltr'>ἁπλῶς</span> <span class='ocrx_word' id='word_1_595' title='bbox 1686 4234 1858 4288; x_wconf 76' lang='grc' dir='ltr'>ἐποίει</span> <span class='ocrx_word' id='word_1_596' title='bbox 1888 4234 2024 4304; x_wconf 66' lang='grc' dir='ltr'>(ιε).</span> 
     </span>
    </p>
   </div>
   <div class='ocr_carea' id='block_1_81' title="bbox 460 4324 2027 4398">
    <p class='ocr_par' dir='ltr' id='par_1_81' title="bbox 460 4324 2027 4398">
     <span class='ocr_line' id='line_1_81' title="bbox 460 4324 2027 4398; baseline -0.001 -20"><span class='ocrx_word' id='word_1_597' title='bbox 460 4324 582 4378; x_wconf 79' lang='grc' dir='ltr'>οὐδὲ</span> <span class='ocrx_word' id='word_1_598' title='bbox 618 4325 756 4397; x_wconf 84' lang='grc' dir='ltr'>πρὸς</span> <span class='ocrx_word' id='word_1_599' title='bbox 784 4326 1036 4392; x_wconf 77' lang='grc' dir='ltr'>ἐπίδειξιν</span> <span class='ocrx_word' id='word_1_600' title='bbox 1073 4329 1159 4380; x_wconf 83' lang='grc' dir='ltr'>ἵνα</span> <span class='ocrx_word' id='word_1_601' title='bbox 1195 4328 1356 4390; x_wconf 73' lang='grc' dir='ltr'>αὐτὸς</span> <span class='ocrx_word' id='word_1_602' title='bbox 1391 4326 1759 4398; x_wconf 74' lang='grc' dir='ltr'>θαυμάζηται,</span> <span class='ocrx_word' id='word_1_603' title='bbox 1795 4326 1908 4379; x_wconf 84' lang='grc' dir='ltr'>ἀλλ’</span> <span class='ocrx_word' id='word_1_604' title='bbox 1941 4326 2027 4378; x_wconf 80' lang='grc' dir='ltr'><strong>ἵνα</strong></span> 
     </span>
    </p>
   </div>
   <div class='ocr_carea' id='block_1_82' title="bbox 463 4410 2028 4486">
    <p class='ocr_par' dir='ltr' id='par_1_82' title="bbox 463 4410 2028 4486">
     <span class='ocr_line' id='line_1_82' title="bbox 463 4410 2028 4486; baseline 0.001 -21"><span class='ocrx_word' id='word_1_605' title='bbox 463 4413 659 4468; x_wconf 74' lang='grc' dir='ltr'>ἐκεῖνοι</span> <span class='ocrx_word' id='word_1_606' title='bbox 680 4416 1066 4480; x_wconf 81' lang='grc' dir='ltr'>πιστεύσαντες</span> <span class='ocrx_word' id='word_1_607' title='bbox 1096 4415 1360 4470; x_wconf 82' lang='grc' dir='ltr'>σωθῶσιν.</span> <span class='ocrx_word' id='word_1_608' title='bbox 1392 4415 1559 4485; x_wconf 77' lang='grc' dir='ltr'>Δῆλος</span> <span class='ocrx_word' id='word_1_609' title='bbox 1580 4414 1690 4486; x_wconf 85' lang='grc' dir='ltr'><strong>γὰρ</strong></span> <span class='ocrx_word' id='word_1_610' title='bbox 1714 4410 1781 4485; x_wconf 81' lang='grc' dir='ltr'><strong>ἦν</strong></span> <span class='ocrx_word' id='word_1_611' title='bbox 1810 4415 1909 4468; x_wconf 82' lang='grc' dir='ltr'>οὐκ</span> <span class='ocrx_word' id='word_1_612' title='bbox 1936 4416 2028 4467; x_wconf 78' lang='grc' dir='ltr'><strong>ἐπὶ</strong></span> 
     </span>
    </p>
   </div>
   <div class='ocr_carea' id='block_1_83' title="bbox 536 4610 2013 4683">
    <p class='ocr_par' dir='ltr' id='par_1_83' title="bbox 536 4610 2013 4683">
     <span class='ocr_line' id='line_1_83' title="bbox 536 4610 2013 4683; baseline 0.002 -18"><span class='ocrx_word' id='word_1_613' title='bbox 536 4612 611 4680; x_wconf 80' lang='grc'><strong>(1)</strong></span> <span class='ocrx_word' id='word_1_614' title='bbox 642 4610 729 4683; x_wconf 58' lang='lat' dir='ltr'><strong>CI.</strong></span> <span class='ocrx_word' id='word_1_615' title='bbox 782 4610 974 4666; x_wconf 87' lang='lat' dir='ltr'><strong>Leont.</strong></span> <span class='ocrx_word' id='word_1_616' title='bbox 1016 4610 1301 4681; x_wconf 86' lang='lat' dir='ltr'><strong>(Galland.</strong></span> <span class='ocrx_word' id='word_1_617' title='bbox 1356 4611 1497 4683; x_wconf 80' lang='lat' dir='ltr'><strong>Bibl.-</strong></span> <span class='ocrx_word' id='word_1_618' title='bbox 1552 4610 1756 4676; x_wconf 86' lang='lat' dir='ltr'><strong>Pattr.,</strong></span> <span class='ocrx_word' id='word_1_619' title='bbox 1815 4628 1913 4674; x_wconf 72' lang='grc' dir='ltr'>χιι,</span> <span class='ocrx_word' id='word_1_620' title='bbox 1959 4628 2013 4683; x_wconf 92' lang='lat' dir='ltr'><strong>p.</strong></span> 
     </span>
    </p>
   </div>
   <div class='ocr_carea' id='block_1_84' title="bbox 462 4681 2021 4753">
    <p class='ocr_par' dir='ltr' id='par_1_84' title="bbox 462 4681 2021 4753">
     <span class='ocr_line' id='line_1_84' title="bbox 462 4681 2021 4753; baseline -0.001 -16"><span class='ocrx_word' id='word_1_621' title='bbox 462 4682 589 4751; x_wconf 85' lang='lat'><strong>688)</strong></span> <span class='ocrx_word' id='word_1_622' title='bbox 622 4699 635 4735; x_wconf 87' lang='lat'><strong>:</strong></span> <span class='ocrx_word' id='word_1_623' title='bbox 671 4681 871 4735; x_wconf 77' lang='lat' dir='ltr'><strong>Timuit</strong></span> <span class='ocrx_word' id='word_1_624' title='bbox 910 4693 1127 4736; x_wconf 86' lang='lat' dir='ltr'><strong>mortem</strong></span> <span class='ocrx_word' id='word_1_625' title='bbox 1167 4692 1416 4752; x_wconf 77' lang='lat' dir='ltr'><strong>tanquam</strong></span> <span class='ocrx_word' id='word_1_626' title='bbox 1446 4682 1579 4735; x_wconf 85' lang='lat' dir='ltr'><strong>hanc</strong></span> <span class='ocrx_word' id='word_1_627' title='bbox 1608 4683 1757 4737; x_wconf 72' lang='lat' dir='ltr'><strong>enixe</strong></span> <span class='ocrx_word' id='word_1_628' title='bbox 1792 4681 2021 4753; x_wconf 74' lang='lat' dir='ltr'><strong>fugietis,</strong></span> 
     </span>
    </p>
   </div>
   <div class='ocr_carea' id='block_1_85' title="bbox 462 4753 2021 4823">
    <p class='ocr_par' dir='ltr' id='par_1_85' title="bbox 462 4753 2021 4823">
     <span class='ocr_line' id='line_1_85' title="bbox 462 4753 2021 4823; baseline 0.001 -18"><span class='ocrx_word' id='word_1_629' title='bbox 462 4770 621 4821; x_wconf 75' lang='lat' dir='ltr'><strong>quam</strong></span> <span class='ocrx_word' id='word_1_630' title='bbox 652 4769 919 4823; x_wconf 84' lang='lat' dir='ltr'><strong>nunquam</strong></span> <span class='ocrx_word' id='word_1_631' title='bbox 948 4763 1126 4821; x_wconf 79' lang='lat' dir='ltr'><strong>sponte</strong></span> <span class='ocrx_word' id='word_1_632' title='bbox 1150 4756 1412 4807; x_wconf 75' lang='lat' dir='ltr'><strong>sustinere</strong></span> <span class='ocrx_word' id='word_1_633' title='bbox 1445 4753 1713 4815; x_wconf 75' lang='lat' dir='ltr'><strong>voluisset,</strong></span> <span class='ocrx_word' id='word_1_634' title='bbox 1740 4756 1843 4808; x_wconf 81' lang='lat' dir='ltr'><strong>uisi</strong></span> <span class='ocrx_word' id='word_1_635' title='bbox 1875 4765 2021 4807; x_wconf 86' lang='lat' dir='ltr'><strong>tuam</strong></span> 
     </span>
    </p>
   </div>
   <div class='ocr_carea' id='block_1_86' title="bbox 465 4824 2017 4892">
    <p class='ocr_par' dir='ltr' id='par_1_86' title="bbox 465 4824 2017 4892">
     <span class='ocr_line' id='line_1_86' title="bbox 465 4824 2017 4892; baseline 0 -17"><span class='ocrx_word' id='word_1_636' title='bbox 465 4825 676 4892; x_wconf 85' lang='lat' dir='ltr'><strong>longam</strong></span> <span class='ocrx_word' id='word_1_637' title='bbox 729 4835 777 4878; x_wconf 87' lang='lat' dir='ltr'><strong>et</strong></span> <span class='ocrx_word' id='word_1_638' title='bbox 830 4824 1091 4891; x_wconf 74' lang='lat' dir='ltr'><strong>prolixam</strong></span> <span class='ocrx_word' id='word_1_639' title='bbox 1151 4824 1561 4877; x_wconf 78' lang='lat' dir='ltr'><strong>admonitionem</strong></span> <span class='ocrx_word' id='word_1_640' title='bbox 1616 4834 1802 4879; x_wconf 80' lang='lat' dir='ltr'><strong>nactus</strong></span> <span class='ocrx_word' id='word_1_641' title='bbox 1860 4835 2017 4888; x_wconf 76' lang='lat' dir='ltr'><strong>esset,</strong></span> 
     </span>
    </p>
   </div>
   <div class='ocr_carea' id='block_1_87' title="bbox 461 4894 1494 4963">
    <p class='ocr_par' dir='ltr' id='par_1_87' title="bbox 461 4894 1494 4963">
     <span class='ocr_line' id='line_1_87' title="bbox 461 4894 1494 4963; baseline 0.002 -17"><span class='ocrx_word' id='word_1_642' title='bbox 461 4910 619 4963; x_wconf 84' lang='lat' dir='ltr'><strong>quam</strong></span> <span class='ocrx_word' id='word_1_643' title='bbox 653 4911 686 4948; x_wconf 90' lang='lat' dir='ltr'><strong>a</strong></span> <span class='ocrx_word' id='word_1_644' title='bbox 729 4904 777 4948; x_wconf 87' lang='lat' dir='ltr'><strong>te</strong></span> <span class='ocrx_word' id='word_1_645' title='bbox 809 4896 990 4963; x_wconf 83' lang='lat' dir='ltr'><strong>ﬁctam</strong></span> <span class='ocrx_word' id='word_1_646' title='bbox 1021 4894 1197 4963; x_wconf 82' lang='lat' dir='ltr'><strong>angelo</strong></span> <span class='ocrx_word' id='word_1_647' title='bbox 1227 4895 1494 4948; x_wconf 80' lang='lat' dir='ltr'><strong>attribuis.</strong></span> 
     </span>
    </p>
   </div>
   <div class='ocr_carea' id='block_1_88' title="bbox 538 4963 2021 5034">
    <p class='ocr_par' dir='ltr' id='par_1_88' title="bbox 538 4963 2021 5034">
     <span class='ocr_line' id='line_1_88' title="bbox 538 4963 2021 5034; baseline 0.001 -18"><span class='ocrx_word' id='word_1_648' title='bbox 538 4963 612 5034; x_wconf 69' lang='grc'>(2)</span> <span class='ocrx_word' id='word_1_649' title='bbox 632 4964 836 5020; x_wconf 85' lang='lat' dir='ltr'><strong>Statuit</strong></span> <span class='ocrx_word' id='word_1_650' title='bbox 867 4964 1206 5029; x_wconf 86' lang='lat' dir='ltr'><strong>Theodorus,</strong></span> <span class='ocrx_word' id='word_1_651' title='bbox 1235 4963 1419 5021; x_wconf 64' lang='lat' dir='ltr'><strong>Iesum</strong></span> <span class='ocrx_word' id='word_1_652' title='bbox 1455 4963 1648 5018; x_wconf 77' lang='lat' dir='ltr'><strong>sensim</strong></span> <span class='ocrx_word' id='word_1_653' title='bbox 1668 4982 1740 5016; x_wconf 87' lang='lat' dir='ltr'><strong>ac</strong></span> <span class='ocrx_word' id='word_1_654' title='bbox 1762 4965 2021 5032; x_wconf 82' lang='lat' dir='ltr'><strong>paulatim</strong></span> 
     </span>
    </p>
   </div>
   <div class='ocr_carea' id='block_1_89' title="bbox 465 5033 2015 5104">
    <p class='ocr_par' dir='ltr' id='par_1_89' title="bbox 465 5033 2015 5104">
     <span class='ocr_line' id='line_1_89' title="bbox 465 5033 2015 5104; baseline -0.001 -16"><span class='ocrx_word' id='word_1_655' title='bbox 465 5043 516 5088; x_wconf 78' lang='lat' dir='ltr'><strong>et</strong></span> <span class='ocrx_word' id='word_1_656' title='bbox 544 5033 744 5090; x_wconf 75' lang='lat' dir='ltr'><strong>meritis</strong></span> <span class='ocrx_word' id='word_1_657' title='bbox 790 5036 901 5090; x_wconf 76' lang='lat' dir='ltr'><strong>suis</strong></span> <span class='ocrx_word' id='word_1_658' title='bbox 940 5050 1065 5090; x_wconf 90' lang='lat' dir='ltr'><strong>eum</strong></span> <span class='ocrx_word' id='word_1_659' title='bbox 1113 5033 1313 5088; x_wconf 79' lang='lat' dir='ltr'><strong>factum</strong></span> <span class='ocrx_word' id='word_1_660' title='bbox 1370 5050 1513 5097; x_wconf 80' lang='lat' dir='ltr'><strong>esse,</strong></span> <span class='ocrx_word' id='word_1_661' title='bbox 1542 5036 1635 5104; x_wconf 88' lang='lat' dir='ltr'><strong>qui</strong></span> <span class='ocrx_word' id='word_1_662' title='bbox 1681 5035 1897 5091; x_wconf 80' lang='lat' dir='ltr'><strong>fuisset.</strong></span> <span class='ocrx_word' id='word_1_663' title='bbox 1930 5035 2015 5088; x_wconf 79' lang='lat' dir='ltr'><strong>CI.</strong></span> 
     </span>
    </p>
   </div>
   <div class='ocr_carea' id='block_1_90' title="bbox 466 5105 1498 5169">
    <p class='ocr_par' dir='ltr' id='par_1_90' title="bbox 466 5105 1498 5169">
     <span class='ocr_line' id='line_1_90' title="bbox 466 5105 1498 5169; baseline 0.002 -12"><span class='ocrx_word' id='word_1_664' title='bbox 466 5121 520 5161; x_wconf 78' lang='grc' dir='ltr'><strong>ν.</strong></span> <span class='ocrx_word' id='word_1_665' title='bbox 547 5120 595 5158; x_wconf 93' lang='lat' dir='ltr'><strong>c.</strong></span> <span class='ocrx_word' id='word_1_666' title='bbox 628 5108 748 5161; x_wconf 80' lang='lat' dir='ltr'><strong>Act.</strong></span> <span class='ocrx_word' id='word_1_667' title='bbox 776 5106 839 5160; x_wconf 90' lang='lat' dir='ltr'><strong>C.</strong></span> <span class='ocrx_word' id='word_1_668' title='bbox 882 5105 1072 5160; x_wconf 89' lang='lat' dir='ltr'><strong>Const.</strong></span> <span class='ocrx_word' id='word_1_669' title='bbox 1104 5120 1164 5169; x_wconf 85' lang='grc' dir='ltr'><strong>ιι,</strong></span> <span class='ocrx_word' id='word_1_670' title='bbox 1194 5121 1269 5167; x_wconf 82' lang='lat' dir='ltr'><strong>tv,</strong></span> <span class='ocrx_word' id='word_1_671' title='bbox 1298 5105 1387 5168; x_wconf 72' lang='grc'>52,</span> <span class='ocrx_word' id='word_1_672' title='bbox 1411 5105 1498 5159; x_wconf 77' lang='grc'><strong>59.</strong></span> 
     </span>
    </p>
   </div>
   <div class='ocr_carea' id='block_1_91' title="bbox 536 5174 2027 5298">
    <p class='ocr_par' dir='ltr' id='par_1_91' title="bbox 536 5174 2027 5298">
     <span class='ocr_line' id='line_1_91' title="bbox 536 5174 2027 5298; baseline -0.003 -68"><span class='ocrx_word' id='word_1_673' title='bbox 536 5176 618 5298; x_wconf 54' lang='grc' dir='ltr'>(ὅ)</span> <span class='ocrx_word' id='word_1_674' title='bbox 644 5174 814 5231; x_wconf 85' lang='lat' dir='ltr'><strong>Facili</strong></span> <span class='ocrx_word' id='word_1_675' title='bbox 852 5176 1168 5243; x_wconf 84' lang='lat' dir='ltr'><strong>conjectura</strong></span> <span class='ocrx_word' id='word_1_676' title='bbox 1207 5174 1446 5230; x_wconf 89' lang='lat' dir='ltr'><strong>scribere</strong></span> <span class='ocrx_word' id='word_1_677' title='bbox 1496 5176 1719 5245; x_wconf 88' lang='lat' dir='ltr'><strong>possis:</strong></span> <span class='ocrx_word' id='word_1_678' title='bbox 1772 5175 1838 5227; x_wconf 83' lang='grc' dir='ltr'><strong>Τί</strong></span> <span class='ocrx_word' id='word_1_679' title='bbox 1878 5174 2027 5245; x_wconf 79' lang='grc' dir='ltr'>γάρ;</span> 
     </span>
     <span class='ocr_line' id='line_1_92' title="bbox 536 5243 2027 5298; baseline 0 0"><span class='ocrx_word' id='word_1_680' title='bbox 536 5263 587 5298; x_wconf 87' lang='grc' dir='ltr'><strong>ει</strong></span> <span class='ocrx_word' id='word_1_681' title='bbox 619 5245 1045 5298; x_wconf 70' lang='grc' dir='ltr'>ὴ-διαδονήνε</span> <span class='ocrx_word' id='word_1_682' title='bbox 1090 5244 1185 5298; x_wconf 88' lang='lat' dir='ltr'><strong>sed</strong></span> <span class='ocrx_word' id='word_1_683' title='bbox 1241 5259 1372 5298; x_wconf 87' lang='lat' dir='ltr'><strong>cave</strong></span> <span class='ocrx_word' id='word_1_684' title='bbox 1424 5260 1492 5298; x_wconf 87' lang='lat' dir='ltr'><strong>ne</strong></span> <span class='ocrx_word' id='word_1_685' title='bbox 1537 5260 1659 5298; x_wconf 66' lang='lat' dir='ltr'><strong>quae</strong></span> <span class='ocrx_word' id='word_1_686' title='bbox 1707 5243 2027 5298; x_wconf 81' lang='lat' dir='ltr'><strong>Theodorus</strong></span> 
     </span>
    </p>
   </div>
   <div class='ocr_carea' id='block_1_92' title="bbox 464 5243 2031 5316">
    <p class='ocr_par' dir='ltr' id='par_1_92' title="bbox 464 5243 2031 5316">
     <span class='ocr_line' id='line_1_93' title="bbox 464 5243 2031 5316; baseline 0.003 -18"><span class='ocrx_word' id='word_1_687' title='bbox 464 5243 1045 5316; x_wconf 73' lang='grc' dir='ltr'>ὲπέιδὴ-διαδοχήνς</span> <span class='ocrx_word' id='word_1_688' title='bbox 1090 5244 1383 5316; x_wconf 17' lang='grc' dir='ltr'>εειιμοογο</span> <span class='ocrx_word' id='word_1_689' title='bbox 1424 5243 1510 5300; x_wconf 62' lang='grc' dir='ltr'><strong>ηε</strong></span> <span class='ocrx_word' id='word_1_690' title='bbox 1537 5260 1659 5316; x_wconf 83' lang='lat' dir='ltr'><strong>quae</strong></span> <span class='ocrx_word' id='word_1_691' title='bbox 1707 5243 2031 5302; x_wconf 82' lang='lat' dir='ltr'><strong>Theodorus</strong></span> 
     </span>
    </p>
   </div>
   <div class='ocr_carea' id='block_1_93' title="bbox 394 5314 2031 5387">
    <p class='ocr_par' dir='ltr' id='par_1_93' title="bbox 394 5314 2031 5387">
     <span class='ocr_line' id='line_1_94' title="bbox 394 5314 2031 5387; baseline -0.001 -17"><span class='ocrx_word' id='word_1_692' title='bbox 394 5348 397 5351; x_wconf 55' lang='grc' dir='ltr'><strong>λ</strong></span> <span class='ocrx_word' id='word_1_693' title='bbox 464 5314 803 5387; x_wconf 74' lang='lat' dir='ltr'><strong>negligenter</strong></span> <span class='ocrx_word' id='word_1_694' title='bbox 833 5314 1054 5387; x_wconf 71' lang='lat' dir='ltr'><strong>scripsit</strong></span> <span class='ocrx_word' id='word_1_695' title='bbox 1076 5314 1341 5387; x_wconf 74' lang='lat' dir='ltr'><strong>corrigas.</strong></span> <span class='ocrx_word' id='word_1_696' title='bbox 1372 5315 1447 5387; x_wconf 83' lang='lat' dir='ltr'><strong>Ita</strong></span> <span class='ocrx_word' id='word_1_697' title='bbox 1468 5314 1646 5387; x_wconf 9' lang='lat' dir='ltr'><strong>rreéte,</strong></span> <span class='ocrx_word' id='word_1_698' title='bbox 1679 5315 1867 5381; x_wconf 88' lang='lat' dir='ltr'><strong>credo,</strong></span> <span class='ocrx_word' id='word_1_699' title='bbox 1896 5330 2031 5370; x_wconf 75' lang='lat' dir='ltr'><strong>con—</strong></span> 
     </span>
    </p>
   </div>
   <div class='ocr_carea' id='block_1_94' title="bbox 460 5384 2027 5509">
    <p class='ocr_par' dir='ltr' id='par_1_94' title="bbox 460 5384 2027 5509">
     <span class='ocr_line' id='line_1_95' title="bbox 460 5384 2027 5509; baseline -0.001 -68"><span class='ocrx_word' id='word_1_700' title='bbox 460 5384 828 5509; x_wconf 39' lang='lat' dir='ltr'><strong>jacigjcensor</strong></span> <span class='ocrx_word' id='word_1_701' title='bbox 858 5384 961 5442; x_wconf 35' lang='lat' dir='ltr'><strong>ille“</strong></span> <span class='ocrx_word' id='word_1_702' title='bbox 999 5385 1149 5457; x_wconf 87' lang='lat' dir='ltr'><strong>Lips.</strong></span> <span class='ocrx_word' id='word_1_703' title='bbox 1180 5386 1216 5439; x_wconf 91' lang='lat' dir='ltr'><strong>l.</strong></span> <span class='ocrx_word' id='word_1_704' title='bbox 1254 5384 1291 5438; x_wconf 90' lang='lat' dir='ltr'><strong>l.</strong></span> <span class='ocrx_word' id='word_1_705' title='bbox 1321 5400 1377 5456; x_wconf 87' lang='lat' dir='ltr'><strong>p.</strong></span> <span class='ocrx_word' id='word_1_706' title='bbox 1412 5385 1539 5441; x_wconf 70' lang='lat'><strong>495.</strong></span> <span class='ocrx_word' id='word_1_707' title='bbox 1593 5384 1795 5441; x_wconf 88' lang='lat' dir='ltr'><strong>Muent.</strong></span> <span class='ocrx_word' id='word_1_708' title='bbox 1859 5402 2027 5456; x_wconf 88' lang='grc' dir='ltr'>μετα-</span> 
     </span>
     <span class='ocr_line' id='line_1_96' title="bbox 465 5473 2027 5509; baseline 0 0"><span class='ocrx_word' id='word_1_709' title='bbox 465 5473 503 5509; x_wconf 87' lang='grc' dir='ltr'><strong>κ</strong></span> <span class='ocrx_word' id='word_1_710' title='bbox 533 5474 568 5509; x_wconf 82' lang='grc' dir='ltr'><strong>τι</strong></span> <span class='ocrx_word' id='word_1_711' title='bbox 607 5474 751 5509; x_wconf 79' lang='grc' dir='ltr'>ηναι.</span> <span class='ocrx_word' id='word_1_712' title='bbox 2022 5506 2027 5509; x_wconf 86' lang='grc'><strong><em>,</em></strong></span> 
     </span>
    </p>
   </div>
   <div class='ocr_carea' id='block_1_95' title="bbox 465 5473 751 5527">
    <p class='ocr_par' dir='ltr' id='par_1_95' title="bbox 465 5473 751 5527">
     <span class='ocr_line' id='line_1_97' title="bbox 465 5473 751 5527; baseline 0.003 -17"><span class='ocrx_word' id='word_1_713' title='bbox 465 5473 751 5527; x_wconf 51' lang='grc' dir='ltr'>κΑηυηναι.</span> 
     </span>
    </p>
   </div>
   <div class='ocr_carea' id='block_1_96' title="bbox 538 5506 2061 5599">
    <p class='ocr_par' dir='ltr' id='par_1_96' title="bbox 538 5506 2061 5599">
     <span class='ocr_line' id='line_1_98' title="bbox 538 5506 2061 5599; baseline 0.001 -18"><span class='ocrx_word' id='word_1_714' title='bbox 538 5506 857 5599; x_wconf 25' lang='grc' dir='ltr'><strong>(ἢνῖἧεοὰ.</strong></span> <span class='ocrx_word' id='word_1_715' title='bbox 911 5540 1000 5599; x_wconf 71' lang='lat' dir='ltr'><strong>ap.</strong></span> <span class='ocrx_word' id='word_1_716' title='bbox 1044 5525 1238 5581; x_wconf 87' lang='lat' dir='ltr'><strong>Leont.</strong></span> <span class='ocrx_word' id='word_1_717' title='bbox 1267 5524 1429 5599; x_wconf 68' lang='lat' dir='ltr'><strong>(Mai.</strong></span> <span class='ocrx_word' id='word_1_718' title='bbox 1472 5526 1533 5599; x_wconf 88' lang='lat' dir='ltr'><strong>l_._</strong></span> <span class='ocrx_word' id='word_1_719' title='bbox 1560 5525 1600 5599; x_wconf 59' lang='grc' dir='ltr'>ιτ</span> <span class='ocrx_word' id='word_1_720' title='bbox 1640 5541 1696 5599; x_wconf 87' lang='lat' dir='ltr'><strong>p_.</strong></span> <span class='ocrx_word' id='word_1_721' title='bbox 1729 5525 1855 5595; x_wconf 78' lang='grc'><strong>510,</strong></span> <span class='ocrx_word' id='word_1_722' title='bbox 1883 5506 2029 5599; x_wconf 56' lang='grc' dir='ltr'>Βειιιέ</span> <span class='ocrx_word' id='word_1_723' title='bbox 2050 5518 2061 5521; x_wconf 41' lang='grc'><strong>“</strong></span> 
     </span>
    </p>
   </div>
   <div class='ocr_carea' id='block_1_97' title="bbox 464 5595 2026 5670">
    <p class='ocr_par' dir='ltr' id='par_1_97' title="bbox 464 5595 2026 5670">
     <span class='ocr_line' id='line_1_99' title="bbox 464 5595 2026 5670; baseline -0.001 -17"><span class='ocrx_word' id='word_1_724' title='bbox 642 5595 859 5670; x_wconf 41' lang='grc' dir='ltr'><strong>ϐαίᾳιη</strong></span> <span class='ocrx_word' id='word_1_725' title='bbox 882 5595 1004 5670; x_wconf 49' lang='lat' dir='ltr'><strong>cdd,</strong></span> <span class='ocrx_word' id='word_1_726' title='bbox 1060 5612 1271 5670; x_wconf 73' lang='lat' dir='ltr'><strong>msscr._</strong></span> <span class='ocrx_word' id='word_1_727' title='bbox 1312 5596 1439 5670; x_wconf 72' lang='lat' dir='ltr'><strong>ltibl.</strong></span> <span class='ocrx_word' id='word_1_728' title='bbox 1477 5595 1847 5670; x_wconf 43' lang='lat' dir='ltr'><strong>Mem-Laur”</strong></span> <span class='ocrx_word' id='word_1_729' title='bbox 1877 5597 1935 5670; x_wconf 67' lang='lat' dir='ltr'><strong>I.</strong></span> <span class='ocrx_word' id='word_1_730' title='bbox 1973 5615 2026 5670; x_wconf 88' lang='lat' dir='ltr'><strong>p.</strong></span> 
     </span>
    </p>
   </div>
   <div class='ocr_carea' id='block_1_98' title="bbox 472 5664 2030 5739">
    <p class='ocr_par' dir='ltr' id='par_1_98' title="bbox 472 5664 2030 5739">
     <span class='ocr_line' id='line_1_100' title="bbox 472 5664 2030 5739; baseline -0.002 -16"><span class='ocrx_word' id='word_1_731' title='bbox 472 5667 615 5737; x_wconf 82' lang='lat' dir='ltr'><strong>I70)</strong></span> <span class='ocrx_word' id='word_1_732' title='bbox 648 5686 664 5721; x_wconf 88' lang='lat'><strong>:</strong></span> <span class='ocrx_word' id='word_1_733' title='bbox 692 5668 890 5739; x_wconf 76' lang='grc' dir='ltr'>ᾚμεῖς</span> <span class='ocrx_word' id='word_1_734' title='bbox 925 5667 1199 5738; x_wconf 76' lang='grc' dir='ltr'>εἰληφέναι</span> <span class='ocrx_word' id='word_1_735' title='bbox 1242 5664 1526 5739; x_wconf 60' lang='grc' dir='ltr'>ὄινθρωπον</span> <span class='ocrx_word' id='word_1_736' title='bbox 1576 5667 1666 5739; x_wconf 75' lang='grc' dir='ltr'><strong>τδν</strong></span> <span class='ocrx_word' id='word_1_737' title='bbox 1700 5667 1831 5721; x_wconf 77' lang='grc' dir='ltr'>Θεὸν</span> <span class='ocrx_word' id='word_1_738' title='bbox 1860 5664 2030 5739; x_wconf 75' lang='grc' dir='ltr'>Λόγον</span> 
     </span>
    </p>
   </div>
   <div class='ocr_carea' id='block_1_99' title="bbox 469 5736 2030 5807">
    <p class='ocr_par' dir='ltr' id='par_1_99' title="bbox 469 5736 2030 5807">
     <span class='ocr_line' id='line_1_101' title="bbox 469 5736 2030 5807; baseline -0.001 -15"><span class='ocrx_word' id='word_1_739' title='bbox 469 5739 565 5793; x_wconf 74' lang='grc' dir='ltr'>καὶ</span> <span class='ocrx_word' id='word_1_740' title='bbox 598 5736 805 5807; x_wconf 81' lang='grc' dir='ltr'>σφόδρα</span> <span class='ocrx_word' id='word_1_741' title='bbox 852 5736 1049 5807; x_wconf 76' lang='grc' dir='ltr'>φαμὲν,</span> <span class='ocrx_word' id='word_1_742' title='bbox 1103 5736 1426 5807; x_wconf 83' lang='grc' dir='ltr'>γεγενῆσθαι</span> <span class='ocrx_word' id='word_1_743' title='bbox 1458 5738 1513 5791; x_wconf 87' lang='grc' dir='ltr'>δὲ</span> <span class='ocrx_word' id='word_1_744' title='bbox 1554 5738 1857 5807; x_wconf 83' lang='grc' dir='ltr'>ἄνθρωπον,</span> <span class='ocrx_word' id='word_1_745' title='bbox 1906 5738 2030 5791; x_wconf 78' lang='grc' dir='ltr'>καθ’</span> 
     </span>
    </p>
   </div>
   <div class='ocr_carea' id='block_1_100' title="bbox 468 5805 2032 5883">
    <p class='ocr_par' dir='ltr' id='par_1_100' title="bbox 468 5805 2032 5883">
     <span class='ocr_line' id='line_1_102' title="bbox 468 5805 2032 5883; baseline 0 -19"><span class='ocrx_word' id='word_1_746' title='bbox 468 5810 613 5881; x_wconf 77' lang='grc' dir='ltr'><strong>ὑμᾶς</strong></span> <span class='ocrx_word' id='word_1_747' title='bbox 637 5805 1097 5881; x_wconf 79' lang='lat' dir='ltr'><strong>(Apollinaristas)</strong></span> <span class='ocrx_word' id='word_1_748' title='bbox 1114 5807 1212 5862; x_wconf 81' lang='grc' dir='ltr'>οὐκ</span> <span class='ocrx_word' id='word_1_749' title='bbox 1227 5805 1296 5865; x_wconf 79' lang='grc' dir='ltr'><strong>ἄν</strong></span> <span class='ocrx_word' id='word_1_750' title='bbox 1314 5826 1440 5864; x_wconf 84' lang='grc' dir='ltr'>ποτε</span> <span class='ocrx_word' id='word_1_751' title='bbox 1460 5812 1630 5865; x_wconf 82' lang='grc' dir='ltr'>εἰπεῖν</span> <span class='ocrx_word' id='word_1_752' title='bbox 1646 5805 2032 5883; x_wconf 81' lang='grc' dir='ltr'>ἁνασχοίμεθα.</span> 
     </span>
    </p>
   </div>
   <div class='ocr_carea' id='block_1_101' title="bbox 2729 3858 3117 3917">
    <p class='ocr_par' dir='ltr' id='par_1_101' title="bbox 2729 3858 3117 3917">
     <span class='ocr_line' id='line_1_103' title="bbox 2729 3858 3117 3917; baseline -0.01 0"><span class='ocrx_word' id='word_1_753' title='bbox 2729 3861 2879 3917; x_wconf 86' lang='lat' dir='ltr'><strong>CAP.</strong></span> <span class='ocrx_word' id='word_1_754' title='bbox 2932 3858 3117 3914; x_wconf 75' lang='lat' dir='ltr'><strong>XXIII.</strong></span> 
     </span>
    </p>
   </div>
   <div class='ocr_carea' id='block_1_102' title="bbox 2201 3943 3700 4016">
    <p class='ocr_par' dir='ltr' id='par_1_102' title="bbox 2201 3943 3700 4016">
     <span class='ocr_line' id='line_1_104' title="bbox 2201 3943 3700 4016; baseline -0.009 -7"><span class='ocrx_word' id='word_1_755' title='bbox 2201 3956 2366 4012; x_wconf 73' lang='lat' dir='ltr'><strong>Vens.</strong></span> <span class='ocrx_word' id='word_1_756' title='bbox 2409 3956 2462 4011; x_wconf 92' lang='lat'><strong>8.</strong></span> <span class='ocrx_word' id='word_1_757' title='bbox 2493 3985 2562 3998; x_wconf 92' lang='lat'><strong>-—</strong></span> <span class='ocrx_word' id='word_1_758' title='bbox 2593 3953 2753 4009; x_wconf 86' lang='lat' dir='ltr'><strong>Jesus</strong></span> <span class='ocrx_word' id='word_1_759' title='bbox 2782 3967 2936 4016; x_wconf 86' lang='lat' dir='ltr'><strong>vero,</strong></span> <span class='ocrx_word' id='word_1_760' title='bbox 2991 3963 3175 4005; x_wconf 88' lang='lat' dir='ltr'><strong>coram</strong></span> <span class='ocrx_word' id='word_1_761' title='bbox 3226 3944 3438 4001; x_wconf 87' lang='lat' dir='ltr'><strong>Herode</strong></span> <span class='ocrx_word' id='word_1_762' title='bbox 3482 3943 3700 4009; x_wconf 89' lang='lat' dir='ltr'><strong>ductus,</strong></span> 
     </span>
    </p>
   </div>
   <div class='ocr_carea' id='block_1_103' title="bbox 2129 4036 3705 4110">
    <p class='ocr_par' dir='ltr' id='par_1_103' title="bbox 2129 4036 3705 4110">
     <span class='ocr_line' id='line_1_105' title="bbox 2129 4036 3705 4110; baseline -0.011 -4"><span class='ocrx_word' id='word_1_763' title='bbox 2129 4053 2338 4106; x_wconf 90' lang='lat' dir='ltr'><strong>nullum</strong></span> <span class='ocrx_word' id='word_1_764' title='bbox 2387 4048 2519 4105; x_wconf 79' lang='lat' dir='ltr'><strong>fecit</strong></span> <span class='ocrx_word' id='word_1_765' title='bbox 2578 4047 2925 4110; x_wconf 89' lang='lat' dir='ltr'><strong>miraculum,</strong></span> <span class='ocrx_word' id='word_1_766' title='bbox 2974 4043 3103 4097; x_wconf 87' lang='lat' dir='ltr'><strong>licet</strong></span> <span class='ocrx_word' id='word_1_767' title='bbox 3150 4040 3243 4095; x_wconf 89' lang='lat' dir='ltr'><strong>ille</strong></span> <span class='ocrx_word' id='word_1_768' title='bbox 3287 4036 3446 4092; x_wconf 88' lang='lat' dir='ltr'><strong>valde</strong></span> <span class='ocrx_word' id='word_1_769' title='bbox 3483 4044 3705 4106; x_wconf 86' lang='lat' dir='ltr'><strong>cuperet</strong></span> 
     </span>
    </p>
   </div>
   <div class='ocr_carea' id='block_1_104' title="bbox 2130 4128 3705 4207">
    <p class='ocr_par' dir='ltr' id='par_1_104' title="bbox 2130 4128 3705 4207">
     <span class='ocr_line' id='line_1_106' title="bbox 2130 4128 3705 4207; baseline -0.011 -8"><span class='ocrx_word' id='word_1_770' title='bbox 2130 4143 2459 4199; x_wconf 85' lang='lat' dir='ltr'><strong>miraculum</strong></span> <span class='ocrx_word' id='word_1_771' title='bbox 2482 4141 2689 4207; x_wconf 86' lang='lat' dir='ltr'><strong>videre,</strong></span> <span class='ocrx_word' id='word_1_772' title='bbox 2724 4140 2807 4193; x_wconf 88' lang='lat' dir='ltr'><strong>vel</strong></span> <span class='ocrx_word' id='word_1_773' title='bbox 2840 4149 3126 4193; x_wconf 88' lang='lat' dir='ltr'><strong>sermones</strong></span> <span class='ocrx_word' id='word_1_774' title='bbox 3145 4130 3511 4202; x_wconf 88' lang='lat' dir='ltr'><strong>ejusaudire:</strong></span> <span class='ocrx_word' id='word_1_775' title='bbox 3535 4128 3705 4198; x_wconf 87' lang='lat' dir='ltr'><strong>probe</strong></span> 
     </span>
    </p>
   </div>
   <div class='ocr_carea' id='block_1_105' title="bbox 2130 4220 3700 4298">
    <p class='ocr_par' dir='ltr' id='par_1_105' title="bbox 2130 4220 3700 4298">
     <span class='ocr_line' id='line_1_107' title="bbox 2130 4220 3700 4298; baseline -0.011 -9"><span class='ocrx_word' id='word_1_776' title='bbox 2130 4235 2338 4298; x_wconf 86' lang='lat' dir='ltr'><strong>sciens,</strong></span> <span class='ocrx_word' id='word_1_777' title='bbox 2374 4231 2645 4287; x_wconf 81' lang='lat' dir='ltr'><strong>Herodem</strong></span> <span class='ocrx_word' id='word_1_778' title='bbox 2690 4247 2719 4284; x_wconf 87' lang='lat' dir='ltr'><strong>a</strong></span> <span class='ocrx_word' id='word_1_779' title='bbox 2764 4245 2823 4285; x_wconf 90' lang='lat' dir='ltr'><strong>se</strong></span> <span class='ocrx_word' id='word_1_780' title='bbox 2864 4244 2973 4282; x_wconf 92' lang='lat' dir='ltr'><strong>non</strong></span> <span class='ocrx_word' id='word_1_781' title='bbox 3009 4225 3277 4281; x_wconf 85' lang='lat' dir='ltr'><strong>beneﬁcio</strong></span> <span class='ocrx_word' id='word_1_782' title='bbox 3313 4232 3569 4278; x_wconf 89' lang='lat' dir='ltr'><strong>ornatum</strong></span> <span class='ocrx_word' id='word_1_783' title='bbox 3609 4220 3700 4273; x_wconf 90' lang='lat' dir='ltr'><strong>iri.</strong></span> 
     </span>
    </p>
   </div>
   <div class='ocr_carea' id='block_1_106' title="bbox 2130 4312 3704 4379">
    <p class='ocr_par' dir='ltr' id='par_1_106' title="bbox 2130 4312 3704 4379">
     <span class='ocr_line' id='line_1_108' title="bbox 2130 4312 3704 4379; baseline -0.009 -2"><span class='ocrx_word' id='word_1_784' title='bbox 2130 4324 2265 4379; x_wconf 88' lang='lat' dir='ltr'><strong>Non</strong></span> <span class='ocrx_word' id='word_1_785' title='bbox 2297 4322 2442 4378; x_wconf 91' lang='lat' dir='ltr'><strong>enim</strong></span> <span class='ocrx_word' id='word_1_786' title='bbox 2495 4320 2702 4377; x_wconf 79' lang='lat' dir='ltr'><strong>frustra</strong></span> <span class='ocrx_word' id='word_1_787' title='bbox 2757 4322 2841 4375; x_wconf 87' lang='lat' dir='ltr'><strong>vel</strong></span> <span class='ocrx_word' id='word_1_788' title='bbox 2889 4318 3279 4374; x_wconf 88' lang='lat' dir='ltr'><strong>ostentationis</strong></span> <span class='ocrx_word' id='word_1_789' title='bbox 3316 4329 3481 4369; x_wconf 86' lang='lat' dir='ltr'><strong>causa</strong></span> <span class='ocrx_word' id='word_1_790' title='bbox 3533 4312 3704 4365; x_wconf 86' lang='lat' dir='ltr'><strong>mira-</strong></span> 
     </span>
    </p>
   </div>
   <div class='ocr_carea' id='block_1_107' title="bbox 2131 4405 3703 4481">
    <p class='ocr_par' dir='ltr' id='par_1_107' title="bbox 2131 4405 3703 4481">
     <span class='ocr_line' id='line_1_109' title="bbox 2131 4405 3703 4481; baseline -0.01 -9"><span class='ocrx_word' id='word_1_791' title='bbox 2131 4416 2253 4472; x_wconf 88' lang='lat' dir='ltr'><strong>cula</strong></span> <span class='ocrx_word' id='word_1_792' title='bbox 2303 4413 2454 4481; x_wconf 79' lang='lat' dir='ltr'><strong>fecit,</strong></span> <span class='ocrx_word' id='word_1_793' title='bbox 2491 4423 2547 4468; x_wconf 86' lang='lat' dir='ltr'><strong>ut</strong></span> <span class='ocrx_word' id='word_1_794' title='bbox 2602 4413 2853 4469; x_wconf 84' lang='lat' dir='ltr'><strong>Herodes</strong></span> <span class='ocrx_word' id='word_1_795' title='bbox 2897 4426 3023 4466; x_wconf 83' lang='lat' dir='ltr'><strong>eum</strong></span> <span class='ocrx_word' id='word_1_796' title='bbox 3076 4408 3476 4463; x_wconf 82' lang='lat' dir='ltr'><strong>admiraretur:</strong></span> <span class='ocrx_word' id='word_1_797' title='bbox 3514 4405 3609 4459; x_wconf 87' lang='lat' dir='ltr'><strong>sed</strong></span> <span class='ocrx_word' id='word_1_798' title='bbox 3644 4411 3703 4457; x_wconf 93' lang='lat' dir='ltr'><strong>ut</strong></span> 
     </span>
    </p>
   </div>
   <div class='ocr_carea' id='block_1_108' title="bbox 2196 4604 3703 4681">
    <p class='ocr_par' dir='ltr' id='par_1_108' title="bbox 2196 4604 3703 4681">
     <span class='ocr_line' id='line_1_110' title="bbox 2196 4604 3703 4681; baseline -0.003 -18"><span class='ocrx_word' id='word_1_799' title='bbox 2196 4612 2272 4681; x_wconf 72' lang='lat' dir='ltr'><strong>(I3)</strong></span> <span class='ocrx_word' id='word_1_800' title='bbox 2301 4609 2501 4681; x_wconf 84' lang='lat' dir='ltr'><strong>Probat</strong></span> <span class='ocrx_word' id='word_1_801' title='bbox 2554 4608 2879 4681; x_wconf 83' lang='lat' dir='ltr'><strong>Theodorus</strong></span> <span class='ocrx_word' id='word_1_802' title='bbox 2917 4608 3153 4681; x_wconf 65' lang='lat' dir='ltr'><strong>antiquae</strong></span> <span class='ocrx_word' id='word_1_803' title='bbox 3197 4604 3453 4681; x_wconf 69' lang='lat' dir='ltr'><strong>Ecclesia:</strong></span> <span class='ocrx_word' id='word_1_804' title='bbox 3483 4612 3703 4681; x_wconf 78' lang='lat' dir='ltr'><strong>senten-</strong></span> 
     </span>
    </p>
   </div>
   <div class='ocr_carea' id='block_1_109' title="bbox 2131 4674 3700 4754">
    <p class='ocr_par' dir='ltr' id='par_1_109' title="bbox 2131 4674 3700 4754">
     <span class='ocr_line' id='line_1_111' title="bbox 2131 4674 3700 4754; baseline -0.004 -19"><span class='ocrx_word' id='word_1_805' title='bbox 2131 4674 2264 4735; x_wconf 77' lang='lat' dir='ltr'><strong>tiam</strong></span> <span class='ocrx_word' id='word_1_806' title='bbox 2304 4697 2410 4754; x_wconf 85' lang='lat' dir='ltr'><strong>qua</strong></span> <span class='ocrx_word' id='word_1_807' title='bbox 2464 4680 2734 4754; x_wconf 85' lang='lat' dir='ltr'><strong>Joannes,</strong></span> <span class='ocrx_word' id='word_1_808' title='bbox 2774 4679 3003 4748; x_wconf 84' lang='lat' dir='ltr'><strong>reliquis</strong></span> <span class='ocrx_word' id='word_1_809' title='bbox 3050 4674 3376 4754; x_wconf 51' lang='lat' dir='ltr'><strong>&#39;Iivangeliis</strong></span> <span class='ocrx_word' id='word_1_810' title='bbox 3434 4674 3700 4754; x_wconf 70' lang='lat' dir='ltr'><strong>probatis,</strong></span> 
     </span>
    </p>
   </div>
   <div class='ocr_carea' id='block_1_110' title="bbox 2130 4746 3704 4821">
    <p class='ocr_par' dir='ltr' id='par_1_110' title="bbox 2130 4746 3704 4821">
     <span class='ocr_line' id='line_1_112' title="bbox 2130 4746 3704 4821; baseline -0.003 -16"><span class='ocrx_word' id='word_1_811' title='bbox 2130 4767 2288 4805; x_wconf 91' lang='lat' dir='ltr'><strong>suum</strong></span> <span class='ocrx_word' id='word_1_812' title='bbox 2321 4746 2707 4821; x_wconf 64' lang='lat' dir='ltr'><strong>&#39;supplementi</strong></span> <span class='ocrx_word' id='word_1_813' title='bbox 2762 4746 2929 4821; x_wconf 70' lang='lat' dir='ltr'><strong>causa</strong></span> <span class='ocrx_word' id='word_1_814' title='bbox 2979 4746 3239 4821; x_wconf 58' lang='lat' dir='ltr'><strong>scripsit.</strong></span> <span class='ocrx_word' id='word_1_815' title='bbox 3258 4761 3486 4815; x_wconf 88' lang='lat' dir='ltr'><strong>eamque</strong></span> <span class='ocrx_word' id='word_1_816' title='bbox 3540 4746 3704 4800; x_wconf 85' lang='lat' dir='ltr'><strong>latius</strong></span> 
     </span>
    </p>
   </div>
   <div class='ocr_carea' id='block_1_111' title="bbox 2129 4818 3271 4889">
    <p class='ocr_par' dir='ltr' id='par_1_111' title="bbox 2129 4818 3271 4889">
     <span class='ocr_line' id='line_1_113' title="bbox 2129 4818 3271 4889; baseline -0.006 -13"><span class='ocrx_word' id='word_1_817' title='bbox 2129 4823 2383 4889; x_wconf 77' lang='lat' dir='ltr'><strong>exposuit</strong></span> <span class='ocrx_word' id='word_1_818' title='bbox 2414 4818 2472 4876; x_wconf 82' lang='lat' dir='ltr'><strong>in</strong></span> <span class='ocrx_word' id='word_1_819' title='bbox 2501 4821 2739 4876; x_wconf 69' lang='lat' dir='ltr'><strong>Promm.</strong></span> <span class='ocrx_word' id='word_1_820' title='bbox 2773 4821 2826 4873; x_wconf 93' lang='lat' dir='ltr'><strong>in</strong></span> <span class='ocrx_word' id='word_1_821' title='bbox 2858 4818 3271 4889; x_wconf 35' lang='lat' dir='ltr'><strong>Joanntinlra.</strong></span> 
     </span>
    </p>
   </div>
   <div class='ocr_carea' id='block_1_112' title="bbox 2199 4884 3700 4963">
    <p class='ocr_par' dir='ltr' id='par_1_112' title="bbox 2199 4884 3700 4963">
     <span class='ocr_line' id='line_1_114' title="bbox 2199 4884 3700 4963; baseline -0.003 -18"><span class='ocrx_word' id='word_1_822' title='bbox 2199 4884 2275 4963; x_wconf 86' lang='lat'><strong>(6)</strong></span> <span class='ocrx_word' id='word_1_823' title='bbox 2298 4891 2543 4947; x_wconf 87' lang='lat' dir='ltr'><strong>Muenter</strong></span> <span class='ocrx_word' id='word_1_824' title='bbox 2563 4912 2575 4946; x_wconf 92' lang='lat'><strong>:</strong></span> <span class='ocrx_word' id='word_1_825' title='bbox 2592 4892 2649 4944; x_wconf 83' lang='grc' dir='ltr'>δε</span> <span class='ocrx_word' id='word_1_826' title='bbox 2672 4907 2864 4942; x_wconf 83' lang='grc' dir='ltr'>και--.</span> <span class='ocrx_word' id='word_1_827' title='bbox 2882 4888 3044 4943; x_wconf 84' lang='lat' dir='ltr'><strong>Errat</strong></span> <span class='ocrx_word' id='word_1_828' title='bbox 3061 4888 3405 4951; x_wconf 91' lang='lat' dir='ltr'><strong>Theodorus;</strong></span> <span class='ocrx_word' id='word_1_829' title='bbox 3435 4903 3483 4941; x_wconf 88' lang='lat' dir='ltr'><strong>v.</strong></span> <span class='ocrx_word' id='word_1_830' title='bbox 3511 4884 3700 4941; x_wconf 79' lang='lat' dir='ltr'><strong>Matth.</strong></span> 
     </span>
    </p>
   </div>
   <div class='ocr_carea' id='block_1_113' title="bbox 2128 4964 2507 5024">
    <p class='ocr_par' dir='ltr' id='par_1_113' title="bbox 2128 4964 2507 5024">
     <span class='ocr_line' id='line_1_115' title="bbox 2128 4964 2507 5024; baseline 0 -7"><span class='ocrx_word' id='word_1_831' title='bbox 2128 4978 2281 5024; x_wconf 64' lang='lat' dir='ltr'><strong>aut,</strong></span> <span class='ocrx_word' id='word_1_832' title='bbox 2320 4964 2385 5015; x_wconf 71' lang='grc'><strong>41</strong></span> <span class='ocrx_word' id='word_1_833' title='bbox 2422 4978 2507 5024; x_wconf 88' lang='lat' dir='ltr'><strong>sq.</strong></span> 
     </span>
    </p>
   </div>
   <div class='ocr_carea' id='block_1_114' title="bbox 2200 4978 2821 5103">
    <p class='ocr_par' dir='ltr' id='par_1_114' title="bbox 2200 4978 2821 5103">
     <span class='ocr_line' id='line_1_116' title="bbox 2206 4978 2507 5032; baseline 0.013 -19"><span class='ocrx_word' id='word_1_834' title='bbox 2206 4978 2281 5024; x_wconf 80' lang='lat' dir='ltr'><strong>vi,</strong></span> <span class='ocrx_word' id='word_1_835' title='bbox 2320 4978 2385 5015; x_wconf 70' lang='lat'><strong>41</strong></span> <span class='ocrx_word' id='word_1_836' title='bbox 2422 4978 2507 5032; x_wconf 90' lang='lat' dir='ltr'><strong>sq.</strong></span> 
     </span>
     <span class='ocr_line' id='line_1_117' title="bbox 2200 5029 2821 5103; baseline 0.002 -20"><span class='ocrx_word' id='word_1_837' title='bbox 2200 5032 2276 5101; x_wconf 86' lang='lat'><strong>(7)</strong></span> <span class='ocrx_word' id='word_1_838' title='bbox 2313 5032 2716 5103; x_wconf 33' lang='lat' dir='ltr'><strong>Muenter‘épav</strong></span> <span class='ocrx_word' id='word_1_839' title='bbox 2745 5029 2821 5084; x_wconf 89' lang='grc' dir='ltr'><strong>δε.</strong></span> 
     </span>
    </p>
   </div>
   <div class='ocr_carea' id='block_1_115' title="bbox 2198 5097 3702 5171">
    <p class='ocr_par' dir='ltr' id='par_1_115' title="bbox 2198 5097 3702 5171">
     <span class='ocr_line' id='line_1_118' title="bbox 2198 5097 3702 5171; baseline -0.005 -14"><span class='ocrx_word' id='word_1_840' title='bbox 2198 5097 2276 5171; x_wconf 83' lang='grc'><strong>(8)</strong></span> <span class='ocrx_word' id='word_1_841' title='bbox 2310 5101 2519 5157; x_wconf 86' lang='lat' dir='ltr'><strong>Pascha</strong></span> <span class='ocrx_word' id='word_1_842' title='bbox 2551 5097 2860 5156; x_wconf 67' lang='lat' dir='ltr'><strong>Judzeorum</strong></span> <span class='ocrx_word' id='word_1_843' title='bbox 2899 5101 2975 5169; x_wconf 92' lang='lat' dir='ltr'><strong>(d.</strong></span> <span class='ocrx_word' id='word_1_844' title='bbox 3005 5115 3098 5152; x_wconf 78' lang='lat' dir='ltr'><strong>xiv</strong></span> <span class='ocrx_word' id='word_1_845' title='bbox 3130 5115 3203 5152; x_wconf 93' lang='lat' dir='ltr'><strong>m.</strong></span> <span class='ocrx_word' id='word_1_846' title='bbox 3240 5097 3441 5167; x_wconf 89' lang='lat' dir='ltr'><strong>Nisan)</strong></span> <span class='ocrx_word' id='word_1_847' title='bbox 3486 5112 3702 5167; x_wconf 88' lang='lat' dir='ltr'><strong>semper</strong></span> 
     </span>
    </p>
   </div>
   <div class='ocr_carea' id='block_1_116' title="bbox 2140 5171 3309 5242">
    <p class='ocr_par' dir='ltr' id='par_1_116' title="bbox 2140 5171 3309 5242">
     <span class='ocr_line' id='line_1_119' title="bbox 2140 5171 3309 5242; baseline -0.002 -15"><span class='ocrx_word' id='word_1_848' title='bbox 2140 5176 2192 5227; x_wconf 87' lang='lat' dir='ltr'><strong>in</strong></span> <span class='ocrx_word' id='word_1_849' title='bbox 2223 5183 2436 5241; x_wconf 92' lang='lat' dir='ltr'><strong>tempus</strong></span> <span class='ocrx_word' id='word_1_850' title='bbox 2463 5172 2751 5242; x_wconf 88' lang='lat' dir='ltr'><strong>plenilunii</strong></span> <span class='ocrx_word' id='word_1_851' title='bbox 2797 5171 3039 5225; x_wconf 79' lang='lat' dir='ltr'><strong>incidere</strong></span> <span class='ocrx_word' id='word_1_852' title='bbox 3071 5178 3309 5225; x_wconf 87' lang='lat' dir='ltr'><strong>constat.</strong></span> 
     </span>
    </p>
   </div>
   <div class='ocr_carea' id='block_1_117' title="bbox 2207 5242 3046 5310">
    <p class='ocr_par' dir='ltr' id='par_1_117' title="bbox 2207 5242 3046 5310">
     <span class='ocr_line' id='line_1_120' title="bbox 2207 5242 3046 5310; baseline -0.005 -14"><span class='ocrx_word' id='word_1_853' title='bbox 2207 5243 2283 5310; x_wconf 86' lang='lat'><strong>(9)</strong></span> <span class='ocrx_word' id='word_1_854' title='bbox 2314 5242 2535 5297; x_wconf 85' lang='lat' dir='ltr'><strong>Muent.:</strong></span> <span class='ocrx_word' id='word_1_855' title='bbox 2611 5259 2738 5296; x_wconf 88' lang='grc' dir='ltr'>ανευ</span> <span class='ocrx_word' id='word_1_856' title='bbox 2765 5242 2822 5294; x_wconf 90' lang='grc' dir='ltr'><strong>δε</strong></span> <span class='ocrx_word' id='word_1_857' title='bbox 2850 5258 3046 5310; x_wconf 81' lang='grc' dir='ltr'>φωτος.</span> 
     </span>
    </p>
   </div>
   <div class='ocr_carea' id='block_1_118' title="bbox 2213 5309 3701 5383">
    <p class='ocr_par' dir='ltr' id='par_1_118' title="bbox 2213 5309 3701 5383">
     <span class='ocr_line' id='line_1_121' title="bbox 2213 5309 3701 5383; baseline -0.006 -16"><span class='ocrx_word' id='word_1_858' title='bbox 2213 5309 2327 5383; x_wconf 82' lang='lat' dir='ltr'><strong>(l0)</strong></span> <span class='ocrx_word' id='word_1_859' title='bbox 2366 5311 2633 5383; x_wconf 85' lang='lat' dir='ltr'><strong>lutellige,</strong></span> <span class='ocrx_word' id='word_1_860' title='bbox 2669 5320 2730 5367; x_wconf 91' lang='lat' dir='ltr'><strong>ut</strong></span> <span class='ocrx_word' id='word_1_861' title='bbox 2773 5309 3060 5383; x_wconf 67' lang='lat' dir='ltr'><strong>verissime</strong></span> <span class='ocrx_word' id='word_1_862' title='bbox 3092 5309 3526 5383; x_wconf 78' lang='lat' dir='ltr'><strong>monuit__censor</strong></span> <span class='ocrx_word' id='word_1_863' title='bbox 3550 5322 3701 5383; x_wconf 64' lang='lat' dir='ltr'><strong>cogi-</strong></span> 
     </span>
    </p>
   </div>
   <div class='ocr_carea' id='block_1_119' title="bbox 2137 5375 3705 5449">
    <p class='ocr_par' dir='ltr' id='par_1_119' title="bbox 2137 5375 3705 5449">
     <span class='ocr_line' id='line_1_122' title="bbox 2137 5375 3705 5449; baseline -0.005 -10"><span class='ocrx_word' id='word_1_864' title='bbox 2137 5375 2364 5439; x_wconf 53' lang='lat' dir='ltr'><strong>me&#39;nta&#39;t.</strong></span> <span class='ocrx_word' id='word_1_865' title='bbox 2390 5398 2524 5439; x_wconf 65' lang='lat' dir='ltr'><strong>mea:</strong></span> <span class='ocrx_word' id='word_1_866' title='bbox 2549 5375 2629 5438; x_wconf 75' lang='lat' dir='ltr'><strong>in</strong></span> <span class='ocrx_word' id='word_1_867' title='bbox 2657 5385 2692 5438; x_wconf 92' lang='lat' dir='ltr'><strong>l.</strong></span> <span class='ocrx_word' id='word_1_868' title='bbox 2732 5383 2801 5435; x_wconf 86' lang='lat' dir='ltr'><strong>ab</strong></span> <span class='ocrx_word' id='word_1_869' title='bbox 2830 5378 3207 5435; x_wconf 82' lang='lat' dir='ltr'><strong>Rheinwaldio</strong></span> <span class='ocrx_word' id='word_1_870' title='bbox 3251 5378 3397 5449; x_wconf 78' lang='lat' dir='ltr'><strong>edito</strong></span> <span class='ocrx_word' id='word_1_871' title='bbox 3436 5375 3705 5449; x_wconf 32' lang='lat' dir='ltr'><strong>Allg.‘Re-</strong></span> 
     </span>
    </p>
   </div>
   <div class='ocr_carea' id='block_1_120' title="bbox 2135 5446 3699 5523">
    <p class='ocr_par' dir='ltr' id='par_1_120' title="bbox 2135 5446 3699 5523">
     <span class='ocr_line' id='line_1_123' title="bbox 2135 5446 3699 5523; baseline -0.005 -15"><span class='ocrx_word' id='word_1_872' title='bbox 2135 5455 2424 5523; x_wconf 86' lang='lat' dir='ltr'><strong>pertorium</strong></span> <span class='ocrx_word' id='word_1_873' title='bbox 2472 5456 2559 5522; x_wconf 76' lang='lat' dir='ltr'><strong>[ur</strong></span> <span class='ocrx_word' id='word_1_874' title='bbox 2604 5453 2691 5507; x_wconf 83' lang='lat' dir='ltr'><strong>die</strong></span> <span class='ocrx_word' id='word_1_875' title='bbox 2741 5452 2899 5505; x_wconf 82' lang='lat' dir='ltr'><strong>theol.</strong></span> <span class='ocrx_word' id='word_1_876' title='bbox 2948 5447 3336 5523; x_wconf 28' lang='lat' dir='ltr'><strong>Literat‘ur,_T.</strong></span> <span class='ocrx_word' id='word_1_877' title='bbox 3389 5446 3537 5523; x_wconf 55' lang='lat' dir='ltr'><strong>xum:</strong></span> <span class='ocrx_word' id='word_1_878' title='bbox 3561 5446 3699 5503; x_wconf 83' lang='lat' dir='ltr'><strong>fasc.</strong></span> 
     </span>
    </p>
   </div>
   <div class='ocr_carea' id='block_1_121' title="bbox 2136 5520 3703 5592">
    <p class='ocr_par' dir='ltr' id='par_1_121' title="bbox 2136 5520 3703 5592">
     <span class='ocr_line' id='line_1_124' title="bbox 2136 5520 3703 5592; baseline -0.005 -13"><span class='ocrx_word' id='word_1_879' title='bbox 2136 5520 2190 5591; x_wconf 51' lang='lat'><strong>&#39;4,</strong></span> <span class='ocrx_word' id='word_1_880' title='bbox 2226 5525 2380 5588; x_wconf 83' lang='grc'>1859.</span> <span class='ocrx_word' id='word_1_881' title='bbox 2411 5520 2544 5581; x_wconf 89' lang='lat' dir='ltr'><strong>illud</strong></span> <span class='ocrx_word' id='word_1_882' title='bbox 2590 5524 2796 5586; x_wconf 86' lang='lat' dir='ltr'><strong>lumen,</strong></span> <span class='ocrx_word' id='word_1_883' title='bbox 2828 5536 2940 5592; x_wconf 93' lang='lat' dir='ltr'><strong>quo</strong></span> <span class='ocrx_word' id='word_1_884' title='bbox 2988 5520 3164 5590; x_wconf 82' lang='lat' dir='ltr'><strong>angeli</strong></span> <span class='ocrx_word' id='word_1_885' title='bbox 3214 5520 3537 5573; x_wconf 74' lang='lat' dir='ltr'><strong>circumdati</strong></span> <span class='ocrx_word' id='word_1_886' title='bbox 3580 5533 3703 5574; x_wconf 88' lang='lat' dir='ltr'><strong>esse</strong></span> 
     </span>
    </p>
   </div>
   <div class='ocr_carea' id='block_1_122' title="bbox 2138 5596 3603 5667">
    <p class='ocr_par' dir='ltr' id='par_1_122' title="bbox 2138 5596 3603 5667">
     <span class='ocr_line' id='line_1_125' title="bbox 2138 5596 3603 5667; baseline 0 -18"><span class='ocrx_word' id='word_1_887' title='bbox 2138 5596 2490 5667; x_wconf 84' lang='lat' dir='ltr'><strong>putabantur.</strong></span> <span class='ocrx_word' id='word_1_888' title='bbox 2601 5665 2611 5667; x_wconf 22' lang='grc'><strong><em>4</em></strong></span> <span class='ocrx_word' id='word_1_889' title='bbox 3115 5660 3153 5667; x_wconf 40' lang='grc' dir='ltr'><strong>λ</strong></span> <span class='ocrx_word' id='word_1_890' title='bbox 3292 5661 3301 5667; x_wconf 94' lang='lat'><em>_</em></span> <span class='ocrx_word' id='word_1_891' title='bbox 3504 5658 3516 5667; x_wconf 87' lang='lat'><strong>_</strong></span> <span class='ocrx_word' id='word_1_892' title='bbox 3593 5656 3603 5666; x_wconf 34' lang='grc' dir='ltr'>θ</span> 
     </span>
    </p>
   </div>
   <div class='ocr_carea' id='block_1_123' title="bbox 2207 5658 3702 5736">
    <p class='ocr_par' dir='ltr' id='par_1_123' title="bbox 2207 5658 3702 5736">
     <span class='ocr_line' id='line_1_126' title="bbox 2207 5658 3702 5736; baseline -0.006 -17"><span class='ocrx_word' id='word_1_893' title='bbox 2207 5666 2320 5736; x_wconf 81' lang='lat' dir='ltr'><strong>(ll)</strong></span> <span class='ocrx_word' id='word_1_894' title='bbox 2354 5666 2555 5721; x_wconf 81' lang='lat' dir='ltr'><strong>Muent.</strong></span> <span class='ocrx_word' id='word_1_895' title='bbox 2600 5665 2636 5719; x_wconf 92' lang='lat' dir='ltr'><strong>l.</strong></span> <span class='ocrx_word' id='word_1_896' title='bbox 2696 5678 2747 5717; x_wconf 91' lang='lat' dir='ltr'><strong>c.</strong></span> <span class='ocrx_word' id='word_1_897' title='bbox 2776 5677 2830 5731; x_wconf 91' lang='lat' dir='ltr'><strong>p.</strong></span> <span class='ocrx_word' id='word_1_898' title='bbox 2884 5660 2987 5715; x_wconf 68' lang='grc'><strong>145</strong></span> <span class='ocrx_word' id='word_1_899' title='bbox 3016 5677 3062 5716; x_wconf 92' lang='lat' dir='ltr'><strong>s.</strong></span> <span class='ocrx_word' id='word_1_900' title='bbox 3112 5660 3463 5715; x_wconf 64' lang='lat' dir='ltr'><strong>Praemissum</strong></span> <span class='ocrx_word' id='word_1_901' title='bbox 3504 5658 3702 5727; x_wconf 83' lang='lat' dir='ltr'><strong>legitur</strong></span> 
     </span>
    </p>
   </div>
   <div class='ocr_carea' id='block_1_124' title="bbox 2136 5737 2427 5807">
    <p class='ocr_par' dir='ltr' id='par_1_124' title="bbox 2136 5737 2427 5807">
     <span class='ocr_line' id='line_1_127' title="bbox 2136 5737 2427 5807; baseline -0.01 -16"><span class='ocrx_word' id='word_1_902' title='bbox 2136 5737 2427 5807; x_wconf 80' lang='grc' dir='ltr'>Θεοδωρου.</span> 
     </span>
    </p>
   </div>
   <div class='ocr_carea' id='block_1_125' title="bbox 2216 5803 3189 5879">
    <p class='ocr_par' dir='ltr' id='par_1_125' title="bbox 2216 5803 3189 5879">
     <span class='ocr_line' id='line_1_128' title="bbox 2216 5803 3189 5879; baseline -0.007 -18"><span class='ocrx_word' id='word_1_903' title='bbox 2216 5803 2326 5879; x_wconf 61' lang='lat' dir='ltr'><strong>(te)</strong></span> <span class='ocrx_word' id='word_1_904' title='bbox 2354 5808 2436 5866; x_wconf 84' lang='lat' dir='ltr'><strong>Ct.</strong></span> <span class='ocrx_word' id='word_1_905' title='bbox 2469 5804 2676 5862; x_wconf 84' lang='lat' dir='ltr'><strong>&#39;I‘hcod.</strong></span> <span class='ocrx_word' id='word_1_906' title='bbox 2710 5805 2779 5862; x_wconf 88' lang='lat' dir='ltr'><strong>ad</strong></span> <span class='ocrx_word' id='word_1_907' title='bbox 2802 5803 2961 5862; x_wconf 75' lang='lat' dir='ltr'><strong>Joan.</strong></span> <span class='ocrx_word' id='word_1_908' title='bbox 2994 5819 3069 5865; x_wconf 68' lang='grc' dir='ltr'>χι,</span> <span class='ocrx_word' id='word_1_909' title='bbox 3104 5803 3189 5855; x_wconf 69' lang='lat' dir='ltr'><strong>5t.</strong></span> 
     </span>
    </p>
   </div>
  </div>
