4124 6240
447 249 546 305 727

1537 256 1886 313 ΤΙΙΕΟΟΟΒΙ
1927 254 2405 312 ΜΟΡΞΠΕΞΤΙΞΝΙ

3578 252 3681 309 728

442 365 523 419 illi
555 366 867 433 credentes,
883 368 1250 424 salvarentur.
1280 368 1571 425 Manifeste
1597 386 1728 425 vero
1759 369 2007 425 Herodes
2037 424 2039 430 .

2121 371 2281 441 τούτῳ
2305 369 2481 441 ζητῶν
2505 387 2556 422 τι
2592 368 2774 439 θαῦμα
2791 409 2805 434 ,
2836 367 2949 420 ἀλλ’
2976 367 3051 430 ὡς
3086 364 3342 437 μεμηνὼς
3369 364 3492 419 κατ’
3518 365 3681 419 αὐτοῦ

442 458 585 511 hanc
615 459 686 513 ob
733 474 953 515 causam
982 462 1191 516 nullum
1224 464 1474 531 quaesivit
1521 464 1869 528 miraculum,
1913 462 2011 517 sed

442 550 519 605 illi
550 552 724 606 iratus
746 552 1119 623 indignatione
1143 553 1365 627 dignum
1392 556 1597 625 aliquid
1615 555 1797 611 videre
1814 570 2010 626 exspe-

441 644 627 694 ctavit.
668 641 786 695 Non
826 644 971 697 enim
1018 655 1274 717 tanquam
1307 651 1605 711 insontem,
1638 647 1768 700 licet
1818 654 1878 699 ut
1910 645 2012 698 im-

442 740 718 801 potentem
753 749 879 788 eum
923 746 1225 805 sperneret,
1258 740 1445 796 Jesum
1490 738 1719 803 dimisit,
1764 740 1861 793 sed
1914 739 2009 793 mi-

442 821 589 875 litari
624 838 745 877 eum
775 834 925 879 veste
970 829 1222 894 induens,
1261 832 1415 886 misit
1470 830 1538 884 ad
1574 830 1833 894 Pilatum,
1868 845 2010 900 quo-

443 927 588 978 cum,
619 924 825 967 remota
872 919 1200 987 suspicione,
1267 921 1658 977 reconciliatus
1694 929 1831 985 erat,
1882 936 2008 975 cum

444 1003 603 1058 hoste
634 1016 797 1077 atque
825 1008 1050 1065 inimico
1080 1014 1308 1082 potitus,
1341 1028 1463 1068 eum
1488 1013 1636 1069 velut
1668 1013 1875 1066 hostem
1905 1013 2010 1065 im-

443 1101 718 1164 potentem
747 1106 1134 1157 contemneret.

2114 462 2206 516 καὶ
2253 462 2399 525 ἄξιον
2441 460 2609 531 ὀργῆς
2650 477 2701 512 τι
2745 457 3040 515 θεάσασθαι
3083 456 3415 529 προσδοκῶν.
3463 456 3538 509 Οὐ
3574 456 3680 529 γὰρ

2113 555 2285 609 ἀθῶον
2314 551 2543 622 ἀφῆκεν,
2566 552 2766 623 καίπερ
2793 551 3208 619 καταφρονήσας
3230 548 3302 612 ὡς
3332 548 3496 618 μηδὲν
3525 548 3678 618 ποιῆ-

2114 666 2201 700 σαι
2247 645 2560 716 δυνάμενον,
2607 642 2741 696 mea:
2790 639 3184 712 στρατιωτικὴν
3242 637 3404 692 αὐτὸν
3454 636 3678 700 ὲνδύσας

2113 737 2315 806 ἐσθῆτα
2358 732 2650 802 ἀπέπεμψε
2697 730 2774 801 τῷ
2819 730 3033 799 Πιλάτῳ
3063 728 3213 797 φίλος
3241 726 3562 796 γενόμενος,
3604 726 3677 789 ὡς

2115 828 2449 895 ἀπαλλαγεὶς
2479 825 2708 895 ὑποψίας
2750 824 2842 877 καὶ
2873 823 3150 893 κρατήσας
3180 818 3371 890 ἐχθροῦ
3401 819 3494 871 καὶ
3524 817 3681 872 πολε-

2119 920 2264 990 μίου,
2287 914 2648 983 ὲξουδενώσας
2669 914 2827 967 αὐτὸν
2854 914 2930 975 ῶς
2954 911 3145 983 ἐχθρὸν
3170 909 3364 981 μηκέτι
3384 926 3435 962 τι
3462 909 3683 979 ποιῆσαι

2114 1011 2432 1079 δυνάμενον.

2792 1277 2965 1295 Μ

1286 1410 1913 1505 THEODORI
2004 1409 2837 1504 MOPSUESTENI

878 1606 963 1669 IN
992 1604 1520 1673 EVANGELIUM
1575 1605 1909 1668 JOANNIS
1956 1604 2525 1676 COMMENTARII
2579 1604 3083 1677 FRAGMENTA
3132 1602 3241 1683 (1).

1026 1886 1445 1946 PROCEMIUM.

531 1999 662 2056 Post
724 1998 942 2054 Domini
1002 2000 1057 2055 in
1122 2003 1292 2058 cmlos
1359 2004 1778 2070 ascensionem,

451 2103 696 2164 tempore
739 2094 997 2164 discipuli
1057 2094 1417 2167 Jerosolymis
1467 2100 1790 2154 commorati
1849 2110 2010 2165 sunt,

452 2183 663 2239 vicinas
704 2184 954 2239 civitates
996 2185 1261 2241 obeuntes
1288 2227 1303 2251 ,
1338 2196 1391 2241 et
1425 2186 1629 2244 Judaeis
1668 2190 2017 2258 potissimum

452 2276 814 2346 prazdieantes
836 2316 852 2342 ,
888 2277 1061 2333 donec
1093 2294 1323 2350 magnus
1356 2281 1449 2337 ille
1475 2280 1699 2345 Paulus,
1747 2282 2018 2337 instinctu

464 2368 662 2423 divinae
712 2371 902 2439 gratia:
952 2369 1018 2423 ad
1065 2371 1241 2439 palam
1290 2373 1545 2442 gentibus
1610 2372 2017 2442 praedicandum

455 2469 769 2531 segregatus
818 2461 935 2515 fuit.
997 2460 1283 2533 Temporis
1338 2473 1521 2520 autem
1587 2480 1878 2536 progressu
1937 2464 2020 2518 di-

455 2554 579 2606 vina
617 2553 792 2622 gratia
847 2567 975 2607 suos
1013 2555 1395 2624 praedicatores
1442 2565 1596 2625 parte
1625 2557 1806 2625 aliqua
1864 2565 2019 2611 terra:

454 2644 707 2699 concludi
750 2645 973 2700 minime
1012 2648 1363 2715 permittens,
1414 2648 1644 2703 diversis
1689 2664 1783 2703 eos
1816 2647 2020 2703 muniis

456 2736 524 2791 ad
569 2744 776 2791 remota
834 2738 951 2792 loca
1002 2737 1209 2793 eduxit.
1275 2738 1514 2794 Simonis
1571 2739 1838 2805 siquidem
1892 2752 2021 2807 pro-

457 2828 624 2884 fessio
696 2828 856 2883 beato
912 2828 1072 2883 Petro
1130 2828 1357 2883 Romam
1417 2830 1793 2898 proﬁciscendi
1857 2844 2018 2885 occa-

457 2919 666 2974 sionem
733 2917 919 2982 dedit,
974 2920 1131 2973 alteri
1177 2934 1305 2973 vero
1355 2920 1461 2974 alio
1512 2940 1527 2974 :
1577 2935 1683 2973 non
1723 2920 1868 2974 enim
1918 2921 2022 2975 ista

455 3008 775 3064 recensendi
845 3009 1008 3063 modo
1073 3017 1285 3079 tempus
1336 3019 1439 3065 est.
1495 3008 1586 3065 Sic
1640 3026 1804 3080 porro
1866 3012 2022 3066 beato

458 3115 676 3169 quoque
716 3099 913 3153 Joanni
943 3099 1190 3169 Ephesus
1221 3102 1413 3172 obtigit
1455 3102 1829 3167 inhabitanda,
1887 3106 2013 3158 uni-

456 3206 672 3244 versam
721 3190 919 3246 exinde
966 3192 1151 3245 Asiam
1220 3194 1564 3262 peragranti,
1624 3195 2023 3264 maximamque

456 3279 580 3345 ejus
623 3280 818 3336 incolis
856 3282 1243 3352 praedicatione
1298 3298 1396 3337 sua
1429 3285 1717 3339 utilitatem
1754 3284 2022 3340 aﬂerenti.

2702 1886 3105 1943 ΠΡΟΟΙΜΙΟΝ.

1854 2005 2019 2076 longo
2052 2012 2094 2066 Β
2194 2004 2346 2058 Μετὰ
2369 2003 2465 2075 τὴν
2499 2004 2572 2074 (2)
2608 2006 2686 2068 εἰς
2724 2006 2987 2076 οὐρανοὺς
3014 2004 3275 2075 ἀνάληψιν
3315 2002 3409 2057 τοῦ
3452 2005 3685 2074 Κυρίου,

2117 2096 2210 2148 ἐπὶ
2274 2094 2451 2164 πολλῷ
2496 2096 2592 2165 μὲν
2638 2098 2750 2159 τοῖς
2794 2096 3184 2166 Ἰεροσολύμοις
3241 2095 3572 2167 ἐνδιέτριψαν
3633 2098 3687 2147 οἱ

2126 2187 2364 2257 μαθηταὶ
2422 2186 2500 2255 τῷ
2560 2188 2768 2257 χρόνῳ,
2825 2188 2923 2250 τὰς
2968 2189 3194 2258 πλησίον
3249 2190 3687 2260 περινοστοῦντες

2119 2277 2297 2341 πόλεις
2332 2278 2423 2330 καὶ
2458 2278 2655 2347 μᾶλλον
2702 2282 2813 2343 τοῖς
2855 2280 3125 2343 Ἰουδαίοις
3150 2280 3514 2351 διαλεγόμενοι
3560 2282 3684 2352 περὶ

2120 2369 2213 2421 τοῦ
2272 2370 2642 2440 κηρύγματος,
2703 2371 2861 2441 μέχρι
2918 2372 3126 2436 Παῦλος
3171 2374 3200 2425 ὁ
3236 2373 3407 2443 μέγας
3455 2373 3558 2425 ὑπὸ
3587 2373 3689 2442 τῆς

2120 2461 2266 2523 θείας
2298 2462 2517 2532 χάριτος
2546 2463 2788 2532 ὲναχθεὶς
2830 2465 3075 2535 φανερῶς
3123 2466 3257 2537 πρὸς
3294 2466 3352 2518 τὸ
3372 2469 3484 2529 τοῖς
3507 2465 3691 2533 ἔθνεσι

2119 2553 2406 2622 κηρύττειν
2460 2554 2763 2626 ἀφωρίσθη.
2822 2556 2926 2609 Τοῦ
2975 2558 3031 2610 δὲ
3088 2558 3277 2628 χρόνου
3326 2557 3621 2628 προϐάντος
3649 2559 3692 2629 ἡ,

2121 2642 2237 2695 Θεία
2270 2644 2458 2713 χάρις,
2501 2645 2601 2697 οὐκ
2639 2646 2935 2716 ἀνεχομένη
2992 2649 3116 2710 τοὺς
3171 2647 3399 2709 οἰκείους
3441 2648 3684 2717 κήρυκας

2120 2736 2177 2786 ὲν
2225 2734 2378 2804 μέρει
2410 2736 2846 2806 περικεκλεῖσθαι
2880 2738 2978 2807 τῆς
3006 2741 3137 2808 γῆς,
3180 2739 3453 2809 διαφόροις
3482 2739 3689 2793 οἰκονοομ

2126 2826 2275 2896 μίαις
2305 2828 2499 2891 αὐτοὺς
2542 2829 2633 2881 ἐπὶ
2675 2830 2800 2893 τοὺς
2840 2831 3030 2900 πόρῤω
3058 2831 3254 2894 τόπους
3288 2830 3569 2900 ἐξήγαγεν.
3619 2827 3679 2879 Ἡ

2126 2919 2223 2990 μὲν
2253 2919 2360 2990 γὰρ
2382 2921 2621 2991 Σίμωνος
2651 2921 2926 2990 πρόφασις
2950 2921 3041 2974 τὸν
3072 2922 3334 2992 μακάριον
3361 2921 3562 2992 Πέτρον
3584 2916 3681 2986 τὴν

2125 3013 2216 3064 ἐπὶ
2256 3012 2470 3083 Ῥώμην
2501 3013 2617 3065 ὁδὸν
2646 3014 2971 3082 ποιήσασθαι
3020 3012 3455 3084 παρεσκεύαζεν,
3501 3012 3693 3078 ἓτερον.

2122 3104 2180 3157 δὲ
2224 3104 2423 3175 ἑτέρως
2448 3121 2462 3134 '
2513 3106 2574 3158 ού
2616 3105 2723 3177 γὰρ
2774 3104 2943 3159 ταῦτα
2984 3106 3079 3160 νῦν
3118 3105 3437 3173 καταλέγειν
3475 3101 3678 3171 καιρός.

2126 3195 2280 3247 Οὕτω
2309 3194 2372 3266 δὴ
2398 3197 2490 3248 καὶ
2517 3198 2545 3248 ὁ
2574 3196 2841 3267 μακάριος
2878 3196 3128 3267 Ἰωάννης
3145 3197 3283 3249 οἰκεῖ
3308 3195 3406 3266 τὴν
3432 3195 3682 3261 Ἔφεσον,

2128 3285 2344 3347 ἃπασαν
2376 3286 2642 3355 ἐφοδεύων
2683 3289 2783 3359 τὴν
2829 3287 3009 3340 Ἀσίαν
3053 3289 3148 3341 καὶ
3189 3285 3387 3356 πολλὴν
3420 3286 3527 3346 τοῖς
3569 3283 3685 3333 ἐκεῖ

457 3372 797 3443 Conscriptis
847 3375 1015 3445 igitur
1049 3374 1322 3445 editisque
1370 3384 1694 3431 cancrorum
1726 3377 2009 3446 evangeli-

2126 3376 2214 3430 διὰ
2244 3378 2352 3431 τῶν
2381 3379 2596 3432 οἰκείων
2641 3356 2813 3447 λόγων
2839 3380 2939 3449 τὴν
2984 3378 3249 3448 ὠφέλειαν
3295 3373 3679 3446 παρεχόμενοςσ

458 3477 667 3521 starum
705 3465 942 3522 Matthei
981 3474 1033 3522 et
1074 3467 1264 3532 Marci,
1303 3484 1515 3523 necnon
1555 3478 1612 3523 et
1651 3468 1813 3523 Lucae
1851 3468 2024 3523 Evan-

458 3556 636 3629 geliis,
677 3559 861 3613 statim
899 3559 1156 3615 omnibus
1190 3574 1287 3629 per
1322 3561 1511 3615 orbem
1547 3560 1801 3616 fidelibus
1836 3560 2024 3615 distri-

459 3650 613 3713 buta,
644 3658 699 3705 et
736 3650 805 3705 ab
838 3651 1032 3706 iisdem
1081 3667 1298 3724 magno,
1342 3652 1421 3706 uti
1454 3667 1553 3722 par
1580 3662 1720 3716 erat,
1748 3654 1932 3712 studio
1958 3666 2023 3707 ac

460 3742 724 3809 religione
764 3751 987 3812 accepta
1024 3750 1171 3799 sunt.
1202 3743 1405 3798 Verum
1446 3757 1573 3797 cum
1607 3742 1790 3797 ﬁdeles
1831 3743 2025 3797 Asiani

462 3833 680 3888 beatum
728 3832 991 3888 Joannem
1029 3836 1096 3889 ad
1148 3835 1503 3905 Evangelium
1542 3834 1933 3897 scribendum,
1970 3841 2026 3889 et

464 3925 798 3979 auctoritate
826 3940 890 3979 ae
924 3924 1027 3980 (ide
1060 3927 1274 3980 caneris
1303 3927 1618 3997 praeponere
1645 3926 2026 3981 existimarent

464 4019 547 4086 (ut
571 4016 665 4085 qui
695 4025 821 4069 ante
845 4014 1157 4070 Matthaeum
1188 4032 1312 4070 cum
1335 4016 1557 4072 Christo
1587 4016 1765 4070 fuerat
1789 4030 2022 4069 conver-

465 4117 616 4163 satus
643 4114 697 4161 et
731 4107 993 4175 majorem
1032 4107 1339 4163 dilectionis
1369 4122 1432 4161 ac
1473 4108 1663 4177 gratia:
1707 4106 2028 4176 praerogati-

465 4214 587 4263 vam
626 4198 959 4269 acceperat),
1004 4198 1175 4254 libros
1206 4198 1625 4267 Evangeliorum
1660 4200 1764 4269 ipsi
1804 4199 2021 4254 obtule-

465 4297 625 4353 runt,
661 4295 723 4344 ut
763 4288 884 4358 ejus
930 4288 995 4343 de
1021 4288 1155 4358 ipsis
1189 4288 1455 4357 judicium
1488 4290 1856 4359 explorarent.
1903 4290 2028 4359 Ipse

467 4393 647 4439 autem
675 4397 771 4438 eos
799 4388 860 4437 ut
882 4382 1096 4438 veritati
1118 4381 1340 4451 quidem
1383 4396 1659 4437 consonos
1677 4382 2023 4452 approbavit,

467 4474 733 4528 nonnulla
781 4482 962 4528 tamen
1002 4473 1138 4527 dixit
1168 4474 1238 4529 ah
1268 4475 1349 4530 eis
1397 4474 1769 4543 przetermissa
1819 4484 1875 4529 et
1901 4475 2028 4545 qui-

466 4563 589 4619 dem
614 4605 629 4629 ,
663 4579 784 4634 qua!
818 4562 886 4629 ad
915 4564 1279 4620 eruditionem
1329 4566 1574 4618 omnium
1623 4565 1739 4619 fere
1792 4564 2031 4623 maxime

465 4655 872 4718 conducerent,
927 4655 1211 4712 miracula.
1261 4656 1508 4711 Addebat
1548 4657 1773 4727 insuper
1812 4672 1936 4712 cum
1960 4655 2029 4712 de

465 4746 671 4801 Christi
703 4748 755 4800 in
786 4763 953 4802 carne
1005 4750 1243 4804 adventu
1281 4750 1697 4812 disseruissent,
1726 4765 1835 4803 non
1865 4764 2025 4819 opor-

466 4839 642 4894 tuisse
671 4853 891 4908 quoque
936 4837 1279 4895 divinitatem
1319 4841 1439 4911 ejus
1473 4841 1692 4896 silentio
1727 4841 2027 4911 praeterire,

466 4948 535 4987 ne
562 4933 819 5002 temporis
852 4947 1114 4988 successu
1146 4934 1399 4989 homines
1431 4935 1500 4989 iis
1520 4932 1790 4991 duntaxat
1817 4947 2030 4988 sermo-

468 5030 631 5085 nibus
681 5030 907 5096 assueti,
962 5031 1015 5085 id
1068 5040 1280 5086 tantum
1338 5032 1483 5102 quod
1514 5031 1809 5100 apparebat
1840 5027 2030 5083 crede-

2126 3470 2335 3523 Γίνεται
2380 3471 2559 3523 τοίνυν
2598 3472 2657 3523 ὲν
2690 3470 2897 3534 τούτοις
2935 3470 3045 3523 τῶν
3068 3470 3266 3524 λοιπῶν
3296 3464 3683 3534 εὐαγγελιστῶν

2125 3562 2353 3625 έκδοσις,
2381 3562 2658 3616 Ματθαίου
2686 3580 2743 3616 τε
2768 3564 2861 3616 καὶ
2880 3562 3130 3634 Μάρκου,
3158 3562 3237 3615 ἔτι
3264 3561 3368 3633 μὴν
3390 3559 3482 3613 καὶ
3501 3558 3685 3610 Λουκᾶ

2123 3651 2193 3705 τὰ
2209 3655 2380 3706 οἰκεῖα
2399 3651 2749 3721 γεγραφότων
2773 3651 3101 3719 Εὐαγγέλια,
3123 3650 3327 3721 διεδόθη
3356 3666 3414 3703 τε
3439 3648 3527 3700 καὶ
3550 3646 3688 3699 κατὰ

2125 3744 2303 3812 πάσης
2323 3745 2380 3796 ὲν
2402 3744 2599 3814 ἀκαρεῖ
2622 3743 2720 3813 τῆς
2748 3744 3069 3813 οἰκουμένης
3092 3742 3186 3795 καὶ
3219 3741 3322 3795 ὑπὸ
3350 3737 3453 3791 τῶν
3484 3736 3686 3790 πιστῶν

2126 3834 2486 3898 ἐσπουδάζετο
2517 3834 2730 3888 πάντων
2757 3834 2893 3904 μετὰ
2916 3834 3141 3901 πολλῆς,
3162 3830 3236 3895 ὡς
3261 3830 3423 3892 εἰκὸς,
3454 3828 3552 3898 τῆς
3571 3828 3685 3880 δια-

2127 3924 2345 3988 θέσεως.
2391 3924 2527 3979 Ἀλλ’
2559 3925 2610 3977 οί
2640 3925 2769 3995 περί
2801 3926 2898 3993 τὴν
2928 3924 3110 3978 Ἀσίαν
3153 3921 3353 3986 πιστοὶ,
3383 3918 3688 3985 ἀξιοπιστό-

2124 4034 2282 4087 τερον
2307 4018 2415 4071 τῶν
2442 4017 2640 4071 λοιπῶν
2674 4019 2752 4080 είς
2778 4018 2876 4087 τὴν
2899 4015 2994 4069 τοῦ
3020 4014 3347 4085 Εύαγγελίου
3384 4012 3699 4084 μαρτυρίαν

2139 4106 2390 4177 Ἰωάννην
2412 4108 2692 4177 κρίναντες
2721 4105 2858 4161 εἶναι
2878 4107 2969 4161 τὸν
3001 4108 3285 4179 μακάριον,
3315 4105 3391 4170 ὡς
3425 4104 3518 4159 καὶ
3546 4104 3687 4159 ἄνω·

2128 4200 2219 4255 θεν
2251 4200 2400 4270 αὐτῷ
2443 4200 2666 4255 συνόντα
2717 4201 2810 4255 καὶ
2858 4201 2963 4271 πρὸ
2998 4200 3277 4257 Ματθαίου
3321 4198 3414 4253 καὶ
3451 4196 3689 4259 πλείονος

2126 4292 2213 4346 διὰ
2233 4293 2329 4361 τὴν
2348 4292 2567 4363 ἀγάπην
2594 4293 2693 4363 τῆς
2719 4292 2937 4363 χάριτος
2961 4291 3361 4353 ἀπολαύσαντα¹
3391 4291 3690 4363 προσήνεγ-

2127 4399 2230 4441 καν
2261 4383 2360 4453 μὲν
2391 4383 2539 4455 αὐτῷ
2563 4383 2661 4447 τὰς
2706 4384 2941 4453 βίϐλους,
2974 4383 3165 4454 μαθεῖν
3190 4384 3379 4452 ἥντινα
3437 4382 3566 4452 περὶ
3590 4381 3689 4435 αὑ-

2127 4476 2234 4539 τῶν
2281 4474 2393 4546 ἔχει
2438 4475 2535 4544 τὴν
2578 4474 2735 4539 δόξαν
2787 4477 2915 4545 παρ’
2960 4474 3124 4530 αὑτοῦ
3163 4474 3490 4545 βουλόμενοι.
3542 4474 3600 4525 '0
3632 4473 3689 4525 δὲ

2128 4566 2357 4638 ἐπῄνεσε
2404 4567 2502 4636 μὲν
2530 4568 2629 4637 τῆς
2656 4566 2912 4637 ἀληθείας
2943 4569 3070 4631 τοὺς
3102 4566 3472 4637 γεγραφότας,
3521 4564 3689 4635 ἔφησε

2060 4707 2103 4762 D
2131 4657 2188 4711 δὲ
2212 4657 2416 4728 βραχέα
2439 4658 2538 4727 μὲν
2560 4660 2741 4723 αὐτοῖς
2761 4656 3180 4729 παραλελεῖφθαι
3205 4657 3298 4711 καὶ
3322 4656 3429 4711 τῶν
3457 4656 3691 4727 μάλιστα

2130 4749 2439 4818 ἀναγκαίων
2470 4749 2721 4818 λεχθῆναι
2751 4749 3042 4821 θαυμάτων
3055 4749 3124 4803 τὰ
3144 4748 3492 4803 διδασκαλικὰ
3516 4748 3689 4802 ἅπαν-

2128 4855 2195 4890 τα
2250 4838 2465 4910 μικροῦ.
2510 4836 2646 4898 Εἶτα
2680 4841 2773 4892 καὶ
2806 4840 2914 4893 δεῖν
2951 4840 3149 4907 ἔφασκε
3183 4840 3309 4902 τοὺς
3344 4839 3474 4910 περὶ
3502 4839 3599 4907 τῆς
3632 4841 3689 4891 ὲν
3721 4841 3735 4910 ς

2130 4932 2291 5002 σαρκὶ
2307 4931 2606 5002 παρουσίας
2620 4932 2715 4985 τοῦ
2734 4933 2777 4985 Χ
2788 4932 2969 5003 ριστοῦ
2986 4932 3394 5003 διαλεγομένους
3416 4931 3549 5002 μηδὲ
3565 4932 3688 4993 τοὺς

2127 5023 2255 5092 περὶ
2284 5022 2379 5093 τῆς
2420 5022 2671 5093 θεότητος
2709 5023 2901 5093 λόγους
2940 5025 3285 5094 παραλιπεῖν,
3318 5024 3457 5077 ὥστε
3492 5025 3565 5095 μὴ
3594 5023 3686 5076 τοῦ

3724 4956 3735 5037 l

467 5132 611 5177 rent.
668 5122 910 5192 Rogatus
970 5133 1054 5180 est
1119 5125 1302 5194 itaque
1352 5098 1383 5177 ξι
1444 5098 1729 5186 fratribus,
1796 5129 1855 5178 ut
1910 5137 2030 5191 quae

2127 5115 2313 5187 χρόνου
2346 5115 2725 5186 προϐαίνοντος
2762 5117 2968 5179 τούτοις
2988 5114 3355 5179 ἐνεθισθέντας
3382 5119 3491 5179 τοῖς
3513 5117 3689 5183 λόγοις
3721 5098 3730 5204 ξ

468 5214 703 5267 maxime
753 5216 818 5268 ad
865 5217 1232 5271 eruditionem
1280 5217 1592 5270 necessaria
1631 5214 1924 5284 judicaret,
1974 5220 2029 5268 et

2133 5210 2259 5272 τοὺς
2294 5208 2611 5281 ἀνθρώπους
2654 5208 2811 5262 τοῦτο
2844 5208 2999 5279 μόνον
3052 5208 3212 5261 αὑτὸν
3261 5207 3500 5279 νομίζειν
3554 5210 3690 5279 ὅπερ
3724 5212 3731 5233 ⁸

470 5320 501 5359 a
530 5305 743 5359 caeteris
782 5309 1150 5363 praetermissa
1184 5316 1453 5371 cerneret,
1486 5307 1782 5377 diligenter
1816 5306 2025 5374 scripto

538 5458 617 5527 ti)
649 5456 818 5529 Hujus
840 5461 1215 5514 commentarii
1248 5458 1541 5529 fragmenta
1578 5457 1767 5529 Crarca
1800 5474 1919 5529 qua:
1946 5474 2025 5513 se-

470 5535 712 5599 quuntur
768 5528 880 5582 fere
920 5532 1111 5599 omnia
1167 5532 1417 5599 leguntur
1475 5530 1528 5582 in
1560 5528 1763 5583 Catena
1803 5528 2021 5582 Patrum

471 5597 777 5669 Graecorum
814 5599 867 5651 in
914 5597 971 5651 S.
1017 5597 1277 5655 Joannoin
1318 5616 1382 5653 ex
1425 5600 1808 5669 antiquissimo
1837 5599 2025 5653 Graeco

474 5666 659 5721 codice
716 5682 818 5722 ms.
874 5683 1017 5723 nunc
1066 5673 1296 5738 primum
1339 5671 1393 5733 in
1435 5666 1608 5731 luceiu
1641 5671 1877 5728 edita—
1904 5683 2028 5724 -—a

2138 5302 2406 5372 ἐφαίνετο.
2469 5303 2591 5355 Ἐπὶ
2646 5300 2854 5364 τούτοις
2907 5300 3248 5370 παράκλησις
3294 5300 3405 5356 τῶν
3451 5300 3688 5370 ἀδελφῶν

2084 5483 2091 5491 ·
2131 5456 2446 5514 Baltliasare
2475 5455 2735 5511 Corderio
2781 5451 3148 5521 Antverpiano
3182 5451 3239 5506 S.
3267 5451 3316 5509 «Ι.
3348 5452 3502 5521 s._th.
3541 5449 3691 5521 D_.Aet

2131 5528 2185 5579 in
2202 5529 2342 5582 alma
2365 5526 2654 5581 Viennensi
2688 5523 2836 5578 univ.
2868 5520 2955 5591 Pr.
2980 5518 3288 5591 Antverpia:
3316 5518 3472 5585 1630,
3502 5521 3537 5575 f.
3572 5518 3689 5574 Sin-

2131 5599 2272 5669 gulis
2300 5597 2514 5669 pratiixa
2548 5603 2674 5649 sunt
2702 5610 2750 5645 ν.
2775 5589 3044 5663 Θεοδώρου
3076 5589 3468 5663 Μοψουεστέας.

2204 5667 2278 5738 (2)
2306 5667 2465 5723 Cord.
2503 5673 2608 5721 cat.
2640 5677 2867 5735 prooem.
