4124 6240
383 315 488 375 729
1561 320 1627 375 1N
1663 306 2109 379 EVANGELIUM
2147 318 2453 377 JOANNIS’.

3518 326 3642 381 730»

378 437 616 507 ἐγένετο,
654 434 825 490 ταῦτα
848 436 883 491 ἃ
910 436 1145 507 μάλιστα
1171 440 1444 508 ἀναγκαία
1486 440 1584 509 μὲν
1616 440 1789 511 κρίνει
1817 441 1953 509 πρὸς

2058 441 2373 506 mandaret,
2407 438 2552 509 quod
2585 448 2641 494 et
2676 438 2826 494 fecit.
2868 438 3021 495 Unde
3056 438 3244 495 statim
3302 438 3354 492 in
3392 440 3621 494 exordio

376 526 744 592 διδασκαλίαν,
800 529 1272 602 παραλελειμμένα
1325 532 1380 585 δὲ
1438 533 1541 604 ὁρᾷ
1590 536 1702 596 τοῖς
1747 534 1951 596 λοιποῖς

2058 532 2119 588 de
2143 533 2432 587 divinitate
2460 540 2717 587 accurate
2750 532 3014 589 disseruit
3049 551 3061 585 :
3101 534 3230 587 hinc
3270 533 3622 606 Evangelium

376 621 584 692 γράψαι
623 620 761 690 μετὰ
805 621 1062 691 σπουδῆς,
1107 622 1135 675 ὃ
1182 623 1246 693 δὴ
1297 623 1391 677 καὶ
1442 624 1763 694 πεποίηκεν.
1788 625 1951 679 Ὅθεν

2058 625 2371 678 necessario
2449 624 2845 693 auspicandum
2914 634 3097 690 ratus,
3170 639 3233 679 ac
3308 624 3503 678 deinde
3555 624 3624 678 ad

378 711 507 764 εὐθὺ
545 711 644 781 μὲν
677 712 771 764 καὶ
819 710 877 775 ἐξ
904 712 1077 782 ἀρχῆς
1121 714 1247 780 περ).
1290 713 1396 767 τῶν
1424 714 1523 776 τῆς
1554 713 1800 783 θεότητος
1835 717 1951 783 ἑφι-

2058 717 2449 771 incarnationis
2517 731 2651 784 opus
2702 716 3010 780 transiens,
3070 732 3253 771 rerum
3319 730 3348 769 a
3394 715 3626 770 Domino

377 802 641 874 λοσόφησε
683 804 999 873 δογμάτων,
1048 804 1252 874 ταύτην
1293 805 1596 873 ἀναγκαίαν
1627 806 1823 877 κρίνων
1854 806 1948 859 τοῦ

2058 809 2322 863 dictarqu
2348 810 2432 863 vel
2461 820 2737 878 gestarum
2767 824 2873 863 non
2906 809 3051 862 aliud
3085 818 3279 878 praeter
3318 810 3420 862 hoc
3452 810 3626 863 veris-

377 894 709 963 Εὑαγγελίου
757 896 974 948 ἔσεσθαι
1022 896 1119 964 τὴν
1169 897 1364 967 ἀρχὴν,
1412 898 1506 950 καὶ
1542 897 1683 950 οὕτω
1726 900 1817 951 ἐπὶ
1852 898 1949 969 τὴν

2058 903 2254 957 simum
2289 918 2412 959 esse
2454 903 2785 972 principium
2828 910 3172 971 perspectum
3207 903 3417 957 habens

378 984 683 1054 οἰκονομίαν
715 983 975 1054 μεταϐὰς,
1005 986 1124 1037 τότε
1153 987 1245 1039 καὶ
1269 986 1430 1048 αὐτὸς
1453 988 1579 1056 περὶ
1613 986 1703 1039 τοῦ
1736 988 1942 1059 Κυρίου
1980 990 2276 1062 λεχθέντων
2305 993 2339 1063 ἢ
2368 995 2666 1063 γεγονότων
2695 995 2791 1064 οὐχ
2817 995 3009 1065 ἑτέραν
3037 993 3179 1061 τινὰ,
3243 994 3357 1047 ἀλλ’
3391 993 3425 1058 ἢ
3498 990 3626 1047 ταύ·

377 1090 477 1143 την
508 1074 663 1138 εἰδὼς
693 1071 858 1129 οὖσαν
895 1076 1265 1149 ἀληθεστάτην
1298 1080 1492 1150 ἀρχὴν.

979 1170 1230 1223 ΚΕΦΑΛ.
1274 1172 1354 1225 A’.

448 1258 592 1328 Στίχ.
624 1265 693 1327 γ’.
738 1290 812 1300 -
858 1261 1014 1325 Τινὲς
1045 1262 1143 1332 μὲν
1168 1258 1260 1317 οὖν
1287 1263 1366 1333 (1)
1406 1264 1579 1328 οὕτως
1611 1264 1949 1333 ἀνέγνωσαν,

384 1350 456 1401 '0
479 1349 722 1420 γέγονεν
746 1352 815 1405 ἐν
846 1353 1025 1421 αὐτῷ,
1052 1354 1170 1407 ἀντὶ
1194 1355 1311 1421 τοῦ,
1339 1355 1412 1409 δι’
1441 1357 1647 1423 αὑτοῦ,
1680 1356 1952 1423 λέγοντες·

380 1439 507 1503 Πῶς
529 1442 584 1494 δὲ
612 1443 709 1496 οὐκ
734 1443 926 1515 εὔηθες
942 1440 1029 1516 ἦν,
1051 1448 1100 1499 εί
1124 1445 1279 1499 τοῦτο
1304 1446 1495 1517 ἔμελλε
1523 1448 1699 1516 λέγειν
1724 1450 1752 1501 ό
1778 1449 1956 1517 Εὐαγ-

380 1535 657 1605 γελιστὴς,
692 1536 765 1601 ὦς
794 1555 845 1591 τι
874 1538 1138 1593 διδάσκων
1169 1542 1316 1611 ἡμᾶς
1348 1542 1528 1595 καινὸν
1567 1543 1661 1595 καὶ
1698 1544 1811 1606 τοῖς
1854 1542 1951 1595 ἁν-

386 1623 626 1696 θρώποις
654 1630 959 1698 ἀγνωστον;
996 1634 1062 1685 Ὅ
1092 1632 1194 1685 κᾶν
1231 1632 1259 1683 ὁ
1303 1633 1481 1703 τυχὼν
1516 1636 1688 1688 εἰπεῖν
1719 1633 1949 1704 ἐδυνήθη

385 1720 481 1771 καὶ
510 1719 637 1789 περὶ
659 1721 928 1791 τυχόντος·
940 1723 1125 1791 Χωρὶς
1146 1725 1333 1780 αὑτοῦ
1351 1725 1585 1794 ἐγένετο
1597 1725 1737 1778 οὐδὲ
1750 1725 1819 1779 ἒν
1833 1725 1951 1779 τῶν

383 1809 459 1868 δι’
486 1810 670 1865 αὐτοῦ
698 1814 1043 1882 γεγονότων.
1086 1815 1201 1878 Πᾶς
1238 1817 1345 1886 γὰρ
1392 1817 1638 1869 ὁστισοῦν
1686 1818 1779 1870 καὶ
1825 1816 1955 1887 περὶ
1985 1795 2027 1850 Β

383 1904 582 1967 παντὸς
610 1904 769 1958 τοῦτο
794 1909 927 1977 ἐρεῖ,
956 1908 1185 1978 ἐπείπερ
1212 1908 1368 1979 δῆλον
1392 1908 1467 1972 ὡς
1499 1909 1591 1962 ἐπὶ
1619 1910 1818 1973 παντὸς
1846 1909 1955 1965 τῶν

382 1997 411 2050 ὅ
433 2014 487 2049 τι
519 1999 646 2050 ποτὲ
691 1998 1171 2070 διαπραττομένων
1204 2003 1303 2055 οὐκ
1346 2002 1411 2055 ἂν
1441 2002 1584 2056 εἴποι
1615 2020 1698 2065 τις
1732 2003 1953 2073 ἑτέρως,

383 2089 417 2157 ἢ
462 2090 543 2141 ὅτι
609 2090 731 2144 Τῶν
770 2092 845 2144 δι’
888 2092 1075 2146 αὐτοῦ
1118 2094 1453 2164 γενομένων
1513 2093 1693 2149 οὐδὲν
1749 2094 1956 2164 γέγονε

384 2181 563 2249 χωρὶς
612 2176 822 2235 αὑτοῦ.
880 2184 1036 2246 Τινὲς
1090 2185 1146 2249 δὲ
1201 2186 1402 2255 ἑτέρως
1438 2185 1790 2253 ἀνέγνωσαν·
1844 2187 1953 2240 Kal

384 2271 562 2339 χωρὶς
594 2273 777 2327 αὐτοῦ
809 2275 1042 2343 ἐγένετο
1072 2276 1214 2330 οὐδὲ
1256 2276 1326 2330 ἓν
1351 2294 1364 2307 ·
1418 2272 1569 2332 alter
1616 2280 1684 2331 Ὃ
1713 2281 1959 2349 γέγονεν

384 2363 455 2415 ἐν
482 2362 640 2430 αὐτῷ
669 2364 781 2433 ζωὴ
814 2362 893 2436 ἦν
915 2384 927 2396 ·
976 2367 1143 2421 πολλὰ
1176 2368 1284 2440 γὰρ
1313 2369 1557 2440 ἀμέτοχα
1600 2368 1745 2441 ζωῆς
1787 2373 1953 2435 ἑστιν,

384 2454 460 2517 ὡς
494 2455 565 2524 γῆ
597 2458 686 2508 καὶ
715 2455 835 2527 ὅρη.
868 2456 1056 2511 Ἔστιν
1088 2455 1179 2512 οὖν
1216 2459 1390 2533 πλοκὴ
1418 2462 1510 2515 καὶ
1539 2460 1831 2531 βεϐαίωσις
1862 2463 1957 2516 τοῦ

384 2550 649 2618 προτέρου
690 2566 702 2580 ·
757 2545 875 2604 εἶτα
916 2551 1008 2605 καὶ
1049 2553 1081 2621 ἡ
1128 2536 1413 2623 σαφήνεια.
1462 2552 1649 2606 Εἰπὼν
1690 2553 1819 2624 γὰρ,
1874 2554 1959 2607 ὅτι

385 2639 589 2693 Πάντα
640 2640 715 2693 δι’
760 2641 944 2695 αὑτοῦ
995 2642 1256 2712 ἐγένετο,
1304 2644 1569 2715 ἐπήγαγε*
1620 2646 1730 2699 Καὶ
1779 2647 1958 2714 χωρὶς

385 2732 569 2784 αὐτοῦ
611 2732 751 2785 οὐδέ
786 2732 853 2786 ἓν
887 2733 917 2787 ὃ
944 2734 1207 2805 reg-orer,
1247 2736 1492 2790 τουτέστι
1537 2739 1630 2791 καὶ
1676 2739 1957 2808 συντόμως

386 2822 577 2885 εἰπεῖν,
624 2823 786 2877 Οὐδὲν
818 2824 931 2879 τῶν
955 2827 1255 2894 γεγονότων
1285 2828 1411 2882 ἄνευ
1446 2830 1609 2883 αὐτοῦ
1643 2832 1953 2902 γεγένηται,

391 2912 553 2985 μόνου
578 2913 668 2966 τοῦ
698 2916 906 2984 Πατρὸς
938 2918 1177 2992 ὑπεξῃρη
1189 2920 1345 2990 μένου
1371 2922 1470 2992 τῆς
1495 2922 1657 2974 αὐτοῦ
1691 2926 1959 2993 ποιήσεως
1992 2918 1995 2925 ’

388 3004 487 3064 σὺν
518 3003 595 3074 τῷ
624 3007 761 3075 ἁγίῳ
792 3008 1083 3079 Πνεύματι,
1120 3011 1415 3084 ἐπειδήπερ
1440 3014 1527 3067 ἀεὶ
1556 3014 1727 3068 συνὼν
1753 3017 1956 3079 αὐτοῖς,

388 3094 615 3202 εἰκότως
658 3098 749 3149 καὶ
794 3099 935 3153 κατὰ
973 3101 1071 3171 τὴν
1095 3100 1205 3156 τῶν
1230 3102 1364 3157 ὅλων
1388 3103 1743 3176 δημιουργίαν
1772 3108 1954 3171 αὐτοῖς
1981 3148 2024 3206 C

388 3186 771 3255 κεκοινώνηκε.

462 3280 628 3333 Τοῦτο
666 3276 817 3335 εἶπεν
856 3282 930 3354 (2)
963 3283 1050 3338 διὰ
1079 3284 1295 3339 πάντων
1336 3284 1615 3358 βουληθεὶς
1651 3288 1821 3354 δεῖξαι
1856 3288 1955 3361 (5),

388 3375 472 3427 ὅτι
503 3368 656 3437 οὗτος
684 3376 769 3427 ἀεὶ
797 3376 958 3446 συνῆν
996 3376 1072 3446 τῷ
1104 3378 1299 3449 Πατρὶ,
1332 3379 1407 3442 ὡς
1434 3381 1615 3449 ὅμοιος
1648 3381 1746 3451 τὴν
1774 3382 1958 3449 φύσιν,

390 3466 466 3531 ὡς
511 3467 759 3531 κοινωνὸς
804 3469 901 3539 τῆς
946 3467 1324 3541 δημιουργίας,
1360 3472 1435 3536 ὡς
1483 3471 1657 3527 συνὼν
1707 3474 1806 3544 μὲν
1848 3477 1957 3539 ἀεὶ,

391 3560 863 3629 συνεργασάμενος
887 3559 943 3612 δὲ
969 3561 1057 3614 ὅτε
1089 3561 1193 3615 ἔδει
1218 3563 1467 3630 γενέσθαι
1494 3565 1561 3620 τὰ
1590 3565 1738 3620 ὄντα.
1769 3567 1960 3636 Σαφῶς

388 3652 448 3707 δὲ
491 3650 708 3719 ἔδειξεν,
752 3653 838 3705 ὅτι
871 3652 951 3719 τὸ,
1003 3652 1075 3706 δι’
1115 3655 1322 3721 αὑτοῦ,
1368 3657 1428 3709 οὐ
1468 3658 1741 3722 διακονίας
1777 3660 1961 3713 ἕνεκεν

390 3746 542 3817 αὐτῷ
572 3749 763 3808 κεῖται,
795 3746 929 3799 ἀλλὰ
949 3749 1260 3818 συνεργείας
1286 3766 1300 3781 ·
1348 3750 1557 3811 καὶτοῦ
1595 3752 1759 3823 μηδὲν
1790 3752 1961 3822 ὑφεξ-

393 3839 662 3910 αιρεῖσθαι
708 3840 804 3910 τῆς
856 3839 1018 3903 αὑτοῦ
1070 3842 1338 3911 ποιήσεως
1380 3841 1487 3895 τῶν
1547 3843 1870 3911 γεγονότων,
1902 3844 1964 3898 τὸ

392 3934 693 4000 ἐπαγαγεῖν
715 3946 729 3960 ’
773 3932 883 3986 Kal
923 3932 1102 4001 χωρίς
1140 3935 1324 3988 αὐτοῦ
1362 3934 1597 4004 ἐγένετο
1629 3934 1772 3989 οὐδὲ
1812 3934 1901 4003 ἒν,
1930 3935 1962 3990 ὃ

391 4023 641 4094 γέγονεν
669 4024 766 4095 (ι).
1090 4034 1103 4063 ε

466 4113 611 4183 Στίχ.
647 4114 708 4167 δ’.
756 4144 823 4154 -
865 4113 969 4167 Ἐν
1003 4113 1077 4184 (5)
1132 4114 1291 4179 αὐτῷ
1334 4114 1444 4185 ζωὴ
1496 4112 1607 4186 ἦν’
1661 4117 1782 4171 ἀντὶ
1829 4115 1961 4181 τοῦ,

394 4205 638 4274 Πηγάζει
665 4204 762 4277 τὴν
812 4203 1045 4276 ζωτικὴν
1080 4206 1327 4276 δύναμιν,
1372 4208 1447 4269 ὡς
1483 4208 1557 4277 μὴ
1612 4208 1771 4278 μόνον
1802 4208 1963 4261 αὑτὸν

394 4298 516 4368 ζῇν,
544 4296 677 4349 ἀλλὰ
725 4296 820 4349 καὶ
853 4297 1028 4361 ζῶντα
1062 4302 1255 4363 ποιεῖν,
1286 4300 1420 4371 ὅπερ
1448 4300 1543 4352 καὶ
1577 4295 1645 4370 ἦν
1670 4300 1962 4354 ἀκόλουθον

392 4389 473 4459 τῷ
492 4429 508 4452 ,
548 4390 650 4442 Kal
678 4389 853 4459 χωρίς
883 4391 1066 4445 αὐτοῦ
1096 4391 1331 4459 ἐγένετο
1367 4391 1509 4446 οὐδὲ
1536 4392 1606 4445 ἓν
1634 4391 1664 4445 ὃ
1699 4392 1959 4462 γέγονεν.

2719 1168 2872 1224 CAP.
2906 1167 2950 1223 l.

2123 1261 2288 1318 Vens.
2315 1262 2369 1317 5.
2388 1262 2754 1331 —Legerunt
2787 1261 3009 1332 quidem
3033 1262 3239 1331 plures,
3267 1265 3405 1333 quod
3428 1266 3637 1335 factum.

2053 1362 2127 1407 est
2160 1354 2215 1407 in
2246 1356 2383 1423 ipso,
2416 1369 2515 1423 pro
2540 1369 2632 1423 per
2658 1355 2849 1422 ipsum,
2876 1354 3122 1410 dicentes
3148 1370 3161 1407 :
3190 1355 3291 1420 Qui
3313 1369 3492 1412 autem
3518 1375 3628 1414 non

2052 1455 2201 1503 esset
2219 1442 2516 1501 ridiculum
2539 1486 2554 1511 ,
2588 1446 2635 1501 si
2678 1446 2753 1499 ita
2784 1447 3055 1516 loquendo
3089 1445 3438 1517 Evangelista
3464 1490 3477 1510 ,
3525 1467 3641 1507 nos.

2054 1554 2169 1597 rem
2214 1554 2412 1596 novam
2460 1547 2515 1593 et
2568 1539 2887 1595 hominibus
2924 1541 3162 1611 ignotam
3206 1543 3403 1598 docere
3448 1544 3629 1599 inten-

2054 1631 2228 1689 derit?
2259 1631 2353 1687 Vel
2386 1631 2579 1686 obvius
2604 1631 2837 1700 quisque
2865 1641 2919 1686 et
2955 1632 3023 1686 de
3055 1634 3216 1688 obvio
3243 1649 3460 1704 quoque
3484 1635 3627 1689 idem

2054 1738 2303 1780 asserem
2371 1723 2640 1793 potuisset
2685 1742 2697 1777 :
2769 1724 2896 1778 Sine
2954 1726 3068 1793 ipso
3126 1725 3324 1794 factum
3375 1736 3451 1781 est
3496 1727 3631 1780 nihil

2054 1829 2234 1866 eorum
2259 1829 2375 1883 qua:
2405 1830 2497 1882 per
2557 1815 2730 1884 ipsum
2762 1814 2907 1884 facta
2946 1826 3088 1870 sunt.
3117 1816 3251 1871 Nam
3281 1820 3510 1889 quilibet
3542 1821 3630 1875 vel

2055 1903 2121 1960 de
2171 1905 2415 1972 quolibet
2466 1905 2609 1960 idem
2659 1906 3029 1976 proﬁtebitur,
3078 1923 3200 1963 cum
3246 1920 3503 1980 appareat
3560 1912 3630 1967 de

2055 1996 2248 2064 quovis
2300 2011 2414 2051 rem
2460 2012 2848 2067 quamcunque
2907 2000 3224 2068 perﬁcientc
3267 2002 3455 2056 eadem
3499 2002 3629 2069 dici,

2056 2085 2256 2139 Eorum
2284 2103 2401 2156 qua:
2436 2104 2526 2156 per
2554 2090 2723 2156 ipsum
2759 2089 2899 2159 facta
2928 2101 3049 2144 sunt
3077 2093 3207 2144 nihil
3238 2094 3348 2146 sine
3378 2094 3490 2160 ipso
3520 2094 3633 2161 fac-

2058 2185 2167 2229 tum
2186 2186 2285 2234 est.
2316 2178 2550 2243 Quidam
2570 2188 2751 2235 autem
2772 2184 2930 2235 aliter
2957 2182 3224 2250 legerunt,
3254 2198 3380 2236 nam
3410 2184 3587 2252 primo
3612 2203 3629 2240 :

2058 2267 2126 2321 Et
2147 2271 2260 2324 sine
2286 2272 2398 2339 ipso
2424 2272 2625 2339 factum
2642 2282 2719 2327 est
2741 2274 2894 2338 nihil,
2914 2283 2968 2327 et
2989 2274 3187 2329 deinde
3213 2292 3226 2325 :
3255 2275 3406 2341 Quod
3430 2276 3648 2344 factum

2056 2370 2131 2417 est
2158 2362 2212 2414 in
2238 2362 2350 2429 ipso
2384 2363 2493 2417 vita
2535 2372 2683 2428 erat;
2727 2364 2898 2418 multa
2928 2365 3073 2420 enim
3112 2366 3225 2419 vita
3277 2376 3499 2431 carent,
3545 2369 3625 2422 uti

2058 2462 2206 2510 terra
2263 2466 2317 2511 et
2372 2464 2606 2511 montes.
2662 2455 2788 2511 Haec
2832 2458 3001 2527 igitur
3058 2457 3419 2527 praacedentia
3476 2474 3631 2513 com-

2056 2548 2262 2617 plicant
2315 2556 2369 2603 et
2426 2548 2787 2616 conﬁrmant,
2835 2550 2944 2602 imo
3001 2557 3055 2604 et
3121 2550 3418 2604 elucidant.
3492 2549 3628 2603 Nam

2058 2646 2183 2709 post
2211 2641 2319 2704 illa,
2360 2640 2549 2695 Omnia
2577 2656 2668 2709 per
2689 2642 2857 2708 ipsum
2881 2641 3026 2710 facta
3049 2651 3194 2707 sunt,
3227 2642 3395 2707 addit,
3425 2641 3493 2695 Et
3520 2644 3634 2697 sine

2060 2733 2172 2801 ipso
2198 2732 2330 2785 nihil
2349 2732 2487 2801 quod
2510 2732 2733 2800 factum,
2765 2732 2870 2787 hoc
2893 2743 2975 2788 est
3002 2741 3061 2786 ut
3085 2746 3199 2787 uno
3218 2735 3385 2789 verbo
3407 2735 3624 2804 loquar,

2059 2823 2206 2878 Nihil
2228 2840 2415 2879 eorum
2443 2841 2565 2895 quae
2599 2826 2741 2881 facta
2773 2835 2900 2880 sunt
2936 2826 3003 2880 ab
3025 2826 3134 2880 alio
3159 2826 3303 2881 facta
3335 2837 3483 2892 sunt,
3520 2829 3627 2883 nisi

2060 2916 2198 2972 forte
2228 2932 2258 2970 a
2288 2916 2450 2972 Patre
2489 2918 2610 2987 ejus
2640 2927 2693 2973 et
2722 2918 2929 2987 Spiritu
2976 2928 3208 2986 sancto;
3244 2936 3369 2974 nam
3406 2921 3631 2991 quando

2060 3008 2129 3062 ab
2163 3009 2241 3064 eis
2276 3023 2556 3078 nunquam
2579 3009 2865 3071 dividitur,
2904 3019 2957 3063 et
2985 3025 3168 3064 rerum
3196 3011 3442 3066 omnium
3469 3027 3628 3067 crea-

2060 3102 2268 3157 tionem
2299 3116 2412 3156 una
2442 3117 2566 3157 cum
2590 3101 2671 3156 cis
2705 3107 2962 3171 operetur
2999 3110 3237 3172 oportet.

2129 3282 2246 3337 Hoc
2274 3281 2445 3343 dixit,
2476 3288 2537 3336 ut
2572 3296 2669 3351 per
2700 3281 2816 3336 haec
2842 3283 3024 3336 omnia
3060 3279 3411 3336 conﬁrmaret
3436 3281 3629 3336 Filium

2060 3390 2277 3446 semper
2308 3375 2500 3429 adesse
2526 3372 2683 3445 Patri
2709 3413 2724 3437 ,
2768 3381 2827 3428 ut
2864 3375 2957 3444 qui
2996 3374 3240 3444 ejusdem
3279 3376 3350 3429 sit
3389 3384 3619 3438 naturae,

2059 3480 2113 3526 et
2145 3483 2374 3524 consors
2413 3467 2774 3536 Operationis,
2805 3482 3022 3537 semper
3044 3469 3264 3538 quidem
3309 3470 3359 3523 ei
3402 3470 3623 3524 coexsi-

2061 3570 2246 3626 stens,
2287 3572 2589 3628 cooperans
2628 3572 2761 3612 vero
2813 3573 2938 3613 cum
2988 3558 3312 3629 expediebat
3376 3560 3630 3616 universa

2062 3651 2315 3724 produci.
2364 3651 2523 3705 Clare
2573 3657 2755 3705 autem
2797 3652 3073 3713 ostendit,
3107 3652 3276 3715 illud,
3311 3668 3403 3721 per
3428 3653 3626 3719 ipsum,

2062 3746 2130 3801 de
2160 3760 2226 3800 eo
2253 3760 2361 3798 non
2400 3743 2695 3799 ministerii
2726 3758 2917 3811 causa,
2953 3744 3047 3799 sed
3073 3744 3478 3815 cooperationis
3508 3761 3630 3815 gra-

2061 3838 2140 3891 tia
2197 3836 2404 3891 dictum
2455 3850 2617 3901 esse,
2678 3843 2735 3890 et
2794 3851 2863 3891 ne
2905 3835 3038 3905 quid
3099 3851 3281 3891 rerum
3328 3838 3398 3891 ab
3450 3839 3629 3909 ipsius

2064 3928 2424 3983 fabricatione
2476 3926 2830 3991 eximeretur,
2862 3926 3187 3996 adjunctum
3222 3936 3275 3983 et
3319 3927 3459 3983 illud
3499 3948 3512 3983 :
3555 3928 3626 3983 Et

2063 4024 2176 4078 sine
2207 4024 2320 4089 ipso
2349 4020 2549 4088 factum
2581 4019 2840 4084 estnihil,
2883 4020 3022 4089 quod
3058 4021 3262 4091 factum
3290 4031 3388 4076 est.

2135 4111 2303 4167 Vens.
2340 4111 2393 4166 4.
2424 4139 2495 4152 -
2528 4109 2595 4165 In
2619 4111 2733 4179 ipso
2762 4110 2872 4165 vita
2895 4121 3029 4166 erat.
3053 4113 3325 4178 Quoniam
3348 4114 3458 4167 vim
3486 4113 3625 4167 vivi-

2063 4203 2219 4257 ﬁcam
2294 4201 2424 4255 facit
2474 4203 2775 4265 scaturire,
2842 4205 2915 4257 ita
2963 4212 3021 4257 ut
3079 4219 3189 4259 non
3242 4204 3421 4259 solum
3475 4205 3626 4257 vivat

2062 4296 2219 4364 ipse,
2279 4312 2466 4351 verum
2529 4297 2691 4349 etiam
2748 4295 2871 4350 aliis
2928 4296 3093 4349 vitam
3155 4304 3395 4365 praestet.
3466 4295 3624 4351 Unde

2064 4389 2315 4457 sequitur
2344 4405 2360 4441 :
2390 4387 2460 4440 Et
2494 4389 2607 4441 sine
2638 4389 2751 4455 ipso
2791 4389 2989 4456 factum
3034 4398 3111 4442 est
3164 4389 3301 4443 nihil
3331 4388 3467 4459 quod
3507 4389 3622 4458 fac-

409 4479 658 4549 Ἐποίησε
675 4479 801 4550 γὰρ,
833 4481 986 4550 φησι,
1004 4481 1072 4533 τὰ
1091 4482 1238 4543 ὅντα,
1270 4480 1529 4552 πηγάζων
1558 4481 1653 4553 τὴν
1678 4481 1843 4552 ζωὴν,
1869 4482 1961 4535 καὶ

2068 4488 2177 4533 ιιιηι
2208 4487 2308 4535 est.
2344 4477 2498 4533 Fecit
2523 4480 2693 4544 enim,
2741 4480 2940 4549 inquit,
2980 4482 3182 4543 omnia,
3214 4480 3384 4534 vitam
3426 4496 3624 4551 suppe-

393 4570 455 4624 οὐ
482 4571 713 4639 παράγει
731 4568 887 4638 μόνον
909 4570 1097 4640 φύσεις
1124 4570 1326 4635 ἁπλῶς,
1358 4570 1493 4625 ἀλλὰ
1519 4570 1626 4643 γὰρ
1658 4572 1749 4624 καὶ
1783 4571 1962 4637 ζῶσας

395 4678 560 4714 ποιει.

480 4755 625 4807 Ἀντί⁵
663 4755 792 4809 τοῦ·
845 4756 992 4827 Αὐτὴ
1041 4756 1286 4826 μέντοιή
1335 4756 1392 4809 ἑν
1436 4754 1583 4826 αὐτῷ
1629 4754 1855 4829 δύναμις
1896 4758 1957 4811 οὐ

395 4848 675 4913 ζωοποιεῖν
718 4850 875 4921 μόνον
919 4850 1096 4920 ἱκανὴ,
1136 4848 1270 4902 ἀλλὰ
1301 4849 1394 4902 καὶ
1428 4848 1679 4916 γνώσεως
1720 4849 1958 4920 πληροῦν

393 4940 491 5002 τὰς
524 4940 631 4993 τῶν
662 4940 961 5011 ἀνθρώπων
992 4942 1189 5011 ψυχάς.

467 5031 615 5100 Στίχ.
648 5039 721 5096 ς’.
749 5063 815 5073 --
842 5033 1228 5104 Μετεληλυθὼς
1258 5032 1330 5101 (6)
1369 5032 1555 5086 λοιπὸν
1585 5034 1676 5085 ἐπὶ
1704 5033 1801 5101 τὴν
1834 5034 1955 5085 ἑπι-

394 5121 622 5191 φάνειαν
646 5122 738 5176 τοῦ
768 5125 918 5190 Υίοῦ,
952 5126 1072 5179 τίνα
1106 5126 1171 5179 ἂν
1201 5118 1356 5194 εὗρεν
1382 5124 1552 5194 ἀρχὴν
1586 5122 1796 5193 ἑτέραν,
1824 5124 1856 5193 ἢ
1889 5123 1957 5177 τὰ

393 5212 538 5279 κατά
558 5213 647 5265 τὸν
683 5214 961 5285 Ἰωάννην;
992 5217 1106 5284 Ἀφ’
1135 5209 1195 5270 οὗ
1220 5214 1597 5286 γνωρίζεσθαι,
1626 5214 1771 5274 ὅστις
1798 5208 1865 5283 ἦν
1899 5213 1958 5277 ὃς

392 5305 493 5375 τὴν
526 5305 696 5376 ἀρχὴν
729 5305 964 5370 ἐδέξατο.

470 5482 546 5552 (l)
566 5482 637 5536 Ex
658 5482 916 5536 Vaticana
934 5482 1135 5552 Evang.
1151 5483 1584 5553 catenaedAng.
1602 5482 1773 5535 Maius
1801 5483 1945 5537 Scri-

392 5563 529 5622 ptor.
561 5562 680 5615 rell.
710 5569 841 5607 nova
874 5554 1097 5616 collect.,
1125 5562 1163 5606 t.
1197 5553 1305 5622 l,p.
1332 5552 1456 5607 225.
1491 5554 1581 5621 qui
1615 5570 1666 5622 p.
1696 5554 1800 5608 575
1819 5572 1950 5607 con-

395 5621 522 5693 ferri
553 5623 706 5689 jubet
752 5623 895 5693 hunc
941 5625 1114 5676 locum
1140 5621 1382 5677 Gnecum
1426 5638 1546 5693 ('lllll
1584 5621 1777 5679 Latino
1805 5625 1945 5693 apud

393 5692 776 5764 Combellsium
812 5692 949 5747 Bibl.
992 5695 1248 5760 conciam,
1275 5694 1316 5758 1,
1352 5709 1405 5764 p.
1433 5692 1557 5749 281.

466 5762 727 5833 (τωρωι.
770 5773 874 5820 cat.
907 5780 957 5833 ιι.
1000 5765 1081 5816 t'l.

2064 4575 2266 4637 (litans,
2319 4572 2395 4627 ita
2446 4582 2502 4627 ut
2553 4589 2662 4628 non
2711 4583 2939 4628 naturas
2980 4574 3247 4627 duntaxat
3304 4575 3625 4645 simpliciter

2063 4666 2357 4737 producat,
2392 4665 2489 4722 sed
2517 4667 2681 4721 etiam
2718 4667 2975 4721 viviﬁcet.

2135 4758 2409 4824 Quoniam
2444 4758 2635 4814 eadem
2673 4758 2730 4812 in
2767 4758 2885 4826 ipso
2915 4758 3112 4822 virtus,
3141 4773 3250 4811 non
3280 4755 3621 4811 viviﬁcandis

2059 4851 2235 4907 solum
2268 4851 2565 4905 animabus
2590 4850 2895 4913 hominum,
2922 4866 3110 4904 verum
3146 4850 3312 4905 etiam
3352 4851 3499 4903 omni
3529 4862 3621 4900 co-

2059 4942 2305 5011 gnitione
2336 4942 2459 4995 illas
2493 4941 2805 4996 imbuendis
2839 4942 3055 4997 abunde
3082 4942 3309 4998 sufﬁcit.

2128 5034 2289 5090 Vens.
2313 5033 2439 5087 6.-—
2459 5034 2725 5089 Caeterum
2757 5034 2823 5088 ad
2846 5032 2969 5087 Filii
3001 5034 3397 5103 apparitionem
3428 5038 3613 5082 trans-

2054 5132 2207 5193 iens,
2270 5130 2528 5199 quidnam
2595 5125 2745 5180 aliud
2805 5126 3137 5196 principium
3195 5122 3401 5177 invenit
3452 5134 3613 5189 quam

2054 5218 2187 5272 illud
2238 5216 2539 5272 secundum
2584 5214 2886 5268 Joannem?
2944 5213 3097 5267 Unde
3148 5214 3270 5265 licet
3317 5209 3616 5277 intelligere

2053 5310 2178 5379 quis
2206 5309 2278 5363 sit
2308 5308 2401 5378 qui
2442 5307 2773 5377 principium
2806 5307 3037 5375 accepit.

2126 5483 2200 5551 (ὅ)
2232 5481 2297 5537 V.
2326 5483 2491 5549 δεῖξαι
2527 5484 2578 5536 in
2610 5490 2799 5536 catena
2834 5498 2941 5535 non
2974 5477 3185 5548 legitur.

2126 5554 2202 5621 (4)
2234 5552 2351 5606 Cat.
2388 5570 2439 5621 p.
2472 5553 2555 5617 16,
2583 5554 2612 5607 ὃ
2644 5552 2879 5619 ἐγένετο.

2125 5627 2200 5697 (5)
2226 5623 2387 5697 C_urd_.
2420 5633 2524 5678 cat.
2567 5624 2739 5697 p._l_8,
2772 5622 2858 5677 19.

2128 5692 2203 5764 ιθ)
2232 5692 2394 5751 Cord.
2416 5702 2521 5751 cat.
2544 5692 2595 5765 ις.
2612 5693 2702 5747 at.
