4096 6234
423 263 521 324 751

1615 268 1965 326 THEODORI
2000 270 2482 328 ΜΟΡΞΙΙΕΒΤΕΝΙ

3573 270 3678 326 732

494 384 554 439 In
591 383 879 454 (i)mundo
902 394 1037 451 erat,
1071 394 1120 441 et
1152 384 1375 440 mundus
1405 403 1497 456 per
1516 402 1631 441 eum
1658 387 1833 455 factus
1861 404 1959 453 est,
1991 400 2039 443 et
2066 391 2290 444 mundus
2313 405 2432 444 eum
2461 405 2563 444 non
2591 388 2850 460 cognovit,
2884 387 3077 444 dicens
3102 387 3413 443 venientem
3436 386 3493 442 in
3528 387 3679 442 hunc

427 477 692 531 mundum
730 479 797 533 de
854 478 1082 533 Domino
1121 479 1343 534 Christo
1378 480 1517 534 bene
1549 479 1761 547 intulit,
1799 478 1866 534 In
1907 481 2101 537 mundo
2127 492 2263 547 erat,
2299 490 2358 537 ut
2404 481 2719 538 ostenderet
2744 481 2874 551 quia
2903 479 3214 537 venientem
3249 480 3317 533 ad
3343 479 3680 535 manifesta-

426 570 635 626 tionem
676 573 884 627 retulit.
918 572 1248 631 Substantia.
1280 577 1426 631 enim
1458 583 1512 632 et
1551 584 1751 630 natura
1793 586 1915 632 erat
1947 578 2001 632 in
2045 579 2270 644 mundo,
2308 578 2505 649 inquit,
2545 587 2601 634 et
2626 586 2809 634 antea.
2840 578 2905 633 Et
2936 577 3103 634 veluti
3149 576 3253 632 hoc
3280 592 3473 647 parum
3510 586 3678 642 esset,

429 662 636 727 intulit,
665 663 895 719 Mundus
925 683 1016 736 per
1040 683 1154 721 eum
1186 668 1360 736 factus
1380 677 1457 723 est
1492 683 1510 721 :
1537 668 1642 722 hoc
1675 679 1779 735 est,
1816 670 1958 737 Quid
1976 671 2177 725 mirum
2212 672 2403 727 sierat
2422 671 2479 725 in
2502 669 2729 735 mundo,
2759 669 2860 741 qui
2888 686 2999 725 non
3027 678 3197 732 esset;
3225 669 3333 724 nisi
3359 670 3453 724 ille
3475 669 3683 725 voluise

430 758 690 812 setib‘ed
728 766 1051 814 tamenerat
1080 761 1299 831 quidem
1359 761 1413 815 in
1445 761 1650 816 mundo
1698 771 1755 817 et
1787 771 1965 829 antea,
1997 772 2054 817 et
2090 763 2221 819 fecit
2247 764 2409 819 etiam
2460 764 2723 819 mundum
2757 763 2895 834 ipse,
2931 762 2999 816 Et
3034 764 3261 817 mundus
3292 778 3411 818 eum
3452 778 3559 817 non
3602 779 3686 817 cae

428 852 626 919 gnovit.
658 850 799 906 Bene
833 852 922 906 hic
953 854 1021 907 Et
1042 871 1145 908 non
1179 857 1415 925 cognovit
1443 842 1602 922 dixit,
1634 858 1781 911 velut
1812 859 1857 912 si
1882 856 2092 911 diceret
2117 873 2223 912 non
2255 865 2630 928 cognoverunt
2657 858 2941 927 proprium
2968 856 3280 911 Dominum.

501 942 669 999 Vens.
702 944 876 1000 10.—
904 945 1031 1002 Post
1064 948 1155 1002 illa
1190 950 1352 1003 verba
1391 968 1404 1003 :
1453 949 1747 1005 Venientem
1781 952 1837 1005 in
1864 950 2000 1004 hunc

2169 951 2318 1022 Στίχ.
2370 957 2421 1004 ι’.
2452 982 2522 991 ~—
2575 950 2760 1004 Εἰπὼν
2801 950 2879 1021 (2)
2926 949 3028 1018 τὸ,
3073 950 3438 1019 Ἐρχόμενον
3461 951 3550 1017 είς
3578 950 3688 1005 τὸν

434 1035 710 1101 mundum,
743 1036 811 1091 de
839 1036 1068 1093 Domino
1098 1039 1219 1109 ejus
1244 1040 1464 1095 Christo
1487 1050 1636 1096 recte
1673 1042 1962 1112 snbjunxit
1986 1060 2000 1097 :

432 1126 500 1181 In
528 1127 723 1183 mundo
758 1138 907 1194 erat,
946 1140 1002 1184 ut
1042 1131 1353 1187 declararet
1403 1133 1537 1187 illud
1575 1135 1859 1188 venientem
1890 1134 2007 1189 dic-

432 1225 550 1273 tum
603 1236 728 1276 esse
777 1231 1001 1302 propter
1053 1224 1239 1279 carnis
1283 1226 1809 1280 manifestationem.
1868 1225 2004 1281 Nam

435 1312 739 1368 secundum
781 1314 1104 1386 bypostasin
1129 1357 1144 1383 ,
1182 1316 1403 1386 inquit,
1438 1332 1505 1373 ac
1540 1328 1797 1373 naturam
1824 1334 2005 1382 suam,

433 1404 599 1457 etiam
636 1412 797 1459 antea
851 1406 904 1460 in
940 1406 1143 1460 mundo
1186 1416 1305 1459 erat
1331 1447 1346 1473 ,
1380 1408 1503 1477 ipso
1532 1409 1789 1465 videlicet
1829 1397 2009 1464 adhuc

439 1495 791 1566 imperfecto,
826 1498 968 1553 unde
1009 1502 1295 1565 subiunxit
1335 1522 1345 1554 :
1379 1500 1449 1556 Et
1476 1502 1702 1557 mundus
1721 1520 1813 1572 per
1836 1504 2009 1574 ipsum

437 1588 612 1658 factus
670 1599 768 1645 est.
839 1590 1005 1657 Quasi
1052 1593 1201 1644 dicat
1243 1613 1252 1645 :
1292 1594 1494 1662 Ecquid
1552 1595 1788 1661 mirum,
1850 1597 1897 1652 si
1951 1596 2009 1651 in

436 1683 644 1738 mundo
670 1689 826 1749 erat,
869 1685 962 1753 qui
990 1686 1215 1738 omnino
1265 1703 1376 1740 non
1413 1687 1611 1744 fuisset
1636 1727 1652 1754 ,
1691 1689 1798 1744 nisi
1826 1689 2010 1759 ipsum

436 1790 562 1831 esse
595 1775 864 1832 voluisset
889 1777 912 1830 ?

508 1866 1079 1924 Vens.i5.—Uberem
1099 1885 1233 1925 sane
1252 1887 1307 1925 se
1331 1871 1779 1941 suscipientibus
1798 1888 2013 1929 merce-

438 1957 562 2013 dem
590 1959 868 2015 retribuit.
888 1960 1133 2018 Primum
1161 1966 1435 2034 siquidem
1473 1966 1884 2035 maximumque
1914 1966 2013 2020 bo-

438 2066 597 2116 num,
628 2052 855 2109 honoris
892 2055 1297 2124 quodammodo
1340 2058 1426 2113 sui
1473 2058 1587 2115 illis
1645 2058 1879 2125 largitus
1933 2067 2014 2112 est

437 2148 831 2216 aequalitatem,
854 2149 1021 2219 paulo
1037 2150 1252 2205 scilicet
1268 2166 1371 2206 suo
1387 2151 1681 2216 minorem,
1709 2151 1890 2222 qualis
1910 2151 2015 2221 ipsi

2105 1045 2357 1114 κόσμον,
2382 1045 2507 1115 περὶ
2531 1043 2624 1097 τοῦ
2652 1044 2920 1097 Δεσπότου
2946 1042 3182 1114 Χριστοῦ
3207 1042 3387 1106 καλῶς
3407 1043 3688 1114 ἐπήγαγεν

2104 1138 2182 1203 τὸ,
2227 1138 2321 1192 Ἐν
2344 1137 2424 1203 τῷ
2451 1140 2656 1207 κόσμῳ
2686 1134 2786 1207 ἦν,
2820 1137 2960 1190 ὥστε
2989 1136 3179 1203 δεῖξαι,
3204 1136 3291 1193 ,ὅτι
3322 1136 3405 1201 τὸ,
3446 1137 3690 1205 ἐρχόμε-

2107 1247 2240 1295 νον,
2284 1229 2420 1302 πρὸς
2446 1231 2545 1299 τὴν
2572 1229 2657 1282 διὰ
2692 1228 2888 1298 σαρκὸς
2920 1224 3072 1281 εἶπεν
3100 1229 3428 1299 φανέρωσιν.
3465 1229 3544 1298 Τῇ
3577 1228 3689 1298 γὰρ

2113 1321 2434 1383 ὑποστάσει,
2469 1322 2622 1391 φησι,
2649 1323 2743 1375 καὶ
2775 1324 2840 1392 τῇ
2876 1321 3035 1389 φύσει
3063 1317 3133 1391 ἦν
3164 1323 3222 1374 ὲν
3247 1320 3325 1391 τῷ
3358 1320 3569 1390 κόσμῳ,
3594 1320 3692 1373 καὶ

2108 1414 2215 1485 πρὸ
2259 1412 2469 1477 τούτου,
2503 1414 2706 1477 καιὼς
2746 1414 2843 1467 καὶ
2870 1412 3062 1466 τούτου
3106 1412 3303 1483 μικροῦ
3351 1430 3496 1477 τινος
3539 1412 3693 1476 ὄντος

2109 1508 2357 1576 ἐπήγαγε
2379 1522 2390 1533 ’
2416 1504 2521 1559 Καὶ
2546 1507 2578 1558 ό
2598 1505 2824 1573 κόσμος
2845 1503 2919 1556 δι’
2934 1505 3010 1557 αὑ
3020 1502 3126 1557 τοῦ
3142 1503 3398 1572 ἐγένετοο
3421 1502 3695 1567 τουτέστι,

2109 1598 2219 1650 Καὶ
2242 1596 2293 1649 τί
2322 1594 2651 1665 θαυμαστὸν,
2683 1596 2732 1647 εί
2761 1590 2827 1665 ἦν
2858 1594 2916 1645 ὲν
2949 1593 3034 1665 τῷ
3055 1593 3265 1664 κόσμῳ,
3292 1593 3351 1656 ὃς
3377 1592 3477 1646 οὐκ
3510 1591 3577 1646 ἀν
3602 1588 3694 1663 ἦν,

2112 1688 2160 1740 εί
2193 1686 2269 1758 μὴ
2292 1688 2508 1749 ἐκεῖνος
2536 1684 2803 1756 ἐϐουλήθη
2831 1702 2846 1749 ;

2185 1865 2335 1935 Στίχ.
2372 1871 2461 1934 ιγ’.
2497 1892 2581 1903 -ν
2604 1864 2718 1917 Οὐκ
2744 1862 2968 1934 ἀκερδὲς
3003 1862 3078 1932 ('5)
3119 1862 3182 1917 τὸ
3211 1864 3443 1934 πρᾶγμα
3477 1864 3696 1933 ἐγένετο

2112 1959 2224 2020 τοῖς
2258 1955 2571 2027 δεξαμένοις
2603 1954 2788 2009 αὐτόν.
2820 1954 2893 2007 Τὸ
2920 1954 3026 2025 γὰρ
3058 1952 3273 2024 πρῶτον
3308 1955 3401 2008 καὶ
3426 1955 3697 2024 τμέγιστον

2114 2049 2636 2120 ἀγαθὸννὲχαρίσατο
2662 2049 2760 2119 τὴν
2791 2048 2927 2119 πρὸς
2959 2048 3147 2101 ἑαυτὸν
3188 2046 3459 2119 ἰσοτιμίαν
3496 2050 3696 2121 μικροῦ
3724 2098 3727 2099 ,

2115 2142 2363 2205 δεδωκὼς
2391 2144 2512 2196 καθ’
2544 2143 2667 2195 ὅσον
2694 2137 2761 2212 ἦν
2793 2144 2850 2194 ὲν
2880 2141 3098 2210 ἐξουσίᾳ
3129 2139 3295 2212 ἔχειν,
3321 2141 3422 2212 τῆς
3450 2142 3698 2213 υίότητος

440 2252 674 2306 capaces
688 2248 863 2305 erant,
886 2237 1170 2296 ﬁliationis
1194 2256 1290 2297 eos
1313 2256 1544 2297 munere
1573 2241 1830 2297 donando
1862 2260 1875 2296 :
1908 2256 2015 2312 qua

2129 2237 2214 2307 τὴν
2243 2233 2540 2289 ἀπόλαυσιν
2566 2235 2748 2296 αὐτοῖς
2781 2233 3164 2303 χαρισάμενος,
3188 2227 3255 2305 ἦς
3284 2234 3563 2304 ἀπήλαυον
3594 2234 3697 2306 (4),

440 2330 616 2401 gratia
669 2329 943 2397 fruuntur,
986 2346 1092 2387 non
1138 2333 1442 2388 secundum
1498 2334 1799 2389 naturalem
1851 2348 2016 2405 gene-

441 2419 677 2476 rationis
739 2421 990 2477 ordinem
1063 2424 1434 2493 corporaliter
1490 2423 1868 2487 renascendo,
1919 2422 2017 2477 sed

447 2513 634 2567 divina
683 2513 931 2579 virtute,
987 2530 1085 2586 per
1143 2515 1564 2572 similitudinem
1609 2514 1903 2587 quamdam
1962 2523 2018 2571 et

442 2604 757 2660 affinitatem
789 2606 1154 2677 spiritualitet‘
1191 2607 1486 2676 procreati.

514 2697 727 2753 Etenim
763 2697 926 2762 Deus,
957 2698 1221 2753 charitate
1256 2700 1449 2768 plenus
1483 2713 1613 2769 erga
1651 2698 1903 2753 homines
1935 2702 2019 2748 at-

444 2805 552 2861 que
574 2789 874 2857 beneficus,
925 2805 1031 2845 non
1071 2791 1146 2856 vi,
1206 2806 1307 2845 nec
1350 2791 1701 2853 necessitate,
1762 2789 2020 2846 suasione

445 2891 628 2938 autem
685 2899 751 2937 ac
794 2882 1187 2939 benefaciendo
1229 2899 1422 2939 omnes
1483 2883 1550 2937 ad
1592 2884 1773 2953 ipsum
1825 2883 2016 2937 traxit.

446 2976 653 3046 Itaque,
712 2990 834 3030 eum
889 2976 1151 3041 venisset,
1200 2977 1293 3030 alii
1347 2992 1473 3033 eum
1528 2983 1879 3047 receperunt,
1926 2978 2020 3032 alii

447 3080 580 3120 vero
605 3080 735 3120 non.
776 3065 1034 3122 Homines
1063 3067 1213 3121 enim
1242 3068 1485 3137 quidem,
1522 3085 1648 3123 cum
1680 3079 1905 3141 propter
1930 3088 2023 3128 ne—

448 3157 758 3214 cessitatem
788 3158 985 3215 domus
1015 3159 1378 3215 ministerium
1411 3162 1726 3227 instituunt,
1756 3166 1849 3235 qui
1886 3180 2012 3221 con-

448 3246 598 3301 ducti
634 3257 760 3303 sunt
785 3263 983 3318 magno
1029 3265 1257 3305 numero
1302 3250 1419 3321 lege
1466 3250 1668 3307 domini
1706 3254 2023 3326 astringun-

450 3346 559 3395 tur.
591 3338 736 3396 Deus
765 3350 951 3395 autem
978 3357 1084 3395 non
1116 3342 1365 3413 indigens
1393 3344 1603 3414 aliquo,
1642 3356 1863 3417 propter
1918 3363 2018 3404 no-

450 3442 621 3488 stram
648 3433 880 3490 salutem
910 3450 1041 3489 vero
1062 3436 1246 3489 omnia
1278 3448 1466 3506 agens,
1500 3438 1662 3508 hujus
1712 3456 1811 3495 nos
1844 3440 2024 3495 domi-

452 3539 556 3580 nos
587 3524 736 3579 facit.
767 3525 908 3591 Quid
936 3541 1067 3597 ergo
1099 3529 1347 3598 castigat,
1375 3531 1572 3600 inquit,
1621 3548 1729 3585 non
1766 3533 2027 3588 obedien-

2116 2329 2177 2382 οὐ
2208 2326 2481 2398 κατὰ-τὴν
2527 2326 2735 2380 οἰκείαν
2760 2325 2933 2395 ’φύσιν
2962 2325 3125 2379 πάλιν
3170 2327 3389 2399 διαδοχῇ
3443 2345 3549 2380 τινι
3590 2344 3701 2385 σω,

2121 2418 2365 2491 ματικῶς
2394 2419 2724 2488 τικτόμενοι.
2762 2417 2897 2472 ἀλλά
2930 2417 3051 2490 θείᾳ
3081 2419 3311 2490 δυνάμει
3334 2420 3423 2472 διὰ
3442 2420 3541 2491 τῆς
3558 2421 3698 2491 πρὸς

2117 2512 2628 2584 αὐτὸνιὸμοιότητός
2659 2529 2720 2565 τε
2754 2512 2849 2565 καὶ
2896 2512 3193 2582 συναφείας
3232 2512 3332 2584 τὴν
3366 2512 3585 2583 γένεσιν
3613 2513 3702 2568 δε-

2118 2606 2179 2678 χό
2186 2622 2358 2675 μενοι.

2191 2698 2268 2768 (5)
2297 2697 2680 2768 Φιλάνθρωπος
2723 2697 2830 2766 γὰρ
2884 2695 2959 2749 ὣν
3015 2699 3045 2750 ὁ
3092 2697 3225 2759 Θεὸς
3275 2698 3371 2751 καὶ
3422 2700 3701 2771 εὐεργετι-

2119 2790 2236 2855 κὸς,
2271 2788 2363 2861 βίᾳ
2391 2789 2488 2860 μὲν
2514 2789 2634 2841 οὐδὲ
2672 2788 2882 2859 ἀνάγκῃ
2906 2829 2921 2852 ,
2958 2788 3137 2842 πειθοί
3175 2789 3232 2843 δὲ
3279 2791 3374 2844 καὶ
3404 2791 3482 2862 τῷ
3525 2796 3702 2846 ποιεῖν

2120 2876 2179 2935 εὖ
2229 2882 2355 2943 τοὺς
2396 2880 2750 2951 βουλομένους
2788 2881 3034 2944 ἅπαντας
3088 2880 3235 2934 ἕλκει
3287 2882 3421 2952 πρὸς
3459 2883 3650 2937 ἑαυτόν
3685 2902 3699 2915 ο

2121 2973 2216 3027 καὶ
2246 2972 2511 3026 διὰετοῦτο
2542 2971 2764 3027 ἐλθόντα
2786 2972 2947 3026 αὑτὸν
2975 2973 3155 3043 οἱμὲν
3182 2973 3392 3036 ἔλαϐον,
3423 2974 3471 3027 οἱ
3512 2975 3569 3028 δὲ
3603 2976 3725 3030 οὐκ,

2125 3064 2716 3134 ὲδέξαντο.”Ανθρωποι-
2739 3063 2838 3134 μὲν
2868 3064 2999 3136 γὰρ,
3022 3065 3114 3118 ἀτε
3146 3066 3203 3118 ὲν
3239 3064 3707 3137 χρείᾳηκαθεστῶε

2122 3174 2213 3221 τες
2247 3157 2346 3228 τῆς
2390 3156 2497 3209 τῶν
2552 3155 2779 3209 οἰκετῶν
2831 3156 3135 3223 διακονίας,
3186 3157 3281 3211 καὶ
3347 3157 3708 3229 βουλομένους

2124 3248 2352 3312 πολλοὺς
2383 3247 2461 3319 τῷ
2506 3248 2603 3319 τῆς
2640 3246 2956 3311 δεσποτείας
3005 3248 3293 3319 κατέχουσι
3338 3250 3488 3321 νόμῳ
3512 3266 3525 3279 ·
3565 3251 3594 3303 ὁ
3643 3250 3729 3304 δὲ.

2125 3342 2257 3404 Θεὸς
2282 3339 2532 3411 ἀνενδεὴς
2562 3337 2638 3392 ὣν
2658 3379 2671 3404 ,
2698 3341 2798 3410 τῆς
2828 3339 2883 3392 δὲ
2909 3340 3183 3412 ἡμετέρας
3222 3340 3407 3395 ἕνεκεν
3434 3343 3709 3414 σωτηρίας

2130 3432 2289 3503 μόνον
2323 3432 2535 3485 ἅπαντα
2574 3429 2863 3499 πράττων,
2908 3431 3055 3501 ἡμᾶς
3101 3430 3299 3493 αὐτοὺς
3336 3435 3480 3485 ποιεῖ
3515 3432 3707 3485 τούτου

2127 3522 2371 3592 κυρίους.
2419 3521 2482 3572 Τί
2524 3518 2617 3575 οὖν
2659 3518 2912 3583 κολάζει,
2963 3521 3133 3590 φησὶ,
3172 3521 3301 3584 τοὺς
3347 3521 3447 3575 οὐκ
3485 3522 3711 3594 ἔχοντας

452 3626 535 3675 tes
562 3619 706 3674 sibi?
730 3618 866 3685 Quia
895 3621 1060 3675 etiam
1093 3620 1470 3677 inobedientes
1501 3638 1599 3678 nos
1647 3640 1794 3679 cura:
1841 3626 2022 3681 habet.

2130 3613 2425 3668 ὑπακούειν
2455 3612 2631 3683 αὑτῷ;
2659 3612 2781 3665 Ὅτι
2815 3612 2910 3664 καὶ
2940 3613 3014 3683 μὴ
3044 3614 3377 3684 πειθομένων
3409 3615 3564 3686 ἡμῶν
3591 3614 3713 3668 λίαν

453 3709 605 3764 Adeo
650 3710 828 3767 bonus
881 3719 989 3779 est,
1026 3719 1087 3766 ut
1117 3728 1216 3767 nos
1249 3712 1614 3778 discedentes,
1666 3723 1761 3769 aut
1814 3715 2026 3786 fugien-

455 3811 539 3857 tes
575 3816 682 3856 non
714 3802 966 3873 deserat;
1013 3805 1109 3861 sed
1160 3821 1284 3861 cum
1336 3807 1569 3876 primam
1631 3809 1852 3863 virtutis
1881 3810 2025 3864 viam

456 3896 916 3964 derelinquimus,
966 3898 1109 3953 viam
1164 3898 1486 3955 obedientiae
1523 3916 1586 3954 ac
1640 3902 2027 3970 prosperitatis

457 3987 620 4041 aliam
650 3988 810 4045 nobis
855 3990 1102 4060 imponit,
1153 3994 1294 4047 viam
1327 3993 1709 4064 castigationis
1743 4004 1907 4064 atque
1945 3995 2029 4049 ul-

460 4077 693 4146 tionum,
732 4095 803 4134 ne
842 4080 1059 4136 illarum
1087 4084 1521 4153 experimentum
1555 4086 1851 4154 capiamus.
1886 4087 2030 4140 invi-

459 4170 616 4242 tique
661 4172 1023 4241 sapientiores
1066 4172 1385 4229 eﬂiciamur.
1423 4172 1556 4229 Nam
1591 4186 1643 4231 et
1668 4178 2025 4247 legislatures,

462 4264 516 4319 in
563 4263 945 4321 malefactores
1001 4266 1201 4321 mtdtas
1258 4282 1322 4321 ac
1370 4283 1590 4324 severas
1639 4272 2029 4342 castigationes

460 4356 794 4423 decernunt,
854 4357 1211 4414 nihilominus
1275 4374 1380 4415 non
1443 4376 1757 4417 aversamur
1810 4376 2030 4436 atquee

461 4456 654 4502 contra
702 4448 1123 4519 castigationum
1189 4451 1361 4521 gratia
1404 4453 1584 4521 magni
1634 4453 1906 4523 facimus;
1976 4458 2025 4513 si

461 4540 653 4604 etiam,
681 4542 774 4611 qui
801 4542 868 4598 de
897 4543 1106 4597 ratione
1139 4542 1334 4613 agendi
1364 4544 1647 4615 sapienter
1695 4554 2029 4613 statuerunt,

464 4631 834 4699 admiramur;
903 4642 1109 4704 quanto
1180 4636 1356 4706 magis
1417 4635 1679 4691 admirari
1742 4654 2035 4712 amareque

465 4724 636 4779 Deum
668 4726 736 4780 ob
772 4726 1088 4796 hujusmodi
1116 4743 1306 4783 curam
1347 4730 1644 4787 debemus!
1691 4731 2031 4803 Stupendum

467 4825 647 4871 autem
680 4826 826 4873 esset
857 4818 1092 4889 aliquem
1126 4821 1454 4891 discipulum
1490 4838 1600 4877 non
1638 4824 1884 4895 magistri
1939 4826 2034 4882 de-

466 4909 664 4964 decore
699 4910 1047 4975 erubescere,
1099 4913 1193 4967 sed
1230 4914 1493 4969 audacter
1541 4917 1643 4969 hoc
1677 4916 2034 4986 opprobrium

469 5007 657 5055 notum
693 4997 906 5063 facere;
939 5002 1152 5073 hocque
1180 5002 1398 5073 signum
1423 5013 1573 5059 esset
1601 5020 1711 5059 non
1742 5007 2025 5063 minimum

544 5168 619 5306 (ιζ
649 5166 891 5227 Facund.
920 5170 957 5224 l.
1000 5170 1035 5225 l.
1066 5186 1144 5231 Ix,
1175 5171 1230 5224 ὅ.

544 5240 598 5306 (‘2
645 5239 807 5295 Cord.
839 5249 946 5297 cat.
980 5258 1031 5306 p.
1061 5241 1149 5296 23.
1175 5241 1230 5296 Cl

541 5238 619 5309 (Ξ)
645 5239 807 5313 Qord.
839 5249 946 5297 cat.
980 5258 1031 5313 p.
1061 5241 1149 5296 23.
1175 5238 1261 5296 Cf.
1301 5239 1438 5312 frag.
1480 5256 1734 5312 sequens,
1767 5240 1956 5296 Latine
1979 5253 2042 5295 ex

469 5308 745 5366 Facundo.

544 5381 623 5463 {5.2
662 5380 969 5463 Qud-fat.-
995 5398 1054 5463 P-
1088 5381 1178 5463 37-

575 5448 1057 5524 4)AVi_d._Matthia3
1086 5452 1241 5509 Ausl‘.
1279 5454 1483 5524 griech.
1507 5452 1874 5524 ,GramlnLed.
1898 5452 1961 5524 2,
1998 5448 2039 5517 Ι,

476 5536 531 5592 p.
559 5521 684 5592 3170.
717 5521 821 5576 Sed
853 5523 1032 5578 inveni
1062 5525 1223 5579 etiam
1247 5521 1444 5581 Achill.
1472 5523 1591 5580 Tat.
1624 5526 1710 5581 ed.
1740 5522 1799 5578 F.
1818 5522 2037 5592 Jacobs.

478 5591 535 5667 ῃ.
570 5591 636 5645 14
660 5592 962 5667 ἀπήλαυσα,
988 5592 1150 5667 Basil.
1174 5594 1240 5646 Μ.
1266 5596 1411 5651 hom.
1444 5596 1497 5650 in
1528 5612 1613 5667 ps.
1644 5613 1756 5667 xw,
1798 5596 1839 5659 Ι,
1863 5591 2043 5664 p.119.

479 5660 678 5739 (imm,
704 5660 859 5716 πόσοι
880 5664 1017 5739 ὄναρ
1038 5664 1439 5739 πλουτήσαντες
1481 5660 1941 5739 ὑπεραπή-λαυσαν
1968 5668 2044 5732 (at

487 5669 675 5721 liarn..
704 5669 859 5716 πόσοι
880 5669 1009 5789 ὄναρ
1038 5669 1439 5789 πλουτησαντες
1481 5669 1941 5739 ὑπεραπήλαυσαν
1968 5669 2041 5732 (at

487 5731 775 5804 legendum
807 5749 931 5790 cum
999 5733 1223 5790 lemster
1245 5738 1385 5791 lusio
1416 5736 1564 5807 ὕπαρ
1615 5737 1953 5807 ἀπήλαυσαν,
1990 5752 2041 5790 v.

2136 3708 2357 3777 κήδεται
2383 3745 2398 3771 ,
2430 3707 2634 3777 σφόδρα
2664 3705 2739 3759 ὣν
2772 3704 2975 3773 ἀγαθὸς
2994 3744 3009 3769 ,
3047 3707 3140 3757 καὶ
3185 3705 3589 3776 ἀποπηδῶντων
3621 3710 3715 3760 κα)⁸

2136 3799 2443 3870 φευγόντων
2474 3798 2574 3851 οὐκ
2600 3797 2891 3867 ἀφίσταται
2911 3810 2925 3824 ·
2951 3796 3065 3849 ἀλλ’
3099 3797 3286 3869 ἐπειδὴ
3316 3799 3586 3869 προτέραν
3612 3798 3735 3870 τῆς

2136 3892 2453 3963 εὐεργεσίας
2475 3890 2591 3944 ὁδὸν
2632 3889 2989 3960 ἀπωσάμεθα,
3017 3890 3113 3961 τὴν
3135 3889 3223 3942 διὰ
3249 3890 3348 3961 τῆς
3374 3890 3593 3955 πειθοῦς
3619 3894 3714 3946 καὶ

2133 3984 2228 4037 τοῦ
2258 3983 2446 4038 παθεῖν
2481 3980 2561 4047 εὖ,
2604 3983 2701 4053 τὴν
2736 3983 2929 4053 ἑτέραν
2956 3984 3087 4052 ἡμῖν
3111 3983 3465 4053 ἐπεισήγαγε,
3498 3984 3597 4055 τὴν
3623 3985 3717 4039 διά

2134 4080 2234 4149 τῆς
2264 4076 2535 4139 κολάσεως
2566 4076 2659 4129 καὶ
2684 4075 2794 4128 τῶν
2821 4074 3100 4145 τιμωριῶν
3119 4115 3132 4137 ,
3176 4076 3324 4139 ὅπως
3352 4075 3459 4129 δέει
3494 4075 3569 4148 μὴ
3599 4080 3716 4129 πεῖτ

2141 4185 2239 4240 ραν
2275 4168 2383 4221 τῶν
2414 4165 2670 4219 τοιούτων
2709 4164 2915 4225 λαϐεῖν,
2945 4164 3040 4217 καὶ
3061 4163 3283 4227 ἄκοντες
3325 4164 3733 4234 σωφρονῶμεν,

2148 4263 2301 4316 Ἐπεὶ
2328 4261 2422 4315 xa‘.
2449 4262 2499 4313 οἱ
2526 4257 2808 4330 νομοθέται
2833 4257 3033 4320 πολλὰς
3061 4257 3155 4310 καὶ
3183 4256 3424 4325 χαλεπὰς
3446 4256 3585 4310 κατά
3606 4257 3716 4309 τῶν

2136 4354 2536 4426 ἡμαρτηκότων
2579 4350 2789 4405 τιθέασι
2841 4349 3112 4421 τιμωρίας
3138 4365 3152 4379 ·
3204 4350 3295 4401 καὶ
3333 4348 3483 4417 ὅμως
3521 4347 3719 4411 αὐτοὺς

2138 4449 2237 4501 οὐκ
2266 4443 2721 4516 ἀποστρεφόμεθα
2745 4462 2759 4477 ·
2794 4443 2881 4497 διὰ
2908 4442 3077 4495 ταῦτα
3117 4441 3209 4494 καὶ
3244 4441 3442 4511 μᾶλλον
3471 4441 3716 4511 τιμῶμεν

2137 4539 2246 4593 τῶν
2279 4537 2552 4592 κολάσεων
2596 4536 2781 4605 χάριν·
2816 4537 2864 4588 εί
2906 4535 2962 4588 δὲ
2994 4533 3216 4595 τούτους
3244 4533 3595 4604 θαυμάζομεν
3624 4534 3716 4585 εὑ-

2138 4632 2326 4698 ταξίαν
2357 4630 2673 4697 εἰσάγοντας
2720 4629 2778 4680 ὲν
2811 4626 2890 4697 τῷ
2932 4626 3030 4697 βίῳ
3054 4668 3069 4692 ,
3098 4626 3157 4679 οὐ
3193 4625 3371 4695 πολλῷ
3405 4625 3605 4696 μᾶλλον
3626 4622 3720 4677 τὸν

2140 4724 2270 4779 Θεὸν
2290 4719 2685 4792 ἐκπλήττεσθαι
2712 4719 2792 4772 δεῖ
2821 4719 2915 4773 καὶ
2944 4719 3164 4788 ἀγαπᾷν
3193 4719 3290 4787 τῆς
3320 4716 3587 4787 τοσαύτης
3614 4734 3717 4787 κη-

2139 4813 2389 4887 δεμονίας
2435 4812 2649 4877 ἓνεκενς
2694 4811 2982 4881 Θαυμάσαι
3019 4810 3064 4862 δ’
3112 4809 3176 4863 ἄν
3218 4825 3303 4871 τις
3341 4807 3434 4861 τοῦ
3474 4805 3719 4878 μαθητοῦ

2145 4908 2220 4978 μὴ
2248 4905 2629 4975 αἰσχυνόμενος
2653 4903 2745 4957 ἐπὶ
2778 4905 2842 4974 τῇ
2873 4902 2966 4955 τοῦ
2992 4899 3308 4954 διδασκάλου
3340 4898 3547 4968 ἀτιμίᾳ,
3582 4898 3718 4953 ἀλλά

2148 5001 2286 5072 μετά
2319 4997 2632 5071 παρρησίας
2662 4998 2763 5068 τὴν
2820 4996 2900 5059 είς
2937 4993 3099 5049 αὐτὸν
3146 4992 3517 5063 γεγενημένην
3563 4991 3719 5063 ὕϐριν

2153 5165 2460 5224 Δι’ἱειιοηειὶ
2486 5163 2791 5235 epist._cur.
2811 5162 3087 5235 ‘Abresch.
3113 5158 3329 5235 Zyvolla:
3349 5157 3485 5235 1769
3516 5173 3567 5226 p.
3590 5154 3716 5235 μδ)

2151 5238 2252 5308 τῆς
2287 5236 2490 5308 ζημίας
2505 5227 2537 5301 ς’
2557 5233 2613 5288 In
2639 5232 3123 5308 Theodoretohmc
3150 5231 3319 5308 forma
3348 5229 3551 5308 saepius
3590 5227 3722 5297 legi-

2151 5298 2259 5363 tur.
2297 5298 2561 5382 VLindic.
2601 5304 2707 5382 ed._
2737 5302 2853 5382 H_al.
2888 5320 2956 5382 s._
2978 5300 3394 5382 ἀπηλαύσαμεν.
3426 5298 3723 5382 βίιξτιειιω

2149 5382 2304 5443 fides,
2339 5377 2660 5433 Theodorus
2696 5374 2837 5429 infra
2892 5373 2959 5427 ad
3011 5367 3173 5428 Joan.
3195 5367 3288 5435 vn,
3322 5370 3377 5435 5,
3418 5367 3720 5439 ὴρύθμιζεν

2149 5450 2390 5505 scripsit.

2220 5467 2603 5591 {ggsiiactenus
2630 5515 2995 5591 fragmentum
3036 5521 3122 5568 est
3149 5510 3321 5591 etiam
3333 5507 3492 5591 apud
3520 5506 3724 5591 Corde-

2145 5577 2292 5645 riu‘m’
2315 5590 2366 5643 in
2394 5589 2623 5642 Catena.
2655 5577 2839 5655 Pe'rgit
2888 5598 3014 5639 vere
3055 5577 3502 5655 multo_u_l_terius
3546 5577 3721 5655 codex

2152 5661 2374 5730 Regina:
2400 5656 2611 5730 Sueciae
2643 5654 2730 5721 IX,
2762 5648 2849 5727 ἴῳ.
2883 5658 3022 5727 Aug.
3064 5654 3175 5710 Mai
3213 5651 3354 5707 Bibl.
3395 5667 3511 5705 nov.
3566 5648 3743 5704 Pam.

2152 5747 2249 5798 vu,
2285 5746 2337 5801 p.
2369 5729 2493 5785 596.
2525 5730 2681 5783 Ευιτ.
