4096 6234
358 356 469 412 7'53.

1485 362 1548 417 ΙΝ
1613 359 2063 417 EVANGELIUM
2130 363 2433 426 JOANNIS.

3511 372 3633 427 755i

355 481 766 555 ἀναγράφοντας
794 500 807 514 ο
837 485 930 539 καὶ
953 485 1109 540 τοῦτο
1137 488 1195 541 δὲ
1221 488 1282 542 οὐ
1311 488 1505 560 μικρὸν
1539 489 1602 543 τὸ
1633 488 1923 561 φιλάληθες

2061 494 2357 549 'eracitatis
2390 488 2839 568 chara’ctei-isque
2869 511 3082 553 eorum.
3104 496 3375 553 Caeterum
3407 510 3613 550 vexan-

358 575 539 629 αὐτῶν
568 576 771 647 τρόπου
819 595 878 630 τε
907 580 1204 649 τεκμήριον
1223 596 1238 611 ο
1283 582 1375 635 καὶ
1413 582 1586 646 ἄλλως
1617 582 1673 635 δὲ
1705 583 1796 637 τὸν
1850 584 1933 636 αι-

361 669 692 740 σχυνόμενον
722 670 861 740 ὑπὲρ
884 670 993 723 τῶν
1028 670 1345 742 ὑϐρικότων,
1381 674 1476 743 οὐχ
1506 676 1646 745 ὑπερ
1668 675 1763 729 τοῦ
1800 692 1938 746 παρ-

359 760 669 831 οινηθέντος
737 761 1085 831 αἰσχύνεσθαι
1162 766 1266 835 χρή
1303 784 1316 797 ’
1393 759 1548 830 οὗτος
1605 767 1715 837 γὰρ
1768 766 1941 839 ταύτῃ

366 853 571 924 μᾶλλον
606 853 868 924 ἔλαμψεν,
905 856 998 908 καὶ
1033 858 1171 928 μετὰ
1209 858 1305 929 τὴν
1341 857 1497 930 ὓϐριν
1523 860 1790 931 τοσαύτην
1831 858 1941 914 τῶν

364 945 669 1016 ὑδρικότων
695 944 1019 1017 ποιούμενος
1058 950 1314 1021 πρόνοιαν
1341 968 1355 983 ·
1388 952 1583 1004 ἐκεῖνοι
1615 950 1671 1004 δὲ
1700 950 1943 1021 ἀγνώμο-

363 1054 455 1099 νες
486 1038 581 1090 καὶ
617 1038 802 1109 μιαροὶ
827 1040 976 1110 παρὰ
1000 1043 1163 1095 πᾶσιν
1192 1042 1487 1113 ἐφάνησαν,
1516 1042 1607 1095 τὸν
1638 1044 1728 1095 ἐπὶ
1748 1043 1941 1095 τοσού-

360 1144 483 1179 των
514 1129 958 1199 παραγενόμενον
992 1132 1209 1199 ἀγαθῶν
1254 1133 1331 1198 ὡς
1368 1133 1559 1205 ἐχθρὸν
1591 1135 1943 1204 ἀπωσάμενοι

364 1219 461 1271 καὶ
504 1218 764 1291 πολέμιον
785 1238 799 1252 ’
830 1221 891 1274 οὑ
921 1222 1094 1296 ταύτῃ
1123 1224 1284 1294 μόνον
1311 1225 1640 1296 ἐϐλάκησαν,
1677 1225 1815 1279 ἀλλὰ
1848 1226 1943 1280 καὶ

359 1310 442 1381 τῷ
468 1311 540 1383 μὴ
571 1315 756 1384 τυχεῖν
785 1307 857 1367 ὧν
887 1314 1077 1387 ἔτυχον
1100 1317 1427 1381 οίλαϐόντες
1457 1318 1638 1371 αὐτόν.

438 1405 587 1474 Στίχ.
621 1406 703 1459 ιδ’.
736 1435 801 1446 -
845 1408 1055 1479 Σκηνὴν
1092 1409 1149 1463 δὲ
1181 1412 1255 1480 (1)
1305 1413 1398 1465 καὶ
1431 1411 1521 1463 ἐπὶ
1568 1411 1867 1482 ἀνθρώπων
1915 1412 1944 1464 ό

379 1496 700 1561 Ἀπόστολος
725 1498 784 1551 τὸ
808 1499 966 1570 σῶμα
991 1499 1161 1566 καλεῖ,
1186 1502 1389 1570 λέγων’
1417 1504 1527 1557 Καὶ
1554 1502 1663 1573 γὰρ
1691 1506 1744 1556 οἱ
1775 1502 1943 1569 ὄντες

368 1587 440 1639 ἐν
467 1588 545 1654 τῷ
564 1589 778 1655 σκήνει
802 1591 1189 1663 στενάζομεν·
1222 1594 1313 1648 καὶ
1346 1596 1525 1660 πάλιν,
1568 1595 1822 1664 Οἴδαμεν
1856 1594 1947 1649 ὅτι

370 1677 484 1729 ἐὰν
518 1680 556 1746 ἡ
593 1680 853 1748 ἐπίγειος
895 1681 1063 1750 ἡμῶν
1108 1684 1265 1737 οἰκία
1303 1685 1409 1739 τοῦ
1451 1684 1721 1753 σκήνους
1765 1700 1944 1737 κατα-

374 1769 557 1839 λυθῇ.
608 1772 825 1843 Ἰδίωμα
860 1773 915 1850 δέ
951 1775 1047 1844 τῆς
1077 1775 1301 1846 Γραφῆς
1348 1774 1456 1829 ἀπὸ
1488 1775 1588 1844 τῆς
1623 1775 1823 1847 σαρκὸς
1854 1775 1945 1828 τὸν

376 1862 501 1916 ὅλον
523 1842 799 1934 ἄνθρωπον
832 1842 1033 1926 καλεῖν,
1065 1842 1140 1929 ὡς
1168 1866 1227 1919 τὸ
1312 1866 1467 1933 Πρὸς
1492 1842 1566 1919 σέ
1595 1842 1762 1921 πᾶονα
1789 1865 1945 1935 σὰρξ
1978 1842 2019 1896 Β

374 1954 546 2023 ἥξει·
602 1959 695 2011 καὶ
730 1959 789 2012 τὸ
812 2002 825 2024 ,
882 1960 1101 2031 Ἐκχεῶ
1143 1960 1262 2015 ἀπὸ
1308 1961 1415 2014 τοῦ
1445 1962 1789 2030 Πνεύματόρ
1827 1976 1957 2029 μου

371 2049 475 2105 ἐπὶ
504 2049 709 2107 πᾶσαν
747 2050 964 2121 σάρκα.

445 2232 595 2303 Στίχ.
630 2238 712 2289 ιε’.
744 2234 902 2286 -Τὸ
932 2234 1031 2304 (2),
1055 2235 1269 2298 ὀπίσω,
1300 2234 1660 2303 ἔμπροσθεν,
1695 2234 1833 2289 κατὰ
1852 2233 1961 2305 τὴν

373 2323 531 2391 δόξαν
579 2326 725 2394 λέγει
772 2328 867 2380 καὶ
900 2328 999 2398 τὴν
1049 2328 1198 2398 παρὰ
1232 2328 1538 2399 ἀνθρώποις
1570 2327 1869 2398 ὑπόληψιν·
1902 2327 1952 2379 εἰ

373 2416 453 2483 δὲ,
486 2416 764 2488 Γέγονεν,
803 2415 953 2473 εἶπεν
981 2421 1101 2473 ἀντὶ
1132 2420 1247 2484 τοῦ⁹
1274 2422 1566 2492 Γενήσεται
1588 2464 1605 2487 ,
1644 2421 1703 2473 οὐ
1737 2420 1951 2490 θαυμα-

379 2510 504 2562 στόν
523 2526 537 2538 ο
574 2509 709 2580 πρὸς
734 2509 843 2578 γὰρ
876 2509 952 2580 τῷ
974 2511 1139 2582 χύδην
1178 2512 1526 2583 εὑρίσκεσθαι
1568 2514 1769 2584 ταύτην
1800 2514 1859 2567 ἐν
1883 2514 1950 2584 τῇ

378 2599 498 2673 θείᾳ
521 2603 708 2673 Γραφῇ
738 2603 837 2673 τὴν
868 2605 1173 2675 συνήθειαν,
1204 2605 1284 2658 ἔτι
1314 2606 1407 2658 καὶ
1442 2606 1533 2659 τὸν
1567 2605 1954 2677 εὐαγγελιστὴν

378 2697 437 2749 ἐν
470 2699 581 2759 τοῖς
613 2695 867 2768 ἀνωτέρω
916 2696 1087 2760 οὕτως
1132 2700 1390 2769 εἰρηκότα
1421 2698 1722 2769 ἐδείξαμεν,
1756 2698 1835 2763 τὸ,
1872 2700 1956 2751 Οὐ

378 2788 725 2853 κατέλαϐεν,
750 2790 932 2859 σαφῶς
956 2792 1194 2854 εἰπόντα,
1221 2794 1339 2847 ἀντὶ
1358 2793 1470 2859 τοῦ,
1494 2794 1687 2847 Οὐκέτι
1706 2794 1954 2865 λήψεται.

451 2880 599 2949 Στίχ.
626 2878 727 2944 κζ’.
758 2910 823 2920 --
850 2879 1029 2951 Μηδὲν
1068 2878 1415 2951 ὑφορώμενος
1451 2881 1588 2952 μετὰ
1618 2881 1718 2951 τῆς
1791 2898 1959 2953 προσσ

379 2968 622 3038 ηκούσης
646 2968 953 3040 ἐλευθερίας
974 2969 1040 3022 τά
1055 2972 1180 3038 περὶ
1203 2969 1295 3022 τοῦ
1319 2970 1554 3041 Χριστοῦ
1576 2973 1740 3025 πᾶσιν
1755 2972 1931 3041 ἀνακη
1946 3000 1961 3012 ο

384 3058 571 3131 ρύττει
597 3063 625 3113 ό
666 3060 935 3131 μακάριος
977 3062 1261 3133 Ἰωάννης·
1296 3063 1383 3116 διὰ
1420 3062 1528 3134 γὰρ
1558 3063 1713 3117 τοῦτο
1752 3062 1960 3117 καὶτὸν

2040 586 2189 643 tibus
2217 588 2568 645 contumeliis
2595 589 2956 659 erubescens,
2991 598 3245 646 vexatum
3273 604 3384 644 non
3414 589 3616 645 erubev

2040 694 2194 735 scere
2222 679 2383 735 debet
2406 697 2421 744 ;
2442 679 2521 735 sic
2546 682 2688 736 enim
2714 688 2866 736 tanto
2891 682 3069 752 magis
3098 679 3457 751 splendescit,
3491 694 3617 733 cum

2042 773 2331 843 imprimis,
2355 774 2560 829 talibus
2577 774 2932 830 contumeliis
2961 773 3259 845 perpessis,
3288 771 3619 827 vexantibus

2041 866 2314 936 providet.
2349 864 2429 920 llli
2470 866 2622 920 stulti
2661 866 3028 937 sacrilegique
3058 865 3317 919 omnibus
3349 879 3619 935 apparue-

2047 968 2198 1021 runt,
2228 973 2376 1021 cum,
2406 959 2497 1027 qui
2526 965 2746 1028 propter
2790 958 2993 1011 bonum
3038 962 3289 1017 venerat,
3326 955 3454 1009 boni
3497 963 3619 1007 tan-

2045 1066 2209 1121 quam
2231 1055 2239 1075 '
2262 1050 2545 1104 inimicum
2575 1057 2630 1105 et
2669 1049 2882 1104 hostem
2918 1047 3251 1118 repellendo.
3288 1044 3406 1100 Non
3438 1046 3618 1102 solum

2043 1147 2100 1200 in
2146 1146 2249 1200 hoc
2277 1152 2630 1208 erraverunt,
2681 1144 2774 1199 sed
2830 1144 2996 1199 etiam
3048 1155 3158 1196 non
3219 1140 3614 1212 consequendo

2046 1240 2191 1308 quod
2231 1237 2513 1293 consecuti
2543 1243 2674 1293 sunt
2698 1235 2792 1307 qui
2827 1250 2953 1290 eum
2978 1240 3325 1304 receperunt;

2117 1414 2453 1471 VsnsJL—
2467 1415 2767 1485 Apostolus
2797 1415 2961 1469 etiam
2990 1413 3292 1468 humanum
3319 1427 3521 1482 corpus
3547 1420 3623 1466 ta-

2046 1508 2402 1563 bernaculum
2434 1507 2689 1578 appellat,
2726 1506 2915 1562 dicens
2950 1525 2963 1560 :
2991 1508 3131 1560 Nam
3165 1515 3215 1559 et
3257 1506 3544 1574 quisumus
3567 1505 3622 1557 in

2047 1602 2145 1655 hoc
2201 1601 2544 1655 tabernaculo
2570 1640 2586 1666 ,
2620 1600 3011 1670 ingemiscimus
3049 1597 3147 1669 (11
3180 1597 3305 1653 Cor.
3349 1613 3401 1660 ν,
3430 1597 3520 1667 4).
3557 1596 3622 1649 Et

2050 1694 2246 1749 iterum
2280 1711 2295 1749 :
2330 1692 2538 1748 Scimus
2566 1692 2815 1761 quoniam
2837 1692 2882 1745 si
2924 1691 3187 1745 terrestris
3218 1689 3405 1744 domus
3440 1698 3625 1744 nostra

2048 1788 2205 1857 hujus
2239 1786 2584 1840 habitationis
2633 1785 2956 1840 dissolvatur
2992 1783 3187 1855 (ibid.,
3218 1783 3305 1853 1).
3347 1780 3624 1839 Usitatum

2049 1893 2228 1937 autem
2252 1880 2571 1950 Scripturae,
2595 1894 2624 1933 a
2643 1893 2808 1933 carne
2828 1886 3001 1932 totum
3024 1876 3303 1930 hominem
3323 1875 3625 1945 appellare.

2051 1976 2189 2030 utin
2216 1976 2310 2029 illo
2345 1994 2358 2029 :
2392 1974 2474 2028 Ad
2498 1984 2544 2027 te
2572 1975 2741 2028 omnis
2772 1990 2898 2027 caro
2936 1973 3101 2026 veniet
3152 1969 3327 2040 (Psal.
3358 1986 3507 2033 LXIV,
3542 1970 3624 2039 ‘2).

2050 2066 2117 2121 Et
2140 2070 2193 2121 in
2216 2082 2320 2122 eo:
2354 2066 2645 2136 Effundam
2663 2066 2725 2120 de
2741 2065 2933 2134 spiritu
2964 2080 3075 2118 meo
3098 2077 3254 2131 super
3275 2077 3481 2115 omnem
3505 2078 3629 2115 car-

2054 2175 2170 2212 nem
2201 2156 2362 2224 (Joel.
2388 2175 2451 2219 ιι,
2480 2156 2593 2226 28).
3420 2142 3427 2145 ⁷

2124 2249 2291 2307 Vsus.
2330 2250 2416 2304 15.
2445 2279 2510 2289 -
2540 2248 2670 2304 Post
2713 2257 2769 2305 et
2798 2258 2921 2303 ante
2944 2249 3097 2319 juxta
3131 2251 3442 2320 opinionem
3476 2247 3626 2312 dicit,

2054 2355 2217 2414 atque
2277 2344 2345 2399 ad
2407 2343 2743 2399 intellectum
2797 2343 3102 2398 hominum.
3146 2342 3204 2398 Si
3259 2343 3392 2397 dicit
3423 2342 3628 2411 factum

2054 2446 2133 2492 est
2162 2436 2266 2491 hoc
2295 2444 2380 2492 est
2412 2452 2511 2506 pro
2533 2436 2622 2504 fiet
2646 2453 2665 2499 ;
2693 2434 2827 2506 quid
2856 2436 3057 2489 mirum
3083 2435 3106 2489 ?
3150 2452 3274 2491 cum
3318 2431 3633 2489 ostenderi-

2055 2547 2181 2586 mus
2201 2531 2340 2585 banc
2384 2545 2505 2586 esse
2541 2528 2843 2599 Scriptura:
2891 2543 3060 2583 sacra:
3108 2529 3212 2583 hoc
3258 2543 3497 2599 persazpe
3546 2526 3634 2579 di-

2056 2624 2213 2678 cendi
2232 2622 2715 2685 consuetudinem,
2743 2628 2990 2677 nostrum
3030 2622 3194 2676 etiam
3218 2621 3631 2691 Evangelistam

2058 2716 2268 2772 dixisse
2305 2731 2512 2785 supra:
2561 2733 2665 2771 non
2719 2714 3221 2784 comprehenderunt
3254 2715 3349 2781 (v.
3379 2712 3470 2784 6.)
3529 2728 3632 2785 pro

2060 2807 2511 2875 comprehendent.

2137 2899 2298 2956 Vens.
2352 2900 2441 2953 27.
2471 2929 2544 2941 —
2582 2896 2727 2953 Nihil
2761 2898 3053 2964 suspicans
3094 2902 3283 2967 aperta
3335 2894 3589 2950 libertate
3616 2933 3631 2955 .

2061 3005 2185 3060 quae
2209 2989 2276 3043 ad
2296 2988 2579 3045 Christum
2607 2997 2881 3059 spectant,
2918 2987 3216 3042 annuntiat
3240 2986 3436 3041 beatus
3468 2981 3637 3038 Joan-

2063 3098 2182 3139 nes.
2223 3084 2348 3139 ldeo
2373 3092 2553 3138 autem
2576 3084 2745 3138 etiam
2778 3082 2959 3153 signat
2994 3083 3173 3137 locum
3197 3082 3284 3151 (v.
3311 3076 3430 3151 28.)
3464 3076 3638 3133 Evan-

379 3152 546 3205 τόπον
580 3153 998 3222 ἐπισημαίνεται
1034 3154 1063 3205 ὁ
1096 3154 1485 3225 εὐαγγελιστὴς
1509 3195 1522 3220 ,
1558 3156 1643 3207 ἵνα
1678 3155 1775 3226 τὴν
1817 3156 1958 3225 παῤ·

2061 3176 2278 3248 gelista,
2315 3176 2384 3230 ad
2421 3175 2673 3230 ﬁduciam
2707 3152 2976 3246 praeconis
3007 3188 3202 3244 magna
3255 3169 3637 3227 annuntiantis

381 3243 579 3315 ρησίαν
611 3241 777 3307 δείξει
824 3244 917 3297 τοῦ
973 3245 1489 3316 μεγαλοφωνοτάτου
1547 3248 1816 3319 κήρυκος*
1866 3246 1958 3299 τὸν

2061 3269 2481 3326 ostendendam.
2512 3266 2647 3325 Cum
2676 3269 2823 3323 enim
2857 3268 2921 3321 all
2953 3265 3249 3321 Jordanem
3300 3264 3636 3330 devenisset,

378 3337 491 3408 γὰρ
523 3335 794 3407 Ἰορδάνην
829 3338 1172 3405 καταλαϐὼν,
1209 3342 1266 3392 ἐν
1316 3341 1465 3411 μέσῳ
1498 3340 1574 3411 τῷ
1601 3340 1793 3411 πλήθει
1819 3356 1960 3409 παρ-

380 3430 552 3485 όντων
584 3434 839 3487 ἁπάντων
884 3431 989 3485 τῶν
1044 3432 1134 3486 ὑπ’
1166 3433 1327 3486 αὑτοῦ
1382 3433 1791 3505 βαπτιζομένων
1838 3436 1961 3505 (βα-

380 3524 623 3591 πτίζοντι
646 3526 752 3596 γὰρ
786 3526 1088 3597 ἐπέστησαν
1118 3526 1165 3578 οἱ
1208 3526 1490 3596 Ἰουδαῖοι),
1528 3525 1625 3598 τὴν
1646 3527 1963 3599 θαυμαστὴν

382 3618 601 3688 ἐκείνην
660 3617 856 3689 ἔρρηξε
901 3619 1121 3688 φωνήν·
1180 3620 1301 3672 Οὐκ
1354 3619 1468 3685 εἰμὶ
1526 3619 1731 3686 ἱκανὸς
1775 3619 1965 3673 λῦσαι

383 3710 495 3765 τὸν
520 3709 733 3780 ἱμάντα
758 3711 864 3765 τοῦ
883 3710 1266 3780 ὑποδήματος
1296 3711 1503 3765 αὐτοῦ.

460 3803 606 3874 Στίχ.
640 3804 747 3873 κη’.
786 3833 854 3843 -—
886 3802 1071 3857 Ταῦτα
1108 3803 1163 3856 δὲ
1202 3804 1419 3873 ἐγένετο
1455 3805 1555 3857 οὐκ
1585 3805 1642 3857 ἐν
1680 3806 1745 3875 τῇ
1790 3802 1966 3874 Βηθα-

385 3895 479 3966 νίᾳ
507 3936 521 3957 ,
552 3894 667 3947 ἀλλ’
699 3896 754 3947 ἐν
774 3898 841 3966 τῇ
873 3894 1117 3966 Βηθαρᾷ,
1149 3894 1223 3959 ὡς
1248 3894 1316 3947 τά
1347 3895 1547 3965 ἀκριϐῆ
1584 3895 1825 3967 περιέχει
1857 3893 1966 3947 τῶν

387 3989 739 4058 ἀντιγράφων
759 4006 773 4019 ο
804 3990 838 4059 ἡ
877 3987 986 4059 γάρ
1020 3988 1256 4059 Βηθανία
1295 3988 1415 4059 οὐχὶ
1442 3987 1618 4059 πέραν
1660 3988 1923 4059 Ἰορδάνου
1949 4031 1963 4056 ,

386 4081 511 4136 οὐδὲ
539 4082 631 4135 ἐπὶ
656 4082 757 4152 τῆς
792 4082 997 4154 ἐρήμου
1017 4076 1105 4153 ἦν,
1130 4081 1243 4135 ἀλλ’
1272 4080 1438 4150 ἐγγύς
1468 4098 1571 4133 που
1600 4080 1708 4134 τῶν
1737 4080 1968 4153 Ἰεροσο-

389 4175 616 4245 λύμων·
670 4176 797 4239 τοὺς
846 4174 902 4228 δὲ
954 4174 1147 4237 τόπους
1181 4174 1594 4244 ἐπισημαίνεται
1646 4173 1720 4235 ὡς
1762 4173 1830 4226 τὰ
1864 4172 1969 4242 πρὸ

395 4267 590 4339 μικροῦ
630 4266 912 4338 συμϐάντα
938 4266 1032 4320 τοῦ
1062 4267 1254 4339 χρόνου
1283 4265 1584 4336 διηγεῖσθαι
1617 4265 1843 4336 μέλλων,
1874 4265 1968 4317 καὶ

390 4363 520 4424 τοὺς
552 4360 827 4431 παρόντας
855 4361 949 4414 καὶ
981 4360 1286 4431 θεωμένους
1326 4361 1604 4430 μάρτυρας
1650 4358 1971 4429 ποιούμενος

392 4449 496 4517 τῆς
516 4449 773 4520 ἀληθείας
800 4449 909 4502 τῶν
936 4448 1264 4520 λεγομένων.

2065 3360 2121 3415 in
2157 3361 2334 3415 media
2363 3361 2520 3415 turba
2543 3360 2790 3415 omnium
2824 3357 3119 3412 astantium
3155 3356 3224 3409 ab
3250 3372 3314 3409 eo
3337 3354 3640 3423 baptizato-

2064 3467 2184 3505 rum
2217 3452 2313 3520 (ad
2346 3451 2678 3521 baptismum
2702 3450 2847 3505 enim
2870 3448 2990 3516 ejus
3010 3453 3409 3502 concurrerant
3427 3443 3638 3514 Judei)

2065 3544 2180 3598 haec
2209 3543 2482 3597 mirabilia
2524 3542 2687 3595 verba
2730 3540 3075 3595 denuntiavit
3100 3557 3113 3592 :
3142 3537 3265 3592 Non
3293 3554 3414 3591 sum
3443 3535 3638 3607 dignus

2066 3646 2122 3689 ut
2161 3636 2361 3691 solvam
2386 3634 2501 3704 ejus
2531 3633 2814 3703 corrigiam
2852 3632 3214 3686 calceamenti.

2133 3812 2302 3871 Vens.
2327 3813 2419 3868 28.
2445 3844 2517 3854 —
2535 3811 2660 3867 Haec
2682 3820 2863 3867 autem
2884 3810 3027 3866 facta
3057 3817 3188 3867 sunt
3214 3824 3327 3864 non
3354 3807 3409 3862 iu
3430 3805 3637 3861 Betha-

2066 3905 2179 3966 nia,
2203 3905 2298 3959 sed
2332 3904 2386 3957 in
2410 3901 2666 3966 Bcthara,
2690 3908 2749 3955 ut
2779 3900 2980 3955 habent
3002 3901 3344 3955 accuratiora
3364 3899 3645 3970 exempla:

2066 3999 2166 4052 ria.
2203 3995 2470 4051 Bethania
2509 3992 2655 4049 enim
2707 4008 2814 4047 non
2867 4003 2985 4047 erat
3037 3994 3118 4047 cis
3156 3990 3449 4047 Jordanem
3478 4032 3494 4059 ,
3542 4005 3646 4047 nec

2067 4091 2123 4145 in
2156 4089 2377 4145 deserto
2400 4130 2415 4155 ,
2453 4085 2550 4144 sed
2593 4101 2762 4158 prope
2790 4085 3119 4141 Jerusalem.
3159 4084 3287 4141 Haec
3317 4086 3435 4140 loca
3460 4095 3644 4139 autem

2070 4191 2223 4236 notat
2252 4181 2380 4252 quia
2407 4180 2569 4252 paulo
2600 4186 2726 4251 post
2760 4180 2902 4232 facta
2938 4194 3002 4233 co
3036 4187 3285 4249 tempore
3321 4186 3645 4232 narraturus

2069 4283 2176 4340 est,
2194 4280 2361 4342 utque
2378 4278 2625 4327 astantes
2645 4268 2891 4325 veritatis
2923 4268 3216 4324 verborum
3236 4273 3404 4321 testes
3424 4264 3642 4319 habeat.

469 4542 619 4613 Στίχ;
651 4540 755 4596 κθ’.
788 4571 860 4585 -
885 4540 1137 4613 Εζρηκὼς
1180 4542 1413 4596 ἐνταῦθα
1451 4543 1478 4593 ὁ
1518 4541 1849 4610 Βαπτιστὴς,
1887 4543 1960 4595 ὅτε

2144 4539 2312 4595 Vsus.
2342 4538 2432 4595 29.
2462 4567 2517 4581 --
2557 4535 2655 4591 Hic
2679 4534 2921 4605 Baptista
2945 4532 3135 4588 dicens
3169 4547 3183 4584 :
3208 4527 3309 4582 Hic
3337 4537 3412 4583 est
3444 4526 3535 4598 qui
3556 4527 3652 4580 tol-

399 4631 589 4701 Οὖτός
620 4635 791 4688 ἐστιν
822 4637 854 4688 ὀ
880 4633 1063 4702 αἴρων
1096 4633 1211 4701 τὴν
1237 4634 1527 4703 ἁμαρτίαν
1564 4633 1670 4687 τοῦ
1717 4633 1970 4703 κόσμου,

396 4731 495 4783 οὐκ
528 4725 699 4794 εἶπεν,
747 4732 781 4783 ό
818 4727 1155 4799 μονογενὴς
1190 4727 1352 4795 Υἱὸς,
1389 4728 1529 4795 οὐδὲ,
1557 4730 1590 4782 ὁ
1634 4724 1719 4781 ὣν
1745 4728 1814 4781 ἐν
1850 4727 1975 4794 τοῖς

398 4824 650 4888 κόλποις
682 4820 787 4874 τοῦ
805 4819 1033 4887 Πατρός
1055 4861 1069 4885 ,
1105 4815 1193 4873 οἷα
1217 4818 1464 4887 φαίνεται
1495 4820 1552 4871 ἐν
1577 4820 1690 4883 τοῖς
1719 4817 1976 4890 ἀνωτέρω

398 4910 637 4982 εἰρηκώς
656 4927 671 4939 ⁸
708 4911 885 4963 καίτοι
914 4908 1089 4974 ἔδοξεν
1131 4908 1196 4963 ἂν
1226 4908 1319 4963 νῦν
1349 4909 1770 4980 ἀκολουθότερον
1807 4908 1974 4962 αὑτοῦ

398 5005 464 5057 τὸ
517 5003 744 5075 μέγεθος
782 5002 958 5072 λέγειν
1008 5003 1106 5073 τῆς
1164 5003 1376 5071 φύσεως
1427 5003 1507 5066 εἰς
1538 4994 1825 5066 τέπιδείξιν
1876 5002 1976 5071 τῆς

398 5098 731 5167 ἐπαγγελίας
771 5096 880 5150 τῶν
910 5097 976 5149 δι’
1005 5095 1169 5149 αὑτοῦ
1204 5096 1575 5167 δοθησομένων
1600 5111 1612 5123 ·
1659 5094 1795 5148 ἀλλὰ
1820 5093 1977 5147 τοῦτο

404 5189 506 5261 μὲν
535 5189 633 5242 οὐκ
664 5187 800 5258 ἔφη,
848 5185 1056 5256 Ἀμνὸν
1080 5186 1137 5239 δὲ
1174 5186 1333 5239 αὑτὸν
1364 5186 1620 5239 ἐκάλεσεν
1651 5184 1757 5238 τοῦ
1788 5184 1934 5239 Θεοῦ
1959 5200 1973 5214 '

401 5284 541 5353 ὅπερ
564 5277 632 5352 ἦν
665 5281 835 5352 ὄνομα
864 5279 961 5333 τοῦ
1004 5279 1208 5345 πάθους
1241 5278 1572 5348 σημαντικόν
1593 5294 1609 5310 ·
1646 5277 1875 5349 ἐπείπερ
1919 5279 1978 5330 ἐν

401 5375 483 5446 τῷ
522 5374 682 5428 πάθει
719 5373 819 5445 τὴν
847 5373 1123 5443 ἁμαρτίαν
1155 5370 1467 5425 κατέλυσεν.
1502 5370 1721 5441 Ταύτης
1768 5369 1877 5442 γὰρ
1921 5372 1978 5423 ἐν

402 5468 471 5537 τῇ
502 5463 786 5535 θνητότητι
822 5462 921 5535 τὴν
952 5463 1199 5517 ἐπίτασιν
1234 5462 1535 5533 δεξαμένης
1554 5502 1569 5526 ,
1603 5460 1697 5515 τοῦ
1724 5462 1781 5515 δὲ
1810 5461 1976 5515 θανά·

401 5576 500 5613 του
531 5558 691 5613 πάλιν
724 5557 817 5611 ὑπ’
850 5558 1083 5620 ἐκείναις
1124 5556 1245 5611 καθ’
1279 5556 1434 5629 ἡμῶν
1475 5555 1823 5626 σφιχθέντος,
1857 5557 1981 5624 an-

402 5652 582 5716 λυθως
609 5653 639 5706 δ
668 5650 868 5723 Κύριος
889 5653 921 5723 ἡ
932 5652 1046 5721 μῶν
1072 5654 1100 5705 ὁ
1134 5650 1324 5723 Σωτὴρ
1353 5648 1558 5721 Ἰησοῦς
1575 5648 1827 5722 Χριστὸς.
1844 5646 1979 5705 ἐκείο

484 5833 561 5907 (ι)
594 5834 757 5891 Cord.
784 5845 889 5890 cat.
924 5850 977 5904 p.
1013 5834 1100 5888 ⁸51.

2078 4636 2137 4688 lit
2164 4642 2437 4703 peccatum
2465 4630 2667 4693 mundi,
2703 4644 2811 4684 non
2844 4627 2983 4680 dixit
3009 4645 3023 4681 :
3056 4640 3185 4681 ecce
3212 4621 3387 4677 Filius
3415 4622 3654 4692 unigeni-

2077 4734 2182 4787 tus,
2219 4738 2319 4777 nec
2352 4736 2479 4778 ecce
2512 4722 2599 4791 qui
2628 4728 2705 4773 est
2734 4720 2789 4772 in
2823 4718 2943 4771 sinu
2970 4716 3176 4783 Patris,
3207 4721 3267 4769 ut
3299 4729 3463 4784 supra
3507 4712 3649 4767 vidi-

2074 4833 2199 4872 mus
2234 4818 2309 4887 (v.
2340 4815 2454 4883 18).
2482 4814 2736 4869 Attamen
2778 4810 3058 4866 videretur
3089 4807 3411 4880 magnitudo
3443 4812 3653 4859 natura:

2075 4918 2227 4967 recte
2256 4908 2537 4966 enuntiari
2583 4906 2651 4961 ad
2702 4904 3101 4977 promissiones
3159 4916 3349 4958 eorum
3386 4914 3507 4968 quae
3550 4899 3651 4952 da-

2076 5012 2236 5057 turus
2271 5007 2389 5057 erat
2432 4996 2766 5071 probandas.
2791 4993 2899 5051 Sed
2941 4995 3044 5049 hoc
3083 5008 3197 5049 non
3241 4991 3396 5053 dixit,
3445 4989 3652 5058 Agnum

2076 5110 2211 5151 vero
2268 5092 2364 5147 Dei
2412 5098 2576 5146 vocat
2609 5090 2801 5156 illum,
2842 5104 2954 5159 quo
2994 5086 3183 5158 passio
3217 5081 3651 5152 signiﬁcabatur,

2078 5203 2202 5244 cum
2232 5185 2491 5258 passione
2520 5198 2621 5240 sua
2653 5188 2941 5253 peccatum
2974 5178 3217 5235 diluerit.
3244 5175 3479 5229 Peccato
3505 5172 3651 5227 enim

2078 5283 2135 5336 in
2176 5287 2368 5335 nostra
2398 5276 2735 5332 mortalitate
2764 5282 3024 5343 regnante
3051 5312 3065 5333 ,
3096 5285 3161 5323 ac
3190 5266 3436 5321 vicissim
3479 5274 3654 5319 morte

2078 5381 2301 5445 propter
2334 5378 2617 5443 peccatum
2661 5369 2823 5423 nobis
2854 5366 3187 5426 adhaerente,
3221 5359 3485 5415 Dominus
3552 5372 3653 5413 no-

2081 5475 2195 5521 ster
2222 5462 2384 5519 Jesus
2411 5462 2667 5517 Christus
2695 5456 3009 5523 venil,lianc
3031 5460 3084 5508 et
3102 5451 3235 5506 illud
3259 5450 3420 5507 nobis
3442 5448 3656 5505 condo-

2080 5572 2242 5622 nans;
2258 5570 2322 5610 ac
2345 5562 2520 5609 morte
2543 5569 2637 5624 per
2654 5557 2881 5606 mortem
2901 5563 3054 5603 suam
3076 5541 3656 5611 llestructa,destruxit

2080 5662 2301 5723 quoque
2331 5654 2617 5717 peccatum
2648 5646 2701 5700 in
2741 5649 2931 5699 nostra
2958 5640 3295 5699 mortalitate
3326 5637 3655 5693 radicatum.

2159 5825 2237 5893 (2)
2268 5824 2369 5881 Mai
2402 5824 2530 5880 ibid.
