  <div class='ocr_page' id='page_1' title='image "/cluster/home/n/w/nwhite01/storage/ocr_20150623/66/hvd.32044020884102/377.png"; bbox 0 0 4124 6240; ppageno 0'>
   <div class='ocr_carea' id='block_1_1' title="bbox 461 275 572 333">
    <p class='ocr_par' dir='ltr' id='par_1_1' title="bbox 461 275 572 333">
     <span class='ocr_line' id='line_1_1' title="bbox 461 275 572 333; baseline 0.036 -3"><span class='ocrx_word' id='word_1_1' title='bbox 461 275 572 333; x_wconf 80' lang='grc'><strong>755</strong></span> 
     </span>
    </p>
   </div>
   <div class='ocr_carea' id='block_1_2' title="bbox 1637 278 2534 367">
    <p class='ocr_par' dir='ltr' id='par_1_2' title="bbox 1637 278 2534 367">
     <span class='ocr_line' id='line_1_2' title="bbox 1637 278 2534 367; baseline 0.002 -35"><span class='ocrx_word' id='word_1_2' title='bbox 1637 278 1992 367; x_wconf 62' lang='grc' dir='ltr'><strong>ΤΙΙΕΟΒΟΒΙ</strong></span> <span class='ocrx_word' id='word_1_3' title='bbox 2025 279 2534 338; x_wconf 79' lang='lat' dir='ltr'><strong>MOPSUESTENI-</strong></span> 
     </span>
    </p>
   </div>
   <div class='ocr_carea' id='block_1_3' title="bbox 3604 280 3713 337">
    <p class='ocr_par' dir='ltr' id='par_1_3' title="bbox 3604 280 3713 337">
     <span class='ocr_line' id='line_1_3' title="bbox 3604 280 3713 337; baseline 0.064 -7"><span class='ocrx_word' id='word_1_4' title='bbox 3604 280 3713 337; x_wconf 72' lang='lat'><strong>7’56</strong></span> 
     </span>
    </p>
   </div>
   <div class='ocr_carea' id='block_1_4' title="bbox 460 393 2044 472">
    <p class='ocr_par' dir='ltr' id='par_1_4' title="bbox 460 393 2034 470">
     <span class='ocr_line' id='line_1_4' title="bbox 460 393 2034 470; baseline 0.004 -21"><span class='ocrx_word' id='word_1_5' title='bbox 460 393 574 449; x_wconf 84' lang='lat' dir='ltr'><strong>Nos</strong></span> <span class='ocrx_word' id='word_1_6' title='bbox 607 395 868 465; x_wconf 87' lang='lat' dir='ltr'><strong>verojam</strong></span> <span class='ocrx_word' id='word_1_7' title='bbox 904 396 1250 454; x_wconf 70' lang='lat' dir='ltr'><strong>immortales</strong></span> <span class='ocrx_word' id='word_1_8' title='bbox 1292 397 1494 454; x_wconf 87' lang='lat' dir='ltr'><strong>virtute</strong></span> <span class='ocrx_word' id='word_1_9' title='bbox 1539 399 1951 470; x_wconf 85' lang='lat' dir='ltr'><strong>promissionis,</strong></span> <span class='ocrx_word' id='word_1_10' title='bbox 1977 401 2034 456; x_wconf 92' lang='lat' dir='ltr'><strong>in</strong></span> 
     </span>
    </p>
   </div>
   <div class='ocr_carea' id='block_1_5' title="bbox 2149 393 3712 472">
    <p class='ocr_par' dir='ltr' id='par_1_5' title="bbox 2149 399 3712 472">
     <span class='ocr_line' id='line_1_5' title="bbox 2149 399 3712 472; baseline -0.003 -16"><span class='ocrx_word' id='word_1_11' title='bbox 2149 419 2247 456; x_wconf 84' lang='grc' dir='ltr'><strong>νων</strong></span> <span class='ocrx_word' id='word_1_12' title='bbox 2279 419 2339 456; x_wconf 89' lang='grc' dir='ltr'><strong>τε</strong></span> <span class='ocrx_word' id='word_1_13' title='bbox 2376 400 2512 472; x_wconf 81' lang='grc' dir='ltr'>ὁμοῦ</span> <span class='ocrx_word' id='word_1_14' title='bbox 2556 417 2650 471; x_wconf 87' lang='grc' dir='ltr'><strong>την</strong></span> <span class='ocrx_word' id='word_1_15' title='bbox 2680 415 2986 470; x_wconf 51' lang='grc' dir='ltr'>αμνημστιαν</span> <span class='ocrx_word' id='word_1_16' title='bbox 3014 400 3343 470; x_wconf 77' lang='grc' dir='ltr'>ἐδωρήσατο,</span> <span class='ocrx_word' id='word_1_17' title='bbox 3373 399 3578 452; x_wconf 69' lang='grc' dir='ltr'>καὶτὸν</span> <span class='ocrx_word' id='word_1_18' title='bbox 3616 399 3712 452; x_wconf 82' lang='grc' dir='ltr'>θά-</span> 
     </span>
    </p>
   </div>
   <div class='ocr_carea' id='block_1_6' title="bbox 461 489 2040 562">
    <p class='ocr_par' dir='ltr' id='par_1_6' title="bbox 461 489 2040 562">
     <span class='ocr_line' id='line_1_6' title="bbox 461 489 2040 562; baseline 0.007 -24"><span class='ocrx_word' id='word_1_19' title='bbox 461 497 742 556; x_wconf 88' lang='lat' dir='ltr'><strong>posterum</strong></span> <span class='ocrx_word' id='word_1_20' title='bbox 773 489 953 558; x_wconf 90' lang='lat' dir='ltr'><strong>reipsa</strong></span> <span class='ocrx_word' id='word_1_21' title='bbox 988 490 1403 546; x_wconf 90' lang='lat' dir='ltr'><strong>immortalitate</strong></span> <span class='ocrx_word' id='word_1_22' title='bbox 1440 491 1690 559; x_wconf 89' lang='lat' dir='ltr'><strong>donavit,</strong></span> <span class='ocrx_word' id='word_1_23' title='bbox 1721 501 2040 562; x_wconf 86' lang='lat' dir='ltr'><strong>peccatum-</strong></span> 
     </span>
    </p>
   </div>
   <div class='ocr_carea' id='block_1_7' title="bbox 459 577 2043 656">
    <p class='ocr_par' dir='ltr' id='par_1_7' title="bbox 459 577 2043 656">
     <span class='ocr_line' id='line_1_7' title="bbox 459 577 2043 656; baseline 0.006 -24"><span class='ocrx_word' id='word_1_24' title='bbox 459 593 568 648; x_wconf 88' lang='lat' dir='ltr'><strong>que</strong></span> <span class='ocrx_word' id='word_1_25' title='bbox 597 577 778 634; x_wconf 91' lang='lat' dir='ltr'><strong>diluit.</strong></span> <span class='ocrx_word' id='word_1_26' title='bbox 833 577 1002 636; x_wconf 79' lang='lat' dir='ltr'><strong>Recte</strong></span> <span class='ocrx_word' id='word_1_27' title='bbox 1031 598 1160 655; x_wconf 75' lang='lat' dir='ltr'><strong>ergo</strong></span> <span class='ocrx_word' id='word_1_28' title='bbox 1191 583 1296 638; x_wconf 89' lang='lat' dir='ltr'><strong>hoc</strong></span> <span class='ocrx_word' id='word_1_29' title='bbox 1333 585 1386 637; x_wconf 93' lang='lat' dir='ltr'><strong>in</strong></span> <span class='ocrx_word' id='word_1_30' title='bbox 1415 585 1536 639; x_wconf 92' lang='lat' dir='ltr'><strong>loco</strong></span> <span class='ocrx_word' id='word_1_31' title='bbox 1565 584 1688 656; x_wconf 87' lang='lat' dir='ltr'><strong>agni</strong></span> <span class='ocrx_word' id='word_1_32' title='bbox 1720 601 1912 641; x_wconf 89' lang='lat' dir='ltr'><strong>vocem</strong></span> <span class='ocrx_word' id='word_1_33' title='bbox 1945 586 2043 642; x_wconf 86' lang='lat' dir='ltr'><strong>ad-</strong></span> 
     </span>
    </p>
   </div>
   <div class='ocr_carea' id='block_1_8' title="bbox 464 669 2040 748">
    <p class='ocr_par' dir='ltr' id='par_1_8' title="bbox 464 669 2040 748">
     <span class='ocr_line' id='line_1_8' title="bbox 464 669 2040 748; baseline 0.006 -26"><span class='ocrx_word' id='word_1_34' title='bbox 464 669 664 724; x_wconf 89' lang='lat' dir='ltr'><strong>hibuit.</strong></span> <span class='ocrx_word' id='word_1_35' title='bbox 712 671 910 726; x_wconf 89' lang='lat' dir='ltr'><strong>Dicens</strong></span> <span class='ocrx_word' id='word_1_36' title='bbox 956 683 1136 729; x_wconf 89' lang='lat' dir='ltr'><strong>autem</strong></span> <span class='ocrx_word' id='word_1_37' title='bbox 1174 694 1186 729; x_wconf 91' lang='lat'>:</span> <span class='ocrx_word' id='word_1_38' title='bbox 1225 691 1340 730; x_wconf 83' lang='lat' dir='ltr'><strong>ecce</strong></span> <span class='ocrx_word' id='word_1_39' title='bbox 1380 676 1562 746; x_wconf 78' lang='lat' dir='ltr'><strong>Agnus</strong></span> <span class='ocrx_word' id='word_1_40' title='bbox 1601 677 1737 744; x_wconf 79' lang='lat' dir='ltr'><strong>Dei,</strong></span> <span class='ocrx_word' id='word_1_41' title='bbox 1775 678 1890 748; x_wconf 87' lang='lat' dir='ltr'><strong>jam</strong></span> <span class='ocrx_word' id='word_1_42' title='bbox 1915 695 2040 734; x_wconf 90' lang='lat' dir='ltr'><strong>eum</strong></span> 
     </span>
    </p>
   </div>
   <div class='ocr_carea' id='block_1_9' title="bbox 461 767 2038 840">
    <p class='ocr_par' dir='ltr' id='par_1_9' title="bbox 461 767 2038 840">
     <span class='ocr_line' id='line_1_9' title="bbox 461 767 2038 840; baseline 0.008 -26"><span class='ocrx_word' id='word_1_43' title='bbox 461 773 814 832; x_wconf 76' lang='lat' dir='ltr'><strong>exspectasse</strong></span> <span class='ocrx_word' id='word_1_44' title='bbox 835 767 1074 831; x_wconf 84' lang='lat' dir='ltr'><strong>videtur,</strong></span> <span class='ocrx_word' id='word_1_45' title='bbox 1110 783 1259 822; x_wconf 90' lang='lat' dir='ltr'><strong>nunc</strong></span> <span class='ocrx_word' id='word_1_46' title='bbox 1288 780 1468 824; x_wconf 88' lang='lat' dir='ltr'><strong>autem</strong></span> <span class='ocrx_word' id='word_1_47' title='bbox 1501 771 1677 825; x_wconf 93' lang='lat' dir='ltr'><strong>oculis</strong></span> <span class='ocrx_word' id='word_1_48' title='bbox 1714 781 2038 840; x_wconf 70' lang='lat' dir='ltr'><strong>praesentem</strong></span> 
     </span>
    </p>
   </div>
   <div class='ocr_carea' id='block_1_10' title="bbox 469 852 2035 928">
    <p class='ocr_par' dir='ltr' id='par_1_10' title="bbox 469 852 2035 928">
     <span class='ocr_line' id='line_1_10' title="bbox 469 852 2035 928; baseline 0.007 -25"><span class='ocrx_word' id='word_1_49' title='bbox 469 852 870 915; x_wconf 80' lang='lat' dir='ltr'><strong>lemonstrans,</strong></span> <span class='ocrx_word' id='word_1_50' title='bbox 909 871 970 909; x_wconf 91' lang='lat' dir='ltr'><strong>se</strong></span> <span class='ocrx_word' id='word_1_51' title='bbox 999 872 1105 910; x_wconf 90' lang='lat' dir='ltr'><strong>non</strong></span> <span class='ocrx_word' id='word_1_52' title='bbox 1146 857 1358 911; x_wconf 91' lang='lat' dir='ltr'><strong>diutius</strong></span> <span class='ocrx_word' id='word_1_53' title='bbox 1389 869 1717 928; x_wconf 79' lang='lat' dir='ltr'><strong>exspectare</strong></span> <span class='ocrx_word' id='word_1_54' title='bbox 1748 860 2035 926; x_wconf 87' lang='lat' dir='ltr'><strong>ostendit;</strong></span> 
     </span>
    </p>
   </div>
   <div class='ocr_carea' id='block_1_11' title="bbox 487 946 2039 1008">
    <p class='ocr_par' dir='ltr' id='par_1_11' title="bbox 487 946 2039 1008">
     <span class='ocr_line' id='line_1_11' title="bbox 487 946 2039 1008; baseline 0.007 -13"><span class='ocrx_word' id='word_1_55' title='bbox 487 960 592 997; x_wconf 71' lang='lat' dir='ltr'><strong>tam</strong></span> <span class='ocrx_word' id='word_1_56' title='bbox 620 946 795 1000; x_wconf 81' lang='lat' dir='ltr'><strong>Isaias</strong></span> <span class='ocrx_word' id='word_1_57' title='bbox 819 948 1035 1001; x_wconf 78' lang='lat' dir='ltr'><strong>dixerat</strong></span> <span class='ocrx_word' id='word_1_58' title='bbox 1064 966 1077 1002; x_wconf 84' lang='lat'><strong>;</strong></span> <span class='ocrx_word' id='word_1_59' title='bbox 1104 947 1249 1004; x_wconf 83' lang='lat' dir='ltr'><strong>Sicut</strong></span> <span class='ocrx_word' id='word_1_60' title='bbox 1271 952 1378 1004; x_wconf 83' lang='lat' dir='ltr'><strong>ovis</strong></span> <span class='ocrx_word' id='word_1_61' title='bbox 1409 951 1476 1004; x_wconf 85' lang='lat' dir='ltr'><strong>ad</strong></span> <span class='ocrx_word' id='word_1_62' title='bbox 1503 953 1819 1006; x_wconf 75' lang='lat' dir='ltr'><strong>occisionem</strong></span> <span class='ocrx_word' id='word_1_63' title='bbox 1847 954 2039 1008; x_wconf 80' lang='lat' dir='ltr'><strong>ductus</strong></span> 
     </span>
    </p>
   </div>
   <div class='ocr_carea' id='block_1_12' title="bbox 493 1039 2042 1109">
    <p class='ocr_par' dir='ltr' id='par_1_12' title="bbox 493 1039 2042 1109">
     <span class='ocr_line' id='line_1_12' title="bbox 493 1039 2042 1109; baseline 0.007 -22"><span class='ocrx_word' id='word_1_64' title='bbox 493 1045 538 1088; x_wconf 77' lang='lat' dir='ltr'><strong>st</strong></span> <span class='ocrx_word' id='word_1_65' title='bbox 565 1077 579 1100; x_wconf 93' lang='lat'><strong>,</strong></span> <span class='ocrx_word' id='word_1_66' title='bbox 616 1047 664 1090; x_wconf 83' lang='lat' dir='ltr'><strong>et</strong></span> <span class='ocrx_word' id='word_1_67' title='bbox 716 1039 853 1091; x_wconf 71' lang='lat' dir='ltr'><strong>sicut</strong></span> <span class='ocrx_word' id='word_1_68' title='bbox 902 1057 1067 1109; x_wconf 81' lang='lat' dir='ltr'><strong>agnus</strong></span> <span class='ocrx_word' id='word_1_69' title='bbox 1123 1057 1303 1095; x_wconf 84' lang='lat' dir='ltr'><strong>coram</strong></span> <span class='ocrx_word' id='word_1_70' title='bbox 1359 1043 1600 1098; x_wconf 79' lang='lat' dir='ltr'><strong>tondente</strong></span> <span class='ocrx_word' id='word_1_71' title='bbox 1633 1062 1688 1098; x_wconf 77' lang='lat' dir='ltr'><strong>se</strong></span> <span class='ocrx_word' id='word_1_72' title='bbox 1727 1045 2042 1100; x_wconf 82' lang='lat' dir='ltr'><strong>obmutescet</strong></span> 
     </span>
    </p>
   </div>
   <div class='ocr_carea' id='block_1_13' title="bbox 465 1126 2040 1206">
    <p class='ocr_par' dir='ltr' id='par_1_13' title="bbox 465 1126 2040 1206">
     <span class='ocr_line' id='line_1_13' title="bbox 465 1126 2040 1206; baseline 0.009 -26"><span class='ocrx_word' id='word_1_73' title='bbox 465 1126 602 1190; x_wconf 67' lang='lat' dir='ltr'><strong>(lca.</strong></span> <span class='ocrx_word' id='word_1_74' title='bbox 638 1144 755 1192; x_wconf 80' lang='lat' dir='ltr'>LIII,</span> <span class='ocrx_word' id='word_1_75' title='bbox 795 1131 870 1202; x_wconf 84' lang='lat'><strong>7).</strong></span> <span class='ocrx_word' id='word_1_76' title='bbox 905 1133 1008 1198; x_wconf 83' lang='lat' dir='ltr'><strong>Qui</strong></span> <span class='ocrx_word' id='word_1_77' title='bbox 1040 1135 1336 1190; x_wconf 84' lang='lat' dir='ltr'><strong>credebant</strong></span> <span class='ocrx_word' id='word_1_78' title='bbox 1373 1138 1654 1206; x_wconf 70' lang='lat' dir='ltr'><strong>prophetat</strong></span> <span class='ocrx_word' id='word_1_79' title='bbox 1684 1139 1891 1200; x_wconf 88' lang='lat' dir='ltr'><strong>verbis.</strong></span> <span class='ocrx_word' id='word_1_80' title='bbox 1918 1140 2040 1194; x_wconf 90' lang='lat' dir='ltr'><strong>illos</strong></span> 
     </span>
    </p>
   </div>
   <div class='ocr_carea' id='block_1_14' title="bbox 465 1216 2042 1300">
    <p class='ocr_par' dir='ltr' id='par_1_14' title="bbox 465 1216 2042 1300">
     <span class='ocr_line' id='line_1_14' title="bbox 465 1216 2042 1300; baseline 0.006 -25"><span class='ocrx_word' id='word_1_81' title='bbox 465 1222 610 1277; x_wconf 91' lang='lat' dir='ltr'><strong>hunc</strong></span> <span class='ocrx_word' id='word_1_82' title='bbox 644 1216 968 1294; x_wconf 81' lang='lat' dir='ltr'><strong>exSpectare</strong></span> <span class='ocrx_word' id='word_1_83' title='bbox 992 1225 1220 1293; x_wconf 89' lang='lat' dir='ltr'><strong>sciebat,</strong></span> <span class='ocrx_word' id='word_1_84' title='bbox 1253 1229 1462 1284; x_wconf 87' lang='lat' dir='ltr'><strong>scilicet</strong></span> <span class='ocrx_word' id='word_1_85' title='bbox 1487 1245 1818 1300; x_wconf 81' lang='lat' dir='ltr'><strong>quemquam</strong></span> <span class='ocrx_word' id='word_1_86' title='bbox 1847 1241 2042 1285; x_wconf 88' lang='lat' dir='ltr'><strong>ventu-</strong></span> 
     </span>
    </p>
   </div>
   <div class='ocr_carea' id='block_1_15' title="bbox 464 1315 2039 1390">
    <p class='ocr_par' dir='ltr' id='par_1_15' title="bbox 464 1315 2039 1390">
     <span class='ocr_line' id='line_1_15' title="bbox 464 1315 2039 1390; baseline 0.008 -25"><span class='ocrx_word' id='word_1_87' title='bbox 464 1327 586 1366; x_wconf 91' lang='lat' dir='ltr'><strong>rum</strong></span> <span class='ocrx_word' id='word_1_88' title='bbox 631 1329 754 1371; x_wconf 89' lang='lat' dir='ltr'><strong>esse</strong></span> <span class='ocrx_word' id='word_1_89' title='bbox 799 1315 898 1385; x_wconf 87' lang='lat' dir='ltr'><strong>qui</strong></span> <span class='ocrx_word' id='word_1_90' title='bbox 943 1317 1058 1373; x_wconf 84' lang='lat' dir='ltr'><strong>suis</strong></span> <span class='ocrx_word' id='word_1_91' title='bbox 1102 1319 1466 1388; x_wconf 86' lang='lat' dir='ltr'><strong>passionibus.</strong></span> <span class='ocrx_word' id='word_1_92' title='bbox 1508 1321 1748 1390; x_wconf 71' lang='lat' dir='ltr'><strong>perﬁecte</strong></span> <span class='ocrx_word' id='word_1_93' title='bbox 1793 1325 2039 1378; x_wconf 85' lang='lat' dir='ltr'><strong>omnium</strong></span> 
     </span>
    </p>
   </div>
   <div class='ocr_carea' id='block_1_16' title="bbox 465 1405 2042 1480">
    <p class='ocr_par' dir='ltr' id='par_1_16' title="bbox 465 1405 2042 1480">
     <span class='ocr_line' id='line_1_16' title="bbox 465 1405 2042 1480; baseline 0.006 -22"><span class='ocrx_word' id='word_1_94' title='bbox 465 1413 688 1473; x_wconf 79' lang='lat' dir='ltr'><strong>peccata</strong></span> <span class='ocrx_word' id='word_1_95' title='bbox 713 1405 1108 1464; x_wconf 85' lang='lat' dir='ltr'><strong>dilueret.Ecce</strong></span> <span class='ocrx_word' id='word_1_96' title='bbox 1137 1409 1319 1480; x_wconf 73' lang='lat' dir='ltr'><strong>Agnus</strong></span> <span class='ocrx_word' id='word_1_97' title='bbox 1353 1412 1472 1478; x_wconf 83' lang='lat' dir='ltr'><strong>Dei,</strong></span> <span class='ocrx_word' id='word_1_98' title='bbox 1503 1413 1717 1468; x_wconf 89' lang='lat' dir='ltr'><strong>scilicet</strong></span> <span class='ocrx_word' id='word_1_99' title='bbox 1741 1414 1830 1468; x_wconf 88' lang='lat' dir='ltr'><strong>hic</strong></span> <span class='ocrx_word' id='word_1_100' title='bbox 1859 1425 1944 1468; x_wconf 90' lang='lat' dir='ltr'><strong>est</strong></span> <span class='ocrx_word' id='word_1_101' title='bbox 1977 1413 2042 1468; x_wconf 90' lang='lat' dir='ltr'><strong>de</strong></span> 
     </span>
    </p>
   </div>
   <div class='ocr_carea' id='block_1_17' title="bbox 465 1499 2040 1577">
    <p class='ocr_par' dir='ltr' id='par_1_17' title="bbox 465 1499 2040 1577">
     <span class='ocr_line' id='line_1_17' title="bbox 465 1499 2040 1577; baseline 0.008 -30"><span class='ocrx_word' id='word_1_102' title='bbox 465 1509 576 1564; x_wconf 87' lang='lat' dir='ltr'><strong>quo</strong></span> <span class='ocrx_word' id='word_1_103' title='bbox 628 1499 978 1568; x_wconf 83' lang='lat' dir='ltr'><strong>prepbetavit</strong></span> <span class='ocrx_word' id='word_1_104' title='bbox 1027 1502 1222 1560; x_wconf 81' lang='lat' dir='ltr'><strong>Isaias.</strong></span> <span class='ocrx_word' id='word_1_105' title='bbox 1274 1503 1681 1577; x_wconf 83' lang='lat' dir='ltr'><strong>Advertendum</strong></span> <span class='ocrx_word' id='word_1_106' title='bbox 1726 1517 1811 1560; x_wconf 91' lang='lat' dir='ltr'><strong>est</strong></span> <span class='ocrx_word' id='word_1_107' title='bbox 1856 1514 2040 1562; x_wconf 90' lang='lat' dir='ltr'><strong>tamen</strong></span> 
     </span>
    </p>
   </div>
   <div class='ocr_carea' id='block_1_18' title="bbox 465 1590 2040 1668">
    <p class='ocr_par' dir='ltr' id='par_1_18' title="bbox 465 1590 2040 1668">
     <span class='ocr_line' id='line_1_18' title="bbox 465 1590 2040 1668; baseline 0.01 -31"><span class='ocrx_word' id='word_1_108' title='bbox 465 1590 738 1660; x_wconf 85' lang='lat' dir='ltr'><strong>quomodo</strong></span> <span class='ocrx_word' id='word_1_109' title='bbox 758 1591 1099 1662; x_wconf 82' lang='lat' dir='ltr'><strong>Evangelista</strong></span> <span class='ocrx_word' id='word_1_110' title='bbox 1126 1593 1324 1649; x_wconf 84' lang='lat' dir='ltr'><strong>dixerit</strong></span> <span class='ocrx_word' id='word_1_111' title='bbox 1348 1595 1414 1649; x_wconf 91' lang='lat' dir='ltr'><strong>ad</strong></span> <span class='ocrx_word' id='word_1_112' title='bbox 1443 1598 1615 1665; x_wconf 88' lang='lat' dir='ltr'><strong>ipsum</strong></span> <span class='ocrx_word' id='word_1_113' title='bbox 1643 1599 1858 1653; x_wconf 84' lang='lat' dir='ltr'><strong>venisse</strong></span> <span class='ocrx_word' id='word_1_114' title='bbox 1879 1606 2040 1668; x_wconf 86' lang='lat' dir='ltr'><strong>(non-</strong></span> 
     </span>
    </p>
   </div>
   <div class='ocr_carea' id='block_1_19' title="bbox 466 1677 2044 1752">
    <p class='ocr_par' dir='ltr' id='par_1_19' title="bbox 466 1677 2044 1752">
     <span class='ocr_line' id='line_1_19' title="bbox 466 1677 2044 1752; baseline 0.009 -21"><span class='ocrx_word' id='word_1_115' title='bbox 466 1677 595 1732; x_wconf 88' lang='lat' dir='ltr'><strong>dnm</strong></span> <span class='ocrx_word' id='word_1_116' title='bbox 619 1690 800 1735; x_wconf 88' lang='lat' dir='ltr'><strong>autem</strong></span> <span class='ocrx_word' id='word_1_117' title='bbox 822 1683 1134 1751; x_wconf 79' lang='lat' dir='ltr'><strong>baptizatus</strong></span> <span class='ocrx_word' id='word_1_118' title='bbox 1155 1683 1376 1752; x_wconf 84' lang='lat' dir='ltr'><strong>fuerat).</strong></span> <span class='ocrx_word' id='word_1_119' title='bbox 1402 1686 1478 1740; x_wconf 90' lang='lat' dir='ltr'><strong>lta</strong></span> <span class='ocrx_word' id='word_1_120' title='bbox 1501 1703 1566 1742; x_wconf 84' lang='lat' dir='ltr'><strong>ex</strong></span> <span class='ocrx_word' id='word_1_121' title='bbox 1589 1689 1844 1744; x_wconf 85' lang='lat' dir='ltr'><strong>omnibus</strong></span> <span class='ocrx_word' id='word_1_122' title='bbox 1861 1689 2044 1746; x_wconf 87' lang='lat' dir='ltr'><strong>dicere</strong></span> 
     </span>
    </p>
   </div>
   <div class='ocr_carea' id='block_1_20' title="bbox 465 1771 2034 1854">
    <p class='ocr_par' dir='ltr' id='par_1_20' title="bbox 465 1771 2034 1854">
     <span class='ocr_line' id='line_1_20' title="bbox 465 1771 2034 1854; baseline 0.011 -32"><span class='ocrx_word' id='word_1_123' title='bbox 465 1771 669 1827; x_wconf 86' lang='lat' dir='ltr'><strong>omissa</strong></span> <span class='ocrx_word' id='word_1_124' title='bbox 707 1772 965 1832; x_wconf 84' lang='lat' dir='ltr'><strong>festinare</strong></span> <span class='ocrx_word' id='word_1_125' title='bbox 995 1776 1235 1842; x_wconf 85' lang='lat' dir='ltr'><strong>videtur,</strong></span> <span class='ocrx_word' id='word_1_126' title='bbox 1261 1779 1418 1834; x_wconf 81' lang='lat' dir='ltr'><strong>dicta.</strong></span> <span class='ocrx_word' id='word_1_127' title='bbox 1431 1796 1564 1836; x_wconf 87' lang='lat' dir='ltr'><strong>vero</strong></span> <span class='ocrx_word' id='word_1_128' title='bbox 1587 1782 1812 1850; x_wconf 84' lang='lat' dir='ltr'><strong>iterare,</strong></span> <span class='ocrx_word' id='word_1_129' title='bbox 1840 1798 2034 1854; x_wconf 89' lang='lat' dir='ltr'><strong>super-</strong></span> 
     </span>
    </p>
   </div>
   <div class='ocr_carea' id='block_1_21' title="bbox 467 1862 992 1922">
    <p class='ocr_par' dir='ltr' id='par_1_21' title="bbox 467 1862 992 1922">
     <span class='ocr_line' id='line_1_21' title="bbox 467 1862 992 1922; baseline 0.015 -7"><span class='ocrx_word' id='word_1_130' title='bbox 467 1862 635 1918; x_wconf 80' lang='lat' dir='ltr'><strong>ﬂuum</strong></span> <span class='ocrx_word' id='word_1_131' title='bbox 670 1867 992 1922; x_wconf 86' lang='lat' dir='ltr'><strong>existimans</strong></span> 
     </span>
    </p>
   </div>
   <div class='ocr_carea' id='block_1_22' title="bbox 2143 490 3714 562">
    <p class='ocr_par' dir='ltr' id='par_1_22' title="bbox 2143 490 3714 562">
     <span class='ocr_line' id='line_1_22' title="bbox 2143 490 3714 562; baseline -0.003 -13"><span class='ocrx_word' id='word_1_132' title='bbox 2143 511 2302 549; x_wconf 89' lang='grc' dir='ltr'>νατον</span> <span class='ocrx_word' id='word_1_133' title='bbox 2325 493 2415 546; x_wconf 83' lang='grc' dir='ltr'>διὰ</span> <span class='ocrx_word' id='word_1_134' title='bbox 2442 492 2536 546; x_wconf 87' lang='grc' dir='ltr'><strong>τοῦ</strong></span> <span class='ocrx_word' id='word_1_135' title='bbox 2564 492 2764 546; x_wconf 80' lang='grc' dir='ltr'><strong>οἰκείου</strong></span> <span class='ocrx_word' id='word_1_136' title='bbox 2791 491 2958 553; x_wconf 81' lang='grc' dir='ltr'><strong>λύσας</strong></span> <span class='ocrx_word' id='word_1_137' title='bbox 2979 492 3212 546; x_wconf 86' lang='grc' dir='ltr'>θανάτου</span> <span class='ocrx_word' id='word_1_138' title='bbox 3236 533 3249 557; x_wconf 93' lang='grc'><strong>,</strong></span> <span class='ocrx_word' id='word_1_139' title='bbox 3273 491 3468 544; x_wconf 71' lang='grc' dir='ltr'>’ἀνεῖλε</span> <span class='ocrx_word' id='word_1_140' title='bbox 3491 494 3588 561; x_wconf 69' lang='grc' dir='ltr'><strong>μέν</strong></span> <span class='ocrx_word' id='word_1_141' title='bbox 3617 490 3714 562; x_wconf 71' lang='grc' dir='ltr'>τὴν</span> 
     </span>
    </p>
   </div>
   <div class='ocr_carea' id='block_1_23' title="bbox 2143 581 3712 656">
    <p class='ocr_par' dir='ltr' id='par_1_23' title="bbox 2143 581 3712 656">
     <span class='ocr_line' id='line_1_23' title="bbox 2143 581 3712 656; baseline -0.003 -17"><span class='ocrx_word' id='word_1_142' title='bbox 2143 586 2201 639; x_wconf 84' lang='grc' dir='ltr'>ὲν</span> <span class='ocrx_word' id='word_1_143' title='bbox 2227 588 2293 656; x_wconf 85' lang='grc' dir='ltr'>τῇ</span> <span class='ocrx_word' id='word_1_144' title='bbox 2327 583 2484 652; x_wconf 85' lang='grc' dir='ltr'>φύσει</span> <span class='ocrx_word' id='word_1_145' title='bbox 2527 585 2627 652; x_wconf 80' lang='grc' dir='ltr'>τῆς</span> <span class='ocrx_word' id='word_1_146' title='bbox 2667 583 2989 653; x_wconf 84' lang='grc' dir='ltr'>θνητότητος</span> <span class='ocrx_word' id='word_1_147' title='bbox 3021 581 3376 654; x_wconf 73' lang='grc' dir='ltr'>ἐρῤιζομένην</span> <span class='ocrx_word' id='word_1_148' title='bbox 3423 582 3712 652; x_wconf 83' lang='grc' dir='ltr'>ἁμαρτίαν,</span> 
     </span>
    </p>
   </div>
   <div class='ocr_carea' id='block_1_24' title="bbox 2144 674 3713 747">
    <p class='ocr_par' dir='ltr' id='par_1_24' title="bbox 2144 674 3713 747">
     <span class='ocr_line' id='line_1_24' title="bbox 2144 674 3713 747; baseline -0.002 -15"><span class='ocrx_word' id='word_1_149' title='bbox 2144 678 2442 741; x_wconf 83' lang='grc' dir='ltr'><strong>ἀθανάτους</strong></span> <span class='ocrx_word' id='word_1_150' title='bbox 2471 677 2526 730; x_wconf 82' lang='grc' dir='ltr'>δὲ</span> <span class='ocrx_word' id='word_1_151' title='bbox 2557 677 2657 747; x_wconf 76' lang='grc' dir='ltr'>ἤδη</span> <span class='ocrx_word' id='word_1_152' title='bbox 2704 676 2801 746; x_wconf 85' lang='grc' dir='ltr'><strong>μὲν</strong></span> <span class='ocrx_word' id='word_1_153' title='bbox 2828 678 2898 746; x_wconf 77' lang='grc' dir='ltr'>τῇ</span> <span class='ocrx_word' id='word_1_154' title='bbox 2925 674 3227 746; x_wconf 69' lang='grc' dir='ltr'>ἐπαγγελίᾳ</span> <span class='ocrx_word' id='word_1_155' title='bbox 3248 717 3262 741; x_wconf 92' lang='grc'><strong>,</strong></span> <span class='ocrx_word' id='word_1_156' title='bbox 3295 676 3376 739; x_wconf 84' lang='grc' dir='ltr'>εἰς</span> <span class='ocrx_word' id='word_1_157' title='bbox 3406 675 3630 746; x_wconf 78' lang='grc' dir='ltr'>ὕστερον</span> <span class='ocrx_word' id='word_1_158' title='bbox 3657 675 3713 729; x_wconf 82' lang='grc' dir='ltr'>δὲ</span> 
     </span>
    </p>
   </div>
   <div class='ocr_carea' id='block_1_25' title="bbox 2143 766 3713 840">
    <p class='ocr_par' dir='ltr' id='par_1_25' title="bbox 2143 766 3713 840">
     <span class='ocr_line' id='line_1_25' title="bbox 2143 766 3713 840; baseline -0.002 -17"><span class='ocrx_word' id='word_1_159' title='bbox 2143 770 2237 824; x_wconf 77' lang='grc' dir='ltr'><strong>καὶ</strong></span> <span class='ocrx_word' id='word_1_160' title='bbox 2263 768 2346 839; x_wconf 82' lang='grc' dir='ltr'>τῷ</span> <span class='ocrx_word' id='word_1_161' title='bbox 2373 769 2655 840; x_wconf 78' lang='grc' dir='ltr'><strong>πράγματι</strong></span> <span class='ocrx_word' id='word_1_162' title='bbox 2689 767 3058 838; x_wconf 84' lang='grc' dir='ltr'>ἐργασάμενος</span> <span class='ocrx_word' id='word_1_163' title='bbox 3098 767 3176 836; x_wconf 82' lang='grc' dir='ltr'>τῷ</span> <span class='ocrx_word' id='word_1_164' title='bbox 3207 767 3364 837; x_wconf 83' lang='grc' dir='ltr'><strong>δώρῳ</strong></span> <span class='ocrx_word' id='word_1_165' title='bbox 3389 766 3488 837; x_wconf 81' lang='grc' dir='ltr'>τῆς</span> <span class='ocrx_word' id='word_1_166' title='bbox 3511 767 3713 821; x_wconf 88' lang='grc' dir='ltr'>ἀθανα-</span> 
     </span>
    </p>
   </div>
   <div class='ocr_carea' id='block_1_26' title="bbox 2150 858 3714 930">
    <p class='ocr_par' dir='ltr' id='par_1_26' title="bbox 2150 858 3714 930">
     <span class='ocr_line' id='line_1_26' title="bbox 2150 858 3714 930; baseline -0.003 -16"><span class='ocrx_word' id='word_1_167' title='bbox 2150 861 2269 924; x_wconf 76' lang='grc' dir='ltr'>σίας</span> <span class='ocrx_word' id='word_1_168' title='bbox 2291 903 2305 928; x_wconf 92' lang='grc'><strong>,</strong></span> <span class='ocrx_word' id='word_1_169' title='bbox 2336 862 2431 914; x_wconf 78' lang='grc' dir='ltr'><strong>καὶ</strong></span> <span class='ocrx_word' id='word_1_170' title='bbox 2467 861 2564 930; x_wconf 78' lang='grc' dir='ltr'>τὴν</span> <span class='ocrx_word' id='word_1_171' title='bbox 2610 859 2881 930; x_wconf 82' lang='grc' dir='ltr'><strong>ἁμαρτίαν</strong></span> <span class='ocrx_word' id='word_1_172' title='bbox 2928 858 3223 912; x_wconf 71' lang='grc' dir='ltr'><strong>κατέλυσεν</strong></span> <span class='ocrx_word' id='word_1_173' title='bbox 3247 877 3260 890; x_wconf 88' lang='grc'>·</span> <span class='ocrx_word' id='word_1_174' title='bbox 3296 858 3714 912; x_wconf 82' lang='grc' dir='ltr'>ἀκολουθότατον</span> 
     </span>
    </p>
   </div>
   <div class='ocr_carea' id='block_1_27' title="bbox 2148 950 3712 1023">
    <p class='ocr_par' dir='ltr' id='par_1_27' title="bbox 2148 950 3712 1023">
     <span class='ocr_line' id='line_1_27' title="bbox 2148 950 3712 1023; baseline -0.003 -17"><span class='ocrx_word' id='word_1_175' title='bbox 2148 955 2323 1006; x_wconf 81' lang='grc' dir='ltr'>τοίνυν</span> <span class='ocrx_word' id='word_1_176' title='bbox 2352 952 2584 1006; x_wconf 78' lang='grc' dir='ltr'>ἐνταῦθα</span> <span class='ocrx_word' id='word_1_177' title='bbox 2611 955 2676 1023; x_wconf 79' lang='grc' dir='ltr'>τῇ</span> <span class='ocrx_word' id='word_1_178' title='bbox 2705 950 2798 1003; x_wconf 88' lang='grc' dir='ltr'><strong>τοῦ</strong></span> <span class='ocrx_word' id='word_1_179' title='bbox 2835 951 3026 1020; x_wconf 75' lang='grc' dir='ltr'><strong>ἀμνοῦ</strong></span> <span class='ocrx_word' id='word_1_180' title='bbox 3059 951 3395 1022; x_wconf 78' lang='grc' dir='ltr'>προσηγορία</span> <span class='ocrx_word' id='word_1_181' title='bbox 3428 951 3712 1021; x_wconf 81' lang='grc' dir='ltr'>ἐχρήσατο.</span> 
     </span>
    </p>
   </div>
   <div class='ocr_carea' id='block_1_28' title="bbox 2146 1041 3714 1114">
    <p class='ocr_par' dir='ltr' id='par_1_28' title="bbox 2146 1041 3714 1114">
     <span class='ocr_line' id='line_1_28' title="bbox 2146 1041 3714 1114; baseline -0.003 -16"><span class='ocrx_word' id='word_1_182' title='bbox 2146 1045 2609 1114; x_wconf 84' lang='grc' dir='ltr'>Φαίνεται-μέντοι</span> <span class='ocrx_word' id='word_1_183' title='bbox 2638 1046 2730 1098; x_wconf 77' lang='grc' dir='ltr'><strong>καὶ</strong></span> <span class='ocrx_word' id='word_1_184' title='bbox 2761 1045 2964 1107; x_wconf 83' lang='grc' dir='ltr'>τὸ,Ἴδε</span> <span class='ocrx_word' id='word_1_185' title='bbox 2999 1047 3030 1097; x_wconf 87' lang='grc' dir='ltr'><strong>ό</strong></span> <span class='ocrx_word' id='word_1_186' title='bbox 3067 1045 3271 1112; x_wconf 73' lang='grc' dir='ltr'>Ἀμνὸς</span> <span class='ocrx_word' id='word_1_187' title='bbox 3301 1041 3407 1096; x_wconf 83' lang='grc' dir='ltr'><strong>τοῦ</strong></span> <span class='ocrx_word' id='word_1_188' title='bbox 3439 1041 3607 1108; x_wconf 84' lang='grc' dir='ltr'><strong>Θεοῦ,</strong></span> <span class='ocrx_word' id='word_1_189' title='bbox 3628 1041 3714 1094; x_wconf 84' lang='grc' dir='ltr'>λέ-</span> 
     </span>
    </p>
   </div>
   <div class='ocr_carea' id='block_1_29' title="bbox 2146 1133 3716 1209">
    <p class='ocr_par' dir='ltr' id='par_1_29' title="bbox 2146 1133 3716 1209">
     <span class='ocr_line' id='line_1_29' title="bbox 2146 1133 3716 1209; baseline -0.005 -16"><span class='ocrx_word' id='word_1_190' title='bbox 2146 1158 2256 1209; x_wconf 92' lang='grc' dir='ltr'><strong>γων</strong></span> <span class='ocrx_word' id='word_1_191' title='bbox 2297 1141 2374 1203; x_wconf 85' lang='grc' dir='ltr'>ὼς</span> <span class='ocrx_word' id='word_1_192' title='bbox 2413 1140 2479 1193; x_wconf 82' lang='grc' dir='ltr'><strong>ἂν</strong></span> <span class='ocrx_word' id='word_1_193' title='bbox 2511 1137 2611 1209; x_wconf 77' lang='grc' dir='ltr'>ἤδη</span> <span class='ocrx_word' id='word_1_194' title='bbox 2653 1137 2751 1207; x_wconf 81' lang='grc' dir='ltr'>μὲν</span> <span class='ocrx_word' id='word_1_195' title='bbox 2774 1136 2934 1189; x_wconf 80' lang='grc' dir='ltr'>αὐτὸν</span> <span class='ocrx_word' id='word_1_196' title='bbox 2963 1135 3409 1207; x_wconf 70' lang='grc' dir='ltr'>προσδοκώμενον</span> <span class='ocrx_word' id='word_1_197' title='bbox 3433 1177 3448 1200; x_wconf 94' lang='grc'><strong>,</strong></span> <span class='ocrx_word' id='word_1_198' title='bbox 3478 1133 3716 1204; x_wconf 83' lang='grc' dir='ltr'>παρόντα</span> 
     </span>
    </p>
   </div>
   <div class='ocr_carea' id='block_1_30' title="bbox 2146 1224 3714 1300">
    <p class='ocr_par' dir='ltr' id='par_1_30' title="bbox 2146 1224 3714 1300">
     <span class='ocr_line' id='line_1_30' title="bbox 2146 1224 3714 1300; baseline -0.006 -16"><span class='ocrx_word' id='word_1_199' title='bbox 2146 1232 2202 1285; x_wconf 78' lang='grc' dir='ltr'>δὲ</span> <span class='ocrx_word' id='word_1_200' title='bbox 2241 1229 2334 1285; x_wconf 89' lang='grc' dir='ltr'><strong>νῦν</strong></span> <span class='ocrx_word' id='word_1_201' title='bbox 2366 1233 2475 1293; x_wconf 84' lang='grc' dir='ltr'>τοῖς</span> <span class='ocrx_word' id='word_1_202' title='bbox 2511 1230 2707 1300; x_wconf 84' lang='grc' dir='ltr'>ὁρῶσιν</span> <span class='ocrx_word' id='word_1_203' title='bbox 2741 1229 3055 1289; x_wconf 81' lang='grc' dir='ltr'>ὑποδεικνὺς</span> <span class='ocrx_word' id='word_1_204' title='bbox 3075 1267 3088 1282; x_wconf 87' lang='grc'><strong>.</strong></span> <span class='ocrx_word' id='word_1_205' title='bbox 3118 1225 3391 1280; x_wconf 70' lang='grc' dir='ltr'>καὶτοῦτο</span> <span class='ocrx_word' id='word_1_206' title='bbox 3417 1224 3714 1292; x_wconf 60' lang='grc' dir='ltr'>οὑκὴλπι-</span> 
     </span>
    </p>
   </div>
   <div class='ocr_carea' id='block_1_31' title="bbox 2150 1316 3717 1392">
    <p class='ocr_par' dir='ltr' id='par_1_31' title="bbox 2150 1316 3717 1392">
     <span class='ocr_line' id='line_1_31' title="bbox 2150 1316 3717 1392; baseline -0.006 -14"><span class='ocrx_word' id='word_1_207' title='bbox 2150 1325 2306 1389; x_wconf 78' lang='grc' dir='ltr'>κότος</span> <span class='ocrx_word' id='word_1_208' title='bbox 2327 1341 2340 1354; x_wconf 90' lang='grc'><strong>·</strong></span> <span class='ocrx_word' id='word_1_209' title='bbox 2375 1323 2560 1392; x_wconf 81' lang='grc' dir='ltr'>ἐπειδὴ</span> <span class='ocrx_word' id='word_1_210' title='bbox 2585 1323 2693 1392; x_wconf 86' lang='grc' dir='ltr'><strong>γὰρ</strong></span> <span class='ocrx_word' id='word_1_211' title='bbox 2721 1322 2861 1374; x_wconf 80' lang='grc' dir='ltr'>κατὰ</span> <span class='ocrx_word' id='word_1_212' title='bbox 2877 1321 2974 1392; x_wconf 76' lang='grc' dir='ltr'><strong>τὴν</strong></span> <span class='ocrx_word' id='word_1_213' title='bbox 3015 1320 3230 1372; x_wconf 78' lang='grc' dir='ltr'>Ἡσαΐου</span> <span class='ocrx_word' id='word_1_214' title='bbox 3253 1319 3452 1389; x_wconf 77' lang='grc' dir='ltr'>φωνὴν,</span> <span class='ocrx_word' id='word_1_215' title='bbox 3487 1317 3606 1385; x_wconf 82' lang='grc' dir='ltr'>τὴν,</span> <span class='ocrx_word' id='word_1_216' title='bbox 3622 1316 3717 1381; x_wconf 84' lang='grc' dir='ltr'>Ὠς</span> 
     </span>
    </p>
   </div>
   <div class='ocr_carea' id='block_1_32' title="bbox 2151 1408 3717 1485">
    <p class='ocr_par' dir='ltr' id='par_1_32' title="bbox 2151 1408 3717 1485">
     <span class='ocr_line' id='line_1_32' title="bbox 2151 1408 3717 1485; baseline -0.007 -15"><span class='ocrx_word' id='word_1_217' title='bbox 2151 1418 2446 1485; x_wconf 72' lang='grc' dir='ltr'>πρόϐατον</span> <span class='ocrx_word' id='word_1_218' title='bbox 2471 1414 2568 1468; x_wconf 73' lang='grc' dir='ltr'><strong>ἐπὶ</strong></span> <span class='ocrx_word' id='word_1_219' title='bbox 2595 1414 2839 1482; x_wconf 65' lang='grc' dir='ltr'>σφαγὴν</span> <span class='ocrx_word' id='word_1_220' title='bbox 2868 1413 3022 1482; x_wconf 78' lang='grc' dir='ltr'><strong>ἤχθη</strong></span> <span class='ocrx_word' id='word_1_221' title='bbox 3044 1456 3059 1477; x_wconf 92' lang='grc'><strong>,</strong></span> <span class='ocrx_word' id='word_1_222' title='bbox 3107 1411 3202 1466; x_wconf 76' lang='grc' dir='ltr'>καὶ</span> <span class='ocrx_word' id='word_1_223' title='bbox 3245 1411 3324 1477; x_wconf 85' lang='grc' dir='ltr'>ὡς</span> <span class='ocrx_word' id='word_1_224' title='bbox 3349 1409 3537 1476; x_wconf 79' lang='grc' dir='ltr'>ἀμνὸς</span> <span class='ocrx_word' id='word_1_225' title='bbox 3565 1408 3717 1480; x_wconf 64' lang='grc' dir='ltr'>ἀερω-</span> 
     </span>
    </p>
   </div>
   <div class='ocr_carea' id='block_1_33' title="bbox 2148 1498 3742 1574">
    <p class='ocr_par' dir='ltr' id='par_1_33' title="bbox 2148 1498 3742 1574">
     <span class='ocr_line' id='line_1_33' title="bbox 2148 1498 3742 1574; baseline -0.008 -12"><span class='ocrx_word' id='word_1_226' title='bbox 2148 1525 2254 1574; x_wconf 84' lang='grc' dir='ltr'><strong>νος</strong></span> <span class='ocrx_word' id='word_1_227' title='bbox 2282 1508 2483 1564; x_wconf 72' lang='grc' dir='ltr'>ἔναντι</span> <span class='ocrx_word' id='word_1_228' title='bbox 2511 1507 2616 1561; x_wconf 88' lang='grc' dir='ltr'><strong>τοῦ</strong></span> <span class='ocrx_word' id='word_1_229' title='bbox 2651 1507 2960 1574; x_wconf 78' lang='grc' dir='ltr'>κείραντος</span> <span class='ocrx_word' id='word_1_230' title='bbox 2985 1507 3168 1560; x_wconf 81' lang='grc' dir='ltr'>αὐτόν</span> <span class='ocrx_word' id='word_1_231' title='bbox 3193 1521 3206 1535; x_wconf 70' lang='grc' dir='ltr'><em>υ</em></span> <span class='ocrx_word' id='word_1_232' title='bbox 3236 1502 3536 1574; x_wconf 77' lang='grc' dir='ltr'>προσδοκᾷν</span> <span class='ocrx_word' id='word_1_233' title='bbox 3559 1498 3742 1551; x_wconf 75' lang='grc' dir='ltr'>αὐτὸν,</span> 
     </span>
    </p>
   </div>
   <div class='ocr_carea' id='block_1_34' title="bbox 2150 1589 3718 1672">
    <p class='ocr_par' dir='ltr' id='par_1_34' title="bbox 2150 1589 3718 1672">
     <span class='ocr_line' id='line_1_34' title="bbox 2150 1589 3718 1672; baseline -0.007 -20"><span class='ocrx_word' id='word_1_234' title='bbox 2150 1603 2216 1672; x_wconf 80' lang='grc' dir='ltr'>τῇ</span> <span class='ocrx_word' id='word_1_235' title='bbox 2246 1601 2552 1669; x_wconf 83' lang='grc' dir='ltr'>προφητικῇ</span> <span class='ocrx_word' id='word_1_236' title='bbox 2583 1597 3110 1658; x_wconf 85' lang='grc' dir='ltr'>κατακολουθοῦντας</span> <span class='ocrx_word' id='word_1_237' title='bbox 3139 1595 3237 1667; x_wconf 69' lang='grc' dir='ltr'>ἥδη</span> <span class='ocrx_word' id='word_1_238' title='bbox 3264 1597 3412 1664; x_wconf 81' lang='grc' dir='ltr'>φωνῇ</span> <span class='ocrx_word' id='word_1_239' title='bbox 3436 1634 3450 1654; x_wconf 88' lang='grc'><strong>,</strong></span> <span class='ocrx_word' id='word_1_240' title='bbox 3477 1593 3552 1654; x_wconf 85' lang='grc' dir='ltr'><strong>ὡς</strong></span> <span class='ocrx_word' id='word_1_241' title='bbox 3573 1589 3718 1642; x_wconf 82' lang='grc' dir='ltr'>ἐλεύ-</span> 
     </span>
    </p>
   </div>
   <div class='ocr_carea' id='block_1_35' title="bbox 2153 1684 3717 1762">
    <p class='ocr_par' dir='ltr' id='par_1_35' title="bbox 2153 1684 3717 1762">
     <span class='ocr_line' id='line_1_35' title="bbox 2153 1684 3717 1762; baseline -0.008 -15"><span class='ocrx_word' id='word_1_242' title='bbox 2153 1694 2303 1747; x_wconf 83' lang='grc' dir='ltr'>σεταί</span> <span class='ocrx_word' id='word_1_243' title='bbox 2325 1711 2407 1757; x_wconf 89' lang='grc' dir='ltr'><strong>τις</strong></span> <span class='ocrx_word' id='word_1_244' title='bbox 2434 1693 2494 1756; x_wconf 76' lang='grc' dir='ltr'>ὃς</span> <span class='ocrx_word' id='word_1_245' title='bbox 2522 1692 2660 1762; x_wconf 77' lang='grc' dir='ltr'>ὑπὲρ</span> <span class='ocrx_word' id='word_1_246' title='bbox 2689 1691 2906 1744; x_wconf 82' lang='grc' dir='ltr'>πάντων</span> <span class='ocrx_word' id='word_1_247' title='bbox 2938 1687 3125 1742; x_wconf 88' lang='grc' dir='ltr'>παθὼν</span> <span class='ocrx_word' id='word_1_248' title='bbox 3159 1688 3312 1741; x_wconf 83' lang='grc' dir='ltr'>λύσει</span> <span class='ocrx_word' id='word_1_249' title='bbox 3340 1685 3439 1750; x_wconf 81' lang='grc' dir='ltr'>τὰς</span> <span class='ocrx_word' id='word_1_250' title='bbox 3468 1684 3717 1739; x_wconf 82' lang='grc' dir='ltr'>ἁπάντων</span> 
     </span>
    </p>
   </div>
   <div class='ocr_carea' id='block_1_36' title="bbox 2141 1775 3740 1856">
    <p class='ocr_par' dir='ltr' id='par_1_36' title="bbox 2141 1775 3740 1856">
     <span class='ocr_line' id='line_1_36' title="bbox 2141 1775 3740 1856; baseline -0.007 -17"><span class='ocrx_word' id='word_1_251' title='bbox 2141 1785 2413 1856; x_wconf 85' lang='grc' dir='ltr'>ἁμαρτίας</span> <span class='ocrx_word' id='word_1_252' title='bbox 2440 1784 2791 1847; x_wconf 68' lang='grc' dir='ltr'>είκότως.,Τὸ</span> <span class='ocrx_word' id='word_1_253' title='bbox 2827 1783 2906 1844; x_wconf 88' lang='grc' dir='ltr'><strong>δὲ,</strong></span> <span class='ocrx_word' id='word_1_254' title='bbox 2939 1781 3051 1836; x_wconf 84' lang='grc' dir='ltr'>Ἴδε</span> <span class='ocrx_word' id='word_1_255' title='bbox 3092 1784 3123 1834; x_wconf 83' lang='grc' dir='ltr'><strong>ό</strong></span> <span class='ocrx_word' id='word_1_256' title='bbox 3159 1781 3360 1849; x_wconf 77' lang='grc' dir='ltr'>Ἀμνός</span> <span class='ocrx_word' id='word_1_257' title='bbox 3402 1777 3506 1831; x_wconf 84' lang='grc' dir='ltr'><strong>τοῦ</strong></span> <span class='ocrx_word' id='word_1_258' title='bbox 3549 1775 3740 1839; x_wconf 61' lang='grc' dir='ltr'>Θεοῦ,</span> 
     </span>
    </p>
   </div>
   <div class='ocr_carea' id='block_1_37' title="bbox 2076 1865 3712 1946">
    <p class='ocr_par' dir='ltr' id='par_1_37' title="bbox 2076 1865 3712 1946">
     <span class='ocr_line' id='line_1_37' title="bbox 2076 1865 3712 1946; baseline -0.007 -15"><span class='ocrx_word' id='word_1_259' title='bbox 2076 1865 2116 1918; x_wconf 78' lang='grc' dir='ltr'><strong><em>Β</em></strong></span> <span class='ocrx_word' id='word_1_260' title='bbox 2145 1875 2440 1943; x_wconf 71' lang='grc' dir='ltr'>τουτέστιν,</span> <span class='ocrx_word' id='word_1_261' title='bbox 2459 1869 2626 1939; x_wconf 70' lang='grc' dir='ltr'>Οὗτος</span> <span class='ocrx_word' id='word_1_262' title='bbox 2658 1875 2860 1936; x_wconf 74' lang='grc' dir='ltr'>ἐκεῖνος</span> <span class='ocrx_word' id='word_1_263' title='bbox 2885 1874 3012 1946; x_wconf 69' lang='grc' dir='ltr'>περὶ</span> <span class='ocrx_word' id='word_1_264' title='bbox 3031 1867 3091 1927; x_wconf 74' lang='grc' dir='ltr'><strong>οῦ</strong></span> <span class='ocrx_word' id='word_1_265' title='bbox 3114 1871 3434 1943; x_wconf 81' lang='grc' dir='ltr'>προείρηκεν</span> <span class='ocrx_word' id='word_1_266' title='bbox 3471 1869 3712 1930; x_wconf 70' lang='grc' dir='ltr'>Ἠσαῖαςο</span> 
     </span>
    </p>
   </div>
   <div class='ocr_carea' id='block_1_38' title="bbox 465 1958 3744 2040">
    <p class='ocr_par' dir='ltr' id='par_1_38' title="bbox 465 1958 3744 2040">
     <span class='ocr_line' id='line_1_38' title="bbox 465 1958 3744 2040; baseline 0.001 -33"><span class='ocrx_word' id='word_1_267' title='bbox 465 1958 703 2027; x_wconf 74' lang='grc' dir='ltr'>κάκείνῳ</span> <span class='ocrx_word' id='word_1_268' title='bbox 730 1960 911 2028; x_wconf 85' lang='grc' dir='ltr'>μέντοι</span> <span class='ocrx_word' id='word_1_269' title='bbox 944 1962 1268 2032; x_wconf 76' lang='grc' dir='ltr'>προσεκτέον</span> <span class='ocrx_word' id='word_1_270' title='bbox 1300 1964 1446 2028; x_wconf 79' lang='grc' dir='ltr'>ὅπως</span> <span class='ocrx_word' id='word_1_271' title='bbox 1477 1968 1504 2018; x_wconf 88' lang='grc' dir='ltr'>ὁ</span> <span class='ocrx_word' id='word_1_272' title='bbox 1535 1966 1923 2039; x_wconf 80' lang='grc' dir='ltr'>εύαγγελιστὴς</span> <span class='ocrx_word' id='word_1_273' title='bbox 1952 1967 2012 2021; x_wconf 81' lang='grc' dir='ltr'><strong>τὸ</strong></span> <span class='ocrx_word' id='word_1_274' title='bbox 2055 1970 2150 2038; x_wconf 80' lang='grc' dir='ltr'><strong>μὲν</strong></span> <span class='ocrx_word' id='word_1_275' title='bbox 2197 1971 2276 2022; x_wconf 80' lang='grc' dir='ltr'>ὅτι</span> <span class='ocrx_word' id='word_1_276' title='bbox 2322 1969 2456 2040; x_wconf 82' lang='grc' dir='ltr'>πρὸς</span> <span class='ocrx_word' id='word_1_277' title='bbox 2487 1969 2646 2023; x_wconf 83' lang='grc' dir='ltr'>αὑτὸν</span> <span class='ocrx_word' id='word_1_278' title='bbox 2683 1965 2937 2037; x_wconf 72' lang='grc' dir='ltr'>ἐλήλυθεν</span> <span class='ocrx_word' id='word_1_279' title='bbox 2959 2007 2973 2030; x_wconf 94' lang='grc'><strong>,</strong></span> <span class='ocrx_word' id='word_1_280' title='bbox 3027 1961 3178 2018; x_wconf 81' lang='grc' dir='ltr'>εἶπεν</span> <span class='ocrx_word' id='word_1_281' title='bbox 3200 1981 3213 1994; x_wconf 92' lang='grc'><strong>·</strong></span> <span class='ocrx_word' id='word_1_282' title='bbox 3254 1965 3334 2016; x_wconf 84' lang='grc' dir='ltr'>ὅτι</span> <span class='ocrx_word' id='word_1_283' title='bbox 3399 1962 3452 2014; x_wconf 79' lang='grc' dir='ltr'>δὲ</span> <span class='ocrx_word' id='word_1_284' title='bbox 3500 1959 3744 2012; x_wconf 66' lang='grc' dir='ltr'>ἐϐαπτίο.</span> 
     </span>
    </p>
   </div>
   <div class='ocr_carea' id='block_1_39' title="bbox 467 2047 3717 2135">
    <p class='ocr_par' dir='ltr' id='par_1_39' title="bbox 467 2047 3717 2135">
     <span class='ocr_line' id='line_1_39' title="bbox 467 2047 3717 2135; baseline 0.002 -35"><span class='ocrx_word' id='word_1_285' title='bbox 467 2047 588 2118; x_wconf 83' lang='grc' dir='ltr'>σθη,</span> <span class='ocrx_word' id='word_1_286' title='bbox 626 2051 724 2102; x_wconf 80' lang='grc' dir='ltr'>οὐκ</span> <span class='ocrx_word' id='word_1_287' title='bbox 762 2051 874 2104; x_wconf 79' lang='grc' dir='ltr'>ἔτι·</span> <span class='ocrx_word' id='word_1_288' title='bbox 909 2053 1051 2106; x_wconf 75' lang='grc' dir='ltr'>οὕτω</span> <span class='ocrx_word' id='word_1_289' title='bbox 1083 2055 1146 2107; x_wconf 85' lang='grc' dir='ltr'>δι’</span> <span class='ocrx_word' id='word_1_290' title='bbox 1185 2055 1305 2108; x_wconf 85' lang='grc' dir='ltr'>ὅλου</span> <span class='ocrx_word' id='word_1_291' title='bbox 1347 2059 1590 2127; x_wconf 85' lang='grc' dir='ltr'>φαίνεται</span> <span class='ocrx_word' id='word_1_292' title='bbox 1630 2061 1696 2114; x_wconf 74' lang='grc' dir='ltr'>τὰ</span> <span class='ocrx_word' id='word_1_293' title='bbox 1730 2061 1828 2130; x_wconf 81' lang='grc' dir='ltr'><strong>μὲν</strong></span> <span class='ocrx_word' id='word_1_294' title='bbox 1865 2062 2338 2135; x_wconf 74' lang='grc' dir='ltr'>παραλελειμμένα</span> <span class='ocrx_word' id='word_1_295' title='bbox 2365 2062 2676 2127; x_wconf 73' lang='grc' dir='ltr'>σπουδάζων</span> <span class='ocrx_word' id='word_1_296' title='bbox 2697 2062 2891 2128; x_wconf 77' lang='grc' dir='ltr'>εἰπεῖν,</span> <span class='ocrx_word' id='word_1_297' title='bbox 2958 2058 3027 2114; x_wconf 81' lang='grc' dir='ltr'><strong>τὰ</strong></span> <span class='ocrx_word' id='word_1_298' title='bbox 3095 2058 3151 2111; x_wconf 81' lang='grc' dir='ltr'>δὲ</span> <span class='ocrx_word' id='word_1_299' title='bbox 3211 2056 3472 2126; x_wconf 77' lang='grc' dir='ltr'>εἰρημένα</span> <span class='ocrx_word' id='word_1_300' title='bbox 3537 2054 3717 2107; x_wconf 87' lang='grc' dir='ltr'>δευτε-</span> 
     </span>
    </p>
   </div>
   <div class='ocr_carea' id='block_1_40' title="bbox 467 2135 1191 2214">
    <p class='ocr_par' dir='ltr' id='par_1_40' title="bbox 467 2135 1191 2214">
     <span class='ocr_line' id='line_1_40' title="bbox 467 2135 1191 2214; baseline 0.019 -27"><span class='ocrx_word' id='word_1_301' title='bbox 467 2135 615 2208; x_wconf 88' lang='grc' dir='ltr'>ροῦν,</span> <span class='ocrx_word' id='word_1_302' title='bbox 649 2141 918 2211; x_wconf 81' lang='grc' dir='ltr'>περιττὸν-</span> <span class='ocrx_word' id='word_1_303' title='bbox 935 2142 1191 2214; x_wconf 83' lang='grc' dir='ltr'>νομίζων.</span> 
     </span>
    </p>
   </div>
   <div class='ocr_carea' id='block_1_41' title="bbox 539 2273 2038 2346">
    <p class='ocr_par' dir='ltr' id='par_1_41' title="bbox 539 2273 2038 2346">
     <span class='ocr_line' id='line_1_41' title="bbox 539 2273 2038 2346; baseline 0.014 -21"><span class='ocrx_word' id='word_1_304' title='bbox 539 2273 702 2330; x_wconf 74' lang='lat' dir='ltr'><strong>Vens.</strong></span> <span class='ocrx_word' id='word_1_305' title='bbox 733 2277 822 2332; x_wconf 83' lang='lat'><strong>52.</strong></span> <span class='ocrx_word' id='word_1_306' title='bbox 868 2309 942 2321; x_wconf 89' lang='lat'><strong><em>—-</em></strong></span> <span class='ocrx_word' id='word_1_307' title='bbox 971 2279 1104 2338; x_wconf 85' lang='lat' dir='ltr'><strong>Inde</strong></span> <span class='ocrx_word' id='word_1_308' title='bbox 1152 2285 1507 2342; x_wconf 83' lang='lat' dir='ltr'><strong>manifestum</strong></span> <span class='ocrx_word' id='word_1_309' title='bbox 1557 2298 1642 2343; x_wconf 87' lang='lat' dir='ltr'><strong>est</strong></span> <span class='ocrx_word' id='word_1_310' title='bbox 1692 2304 1799 2344; x_wconf 90' lang='lat' dir='ltr'><strong>non</strong></span> <span class='ocrx_word' id='word_1_311' title='bbox 1848 2307 2038 2346; x_wconf 77' lang='lat' dir='ltr'><strong>omnes</strong></span> 
     </span>
    </p>
   </div>
   <div class='ocr_carea' id='block_1_42' title="bbox 467 2370 2038 2448">
    <p class='ocr_par' dir='ltr' id='par_1_42' title="bbox 467 2370 2038 2448">
     <span class='ocr_line' id='line_1_42' title="bbox 467 2370 2038 2448; baseline 0.01 -30"><span class='ocrx_word' id='word_1_312' title='bbox 467 2375 712 2424; x_wconf 81' lang='lat' dir='ltr'><strong>astantes</strong></span> <span class='ocrx_word' id='word_1_313' title='bbox 769 2370 1034 2440; x_wconf 89' lang='lat' dir='ltr'><strong>Spiritum</strong></span> <span class='ocrx_word' id='word_1_314' title='bbox 1101 2385 1354 2431; x_wconf 85' lang='lat' dir='ltr'><strong>sanctum</strong></span> <span class='ocrx_word' id='word_1_315' title='bbox 1411 2387 1672 2448; x_wconf 78' lang='lat' dir='ltr'><strong>tanquam</strong></span> <span class='ocrx_word' id='word_1_316' title='bbox 1729 2382 2038 2436; x_wconf 78' lang='lat' dir='ltr'><strong>columbam</strong></span> 
     </span>
    </p>
   </div>
   <div class='ocr_carea' id='block_1_43' title="bbox 465 2456 2039 2541">
    <p class='ocr_par' dir='ltr' id='par_1_43' title="bbox 465 2456 2039 2541">
     <span class='ocr_line' id='line_1_43' title="bbox 465 2456 2039 2541; baseline 0.01 -30"><span class='ocrx_word' id='word_1_317' title='bbox 465 2456 885 2516; x_wconf 83' lang='lat' dir='ltr'><strong>descendentem</strong></span> <span class='ocrx_word' id='word_1_318' title='bbox 932 2465 1178 2530; x_wconf 84' lang='lat' dir='ltr'><strong>vidisse,</strong></span> <span class='ocrx_word' id='word_1_319' title='bbox 1233 2469 1327 2524; x_wconf 85' lang='lat' dir='ltr'><strong>sed</strong></span> <span class='ocrx_word' id='word_1_320' title='bbox 1381 2473 1680 2526; x_wconf 84' lang='lat' dir='ltr'><strong>secundum</strong></span> <span class='ocrx_word' id='word_1_321' title='bbox 1749 2474 2039 2541; x_wconf 84' lang='lat' dir='ltr'><strong>quamdam</strong></span> 
     </span>
    </p>
   </div>
   <div class='ocr_carea' id='block_1_44' title="bbox 465 2551 2043 2628">
    <p class='ocr_par' dir='ltr' id='par_1_44' title="bbox 465 2551 2043 2628">
     <span class='ocr_line' id='line_1_44' title="bbox 465 2551 2043 2628; baseline 0.009 -24"><span class='ocrx_word' id='word_1_322' title='bbox 465 2551 806 2619; x_wconf 84' lang='lat' dir='ltr'><strong>spiritualem</strong></span> <span class='ocrx_word' id='word_1_323' title='bbox 839 2555 1102 2612; x_wconf 79' lang='lat' dir='ltr'><strong>visionem</strong></span> <span class='ocrx_word' id='word_1_324' title='bbox 1131 2561 1308 2614; x_wconf 90' lang='lat' dir='ltr'><strong>solum</strong></span> <span class='ocrx_word' id='word_1_325' title='bbox 1340 2560 1606 2618; x_wconf 82' lang='lat' dir='ltr'><strong>Joannem</strong></span> <span class='ocrx_word' id='word_1_326' title='bbox 1635 2565 1859 2628; x_wconf 84' lang='lat' dir='ltr'><strong>vidisse,</strong></span> <span class='ocrx_word' id='word_1_327' title='bbox 1897 2566 2043 2620; x_wconf 72' lang='lat' dir='ltr'><strong>sicut</strong></span> 
     </span>
    </p>
   </div>
   <div class='ocr_carea' id='block_1_45' title="bbox 465 2644 2043 2715">
    <p class='ocr_par' dir='ltr' id='par_1_45' title="bbox 465 2644 2043 2715">
     <span class='ocr_line' id='line_1_45' title="bbox 465 2644 2043 2715; baseline 0.01 -21"><span class='ocrx_word' id='word_1_328' title='bbox 465 2644 745 2715; x_wconf 65' lang='lat' dir='ltr'><strong>prophetae</strong></span> <span class='ocrx_word' id='word_1_329' title='bbox 795 2648 849 2700; x_wconf 92' lang='lat' dir='ltr'><strong>in</strong></span> <span class='ocrx_word' id='word_1_330' title='bbox 901 2650 1080 2704; x_wconf 89' lang='lat' dir='ltr'><strong>medio</strong></span> <span class='ocrx_word' id='word_1_331' title='bbox 1121 2653 1419 2707; x_wconf 91' lang='lat' dir='ltr'><strong>multorum</strong></span> <span class='ocrx_word' id='word_1_332' title='bbox 1451 2655 1707 2709; x_wconf 90' lang='lat' dir='ltr'><strong>omnibus</strong></span> <span class='ocrx_word' id='word_1_333' title='bbox 1738 2655 2043 2709; x_wconf 81' lang='lat' dir='ltr'><strong>invisibilia</strong></span> 
     </span>
    </p>
   </div>
   <div class='ocr_carea' id='block_1_46' title="bbox 465 2727 2036 2816">
    <p class='ocr_par' dir='ltr' id='par_1_46' title="bbox 465 2727 2036 2816">
     <span class='ocr_line' id='line_1_46' title="bbox 465 2727 2036 2816; baseline 0.008 -29"><span class='ocrx_word' id='word_1_334' title='bbox 465 2727 654 2792; x_wconf 88' lang='lat' dir='ltr'><strong>videre</strong></span> <span class='ocrx_word' id='word_1_335' title='bbox 695 2739 965 2794; x_wconf 83' lang='lat' dir='ltr'><strong>solebant.</strong></span> <span class='ocrx_word' id='word_1_336' title='bbox 1015 2741 1186 2796; x_wconf 87' lang='lat' dir='ltr'><strong>Porro</strong></span> <span class='ocrx_word' id='word_1_337' title='bbox 1233 2745 1622 2800; x_wconf 87' lang='lat' dir='ltr'><strong>stultissimum</strong></span> <span class='ocrx_word' id='word_1_338' title='bbox 1671 2755 1756 2800; x_wconf 90' lang='lat' dir='ltr'><strong>est</strong></span> <span class='ocrx_word' id='word_1_339' title='bbox 1806 2751 1950 2816; x_wconf 86' lang='lat' dir='ltr'><strong>quod</strong></span> <span class='ocrx_word' id='word_1_340' title='bbox 2008 2764 2036 2800; x_wconf 90' lang='lat' dir='ltr'><strong>a</strong></span> 
     </span>
    </p>
   </div>
   <div class='ocr_carea' id='block_1_47' title="bbox 467 2829 2041 2898">
    <p class='ocr_par' dir='ltr' id='par_1_47' title="bbox 467 2829 2041 2898">
     <span class='ocr_line' id='line_1_47' title="bbox 467 2829 2041 2898; baseline 0.007 -18"><span class='ocrx_word' id='word_1_341' title='bbox 467 2829 803 2898; x_wconf 73' lang='lat' dir='ltr'><strong>quibusdam</strong></span> <span class='ocrx_word' id='word_1_342' title='bbox 829 2831 1056 2896; x_wconf 91' lang='lat' dir='ltr'><strong>dicitur,</strong></span> <span class='ocrx_word' id='word_1_343' title='bbox 1085 2834 1299 2890; x_wconf 89' lang='lat' dir='ltr'><strong>scilicet</strong></span> <span class='ocrx_word' id='word_1_344' title='bbox 1329 2835 1453 2892; x_wconf 83' lang='lat' dir='ltr'><strong>ideo</strong></span> <span class='ocrx_word' id='word_1_345' title='bbox 1475 2837 1700 2893; x_wconf 82' lang='lat' dir='ltr'><strong>ChriSto</strong></span> <span class='ocrx_word' id='word_1_346' title='bbox 1727 2839 2041 2894; x_wconf 80' lang='lat' dir='ltr'><strong>inferiorem</strong></span> 
     </span>
    </p>
   </div>
   <div class='ocr_carea' id='block_1_48' title="bbox 467 2920 2044 2998">
    <p class='ocr_par' dir='ltr' id='par_1_48' title="bbox 467 2920 2044 2998">
     <span class='ocr_line' id='line_1_48' title="bbox 467 2920 2044 2998; baseline 0.007 -25"><span class='ocrx_word' id='word_1_347' title='bbox 467 2921 682 2974; x_wconf 79' lang='lat' dir='ltr'><strong>ostendi</strong></span> <span class='ocrx_word' id='word_1_348' title='bbox 723 2920 988 2990; x_wconf 89' lang='lat' dir='ltr'><strong>Spiritum</strong></span> <span class='ocrx_word' id='word_1_349' title='bbox 1031 2936 1304 2990; x_wconf 87' lang='lat' dir='ltr'><strong>sanctum,</strong></span> <span class='ocrx_word' id='word_1_350' title='bbox 1340 2929 1486 2998; x_wconf 87' lang='lat' dir='ltr'><strong>quod</strong></span> <span class='ocrx_word' id='word_1_351' title='bbox 1531 2929 1785 2984; x_wconf 86' lang='lat' dir='ltr'><strong>columba</strong></span> <span class='ocrx_word' id='word_1_352' title='bbox 1823 2930 2044 2986; x_wconf 89' lang='lat' dir='ltr'><strong>homine</strong></span> 
     </span>
    </p>
   </div>
   <div class='ocr_carea' id='block_1_49' title="bbox 469 3011 2043 3090">
    <p class='ocr_par' dir='ltr' id='par_1_49' title="bbox 469 3011 2043 3090">
     <span class='ocr_line' id='line_1_49' title="bbox 469 3011 2043 3090; baseline 0.004 -24"><span class='ocrx_word' id='word_1_353' title='bbox 469 3012 540 3066; x_wconf 83' lang='lat' dir='ltr'><strong>sit</strong></span> <span class='ocrx_word' id='word_1_354' title='bbox 572 3011 830 3081; x_wconf 74' lang='lat' dir='ltr'><strong>inferior;</strong></span> <span class='ocrx_word' id='word_1_355' title='bbox 858 3029 983 3070; x_wconf 86' lang='lat' dir='ltr'><strong>nam</strong></span> <span class='ocrx_word' id='word_1_356' title='bbox 1013 3016 1174 3082; x_wconf 82' lang='lat' dir='ltr'><strong>visio,</strong></span> <span class='ocrx_word' id='word_1_357' title='bbox 1207 3033 1314 3072; x_wconf 91' lang='lat' dir='ltr'><strong>non</strong></span> <span class='ocrx_word' id='word_1_358' title='bbox 1340 3027 1537 3073; x_wconf 87' lang='lat' dir='ltr'><strong>natura</strong></span> <span class='ocrx_word' id='word_1_359' title='bbox 1559 3030 1678 3075; x_wconf 85' lang='lat' dir='ltr'><strong>erat</strong></span> <span class='ocrx_word' id='word_1_360' title='bbox 1704 3021 1850 3090; x_wconf 84' lang='lat' dir='ltr'><strong>quod</strong></span> <span class='ocrx_word' id='word_1_361' title='bbox 1874 3036 2043 3090; x_wconf 63' lang='lat' dir='ltr'><strong>appa-</strong></span> 
     </span>
    </p>
   </div>
   <div class='ocr_carea' id='block_1_50' title="bbox 469 3102 2043 3181">
    <p class='ocr_par' dir='ltr' id='par_1_50' title="bbox 469 3102 2043 3181">
     <span class='ocr_line' id='line_1_50' title="bbox 469 3102 2043 3181; baseline 0.004 -23"><span class='ocrx_word' id='word_1_362' title='bbox 469 3104 645 3166; x_wconf 80' lang='lat' dir='ltr'><strong>rebat.</strong></span> <span class='ocrx_word' id='word_1_363' title='bbox 670 3102 899 3174; x_wconf 84' lang='lat' dir='ltr'><strong>Insuper</strong></span> <span class='ocrx_word' id='word_1_364' title='bbox 929 3105 976 3160; x_wconf 78' lang='lat' dir='ltr'><strong>si</strong></span> <span class='ocrx_word' id='word_1_365' title='bbox 1027 3123 1139 3162; x_wconf 86' lang='lat' dir='ltr'><strong>non</strong></span> <span class='ocrx_word' id='word_1_366' title='bbox 1175 3109 1315 3163; x_wconf 79' lang='lat' dir='ltr'><strong>dixit</strong></span> <span class='ocrx_word' id='word_1_367' title='bbox 1343 3129 1355 3164; x_wconf 88' lang='lat'><strong>:</strong></span> <span class='ocrx_word' id='word_1_368' title='bbox 1389 3112 1690 3181; x_wconf 79' lang='lat' dir='ltr'><strong>unigenitus</strong></span> <span class='ocrx_word' id='word_1_369' title='bbox 1721 3111 1922 3172; x_wconf 76' lang='lat' dir='ltr'><strong>Filius.</strong></span> <span class='ocrx_word' id='word_1_370' title='bbox 1960 3113 2043 3165; x_wconf 86' lang='lat' dir='ltr'><strong>vel</strong></span> 
     </span>
    </p>
   </div>
   <div class='ocr_carea' id='block_1_51' title="bbox 469 3196 2044 3266">
    <p class='ocr_par' dir='ltr' id='par_1_51' title="bbox 469 3196 2044 3266">
     <span class='ocr_line' id='line_1_51' title="bbox 469 3196 2044 3266; baseline 0.006 -18"><span class='ocrx_word' id='word_1_371' title='bbox 469 3196 559 3266; x_wconf 86' lang='lat' dir='ltr'><strong>qui</strong></span> <span class='ocrx_word' id='word_1_372' title='bbox 585 3205 661 3251; x_wconf 75' lang='lat' dir='ltr'><strong>cat</strong></span> <span class='ocrx_word' id='word_1_373' title='bbox 687 3197 742 3249; x_wconf 82' lang='lat' dir='ltr'><strong>in</strong></span> <span class='ocrx_word' id='word_1_374' title='bbox 772 3199 893 3251; x_wconf 78' lang='lat' dir='ltr'><strong>sinu</strong></span> <span class='ocrx_word' id='word_1_375' title='bbox 929 3197 1141 3262; x_wconf 71' lang='lat' dir='ltr'><strong>Patris,</strong></span> <span class='ocrx_word' id='word_1_376' title='bbox 1176 3216 1300 3255; x_wconf 92' lang='lat' dir='ltr'><strong>cum</strong></span> <span class='ocrx_word' id='word_1_377' title='bbox 1334 3202 1406 3258; x_wconf 88' lang='lat' dir='ltr'><strong>sit</strong></span> <span class='ocrx_word' id='word_1_378' title='bbox 1438 3204 1604 3259; x_wconf 88' lang='lat' dir='ltr'><strong>unius</strong></span> <span class='ocrx_word' id='word_1_379' title='bbox 1637 3197 1734 3258; x_wconf 83' lang='lat' dir='ltr'><strong>Dei</strong></span> <span class='ocrx_word' id='word_1_380' title='bbox 1769 3205 2044 3258; x_wconf 84' lang='lat' dir='ltr'><strong>dimittere</strong></span> 
     </span>
    </p>
   </div>
   <div class='ocr_carea' id='block_1_52' title="bbox 470 3293 2043 3361">
    <p class='ocr_par' dir='ltr' id='par_1_52' title="bbox 470 3293 2043 3361">
     <span class='ocr_line' id='line_1_52' title="bbox 470 3293 2043 3361; baseline 0.003 -18"><span class='ocrx_word' id='word_1_381' title='bbox 470 3296 729 3357; x_wconf 86' lang='lat' dir='ltr'><strong>peccata,</strong></span> <span class='ocrx_word' id='word_1_382' title='bbox 773 3305 872 3360; x_wconf 87' lang='lat' dir='ltr'><strong>per</strong></span> <span class='ocrx_word' id='word_1_383' title='bbox 906 3307 1100 3361; x_wconf 86' lang='lat' dir='ltr'><strong>agnum</strong></span> <span class='ocrx_word' id='word_1_384' title='bbox 1152 3293 1590 3350; x_wconf 89' lang='lat' dir='ltr'><strong>incarnationem</strong></span> <span class='ocrx_word' id='word_1_385' title='bbox 1629 3296 2004 3350; x_wconf 74' lang='lat' dir='ltr'><strong>manifestavit</strong></span> <span class='ocrx_word' id='word_1_386' title='bbox 2030 3337 2043 3360; x_wconf 86' lang='lat'><strong>,</strong></span> 
     </span>
    </p>
   </div>
   <div class='ocr_carea' id='block_1_53' title="bbox 470 3381 2045 3458">
    <p class='ocr_par' dir='ltr' id='par_1_53' title="bbox 470 3381 2045 3458">
     <span class='ocr_line' id='line_1_53' title="bbox 470 3381 2045 3458; baseline 0.004 -24"><span class='ocrx_word' id='word_1_387' title='bbox 470 3388 524 3435; x_wconf 86' lang='lat' dir='ltr'><strong>et</strong></span> <span class='ocrx_word' id='word_1_388' title='bbox 556 3396 650 3450; x_wconf 89' lang='lat' dir='ltr'><strong>per</strong></span> <span class='ocrx_word' id='word_1_389' title='bbox 682 3381 784 3435; x_wconf 79' lang='lat' dir='ltr'><strong>hoc</strong></span> <span class='ocrx_word' id='word_1_390' title='bbox 815 3382 960 3454; x_wconf 85' lang='lat' dir='ltr'><strong>quod</strong></span> <span class='ocrx_word' id='word_1_391' title='bbox 988 3384 1220 3440; x_wconf 85' lang='lat' dir='ltr'><strong>habebat</strong></span> <span class='ocrx_word' id='word_1_392' title='bbox 1249 3387 1392 3454; x_wconf 86' lang='lat' dir='ltr'><strong>quod</strong></span> <span class='ocrx_word' id='word_1_393' title='bbox 1425 3387 1732 3444; x_wconf 84' lang='lat' dir='ltr'><strong>divinitatis</strong></span> <span class='ocrx_word' id='word_1_394' title='bbox 1761 3387 2045 3458; x_wconf 89' lang='lat' dir='ltr'><strong>proprium</strong></span> 
     </span>
    </p>
   </div>
   <div class='ocr_carea' id='block_1_54' title="bbox 470 3473 2047 3549">
    <p class='ocr_par' dir='ltr' id='par_1_54' title="bbox 470 3473 2047 3549">
     <span class='ocr_line' id='line_1_54' title="bbox 470 3473 2047 3549; baseline 0.004 -21"><span class='ocrx_word' id='word_1_395' title='bbox 470 3483 574 3536; x_wconf 86' lang='lat' dir='ltr'><strong>est,</strong></span> <span class='ocrx_word' id='word_1_396' title='bbox 604 3473 750 3544; x_wconf 85' lang='lat' dir='ltr'><strong>quod</strong></span> <span class='ocrx_word' id='word_1_397' title='bbox 777 3475 1033 3531; x_wconf 84' lang='lat' dir='ltr'><strong>convenit</strong></span> <span class='ocrx_word' id='word_1_398' title='bbox 1057 3492 1221 3548; x_wconf 80' lang='lat' dir='ltr'><strong>agno,</strong></span> <span class='ocrx_word' id='word_1_399' title='bbox 1253 3488 1476 3549; x_wconf 89' lang='lat' dir='ltr'><strong>propter</strong></span> <span class='ocrx_word' id='word_1_400' title='bbox 1501 3481 1829 3536; x_wconf 77' lang='lat' dir='ltr'><strong>in-ell&#39;abilem</strong></span> <span class='ocrx_word' id='word_1_401' title='bbox 1865 3482 2047 3535; x_wconf 86' lang='lat' dir='ltr'><strong>unita-</strong></span> 
     </span>
    </p>
   </div>
   <div class='ocr_carea' id='block_1_55' title="bbox 472 3573 2050 3642">
    <p class='ocr_par' dir='ltr' id='par_1_55' title="bbox 472 3573 2050 3642">
     <span class='ocr_line' id='line_1_55' title="bbox 472 3573 2050 3642; baseline 0.006 -22"><span class='ocrx_word' id='word_1_402' title='bbox 472 3577 600 3630; x_wconf 88' lang='lat' dir='ltr'><strong>tem,</strong></span> <span class='ocrx_word' id='word_1_403' title='bbox 631 3583 695 3623; x_wconf 86' lang='lat' dir='ltr'><strong>ac</strong></span> <span class='ocrx_word' id='word_1_404' title='bbox 729 3578 952 3641; x_wconf 86' lang='lat' dir='ltr'><strong>propter</strong></span> <span class='ocrx_word' id='word_1_405' title='bbox 982 3587 1151 3628; x_wconf 83' lang='lat' dir='ltr'><strong>unum</strong></span> <span class='ocrx_word' id='word_1_406' title='bbox 1192 3582 1247 3626; x_wconf 88' lang='lat' dir='ltr'><strong>et</strong></span> <span class='ocrx_word' id='word_1_407' title='bbox 1299 3573 1464 3642; x_wconf 88' lang='lat' dir='ltr'><strong>idem,</strong></span> <span class='ocrx_word' id='word_1_408' title='bbox 1513 3574 1799 3630; x_wconf 81' lang='lat' dir='ltr'><strong>immixtim</strong></span> <span class='ocrx_word' id='word_1_409' title='bbox 1850 3576 1953 3631; x_wconf 80' lang='lat' dir='ltr'><strong>hoc</strong></span> <span class='ocrx_word' id='word_1_410' title='bbox 1996 3583 2050 3630; x_wconf 83' lang='lat' dir='ltr'><strong>et</strong></span> 
     </span>
    </p>
   </div>
   <div class='ocr_carea' id='block_1_56' title="bbox 471 3658 629 3714">
    <p class='ocr_par' dir='ltr' id='par_1_56' title="bbox 471 3658 629 3714">
     <span class='ocr_line' id='line_1_56' title="bbox 471 3658 629 3714; baseline 0.013 -2"><span class='ocrx_word' id='word_1_411' title='bbox 471 3658 629 3714; x_wconf 86' lang='lat' dir='ltr'><strong>illud.</strong></span> 
     </span>
    </p>
   </div>
   <div class='ocr_carea' id='block_1_57' title="bbox 548 3773 2050 3852">
    <p class='ocr_par' dir='ltr' id='par_1_57' title="bbox 548 3773 2050 3852">
     <span class='ocr_line' id='line_1_57' title="bbox 548 3773 2050 3852; baseline 0.004 -24"><span class='ocrx_word' id='word_1_412' title='bbox 548 3773 710 3830; x_wconf 75' lang='lat' dir='ltr'><strong>Vens.</strong></span> <span class='ocrx_word' id='word_1_413' title='bbox 743 3775 930 3833; x_wconf 65' lang='lat'><strong>32-34.</strong></span> <span class='ocrx_word' id='word_1_414' title='bbox 959 3773 1028 3818; x_wconf 50' lang='grc'><strong>-4</strong></span> <span class='ocrx_word' id='word_1_415' title='bbox 1055 3777 1299 3836; x_wconf 81' lang='lat' dir='ltr'><strong>Joannes</strong></span> <span class='ocrx_word' id='word_1_416' title='bbox 1327 3781 1516 3852; x_wconf 74' lang='lat' dir='ltr'><strong>igitur,</strong></span> <span class='ocrx_word' id='word_1_417' title='bbox 1563 3781 1655 3850; x_wconf 90' lang='lat' dir='ltr'><strong>qui</strong></span> <span class='ocrx_word' id='word_1_418' title='bbox 1696 3789 1871 3836; x_wconf 88' lang='lat' dir='ltr'><strong>totum</strong></span> <span class='ocrx_word' id='word_1_419' title='bbox 1909 3792 2050 3836; x_wconf 90' lang='lat' dir='ltr'><strong>tem—</strong></span> 
     </span>
    </p>
   </div>
   <div class='ocr_carea' id='block_1_58' title="bbox 471 3871 2041 3941">
    <p class='ocr_par' dir='ltr' id='par_1_58' title="bbox 471 3871 2041 3941">
     <span class='ocr_line' id='line_1_58' title="bbox 471 3871 2041 3941; baseline 0.004 -20"><span class='ocrx_word' id='word_1_420' title='bbox 471 3881 576 3937; x_wconf 72' lang='lat' dir='ltr'><strong>pus</strong></span> <span class='ocrx_word' id='word_1_421' title='bbox 605 3871 942 3939; x_wconf 73' lang='lat' dir='ltr'><strong>praeteritum</strong></span> <span class='ocrx_word' id='word_1_422' title='bbox 968 3887 1144 3941; x_wconf 89' lang='lat' dir='ltr'><strong>usque</strong></span> <span class='ocrx_word' id='word_1_423' title='bbox 1187 3873 1253 3926; x_wconf 88' lang='lat' dir='ltr'><strong>ad</strong></span> <span class='ocrx_word' id='word_1_424' title='bbox 1283 3872 1808 3929; x_wconf 84' lang='lat' dir='ltr'><strong>demonstrationem</strong></span> <span class='ocrx_word' id='word_1_425' title='bbox 1833 3872 2041 3928; x_wconf 84' lang='lat' dir='ltr'><strong>Christi</strong></span> 
     </span>
    </p>
   </div>
   <div class='ocr_carea' id='block_1_59' title="bbox 473 3961 2043 4036">
    <p class='ocr_par' dir='ltr' id='par_1_59' title="bbox 473 3961 2043 4036">
     <span class='ocr_line' id='line_1_59' title="bbox 473 3961 2043 4036; baseline 0.003 -22"><span class='ocrx_word' id='word_1_426' title='bbox 473 3962 530 4014; x_wconf 91' lang='lat' dir='ltr'><strong>in</strong></span> <span class='ocrx_word' id='word_1_427' title='bbox 559 3961 798 4015; x_wconf 90' lang='lat' dir='ltr'><strong>obscuro</strong></span> <span class='ocrx_word' id='word_1_428' title='bbox 832 3962 958 4017; x_wconf 66' lang='lat' dir='ltr'><strong>vitae</strong></span> <span class='ocrx_word' id='word_1_429' title='bbox 992 3978 1192 4034; x_wconf 81' lang='lat' dir='ltr'><strong>genere</strong></span> <span class='ocrx_word' id='word_1_430' title='bbox 1227 3972 1282 4019; x_wconf 87' lang='lat' dir='ltr'><strong>et</strong></span> <span class='ocrx_word' id='word_1_431' title='bbox 1313 3966 1366 4018; x_wconf 88' lang='lat' dir='ltr'><strong>in</strong></span> <span class='ocrx_word' id='word_1_432' title='bbox 1407 3965 1628 4020; x_wconf 89' lang='lat' dir='ltr'><strong>deserto</strong></span> <span class='ocrx_word' id='word_1_433' title='bbox 1669 3973 2043 4036; x_wconf 75' lang='lat' dir='ltr'><strong>transegerat,</strong></span> 
     </span>
    </p>
   </div>
   <div class='ocr_carea' id='block_1_60' title="bbox 474 4051 2036 4127">
    <p class='ocr_par' dir='ltr' id='par_1_60' title="bbox 474 4051 2036 4127">
     <span class='ocr_line' id='line_1_60' title="bbox 474 4051 2036 4127; baseline 0.003 -22"><span class='ocrx_word' id='word_1_434' title='bbox 474 4067 503 4104; x_wconf 90' lang='lat' dir='ltr'><strong>a</strong></span> <span class='ocrx_word' id='word_1_435' title='bbox 534 4051 721 4107; x_wconf 86' lang='lat' dir='ltr'><strong>divina</strong></span> <span class='ocrx_word' id='word_1_436' title='bbox 751 4053 831 4109; x_wconf 84' lang='lat' dir='ltr'><strong>sic</strong></span> <span class='ocrx_word' id='word_1_437' title='bbox 848 4055 1123 4111; x_wconf 81' lang='lat' dir='ltr'><strong>excitatus</strong></span> <span class='ocrx_word' id='word_1_438' title='bbox 1147 4057 1346 4125; x_wconf 82' lang='lat' dir='ltr'><strong>gratia.</strong></span> <span class='ocrx_word' id='word_1_439' title='bbox 1376 4063 1433 4110; x_wconf 92' lang='lat' dir='ltr'><strong>ut</strong></span> <span class='ocrx_word' id='word_1_440' title='bbox 1455 4058 1582 4113; x_wconf 87' lang='lat' dir='ltr'><strong>talis</strong></span> <span class='ocrx_word' id='word_1_441' title='bbox 1609 4059 1786 4119; x_wconf 85' lang='lat' dir='ltr'><strong>ﬁeret,</strong></span> <span class='ocrx_word' id='word_1_442' title='bbox 1819 4058 2036 4127; x_wconf 84' lang='lat' dir='ltr'><strong>qualem</strong></span> 
     </span>
    </p>
   </div>
   <div class='ocr_carea' id='block_1_61' title="bbox 472 4147 2048 4218">
    <p class='ocr_par' dir='ltr' id='par_1_61' title="bbox 472 4147 2048 4218">
     <span class='ocr_line' id='line_1_61' title="bbox 472 4147 2048 4218; baseline -0.001 -16"><span class='ocrx_word' id='word_1_443' title='bbox 472 4149 591 4203; x_wconf 81' lang='lat' dir='ltr'><strong>ﬁeri</strong></span> <span class='ocrx_word' id='word_1_444' title='bbox 627 4162 750 4202; x_wconf 89' lang='lat' dir='ltr'><strong>eum</strong></span> <span class='ocrx_word' id='word_1_445' title='bbox 784 4156 1092 4218; x_wconf 90' lang='lat' dir='ltr'><strong>oporteret,</strong></span> <span class='ocrx_word' id='word_1_446' title='bbox 1131 4163 1255 4202; x_wconf 91' lang='lat' dir='ltr'><strong>cum</strong></span> <span class='ocrx_word' id='word_1_447' title='bbox 1297 4149 1427 4202; x_wconf 88' lang='lat' dir='ltr'><strong>talia</strong></span> <span class='ocrx_word' id='word_1_448' title='bbox 1459 4149 1636 4201; x_wconf 77' lang='lat' dir='ltr'><strong>oliicia</strong></span> <span class='ocrx_word' id='word_1_449' title='bbox 1673 4148 1897 4201; x_wconf 80' lang='lat' dir='ltr'><strong>Christo</strong></span> <span class='ocrx_word' id='word_1_450' title='bbox 1944 4147 2048 4200; x_wconf 84' lang='lat' dir='ltr'><strong>Do-</strong></span> 
     </span>
    </p>
   </div>
   <div class='ocr_carea' id='block_1_62' title="bbox 474 4238 2048 4308">
    <p class='ocr_par' dir='ltr' id='par_1_62' title="bbox 474 4238 2048 4308">
     <span class='ocr_line' id='line_1_62' title="bbox 474 4238 2048 4308; baseline -0.002 -14"><span class='ocrx_word' id='word_1_451' title='bbox 474 4241 623 4294; x_wconf 87' lang='lat' dir='ltr'><strong>mino</strong></span> <span class='ocrx_word' id='word_1_452' title='bbox 664 4247 944 4307; x_wconf 67' lang='lat' dir='ltr'><strong>prmstare,</strong></span> <span class='ocrx_word' id='word_1_453' title='bbox 984 4246 1150 4308; x_wconf 88' lang='lat' dir='ltr'><strong>atque</strong></span> <span class='ocrx_word' id='word_1_454' title='bbox 1198 4255 1512 4308; x_wconf 79' lang='lat' dir='ltr'><strong>praecursor</strong></span> <span class='ocrx_word' id='word_1_455' title='bbox 1557 4239 1678 4306; x_wconf 92' lang='lat' dir='ltr'><strong>ejus</strong></span> <span class='ocrx_word' id='word_1_456' title='bbox 1711 4240 1868 4293; x_wconf 84' lang='lat' dir='ltr'><strong>brevi</strong></span> <span class='ocrx_word' id='word_1_457' title='bbox 1926 4238 2048 4292; x_wconf 76' lang='lat' dir='ltr'><strong>ﬁeri</strong></span> 
     </span>
    </p>
   </div>
   <div class='ocr_carea' id='block_1_63' title="bbox 474 4330 2051 4401">
    <p class='ocr_par' dir='ltr' id='par_1_63' title="bbox 474 4330 2051 4401">
     <span class='ocr_line' id='line_1_63' title="bbox 474 4330 2051 4401; baseline 0.001 -17"><span class='ocrx_word' id='word_1_458' title='bbox 474 4331 728 4398; x_wconf 85' lang='lat' dir='ltr'><strong>deberet,</strong></span> <span class='ocrx_word' id='word_1_459' title='bbox 775 4332 870 4386; x_wconf 91' lang='lat' dir='ltr'><strong>illo</strong></span> <span class='ocrx_word' id='word_1_460' title='bbox 928 4330 1166 4401; x_wconf 82' lang='lat' dir='ltr'><strong>denique</strong></span> <span class='ocrx_word' id='word_1_461' title='bbox 1209 4340 1454 4400; x_wconf 89' lang='lat' dir='ltr'><strong>tempore</strong></span> <span class='ocrx_word' id='word_1_462' title='bbox 1489 4332 1825 4400; x_wconf 78' lang='lat' dir='ltr'><strong>conspicuus</strong></span> <span class='ocrx_word' id='word_1_463' title='bbox 1875 4331 2051 4386; x_wconf 80' lang='lat' dir='ltr'><strong>iactus</strong></span> 
     </span>
    </p>
   </div>
   <div class='ocr_carea' id='block_1_64' title="bbox 473 4422 2048 4494">
    <p class='ocr_par' dir='ltr' id='par_1_64' title="bbox 473 4422 2048 4494">
     <span class='ocr_line' id='line_1_64' title="bbox 473 4422 2048 4494; baseline 0 -16"><span class='ocrx_word' id='word_1_464' title='bbox 473 4431 582 4490; x_wconf 88' lang='lat' dir='ltr'><strong>est,</strong></span> <span class='ocrx_word' id='word_1_465' title='bbox 619 4441 726 4478; x_wconf 91' lang='lat' dir='ltr'><strong>non</strong></span> <span class='ocrx_word' id='word_1_466' title='bbox 779 4424 832 4478; x_wconf 90' lang='lat' dir='ltr'><strong>in</strong></span> <span class='ocrx_word' id='word_1_467' title='bbox 869 4424 1035 4478; x_wconf 83' lang='lat' dir='ltr'><strong>urbes</strong></span> <span class='ocrx_word' id='word_1_468' title='bbox 1071 4424 1385 4494; x_wconf 79' lang='lat' dir='ltr'><strong>ingressus,</strong></span> <span class='ocrx_word' id='word_1_469' title='bbox 1416 4424 1507 4478; x_wconf 89' lang='lat' dir='ltr'><strong>sed</strong></span> <span class='ocrx_word' id='word_1_470' title='bbox 1558 4424 1610 4476; x_wconf 90' lang='lat' dir='ltr'><strong>in</strong></span> <span class='ocrx_word' id='word_1_471' title='bbox 1645 4422 1864 4478; x_wconf 87' lang='lat' dir='ltr'><strong>deserto</strong></span> <span class='ocrx_word' id='word_1_472' title='bbox 1905 4439 2048 4494; x_wconf 83' lang='lat' dir='ltr'><strong>Opus</strong></span> 
     </span>
    </p>
   </div>
   <div class='ocr_carea' id='block_1_65' title="bbox 475 4515 2053 4586">
    <p class='ocr_par' dir='ltr' id='par_1_65' title="bbox 475 4515 2053 4586">
     <span class='ocr_line' id='line_1_65' title="bbox 475 4515 2053 4586; baseline -0.001 -15"><span class='ocrx_word' id='word_1_473' title='bbox 475 4531 636 4571; x_wconf 86' lang='lat' dir='ltr'><strong>suum</strong></span> <span class='ocrx_word' id='word_1_474' title='bbox 697 4517 1012 4586; x_wconf 86' lang='lat' dir='ltr'><strong>perliciens.</strong></span> <span class='ocrx_word' id='word_1_475' title='bbox 1078 4515 1276 4572; x_wconf 88' lang='lat' dir='ltr'><strong>Omnia</strong></span> <span class='ocrx_word' id='word_1_476' title='bbox 1342 4516 1525 4582; x_wconf 90' lang='lat' dir='ltr'><strong>enim,</strong></span> <span class='ocrx_word' id='word_1_477' title='bbox 1607 4524 1665 4570; x_wconf 89' lang='lat' dir='ltr'><strong>ut</strong></span> <span class='ocrx_word' id='word_1_478' title='bbox 1728 4518 1799 4570; x_wconf 87' lang='lat' dir='ltr'><strong>ita</strong></span> <span class='ocrx_word' id='word_1_479' title='bbox 1868 4517 2053 4572; x_wconf 89' lang='lat' dir='ltr'><strong>eveni-</strong></span> 
     </span>
    </p>
   </div>
   <div class='ocr_carea' id='block_1_66' title="bbox 2214 2282 3718 2361">
    <p class='ocr_par' dir='ltr' id='par_1_66' title="bbox 2214 2282 3718 2361">
     <span class='ocr_line' id='line_1_66' title="bbox 2214 2282 3718 2361; baseline -0.007 -17"><span class='ocrx_word' id='word_1_480' title='bbox 2214 2291 2362 2361; x_wconf 78' lang='grc' dir='ltr'>Στίχ.</span> <span class='ocrx_word' id='word_1_481' title='bbox 2386 2289 2484 2358; x_wconf 79' lang='grc' dir='ltr'><strong>λβ’.</strong></span> <span class='ocrx_word' id='word_1_482' title='bbox 2503 2319 2571 2330; x_wconf 88' lang='grc'><strong><em>-</em></strong></span> <span class='ocrx_word' id='word_1_483' title='bbox 2591 2289 2758 2359; x_wconf 81' lang='grc' dir='ltr'>Δῆλον</span> <span class='ocrx_word' id='word_1_484' title='bbox 2784 2287 2858 2359; x_wconf 74' lang='grc'><strong>(1)</strong></span> <span class='ocrx_word' id='word_1_485' title='bbox 2880 2287 2934 2340; x_wconf 82' lang='grc' dir='ltr'><strong>δὲ</strong></span> <span class='ocrx_word' id='word_1_486' title='bbox 2967 2285 3210 2339; x_wconf 79' lang='grc' dir='ltr'>ἐντεῦθεν</span> <span class='ocrx_word' id='word_1_487' title='bbox 3235 2285 3310 2347; x_wconf 86' lang='grc' dir='ltr'>ὡς</span> <span class='ocrx_word' id='word_1_488' title='bbox 3333 2285 3390 2336; x_wconf 81' lang='grc' dir='ltr'><strong>ὲν</strong></span> <span class='ocrx_word' id='word_1_489' title='bbox 3413 2282 3543 2335; x_wconf 79' lang='grc' dir='ltr'>εῖδει</span> <span class='ocrx_word' id='word_1_490' title='bbox 3568 2299 3718 2352; x_wconf 84' lang='grc' dir='ltr'>περι-</span> 
     </span>
    </p>
   </div>
   <div class='ocr_carea' id='block_1_67' title="bbox 2149 2377 3718 2456">
    <p class='ocr_par' dir='ltr' id='par_1_67' title="bbox 2149 2377 3718 2456">
     <span class='ocr_line' id='line_1_67' title="bbox 2149 2377 3718 2456; baseline -0.008 -18"><span class='ocrx_word' id='word_1_491' title='bbox 2149 2386 2343 2456; x_wconf 78' lang='grc' dir='ltr'>στερᾶς</span> <span class='ocrx_word' id='word_1_492' title='bbox 2369 2384 2628 2454; x_wconf 81' lang='grc' dir='ltr'>γενομένη</span> <span class='ocrx_word' id='word_1_493' title='bbox 2664 2384 2697 2452; x_wconf 83' lang='grc' dir='ltr'><strong>ἡ</strong></span> <span class='ocrx_word' id='word_1_494' title='bbox 2727 2382 2818 2435; x_wconf 88' lang='grc' dir='ltr'><strong>τοῦ</strong></span> <span class='ocrx_word' id='word_1_495' title='bbox 2846 2380 3161 2450; x_wconf 79' lang='grc' dir='ltr'>Πνεύματος</span> <span class='ocrx_word' id='word_1_496' title='bbox 3185 2377 3431 2440; x_wconf 70' lang='grc' dir='ltr'>κάθοδος,</span> <span class='ocrx_word' id='word_1_497' title='bbox 3454 2377 3522 2438; x_wconf 30' lang='grc' dir='ltr'>,οὐ</span> <span class='ocrx_word' id='word_1_498' title='bbox 3557 2377 3718 2427; x_wconf 78' lang='grc' dir='ltr'>πᾶσιν</span> 
     </span>
    </p>
   </div>
   <div class='ocr_carea' id='block_1_68' title="bbox 2149 2464 3718 2546">
    <p class='ocr_par' dir='ltr' id='par_1_68' title="bbox 2149 2464 3718 2546">
     <span class='ocr_line' id='line_1_68' title="bbox 2149 2464 3718 2546; baseline -0.008 -18"><span class='ocrx_word' id='word_1_499' title='bbox 2149 2477 2302 2546; x_wconf 77' lang='grc' dir='ltr'>ὤφθη</span> <span class='ocrx_word' id='word_1_500' title='bbox 2339 2479 2448 2538; x_wconf 86' lang='grc' dir='ltr'>τοῖς</span> <span class='ocrx_word' id='word_1_501' title='bbox 2477 2474 2738 2546; x_wconf 63' lang='grc' dir='ltr'>παροῦσιν</span> <span class='ocrx_word' id='word_1_502' title='bbox 2765 2515 2779 2538; x_wconf 96' lang='grc'><strong>,</strong></span> <span class='ocrx_word' id='word_1_503' title='bbox 2813 2473 2948 2526; x_wconf 78' lang='grc' dir='ltr'>ἀλλὰ</span> <span class='ocrx_word' id='word_1_504' title='bbox 2987 2471 3126 2524; x_wconf 78' lang='grc' dir='ltr'>κατά</span> <span class='ocrx_word' id='word_1_505' title='bbox 3175 2487 3297 2521; x_wconf 84' lang='grc' dir='ltr'>τινα</span> <span class='ocrx_word' id='word_1_506' title='bbox 3349 2464 3718 2537; x_wconf 84' lang='grc' dir='ltr'>πνευματικὴν</span> 
     </span>
    </p>
   </div>
   <div class='ocr_carea' id='block_1_69' title="bbox 2151 2553 3719 2638">
    <p class='ocr_par' dir='ltr' id='par_1_69' title="bbox 2151 2553 3719 2638">
     <span class='ocr_line' id='line_1_69' title="bbox 2151 2553 3719 2638; baseline -0.008 -18"><span class='ocrx_word' id='word_1_507' title='bbox 2151 2568 2383 2638; x_wconf 78' lang='grc' dir='ltr'>θεωρίαν</span> <span class='ocrx_word' id='word_1_508' title='bbox 2417 2568 2560 2636; x_wconf 82' lang='grc' dir='ltr'>μόνῳ</span> <span class='ocrx_word' id='word_1_509' title='bbox 2589 2564 2742 2636; x_wconf 77' lang='grc' dir='ltr'>ὤφθη</span> <span class='ocrx_word' id='word_1_510' title='bbox 2767 2562 2842 2633; x_wconf 83' lang='grc' dir='ltr'>τῷ</span> <span class='ocrx_word' id='word_1_511' title='bbox 2888 2562 3128 2632; x_wconf 84' lang='grc' dir='ltr'>Ἰωάννῃ,</span> <span class='ocrx_word' id='word_1_512' title='bbox 3157 2558 3338 2622; x_wconf 79' lang='grc' dir='ltr'>καθὼς</span> <span class='ocrx_word' id='word_1_513' title='bbox 3373 2558 3490 2620; x_wconf 77' lang='grc' dir='ltr'>ἔθος</span> <span class='ocrx_word' id='word_1_514' title='bbox 3517 2553 3587 2629; x_wconf 81' lang='grc' dir='ltr'>ἦν</span> <span class='ocrx_word' id='word_1_515' title='bbox 3610 2560 3719 2619; x_wconf 89' lang='grc' dir='ltr'>τοῖς</span> 
     </span>
    </p>
   </div>
   <div class='ocr_carea' id='block_1_70' title="bbox 2153 2648 3714 2728">
    <p class='ocr_par' dir='ltr' id='par_1_70' title="bbox 2153 2648 3714 2728">
     <span class='ocr_line' id='line_1_70' title="bbox 2153 2648 3714 2728; baseline -0.006 -18"><span class='ocrx_word' id='word_1_516' title='bbox 2153 2659 2456 2728; x_wconf 83' lang='grc' dir='ltr'>προφήταις</span> <span class='ocrx_word' id='word_1_517' title='bbox 2488 2658 2546 2710; x_wconf 76' lang='grc' dir='ltr'><strong>ὲν¹</strong></span> <span class='ocrx_word' id='word_1_518' title='bbox 2587 2657 2735 2727; x_wconf 84' lang='grc' dir='ltr'>μέσῳ</span> <span class='ocrx_word' id='word_1_519' title='bbox 2769 2655 2976 2709; x_wconf 82' lang='grc' dir='ltr'>πολλῶν</span> <span class='ocrx_word' id='word_1_520' title='bbox 3005 2654 3072 2706; x_wconf 80' lang='grc' dir='ltr'><strong>τά</strong></span> <span class='ocrx_word' id='word_1_521' title='bbox 3095 2654 3258 2706; x_wconf 83' lang='grc' dir='ltr'>πᾶσιν</span> <span class='ocrx_word' id='word_1_522' title='bbox 3287 2649 3568 2721; x_wconf 88' lang='grc' dir='ltr'>ἀθεώρητα</span> <span class='ocrx_word' id='word_1_523' title='bbox 3603 2648 3714 2718; x_wconf 61' lang='lat' dir='ltr'><strong>me.</strong></span> 
     </span>
    </p>
   </div>
   <div class='ocr_carea' id='block_1_71' title="bbox 2153 2743 3748 2819">
    <p class='ocr_par' dir='ltr' id='par_1_71' title="bbox 2153 2743 3748 2819">
     <span class='ocr_line' id='line_1_71' title="bbox 2153 2743 3748 2819; baseline -0.006 -16"><span class='ocrx_word' id='word_1_524' title='bbox 2153 2768 2273 2803; x_wconf 82' lang='grc' dir='ltr'>πειν</span> <span class='ocrx_word' id='word_1_525' title='bbox 2303 2750 2402 2818; x_wconf 75' lang='grc'><strong>(2).</strong></span> <span class='ocrx_word' id='word_1_526' title='bbox 2444 2749 2814 2819; x_wconf 80' lang='grc' dir='ltr'>Εύηθέστατον</span> <span class='ocrx_word' id='word_1_527' title='bbox 2853 2749 2960 2818; x_wconf 83' lang='grc' dir='ltr'>ἄρα</span> <span class='ocrx_word' id='word_1_528' title='bbox 3005 2748 3224 2799; x_wconf 86' lang='grc' dir='ltr'>κάκεῖνο</span> <span class='ocrx_word' id='word_1_529' title='bbox 3267 2745 3326 2796; x_wconf 84' lang='grc' dir='ltr'><strong>τὸ</strong></span> <span class='ocrx_word' id='word_1_530' title='bbox 3379 2743 3530 2812; x_wconf 86' lang='grc' dir='ltr'>παρά</span> <span class='ocrx_word' id='word_1_531' title='bbox 3560 2758 3748 2795; x_wconf 84' lang='grc' dir='ltr'>τινων,</span> 
     </span>
    </p>
   </div>
   <div class='ocr_carea' id='block_1_72' title="bbox 2150 2833 3716 2911">
    <p class='ocr_par' dir='ltr' id='par_1_72' title="bbox 2150 2833 3716 2911">
     <span class='ocr_line' id='line_1_72' title="bbox 2150 2833 3716 2911; baseline -0.005 -18"><span class='ocrx_word' id='word_1_532' title='bbox 2150 2841 2459 2911; x_wconf 89' lang='grc' dir='ltr'>λεγόμενον,</span> <span class='ocrx_word' id='word_1_533' title='bbox 2498 2841 2572 2903; x_wconf 80' lang='grc' dir='ltr'>ὡς</span> <span class='ocrx_word' id='word_1_534' title='bbox 2605 2840 2822 2893; x_wconf 77' lang='grc' dir='ltr'>ἔλαττον</span> <span class='ocrx_word' id='word_1_535' title='bbox 2850 2839 3095 2892; x_wconf 80' lang='grc' dir='ltr'>ἐντεῦθεν</span> <span class='ocrx_word' id='word_1_536' title='bbox 3128 2837 3221 2890; x_wconf 89' lang='grc' dir='ltr'><strong>τοῦ</strong></span> <span class='ocrx_word' id='word_1_537' title='bbox 3251 2833 3482 2908; x_wconf 80' lang='grc' dir='ltr'>Χριστοῦ</span> <span class='ocrx_word' id='word_1_538' title='bbox 3509 2835 3716 2886; x_wconf 77' lang='grc' dir='ltr'>δείκνυ-</span> 
     </span>
    </p>
   </div>
   <div class='ocr_carea' id='block_1_73' title="bbox 2149 2928 3747 3004">
    <p class='ocr_par' dir='ltr' id='par_1_73' title="bbox 2149 2928 3747 3004">
     <span class='ocr_line' id='line_1_73' title="bbox 2149 2928 3747 3004; baseline -0.007 -17"><span class='ocrx_word' id='word_1_539' title='bbox 2149 2952 2239 2987; x_wconf 90' lang='grc' dir='ltr'><strong>ται</strong></span> <span class='ocrx_word' id='word_1_540' title='bbox 2285 2933 2347 2986; x_wconf 84' lang='grc' dir='ltr'>τὸ</span> <span class='ocrx_word' id='word_1_541' title='bbox 2381 2933 2624 3002; x_wconf 82' lang='grc' dir='ltr'>Πνεῦμα,</span> <span class='ocrx_word' id='word_1_542' title='bbox 2667 2933 2963 3004; x_wconf 81' lang='grc' dir='ltr'>ἐπειδήπερ</span> <span class='ocrx_word' id='word_1_543' title='bbox 3016 2929 3312 3002; x_wconf 78' lang='grc' dir='ltr'>περιστερὰ</span> <span class='ocrx_word' id='word_1_544' title='bbox 3365 2929 3596 2982; x_wconf 82' lang='grc' dir='ltr'>ἐλάττων</span> <span class='ocrx_word' id='word_1_545' title='bbox 3629 2928 3747 2980; x_wconf 84' lang='grc' dir='ltr'>ἁν-.</span> 
     </span>
    </p>
   </div>
   <div class='ocr_carea' id='block_1_74' title="bbox 2151 3020 3714 3097">
    <p class='ocr_par' dir='ltr' id='par_1_74' title="bbox 2151 3020 3714 3097">
     <span class='ocr_line' id='line_1_74' title="bbox 2151 3020 3714 3097; baseline -0.005 -18"><span class='ocrx_word' id='word_1_546' title='bbox 2151 3024 2401 3097; x_wconf 82' lang='grc' dir='ltr'>θρὼπων·</span> <span class='ocrx_word' id='word_1_547' title='bbox 2425 3025 2658 3076; x_wconf 84' lang='grc' dir='ltr'>ὀπτασία</span> <span class='ocrx_word' id='word_1_548' title='bbox 2689 3023 2797 3094; x_wconf 77' lang='grc' dir='ltr'>γὰρ</span> <span class='ocrx_word' id='word_1_549' title='bbox 2829 3020 2921 3094; x_wconf 82' lang='grc' dir='ltr'>ἦν,</span> <span class='ocrx_word' id='word_1_550' title='bbox 2954 3023 3013 3076; x_wconf 90' lang='grc' dir='ltr'><strong>ού</strong></span> <span class='ocrx_word' id='word_1_551' title='bbox 3050 3021 3232 3091; x_wconf 85' lang='grc' dir='ltr'>φύσις,</span> <span class='ocrx_word' id='word_1_552' title='bbox 3261 3021 3320 3074; x_wconf 86' lang='grc' dir='ltr'><strong>τὸ</strong></span> <span class='ocrx_word' id='word_1_553' title='bbox 3355 3023 3672 3090; x_wconf 86' lang='grc' dir='ltr'>φαινόμενον</span> <span class='ocrx_word' id='word_1_554' title='bbox 3700 3035 3714 3048; x_wconf 90' lang='grc'><strong>·</strong></span> 
     </span>
    </p>
   </div>
   <div class='ocr_carea' id='block_1_75' title="bbox 2149 3110 3720 3188">
    <p class='ocr_par' dir='ltr' id='par_1_75' title="bbox 2149 3110 3720 3188">
     <span class='ocr_line' id='line_1_75' title="bbox 2149 3110 3720 3188; baseline -0.005 -18"><span class='ocrx_word' id='word_1_555' title='bbox 2149 3120 2196 3171; x_wconf 86' lang='grc' dir='ltr'><strong>εί</strong></span> <span class='ocrx_word' id='word_1_556' title='bbox 2228 3118 2404 3171; x_wconf 75' lang='grc' dir='ltr'>δὲκαὶ</span> <span class='ocrx_word' id='word_1_557' title='bbox 2439 3117 2512 3188; x_wconf 82' lang='grc' dir='ltr'>μὴ</span> <span class='ocrx_word' id='word_1_558' title='bbox 2544 3111 2718 3184; x_wconf 81' lang='grc' dir='ltr'>εἶπεν,</span> <span class='ocrx_word' id='word_1_559' title='bbox 2746 3120 2777 3171; x_wconf 86' lang='grc' dir='ltr'><strong>ό</strong></span> <span class='ocrx_word' id='word_1_560' title='bbox 2797 3118 3131 3186; x_wconf 81' lang='grc' dir='ltr'>μονογενὴς</span> <span class='ocrx_word' id='word_1_561' title='bbox 3159 3115 3308 3180; x_wconf 73' lang='grc' dir='ltr'>Υἱὸς,</span> <span class='ocrx_word' id='word_1_562' title='bbox 3351 3113 3408 3183; x_wconf 77' lang='grc' dir='ltr'>ἢ,</span> <span class='ocrx_word' id='word_1_563' title='bbox 3438 3116 3470 3168; x_wconf 84' lang='grc' dir='ltr'><em>ὀ</em></span> <span class='ocrx_word' id='word_1_564' title='bbox 3510 3110 3596 3164; x_wconf 86' lang='grc' dir='ltr'>ὢν</span> <span class='ocrx_word' id='word_1_565' title='bbox 3633 3115 3720 3175; x_wconf 78' lang='grc' dir='ltr'>εὶς</span> 
     </span>
    </p>
   </div>
   <div class='ocr_carea' id='block_1_76' title="bbox 2149 3205 3720 3276">
    <p class='ocr_par' dir='ltr' id='par_1_76' title="bbox 2149 3205 3720 3276">
     <span class='ocr_line' id='line_1_76' title="bbox 2149 3205 3720 3276; baseline -0.004 -13"><span class='ocrx_word' id='word_1_566' title='bbox 2149 3209 2258 3263; x_wconf 83' lang='grc' dir='ltr'>τὸν</span> <span class='ocrx_word' id='word_1_567' title='bbox 2287 3209 2519 3262; x_wconf 77' lang='grc' dir='ltr'>κόλπον</span> <span class='ocrx_word' id='word_1_568' title='bbox 2557 3206 2661 3262; x_wconf 87' lang='grc' dir='ltr'><strong>τοῦ</strong></span> <span class='ocrx_word' id='word_1_569' title='bbox 2694 3209 2941 3276; x_wconf 82' lang='grc' dir='ltr'>Πατρός,</span> <span class='ocrx_word' id='word_1_570' title='bbox 2981 3207 3103 3260; x_wconf 75' lang='grc' dir='ltr'>ἐπεὶ</span> <span class='ocrx_word' id='word_1_571' title='bbox 3133 3207 3192 3260; x_wconf 87' lang='grc' dir='ltr'><strong>τὸ</strong></span> <span class='ocrx_word' id='word_1_572' title='bbox 3239 3207 3413 3276; x_wconf 85' lang='grc' dir='ltr'>αίρειν</span> <span class='ocrx_word' id='word_1_573' title='bbox 3449 3205 3720 3274; x_wconf 83' lang='grc' dir='ltr'>ἁμαρτίας</span> 
     </span>
    </p>
   </div>
   <div class='ocr_carea' id='block_1_77' title="bbox 2155 3297 3715 3372">
    <p class='ocr_par' dir='ltr' id='par_1_77' title="bbox 2155 3297 3715 3372">
     <span class='ocr_line' id='line_1_77' title="bbox 2155 3297 3715 3372; baseline -0.004 -18"><span class='ocrx_word' id='word_1_574' title='bbox 2155 3300 2315 3372; x_wconf 83' lang='grc' dir='ltr'>μόνου</span> <span class='ocrx_word' id='word_1_575' title='bbox 2348 3299 2503 3358; x_wconf 84' lang='grc' dir='ltr'>Θεοῦ,</span> <span class='ocrx_word' id='word_1_576' title='bbox 2528 3299 2614 3352; x_wconf 75' lang='grc' dir='ltr'>διὰ</span> <span class='ocrx_word' id='word_1_577' title='bbox 2642 3300 2734 3353; x_wconf 88' lang='grc' dir='ltr'><strong>τοῦ</strong></span> <span class='ocrx_word' id='word_1_578' title='bbox 2757 3299 2950 3369; x_wconf 80' lang='grc' dir='ltr'>ἀμνοῦ</span> <span class='ocrx_word' id='word_1_579' title='bbox 2979 3300 3076 3370; x_wconf 84' lang='grc' dir='ltr'>τὴν</span> <span class='ocrx_word' id='word_1_580' title='bbox 3105 3297 3412 3368; x_wconf 81' lang='grc' dir='ltr'>οἰκονομίαν</span> <span class='ocrx_word' id='word_1_581' title='bbox 3434 3297 3715 3365; x_wconf 78' lang='grc' dir='ltr'>ἐδήλωσεν·</span> 
     </span>
    </p>
   </div>
   <div class='ocr_carea' id='block_1_78' title="bbox 2151 3388 3720 3462">
    <p class='ocr_par' dir='ltr' id='par_1_78' title="bbox 2151 3388 3720 3462">
     <span class='ocr_line' id='line_1_78' title="bbox 2151 3388 3720 3462; baseline -0.004 -17"><span class='ocrx_word' id='word_1_582' title='bbox 2151 3391 2244 3445; x_wconf 72' lang='grc' dir='ltr'><strong>καὶ</strong></span> <span class='ocrx_word' id='word_1_583' title='bbox 2267 3391 2351 3444; x_wconf 82' lang='grc' dir='ltr'><strong>διὰ</strong></span> <span class='ocrx_word' id='word_1_584' title='bbox 2374 3390 2466 3444; x_wconf 90' lang='grc' dir='ltr'><strong>τοῦ</strong></span> <span class='ocrx_word' id='word_1_585' title='bbox 2497 3391 2890 3462; x_wconf 74' lang='grc' dir='ltr'>ἐπιφερομένου</span> <span class='ocrx_word' id='word_1_586' title='bbox 2918 3391 2978 3444; x_wconf 86' lang='grc' dir='ltr'><strong>τὸ</strong></span> <span class='ocrx_word' id='word_1_587' title='bbox 3003 3392 3130 3444; x_wconf 84' lang='grc' dir='ltr'>ίδιον</span> <span class='ocrx_word' id='word_1_588' title='bbox 3161 3392 3258 3459; x_wconf 77' lang='grc' dir='ltr'>τῆς</span> <span class='ocrx_word' id='word_1_589' title='bbox 3287 3390 3562 3459; x_wconf 75' lang='grc' dir='ltr'>θεότητος,</span> <span class='ocrx_word' id='word_1_590' title='bbox 3587 3388 3720 3440; x_wconf 81' lang='grc' dir='ltr'>δπεο</span> 
     </span>
    </p>
   </div>
   <div class='ocr_carea' id='block_1_79' title="bbox 2149 3481 3720 3556">
    <p class='ocr_par' dir='ltr' id='par_1_79' title="bbox 2149 3481 3720 3556">
     <span class='ocr_line' id='line_1_79' title="bbox 2149 3481 3720 3556; baseline -0.003 -20"><span class='ocrx_word' id='word_1_591' title='bbox 2149 3485 2359 3554; x_wconf 77' lang='grc' dir='ltr'>ἥρμοσε</span> <span class='ocrx_word' id='word_1_592' title='bbox 2387 3482 2466 3553; x_wconf 80' lang='grc' dir='ltr'><strong>τῷ</strong></span> <span class='ocrx_word' id='word_1_593' title='bbox 2494 3483 2650 3554; x_wconf 86' lang='grc' dir='ltr'>ἀμνῷ</span> <span class='ocrx_word' id='word_1_594' title='bbox 2681 3483 2770 3536; x_wconf 86' lang='grc' dir='ltr'><strong>διά</strong></span> <span class='ocrx_word' id='word_1_595' title='bbox 2816 3484 2915 3553; x_wconf 82' lang='grc' dir='ltr'><strong>τὴν</strong></span> <span class='ocrx_word' id='word_1_596' title='bbox 2945 3483 3216 3556; x_wconf 82' lang='grc' dir='ltr'>ἄφραστον</span> <span class='ocrx_word' id='word_1_597' title='bbox 3250 3483 3470 3542; x_wconf 76' lang='grc' dir='ltr'>ἕνωσιν,</span> <span class='ocrx_word' id='word_1_598' title='bbox 3509 3481 3602 3533; x_wconf 80' lang='grc' dir='ltr'><strong>καὶ</strong></span> <span class='ocrx_word' id='word_1_599' title='bbox 3635 3481 3720 3532; x_wconf 74' lang='grc' dir='ltr'><strong>διὰ</strong></span> 
     </span>
    </p>
   </div>
   <div class='ocr_carea' id='block_1_80' title="bbox 2149 3573 3575 3647">
    <p class='ocr_par' dir='ltr' id='par_1_80' title="bbox 2149 3573 3575 3647">
     <span class='ocr_line' id='line_1_80' title="bbox 2149 3573 3575 3647; baseline -0.002 -19"><span class='ocrx_word' id='word_1_600' title='bbox 2149 3575 2220 3628; x_wconf 72' lang='grc' dir='ltr'><strong>τὸ.</strong></span> <span class='ocrx_word' id='word_1_601' title='bbox 2245 3575 2302 3629; x_wconf 82' lang='grc' dir='ltr'>ἓν</span> <span class='ocrx_word' id='word_1_602' title='bbox 2331 3575 2423 3629; x_wconf 73' lang='grc' dir='ltr'>καὶ</span> <span class='ocrx_word' id='word_1_603' title='bbox 2459 3574 2519 3628; x_wconf 80' lang='grc' dir='ltr'><strong>τὸ</strong></span> <span class='ocrx_word' id='word_1_604' title='bbox 2549 3577 2683 3630; x_wconf 83' lang='grc' dir='ltr'>αὐτὸ·</span> <span class='ocrx_word' id='word_1_605' title='bbox 2709 3577 3027 3647; x_wconf 78' lang='grc' dir='ltr'>ἀσυγχύτως</span> <span class='ocrx_word' id='word_1_606' title='bbox 3057 3573 3212 3628; x_wconf 90' lang='grc' dir='ltr'>τοῦτό</span> <span class='ocrx_word' id='word_1_607' title='bbox 3243 3592 3301 3626; x_wconf 88' lang='grc' dir='ltr'><strong>τε</strong></span> <span class='ocrx_word' id='word_1_608' title='bbox 3337 3574 3575 3626; x_wconf 77' lang='grc' dir='ltr'>κάκεῖνο.</span> 
     </span>
    </p>
   </div>
   <div class='ocr_carea' id='block_1_81' title="bbox 2220 3773 3722 3851">
    <p class='ocr_par' dir='ltr' id='par_1_81' title="bbox 2220 3773 3722 3851">
     <span class='ocr_line' id='line_1_81' title="bbox 2220 3773 3722 3851; baseline -0.005 -18"><span class='ocrx_word' id='word_1_609' title='bbox 2220 3779 2368 3851; x_wconf 82' lang='grc' dir='ltr'>Στίχ.</span> <span class='ocrx_word' id='word_1_610' title='bbox 2411 3779 2613 3850; x_wconf 75' lang='grc' dir='ltr'><strong>λβ’-λδ’.</strong></span> <span class='ocrx_word' id='word_1_611' title='bbox 2657 3809 2728 3820; x_wconf 90' lang='grc'><strong>--</strong></span> <span class='ocrx_word' id='word_1_612' title='bbox 2767 3779 2823 3832; x_wconf 87' lang='lat'><strong>&#39;0</strong></span> <span class='ocrx_word' id='word_1_613' title='bbox 2857 3778 3032 3831; x_wconf 85' lang='grc' dir='ltr'>τοίνυν</span> <span class='ocrx_word' id='word_1_614' title='bbox 3086 3777 3336 3848; x_wconf 78' lang='grc' dir='ltr'>Ἰωάννης</span> <span class='ocrx_word' id='word_1_615' title='bbox 3369 3775 3459 3845; x_wconf 76' lang='lat'><strong>[(3)</strong></span> <span class='ocrx_word' id='word_1_616' title='bbox 3510 3773 3722 3828; x_wconf 75' lang='grc' dir='ltr'>ἅπαντα</span> 
     </span>
    </p>
   </div>
   <div class='ocr_carea' id='block_1_82' title="bbox 2150 3866 3722 3941">
    <p class='ocr_par' dir='ltr' id='par_1_82' title="bbox 2150 3866 3722 3941">
     <span class='ocr_line' id='line_1_82' title="bbox 2150 3866 3722 3941; baseline -0.002 -19"><span class='ocrx_word' id='word_1_617' title='bbox 2150 3869 2242 3922; x_wconf 87' lang='grc' dir='ltr'><strong>τὸν</strong></span> <span class='ocrx_word' id='word_1_618' title='bbox 2271 3869 2680 3940; x_wconf 80' lang='grc' dir='ltr'>παρεληλυθότα</span> <span class='ocrx_word' id='word_1_619' title='bbox 2708 3869 2896 3941; x_wconf 84' lang='grc' dir='ltr'>χρόνον</span> <span class='ocrx_word' id='word_1_620' title='bbox 2925 3867 3014 3921; x_wconf 71' lang='grc' dir='ltr'><strong>τὸν</strong></span> <span class='ocrx_word' id='word_1_621' title='bbox 3048 3870 3239 3940; x_wconf 81' lang='grc' dir='ltr'>μέχρις</span> <span class='ocrx_word' id='word_1_622' title='bbox 3277 3866 3722 3932; x_wconf 71' lang='grc' dir='ltr'>ἀναδείξεωςααύ-</span> 
     </span>
    </p>
   </div>
   <div class='ocr_carea' id='block_1_83' title="bbox 2151 3958 3720 4032">
    <p class='ocr_par' dir='ltr' id='par_1_83' title="bbox 2151 3958 3720 4032">
     <span class='ocr_line' id='line_1_83' title="bbox 2151 3958 3720 4032; baseline -0.003 -17"><span class='ocrx_word' id='word_1_623' title='bbox 2151 3961 2245 4015; x_wconf 88' lang='grc' dir='ltr'><strong>τοῦ</strong></span> <span class='ocrx_word' id='word_1_624' title='bbox 2271 3963 2481 4032; x_wconf 77' lang='grc' dir='ltr'>ἀφανὴς</span> <span class='ocrx_word' id='word_1_625' title='bbox 2507 3961 2582 4015; x_wconf 84' lang='grc' dir='ltr'>ὢν</span> <span class='ocrx_word' id='word_1_626' title='bbox 2613 3962 2706 4014; x_wconf 74' lang='grc' dir='ltr'>καὶ</span> <span class='ocrx_word' id='word_1_627' title='bbox 2751 3962 2890 4016; x_wconf 85' lang='grc' dir='ltr'>κατὰ</span> <span class='ocrx_word' id='word_1_628' title='bbox 2930 3961 3027 4032; x_wconf 81' lang='grc' dir='ltr'>τὴν</span> <span class='ocrx_word' id='word_1_629' title='bbox 3064 3961 3266 4032; x_wconf 76' lang='grc' dir='ltr'>ἔρημον</span> <span class='ocrx_word' id='word_1_630' title='bbox 3295 3959 3518 4028; x_wconf 83' lang='grc' dir='ltr'>διάγων,</span> <span class='ocrx_word' id='word_1_631' title='bbox 3551 3958 3720 4021; x_wconf 68' lang='grc' dir='ltr'>οὕτως</span> 
     </span>
    </p>
   </div>
   <div class='ocr_carea' id='block_1_84' title="bbox 2152 4051 3723 4126">
    <p class='ocr_par' dir='ltr' id='par_1_84' title="bbox 2152 4051 3723 4126">
     <span class='ocr_line' id='line_1_84' title="bbox 2152 4051 3723 4126; baseline -0.001 -22"><span class='ocrx_word' id='word_1_632' title='bbox 2152 4053 2257 4104; x_wconf 73' lang='grc' dir='ltr'>ὑπὸ</span> <span class='ocrx_word' id='word_1_633' title='bbox 2286 4055 2378 4123; x_wconf 75' lang='grc' dir='ltr'>τῆς</span> <span class='ocrx_word' id='word_1_634' title='bbox 2429 4053 2576 4117; x_wconf 86' lang='grc' dir='ltr'>θείας</span> <span class='ocrx_word' id='word_1_635' title='bbox 2607 4053 2922 4122; x_wconf 86' lang='grc' dir='ltr'>κινούμενος</span> <span class='ocrx_word' id='word_1_636' title='bbox 2969 4055 3186 4126; x_wconf 82' lang='grc' dir='ltr'>χάριτος</span> <span class='ocrx_word' id='word_1_637' title='bbox 3227 4055 3319 4106; x_wconf 76' lang='grc' dir='ltr'>ἐπὶ</span> <span class='ocrx_word' id='word_1_638' title='bbox 3361 4053 3438 4123; x_wconf 82' lang='grc' dir='ltr'>τῷ</span> <span class='ocrx_word' id='word_1_639' title='bbox 3470 4051 3723 4121; x_wconf 82' lang='grc' dir='ltr'>γενέσθαι</span> 
     </span>
    </p>
   </div>
   <div class='ocr_carea' id='block_1_85' title="bbox 2151 4140 3725 4216">
    <p class='ocr_par' dir='ltr' id='par_1_85' title="bbox 2151 4140 3725 4216">
     <span class='ocr_line' id='line_1_85' title="bbox 2151 4140 3725 4216; baseline -0.002 -21"><span class='ocrx_word' id='word_1_640' title='bbox 2151 4143 2390 4196; x_wconf 87' lang='grc' dir='ltr'>τοιοῦτον</span> <span class='ocrx_word' id='word_1_641' title='bbox 2416 4144 2595 4208; x_wconf 77' lang='grc' dir='ltr'>αὐτὸν,</span> <span class='ocrx_word' id='word_1_642' title='bbox 2623 4141 2842 4216; x_wconf 70' lang='grc' dir='ltr'>οἷόνπερ</span> <span class='ocrx_word' id='word_1_643' title='bbox 2888 4145 3138 4213; x_wconf 83' lang='grc' dir='ltr'>γενέσθαι</span> <span class='ocrx_word' id='word_1_644' title='bbox 3165 4145 3328 4216; x_wconf 72' lang='grc' dir='ltr'>ἐχρῆν</span> <span class='ocrx_word' id='word_1_645' title='bbox 3357 4141 3588 4213; x_wconf 81' lang='grc' dir='ltr'>τοσαύτῃ</span> <span class='ocrx_word' id='word_1_646' title='bbox 3617 4140 3725 4193; x_wconf 86' lang='grc' dir='ltr'>λει-</span> 
     </span>
    </p>
   </div>
   <div class='ocr_carea' id='block_1_86' title="bbox 2151 4233 3725 4307">
    <p class='ocr_par' dir='ltr' id='par_1_86' title="bbox 2151 4233 3725 4307">
     <span class='ocr_line' id='line_1_86' title="bbox 2151 4233 3725 4307; baseline 0 -21"><span class='ocrx_word' id='word_1_647' title='bbox 2151 4235 2379 4305; x_wconf 72' lang='grc' dir='ltr'>τουργίᾳ</span> <span class='ocrx_word' id='word_1_648' title='bbox 2408 4235 2770 4290; x_wconf 85' lang='grc' dir='ltr'>διακονεῖσθαι</span> <span class='ocrx_word' id='word_1_649' title='bbox 2820 4237 3078 4307; x_wconf 87' lang='grc' dir='ltr'>μέλλοντα</span> <span class='ocrx_word' id='word_1_650' title='bbox 3113 4237 3204 4290; x_wconf 71' lang='grc' dir='ltr'>καὶ</span> <span class='ocrx_word' id='word_1_651' title='bbox 3245 4237 3549 4307; x_wconf 82' lang='grc' dir='ltr'>πρόδρομον</span> <span class='ocrx_word' id='word_1_652' title='bbox 3581 4233 3725 4303; x_wconf 87' lang='grc' dir='ltr'>γινὸ-</span> 
     </span>
    </p>
   </div>
   <div class='ocr_carea' id='block_1_87' title="bbox 2157 4327 3726 4399">
    <p class='ocr_par' dir='ltr' id='par_1_87' title="bbox 2157 4327 3726 4399">
     <span class='ocr_line' id='line_1_87' title="bbox 2157 4327 3726 4399; baseline 0.002 -22"><span class='ocrx_word' id='word_1_653' title='bbox 2157 4342 2316 4396; x_wconf 86' lang='grc' dir='ltr'>μενον</span> <span class='ocrx_word' id='word_1_654' title='bbox 2359 4327 2628 4380; x_wconf 84' lang='grc' dir='ltr'>Δεσπότου</span> <span class='ocrx_word' id='word_1_655' title='bbox 2655 4327 2912 4398; x_wconf 91' lang='grc' dir='ltr'>Χριστοῦ,</span> <span class='ocrx_word' id='word_1_656' title='bbox 2949 4329 3034 4382; x_wconf 72' lang='grc' dir='ltr'><strong>διὰ</strong></span> <span class='ocrx_word' id='word_1_657' title='bbox 3077 4327 3288 4399; x_wconf 86' lang='grc' dir='ltr'>μακροῦ</span> <span class='ocrx_word' id='word_1_658' title='bbox 3329 4328 3450 4381; x_wconf 86' lang='grc' dir='ltr'>τότε</span> <span class='ocrx_word' id='word_1_659' title='bbox 3484 4327 3726 4396; x_wconf 78' lang='grc' dir='ltr'>ἀνεφάνη</span> 
     </span>
    </p>
   </div>
   <div class='ocr_carea' id='block_1_88' title="bbox 2151 4416 3727 4490">
    <p class='ocr_par' dir='ltr' id='par_1_88' title="bbox 2151 4416 3727 4490">
     <span class='ocr_line' id='line_1_88' title="bbox 2151 4416 3727 4490; baseline -0.012 -4"><span class='ocrx_word' id='word_1_660' title='bbox 2151 4416 2244 4470; x_wconf 77' lang='grc' dir='ltr'><strong>τοῦ</strong></span> <span class='ocrx_word' id='word_1_661' title='bbox 2275 4418 2489 4490; x_wconf 78' lang='grc' dir='ltr'>χρόνου,</span> <span class='ocrx_word' id='word_1_662' title='bbox 2518 4419 2619 4472; x_wconf 81' lang='grc' dir='ltr'><strong>οὐκ</strong></span> <span class='ocrx_word' id='word_1_663' title='bbox 2648 4420 2728 4481; x_wconf 82' lang='grc' dir='ltr'><strong>είς</strong></span> <span class='ocrx_word' id='word_1_664' title='bbox 2756 4419 2854 4489; x_wconf 81' lang='grc' dir='ltr'>τὴν</span> <span class='ocrx_word' id='word_1_665' title='bbox 2890 4419 3041 4472; x_wconf 74' lang='grc' dir='ltr'>πόλιν</span> <span class='ocrx_word' id='word_1_666' title='bbox 3090 4419 3458 4489; x_wconf 78' lang='grc' dir='ltr'>ἐξεληλυθὼς,</span> <span class='ocrx_word' id='word_1_667' title='bbox 3489 4417 3613 4470; x_wconf 82' lang='grc' dir='ltr'>ἀλλ’</span> <span class='ocrx_word' id='word_1_668' title='bbox 3636 4417 3727 4469; x_wconf 71' lang='grc' dir='ltr'><strong>επὶ</strong></span> 
     </span>
    </p>
   </div>
   <div class='ocr_carea' id='block_1_89' title="bbox 2152 4509 3727 4581">
    <p class='ocr_par' dir='ltr' id='par_1_89' title="bbox 2152 4509 3727 4581">
     <span class='ocr_line' id='line_1_89' title="bbox 2152 4509 3727 4581; baseline 0.001 -20"><span class='ocrx_word' id='word_1_669' title='bbox 2152 4509 2252 4581; x_wconf 79' lang='grc' dir='ltr'>τὴν</span> <span class='ocrx_word' id='word_1_670' title='bbox 2302 4510 2506 4580; x_wconf 80' lang='grc' dir='ltr'>ἔρημον</span> <span class='ocrx_word' id='word_1_671' title='bbox 2555 4510 2615 4562; x_wconf 77' lang='grc' dir='ltr'><strong>τὸ</strong></span> <span class='ocrx_word' id='word_1_672' title='bbox 2661 4512 2858 4564; x_wconf 78' lang='grc' dir='ltr'>οἰκεῖον</span> <span class='ocrx_word' id='word_1_673' title='bbox 2901 4511 3058 4580; x_wconf 77' lang='grc' dir='ltr'>ἔργον</span> <span class='ocrx_word' id='word_1_674' title='bbox 3089 4512 3342 4566; x_wconf 82' lang='grc' dir='ltr'>ἐκτελῶν.</span> <span class='ocrx_word' id='word_1_675' title='bbox 3391 4511 3576 4564; x_wconf 87' lang='grc' dir='ltr'>Πάντα</span> <span class='ocrx_word' id='word_1_676' title='bbox 3620 4509 3727 4580; x_wconf 81' lang='grc' dir='ltr'><strong>γάρ</strong></span> 
     </span>
    </p>
   </div>
   <div class='ocr_carea' id='block_1_90' title="bbox 475 4600 2044 4678">
    <p class='ocr_par' dir='ltr' id='par_1_90' title="bbox 475 4607 2044 4678">
     <span class='ocr_line' id='line_1_90' title="bbox 475 4607 2044 4678; baseline 0.002 -17"><span class='ocrx_word' id='word_1_677' title='bbox 475 4616 622 4670; x_wconf 88' lang='lat' dir='ltr'><strong>rent,</strong></span> <span class='ocrx_word' id='word_1_678' title='bbox 667 4607 852 4663; x_wconf 84' lang='lat' dir='ltr'><strong>divina</strong></span> <span class='ocrx_word' id='word_1_679' title='bbox 889 4610 1066 4678; x_wconf 79' lang='lat' dir='ltr'><strong>gratia</strong></span> <span class='ocrx_word' id='word_1_680' title='bbox 1099 4609 1392 4678; x_wconf 86' lang='lat' dir='ltr'><strong>disposuit.</strong></span> <span class='ocrx_word' id='word_1_681' title='bbox 1435 4607 1679 4663; x_wconf 82' lang='lat' dir='ltr'><strong>Joannes</strong></span> <span class='ocrx_word' id='word_1_682' title='bbox 1735 4609 1921 4678; x_wconf 84' lang='lat' dir='ltr'><strong>igitur,</strong></span> <span class='ocrx_word' id='word_1_683' title='bbox 1979 4624 2044 4664; x_wconf 88' lang='lat' dir='ltr'><strong>ne</strong></span> 
     </span>
    </p>
   </div>
   <div class='ocr_carea' id='block_1_91' title="bbox 2149 4600 3724 4678">
    <p class='ocr_par' dir='ltr' id='par_1_91' title="bbox 2149 4600 3724 4672">
     <span class='ocr_line' id='line_1_91' title="bbox 2149 4600 3724 4672; baseline -0.001 -20"><span class='ocrx_word' id='word_1_684' title='bbox 2149 4600 2320 4664; x_wconf 75' lang='grc' dir='ltr'>οὕτως</span> <span class='ocrx_word' id='word_1_685' title='bbox 2353 4603 2385 4671; x_wconf 83' lang='grc' dir='ltr'><strong>ἡ</strong></span> <span class='ocrx_word' id='word_1_686' title='bbox 2417 4600 2532 4653; x_wconf 88' lang='grc' dir='ltr'>θεία</span> <span class='ocrx_word' id='word_1_687' title='bbox 2563 4602 2715 4672; x_wconf 80' lang='grc' dir='ltr'>χάρις</span> <span class='ocrx_word' id='word_1_688' title='bbox 2746 4602 2995 4669; x_wconf 76' lang='grc' dir='ltr'>γενέσθαι</span> <span class='ocrx_word' id='word_1_689' title='bbox 3029 4603 3397 4672; x_wconf 76' lang='grc' dir='ltr'>ᾠκονόμησεν·</span> <span class='ocrx_word' id='word_1_690' title='bbox 3430 4603 3504 4666; x_wconf 88' lang='grc' dir='ltr'>ὡς</span> <span class='ocrx_word' id='word_1_691' title='bbox 3526 4601 3591 4654; x_wconf 81' lang='grc' dir='ltr'><strong>ἂν</strong></span> <span class='ocrx_word' id='word_1_692' title='bbox 3620 4617 3724 4670; x_wconf 81' lang='grc' dir='ltr'>μη-</span> 
     </span>
    </p>
   </div>
   <div class='ocr_carea' id='block_1_92' title="bbox 477 4698 2042 4770">
    <p class='ocr_par' dir='ltr' id='par_1_92' title="bbox 477 4698 2042 4770">
     <span class='ocr_line' id='line_1_92' title="bbox 477 4698 2042 4770; baseline 0 -18"><span class='ocrx_word' id='word_1_693' title='bbox 477 4698 798 4754; x_wconf 86' lang='lat' dir='ltr'><strong>hominibus</strong></span> <span class='ocrx_word' id='word_1_694' title='bbox 834 4715 1003 4770; x_wconf 87' lang='lat' dir='ltr'><strong>prava</strong></span> <span class='ocrx_word' id='word_1_695' title='bbox 1039 4699 1105 4753; x_wconf 91' lang='lat' dir='ltr'><strong>de</strong></span> <span class='ocrx_word' id='word_1_696' title='bbox 1142 4715 1228 4764; x_wconf 89' lang='lat' dir='ltr'><strong>eo,</strong></span> <span class='ocrx_word' id='word_1_697' title='bbox 1262 4699 1354 4769; x_wconf 88' lang='lat' dir='ltr'><strong>qui</strong></span> <span class='ocrx_word' id='word_1_698' title='bbox 1392 4700 1551 4754; x_wconf 90' lang='lat' dir='ltr'><strong>testis</strong></span> <span class='ocrx_word' id='word_1_699' title='bbox 1588 4699 1803 4752; x_wconf 87' lang='lat' dir='ltr'><strong>Domini</strong></span> <span class='ocrx_word' id='word_1_700' title='bbox 1839 4698 2042 4752; x_wconf 85' lang='lat' dir='ltr'><strong>Christi</strong></span> 
     </span>
    </p>
   </div>
   <div class='ocr_carea' id='block_1_93' title="bbox 476 4791 2051 4864">
    <p class='ocr_par' dir='ltr' id='par_1_93' title="bbox 476 4791 2051 4864">
     <span class='ocr_line' id='line_1_93' title="bbox 476 4791 2051 4864; baseline -0.001 -17"><span class='ocrx_word' id='word_1_701' title='bbox 476 4807 605 4847; x_wconf 86' lang='lat' dir='ltr'><strong>esse</strong></span> <span class='ocrx_word' id='word_1_702' title='bbox 649 4791 901 4857; x_wconf 89' lang='lat' dir='ltr'><strong>deberet,</strong></span> <span class='ocrx_word' id='word_1_703' title='bbox 937 4793 1178 4847; x_wconf 79' lang='lat' dir='ltr'><strong>oriretur</strong></span> <span class='ocrx_word' id='word_1_704' title='bbox 1229 4791 1436 4864; x_wconf 87' lang='lat' dir='ltr'><strong>opinio,</strong></span> <span class='ocrx_word' id='word_1_705' title='bbox 1490 4793 1647 4863; x_wconf 87' lang='lat' dir='ltr'><strong>quasi</strong></span> <span class='ocrx_word' id='word_1_706' title='bbox 1704 4793 1788 4846; x_wconf 87' lang='lat' dir='ltr'><strong>vel</strong></span> <span class='ocrx_word' id='word_1_707' title='bbox 1847 4807 2051 4863; x_wconf 80' lang='lat' dir='ltr'><strong>cogna-</strong></span> 
     </span>
    </p>
   </div>
   <div class='ocr_carea' id='block_1_94' title="bbox 479 4881 2050 4953">
    <p class='ocr_par' dir='ltr' id='par_1_94' title="bbox 479 4881 2050 4953">
     <span class='ocr_line' id='line_1_94' title="bbox 479 4881 2050 4953; baseline -0.001 -16"><span class='ocrx_word' id='word_1_708' title='bbox 479 4883 667 4946; x_wconf 89' lang='lat' dir='ltr'><strong>tionis,</strong></span> <span class='ocrx_word' id='word_1_709' title='bbox 701 4899 809 4952; x_wconf 90' lang='lat' dir='ltr'><strong>qua</strong></span> <span class='ocrx_word' id='word_1_710' title='bbox 841 4899 967 4937; x_wconf 86' lang='lat' dir='ltr'><strong>cum</strong></span> <span class='ocrx_word' id='word_1_711' title='bbox 999 4881 1222 4937; x_wconf 88' lang='lat' dir='ltr'><strong>Christo</strong></span> <span class='ocrx_word' id='word_1_712' title='bbox 1246 4884 1474 4953; x_wconf 84' lang='lat' dir='ltr'><strong>junctus</strong></span> <span class='ocrx_word' id='word_1_713' title='bbox 1507 4893 1654 4939; x_wconf 81' lang='lat' dir='ltr'><strong>esset</strong></span> <span class='ocrx_word' id='word_1_714' title='bbox 1692 4882 2050 4952; x_wconf 82' lang='lat' dir='ltr'><strong>(consangui-</strong></span> 
     </span>
    </p>
   </div>
   <div class='ocr_carea' id='block_1_95' title="bbox 477 4973 2053 5028">
    <p class='ocr_par' dir='ltr' id='par_1_95' title="bbox 477 4973 2053 5028">
     <span class='ocr_line' id='line_1_95' title="bbox 477 4973 2053 5028; baseline -0.003 0"><span class='ocrx_word' id='word_1_715' title='bbox 477 4988 593 5028; x_wconf 68' lang='lat' dir='ltr'><strong>neae</strong></span> <span class='ocrx_word' id='word_1_716' title='bbox 631 4973 774 5028; x_wconf 89' lang='lat' dir='ltr'><strong>enim</strong></span> <span class='ocrx_word' id='word_1_717' title='bbox 828 4981 1029 5028; x_wconf 78' lang='lat' dir='ltr'><strong>matres</strong></span> <span class='ocrx_word' id='word_1_718' title='bbox 1083 4988 1274 5026; x_wconf 89' lang='lat' dir='ltr'><strong>eorum</strong></span> <span class='ocrx_word' id='word_1_719' title='bbox 1326 4984 1381 5026; x_wconf 88' lang='lat' dir='ltr'><strong>et</strong></span> <span class='ocrx_word' id='word_1_720' title='bbox 1427 4973 1686 5027; x_wconf 72' lang='lat' dir='ltr'><strong>amicitiae</strong></span> <span class='ocrx_word' id='word_1_721' title='bbox 1743 4974 1903 5026; x_wconf 73' lang='lat' dir='ltr'><strong>avita:</strong></span> <span class='ocrx_word' id='word_1_722' title='bbox 1939 4986 2053 5024; x_wconf 89' lang='lat' dir='ltr'><strong>me-</strong></span> 
     </span>
    </p>
   </div>
   <div class='ocr_carea' id='block_1_96' title="bbox 478 5063 2054 5136">
    <p class='ocr_par' dir='ltr' id='par_1_96' title="bbox 478 5063 2054 5136">
     <span class='ocr_line' id='line_1_96' title="bbox 478 5063 2054 5136; baseline -0.002 -18"><span class='ocrx_word' id='word_1_723' title='bbox 478 5081 660 5121; x_wconf 86' lang='lat' dir='ltr'><strong>mores</strong></span> <span class='ocrx_word' id='word_1_724' title='bbox 685 5067 887 5136; x_wconf 88' lang='lat' dir='ltr'><strong>erant),</strong></span> <span class='ocrx_word' id='word_1_725' title='bbox 916 5067 997 5120; x_wconf 88' lang='lat' dir='ltr'><strong>vel</strong></span> <span class='ocrx_word' id='word_1_726' title='bbox 1022 5064 1446 5119; x_wconf 85' lang='lat' dir='ltr'><strong>consuetudinis</strong></span> <span class='ocrx_word' id='word_1_727' title='bbox 1479 5080 1504 5117; x_wconf 92' lang='lat' dir='ltr'><strong>a</strong></span> <span class='ocrx_word' id='word_1_728' title='bbox 1536 5066 1720 5136; x_wconf 87' lang='lat' dir='ltr'><strong>pueris</strong></span> <span class='ocrx_word' id='word_1_729' title='bbox 1748 5079 1915 5118; x_wconf 78' lang='lat' dir='ltr'><strong>causa</strong></span> <span class='ocrx_word' id='word_1_730' title='bbox 1941 5063 2054 5116; x_wconf 81' lang='lat' dir='ltr'><strong>inec</strong></span> 
     </span>
    </p>
   </div>
   <div class='ocr_carea' id='block_1_97' title="bbox 478 5153 2048 5224">
    <p class='ocr_par' dir='ltr' id='par_1_97' title="bbox 478 5153 2048 5224">
     <span class='ocr_line' id='line_1_97' title="bbox 478 5153 2048 5224; baseline -0.001 -18"><span class='ocrx_word' id='word_1_731' title='bbox 478 5153 546 5207; x_wconf 90' lang='lat' dir='ltr'><strong>de</strong></span> <span class='ocrx_word' id='word_1_732' title='bbox 581 5169 647 5208; x_wconf 93' lang='lat' dir='ltr'><strong>eo</strong></span> <span class='ocrx_word' id='word_1_733' title='bbox 675 5156 987 5212; x_wconf 87' lang='lat' dir='ltr'><strong>testimonia</strong></span> <span class='ocrx_word' id='word_1_734' title='bbox 1033 5155 1259 5210; x_wconf 82' lang='lat' dir='ltr'><strong>reddere</strong></span> <span class='ocrx_word' id='word_1_735' title='bbox 1300 5156 1481 5216; x_wconf 84' lang='lat' dir='ltr'><strong>vellet,</strong></span> <span class='ocrx_word' id='word_1_736' title='bbox 1520 5171 1548 5208; x_wconf 89' lang='lat' dir='ltr'><strong>a</strong></span> <span class='ocrx_word' id='word_1_737' title='bbox 1578 5156 1760 5207; x_wconf 87' lang='lat' dir='ltr'><strong>divina</strong></span> <span class='ocrx_word' id='word_1_738' title='bbox 1794 5155 1970 5224; x_wconf 80' lang='lat' dir='ltr'><strong>gratia</strong></span> <span class='ocrx_word' id='word_1_739' title='bbox 1996 5153 2048 5205; x_wconf 92' lang='lat' dir='ltr'><strong>in</strong></span> 
     </span>
    </p>
   </div>
   <div class='ocr_carea' id='block_1_98' title="bbox 481 5243 2051 5318">
    <p class='ocr_par' dir='ltr' id='par_1_98' title="bbox 481 5243 2051 5318">
     <span class='ocr_line' id='line_1_98' title="bbox 481 5243 2051 5318; baseline -0.001 -20"><span class='ocrx_word' id='word_1_740' title='bbox 481 5243 758 5301; x_wconf 82' lang='lat' dir='ltr'><strong>desertum</strong></span> <span class='ocrx_word' id='word_1_741' title='bbox 791 5247 994 5304; x_wconf 78' lang='lat' dir='ltr'><strong>ductus</strong></span> <span class='ocrx_word' id='word_1_742' title='bbox 1021 5257 1126 5314; x_wconf 86' lang='lat' dir='ltr'><strong>est,</strong></span> <span class='ocrx_word' id='word_1_743' title='bbox 1164 5256 1218 5303; x_wconf 79' lang='lat' dir='ltr'><strong>et</strong></span> <span class='ocrx_word' id='word_1_744' title='bbox 1249 5247 1453 5318; x_wconf 88' lang='lat' dir='ltr'><strong>ubique</strong></span> <span class='ocrx_word' id='word_1_745' title='bbox 1494 5248 1787 5317; x_wconf 87' lang='lat' dir='ltr'><strong>impulsus,</strong></span> <span class='ocrx_word' id='word_1_746' title='bbox 1823 5257 1881 5300; x_wconf 91' lang='lat' dir='ltr'><strong>nt</strong></span> <span class='ocrx_word' id='word_1_747' title='bbox 1905 5245 2051 5300; x_wconf 82' lang='lat' dir='ltr'><strong>veri-</strong></span> 
     </span>
    </p>
   </div>
   <div class='ocr_carea' id='block_1_99' title="bbox 514 5442 2053 5534">
    <p class='ocr_par' dir='ltr' id='par_1_99' title="bbox 514 5442 2053 5534">
     <span class='ocr_line' id='line_1_99' title="bbox 514 5442 2053 5534; baseline -0.003 -32"><span class='ocrx_word' id='word_1_748' title='bbox 514 5517 526 5534; x_wconf 34' lang='grc' dir='ltr'>ἱ</span> <span class='ocrx_word' id='word_1_749' title='bbox 553 5449 628 5534; x_wconf 80' lang='lat' dir='ltr'><strong>(l)</strong></span> <span class='ocrx_word' id='word_1_750' title='bbox 656 5445 913 5530; x_wconf 76' lang='lat' dir='ltr'><strong>Posthinc</strong></span> <span class='ocrx_word' id='word_1_751' title='bbox 952 5465 1124 5517; x_wconf 89' lang='lat' dir='ltr'><strong>usque</strong></span> <span class='ocrx_word' id='word_1_752' title='bbox 1149 5448 1215 5505; x_wconf 86' lang='lat' dir='ltr'><strong>ad</strong></span> <span class='ocrx_word' id='word_1_753' title='bbox 1247 5448 1306 5503; x_wconf 85' lang='grc' dir='ltr'><strong>τὸ</strong></span> <span class='ocrx_word' id='word_1_754' title='bbox 1341 5449 1666 5518; x_wconf 73' lang='grc' dir='ltr'>φαινόμενον</span> <span class='ocrx_word' id='word_1_755' title='bbox 1690 5447 1888 5518; x_wconf 83' lang='lat' dir='ltr'><strong>legitur</strong></span> <span class='ocrx_word' id='word_1_756' title='bbox 1913 5442 2053 5514; x_wconf 89' lang='lat' dir='ltr'><strong>apud</strong></span> 
     </span>
    </p>
   </div>
   <div class='ocr_carea' id='block_1_100' title="bbox 486 5517 2055 5662">
    <p class='ocr_par' dir='ltr' id='par_1_100' title="bbox 486 5517 2055 5662">
     <span class='ocr_line' id='line_1_100' title="bbox 486 5517 1763 5572; baseline -0.002 0"><span class='ocrx_word' id='word_1_757' title='bbox 486 5517 832 5572; x_wconf 65' lang='lat' dir='ltr'><strong>Cordalum.</strong></span> <span class='ocrx_word' id='word_1_758' title='bbox 1355 5517 1362 5518; x_wconf 16' lang='lat'><em>7</em></span> <span class='ocrx_word' id='word_1_759' title='bbox 1755 5517 1763 5518; x_wconf 29' lang='grc' dir='ltr'><strong>ί</strong></span> 
     </span>
     <span class='ocr_line' id='line_1_101' title="bbox 555 5585 2055 5662; baseline -0.007 -15"><span class='ocrx_word' id='word_1_760' title='bbox 555 5588 632 5658; x_wconf 73' lang='lat'><strong>(2)</strong></span> <span class='ocrx_word' id='word_1_761' title='bbox 659 5589 786 5662; x_wconf 65' lang='lat' dir='ltr'><strong>Haec</strong></span> <span class='ocrx_word' id='word_1_762' title='bbox 806 5589 1294 5662; x_wconf 67' lang='lat' dir='ltr'><strong>adtlitCorderius</strong></span> <span class='ocrx_word' id='word_1_763' title='bbox 1330 5607 1450 5662; x_wconf 64' lang='lat' dir='ltr'><strong>quae</strong></span> <span class='ocrx_word' id='word_1_764' title='bbox 1495 5591 1680 5646; x_wconf 90' lang='lat' dir='ltr'><strong>omisit</strong></span> <span class='ocrx_word' id='word_1_765' title='bbox 1710 5587 1814 5662; x_wconf 76' lang='lat' dir='ltr'><strong>Mai</strong></span> <span class='ocrx_word' id='word_1_766' title='bbox 1852 5585 2055 5662; x_wconf 56' lang='lat' dir='ltr'><strong>:“Enet</strong></span> 
     </span>
    </p>
   </div>
   <div class='ocr_carea' id='block_1_101' title="bbox 484 5655 2056 5732">
    <p class='ocr_par' dir='ltr' id='par_1_101' title="bbox 484 5655 2056 5732">
     <span class='ocr_line' id='line_1_102' title="bbox 484 5655 2056 5732; baseline 0.003 -24"><span class='ocrx_word' id='word_1_767' title='bbox 484 5675 552 5709; x_wconf 89' lang='grc' dir='ltr'><strong>πε</strong></span> <span class='ocrx_word' id='word_1_768' title='bbox 554 5655 738 5732; x_wconf 53' lang='lat' dir='ltr'><strong>prgth</strong></span> <span class='ocrx_word' id='word_1_769' title='bbox 760 5655 1126 5732; x_wconf 15' lang='grc' dir='ltr'>ἦνγτδίλέγειν,</span> <span class='ocrx_word' id='word_1_770' title='bbox 1144 5663 1217 5724; x_wconf 82' lang='grc' dir='ltr'>ὼς</span> <span class='ocrx_word' id='word_1_771' title='bbox 1253 5655 1502 5732; x_wconf 76' lang='grc' dir='ltr'>Ἰωάννης</span> <span class='ocrx_word' id='word_1_772' title='bbox 1520 5660 1867 5732; x_wconf 80' lang='grc' dir='ltr'>ἐμαρτύρησε</span> <span class='ocrx_word' id='word_1_773' title='bbox 1884 5657 2056 5732; x_wconf 75' lang='grc' dir='ltr'>λέγων</span> 
     </span>
    </p>
   </div>
   <div class='ocr_carea' id='block_1_102' title="bbox 484 5728 2054 5801">
    <p class='ocr_par' dir='ltr' id='par_1_102' title="bbox 484 5728 2054 5801">
     <span class='ocr_line' id='line_1_103' title="bbox 484 5728 2054 5801; baseline 0.002 -21"><span class='ocrx_word' id='word_1_774' title='bbox 484 5728 772 5782; x_wconf 80' lang='grc' dir='ltr'>τεθεᾶσθαι</span> <span class='ocrx_word' id='word_1_775' title='bbox 803 5731 863 5783; x_wconf 71' lang='grc' dir='ltr'>τὸ</span> <span class='ocrx_word' id='word_1_776' title='bbox 889 5729 1126 5800; x_wconf 84' lang='grc' dir='ltr'>Πνεῦμα,</span> <span class='ocrx_word' id='word_1_777' title='bbox 1153 5733 1308 5801; x_wconf 72' lang='grc' dir='ltr'>εἴπερ</span> <span class='ocrx_word' id='word_1_778' title='bbox 1335 5728 1577 5800; x_wconf 70' lang='grc' dir='ltr'>ἅπαντας</span> <span class='ocrx_word' id='word_1_779' title='bbox 1612 5728 1898 5795; x_wconf 78' lang='grc' dir='ltr'>κοινωνοὺς</span> <span class='ocrx_word' id='word_1_780' title='bbox 1931 5730 2054 5798; x_wconf 77' lang='grc' dir='ltr'>ἔσχε</span> 
     </span>
    </p>
   </div>
   <div class='ocr_carea' id='block_1_103' title="bbox 2149 4692 3728 4764">
    <p class='ocr_par' dir='ltr' id='par_1_103' title="bbox 2149 4692 3728 4764">
     <span class='ocr_line' id='line_1_104' title="bbox 2149 4692 3728 4764; baseline -0.001 -18"><span class='ocrx_word' id='word_1_781' title='bbox 2149 4693 2310 4762; x_wconf 82' lang='grc' dir='ltr'>δεμία</span> <span class='ocrx_word' id='word_1_782' title='bbox 2342 4692 2518 4762; x_wconf 81' lang='grc' dir='ltr'>φαύλη</span> <span class='ocrx_word' id='word_1_783' title='bbox 2547 4711 2628 4756; x_wconf 88' lang='grc' dir='ltr'><strong>τις</strong></span> <span class='ocrx_word' id='word_1_784' title='bbox 2659 4695 2878 4764; x_wconf 80' lang='grc' dir='ltr'>γένηται</span> <span class='ocrx_word' id='word_1_785' title='bbox 2906 4695 2981 4764; x_wconf 64' lang='lat'><strong>(4)</strong></span> <span class='ocrx_word' id='word_1_786' title='bbox 3024 4700 3136 4758; x_wconf 84' lang='grc' dir='ltr'>τοῖς</span> <span class='ocrx_word' id='word_1_787' title='bbox 3165 4695 3467 4764; x_wconf 70' lang='grc' dir='ltr'>ἁνθρῦποις</span> <span class='ocrx_word' id='word_1_788' title='bbox 3506 4693 3728 4746; x_wconf 84' lang='grc' dir='ltr'>ὑπόνοια</span> 
     </span>
    </p>
   </div>
   <div class='ocr_carea' id='block_1_104' title="bbox 2153 4781 3725 4858">
    <p class='ocr_par' dir='ltr' id='par_1_104' title="bbox 2153 4781 3725 4858">
     <span class='ocr_line' id='line_1_105' title="bbox 2153 4781 3725 4858; baseline 0.008 -26"><span class='ocrx_word' id='word_1_789' title='bbox 2153 4781 2249 4833; x_wconf 83' lang='grc' dir='ltr'><strong>τοῦ</strong></span> <span class='ocrx_word' id='word_1_790' title='bbox 2281 4782 2565 4852; x_wconf 87' lang='grc' dir='ltr'>μέλλοντος</span> <span class='ocrx_word' id='word_1_791' title='bbox 2603 4787 2898 4856; x_wconf 82' lang='grc' dir='ltr'>μαρτυρεῖν</span> <span class='ocrx_word' id='word_1_792' title='bbox 2929 4786 3004 4856; x_wconf 80' lang='grc' dir='ltr'>τῷ</span> <span class='ocrx_word' id='word_1_793' title='bbox 3035 4788 3279 4858; x_wconf 77' lang='grc' dir='ltr'>Δεσπότῃ</span> <span class='ocrx_word' id='word_1_794' title='bbox 3310 4789 3350 4838; x_wconf 86' lang='grc' dir='ltr'>Χ</span> <span class='ocrx_word' id='word_1_795' title='bbox 3360 4785 3548 4857; x_wconf 82' lang='grc' dir='ltr'>ριστῷ,</span> <span class='ocrx_word' id='word_1_796' title='bbox 3592 4786 3667 4846; x_wconf 78' lang='grc' dir='ltr'>ὡς</span> <span class='ocrx_word' id='word_1_797' title='bbox 3693 4783 3725 4853; x_wconf 84' lang='grc' dir='ltr'>ἦ</span> 
     </span>
    </p>
   </div>
   <div class='ocr_carea' id='block_1_105' title="bbox 2158 4875 3728 4951">
    <p class='ocr_par' dir='ltr' id='par_1_105' title="bbox 2158 4875 3728 4951">
     <span class='ocr_line' id='line_1_106' title="bbox 2158 4875 3728 4951; baseline 0 -23"><span class='ocrx_word' id='word_1_798' title='bbox 2158 4875 2471 4942; x_wconf 80' lang='grc' dir='ltr'>συγγενείας</span> <span class='ocrx_word' id='word_1_799' title='bbox 2499 4876 2682 4928; x_wconf 72' lang='grc' dir='ltr'>ἕνεκεν</span> <span class='ocrx_word' id='word_1_800' title='bbox 2711 4880 2806 4948; x_wconf 80' lang='grc' dir='ltr'>τῆς</span> <span class='ocrx_word' id='word_1_801' title='bbox 2838 4880 2973 4948; x_wconf 72' lang='grc' dir='ltr'>πρὸς</span> <span class='ocrx_word' id='word_1_802' title='bbox 3007 4879 3095 4932; x_wconf 67' lang='grc' dir='ltr'>τὸν</span> <span class='ocrx_word' id='word_1_803' title='bbox 3117 4881 3357 4951; x_wconf 65' lang='grc' dir='ltr'><strong>¹Χριστὸν</strong></span> <span class='ocrx_word' id='word_1_804' title='bbox 3394 4877 3728 4946; x_wconf 85' lang='grc' dir='ltr'>(συγγενίδες</span> 
     </span>
    </p>
   </div>
   <div class='ocr_carea' id='block_1_106' title="bbox 2155 4963 3728 5040">
    <p class='ocr_par' dir='ltr' id='par_1_106' title="bbox 2155 4963 3728 5040">
     <span class='ocr_line' id='line_1_107' title="bbox 2155 4963 3728 5040; baseline -0.001 -20"><span class='ocrx_word' id='word_1_805' title='bbox 2155 4967 2263 5039; x_wconf 79' lang='grc' dir='ltr'><strong>γὰρ</strong></span> <span class='ocrx_word' id='word_1_806' title='bbox 2305 4963 2444 5039; x_wconf 84' lang='grc' dir='ltr'>ἦσαν</span> <span class='ocrx_word' id='word_1_807' title='bbox 2473 4971 2528 5021; x_wconf 89' lang='grc' dir='ltr'>αἱ</span> <span class='ocrx_word' id='word_1_808' title='bbox 2563 4969 2798 5038; x_wconf 82' lang='grc' dir='ltr'>μητέρες</span> <span class='ocrx_word' id='word_1_809' title='bbox 2827 4971 3006 5032; x_wconf 79' lang='grc' dir='ltr'>αὐτῶν</span> <span class='ocrx_word' id='word_1_810' title='bbox 3035 4970 3128 5023; x_wconf 76' lang='grc' dir='ltr'><strong>καὶ</strong></span> <span class='ocrx_word' id='word_1_811' title='bbox 3155 4971 3334 5040; x_wconf 83' lang='grc' dir='ltr'>φιλίας</span> <span class='ocrx_word' id='word_1_812' title='bbox 3362 4969 3728 5040; x_wconf 80' lang='grc' dir='ltr'>ἐμνημόνευον</span> 
     </span>
    </p>
   </div>
   <div class='ocr_carea' id='block_1_107' title="bbox 2158 5059 3730 5134">
    <p class='ocr_par' dir='ltr' id='par_1_107' title="bbox 2158 5059 3730 5134">
     <span class='ocr_line' id='line_1_108' title="bbox 2158 5059 3730 5134; baseline 0.001 -20"><span class='ocrx_word' id='word_1_813' title='bbox 2158 5061 2279 5132; x_wconf 80' lang='grc' dir='ltr'>τῆς)</span> <span class='ocrx_word' id='word_1_814' title='bbox 2314 5062 2614 5131; x_wconf 86' lang='grc' dir='ltr'>προγόνων,</span> <span class='ocrx_word' id='word_1_815' title='bbox 2644 5062 2674 5132; x_wconf 77' lang='grc' dir='ltr'>ἢ</span> <span class='ocrx_word' id='word_1_816' title='bbox 2705 5064 2790 5117; x_wconf 81' lang='grc' dir='ltr'>διὰ</span> <span class='ocrx_word' id='word_1_817' title='bbox 2818 5063 2914 5133; x_wconf 83' lang='grc' dir='ltr'><strong>τὴν</strong></span> <span class='ocrx_word' id='word_1_818' title='bbox 2945 5065 3008 5116; x_wconf 85' lang='grc' dir='ltr'>ὲκ</span> <span class='ocrx_word' id='word_1_819' title='bbox 3041 5063 3242 5118; x_wconf 82' lang='grc' dir='ltr'>παίδων</span> <span class='ocrx_word' id='word_1_820' title='bbox 3273 5063 3561 5134; x_wconf 76' lang='grc' dir='ltr'>συνήθειαν</span> <span class='ocrx_word' id='word_1_821' title='bbox 3607 5059 3730 5133; x_wconf 78' lang='grc' dir='ltr'>βού-</span> 
     </span>
    </p>
   </div>
   <div class='ocr_carea' id='block_1_108' title="bbox 2158 5151 3728 5225">
    <p class='ocr_par' dir='ltr' id='par_1_108' title="bbox 2158 5151 3728 5225">
     <span class='ocr_line' id='line_1_109' title="bbox 2158 5151 3728 5225; baseline 0.001 -21"><span class='ocrx_word' id='word_1_822' title='bbox 2158 5151 2343 5206; x_wconf 84' lang='grc' dir='ltr'>λεσθαι</span> <span class='ocrx_word' id='word_1_823' title='bbox 2368 5153 2591 5206; x_wconf 89' lang='grc' dir='ltr'>τοιαῦτα</span> <span class='ocrx_word' id='word_1_824' title='bbox 2619 5157 2912 5225; x_wconf 84' lang='grc' dir='ltr'>μαρτυρεῖν</span> <span class='ocrx_word' id='word_1_825' title='bbox 2939 5153 3105 5222; x_wconf 75' lang='grc' dir='ltr'>αὐτῷ,</span> <span class='ocrx_word' id='word_1_826' title='bbox 3140 5155 3244 5208; x_wconf 80' lang='grc' dir='ltr'>ὑπὸ</span> <span class='ocrx_word' id='word_1_827' title='bbox 3273 5155 3370 5224; x_wconf 78' lang='grc' dir='ltr'><strong>τῆς</strong></span> <span class='ocrx_word' id='word_1_828' title='bbox 3397 5154 3542 5218; x_wconf 80' lang='grc' dir='ltr'>θείας</span> <span class='ocrx_word' id='word_1_829' title='bbox 3574 5155 3728 5224; x_wconf 87' lang='grc' dir='ltr'>χάρι-</span> 
     </span>
    </p>
   </div>
   <div class='ocr_carea' id='block_1_109' title="bbox 2153 5241 3727 5316">
    <p class='ocr_par' dir='ltr' id='par_1_109' title="bbox 2153 5241 3727 5316">
     <span class='ocr_line' id='line_1_110' title="bbox 2153 5241 3727 5316; baseline 0 -21"><span class='ocrx_word' id='word_1_830' title='bbox 2153 5260 2245 5306; x_wconf 87' lang='grc' dir='ltr'><strong>τος</strong></span> <span class='ocrx_word' id='word_1_831' title='bbox 2277 5243 2356 5306; x_wconf 90' lang='grc' dir='ltr'><strong>είς</strong></span> <span class='ocrx_word' id='word_1_832' title='bbox 2379 5241 2474 5312; x_wconf 80' lang='grc' dir='ltr'>τὴν</span> <span class='ocrx_word' id='word_1_833' title='bbox 2501 5242 2707 5314; x_wconf 79' lang='grc' dir='ltr'>ἔρημον</span> <span class='ocrx_word' id='word_1_834' title='bbox 2732 5241 3016 5316; x_wconf 78' lang='grc' dir='ltr'>ἐξηνέχθη,</span> <span class='ocrx_word' id='word_1_835' title='bbox 3039 5243 3369 5314; x_wconf 84' lang='grc' dir='ltr'>πανταχόθεν</span> <span class='ocrx_word' id='word_1_836' title='bbox 3394 5243 3727 5314; x_wconf 76' lang='grc' dir='ltr'>ἑπαγόμενος</span> 
     </span>
    </p>
   </div>
   <div class='ocr_carea' id='block_1_110' title="bbox 2161 5439 3724 5514">
    <p class='ocr_par' dir='ltr' id='par_1_110' title="bbox 2161 5439 3724 5514">
     <span class='ocr_line' id='line_1_111' title="bbox 2161 5439 3724 5514; baseline 0.001 -18"><span class='ocrx_word' id='word_1_837' title='bbox 2161 5445 2257 5514; x_wconf 82' lang='grc' dir='ltr'>τῆς</span> <span class='ocrx_word' id='word_1_838' title='bbox 2285 5439 2410 5514; x_wconf 75' lang='grc' dir='ltr'>θέας</span> <span class='ocrx_word' id='word_1_839' title='bbox 2435 5442 2558 5514; x_wconf 61' lang='grc' dir='ltr'>τοῦς</span> <span class='ocrx_word' id='word_1_840' title='bbox 2588 5439 3296 5514; x_wconf 38' lang='grc' dir='ltr'>παρόνταςκιᾷύηθέστατον,</span> <span class='ocrx_word' id='word_1_841' title='bbox 3328 5461 3381 5497; x_wconf 87' lang='grc' dir='ltr'>κ.</span> <span class='ocrx_word' id='word_1_842' title='bbox 3412 5463 3463 5498; x_wconf 83' lang='grc' dir='ltr'>τ.</span> <span class='ocrx_word' id='word_1_843' title='bbox 3496 5443 3544 5499; x_wconf 88' lang='grc' dir='ltr'>λ.</span> <span class='ocrx_word' id='word_1_844' title='bbox 3572 5442 3724 5514; x_wconf 71' lang='lat' dir='ltr'><strong>Eutr.</strong></span> 
     </span>
    </p>
   </div>
   <div class='ocr_carea' id='block_1_111' title="bbox 2234 5510 3722 5583">
    <p class='ocr_par' dir='ltr' id='par_1_111' title="bbox 2234 5510 3722 5583">
     <span class='ocr_line' id='line_1_112' title="bbox 2234 5510 3722 5583; baseline -0.001 -16"><span class='ocrx_word' id='word_1_845' title='bbox 2234 5515 2310 5583; x_wconf 75' lang='grc'><strong>(5)</strong></span> <span class='ocrx_word' id='word_1_846' title='bbox 2358 5513 2470 5566; x_wconf 89' lang='lat' dir='ltr'><strong>lloc</strong></span> <span class='ocrx_word' id='word_1_847' title='bbox 2497 5510 3130 5583; x_wconf 50' lang='lat' dir='ltr'><strong>fragmentumllue&#39;nter</strong></span> <span class='ocrx_word' id='word_1_848' title='bbox 3166 5515 3400 5583; x_wconf 88' lang='lat' dir='ltr'><strong>primum</strong></span> <span class='ocrx_word' id='word_1_849' title='bbox 3433 5514 3596 5567; x_wconf 80' lang='lat' dir='ltr'><strong>edidit</strong></span> <span class='ocrx_word' id='word_1_850' title='bbox 3621 5513 3654 5565; x_wconf 94' lang='lat' dir='ltr'><strong>l.</strong></span> <span class='ocrx_word' id='word_1_851' title='bbox 3687 5511 3722 5565; x_wconf 93' lang='lat' dir='ltr'><strong>l.</strong></span> 
     </span>
    </p>
   </div>
   <div class='ocr_carea' id='block_1_112' title="bbox 2159 5580 3744 5657">
    <p class='ocr_par' dir='ltr' id='par_1_112' title="bbox 2159 5580 3744 5657">
     <span class='ocr_line' id='line_1_113' title="bbox 2159 5580 3744 5657; baseline -0.001 -19"><span class='ocrx_word' id='word_1_852' title='bbox 2159 5603 2214 5657; x_wconf 89' lang='lat' dir='ltr'><strong>p.</strong></span> <span class='ocrx_word' id='word_1_853' title='bbox 2243 5580 2354 5638; x_wconf 70' lang='grc'><strong>’155</strong></span> <span class='ocrx_word' id='word_1_854' title='bbox 2383 5599 2457 5638; x_wconf 87' lang='lat' dir='ltr'><strong>ss.</strong></span> <span class='ocrx_word' id='word_1_855' title='bbox 2486 5598 2550 5657; x_wconf 59' lang='grc' dir='ltr'>εξ</span> <span class='ocrx_word' id='word_1_856' title='bbox 2579 5581 2701 5657; x_wconf 64' lang='lat' dir='ltr'><strong>cod.</strong></span> <span class='ocrx_word' id='word_1_857' title='bbox 2739 5580 2972 5636; x_wconf 76' lang='lat' dir='ltr'><strong>Vindob.</strong></span> <span class='ocrx_word' id='word_1_858' title='bbox 3009 5597 3134 5657; x_wconf 62' lang='lat' dir='ltr'><strong>ut}:</strong></span> <span class='ocrx_word' id='word_1_859' title='bbox 3166 5580 3416 5657; x_wconf 59' lang='lat' dir='ltr'><strong>:eatenam</strong></span> <span class='ocrx_word' id='word_1_860' title='bbox 3441 5584 3493 5639; x_wconf 92' lang='lat' dir='ltr'><strong>in</strong></span> <span class='ocrx_word' id='word_1_861' title='bbox 3521 5584 3744 5640; x_wconf 59' lang='lat' dir='ltr'><strong>Lucam»-</strong></span> 
     </span>
    </p>
   </div>
   <div class='ocr_carea' id='block_1_113' title="bbox 2162 5651 3360 5726">
    <p class='ocr_par' dir='ltr' id='par_1_113' title="bbox 2162 5651 3360 5726">
     <span class='ocr_line' id='line_1_114' title="bbox 2162 5651 3360 5726; baseline -0.004 -12"><span class='ocrx_word' id='word_1_862' title='bbox 2162 5651 2467 5726; x_wconf 76' lang='lat' dir='ltr'><strong>cxhibente.</strong></span> <span class='ocrx_word' id='word_1_863' title='bbox 2513 5651 2863 5726; x_wconf 73' lang='lat' dir='ltr'><strong>Pnentissum</strong></span> <span class='ocrx_word' id='word_1_864' title='bbox 2885 5660 2967 5709; x_wconf 87' lang='lat' dir='ltr'><strong>est</strong></span> <span class='ocrx_word' id='word_1_865' title='bbox 2993 5668 3046 5708; x_wconf 76' lang='grc' dir='ltr'>ν.</span> <span class='ocrx_word' id='word_1_866' title='bbox 3065 5652 3360 5726; x_wconf 84' lang='grc' dir='ltr'>Θεοδώρου.</span> 
     </span>
    </p>
   </div>
   <div class='ocr_carea' id='block_1_114' title="bbox 2237 5722 2813 5798">
    <p class='ocr_par' dir='ltr' id='par_1_114' title="bbox 2237 5722 2813 5798">
     <span class='ocr_line' id='line_1_115' title="bbox 2237 5722 2813 5798; baseline -0.002 -19"><span class='ocrx_word' id='word_1_867' title='bbox 2237 5727 2312 5798; x_wconf 73' lang='grc'><strong>(4)</strong></span> <span class='ocrx_word' id='word_1_868' title='bbox 2346 5725 2546 5781; x_wconf 88' lang='lat' dir='ltr'><strong>Mnent.</strong></span> <span class='ocrx_word' id='word_1_869' title='bbox 2578 5722 2813 5795; x_wconf 85' lang='grc' dir='ltr'>γίνηται.</span> 
     </span>
    </p>
   </div>
  </div>
