4124 6240
314 237 416 294 ’157
1461 237 1529 292 ΙΝ

1591 238 2036 295 EVANGELIUM
2085 238 2392 296 JOANNIS.

3452 239 3554 296 7S8

311 357 404 413 τοῦ
435 357 536 426 τῆς
563 353 822 426 ἀληθείας
852 354 1036 408 ἕνεκεν
1080 359 1374 427 μαρτυρεῖν
1421 358 1567 428 αὐτῷ
1594 358 1662 411 τὰ
1689 359 1885 428 γνωρί-

1991 361 2120 415 tatis
2145 373 2311 413 causa
2346 357 2466 427 ejus
2497 357 2878 412 manifestaret
2905 355 3294 426 perfectiones.
3323 353 3558 422 Propter

313 464 517 518 σματα.
562 444 696 498 Ἀπὸ
723 444 780 497 δὲ
808 443 907 514 τῆς
935 445 1078 498 κατὰ
1121 446 1220 516 τὴν
1249 445 1454 516 ἔρημον
1482 447 1760 518 διατριϐῆς
1791 449 1884 503 καὶ

313 539 422 592 ἀπὸ
446 537 542 591 τοῦ
567 536 936 604 ἀκοινωνήτου
963 536 1061 606 τῆς
1085 536 1356 609 διαγωγῆς
1405 537 1566 592 τοῦτο
1607 539 1738 593 αὐτὸ
1771 540 1886 592 δια-

317 629 729 702 μαρτυρόμενος
781 625 934 694 ἔλεγε
967 642 980 656 ·
1052 627 1224 696 Κάγὼ
1278 632 1390 683 οὐκ
1440 629 1610 700 ᾔδειν
1663 631 1882 697 αὐτὸν,

312 722 452 777 ἀλλ’
483 725 516 775 d
544 720 791 790 πέμψας
810 735 888 788 με
920 719 1314 784 βαπτίζεινέν
1343 722 1512 776 ὕδατι
1535 722 1762 789 ἐκεῖνός
1784 742 1887 792 μοι

313 813 466 866 εἷπε.

384 903 532 973 Στίχ.
565 903 671 973 μζν.
725 931 798 943 -·
837 903 899 956 Ἦ
930 904 1180 974 Ναζαρὲτ
1225 904 1302 975 (Il
1353 908 1491 959 πάνυ
1540 906 1885 977 διαϐέϐληται

315 997 468 1068 παρὰ
497 998 610 1059 τοῖς
651 994 926 1059 Ἰουδαίοις
974 996 1198 1061 ἄνωθεν,
1227 997 1469 1068 δηλονότι
1498 1000 1573 1062 ὡς
1614 1001 1720 1052 ὑπὸ
1747 1002 1888 1054 ἐθνι-

316 1088 430 1141 κῶν
471 1087 668 1158 μᾶλλον
698 1085 1011 1156 οἰκούμενον
1059 1088 1122 1140 τὸ
1155 1090 1354 1160 χωρίον
1393 1091 1486 1144 καὶ
1511 1089 1710 1158 ἀγαθὸν
1735 1094 1887 1159 ὲνεγ·

313 1181 430 1231 κεῖν
472 1177 728 1231 οὐδέποτέ
774 1195 826 1228 τι
875 1175 1188 1248 δυνάμενον.
1220 1179 1382 1232 Ὅθεν
1423 1181 1514 1233 καὶ
1557 1181 1606 1234 οἱ
1649 1182 1886 1235 Ἰουδαῖοι

313 1269 501 1338 ἔλεγον
533 1269 668 1338 πρὸς
693 1267 784 1320 τὸν
809 1267 1120 1338 Νικόδημον
1138 1285 1153 1300 ”
1187 1270 1543 1339 Ἐρεύνησον
1561 1269 1660 1324 καί
1680 1270 1768 1324 (de
1794 1271 1884 1335 τὸ,

313 1359 636 1429 Προφήτης
653 1360 720 1412 ἐκ
737 1357 846 1426 τῆς
864 1361 1194 1426 Γαλιλαίας
1215 1363 1326 1414 οὐκ
1344 1361 1667 1432 ἐγήγερται.
1694 1362 1888 1427 Καλῶς

315 1449 415 1506 οὖν
457 1451 554 1505 καὶ
595 1453 625 1504 ὁ
666 1452 927 1516 Φίλιππος
961 1452 1098 1522 πρὸς
1143 1452 1233 1506 τὸν
1275 1452 1566 1523 Ναθαναήλ
1592 1471 1605 1486 ·
1665 1457 1888 1523 Ἔρχου

317 1541 416 1594 καί
450 1541 561 1594 Ide.
613 1539 827 1611 Ἐπειδὴ
869 1541 976 1611 γάρ
1009 1557 1122 1610 μοι,
1169 1542 1320 1611 φησι,
1363 1541 1460 1613 τὴν
1485 1543 1718 1597 παλαιὰν
1757 1562 1888 1615 προ-

319 1630 490 1701 βάλλῃ
518 1629 696 1696 δόξαν,
739 1628 848 1698 ἐγώ
881 1645 962 1684 σοι
987 1629 1056 1683 τὰ
1094 1631 1390 1702 πράγματα
1420 1633 1690 1688 δεικνύναι
1716 1636 1882 1703 ἑπαγ-

1991 449 2486 506 commorationem
2520 463 2653 502 vero
2681 448 2804 517 ejus
2845 449 2900 501 in
2930 448 3171 510 deserto,
3205 455 3371 514 atque
3406 447 3562 499 inso—

1991 541 2188 596 ciabile
2218 540 2345 593 vitae
2373 538 2711 601 institutum,
2744 538 2877 592 illud
2916 539 3094 607 ipsum
3123 539 3286 592 etiam
3326 547 3560 590 testatus

1991 634 2131 687 dixit
2168 651 2182 686 :
2216 631 2286 686 Et
2314 647 2410 702 ego
2447 631 2738 686 nesciebam
2781 646 2934 693 eum;
2963 629 3054 684 sed
3087 631 3177 698 qui
3204 631 3348 682 misit
3381 645 3460 683 me
3504 638 3564 682 ut

1993 725 2320 794 baptizarem
2357 739 2518 792 aqua,
2549 724 2595 777 is
2621 723 2748 776 mihi
2777 722 2917 774 dixit
2945 720 3129 774 ann.
3161 736 3199 784 ι,
3233 719 3348 791 55).

2065 887 2232 943 Vens.
2263 887 2348 937 Η.
2387 919 2455 926 -
2481 884 2750 939 Nazareth
2776 883 2907 936 olim
2949 898 2976 935 a
3008 881 3213 936 Iudaeis
3243 881 3399 934 valde
3432 895 3562 934 con-

1994 980 2364 1036 temnebatur,
2407 978 2532 1046 quia
2565 976 2822 1030 nimirum
2867 976 2936 1029 ab
2974 973 3211 1028 ethnicis
3265 971 3378 1026 fere
3414 972 3564 1040 regio

1995 1072 2086 1124 illa
2119 1069 2486 1130 incolebatur,
2535 1083 2636 1122 nec
2679 1081 2920 1136 unquam
2953 1066 3083 1120 boni
3123 1065 3404 1134 quidpiam
3435 1081 3563 1134 pro-

1994 1163 2199 1216 tulerit.
2257 1160 2408 1215 Unde
2461 1163 2626 1215 etiam
2673 1157 2846 1214 Judaai
2907 1158 3169 1212 diu-ebant
3225 1156 3560 1212 Nicodemo:

1993 1254 2246 1310 Scrutare
2280 1253 2587 1320 Scripturas
2628 1263 2676 1306 et
2720 1252 2868 1315 vide,
2915 1253 3039 1321 quia
3089 1267 3120 1302 a
3171 1249 3396 1303 Gatitwa
3445 1265 3564 1316 pro-

1992 1347 2146 1414 pheta
2180 1363 2283 1399 non
2325 1345 2494 1413 surgit
2539 1343 2724 1413 (Joan.
2762 1360 2858 1406 vn,
2891 1344 3003 1412 59.).
3036 1342 3204 1397 Recte
3239 1342 3404 1410 igitur
3437 1341 3563 1395 I’hi-

1992 1439 2177 1510 lippus
2219 1436 2544 1491 Nathanaeli
2599 1437 2716 1489 ait:
2769 1435 2910 1491 Vade
2957 1443 3012 1491 et
3062 1435 3197 1490 vide.
3241 1434 3378 1489 Cum
3415 1438 3562 1487 enim

1993 1531 2126 1584 mihi
2152 1571 2166 1595 ,
2202 1530 2412 1600 inquit,
2462 1532 2749 1600 antiquam
2785 1529 3020 1598 obiicias
3055 1529 3414 1600 opinionem,
3464 1542 3565 1596 ego

1992 1622 2090 1676 tibi
2119 1637 2206 1677 res
2229 1623 2379 1692 ipsas
2395 1621 2682 1678 declarare
2703 1620 3167 1677 instituo.Deinde
3185 1618 3564 1684 Jesus,videus

312 1721 574 1792 γέλλομαι
592 1720 692 1792 (2).
708 1716 844 1774 Εἶτα
863 1721 938 1784 ὡς
964 1720 1138 1793 Ἰησοῦ
1159 1722 1436 1792 πόρρωθεν
1455 1723 1788 1796 θεασαμένου
1804 1726 1885 1780 τὸν

1994 1712 2197 1783 alonge
2221 1714 2530 1768 venientem
2550 1713 2615 1767 ad
2635 1729 2694 1768 se
2716 1711 3038 1775 Natbanael,
3063 1712 3233 1766 dixit:
3259 1709 3394 1765 Ecce
3415 1724 3564 1762 verus

315 1810 632 1881 Ναθαναὴλ,
663 1811 760 1863 καὶ⁹
791 1810 1054 1875 εἰπόντος,
1094 1810 1216 1866 Ἴδε
1247 1811 1482 1878 ἀληθὴς
1521 1812 1892 1880 Ἰσραηλίτης

311 1903 382 1954 ἐν
400 1895 450 1967 ᾧ
469 1901 649 1965 δόλος
666 1903 778 1954 οὐκ
800 1901 931 1956 ἐστι
951 1918 966 1934 ·
997 1901 1098 1956 καὶ
1123 1903 1230 1956 τοῦ
1251 1903 1574 1970 Ναθαναὴλ
1595 1905 1888 1970 είπόντος,

310 1992 508 2045 Πόθεν
517 2007 594 2059 με
610 1989 960 2060 τινώσκεις;
994 1989 1307 2059 Ἀπεκρίθη
1339 1991 1580 2059 Ἰησοῦς
1598 2009 1611 2022 ·
1639 1993 1758 2062 Πρὸ
1786 1992 1892 2046 τοῦ

309 2099 385 2136 σε
419 2084 724 2136 Φίλιππον
755 2080 1052 2152 φωνῆσαι,
1083 2084 1180 2138 καὶ
1208 2083 1334 2155 ἑξῆς
1357 2098 1371 2112 ·
1423 2082 1545 2137 ὃθεν
1585 2086 1678 2138 καὶ
1713 2087 1744 2138 ό
1773 2085 1892 2138 Να-

310 2175 516 2246 θαναὴλ
567 2174 751 2246 ἔργοις
800 2177 986 2240 αὐτοῖς
1025 2178 1122 2249 τὴν
1158 2176 1432 2242 ἀπόδειξιν
1483 2175 1683 2241 λαϐὼν,
1733 2178 1886 2247 φησί’

311 2268 396 2319 Σὺ
422 2263 480 2324 ει
511 2269 543 2320 ό
591 2266 725 2333 Υἱὸς
751 2267 858 2322 τοῦ
899 2268 1046 2322 Θεοῦ
1078 2272 1112 2322 ό
1139 2268 1436 2334 ,ϐασιλεὺς
1471 2269 1580 2323 τοῦ
1619 2268 1886 2340 Ἰσραήλ.

311 2357 496 2412 Ταῦτα
547 2359 792 2430 δηλονότι
836 2360 964 2431 περὶ
1001 2358 1096 2412 τοῦ
1151 2359 1383 2430 Χριστοῦ
1433 2361 1772 2428 προσεδόκων
1813 2361 1889 2423 ὡς

309 2452 664 2521 οίκειωμένου
712 2452 865 2525 παρὰ
911 2452 1118 2516 πάντας
1159 2451 1315 2524 Θεῷ,
1363 2453 1438 2517 ὡς
1481 2453 1741 2524 βασιλέως
1793 2452 1885 2507 τοῦ

324 2542 560 2613 Ἰσραὴλ,
585 2546 634 2597 εἰ
659 2545 751 2597 καὶ
770 2544 1136 2615 ἀμυδρότερον
1155 2543 1292 2596 αὐτὰ
1317 2543 1411 2596 καὶ
1434 2542 1890 2614 σωματικώτερον

306 2630 450 2693 τέως
493 2633 838 2701 προσεδόκων
871 2649 884 2665 ·
942 2631 1065 2686 οὔτε
1105 2632 1212 2704 γὰρ
1267 2632 1416 2697 ὅπως
1458 2627 1528 2705 ἦν
1581 2633 1705 2698 Υἱὸς
1751 2634 1890 2688 Θεοῦ

321 2719 610 2785 Ἰουδαίους
655 2722 774 2774 τότε
804 2721 999 2777 ειδέναι
1048 2722 1269 2776 δυνατὸν
1298 2719 1368 2795 ἦν
1387 2763 1404 2788 ,
1447 2725 1562 2778 ἀλλ’
1593 2725 1712 2780 οὐδὲ
1739 2727 1886 2789 ὅπως

311 2807 566 2877 βασιλεύς
596 2827 609 2840 ·
661 2811 775 2864 ἀλλ’
799 2811 918 2864 οὐδὲ
957 2807 1025 2882 ἦν
1078 2811 1170 2864 τοῦ
1202 2812 1495 2884 Ναθαναὴλ
1523 2813 1684 2878 εὐθὺς
1712 2816 1886 2868 ἐκεῖνο

309 2901 646 2969 ἐπιγνῶναι,
695 2902 726 2954 ὃ
773 2902 967 2973 μακρῷ
1015 2904 1194 2975 χρόνῳ
1239 2905 1333 2960 καὶ
1380 2908 1506 2970 τοὺς
1556 2908 1885 2970 ἀποστόλους

307 2991 538 3062 ὕστερον
578 2994 886 3062 ἐγνωκότας
918 2995 1065 3048 ἐστιν
1105 2997 1284 3067 εὑρεῖν
1323 3013 1338 3030 ο
1391 2999 1619 3070 ἐπείπερ
1661 2998 1883 3072 ἐθεώρει

310 3087 414 3154 μὲν
463 3087 746 3156 ἄνθρωπον
771 3103 784 3115 ·
835 3088 904 3140 τὰ
945 3087 1002 3140 δὲ
1048 3089 1198 3159 παρὰ
1241 3088 1334 3142 τοῦ
1371 3091 1577 3162 Κυρίου
1621 3091 1881 3162 λεχθέντα

305 3177 447 3248 πρὸς
471 3177 630 3230 αὑτὸν
663 3176 815 3230 οὔπω
836 3177 1057 3231 τοιαῦτα
1081 3173 1169 3248 ἦν,
1191 3177 1328 3232 ῶστε
1346 3179 1444 3252 τὴν
1483 3180 1642 3250 φύσιν
1668 3183 1883 3253 ἐκείνην

303 3270 594 3339 ἐμφαίνειν
622 3287 636 3301 ’
662 3327 667 3331 ,
694 3272 815 3324 ἐπεὶ
865 3271 961 3324 καὶ
1008 3271 1304 3342 προφητῶν
1354 3273 1512 3344 ἔργον
1541 3273 1722 3345 ,τοῦτο
1772 3270 1838 3344 ἦν
1867 3291 1879 3304 ·

304 3363 499 3433 ἀμέλει
515 3365 608 3417 καὶ
643 3365 942 3430 Ἐλισσαῖος
964 3366 1177 3435 ἐλέγχει
1196 3366 1285 3418 τὸν
1303 3367 1500 3420 οἰκεῖον
1523 3366 1771 3438 μαθητὴν
1793 3365 1884 3420 τὸν

302 3457 531 3526 χρυσίον
558 3456 788 3510 λαϐόντα
811 3459 960 3530 παρὰ
983 3459 1076 3512 τοῦ
1100 3459 1338 3530 Νεεμὰν,
1366 3459 1534 3513 καίτοι
1559 3475 1620 3526 γε
1647 3458 1882 3529 πλείστῳ

304 3546 386 3617 τῷ
415 3548 740 3620 διαστήματι
770 3551 1052 3624 πόρρωθεν
1076 3571 1088 3583 ο
1139 3553 1250 3605 ἀλλ’
1277 3552 1421 3622 ὅμως
1449 3551 1542 3604 καὶ
1565 3550 1624 3604 τὸ
1655 3553 1884 3622 πρᾶγμα

303 3642 454 3704 ὅπως
513 3642 728 3708 ἐγένετο
783 3644 1060 3698 ὑποκάτω
1107 3644 1214 3714 τῆς
1257 3643 1456 3712 συκῆς
1536 3645 1882 3709 accredere;

303 3730 559 3791 Μείζονα
589 3733 812 3786 τούτων
841 3732 976 3802 ὄψει
1001 3750 1014 3764 ·
1045 3735 1139 3788 καὶ
1167 3733 1339 3796 οὕτως
1373 3732 1570 3796 ἔδειξεν
1618 3733 1699 3786 ὅτι
1733 3729 1906 3786 οὐδὲν

306 3822 456 3894 μέγα
479 3812 540 3875 τδ
572 3822 702 3894 παρ’
727 3823 890 3877 αὑτοῦ
930 3823 1136 3895 λεχθὲν,
1173 3824 1306 3898 μηδὲ
1336 3823 1479 3877 οὕτω
1522 3823 1705 3877 ἱκανὸν
1739 3822 1881 3877 ὥστε

301 3911 550 3984 ἀκριϐῶς
584 3913 768 3980 αὑτὸν,
802 3914 949 3977 ὅστις
989 3912 1094 3985 εἴη,
1130 3915 1494 3987 παραστῆσαι.

377 4003 528 4074 Στίχ.
557 4009 619 4058 ν’.
648 4035 716 4046 —
739 4003 1036 4076 Αὑτὰρκως
1069 4005 1144 4078 (5)
1194 4005 1472 4076 ἐμφαίνων
1501 4003 1650 4077 αὕτῷ
1677 4005 1776 4077 τῆς
1805 4005 1882 4059 oi-

299 4100 461 4163 κείας
488 4099 768 4170 δυνάμεως
798 4099 897 4170 τὴν
944 4098 1280 4171 περιουσίαν,
1325 4099 1444 4153 ὅθεν
1497 4101 1590 4155 καὶ
1633 4101 1662 4154 ό
1698 4101 1881 4154 Ναθα-

299 4190 437 4260 ναὴλ
486 4189 665 4261 ἔργοις
697 4190 880 4252 αὐτοῖς
931 4189 1026 4261 τὴν
1084 4189 1353 4256 ἀπόδειξιν
1409 4190 1611 4257 λαϐὼν,
1675 4191 1875 4262 φησίν·

1994 1804 2268 1864 Israelita,
2290 1807 2343 1858 in
2373 1803 2645 1875 quodalus
2677 1821 2781 1858 non
2813 1814 2913 1857 est.
2953 1803 3092 1856 Dicit
3127 1803 3174 1856 ei
3206 1799 3511 1854 Nathanael
3545 1813 3564 1852 :

1998 1894 2144 1948 Unde
2167 1912 2244 1948 me
2282 1897 2460 1950 nosti?
2484 1895 2770 1964 Respondit
2788 1893 2947 1948 Jesus
2971 1908 2988 1946 :
3013 1893 3337 1962 Priusquam
3363 1902 3412 1944 te
3437 1889 3565 1943 Phi-

1993 1989 2166 2055 lippus
2196 1998 2425 2052 uocaret,
2462 1997 2516 2043 et
2562 1989 2882 2058 reliqua.....
2932 1984 3088 2040 Unde
3133 1993 3186 2038 et
3223 1983 3358 2050 ipsis
3393 1981 3566 2050 cperi-

1991 2078 2094 2134 bus
2113 2081 2398 2134 convictus
2415 2081 2590 2134 fuerat
2615 2089 2673 2132 ut
2696 2079 2942 2133 diceret:
2968 2075 3046 2130 Tu
3066 2091 3118 2129 es
3143 2072 3320 2127 Filius
3357 2073 3470 2134 Dei,
3509 2081 3566 2124 tu

1989 2186 2042 2224 es
2057 2185 2148 2224 rea:
2169 2169 2342 2224 Israel
2359 2174 2436 2239 (v.
2467 2169 2579 2240 59).
2598 2168 2853 2224 Christus
2878 2167 3120 2237 profecto
3142 2163 3566 2233 exspectabatur

1991 2269 2249 2332 tanquam
2287 2261 2378 2316 Dei
2402 2277 2514 2332 prae
2545 2261 2803 2315 omnibus
2834 2257 3144 2320 familiaris,
3177 2265 3438 2324 tanquam
3469 2267 3564 2306 rex

1989 2351 2180 2420 Israel,
2211 2353 2322 2406 nisi
2351 2355 2519 2408 etiam
2543 2353 2688 2407 forte
2730 2351 3022 2406 obscurius
3062 2349 3345 2418 magisque
3372 2361 3565 2397 carna-

1989 2444 2154 2509 liter;
2199 2460 2301 2500 nee
2333 2445 2477 2499 enim
2515 2443 2792 2513 quomodo
2841 2449 2987 2498 esset
3017 2439 3192 2495 Filius
3219 2438 3313 2494 Dei
3348 2438 3564 2492 Judwos

1987 2545 2108 2592 erat
2139 2536 2403 2606 possibile
2446 2541 2590 2593 scire
2615 2579 2628 2602 ,
2680 2553 2778 2592 nec
2805 2535 3084 2606 quomodo
3127 2550 3256 2600 rex;
3301 2547 3403 2586 nec
3433 2545 3563 2600 ergo

1987 2629 2248 2699 possibile
2267 2641 2386 2686 erat
2407 2630 2704 2687 Nathanael
2729 2631 2918 2686 statim
2944 2629 3048 2684 hoc
3078 2629 3240 2692 scire,
3269 2625 3414 2696 quod
3442 2635 3564 2694 post

1988 2721 2209 2793 longum
2239 2734 2454 2793 tempus
2489 2725 2640 2794 ipsos
2673 2722 2954 2792 apostolos
2985 2721 3205 2776 tandem
3238 2717 3564 2789 cognovisse

1987 2815 2258 2870 videmus.
2293 2815 2394 2870 Hie
2431 2818 2574 2872 enim
2611 2824 2821 2868 tamtum
2855 2815 3128 2868 hominem
3163 2811 3413 2874 videbat;
3444 2822 3566 2878 quae

1986 2917 2166 2962 autem
2190 2907 2260 2961 ad
2279 2908 2456 2976 ipsum
2478 2923 2508 2962 ιι
2527 2907 2762 2962 Domino
2814 2907 2957 2961 dicta
2981 2905 3219 2982 fuerant,
3244 2903 3308 2956 ad
3341 2903 3564 2956 demon-

1988 2998 2274 3052 strandam
2309 2999 2535 3051 alteram
2570 3009 2823 3054 naturam
2854 3013 2962 3052 non
3012 3003 3262 3067 poterant
3293 2993 3562 3050 sufﬁcere.

1985 3089 2233 3160 Namque
2261 3091 2329 3146 de
2360 3092 2642 3162 prophetis
2685 3093 2818 3146 talia
2853 3097 3150 3144 narrantur
3184 3107 3196 3142 :
3230 3088 3372 3142 haud
3401 3087 3564 3141 dubie

1987 3181 2203 3237 Eliseus
2221 3182 2550 3254 discipulum
2570 3200 2727 3239 suurn
2745 3183 3094 3254 reprehendit
3118 3181 3168 3249 (Ι
3187 3181 3245 3234 V.
3263 3180 3448 3250 Reg.v,
3471 3178 3562 3250 26)

1987 3275 2132 3344 quod
2167 3289 2196 3327 a
2224 3273 2465 3329 Naaman
2497 3291 2696 3330 aurum
2749 3286 3033 3346 acceperat
3057 3316 3071 3340 ,
3102 3274 3354 3343 quamvis
3403 3274 3564 3341 longe

1989 3364 2227 3419 abesset.
2275 3365 2530 3419 Attamen
2581 3373 2634 3420 et
2675 3371 2887 3418 tantum
2920 3375 3139 3435 propter
3179 3364 3324 3433 quod
3354 3362 3562 3416 factum

1989 3462 2074 3509 est
2119 3453 2192 3524 (ν.
2228 3453 2318 3525 50)
2359 3455 2454 3508 sub
2495 3455 2600 3524 ﬁcu
2632 3455 2844 3510 credis?
2892 3453 3073 3525 Majas
3104 3455 3184 3508 his
3217 3454 3432 3508 videbis.
3472 3451 3563 3506 Sic

1987 3543 2226 3599 ostendit
2267 3543 2403 3598 nihil
2447 3560 2572 3599 esse
2605 3559 2864 3616 maguum
2896 3547 3042 3615 quod
3071 3547 3161 3600 ille
3189 3547 3423 3606 dixerat,
3459 3557 3562 3598 nee

1931 3633 1934 3638 ’
1986 3635 2053 3690 ad
2079 3637 2240 3706 plane
2277 3635 2723 3708 patefaciendum
2756 3638 2937 3707 qualis
2966 3645 3084 3693 erat
3114 3638 3415 3692 suilicieus.

2059 4005 2228 4062 Vens.
2258 4005 2348 4061 50.
2382 4035 2453 4048 —-
2481 4005 2713 4061 Abunde
2746 4013 2992 4076 protecta
3016 4007 3154 4061 satis
3189 4005 3293 4076 ipsi
3341 4006 3560 4060 virtutis

1989 4115 2100 4154 suae
2150 4096 2584 4169 magnitudinem
2628 4097 3042 4160 declaraverat,
3115 4095 3561 4166 quandoquidem

1987 4193 2289 4248 Nathanael
2336 4193 2403 4246 ab
2435 4192 2571 4262 ipsis
2607 4193 2772 4246 etiam
2815 4191 3078 4260 operibus
3120 4198 3342 4258 accepta
3373 4189 3559 4242 decla-

312 4281 527 4343 'Pa66’i,
567 4279 648 4334 σὺ
679 4280 736 4334 εἷ
767 4283 801 4334 ὁ
841 4279 975 4346 Υἱὸς
1003 4281 1108 4336 τοῦ
1144 4281 1314 4347 Θεοῦ,
1337 4281 1417 4336 σὺ
1439 4278 1550 4336 eid
1579 4281 1884 4347 ,βασιλεὺς

1990 4288 2221 4353 ratione,
2257 4286 2406 4341 dicat
2435 4302 2448 4338 :
2481 4284 2646 4338 Rabbi
2667 4324 2684 4348 ,
2728 4293 2784 4338 tu
2812 4301 2865 4338 es
2897 4283 3074 4338 Filius
3107 4283 3246 4345 Dei,
3299 4292 3353 4336 tu
3387 4298 3439 4334 es
3468 4297 3560 4334 rm:

299 4371 412 4425 τοῦ
457 4371 726 4442 Ἰσραήλ.
764 4372 950 4428 Ταῦτα
975 4373 1083 4445 γὰρ
1106 4373 1345 4446 δηλονότι
1370 4376 1498 4448 περ),
1519 4375 1611 4429 τοῦ
1641 4375 1881 4448 Χριστοῦ

1990 4375 2181 4431 Israel.
2238 4373 2348 4430 Ista
2395 4374 2653 4432 videlicet
2713 4382 2882 4446 atque
2931 4374 3207 4444 ejusmodi
3241 4373 3308 4427 de
3337 4373 3561 4428 Christo

299 4465 671 4534 προσεδόκων.

1990 4469 2404 4540 exspectabant.

375 4555 549 4612 Habbi
585 4559 684 4628 (lt),
717 4565 774 4611 ιιι
807 4572 868 4612 es
893 4554 1066 4613 Filius
1099 4556 1216 4624 Dei,
1236 4567 1294 4614 tu
1325 4575 1384 4615 es
1415 4575 1511 4615 rex
1536 4557 1727 4625 Israel,
1753 4560 1859 4615 hoe
1886 4571 1970 4617 est
1999 4579 2012 4615 :
2045 4559 2126 4614 Tu
2152 4576 2211 4615 es
2238 4560 2333 4614 ille
2365 4560 2461 4630 qui
2491 4559 2561 4615 de
2593 4557 2754 4630 longe
2795 4558 3125 4628 praedicatus
3162 4568 3248 4616 est
3284 4559 3558 4619 Christus.

299 4651 418 4705 lloc
449 4653 592 4705 enim
624 4649 838 4704 scilicet
869 4649 939 4704 de
968 4647 1190 4706 Christo
1219 4653 1494 4722 sperabat,
1538 4653 1683 4709 sicut
1714 4653 2023 4711 domestico
2049 4655 2351 4709 constituto
2389 4661 2588 4722 praeter
2623 4667 2814 4708 omnes
2851 4651 2982 4706 Deo.

365 4746 566 4800 Certus
599 4745 821 4814 quidem
853 4743 930 4815 (5)
950 4754 1006 4798 et
1031 4744 1151 4814 ipse
1183 4754 1322 4810 erat,
1360 4745 1560 4802 Filium
1592 4748 1689 4804 Dei
1721 4764 1830 4804 non
1864 4750 2168 4806 secundum
2202 4749 2426 4804 deitatis
2453 4747 2656 4801 dicens
2699 4746 3062 4807 nativitatem,
3112 4747 3206 4802 sed
3261 4748 3560 4803 secundum

298 4837 453 4906 quod
489 4833 827 4889 domesticus
856 4831 969 4888 Deo
991 4841 1109 4888 erat
1153 4852 1166 4889 :
1198 4850 1295 4905 per
1325 4837 1471 4908 quod
1506 4837 1602 4893 lilii
1629 4837 1744 4904 Dei,
1777 4839 1870 4911 qui
1895 4856 1993 4912 per
2019 4842 2277 4895 virtutem
2307 4837 2600 4895 domestici
2624 4835 2735 4890 Deo
2769 4836 3057 4890 constituti
3097 4838 3369 4900 homines,
3416 4840 3559 4894 inte-

299 4941 404 4992 rim
438 4934 796 4988 vocabantur.

2642 5021 2794 5080 CAP.
2831 5023 2896 5078 Ι.

367 5119 520 5190 Στίχ.
552 5115 622 5188 γ’.
645 5149 711 5162 ——
743 5117 922 5182 ’Ἄξιον
948 5117 1024 5189 (6)
1059 5116 1287 5185 ζητῆσαι
1327 5113 1489 5166 πόθεν
1540 5112 1769 5186 ἐπῆλθεν
1810 5115 1878 5183 τῇ

2059 5111 2223 5170 Vens.
2256 5115 2310 5170 5.
2363 5141 2432 5159 —-
2460 5113 2658 5173 Merito
2691 5117 3074 5188 inquirendum
3101 5127 3185 5171 est
3221 5114 3365 5170 unde
3396 5117 3558 5170 matri

299 5216 472 5286 μητρὶ
509 5212 649 5282 μέγα
674 5230 725 5264 τι
750 5210 1118 5281 φαντασθῆναι
1147 5207 1273 5277 περ).
1297 5205 1389 5258 τοῦ
1421 5205 1639 5268 παιδόςο
1660 5207 1882 5275 σημεῖον

1990 5205 2057 5260 de
2090 5207 2201 5262 filio
2228 5207 2343 5263 haec
2375 5210 2540 5264 tacita
2565 5211 2764 5266 fiducia
2802 5221 2920 5266 orta
2963 5220 3142 5278 esset;
3167 5211 3382 5264 nullum
3413 5212 3560 5264 enim

297 5307 411 5378 γὰρ
443 5305 594 5358 οὐδὲν
623 5300 690 5374 ἦν
741 5301 1056 5374 πεποιηκώς
1082 5318 1095 5331 ’
1123 5299 1327 5366 ταύτην
1362 5297 1470 5368 γάρ
1515 5314 1679 5369 φησιν
1704 5295 1878 5368 ἀρχὴν

1990 5298 2314 5354 miraculum
2352 5300 2593 5369 fecerat,
2638 5317 2764 5358 cum
2797 5304 3130 5374 evangelista
3164 5300 3312 5355 dicat
3362 5301 3434 5372 (ν.
3469 5300 3559 5371 Η)

915 5024 1168 5078 ΚΕΦΑΛ.
1200 5021 1274 5074 B'.

1985 5476 2120 5530 libro
2141 5478 2333 5548 primo.
2363 5479 2482 5532 Act.
2515 5477 2578 5533 C.
2612 5479 2675 5534 C.
2711 5495 2772 5543 ll,
2806 5496 2881 5546 tv,
2915 5481 3001 5532 55.
3031 5477 3149 5548 Vig.
3181 5479 3243 5535 C.
3279 5480 3368 5536 55.

2056 5548 2130 5614 (5)
2168 5547 2236 5600 Et
2257 5559 2374 5617 post
2402 5549 2673 5614 alia..Act.
2712 5550 2775 5605 C.
2803 5548 2866 5605 C.
2912 5549 2975 5615 Il,
3005 5565 3077 5617 tv,
3100 5547 3190 5605 54.
3227 5549 3350 5622 Vig.
3384 5551 3446 5606 C.
3467 5548 3560 5606 56.

2052 5618 2125 5673 liii
2161 5619 2263 5673 Mai
2299 5619 2434 5675 ibid.

367 5483 445 5612 ρ)
475 5481 640 5563 Cord.
677 5497 726 5552 p.
764 5481 886 5575 60.³
1213 5567 1218 5572 ι
1279 5548 1288 5558 _
1425 5546 1436 5558 ο
1482 5546 1493 5556 .

391 5553 447 5612 2)
481 5552 666 5612 Pergit
703 5551 1024 5606 Theodorus
1063 5564 1148 5612 ap.
1188 5545 1388 5602 Malum
1426 5547 1493 5602 Ibl

391 5544 447 5616 2)
481 5544 1024 5623 Pergit'Theodorus
1063 5564 1148 5618 ap.
1188 5545 1388 5602 Maium
1425 5544 1558 5602 ibid.

369 5625 448 5690 (5)
482 5621 645 5678 Cord.
674 5631 781 5678 cat.
817 5621 986 5693 p.761.
1407 5683 1422 5693 .
1487 5685 1526 5693 __
1698 5684 1728 5693 υ

367 5683 448 5766 (4)
481 5694 671 5765 Ejusrl.
723 5683 833 5747 Th:
856 5692 918 5745 de
953 5693 1218 5758 interpret.
1249 5704 1352 5744 sec.
1391 5683 1446 5742 .1.
1480 5684 1769 5754 Evangelii,
1809 5683 1872 5739 de
