4096 6234
552 271 677 326 ’759

1755 269 2100 326 THEODORI
2134 267 2617 326 MOPSUESTENI

3702 263 3807 317 7M)

575 388 680 442 hoc
732 385 928 441 fecisse
966 386 1202 441 initium
1256 386 1538 458 signorum
1573 388 1629 442 in
1680 390 1825 442 Caua
1870 388 2123 444 Galilzeaa.

2232 390 2339 442 τῶν
2370 388 2609 457 σημείων
2637 386 2888 456 ἐποίησεν
2928 387 2990 437 ὲν
3020 385 3173 455 Κανᾷ
3201 386 3297 452 τῆς
3327 382 3609 444 Γαλιλαίας
3634 396 3648 411 ⁸
3679 384 3728 435 εἰ
3754 383 3809 436 δὲ

572 477 805 543 Quidam
856 488 1035 532 autem
1067 476 1208 532 forte
1241 477 1439 533 dixerit
1464 479 1567 533 hoc
1597 495 1703 533 non
1730 480 1963 548 probare
1986 479 2136 534 suffi-

572 571 785 625 cienter
833 570 1053 624 initium
1097 570 1201 624 boc
1241 570 1412 626 fuisse
1462 571 1895 636 miraculorum;
1931 571 2037 626 hoc
2080 573 2137 627 in

573 662 694 716 loco
724 662 957 731 primum
993 661 1214 731 quidem
1257 662 1464 726 fuisse,
1504 664 1600 719 sed
1630 679 1737 718 non
1767 665 1991 721 omnino
2019 666 2134 736 pri-

573 769 753 814 mum;
800 769 928 807 nam
964 755 1268 809 verisimile
1324 763 1408 809 est
1455 757 1557 808 alia
1610 757 1737 809 alibi
1774 755 1991 811 fecisse.
2054 757 2131 811 Ad

574 843 675 896 hoc
711 846 1163 913 respondebimus
1217 845 1479 901 Joannem
1537 848 1744 902 dixisse
1790 846 1852 916 (ι,
1888 848 1977 918 5i)
2014 868 2027 903 :
2067 847 2137 901 Et

570 947 661 1000 ego
684 934 973 986 nesciebam
1016 951 1133 988 eum
1164 951 1182 988 .'
1222 936 1311 989 sed
1342 944 1399 988 ut
1447 936 1808 1003 manifestatur
1837 939 1891 989 in
1938 936 2132 1000 Israel,

571 1033 843 1093 propterea
870 1026 982 1078 veni
1004 1025 1312 1093 ‘baptizans.
1367 1026 1538 1080 Porro
1567 1028 1612 1081 si
1645 1037 1890 1096 tempore
1946 1029 2130 1083 adole-

540 1118 790 1178 .scentiaa
838 1119 1103 1171 miracula
1132 1117 1375 1182 fecisset,
1406 1121 1612 1173 nullum
1653 1136 1792 1189 opus
1825 1121 2018 1176 fuisset
2050 1123 2133 1175 ls-

569 1210 777 1265 raelitis
801 1218 861 1264 ut
896 1210 1377 1279 manifestaretur;
1434 1228 1553 1282 quae
1597 1213 1743 1267 enim
1806 1213 1944 1266 facta
1991 1211 2132 1266 fuis-

568 1311 746 1370 sent,
803 1304 1103 1358 illustriora
1159 1303 1333 1360 fuisse
1395 1307 1707 1359 viderentur
1747 1344 1762 1365 ,
1820 1314 2008 1373 utpote
2065 1304 2133 1358 ab

568 1395 915 1449 adolescente
942 1395 1105 1448 facta.
1135 1395 1315 1450 Unqu
1350 1411 1480 1450 vero
1505 1404 1715 1450 tantum
1760 1395 2128 1450 testimonium

569 1486 697 1541 huic
731 1485 1089 1541 aﬂ'ert‘Lucas
1113 1491 1196 1553 (ιι,
1221 1486 1334 1556 4‘2),
1359 1504 1475 1540 cum
1505 1488 1679 1556 factus
1711 1496 1843 1541 esset
1874 1503 2130 1541 annorum

567 1577 881 1636 duodecim.
928 1578 1221 1646 magistros
1263 1578 1573 1632 audientem
1626 1577 1857 1638 sedisse,
1904 1578 2132 1647 suisque

567 1667 851 1737 responsis
896 1668 1202 1721 mirabilem
1247 1668 1359 1722 illis
1402 1669 1580 1723 visum
1613 1668 1805 1723 fuisse.
1838 1667 2129 1723 'Vcrisimi-

2238 482 2384 549 λέγει
2412 498 2494 544 τις
2531 481 2603 550 μὴ
2634 476 2772 532 εἶναι
2818 476 2977 530 τοῦτο
3021 478 3315 547 τεκμήριον
3349 475 3532 529 ἱκανὸν
3556 475 3650 528 τοῦ
3672 475 3808 529 ταύ-

2236 589 2335 642 την
2360 571 2531 641 ἀρχὴν
2567 566 2703 623 εἶναι
2726 568 2834 622 τῶν
2859 569 3099 637 σημείων
3121 566 3396 638 ἐγχωροῦν
3424 568 3539 618 ἐκεῖ
3566 567 3803 636 πρῶτον,

2240 662 2315 733 μὴ
2348 663 2528 732 μέντοι
2560 663 2775 724 πάντως
2803 660 3043 731 πρῶτονο
3072 661 3216 722 εἰκὸς
3243 660 3351 730 γὰρ
3378 659 3538 712 αὑτὸν
3567 657 3803 729 ἀλλαχοῦ

2238 755 2593 825 πεποιηκέναι
2624 754 2785 823 ἕτερα
2808 771 2820 783 ·
2853 756 3025 806 έκεῖνο
3051 752 3186 823 πρὸς
3214 752 3409 814 αὐτοὺς
3445 751 3697 822 ἐροῦμεν,
3721 753 3803 804 ὅτι

2249 847 2499 915 Ἰωάννης
2536 848 2718 914 φησὶν,
2755 847 2836 898 ὅτι
2883 843 3027 913 Ἐγὼ
3058 846 3166 897 οὐκ
3210 842 3377 912 ᾔδειν
3419 843 3623 904 αὑτὸν,
3664 842 3801 896 ἀλλ’

2236 939 2335 990 ἵνα
2372 937 2682 1005 φανερωθῇ
2710 936 2789 1001 τῷ
2825 936 3059 1004 Ἰσραὴλ
3086 977 3099 994 .
3135 936 3232 989 διὰ
3266 934 3443 988 τοῦτο
3684 935 3801 998 ,ϐα-

2236 1026 2448 1087 πτίᾷον
2468 1046 2482 1061 ο
2523 1030 2571 1080 εί
2599 1027 2705 1099 γάρ
2743 1028 2863 1081 καθ’
2884 1028 3101 1097 ⁴ἠλικίαν
3120 1028 3576 1099 ἐθαυματούργει,
3603 1029 3702 1081 οὑκ
3736 1029 3804 1082 ἂν

2236 1120 2530 1191 ἐδεήθησαν
2555 1122 2603 1173 οἱ
2645 1120 2968 1190 Ἰσραηλῖται
3012 1119 3107 1172 τοῦ
3148 1120 3307 1173 αὐτὸν
3340 1120 3750 1191 φανερώσαντος
3783 1138 3797 1151 θ

2234 1213 2301 1265 τά
2347 1229 2406 1265 τε
2436 1212 2544 1282 γὰρ
2593 1212 2849 1281 γινόμενα
2886 1211 3287 1282 παραδοξότερα
3320 1212 3386 1265 ἂν
3434 1212 3609 1276 ἔδοξεν
3638 1209 3797 1277 εἶναι,

2234 1302 2328 1355 ᾶτε
2372 1302 2520 1371 παρὰ
2554 1302 2833 1371 μειρακίου
2864 1302 3128 1370 γενόμενα
3150 1319 3162 1331 ·
3197 1301 3252 1354 ἒν
3293 1302 3347 1354 δὲ
3377 1302 3536 1372 μόνον
3564 1304 3803 1373 ἐμαρτύ-

2238 1411 2399 1463 ρησεν
2424 1394 2571 1463 αὐτῷ
2609 1395 2637 1445 ὁ
2659 1395 2901 1455 Λουκᾶς.
2935 1395 3016 1446 ὃτι
3043 1393 3330 1458 ἐκαθέζετο
3357 1395 3693 1465 δωδεκαετὴς
3722 1396 3799 1449 ὣν

2230 1484 2340 1536 τῶν
2359 1483 2693 1537 διδασκάλων
2723 1482 3096 1554 ἀκροώμενος,
3114 1483 3209 1537 καὶ
3239 1484 3327 1538 διὰ
3356 1485 3456 1554 τῆς
3479 1487 3797 1556 ἐρωτήσεως

2233 1576 2403 1629 ἐδόκει
2438 1577 2620 1638 αὐτοῖς
2659 1575 2957 1645 Θαυμάσιος
2983 1572 3119 1628 εἶναι
3150 1593 3163 1604 ·
3200 1577 3421 1639 είκὸτως
3452 1578 3508 1630 δὲ
3537 1578 3630 1630 καὶ
3657 1580 3798 1632 κατὰ

2231 1667 2386 1734 λόγον
2409 1667 2507 1720 οὐκ
2540 1667 2743 1738 ἦρξατο
2774 1668 2882 1720 τῶν
2922 1669 3162 1738 σημείων
3202 1670 3266 1721 ὲκ
3306 1668 3528 1739 πρώτης
3554 1671 3795 1740 ἡλικίας,

567 1758 691 1814 liter
720 1766 900 1812 autem
944 1764 997 1811 et
1047 1766 1106 1811 ut
1132 1773 1271 1812 vero
1300 1758 1533 1822 dicatur,
1569 1774 1675 1813 non
1708 1759 1874 1829 cmpit
1901 1773 1928 1810 a
1958 1758 2123 1828 prima

2232 1732 2320 1809 ενοι
2357 1757 2429 1828 μὴ
2480 1732 2671 1822 δόξωσι
2710 1732 3007 1827 φάντασμά.
3038 1752 3194 1812 εἶναι.
3219 1732 3385 1811 Πόθεν
3427 1732 3519 1812 σιν
3563 1732 3796 1825 ἐπῆλθεν

564 1849 933 1905 adolescentia
992 1848 1255 1903 miracula
1298 1851 1497 1913 facere,
1547 1865 1614 1905 ne
1645 1853 1965 1919 phantasma
2005 1866 2130 1906 esse

564 1941 863 1996 videretur.
897 1938 1051 1994 Unde
1077 1955 1230 2009 ergo,
1264 1940 1463 2011 inquit,
1487 1949 1636 1995 tanta
1665 1942 1779 1997 haec
1803 1943 1963 1995 matri
1988 1943 2127 1996 [idu-

562 2033 645 2087 cia
665 2032 731 2087 de
776 2032 870 2086 illo
893 2033 1006 2105 (5)?
1030 2033 1298 2103 reliquum
1322 2041 1407 2088 est
1426 2045 1483 2087 ut
1512 2033 1845 2089 manifestari
1878 2036 2125 2105 coeperit.

563 2124 639 2178 Ex
670 2123 899 2181 Joannis
928 2125 1147 2196 quidem
1170 2125 1486 2180 testimonio
1516 2127 1896 2182 manifestatus
1927 2127 2123 2192 fuerat,

559 2233 625 2272 ex
659 2217 839 2272 verbis
868 2234 987 2286 qua:
1018 2218 1085 2272 ad
1124 2216 1427 2287 discipulos
1460 2219 1794 2286 protulerat;
1834 2234 1995 2289 supra
2030 2235 2123 2273 au-

564 2318 671 2364 tem
700 2309 883 2364 omnia
912 2309 1049 2373 base,
1086 2325 1151 2363 ex
1198 2310 1554 2380 conceptione
1588 2317 1752 2380 atque
1792 2325 1859 2365 ex
1890 2311 1975 2366 his
2004 2326 2126 2382 quae

562 2401 975 2471 conceptionem
1018 2400 1234 2456 fuerant
1273 2400 1552 2464 comitata,
1594 2402 1830 2455 maxima
1864 2404 1928 2457 de
1954 2419 2123 2473 puero

560 2499 678 2544 orta
709 2489 869 2544 matri
905 2490 1078 2545 fuerat
1100 2490 1307 2560 opinio,
1343 2492 1638 2560 omniaque
1671 2493 2033 2547 conservabat
2063 2495 2120 2548 in

558 2580 725 2636 corde
762 2596 863 2636 suo
902 2579 1051 2651 (Luc.
1080 2597 1142 2645 ιι,
1169 2581 1278 2650 19).
1310 2580 1447 2635 Cum
1473 2582 1638 2651 igitur
1670 2583 1927 2652 cognovit
1954 2582 2122 2638 Joan-

557 2686 680 2727 nem
714 2673 887 2741 gratia
921 2673 1066 2727 illius
1099 2672 1335 2735 venisse,
1366 2673 1438 2727 de
1466 2674 1557 2726 illo
1592 2673 1964 2728 testimonium
1995 2690 2118 2743 per-

556 2760 765 2827 hibere,
787 2762 1195 2832 discipulosque
1236 2763 1456 2826 habere,
1489 2772 1619 2819 tunc
1647 2774 1843 2819 cat-tera
1876 2767 2119 2835 gaudens

556 2854 851 2909 revocavit.
892 2853 1027 2907 Nam
1077 2870 1137 2910 se
1172 2856 1525 2910 illustriorem
1561 2855 1743 2911 facere
1776 2858 2121 2929 gratiamque

555 2944 664 2997 illis
697 2946 939 3013 praebere
985 2945 1220 2999 volebat.
1256 2945 1415 2999 Forte
1445 2947 1652 3016 aliquid
1703 2948 1927 3003 humani
1954 2965 2118 3019 expe-

2230 1849 2295 1916 τῇ
2351 1849 2517 1918 μητρὶ
2582 1849 2723 1917 μέγα
2777 1848 3143 1919 φαντασθῆναι
3198 1851 3325 1921 περὶ
3372 1851 3555 1914 αὑτοῦ,
3595 1853 3791 1921 φησίνς

2229 1936 2709 1991 ἀποκαλύπτεσθαι
2738 1938 2920 1992 λοιπὸν
2941 1940 3135 2010 ἧρχετο
3157 1957 3170 1970 ·
3202 1942 3295 1994 καὶ
3319 1941 3376 2007 ἐξ
3413 1942 3659 1997 Ἰωάννου
3693 1962 3795 1997 καο

2228 2029 2452 2098 τάδηλος
2484 2026 2586 2101 ἦν,
2620 2031 2683 2082 ἐκ
2730 2030 2839 2082 τῶν
2883 2031 3018 2100 πρὸς
3051 2033 3179 2094 τοὺς
3215 2032 3459 2102 μαθητὰς
3489 2035 3795 2104 εἰρημένων

2229 2121 2406 2190 αὐτῷ’
2440 2122 2533 2174 καὶ
2562 2121 2668 2194 πρὸ
2694 2122 2885 2176 τούτου
2913 2123 2968 2175 δὲ
2993 2125 3229 2185 πάντων,
3273 2125 3408 2194 αὑτὴ
3438 2129 3476 2196 ἠ
3512 2125 3791 2195 σύλληψις.

2228 2213 2323 2266 καὶ
2361 2214 2429 2266 τὰ
2454 2212 2582 2283 περὶ
2616 2213 2713 2283 τὴν
2747 2214 3006 2284 σύλληψιν
3034 2215 3321 2284 γενόμενα,
3355 2218 3617 2288 μεγίστην
3654 2220 3791 2291 αὐτῇ

2228 2306 2357 2374 περὶ
2381 2303 2474 2357 τοῦ
2510 2306 2698 2368 παιδὸς
2744 2306 2998 2375 ἐνέθηκεν
3039 2307 3136 2378 τὴν
3166 2308 3392 2382 [δόξαν],
3429 2312 3524 2365 καὶ
3554 2308 3621 2382 ἦν
3652 2330 3793 2383 συμ-

2226 2397 2513 2462 ϐάλλουσα,
2542 2398 2695 2468 φησὶ,
2728 2398 2901 2453 πάντα
2923 2401 2979 2451 έν
3006 2403 3070 2470 τῇ
3095 2402 3289 2473 καρδίᾳ
3322 2403 3506 2474 αὐτῆς.
3533 2405 3661 2459 Ὅτε
3698 2401 3793 2461 οὖν

2223 2485 2361 2542 οἶδεν
2406 2492 2488 2543 ὅτι
2530 2492 2781 2560 Ἰωάννης
2828 2491 2894 2545 δι’
2928 2494 3084 2546 αὐτὸν
3128 2489 3294 2564 ἦλθεν
3347 2495 3438 2548 καὶ
3491 2497 3793 2568 ἐμαρτύρει

2225 2582 2371 2652 αὐτῷ
2392 2622 2407 2645 ,
2435 2584 2530 2635 καὶ
2557 2583 2638 2635 ὅτι
2668 2583 2911 2653 μαθητὰς
2944 2583 3119 2654 ἔσχεν,
3154 2586 3274 2639 τότε
3306 2585 3487 2639 λοιπὸν
3511 2587 3793 2660 θαρροῦσα

2222 2674 2549 2745 παρεκάλει·
2573 2674 2820 2728 ἐϐούλετο
2852 2676 2959 2747 γὰρ
2989 2677 3187 2745 ἑαυτὴν
3219 2677 3599 2749 λαμπροτέραν
3634 2682 3794 2753 ποιῆ-

2224 2781 2312 2817 σαι
2338 2765 2414 2835 (1)
2449 2766 2677 2829 ἐκείνοις
2719 2783 2778 2818 τε
2806 2768 2963 2837 χάριν
3000 2769 3359 2823 καταθέσθαι·
3396 2772 3488 2825 καὶ
3515 2773 3655 2844 τάχα
3682 2776 3793 2846 γὰρ

2220 2853 2556 2924 ἀνθρώπινόν
2590 2873 2641 2909 τι
2677 2855 2900 2927 ἔπασχε,
2934 2859 3185 2931 καθάπερ
3216 2863 3308 2915 καὶ
3338 2866 3385 2916 οἱ
3436 2864 3657 2934 ἀδελφοὶ
3685 2867 3788 2919 αὐ·-

2219 2942 2312 2995 τοῢ
2342 2942 2588 3011 λέγοντες
2610 2961 2625 2975 ·
2669 2945 2876 3010 Δεῖξον
2903 2950 3163 3003 σεαυτὸν
3194 2949 3273 3015 τῷ
3320 2954 3524 3022 κόσμῳ
3545 2971 3560 2985 ·
3598 2954 3790 3023 βουλό-

554 3036 823 3099 riebatur,
845 3034 1302 3104 quemadmodqu
1329 3036 1525 3092 fratres
1545 3040 1665 3107 ejus
1694 3040 1785 3108 qui
1818 3039 2073 3095 dicebant
2098 3060 2111 3095 :

2226 3053 2372 3105 μενοι
2401 3037 2501 3109 τὴν
2529 3039 2593 3092 ἐκ
2620 3039 2728 3094 τῶν
2759 3039 3047 3112 θαυμάτων
3074 3042 3228 3110 δόξαν
3261 3046 3677 3117 καρπώσασθαι.

553 3126 845 3192 Manifesta
874 3128 1095 3196 teipsunt
1126 3127 1321 3180 mundo
1344 3128 1465 3195 (vn,
1489 3127 1565 3198 4),
1598 3145 1662 3184 ex
1692 3131 1973 3188 miraculis
2000 3133 2119 3202 ejus

552 3220 781 3288 gloriam
818 3218 1113 3288 adepturus
1140 3226 1447 3287 sperantes.

620 3328 785 3386 Vsus.
822 3330 876 3386 9.
912 3359 983 3371 —
1014 3330 1441 3387 Architricliuus
1464 3333 1770 3389 ministerio
1802 3352 2114 3393 mensarum

548 3423 943 3495 apparatuique
974 3424 1287 3494 nuptiarum
1316 3434 1562 3494 praeerat.
1615 3426 1892 3485 Advocare
1938 3440 2115 3487 autem

549 3532 846 3587 sponsum,
876 3533 985 3588 quo
1015 3517 1201 3571 audito
1247 3518 1548 3589 inquirere,
1601 3523 1863 3578 scientem
1914 3541 2116 3596 sponso

548 3626 655 3665 non
688 3624 814 3665 esse
857 3609 1087 3664 alterum
1150 3610 1372 3674 vinum,
1432 3625 1497 3665 ac
1555 3613 1773 3682 quidem
1828 3625 2113 3687 postquam

546 3699 924 3770 inquisivisset
986 3700 1131 3754 unde
1204 3699 1389 3753 vinum
1461 3711 1652 3768 esset,
1713 3707 1856 3773 quod
1912 3706 2113 3764 factum

548 3791 722 3846 fuerat
756 3791 971 3847 discere
998 3830 1012 3854 ,
1049 3790 1275 3846 omnino
1308 3807 1522 3861 aequum
1557 3805 1697 3850 erat.
1731 3796 1901 3853 Nemo
1931 3807 2112 3855 tamen

543 3883 763 3936 illorum
797 3880 1054 3943 credidit.
1081 3883 1171 3937 sed
1204 3891 1414 3940 tantum
1438 3886 1540 3941 hoc
1570 3889 1755 3941 retulit
1778 3892 2113 3960 evangelista

543 3979 605 4026 ut
634 3971 948 4026 ostenderet
982 3986 1089 4028 non
1120 3972 1294 4025 solum
1333 3987 1530 4041 aquam
1576 3976 1630 4029 in
1666 3977 1849 4030 viuum
1883 3993 2113 4034 conver-

539 4078 658 4118 sam
689 4062 981 4123 fuisse,sed
1011 4062 1063 4114 in
1088 4069 1337 4115 naturam
1370 4064 1610 4133 aliquam
1636 4068 1942 4124 mirabilem
1973 4071 2107 4126 vini.

540 4155 749 4210 Caetera
781 4161 965 4207 autem
997 4160 1056 4205 ut
1082 4152 1381 4223 superﬂua,
1417 4171 1517 4211 nec
1550 4157 1777 4214 utilitati
1808 4160 2109 4217 inservien-

540 4248 617 4302 tia
648 4244 910 4316 neglexit.

610 4359 776 4417 Vens.
828 4359 1015 4416 M-l9.
1061 4390 1130 4402 —
1180 4359 1343 4417 Visus
1395 4369 1479 4416 est
1553 4363 1833 4431 Christus,
1896 4382 2020 4423 cum
2071 4385 2101 4426 e

540 4452 739 4520 templo
766 4451 1080 4506 venditores
1095 4454 1604 4526 nummulariosque
1627 4460 1961 4526 exturbavit,
1987 4478 2095 4518 non

2128 4420 2176 4481 D

2286 3343 2436 3414 Στίχ.
2473 3342 2537 3399 θ’.
2582 3375 2652 3387 -—
2704 3348 3126 3423 ’Λρχιτρίκλινον
3174 3353 3322 3425 λέγει
3351 3348 3787 3430 τὸνἚξάρχοντα

2214 3436 2313 3504 τῆς
2346 3437 2652 3507 ὑπηρεσίας
2683 3444 2778 3494 καὶ
2804 3443 2902 3512 τῆς
2927 3446 3006 3507 εἰς
3043 3446 3137 3500 τὸν
3178 3449 3353 3519 γάμον
3385 3455 3737 3523 παρασκευῆς
3765 3473 3780 3485 ·

2214 3527 2358 3592 είκὺς
2390 3528 2446 3581 δὲ
2473 3525 2540 3600 ἦν
2567 3531 2657 3583 καὶ
2684 3531 2773 3585 τὸν
2802 3536 3030 3604 νυμφίον
3051 3538 3466 3609 ἐγκαλούμενον,
3495 3543 3589 3597 καὶ
3614 3544 3784 3598 exos-

2216 3636 2383 3674 σαντα
2404 3620 2725 3696 διαπορῆσαι
2748 3665 2762 3690 ,
2798 3627 2976 3681 εἰδότα
3005 3628 3080 3692 ὡς
3103 3629 3203 3683 οὐκ
3228 3626 3295 3701 ἦν
3327 3633 3475 3704 αὑτῷ
3505 3630 3644 3697 οἶνος
3665 3636 3786 3690 ἓτε-

2217 3729 2306 3783 ρος
2328 3755 2342 3778 ,
2374 3716 2467 3767 καὶ
2498 3718 2768 3787 ἐρωτῆσαι
2790 3712 2793 3717 ’
2816 3719 2912 3790 μὲν
2940 3720 3062 3775 ὃθεν
3104 3722 3134 3774 ὁ
3161 3718 3336 3789 οἶνος,
3381 3726 3571 3795 μαθεῖν
3616 3729 3675 3781 δὲ
3719 3731 3784 3786 τὸ

2212 3804 2431 3871 γεγονός
2450 3822 2463 3835 ·
2500 3806 2615 3859 ἀλλ’
2648 3809 2797 3878 ὅμως
2815 3811 2967 3863 οὐδὲν
3005 3811 3205 3866 τούτων
3236 3815 3572 3886 προσέθηκεν
3595 3858 3610 3881 ,
3645 3817 3784 3873 ἀλλὰ

2215 3898 2373 3966 μόνον
2418 3898 2573 3952 τοῦτο
2606 3901 3009 3971 ἐμνημόνευσεν
3032 3944 3046 3968 ,
3095 3903 3234 3957 ὥστε
3266 3906 3504 3976 δηλῶσαι
3537 3907 3661 3981 [ὅτι]
3715 3913 3780 3966 οὐ

2214 3991 2371 4060 μόνον
2393 3991 2452 4043 τὸ
2481 3991 2622 4064 ὓδωρ
2650 3996 2728 4057 εἰς
2743 3989 2880 4047 οἶνον
2913 3997 3288 4067 μετεποίησεν,
3308 3999 3441 4053 ἀλλά
3458 4000 3564 4068 γὰρ
3586 4003 3679 4055 καὶ
3699 4004 3782 4067 εις

2210 4077 2521 4151 θαυμαστήν
2549 4097 2670 4134 τινα
2708 4083 2869 4151 φύσιν
2913 4084 3094 4137 οἴνου·
3152 4086 3222 4139 τὰ
3257 4088 3434 4158 μέντοι
3494 4089 3653 4145 λοιπὰ
3702 4092 3782 4156 ὡς

2208 4171 2455 4241 περιττά,
2483 4173 2648 4243 μηδὲν
2670 4176 2735 4245 τῇ
2764 4176 2920 4247 χρεία
2954 4176 3368 4249 συμϐαλλόμενα
3396 4184 3777 4253 παρῃτήσατο.

2272 4368 2420 4441 Στίχ.
2446 4370 2622 4426 ιδ’-ιθ.
2645 4403 2714 4411 -
2750 4373 2953 4426 Ἐδόκει
2993 4374 3068 4445 (9.)
3116 4377 3144 4428 ὁ
3181 4378 3412 4446 Χριστὸς
3450 4380 3574 4444 τοὺς
3610 4383 3670 4435 ὲν
3696 4382 3779 4454 τῷ

2206 4462 2335 4533 ἱερῷ
2366 4464 2679 4519 ἀπελαύνων
2706 4467 2982 4537 καπήλους
3028 4469 3119 4522 καὶ
3160 4469 3560 4541 mmmam;
3584 4475 3646 4526 οὐ
3677 4473 3777 4545 τὴν

541 4543 968 4612 negotiationem
1020 4543 1241 4608 solum,
1294 4561 1485 4600 verum
1528 4548 1689 4602 etiam
1751 4552 2095 4608 victimarum

2235 4556 2470 4626 μπορίαν
2524 4557 2682 4625 μόνον
2722 4558 3041 4624 καταλύειν,
3095 4559 3229 4615 ἀλλὰ
3282 4563 3376 4616 καὶ
3414 4562 3473 4615 τὸ
3511 4564 3619 4617 τῶν
3667 4543 3778 4618 00—-

538 4635 700 4689 ritum
731 4635 1024 4690 sustulisse
1046 4674 1061 4699 ,
1116 4636 1560 4707 quandoquidem
1592 4640 1757 4697 boves
1786 4646 2099 4701 columbas-

2226 4647 2329 4700 πιὼν
2364 4647 2503 4712 ἔθος,
2534 4650 2759 4722 ἐπείπερ
2798 4651 3017 4706 ἐκείνων
3059 4631 3246 4707 ἕνεκεν
3277 4656 3324 4707 οἱ
3374 4658 3776 4728 πιπράσκοντες

534 4740 643 4792 que
700 4738 887 4779 earum
919 4724 1183 4781 duntaxat
1210 4728 1384 4796 gratia
1416 4731 1733 4787 venderent.
1772 4734 1929 4791 Unde
1963 4741 2097 4792 satis

2226 4739 2322 4802 ούς
2356 4756 2413 4792 τε
2447 4739 2570 4809 βόας
2603 4747 2695 4796 καὶ
2733 4743 2831 4807 τὰς
2874 4745 3197 4816 περιστερὰς
3225 4724 3578 4820 ἐπίπρασκον.
3613 4751 3775 4807 Ὅθεν

534 4817 609 4890 till
639 4817 951 4888 probabile.
997 4833 1120 4873 eum
1180 4820 1245 4872 ad
1297 4825 1757 4880 resurrectionem
1806 4829 2095 4895 allusisse,

2234 4829 2422 4893 ξκότως
2451 4832 2543 4883 ἐπὶ
2580 4833 2677 4903 τὴν
2720 4834 3013 4889 ἀνάστασιν
3050 4836 3342 4908 ἐχώρησεν,
3366 4817 3459 4904 *ὡς
3495 4838 3561 4894 ἂν
3609 4843 3736 4914 εἴπῃ
3758 4860 3770 4872 ·

533 4923 598 4962 ac
640 4908 684 4962 si
716 4906 880 4961 tacite
913 4905 1120 4961 diceret
1153 4926 1165 4961 :
1198 4908 1329 4977 Ejus
1366 4911 1583 4982 signum
1626 4915 1907 4982 quzeritis,
1958 4934 2063 4988 pau

2226 4920 2414 4991 Γαύτης
2442 4925 2660 4993 σημεῖον
2687 4923 2915 4996 ζητεῖτε,
2940 4905 3111 4998 βραχύ
3139 4905 3189 4981 τι
3216 4905 3557 4999 άναμείνατε.
3592 4905 3774 4986 Ἐπει-

532 4999 702 5069 lisper
748 5004 1079 5068 exspectate.
1124 4997 1258 5052 Cum
1302 5003 1448 5055 enim
1495 5019 1580 5058 me
1621 5005 1897 5063 sublatum
1933 5018 2093 5079 puta-

2226 5012 2294 5065 ἐὰν
2323 5014 2431 5085 γάρ
2461 5015 2667 5069 άνελεῖν
2703 5034 2768 5088 με
2795 4997 3001 5089 δόξητε,
3045 4997 3164 5073 τότε
3193 4997 3429 5086 ἀναστάς
3457 5024 3621 5076 πᾶσιν
3645 5023 3773 5076 ἑαυ-

531 5091 688 5153 bilis.
720 5098 852 5145 tunc
886 5088 1102 5144 demum
1153 5104 1485 5161 resurgens.
1539 5096 1797 5151 omnibus
1831 5099 2099 5169 meipsum

2228 5106 2284 5160 ὸν
2312 5110 2564 5179 γνωρίσω
2590 5111 2737 5175 ὅστις
2776 5088 2915 5183 εἰμί,
2940 5114 3048 5167 Καὶ
3077 5113 3217 5167 οὕτω
3242 5115 3412 5178 ταῦτα
3442 5116 3541 5185 μὲν
3573 5115 3640 5169 τά
3667 5118 3772 5169 πά-

528 5184 828 5250 exliibebo,
862 5182 1261 5253 ostendamqua
1315 5187 1409 5256 qui
1451 5188 1577 5243 sim.
1625 5188 1692 5243 Et
1741 5191 1824 5246 sic
1871 5191 2094 5263 quidem

2226 5215 2285 5250 at
2330 5198 2639 5270 λυθήσεται,
2682 5202 2777 5257 καὶ
2825 5182 2981 5272 καινή
3031 5222 3115 5268 τις
3156 5205 3417 5273 πολιτεία,
3444 5182 3545 5261 νᾶτε
3580 5205 3643 5276 δὴ
3674 5208 3771 5259 καὶ

528 5277 807 5331 veteribus
866 5277 975 5331 illis
1020 5276 1324 5347 antiquatis
1347 5318 1363 5342 ,
1414 5294 1553 5334 nova
1584 5282 1832 5352 quaedam
1864 5285 2097 5340 exsistet

2226 5287 2384 5340 :awoii
2433 5289 2547 5357 βίου
2598 5290 2690 5344 τοῦ
2744 5294 2882 5363 μετὰ
2919 5295 3014 5367 τὴν
3070 5296 3360 5350 ἀνάστασιν
3402 5299 3771 5366 κατευαγγελ-

530 5368 738 5435 politis,
768 5383 920 5422 novae
939 5367 1197 5424 videlicet
1225 5368 1376 5425 illius
1398 5370 1528 5425 vita:
1573 5381 1698 5443 post
1729 5374 2097 5430 resurrectio-
2198 5378 2549 5452 λ[ιζ]ομένου.

530 5472 650 5511 nem
680 5458 986 5528 promissae.

702 5631 800 5714 llic
835 5637 1197 5714 praenoscitur
1245 5648 1399 5709 pater
1428 5638 1663 5696 Nestorii
1705 5642 1770 5697 de
1809 5642 1982 5714 gloria
2021 5643 2073 5703 Β,
2126 5646 2192 5702 lli.
2222 5645 2282 5699 V.
2312 5646 2666 5704 detrahentis.

598 5702 676 5772 (2)
707 5702 867 5759 ϐοαί.
901 5713 1005 5759 cat.
1037 5724 1087 5777 p.
1122 5709 1206 5762 75.
