4124 6240
301 2255 346 2296 ’ἰ

361 313 461 369 741

963 435 1212 490 ΚΕΦΛΛ.
1265 437 1340 493 1".

431 522 580 592 Στίχ.
610 530 668 576 ε’.
704 554 774 563 —
805 522 906 577 Τὸν
935 528 1130 597 τρόπον
1158 529 1571 600 (Ι),ὲξηγήσατο
1603 530 1701 600 τῆς
1733 529 1823 582 διὰ
1844 528 1939 583 τοῦ

363 614 733 685 βαπτίσματος
763 617 1194 690 ἀναγεννήσεως,
1244 620 1337 674 τοῦ
1394 622 1492 693 μὲν
1535 621 1747 687 ὓδατος,
1801 624 1857 675 ἐν
1896 615 1941 690 ᾧ

362 707 662 779 πληροῦται
690 708 750 761 τὸ
775 708 932 781 ἔργον
967 710 1156 779 εἰπὼν,
1179 712 1268 765 τοῦ
1311 713 1366 765 δὲ
1411 712 1723 783 Πνεῦματος
1762 714 1820 768 ὲν
1861 712 1940 784 τῷ

363 798 515 852 ὕδατι
544 800 641 871 τὴν
667 802 871 855 οἰκείαν
901 802 1230 875 πληροῦντος
1255 804 1553 876 ἐνέργειαν.
1585 805 1643 857 '0
1674 804 1806 868 Θεὸς
1832 804 1939 877 γὰρ

362 893 458 947 καὶ
487 894 710 966 Πνεῦμα
737 895 1001 959 υἱοθεσίας
1028 898 1263 965 λέγεται,
1286 899 1383 969 οὐχ
1409 898 1570 969 ὕδωρ,
1605 898 1791 969 ἐπειδὴ
1819 897 1941 951 τού-

360 1004 455 1040 του
482 990 545 1059 τῇ
572 988 798 1058 δυνάμει
823 988 920 1061 τὴν
946 991 1301 1062 ἀναγέννησιν
1328 990 1619 1062 δεχόμεθα’
1656 990 1842 1043 τούτου
1876 1008 1939 1059 γε

360 1080 527 1134 ἓνεκα
566 1081 661 1134 καὶ
711 1084 768 1135 ὲν
816 1082 894 1151 τῷ
942 1082 1273 1154 βαπτίσματι
1311 1083 1372 1136 τὸ
1406 1084 1502 1154 μὲν
1542 1083 1764 1154 Πνεῦμα
1803 1082 1941 1154 μετὰ

360 1170 573 1244 Πατρὸς
610 1173 706 1226 καὶ
744 1172 873 1226 Υίοῦ
908 1174 1264 1245 ὀνομάζομεν,
1308 1174 1402 1227 τοῦ
1436 1175 1493 1227 δὲ
1523 1174 1713 1237 ὕδατος
1749 1176 1808 1229 οὑ
1841 1193 1940 1247 με·

364 1266 634 1336 μνήμεθω
682 1267 757 1329 ὡς
810 1266 1124 1337 φαίνεσθαι,
1159 1268 1241 1321 ὅτι
1285 1268 1347 1320 τὸ
1378 1267 1473 1338 μὲν
1524 1266 1789 1338 σύμϐολον
1848 1268 1941 1320 καὶ

360 1360 547 1428 χρείας
571 1359 711 1422 τινος
750 1358 932 1413 ’ἐνεκεν
960 1359 1466 1431 παραλαμϐάνεται,
1494 1361 1554 1415 τὸ
1589 1359 1644 1412 δὲ
1685 1359 1758 1423 ὡς
1788 1362 1939 1430 ἐνερ-

361 1449 493 1517 γοῦν
524 1452 658 1519 μετὰ
683 1452 890 1522 Πατρὸς
918 1453 1010 1505 καὶ
1036 1452 1164 1505 Υίοῦ
1192 1453 1611 1521 ὲπικαλούμεθα,
1643 1452 1764 1505 ἐπεὶ
1789 1453 1880 1505 καὶ
1912 1453 1939 1504 ό

362 1541 569 1611 Κύριος
599 1542 727 1613 πρὸς
756 1543 813 1595 τὸ
832 1584 846 1607 ,
873 1545 1126 1598 Δύναται
1156 1548 1239 1610 εἰς
1267 1544 1382 1613 τὴν
1415 1545 1649 1598 κοιλίαν
1681 1542 1787 1610 τῆς
1829 1561 1937 1613 μη-

364 1634 503 1701 τρὸς
536 1634 827 1688 εἰσελθεῖν
864 1637 962 1689 καὶ
1008 1635 1388 1706 γεννηθῆναι,
1434 1636 1493 1689 τὸ
1537 1637 1595 1703 ἐξ
1642 1634 1830 1699 ὕδατός
1879 1652 1937 1687 τε

362 1726 459 1778 καὶ
498 1725 807 1795 Πνεύματος
842 1726 1151 1793 ἀντέταξεν.
1186 1728 1394 1799 ’Ὠσπερ
1423 1728 1515 1782 ἐπὶ
1557 1728 1655 1799 τῆς
1702 1725 1937 1796 φυσικῆς

360 1819 667 1889 γεννήσεως
694 1819 728 1889 ἡ
764 1818 940 1873 κοιλία
967 1819 1027 1872 τὺ
1053 1820 1279 1888 φυσικὸν
1318 1820 1677 1892 ὲργαστήριόν
1705 1819 1842 1881 ἐστι,
1881 1820 1938 1872 ὲν

358 1902 405 1977 ᾧ
443 1909 504 1962 τὺ
566 1908 880 1981 τικτόμενον
939 1910 1275 1965 ἀποτελεῖται
1321 1911 1441 1983 θείᾳ
1481 1911 1728 1981 δυνάμει,
1779 1911 1812 1981 ἢ
1865 1909 1939 1980 (2)

359 2002 502 2055 κατὰ
528 2001 620 2054 τὸν
642 2002 846 2056 ἄνωθεν
878 2004 1000 2073 ὅρον
1026 2002 1157 2056 αὐτὸ
1187 2002 1519 2057 διαπλάττειο
1547 2003 1689 2057 οὕτω
1723 2003 1815 2057 καὶ
1858 2003 1942 2054 ὲν-

362 2092 537 2146 ταῦθα
563 2093 623 2146 τὸ
649 2093 793 2166 ὕδωρ
826 2095 882 2147 ὲν
924 2094 1073 2161 τάξει
1112 2095 1211 2166 τῆς
1250 2095 1454 2166 μητρὸς
1494 2095 1844 2165 λαμϐάνεται.
1882 2095 1942 2149 τὸ

359 2184 421 2237 δὲ
450 2176 675 2250 Πνεῦμα
701 2187 760 2239 ὲν
791 2186 940 2251 τάξει
970 2187 1062 2240 τοῦ
1090 2186 1502 2265 διαπλάττοντος
1528 2188 1816 2241 Δεσπότου.

278 2344 346 2415 2.."
432 2360 578 2430 Στίχ.
626 2369 734 2417 xc}.
784 2392 855 2403 —
902 2363 1096 2428 Καλῶς
1146 2364 1222 2434 (5)
1281 2361 1467 2418 εἶπεν
1513 2367 1567 2418 Ὀ
1603 2370 1687 2420 .τά
1736 2367 1941 2435 φαῦλα

359 2452 670 2519 πράσσων·
707 2456 820 2521 καὶ,
856 2455 909 2507 '0
956 2454 1143 2511 ποιῶν
1191 2456 1309 2526 τὴν
1348 2457 1654 2525 ἀλήθειαν*
1703 2459 1846 2524 οὔτε,
1883 2460 1940 2513 '0

360 2545 595 2616 πράξας,
622 2546 822 2614 εἰπὼν,
844 2547 988 2618 οὔτε,
1020 2550 1082 2603 '0
1112 2551 1362 2621 ποιήσας.
1409 2551 1670 2624 Ἐγχωρεί
1710 2554 1817 2622 γὰρ
1847 2553 1940 2607 καὶ

356 2636 450 2690 τὸν
476 2639 775 2710 ποιήσαντα
804 2639 865 2693 τὺ
894 2642 1062 2695 κακὸν
1102 2642 1399 2713 ἀποστῆναι
1444 2643 1543 2714 μὲν
1577 2644 1679 2715 ’τῆς
1720 2645 1936 2710 κακίας,

361 2725 493 2779 ἰδεῖν
523 2727 579 2780 δὲ
611 2728 746 2800 πρὸς
788 2728 850 2782 τὸ
876 2729 1059 2797 καλὸν,
1109 2730 1202 2783 καὶ
1244 2730 1336 2784 τὸν
1379 2734 1443 2803 τῇ
1477 2732 1703 2806 ἀληθείᾳ
1728 2736 1940 2807 χαίρειν

357 2818 827 2891 ἐπαγγελλόμενον
854 2821 1040 2875 νεῦσαί
1062 2839 1190 2875 ποτε
1225 2822 1360 2894 πρὸς
1396 2824 1456 2878 τὸ
1502 2828 1699 2897 χεῖρον.
1730 2828 1821 2880 Διὸ
1864 2824 1940 2882 εἷ-

358 2927 462 2963 πεν
503 2912 564 2964 τὸ
607 2912 899 2980 πράσσων
948 2915 1041 2968 καὶ
1092 2914 1154 2967 τὸ
1206 2915 1411 2969 ποιῶν
1454 2916 1577 2970 οὔτε
1616 2919 1724 2990 γὰρ
1762 2919 1938 2974 ἔνεστι

362 2998 493 3069 περὶ
514 3002 611 3071 τὴν
639 3002 838 3057 κακίαν
858 3002 1194 3075 διακείμενον
1221 3006 1430 3078 χαίρειν
1458 3009 1537 3079 τῷ
1565 3010 1738 3082 καλῷ,
1785 3013 1876 3065 καὶ
1908 3017 1937 3066 ό

1551 324 1621 380 1N
1656 324 2102 381 EVANGELIUM
2138 329 2256 387 ,1οΑ
2266 330 2441 387 NNIS.

3504 341 3607 397 ne

2689 444 2844 501 CAP.
2883 445 2970 500 Ill.

2110 529 2273 585 Vens.
2306 533 2358 586 5.
2388 563 2457 574 —
2483 532 2701 591 Modum
2738 553 2848 607 quo
2879 555 2976 609 per
3014 538 3345 611 baptismum
3380 553 3608 610 regene-

2040 639 2229 679 remur
2250 664 2265 689 ,
2319 627 2616 697 exposuit,
2648 630 2790 683 .dum
2833 632 2888 685 in
2920 646 3077 701 aqua
3108 631 3329 701 quidem
3367 629 3607 686 conferri

2042 714 2218 778 illum,
2264 716 2356 771 sed
2400 726 2596 771 sancto
2649 716 2859 789 Spiritu
2908 720 3187 790 propriam
3222 721 3278 774 in
3335 721 3610 776 elemento

2040 809 2299 864 virtutem
2330 820 2650 876 exsercnte,
2682 813 2871 881 perﬁci
2915 814 3191 886 negotium
3224 814 3327 868 hoc
3355 813 3606 867 allirmat.

2041 896 2185 953 Deus
2216 899 2485 970 siquidem
2519 941 2532 965 ,
2562 909 2622 955 et
2655 918 2761 956 non
2799 918 2939 973 aqua
2966 947 2981 969 ,
3024 903 3261 975 Spiritus
3290 902 3607 974 adoptionis

2042 992 2366 1061 appellatur,
2412 993 2857 1063 quandoquidem
2886 995 3086 1049 virtute
3114 995 3287 1049 solius
3316 992 3412 1047 Dei
3453 1007 3610 1061 rege-

2041 1099 2321 1138 neremur.
2352 1084 2523 1150 Quam
2550 1087 2621 1142 ob
2642 1101 2866 1141 causam
2896 1086 2955 1140 in
2989 1086 3265 1154 baptismo
3294 1086 3458 1141 etiam
3486 1082 3609 1152 Spi-

2040 1177 2209 1231 ritum
2239 1193 2346 1232 una
2379 1194 2503 1233 cum
2538 1178 2704 1235 Patre
2738 1178 2994 1250 Filioque
3032 1180 3383 1232 nominamus
3405 1218 3421 1243 ,
3455 1190 3612 1246 aqua:

2038 1288 2170 1327 vero
2212 1274 2532 1343 neutiquam
2564 1274 2941 1338 meminimus,
2991 1286 3048 1327 ut
3080 1272 3168 1327 vel
3207 1272 3335 1327 inde
3371 1270 3609 1324 manile-

2040 1372 2187 1419 stum
2252 1365 2363 1431 sit,
2416 1366 2563 1418 illam
2625 1368 2846 1436 quidem
2907 1369 3085 1423 instar
3127 1364 3271 1436 signi
3323 1363 3610 1433 cujusdam

2040 1470 2105 1510 ac
2158 1466 2327 1523 notae,
2383 1457 2453 1511 ad
2515 1458 2798 1529 quidpiam
2864 1457 3284 1530 signiﬁcandum
3350 1456 3609 1512 assumi:

2042 1547 2307 1618 Spiritum
2335 1566 2464 1605 vero
2508 1559 2767 1622 tanquam
2789 1551 3118 1607 'eﬁ‘ectorem
3149 1566 3252 1605 una
3284 1565 3408 1604 cum
3447 1547 3610 1603 Patre

2040 1639 2290 1712 Filioque
2329 1642 2609 1707 invocari,
2652 1643 3101 1714 quandoquidem
3135 1643 3300 1697 etiam
3347 1641 3614 1697 Dominus

2042 1732 2164 1787 istis
2197 1734 2414 1795 verbis,
2462 1733 2642 1789 Potest
2678 1736 2733 1788 in
2786 1745 3014 1788 uentrem
3056 1734 3245 1787 matris
3298 1734 3519 1788 introire
3562 1740 3614 1786 et

2043 1826 2272 1887 renasci,
2304 1825 2407 1879 hoc
2435 1825 2502 1881 de
2529 1841 2670 1895 aqua
2695 1835 2750 1880 et
2783 1826 2989 1895 Spiritu
3012 1827 3269 1897 opposuit
3296 1844 3308 1881 :
3340 1834 3397 1880 ut
3426 1840 3614 1896 quem-

2044 1916 2339 1973 admodum
2369 1918 2422 1971 in
2460 1918 2696 1971 naturali
2732 1919 3113 1987 generatione,
3154 1924 3352 1973 venter
3371 1926 3608 1979 naturae.

2041 2008 2095 2063 in
2130 2024 2236 2080 qua
2272 2009 2415 2064 fetus
2452 2009 2669 2073 divina,
2716 2010 2797 2063 uti
2847 2017 2975 2065 aute
3008 2010 3217 2065 dictum
3255 2017 3340 2066 est
3365 2051 3381 2075 ,
3409 2010 3615 2066 virtute

2043 2099 2221 2168 ipsum
2267 2099 2592 2157 eﬂ'ormante
2638 2102 2959 2172 perﬁcitur,
2998 2102 3214 2157 oﬂicina
3249 2103 3505 2159 exsistit:
3533 2102 3615 2157 sic

2042 2196 2095 2244 et
2127 2190 2232 2245 hoc
2262 2191 2405 2256 loco,
2444 2206 2585 2262 aqua
2614 2192 2835 2263 quidem
2864 2194 3114 2249 matricis
3137 2232 3154 2259 ,
3194 2193 3431 2264 Spiritus
3477 2208 3614 2249 vero

2040 2280 2315 2338 eﬁ‘ectoris
2348 2282 2561 2338 Domini
2596 2285 2749 2341 vices
2783 2284 2954 2341 subit.

2050 2404 2053 2405 ν
2111 2373 2279 2433 Vsus.
2312 2375 2402 2431 21.
2429 2406 2501 2417 —
2532 2375 2680 2433 Scite
2713 2390 2922 2445 autem,
2951 2380 3042 2449 qui
3067 2378 3398 2449 malefacit,
3434 2390 3483 2435 et
3522 2379 3613 2450 qui

2040 2466 2172 2535 facit
2202 2469 2510 2534 veritatem,
2554 2484 2664 2524 non
2691 2485 2859 2538 vero,
2893 2472 2984 2542 qui
3015 2471 3176 2541 fecit,
3209 2472 3369 2528 dixit.
3427 2471 3614 2542 Siqui-

2043 2563 2165 2618 dem
2190 2562 2481 2634 contingit,
2518 2578 2643 2619 eum
2678 2565 2773 2635 qui
2805 2564 2946 2619 mala
2973 2565 3326 2635 perpetravit,
3356 2579 3614 2621 nonnun-

2040 2669 2205 2725 quam
2226 2654 2573 2725 resipiscere,
2600 2662 2656 2711 et
2679 2669 2710 2709 a
2737 2657 3007 2726 pravitate
3037 2656 3314 2712 abstinere
3340 2673 3354 2712 :
3389 2671 3614 2712 rursum

2038 2760 2173 2801 vero
2201 2753 2287 2801 est
2323 2744 2533 2813 videre,
2568 2760 2715 2812 eum,
2743 2746 2837 2816 qui
2865 2755 2922 2801 et
2950 2745 3256 2801 honestatis
3287 2754 3343 2801 et
3366 2745 3614 2801 veritatis

2040 2847 2252 2893 amator
2276 2838 2498 2895 habitus
2519 2839 2613 2902 sit,
2663 2847 2877 2894 mutare
2896 2839 3210 2911 aliquando,
3238 2846 3294 2894 et
3315 2840 3382 2895 ad
3409 2838 3613 2894 malum

2045 2943 2274 2997 vergere
2304 2929 2567 2998 quocirca
2596 2928 2687 2997 qui
2717 2928 2850 2995 facit
2874 2928 3011 2983 dixit
3043 2943 3058 2979 :
3095 2928 3211 2983 ﬁeri
3236 2928 3379 2984 enim
3402 2930 3614 2999 nequit,

2041 3026 2100 3072 ut
2144 3018 2237 3089 qui
2288 3018 2511 3074 malitia).
2551 3018 2773 3075 deditus
2807 3030 2932 3085 est,
2989 3020 3179 3076 virtuti
3220 3020 3296 3076 sit
3330 3020 3610 3089 addictus,

356 3088 458 3188 si];
489 3090 743 3161 ἀληθείας
786 3094 1018 3166 ἐραστὴς
1062 3097 1277 3163 πάντως
1323 3099 1439 3153 ἐστὶ
1475 3099 1581 3155 τῶν
1613 3103 1791 3158 καλῶν
1823 3105 1935 3158 ἐπι-

2038 3120 2092 3167 et
2119 3088 2373 3182 quisquis
2408 3112 2659 3169 veritatis
2686 3123 2902 3170 amator
2934 3122 3052 3181 est,
3098 3114 3367 3170 virtutum
3394 3130 3615 3188 quoque

358 3179 628 3253 θυμητής.

432 3292 577 3364 Στίχ.
596 3294 694 3350 κδ’.
709 3296 890 3349 -Ὄλα
915 3297 991 3370 (ό)
1007 3299 1178 3355 ταῦτα
1197 3304 1436 3375 πρότερα
1455 3309 1712 3376 γεγονότα
1726 3310 1824 3381 τῆς
1839 3310 1934 3365 τοῦ

357 3383 660 3439 Βαπτιστοῦ
681 3386 1012 3460 καθείρξεως
1026 3391 1135 3445 τῶν
1156 3392 1353 3447 λοιπῶν
1372 3397 1789 3466 εὐαγγελιστῶν,
1806 3401 1933 3455 εὐθὺ

361 3477 615 3551 μετὰ[τὸ]
632 3477 724 3533 τοῦ
744 3482 947 3552 Κυρίου
969 3481 1275 3555 βάπτισμα,
1291 3488 1384 3540 καὶ
1409 3490 1534 3553 τοὺς
1552 3491 1794 3546 διαϐόλου
1816 3512 1934 3547 πει-

359 3572 625 3644 ρασμοὺς,
639 3574 915 3629 Ματθαίου
936 3577 1034 3648 μὲν
1058 3578 1318 3643 εἰπόντος·
1337 3582 1627 3648 Ἀκούσας
1642 3584 1730 3638 ὅτι
1744 3586 1931 3641 Ἰωάν-

356 3680 474 3730 νης
496 3665 812 3735 παρεδόθη,
840 3668 1224 3739 ἀνεχώρησεν
1241 3672 1361 3726 ἀπὸ
1386 3674 1497 3742 τῆς
1531 3675 1814 3744 Ἰουδαίας
1844 3681 1931 3745 εὶς

357 3756 476 3824 την
505 3759 871 3813 Γαλιλαίαν·
932 3759 1152 3832 εὔδηλον
1215 3763 1395 3833 μέντοι
1442 3765 1524 3818 ὅτι
1577 3767 1672 3820 καὶ
1718 3769 1930 3834 Λουκᾶς

354 3848 456 3918 τὴν
487 3849 656 3922 αὐτὴν
689 3851 918 3916 ἐκείνοις
966 3854 1288 3908 ἀκολουθίαν
1321 3855 1591 3927 ἐζήλωσεν
1641 3859 1741 3931 τῆς
1785 3861 1929 3916 διδα-

358 3940 607 4006 σκαλίας·
635 3943 710 4008 ὡς
738 3945 1021 4011 φαίνεσθαι
1061 3948 1143 4002 ὅτι
1169 3948 1249 4002 δεῖ
1275 3950 1760 4025 καταλ[ε]ιπόντων
1784 3958 1929 4010 ὲκεί-

353 4048 463 4085 νων
492 4032 560 4085 τὰ
587 4035 695 4105 πρὸ
723 4036 819 4107 τῆς
849 4038 1092 4093 Ἰωάννου
1120 4039 1449 4112 καθείρξεως
1477 4045 1581 4098 ὑπὸ
1607 4047 1700 4100 τοῦ
1721 4048 1925 4120 Κυρίου

354 4126 617 4193 γεγονότα
640 4167 655 4193 ,
689 4128 861 4183 ταῦτα
906 4131 1139 4200 μάλιστα
1187 4135 1350 4200 αὐτὸς
1394 4138 1728 4208 ἐφρόντισεν.
1763 4141 1826 4194 Et
1868 4142 1925 4196 δέ

351 4234 439 4280 τις
475 4217 653 4287 λέγοι,
705 4222 815 4275 Καὶ
849 4222 956 4294 μὴν
982 4226 1010 4279 ὁ
1038 4227 1314 4294 Ματθαῖος
1359 4231 1528 4286 εἰπὼν
1567 4233 1924 4304 βεϐαπτίσθαι

351 4308 445 4363 τὸν
487 4310 715 4381 Ἰησοῦν,
749 4315 842 4367 καὶ
887 4315 950 4369 τὸ
987 4318 1211 4391 Πνεῦμα
1241 4323 1325 4374 ἐπ’
1356 4324 1517 4378 αὑτὸν
1550 4328 1925 4399 καταϐεϐηκέ-

2044 3224 2261 3278 semper
2290 3216 2376 3264 est
2408 3210 2608 3264 cultor.

2114 3323 2278 3379 Vens.
2310 3325 2400 3379 24.
2426 3354 2496 3364 -
2523 3325 2719 3380 Omnia
2752 3327 2866 3381 haec
2892 3326 3078 3396 prima
3112 3326 3179 3381 ad
3206 3327 3613 3383 incarceratio-

2003 3433 2163 3493 tnem
2213 3416 2443 3473 Joannis
2498 3418 2755 3488 Baptistae
2804 3422 3108 3489 spectantia
3138 3460 3152 3485 ,
3198 3420 3347 3491 apud
3383 3429 3613 3475 caeteros

2039 3510 2437 3578 evangelistas,
2485 3510 2671 3565 statim
2711 3520 2833 3580 post
2884 3509 3097 3565 Domini
3133 3512 3463 3581 baptismum
3490 3518 3613 3567 teu-

2037 3602 2391 3673 tationesque
2444 3602 2651 3657 diaboli
2696 3614 3038 3669 evenerunt;
3090 3602 3344 3657 Mattbaao
3388 3602 3609 3673 quidem

2036 3694 2254 3749 dicente
2284 3695 2380 3765 (tv,
2413 3695 2523 3762 12),
2560 3694 2692 3749 Cum
2723 3694 2956 3749 audisset
3000 3694 3158 3750 Jesus
3190 3696 3330 3767 quod
3373 3695 3612 3751 Joannes

2037 3787 2264 3842 traditus
2298 3796 2452 3852 esset,
2484 3787 2698 3842 secessit
2722 3805 2754 3841 a
2775 3787 2969 3841 Judwa
2994 3791 3047 3842 in
3080 3786 3379 3843 Galiiteam.
3405 3788 3604 3846 Notum

2033 3889 2116 3936 est
2140 3878 2304 3935 etiam
2330 3878 2537 3935 Lucam
2565 3896 2676 3950 prie
2698 3881 2912 3936 caeteris
2944 3888 3191 3935 catenam
3223 3882 3490 3938 factorum
3522 3884 3608 3937 di-

2033 3973 2286 4026 vitiorum
2335 3982 2594 4029 accurate
2645 3977 2937 4040 retulisse,
2972 3988 3028 4030 ut
3074 3977 3255 4033 videre
3304 3989 3409 4041 est,
3456 3994 3605 4045 cum,

2032 4065 2245 4122 caeteris
2279 4066 2660 4125 omittentihus
2692 4084 2814 4138 quae
2848 4070 3337 4125 incarcerationem
3380 4070 3607 4126 Joannis

2031 4166 2463 4222 antecesserant,
2496 4168 2739 4229 tempore
2761 4168 2940 4213 autem
2966 4160 3170 4217 Christi
3202 4161 3343 4217 facta
3368 4163 3606 4228 fuerant,

2032 4250 2097 4305 ad
2138 4252 2241 4305 illa
2296 4251 2534 4306 maxime
2585 4252 2920 4307 incubuerit.
2965 4253 3195 4319 Quidam
3245 4254 3383 4310 forte
3409 4256 3603 4311 dicet:

2030 4344 2144 4397 lmo
2188 4343 2506 4408 Mattheus,
2570 4352 2861 4416 postquam
2911 4347 3048 4401 dixit
3105 4346 3291 4402 .lesum
3356 4348 3606 4419 baptiza-

354 4413 463 4460 ναι,
478 4403 821 4510 παραχρῆμα
839 4404 1109 4479 ἐπιφέρει,
1138 4411 1274 4463 Τότε
1294 4411 1573 4469 ἐκϐάλλει
1591 4416 1658 4470 τὸ
1681 4420 1923 4489 Πνεῦμα

2037 4443 2144 4488 tum
2189 4436 2397 4500 fuisse,
2449 4452 2513 4491 ac
2565 4436 2826 4507 Spiritum
2862 4447 3113 4494 sanctum
3148 4456 3313 4510 super
3366 4456 3488 4497 eum
3514 4442 3610 4498 de-

349 4492 540 4603 αὐτὸν
589 4497 677 4561 εὶς
712 4496 827 4564 τὴν
862 4498 1085 4571 ἔρημον
1107 4543 1123 4570 ,
1168 4503 1385 4559 λεκτέον
1443 4508 1520 4572 ὡς
1569 4511 1603 4579 ὴ
1657 4514 1792 4569 τότε
1834 4481 1922 4570 λέ-

2037 4481 2143 4488 -----
2189 4481 2397 4500 -..ψη
2449 4481 2513 4491 ..ν
2565 4481 2826 4507 erm.-."
2862 4481 3113 4494 υ-..........
3148 4481 3301 4510 νυν...
3366 4481 3606 4498 ...μηνυ-

2037 4528 2342 4592 scendisse,
2380 4528 2565 4583 statim
2596 4529 2747 4585 addit
2780 4549 2793 4584 :
2828 4529 2972 4584 Tunc
3000 4531 3233 4601 Spiritus
3260 4534 3458 4602 expulit
3487 4552 3606 4590 eum

352 4582 446 4696 th‘
469 4585 570 4696 οὐξι
620 4588 709 4641 ἀεὶ
739 4589 799 4642 τὸ
828 4593 1191 4663 παραχρῆμα
1240 4599 1517 4669 σημαίνει,
1552 4603 1668 4656 ἀλλ’
1696 4606 1809 4661 ἔσθ’
1842 4611 1932 4664 ὅτε

2037 4582 2081 4672 in
2104 4582 2365 4673 desertum
2399 4582 2623 4690 (Matth.
2640 4582 2645 4583 γ
2743 4662 2758 4685 ,
2781 4582 2816 4677 ‘1
2840 4641 2857 4690 ;

352 4675 453 4728 καὶ
483 4675 552 4730 τὰ
604 4680 742 4749 μετὰ
790 4682 957 4736 πολὺν
1008 4687 1196 4754 χρόνον
1245 4690 1669 4763 συμϐησόμενα*
1718 4699 1793 4763 ὡς
1846 4703 1927 4766 τὸ,

359 4766 498 4822 Τότε
538 4770 596 4823 οἱ
638 4770 708 4823 ἐν
740 4771 815 4841 τῇ

352 4857 414 4911 τὸ
444 4862 644 4929 εὐθύς.

932 5070 1198 5133 ’ΚΕΦΑΛ.
1247 5082 1321 5137 A'.

421 5179 593 5277 Στίχ.-
612 5182 773 5277 θ¹.Ϋ-
817 5187 1065 5246 Διδάσκει
1119 5194 1197 5262 (5)
1246 5195 1303 5248 δὲ
1348 5200 1531 5268 ἡμᾶς,
1577 5204 1657 5257 ὅτι
1707 5206 1803 5277 οὐχ
1850 5210 1926 5273 ὼς

344 5270 639 5366 ἑτεροδόξῳ
671 5276 737 5330 δι’
771 5277 969 5352 ἔχθραν
1012 5285 1072 5337 τὸ
1122 5286 1268 5359 ὕδωρ
1304 5288 1485 5345 δοῦναι
1528 5270 1920 5366 παραιτήσατο,

346 5364 465 5460 άλλς
491 5366 565 5430 ὡς
600 5370 860 5438 μέλλοντα
892 5376 981 5429 τδν
1023 5375 1083 5442 ὲξ
1117 5380 1346 5451 ἀρχαίου
1377 5364 1625 5454 κείμενον
1660 5364 1809 5460 αὐτῷ
1834 5393 1923 5444 νό-

857 4719 956 4795 3"
985 4719 1196 4795 .uzv'v'
1245 4719 1669 4795 W't-W'tWPEVf'
1718 4719 1793 4763 ως
1846 4719 1927 4766 το.
2024 4719 2109 4767 est
2144 4727 2330 4768 vocem
2362 4720 2484 4766 tunc
2517 4729 2627 4769 non
2663 4730 2879 4784 semper
2904 4720 3083 4773 statim
3116 4720 3469 4792 signiﬁcare;
3510 4724 3606 4779 sed

871 4774 1112 4844 ιουδαίᾳ
1140 4780 1529 4849 φευγέτωσαν
1548 4826 1563 4851 ,
1603 4787 1795 4862 ὥσπερ
1832 4796 1929 4849 καὶ

2037 4802 2320 4872 aliquando
2348 4820 2470 4874 qua:
2504 4807 2669 4876 longo
2698 4816 2819 4877 post
2845 4815 3091 4880 tempore
3125 4774 3387 4869 eventura
3437 4774 3601 4882 sunt;

2023 4895 2233 4951 scilicet
2270 4915 2284 4953 :
2322 4896 2469 4951 Tunc
2511 4900 2601 4967 qui
2653 4900 2707 4952 in
2749 4899 2943 4955 Judwa
2981 4914 3102 4959 sunt
3128 4907 3335 4977 fugiant
3382 4906 3601 4978 (Matth.

2030 5004 2183 5053 sxw,
2218 4989 2329 5061 16),
2364 4992 2829 5062 quemadmodum
2859 4997 3021 5052 etiam
3046 5001 3169 5054 cito.

2672 5100 2827 5159 CAP.
2875 5105 2965 5161 ιγ.

2103 5214 2268 5271 Vens.
2299 5216 2455 5271 9.-
2481 5214 2651 5272 Docet
2677 5227 2862 5275 autem
2892 5235 3016 5285 nos,
3047 5221 3328 5291 quomodo
3357 5237 3467 5279 non
3488 5232 3606 5281 tan-

2029 5322 2193 5379 quam
2233 5308 2398 5364 alicui
2448 5309 2677 5366 alterius
2720 5321 2917 5377 sectre,
2956 5321 3183 5383 propter
3227 5314 3600 5384 inimicitiam,

2030 5398 2110 5453 illi
2150 5411 2346 5467 aquam
2377 5398 2508 5454 dare
2542 5400 2910 5466 recusaverit,
2941 5402 3038 5459 sed
3065 5405 3211 5475 quod
3248 5406 3426 5475 ipsum
3459 5407 3602 5463 obli-

348 5453 458 5528 [μι]
468 5475 567 5527 μον
582 5463 893 5535 παραϐῆναι
912 5466 1000 5519 ὑπ’
1011 5468 1255 5542 ἀνάγκης
1272 5453 1581 5547 ὑπομνῆσαι
1605 5453 1920 5557 βουλομένη.

2037 5453 2269 5558 {rationis
2299 5504 2412 5544 suae
2449 5491 2719 5547 monitum
2751 5491 2950 5561 vellet,
2999 5453 3390 5567 ne'antiqtrtam
3423 5498 3603 5570 legem

417 5638 435 5705 (
444 5638 493 5704 1)
532 5638 694 5699 (Iord.
726 5654 837 5703 cat.

414 5708 493 5775 (2)

343 5776 497 5838 αὐτό.

523 5653 920 5776 eximias?
952 5653 1093 5797 ’ἦ
1145 5729 1346 5798 ιπεευει
1396 5730 1592 5792 deinde
1626 5736 1766 5790 αὐτά
1792 5738 1804 5751 ⁸
1821 5753 1919 5809 pro

2096 5669 2173 5742 (ᾗ)
2204 5667 2366 5742 90rd.
2392 5680 2499 5725 cat.
2540 5687 2594 5742 p.
2645 5673 2762 5730 102.

2096 5739 2173 5807 (ι)
2205 5739 2306 5793 Mai
2337 5742 2468 5796 ibid.

2098 5809 2175 5881 (5)
2214 5810 2379 5868 Cord.
2422 5823 2529 5869 cat.
2562 5815 2683 5870 121.
