4124 6240
461 316 564 386 τις)

1643 313 1996 371 THEODORI
2040 311 2529 370 MOPSUESTENI

3623 301 3729 355 744

459 456 703 509 violaret.
741 449 881 520 Lege
909 446 1206 517 siquidem,
1237 459 1304 499 ne
1339 441 1683 499 immundum
1723 447 2033 511 tangerent,

2163 437 2245 490 Γοῦ
2280 436 2389 508 γὰρ
2420 437 2584 505 νόμου
2627 432 2943 504 εἰρηκότος·
2999 428 3330 499 Ἀκαθάρτου
3370 426 3443 496 μὴ
3495 423 3727 492 ἆῷησυε,

462 553 707 607 vetante,
753 556 931 612 neque
954 540 1383 609 alienigenarum
1429 550 1653 590 carnem
1698 540 2041 586 contrectare

451 643 580 697 ausi
619 645 796 705 erant,
830 644 1086 707 putantes
1125 646 1184 686 se
1222 631 1329 685 hoc
1365 630 1529 684 modo
1558 626 1928 696 coinquinari.

1119 761 1274 818 CAP.
1319 758 1385 814 V.

531 876 699 936 Vsus.
738 879 825 934 ιε.
864 907 934 918 ——
967 877 1106 931 Cum
1158 876 1305 929 enim
1342 888 1482 942 opus
1530 870 1611 924 illi
1668 869 1785 934 sit,
1834 866 2047 936 majora

463 973 780 1028 hominibus
801 969 1219 1034 administrare,
1246 966 1510 1032 nullaque
1530 963 1647 1032 lege
1662 959 2044 1031 prohibeatur,

462 1082 640 1136 neque
686 1065 853 1119 etiam
916 1059 1178 1131 operandi
1235 1059 1537 1113 terminum
1584 1056 1790 1119 habet;
1835 1053 2046 1107 idcirco

416 1190 423 1211 ι
463 1160 643 1231 inquit
681 1178 693 1213 :
736 1156 802 1209 Et
834 1172 927 1227 ego
955 1170 1163 1222 operor,
1198 1153 1463 1223 quoniam
1486 1150 1632 1212 volo,
1663 1148 1873 1202 nullum
1908 1142 2047 1198 meis

404 1242 414 1262 ί
464 1249 778 1305 actionibus
833 1246 1161 1317 praeﬁnitum
1213 1252 1431 1313 tempus
1467 1241 1712 1302 habens,
1751 1252 1849 1307 pro
1892 1250 2045 1289 com-

463 1342 618 1397 muni
682 1341 964 1395 hominum
1028 1338 1225 1394 salute.
1286 1333 1343 1388 Si
1387 1334 1553 1405 igitur
1605 1344 1766 1385 nemo
1830 1328 2047 1381 Patrem

392 1456 395 1461 ί
456 1432 863 1505 reprehendat,
909 1431 1040 1500 quia
1097 1442 1376 1485 summum
1428 1426 1504 1479 illi
1558 1423 1903 1483 dominium,
1952 1420 2048 1488 jus

467 1530 661 1599 fasque
688 1527 919 1591 tribuit,
954 1540 1135 1595 neque
1168 1538 1255 1576 me
1288 1521 1580 1591 quisquam
1616 1530 1880 1572 accusare
1910 1528 2050 1582 prac-

471 1631 693 1685 sumat;
740 1637 851 1676 non
899 1620 1049 1675 enim
1089 1616 1263 1683 mihi,
1311 1630 1474 1686 quam
1533 1612 1640 1677 illi,
1696 1611 1880 1663 minus
1921 1607 2052 1661 licet

466 1717 650 1771 facere
682 1712 830 1784 quod
866 1712 1041 1765 lubet.

2143 530 2261 582 οὐδὲ
2306 528 2406 598 τῆς
2455 526 2657 597 σαρκὸς
2692 525 2799 580 τῶν
2839 522 3140 591 ἀλλογενῶν
3184 518 3424 589 ἐτόλμων
3468 514 3730 586 ἅψασθαι,

2145 622 2458 693 νομίζοντες
2491 623 2555 673 ἐκ
2588 619 2775 672 τούτου
2810 615 3153 689 μολύνεσθαι.

2760 754 3011 809 ΚΕΦΑΛ.
3048 754 3123 807 Ε’.

2207 873 2357 944 Στίχ.
2392 872 2478 943 ιβ’.
2500 902 2573 914 —
2594 873 2802 942 Ὥσπερ
2827 870 2902 941 (1)
2925 870 3037 939 γὰρ
3068 868 3228 938 ἔργον
3259 863 3450 935 ἐκείνῳ
3488 862 3557 916 τά
3598 862 3735 933 ὑπὲρ

2144 964 2254 1015 τῶν
2286 961 2589 1033 ἀνθρώπων
2613 963 2916 1031 οἰκονομεῖν
2945 959 3039 1012 καὶ
3069 957 3232 1029 νόμος
3260 954 3433 1017 οὐδεὶς
3459 957 3487 1007 6
3513 954 3735 1007 κωλύων

2147 1056 2333 1119 αὑτὸν,
2363 1055 2487 1108 οῦτε
2516 1054 2620 1126 μὴν
2647 1056 2772 1126 ὅρον
2802 1054 2915 1124 ἔχει
2949 1052 3047 1122 τῆς
3083 1049 3353 1121 πράξεως,
3384 1044 3555 1108 οὓτως
3585 1043 3733 1097 εἷπε·

2148 1149 2321 1218 Κάγὼ
2344 1147 2673 1218 ἐργάζομαι,
2715 1145 2847 1198 διότι
2879 1144 2974 1197 καὶ
3014 1142 3293 1212 βούλομαι,
3332 1138 3518 1191 οὐδένα
3547 1135 3736 1205 καιρὸν

2150 1238 2529 1309 ἀφωρισμένον
2575 1237 2711 1308 ἔχων
2761 1238 2874 1299 τοῖς
2919 1235 3046 1304 παρ’
3078 1231 3212 1303 ἐμοῦ
3247 1227 3558 1300 γενομένοις
3597 1225 3736 1294 ὑπὲρ

2148 1333 2247 1402 τῆς
2277 1332 2461 1402 κοινῆς
2487 1330 2593 1384 τῶν
2627 1328 2927 1401 ἀνθρώπων
2967 1325 3257 1397 σωτηρίας.
3310 1324 3372 1375 Εἰ
3415 1320 3471 1374 δὲ
3502 1319 3671 1380 οὐδεὶς
3710 1318 3739 1370 6

2154 1425 2502 1495 μεμφόμενος
2523 1423 2715 1493 ἐκείνῳ
2739 1424 2792 1491 (ή
2821 1419 2927 1491 γὰρ
2951 1417 3235 1472 δεσποτεία
3258 1414 3354 1487 τὴν
3378 1414 3558 1469 ἄδειαν
3582 1409 3737 1480 χαρί-

2152 1518 2346 1583 ζεται),
2375 1515 2675 1585 ὲγκαλείτω
2706 1514 2771 1583 δὴ
2809 1512 2928 1584 μηδ’
2966 1512 3089 1583 ἐμοὶ
3123 1509 3330 1582 μηδείς.
3362 1508 3594 1578 Ὁμοίως
3629 1503 3739 1574 γὰρ

2154 1607 2331 1675 ἔξεστι
2362 1606 2532 1677 κάμοὶ
2556 1606 2727 1659 ποιεῖν
2761 1602 3086 1674 βουλομένῳ.

537 1829 706 1884 Vens.
739 1827 826 1883 l9.
852 1856 923 1866 -—
949 1823 1251 1892 Postquam
1281 1817 1517 1873 dixisset
1546 1834 1560 1869 :
1601 1813 1725 1868 Non
1757 1819 1926 1881 potest
1952 1808 2052 1862 Fi-

2163 1886 2166 1890 ρ
2224 1804 2373 1875 Στίχ.
2410 1796 2770 1857 ιϐ’.--Είπὼν
2793 1802 2890 1870 (2),
2922 1801 3002 1854 ὅτι
3037 1801 3122 1854 Οὐ
3152 1800 3398 1854 δύναται
3422 1801 3453 1853 ό
3486 1797 3617 1864 Υἱὸς
3634 1796 3736 1866 ἀφ’

467 1923 571 1977 lius
619 1938 653 1974 α
698 1936 752 1974 se
796 1918 970 1987 facere
1026 1914 1345 1985 quidquam,
1388 1923 1612 1964 causam
1659 1905 1872 1960 addidit
1907 1921 1920 1958 :
1952 1904 2055 1957 nisi

465 2018 606 2086 quod
633 2013 813 2067 viderit
838 2011 1052 2064 Patrem
1078 2006 1357 2076 facientem
1384 2018 1402 2056 :
1436 2010 1755 2073 quacunque
1784 1999 1923 2052 enim
1966 1996 2058 2050 ille

468 2110 671 2173 fecerit,
705 2108 816 2161 hinc
840 2114 891 2159 et
924 2103 1103 2157 Filius
1129 2099 1379 2153 similiter
1411 2097 1579 2167 facit;
1617 2108 1729 2147 non
1765 2093 1912 2148 enim
1950 2091 2058 2143 alia

464 2208 598 2257 sunt
633 2199 700 2253 ab
730 2198 825 2252 illo
851 2194 1021 2257 facta,
1050 2200 1105 2247 ct
1128 2190 1235 2244 alia
1262 2204 1293 2241 a
1330 2202 1417 2241 me
1457 2183 1760 2242 secundum
1804 2182 2060 2238 similitu-

469 2295 653 2348 dinem
707 2304 899 2345 eorum
941 2302 1063 2355 quae
1110 2283 1254 2338 facta
1293 2288 1425 2337 sunt
1468 2278 1539 2332 ab
1566 2278 1733 2348 ipso;
1780 2274 1879 2330 sed
1906 2288 2059 2343 (μιξε-

468 2400 688 2455 cunque
714 2383 844 2436 facit
871 2381 984 2443 ille,
1020 2378 1134 2431 haec
1156 2383 1209 2428 et
1229 2388 1332 2443 ego
1360 2370 1523 2433 facio,
1546 2384 1609 2423 ex
1635 2365 1913 2423 communi
1933 2378 2061 2435 ope-

464 2477 720 2538 ratione,
762 2484 961 2540 meque
1007 2477 1063 2523 et
1107 2466 1204 2521 illo
1233 2463 1421 2518 eadem
1469 2459 1908 2531 perﬁcientibus.
1942 2455 2060 2510 Non

461 2569 608 2625 dixit
637 2564 981 2635 simpliciter,
1014 2560 1139 2614 "(ac
1159 2566 1210 2612 et
1242 2554 1420 2609 Filius
1447 2552 1602 2621 facit,
1626 2551 1702 2606 ita
1722 2557 1783 2605 ut
1813 2547 2061 2619 operatio

471 2659 723 2731 superior
751 2657 807 2709 in
846 2654 985 2724 ipsis
1020 2650 1295 2709 videatur,
1333 2644 1426 2701 sed
1462 2640 1674 2698 addidit
1702 2639 1970 2695 similiter.
2003 2643 2063 2692 ut

472 2730 582 2806 non
614 2747 795 2802 solum
813 2740 1135 2797 communia
1160 2752 1281 2792 esse
1308 2749 1502 2805 opum,
1532 2731 1625 2786 sed
1651 2732 1811 2785 etiam
1840 2730 2061 2782 modum

470 2841 846 2916 Operationis,
882 2844 1048 2903 atque
1090 2830 1435 2885 identitatem
1486 2823 1745 2895 potentiae
1785 2831 1839 2876 et
1867 2820 2063 2875 volun-

473 2914 603 2991 tatis
635 2929 971 2987 ostenderet.
1023 2922 1220 2978 Merito
1249 2933 1380 2984 ergo
1422 2914 1564 2970 dixit
1593 2929 1703 2968 non
1745 2927 1906 2981 posse
1938 2925 1968 2962 a
2006 2924 2065 2964 se

474 3026 658 3082 facere
682 3021 1019 3093 quidquam;
1045 3029 1170 3070 cum
1194 3011 1342 3067 enim
1367 3006 1681 3063 communia
1709 3004 1820 3058 sint
1841 3009 1896 3057 et
1922 3000 2067 3055 facta

474 3131 529 3176 et
575 3116 773 3171 modus
822 3108 1183 3185 operationis.
1234 3101 1512 3172 quomodo
1540 3096 1828 3154 consilium
1867 3102 1922 3147 et
1965 3108 2062 3146 v0-

474 3214 661 3268 luntas
709 3206 838 3261 facti
874 3200 1044 3257 dividi
1076 3184 1357 3269 possent?
1406 3192 1569 3246 Pater
1621 3188 1799 3258 diligit
1837 3184 2063 3249 Filium,

474 3314 523 3360 et
558 3302 737 3359 antnia
771 3297 1102 3351 demonstrat
1142 3292 1219 3354 ei,
1275 3287 1355 3343 sic
1409 3281 1879 3354 interpretandum
1933 3290 2064 3334 est:

475 3395 613 3453 Cum
650 3390 916 3446 Dominus
940 3393 1148 3445 noster,
1202 3381 1564 3446 Salvatorque
1585 3374 1749 3430 Iesus
1785 3371 2064 3433 Christus,

477 3489 552 3543 sit
571 3486 715 3540 Deus
743 3490 797 3536 et
823 3481 1009 3541 homo,
1043 3476 1096 3529 in
1122 3473 1233 3529 Deo
1255 3481 1437 3525 autem
1459 3467 1644 3522 omnia
1671 3472 1854 3520 essent
1879 3462 2066 3524 insita,

479 3580 537 3634 in
582 3575 860 3632 hominem
900 3585 1030 3626 vero
1070 3565 1255 3621 omnia
1294 3563 1556 3630 deinceps
1584 3555 1930 3617 devenerint,
1971 3569 2068 3624 per

478 3669 734 3724 idoneam
765 3660 1172 3733 copulationem
1200 3675 1215 3723 ;
1248 3656 1331 3711 sic
1361 3663 1626 3722 tanquam
1656 3650 1821 3703 homo
1858 3647 1924 3701 ab
1957 3646 2068 3699 illis

477 3760 728 3830 arguitur
762 3754 913 3827 quod
968 3751 1261 3808 sabbatum
1312 3746 1514 3809 solvit,
1544 3752 1599 3799 et
1646 3757 1715 3797 ex
1751 3738 2069 3795 teStimonio

477 3853 632 3913 verbi
685 3852 783 3906 Dei
810 3863 922 3904 non
953 3846 1095 3902 solvi
1131 3843 1514 3904 demonstrat;
1546 3836 1717 3891 licere
1746 3840 1930 3887 autem
1960 3830 2068 3901 ipsi

481 3942 671 4001 omnia
708 3952 1058 4011 quaecunque
1092 3934 1273 3988 facere
1304 3930 1553 3985 voluerit.
1608 3926 1957 3995 Quapropter
1999 3921 2067 3976 de

482 4038 650 4108 hujus
680 4042 889 4089 natura:
928 4025 1307 4099 magnitudine
1356 4023 1619 4093 loquitur.
1654 4018 1731 4072 Ex
1765 4015 2069 4087 exprobra-

478 4134 630 4191 tione
656 4128 972 4183 Judmorum
1010 4124 1362 4175 occasionem
1414 4115 1584 4187 capit,
1623 4122 1683 4167 ut
1722 4127 1876 4168 suam
1910 4123 2069 4168 natu-

482 4241 598 4283 ram
625 4224 965 4278 demonstret
985 4221 1189 4285 quanta
1218 4220 1272 4266 et
1298 4210 1477 4280 qualis
1498 4214 1665 4271 esset;
1694 4214 1808 4259 tum
1835 4220 1864 4258 a
1882 4206 2067 4260 divino

482 4316 549 4370 ad
582 4314 885 4368 humanum
929 4304 1163 4367 transit,
1206 4316 1331 4355 cum
1364 4299 1513 4354 dicta
1546 4306 1656 4350 tam
1691 4295 1918 4349 multum
1954 4296 2063 4351 dis-

481 4414 707 4476 crepent
739 4417 771 4456 a
807 4398 990 4455 factis.

2155 1886 2372 1952 ἑαυτοῦ
2402 1896 2596 1951 ποιεῖν
2618 1895 2818 1959 οὐδὲν,
2848 1896 2948 1964 τὴν
2972 1893 3151 1946 αἰτίαν
3182 1894 3481 1962 ἐπήγαγεν,
3508 1891 3617 1943 ἐὰν
3655 1889 3735 1957 μή

2157 2005 2209 2040 τι
2237 1986 2442 2054 βλέπῃ
2466 2027 2481 2050 ,
2508 1986 2662 2056 φησὶ,
2693 1986 2799 2038 τὸν
2838 1983 3070 2051 Πατέρα
3101 1981 3390 2036 ποιοῦντα
3419 1994 3433 2007 ⁸
3460 1979 3501 2033 ἁ
3524 1980 3631 2049 γὰρ
3661 1979 3736 2032 ἂν

2157 2078 2387 2142 ἐκεῖνος
2438 2062 2623 2141 ποιεῖ,
2660 2077 2847 2129 ταῦτα
2878 2075 2972 2128 καὶ
3021 2078 3053 2129 ό
3102 2074 3234 2139 Υἱὸς
3286 2074 3500 2143 ὁμοίως
3536 2073 3733 2126 ποιεῖ·

2159 2172 2218 2223 ού
2250 2170 2359 2241 γὰρ
2392 2169 2556 2240 ἔτερα
2588 2168 2687 2239 μὲν
2726 2167 2794 2221 τὰ
2833 2169 2963 2237 παρ’
2993 2166 3203 2220 ἐκείνου
3232 2165 3492 2234 γινόμενα
3513 2204 3527 2227 ,
3575 2164 3739 2233 ἕτεροι

2161 2259 2217 2312 δὲ
2245 2261 2311 2313 τὰ
2344 2260 2473 2331 παρ’
2514 2258 2650 2330 ἐμοῦ
2671 2298 2685 2321 ,
2734 2258 2857 2311 καθ’
2892 2257 3183 2327 όμοίοτητα
3215 2255 3325 2308 τῶν
3374 2258 3502 2327 παρ’
3532 2255 3739 2309 ἐκείνου

2162 2349 2466 2420 γενομένων
2492 2391 2506 2413 ,
2543 2348 2658 2403 ἀλλ’
2693 2348 2836 2419 ἅπερ
2886 2349 3088 2411 ἐκεῖνος
3135 2349 3319 2411 ποιεῖ,
3368 2346 3538 2400 ταῦτα
3584 2344 3740 2415 κάγὼ

2162 2442 2322 2507 ποιῶ,
2356 2442 2540 2512 κοινῆς
2567 2440 2733 2511 cbo-qq
2767 2440 2868 2511 τῆς
2898 2438 3159 2510 ἐργασίας
3184 2478 3201 2502 ,
3230 2437 3303 2491 τὰ
3333 2438 3473 2491 αύτά
3512 2438 3642 2508 ἐμοῦ
3680 2454 3740 2491 τε

2162 2534 2415 2591 κάκείνου
2463 2532 2834 2596 ἐπιτελοῦντος
2868 2549 2882 2565 ·
2924 2532 3018 2586 καὶ
3065 2531 3165 2585 οὐκ
3208 2527 3361 2585 εἶπεν
3411 2531 3618 2594 ἁπλῶς,
3653 2531 3737 2584 ὅτι

2166 2628 2358 2684 Ταῦτα
2387 2628 2483 2682 καὶ
2518 2630 2551 2681 ὀ
2582 2627 2715 2692 Υἱὸς
2747 2626 2922 2687 ποιεῖ,
2952 2625 3095 2680 ὥστε
3124 2625 3200 2697 μὴ
3230 2626 3405 2679 δοκεῖν
3437 2624 3742 2696 ὑπηρετού-

2166 2738 2325 2792 μενον
2377 2722 2434 2772 ὲν
2477 2721 2658 2782 αὐτοῖς
2706 2718 3029 2789 ἐργάζεσθαι
3054 2762 3069 2785 ,
3099 2719 3235 2772 ἀλλὰ
3269 2718 3609 2789 προσέθηκεν
3655 2718 3738 2784 τὸ,

2164 2814 2379 2883 ὁμοίως
2403 2852 2418 2875 ,
2452 2810 2591 2865 ὥστε
2649 2810 2815 2877 δεῖξαι
2851 2811 2926 2873 ὡς
2969 2812 3028 2863 οὐ
3089 2811 3249 2881 μόνον
3280 2812 3433 2864 κοινά
3468 2810 3540 2862 τὰ
3584 2809 3740 2881 ἔργα,

2164 2905 2302 2960 ἀλλά
2334 2907 2429 2959 καὶ
2458 2906 2557 2975 τῆς
2586 2904 2850 2975 ἐργασίας
2875 2907 2903 2957 6
2929 2906 3156 2976 τρόπος,
3187 2906 3283 2957 καὶ
3310 2906 3408 2976 τῆς
3437 2905 3739 2971 δυνάμεως,

2165 3002 2259 3056 καὶ
2286 3000 2379 3054 τοῦ
2416 2999 2753 3070 βουλήματος
2799 3000 3119 3069 ήταυτότης
3139 3016 3153 3028 ·
3185 2997 3325 3051 ὥστε
3360 2998 3541 3061 καλῶς
3572 2998 3740 3067 ἔφησε

2166 3094 2228 3148 τὸ
2258 3094 2333 3165 μὴ
2372 3093 2633 3147 δύνασθαι
2665 3094 2757 3160 ἀφ’
2795 3091 2990 3145 ἑαυτοῦ
3022 3091 3189 3162 μηδὲν
3230 3092 3436 3143 ποιεῖν·
3480 3089 3607 3143 ἔνθα
3636 3089 3743 3161 γὰρ

2168 3187 2322 3241 κοινά
2353 3202 2413 3238 τε
2442 3185 2510 3239 τὰ
2549 3185 2845 3255 γινόμενοι,
2883 3184 2978 3237 καὶ
3014 3183 3115 3254 τῆς
3156 3184 3418 3255 ἐργασίας
3450 3185 3479 3236 6
3520 3182 3741 3255 τρόπος,

2168 3279 2284 3342 πῶς
2307 3277 2374 3332 ἀν
2396 3278 2617 3332 δυνατὸν
2632 3277 2958 3331 διασπᾶσθαι
2982 3275 3078 3347 τὴν
3115 3276 3308 3347 βουλήν
3328 3278 3421 3330 καὶ
3442 3275 3542 3346 τὴν
3566 3275 3742 3346 πρόσο

2168 3372 2315 3424 θεσιν
2368 3370 2460 3424 τοῦ
2505 3371 2831 3441 γινομένου;
2886 3370 2959 3423 Τὸ
2988 3369 3066 3433 δὲ,
3106 3370 3169 3422 '0
3206 3368 3413 3438 Πατὴρ
3442 3368 3610 3438 φιλεῖ
3639 3368 3745 3422 τὸν

2180 3463 2332 3528 ιίὸν,
2365 3462 2464 3516 καὶ
2493 3462 2689 3516 πάντα
2714 3461 3029 3516 δείκνυσιν
3054 3459 3215 3525 αὐτῷ
3238 3499 3253 3521 ,
3280 3460 3453 3523 οὕτως
3480 3461 3745 3530 ἆρμηνευ-

2167 3555 2307 3608 τέον⁶
2344 3554 2672 3624 Ἐπειδήπερ
2710 3555 2738 3607 6
2768 3552 2969 3623 Κύριος
3001 3552 3157 3623 ἡμῶν
3194 3550 3289 3604 καὶ
3315 3552 3501 3622 Σωτὴρ
3539 3549 3745 3622 Ἰησοῦς

2170 3647 2402 3719 Χριστὸς
2420 3687 2435 3710 ,
2470 3647 2498 3698 ὁ
2539 3646 2668 3710 Θεὸς
2695 3646 2769 3700 ὢν
2805 3647 2898 3699 καὶ
2924 3645 3241 3716 ἄνθρωπος,
3278 3645 3370 3698 καὶ
3397 3644 3476 3714 τῷ
3504 3644 3602 3714 μὲν
3625 3640 3746 3712 Θεῷ

2170 3742 2345 3795 πάντα
2366 3740 2572 3810 προσῆν
2592 3737 2870 3809 ὲμφύτως,
2893 3738 2970 3807 τῷ
2994 3738 3051 3791 δὲ
3078 3737 3175 3791 ἀνθ
3185 3736 3351 3808 ρώπῳ
3380 3737 3555 3791 πάντα
3573 3753 3744 3807 προσ-

2167 3833 2384 3902 εγένετο
2415 3832 2658 3904 ὕστερον,
2689 3832 2780 3884 διὰ
2817 3828 2918 3898 τῆς
2961 3829 3098 3901 πρὸς
3124 3829 3383 3903 ὲκεῖνο[ν]
3430 3829 3743 3898 συναφείας,

2168 3924 2391 3989 εἰκότως
2419 3924 2493 3987 ὼς
2524 3924 2807 3993 ἄνθρωπος
2835 3923 2963 3993 παρ’
2994 3921 3173 3975 αὐτῶν
3212 3919 3632 3990 ἐγκαλούμενος,
3664 3920 3747 3973 ὅτι

2170 4017 2499 4088 παραϐαίνει
2527 4016 2589 4069 τὸ
2620 4015 2895 4071 Σάϐϐατον
2921 4054 2936 4078 ,
2985 4013 3093 4067 ἀπὸ
3120 4014 3219 4085 τῆς
3257 4012 3351 4066 τοῦ
3385 4011 3519 4066 Θεοῦ
3570 4013 3746 4080 Λόγου

2171 4109 2546 4176 ἀξιοπιστίας,
2575 4108 2636 4161 τὸ
2668 4108 2743 4178 μὴ
2774 4104 3131 4177 παραϐαίνειν
3163 4104 3541 4159 ἀποδείκνυσιν
3560 4143 3575 4167 ,
3608 4102 3747 4168 ἑξεῖ-

2171 4220 2259 4257 ναι
2289 4203 2346 4256 δὲ
2390 4201 2538 4272 αύτῷ
2582 4201 2760 4255 πάντα
2808 4201 2979 4252 ποιεῖν
3005 4197 3041 4253 ἃ
3075 4197 3141 4252 ἂν
3190 4197 3478 4269 βούληταν
3522 4198 3618 4251 καὶ
3658 4195 3748 4249 διὰ

2171 4297 2329 4350 τοῦτο
2383 4296 2482 4367 τῆς
2534 4294 2748 4363 φύσεως
2796 4294 3013 4364 ἐκείνης
3048 4291 3197 4360 λέγει
3252 4292 3313 4346 τὸ
3346 4292 3592 4363 ἀξίωμα*
3649 4290 3750 4362 τὴν

2186 4388 2453 4442 Ἰουδαίων
2484 4385 2692 4457 μέμψιν
2727 4384 2981 4456 ἀφορμὴν
3014 4383 3194 4439 λαϐὼν
3225 4386 3304 4447 εἰς
3327 4385 3389 4437 τὸ
3427 4383 3747 4454 παραδεῖξαι

482 4499 815 4572 τὴνοίκείαν
858 4494 1050 4566 φύσιν,
1096 4490 1216 4545 καθ’
1260 4490 1384 4544 ὅσον
1429 4486 1559 4556 ἐνῆν
1582 4524 1598 4550 ,
1645 4484 1733 4538 οἵα
1774 4482 1854 4547 τίς
1884 4485 2030 4536 ἐστιν
2055 4500 2067 4513 ·
2107 4483 2193 4536 διὰ
2217 4483 2372 4537 τοῦτο
2403 4481 2709 4544 ἀκολούθως
2742 4480 2834 4534 ἐπὶ
2865 4478 2927 4533 τὸ
2948 4479 3289 4551 ἀνθρώπινον
3308 4478 3555 4534 ἐντεῦθεν
3620 4475 3749 4549 μεθ-

484 4592 735 4654 ίσταται,
772 4587 1073 4655 ἐπειδήπερ
1119 4584 1215 4635 καὶ
1244 4578 1378 4632 πολὺ
1415 4576 1687 4647 ἀπᾴδοντα
1715 4572 1807 4626 τοῦ
1842 4573 2163 4643 φαινομένου
2196 4574 2266 4626 τὰ
2308 4572 2595 4641 λεγόμενα.

559 4676 725 4732 Vsus.
750 4676 838 4730 55.
873 4694 944 4715 -'—
973 4673 1069 4726 llle
1098 4667 1373 4741 siquidem
1405 4664 1568 4737 quasi
1613 4664 1855 4719 lucerna:
1886 4662 2059 4716 vicem

2240 4664 2389 4734 Στίχ.
2432 4662 2524 4716 λε’.
2556 4692 2626 4703 —--
2666 4660 2881 4731 Ἐπειδὴ
2916 4660 2995 4731 (5)
3038 4663 3243 4724 ἐκεῖνος
3298 4661 3396 4731 μὲν
3443 4661 3628 4731 ὥσπερ
3656 4662 3747 4715 λύ-

484 4772 695 4833 obibat,
725 4767 906 4837 cujus,
944 4765 1172 4820 absente
1215 4762 1351 4827 sole,
1400 4760 1455 4814 in
1490 4757 1735 4813 tenebris
1774 4772 1910 4810 usus
1954 4763 2062 4810 est.

483 4865 619 4923 Orto
654 4871 837 4917 autem
873 4858 1021 4922 sole,
1068 4856 1347 4926 superﬂua
1384 4860 1504 4916 est,
1538 4866 1638 4906 nec
1670 4851 1738 4904 ad
1762 4848 2065 4919 quidquam

488 4957 741 5030 prodest.

561 5049 727 5104 Vens.
753 5044 840 5099 45.
874 5072 944 5083 -—-
980 5039 1090 5111 Ego
1131 5039 1350 5110 quidem
1375 5077 1389 5097 .
1442 5035 1662 5107 inquit,
1697 5050 1820 5088 cum
1868 5048 1965 5088 vos
1994 5028 2061 5085 ad

488 5142 658 5197 Deum
695 5138 998 5201 adducam,
1033 5133 1171 5188 nihil
1204 5132 1259 5184 in
1303 5131 1401 5184 hac
1440 5130 1549 5183 vita
1583 5126 1857 5198 magniﬁci
1901 5126 2061 5196 polli-

490 5233 693 5296 cendo,
744 5228 1017 5285 doctrina:
1069 5238 1204 5279 mea:
1236 5220 1615 5277 difﬁcultatem
1654 5217 2060 5288 subtert’ugitis.

488 5326 585 5381 llle
623 5338 794 5386 vero.
833 5335 958 5379 cum
989 5332 1207 5373 omnem
1252 5329 1409 5371 suam
1448 5314 1503 5367 in
1539 5312 1795 5382 praesenti
1831 5310 2065 5381 gloriam

489 5423 752 5484 ostentet,
812 5414 1112 5485 plurimam
1155 5411 1213 5465 in
1264 5421 1325 5465 se
1365 5405 1715 5464 credentibus
1763 5401 2063 5459 stabilitam

561 5619 637 5689 (l)
668 5614 841 5689 (Iord.
871 5624 986 5689 _c_at.
1018 5629 1072 5683 p.
1110 5611 1229 5667 148.

562 5686 637 5759 (ε)
676 5686 944 5759 Maiibid.

564 5750 640 5829 (ὅ)
663 5757 827 5813 Cord.
854 5762 959 5809 cat.
986 5769 1041 5824 p.
1073 5750 1196 5805 164.

440 5846 482 5890 Α

2163 4773 2288 4827 χνου
2321 4754 2477 4820 τάξιν
2512 4756 2749 4825 ἐπεῖχεν,
2771 4754 2829 4817 ὃς
2857 4755 2918 4807 ού
2942 4754 3205 4824 παρόντος
3232 4754 3326 4807 τοῦ
3355 4754 3505 4825 ὴλίου
3537 4759 3649 4820 τοῖς
3688 4757 3745 4808 ὲν

2164 4847 2338 4916 σκότῳ
2393 4845 2490 4916 τὴν
2549 4846 2737 4915 χρείαν
2802 4844 3117 4916 παρέχεται.
3176 4845 3626 4915 Παραγενομένου
3688 4845 3743 4898 δὲ

2161 4939 2371 4991 ἐκείνου
2399 4937 2653 5010 περιττός
2682 4940 2819 5001 ἐστι,
2852 4938 3015 5008 μηδὲν
3052 4936 3506 5008 συμϐαλλόμενος.

2240 5030 2385 5102 Στίχ.
2415 5037 2525 5101 μγ¹.
2546 5029 2772 5098 -Ἐγὼ
2806 5029 2903 5094 μὲν
2937 5029 3035 5101 (4),
3068 5030 3249 5100 φησὶν,
3280 5028 3578 5100 ἐπειδήπερ
3605 5029 3743 5099 ὑμᾶς

2172 5122 2305 5192 πρὸς
2332 5121 2423 5174 τὸν
2449 5120 2580 5174 Θεὸν
2614 5120 2819 5188 ἀνάγω,
2844 5118 2993 5172 οὐδὲν
3032 5121 3088 5173 ὲν
3134 5118 3213 5190 τῷ
3252 5118 3350 5190 βίῳ
3389 5120 3746 5191 περίϐλεπτον

2170 5213 2298 5282 ὑμῖν
2331 5211 2817 5281 ἐπαγγελλόμενος,
2849 5208 3184 5278 ἀποφεύγετε
3232 5207 3340 5262 τῶν
3373 5209 3499 5280 παρ’
3521 5209 3642 5279 ἐμοὶ
3669 5206 3747 5277 (5)

2170 5304 2476 5375 λεγομένων
2505 5303 2603 5373 τὴν
2634 5301 2915 5355 δυσκολίαν
2941 5301 3037 5371 (6).
3079 5300 3314 5364 Ἐκεῖνος
3344 5301 3422 5366 δὲ,
3452 5299 3747 5371 ἐπειδήπερ

2171 5399 2229 5452 ὲν
2260 5397 2337 5467 τῷ
2369 5397 2466 5468 βίῳ
2499 5397 2673 5467 τούτῳ
2701 5396 2797 5465 τὴν
2821 5396 2998 5448 πᾶσαν
3046 5395 3239 5448 ἑαυτοῦ
3270 5395 3424 5461 δόξαν
3448 5393 3746 5449 ἐπιδείκνυ-

2248 5596 2325 5668 (4)
2356 5596 2663 5668 Cordtcat.
2695 5610 2754 5668 ι).
2793 5593 2912 5668 1682

2253 5663 2331 5737 (5⁷)
2366 5667 2483 5739 gat.
2515 5665 2758 5739 Crameri
2795 5680 2861 5739 Δρ.
2893 5663 3022 5731 240,
3057 5681 3119 5721 π.
3150 5664 3307 5739 ἐμοῦ.

2253 5734 2328 5807 (ϐ)
2358 5737 2540 5792 Cram.
2571 5734 2931 5789 διδασκαλίαν.
