4096 6234
311 366 425 424 Ίῶὅ

315 577 500 632 ἄνεσίν
528 582 589 629 τε
615 578 710 630 καὶ
738 575 1063 647 δορυφορίαν
1090 578 1167 648 (l)
1192 578 1685 649 ἐπαγγελλόμενος,
1712 578 1900 632 ἐπιθυ-

318 669 422 740 μίᾳ
450 668 549 738 τῆς
580 667 861 740 παρούσης
888 667 1044 739 δόξης
1080 669 1167 722 ἐπ’
1194 670 1357 724 αὑτὸν
1386 669 1791 742 συνδραμεῖσθε.

922 781 1174 836 ΚΕΦΑΛ.
1212 785 1302 851 ς’.

397 875 542 945 Στέχ.
580 882 650 943 γ’.
697 904 769 914 -
802 873 1056 945 ’Δνῆλθεν
1104 874 1182 944 (2)
1226 874 1307 939 είς
1358 875 1419 928 τὸ
1471 875 1596 944 ὅρος
1639 873 1901 929 διδάσκων

312 969 486 1037 ἡμᾶς,
516 969 599 1020 ὅτι
620 966 713 1019 τὸν
740 966 968 1037 μάλιστα
992 964 1111 1037 Θεῷ
1141 966 1431 1038 προσιόντα
1454 967 1631 1037 πάσης
1660 966 1903 1037 ἀπηλλά-

317 1060 445 1129 λθαι
470 1059 549 1111 δεῖ
572 1058 818 1128 ταραχῆς
844 1059 938 1111 καὶ
962 1058 1155 1130 καιρὸν
1181 1059 1273 1111 καὶ
1297 1058 1460 1113 τόπον
1482 1056 1706 1131 Θορύσου
1735 1055 1903 1110 καθα-

317 1150 413 1221 ρὸν
440 1150 642 1219 ζητεῖν.

390 1242 537 1312 Στίχ.
570 1248 629 1294 ε’.
665 1270 736 1281 -—-
766 1240 894 1304 Πῶς
915 1241 1016 1294 οὐκ
1045 1241 1121 1310 ('5)
1150 1239 1427 1294 ἀναϐαίνει
1454 1240 1533 1302 εἰς
1558 1238 1658 1311 τὴν
1684 1238 1898 1310 ἑορτὴν,

314 1336 455 1389 ἀλλὰ
485 1335 706 1388 πάντων
731 1334 1102 1403 ἐπειγομένων
1136 1335 1216 1396 εἰς
1244 1332 1311 1386 τά
1350 1332 1610 1403 Ἱεροσόλυ
1619 1349 1713 1402 μα,
1741 1331 1901 1395 αὐτὸς

316 1430 400 1491 εἰς
424 1428 524 1499 τὴν
552 1425 842 1480 Γαλιλαίαν
864 1425 1083 1496 ἔρχεται
1110 1442 1123 1489 ;
1160 1420 1343 1478 λοιπὸν
1371 1423 1666 1488 ὑπεξέλυσε
1698 1422 1789 1477 τὸν
1819 1425 1904 1478 νό-

316 1524 422 1587 μον
448 1558 463 1581 ,
495 1517 748 1588 ἀφορμὴν
779 1515 1070 1587 λαμϐάνων
1123 1513 1231 1567 ἀπὸ
1260 1513 1360 1583 τῆς
1402 1513 1709 1582 Ἰουδαϊκῆς
1738 1531 1902 1585 πονη-

315 1612 476 1682 ρίας·
506 1608 929 1680 ἐπισημαίνεται
960 1607 1017 1661 δὲ
1056 1609 1084 1660 ὁ
1109 1604 1498 1677 εύαγγελιστὴς
1522 1604 1642 1658 καθ’
1664 1605 1722 1659 ὃν
1753 1605 1904 1677 ἔμελ·

317 1703 412 1756 ὶεεν
438 1702 499 1755 τὸ
527 1702 746 1773 σημεῖον
787 1702 958 1754 ποιεῖν
983 1741 997 1764 ,
1030 1699 1105 1763 ὡς
1134 1697 1201 1752 ἂν
1246 1698 1534 1767 φαίνεσθαι
1585 1698 1756 1753 ταῦτα
1795 1699 1903 1770 πρὸ

318 1793 506 1862 ὀλίγου
525 1795 621 1865 τῆς
647 1792 839 1864 ἑορτῆς
877 1788 1204 1864 γεγενῆσθαί
1243 1807 1304 1844 τε
1353 1790 1447 1844 καὶ
1482 1790 1734 1862 ήρεῖσθαι
1771 1790 1806 1846 ἃ.
1833 1791 1903 1844 δι-

319 1885 577 1956 ηγεῖσθαι
626 1884 827 1954 μέλλει.
869 1884 979 1938 Καὶ
1011 1881 1371 1951 ἀναϐλέψας
1420 1882 1544 1948 τοῖς
1576 1882 1905 1952 ὀφθαλμοῖς

316 1978 434 2047 δρᾷ
477 1978 661 2048 ὄχλον
714 1976 946 2032 πολύνο
972 1975 1246 2031 δείκνυσιν
1296 1976 1379 2029 ὅτι
1412 1975 1669 2029 οὐδέποτε
1720 1976 1906 2040 ἁπλῶς

316 2070 555 2142 ἐκάθητο
584 2069 723 2139 μετὰ
753 2069 862 2123 τῶν
898 2066 1175 2140 μαθητῶν,
1212 2064 1327 2121 ἀλλ’
1359 2069 1491 2131 ἴσως
1514 2067 1903 2139 ἀκριϐολογού-

320 2165 484 2235 μενός
513 2183 569 2218 τι
600 2165 739 2236 πρὸς
762 2165 957 2226 αὐτοὺς
980 2205 995 2229 ,
1026 2163 1121 2217 καὶ
1151 2162 1497 2234 ἐπιστρέφων
1532 2163 1666 2234 πρὸς
1693 2161 1905 2224 ἐαυτὸν,

310 2256 345 2311 ὃ
377 2258 611 2329 μάλιστα
655 2257 821 2312 αὑτοῦ
857 2257 957 2327 τὴν
1003 2255 1334 2326 κηδεμονίαν
1404 2257 1775 2323 ἐνδείκνυται,
1819 2258 1909 2310 καὶ

312 2353 379 2405 τὺ
405 2352 660 2404 ταπεινὸν
681 2351 774 2404 καὶ
797 2350 858 2404 τὺ
889 2348 1363 2419 συγκαταδατικὸν
1391 2348 1452 2402 τὸ
1482 2350 1619 2421 πρὸς
1643 2350 1904 2415 ἐκείνουςο

317 2444 694 2515 συνεκάθηντο
726 2444 835 2515 γάρ
864 2444 1002 2515 πρὸς
1033 2443 1297 2516 ἀλλήλους
1323 2443 1558 2516 ὁρῶντες
1579 2460 1593 2475 ο
1626 2440 1743 2499 εἶτα
1775 2447 1906 2500 ἁνα-

312 2537 520 2607 6λέψας
552 2538 656 2608 ὁρᾷ
679 2536 770 2589 τὸν
797 2536 977 2607 ὅχλον,
1013 2537 1110 2591 καὶ
1138 2536 1208 2590 τὰ
1242 2537 1389 2607 ἑξῆς.

395 2628 545 2699 Στίχ.
580 2632 656 2692 ς’.
695 2658 765 2668 -
789 2626 853 2679 El
892 2626 949 2680 δὲ
985 2626 1087 2697 (3')
1126 2626 1261 2696 πρὸς
1288 2624 1385 2678 ἕνα
1422 2625 1601 2694 λέγειν
1637 2629 1666 2680 ὁ
1710 2618 1911 2701 Κύριος

316 2719 637 2781 ἐδόκει,άλλ’
654 2714 748 2773 οὖν
769 2735 834 2788 γε
862 2719 1037 2772 κοινὸν
1053 2719 1192 2790 ὑπὲρ
1213 2719 1311 2788 τῆς
1325 2719 1579 2772 ἁπάντων
1606 2720 1793 2790 χρείας
1822 2720 1912 2774 τὸν

322 2814 481 2881 λόγον
497 2814 753 2866 ἐποιεῖτο.
774 2810 965 2881 Ὅμως
988 2812 1017 2863 ὁ
1040 2808 1431 2880 εὐαγγελιστὴς
1476 2810 1791 2881 ἑρμηνεύων
1818 2813 1913 2865 καὶ

312 2907 419 2975 τῆς
455 2905 774 2977 ἐρωτήσεως
815 2902 907 2957 τὸν
935 2903 1136 2974 τρόπον
1169 2902 1364 2971 ἐπάγει
1386 2918 1399 2933 '
1433 2904 1614 2957 Τοῦτο
1646 2903 1716 2956 δὲ
1743 2905 1913 2969 ἔλεγε

312 2996 608 3066 πειράζων
638 2992 827 3051 αὑτὸν
846 3036 861 3058 ,
902 2996 1024 3050 ἀντὶ
1070 2995 1186 3062 τοῦ,
1215 2995 1545 3065 δοκιμάζων,
1576 2997 1744 3050 εἰπὼν
1765 3037 1780 3061 ,
1827 2999 1914 3053 ἵνα

319 3091 479 3160 εἴπῃ,
515 3088 743 3157 δόκιμον
786 3087 975 3140 ποιῶν.
1008 3086 1083 3140 Τὸ
1128 3088 1239 3159 γὰρ
1273 3086 1597 3158 διαπορῆσαι
1649 3088 1914 3160 πρότερον

1475 367 1543 422 IN
1580 360 2026 425 EVANGELIUM
2067 362 2366 428 IOANNIS.

313 502 405 540 ται
427 484 633 554 πολλὴν
655 484 754 556 τὴν
790 483 1022 537 ἐνταῦθα
1063 487 1177 549 τοῖς
1224 488 1309 540 ἐπ’
1353 487 1514 541 αὐτὸν
1556 485 1897 541 πιστεύουσιν

2013 488 2262 543 satellitio
2347 490 2700 543 securitatem
2784 487 3197 558 promittendo,

3466 362 3568 419 716

3284 490 3573 559 praesentis

2001 582 2189 650 glorim
2237 581 2541 653 cupiditate
2589 582 2769 639 allecu
2797 622 2813 648 ,
2858 585 2924 639 ad
2972 585 3154 655 ipsum
3203 596 3399 637 omnes
3440 596 3573 635 eono'

2003 675 2244 744 fugietis.
2516 674 2525 683 ’

2633 786 2784 844 CAP.
2808 785 2898 843 Vl.

2071 876 2238 933 Vens.
2265 877 2318 933 3.
2351 908 2422 917 —
2448 878 2714 933 Ascendit
2741 880 2793 933 in
2820 888 3082 944 montem,
3111 887 3171 933 ut
3202 892 3303 934 nos
3326 876 3573 945 doceret,

2001 983 2126 1022 eum
2161 968 2255 1038 qn'i
2296 968 2406 1023 Deo
2436 969 2671 1024 maxime
2704 969 3150 1041 appropinquare
3185 969 3337 1031 velit,
3375 969 3577 1023 tumul-

2004 1069 2117 1114 tum
2152 1072 2371 1116 omnem
2422 1061 2664 1127 evitare,
2710 1076 2774 1115 ac
2822 1061 3004 1115 locum
3059 1066 3381 1132 tempusque
3410 1058 3480 1114 ab
3510 1072 3579 1113 eo

2004 1152 2238 1207 liberum
2268 1169 2514 1222 quaerere
2541 1154 2765 1210 debere.

2076 1244 2240 1302 Vens.
2270 1247 2321 1300 5.
2350 1278 2419 1286 -
2459 1247 2639 1313 Quare
2658 1262 2765 1301 non
2804 1246 3053 1301 ascendit
3085 1244 3153 1298 ad
3186 1232 3405 1308 festum,
3459 1238 3577 1305 sed,

2004 1354 2127 1393 cum
2154 1355 2343 1395 omnes
2364 1338 2667 1397 Jerusalem
2692 1346 3053 1402 concurrunt,
3084 1335 3201 1407 ipse
3227 1336 3282 1390 in
3305 1334 3578 1390 Galilzeam

2004 1424 2192 1479 vadit?
2256 1425 2375 1481 Uno
2430 1428 2597 1483 verbo
2649 1429 2819 1498 legem
2872 1427 3142 1491 dissolvit,
3196 1441 3260 1482 ex
3317 1425 3583 1496 pravitate

2002 1515 2229 1572 Judaica
2281 1519 2628 1575 occasionem
2662 1520 2910 1591 capiens.
2943 1518 3184 1590 Tempus
3214 1525 3397 1575 autem
3435 1516 3582 1572 desi-

2002 1619 2133 1680 gnat
2172 1612 2507 1681 evangelista
2545 1626 2655 1683 quo
2704 1611 3032 1667 miraculum
3073 1612 3388 1683 patraturus
3444 1610 3581 1675 erat,

2004 1705 2063 1753 ut
2094 1709 2280 1754 notum
2312 1710 2461 1757 esset
2495 1704 2657 1774 paulo
2684 1716 2808 1759 ante
2839 1702 3041 1759 l'eStum
3072 1706 3347 1775 patratum
3388 1705 3579 1770 luisse,

2009 1790 2278 1863 iidemque
2324 1793 2532 1851 faceret
2584 1794 2852 1851 dicendis.
2916 1794 3047 1853 Cum
3095 1794 3418 1851 sublevasset
3462 1812 3583 1868 ergo

2008 1884 2185 1939 oculos
2216 1885 2458 1949 Jesus,et
2492 1886 2705 1942 vidisset
2739 1890 2862 1959 quia
2907 1887 3193 1944 multitudo
3243 1887 3480 1944 Maxima
3508 1888 3588 1943 ve-

2009 1976 2119 2029 nit:
2147 1984 2213 2031 ex
2244 1977 2329 2033 liis
2369 1994 2648 2050 nunquam
2716 1984 2895 2037 otiose
2950 1998 3076 2036 cum
3136 1980 3426 2053 discipulis
3470 1982 3588 2036 suis

2009 2067 2221 2125 sedisse
2272 2071 2533 2138 ostendit,
2566 2073 2663 2129 sed
2703 2089 2919 2145 semper
2985 2072 3052 2130 de
3098 2075 3283 2146 aliquo
3332 2072 3588 2131 accurate

2010 2161 2152 2230 apud
2188 2162 2312 2218 illos
2341 2163 2729 2229 disserentem,
2771 2167 3237 2237 semelipsumque
3268 2168 3590 2239 recolligen-

2011 2263 2141 2317 tem,
2172 2254 2539 2312 humilitatem
2582 2267 2744 2329 atque
2771 2259 2839 2313 ad
2889 2262 3011 2315 illos
3057 2260 3381 2315 descensum
3417 2261 3587 2314 mira-

2011 2350 2193 2405 biliter
2226 2350 2507 2421 probasse.
2551 2350 2828 2407 Sedebant
2877 2369 3008 2425 ergo
3036 2352 3200 2408 simul
3230 2352 3586 2423 aspicientes;

2011 2439 2208 2499 deinde
2241 2452 2365 2498 cum
2401 2442 2744 2500 sublevasset
2802 2444 2995 2499 oculos
3048 2443 3195 2499 videt
3229 2442 3471 2507 turbam,
3534 2449 3589 2497 et

2012 2535 2244 2606 reliqua.

2085 2628 2247 2683 Vens.
2280 2628 2332 2683 6.
2366 2627 2569 2684 —Etsi
2599 2629 2690 2683 uni
2727 2637 2933 2684 tantum
2968 2628 3113 2699 loqui
3149 2625 3413 2682 Dominus
3443 2624 3588 2680 'vide-

2014 2732 2184 2784 retur,
2231 2737 2603 2785 communem;
2638 2732 2820 2776 tamen
2880 2721 2947 2776 de
2994 2720 3238 2776 omnium
3288 2716 3591 2790 indigentia

2015 2828 2323 2869 sermonem
2361 2813 2625 2868 instituit.
2666 2810 3123 2884 lnterrogationis
3152 2818 3332 2865 autem
3367 2804 3593 2864 modum

2016 2907 2180 2962 simul
2212 2905 2495 2976 explicans
2522 2905 2882 2976 evangelista,
2916 2901 3234 2973 subiungit:
3271 2888 3386 2955 Hoc
3417 2896 3595 2954 autem

2015 2998 2220 3052 dicebat
2252 3004 2458 3052 tentans
2508 3012 2626 3051 eum
2652 3036 2668 3062 ,
2704 2996 2755 3051 lil
2785 3004 2870 3051 est
2924 2996 3196 3065 probans,
3230 3006 3295 3047 ac
3328 2994 3375 3049 si
3424 2988 3594 3055 dicat,

2019 3090 2305 3160 probatura
2372 3087 2635 3145 reddens.
2719 3086 2855 3141 Nam
2929 3102 3053 3141 cum
3129 3086 3364 3156 primum
3429 3084 3597 3138 animi

317 3184 527 3235 ἐκεῖνον
556 3182 647 3235 διὰ
680 3179 779 3251 τὴν
815 3180 1043 3247 ἔνδειαν,
1072 3176 1192 3235 εἶτα
1220 3182 1285 3234 ἐκ
1312 3181 1618 3252 παραδόξου
1650 3180 1909 3256 θεωρῆσαί

2028 3181 2325 3250 penderet,
2382 3196 2446 3235 ac
2474 3179 2675 3235 deinde
2716 3177 2864 3249 quod
2904 3178 3185 3248 inopinato
3226 3174 3388 3231 ﬂebat
3429 3175 3601 3229 mira-

315 3275 384 3328 τὸ
416 3275 699 3344 γινόμενον
730 3271 935 3343 θαῦμα,
962 3272 1241 3325 ἐδίδασκεν
1279 3272 1442 3324 αὐτὸν
1489 3272 1575 3325 ἀεὶ
1600 3272 1677 3343 τῷ
1705 3273 1825 3346 Θεῷ
1856 3277 1919 3331 τὸ

318 3369 433 3421 πᾶν
461 3365 794 3437 ἐπιτρέπειν,
818 3364 913 3419 καὶ
958 3363 1228 3435 μηδέποτε
1266 3364 1372 3417 ὑπὸ
1416 3364 1624 3429 ἐνδείας
1657 3382 1919 3439 στενοχωέ-

321 3460 542 3532 ρείςοαι
570 3460 662 3513 τὸν
695 3458 977 3529 λογισμόν.
1733 3533 1735 3535 ι

393 3553 542 3623 Στίχ.
572 3550 636 3606 θ’.
667 3581 738 3593 -
764 3551 951 3605 Ταῦτα
984 3550 1171 3621 μέντοι
1202 3549 1278 3623 (ιι)
1305 3550 1434 3623 ἔφη,
1463 3551 1540 3615 ὡς
1576 3551 1650 3624 μὴ
1693 3554 1781 3608 διὰ
1818 3557 1917 3627 τὴν

316 3645 529 3700 οἰκείαν
554 3644 743 3716 χρείαν
773 3642 1220 3714 ἀποκρύπτεσθαί
1251 3657 1300 3697 τι
1322 3644 1430 3698 τῶν
1457 3643 1684 3698 ἐνόντων
1711 3645 1913 3717 δοκοίη.

319 3737 447 3789 Ὀτι
485 3735 585 3803 μὲν
613 3734 723 3805 γὰρ
751 3732 910 3786 τοῦτο
938 3732 1015 3804 (5)
1049 3734 1215 3805 μηδὲν
1245 3729 1313 3803 ἦν
1344 3732 1481 3806 πρὸς
1517 3734 1739 3789 τοσοῦτο
1779 3736 1917 3806 πλῆ-

315 3827 434 3889 θος,
474 3826 637 3889 αὑτός
672 3843 732 3878 τε
772 3825 875 3895 ἔφη
917 3825 1011 3878 καλ⁵
1040 3826 1099 3878 τὸ
1128 3827 1363 3897 πρᾶγμα
1407 3826 1506 3898 οὐχ
1550 3826 1747 3899 ἑτέρως
1779 3828 1914 3899 ἔχει.

390 3917 537 3987 Στίχ.
569 3922 653 3986 ιβ.
686 3946 755 3955 -
779 3916 1151 3985 Συναγάγετε
1185 3917 1260 3987 (6)
1305 3918 1377 3972 τὰ
1425 3920 1915 3989 περισσεύσαντα

317 4011 661 4080 κλάσματα.
719 4009 891 4065 Τοῦτο
930 4010 1028 4080 μὲν
1057 4010 1235 4079 λέγειν
1271 4010 1427 4076 δόξας
1462 4012 1543 4076 είς
1579 4012 1641 4065 τὸ
1677 4013 1915 4084 εὐπροσ-

312 4101 486 4165 «ὅπως
537 4101 722 4163 αὐτοῖς
767 4100 1019 4153 κελεῦσαι
1064 4101 1160 4170 τὴν
1212 4100 1322 4154 τῶν
1370 4100 1700 4173 κλασμάτων
1754 4103 1911 4174 ποιή-

323 4194 522 4247 σασθαι
559 4192 845 4261 συλλογὴν,
877 4192 1053 4245 ἐκεῖνο
1094 4192 1155 4245 δὲ
1199 4193 1649 4264 οἱκονομούμενος
1682 4194 1819 4266 ὅπερ
1852 4194 1913 4262 ἐξ

314 4283 487 4338 αὐτοῦ
538 4283 936 4355 παρηκολούθει
983 4283 1077 4336 τοῦ
1122 4284 1468 4355 πράγματος,
1510 4283 1571 4337 τὸ
1605 4284 1697 4337 ἐπὶ
1749 4285 1911 4339 πλέον

318 4376 690 4439 ἀπολαύοντας
714 4376 917 4447 μᾶλλον
937 4375 1032 4429 τοῦ
1053 4377 1332 4445 γεγονότος
1364 4376 1669 4447 μεμνῆσθαι
1699 4376 1910 4447 θαύμα-

314 4487 430 4532 τος,
463 4469 497 4540 ἢ
540 4471 633 4521 καὶ
670 4468 809 4521 ὥστε
855 4468 1073 4539 δοθῆναι
1115 4468 1207 4521 καὶ
1249 4469 1455 4540 ἑτέροις
1484 4468 1562 4538 (7)
1592 4468 1651 4522 τὸ
1679 4486 1906 4540 γεγενη-

2024 3275 2209 3328 culum
2256 3272 2498 3337 videret,
2549 3273 2781 3329 edoctus
2832 3271 2940 3326 fuit
2996 3270 3170 3325 totum
3222 3269 3333 3325 Deo
3383 3285 3600 3341 semper

2019 3366 2515 3430 committendum,
2568 3380 2672 3420 nec
2722 3379 2967 3434 unquam
3026 3373 3250 3434 propter
3306 3363 3597 3434 penuriam

2020 3462 2207 3514 animo
2236 3456 2603 3514 deﬁciendum
2633 3472 2777 3513 esse.

2092 3540 2258 3604 Vens.
2283 3548 2338 3604 9.
2365 3578 2436 3588 —
2459 3546 2586 3603 Haec
2618 3547 2808 3619 utique
2827 3546 2990 3609 dixit.
3016 3562 3084 3604 ne
3111 3563 3257 3613 eam,
3281 3548 3335 3602 in
3359 3563 3467 3619 qua
3507 3562 3598 3603 re—

2021 3644 2137 3713 ipsa
2166 3642 2560 3704 versabantur,
2594 3641 2883 3713 penuriam
2913 3642 3099 3697 celare
3129 3634 3430 3696 videretur.
3461 3638 3599 3695 Nam

2023 3736 2125 3791 ista
2157 3745 2325 3791 tantae
2357 3734 2696 3789 multitudini
2752 3733 2914 3805 quasi
2965 3732 3105 3787 nihil
3167 3746 3335 3799 esse,
3386 3740 3441 3788 et
3472 3746 3600 3787 vere

2021 3828 2185 3891 dixit,
2214 3844 2318 3884 nec
2350 3829 2510 3883 aliter
2536 3843 2627 3883 res
2653 3843 2713 3883 se
2740 3826 3001 3882 habebat.

2094 3919 2261 3975 Vens.
2308 3918 2395 3975 12.
2450 3948 2523 3958 -
2571 3916 2821 3987 Colligite
2856 3932 2973 3987 quae
3012 3924 3391 3984 superaverunt
3452 3913 3603 3987 frag-

2022 4018 2219 4067 menta.
2271 4010 2386 4065 Hoc
2420 4009 2640 4079 quidem
2677 4009 2863 4063 dieere
2905 4008 3056 4063 visus
3102 4018 3218 4073 est,
3251 4014 3310 4061 ut
3344 4006 3604 4062 benevole

2026 4107 2151 4161 illos
2189 4102 2491 4173 fragmenta
2535 4100 2795 4172 colligere
2824 4099 3081 4169 juberet;
3122 4114 3236 4153 rem
3268 4113 3400 4153 vero
3428 4102 3602 4151 totam

2025 4200 2100 4255 ita
2130 4195 2496 4268 dispensavit,
2539 4200 2597 4248 ut
2625 4207 2737 4263 quo
2782 4195 2965 4261 plures
2993 4190 3276 4261 copiosius
3310 4187 3603 4243 reﬁceren-

2026 4300 2135 4353 tur,
2166 4303 2232 4344 eo
2263 4285 2437 4358 magis
2468 4285 2606 4339 tanti
2653 4284 2903 4339 miraculi
2952 4296 3224 4338 memores
3267 4280 3450 4335 forent
3473 4320 3488 4344 ,
3520 4294 3586 4333 ve

2012 4392 2073 4435 ut
2118 4381 2284 4436 etiam
2337 4378 2430 4433 alii
2484 4378 2605 4447 ejus
2663 4375 2794 4430 lacti
2844 4374 3141 4445 participes
3200 4372 3601 4455 redderenturw

2011 4472 2216 4527 Gratiae
2240 4469 2510 4541 siquidem
2538 4471 2764 4525 ubertas
2787 4468 2843 4523 in
2875 4467 2967 4522 illa
2999 4467 3247 4522 ciborum
3277 4464 3588 4522 redundan-

322 4563 504 4631 μένον.
543 4559 823 4630 Ἐφαὶνετο
854 4559 963 4629 γὰρ
994 4560 1086 4613 καὶ
1123 4560 1184 4613 τὸ
1218 4559 1437 4630 δαψιλὲς
1467 4563 1565 4630 τῆς
1593 4561 1812 4632 χάριτος
1852 4563 1909 4615 ἐν

2014 4564 2088 4616 tia
2110 4603 2123 4622 ,
2160 4560 2495 4615 multitudini
2540 4560 2869 4632 apparebat,
2905 4556 3300 4627 Christumque
3328 4556 3595 4627 quidlibet

318 4654 398 4724 τῷ
444 4652 637 4722 πλήθει
672 4655 772 4722 τῆς
821 4650 1139 4724 περισσείας
1187 4652 1280 4704 καὶ
1326 4652 1407 4705 ὅτι
1452 4652 1631 4706 πάντα
1668 4652 1805 4707 κατὰ
1850 4654 1912 4706 τὸ

316 4746 513 4801 δοκοῦν
542 4745 688 4815 αὐτῷ
712 4746 1121 4816 διαπράττεται.
1164 4743 1515 4815 Συνεχώρησε
1542 4744 1598 4797 δέ
1627 4744 1915 4815 περισσεῗι-

324 4855 414 4891 σαι
444 4837 680 4891 τοσαῦτα
710 4837 1001 4908 κλάσματα
1042 4838 1103 4890 ού
1146 4838 1214 4891 δι’
1243 4838 1521 4904 ἐπίδειξιν,
1566 4838 1768 4907 ἄπαγε,
1799 4837 1915 4891 ἀλλ’

319 4929 464 4982 ὥστε
501 4930 577 4999 μὴ
602 4930 901 4997 φαντασίαν
928 4928 1248 5000 νομισθῆναι
1281 4931 1342 4982 τὸ
1365 4932 1614 5000 πρᾶγμα.

395 5020 546 5089 Στίχ.
581 5021 681 5073 κδ’.
710 5052 779 5062 -
799 5021 969 5074 Τοῦτό
997 5020 1076 5090 (8)
1103 5036 1266 5090 φησιν
1306 5022 1333 5073 ὁ
1376 5019 1577 5090 Κύριος
1607 5020 1802 5083 συνεὶς,
1834 5020 1916 5072 ὅτι

324 5112 580 5166 πλεῖστον
633 5115 811 5167 αἰτῶν
856 5115 1172 5186 ὑπερϐαίνει
1216 5112 1314 5185 τὴν
1345 5112 1515 5183 ἀκοὴν
1565 5115 1593 5167 ὁ
1642 5114 1770 5184 περὶ
1814 5112 1910 5166 τοῦ

329 5207 631 5277 μυστηρίου
669 5207 858 5275 λόγος’
903 5207 1061 5260 τοῦτο
1118 5206 1228 5278 γὰρ
1266 5202 1333 5277 ἦν
1367 5204 1441 5274 {9)
1487 5206 1522 5275 ἡ
1575 5206 1913 5275 πνευματικὴ

326 5300 521 5371 τροφή.
572 5300 685 5352 Οὐκ
721 5300 883 5363 εὐθὺς
926 5296 1020 5353 οὖν
1066 5298 1342 5370 ἐπιτρέχει
1378 5299 1444 5368 τῇ
1495 5296 1764 5367 διηγήσει,
1799 5295 1913 5349 ἀλλ’

324 5390 431 5461 ὁδῷ
460 5392 723 5462 κέχρηται
751 5394 818 5462 τῇ
844 5391 1131 5463 πρεπούσῃ
1173 5388 1311 5457 πρὸς
1360 5388 1451 5442 τὸν
1498 5387 1673 5456 λόγον.
1710 5387 1774 5440 Ἠ
1807 5386 1915 5457 γὰρ

432 5572 479 5639 l)
515 5572 722 5635 Cram.,
736 5572 1092 5642 δωροφορίαν.

423 5642 480 5711 2)
509 5642 675 5711 Cord.
708 5650 815 5697 cat.
848 5660 899 5711 p.
940 5644 1062 5697 171.

406 5710 610 5779 (5)31ai
638 5714 772 5768 ibid.
815 5710 867 5782 ι).
896 5713 1023 5767 599.

405 5784 507 5851 (3')
536 5783 697 5839 Cord.
729 5792 834 5836 cat.
867 5800 918 5853 ρ.
959 5784 1082 5839 172.

404 5855 484 5924 ιι)
512 5854 677 5909 Cord.
706 5862 816 5908 cat.
858 5870 909 5922 p.
945 5854 1068 5907 174.

663 5949 935 6010 Panos.
975 5949 1094 6009 Gn.
1145 5948 1365 6010 LXVI.

2020 4670 2119 4726 pro
2158 4655 2360 4725 placito
2397 4656 2612 4724 gerere.
2647 4650 2751 4706 Tot
2789 4649 3100 4721 fragmenta
3150 4665 3442 4721 superesse
3473 4666 3597 4719 per-

2021 4748 2171 4800 misit
2199 4786 2216 4809 ,
2263 4761 2371 4798 non
2413 4748 2635 4814 propter
2677 4740 3107 4796 ostentationem
3134 4781 3151 4806 ,
3180 4739 3367 4803 absit,
3400 4738 3496 4795 sed
3528 4755 3599 4794 ne

2019 4837 2142 4905 quis
2168 4843 2385 4906 putaret
2410 4850 2549 4905 opus
2580 4834 2635 4888 in
2668 4833 2850 4906 specie
2885 4838 3102 4887 tantum
3139 4826 3343 4888 factum
3382 4846 3527 4887 esse.

2096 5000 2259 5068 Vens.
2308 5012 2401 5065 29.
2438 5041 2509 5051 —
2553 5000 2669 5063 lloc
2718 5011 2794 5063 ait
2846 5008 3113 5067 Dominus
3151 5008 3296 5081 quod
3353 5007 3597 5080 mysterii

2022 5118 2221 5162 nomen
2248 5113 2469 5176 captum
2493 5118 2683 5159 eorum
2704 5105 2974 5160 excedere
3004 5110 3112 5160 non
3139 5100 3419 5173 ignoraret
3442 5117 3458 5154 :
3479 5107 3600 5154 erat

2021 5202 2165 5255 enim
2187 5198 2344 5252 cibus
2366 5197 2651 5267 spiritalis.
2681 5195 2864 5263 Quare
2890 5213 2998 5251 non
3031 5196 3177 5249 illico
3206 5193 3394 5249 intulit
3421 5192 3597 5264 expli-

2022 5292 2319 5352 cationem,
2356 5288 2453 5345 sed
2474 5290 2822 5344 commodum
2854 5290 3028 5343 tenuit
3053 5287 3325 5341 orationis
3349 5300 3595 5342 cursum.

2020 5383 2156 5439 Nam
2193 5384 2357 5446 Iides,
2393 5380 2614 5451 inquit,
2648 5382 2705 5436 in
2755 5396 2840 5436 me
2862 5421 2877 5447 ,
2908 5381 3048 5435 viam
3083 5377 3245 5434 Vobis
3277 5385 3485 5435 sternet
3529 5378 3599 5433 ad

2088 5564 2166 5639 (ξ)
2191 5564 2336 5639 93."!
2364 5562 2473 5634 γὰρ
2503 5564 2586 5617 τό.

2087 5631 2167 5704 (6)
2194 5631 2359 5688 cora.
2396 5631 2504 5687 cn.
2542 5650 2596 5702 ρ.
2636 5631 2760 5688 tvo.

2090 5706 2168 5773 (7)
2198 5706 2403 5758 Catena
2441 5704 2652 5767 Crann,
2686 5719 2738 5775 p.
2773 5704 2902 5767 215.
2942 5704 3024 5766 είς
3055 5703 3291 5774 ἐτέρους.

2094 5777 2171 5844 (8)
2196 5776 2362 5829 (Iord.
2390 5784 2500 5830 eat.
2530 5776 2655 5829 181.

2093 5842 2170 5919 (9)
2200 5846 2263 5903 Ο.
2289 5847 2409 5914 Cr.,
2436 5862 2489 5918 p.
2517 5845 2644 5913 248,
2676 5848 2878 5905 omittit
2905 5842 2970 5917 ἦν
3003 5853 3056 5903 et
3084 5862 3208 5903 mox
3232 5848 3322 5916 τῇ.

3265 5933 3349 5999 2ῖι
