4096 6234
365 332 429 393 ’1ιὲ
440 336 474 391 9

1564 333 1626 388 IN
1655 333 2042 392 EVANGELIL‘
2054 333 2101 387 Μ
2133 332 2437 391 JOANNIS.

3523 341 3627 399 750

363 452 527 508 δαλον
556 452 823 507 ἐπιτεῖναι
842 450 1011 505 θέλων
1039 449 1198 506 τοῦτο
1222 451 1430 521 ἔλεγεν,
1454 451 1590 506 ἀλλὰ
1621 451 1778 506 λῦσαι
1810 452 1948 523 μᾶλ-

2057 468 2118 507 cx
2143 450 2346 523 .loseph
2374 467 2496 508 esse
2527 452 2903 517 existimabat.
2932 468 3039 508 non
3074 453 3221 509 dicta
3268 455 3440 525 ipsius
3467 471 3621 513 rece-

364 545 459 600 λον
482 562 496 576 ·
530 546 559 598 ὁ
604 544 703 615 μὲν
740 542 847 615 γὰρ
893 543 1001 597 ἀπὸ
1043 544 1136 598 τοῦ
1183 544 1379 617 Ἰωσὴφ
1410 544 1572 599 αὑτὸν
1617 542 1757 600 εἶναι
1794 544 1945 616 νομί-

366 637 478 703 ζων
497 680 513 703 ,
543 637 642 690 οὐκ
671 636 738 689 ἂν
774 636 1107 706 παρεδέξατο
1136 635 1205 691 τὰ
1234 635 1500 709 λεγόμενα
1518 655 1531 667 ο
1562 639 1591 691 ὁ
1622 637 1679 690 δὲ
1703 637 1945 701 πεισθεὶς

366 729 453 782 ὅτι
482 730 543 781 ὲκ
575 726 669 780 τοῦ
696 725 928 797 ούρανοῦ
968 725 1375 797 καταδέόηκεν,
1405 728 1498 780 και)⁵
1527 727 1645 781 ἐκεῖ
1674 727 1946 797 ἀναϐήσε-

368 838 483 883 ται,
509 819 873 890 εὐκολώτερον
909 820 976 874 ἂν
1017 820 1282 891 προσέχεε
1312 824 1425 884 τοῖς
1450 821 1781 892 λεγομένοις.

971 976 1219 1030 ΚΕΦΑΛ.
1271 979 1340 1030 Ζὀ

443 1114 589 1183 Στίχ.
626 1109 710 1164 ιϐ’.
759 1141 828 1151 -
865 1110 1192 1181 Ἐπειδήπερ
1255 1112 1314 1162 ἐν
1381 1113 1445 1181 τῇ
1499 1110 1742 1182 προτέρᾳ
1787 1112 1946 1181 ἑορτῇ

367 1198 511 1276 ἦσαν
536 1200 933 1271 ὲγκεκληκότες
968 1201 1117 1271 αύτῷ
1147 1202 1239 1255 ἐπὶ
1262 1200 1357 1254 τοῦ
1388 1201 1698 1273 παραλύτου
1724 1201 1821 1273 τὴν
1854 1201 1947 1255 τοῦ

370 1292 556 1363 Νόμου
589 1290 933 1361 παράϐασιν,
966 1290 1066 1361 τὴν
1097 1290 1358 1343 δοκοῦσαν
1380 1290 1676 1358 ἀπολογίαν
1703 1290 1800 1361 τῆς
1825 1291 1950 1344 ἀπυ-

373 1384 528 1447 στίας
559 1382 740 1437 αὐτῶν
766 1380 990 1444 ἀνελὼν,
1012 1382 1103 1435 τὸν
1136 1384 1265 1453 περὶ
1294 1382 1503 1436 ἐκείνου
1531 1381 1689 1452 λόγον
1716 1384 1949 1453 ἀναλαμ-

373 1477 526 1531 ϐάνει
571 1475 765 1537 πάλιν,
814 1474 906 1529 καί
949 1492 1082 1545 φησι
1107 1490 1120 1503 ⁸
1149 1477 1232 1529 Οὺ
1261 1474 1486 1544 Μωσῆς
1518 1474 1777 1529 δέδωκεν
1809 1475 1952 1545 ὑμῖν

375 1568 484 1622 τὸν
506 1569 741 1637 Νόμον;
770 1566 866 1620 καὶ
892 1566 1093 1633 οὐδεὶς
1124 1566 1193 1630 ἐξ
1231 1565 1393 1636 ὑμῶν
1420 1566 1575 1620 ποιεῖ
1594 1565 1701 1620 τὸν
1728 1567 1947 1636 Νόμον,

376 1660 470 1713 ὅτι
495 1676 570 1729 με
601 1656 822 1726 ζητεῖτε
848 1657 1194 1712 ἀποκτεῖναι
1217 1673 1233 1689 σ
1276 1659 1480 1720 ἐκεῖνος
1526 1657 1625 1728 μὲν
1654 1657 1762 1730 γὰρ
1788 1675 1948 1729 νομο-

377 1753 570 1819 θετῶν,
606 1752 914 1824 μιαιφονίας
946 1750 1246 1823 ἀπέχεσθαι
1279 1752 1487 1806 κελεύει
1513 1768 1527 1784 ·
1565 1753 1723 1823 ὑμεῖς
1758 1752 1815 1805 δὲ
1847 1752 1948 1823 ἥδη

2054 544 2167 613 pit;
2222 545 2315 614 qui
2347 559 2480 599 vero
2541 560 2665 600 eum
2722 546 2925 601 ccasio
2970 547 3322 603 descendisse
3387 549 3623 620 illucque

2051 650 2407 690 ascensurum
2441 636 2768 702 crediderat,
2807 638 3065 693 libentius
3090 640 3274 695 verbis
3302 640 3422 710 ejus
3464 642 3625 696 obse-

2053 728 2342 797 qucbatur.

2695 974 2847 1029 CAP.
2882 975 2992 1033 \‘ll.

2130 1106 2290 1164 Vens.
2322 1107 2405 1161 19.
2434 1139 2501 1147 —
2523 1108 2659 1162 Cum
2706 1108 2759 1162 in
2793 1110 3121 1178 prtecedenti
3151 1110 3289 1167 festo
3323 1113 3473 1167 illum
3510 1114 3628 1169 vio-

2056 1201 2275 1257 lationis
2308 1200 2469 1272 Legis
2516 1201 2569 1255 in
2625 1202 2869 1257 sanando
2903 1204 3201 1275 paralytico
3248 1218 3626 1268 accusasscnt.

2055 1294 2199 1364 quod
2220 1293 2501 1348 videbatur
2521 1295 2804 1349 excusatio
2830 1295 3069 1365 ipsormn
3100 1298 3498 1356 incredulitatis
3526 1302 3630 1355 tol-

2056 1384 2193 1447 lens,
2216 1384 2283 1438 de
2306 1384 2408 1439 hoc
2430 1383 2626 1440 iterum
2654 1387 2920 1455 loquitur,
2944 1387 3136 1444 dicens
3161 1409 3173 1442 :
3200 1388 3391 1445 Nonne
3420 1390 3626 1462 Moyses

2055 1476 2197 1531 dedit
2231 1477 2375 1531 vobis
2428 1475 2666 1548 Legem?
2695 1489 2745 1531 et
2778 1495 2926 1533 nemo
2964 1495 3029 1534 ea:
3061 1482 3202 1535 vobis
3238 1482 3365 1550 facit
3400 1470 3625 1553 Legem;

2054 1571 2303 1640 quoniam
2331 1571 2567 1641 queritis
2603 1589 2683 1626 me
2716 1573 3053 1642 inter/icere:
3089 1575 3179 1627 ille
3208 1584 3389 1630 autem
3427 1574 3627 1648 Legem

2058 1661 2259 1724 ferens.
2285 1661 2581 1717 homicidio
2606 1671 2664 1718 ut
2691 1664 3030 1720 abstineatur
3058 1666 3303 1736 praecipit
3331 1685 3346 1733 ;
3374 1682 3473 1722 vos
3497 1684 3629 1723 vero

2053 1752 2166 1822 jam
2206 1753 2446 1808 maxima
2480 1754 2687 1808 malitia
2733 1754 2803 1810 de
2832 1772 2918 1810 me
2951 1756 3254 1811 occidendo
3280 1759 3626 1813 consultatis.

375 1845 447 1899 δι’
477 1845 748 1917 ἀκρότητα
802 1843 1069 1915 πονηρίας
1110 1844 1241 1915 περὶ
1284 1844 1384 1915 τῆς
1431 1844 1576 1915 ὲμῆς
1622 1844 1952 1915 ἀναιρέσεως

2058 1844 2170 1901 Ηοο
2195 1857 2375 1902 autem
2411 1847 2484 1901 ita
2524 1849 2636 1903 sit:
2665 1845 2773 1903 Sed
2804 1848 3026 1920 Moysis,
3056 1850 3251 1919 inquit,
3280 1849 3475 1920 Legem
3509 1852 3629 1905 vin-

380 1935 717 2007 βουλεύεσθε.
749 1935 821 1989 Ἦ
851 1935 946 1990 καὶ
973 1934 1146 2000 οὕτως
1165 1951 1179 1965 ⁸
1221 1933 1388 1988 ’Λλλά
1414 1934 1505 1989 τὸν
1528 1935 1776 1998 Μωσέως
1796 1974 1809 1995 .
1847 1951 1949 2004 φη-

378 2020 775 2096 σὶν,λὲκδικεῖτε
803 2029 986 2101 Νόμον
1006 2044 1019 2058 ’
1048 2028 1258 2096 δείξατε
1295 2029 1473 2083 τοίνυν
1502 2029 1592 2082 ἐπὶ
1637 2027 1744 2082 τῶν
1778 2028 1954 2099 ἔργων

373 2123 469 2178 τοῦ
501 2123 686 2196 Νόμου
722 2124 823 2194 τὴν
862 2122 1107 2194 φυλακὴν
1134 2165 1149 2188 ,
1181 2122 1275 2176 καὶ
1304 2121 1495 2175 εἴπατε
1527 2120 1626 2192 τὴν
1672 2122 1851 2176 αἰτίαν
1886 2117 1954 2194 ἧς

372 2215 535 2268 ἕνεκα
560 2213 769 2267 ἀνελεῖν
789 2229 855 2283 με
886 2211 1163 2283 βούλεσθε,
1192 2211 1221 2265 ὃ
1253 2212 1472 2265 πάντων
1493 2210 1852 2266 ἀνοσιώτατον
1877 2210 1954 2280 τῷ

375 2308 545 2379 Νόμῳ
569 2306 902 2376 νενόμισται.
934 2306 995 2358 Ol
1018 2305 1075 2358 δὲ
1109 2304 1245 2373 πρὸς
1269 2303 1424 2375 ὓϐριν
1456 2302 1844 2375 ἀποκριθέντες
1872 2298 1951 2355 εἷ-

377 2417 497 2454 πον·
528 2399 846 2468 Δαιμόνιον
882 2396 1043 2467 ἔχεις
1069 2413 1081 2426 ·
1118 2397 1209 2463 τίς
1252 2412 1325 2451 σε
1380 2394 1540 2463 ζητεῖ
1570 2393 1953 2457 ἀποκτεῖναι;

373 2493 542 2567 ὀργῆς
572 2492 634 2545 τὸ
668 2491 821 2564 ρἧα
853 2493 948 2543 καὶ
980 2489 1152 2559 θυμοῦ
1182 2490 1276 2544 καὶ
1306 2489 1484 2559 ψυχῆς
1525 2486 1953 2557 ἁναισθητούσης

376 2588 469 2640 ἐπὶ
511 2586 590 2657 τῷ
625 2584 938 2656 παραδόξως
987 2582 1292 2653 ὲληλέχθαι.
1324 2580 1457 2636 Εἶτα
1498 2581 1738 2651 ἄφυκτον
1771 2579 1953 2652 βουλό-

379 2696 531 2749 μενοι
556 2674 893 2746 ἐργάσασθαι
914 2674 1004 2726 τον
1032 2673 1634 2747 ἐπιϐουλευόμενον,διὰ
1661 2673 1761 2743 τῆς
1788 2673 1954 2743 ἀρνή-

378 2787 534 2837 σεως,
568 2768 726 2823 τοῦτο
752 2765 997 2821 ποιοῦσιν
1017 2782 1031 2798 ο
1062 2766 1222 2829 αὐτὸς
1259 2765 1315 2818 δὲ
1345 2766 1500 2836 ἀφεὶς
1528 2764 1742 2834 ἐλέγξαι
1771 2764 1950 2830 τοῦτο,

375 2864 515 2918 ῶστε
550 2863 625 2935 μὴ
660 2858 1174 2929 ἀναισχυντοτέρους
1208 2858 1449 2928 ποιῆσαι,
1494 2858 1654 2912 πάλιν
1688 2859 1788 2929 τῆς
1816 2858 1953 2911 ἀποο

378 2955 563 3025 λογίας
597 2954 827 3008 ἅπτεται
856 2951 995 3020 ὑπὲρ
1039 2948 1133 3002 τοῦ
1172 2948 1464 3010 σαϐϐάτου,
1504 2950 1611 3002 ἀπὸ
1634 2949 1730 3003 τοῦ
1764 2949 1949 3021 Νόμου

385 3045 827 3117 συλλογιζόμενος
880 3040 1076 3105 αὐτούς
1096 3059 1108 3070 ·
1150 3042 1243 3093 καὶ
1268 3040 1367 3111 ὅρα
1398 3039 1515 3104 πῶς
1548 3040 1817 3104 συνετῶς·
1849 3040 1953 3093 0'5-

382 3140 472 3194 δὲν
498 3136 827 3208 θαυμαστὸν,
865 3134 1051 3205 φησὶν,
1085 3134 1132 3185 εἰ
1158 3131 1291 3203 ἐμοῦ
1323 3132 1660 3204 παρακούετε
1681 3174 1694 3194 ,
1722 3135 1854 3187 ὅπου
1888 3151 1951 3203 γε

380 3231 500 3286 οὐδὲ
546 3225 710 3283 αὐτοῦ
740 3224 834 3279 τοῦ
864 3224 1051 3295 Νόμου
1078 3224 1376 3293 ἠκούσατε⁵
1410 3223 1599 3294 ἐπειδὴ
1629 3226 1738 3297 γὰρ
1769 3224 1952 3293 ἔλεγον

377 3324 459 3375 ὅτι
485 3316 672 3385 Μωσῇ
693 3313 1037 3379 λελάληκεν
1066 3316 1097 3367 ό
1121 3314 1266 3380 Θεὸς
1284 3354 1300 3376 ,
1331 3314 1548 3369 τοῦτον
1572 3315 1640 3368 δὲ
1660 3319 1771 3371 οὐκ
1795 3316 1954 3371 οῖδα-

375 3430 490 3486 μεν
534 3411 721 3464 πόθεν
763 3406 934 3461 ἐστὶν
959 3448 973 3472 ,
1028 3405 1299 3460 δείκνυσιν
1354 3408 1437 3462 ὅτι
1476 3409 1570 3462 καὶ
1633 3410 1712 3474 εἰς
1749 3411 1956 3463 ἐκεῖνον

381 3508 620 3578 ὕϐριζον.

429 3600 578 3671 Στίχ.
610 3599 1037 3669 κβ’.--Ἑκείνος
1061 3596 1137 3668 (1)
1155 3596 1250 3667 μὲν
1278 3594 1387 3666 γὰρ
1413 3594 1717 3666 νομοθετῶν
1741 3612 1955 3666 μιαιφο-

378 3695 498 3758 νίας
532 3692 829 3763 ἀπέχεσθαι
857 3690 1085 3755 κελεύει,
1113 3690 1270 3759 ὑμεῖς
1291 3688 1347 3741 δὲ
1366 3686 1431 3740 δι’
1472 3686 1749 3758 ἀκρότητα
1788 3701 1955 3755 πονηο

382 3786 505 3856 ρίας
532 3785 663 3857 περ)⁸
694 3785 792 3853 τῆς
823 3782 963 3854 ὲμῆς
985 3781 1315 3854 ἀναιρέσεως
1342 3777 1659 3850 βουλεύεσθε
1683 3796 1697 3843 ;
1725 3777 1834 3832 ἀπὸ
1862 3776 1955 3831 τοῦ

378 3879 538 3947 λόγου
562 3874 1002 3947 συλλογιζόμενος
1030 3874 1163 3945 πρὸς
1193 3870 1387 3935 αὐτούς
1417 3887 1606 3941 φησιν·
1643 3872 1753 3923 Ἐν
1782 3870 1959 3939 ἔργον

379 3968 658 4036 ἐποίησα,
692 3967 790 4021 και
841 3965 1061 4032 πάντες
1094 3961 1431 4034 θαυμάζετε,
1456 3963 1722 4027 τουτέστι,
1759 3961 1957 4033 ταράτ-

379 4062 561 4123 τεσθε,
592 4058 929 4131 θορυϐεῖσθε.

457 4152 604 4222 Στίχ.
620 4148 871 4221 iant—To
882 4146 1152 4220 δαψιλὲςβ
1164 4146 1203 4216 ⁸)
1217 4147 1318 4218 τῆς
1334 4147 1552 4218 χάριτος
1570 4146 1954 4217 αἰνιττόμενος,

381 4246 519 4313 ὅπερ
546 4239 782 4311 ἀλλαχοῦ
822 4257 955 4311 φησι
979 4279 996 4305 ,
1032 4239 1201 4311 Hirri;
1239 4238 1459 4305 ὓδατος
1500 4237 1840 4307 ἁλλομένου
1870 4243 1959 4302 εις

383 4335 539 4402 («chr
564 4334 823 4397 αίὼνιον,
849 4330 1115 4395 τουτέστι,
1148 4330 1349 4400 πολλὴν
1372 4330 1483 4397 ἓξει
1506 4330 1685 4401 χάριν,
1721 4328 1957 4400 ἀλλαχοῦ

388 4427 488 4496 μὲν
526 4425 680 4494 ζωὴν
711 4422 957 4478 αιώνιον
1003 4422 1152 4491 λέγει
1179 4462 1194 4485 ,
1226 4421 1459 4476 ἐνταῦθα
1511 4421 1567 4475 δὲ
1615 4420 1769 4488 ὕδωρ
1817 4419 1955 4484 ζῶν,

2056 1936 2253 1992 dicate.
2306 1936 2591 1993 Ostendite
2642 1954 2774 2010 ergo
2831 1939 2899 1995 de
2955 1955 3198 2009 quanam
3247 1941 3630 1997 observatione

2054 2044 2279 2102 cperunt
2307 2029 2487 2101 Legis,
2508 2044 2843 2101 causamque
2864 2030 3033 2087 dicite
3062 2042 3282 2102 propter
3303 2048 3466 2102 quam
3491 2034 3633 2088 occi-

2054 2121 2183 2177 dere
2223 2137 2310 2176 me
2354 2124 2563 2188 vultis;
2620 2123 2763 2177 haud
2798 2123 2965 2178 dubie
2998 2124 3103 2177 hoc
3146 2124 3355 2179 crimen
3394 2126 3631 2181 maxime

2057 2213 2285 2283 impium
2320 2212 2461 2284 Lege
2512 2213 2846 2284 prohibitum
2899 2222 3003 2271 est.
3050 2214 3131 2271 Illi
3175 2225 3355 2271 autem
3410 2217 3476 2271 ad
3527 2217 3631 2272 hoc

2054 2306 2410 2376 opprobrium
2430 2308 2829 2377 respondentes
2841 2306 3033 2362 dicunt
3052 2326 3064 2361 :
3092 2306 3420 2362 Haemonium
3436 2308 3628 2363 habes:

2053 2398 2169 2467 quis
2216 2406 2264 2452 to
2292 2398 2480 2468 quierit
2515 2398 2857 2467 interﬁcere?
2888 2397 3003 2453 Hoc
3033 2400 3256 2454 verbum
3300 2401 3402 2463 ira,
3449 2401 3631 2457 lurore

2056 2503 2335 2558 pravoque
2370 2488 2717 2544 conscientia
2750 2487 2854 2543 fuit
2887 2490 3183 2559 prolatum.
3220 2488 3426 2546 Deinde
3477 2491 3628 2544 illum

2056 2579 2302 2636 volentes
2320 2579 2441 2635 sine
2460 2596 2556 2652 spe
2577 2579 2676 2634 aui
2677 2579 2890 2649 ugiendi
2918 2594 3134 2651 capere,
3167 2595 3262 2651 per
3284 2580 3627 2637 mendacium

2053 2669 2258 2724 exitum
2299 2670 2700 2741 adipiscuntur.
2737 2671 2829 2724 lllc
2860 2679 3065 2737 autem,
3099 2679 3159 2724 ut
3187 2671 3292 2727 hoc
3322 2685 3353 2725 a
3379 2686 3439 2727 se
3464 2673 3632 2741 repel-

2055 2762 2166 2815 lant
2197 2763 2408 2824 sinens,
2439 2778 2506 2818 nc
2539 2762 2708 2816 nimio
2743 2761 2952 2832 pudore
2984 2761 3396 2826 sutl‘undantur,
3430 2763 3626 2817 iterum

2052 2850 2465 2906 excusationem
2512 2851 2580 2906 de
2618 2850 2831 2905 sabbati
2864 2851 3165 2906 violatione
3195 2852 3532 2923 perstringit,
3562 2865 3628 2907 ex

2056 2939 2170 3007 ipsa
2198 2939 2338 3011 Lege
2370 2942 2493 2997 illos
2535 2943 2919 3007 convincens;
2976 2943 3159 2998 videre
3201 2953 3285 2998 est
3323 2959 3486 3014 quam
3537 2958 3628 2997 sa-

2054 3031 2268 3099 pienter
2298 3050 2310 3085 :
2344 3031 2488 3087 Nihil
2522 3033 2793 3095 mirabile.
2832 3036 3031 3106 inquit,
3056 3036 3099 3089 si
3139 3050 3224 3090 me
3264 3051 3371 3090 non
3404 3036 3629 3102 auditis.

2054 3137 2179 3177 cum
2222 3137 2293 3177 ne
2349 3123 2523 3194 ipsam
2552 3126 2772 3195 quidem
2799 3124 2994 3198 Legem
3028 3128 3301 3195 audiatis;
3349 3143 3474 3183 nam
3506 3144 3629 3184 cum

2056 3214 2302 3269 dicerent
2331 3215 2462 3285 quia
2494 3214 2670 3287 Moysi
2718 3216 2923 3271 locutus
2954 3227 3030 3271 est
3070 3218 3205 3272 Deus
3231 3235 3250 3271 :
3293 3219 3429 3272 hunc
3456 3229 3631 3273 autem

2057 3307 2317 3360 nescimus
2346 3307 2486 3362 unde
2510 3310 2580 3361 sit
2616 3307 2808 3378 (Joan.
2838 3326 2915 3372 Ix,
2946 3309 3061 3373 29),
3102 3310 3340 3363 ostendit
3371 3312 3470 3378 ipsi
3497 3326 3633 3380 quo-

2057 3414 2163 3467 que
2196 3400 2317 3454 illos
2348 3401 2667 3455 conviciari.

2129 3599 2292 3655 Vens.
2315 3598 2480 3654 22—
2496 3599 2589 3653 Ille
2601 3599 2817 3669 quidem
2840 3598 2984 3670 Lege
3004 3601 3253 3657 vetuitne
3275 3601 3627 3658 homicidium

2057 3682 2423 3747 atﬂnitteretis
2449 3711 2462 3745 :
2487 3707 2582 3747 vos
2605 3699 2790 3746 autem
2813 3701 3041 3765 propter
3067 3709 3339 3749 summam
3363 3696 3627 3751 malitiam

2061 3793 2300 3840 vestram
2333 3785 2404 3839 de
2428 3791 2602 3839 morte
2637 3800 2755 3838 mea
2787 3784 3066 3855 cogitatis.
3086 3784 3205 3852 Qua
3234 3787 3446 3844 ratione
3468 3790 3628 3844 insti-

2057 3881 2179 3928 tuto
2227 3882 2548 3943 argumento
2575 3871 2713 3927 dicit
2756 3892 2768 3927 :
2808 3870 2981 3926 Unum
3022 3890 3151 3944 opus
3196 3874 3325 3943 feci,
3358 3885 3407 3930 et
3450 3894 3629 3932 omnes

2058 3966 2351 4031 miramini,
2390 3965 2496 4021 hoc
2530 3974 2637 4028 est,
2670 3966 3087 4036 perturbamini,
3122 3969 3561 4025 tumultuamini.

2131 4148 2293 4205 Vsus.
2324 4148 2412 4204 '58.
2443 4178 2513 4189 —
2538 4146 2943 4203 Abundantiam
2994 4146 3184 4218 gratia!
3227 4147 3519 4219 signiﬁcat,
3566 4146 3634 4202 de

2060 4259 2168 4313 qua
2204 4242 2329 4297 alibi
2361 4241 2497 4295 dicit
2524 4259 2536 4295 :
2572 4238 2716 4295 Fons
2742 4256 2894 4309 aqua:
2925 4239 3168 4295 salientis
3196 4240 3248 4293 in
3286 4240 3447 4293 vitam
3479 4249 3633 4294 teter-

2060 4352 2184 4388 nam
2216 4332 2409 4405 (Joan.
2443 4350 2516 4396 Iv,
2553 4333 2673 4403 to);
2720 4332 2774 4386 id
2808 4340 2914 4397 est,
2941 4334 3166 4385 multam
3197 4334 3426 4403 gratiam
3465 4333 3634 4390 habe-

2060 4428 2185 4491 bit;
2220 4425 2347 4481 alibi
2394 4438 2573 4480 autem
2623 4425 2792 4489 dicit,
2843 4425 3004 4478 vitam
3050 4434 3325 4488 cateruam,
3378 4425 3465 4479 hic
3504 4440 3635 4481 vero

385 4518 680 4582 τουτέστιν,
711 4514 970 4589 ἐνεργοῦν
999 4516 1112 4569 ἀεί’
1159 4516 1207 4567 εἰ
1235 4514 1343 4586 γὰρ
1370 4513 1463 4567 τοῦ
1492 4513 1810 4584 Πνεύματος
1855 4513 1952 4585 χά-

2063 4536 2257 4591 oquam
2301 4519 2494 4581 vivam,
2540 4516 2591 4573 id
2636 4527 2742 4585 est,
2790 4533 3007 4588 semper
3039 4526 3376 4587 operantem.
3418 4516 3633 4574 Etenim

387 4627 503 4681 ρις,
533 4608 720 4680 ἐπειδὴ
744 4611 821 4673 είς
852 4608 1096 4678 καθαρὰν
1123 4607 1359 4660 διάνοιαν
1383 4605 1512 4679 ἔλθῃ
1537 4607 1630 4660 καὶ
1652 4607 1959 4680 ὲνιδρυνθῇ,

388 4704 569 4773 πάσης
600 4702 782 4772 πηγῆς
814 4699 1012 4772 μᾶλλον
1038 4696 1347 4762 ἀναϐλύζει,
1390 4701 1485 4751 καὶ
1502 4700 1563 4753 ού
1584 4698 1955 4769 διαλιμπάνει,

385 4795 507 4848 οὒδὲ
551 4794 764 4847 ⁴ίσταται
790 4792 914 4846 ούδὲ
945 4790 1226 4844 κενοῦται·
1257 4790 1349 4844 καὶ
1390 4790 1517 4853 ἴδοις
1544 4789 1610 4844 ἀν
1643 4791 1704 4843 τὸ
1729 4791 1959 4864 λεγόμε-

387 4902 475 4939 νον
513 4885 697 4955 σαφῶς
737 4886 794 4937 ἐν
842 4885 952 4947 τοῖς
1002 4883 1353 4947 ἀποστόλοις,
1410 4882 1528 4947 πῶς
1565 4883 1717 4936 οὐδὲν
1763 4886 1958 4947 αὐτοὺς

386 4977 630 5048 ἐφοϐήθη
664 4975 784 5029 ούδὲ
810 4975 1090 5045 ὑφίστατο.
1132 4975 1192 5027 ού
1221 4975 1404 5045 δήμων
1435 4974 1636 5046 θυμὸς,
1668 4976 1727 5028 ού
1757 4978 1960 5050 τυράν-

384 5089 494 5125 νων
521 5071 917 5133 ὲπαναστάσεις
937 5109 951 5132 ,
977 5068 1091 5123 ἀλλ’
1120 5067 1195 5132 ῶς
1223 5068 1458 5138 ποταμὸς
1489 5067 1668 5140 πολλῷ
1688 5068 1765 5139 τῷ
1797 5070 1961 5140 ῥοίζῳ

388 5163 689 5236 φερόμενος
709 5205 724 5227 ,
752 5163 895 5217 οὕτω
924 5161 1102 5215 πάντα
1128 5160 1533 5230 παρασύροντες
1568 5162 1851 5215 ἀπείεσαν.

995 5365 1242 5418 ΚΕΦΛΛ.
1278 5364 1357 5416 H'.

460 5458 609 5527 Στίχ.
644 5463 750 5511 κα⁹.
774 5486 843 5497 —
882 5456 1156 5510 ’Λπελθεῖν
1178 5455 1252 5526 (2)
1284 5457 1336 5509 δέ
1371 5472 1458 5525 με,
1490 5457 1642 5526 φησὶ,
1670 5457 1961 5528 προσήκει,

462 5641 540 5703 (1)
564 5639 640 5694 Ex
677 5640 917 5696 Cratneri
949 5651 1161 5697 catena.

451 5716 509 5777 .(l
526 5716 565 5779 ⁸)
606 5711 705 5765 Mai
743 5712 876 5767 inid.

468 5783 545 5851 (2)
571 5780 734 5837 Cord.
768 5792 875 5838 cat.
912 5799 964 5853 p.
1007 5779 1131 5835 2‘28.
1175 5781 1491 5839 Theodorus
1541 5781 1854 5855 pericopam
1895 5781 1963 5837 de

2063 4614 2301 4685 Spiritus
2319 4612 2496 4667 sancti
2519 4613 2716 4683 gratia,
2740 4628 2863 4666 cum
2898 4611 2953 4664 in
2979 4612 3213 4665 animam
3240 4626 3432 4680 puram
3453 4612 3636 4667 veniat

2062 4710 2227 4771 atque
2262 4700 2468 4755 habitet
2501 4701 2557 4755 in
2583 4715 2669 4767 ea,
2716 4700 2864 4755 omni
2904 4698 3055 4754 fonte
3084 4700 3461 4756 abundantius
3489 4703 3639 4757 exsi-

2062 4795 2156 4856 lit,
2183 4809 2283 4848 nec
2312 4792 2647 4858 intermittit,
2681 4810 2780 4849 nec
2812 4794 2977 4861 sistit,
3030 4810 3131 4849 nec
3161 4795 3505 4853 exhauritur.
3538 4796 3635 4849 Vi-

2061 4889 2190 4943 dere
2211 4895 2296 4944 est
2314 4889 2368 4942 in
2390 4888 2654 4959 apostolis
2682 4887 2787 4942 hoc
2811 4888 3094 4958 perspicue
3114 4888 3346 4953 dictum,
3363 4888 3636 4959 quomodo

2064 4996 2164 5035 nec
2193 4980 2369 5035 territi
2426 4981 2538 5033 sint
2583 4994 2683 5035 nec
2726 4978 2882 5045 victi,
2919 4996 3021 5035 nec
3052 4981 3378 5050 p0pulorum
3429 4979 3634 5044 furore,

2064 5087 2165 5127 nec
2224 5072 2471 5143 potentia
2534 5081 2916 5143 tyrannorum,
2974 5072 3070 5128 sed
3123 5083 3383 5141 tanquam
3437 5072 3636 5127 ﬂumen

2067 5164 2252 5219 multis
2286 5164 2446 5234 aquis
2492 5163 2805 5229 exundans,
2864 5166 3049 5220 omnia
3105 5180 3289 5217 secum
3348 5165 3636 5221 trahentes

2072 5256 2329 5311 abierint.

2739 5368 2843 5422 AP.
2880 5366 3012 5421 Vlll.

2691 5368 2843 5423 CAP.
2880 5368 3012 5421 Vlll.

2141 5458 2303 5514 Vsus.
2333 5459 2513 5515 2l.-
2538 5460 2862 5517 Abeundum
2890 5468 3072 5515 autem
3107 5461 3240 5515 mihi
3266 5501 3282 5527 ,
3311 5461 3525 5533 inquit,
3555 5472 3642 5517 est.

2075 5643 2302 5699 muliere
2330 5644 2597 5709 adultera,
2620 5645 3078 5718 qiucpaulo‘ante
3107 5646 3303 5718 legitur
3334 5661 3440 5700 non
3472 5646 3641 5699 inter-

2067 5725 2311 5783 pretatus
2341 5727 2422 5772 est
2448 5725 2584 5772 teste
2618 5717 2828 5775 scltolto
2850 5715 2972 5771 cod.
2999 5715 3215 5773 Basilfl
3252 5716 3511 5789 (ϐπ-ἰωὴ.)
