4096 6234
438 319 529 374 731
1645 312 1992 370 τιίιεθῡοῐιι

2115 313 2505 371 >PSUESTENI

3571 318 3677 373 75‘:

433 448 534 499 ιε),
588 446 697 502 quo
750 430 841 486 ubi
898 429 1072 493 fulcro,
1108 443 1206 483 vos
1271 427 1491 498 quidem
1546 428 1832 497 pervenire
1894 444 2004 483 non

2115 432 2234 484 5που
2276 432 2567 502 γενόμενος
2610 433 2734 502 ἐμοὶ
2759 434 2855 505 μὲν
2896 435 3190 507 πλησιάσαι
3233 437 3388 507 ὑμεῖς
3415 435 3476 490 οὒ
3523 436 3676 507 δύνηα-

438 527 716 595 poteritis,
745 524 838 581 sed
874 524 1059 578 delicti
1100 524 1155 576 in
1186 537 1276 577 me
1312 536 1511 592 paenae
1547 521 1770 577 dabitis.

506 658 788 715 “135.26.
823 690 890 699 —
924 656 1099 711 Multa
1148 656 1216 712 de
1270 656 1459 711 multis
1507 655 1703 709 habens
1756 657 1820 710 de
1864 656 2005 711 vobis

430 751 693 822 judicare,
740 750 889 818 justo.
936 763 1033 802 vos
1070 762 1179 802 non
1213 746 1412 813 dignos
1464 745 1679 815 loquela
1727 760 1844 799 mea
1892 746 2007 799 exi-

438 844 621 897 stimo.
656 841 765 896 Nec
794 840 885 911 qui
936 840 1082 894 misit
1114 853 1220 901 me,
1269 853 1355 891 me
1389 836 1538 891 misit
1566 844 1624 889 ut
1664 836 1822 891 vobis
1855 852 2008 890 men-

440 934 591 988 dacia
618 934 895 1002 loquerer,
927 946 1052 985 cum
1086 930 1157 985 sit
1189 930 1244 983 in
1268 928 1526 982 omnibus
1554 942 1737 991 verax,
1769 943 2009 997 semper-

439 1044 543 1095 que
593 1027 708 1081 sola
745 1027 973 1080 veritate
1018 1024 1298 1093 gaudens;
1351 1038 1451 1077 nec
1500 1037 1603 1090 ego
1643 1022 1748 1075 alia
1792 1022 1861 1075 ab
1897 1021 2006 1083 his,

437 1136 557 1190 qum
588 1119 666 1173 illi
690 1118 926 1187 placent,
964 1117 1158 1185 loquor
1185 1135 1197 1169 :
1230 1115 1303 1168 ita
1348 1123 1424 1177 ut,
1454 1115 1547 1184 qui
1570 1130 1665 1169 vos
1697 1114 2007 1168 incredulos

433 1210 579 1276 juste
617 1206 983 1260 condemnare
1014 1218 1252 1273 possem,
1282 1201 1431 1272 juste
1461 1203 1624 1257 etiam
1671 1202 1817 1273 loqui
1853 1202 2009 1257 vobis

438 1304 766 1358 abstineam.

507 1434 673 1491 Vens.
707 1437 795 1491 55.
827 1465 892 1477 -—
923 1435 1390 1503 Quemadmodum
1419 1434 1676 1489 dominus
1701 1434 1862 1489 domo
1891 1449 2010 1488 ma-

437 1531 547 1582 lum
576 1544 800 1583 servum
829 1530 1078 1597 expellit.
1113 1543 1237 1580 cum
1272 1527 1376 1581 sibi
1422 1525 1709 1596 placuerit,
1747 1525 2011 1593 illumque

438 1622 612 1688 ρωιιίε
642 1620 844 1690 quibus
895 1619 1128 1671 voluerit
1172 1616 1438 1686 subiicit;
1475 1616 1586 1668 lilio
1614 1623 1816 1679 autem,
1867 1616 2010 1671 sicut

435 1710 682 1773 domino,
713 1709 964 1780 expulsio
1005 1709 1155 1762 nulla
1197 1707 1440 1761 timenda
1472 1715 1595 1762 est:
1644 1709 1724 1760 sic
1766 1704 2007 1775 quidem,

2107 523 2283 588 σεσθε,
2310 525 2400 578 τοῦ
2431 525 2487 578 δὲ
2528 527 2609 587 εἰς
2647 526 2746 598 ἐμὲ
2777 526 3244 600 πλημμελήματος
3282 529 3479 582 δώσετε
3499 527 3676 598 δίκην.

2177 657 2323 725 Στίχ.
2358 663 2470 722 κς’.
2500 687 2571 697 --
2602 659 2810 713 Πολλὰ
2847 660 3003 728 ἔχων
3029 662 3105 732 (1)
3135 661 3290 731 ὑμᾶς
3331 661 3423 715 ἐπὶ
3466 660 3679 724 πολλοῖς

2107 748 2424 812 αἰτιᾶσθαι,
2446 748 2667 813 δικαίως
2705 750 2770 804 ἂν
2800 752 2920 805 οὐδὲ
2946 753 3046 823 τῆς
3072 754 3209 825 ἐμῆς
3238 754 3444 825 ⁴ηξίωσα
3467 751 3679 821 φωνῆς’

2106 839 2228 891 οὐδὲ
2246 839 2353 910 γὰρ
2366 841 2395 893 ὁ
2413 841 2633 910 πέμψας
2646 859 2713 912 με
2735 842 3075 915 ἐνεχείρησεν
3092 846 3263 898 εἰπεῖν
3273 862 3325 898 τι
3340 844 3529 913 ψευδὲς
3545 843 3681 913 πρὸς

2109 931 2273 1001 ὑμᾶς,
2302 931 2506 1004 ἀληθὴς
2530 932 2605 985 ὣν
2639 933 2781 988 κατὰ
2808 934 2987 989 πάντα
3008 977 3022 1001 ,
3066 937 3159 989 καὶ
3196 939 3261 1008 τῇ
3293 936 3517 1007 ἀληθείᾳ
3543 936 3683 1006 μόνῃ

2108 1024 2338 1076 πάντοτε
2366 1024 2570 1094 χαίρων
2595 1042 2607 1054 ·
2646 1024 2768 1078 οὕτε
2798 1025 2854 1078 δὲ
2888 1028 2998 1095 ἐγὼ
3023 1028 3186 1099 ’ἐτερα
3214 1027 3363 1098 παρὰ
3390 1028 3458 1081 τὰ
3486 1027 3680 1095 ἐκείνῳ

2107 1114 2367 1169 δοκοῦντα
2404 1116 2744 1187 φθέγγομαι·
2770 1115 2909 1170 ὥστε
2941 1116 3331 1189 δικαίωςύμῖν
3364 1115 3683 1171 ἀπιστοῦσιν

2109 1207 2356 1274 ἐγκαλεῖν
2370 1207 2681 1279 δυνάμενος,
2697 1209 2780 1274 ,ὡς
2792 1210 2925 1282 πρὸς
2941 1211 3039 1279 τὴν
3053 1210 3309 1279 ἀλήθειαν
3324 1206 3682 1279 ἀπομαχομέ-

2109 1316 2247 1363 νοις,
2274 1298 2496 1365 δικαίως
2525 1300 2590 1353 ἂν
2624 1300 2716 1354 καὶ
2746 1302 2841 1355 τοῦ
2874 1302 3054 1355 λαλεῖν
3076 1302 3210 1373 πρὸς
3239 1304 3381 1373 ὑμᾶς
3418 1300 3680 1369 ἀπέστην.

2180 1435 2329 1505 Στίχ.
2359 1436 2453 1490 λε’.
2484 1468 2553 1478 ——
2590 1438 2797 1510 ’Ὥσπερ
2836 1440 2864 1492 ὁ
2895 1438 3161 1510 δεσπότης
3195 1438 3444 1491 ἐκϐάλλει
3479 1435 3576 1505 τῆς
3612 1436 3684 1488 οἰ-

2111 1524 2235 1587 κίας
2261 1524 2353 1577 τὸν
2389 1524 2574 1579 δοῦλον
2603 1526 3119 1598 κακογνωμονοῦντα
3163 1528 3252 1580 ὅτε
3285 1527 3379 1580 καὶ
3411 1525 3682 1595 βούλεται,

2112 1617 2206 1669 καὶ
2228 1617 2517 1688 τιμωρίαις
2541 1618 2705 1671 αὑτὸν
2737 1619 3027 1673 ὑποϐάλλει
3051 1623 3170 1683 ταῖς
3194 1618 3476 1680 δοκούσαις
3500 1616 3649 1685 αὐτῷ
3665 1630 3681 1646 ·

2111 1708 2138 1759 ὁ
2162 1706 2218 1758 δὲ
2247 1707 2359 1769 υίὸς
2392 1707 2466 1770 ὼς
2493 1707 2762 1779 δεσπότης
2792 1710 2892 1763 οὐκ
2921 1709 3033 1780 ἔχει
3074 1710 3165 1762 τὸν
3199 1708 3453 1776 ἐξεοῦντα
3478 1722 3495 1739 ·
3533 1704 3685 1776 ὁμῶς

435 1802 526 1872 qui
563 1803 731 1857 servit
766 1809 1015 1872 'peccato
1073 1799 1446 1883 espulsusque
1498 1806 1582 1854 est
1637 1814 1703 1854 ex
1754 1798 2008 1853 omnibus

2115 1794 2138 1845 ὁ
2169 1794 2267 1863 μὲν
2300 1796 2364 1864 τῇ
2392 1796 2634 1867 ἁμαρτίᾳ
2667 1797 3061 1869 δεδουλωμένος
3086 1798 3191 1865 ἔξω
3211 1797 3486 1861 καθεστὼς
3511 1796 3686 1851 ἀπάν-

436 1910 555 1964 quae
583 1909 766 1949 coram
786 1892 896 1947 Deu
925 1901 1054 1949 sunt
1080 1892 1244 1951 bona.
1276 1901 1495 1946 aeternae
1522 1892 1714 1945 ultioni
1738 1891 2005 1945 traditur:

434 1986 528 2056 qui
564 1997 743 2039 autem
776 1984 1025 2040 libertate
1072 1982 1273 2039 fruitus
1293 1989 1397 2046 est,
1432 1992 1595 2054 atque
1628 1983 1683 2037 in
1708 1982 1800 2036 lilii
1831 1982 2008 2053 digni-

437 2088 545 2134 tate
571 2078 899 2134 constitutus
924 2085 1292 2142 cst,zeternam
1317 2091 1505 2131 eorum
1542 2091 1664 2147 qua:
1685 2090 1868 2130 coram
1894 2075 2004 2130 Deo

444 2173 585 2225 bona
625 2179 750 2225 sunt
790 2170 1197 2255 possessionem
1221 2168 1439 2239 accipit.

508 2306 671 2359 Vens.
712 2304 802 2359 42.
834 2334 902 2343 —
945 2303 1169 2360 Poterat
1208 2304 1429 2375 quidem
1475 2313 1530 2359 et
1580 2304 1725 2359 illud
1753 2319 2005 2374 arguere,

437 2396 510 2449 ita
549 2411 609 2451 se
634 2411 742 2450 non
774 2396 977 2450 habere
1015 2412 1028 2449 :
1072 2411 1215 2466 sarpe
1258 2411 1496 2467 namque
1519 2396 1804 2450 commixti
1838 2395 2011 2466 genti-

435 2488 559 2550 bus,
592 2494 647 2543 et
687 2502 755 2541 ex
805 2486 1171 2542 fornicatione
1215 2487 1436 2557 plurimi
1488 2495 1645 2542 erant
1686 2487 1829 2551 nati;
1863 2486 2009 2555 quod

434 2594 464 2629 a
501 2578 787 2648 pr0phetis
810 2593 1185 2648 saepenumero
1211 2579 1319 2632 illis
1339 2579 1769 2648 improperatum
1789 2577 2009 2647 legitur.

437 2669 544 2724 Sed
600 2670 653 2724 id
702 2669 967 2725 Dominus
1014 2670 1240 2725 minime
1277 2670 1445 2737 facit,
1492 2685 1680 2725 verum
1727 2685 1757 2725 a
1789 2671 2011 2740 propria

435 2763 559 2817 illos
594 2777 728 2817 voce
757 2760 1061 2831 redarguit.

508 2893 672 2949 Vens.
700 2895 790 2948 45.
821 2923 891 2935 -
925 2893 1037 2948 Hoc
1067 2894 1185 2947 vult
1217 2894 1399 2950 dicere
1427 2913 1441 2949 :
1494 2893 1599 2949 Sed
1628 2894 1771 2957 dico,
1809 2894 2010 2966 inquit,

434 2987 613 3050 vobis,
648 2986 824 3052 Quare
855 2986 1117 3054 loquelam
1148 3002 1318 3039 meam
1342 3003 1445 3040 non
1480 2987 1796 3054 cognoscitis
1823 2989 1848 3042 7
1875 2987 2010 3043 Cum

2110 1902 2216 1937 των
2244 1884 2379 1955 ὁμοῦ
2399 1886 2508 1939 τῶν
2525 1888 2677 1958 παρὰ
2698 1888 2835 1942 Θεοῦ
2860 1889 3065 1953 καλῶν,
3087 1893 3154 1961 τῇ
3181 1889 3416 1959 διηνεκεῖ
3443 1887 3687 1959 τιμωρίᾳ

2112 1977 2459 2048 παραδίδοται
2484 1994 2498 2008 ·
2527 1982 2555 2032 ὁ
2576 1980 2635 2033 δέ
2662 1981 2762 2052 τῆς
2804 1981 3119 2053 ἐλευθερίας
3158 1982 3472 2044 ἀπολαύσας
3497 1982 3590 2034 καὶ
3624 1982 3684 2033 ἐν

2110 2067 2226 2119 υἱοῦ
2256 2066 2406 2134 τάξει
2460 2071 2736 2135 καταστὰς
2781 2071 3019 2144 διηνεκεῖ
3068 2071 3178 2126 τῶν
3225 2071 3375 2144 παρά
3424 2070 3518 2125 τοῦ
3546 2066 3683 2124 Θεοῦ

2110 2160 2329 2228 ἀγαθῶν
2358 2162 2577 2231 δέχεται
2604 2163 2701 2235 τὴν
2728 2165 3048 2220 ἀπόλαυσιν.

2181 2295 2327 2366 Στίχ.
2347 2296 2529 2366 μβ’.-
2550 2298 2917 2370 Ἡδύνατο(ί⁶)
2950 2305 3048 2371 μεν
3082 2300 3176 2355 καὶ
3207 2299 3366 2354 τοῦτο
3388 2299 3487 2370 ούχ
3513 2300 3686 2363 οὕτως

2110 2389 2254 2459 ἔχειν
2279 2390 2353 2460 (Ξ)
2376 2388 2611 2458 ἐλέγξαι·
2645 2392 2738 2445 καὶ
2770 2392 2879 2463 γὰρ
2913 2392 3255 2464 ἐπεμίγησαν
3279 2392 3537 2454 πολλάκις
3571 2393 3685 2454 τοῖς

2112 2479 2320 2533 ἔθνεσιν
2357 2482 2449 2534 καὶ
2481 2485 2545 2535 ἐκ
2575 2484 2830 2553 πορνείας
2858 2484 3041 2537 πολλοὶ
3083 2487 3212 2557 παρ’
3241 2485 3422 2548 αὐτοῖς
3456 2483 3683 2555 ἐτέχθη-

2115 2590 2232 2637 σαν,
2260 2575 2352 2626 καί
2381 2574 2619 2644 συνεχῶς
2642 2574 2801 2628 τοῦτο
2828 2575 3211 2646 ὀνειδιζόμενοι
3235 2575 3385 2647 παρά
3410 2578 3525 2639 τοῖς
3553 2592 3688 2645 προ-

2113 2664 2310 2732 φήταις
2343 2663 2640 2732 φαίνονται.
2683 2663 2823 2716 Ἀλλ’
2856 2663 2976 2718 ούδέ
3027 2665 3185 2718 τοῦτο
3224 2668 3397 2718 ποιεῖν
3426 2665 3455 2716 ὁ
3482 2663 3686 2735 Κύριος

2111 2754 2382 2825 ἀνέχεται,
2412 2755 2527 2809 ἀλλ’
2553 2756 2661 2809 ἀπὸ
2691 2756 2792 2828 τῆς
2820 2757 3000 2812 αὐτῶν
3037 2759 3219 2829 φωνῆς
3250 2761 3349 2831 (5).

2183 2887 2327 2958 Στίχ.
2362 2896 2545 2958 μγ’.-
2563 2889 2732 2944 Τοῦτο
2753 2889 2999 2961 βούλεται
3021 2890 3096 2962 (4)
3124 2892 3296 2945 εἰπεῖν
3317 2908 3331 2921 ·
3362 2890 3503 2945 Ἀλλ’
3526 2893 3689 2955 almo,

2114 2979 2295 3048 φησὶν,
2321 2981 2467 3050 ὑμῖν,
2507 2982 2672 3047 Τίνος
2700 2981 2908 3037 ἕνεκεν
2933 2985 3004 3037 οὐ
3021 2984 3261 3037 συνίετε
3288 2984 3360 3039 τὰ
3386 2985 3521 3053 παρ’
3540 2984 3689 3054 ἐμοῦ

435 3078 617 3132 dicere
642 3076 879 3147 potuerit
908 3097 919 3129 :
944 3077 1081 3142 Quia
1107 3078 1171 3132 ad
1201 3078 1402 3131 malum
1428 3078 1585 3147 proni
1615 3078 1771 3132 estis.
1795 3080 2013 3147 Λυσι-ιω

2115 3068 2441 3137 derogent;
2469 3072 2588 3124 ἀντὶ
2620 3071 2715 3124 τοῦ
2746 3074 2937 3141 εἰπεῖν,
2974 3075 3118 3144 Πρὸς
3152 3076 3213 3129 τὸ
3234 3078 3413 3148 χεῖρον
3449 3078 3643 3148 ρέπετε
3669 3093 3686 3109 ·

436 3167 744 3239 probationi
770 3181 1023 3238 parcens,
1057 3182 1362 3223 sermonem
1397 3169 1694 3230 continuit,
1728 3170 1888 3234 Quia,
1927 3170 2009 3223 in-

437 3263 577 3330 quit,
633 3275 737 3313 non
768 3261 1013 3327 potestis.
1060 3258 1264 3315 Deinde
1295 3259 1537 3314 ostendit
1574 3275 1746 3330 quare
1781 3277 1883 3313 non
1916 3275 2013 3328 po-

439 3353 584 3407 testis
610 3370 625 3406 :
654 3351 865 3418 Quanta
888 3361 1006 3406 erat
1028 3356 1172 3405 enim
1197 3362 1376 3407 vestra
1402 3352 1559 3421 quasi
1588 3354 1861 3419 parentela
1889 3368 2013 3406 cum

438 3443 533 3497 illo
579 3443 670 3512 qui
705 3441 773 3495 ad
811 3440 1154 3496 mendacium
1210 3449 1404 3494 natura
1444 3455 1654 3510 pronus
1697 3448 1802 3505 est,
1865 3449 2014 3492 tanta

440 3534 506 3587 ad
566 3534 846 3589 Veritatem
898 3533 1193 3588 conversio
1239 3533 1399 3587 debet
1450 3548 1598 3588 esse.
1626 3533 1799 3587 Aliter
1832 3540 2012 3586 autem

439 3627 572 3681 dicit
597 3644 611 3681 :
642 3626 903 3681 Diabolus
930 3635 1081 3696 pater
1109 3635 1195 3680 est
1226 3625 1515 3689 mendacii,
1538 3641 1661 3680 cum
1688 3625 1818 3679 illud
1851 3626 2011 3679 etiam

438 3720 701 3790 genuerit.
733 3718 951 3774 Primus
981 3717 1118 3772 illud
1170 3717 1459 3781 adhibens,
1494 3717 1767 3787 loquendo
1787 3716 2014 3778 Adamo,

441 3809 719 3879 proprium
772 3824 911 3880 opus
962 3808 1230 3873 exercuit,
1273 3809 1380 3863 alia
1411 3823 1511 3878 pro
1552 3808 1677 3862 aliis
1716 3824 2013 3877 usurpans.

444 3901 586 3954 Dicit
631 3900 814 3970 igitur,
849 3899 988 3967 Quia
1022 3899 1248 3953 mendas:
1274 3909 1350 3953 est
1380 3909 1428 3953 et
1457 3909 1608 3968 pater
1635 3898 1746 3967 ejus
1782 3898 1861 3968 (v.
1889 3897 2013 3967 44),

442 3992 569 4061 quia
612 3990 821 4045 scilicet
865 3988 1149 4042 mendacio
1176 3989 1386 4057 primus
1418 4003 1549 4043 usus
1596 3995 1701 4054 est,
1732 3995 1790 4040 ut
1821 3987 2017 4057 probat

441 4082 661 4139 additus
710 4080 993 4143 articulus,
1049 4088 1107 4133 ut
1140 4079 1280 4132 solet
1311 4078 1688 4135 indifferenter
1730 4076 2014 4149 Scriptura

442 4190 598 4230 sacra
627 4171 798 4243 loqui.
840 4170 1131 4240 Propterea
1177 4170 1345 4240 igitur
1374 4170 1521 4239 quod
1570 4169 1839 4225 mendacii
1877 4171 2015 4226 socii

443 4263 585 4326 suis,
619 4263 685 4318 ad
714 4261 996 4317 veritatem
1030 4274 1190 4329 quam
1227 4259 1421 4327 loquor
1448 4274 1554 4313 non
1582 4259 1780 4313 mirqu
1809 4269 1893 4313 est
1919 4274 2016 4313 vos

444 4371 552 4411 non
584 4355 885 4409 attendere.
922 4350 1035 4406 Hoc
1067 4358 1248 4405 autem
1281 4350 1539 4405 euodavit
1566 4371 1577 4405 ε
1616 4353 1794 4416 Quare
1823 4353 2017 4407 verita-

447 4459 545 4497 tem
574 4462 740 4499 meam
765 4461 870 4497 non
908 4442 1220 4513 cognoscitis
1244 4443 1269 4498 Ρ
1291 4443 1415 4511 quia
1448 4459 1550 4495 non
1581 4445 1799 4508 potestis
1830 4442 2016 4498 audire
2049 4473 2092 4527 ι)

446 4550 730 4587 sermonem
758 4550 949 4586 meum.
990 4532 1227 4587 Causam
1256 4531 1571 4587 enimdixit
1600 4542 1821 4603 propter
1851 4550 2015 4603 quam

449 4642 554 4681 non
594 4632 842 4695 possunt,
896 4625 970 4676 ita
999 4633 1056 4676 ut
1097 4640 1206 4678 non
1240 4625 1293 4677 in
1330 4633 1548 4686 natura,
1588 4624 1683 4678 Sed
1708 4625 1762 4677 in
1799 4625 2014 4679 illorum

450 4719 724 4773 \oluntate
753 4715 1027 4777 videatur,
1062 4704 1288 4785 operum
1345 4716 1663 4786 impotentia
1693 4716 1746 4769 in
1782 4732 2020 4786 propen-

449 4826 602 4865 sione
634 4816 797 4878 atque
828 4806 1117 4862 aﬂectione
1152 4806 1219 4860 ad
1242 4808 1443 4862 malum
1468 4807 1705 4879 jaceute.
1737 4808 1873 4862 Cum
1909 4823 2019 4862 non

450 4900 672 4957 .:redant
719 4898 932 4953 veritati
977 4899 1285 4962 verborum,
1336 4915 1437 4955 nec
1472 4900 1595 4955 ideo
1632 4899 1777 4955 dicta
1821 4900 2021 4953 intelli-

451 5000 598 5063 galli,
646 5000 904 5061 tanquam
933 5004 999 5043 ex
1021 4990 1312 5045 ratiocinio
1334 4993 1671 5048 concludens
1696 4993 1832 5048 dixit
1857 5012 1870 5048 :
1904 4992 2018 5063 Ego

454 5087 715 5139 veritatem
747 5084 886 5149 dico,
918 5098 1019 5136 non
1048 5082 1261 5137 creditis
1295 5085 1421 5137 mihi
1452 5085 1537 5155 (v.
1567 5086 1688 5149 45).

2117 3162 2331 3230 φεύγων
2355 3163 2447 3216 τοῦ
2477 3164 2699 3235 ἐλέγχου
2728 3167 2787 3219 τὸ
2816 3168 3108 3237 προφανὲς,
3144 3169 3382 3222 ἐκώλυσε
3401 3170 3490 3222 τὸν
3508 3170 3686 3239 λόγον,

2129 3253 2389 3323 Ἐπειδὴ,
2415 3256 2597 3327 φησὶν,
2628 3259 2699 3311 οὐ
2721 3258 2983 3315 δύνασθε
3005 3277 3020 3291 ·
3053 3256 3171 3315 εἶτα
3185 3261 3325 3314 ὥστε
3359 3259 3526 3326 δεῖξαι
3548 3262 3692 3315 κατά

2115 3343 2165 3394 τί
2196 3345 2269 3398 οὑ
2298 3343 2592 3400 δύνασθε·
2624 3348 2829 3401 ἐκείνου
2863 3351 2971 3421 γὰρ
3003 3350 3138 3422 πρὸς
3163 3351 3225 3404 τὸ
3266 3351 3460 3422 ψεῦδος
3493 3352 3689 3422 ῥέπον-

2114 3453 2206 3499 τος
2239 3438 2361 3490 ὅσον
2395 3438 2545 3509 ἔχετε
2574 3441 2673 3511 τὴν
2708 3442 2845 3514 πρὸς
2877 3443 3037 3497 αὐτὸν
3069 3444 3394 3515 οἰκειότητα,
3425 3444 3693 3515 τοσαύτην

2116 3530 2279 3601 ἐχρῆν
2315 3531 2459 3601 ὑμᾶς
2507 3532 2719 3603 ἀνάγκη
2764 3534 2899 3605 πρὸς
2945 3535 3041 3606 τὴν
3093 3536 3347 3607 ἀλήθειαν
3398 3538 3497 3608 τὴν
3531 3537 3692 3590 ἀλλος

2114 3621 2337 3692 τρίωσιν
2351 3638 2364 3650 ·
2398 3623 2584 3675 Ὅταν
2601 3624 2705 3693 γὰρ
2731 3624 2916 3693 λαλῇ,
2934 3628 3052 3680 ἀντί
3064 3626 3179 3693 τοῦ,
3196 3629 3254 3682 ’0
3269 3628 3512 3693 διάϐολος
3535 3632 3564 3684 ὁ
3592 3630 3690 3683 τοῦ

2115 3709 2341 3779 ψεύδους
2369 3710 2569 3782 πατὴρ,
2600 3711 2658 3775 ὃς
2691 3713 2990 3785 ἐπειδήπερ
3028 3714 3160 3767 αὐτὸ
3195 3715 3289 3768 καὶ
3328 3715 3688 3786 γεγέννηκεν·

2121 3802 2331 3873 πρῶτος
2353 3803 2483 3856 αὐτὸ
2505 3803 2812 3875 περιϐαλὼν
2836 3807 2896 3858 ἐν
2920 3809 2986 3876 τῇ
3018 3807 3153 3876 πρὸς
3168 3807 3338 3877 Ἀδὰμ
3359 3811 3508 3879 φωνῇ
3527 3808 3692 3879 ’ἐτερά

2115 3911 2175 3947 τε
2202 3894 2337 3965 πρὸς
2368 3895 2529 3947 αὑτὸν
2566 3896 2683 3948 ἀνθ’
2726 3896 2927 3969 ἐτέρων
2964 3898 3135 3951 εἰπεῖν
3165 3897 3244 3969 τῷ
3285 3899 3397 3970 ἰδίῳ
3424 3900 3689 3971 κέχρηται

2118 3986 2283 4056 ἔργῳ·
2305 3986 2365 4038 τδ
2382 3981 2474 4039 οὖν
2492 3987 2619 4040 Ὅτι
2642 3989 2808 4055 ψεύσ
2811 4005 2917 4054 της
2933 3989 3063 4042 ἐστὶ
3086 3990 3182 4044 καὶ
3205 3994 3238 4044 ὁ
3267 3993 3464 4059 πατὴρ
3478 3992 3690 4056 αὑτοῦ,

2119 4077 2206 4132 ἵνα
2237 4079 2369 4152 εἴπῃ
2393 4080 2472 4132 ὅτι
2509 4080 2603 4133 καὶ
2627 4079 2855 4148 ψεύδους
2887 4080 3101 4151 πρῶτος
3129 4083 3290 4147 αὐτὸς
3324 4086 3689 4156 χρησάμενος,

2117 4171 2191 4234 ὡς
2222 4173 2469 4240 φαίνεται
2502 4174 2562 4226 τὸ
2594 4174 2794 4246 ἄρθρον
2832 4176 3282 4246 παρεγκείμενον,
3313 4179 3454 4231 κατὰ
3492 4180 3592 4250 τὴν
3633 4182 3693 4232 ἐν

2115 4266 2181 4333 τῇ
2216 4263 2334 4335 θείᾳ
2362 4264 2552 4338 Γραφῇ
2597 4266 2698 4336 τῆς
2726 4267 2976 4339 φράσεως
3016 4267 3368 4341 ἀδιαφορίαν·
3406 4270 3492 4325 διὰ
3535 4271 3693 4326 τοῦτο

2117 4356 2293 4410 τοίνυν
2318 4358 2531 4421 οἰκείως
2560 4357 2773 4428 ἔχοντες
2792 4360 2929 4431 πρὸς
2950 4360 3011 4413 τὸ
3035 4360 3249 4431 ψεῦδος,
3276 4362 3376 4433 τὴν
3403 4364 3530 4435 παρ’
3553 4364 3690 4433 ἐμοῦ

2118 4448 2418 4520 λεγομένην
2457 4450 2712 4521 ἀλήθειαν
2739 4453 2962 4516 εἰκότως
2998 4452 3058 4504 ού
3091 4453 3413 4523 προσίεσθε·
3444 4452 3601 4507 τοῦτο
3632 4455 3691 4508 δὲ

2120 4540 2365 4594 ἀπέδωτο
2398 4542 2533 4612 πρὸς
2554 4541 2634 4604 τὸ,
2660 4542 2763 4595 Διὰ
2781 4543 2839 4595 τί
2867 4544 2978 4609 τὴν
3001 4543 3288 4611 ἀλήθειαν
3311 4544 3427 4612 τὴν
3446 4545 3599 4614 ἐμὴν
3616 4548 3691 4598 οὐ

2119 4631 2438 4703 γινώσκετε
2453 4650 2470 4697 ;
2493 4634 2579 4686 ὅτι
2593 4636 2661 4687 οὐ
2682 4634 2945 4688 δύνασθε
2971 4637 3216 4690 ἀκούειν
3231 4637 3340 4691 τὸν
3352 4639 3537 4707 ,λόγον
3547 4654 3686 4706 μου·

2119 4721 2217 4792 τὴν
2241 4722 2350 4793 γὰρ
2379 4723 2557 4776 αἰτίαν
2590 4719 2741 4776 εἶπεν
2768 4724 2835 4778 δι’
2866 4725 2932 4794 ἣν
2956 4726 3017 4777 οὐ
3048 4725 3320 4791 δύνανται,
3346 4726 3485 4779 ὥστε
3517 4727 3691 4797 φανῆ-

2118 4831 2207 4866 ναι
2228 4815 2286 4867 ἐν
2316 4817 2381 4885 τῇ
2406 4814 2581 4868 αύτῶν
2606 4814 2946 4888 προαιρέσει,
2973 4818 3068 4871 καὶ
3090 4817 3187 4870 οὐκ
3211 4820 3269 4870 ἐν
3298 4821 3365 4890 τῇ
3395 4817 3572 4887 φύσει,
3593 4818 3694 4888 τὴν

2119 4902 2215 4959 τοῦ
2245 4904 2569 4975 πράγματος
2615 4905 2917 4977 ἀδυναμίαν
2949 4906 3233 4978 κειμένην,
3274 4909 3330 4960 ἐν
3359 4912 3426 4979 τῇ
3458 4908 3591 4979 πρὸς
3624 4907 3695 4961 τὰ

2125 4997 2291 5068 χείρω
2318 4999 2458 5069 ῥοπῇ
2494 4998 2587 5051 καί⁵
2616 4998 2793 5069 φιλίᾳ·
2827 5000 2888 5053 ού
2931 5001 3302 5071 προσιεμένων
3335 5000 3442 5055 τῶν
3472 5000 3696 5068 λεγομέ-

2125 5108 2231 5143 νων
2268 5090 2365 5162 τὴν
2396 5090 2683 5161 ἀλήθειαν·
2716 5092 2804 5146 διὰ
2846 5092 3003 5146 τοῦτο
3038 5093 3159 5146 οὐδὲ
3189 5093 3476 5147 συνιέντων
3509 5093 3577 5146 τὰ
3606 5093 3695 5146 λε-

454 5178 676 5247 γόμενα,
711 5174 896 5245 ὥσπερ
920 5191 971 5227 τι
1012 5173 1371 5245 συλλογισμοῦ
1405 5176 1774 5247 συμπέρασμα
1805 5175 1962 5230 τοῦτο
2001 5179 2247 5237 ἀπέδωτο
2269 5183 2348 5248 τὸ,
2383 5184 2512 5235 Ὅτι
2542 5182 2654 5250 τὴν
2685 5183 2973 5251 ἀλήθειαν
3009 5182 3183 5253 λέγω,
3251 5186 3323 5239 οὐ
3386 5182 3699 5239 πιστεύετέ

448 5286 568 5338 μοι.

523 5489 599 5556 (l)
633 5487 731 5541 Mai
769 5487 899 5542 ibid.
928 5503 980 5557 p.
1014 5487 1141 5541 400.

527 5557 630 5625 (1⁸)
654 5558 816 5611 Cord.
850 5566 958 5611 cat.
987 5573 1039 5627 p.
1080 5557 1209 5612 237.

531 5627 605 5696 (2)
628 5627 772 5698 ραι..
803 5628 962 5698 ἔχων.

529 5695 604 5764 t3)
637 5695 702 5772 l_J_t
718 5695 989 5772 sententia
1003 5697 1383 5772 certe_integra
1407 5698 1478 5772 sit
1505 5698 1641 5772 adde
1665 5708 1787 5769 post
1806 5700 1871 5772 ζν.
1894 5699 2023 5770 [φω-

458 5766 552 5835 νῆς
573 5781 622 5820 v.
654 5766 864 5836 ἐλέγχει
889 5766 1102 5830 αὐτούς.
1126 5766 1443 5839 Cujusinodi
1466 5784 1551 5825 vv.
1577 5766 1818 5826 fortasse
1836 5766 2022 5827 errore

2121 5495 2460 5560 exciderunt,
2492 5510 2802 5564 quanquam
2849 5495 2902 5548 in
2949 5496 3155 5550 catenis
3190 5496 3331 5551 haud
3366 5512 3493 5552 raro
3526 5499 3698 5554 oratio

2129 5574 2331 5621 temere
2358 5567 2433 5619 ita
2467 5574 2748 5638 contracta
2775 5635 2784 5638 _
2810 5576 2913 5628 est,
2961 5575 3018 5638 u_t
3050 5566 3274 5638 intelligi
3299 5576 3553 5638 nequeat.
3592 5570 3699 5625 nisi

2124 5636 2666 5780 exgpnht‘eatubvierba
2719 5634 2856 5691 falso
2892 5636 3099 5695 omissa
3127 5634 3401 5707 scriptori
3419 5639 3697 5694 restituas.

2355 5721 2449 5761 ait
2495 5723 2507 5760 ι
2555 5747 2568 5761 .

2355 5721 2405 5761 al
2436 5721 2568 5761 ιυια.
