4096 6234
358 313 457 370 753

960 432 1211 486 ΚΕΦΔΑ.
1254 434 1331 486 Θ’.

319 516 330 537 ⁸
428 523 576 593 Στίχ.
612 522 677 592 β.
710 551 779 561 ——
807 522 1038 593 Εῦλογον
1085 525 1182 597 μὲν
1240 525 1420 579 αἰτίαν
1463 520 1600 582 εἶναι
1658 527 1749 583 τοῦ
1800 545 1929 599 συμ-

357 617 547 680 ϐάντος
576 616 878 683 ἐπίστευον,
918 618 1011 671 καὶ
1041 619 1139 671 οὐκ
1167 618 1231 671 ἂν
1264 618 1447 682 ἁπλῶς
1481 618 1627 689 αύτῷ
1657 619 1929 689 συμϐῆναι

358 709 418 761 τὸ
444 708 630 773 πάθος,
664 708 759 761 τοῦ
777 709 911 762 Θεοῦ
938 709 996 762 τὸ
1016 708 1350 780 ἀνθρώπινον
1370 710 1769 782 ἐπιμελημένου
1792 729 1930 783 πρα-

359 800 613 869 γμάτων’
658 800 797 854 κατά
838 800 894 854 δὲ
936 801 1033 873 τὴν
1067 801 1411 874 ἀνθρωπίνην
1443 802 1748 867 ἀσθένειαν,
1781 803 1930 856 οὐδὲν

362 892 522 946 πλέον
548 892 836 947 ὑπολαϐεῖν
864 893 1198 965 δυνηθέντες,
1226 895 1324 967 τὴν
1365 896 1459 949 τοῦ
1495 896 1797 965 συμϐάντος
1843 898 1929 950 αί-

360 985 478 1038 τίαν
528 986 619 1038 ἐπὶ
667 985 939 1057 ἁμαρτίαν
976 986 1145 1057 μόνην
1183 987 1463 1060 ἀνέφερον,
1499 989 1617 1059 ἦτοι
1663 988 1863 1057 γονέων
1894 988 1929 1057 ἡ

1536 315 1601 371 ΙΝ
1634 314 2082 374 EVANGELIUM
2111 315 2413 372 JOANNIS.

3496 319 3596 373 τοι

2678 431 2830 489 CAP.
2860 431 2949 487 IX.

2110 519 2275 577 Vens.
2303 520 2356 575 ‘2.
2385 550 2454 559 -—
2489 522 2720 577 Causam
2759 523 3040 578 infortunii
3082 522 3431 577 verisimilem
3477 538 3599 578 esse

2034 614 2353 678 credebant,
2387 628 2485 667 nec
2516 613 2566 669 ei
2601 615 2878 669 immerito
2906 623 3222 669 eventuram
3263 627 3384 668 esse
3408 612 3598 667 adver—

2010 707 2271 773 r_sitatem,
2304 705 2436 767 Deo.
2464 706 2703 761 humano
2737 723 2912 770 more,
2944 723 3030 762 res
3054 708 3321 760 humanas
3347 713 3596 761 curante.

2034 796 2371 851 Infirmitatis
2411 797 2664 851 humanae
2693 811 2883 860 causa,
2915 798 3051 851 nihil
3089 797 3321 865 amplius
3358 796 3597 865 cogitan-

2034 897 2135 951 tes,
2167 890 2266 944 soli
2302 902 2525 959 peccato
2551 905 2647 944 seu
2678 901 2982 960 parentum,
3013 906 3106 944 seu
3140 890 3312 960 ipsius
3345 887 3599 959 patientis

2034 995 2254 1035 causam
2299 980 2580 1036 infortunii
2614 982 2949 1055 tribuebant,
2979 998 3087 1036 non
3120 981 3337 1050 quidem
3380 990 3600 1050 peccato

362 1077 455 1131 καὶ
479 1074 642 1129 αὐτοῦ
678 1076 1004 1141 πεπονθότος
1026 1095 1039 1108 ·
1074 1079 1171 1149 οὐχ
1195 1078 1272 1142 ὡς
1297 1080 1384 1133 διὰ
1412 1079 1472 1133 τὸ
1499 1082 1811 1151 ἀμαρτῆσαι
1837 1099 1935 1134 παο

2059 1090 2142 1126 am
2167 1077 2231 1127 ab
2252 1073 2653 1142 illojcommisso
2679 1092 2690 1126 :
2714 1074 2991 1144 quomodo
3012 1074 3157 1128 enim
3182 1073 3421 1127 nondum
3442 1083 3603 1125 natus

360 1170 542 1232 θόντος
568 1186 582 1200 ο
615 1169 732 1233 πῶς
769 1169 875 1243 γάρ
919 1165 1029 1223 οἷόν
1070 1188 1127 1224 τε
1163 1167 1230 1243 ἦν
1281 1173 1544 1243 ἁμαρτεῖν
1573 1173 1662 1227 τὸν
1709 1172 1933 1245 μηδέπω

362 1258 720 1328 γεννηθέντα;
756 1258 867 1312 ἀλλ’
901 1258 976 1323 ώς
1007 1259 1071 1313 ἂν
1099 1260 1186 1314 διὰ
1218 1259 1278 1313 τὸ
1323 1260 1535 1331 μέλλειν
1579 1261 1932 1332 ἁμαρτάνειν,

362 1349 456 1403 τοῦ
489 1350 626 1403 Θεοῦ
673 1351 808 1421 μετά
842 1352 1148 1423 πρόγνωσιν
1182 1352 1341 1407 αὑτὸν
1391 1354 1468 1426 τῷ
1516 1355 1677 1407 πάθει
1709 1356 1935 1423 περιϐα-

362 1442 564 1505 λόντος.

434 1534 581 1604 Στίχ.
618 1540 685 1603 γ’.
716 1564 786 1573 -
822 1534 1024 1599 Εξπὼν,
1048 1537 1171 1590 Ἵνα
1202 1536 1512 1607 φανερωθῇ
1550 1539 1589 1607 ἡ
1637 1537 1787 1603 δόξα
1828 1540 1937 1594 τοῦ

366 1626 535 1691 Θεοῦ,
565 1627 692 1695 περὶ
719 1628 913 1681 ἐαυτοῦ
955 1629 1217 1700 φησιν,ού
1250 1632 1378 1701 περὶ
1404 1629 1498 1683 τοῦ
1530 1632 1762 1702 Πατρόςσ
1797 1632 1938 1685 ἐκεί-

368 1734 460 1769 νου
491 1717 595 1788 γὰρ
623 1719 656 1787 ὴ
703 1717 829 1783 δόξα
875 1719 1084 1792 φανερὰ
1123 1717 1190 1795 ἦν
1212 1736 1226 1751 ·
1258 1721 1446 1792 ἐπειδὴ
1478 1722 1584 1793 γὰρ
1633 1723 1826 1794 ἢκουον
1855 1725 1936 1777 ὅτι

369 1809 400 1859 ὀ
415 1810 544 1873 Θεὸς
565 1810 783 1879 ἐποίησε
808 1810 898 1864 τὸν
917 1811 1201 1882 ἄνθρωπον
1224 1812 1351 1884 χοῦν
1372 1813 1550 1868 λαϐὼν
1565 1815 1673 1868 ἀπὸ
1694 1815 1793 1886 τῆς
1813 1818 1935 1886 γῆς,

370 1902 459 1955 διὰ
484 1902 636 1954 τοῦτο
663 1903 751 1955 καὶ
778 1903 937 1967 αὐτὸς
963 1904 1216 1974 ἐποίησεν
1254 1906 1349 1976 (l).
1367 1906 1440 1959 Τὸ
1472 1908 1569 1978 μὲν
1598 1908 1707 1979 γὰρ
1737 1910 1935 1969 είπεῖν,

368 1997 451 2049 ὅτι
495 1993 635 2062 Ἐγώ
672 1997 786 2065 εἰμι
817 1996 845 2047 ὀ
879 1997 970 2049 καὶ
996 1997 1116 2050 τότε
1148 1997 1596 2071 πλαστουργήσας
1614 2000 1705 2054 τὸν
1736 2000 1943 2073 ἄνθρωο

369 2103 489 2151 πον,
542 2086 841 2157 πρόσαντες
893 2088 1064 2141 ἐδόκει
1111 2093 1221 2155 τοῖς
1275 2090 1566 2145 ἀκούουσι·
1613 2091 1701 2146 διὰ
1743 2092 1799 2146 δὲ
1849 2093 1942 2147 τοῦ

366 2178 530 2250 ἔργου
556 2179 716 2233 τοῦτο
746 2180 1113 2251 δεικνύμενον,
1144 2182 1326 2237 οὐκέτι
1359 2184 1541 2239 λοιπὸν
1576 2184 1904 2255 προσίστατο
1928 2203 1939 2214 ’

365 2270 449 2325 διὸ
471 2271 532 2342 δὴ
560 2271 653 2326 καὶ
673 2271 833 2335 αὐτὸς
855 2272 1033 2326 λαϐὼν
1058 2273 1186 2345 χοῦν
1219 2276 1326 2328 ἀπὸ
1355 2277 1454 2349 τῆς
1482 2277 1604 2347 γῆς,
1636 2278 1729 2330 καὶ
1758 2277 1946 2349 φυρῶν

367 2364 447 2433 τῷ
478 2364 777 2434 πτύσματι,
825 2364 996 2430 οὕτως
1025 2367 1123 2438 τὴν
1168 2368 1553 2440 κεκρυμμένην
1598 2368 1761 2423 αὑτοῦ
1791 2369 1945 2435 δόξαν

372 2457 713 2527 ὲφανέρωσε’
744 2458 804 2510 οὺ
839 2458 1011 2528 μικρά
1041 2460 1146 2527 γὰρ
1185 2459 1312 2523 δόξα
1334 2461 1395 2513 τὸ
1423 2460 1750 2533 δημιουργὸν
1785 2463 1946 2515 αὐτὸν

371 2551 691 2621 νομισθῆναι
716 2555 815 2623 τῆς
841 2553 1069 2616 κτίσεως
1092 2569 1105 2582 ο
1126 2555 1181 2605 εἰ
1215 2552 1323 2625 γάρ
1359 2555 1483 2626 περὶ
1511 2555 1608 2609 τοῦ
1642 2555 1885 2626 μείζονος
1911 2559 1943 2626 ἡ

371 2643 567 2706 κτίσις,
591 2644 757 2697 καὶτὸ
784 2644 1003 2698 ἔλαττον
1032 2645 1282 2700 ἐϐεϐαίου
1301 2665 1314 2677 ·
1340 2647 1569 2711 κτίσεως
1592 2648 1699 2719 γὰρ
1728 2649 1946 2719 ἁπάσης

369 2734 697 2806 τιμιιὶιτερον
727 2738 755 2789 ό
787 2735 1089 2807 ἄνθρωπος,
1120 2739 1212 2790 καὶ
1256 2739 1361 2791 τῶν
1391 2740 1448 2792 ἐν
1488 2743 1620 2810 ἡμῖν
1650 2740 1828 2811 μελῶν
1868 2759 1948 2794 τιο

376 2826 639 2899 μιώτερον
664 2830 694 2882 ὁ
723 2828 995 2906 ὀφθαλμός
1020 2845 1034 2858 °
1064 2831 1163 2900 οὐχ
1210 2831 1341 2899 ῦλης
1365 2831 1420 2884 δέ
1451 2831 1616 2903 ἕτερα
1647 2833 1736 2885 τὸν
1778 2832 1950 2904 πηλὸν

374 2919 659 2989 λαμϐάνει,
693 2920 806 2974 ἀλλ’
850 2922 1040 2975 ἑαυτὸν
1079 2918 1217 2976 εἶναι
1269 2923 1535 2978 διδάσκων
1582 2925 1944 2998 δημιουργόν·

374 3010 470 3064 καὶ
497 3010 657 3079 νίψας
671 3012 938 3065 ἀπολῦσαι
960 3029 973 3044 ο
1004 3014 1098 3067 καὶ
1125 3015 1207 3067 ὅτι
1233 3016 1361 3087 περὶ
1384 3016 1577 3070 ἑαυτοῦ
1601 3036 1786 3089 φησιν,
1819 3022 1950 3073 Ἵνα

2038 1180 2264 1234 peccare
2295 1166 2608 1235 potuisset?
2634 1166 2729 1220 sed
2771 1173 2993 1234 peccato
3031 1164 3440 1228 comniittendo,
3474 1163 3602 1227 Deo,

2034 1260 2188 1328 juxta
2224 1260 2621 1329 praevisionem,
2650 1258 3032 1314 adversitatent
3068 1256 3404 1327 providente.

2115 1541 2278 1599 Vens.
2304 1543 2432 1597 5.-
2452 1541 2778 1597 (ἷιιῐιιὸἱοίιι
2811 1540 2879 1595 Ut
2904 1542 3270 1611 manifestatur
3291 1541 3463 1612 gloria
3491 1540 3602 1603 Dei,

2039 1634 2106 1689 de
2154 1636 2336 1704 seipso
2365 1634 2522 1697 dicit,
2575 1648 2684 1688 non
2726 1633 2795 1688 de
2822 1631 3021 1699 Patre;
3065 1633 3229 1703 hujus
3255 1634 3400 1688 enim
3434 1633 3604 1701 gloria

2043 1726 2331 1781 manifesta
2375 1733 2514 1780 erat.
2543 1724 2676 1779 Nam
2710 1724 2902 1786 Deum,
2958 1725 3084 1777 limo
3117 1740 3148 1779 e
3183 1734 3325 1779 terra
3368 1733 3606 1792 sumpto,

2044 1819 2318 1874 hominem
2346 1818 2543 1873 fecisse
2571 1817 2881 1880 audierant,
2918 1825 3138 1886 propter
3166 1816 3312 1885 quod
3341 1816 3455 1884 ipse
3481 1830 3611 1884 quo-

2044 1930 2150 1984 que
2186 1914 2407 1968 fecerat.
2451 1912 2508 1965 Si
2544 1912 2690 1967 enim
2734 1912 2995 1967 dixisset:
3041 1910 3150 1980 Ego
3190 1925 3310 1964 sum
3352 1911 3443 1980 qui
3482 1918 3612 1962 tunc

2044 2019 2262 2074 quoque
2294 2003 2554 2071 plasmavi
2601 2002 2899 2063 hominem,
2928 2000 3120 2053 durius
3152 1999 3257 2052 hoc
3285 2000 3392 2054 illis
3433 1999 3609 2053 visum

2048 2097 2258 2151 fuisset.
2306 2094 2419 2149 Hoc
2445 2109 2584 2165 cpus
2610 2109 2735 2149 cum
2769 2094 2841 2149 sit
2873 2100 3190 2162 patraturus
3212 2091 3349 2146 nihil
3378 2091 3613 2160 amplius

2046 2187 2272 2241 addidit.
2307 2186 2424 2256 Ipse
2462 2202 2595 2257 ergo
2641 2201 2860 2256 quoque
2893 2201 2923 2239 e
2951 2192 3100 2239 terra
3146 2184 3335 2238 limum
3365 2198 3610 2244 sumens.

2048 2290 2319 2350 sputoque
2349 2280 2611 2340 miscens,
2662 2280 2743 2334 sic
2794 2276 3167 2333 absconditam
3203 2290 3358 2331 suam
3386 2275 3615 2346 gloriam

2050 2368 2458 2434 manifestavit;
2488 2384 2598 2422 non
2625 2369 2771 2423 enim
2801 2377 2922 2422 erat
2942 2369 2995 2421 ci
3025 2367 3237 2421 modica
3269 2366 3441 2436 gloria
3470 2380 3619 2420 crea-

2051 2459 2216 2514 tionis
2241 2470 2514 2513 auctorem
2546 2460 2871 2514 exiStimari.
2909 2457 3041 2512 Nam
3067 2460 3113 2514 si
3140 2459 3206 2514 de
3230 2459 3434 2528 majore
3462 2473 3617 2512 crea-

2050 2554 2123 2607 tio
2153 2552 2463 2618 haberetur,
2496 2551 2641 2621 quod
2672 2560 2791 2605 erat
2818 2551 2999 2604 mirans
3020 2550 3398 2605 conﬁrmabat.
3426 2548 3621 2615 Queru-

2050 2645 2343 2698 admodum
2368 2646 2513 2698 enim
2543 2643 2691 2698 omni
2722 2643 3003 2698 creatione
3044 2642 3280 2696 nobilior
3308 2650 3393 2696 est
3432 2641 3615 2706 homo,

2049 2738 2131 2793 sic
2169 2737 2425 2791 omnibus
2467 2737 2729 2791 membris
2765 2738 2970 2790 nostris
3005 2735 3245 2789 nobilior
3287 2742 3373 2790 est
3400 2736 3616 2790 oculus.

2050 2828 2193 2884 Nihil
2222 2828 2367 2883 aliud
2389 2843 2551 2899 quam
2568 2829 2768 2882 limum
2798 2843 3041 2892 sumens,
3065 2829 3253 2898 sicque
3277 2826 3479 2881 docens
3500 2843 3623 2882 esse

2049 2929 2373 2985 creatorem,
2426 2922 2626 2990 iubens
2677 2935 2894 2990 quoque
2952 2920 3120 2973 lavari
3168 2927 3226 2973 ut
3295 2927 3617 2983 sanaretur;

2051 3013 2259 3067 addens
2305 3027 2522 3082 quoque
2563 3013 2630 3067 de
2666 3013 2869 3081 seipso,
2917 3008 2985 3063 Ut
3030 3010 3396 3078 manifestatur
3450 3009 3623 3080 gloria

373 3104 685 3173 φανερωθῇ
712 3107 750 3175 ἡ
783 3104 933 3170 δόξα
979 3106 1101 3161 τοῦ
1132 3108 1302 3171 Θεοῦ,
1340 3112 1649 3178 ἐπήγαγενο
1697 3112 1828 3181 Ἐμὲ
1858 3114 1946 3166 δεῖ

2056 3105 2189 3159 Dei:
2224 3122 2304 3159 me
2329 3115 2530 3174 oportet
2561 3105 2791 3170 operari,
2841 3102 2895 3157 id
2932 3111 3037 3169 est,
3075 3101 3301 3173 Oportet
3330 3117 3416 3156 me
3447 3102 3622 3156 mani-

373 3194 736 3263 ἐρτάζεσθαι,
755 3198 1020 3263 τουτέστι,
1047 3200 1138 3251 Δεῖ
1160 3217 1227 3269 με
1261 3201 1575 3269 φανερώσει
1603 3203 1835 3271 ἐμαυτὸν
1856 3206 1946 3257 καὶ

2054 3196 2256 3253 festare
2294 3198 2581 3268 facereque
2615 3198 2761 3268 quod
2789 3208 2984 3266 potens
3012 3210 3174 3263 sum;
3210 3196 3427 3251 tandem
3461 3209 3521 3249 se
3539 3209 3625 3248 ea-

376 3290 599 3359 ποιῆσαι
628 3287 696 3341 τὰ.
717 3288 1022 3358 δυνάμενα·
1045 3290 1216 3355 δεῖξαι
1252 3292 1349 3361 μὲν
1392 3292 1462 3346 τὰ
1493 3293 1633 3346 αὐτὰ
1658 3294 1737 3364 τῷ
1772 3296 1949 3365 Πατρὶ

377 3377 653 3440 ποιοῦντα.
688 3378 716 3432 ὂ
752 3379 996 3450 μείζονος
1025 3383 1172 3435 ἐστιν
1206 3382 1638 3454 ἀπαραλλαξίας.

449 3470 571 3522 Ὀτι
606 3469 707 3538 μὲν
732 3470 764 3540 ἡ
789 3472 917 3542 περὶ
949 3472 1040 3524 τὸν
1072 3473 1271 3541 τυφλὸν
1302 3473 1567 3544 θεραπεία
1586 3473 1734 3545 αὑτῷ
1762 3491 1821 3527 τε
1863 3474 1951 3526 λυ-

378 3560 591 3632 σιτελὴς
612 3562 848 3629 ἐγένετο,
871 3563 966 3617 τοῦ
999 3564 1206 3628 πάθους
1225 3566 1322 3636 τὴν
1347 3565 1669 3636 ἀπαλλαγὴν
1698 3567 1953 3637 ἀφορμὴν

376 3651 593 3705 λαϐόντι
626 3654 722 3725 τῆς
754 3654 847 3708 τοῦ
880 3655 1214 3725 Μονογενοῦς
1239 3655 1604 3723 ἐπιγνώσεως,
1644 3658 1738 3711 καὶ
1775 3658 1951 3728 ἐτεροι

376 3741 444 3814 δὴ
474 3744 665 3813 πολλοὶ,
702 3745 800 3816 τὴν
844 3747 930 3799 ἐπ’
961 3747 1123 3800 αὐτὸν
1166 3747 1347 3799 πίστιν
1398 3748 1652 3801 ἁπάντων
1681 3751 1952 3821 προτιμᾷν

379 3837 800 3906 ἐπαιδεύθησαν,
852 3837 1111 3907 εὔδηλον·
1153 3838 1235 3892 δτι
1288 3838 1345 3892 δὲ
1389 3838 1549 3892 τοῦτο
1594 3840 1810 3894 ἔσεσθαι
1860 3841 1953 3895 καὶ

384 3930 519 4000 πρὸς
555 3930 727 3985 ταῦτα
764 3930 1011 4003 λυσιτελῆ
1040 3926 1179 3986 εἶναι
1207 3931 1304 4003 τὴν
1337 3932 1584 4002 πήροηιν
1619 3934 1783 3987 αὐτοῦ
1827 3952 1952 3987 συν-

384 4019 616 4085 έϐαινεν,
642 4022 889 4086 ἅπαντας
920 4024 1046 4086 τοὺς
1065 4022 1385 4093 ἀνθρώπους
1416 4024 1521 4093 πρὸ
1546 4024 1645 4093 τῆς
1672 4024 1952 4088 ἐκϐάσεως

380 4113 593 4180 ἀγνοεῖν
634 4108 704 4183 ἦν
754 4113 996 4183 ἀνάγκη’
1035 4113 1207 4175 οὕτως
1251 4114 1346 4168 νῦν
1391 4116 1499 4170 ἀπὸ
1545 4117 1640 4170 τοῦ
1691 4118 1958 4189 παρόντος

379 4203 718 4258 ἐπιστώσατο
730 4204 797 4257 τὰ
818 4205 980 4259 λοιπά
998 4220 1011 4233 ·
1032 4206 1217 4276 ἐπειδὴ
1236 4207 1508 4279 διαφόρως
1522 4211 1578 4262 ἐν
1593 4212 1705 4273 τοῖς
1727 4212 1956 4282 γενομέ-

380 4311 493 4357 νοις
511 4294 780 4364 θαύμασιν
804 4297 904 4367 τὴν
936 4295 1141 4349 οἰκείαν
1174 4293 1563 4369 ἀγνωμοσύνην
1584 4300 1959 4355 ἐπεδείκνυντο

398 4387 662 4448 Ἰουδαῖοι,
686 4388 761 4450 ὡς
791 4389 856 4441 ἐκ
888 4386 996 4441 τῶν
1022 4387 1402 4458 προλαϐόντων
1424 4389 1689 4462 ἔγνωμεν⁹
1727 4392 1959 4462 μάλιστα

2051 3289 2174 3344 dem
2203 3304 2266 3343 ac
2290 3289 2504 3345 Patrem
2542 3290 2830 3345 facientem
2868 3290 3187 3353 ostendens,
3220 3291 3509 3342 maximam
3542 3286 3620 3342 si-

2052 3379 2413 3434 militudinem
2455 3380 2815 3435 demonstrat.

2123 3472 2261 3526 Caeci
2288 3474 2627 3527 sanationem
2653 3474 2731 3528 illi
2757 3472 3054 3543 profuisse,
3086 3487 3210 3526 cum
3245 3487 3312 3526 ex
3340 3470 3625 3526 sanatione

2056 3563 2387 3619 infirmitatis
2427 3565 2772 3620 occasionem
2802 3566 3009 3635 ceperit
3056 3563 3124 3618 ad
3158 3563 3314 3618 fidem
3346 3560 3624 3630 Unigeniti

2053 3655 2512 3721 constituendam,
2543 3664 2878 3725 caeterosque
2901 3656 3099 3710 multos
3117 3654 3273 3709 ﬁdem
3297 3654 3416 3723 ejus
3445 3653 3625 3708 omni-

2054 3748 2155 3804 bus
2187 3749 2586 3817 anteposuisse,
2618 3749 2835 3803 cunctis
2862 3756 3031 3818 patet.
3063 3745 3259 3802 Omnia
3289 3752 3473 3799 autem
3505 3745 3619 3798 haec

2056 3835 2193 3900 fore,
2222 3838 2287 3891 ad
2310 3854 2432 3908 quae
2457 3838 2557 3892 fuit
2578 3837 2727 3892 utilis
2752 3836 3063 3903 infirmitas,
3085 3852 3277 3891 omnes
3301 3844 3427 3890 ante
3455 3850 3623 3890 even-

2054 3938 2167 3985 tum
2188 3932 2436 4001 ignorare
2453 3945 2677 3986 necesse
2692 3940 2830 3986 erat.
2844 3928 2918 3982 Ita
2939 3932 3040 3983 hoc
3054 3930 3319 3983 miraculo
3346 3944 3492 3983 nunc
3510 3927 3619 3983 rel‘v

2056 4040 2165 4095 qua
2191 4025 2512 4079 confirmata
2542 4032 2709 4090 sunt;
2743 4024 2965 4087 etenim,
2999 4031 3054 4076 ut
3079 4038 3143 4075 ex
3178 4022 3627 4076 antecedentibus

2058 4117 2331 4179 novimus,
2357 4117 2569 4172 diverse
2602 4117 2885 4171 stultitiam
2916 4130 3070 4171 suam
3092 4114 3262 4169 Judaei
3293 4114 3360 4169 de
3389 4114 3628 4167 miracu-

2061 4209 2127 4263 lis
2142 4209 2515 4270 ostenderant,
2536 4207 2807 4278 imprimis
2834 4207 2901 4262 de
2930 4205 3305 4261 sanationihus
3335 4205 3423 4259 die
3440 4204 3628 4259 sabba-

2063 4301 2403 4371 ti,illumque
2432 4301 2682 4370 persequi
2714 4308 2771 4353 ut
2793 4299 3016 4369 impium
3048 4298 3334 4367 quemdam
3365 4296 3630 4367 Legisque

2067 4393 2546 4464 praevaricatorem
2578 4398 2935 4447 tentaverant.
2975 4388 3269 4443 Sahbatum
3302 4398 3486 4441 autem
3512 4396 3630 4441 erat

380 4479 438 4532 δὲ
459 4482 517 4533 ἐν
536 4483 603 4551 τῇ
629 4480 721 4534 τοῦ
750 4480 1022 4534 σαϐϐάτου
1053 4481 1373 4551 θεραπεύειν
1398 4484 1601 4555 ἡμέρᾳ,
1628 4486 1721 4539 καὶ
1742 4485 1946 4539 διώκειν

2064 4487 2151 4542 die
2196 4502 2303 4557 qua
2330 4501 2532 4541 czecum
2564 4501 2594 4539 a
2641 4484 2923 4538 nativitate
2963 4490 3079 4536 erat
3124 4488 3455 4548 sanaturus;
3488 4482 3631 4535 unde

383 4571 546 4624 αὐτὸν
580 4571 656 4634 ώς
677 4571 847 4641 ἀσεϐῆ
873 4590 993 4626 τινα
1019 4573 1113 4626 καὶ
1137 4574 1452 4644 παράνομον
1475 4577 1791 4648 ἐπειρῶντο·
1831 4580 1957 4633 σάϐ-

382 4663 546 4716 ϐατον
564 4664 619 4715 δὲ
644 4658 711 4735 ἧν
741 4665 857 4716 κατ’
886 4664 1099 4735 ἐκείνην
1125 4665 1223 4736 τὴν
1248 4667 1460 4740 ἡμέραν
1485 4669 1613 4722 ὅταν
1635 4670 1955 4743 θεραπεύειν

382 4752 606 4821 ἔμελλεν
634 4753 725 4806 τὸν
753 4756 816 4807 ἐκ
841 4755 1074 4826 γενητῆς
1101 4757 1317 4823 τυφλόν·
1343 4757 1466 4812 ὅθεν
1486 4760 1580 4813 καὶ
1601 4764 1650 4815 oi
1681 4767 1955 4834 φαρισαῖοι

383 4843 684 4911 ἀντιλέγειν
737 4844 874 4915 πρὸς
910 4844 972 4897 τὸ
1019 4844 1202 4916 θαῦμα
1247 4848 1307 4900 ού
1354 4848 1659 4921 δυνάμενοι,
1714 4854 1820 4908 ἀπὸ
1856 4856 1955 4925 τῆς

382 4933 596 5003 ἡμέρας
630 4934 933 4988 διαϐάλλειν
971 4936 1031 4989 τὸ
1076 4938 1298 5006 γεγονὸς
1336 4941 1631 5013 ἐπειρῶντο
1668 4944 1949 5014 ).έγοντες’

328 5064 331 5067 λ
379 5020 571 5091 Οὗτος
621 5029 655 5080 ό
700 5026 1011 5096 ἅνθρωπος
1044 5031 1154 5084 οὐκ
1188 5032 1321 5085 ἔστι
1366 5035 1524 5101 παρὰ
1556 5036 1725 5100 Θεοῦ,
1763 5038 1852 5093 ὅτι
1892 5030 1957 5094 τὸ

382 5116 688 5170 σάϐϐατον
712 5120 784 5172 οὐ
807 5120 1002 5188 τηρεῖ*
1037 5122 1216 5187 καλῶς
1254 5124 1540 5195 προλαϐών
1584 5146 1747 5199 φησιν
1768 5148 1781 5161 ο
1829 5130 1959 5200 Ἐμὲ

382 5208 481 5261 δεῖ
503 5208 848 5278 ἐργάζεσθαι
879 5211 952 5265 τὰ
993 5212 1136 5283 ἔργα
1163 5213 1269 5268 τοῦ
1298 5215 1647 5285 πέμψαντός
1671 5238 1766 5290 με.
1803 5218 1956 5288 Οἶδα,

386 5302 572 5370 φησιν,
602 5301 684 5354 δτι
728 5305 1063 5374 μαχήσονται
1101 5309 1376 5377 φαρισαῖοι
1424 5311 1551 5379 περὶ
1586 5314 1683 5382 τῆς
1720 5313 1955 5385 ἡμέρας,

387 5393 483 5444 καὶ
537 5393 707 5465 ἀσεϐῆ
734 5396 829 5448 καὶ
860 5396 1175 5469 παράνομον
1229 5399 1304 5463 ώς
1341 5400 1401 5452 τὸ
1452 5402 1721 5458 σάϐϐατον
1769 5405 1961 5460 λύοντα

385 5482 820 5538 ἁποκαλέσουσιν
841 5503 854 5516 ·
886 5487 1002 5540 ἀλλ’
1031 5488 1081 5541 oi
1108 5489 1207 5559 μὲν
1234 5490 1406 5546 ταῦτα
1430 5494 1522 5545 καὶ
1544 5494 1845 5563 λεγέτωσαν
1870 5498 1961 5551 καὶ

388 5576 736 5643 ποιείτωσαν,
756 5580 852 5651 ἐμὲ
881 5581 936 5634 δὲ
957 5582 1050 5636 τοῦ
1072 5584 1419 5655 πέμψαντορ
1445 5588 1585 5659 ἔργα
1604 5592 1776 5644 ποιεῖν
1796 5609 1961 5662 προσ-

2068 4579 2350 4642 Pharisaei,
2372 4579 2466 4648 qui
2497 4578 2761 4631 miraculo
2787 4575 3159 4630 contradicere
3197 4589 3304 4629 non
3354 4583 3625 4644 poterant,

2065 4672 2138 4726 ob
2169 4671 2311 4726 diem
2347 4669 2609 4723 damnare
2638 4668 2839 4721 factum
2865 4666 3432 4727 tentarunt.dicentes
3466 4682 3477 4718 :
3508 4661 3632 4716 Non

2060 4775 2139 4819 est
2154 4764 2239 4817 hic
2261 4762 2413 4815 homo
2431 4780 2463 4815 a
2482 4760 2612 4824 Deo,
2631 4760 2719 4828 qui
2738 4756 3016 4811 sabbatum
3045 4774 3147 4811 non
3177 4754 3406 4811 custodit
3424 4757 3502 4824 (v.
3520 4754 3627 4822 16).

2064 4855 2210 4910 Bene
2259 4851 2596 4921 respondens
2639 4848 2798 4904 Jesus
2849 4848 3027 4902 dixit:
3061 4847 3147 4902 Me
3193 4857 3395 4916 oportet
3424 4850 3631 4914 operari

2064 4963 2224 5018 opera
2255 4946 2369 5015 ejus
2401 4946 2492 5016 qui
2523 4944 2664 4997 misit
2690 4959 2769 4996 me
2804 4941 2878 5012 (ν.
2906 4944 2988 5013 4).
3020 4940 3146 4997 Scio
3169 4981 3185 5005 ,
3217 4942 3412 5010 inquit,
3448 4939 3631 5009 phari-

2062 5053 2198 5096 33208
2241 5038 2309 5093 de
2356 5036 2445 5092 die
2480 5034 2881 5101 decertaturos,
2905 5049 3099 5103 meque
3131 5033 3358 5102 impium
3386 5038 3442 5083 et
3472 5028 3630 5099 chis

2063 5132 2539 5202 praevaricatorem
2572 5168 2587 5191 ,
2640 5137 2899 5196 tanquam
2949 5126 3232 5182 sabbatum
3282 5124 3628 5185 solventem,

2062 5234 2420 5281 accusaturos
2452 5236 2613 5287 esse;
2667 5218 2765 5276 sed
2811 5218 2928 5273 haec
2968 5217 3154 5271 dicant
3186 5229 3250 5269 ac
3288 5214 3515 5275 faciant,
3546 5228 3631 5266 me

2063 5328 2244 5374 autem
2277 5316 2531 5369 mittentis
2559 5328 2724 5384 opera
2759 5310 2942 5366 facere
2987 5308 3163 5372 decet,
3199 5307 3313 5362 haec
3343 5306 3632 5377 perﬁcien-

2061 5422 2170 5467 tem
2201 5423 2367 5480 opera
2399 5420 2520 5477 quae
2552 5405 2669 5475 ipse
2694 5402 2909 5467 statuit,
2933 5398 3266 5455 cum-horum
3294 5405 3513 5467 tempus
3536 5399 3633 5449 ad-

2062 5503 2135 5559 sit
2167 5506 2555 5570 Opportunum.
2593 5494 2705 5548 Erit
2734 5492 2882 5547 enim
2926 5499 3142 5559 tempus
3177 5504 3287 5559 quo
3317 5503 3400 5541 me
3439 5487 3507 5541 ab
3547 5486 3632 5541 his

2065 5594 2323 5665 operibus
2351 5587 2618 5643 desistere
2649 5583 2936 5655 oportebit.
2980 5580 3445 5649 Quemadmodum
3488 5580 3633 5634 enim

457 5757 531 5825 (l)
558 5757 889 5829 Quwcunque
916 5760 1053 5815 enim
1079 5762 1167 5817 ille
1192 5764 1393 5833 fecerit,
1425 5767 1533 5822 hwc
1583 5778 1631 5824 et
1658 5768 1833 5825 Filius
1868 5772 2135 5837 similiter,
2179 5787 2295 5841 cap.
2347 5785 2395 5834 ν,
2428 5781 2570 5823 vers.
2600 5762 2680 5837 4.,
