4124 6240
470 349 577 406 ⁸ἳὲἓῦ

1622 346 1712 404 ΤΗ
1720 346 1969 405 EODORI
2007 346 2488 407 MOPSUESTENI

3618 355 3724 411 756

472 468 613 539 apud
650 466 900 523 homines
926 471 1323 525 discernuntur
1369 470 1486 525 dies
1518 478 1570 526 et
1614 486 1743 540 nox,
1778 472 2036 542 operibus

2169 488 2283 541 fatal,
2331 471 2501 526 ταῦτα
2529 472 2988 542 διαπραττόμενον
3022 471 3165 543 ἅπερ
3203 470 3341 543 ἔργα
3384 470 3724 542 καθέστηκεν

474 570 688 631 tempus
722 562 933 617 ducunt
977 576 1041 617 ac
1077 561 1249 633 quieti
1317 571 1715 633 opportunum,
1755 579 1865 635 quo
1909 566 2044 620 nihil

474 654 592 708 fieri
625 660 819 725 potest:
847 655 921 707 ita
951 654 1085 709 mihi
1112 663 1328 725 tempus
1359 654 1746 710 miraculorum
1773 656 2045 725 Operatio-

475 747 565 802 nis
594 761 769 815 usque
794 744 861 800 ad
892 747 1204 816 passionem
1236 755 1341 813 est,
1365 763 1475 816 quo
1506 747 1649 802 inter
1680 747 1901 803 diversa
1923 763 2048 820 ope-

476 837 586 890 rari
616 836 770 891 decet
792 838 974 891 omnia
998 853 1119 907 qua:
1136 844 1263 892 sunt
1296 836 1454 907 juxta
1487 839 1820 894 voluntatem
1849 838 2041 895 Patris.

475 928 769 997 Cognoscit
838 939 1020 984 autem
1085 944 1259 983 meam
1308 937 1668 1000 potestatem,
1723 932 1906 1001 qualis
1954 933 2044 986 sit.

477 1018 607 1074 Post
639 1035 767 1074 vero
792 1022 1126 1090 passionem,
1153 1021 1222 1076 ab
1256 1021 1342 1077 his
1376 1022 1632 1079 omnibus
1663 1023 1930 1080 desistere
1953 1041 2048 1080 ne-

477 1127 633 1167 cesse
688 1120 793 1175 est,
850 1127 973 1167 cum
1021 1121 1180 1169 terra:
1206 1116 1675 1171 conversationem
1709 1117 2049 1187 reliquerim.

480 1202 731 1270 Quandiu
761 1219 877 1257 sum
906 1204 961 1257 iu
994 1204 1090 1259 hoc
1119 1206 1334 1268 mundo,
1364 1206 1567 1276 inquit,
1591 1206 1685 1259 lux
1713 1223 1831 1261 sum
1869 1206 2050 1261 mundi

479 1298 555 1366 (ν.
594 1295 671 1368 5),
696 1295 748 1351 id
778 1296 1364 1362 est,Qnemadmodum
1395 1299 1499 1359 sul,
1526 1298 1669 1355 diem
1695 1300 2048 1370 perﬁciendo,

481 1390 747 1459 Oper-andi
770 1390 1085 1446 hominibus
1107 1391 1450 1446 occasionem
1477 1393 1703 1462 praebet,
1731 1394 1810 1447 sic
1833 1402 1915 1449 est
1940 1397 2051 1450 vita

482 1496 635 1545 mea;
673 1482 1131 1552 quemadmodum
1161 1485 1451 1553 prmsentia
1488 1500 1586 1539 sua
1620 1485 1763 1540 diem
1797 1486 1946 1552 facit,
1975 1489 2055 1542 sic

482 1576 745 1631 sanitates
771 1590 893 1645 qua:
920 1576 1209 1647 operandae
1241 1585 1370 1631 sunt
1393 1592 1607 1647 operor.
1640 1578 1775 1633 Cum
1802 1588 1928 1635 ante
1952 1581 2056 1634 tui-

482 1670 730 1722 raculum
752 1669 865 1723 hazc
895 1669 1145 1734 dixisset,
1168 1668 1613 1740 ostendissetque
1633 1687 1693 1725 sr-
1711 1672 2056 1743 indignantes

487 1760 781 1826 videntem,
815 1777 924 1815 non
956 1777 984 1814 a
1017 1761 1296 1818 miraculis
1320 1763 1609 1825 desistere.
1640 1763 1780 1819 facta
1805 1781 1927 1835 qua!
1951 1766 2054 1821 sibi

484 1861 537 1908 et
584 1852 731 1909 Patri
787 1854 1071 1923 placebant
1116 1853 1258 1918 ﬁeri,
1299 1855 1434 1909 nihil
1483 1855 1591 1911 illis
1625 1857 1695 1911 ob
1734 1857 1837 1911 hoc
1874 1859 2052 1929 ipsum

486 1948 738 2015 persequi
774 1947 1057 2016 prodesse.
1109 1963 1233 2002 cum
1278 1948 1414 2002 nibil
1467 1950 1578 2019 pati
1616 1958 1743 2005 ante
1791 1958 2055 2006 statutum

488 2045 703 2107 tempus
737 2038 1007 2108 nequiret,
1035 2055 1134 2095 nec
1163 2054 1337 2110 usque
1360 2040 1429 2095 ad
1460 2041 1561 2095 hoc
1591 2051 1807 2112 tempus
1831 2044 1902 2098 ab
1930 2059 2061 2114 ope.

488 2128 700 2184 ratione
749 2130 1139 2185 miraculorum
1174 2139 1321 2187 esset
1365 2132 1688 2196 destiturns.
1720 2135 1784 2189 ad
1813 2137 2058 2192 eamdem

486 2236 619 2293 ergo
647 2224 1018 2293 operationem
1046 2225 1433 2279 miraculorum
1475 2226 1761 2281 incumbit.

2145 564 2374 625 ἐκείνου,
2403 564 2498 618 ἐὰν
2530 565 2623 618 καὶ
2648 564 2740 619 τὸν
2772 563 2866 617 106
2895 562 3056 635 ἔργου
3079 562 3269 633 καιρὸν
3302 564 3556 634 παρεῖναι
3583 579 3721 633 συμ-

2145 657 2318 710 ϐαίνει
2341 674 2353 686 ·
2379 656 2531 711 ἔσται
2568 655 2678 727 γὰρ
2706 657 2897 727 καιρὸς
2925 655 3163 726 ὁπηνίκα
3192 653 3507 708 παύσασθαι
3546 653 3627 707 δεῖ
3655 669 3723 724 με

2145 749 2255 802 τῶν
2283 750 2459 820 ἔργων
2480 747 2682 802 τούτων
2701 762 2713 776 ο
2738 745 2927 818 ὥσπερ
2949 746 3057 817 γὰρ
3080 749 3193 810 τοῖς
3216 744 3524 817 ἀνθρώποις
3544 745 3725 817 ἡμέρα

2146 860 2205 895 τε
2237 841 2570 914 διακρίνεται
2604 840 2697 893 καὶ
2735 838 2853 903 νὺξ,
2885 838 2979 891 καί
3011 837 3110 908 τῆς
3161 837 3260 908 μὲν
3289 834 3555 908 ἐργασίας
3605 837 3725 887 ἐπι-

2148 937 2359 1008 τήδειον
2391 935 2581 1006 καιρὸν
2609 929 2747 986 εἰναι
2787 930 3087 1003 νομίζουσι,
3114 932 3213 1003 τῆς
3250 930 3307 984 δὲ
3341 930 3724 993 ἀναπαύσεως,

2150 1028 2273 1082 καθ’
2299 1028 2366 1099 ἢν
2385 1026 2505 1080 ούδέ
2536 1022 2876 1096 ἐργάσασθαί
2902 1040 2956 1077 τι
2980 1023 3227 1077 δυνατόν’
3249 1021 3394 1075 οὕτω
3414 1022 3584 1092 κάμοὶ⁸
3608 1038 3727 1074 και-

2154 1120 2244 1190 ρὸς
2274 1118 2376 1188 τῆς
2412 1117 2520 1171 τῶν
2553 1116 2844 1187 Θαυμάτων
2877 1115 3140 1186 ἐργασίας
3173 1113 3334 1185 μέχρι
3365 1110 3461 1167 106
3500 1112 3724 1175 πάθους,

2152 1216 2210 1266 ἐν
2243 1206 2290 1281 ᾧ
2318 1211 2426 1264 τῶν
2460 1209 2841 1281 προκειμένων
2866 1206 3083 1277 ἔχεσθαι
3118 1208 3385 1279 προσήκει
3410 1207 3585 1261 πάντα
3609 1206 3729 1257 ἐπι-

2157 1304 2437 1375 μελοῦντα,
2465 1304 2500 1357 ἃ
2521 1302 2785 1373 σύμφωνα
2807 1304 2905 1374 μὲν
2929 1302 3042 1355 ἔστι
3068 1302 3134 1370 τῇ
3166 1297 3362 1371 γνώμῃ
3376 1297 3470 1353 106
3495 1299 3725 1369 Πατρός·

2155 1398 2409 1470 γνωρίζει
2441 1396 2499 1451 δὲ
2522 1397 2623 1468 τὴν
2672 1396 2810 1467 ἐμὴν
2859 1394 3034 1461 ἀξίαν,
3067 1394 3191 1465 im;
3224 1391 3372 1446 ἐστί’
3423 1390 3561 1462 μετά
3583 1390 3640 1443 δὲ
3670 1390 3731 1443 τὸ

2159 1490 2329 1554 πάθος
2354 1490 2568 1559 ἀνάγκη
2607 1486 2919 1541 παύσασθαί
2956 1503 3023 1557 με
3047 1484 3253 1538 τούτων
3282 1482 3561 1546 ἁπάντων,
3592 1481 3733 1535 ἀπο-

2157 1584 2494 1655 λιμπάνοντα
2533 1581 2634 1645 τάς
2682 1580 2774 1634 ἐπὶ
2823 1579 2928 1648 γῆς
2969 1577 3269 1649 διατριϐάς.
3304 1577 3493 1629 Ὅταν
3538 1573 3609 1627 ἐν
3652 1571 3734 1639 τῷ

2158 1679 2364 1745 κόσμῳ
2387 1670 2453 1738 ὦ,
2490 1673 2645 1743 φησὶ,
2685 1670 2812 1742 φῶς
2853 1673 2967 1742 εἰμι
3001 1670 3108 1724 τοῦ
3150 1669 3415 1738 κόσμου·
3450 1666 3571 1721 ἀντὶ
3615 1662 3733 1727 τοῦ,

2163 1766 2374 1835 ’Ὠσπερ
2399 1766 2427 1817 ὁ
2455 1762 2605 1834 ἣλιος
2631 1762 2729 1832 τὴν
2767 1759 2982 1832 ἡμέραν
3007 1757 3303 1820 ἀποτελῶν,
3329 1754 3424 1809 106
3448 1754 3611 1824 ἔργου
3642 1750 3736 1824 τὴν

2163 1858 2417 1930 ἀφορμὴν
2441 1855 2671 1927 παρέχει
2694 1856 2807 1917 τοῖς
2826 1851 3151 1922 ἀνθρώποις,
3175 1848 3318 1905 κατά
3338 1848 3486 1902 τόνδε
3507 1846 3599 1900 τὸν
3623 1844 3737 1916 βίον

2165 1952 2300 2021 εἰμί,
2327 1950 2516 2019 ὥσπερ
2541 1946 2754 2019 ἡμέραν
2774 1942 3048 1999 ἀποτελῶν
3067 1942 3157 1996 διὰ
3183 1943 3280 2013 τῆς
3306 1940 3512 2003 οἰκείας
3535 1954 3739 2010 τυαρουυ

2168 2043 2310 2107 σίας,
2342 2041 2441 2104 τὰς
2486 2037 2869 2111 προσηκούσας
2923 2034 3220 2106 θεραπείας
3259 2031 3511 2086 ἐπιτελῶ.
3554 2028 3741 2082 Ταῦτα

2167 2136 2273 2206 πρὸ
2311 2134 2407 2189 τοῦ
2442 2131 2717 2203 θαύματος
2746 2126 3005 2201 εἰρηκὼς,
3034 2127 3125 2181 καὶ
3153 2124 3331 2192 δείξας
3364 2124 3447 2177 ὅτι
3481 2140 3541 2176 τε
3567 2122 3738 2189 ἀγαν-

2170 2229 2467 2291 ακτοῦντας
2494 2224 2649 2288 εἰδὼς
2667 2263 2682 2285 ,
2722 2222 2822 2276 οὐκ
2849 2220 3144 2291 ἀφίσταται
3167 2218 3276 2271 τῶν
3307 2215 3619 2285 θαυμάτων,
3646 2211 3743 2266 καὶ

486 2319 571 2370 ὅτι
597 2316 853 2370 δοκοῦντα
879 2316 971 2370 καὶ
1001 2316 1080 2387 τῷ
1110 2316 1286 2388 Πατρὶ
1316 2316 1521 2384 γίνεται
1553 2317 1623 2371 τά
1656 2320 1938 2391 γινόμενα,
1966 2324 2058 2377 καί
2094 2326 2176 2377 ὅτι
2208 2322 2371 2394 μηδὲν
2400 2320 2590 2389 δφελος
2622 2315 2850 2377 ἐκείνοις
2877 2314 2943 2366 ἐκ
2968 2310 3062 2363 106
3116 2309 3330 2363 διώκειν
3372 2306 3533 2361 αὑτὸν
3597 2305 3745 2373 γίνε-

488 2429 599 2475 ται,
627 2410 749 2464 οὔτε
787 2410 978 2465 παθεῖν
1004 2427 1057 2464 τι
1088 2410 1196 2482 πρὸ
1230 2410 1326 2465 τοῦ
1361 2412 1572 2475 δέοντος
1611 2413 1805 2483 καιροῦ
1832 2416 2154 2486 δυναμένου,
2182 2417 2304 2470 οὔτε
2345 2414 2473 2486 ἄχρι
2530 2413 2629 2484 τῆς
2690 2407 3027 2481 προθεσμίας
3086 2402 3297 2472 ἐκείνης
3362 2402 3741 2472 ἀποστησάμε-

490 2522 576 2568 νος
594 2506 693 2574 τῆς
711 2503 819 2556 τῶν
850 2501 1141 2573 θαυμάτων
1171 2502 1449 2573 ἐργασίας,
1471 2506 1556 2557 ἐπ’
1581 2505 1752 2577 αὐτὴν
1776 2507 1924 2578 ὁρμᾷ
1952 2508 2135 2563 λοιπὸν
2162 2509 2255 2563 τοῦ
2283 2506 2561 2579 θαύματος
2592 2503 2691 2576 τὴν
2717 2500 2998 2573 ἐργασίαν.

566 2660 727 2715 Vens.
760 2660 846 2714 l7.
884 2690 955 2709 -.—
981 2659 1235 2715 Attamen
1267 2669 1559 2731 postquam
1582 2661 1723 2716 inter
1747 2677 1807 2717 se
1835 2671 2065 2718 conten-

490 2755 722 2817 dissent,
750 2753 818 2808 ad
848 2768 1050 2809 catcum
1083 2754 1281 2808 iterum
1324 2769 1385 2808 se
1417 2762 1768 2821 convertunt,
1802 2763 2064 2826 tanquam

491 2845 881 2901 controversia:
928 2860 1042 2901 suae
1090 2845 1356 2899 arbitrum
1407 2845 1721 2915 seligentes,
1767 2846 1958 2917 illique
1986 2847 2067 2901 di—

492 2946 624 2991 cunt
652 2955 665 2991 :
688 2936 789 3000 Tu,
807 2936 935 3006 quid
956 2936 1092 2991 dicis
1110 2938 1174 2990 de
1191 2937 1287 2991 illo
1303 2937 1391 3006 qui
1414 2937 1621 3005 aperuit
1637 2937 1817 2991 oculos
1837 2947 1954 2992 tuos
1967 2938 1993 2992 ?
2008 2939 2066 2991 lu

494 3029 927 3100 interrogatione
971 3039 1155 3084 autem
1223 3027 1772 3085 animadvertendum
1837 3036 1924 3084 est
1975 3044 2070 3085 eos

2242 2663 2389 2734 Στίχ.
2422 2662 2508 2726 ιζ’.
2539 2690 2610 2701 --
2635 2659 2827 2729 Ὅμως
2858 2655 2967 2709 ἀπὸ
3013 2654 3113 2724 τῆς
3162 2656 3242 2717 εἰς
3287 2649 3549 2722 ἀλλήλους
3594 2647 3745 2716 φιλο-

2172 2757 2397 2819 νεικίας,
2440 2754 2533 2806 ἐπὶ
2574 2752 2664 2806 τὸν
2695 2748 2895 2818 τυφλὸν
2934 2746 3098 2800 πάλιν
3140 2742 3511 2815 μεθίστανται,
3558 2739 3748 2793 bene:

2172 2847 2432 2915 δικαστὴν
2460 2843 2620 2898 αὐτὸν
2640 2843 2740 2915 τῆς
2768 2840 2975 2903 οἰκείας
3004 2835 3318 2911 αἱρούμενοι
3342 2832 3625 2903 διαφορᾶς,
3650 2830 3747 2883 καί

2174 2957 2307 3009 φασι
2337 2939 2473 3009 πρὸς
2491 2934 2680 2989 αὐτόν·
2708 2933 2792 2988 Σὺ
2811 2934 2868 2986 τι
2891 2929 3090 3001 λέγεις
3118 2926 3253 2997 περὶ
3275 2925 3464 2980 αὐτοῦ
3494 2923 3639 2993 (cod.
3658 2923 3748 2977 hic

2176 3027 2528 3097 έαυτοῦ),ὅτι
2571 3024 2782 3095 ἧνοιξέ
2831 3040 2947 3077 σου
2994 3020 3137 3088 τοὺς
3185 3017 3569 3089 όφθαλμούςξ
3606 3014 3747 3069 κατά

494 3121 852 3192 conjunxisse
884 3120 983 3185 Tu,
1021 3121 1146 3192 quid
1188 3121 1321 3175 dicis
1364 3120 1428 3175 de
1465 3120 1602 3176 illo?
1637 3128 1712 3187 et,
1748 3119 1838 3192 qui
1862 3121 2064 3191 aperuit

2170 3123 2436 3194 ἐρώτησιν
2473 3121 2530 3175 δέ
2556 3117 3026 3188 ἐπαναγνωστέον,
3068 3114 3500 3185 ἐπισυνάψαντας
3541 3112 3625 3175 τὸ,
3663 3111 3749 3165 Σὺ

498 3215 675 3269 oculos
699 3225 814 3267 tuos
838 3231 855 3268 :
889 3229 1001 3269 non
1029 3228 1158 3270 vero
1183 3214 1553 3283 disiunxisse;
1585 3228 1692 3268 non
1720 3213 1867 3269 enim
1894 3214 2066 3268 inter-

495 3308 761 3379 rogabant
789 3320 994 3362 cazcum
1031 3321 1102 3361 an
1148 3307 1342 3361 oculos
1369 3320 1503 3361 suos
1526 3306 1840 3377 aperuerit:
1875 3321 2072 3376 super-

496 3399 664 3454 ﬂuum
698 3408 817 3453 erat
852 3400 953 3453 hoc
984 3400 1283 3470 inquirere,
1314 3414 1438 3454 cum
1473 3398 1603 3453 illud
1625 3396 1909 3460 viderent;
1937 3397 2069 3452 sed:

500 3491 641 3558 Quid
679 3491 813 3546 dicit
851 3490 1028 3547 deillo
1047 3494 1073 3548 1‘
1100 3491 1285 3558 utquid
1313 3492 1520 3557 aperuit
1548 3490 1730 3545 oculos
1758 3498 1881 3551 tuos
1902 3489 1927 3542 .9
1945 3490 2075 3559 quia

499 3581 766 3638 mirabilis
795 3589 880 3637 est
907 3581 1072 3651 hujus
1099 3582 1224 3649 facti
1255 3596 1446 3641 causa.
1468 3581 1552 3636 vel
1582 3580 1719 3652 legis
1742 3580 2073 3651 praevarica-

499 3687 586 3731 tor
614 3675 686 3731 ob
726 3675 940 3732 sabbati
971 3674 1341 3731 violationem.
1379 3672 1534 3730 Unde
1575 3672 1642 3727 ad
1691 3672 1957 3743 inquisita
1987 3685 2076 3727 sa-

499 3768 713 3840 pienter
741 3766 1081 3837 respondens
1114 3782 1297 3823 caecus
1324 3767 1465 3822 dixit
1488 3786 1501 3821 :
1529 3764 1671 3831 Quia
1700 3765 1954 3835 propheta
1976 3773 2075 3831 est,

502 3875 614 3916 non
634 3874 782 3924 vero,
812 3859 961 3915 Talis
984 3867 1068 3915 est
1091 3860 1224 3914 mihi
1242 3859 1310 3915 de
1330 3858 1422 3914 illo
1444 3858 1800 3922 existimatio,
1818 3857 2076 3928 quoniam

502 3955 705 4010 iactum
734 3953 837 4007 hoc
865 3960 925 4006 ut
949 3952 1017 4006 de
1043 3966 1110 4008 eo
1138 3952 1314 4008 dicam
1357 3951 1672 4022 persuadet.

576 4290 747 4347 Vens.
789 4290 881 4343 ‘27.
935 4322 1004 4331 —
1051 4290 1252 4344 lterum
1314 4289 1389 4342 illi
1447 4305 1571 4343 eum
1631 4288 2073 4359 interrogabant:

512 4382 790 4450 Quomodo
821 4381 1027 4451 aperuit
1070 4380 1164 4434 tibi
1191 4379 1414 4437 oculos?
1466 4379 1587 4449 Ipse
1647 4386 1835 4440 autem.
1885 4380 2076 4450 majori

2170 3217 2230 3269 τί
2268 3213 2463 3283 λέγεις
2510 3210 2646 3279 περί
2687 3210 2896 3273 αὐτοῦς
2940 3209 3052 3272 καὶ,
3081 3207 3172 3261 ὅτι
3216 3203 3424 3275 ἠνοιξέ
3450 3220 3570 3260 σου
3608 3203 3751 3268 τοὺς

2173 3304 2553 3376 ὀφθαλμούς·
2593 3302 2655 3355 οὺ
2701 3301 2808 3373 μὴν
2835 3300 3109 3365 διελόντας
3152 3298 3282 3353 αὐτό
3302 3316 3315 3329 ·
3348 3299 3408 3352 οὐ
3442 3297 3551 3368 γὰρ
3593 3295 3751 3349 τοῦτο

2172 3397 2264 3452 τὸν
2286 3395 2486 3465 τυφλὸν
2520 3393 2773 3466 ἠρώτων,
2803 3393 2852 3445 εἰ
2884 3392 3023 3456 τοὺς
3051 3390 3364 3462 ὀφθαλμοὺς
3399 3389 3564 3443 αὐτοῦ
3606 3388 3751 3458 ἠνοι-

2175 3489 2263 3555 ξεν
2281 3506 2295 3520 ο
2324 3488 2578 3558 περιττὸν
2605 3486 2713 3559 γάρ
2735 3481 2805 3558 ἦν
2834 3483 2993 3539 τοῦτο
3010 3482 3304 3553 βλέποντας
3331 3483 3560 3554 ἐρωτᾷν,
3590 3479 3749 3540 ἀλλὰ,

2182 3583 2244 3638 Τί
2274 3582 2409 3651 περὶ
2440 3581 2628 3637 αὐτοῦ
2678 3580 2898 3650 λέγεις,
2927 3577 3081 3645 ὑπὲρ
3112 3571 3200 3631 ὧν
3228 3574 3435 3645 ἤνοιξέ
3467 3590 3583 3628 σου
3607 3571 3752 3637 τοὺς

2176 3673 2544 3745 ὀφθαλμοὺςς
2581 3674 2664 3727 ὅτι
2707 3669 3020 3742 θαυμαστὸς
3061 3668 3150 3721 διά
3196 3666 3257 3721 τὺ
3284 3663 3669 3735 γεγενημένον,
3714 3661 3750 3731 ἢ

2175 3766 2493 3838 παράνομος
2513 3763 2603 3819 διὰ
2627 3763 2726 3836 τὴν
2750 3762 2845 3816 τοῦ
2879 3759 3152 3815 σαϐϐάτου
3177 3758 3360 3822 λύσιν;
3390 3757 3512 3810 ὅθεν
3545 3753 3748 3809 καταλ·

2175 3859 2351 3931 λήλως
2364 3860 2459 3913 καὶ
2474 3860 2502 3912 ὁ
2516 3858 2716 3928 τυφλὸς
2730 3854 3214 3928 ἀπεκρίνατο-Ὅτι
3230 3850 3539 3921 προφήτης
3556 3846 3746 3903 ἐστίν·

2176 3952 2298 4005 ἀντί
2326 3950 2443 4016 τοῦ,
2469 3949 2685 4021 Ταύτην
2704 3948 2813 4020 ἔχω
2861 3947 2991 4019 περί
3020 3946 3185 4001 αὐτοῦ
3237 3944 3336 4015 τὴν
3361 3943 3519 4009 δόξαν
3540 3959 3556 3974 ⁸
3595 3939 3754 3995 τοῦτο

2178 4044 2286 4116 γὰρ
2333 4043 2475 4113 ὑπὲρ
2523 4042 2617 4095 106
2665 4040 2947 4110 γεγονότος
2996 4040 3122 4112 περί
3166 4036 3328 4092 αὑτοῦ
3375 4036 3554 4105 λέγειν
3620 4051 3754 4105 προ-

2180 4136 2404 4206 ἀγομαι.

2250 4291 2398 4362 Στίχ.
2447 4290 2551 4354 κζ’.
2592 4319 2663 4331 -——
2709 4289 2878 4343 Πάλιν
2928 4288 3007 4359 (l)
3060 4288 3259 4341 ἐκεῖνοι
3312 4286 3572 4358 ἠρώτων·
3621 4282 3755 4349 Πῶς

2180 4385 2407 4451 ἀνέῳξέ
2450 4401 2567 4440 σου
2609 4384 2749 4450 τοὺς
2779 4383 3160 4452 ὀφθαλμούςς
3206 4382 3263 4434 '0
3296 4380 3353 4434 δὲ
3396 4380 3583 4433 λοιπὸν
3610 4380 3747 4447 παρο

505 4483 768 4530 catterum
803 4488 938 4528 usus
961 4473 1234 4539 libertate,
1288 4487 1383 4526 eos
1433 4470 1749 4541 increpabat
1786 4470 1967 4530 simul.
2025 4482 2064 4526 et

2189 4477 2531 4549 ῥησιαίτερον
2557 4475 2633 4547 (2)
2666 4474 2746 4545 τῷ
2784 4474 2923 4547 πρὸς
2948 4474 3145 4537 αὐτοὺς
3180 4473 3386 4543 ἐλέγχῳ
3419 4470 3755 4543 κεχρημένος

508 4566 792 4622 veritatem
818 4580 1135 4636 oppugnare
1155 4564 1439 4635 arguebat,
1476 4565 1609 4633 quin
1643 4574 1697 4618 et
1743 4565 1889 4620 salse
1915 4564 2078 4619 simul

510 4657 928 4730 perstringeudo
957 4655 1242 4711 irridebat.
1268 4655 1408 4721 Quid
1424 4656 1570 4709 enim
1597 4655 1713 4709 ait?
1733 4655 2005 4726 Numquid
2030 4665 2080 4710 et

511 4765 597 4803 vos
628 4748 786 4802 vultis
820 4747 1072 4816 discipuli
1113 4749 1226 4814 eius
1261 4748 1424 4817 ﬁeri?

584 4905 755 4961 Vens.
792 4904 884 4959 41.
912 4934 984 4946 -
1015 4903 1483 4971 Quemadmodum
1511 4911 1691 4957 autem
1724 4902 1981 4973 superius
2012 4902 2082 4957 de

513 5000 762 5055 iibertate
811 5012 843 5052 a
900 4998 1141 5070 peccatis
1196 4996 1442 5067 loquenti
1501 4994 1733 5050 Domino
1783 4995 2083 5066 responde-

514 5100 673 5147 runt:
703 5090 891 5158 Semen
917 5091 1143 5145 Abi-altat
1172 5105 1374 5152 sumus,
1400 5103 1494 5142 nec
1519 5086 1620 5142 ulti
1646 5088 1950 5142 seruiuimus
1986 5104 2083 5140 un-

514 5201 693 5255 quam,
717 5184 786 5240 de
808 5183 1082 5255 corporaii
1116 5180 1380 5237 servitute
1403 5180 1800 5251 intelligentes:
1830 5179 2084 5235 similiter

515 5284 570 5330 et
603 5277 693 5331 hic
744 5275 977 5331 Domino
1019 5274 1126 5329 illis
1177 5272 1479 5342 spiritalem
1533 5272 1831 5327 caecitatem
1887 5286 2085 5341 expro-

517 5364 744 5427 brante,
784 5363 887 5434 ipsi
919 5376 1176 5434 tanquam
1221 5360 1314 5430 qui
1367 5360 1615 5427 corporis
1656 5361 1829 5416 oculis
1878 5362 2085 5431 optime

518 5455 762 5519 vidcant,
779 5456 848 5511 de
863 5456 1053 5511 iisdem
1069 5453 1428 5511 disserebant.
1450 5450 1582 5507 lude
1602 5453 1784 5523 itaque
1802 5451 2087 5519 Dominus,

596 5727 671 5791 tl)
699 5728 864 5784 (Iord.
901 5736 1007 5781 cat.
1033 5743 1085 5795 p.
1105 5726 1228 5781 251.

594 5795 672 5862 (2)
693 5795 1017 5853 Theodorei.
1040 5797 1178 5851 Hist.
1193 5796 1322 5851 eccl.
1344 5810 1424 5861 ιιι,
1446 5796 1505 5852 ll
1530 5796 1845 5861 ι’ἰουλιανὺς
1867 5797 1923 5852 δὲ
1940 5802 2081 5872 παρ-

2185 4568 2320 4640 ὁμοῦ
2349 4568 2447 4639 μὲν
2472 4569 2546 4633 ὡς
2577 4567 2714 4638 πρὸς
2746 4566 2842 4638 τὴν
2863 4566 3120 4638 ἀλήθειαν
3150 4564 3489 4636 μαχομένους
3523 4562 3755 4632 ἐλέγχει,

2185 4661 2321 4731 ὁμοῦ
2346 4661 2401 4714 δὲ
2436 4661 2532 4715 καὶ
2568 4660 2686 4730 μετ’
2720 4657 3005 4730 εἰρωνείας
3036 4656 3291 4728 ἐχλεύασε
3313 4673 3327 4687 ·
3360 4656 3414 4709 τί
3448 4656 3557 4727 γάρ
3590 4669 3756 4725 φησις

2190 4753 2285 4822 Μὴ
2321 4753 2421 4807 καί
2452 4752 2621 4823 ὑμεῖς
2643 4750 2903 4822 μαθηταί
2934 4750 3121 4806 αὑτοῦ
3148 4748 3353 4806 θέλετε
3377 4748 3690 4819 γενέσθαις

2261 4905 2410 4977 Στίχ.
2460 4911 2569 4974 μα’.
2601 4933 2672 4943 —-
2704 4902 2995 4974 Ὥσπερδέ
3020 4903 3096 4973 (5)
3128 4901 3382 4974 ἀνωτέρω
3413 4900 3508 4955 106
3553 4899 3759 4970 Κυρίου

2189 4999 2321 5069 περὶ
2368 4994 2676 5067 ἐλευθερίας
2718 4996 2903 5058 αὐτοῖς
2944 4995 3322 5067 διαλεγομένου
3354 4995 3451 5066 τῆς
3499 4994 3608 5048 ἀπὺ
3650 4991 3760 5046 τῶν

2189 5091 2600 5162 ἁμαρτημάτων
2649 5090 2843 5143 ἐκεῖνοι
2900 5088 3135 5158 ἔφασκον
3156 5107 3169 5119 ⁸
3223 5086 3467 5157 Σπέρμα
3516 5082 3762 5156 Ἀϐραάμ

2189 5184 2377 5255 ἐσμεν
2416 5184 2515 5237 καί
2560 5182 2763 5238 οὐδενί
2807 5183 3283 5253 δεδουλεύκαμεν
3329 5181 3586 5242 πώποτε,
3632 5180 3762 5249 περὶ

2195 5278 2511 5346 σωματικῆς
2558 5274 2931 5347 διαλεγόμενοι
2981 5275 3244 5338 δουλείας,
3294 5274 3439 5328 οὓτω
3484 5270 3760 5328 κάνταῦθα

2193 5366 2440 5436 πήρωσιν
2470 5366 2653 5431 αὐτοῖς
2680 5365 2776 5419 106
2799 5364 3004 5435 Κυρίου
3040 5366 3137 5436 τὴν
3183 5365 3323 5418 κατά
3366 5363 3541 5435 ψυχὴν
3568 5361 3761 5417 ὀνειδί-

2194 5456 2403 5522 ζοντος,
2441 5460 2635 5511 ἐκεῖνοι
2663 5458 2789 5529 περὶ
2817 5456 2926 5510 τῶν
2958 5456 3053 5511 τοῦ
3084 5457 3332 5529 σώματος
3370 5457 3661 5529 ὀφθαλμῶν
3682 5456 3770 5521 ὡς,

2196 5728 2555 5801 όησιαίτερον,
2582 5729 2653 5783 al.
2690 5728 3191 5801 παρῥῃσιάστερον..

2260 5798 2348 5869 (3)
2369 5800 2526 5855 Cum.
2563 5810 2666 5855 cat.
2706 5813 2756 5867 p.
2792 5797 2919 5854 960.
