4096 6234
370 258 485 315 757
1576 276 1639 330 IN
1682 275 2124 336 EVANGELIUM
2160 280 2466 341 JOASNIS.

375 375 684 445 βλεπόντων
722 378 1041 448 διελέγοντο.
1076 384 1273 457 Διόπερ
1304 388 1333 440 6
1378 388 1582 459 Κύριος
1623 392 1732 443 άπῆ
1772 390 1954 444 τούτου

2070 397 2212 449 unde
2229 397 2451 466 gloriari
2475 399 2823 469 videbantur,
2846 405 3021 472 majus
3044 406 3149 462 illis
3174 407 3446 478 imputans
3467 428 3580 482 pem
3599 434 3631 469 a

372 466 476 533 τὴν
529 468 805 539 ἁμαρτίαν
861 473 1044 538 αὐτοῖς
1101 476 1400 544 ἐπιτείνας,
1438 482 1521 549 ἐφ’
1563 476 1718 553 ᾧπερ
1771 484 1966 535 ἐκεῖνοι

373 560 682 629 καυχᾶσθαι
718 564 935 619 ἐδόκουν
953 609 968 632 ,
996 568 1061 619 Τί
1093 571 1220 640 γὰρ,
1256 574 1411 647 φησὶ,
1442 574 1576 641 φατὲ
1600 576 1680 628 ὅτι
1707 574 1964 646 βλέπετε;

375 654 629 722 κρεῖττον
676 649 744 724 ἦν
781 656 925 724 ὑμᾶς
959 661 1169 729 πηροὺς
1209 657 1349 715 εἶναι
1394 662 1495 725 τὰς
1545 664 1716 735 ὄψεις·
1757 666 1967 734 ἐγίνετο

376 742 490 813 γὰρ
512 743 577 795 ἄν
602 760 687 806 τις
715 744 846 812 ὑμῖν
876 747 1128 801 ἐντεῦθεν
1161 750 1450 805 ἀπιποῦσι
1487 746 1804 827 συγγνώμη.
1830 756 1965 808 Νυνὶ

375 836 457 893 δὲ.
480 836 936 910 ἐπειδήπερόρᾷν
965 840 1295 907 δοκεῖτε,καὶ
1321 844 1514 909 αὑταῖς
1535 845 1687 914 ὄψεσι
1717 847 1808 900 τόν
1836 864 1965 900 ποτε

377 928 579 996 τυφλὸν
606 927 705 980 νῦν
735 928 1003 997 βλέποντα
1033 932 1357 1004 θεασάμενοι
1397 937 1678 989 ἀπιστεῖτε
1711 941 1820 1001 τοῖς
1850 938 1964 1005 γεί-

376 1034 549 1078 τοσιν,
582 1018 843 1088 οὐδεμίαν
888 1021 1032 1092 ἔχειν
1070 1024 1363 1092 ἀπολογίαν
1413 1026 1720 1096 δυνάμενοι,
1750 1029 1961 1098 ὡμολο-

376 1109 624 1180 γημένην
656 1110 873 1180 δέχεσθε
906 1114 1005 1184 τῆς
1041 1116 1293 1180 ἀπιστίας
1316 1117 1414 1187 τὴν
1438 1119 1779 1190 κατάκρισιν.

989 1334 1240 1387 ΚΕΦΑΛ.
1272 1335 1328 1388 l'.

447 1463 596 1533 Στίχ.
630 1463 701 1519 α’.
734 1494 804 1504 -
834 1464 980 1536 Δὺλὴ
1033 1466 1133 1536 μὲν
1182 1467 1258 1536 (1)
1312 1470 1444 1538 ἡμῖν
1488 1471 1798 1525 ὑποκείσθω
1850 1472 1961 1525 τῶν

381 1556 669 1626 προϐάτων
700 1559 732 1626 ή
764 1559 1237 1625 νομοδιδασκαλία,
1270 1562 1518 1631 πρόϐατα
1548 1563 1606 1615 δὲ
1628 1565 1677 1616 οἱ
1709 1564 1812 1616 ὑπὸ
1832 1564 1960 1617 ταύ-

381 1664 483 1716 την
518 1648 857 1712 καθεστῶτες
890 1650 985 1703 καὶ
1013 1652 1119 1704 ὑπὸ
1154 1653 1246 1706 τὸν
1274 1655 1455 1724 Νόμον
1485 1654 1585 1725 ζῇν
1608 1656 1752 1723 ἅπαξ
1786 1658 1958 1727 ἐπαγ-

2070 496 2207 551 tum,
2245 488 2384 554 Quid
2416 491 2582 558 enim,
2610 494 2807 563 inquit,
2838 496 3022 551 dicitis
3053 515 3150 554 vos
3187 501 3406 557 videre?
3456 505 3647 562 Melius

2070 578 2313 647 profecto
2340 582 2492 636 vobis
2519 596 2666 639 esset
2686 572 2883 641 caecis:
2928 604 3053 643 nam
3086 590 3214 647 hinc
3263 595 3419 650 vobis
3471 597 3646 653 incre-

2067 671 2209 726 dulis
2242 677 2398 727 venia
2435 675 2627 731 saltem
2671 679 2855 749 aliqua
2884 694 3216 751 superesset.
3281 687 3438 744 Nunc
3497 708 3644 754 vero,

2066 776 2191 815 cum
2224 763 2409 820 videre
2461 766 2778 833 videamini,
2843 781 3008 842 alque
3040 778 3214 832 oculis
3269 782 3465 838 vestris
3521 800 3641 838 eum

2066 853 2157 920 qui
2185 856 2463 923 quondam
2487 874 2668 915 caecus
2696 872 2835 926 erat,
2862 866 3028 921 modo
3052 868 3321 926 videntem
3349 872 3607 929 intueami

2067 945 2143 1007 ni.
2173 961 2282 1001 non
2318 949 2603 1006 credentes
2636 953 2833 1010 vicinis
2876 958 3096 1022 vestris,
3152 961 3360 1016 nullam
3391 964 3503 1033 jam
3555 984 3639 1020 re-

2067 1040 2268 1110 liquam
2307 1040 2507 1098 habere
2562 1046 2808 1113 poteritis
2856 1055 3288 1118 excusationem,
3345 1060 3638 1126 quominus

2066 1130 2414 1185 manifestam
2476 1132 2885 1192 incredulitatis
2952 1141 3464 1200 condemnationem
3515 1164 3640 1203 sus-

2064 1222 2305 1279 tineatis.

2715 1362 2871 1421 CAP.
2911 1366 2978 1423 X.

2132 1488 2297 1544 Vens.
2331 1492 2353 1544 1
2394 1507 2518 1562 sqq.
2556 1523 2623 1534 -—-
2648 1495 2803 1549 Ovile
2859 1499 3077 1566 quidem
3108 1501 3289 1554 ovium
3322 1503 3480 1558 nobis
3512 1521 3635 1576 pro-

2067 1579 2307 1648 positum
2340 1581 2409 1635 sit
2443 1583 2695 1638 doctrina
2748 1584 2944 1654 Legis:
2979 1601 3108 1642 oves
3154 1604 3304 1653 vero,
3340 1590 3433 1660 qui
3458 1592 3629 1646 eidem

2064 1670 2268 1725 subditi
2300 1683 2448 1737 sunt,
2481 1675 2695 1743 quique
2726 1676 2830 1730 sub
2866 1676 3008 1746 Lege
3050 1680 3215 1733 semel
3250 1682 3456 1737 vixisse
3482 1699 3629 1737 com-

385 1739 710 1808 γει).άμενοι,
739 1740 982 1814 θυρωρὸς
1004 1743 1061 1796 δὲ
1089 1744 1186 1814 τῆς
1214 1745 1383 1815 αὐλῆς
1411 1746 1614 1817 ταύτης
1635 1750 1663 1799 6
1689 1747 1954 1819 μακάριος

2062 1759 2384 1828 probantur.
2447 1736 2729 1819 ostia-rius
2773 1736 2972 1821 autemv
2994 1768 3156 1837 hujus
3222 1772 3383 1827 ovilis
3442 1773 3629 1829 beatus

386 1829 649 1907 Μωῦσῆς,
671 1833 699 1884 6
724 1831 821 1902 τὴν
867 1832 1037 1903 αὐλὴν
1063 1837 1265 1905 ταύτην
1305 1836 1396 1890 διὰ
1423 1838 1523 1907 τῆς
1557 1838 1666 1891 τῶν
1707 1842 1953 1911 νομίμων

384 1918 650 1983 ἐκθέσεως
696 1924 1134 1987 κατασκευάσας.
1169 1926 1382 1997 Ποιμὴν
1425 1926 1482 1980 δὲ
1517 1927 1655 1982 ἔστω
1685 1930 1795 1984 τῶν
1827 1948 1958 2001 προς

383 2011 564 2065 ϐάτων
608 2014 717 2076 πᾶς
758 2016 788 2067 6
832 2015 894 2067 τὸ
931 2016 1306 2072 διδασκαλικὸν
1351 2021 1417 2073 ὲκ
1468 2021 1578 2074 τῶν
1620 2024 1958 2094 πραγμάτων

380 2105 858 2177 ἐγκεχειρισμένος
897 2107 1135 2177 ἀξίωμα,
1166 2110 1225 2173 ὃς
1255 2114 1320 2181 τῇ
1361 2112 1576 2183 νομίμῳ
1620 2116 1960 2184 χρησάμενος

380 2197 591 2266 εἰσόδῳ.
624 2199 919 2261 τουτέστιν,
946 2200 1004 2263 ὃς
1034 2200 1178 2255 κατά
1203 2204 1384 2256 πᾶσαν
1418 2206 1702 2276 ἀκρίϐειαν
1731 2206 1822 2259 τοῦ
1852 2208 1958 2261 Νό-

383 2305 485 2358 μου
512 2287 1099 2360 πυλιτευσάμενος,καὶ
1129 2292 1301 2358 οὕτως
1333 2295 1473 2348 κατὰ
1493 2296 1590 2367 τὴν
1629 2297 1796 2368 αὐλὴν
1830 2297 1960 2350 ταύο

381 2394 480 2445 την
525 2377 665 2429 κατὰ
699 2377 797 2449 τὴν
838 2380 1154 2449 πρέπουσαν
1199 2384 1435 2452 γεγονὼς
1481 2387 1787 2457 ἀκρίϐειαν.
1825 2389 1956 2441 Τότε

382 2465 477 2517 καὶ
508 2467 635 2531 τοὺς
675 2467 913 2533 λοιποὺς,
953 2470 1142 2543 ὥσπερ
1188 2473 1456 2544 πρόϐατα,
1491 2477 1582 2529 ἐπὶ
1627 2480 1796 2548 νομήν
1838 2496 1957 2532 τινα

380 2555 489 2608 τῶν
520 2557 659 2610 κατά
704 2559 869 2630 μέρος
915 2561 1099 2630 ἐξάγει
1129 2563 1497 2621 διδασκαλίαν.
1542 2569 1750 2622 Οὐκοῦν
1800 2570 1958 2640 εἴπερ

376 2645 535 2713 οὗτος
565 2650 788 2720 ποιμὴν,
831 2652 1072 2724 κλέπτης
1107 2655 1416 2720 ἀκολούθως
1458 2660 1552 2712 καὶ
1591 2661 1791 2732 λῃστὴς
1814 2664 1842 2715 6
1884 2663 1958 2733 μὴ

380 2743 636 2807 τοιοῦτος,
660 2744 775 2797 ἀλλ’
794 2745 980 2810 ἁπλῶς
1009 2749 1417 2819 ὲπεισπηδήσας
1442 2753 1508 2820 τῇ
1553 2752 1739 2823 εἰσόδῳ
1768 2753 1959 2824 καὶτῷ

379 2832 650 2905 ἀξιώματι
679 2838 774 2890 καὶ
796 2840 863 2891 τὰ
886 2839 977 2890 ἐπὶ
1021 2837 1168 2911 λύμῃ
1193 2839 1303 2892 τῶν
1336 2841 1622 2911 προϐάτων
1644 2844 1956 2914 ἐργασάμε-

380 2944 489 2990 νος.
533 2928 875 2993 Ἐξεταστέον
900 2926 993 2984 οὖν
1018 2949 1159 3002 φημι
1187 2933 1272 3001 ἐφ’
1298 2934 1450 3004 ὑμῶν
1479 2952 1560 2997 τε.
1585 2938 1633 2988 εί
1662 2936 1833 3001 δοκεῖ,
1862 2937 1958 2989 καὶ

378 3021 535 3089 ἐμοῦ,
562 3022 647 3084 τίς
669 3024 698 3075 6
720 3024 784 3091 τῇ
818 3022 1033 3094 νομίμῳ
1068 3024 1412 3095 χρησάμενος
1449 3026 1657 3096 εἰσόδῳ,
1691 3027 1775 3091 τίς
1802 3030 1831 3081 6
1856 3028 1956 3097 τῆς

377 3112 666 3182 ἀκριϐείας
715 3114 1187 3185 ὲπιμελησάμενος
1225 3116 1317 3169 τοῦ
1354 3118 1683 3187 Νόμου,τίνι
1715 3118 1957 3188 Μωῦσῆς

375 3204 408 3253 6
438 3203 679 3274 θυρωρὸς
708 3205 802 3257 τοῦ
854 3205 1035 3276 Νόμου
1063 3208 1287 3275 ἀνοίγει.
1328 3209 1391 3260 Ἤ
1430 3210 1539 3280 γὰρ
1566 3210 1673 3263 τῶν
1713 3212 1955 3281 νομίμων

378 3293 715 3365 κατόρθωσις
769 3297 1084 3365 εὑρίσκεται
1134 3302 1262 3370 παρ’
1315 3300 1438 3371 ἐμοὶ
1493 3302 1693 3371 μᾶλλον
1742 3304 1775 3374 ἢ
1826 3304 1956 3375 παρ’

376 3381 525 3451 ὑμῖν.

449 3497 597 3568 Στίχ.
622 3496 696 3562 ς’.
724 3526 793 3537 -
822 3500 991 3554 Ταυτὶ
1020 3502 1118 3571 μὲν
1136 3502 1212 3566 (2)
1244 3503 1756 3576 παραϐολικώτερον
1781 3506 1955 3558 εἰπεῖν

370 3591 406 3643 ὀ
443 3591 644 3662 Κύριος
665 3592 1000 3658 ἐδικαίωσεν,
1040 3594 1181 3647 ὥστε
1211 3594 1285 3666 μὴ
1311 3596 1489 3649 δοκεῖν
1515 3597 1769 3665 φορτικὸν
1791 3594 1951 3663 εἶναι,

370 3683 596 3737 τοιαῦτα
649 3685 1095 3756 μεγαλαυχοῦντα
1130 3688 1266 3757 πρὸς
1305 3688 1501 3750 αὐτούς
1520 3706 1534 3719 ·
1566 3689 1658 3740 καὶ
1697 3688 1953 3756 λέγοντας

373 3774 625 3845 φανερῶς
654 3776 737 3829 ὅτι
777 3776 875 3846 οὐχ
905 3778 1055 3847 ὑμῖν,
1078 3777 1191 3831 ἀλλ’
1227 3778 1351 3848 ἐμοὶ
1376 3779 1632 3849 πρόσεστι
1670 3779 1866 3849 μᾶλλον
1892 3781 1952 3832 τὸ

370 3866 747 3919 διδασκαλικὸν
774 3867 992 3937 ἀξίωμα
1021 3870 1082 3921 ὲκ
1111 3869 1218 3921 τῶν
1247 3870 1587 3940 πραγμάτων
1614 3869 1794 3923 αὐτῶν
1818 3888 1831 3900 -
1865 3872 1952 3923 ἐν·

373 3958 561 4012 τεῦθεν
588 3960 645 4013 δὲ
677 3958 859 4015 λοιπὸν
893 3962 1021 4031 περὶ
1060 3962 1254 4015 ἑαυτοῦ
1285 3962 1445 4033 μόνου
1476 3963 1829 4034 διηγούμενος
1852 3982 1864 3993 ·
1887 3965 1948 4016 οὐ

372 4051 481 4122 γὰρ
499 4051 641 4104 οὕτω
667 4053 923 4124 φορτικὸν
943 4055 1071 4124 περὶ
1094 4054 1287 4108 ἑαυτοῦ
1315 4055 1492 4123 λέγειν
1519 4055 1660 4116 τινὰ,
1691 4056 1785 4108 καὶ
1810 4055 1950 4108 κατά

371 4144 681 4216 παράϐασιν
738 4145 939 4217 ἐτέρων
990 4146 1367 4216 ὑπερφέροντα
1417 4147 1607 4199 ἑαυτὸν
1654 4146 1946 4210 δεικνῦναι,

371 4237 465 4289 καὶ
496 4236 727 4308 μάλιστα
756 4238 980 4291 ἐκείνων
1019 4238 1154 4307 πρὸς
1182 4238 1276 4302 οὓς
1309 4238 1596 4308 διελέγετο.
1634 4239 1745 4293 Καὶ
1778 4239 1949 4292 ταῦτα

369 4331 543 4401 ἀρχὴν
579 4331 699 4384 τότε
730 4331 1028 4385 δοκούντων
1054 4331 1149 4385 τοῦ
1197 4332 1327 4386 λαοῦ
1364 4334 1693 4405 σαφέστερον
1720 4333 1946 4405 ἄρχεται

366 4418 567 4488 λέγειν,
590 4422 672 4474 ὅτι
698 4421 988 4492 πρόσεστιν
1012 4423 1160 4494 αὐτῷ
1190 4424 1336 4495 ἢτοῦ
1367 4426 1625 4494 ποιμένος
1652 4424 1798 4490 ἀξία.

441 4533 587 4603 Στίχ.
618 4533 686 4598 ζ’.
711 4564 781 4574 -
812 4536 1006 4603 Θύραγ
1036 4536 1226 4589 ἑαυτὸν
1257 4537 1560 4607 ὠνόμασεν,
1594 4540 1694 4593 οὐκ
1732 4540 1947 4594 ἐναντία

367 4624 541 4690 λέγων
574 4627 830 4689 ἐκείνοιςο
859 4625 954 4680 διὰ
987 4626 1093 4696 τῆς
1127 4628 1309 4695 θύρας
1347 4629 1536 4683 ἑαυτὸν
1583 4631 1807 4684 εἰσιέναι
1838 4648 1944 4702 φη-

370 4716 474 4768 σίνο
509 4717 696 4788 ἐπειδὴ
722 4718 830 4789 γὰρ
859 4718 995 4789 πρὸς
1023 4721 1345 4791 φαρισαίους
1375 4721 1640 4790 διελέγετο
1672 4724 1811 4776 κατὰ
1840 4724 1947 4784 Νό-

372 4826 473 4878 μον
504 4809 768 4879 ἄρχοντας
816 4809 906 4863 τοῦ
942 4810 1092 4874 λαοῦ,
1129 4811 1204 4876 ὠς
1249 4811 1314 4865 ἂν
1352 4814 1411 4865 οὐ
1440 4813 1662 4878 δικαίως
1694 4816 1789 4868 τόν
1814 4833 1942 4870 ποτε

367 4898 568 4966 τυφλὸν
612 4900 990 4965 ἐκϐάλλοντας,
1026 4901 1248 4964 εἰκότως
1280 4904 1469 4957 ἑαυτὸν
1516 4907 1821 4978 συγκρίνων
1851 4909 1947 4961 αὐ-

368 4992 483 5054 τοῖς
510 4989 649 5043 κατά
674 4992 770 5061 τὴν
804 4992 1033 5063 νομικὴν
1069 4994 1292 5063 ἀγωγήν
1314 5010 1325 5022 ⁸
1363 4995 1436 5059 ὡς
1472 4996 1537 5049 ἂν
1569 4998 1766 5065 μᾶλλον
1788 5000 1948 5062 αὐτὸς

368 5083 468 5152 τῆς
508 5083 794 5155 ἀκριϐείας
838 5086 1311 5156 ὲπιμελησάμενος
1335 5088 1431 5139 τοῦ
1470 5088 1677 5158 Νόμου,
1709 5091 1806 5143 καὶ
1858 5091 1946 5145 διά

369 5173 528 5227 τοῦτο
554 5173 884 5246 κυριώτερον
917 5176 1153 5246 ἄρχοντα
1179 5176 1287 5229 τῶν
1319 5176 1604 5249 προϐάτων
1642 5180 1833 5233 ἑαυτὸν
1860 5181 1948 5234 διὰ

370 5267 467 5337 τῆς
483 5266 651 5337 Θύρας
670 5266 889 5320 εἰσίεναι
914 5267 1038 5339 ἔφη,
1054 5267 1130 5333 ὡς
1152 5269 1216 5322 ἂν
1240 5270 1333 5323 καὶ
1348 5270 1509 5334 αὐτὸς
1531 5271 1635 5325 ὑπὸ
1650 5272 1740 5326 τὸν
1762 5273 1945 5344 Νόμον

370 5358 681 5428 γενόμενος,
725 5361 817 5411 καὶ
867 5362 931 5430 τῇ
966 5363 1161 5432 νομικῇ
1206 5365 1549 5433 χρησάμενος
1599 5365 1824 5435 εἰσόδῳ·
1858 5366 1942 5419 ὲν·
1982 5358 1986 5362 ’

368 5448 540 5502 ταῦθα
566 5449 624 5501 δὲ
648 5450 836 5503 ἔαυτόν
866 5468 998 5521 φησι
1020 5452 1129 5505 τῶν
1155 5454 1441 5522 προϐάτων
1464 5450 1603 5509 εἶναι
1627 5456 1724 5528 τὴν
1746 5456 1935 5528 θύραψ

367 5542 443 5605 ὡς
473 5541 540 5619 ἂν
567 5542 729 5607 αὐτὸς
757 5544 905 5605 πᾷσα
925 5544 1069 5616 ἀργὴ
1094 5548 1192 5617 τῆς
1216 5547 1293 5611 εἰς
1314 5547 1413 5620 τὴν
1444 5546 1699 5619 ἀλήθειαν
1733 5548 1934 5603 εἰσόδου

443 5719 521 5791 (1)
551 5719 717 5775 Lord.
749 5730 855 5777 cat.
894 5739 946 5793 p.
980 5722 1088 5779 263

2062 1859 2147 1905 est
2172 1850 2406 1922 Moyses,
2442 1854 2533 1923 qui
2565 1856 2707 1910 ovile
2748 1857 2854 1912 hoc
2907 1859 3170 1929 legitimis
3223 1864 3626 1932 explanationi-

2062 1942 2166 1998 bus
2195 1945 2484 2001 stabilivit.
2524 1945 2722 2002 Pastor
2751 1957 2936 2005 autem
2987 1952 3061 2006 sit
3111 1953 3321 2020 ovium,
3374 1960 3627 2031 quisquis

2058 2034 2237 2103 reipsa
2274 2035 2436 2106 digne
2468 2037 2735 2093 doctorali
2780 2055 3005 2097 munere
3036 2043 3347 2114 insignitus,
3393 2050 3625 2121 legitima

2057 2122 2144 2175 via
2172 2124 2362 2187 utitur,
2389 2126 2441 2179 id
2476 2134 2580 2190 est,
2617 2128 2709 2197 qui
2734 2128 2788 2183 in
2816 2127 2958 2200 Lege
2973 2133 3120 2186 omni
3143 2133 3418 2205 diligentia
3442 2155 3627 2200 versa-

2060 2223 2148 2269 tus
2179 2223 2232 2269 et
2260 2217 2313 2269 in
2350 2217 2540 2272 eadem
2579 2220 2748 2290 probe
2788 2222 3041 2279 exeultus
3079 2224 3223 2281 ovile
3267 2227 3369 2284 hoc
3395 2229 3622 2289 admini-

2059 2308 2343 2362 strandum
2356 2309 2535 2364 debita
2551 2320 2604 2366 et
2619 2314 2962 2369 convenienti
2981 2316 3194 2373 ratione
3210 2322 3627 2391 suscepit.Tune

2060 2404 2246 2469 utique
2270 2408 2519 2466 caeteros,
2553 2402 2727 2457 instar
2753 2404 2958 2465 ovium,
2977 2404 3256 2476 sigillatim
3279 2408 3345 2462 ad
3365 2412 3629 2468 doctrina:

2060 2506 2260 2560 pascua
2292 2492 2495 2546 educit.
2532 2494 2666 2548 Cum
2718 2496 2902 2565 itaque
2934 2496 3029 2566 qui
3083 2508 3168 2554 est
3221 2500 3626 2571 hujuscemodi,

2061 2589 2247 2650 pastor
2278 2582 2368 2646 sit,
2395 2581 2487 2635 fur
2522 2592 2928 2653 consequenter
2959 2594 3011 2639 et
3054 2586 3194 2643 latro
3242 2590 3332 2652 sit,
3372 2593 3463 2663 qui
3519 2611 3624 2649 non

2058 2681 2143 2728 est
2209 2674 2374 2736 talis,
2438 2675 2533 2729 sed
2588 2683 2791 2731 temere
2843 2677 3137 2735 iusiliendo
3193 2681 3260 2735 ad
3308 2684 3625 2755 dignitatem

2058 2773 2363 2836 grassatur,
2397 2776 2450 2821 et
2501 2768 2683 2821 ovium
2711 2771 3005 2839 perniciem
3037 2774 3403 2834 machinatur.
3442 2779 3625 2852 Inqui-

2062 2858 2286 2912 rendum
2316 2859 2502 2928 igitur,
2529 2875 2697 2929 penes
2721 2878 2838 2925 vos,
2872 2864 3116 2934 inquam,
3141 2867 3188 2921 si
3221 2868 3293 2922 ita
3317 2870 3550 2938 videtur,
3570 2883 3623 2930 et

2060 2949 2295 3021 me,quis
2318 2950 2556 3021 legitimo
2591 2968 2724 3008 usus
2749 2954 2820 3007 sit
2853 2955 3126 3027 ingressu,
3159 2960 3283 3028 quis
3309 2961 3619 3034 diligentem

1982 3084 2025 3141 α
2058 3051 2112 3097 et
2141 3051 2450 3097 accuratam
2483 3043 2642 3115 Legis
2675 3061 2864 3102 curam
2894 3048 3113 3116 habeat,
3145 3054 3232 3107 cui
3261 3052 3420 3126 Legis
3460 3058 3625 3113 ostia~

2059 3131 2175 3185 rius
2217 3130 2429 3202 Moyses
2476 3134 2703 3201 aperiat.
2751 3134 2951 3208 Legum
3007 3148 3158 3197 certe
3214 3153 3362 3199 reeta
3414 3144 3627 3201 an‘ectiu

2058 3238 2224 3291 penes
2275 3238 2361 3276 me
2415 3224 2595 3293 potius
2659 3227 2980 3295 reperiatur,
3011 3244 3175 3300 quam
3203 3247 3369 3302 penes
3401 3249 3517 3288 vos.

2127 3519 2288 3574 Vsus.
2323 3518 2577 3574 6.-—llmc
2598 3527 2779 3574 autem
2799 3519 2851 3573 in
2872 3519 3128 3588 parabola
3151 3518 3335 3574 dicere
3360 3517 3623 3573 Dominus

2052 3612 2243 3670 voluit,
2269 3627 2336 3666 ne
2375 3611 2503 3675 illis,
2536 3610 2602 3666 de
2637 3625 2695 3665 se
2712 3618 2819 3664 tam
2837 3626 3030 3681 magna
3059 3611 3312 3680 loquens,
3339 3610 3626 3665 onerosior

2052 3705 2345 3759 videretur.
2379 3702 2519 3758 Sunt
2534 3705 2697 3759 etiam
2725 3704 2817 3774 qui
2845 3703 3033 3758 dicunt
3062 3718 3168 3756 non
3196 3701 3351 3757 vobis
3372 3701 3466 3756 sed
3489 3700 3620 3754 mihi

2054 3795 2228 3865 magis
2250 3795 2511 3864 prodesse
2529 3794 2839 3848 doctrinam
2869 3792 3113 3862 magistri
3138 3808 3203 3846 ex
3226 3791 3361 3861 ipsis
3382 3789 3616 3845 actibus.

2050 3886 2181 3941 Dein
2217 3896 2397 3942 autem
2424 3885 2490 3941 de
2518 3901 2578 3941 se
2606 3885 2725 3957 ipso
2756 3885 3020 3957 loquitur.
3069 3882 3239 3938 Nemo
3268 3890 3448 3937 autem
3476 3880 3625 3936 dicet

2052 3980 2203 4034 illum
2234 3980 2605 4035 ouerosiorem
2635 3977 2827 4041 fuisse,
2860 3993 2959 4033 nec
2985 3976 3237 4041 ostendet
3262 3991 3384 4029 eum
3424 3988 3618 4043 super-

2052 4071 2216 4126 biissc
2236 4072 2391 4142 juxta
2418 4071 2920 4142 praevaricationem
2940 4069 3395 4136 eorum,maxime
3426 4075 3618 4125 contra

2050 4179 2188 4233 quos
2220 4164 2561 4234 loquebatur.
2589 4163 2853 4234 Tuncque
2881 4162 3123 4234 apertius
3147 4158 3294 4215 omni
3343 4158 3489 4227 vulgi
3522 4157 3618 4211 liu-

2050 4272 2155 4327 gua
2188 4257 2371 4312 dicere
2402 4256 2593 4328 incipit
2621 4256 2864 4311 habitum
2890 4254 3123 4325 pastoris
3150 4253 3215 4307 ad
3235 4268 3293 4308 se
3322 4252 3614 4321 pertinere.

2123 4539 2292 4595 Vens.
2330 4540 2379 4591 7.
2417 4567 2484 4576 —
2520 4538 2592 4592 Se
2616 4550 2819 4590 vocans
2858 4534 3073 4599 ostium,
3110 4549 3216 4587 non
3263 4532 3372 4587 illis
3396 4542 3616 4588 contra-

2048 4633 2201 4689 dicit.
2237 4630 2489 4701 Seipsum
2522 4644 2617 4699 per
2641 4628 2834 4682 ostium
2877 4625 3084 4681 intrare
3127 4624 3279 4679 dicit.
3328 4623 3617 4679 Pharismis

2046 4729 2190 4780 enim
2226 4722 2549 4793 loquebatur
2578 4720 2672 4789 qui
2698 4720 2853 4788 juxta
2889 4715 3086 4787 Legem
3138 4715 3306 4771 duces
3327 4725 3486 4771 erant
3516 4732 3617 4786 po—

2048 4817 2188 4888 puli,
2229 4814 2321 4870 sed
2343 4814 2437 4884 qui
2478 4812 2682 4883 injuste
2704 4824 2909 4864 caecum
2937 4808 3244 4878 eiecerant;
3285 4806 3526 4876 alioquin
3559 4822 3617 4860 se

2042 4909 2332 4978 illisjuxta
2374 4905 2532 4976 Legis
2582 4903 2833 4960 instituta
2882 4902 3246 4973 aequiperans.
3290 4897 3615 4954 Accuratius

2047 5000 2244 5071 Legem
2313 4998 2735 5059 observaturus,
2798 4995 2920 5051 ideo
2979 5008 3038 5047 se
3109 4992 3303 5046 ducem
3361 4990 3612 5045 tutiorem

2044 5094 2227 5149 ovium
2260 5106 2357 5163 per
2385 5088 2585 5144 ostium
2613 5087 2819 5142 intrare
2848 5085 3007 5148 dicit,
3042 5100 3166 5138 cum
3205 5081 3367 5136 etiam
3402 5095 3461 5135 se
3487 5079 3613 5149 Legi

2047 5185 2403 5254 subjecturus
2436 5181 2508 5236 sit
2538 5180 2888 5250 legitimeque
2924 5178 3297 5247 ingressurus.
3332 5170 3410 5225 lbi
3436 5179 3612 5274 autem

2051 5294 2111 5333 se
2135 5276 2317 5331 ovium
2348 5289 2471 5330 esse
2503 5274 2704 5329 ostium
2736 5272 2899 5335 dicit,
2929 5278 3188 5338 tanquam
3219 5279 3381 5319 omne
3411 5272 3614 5333 princi-

2051 5371 2198 5441 pium
2218 5367 2541 5422 introitusin
2561 5367 2846 5421 veritatem
2870 5364 2982 5428 ipse
3001 5360 3240 5415 futurus.
3271 5355 3373 5410 Per
3401 5372 3500 5422 me,
3524 5354 3609 5409 in-

2046 5462 2166 5532 quit
2190 5461 2266 5528 (v.
2292 5462 2372 5529 9).
2392 5461 2438 5514 si
2481 5460 2598 5528 quis
2636 5456 2921 5517 introierit,
2951 5453 3260 5506 salvabitur.
3285 5449 3387 5516 Qui
3429 5456 3608 5501 autem

2048 5549 2278 5622 ingressi
2308 5548 2506 5608 inierint
2542 5545 2648 5602 mei
2681 5549 2872 5610 erunt,
2909 5557 3007 5612 per
3041 5556 3128 5596 me
3155 5556 3378 5611 msuper
3413 5540 3612 5593 verita-

2124 5723 2197 5793 (2)
2227 5722 2330 5779 Mai
2364 5722 2491 5778 ibid.
2534 5737 2587 5791 p.
2630 5718 2751 5776 tea.

3541 297 3651 363 753.
