4002 6244
338 282 531 368 1391'

1396 319 1666 378 SYNESH
1709 321 2174 378 PTOLEMAIDIS
2212 320 2519 379 EPISCOPI
3453 311 3595 371 I518

332 431 483 488 hisce
524 431 593 486 de
639 432 803 490 rebus
855 434 1114 508 colloqui,
1158 447 1366 496 etcum
1412 442 1559 511 aliis,
1586 444 1681 515 qui
1717 444 1914 501 melius

2024 444 2169 517 θαρῷ
2199 444 2308 516 γὰρ
2339 441 2582 515 καθαροῦ
2626 436 3001 510 ἐφάπτεσθαι,
3048 435 3215 507 φησὶν
3258 433 3321 488 οὐ
3366 434 3595 504 θεμιτὸν

331 518 437 579 ista
469 524 744 581 noverint.
790 524 921 582 Mihi
972 543 1101 585 vero
1148 545 1492 603 nequaquam
1548 535 1766 592 consilii
1797 552 1917 593 esse

2024 540 2054 607 ἡ
2101 536 2361 590 θεσπεσία
2406 535 2576 605 φωνή.
2609 533 2673 586 Οί
2729 530 2916 585 πολλοὶ
2972 529 3030 583 δέ
3087 528 3150 581 ού
3203 526 3293 580 διὰ
3344 525 3406 579 τὸ
3460 542 3593 598 φρο-

332 613 567 681 videtur,
616 623 800 674 tantas
863 633 954 675 res
1007 621 1253 692 epistola:
1315 629 1669 687 concredere.
1718 627 1915 684 Totum

2024 632 2150 692 νεῖν,
2202 626 2319 682 ἀλλ’
2377 625 2512 679 αὐτὸ
2567 624 2635 677 δι’
2689 620 2841 685 αὐτὸ,
2895 621 2989 674 καὶ
3033 618 3347 691 τελειότητα
3381 617 3594 689 ἀνθρω-

329 706 475 761 enim
505 704 610 762 hoc
641 710 999 779 epistolarum
1047 717 1326 786 negotium
1360 719 1586 776 minime
1632 728 1718 778 est
1751 723 1917 777 silen-

2024 720 2186 790 πίνην
2229 719 2463 789 ἥγηνται
2492 715 2553 768 τὸ
2595 712 2745 785 βιοῦν
2776 710 2953 783 ὀρθῶς
2975 727 2991 743 ο
3032 710 3133 784 τὴν
3162 709 3277 763 ὁδὸν
3314 710 3413 781 οὐχ
3454 708 3599 776 ὁδὸν,

330 797 389 851 t-ii
442 807 626 864 tenax,
675 802 769 857 sed
824 803 897 858 ita
946 818 1346 879 comparatum,
1391 820 1451 868 ut
1500 828 1624 868 cum
1675 815 1917 885 quolibet

2024 809 2134 864 ἀλλ’
2180 807 2266 878 ἐφ’
2322 807 2353 861 ὅ
2399 807 2478 860 δεῖ
2524 806 2591 859 δι’
2638 804 2808 874 αὐτῆς
2863 802 3068 873 φθάσαι
3122 801 3455 875 νομίζοντες,
3492 818 3597 854 κα-

329 890 751 947 sermociuetur.
796 891 930 951 Vale
958 935 974 961 ,
1020 905 1075 953 et
1136 900 1494 973 philosophia:
1551 917 1773 974 operum
1822 904 1917 958 ad-

2024 901 2133 964 κῶς
2161 898 2500 971 φρονοῦντες.
2536 894 2864 967 Σωφροσύνη
2905 894 3015 967 γὰρ
3040 893 3255 965 ἄλογος,
3291 894 3386 955 καὶ
3414 892 3597 961 ἀποχὴ

330 979 477 1047 bibo,
526 980 751 1054 jugique
807 987 990 1043 studio
1044 988 1324 1046 defossum
1375 992 1433 1047 in
1476 994 1639 1050 nobis
1694 995 1914 1048 oculum

2024 988 2382 1060 κρεωδαισίας
2413 985 2584 1057 πολλὴ
2610 984 2761 1057 παρά
2800 983 3014 1046 πολλοῖς
3048 982 3264 1050 ἀλόγοις
3292 982 3485 1035 εῐδεσιν
3506 982 3598 1033 ἐν-

329 1072 573 1129 extrabe.
614 1073 825 1149 Quippe
855 1088 1005 1135 recte
1059 1090 1121 1136 ut
1164 1084 1331 1137 vitam
1380 1085 1754 1149 instituamus,
1789 1100 1914 1155 per-

2024 1080 2227 1134 δέδοται
2248 1078 2399 1150 παρὰ
2426 1078 2525 1149 τῆς
2551 1077 2785 1147 φύσεως.
2828 1074 2969 1129 Ἀλλ’
2994 1074 3097 1128 οὐκ
3123 1072 3450 1144 ἐπαινοῦμεν
3470 1072 3599 1126 οὔτε

330 1163 479 1229 inde.
531 1166 806 1238 arbitror,
853 1180 913 1225 ut
962 1172 1178 1228 initium
1239 1176 1543 1246 sapientiae,
1587 1188 1796 1233 veteres
1851 1192 1916 1231 ac

2024 1170 2285 1244 κορώνην,
2314 1169 2425 1224 οὔτ’
2462 1169 2589 1225 ἄλλο
2615 1187 2667 1223 τι
2696 1168 2806 1222 τῶν
2839 1167 3160 1239 εύραμένων
3199 1166 3432 1237 φυσικὴν
3461 1166 3594 1235 ἀρε-

329 1254 604 1325 sapientes
631 1258 732 1313 viri
766 1274 1112 1334 summopere
1157 1265 1563 1335 procurandum
1598 1265 1761 1338 275
1794 1281 1916 1322 esse

2024 1262 2140 1334 τὴν,
2185 1264 2267 1317 ὃτι
2310 1260 2625 1333 φρονήσεως
2657 1258 2859 1330 ἔρημα.
2918 1258 2985 1311 Ἡ
3025 1257 3084 1311 δὲ
3122 1256 3263 1313 κατά
3297 1256 3422 1311 νοῦν
3457 1256 3597 1326 ζωὴ,

330 1346 651 1406 docuerunt.
692 1350 828 1408 Nam
871 1354 922 1409 ei
975 1356 1067 1426 qui
1120 1358 1371 1429 impurus
1419 1358 1524 1425 sit,
1561 1373 1675 1415 rem
1719 1374 1911 1428 puram

2024 1355 2170 1420 τέλος
2210 1353 2521 1426 ἀνθρώπου.
2562 1351 2780 1423 Ταύτην
2814 1351 3089 1423 μετίωμεν
3118 1364 3135 1383 ⁶
3186 1349 3368 1405 θεόθεν
3410 1366 3472 1403 τε
3504 1350 3596 1402 al-

332 1439 598 1511 attiugere
631 1442 788 1499 nefas
812 1461 956 1513 esse,
987 1446 1170 1503 divina
1204 1464 1309 1504 vox
1342 1457 1597 1506 testatur.
1646 1447 1753 1505 Sed
1791 1450 1913 1503 vul~

2024 1445 2238 1511 τοῦντες
2263 1445 2383 1501 θεῖα
2415 1448 2653 1519 φρονεῖν,
2684 1446 2781 1500 καὶ
2813 1444 2988 1509 αὐτοὶ,
3008 1444 3099 1498 τὸν
3126 1443 3348 1498 δυνατὸν
3373 1442 3598 1515 τρόπον,

331 1545 432 1600 gus
468 1530 616 1587 istud
668 1535 873 1605 ipsum,
908 1546 1058 1595 recte
1089 1541 1293 1606 vivere,
1338 1558 1443 1596 non
1481 1542 1547 1597 ad
1589 1542 1913 1613 sapientiam

2024 1539 2081 1592 τὸ
2108 1541 2325 1610 φρονεῖν
2362 1536 2737 1609 ἁπανταχόθεν
2768 1536 3139 1606 συλλέγοντες.

333 1621 524 1681 rcferri
550 1665 566 1693 ,
601 1626 697 1681 sed
732 1628 909 1699 ipsum
946 1647 1041 1703 per
1074 1648 1197 1689 sese
1233 1635 1554 1701 consistere,
1587 1643 1753 1706 atque
1792 1635 2042 1689 humana:
2071 1633 2194 1687 vitae
2229 1631 2618 1703 perfectionem
2657 1630 2941 1686 continere
2980 1638 3177 1700 putat;
3219 1628 3323 1684 hoc
3353 1634 3462 1691 est,
3496 1626 3604 1682 iter

334 1732 441 1772 non
480 1720 601 1785 iter,
629 1723 726 1779 sed
759 1725 812 1780 id
858 1727 926 1781 ad
970 1728 1115 1798 quod
1168 1745 1264 1801 per
1297 1729 1429 1785 illud
1472 1730 1803 1786 contendere
1839 1736 2073 1799 oportet,
2116 1741 2241 1783 esse
2295 1727 2506 1792 statuit,
2569 1741 2633 1782 ac
2665 1740 2947 1797 perperam
2993 1726 3062 1780 de
3102 1724 3268 1779 rebus
3304 1725 3603 1779 existimat.

334 1809 545 1870 Etenim
586 1819 815 1875 rationis
854 1822 1100 1890 quaedam
1176 1840 1370 1895 expers
1418 1825 1776 1895 temperantia
1846 1839 1899 1879 et
1949 1839 1980 1878 a
2013 1821 2262 1877 carnium
2329 1838 2431 1877 usu
2471 1822 2804 1878 abstinentia
2860 1821 3135 1891 plerisque
3192 1827 3276 1875 est
3309 1818 3604 1874 admodum

248 1956 251 1965 ,
336 1905 546 1964 ratione
606 1913 920 1970 carentibus
971 1932 1003 1971 a
1057 1928 1251 1977 natura
1317 1923 1507 1978 indita.
1584 1924 1690 1980 Sed
1748 1938 1925 1992 neque
1993 1921 2270 1977 cornicem
2352 1920 2681 1987 laudamus;
2736 1935 2838 1975 nec
2893 1918 3042 1973 aliud
3088 1918 3365 1988 quidpiam
3412 1929 3605 1971 eorum

334 2012 456 2067 quae
501 2002 736 2058 nativam
774 2006 915 2063 hanc
958 2013 1212 2070 virtutem
1257 2019 1453 2087 adepta
1491 2019 1715 2083 fuerint,
1754 2018 1897 2089 quod
1938 2016 2238 2089 prudentia.
2265 2024 2506 2072 careant.
2535 2014 2654 2070 Vita
2690 2023 2909 2079 autem,
2954 2028 3077 2084 quae
3115 2012 3417 2069 secundum
3447 2028 3606 2077 men-

336 2096 443 2143 tem
466 2099 569 2155 est,
606 2093 731 2151 ﬂuis
752 2111 837 2155 est
878 2102 1141 2162 hominis.
1174 2108 1327 2164 Hanc
1357 2127 1458 2166 nos
1497 2112 1644 2167 omni
1680 2113 1861 2167 studio
1897 2124 2250 2178 quaeramus;
2304 2118 2359 2162 at
2403 2124 2527 2163 cum
2575 2124 2606 2161 a
2654 2107 2764 2163 Deo
2800 2106 2986 2162 divina
3020 2120 3211 2176 sapere
3239 2106 3605 2178 postulatus,

337 2191 451 2237 tiuu
512 2183 615 2254 ipsi
646 2203 974 2264 quacunque
1027 2200 1241 2257 ratione
1299 2219 1617 2272 possumus,
1648 2203 2005 2276 uudequaque
2034 2202 2359 2274 sapientiam
2395 2216 2797 2270 comparemus.

788 2284 1121 2346 EPISTOLA
1158 2293 1468 2352 CXXXVII.

1008 2381 1226 2439 Eidem.

405 2461 605 2521 Audivi
646 2465 945 2541 aliquando
982 2477 1293 2546 quempiam
1318 2477 1610 2543 disertum,
1639 2494 1705 2535 ac
1733 2480 1919 2551 copio-

340 2564 461 2605 sum
491 2551 787 2624 hominem,
817 2559 907 2628 qui
939 2562 1296 2631 epistolarum
1328 2583 1487 2623 usum
1520 2569 1920 2641 utilitatemque

338 2646 768 2705 commendaret.
804 2650 958 2718 Quod
994 2655 1171 2726 ipsum
1216 2658 1536 2725 multorum,
1566 2668 1621 2716 et
1676 2661 1917 2717 admira-

341 2735 532 2791 bilium
566 2754 883 2798 sermonum
918 2754 1300 2816 argumentum
1333 2750 1576 2821 sophista
1612 2751 1702 2809 ille
1758 2753 1920 2807 insti-

342 2837 540 2885 tuerat.
580 2831 850 2889 Caeterum
886 2836 1006 2907 ejus
1031 2839 1108 2893 rei
1142 2842 1477 2909 praeconium
1510 2858 1637 2898 cum
1690 2858 1757 2899 ex
1795 2845 1920 2901 aliis

344 2920 536 2976 multis
564 2922 860 2994 capitibus,
891 2934 1006 2981 tum
1034 2943 1107 2982 ex
1154 2928 1259 2984 hoc
1291 2946 1401 2985 uno
1438 2932 1786 3002 potissimum
1826 2951 1918 2990 ar-

342 3010 608 3075 cessebat,
649 3013 792 3082 quod
825 3014 1111 3086 epistolam
1166 3034 1330 3090 posse
1369 3021 1576 3079 diceret
1620 3023 1917 3081 infelicium

344 3115 591 3156 amorum
630 3117 755 3159 esse
786 3106 1067 3175 solatium,
1098 3117 1158 3165 ut
1191 3127 1314 3182 qua:
1336 3128 1432 3183 per
1461 3114 1765 3171 absentiam
1790 3132 1921 3172 cor-

345 3208 538 3265 porum
566 3196 854 3267 imaginem
888 3203 1184 3270 quamdam
1222 3204 1525 3275 praesentia:
1555 3206 1802 3273 referret,
1824 3225 1919 3265 eo-

342 3301 451 3357 que
478 3286 619 3358 ipso,
651 3289 800 3360 quod
825 3291 1062 3361 colloqui
1092 3294 1389 3362 videretur,
1430 3297 1738 3354 animorum
1770 3298 1918 3357 desi-

345 3377 560 3446 derium
596 3381 867 3451 expleret.
907 3381 989 3439 0b
1012 3384 1128 3440 haec
1152 3386 1327 3457 igitur
1349 3386 1700 3458 epistolarum
1724 3390 1918 3447 inven-

344 3480 516 3527 torem
547 3471 841 3539 laudabat;
885 3483 1050 3545 atque
1112 3476 1218 3531 hoc
1279 3492 1483 3534 munus
1540 3494 1652 3535 non
1706 3480 1773 3536 ab
1806 3482 1920 3538 ullo

344 3564 564 3620 homine
608 3564 936 3635 profectum,
999 3567 1093 3623 sed
1140 3584 1169 3622 a
1217 3568 1325 3625 Deo
1374 3569 1429 3624 in
1488 3570 1736 3630 homines
1797 3589 1919 3630 esse

345 3654 651 3711 derivatum
706 3654 1076 3711 existimabat.
1154 3656 1266 3728 Ego
1319 3659 1502 3731 itaque
1573 3661 1760 3718 divino
1820 3663 1913 3719 illo

346 3744 612 3801 beneﬂcio
644 3745 823 3813 fruor,
857 3755 912 3803 et
942 3747 1009 3802 ad
1041 3764 1165 3804 eum
1218 3751 1432 3821 ipsum,
1477 3767 1712 3823 quocum
1746 3755 1918 3810 collo-

345 3835 442 3906 qui
471 3844 768 3907 oporteret,
802 3838 847 3892 si
889 3838 1071 3895 minus
1105 3839 1342 3911 colloqui
1383 3857 1628 3911 possum,
1658 3845 1917 3915 quoniam

348 3927 592 3985 scribere
651 3944 899 4000 possum,
962 3930 1162 4001 saepius
1218 3932 1321 3988 hoc
1359 3932 1537 4002 facio;
1601 3946 1675 4000 et,
1735 3939 1918 4007 qu0ad

348 4018 468 4075 ﬁeri
506 4034 537 4074 a
567 4035 654 4076 me
684 4027 885 4090 patest,
915 4035 1039 4075 cum
1079 4036 1145 4076 eo
1169 4039 1380 4091 versor,
1412 4027 1657 4096 meisque
1706 4028 1919 4084 deliciis

350 4109 623 4184 perfruor.
652 4110 734 4166 Tu
767 4127 918 4177 vero,
952 4114 1057 4169 nisi
1086 4098 1325 4171 id‘dictu
1357 4118 1615 4172 acerbum
1648 4128 1753 4184 est,
1803 4120 1923 4174 aui-

350 4216 498 4256 mum
530 4216 637 4257 una
670 4216 795 4257 cum
826 4202 946 4259 loco
979 4202 1321 4273 disjunxisti.
1360 4206 1514 4271 Quod
1556 4208 1601 4262 si
1653 4219 1703 4263 te
1751 4210 1819 4264 ab
1855 4211 1925 4266 iis

350 4292 692 4360 abstrahere,
724 4294 817 4366 qui
846 4295 1224 4353 sincerissime
1241 4311 1307 4351 ac
1329 4297 1449 4353 sine
1477 4297 1604 4354 fuco
1634 4310 1920 4365 amarunt.

347 4399 457 4440 non
492 4383 743 4452 desieris,
773 4384 1096 4443 hirundines
1130 4386 1383 4455 imitaris,
1407 4404 1527 4459 quae
1555 4390 1608 4445 in
1642 4391 1926 4449 hominum

348 4476 496 4531 velut
521 4477 817 4552 amicitiam
854 4493 977 4536 cum
1012 4495 1144 4536 voce
1176 4494 1241 4536 ac
1268 4481 1510 4539 clamore
1556 4498 1678 4540 sese
1734 4485 1924 4542 confe-

348 4575 514 4634 runt;
553 4567 776 4625 silentio
811 4586 941 4626 vero
988 4570 1315 4642 demigrant.
1358 4574 1537 4645 Atque
1589 4576 1716 4643 hoc,
1776 4579 1920 4649 quod

350 4659 417 4712 ad
446 4658 721 4715 hominem
752 4660 932 4716 adhuc
967 4662 1227 4732 pertinet,
1261 4663 1611 4738 hominisque
1648 4671 1924 4740 querimo-

349 4751 492 4807 nias.
527 4747 686 4818 Quod
716 4752 764 4808 si
790 4767 888 4823 per
946 4753 1342 4825 philosophiam
1383 4774 1509 4830 qua:
1541 4759 1632 4815 bic
1670 4761 1943 4831 seiuncta

2517 2292 2867 2347 ΕΠΙΣἹῸΔΗ
2904 2292 3075 2346 ΡΔΖ’.

2665 2381 2751 2450 Τῷ
2776 2381 2958 2447 αὐτῷ.

2092 2477 2346 2532 Ἤκουσά
2370 2493 2465 2530 του
2492 2474 2603 2529 τῶν
2634 2474 2823 2529 δεινῶν
2874 2475 3055 2544 λέγειν
3078 2474 3271 2547 ἀνδρὸς
3307 2471 3602 2528 ἐπαινοῦν-

2018 2585 2110 2633 τος
2147 2568 2339 2640 χρείαν
2372 2568 2661 2640 ἐπιστολῆς
2692 2582 2708 2598 ο
2759 2568 2856 2622 καὶ
2881 2566 3032 2621 τοῦτ’
3062 2565 3195 2620 αὐτὸ
3224 2565 3331 2620 τῶν
3362 2564 3601 2629 πολλῶν,

2019 2662 2114 2717 καὶ
2143 2659 2475 2734 θαυμαστῶν
2505 2659 2680 2730 λόγων
2704 2656 2963 2729 σοφιστὴς
2995 2657 3250 2711 ὑπόθεσιν
3277 2656 3599 2726 ἐπεποίητο.

2032 2752 2378 2824 Ἐχορηγεϊτο
2404 2751 2463 2805 δὲ
2492 2751 2662 2822 αὐτῆς
2688 2749 2750 2803 τὸ
2780 2748 3057 2820 ἐγκώμιον
3094 2748 3331 2820 πολλαχῇ
3370 2747 3473 2818 μιν
3500 2747 3603 2802 καὶ

2020 2841 2190 2913 ἄλλῃ,
2242 2841 2475 2913 μάλιστα
2503 2840 2561 2895 δὲ
2592 2840 2702 2895 ἀπὸ
2738 2839 2832 2894 τοῦ
2872 2838 3131 2893 δύνασθαι
3170 2838 3269 2909 τὴν
3308 2837 3603 2908 ἐπιστολὴν

2019 2930 2240 3004 ἐρώτων
2287 2932 2391 2987 οὐκ
2439 2930 2813 3003 εὐτυχούντων
2859 2926 3000 2984 εἶναι
3034 2929 3406 3002 παραμυθίαν,
3449 2947 3603 3001 παρ-

2019 3022 2288 3096 εχομένην
2313 3026 2373 3078 ἐν
2409 3024 2650 3095 ἀπουσίᾳ
2684 3023 2954 3096 σωμάτων
2988 3022 3294 3093 φαντασίαν
3322 3022 3421 3094 τῆς
3447 3038 3596 3093 παρ-

2020 3116 2237 3181 ουσίας,
2280 3117 2378 3171 καὶ
2412 3115 2491 3190 τῷ
2525 3116 2703 3172 δοκεῖν
2741 3115 3256 3191 προσδιαλέγεσθαι,
3287 3116 3465 3188 ψυχῆς
3505 3116 3604 3169 ἐκ·

2020 3206 2342 3281 πιμπλᾶσαν
2379 3207 2441 3263 τὺ
2480 3208 2786 3280 ἐφιέμενον.
2828 3208 3012 3262 Ταῦτα
3039 3203 3132 3263 οῦν
3171 3207 3401 3278 ἀνύμνει
3463 3204 3597 3280 [πα.

2018 3300 2303 3377 ἀνυμνεῖν]
2331 3300 2424 3355 τδν
2460 3302 2689 3375 εὑρετὴν
2710 3301 2820 3354 τῶν
2848 3299 3193 3372 γραμμάτων
3216 3316 3233 3333 ο
3264 3300 3361 3353 καὶ
3382 3298 3602 3369 ἀνθρώ-

2020 3409 2125 3446 που
2155 3391 2255 3465 μὲν
2282 3392 2497 3458 οὐδενὸς
2518 3393 2695 3463 ἠξίου,
2724 3390 2859 3445 Θεοῦ
2886 3390 2948 3445 δὲ
2985 3392 3064 3454 εἰς
3097 3388 3416 3462 ἀνθρώπους
3455 3384 3601 3443 εἶναι

2019 3486 2122 3558 τὴν
2151 3485 2322 3542 δόσιν.
2383 3484 2527 3554 Ἐγὼ
2567 3485 2665 3557 μὲν
2691 3480 2786 3538 οὖν
2819 3480 3078 3537 ἀπολαύω
3115 3480 3217 3552 τῆς
3255 3482 3405 3552 ἱερᾶς
3432 3478 3600 3550 τῆσδε

2021 3577 2118 3632 τοῦ
2154 3576 2290 3632 Θεοῦ
2334 3576 2579 3651 χάριτος,
2614 3575 2709 3630 καὶ
2740 3574 2878 3648 πρὸς
2922 3573 2982 3627 δν
3027 3571 3135 3627 ἔδει
3181 3571 3387 3638 λαλεῖν,
3429 3572 3479 3625 εί
3521 3571 3600 3643 μὴ

2021 3670 2257 3744 δύναμαι
2286 3670 2489 3737 λαλεῖν,
2511 3670 2628 3725 ἀλλ’
2660 3668 2846 3749 ἐπειδὴ
2886 3668 3120 3740 γράφειν
3161 3666 3416 3738 δύναμαι,
3448 3666 3603 3738 θαμά

2022 3759 2182 3815 τοῦτο
2206 3760 2347 3815 ποιῶ
2371 3778 2386 3794 ο
2437 3762 2531 3815 καὶ
2573 3760 2715 3815 κατὰ
2755 3760 2817 3814 τὸ
2842 3760 3191 3830 ἐνδεχόμενον
3236 3758 3470 3830 σύνειμι,
3502 3759 3599 3812 καὶ

2023 3850 2280 3905 ἀπολαύω
2304 3849 2415 3905 τῶν
2438 3848 2587 3922 ἐμῶν
2612 3847 2897 3903 παιδικῶν.
2924 3847 3095 3911 Αὐτὸς
3122 3846 3198 3912 δὲ,
3224 3848 3272 3900 εί
3303 3846 3379 3917 μὴ
3404 3844 3605 3919 πικρὸν

2026 3940 2219 4006 εἰπεῖν,
2242 3938 2630 4009 συνδιέστησας
2657 3937 2750 3991 καὶ
2780 3935 2859 4007 τῷ
2894 3936 3046 4005 τόπῳ
3069 3934 3169 4005 τὴν
3196 3933 3441 4006 γνώμην.
3477 3934 3603 3989 Κᾶν

2031 4030 2109 4104 μὴ
2136 4028 2321 4102 παύσῃ
2348 4028 2544 4084 σαυτὸν
2563 4027 2817 4098 ἀφέλκων
2842 4028 2951 4081 τῶν
2978 4026 3288 4081 ἀδολάηατα
3310 4026 3404 4079 καὶ
3428 4026 3602 4096 ἀσκήο

2025 4138 2133 4185 νως
2166 4118 2532 4191 ἠγαπηκότων
2557 4156 2573 4183 ,
2622 4118 2882 4189 ἐμιμήσω
2920 4117 3020 4182 τὰς
3054 4114 3348 4186 χελιδόνας,
3380 4114 3436 4168 αἶ
3476 4116 3602 4177 ταῖς

2020 4213 2129 4267 τῶν
2152 4209 2452 4284 ἀνθρώπων
2480 4204 2593 4264 οἷον
2619 4209 2824 4279 φιλίαις
2847 4206 3198 4272 ἐνοικίζονται
3228 4207 3326 4277 μὲν
3351 4204 3486 4275 μετά
3503 4204 3599 4257 τοῦ

2021 4300 2373 4372 φθέγγεσθαι,
2417 4299 2701 4354 σιωπῶσαι
2741 4299 2800 4354 δὲ
2825 4297 3202 4364 ἐξοικίζονται.
3246 4297 3433 4351 Ταῦτα
3460 4295 3599 4366 πρὸς

2021 4392 2307 4465 ἄνθρωπον
2337 4392 2439 4459 ἔτι,
2483 4390 2578 4445 καὶ
2606 4389 2932 4462 ἀνθρωπικὰ
2974 4390 3043 4443 τὰ
3064 4388 3406 4461 ἐγκλήματα.
3439 4388 3501 4441 Εἰ
3535 4386 3598 4439 δὲ

2021 4486 2235 4558 ἥνωσας
2269 4484 2356 4539 διὰ
2386 4482 2701 4554 φιλοσοφίας
2727 4482 2795 4537 τὰ
2820 4481 2987 4554 δεῦρο
3014 4481 3301 4546 διεστῶτα,
3324 4481 3418 4535 καὶ
3443 4479 3598 4548 φίλον

2024 4579 2124 4648 μὲν
2155 4578 2216 4631 τὸ
2247 4576 2430 4642 καλὸν,
2460 4574 2623 4629 καλὸν
2650 4573 2707 4627 δὲ
2738 4572 2800 4626 τὺ
2820 4572 2951 4627 αὑτό
2974 4588 2989 4603 ·
3040 4571 3199 4625 τοῦτο
3223 4570 3281 4625 δὲ
3313 4568 3372 4622 ἓν
3406 4568 3465 4621 δν
3500 4567 3599 4621 τοῦ

2021 4669 2113 4721 νοῦ
2140 4668 2250 4741 [τρ.
2276 4666 2391 4740 νῦν]
2412 4667 2659 4735 λέγοντος
2678 4665 2918 4737 ἤκουσας
2946 4664 3059 4734 (75)
3086 4680 3101 4695 ’
3134 4661 3319 4717 οὐκέτι
3341 4662 3601 4732 κρίνομεν

2022 4760 2319 4835 ὑπεροψίαν
2356 4760 2457 4831 τὴν
2494 4759 2628 4828 πρὸς
2652 4758 2799 4828 ἡμᾶς
2831 4755 3062 4825 σιωπὴν,
3096 4753 3237 4808 ἀλλά
3262 4752 3601 4824 συνηδόμεθα

354 4842 852 4905 sunt,consociasti
876 4860 893 4911 ;
919 4853 973 4898 et
1011 4843 1243 4900 amicum
1276 4846 1330 4901 id
1377 4863 1499 4905 esse
1545 4865 1737 4919 omne,
1774 4854 1917 4923 quod

2027 4849 2403 4922 φιλοσοφοῦντι
2427 4891 2442 4917 ,
2492 4851 2585 4903 καὶ
2618 4846 3041 4920 παραιτουμένῳ
3078 4845 3178 4917 μὲν
3204 4844 3267 4898 τὸ
3300 4858 3599 4914 μικροπρε-

353 4930 643 4986 honestum
661 4938 769 4999 est,
800 4930 961 5003 275
993 4941 1047 4987 et
1076 4932 1366 4991 honestum
1399 4938 1541 4993 idem
1571 4914 1732 5004 esse,
1759 4914 1917 5012 atque

2028 4914 2310 5007 ireﬁscﬂ'at,
2352 4914 2565 4997 συνόντι
2594 4940 2651 4995 δέ
2675 4914 2754 5011 τῷ
2790 4914 2942 5010 παρά
2971 4914 3055 4991 σοὶ
3079 4914 3370 5009 κρείττονι,
3396 4937 3507 4998 τοῖς
3536 4934 3598 4987 ἐν

353 5032 653 5094 utrumque
711 5040 882 5080 unum
943 5040 1088 5089 esse,
1154 5026 1224 5081 de
1275 5028 1492 5085 dicente
1531 5031 1680 5087 istud
1737 5044 1921 5092 mente

350 5116 665 5188 percepisti,
684 5124 837 5172 tuum
865 5117 997 5173 illud
1026 5117 1095 5173 ad
1124 5133 1229 5174 nos
1257 5120 1533 5177 silentium
1550 5139 1657 5180 non
1681 5128 1919 5198 amplius

2026 5039 2158 5109 ἡμῖν
2186 5035 2509 5107 κρείττοσιν.
2558 5034 2690 5104 Εῖης
2715 5029 2976 5095 τοιοῦτος,
3009 5027 3219 5100 ἀνδρῶν
3254 5027 3462 5099 ἄριστε,
3502 5028 3601 5078 καὶ

2026 5129 2150 5200 ἐμοὶ
2176 5127 2471 5200 τριπόθητε
2498 5127 2667 5190 ὅντως
2702 5123 2919 5193 ἀδελφέ.

352 5210 625 5284 superbiae
651 5211 858 5279 tribuo,
909 5212 1008 5269 sed
1040 5213 1453 5286 philosOpbanti
1494 5218 1594 5275 tibi
1640 5223 1924 5292 gratulor,
1965 5234 2020 5280 et
2085 5222 2317 5294 objectis
2374 5223 2431 5279 in
2487 5222 2653 5279 rebus
2699 5219 2908 5277 haerere
2981 5215 3339 5284 detrectanti;
3411 5213 3600 5286 idque,

1576 5370 1757 5429 DION.
1798 5374 2070 5435 PETAVII
2105 5377 2335 5434 NO'UE.

422 5517 535 5587 (75)
557 5518 683 5596 101:)
704 5517 817 5572 νοῦ
835 5518 1135 5596 μένοντος
1159 5519 1450 5596 ἤκουσας.
1489 5522 1758 5596 Suspecta
1788 5529 1919 5586 mihi

352 5599 459 5668 vo}
486 5594 573 5641 est
590 5587 706 5669 νοῦ,
729 5603 796 5669 ac
828 5587 1121 5669 fort’egloco
1152 5587 1274 5669 ejus
1302 5587 1617 5669 βεόγνιδοςξ
1641 5598 1723 5652 vel
1757 5614 1919 5669 ποιη-

353 5653 450 5733 τοῦ
481 5657 913 5733 rescribendum.
972 5660 1088 5733 ljoc
1114 5653 1265 5733 enim
1307 5653 1466 5733 istius
1505 5653 1675 5733 poetae
1696 5653 1921 5726 carmen

312 5731 460 5792 cut,
489 5725 636 5796 quod
678 5724 861 5783 Musas
887 5728 942 5782 in
970 5726 1127 5787 Pelei
1163 5730 1379 5803 nuptiis
1412 5724 1683 5793 cecinisse
1716 5739 1813 5806 ait,

2030 5534 2187 5587 ’Όττι
2222 5533 2413 5587 καλὸν
2438 5533 2622 5601 φίλον
2641 5531 2799 5600 ἐστι,
2814 5531 2879 5586 τὸ
2904 5531 2957 5584 δ’
2985 5533 3060 5585 οὐ
3087 5529 3280 5585 καλὸν

2102 5670 2268 5728 Τοῦτ’
2298 5670 2442 5742 ἔπος
2467 5670 2777 5728 ἀθανάτων
2799 5665 2943 5741 ἦλθε
2976 5668 3075 5725 διὰ
3093 5665 3424 5740 acantho».
