4002 6244
240 355 367 416 I529

1368 361 1747 420 EPISTULA).
1777 394 1847 407 —
1880 360 2096 423 EPIST.
2131 365 2419 425 CXXXIX.

3334 356 3470 411 1550

235 471 368 546 quod
400 471 454 526 in
490 478 545 527 te
597 472 1114 542 praestantissimum
1146 482 1253 538 est,
1285 475 1340 530 in
1380 477 1470 542 iis,
1502 494 1626 548 qua:
1670 481 1816 550 apud
1892 498 1996 539 nos
2064 478 2520 554 praestantissima
2597 484 2752 544 sunt,
2813 473 3128 548 occupanti.
3185 471 3471 544 Ejusmodi

236 570 434 627 utinam
461 568 561 636 sis,
594 568 876 625 hominum
925 571 1152 642 optime,
1202 572 1609 648 plurimumque
1654 576 1789 634 mihi
1828 582 2068 650 expetite
2092 579 2301 638 fraterl

715 661 1073 719 ΕΠΙΣΤΟΛΗ
1126 664 1301 722 PAH'.
1822 675 1872 732 Α

866 754 951 823 Τῷ
981 756 1144 824 αὐτῷ

300 843 359 898 EI
390 843 645 899 τοσοῦτόν
674 845 790 900 ἐστι
820 847 1044 921 κέντρον
1076 849 1296 915 πειθοῦς
1320 853 1377 905 ὲν
1399 854 1511 918 τοῖς
1538 853 1800 926 γράμμα-

239 948 343 986 σιν⁸
393 934 442 986 εί
489 933 744 989 τοσοῦτον
777 938 833 991 αί
871 937 981 991 τῶν
1020 938 1168 1010 ἠθῶν
1218 940 1425 1005 είκόνες
1470 943 1570 1015 τῆς
1619 941 1800 1013 ζώσης

236 1022 550 1095 χηρεύουσαι
577 1028 923 1098 συμπαθείας
953 1031 1047 1083 καὶ
1069 1031 1322 1103 χάριτος,
1349 1032 1609 1105 Θέλκτρον
1625 1034 1803 1088 ὲνιᾶσι

237 1118 340 1181 τοῖς
366 1117 852 1187 ἀναγινώσκουσιν,
882 1117 1026 1194 ἦπου
1055 1126 1288 1195 πρᾶγμα
1312 1126 1524 1197 ἄμαχον
1547 1125 1613 1182 ἂν
1632 1126 1719 1197 είη
1742 1126 1803 1180 τὸ

239 1208 669 1281 αὐτοπροσώπως
701 1212 880 1268 αὐτῶν
911 1215 1316 1288 ὲπαφήσασθαι.
1352 1218 1484 1289 Ἐμέ
1512 1218 1577 1289 γέ
1597 1236 1680 1273 τοι
1709 1217 1803 1273 καὶ

240 1300 420 1372 παρὼν
459 1302 557 1373 μὲν
584 1303 737 1375 ᾗρεις
762 1308 829 1378 τῇ
863 1307 1092 1380 γλυκείᾳ
1116 1310 1333 1382 Σειρῆνι
1364 1311 1475 1365 τῶν
1499 1311 1694 1380 λόγων.
1726 1312 1803 1365 Οὐ

242 1390 343 1461 μὴν
374 1392 724 1465 αἰσχυνθείην
768 1396 943 1469 ἀληθῆ
990 1398 1184 1467 λέγων,
1212 1401 1288 1463 ὡς
1317 1400 1479 1472 ἡδίων
1514 1400 1582 1456 ἂν
1612 1403 1646 1471 ἡ
1684 1400 1806 1455 δευσ-

239 1483 365 1555 τέρα
407 1501 498 1555 μοι
536 1489 698 1559 πεῖρα
728 1488 956 1558 γένοιτο.
1001 1493 1076 1546 Οὐ
1110 1494 1218 1566 γὰρ
1247 1493 1312 1547 ἂν
1350 1494 1559 1559 γένοιτο
1599 1492 1805 1564 ἀγαθοῦ

242 1576 502 1647 παρόντος
523 1622 538 1647 ,
587 1579 774 1655 ὥσπερ
815 1584 1046 1651 ἀπόντος
1068 1631 1081 1650 ,
1131 1587 1210 1657 τῷ
1258 1587 1645 1659 πεπειραμένῳ
1683 1604 1809 1642 συν-

241 1666 505 1742 αίσθησις.
529 1671 634 1726 Τοῦ
664 1674 763 1744 μὲν
786 1674 928 1749 γὰρ.
960 1679 993 1749 ἡ
1021 1678 1269 1750 συνέχεια
1302 1679 1400 1751 τῆς
1435 1679 1806 1744 ἀπολαύσεως,

240 1760 460 1815 κλέπτει
494 1764 592 1835 τῆς
622 1765 961 1838 εὐφροσύνης
1000 1771 1100 1842 τὴν
1150 1771 1435 1842 αἴσθησιν·
1476 1775 1504 1826 ὁ
1536 1771 1616 1836 δὲ,
1666 1770 1811 1826 κατά

243 1853 434 1925 μικρὸν
463 1857 750 1928 χωρισθεὶς
778 1859 887 1913 τῶν
926 1860 1129 1934 ἡδέων,
1174 1862 1336 1928 εὐθὺς
1366 1863 1478 1935 εχει
1517 1864 1811 1919 κεντοῦσαν

241 1943 305 1997 ὲκ
330 1945 669 2017 παραλλήλου
698 1949 798 2022 τὴν
843 1952 1100 2023 μνήμην,
1135 1954 1263 2008 οῖων
1300 1954 1408 2027 ἀρα
1439 1956 1606 2021 ὅντως
1633 1957 1812 2029 στερί-

2338 668 2677 728 EPISTOLA
2706 661 3044 723 CXXXVIII.

2572 760 2785 816 Eidem.

1972 855 2028 913 Si
2066 864 2251 912 tantus
2278 855 2421 912 inest
2447 853 2633 911 suadas
2659 853 2715 908 in
2737 847 2936 906 litteris
2974 846 3200 902 aculeus
3241 861 3256 899 :
3298 843 3343 898 si
3377 858 3474 896 ex-

1902 964 2105 1020 pressa:
2128 948 2293 1004 animi
2325 964 2390 1003 ac
2419 962 2638 1002 morum
2666 943 2951 1014 imagines,
2980 940 3088 994 vivi
3123 952 3188 991 ac
3252 935 3474 1007 spiran-

1902 1041 1974 1095 tis
2004 1039 2231 1096 affectus
2282 1040 2497 1105 inanes,
2561 1048 2615 1094 et
2667 1036 2879 1109 gratize,
2939 1041 3124 1087 tantas
3167 1028 3474 1100 legentibus

1906 1132 2190 1189 illecebras
2251 1132 2575 1194 immittunt,
2611 1129 2862 1201 profecto
2902 1125 3123 1182 diiiicile
3182 1120 3474 1176 admodum

1907 1224 2070 1280 fuerit
2094 1238 2283 1279 coram
2324 1223 2435 1278 illis
2462 1237 2527 1276 ac
2559 1228 2878 1292 praesentem
2928 1216 3056 1272 frui.
3114 1213 3198 1270 Me
3230 1212 3475 1283 quidem,

1907 1318 2102 1383 fateor,
2144 1325 2307 1372 antea
2338 1314 2669 1373 suavissima
2701 1310 2975 1368 sermonis
3006 1310 3082 1364 tui
3121 1309 3316 1363 Sirene
3341 1318 3480 1376 prai-

1906 1426 2037 1468 sens
2089 1409 2371 1481 eapiebas.
2417 1406 2788 1462 Nihilominus
2842 1420 2967 1461 vere
3008 1402 3111 1457 hoc
3177 1398 3483 1471 praedicare

1908 1522 2019 1562 non
2047 1506 2301 1571 verebor,
2330 1505 2564 1559 alterum
2635 1500 2770 1556 mihi
2826 1496 3265 1569 experimentum
3304 1490 3480 1545 multo

1904 1595 2207 1666 jucundius
2240 1595 2506 1649 futurum.
2540 1591 2659 1648 Non
2691 1592 2837 1646 enim
2870 1587 3156 1659 praesentis
3187 1583 3337 1643 boni.
3358 1596 3484 1653 per-

1910 1689 2039 1744 inde
2068 1698 2129 1742 ut
2162 1687 2431 1751 absentis,
2469 1687 2518 1743 is
2545 1685 2639 1756 qui
2673 1684 2786 1755 jam
2824 1680 3164 1752 periclitatus
3217 1683 3300 1730 est
3358 1688 3485 1729 sen-
3550 1726 3551 1729 η

1912 1798 2033 1837 sum
2071 1781 2320 1853 percipit.
2360 1778 2496 1833 Nam
2558 1777 2638 1833 illi
2705 1774 2924 1830 fruendi
2993 1773 3110 1842 ipsa
3147 1768 3486 1841 perpetuitas

1912 1876 2206 1945 voluptatis
2228 1886 2455 1929 sensum
2483 1869 2699 1935 adimit,
2723 1868 2814 1923 hie
2846 1865 3109 1938 paulatim
3137 1863 3205 1917 ab
3226 1859 3487 1931 iucundis

1913 1968 2081 2023 rebus
2111 1965 2407 2030 abductus,
2442 1961 2630 2020 statim
2689 1960 2863 2014 altera
2894 1972 2960 2011 ex
3023 1962 3179 2024 parte
3228 1950 3488 2006 recorda-

241 2051 444 2093 σκεται.
484 2038 700 2106 Ἐλθοις
737 2038 849 2106 οῦν,
880 2044 1111 2117 φιλτάτη
1145 2047 1357 2119 κεφαλὴ
1377 2088 1392 2111 ,
1423 2049 1519 2103 καὶ
1559 2028 1810 2118 ἀλλήλοις

1930 2062 2064 2116 .ione
2092 2060 2198 2115 ista
2228 2028 2547 2116 stimulatur
2588 2067 2655 2109 ac
2692 2050 2976 2124 pungitur,
3008 2047 3212 2118 quibus
3266 2043 3487 2098 demum

241 2128 331 2181 ἐπὶ
365 2129 655 2204 φιλοσοφίᾳ
684 2136 1081 2207 συγγενοίμεθα
1102 2179 1119 2204 ,
1149 2141 1260 2202 τοῖς
1287 2140 1642 2212 ἐνηργμένοις
1675 2141 1810 2212 πρέ-

240 2235 406 2274 ποντα
426 2223 904 2295 ἐποικοδομοῦντες
921 2267 935 2292 ,
956 2228 1023 2281 ἶν’
1046 2232 1111 2283 ὲκ
1139 2230 1338 2286 τελέων
1356 2232 1550 2305 τέλεον
1600 2234 1809 2305 sicme

241 2311 452 2378 κάλλος,
477 2315 611 2369 ἀλλά
642 2318 718 2388 μὴ
748 2317 989 2376 κολοϐόν.
1018 2322 1081 2375 Εἰ
1105 2322 1182 2386 δὲ,
1207 2304 1705 2396 empse-saxeam.
1731 2304 1812 2378 ac;

240 2420 413 2465 xatov,
447 2406 690 2479 ἀλλήλων
719 2408 1135 2485 διαμάρτοιμεν.
1165 2416 1321 2485 δῆλον
1353 2418 1429 2482 ὡς
1456 2420 1656 2490 τούμόν
1696 2422 1812 2474 ἐστι

238 2492 300 2546 τὸ
348 2494 737 2570 βλαπτόμενον.
788 2502 881 2556 Σοὶ
933 2504 1037 2576 μὲν
1086 2505 1196 2580 γὰρ
1245 2508 1577 2582 εὐτυχούσης
1627 2512 1814 2568 ὲνθάδε

242 2585 594 2661 πολυανδρίαν
638 2594 919 2662 παιδείας,
971 2598 1287 2654 συνέσονται
1329 2602 1517 2657 πολλοὶ
1558 2605 1815 2661 Συνεσίου

240 2680 333 2732 καὶ
363 2680 638 2750 βελτίους,
672 2686 767 2739 καὶ⁵
795 2688 991 2757 ὅμοιοι.
1032 2689 1095 2744 Ἦ
1127 2691 1186 2746 δὲ
1215 2694 1438 2763 πατρὶς,
1467 2695 1550 2750 ὅτι
1581 2698 1682 2768 μὲν
1718 2717 1820 2754 πα-

239 2774 379 2844 τρὶς.
412 2774 536 2846 ἐμοὶ
579 2777 781 2848 τίμιον.
813 2779 955 2851 Πρὸς
997 2781 1057 2837 δὲ
1095 2784 1436 2858 φιλοσοφίαν.
1467 2788 1570 2844 οὐκ
1600 2785 1698 2845 οἷδ’
1731 2793 1820 2846 ὃν-

238 2880 360 2918 τινα
403 2866 607 2938 τρόπον
657 2870 1084 2945 ἀπεσκληκότως
1133 2875 1267 2948 ἔχει.
1329 2880 1521 2934 Ἔστιν
1568 2879 1662 2937 οῦν
1717 2886 1820 2939 οὐκ

240 2957 395 3021 ἀδεὲς
433 2960 720 3033 ἀΰοηθήτῳ
753 2963 934 3033 μένειν
956 3005 974 3031 ,
1008 2967 1108 3021 οὐκ
1147 2968 1299 3033 ὄντος
1330 2971 1425 3026 τοῦ
1456 2976 1827 3048 συγκορυϐαν-

240 3050 487 3115 τιῶντος.
522 3053 584 3106 Εί
621 3053 680 3108 δὲ
708 3055 773 3127 δὴ
816 3056 911 3110 καί⁵
938 3058 1161 3131 δοίημεν
1191 3054 1331 3116 εἷναί
1358 3081 1535 3131 τινας.

1914 2153 2072 2209 bonis
2102 2152 2411 2209 fraudetur.
2450 2147 2671 2204 Utinam
2706 2160 2839 2215 ergo
2866 2144 2933 2197 ad
2973 2156 3077 2196 nos
3103 2137 3295 2193 venias
3349 2134 3491 2189 ami-

1914 2248 2201 2303 cissimum
2233 2252 2421 2315 caput,
2471 2248 2805 2307 mutuosque
2833 2237 2903 2292 de
2956 2228 3301 2306 philosOphia
3356 2240 3491 2281 con-

1916 2352 2143 2408 gressus
2178 2351 2243 2390 ac
2276 2333 2553 2404 colloquia
2579 2330 2943 2390 celebremus,
2979 2328 3351 2378 consentanea
3397 2316 3489 2379 iis,

1918 2428 2173 2501 quatiam
2207 2426 2462 2481 inchoata
2491 2431 2621 2479 sunt
2679 2425 3010 2480 instruentes,
3048 2420 3109 2468 ut
3138 2426 3204 2466 ex
3234 2408 3492 2481 perfectis

1921 2500 2032 2578 non
2070 2534 2287 2583 manca,
2324 2517 2423 2573 sed
2454 2516 2694 2587 perfecta
2726 2512 3091 2578 absolutaque
3140 2500 3493 2574 pulchritudo

1920 2613 2252 2682 consurgat!
2288 2609 2398 2666 Sed
2432 2610 2499 2675 si,
2532 2608 2679 2679 quod
2723 2604 3008 2675 deprecari
3065 2598 3265 2653 merito
3295 2608 3497 2649 conve-

1921 2709 2023 2773 nit,
2057 2713 2248 2761 mutuo
2274 2703 2556 2760 consortio
2584 2701 2885 2772 privemur,
2913 2692 3060 2750 haud
3090 2690 3341 2750 dubium,
3360 2686 3496 2756 quin

1921 2799 1978 2855 in
2013 2797 2287 2867 meipsum
2322 2792 2713 2850 detrimentum
2747 2802 2912 2844 omne
2941 2782 3178 2840 recidat.
3203 2777 3340 2833 Nam
3371 2774 3495 2838 tibi,

1928 2890 1974 2947 si
2008 2889 2121 2944 illic
2133 2882 2803 2957 disciplinmmultitudine
2830 2878 3112 2934 hominum
3130 2869 3497 2930 emeruerint,

1930 2982 2227 3037 multorum
2269 2979 2506 3050 Synesio
2549 2984 2607 3031 et
2640 2974 2930 3029 meliorum
2986 2977 3043 3024 et
3073 2965 3338 3023 similium
3392 2959 3502 3016 erit

1926 3075 2088 3143 copia
2143 3072 2472 3142 quibuscum
2527 3079 2883 3127 consuescas.
2930 3060 3061 3115 Mihi
3120 3072 3250 3113 vero
3298 3054 3499 3125 patria,

241 3153 514 3216 quatenus
545 3148 766 3220 quidem
800 3152 975 3221 patria
1006 3162 1115 3221 est,
1147 3157 1307 3229 longe
1336 3166 1421 3216 est
1445 3161 1794 3225 charissima.
1826 3168 2097 3225 Caeterum
2121 3166 2315 3223 nescio
2354 3180 2466 3236 quo
2492 3170 2653 3234 pacto
2690 3160 2757 3215 ad
2783 3154 3187 3229 philosophiam
3213 3147 3497 3205 obduruit.

242 3240 426 3307 Quare
478 3243 705 3300 minime
737 3252 913 3300 tutum
951 3254 1039 3303 est
1093 3249 1214 3307 sine
1268 3252 1505 3323 alicujus
1552 3258 1758 3312 auxilio
1791 3276 2153 3331 permanere,
2188 3260 2233 3316 si
2270 3274 2380 3313 non
2414 3256 2488 3313 sit
2520 3255 2617 3327 qui
2654 3251 2850 3309 iisdem
2896 3248 3066 3304 veluti
3124 3244 3502 3314 Corybantum

243 3337 422 3393 sacris
487 3338 745 3394 insaniat.
820 3344 1001 3413 Atque
1031 3350 1241 3401 utesse
1273 3345 1489 3417 aliquos
1540 3349 1757 3417 demus,

316 3430 453 3499 Πῶς
487 3432 564 3488 ἂν
594 3433 775 3489 ἔπειτ’
808 3434 1099 3505 Ὀδυσῆος
1129 3435 1246 3507 ἐγὼ
1280 3440 1463 3494 θείοιο
1498 3426 1823 3512 λαθοίμηὴ

2004 3441 2109 3507 Qui
2162 3436 2372 3492 tandem
2399 3450 2511 3490 esse
2566 3448 2754 3505 queam
2792 3427 2957 3484 divini
3007 3424 3200 3480 oblitus
3235 3420 3439 3493 Ulyssis
3463 3421 3490 3475 .’

248 3524 387 3598 πρὸς
415 3528 567 3581 ποῖον
589 3527 716 3583 ἀλλο
734 3530 959 3600 πυρεῖον
982 3531 1364 3603 παρατριϐεὶς,
1391 3535 1529 3605 μετά
1546 3535 1645 3605 τὴν
1674 3536 1824 3608 ίεράν

249 3635 348 3672 σου
390 3618 587 3692 ψυχὴν,
622 3620 951 3693 ἀποτέκοιμι
978 3623 1074 3676 τοῦ
1114 3623 1207 3678 νοῦ
1234 3626 1522 3692 φωτοειδὲς
1564 3626 1821 3696 ἕγγονονς

248 3711 352 3777 Τίς
399 3711 571 3777 οὕτως
617 3709 728 3778 οἷος
776 3714 1022 3784 σφοδρῶς
1083 3716 1354 3787 σπινθῆρα
1403 3717 1782 3788 κεκρυμμένον
1804 3756 1823 3784 ,

251 3803 351 3858 καὶ
378 3804 677 3873 ἀγαπῶντα
708 3805 994 3860 λανθάνειν
1029 3810 1298 3878 μηχαναῖς
1331 3809 1572 3875 ἀπάσαις
1609 3811 1830 3865 ἐκκαλέ-

254 3896 481 3957 σασθαι,
523 3898 618 3951 καὶ
661 3896 878 3968 ἐξάψαι,
932 3898 1027 3953 καὶ
1069 3898 1182 3971 πῦρ
1228 3898 1480 3972 λαμπρὸν
1525 3902 1826 3968 ἀναδεῖξαις

250 3988 390 4052 Θεὸς
417 3984 510 4042 οῦν
536 3989 741 4060 ἀμφοῖν
763 3989 964 4044 ἀποῦσι
1002 4007 1060 4044 τε
1083 3991 1177 4045 καὶ
1198 3991 1416 4047 συνοῦσι
1444 3994 1666 4065 παρείτγ
1694 3995 1829 4049 Θεοῦ

250 4080 315 4135 δὲ
337 4080 624 4152 παρόντος,
664 4083 815 4136 ἅπαν
858 4082 1061 4155 ἄπορον
1107 4084 1363 4155 πόριμον.
1420 4083 1690 4157 "Eppium,
1737 4088 1833 4141 καὶ

256 4172 559 4243 φιλοσόφει,
590 4174 686 4228 καὶ⁸
706 4174 768 4228 τὸ
798 4176 858 4228 ὲν
885 4174 1068 4247 σαυτῷ
1104 4176 1245 4231 θεῖον
1274 4176 1445 4245 ἀναγε
1478 4179 1570 4232 ἐπὶ
1597 4178 1658 4232 τὸ
1688 4196 1835 4252 πρω-

255 4265 480 4332 τόγονον
523 4264 648 4338 [γρ.
692 4267 993 4341 πρόγονον]
1051 4267 1215 4323 θεῖον.
1266 4269 1447 4323 Καλὸν
1494 4269 1599 4324 ἀνά
1653 4272 1836 4325 πᾶσαν

257 4352 406 4424 ἐμὴν
432 4355 739 4425 ἐπιστολὴν,
776 4356 934 4411 τοῦτο
975 4358 1104 4430 παρ’
1136 4356 1273 4430 ιμοῦ
1312 4360 1378 4430 τῇ
1408 4358 1567 4431 τιμία
1599 4358 1692 4413 σοῦ
1729 4360 1838 4414 δια-

261 4444 416 4500 θέσει
446 4446 643 4516 λέγειν,
671 4448 701 4501 ὅ
730 4465 863 4517 φασι
890 4448 985 4503 τὸν
1009 4450 1276 4505 Πλωτῖνον
1301 4453 1474 4506 εἰπεῖν
1499 4454 1613 4516 τοῖς
1654 4469 1833 4524 παραυ

256 4538 602 4609 γενομένοις,
638 4540 937 4595 ἀναλύοντα
961 4541 1061 4612 τὴν
1086 4542 1266 4615 ψυχὴν
1298 4543 1407 4598 ἀπὸ
1437 4543 1532 4597 τοῦ
1562 4546 1833 4617 σώματος.

1930 3532 2152 3587 cuinam
2205 3526 2363 3583 alteri
2423 3523 2660 3595 igniario
2710 3521 3168 3583 aﬂ'ricatus,cum
3202 3513 3272 3569 ab
3332 3527 3496 3567 sacro

1930 3632 2025 3679 tuo
2049 3622 2233 3677 animo
2292 3618 2626 3682 discessero,
2687 3613 2933 3669 lucidum
3000 3624 3065 3664 ae
3147 3604 3499 3678 splendidum

1930 3715 2132 3773 mentis
2159 3713 2331 3770 fetum
2375 3707 2660 3783 parerem?
2691 3704 2828 3775 Quis
2850 3710 2963 3760 tam
2993 3700 3346 3756 vehementer
3398 3695 3501 3749 ah.

1927 3808 2114 3869 ditam.
2147 3820 2212 3861 ac
2244 3801 2469 3859 latebris
2491 3798 2820 3872 gaudentem
2871 3794 3170 3852 scintillam
3223 3788 3496 3845 machinis

1930 3898 2189 3956 omnibus
2244 3894 2419 3966 possit
2463 3892 2711 3949 elicere?
2771 3889 2897 3961 quis
2950 3881 3323 3944 succendere?
3382 3880 3510 3950 quis

1931 3991 2269 4047 luculentum
2327 4001 2394 4042 ae
2445 3986 2734 4057 copiosum
2790 3983 2972 4054 ignem
3005 3975 3254 4035 eilicere?
3318 3974 3513 4043 Itaque

1932 4081 2427 4144 sive-absentibus,
2468 4078 2583 4134 sive
2631 4092 2741 4133 una
2799 4071 3121 4145 degentibus
3151 4066 3312 4124 nobis
3368 4063 3512 4147 Deus

1934 4191 2152 4246 semper
2185 4174 2369 4241 adsit;
2418 4177 2690 4244 prmsente
2713 4183 2844 4225 vero
2883 4165 3016 4229 Deo,
3052 4162 3217 4219 etiam
3247 4157 3391 4231 quod
3423 4159 3511 4210 in-

1934 4267 2255 4323 extricabile
2282 4277 2386 4330 est,
2411 4263 2674 4335 explicari
2698 4260 2857 4317 facile
2887 4263 3093 4330 potest.
3126 4252 3283 4316 Vale.
3310 4260 3366 4306 el
3393 4249 3513 4320 [Μ’

1937 4358 2417 4431 losophare,276
2430 4373 2492 4412 ac
2508 4356 2653 4427 quod
2676 4353 2924 4409 divinum
2942 4350 3070 4404 inte
3084 4353 3169 4403 est
3182 4344 3248 4402 ad
3266 4344 3450 4398 divinu
3461 4357 3517 4398 ut

1938 4451 2071 4508 illud
2111 4451 2245 4508 eil'er
2295 4449 2682 4522 primigenium
2740 4456 2797 4501 et
2827 4440 3299 4513 antiquissimum.
3358 4432 3523 4505 Opli~

1945 4560 2094 4600 mum
2127 4552 2213 4601 est
2240 4543 2501 4599 omnibus
2528 4540 2666 4595 meis
2704 4538 2761 4593 in
2797 4535 2997 4592 litteris
3058 4531 3292 4604 egregiae
3347 4527 3519 4583 animi:

264 4635 347 4688 tui
383 4635 655 4690 all‘ectioni
691 4635 837 4692 istud
896 4652 927 4691 a
961 4653 1047 4694 me
1082 4639 1213 4703 dici,
1274 4640 1425 4711 quod
1465 4641 1533 4695 ad
1564 4657 1683 4706 eos,
1738 4641 1831 4713 qui
1868 4641 2120 4709 aderant,
2177 4640 2455 4697 Plotinum
2517 4650 2815 4708 usurpasse
2850 4634 3054 4692 ferunt.
3087 4644 3214 4687 cum
3263 4643 3295 4682 a
3328 4640 3518 4697 corpo—

262 4744 328 4784 re
351 4728 598 4784 animum
637 4739 911 4786 avocaret.

772 4822 1120 4879 ΕΠΙΣΤΟΛΗ
1158 4826 1308 4880 PAO’
1318 4833 1348 4859 θ

905 4915 989 4982 Τῷ
1030 4917 1208 4985 αὐτῷ.

342 5006 467 5061 Τῶν
501 5005 721 5079 ἐρώτων
755 5006 808 5060 οἱ
855 5007 954 5077 μὲν
982 5011 1156 5080 χαμαὶ
1187 5011 1488 5082 ὲρχομένας
1516 5014 1609 5068 καὶ
1639 5011 1851 5084 ἀνθρω-

273 5098 445 5163 πικὰς
475 5100 572 5165 τὰς
600 5100 775 5172 ἀρχὰς
800 5100 1036 5172 ἔχοντες,
1052 5101 1308 5172 ἀπεχθεῖς
1328 5104 1385 5156 τέ
1412 5105 1537 5169 εἰσι,
1557 5104 1650 5159 καὶ
1668 5104 1849 5175 ἐξίτη-

269 5189 381 5256 λοι,
420 5194 487 5261 τῇ
531 5194 804 5266 παρουσίᾳ
841 5193 977 5265 μόνῃ
1010 5194 1106 5247 καὶ
1152 5193 1305 5265 μόλις
1344 5196 1711 5267 μετρούμενοι.
1754 5192 1849 5261 Ui;

269 5282 335 5337 δὲ
383 5284 413 5336 ὁ
448 5284 686 5354 ἐφεστὼς
720 5286 973 5357 βραϐεύει
1022 5285 1192 5352 Θεὸς,
1230 5284 1373 5339 κατά
1418 5287 1519 5358 τὴν
1560 5287 1852 5342 θεσπεσίαν

274 5374 570 5438 Πλάτωνος
599 5377 802 5447 φωνὴν,
836 5376 1100 5448 συντήξας
1130 5379 1198 5448 τῇ
1230 5375 1416 5449 τέχνῃ,
1441 5376 1536 5430 καὶ⁸
1564 5376 1663 5432 Eva.
1686 5377 1855 5447 ἄμφω

272 5470 519 5542 ποιήσας
549 5469 674 5532 τοὺς
704 5470 1065 5542 ἁντεριῖιντας.
1092 5461 1239 5524 οὗτοι
1270 5470 1366 5525 καὶ
1392 5469 1605 5542 χρόνου,
1640 5469 1735 5525 καὶ
1761 5470 1855 5523 τό-

276 5578 390 5615 ⁴ιιτου
440 5557 604 5627 φύσιν
640 5558 967 5631 ἐλέγχουσιν.
1005 5560 1171 5617 Οὐδὲν
1215 5560 1322 5632 γὰρ
1357 5560 1611 5632 ἐμποδὼν
1656 5560 1856 5633 ψυχαῖς

279 5650 607 5723 ἐφιεμέναις
630 5647 872 5720 ἀλλήλων
898 5652 1161 5725 ἀρρήτοις
1187 5652 1424 5717 συνόδοις
1453 5649 1621 5723 ὁμόσε
1660 5653 1857 5724 χωρεῖν

283 5744 385 5798 καὶ
436 5741 864 5814 συμπλέκεσθαι.
918 5744 1156 5799 Ἐκεῖθεν
1187 5744 1350 5799 ποθεν
1392 5742 1660 5817 ἠρτῆσθαι
1690 5741 1858 5797 δεῖτὸ

285 5836 596 5910 ἡμέτερον,
647 5834 698 5889 sl
733 5834 809 5908 μη
852 5832 921 5889 τά
964 5835 1277 5908 φιλοσοφίας
1318 5838 1543 5911 τροφεῖα
1574 5832 1858 5909 μέλλοιμεν

1873 4808 1917 4863 ο
2396 4822 2733 4884 EPISTOLA
2768 4819 3066 4879 CXXXlX.

2638 4914 2845 4971 Eidem.

2020 5009 2081 5066 In
2114 5024 2362 5066 amorum
2399 5024 2600 5082 genere
2637 5006 2733 5079 qui
2759 5023 2827 5063 ex
2853 5004 3177 5066 humilibus,
3228 4998 3523 5056 humanis-

1949 5119 2059 5175 que
2081 5104 2265 5160 causis
2292 5103 2624 5169 excitantur,
2657 5100 2834 5158 odiosi
2861 5109 3012 5163 sunt,
3037 5106 3091 5153 et
3122 5096 3528 5154 exolescentes.

1955 5212 2093 5268 quos
2139 5196 2257 5253 sola
2291 5195 2600 5266 praesentia,
2632 5210 2733 5251 nec
2784 5192 2892 5249 nisi
2924 5190 3237 5253 difﬁculter,
3289 5186 3526 5241 metiun-

1958 5299 2065 5344 tur.
2095 5288 2250 5355 Quus
2286 5295 2468 5344 autem
2516 5287 2788 5344 assistens
2818 5282 3030 5338 Numen
3074 5280 3411 5341 moderatur,
3458 5291 3528 5332 ac

1958 5378 2117 5450 regit,
2144 5377 2302 5447 juxta
2331 5376 2582 5432 divinum
2616 5373 2862 5429 Platonis
2889 5370 3196 5436 oraculum,
3227 5368 3371 5423 niiro
3388 5381 3525 5437 quo-

1956 5463 2084 5519 dam
2117 5463 2353 5520 artiﬁcio
2380 5464 2712 5533 colliquans,
2754 5473 3034 5529 unumque
3054 5474 3086 5513 e
3121 5457 3341 5514 duobus
3400 5473 3526 5511 inu-

1958 5542 2054 5611 tuo
2077 5568 2201 5611 sese
2230 5561 2477 5608 amantes
2509 5549 2793 5607 efficiens:
2825 5547 3141 5605 istiusmodi
3171 5555 3228 5604 et
3260 5548 3524 5616 temporis

1958 5652 2016 5701 et
2071 5644 2176 5702 loci
2232 5655 2488 5700 naturam
2551 5641 2879 5698 imbecillam
2935 5641 3313 5712 comprobant.
3375 5638 3525 5695 Nihil

1956 5737 2105 5795 enim
2138 5735 2360 5793 obstare
2387 5741 2569 5807 potest
2599 5733 2800 5790 animis
2837 5733 2925 5791 sui
2954 5732 3187 5789 invicem
3245 5729 3527 5787 desiderio

1963 5829 2346 5904 ﬂagrantibus,
2376 5827 2675 5903 quominus
2736 5824 2969 5889 secretis
3003 5822 3334 5898 quibusdam
3387 5837 3529 5880 con-
