4002 6244
488 396 621 452 1531

1544 399 1819 458 SYNESII
1857 399 2324 458 PTOLEMAIDIS
2358 404 2665 462 EPISCOPI

3614 408 3755 465 13532

486 527 866 600 gressionibus
896 541 1001 581 una
1018 525 1384 591 conveniant,
1402 533 1703 594 mutuoque
1730 525 2055 594 jungantur.

2190 526 2440 596 ιίσχύνειν
2462 571 2475 591 ,
2508 529 2760 600 αἴσθησιν
2799 529 3149 598 ἀγαπῶντες,
3185 530 3280 583 καὶ
3323 532 3451 583 ὅταν
3485 530 3627 603 αὑτὴ
3676 532 3757 602 μὴ

494 622 623 676 Inde
650 621 906 674 nimirum
939 619 1193 673 alicunde
1238 618 1546 672 devinctam
1608 633 1733 673 esse
1770 618 2070 672 necessitu-

492 714 675 768 dinem
712 721 960 766 nostram
988 718 1227 780 oportet,
1260 711 1306 764 si
1336 710 1474 764 nihil
1518 710 1880 780 philosophiae
1938 710 2071 764 edu-

491 808 706 860 ratione
735 806 1014 875 indignum
1044 805 1275 859 velimus
1293 805 1601 869 admittere,
1618 804 1875 858 sensibus
1897 801 2069 868 afﬁxi,

496 906 550 947 ιιι
590 909 713 948 cum
752 894 852 964 ipsi
904 895 974 947 ab
1008 894 1275 963 subjectis
1306 893 1634 963 corporibus
1688 910 1796 948 non
1838 894 2068 962 pulsan-

496 992 605 1045 tur.
673 984 980 1037 animorum
1047 999 1377 1054 respuamus
1444 984 1814 1054 praesentiam.
1865 983 2070 1053 Ecquid

494 1075 662 1144 igitur
737 1075 1062 1144 quiritaris?
1146 1076 1272 1145 quid
1342 1076 1552 1130 litteras
1628 1083 1751 1129 tuas
1815 1073 2071 1145 lacrymis

495 1165 805 1236 respersis?
875 1167 929 1220 Si
988 1167 1130 1221 enim
1196 1168 1366 1221 nostri
1438 1167 1918 1221 commiseratione
1976 1166 2073 1220 ad-

494 1259 694 1312 ductus
764 1257 815 1310 id
867 1258 1021 1323 facis,
1074 1259 1220 1327 quod
1281 1258 1520 1312 nondum
1580 1258 2069 1326 philosophamur;

496 1349 799 1417 praesertim
860 1364 984 1402 cum
1062 1350 1115 1402 id
1182 1363 1341 1418 agere
1413 1349 1719 1413 videamur,
1788 1358 1845 1402 et
1908 1349 2074 1419 proii-

497 1450 743 1495 teamur:
782 1455 909 1496 vere
966 1456 994 1493 a
1037 1448 1089 1493 te
1140 1441 1419 1510 .deplorari
1468 1442 1614 1496 istud
1660 1455 1923 1510 agnosco.
1974 1439 2071 1494 Sin

501 1534 625 1587 ideo
680 1535 1060 1604 conqueraris,
1117 1535 1263 1603 quod
1326 1533 1681 1588 familiaritati
1734 1542 1936 1589 nostra:
1975 1551 2072 1603 pa-

501 1640 621 1678 rum
657 1641 812 1694 aequa
849 1641 969 1681 sors
1000 1626 1257 1694 injuriam
1315 1626 1505 1680 fecerit
1564 1626 1637 1696 (id
1668 1625 1813 1680 enim
1873 1626 2074 1681 litteris

501 1718 610 1772 tuis
646 1719 781 1773 velle
812 1718 907 1771 tibi
932 1721 1084 1774 visus
1117 1717 1224 1785 cs),
1252 1718 1518 1773 muliebre
1549 1733 1703 1780 sane,
1741 1733 1805 1772 ac
1860 1719 2075 1786 puerile

500 1823 607 1875 est,
646 1829 830 1865 amare
865 1812 989 1876 ista,
1029 1814 1082 1864 in
1118 1811 1319 1881 quibus
1367 1812 1722 1865 consiliorum
1758 1819 2072 1866 nostrorum

505 1905 705 1958 lmibus
735 1904 957 1957 obstare
986 1919 1148 1957 casus
1178 1902 1401 1971 aliquis,
1428 1917 1490 1956 ac
1516 1902 1832 1957 disturbare
1877 1903 2070 1971 possit.

505 1998 616 2067 ligo
646 2013 774 2051 vero
805 2013 1021 2052 sacrum
1054 1997 1187 2051 illud
1219 2005 1402 2068 caput,
1432 1997 1827 2051 Herculianum
1848 2013 2073 2053 sursum

503 2092 749 2159 aspicere
778 2091 993 2151 vellem,
1015 2098 1298 2159 totumque
1325 2091 1376 2143 in
1406 2106 1590 2145 rerum
1614 2092 2078 2161 contemplatione

503 2201 566 2236 κε
598 2182 908 2236 mortalium
942 2182 1204 2245 omnium,
1239 2192 1401 2252 atque
1431 2183 1766 2238 eaducorum
1791 2184 2080 2253 principiis

501 2274 1074 2329 consideramlis-cssc
1119 2274 1393 2340 defixum;
1458 2277 1693 2330 virtutes
1723 2290 1817 2330 eas
1866 2274 2081 2343 jamdiu

506 2386 950 2439 supergressum,
992 2385 1114 2440 qua:
1143 2370 1209 2423 ad
1242 2371 1426 2423 infima
1457 2385 1739 2424 conversae
1754 2385 1842 2425 res
1863 2380 2083 2423 nostras

505 2461 834 2531 gubernant.
868 2460 944 2514 Ac
966 2471 1222 2529 tanquam
1251 2463 1299 2517 is
1328 2462 1600 2531 ejusmodi
1635 2463 1725 2527 sit,
1753 2463 1847 2527 ita,
1872 2477 1995 2515 cum
2016 2463 2081 2515 ad

506 2571 628 2607 eum
672 2556 876 2616 scribo.
906 2556 1257 2610 salutationis
1290 2556 1391 2609 hac
1426 2564 1550 2609 utor
1600 2555 1855 2619 formula,
1906 2572 2086 2624 sapere

508 2653 751 2711 multum,
795 2664 900 2703 non
929 2649 1150 2713 salvere,
1178 2658 1272 2703 aut
1301 2649 1527 2717 feliciter
1551 2665 1723 2718 agere,
1761 2652 1906 2718 quod
1938 2649 2088 2701 vide-

509 2747 599 2793 tur
631 2740 987 2793 moderatius.
1033 2738 1315 2808 Siquidem
1354 2740 1664 2793 actionibus
1698 2740 1906 2793 nostris
1948 2738 2089 2791 infe-

511 2833 624 2886 rior
658 2848 811 2886 mens
844 2832 1120 2902 praesidet,
1153 2848 1319 2901 quam
1335 2832 1562 2885 minime
1582 2832 1723 2901 apud
1753 2843 1806 2885 te
1837 2830 2088 2885 obrutam

510 2950 574 2987 ac
598 2931 872 2985 defossam
891 2943 1014 2983 esse
1042 2927 1351 2996 cupiebam.
1371 2924 1489 2991 Qua
1505 2925 1574 2979 de
1605 2941 1662 2979 re
1688 2924 2090 2994 quamplurima

512 3024 653 3093 apud
688 3029 741 3075 te
769 3019 983 3072 duabus
1020 3017 1297 3085 prioribus
1330 3015 1579 3083 epistolis
1621 3014 1888 3075 disserui;
1950 3030 2087 3082 qua-

512 3130 636 3170 rum
690 3121 939 3167 neutram
1008 3109 1067 3170 ii,
1104 3108 1302 3177 quibus
1367 3106 1642 3166 dederam,
1696 3106 1791 3158 tibi
1849 3104 2096 3160 reddide-

2174 616 2278 669 ὑπὸ
2329 619 2595 688 σωμάτων
2641 620 3047 691 θυροκοπῆται,
3105 620 3280 692 ψυχῆς
3328 622 3630 691 παρουσίαν
3690 625 3752 674 οὐ

2172 710 2540 780 προσιέμενοι.
2578 710 2643 763 Τί
2676 706 2768 765 οὖν
2799 713 3009 782 ποτνιᾷ,
3040 710 3132 765 καὶ
3162 714 3280 774 ταῖς
3305 711 3617 773 ἐπιστολαῖς
3639 711 3750 763 τῶν

2171 800 2420 873 δακρύων
2448 804 2662 874 ἐγχεῖς;
2699 805 2759 857 Εἰ
2799 805 2897 875 μὲν
2926 804 3034 876 γὰρ
3070 806 3215 875 ἡμᾶς
3248 803 3434 870 ἐλεῶν,
3470 806 3552 858 ὅτι
3587 807 3753 875 μήπω

2174 893 2589 965 φιλοσοφοῦμεν,
2637 897 2731 950 καὶ
2775 897 2949 951 ταῦτα
2981 897 3291 964 δοκοῦντες,
3345 899 3439 952 καὶ
3479 898 3751 965 λέγοντες,

2174 986 2517 1056 ὲπιγινὼσκω
2554 987 2647 1040 τοῦ
2681 988 2876 1061 θρήνου
2911 990 3009 1059 τὴν
3043 990 3315 1061 ἀλήθειαν.
3357 992 3416 1044 Εἰ
3448 991 3494 1043 δ’
3531 994 3616 1044 ὅτι
3651 991 3753 1059 τὴν

2176 1079 2460 1132 συνουσίαν
2492 1080 2648 1150 ἡμῶν
2692 1080 2946 1151 ἠδίκησεν
2989 1081 3258 1151 ἀγνώμων
3294 1084 3326 1151 ἡ
3361 1080 3530 1151 τύχη⁹
3572 1078 3752 1150 (τοῦτο

2173 1171 2281 1243 γάρ
2314 1189 2394 1226 σοι
2426 1171 2535 1225 τῶν
2566 1172 2859 1240 ἐπιστολῶν
2890 1174 2951 1224 τὸ
2982 1173 3284 1244 βούλημ’)
3318 1172 3451 1243 θῆλυ
3492 1172 3589 1225 καὶ
3627 1189 3751 1223 παι-

2173 1262 2429 1333 δαριῶδες
2458 1264 2519 1316 τὸ
2547 1264 2718 1317 ταῦτα
2748 1266 2986 1335 ἀγαπᾷν,
3021 1264 3105 1334 ἐφ’
3137 1258 3211 1317 ὧν
3240 1265 3461 1317 δύναται
3492 1262 3751 1332 βλάπτειν

2173 1356 2201 1405 ὁ
2233 1354 2439 1424 δαίμων
2479 1355 2547 1409 τὰ
2596 1355 2723 1425 τέλη
2769 1356 2877 1408 τῶν
2920 1357 3311 1427 προαιρέσεων.
3376 1354 3514 1423 Ἐγὼ
3559 1355 3618 1407 δὲ
3655 1356 3753 1425 τὴν

2179 1448 2330 1519 ἱερὰν
2376 1448 2639 1519 κεφαλὴν,
2706 1449 3087 1520 Ἑρκουλιανὸν
3138 1449 3320 1521 ⁴ηξίουν
3367 1449 3478 1502 ἆνω
3511 1448 3751 1520 βλέπειν,

2176 1541 2271 1592 καὶ
2299 1539 2417 1592 ὅλον
2443 1536 2579 1593 εἶναι
2603 1540 2805 1611 θεωρὸν
2829 1540 2933 1593 τῶν
2960 1541 3151 1606 ὅντων,
3175 1541 3268 1593 καὶ
3294 1541 3391 1610 τῆς
3411 1542 3518 1593 τῶν
3544 1540 3756 1611 θνητῶν

2174 1630 2350 1699 ἀρχῆς
2374 1630 2469 1693 τὰς
2495 1630 2692 1699 ἀρετὰς
2712 1631 2993 1691 διαϐάντα,
3017 1631 3109 1683 καὶ
3130 1631 3295 1684 πάλαι
3316 1630 3412 1693 τὰς
3433 1631 3756 1700 ἀπεστραμ-

2179 1721 2345 1790 μένας
2376 1722 2470 1774 καὶ
2494 1723 2802 1792 κοσμούσας
2826 1725 2893 1776 τὰ
2916 1724 3092 1795 δεῦρο.
3122 1724 3229 1776 Καὶ
3250 1723 3323 1785 ὡς
3346 1724 3484 1793 πρὸς
3515 1722 3757 1775 τοιοῦτον

2181 1812 2402 1883 μοιλτῆς
2429 1815 2716 1885 ἐπιστολῆς
2756 1816 2817 1867 τὸ
2876 1816 3170 1888 πρόσρημα
3203 1814 3335 1884 (76)’
3367 1816 3571 1867 πολλὰ
3614 1830 3755 1883 59m-

2176 1903 2334 1958 νεῖν’
2373 1906 2433 1957 οὐ
2476 1907 2739 1975 χαίρειν,
2775 1907 2895 1959 οὐδὲ
2934 1902 3001 1961 εὖ
3032 1906 3331 1975 πράττειν,
3364 1906 3423 1957 τὸ
3462 1905 3758 1976 μετριώτε-

2179 2013 2291 2067 ρον.
2346 1997 2659 2050 Ἐπιστατεῖ
2695 1996 2803 2067 γὰρ
2838 1998 3068 2069 πράξεσι
3103 1996 3225 2059 νοῦς
3268 1995 3527 2056 ἐλάττων,
3565 1997 3668 2065 οὐχ
3702 1995 3758 2046 ὃν

2178 2088 2362 2156 ἠξίουν
2393 2088 2772 2159 ἀνακεχῶσθαι
2800 2089 2949 2160 παρὰ
2978 2089 3083 2141 σοί.
3122 2089 3254 2160 Περὶ
3287 2083 3347 2140 οὗ
3383 2104 3463 2139 σοι
3497 2086 3597 2137 καὶ
3626 2086 3763 2153 rip.-

2181 2180 2349 2233 πολλα
2382 2181 2470 2234 διὰ
2494 2181 2587 2234 δύο
2611 2180 2719 2235 τῶν
2754 2182 2986 2253 πρώτων
3019 2180 3317 2255 ἐπιστολῶν
3343 2178 3649 2249 διελέχθην
3688 2172 3757 2230 ὧν

2180 2273 2434 2344 οὐδεμίαν
2455 2274 2502 2326 οἱ
2520 2273 2775 2335 λαϐόντες
2796 2271 3203 2325 ὲπιδεδώκασιν.
3222 2270 3373 2323 Ἐπεί
3394 2286 3477 2320 τοι
3504 2270 3759 2339 πέμπτην

2181 2366 2386 2435 ταύτην
2423 2366 2690 2435 ὲκπέμπω
2742 2365 2840 2435 τὴν
2890 2363 3199 2432 ἐπιστολήν.
3246 2360 3382 2413 Ἀλλ’
3416 2360 3527 2412 εἰθε
3562 2360 3642 2430 μὴ
3676 2361 3763 2412 καὶ

2182 2459 2387 2529 ταύτην
2420 2458 2613 2529 μάτην,
2638 2458 2845 2525 γένοιτο
2870 2457 2913 2508 δ’
2939 2456 3004 2507 ἂν
3028 2456 3088 2507 οὐ
3120 2456 3317 2524 μάτην,
3343 2454 3391 2529 εἰ
3422 2452 3645 2522 πρῶτον
3673 2449 3764 2519 μὲν

2186 2550 2477 2620 ὲπιδοθείη.
2510 2551 2585 2603 Τὸ
2617 2548 2675 2602 δὲ
2706 2550 2797 2602 ἐπὶ
2830 2547 3003 2618 τούτῳ
3023 2588 3036 2610 ,
3066 2547 3159 2599 καὶ
3191 2546 3382 2598 τούτου
3414 2561 3472 2596 σε
3484 2543 3765 2613 μνότερον,

2188 2641 2641 2712 κατανουθετήσει
2694 2657 2774 2703 σε,
2832 2640 2927 2690 καὶ
2974 2637 3381 2705 παιδαγωγήσει
3406 2674 3421 2697 ,
3458 2633 3554 2685 καὶ
3589 2633 3769 2683 πείσει

2193 2736 2500 2806 μεταθεῖναι
2538 2733 2637 2805 τὴν
2664 2732 2757 2786 τοῦ
2790 2732 3039 2802 σώματος
3088 2729 3237 2799 ἰσχὺν
3272 2729 3364 2780 ἐπὶ
3396 2726 3496 2796 τὴν
3529 2725 3635 2793 τῆς
3670 2723 3769 2791 ἦν’

2192 2831 2291 2899 χῆς
2320 2827 2558 2899 ἀνδρίαν,
2597 2826 2657 2878 οὺ
2688 2824 2784 2896 τὴν
2832 2826 2897 2876 ἐκ
2931 2824 3030 2892 τῆς
3071 2820 3311 2893 πρώτης,
3352 2817 3444 2870 καὶ
3486 2813 3770 2885 περιγείου

2192 2921 2522 2994 τετρακτύος
2553 2919 2661 2971 τῶν
2702 2918 2945 2989 ἀρετῶν·
2984 2915 3098 2970 ἀλλ’
3138 2914 3232 2966 ἐπὶ
3261 2912 3358 2982 τὴν
3402 2908 3676 2976 ἀνάλογον
3717 2909 3769 2957 ὲν

2192 3014 2402 3083 τρίταις
2588 3005 2866 3081 τρίτταις]
2897 3024 2957 3059 τε
2996 3006 3090 3058 καὶ
3139 3003 3447 3073 τετάρταις.
3499 2997 3707 3065 "Aulium
3731 2993 3771 3044 δ’

2195 3100 2287 3156 οὖν
2322 3103 2510 3171 αὐτῆς,
2551 3102 2677 3153 ὅταν
2716 3098 2879 3169 μηδὲν
2921 3096 3028 3149 τῶν
3070 3091 3420 3163 ἀνθρωπίνων
3460 3086 3773 3156 θαυμάζῃς.

513 3213 664 3260 runt.
699 3201 882 3270 itaque
933 3198 1177 3269 quintam
1210 3197 1350 3249 hanc
1379 3196 1447 3249 ad
1495 3202 1547 3250 te
1579 3196 1764 3260 mitto;
1789 3204 1842 3250 et
1890 3197 2085 3249 utinam

2202 3193 2316 3247 Κᾶν
2354 3201 2517 3263 μήπω
2552 3209 2633 3243 σοι
2675 3189 2851 3259 σαφὴς
2879 3190 2912 3258 ἡ
2939 3181 3256 3258 διαίρεσιςῇ
3285 3182 3378 3235 τοῦ
3421 3180 3773 3249 λελεγμένου,

516 3315 582 3353 ne
598 3312 715 3353 eam
735 3294 955 3365 quidem
972 3292 1175 3345 frustra
1196 3292 1208 3343 ι
1231 3290 1434 3344 frustra
1462 3300 1642 3344 autem
1664 3290 1830 3344 missa
1855 3306 1959 3344 non
1976 3288 2090 3343 fue-

516 3395 588 3445 rit
611 3388 794 3459 277,
815 3388 1046 3456 primum
1075 3385 1118 3438 si
1137 3385 1241 3438 erit
1261 3383 1487 3437 reddita.
1514 3381 1739 3444 Deinde,
1758 3381 1899 3449 quod
1920 3383 2089 3435 multo

515 3486 735 3553 gravius
758 3490 920 3549 atque
954 3477 1238 3545 antiquius
1272 3484 1377 3537 est,
1417 3476 1462 3529 si
1497 3484 1550 3528 te
1597 3475 1825 3528 monitis
1866 3474 2091 3529 institu-

519 3589 632 3631 tum
670 3584 834 3644 atque
860 3573 1116 3627 edoctum
1149 3570 1442 3632 dimiserit,
1482 3567 1933 3636 persuaseritque
1965 3581 2090 3620 cor-

520 3670 668 3739 poris
693 3668 860 3721 robur
897 3666 963 3720 ad
996 3664 1163 3717 animi
1201 3661 1576 3715 fortitudinem
1607 3658 1947 3712 transferre:
1980 3673 2089 3711 non

522 3764 668 3815 illaut
697 3761 842 3821 dico,
875 3773 996 3828 qua:
1024 3756 1078 3810 in
1110 3756 1291 3824 primo
1318 3761 1372 3809 et
1415 3753 1605 3805 infimo
1654 3753 1918 3805 virtutum
1953 3765 2091 3820 qua-

522 3855 1072 3912 ternariocensetur,
1099 3846 1193 3902 sed
1220 3861 1337 3900 eam
1362 3846 1564 3914 potius,
1591 3858 1713 3911 qua:
1743 3842 2095 3912 proportione

523 3948 759 4017 quadam
790 3944 845 3997 in
879 3942 1074 4003 ternis,
1115 3939 1512 4009 quaternisque
1564 3934 1881 4004 respondet.
1921 3933 2093 3998 Quam

525 4050 637 4094 tum
660 4039 877 4091 demum
909 4032 1178 4102 attigeris,
1199 4046 1321 4085 cum
1353 4029 1487 4082 nihil
1518 4028 1879 4081 humanarmn
1916 4039 2094 4079 rerum

529 4132 913 4187 admiraberis.
945 4127 1104 4194 Quod
1165 4126 1211 4180 si
1277 4123 1519 4177 nondum
1554 4122 1699 4173 illam
1766 4119 1908 4186 ejus,
1950 4116 2098 4187 quod

529 4227 690 4281 modo
716 4223 849 4287 dixi,
881 4220 1203 4275 divisionem
1242 4215 1523 4283 intelligis,
1556 4228 1678 4281 quae
1701 4211 1959 4265 videlicet
2005 4225 2101 4263 an-

529 4320 815 4390 tiquiores,
844 4330 907 4368 ac
937 4311 1209 4383 primaria:
1234 4309 1463 4361 virtutes
1493 4307 1623 4370 sint,
1661 4321 1851 4374 quaeve
1876 4306 1930 4359 in
1960 4304 2101 4359 infe-

532 4414 662 4469 riOri
694 4411 885 4467 ordine
915 4409 1072 4462 sitas:
1106 4418 1227 4458 cum
1259 4402 1314 4456 id
1371 4399 1602 4468 adeptus
1662 4398 1856 4463 fueris,
1892 4397 2097 4479 nullam

534 4504 682 4558 utob
713 4517 823 4555 rem
860 4500 1087 4568 lugeas;
1135 4494 1227 4549 sed
1268 4493 1453 4546 infima
1506 4491 1715 4552 omnia,
1774 4498 1827 4543 et
1861 4490 2097 4543 humana

2194 3287 2337 3348 τίνες
2388 3282 2847 3354 ἀρχεγονώτεραι,
2898 3279 2993 3331 καὶ
3038 3278 3181 3339 τίνες
3227 3276 3283 3327 αί
3334 3272 3632 3325 πολλοσταὶ
3676 3270 3778 3322 τῶν

2198 3379 2407 3451 ἀρετῶν
2429 3394 2442 3406 °
2465 3378 2525 3431 τὸ
2547 3378 2639 3429 ἐπὶ
2669 3375 2856 3446 μηδενὶ
2886 3374 3088 3434 κλάειν,
3117 3369 3251 3423 ἀλλὰ
3276 3367 3492 3419 πάντων
3515 3363 3630 3415 τῶν

2198 3473 2254 3523 ὲν
2292 3471 2414 3540 δίκῃ
2446 3469 2824 3537 καταφρονεῖν,
2872 3467 2998 3519 ὅταν
3040 3480 3121 3515 σοι
3171 3457 3573 3529 παραγένηται,
3624 3453 3777 3504 τοῦτο

2201 3564 2343 3616 ἔστω
2390 3580 2470 3615 σοι
2521 3560 2721 3623 κανὼν,
2771 3558 2866 3611 καὶ
2917 3557 3197 3627 κριτήριον
3244 3550 3352 3604 τῶν
3399 3548 3639 3619 πρώτων
3686 3546 3779 3612 τῆς

2199 3654 2451 3717 τεύξεως,
2488 3651 2574 3704 ἵνα
2606 3666 2688 3702 σοι
2721 3649 2814 3700 καὶ
2847 3646 2976 3715 παρ’
3011 3644 3166 3715 ἡμῶν
3197 3640 3255 3693 τὸ
3280 3640 3477 3691 πολλὰ
3506 3632 3779 3705 φρονεῖν,

2201 3750 2257 3800 ὲν
2294 3747 2415 3806 ταῖς
2443 3741 2751 3804 ἐπιστολαῖς
2775 3737 3063 3808 ἐπανέλθῃ.
3110 3730 3462 3804 Ἐρῤωμένως
3490 3724 3779 3794 διαδιῴης,

2202 3840 2519 3912 φιλοσοφίας
2583 3824 2845 3906 εύθυμίαν
2892 3827 3330 3901 πρυτανευούσης
3374 3820 3780 3912 ἀκύμονα,-δέ-

2205 3905 2746 3998 σποτανὰξιάγαστε.
2791 3924 2853 3977 Εἰ
2914 3918 3197 3991 φιλοσοφία
3261 3913 3586 3985 πρεσῧεύειν
3642 3905 3781 3963 οἶδεν

2203 4022 2470 4075 ἀπάθειαν
2495 4019 2683 4087 αὐτὴν,
2712 4016 2767 4068 αί
2796 4013 2956 4083 μέσαι
2982 4011 3037 4063 δὲ
3072 4008 3213 4075 ἕξεις
3240 4007 3319 4068 είς
3350 4000 3777 4075 μετριοπάθειαν

2206 4114 2470 4171 ἵστανται,
2516 4110 2615 4177 τὴν
2654 4101 3117 4173 ἀπειροπάθειαν,
3165 4096 3258 4149 καὶ
3289 4095 3350 4147 τὸ
3377 4092 3783 4145 εύταπείνωτςν

2205 4203 2307 4257 ποῦ
2341 4202 2525 4274 χώρας
2562 4199 2795 4267 τάξομεν
2820 4213 2835 4261 ;
2864 4189 2952 4265 ἆρ’
2979 4192 3099 4260 οὐχὶ
3126 4188 3315 4259 πόρῤω
3344 4183 3683 4274 φιλοσοφίας,
3711 4178 3781 4274 ﬁ;

2211 4296 2419 4366 μύστην
2457 4291 2709 4358 γενέσθαι
2738 4304 2797 4339 σε
2823 4280 3242 4353 κατηυξαμεθα;
3273 4277 3347 4348 μὴ
3385 4275 3539 4344 δῆτα,
3562 4268 3609 4325 ὦ
3652 4272 3784 4325 πάν-

2205 4405 2313 4441 των
2342 4386 2465 4456 ἐμοὶ
2498 4379 2927 4453 προσφιλέστατε
2952 4392 2967 4408 ·
3016 4374 3129 4429 ἀλλ’
3170 4368 3617 4442 ἀρρενωπότερον
3654 4367 3785 4435 ἡμῖν

2207 4482 2297 4533 τὸν
2352 4478 2502 4547 φίλον
2551 4473 2869 4528 ἁποδείκνυε
2914 4470 3029 4538 [γρ.
3077 4463 3278 4535 ὐποδ.].
3316 4461 3541 4515 Ἀπασά
3592 4476 3702 4528 μου
3752 4457 3786 4525 ἡ

534 4593 729 4647 merito
758 4600 1080 4645 contemnas
1111 4604 1124 4640 :
1162 4585 1277 4637 hate
1308 4583 1402 4635 tibi
1447 4582 1631 4651 regula
1669 4582 1761 4643 sit,
1818 4594 1882 4633 ac
1931 4581 2085 4634 veluti

2202 4573 2347 4626 οἰκία
2379 4566 2674 4637 κατεδεήθη
2727 4562 3038 4635 προσειπεῖν
3080 4575 3137 4611 σε
3186 4557 3324 4625 ὑπὲρ
3362 4553 3553 4621 αὐτῆς.
3609 4552 3789 4620 Προσ-

536 4684 737 4752 Lydius
771 4683 931 4751 lapis,
963 4694 1072 4749 quo
1115 4688 1166 4731 te
1213 4676 1279 4730 ad
1328 4675 1502 4744 prima
1538 4673 1858 4743 pervenisse
1894 4689 2103 4742 cogno-

534 4790 658 4831 scas
686 4793 699 4829 :
730 4783 787 4826 ut
817 4773 915 4825 tibi
953 4786 982 4823 a
1014 4785 1098 4823 me
1127 4767 1293 4829 istud,
1331 4764 1525 4832 Sapere
1584 4765 1898 4831 plurimum,
1934 4765 1989 4818 in
2023 4766 2104 4818 lit-

536 4867 668 4935 leris
700 4865 908 4920 redeat.
955 4860 1252 4915 Incolumis
1294 4872 1572 4921 sanusque
1602 4857 1769 4907 vitam
1820 4855 2098 4921 traducas,

2212 4667 2399 4737 είρησο
2456 4656 2547 4714 οὖν
2584 4656 2736 4729 παρὰ
2776 4654 3023 4715 πάντων,
3057 4648 3288 4703 ἑκάστου
3326 4643 3585 4715 μονονοὺκ
3628 4640 3787 4707 ἐγχέ-

2212 4734 2367 4819 αντος
2412 4754 2509 4824 τὴν
2551 4750 2726 4821 ψυχὴν
2790 4749 2856 4816 τῇ
2912 4742 3233 4813 προσρήσει.
3276 4738 3383 4791 Καὶ
3433 4734 3591 4795 αὐτὸς
3642 4734 3789 4803 ὑπὲρ

2209 4850 2363 4923 ἡμῶν
2396 4847 2485 4901 τὸν
2519 4839 2876 4908 ἱπποτοξότην
2911 4836 3196 4907 πρόσειπε,
3240 4826 3563 4900 παρακαλῶ.

536 4921 702 5013 inullis
760 4955 1017 5010 ﬂuctibus
1074 4954 1331 5022 agitatam
1399 4949 1565 5002 animi
1616 4948 1949 5003 hilaritatem
2028 4950 2361 5005 conciliante
2397 4938 2766 5014 philosophia.
2797 4934 3017 4987 domine
3069 4921 3787 5026 mihi-imprimisamande.

538 5058 594 5111 Si
631 5050 971 5126 philosophia
1022 5057 1266 5101 motuum
1300 5045 1545 5099 omnium
1594 5044 1868 5097 vacuitate
1901 5045 2084 5112 potius
2124 5042 2281 5105 nihil,
2325 5048 2419 5092 aut
2470 5032 2753 5103 antiquius
2812 5028 3017 5126 habet,
3057 5021 3235 5126 medii.
3262 5035 3416 5126 vero.
3443 5016 3669 5126 habitus
3696 5030 3793 5126 ιιιι

539 5109 785 5206 nmiunm
816 5144 1193 5200 mediocritate
1222 5139 1527 5194 consistunt
1559 5155 1571 5189 :
1609 5151 1846 5205 quanam
1887 5139 1942 5191 in
2010 5139 2138 5191 sede
2175 5136 2430 5188 affectum
2492 5124 2660 5181 animi
2739 5120 3154 5179 collocahimus,
3222 5113 3451 5169 infinitis
3498 5109 3795 5213 perturba.-

539 5204 782 5298 tionibus
820 5240 1102 5309 agitatum,
1134 5235 1338 5305 quique
1369 5231 1530 5301 dcjici
1558 5204 1713 5285 facile
1744 5247 1808 5284 ac
1841 5232 2095 5286 contrahi
2138 5229 2356 5299 possit?
2437 5224 2558 5277 Non
2588 5220 2781 5290 procul
2830 5233 2858 5268 a
2896 5210 3239 5311 philosophia
3281 5224 3404 5264 eum
3450 5204 3798 5311 .arnandahi-

544 5353 686 5400 mus,
716 5298 881 5403 cujus
909 5341 959 5386 te
986 5338 1216 5400 mystam
1246 5340 1369 5379 esse
1398 5322 1656 5376 omnibus
1695 5323 1837 5377 votis
1882 5317 2412 5392 expetimus?Absit
2460 5316 2563 5368 hoc
2613 5328 2641 5364 a
2696 5319 2770 5371 te,
2813 5321 3021 5406 quaeso,
3082 5300 3331 5406 pmuium
3387 5298 3522 5403 inihi
3575 5298 3801 5398 charis-

542 5436 699 5489 sime.
729 5395 874 5496 Quin
906 5427 1037 5481 mihi
1069 5423 1245 5494 potius
1276 5418 1706 5475 constantiorem
1739 5433 1804 5472 ac
1840 5418 2116 5473 fortiorem
2158 5417 2396 5471 amicum
2433 5410 2649 5466 exhibe.
2683 5405 2796 5459 Mea
2864 5395 3279 5496 (unius-familia
3322 5395 3397 5445 uti
3466 5408 3568 5447 suo
3613 5406 3801 5496 nomi-

546 5486 614 5582 ne
645 5486 880 5580 salutem
909 5519 1005 5574 tibi
1042 5486 1279 5572 dicerem
1309 5528 1339 5567 a
1397 5526 1483 5566 me
1516 5508 1803 5581 flagitavit.
1856 5509 2112 5564 Omnium
2156 5510 2320 5579 igitur
2353 5503 2575 5559 nomine
2602 5499 2834 5557 salutem
2872 5494 2970 5547 tibi
3029 5490 3193 5554 dico;
3257 5488 3309 5539 in
3353 5499 3457 5552 qua
3508 5486 3802 5551 precanda

1778 5628 1958 5685 DlON.
1985 5625 2259 5682 PETAVll
2280 5620 2515 5678 NOTAE.
3822 5632 3839 5659 τ

2224 5758 2335 5795 cere
2364 5756 2381 5792 :
2405 5737 2464 5792 Si
2492 5738 2653 5795 vales,
2684 5732 2805 5784 bene
2823 5737 2934 5788 est;
2965 5741 3054 5791 ego
3078 5721 3243 5776 valeo.
3272 5718 3424 5795 Recte
3449 5725 3497 5768 et
3534 5731 3632 5793 nos
3666 5712 3810 5795 dici-

2228 5782 2928 5873 ’ίὶἱιῖῑόδὸριιανίδζ
2984 5782 3104 5847 liene
3158 5800 3256 5873 est.
3316 5787 3498 5841 Valere
3528 5786 3675 5839 enim
3713 5782 3813 5835 hoc

2229 5863 2434 5937 demum
2456 5863 2564 5942 esi;
2586 5877 2695 5933 sine
2715 5863 2809 5926 hoc
2840 5884 2972 5939 (eger
3001 5875 3074 5920 est
3101 5863 3326 5916 animus.

624 5754 735 5823 ('76)
769 5752 1039 5823 Tomi?er
1062 5745 1652 5823 ,κυρτῆς-ἐπιστολῆς
1692 5745 1756 5823 te
1780 5745 2116 5823 ξτρόσρηματ

557 5811 765 5877 Seneca
791 5823 826 5873 l.
859 5837 917 5879 ιι,
950 5811 1109 5888 epist.
1140 5820 1203 5870 15
1236 5811 1394 5870 {Mos
1427 5811 1669 5884 antiquus
1712 5811 1831 5882 fuit,
1868 5811 2119 5888 usquead

561 5908 729 5945 meum
761 5882 995 5944 servatus
1034 5898 1261 5951 wtatem,
1297 5889 1478 5955 primis
1511 5882 1743 5952 cpistour
1784 5885 1946 5937 verbis
1982 5882 2123 5954 adji—
