4014 6244
287 420 428 477 1555

1442 427 1841 498 IEPISTOLxE.
1874 457 1944 468 —
1969 427 2185 485 EPIST.
2228 428 2408 485 CXLI.

3389 424 3525 485 1554

282 537 481 606 singuli
511 544 723 593 tantum
763 554 873 595 non
907 542 1144 596 animam
1180 541 1553 599 elIundcbant.
1632 543 1713 599 Tu
1753 558 1884 599 vero
1921 544 2167 600 vicissim
2240 548 2484 617 equitem
2537 547 2877 618 sagittarium
2940 555 3134 602 nostro
3181 543 3404 600 nomine
3446 562 3529 598 sa-

283 631 452 685 lutes.

810 726 1153 780 ΕΠΙΣΤΟΑΠ
1208 729 1338 786 PM'.

260 862 268 893 ς
924 814 1006 880 Τῷ
1038 816 1216 881 αὐτῷ.

355 904 448 973 Μὴ
487 904 772 975 θαυμάσης
815 908 863 960 εἰ
910 907 1229 979 διακομιστῇ
1261 909 1405 962 δυοῖν
1439 910 1736 964 ἐπιστολῶν
1778 910 1858 962 ἐνὶ

282 998 523 1069 χρῶμαι.
570 999 728 1052 Ἀλλὰ
762 999 979 1069 πρῶτον
1012 1000 1112 1068 μὲν
1154 1001 1406 1056 αίσθάνου
1454 1002 1607 1066 δίκας
1641 1002 1857 1072 ὑπέχων

284 1090 627 1159 ἐγκλήματος
670 1091 899 1159 ἀκαίρου
923 1131 939 1156 ,
985 1092 1079 1144 καὶ
1118 1093 1358 1163 ἐμφοροῦ
1402 1094 1501 1164 τῆς
1542 1095 1857 1164 ἀδολεσχίας

284 1183 471 1253 ἡμῶνο
506 1176 625 1235 εἶτα
658 1183 751 1236 καὶ
784 1182 975 1255 χρείαν
1005 1184 1196 1256 ἑτέραν
1238 1184 1405 1239 ἐθέλω
1443 1203 1531 1255 μοι
1570 1186 1856 1257 πληρῶσαι

280 1274 354 1327 τὰ
396 1273 624 1345 δεύτερα
673 1275 998 1346 γράμματα.
1057 1276 1201 1329 Αίτῶ
1256 1277 1364 1348 γὰρ
1420 1278 1482 1331 τὸ
1531 1278 1589 1330 ἐν
1643 1278 1857 1348 ἰάμϐοις

280 1369 463 1420 ἐκεῖνο
488 1369 905 1439 συνταγμάτων,
931 1371 998 1423 δι’
1025 1365 1086 1425 οὗ
1117 1371 1252 1443 πρὸς
1276 1373 1373 1441 τὴν
1400 1371 1576 1442 ψυχὴν
1603 1374 1632 1426 ὁ
1660 1390 1859 1443 γεγρα-

282 1457 401 1527 φὼς
424 1458 750 1527 διαλέγεται.
793 1462 945 1514 Ἐπεὶ
976 1462 1097 1515 τότε
1124 1463 1222 1532 μὲν
1264 1463 1418 1533 ᾣμην
1455 1463 1562 1516 ἀπὸ
1590 1464 1689 1533 τῆς
1718 1465 1855 1534 μνή-

286 1569 397 1622 μης
441 1552 573 1605 αὐτὸ
616 1553 1007 1624 συναθροίσειν.
1052 1554 1166 1608 Νῦν
1207 1554 1264 1608 δὲ
1304 1555 1605 1609 κινδυνεύει
1643 1556 1704 1610 τὸ
1739 1557 1855 1610 ἀντ’

280 1644 493 1698 ἐκείνου
535 1646 700 1716 μηδὲν
732 1642 872 1700 εἶναι
904 1647 1039 1718 πρὸς
1069 1648 1263 1701 ἐκεῖνο.
1300 1647 1437 1701 Ἀλλ’
1481 1648 1546 1702 ἂν
1580 1649 1857 1721 ἐπιτρέψω

280 1736 346 1789 τὸ
374 1738 625 1809 γράφειν,
664 1738 856 1811 γνώμῃ
897 1739 1093 1809 μᾶλλον
1128 1740 1160 1810 ἢ
1202 1741 1389 1811 μνήμῃ
1426 1741 1714 1812 χρήσομαι,
1747 1743 1857 1795 Καὶ

286 1826 418 1890 ἴσως
458 1828 554 1897 μὲν
582 1831 782 1898 χεῖρον,
817 1828 947 1892 ἴσως
988 1828 1045 1881 δὲ
1093 1830 1187 1882 καὶ
1234 1829 1463 1899 βέλτιον.
1514 1832 1588 1883 Οὐ
1637 1829 1741 1900 μὴν
1778 1830 1859 1882 δεῖ

280 1919 489 1971 τίκτειν
517 1918 596 1982 δὶς
614 1919 704 1972 τὸν
734 1920 897 1974 αὐτὸν
919 1920 1095 1985 τόκον,
1124 1918 1243 1985 ἐξὸν
1265 1920 1406 1991 ἔχειν
1426 1922 1485 1974 τὸ
1504 1922 1852 1991 τετεγμένον.

299 2012 654 2082 Ἀντίγραφον
685 2006 776 2064 οὖν
799 2011 899 2081 τῆς
928 2011 1181 2081 τετράδος
1222 2013 1566 2071 ἀπόστειλον,
1599 2014 1732 2083 πρὸς
1763 2014 1855 2066 αύε

280 2106 385 2171 τῆς
539 2068 740 2172 ςίυῂτις,
770 2103 836 2173 ἣν
856 2068 1093 2171 ’κοσμεῖν
1126 2068 1371 2170 βούλεται
1398 2103 1459 2154 τὸ
1486 2068 1857 2173 βιύλίύν·-ἀ).λ’
1890 2068 1930 2122 Β

284 2200 434 2260 ὅπως
479 2197 708 2267 τάχιστά
744 2214 801 2251 τε
844 2197 938 2249 καὶ
977 2195 1253 2265 ἀσφαλῶς.
1304 2196 1472 2250 Τοῦτο
1510 2198 1567 2249 δέ
1600 2199 1766 2259 ἐστιν,
1810 2199 1859 2251 εί

284 2288 375 2341 διὰ
406 2288 511 2341 τῶν
543 2288 753 2358 ταχέως
778 2287 873 2340 καὶ
906 2288 1121 2351 πάντως
1154 2289 1264 2359 (7'7)
1293 2288 1676 2341 ἀποδωσόντων
1703 2290 1860 2359 ποιή-

290 2397 423 2443 σεις.
455 2378 546 2449 Τῷ
575 2381 682 2448 γὰρ
729 2379 879 2450 παρά
907 2378 1131 2448 θάτερον
1169 2380 1482 2450 διαμαρτεῖν
1502 2418 1516 2443 ,
1550 2381 1764 2442 πάντως
1800 2381 1860 2432 ού

288 2473 565 2538 ποιήσεις·
598 2472 701 2525 κᾶν
749 2472 1125 2542 σχολαιὸτερον
1169 2470 1284 2543 [πρ.
1316 2471 1699 2544 σχολαίτερον]
1728 2475 1861 2525 ἀπο-

290 2564 524 2635 στείλῃς,
563 2565 848 2634 ὑστερήσει
878 2564 986 2634 γάρ
1022 2580 1123 2634 μου
1152 2564 1249 2634 τῆς
1280 2565 1594 2634 παρουσίας,
1628 2564 1728 2618 κᾶν
1760 2564 1863 2635 δῷς

288 2655 370 2727 τῷ
397 2659 472 2729 μὴ
501 2656 717 2719 πάντως
746 2654 991 2709 δώσοντι.

702 2914 707 2923 ’
799 2921 1142 2975 ΕΠΙΣΤΟΛΙΙ
1183 2922 1355 2976 PMA'.

938 3012 1022 3077 Τῷ
1054 3010 1232 3077 αὐτῷ.

369 3108 473 3161 Τὸν
498 3107 595 3178 μὲν
636 3104 893 3160 Ὀδυσσέα
923 3106 1032 3175 (78)
1061 3106 1148 3159 διὰ
1171 3108 1268 3175 τῆς
1292 3105 1574 3176 ἐπιστολῆς
1604 3106 1867 3174 ἐπέγνων,

293 3201 503 3256 πολλῶν
536 3200 909 3268 ὲπαναγόντων
963 3200 1055 3253 ἐπὶ
1093 3198 1191 3269 τὴν
1251 3200 1469 3269 μνήμην
1518 3198 1611 3253 τοῦ
1668 3200 1865 3269 ἥρωος

293 3296 383 3347 τὸν
430 3294 486 3347 δὲ
532 3292 760 3363 Πρωτέα
792 3293 1055 3363 ⁴ἠγνόησα.
1090 3292 1157 3344 Σὲ
1198 3292 1295 3361 μὲν
1334 3292 1442 3362 γάρ
1479 3292 1607 3346 ὄντα
1648 3292 1868 3352 τοιόνδε.

1883 731 1932 788 Α

2467 733 2797 788 EPISTOLA

2636 826 2843 879 Eidem.

2027 917 2146 972 Noli
2177 918 2364 971 mirari
2386 917 2530 987 quod
2561 919 2698 972 duas
2724 918 2984 987 epistolas
3026 914 3120 969 uni
3156 912 3360 967 homini
3406 927 3531 981 per-

1959 1007 2208 1064 ferendas
2237 1009 2497 1064 dederim.
2534 1008 2639 1063 Sed
2664 1010 2897 1078 primum
2928 1007 3147 1077 quidem
3173 1005 3311 1059 scito
3339 1018 3529 1073 pmnas

1959 1109 2011 1156 te
2070 1100 2460 1170 intempestiva:
2506 1100 2906 1154 criminationis
2972 1096 3311 1167 dependere,
3366 1103 3532 1163 atque

1957 1192 2121 1246 etiam
2161 1200 2346 1246 nostra
2376 1192 2704 1260 loquacitate
2738 1192 2972 1253 satiare;
3008 1188 3204 1243 deinde
3232 1202 3364 1241 vero
3384 1186 3531 1240 aliud

1959 1282 2089 1336 mihi
2142 1282 2416 1351 negotium
2459 1283 2730 1335 coniicere
2767 1280 3117 1349 posteriores
3141 1278 3354 1331 litteras
3383 1276 3529 1328 volo.

1958 1372 2291 1443 Opusculum
2356 1374 2500 1428 enim
2558 1372 2689 1427 illud
2766 1382 2889 1442 peto
2956 1371 3205 1425 iambicis
3280 1369 3533 1423 versibus

1957 1465 2242 1535 scriptum,
2267 1464 2319 1518 in
2354 1480 2463 1534 quo
2486 1472 2681 1519 auctor
2735 1465 2970 1516 animam
3016 1475 3172 1535 suam
3209 1460 3529 1528 alloquitur,

1956 1557 2213 1624 quoniam
2262 1571 2384 1610 cum
2438 1556 2567 1609 illud
2615 1567 2745 1609 tunc
2786 1570 2817 1608 e
2864 1553 3127 1607 memoria
3166 1552 3424 1620 colligere
3451 1565 3536 1603 me

1961 1663 2125 1717 posse
2151 1648 2510 1712 conﬁderem,
2536 1662 2684 1701 nunc
2716 1660 2904 1700 vereor
2921 1660 2987 1699 ne
3008 1643 3152 1713 quod
3173 1658 3271 1713 pro
3294 1643 3385 1695 illo
3405 1642 3533 1696 sub-

1958 1740 2241 1802 stituatur,
2276 1738 2411 1791 nihil
2464 1739 2873 1807 comparatione
2916 1737 3145 1791 alterius
3195 1736 3288 1789 sit.
3339 1733 3443 1787 Sed
3489 1731 3536 1785 si

1958 1830 2244 1900 scriptioni
2302 1845 2414 1882 rem
2474 1832 2835 1891 commisero,
2903 1828 3114 1896 judicio
3179 1827 3356 1895 magis
3414 1834 3537 1879 utar

1958 1938 2122 1992 quam
2151 1923 2434 1981 memoria.
2470 1920 2636 1990 278
2660 1928 2713 1974 et
2741 1917 2976 1974 fortasse
3009 1918 3227 1988 quidem
3258 1917 3534 1979 deterius,

1964 2017 2199 2072 fortasse
2229 2016 2444 2070 melius.
2479 2013 2597 2067 Non
2618 2021 2704 2068 est
2738 2022 2919 2066 tamen
2952 2012 3102 2081 quod
3158 2012 3243 2066 bis
3285 2008 3537 2064 eumdem

1958 2109 2127 2164 fetum
2156 2107 2396 2177 pariam;
2430 2120 2554 2159 cum
2595 2104 2896 2174 przesertim
2940 2103 3082 2169 ejus,
3106 2102 3251 2171 quod
3274 2101 3385 2170 jam
3422 2100 3541 2154 edi-

1958 2210 2072 2255 tum
2103 2209 2206 2263 est,
2246 2198 2401 2267 copia
2436 2211 2559 2251 esse
2587 2197 2785 2266 possit.
2823 2196 2977 2249 Mitte
3005 2194 3171 2263 igitur
3197 2192 3263 2246 ad
3290 2208 3375 2246 me
3402 2205 3542 2261 qua-

1960 2292 2181 2347 ternarii
2232 2289 2532 2358 exemplar.
2580 2303 2676 2357 per
2701 2286 2942 2339 animum
2979 2285 3158 2355 ipsum
3195 2300 3347 2354 rogo,
3377 2299 3539 2351 quem

1959 2397 2156 2435 ornare
2189 2380 2404 2434 libellus
2433 2380 2533 2432 iste
2560 2385 2830 2442 conatur;
2854 2374 3017 2444 idque
3038 2390 3199 2444 quam
3227 2374 3537 2434 celerrime,

1960 2484 2014 2528 et
2036 2474 2327 2527 tutissime.
2362 2471 2476 2525 Hoc
2506 2480 2686 2523 autem
2726 2469 2852 2530 erit,
2882 2468 2927 2521 si
2959 2483 3055 2536 per
3083 2481 3178 2522 eos
3207 2467 3410 2527 mittas,
3443 2466 3536 2534 qui

1961 2566 2185 2619 omnino
2212 2566 2321 2619 sint
2350 2563 2617 2617 reddituri
2658 2580 2671 2616 :
2697 2562 2743 2616 si
2771 2560 2916 2617 enim
2943 2561 2995 2613 in
3025 2560 3290 2613 alterutro
3323 2574 3539 2626 pecces,

1962 2672 2191 2727 prorsus
2247 2655 2300 2709 id
2339 2669 2446 2708 non
2488 2653 2774 2723 perficies;
2835 2652 2950 2707 sive
3024 2650 3241 2705 tardius
3290 2649 3539 2714 miseris;

1964 2765 2051 2804 me
2076 2749 2221 2803 enim
2278 2758 2548 2817 praesente
2598 2761 2709 2800 non
2762 2744 3117 2816 pervenient;
3148 2743 3261 2798 sive
3318 2743 3367 2795 ei
3420 2741 3537 2800 ch.

1964 2843 2057 2913 qui
2091 2843 2276 2911 utique
2299 2858 2406 2895 non
2442 2839 2654 2894 reddat.

2482 2929 2817 2986 EPISTOLA
2851 2926 3029 2983 CXLI.

2645 3022 2857 3075 Eidem.

2043 3116 2288 3188 Ulyssem
2319 3114 2540 3186 quidem
2568 3130 2631 3169 ex
2681 3114 2912 3183 epistola
2970 3110 3227 3180 cognovi,
3262 3106 3449 3161 multis
3480 3120 3543 3159 ex

1970 3211 2133 3267 rebus
2157 3210 2224 3263 ad
2257 3209 2439 3263 herois
2497 3209 2816 3261 memoriam
2852 3203 3117 3258 reductus
3150 3220 3163 3256 :
3201 3215 3390 3255 verum
3420 3198 3543 3251 Pro-

1974 3311 2119 3356 teum
2168 3300 2437 3371 ignoravi.
2477 3296 2554 3351 Te
2602 3298 2772 3360 enim,
2802 3297 2895 3363 qui
2945 3290 3216 3362 ejusmodi
3250 3290 3361 3359 sis,
3385 3289 3548 3342 etiam

2858 731 3016 787 CXL.

295 3388 390 3441 καί
427 3386 669 3457 ἡμιθέων
713 3384 907 3454 ψαύειν
947 3386 1046 3438 οὐκ
1076 3386 1323 3448 ἀπεικός.
1365 3384 1506 3452 Ἐγὼ
1531 3385 1587 3437 δὲ
1614 3385 1739 3438 ἄλλο
1771 3386 1866 3454 μέν

1970 3394 2036 3447 ad
2074 3391 2345 3448 semideos
2388 3388 2668 3450 accedere,
2702 3400 3050 3455 nequaquam
3135 3382 3547 3436 dissentaneum

294 3494 349 3529 τι
403 3478 589 3546 σοφός·
622 3477 762 3528 κατά
814 3475 871 3528 δὲ
921 3475 979 3528 τὸ
1014 3475 1270 3542 Δελφικὸν
1318 3474 1585 3545 γράμμα,
1636 3475 1869 3544 ἐμαυτὸν

296 3568 572 3637 ἐγνωκὼς,
613 3566 957 3628 καταδικάζω
991 3567 1178 3618 πενίαν
1203 3568 1303 3635 τῆς
1334 3565 1566 3633 φύσεως,
1607 3568 1700 3619 καὶ
1738 3568 1871 3620 ἀπο-

297 3658 550 3728 γινώσκω
609 3660 709 3727 τὴν
776 3658 856 3720 εἰς
912 3657 1097 3727 ἥρωας
1157 3657 1492 3727 οἰκειότητα·
1556 3657 1694 3727 πλὴν
1749 3659 1871 3711 ὅσον

301 3748 544 3821 μιμητὴς
566 3742 707 3801 εἶναι
734 3749 830 3819 τῆς
852 3748 1146 3818 ἐχεμυθίας
1174 3747 1446 3818 ηὐξάμην,
1477 3750 1543 3818 ἢν
1584 3750 1678 3800 καὶ
1703 3749 1871 3819 αὐτὴν

301 3840 366 3894 σύ
418 3858 510 3910 μοι
554 3840 807 3910 συνέχεας
846 3840 988 3894 κατά
1033 3839 1122 3893 τὸν
1171 3841 1234 3891 ἐκ
1273 3840 1523 3911 Σπάρτης
1569 3840 1869 3896 Μενέλεων.

301 3934 466 3986 Ὥστε
499 3932 825 3997 κινδυνεύεις
878 3932 1128 4002 συνωρίδι
1172 3934 1467 4003 προσήκειν
1508 3932 1723 4003 ἡρώων,
1775 3934 1873 3987 ούκ

312 4023 559 4076 Ὀδυσσεῖ
596 4022 762 4093 μόνῳ.
795 4020 980 4074 Ταῦτα
1016 4022 1112 4092 μὲν
1148 4021 1338 4094 ταύτῃ.
1375 4023 1483 4093 Τὴν
1514 4024 1570 4075 δὲ
1616 4025 1872 4094 ἀνεπιτη-

299 4113 550 4182 δειότητα
592 4112 685 4165 τοῦ
723 4111 955 4182 γράφειν
1001 4111 1385 4181 μεμψάμενος,
1432 4114 1530 4166 οὐκ
1580 4109 1630 4166 εἴ
1665 4115 1873 4179 δίκαιος

303 4208 554 4261 ἀπαιτεῖν
604 4205 805 4276 πλῆθος
853 4205 1180 4263 ἀνιασὸντων
1229 4207 1567 4276 γραμμάτων
1595 4225 1607 4237 ·
1643 4208 1721 4261 διὸ
1761 4226 1878 4262 συν-

305 4299 521 4353 ἐστειλα
567 4299 666 4369 τῆς
711 4297 997 4368 ἐπιστολῆς
1032 4298 1095 4348 τὸ
1132 4298 1324 4366 μῆκος»
1386 4297 1471 4349 ἵνα
1513 4298 1586 4369 μὴ
1638 4299 1799 4362 πόνος

307 4392 506 4445 πλείων
526 4389 949 4458 ἀναγινώσκοντι
984 4387 1223 4442 πλείονα.
1254 4388 1611 4459 Ἐῥρωμένος,
1629 4389 1879 4459 εὐθύμως

303 4481 582 4552 διασιῴης,
617 4480 901 4549 φιλοσοφίᾳ
940 4477 1221 4549 χρώμενος
1266 4481 1345 4539 εἰς
1384 4480 1443 4531 τὸ
1479 4478 1617 4532 θεῖον
1652 4481 1879 4551 ποδηγε-

305 4574 495 4646 τούσῃ,
525 4572 839 4639 ἀξιάγαστε·
865 4570 955 4624 τὸν
990 4570 1285 4639 θαυμάσιον
1311 4570 1523 4640 κόμητα
1560 4572 1669 4641 (73)
1708 4574 1877 4644 πρόσ-

308 4681 451 4723 ειπε,
487 4664 625 4735 πρὸς
675 4661 733 4714 ὃν
756 4657 1198 4730 αὑτοπροσώπως
1253 4660 1521 4712 ποιεῖσθαι
1549 4664 1879 4732 προσρήσεις

1973 3493 2078 3539 est.
2115 3482 2223 3552 Ego
2251 3495 2378 3534 vero
2409 3480 2637 3534 aliarum
2692 3480 2911 3548 quidem
2957 3475 3190 3529 fortasse
3227 3487 3407 3525 rerum
3440 3485 3549 3522 non

1974 3574 2293 3643 imperitus;
2326 3580 2605 3631 caeterum,
2632 3568 2788 3637 juxta
2843 3564 3159 3635 Delphicam
3190 3565 3547 3624 sententiam,

1974 3666 2243 3733 meipsum
2298 3676 2560 3722 noscens,
2596 3667 2849 3712 naturam
2884 3655 3081 3724 inopia:
3123 3667 3187 3707 ac
3218 3650 3550 3720 paupertatis

1974 3759 2301 3818 condemno,
2334 3769 2660 3821 omnemque
2709 3766 2856 3804 ante
2896 3764 3020 3801 cum
3072 3746 3329 3801 heroibus
3374 3740 3551 3795 amni-

1973 3859 2142 3905 tatem
2171 3848 2456 3918 ahjudico;
2488 3845 2593 3899 nisi
2648 3841 2795 3913 quod
2844 3842 3070 3894 illorum
3120 3834 3551 3890 taciturnitatem

1976 3942 2179 3998 imitari
2232 3941 2565 4002 voluissem,
2617 3952 2778 4006 quam
2844 3936 3018 4003 ipsam
3070 3939 3250 3985 tamen
3296 3924 3551 3996 Spartani

1977 4035 2127 4089 illius
2177 4032 2400 4087 Menelai
2460 4032 2634 4083 instar
2693 4026 2822 4080 tnihi
2880 4020 3265 4085 conturbasti;
3310 4019 3554 4084 adeoque

1976 4127 2182 4183 videris
2211 4142 2318 4180 non
2347 4123 2412 4177 ad
2447 4121 2698 4192 Ulyssem
2725 4133 2913 4178 unum,
2949 4119 3042 4172 sed
3092 4114 3157 4167 ad
3195 4112 3420 4166 heroum
3451 4121 3549 4175 par

1978 4213 2109 4267 illud
2143 4200 2447 4281 pertinere.
2481 4208 2585 4262 Sed
2622 4206 2689 4260 de
2736 4204 2821 4257 his
2858 4201 3147 4261 hactenus.
3183 4194 3319 4249 Cum
3372 4200 3552 4242 autem

1980 4305 2203 4357 minime
2224 4311 2277 4356 te
2309 4299 2373 4354 ad
2420 4297 2769 4354 scribendum
2808 4292 3064 4347 idoneum
3099 4304 3222 4344 esse
3248 4286 3423 4345 dicas,
3455 4282 3557 4334 im—

1979 4395 2172 4448 mcrito
2205 4408 2236 4446 a
2263 4408 2349 4446 me
2380 4392 2685 4445 litterarum
2719 4385 2953 4453 c0piam,
2981 4396 3100 4451 qua:
3126 4375 3555 4432 tibi'molcstiam

1979 4488 2222 4540 allatura:
2254 4491 2402 4547 sunt,
2432 4480 2716 4551 elllagitas.
2769 4476 2977 4529 Idcirco
3028 4471 3278 4543 epistola
3321 4465 3529 4535 longitu

1980 4578 2161 4631 dinem
2214 4573 2485 4637 contraxi,
2514 4589 2583 4625 ne
2630 4570 2785 4639 plura
2826 4564 3053 4635 legendo
3076 4564 3197 4634 plus
3224 4558 3429 4613 laboris
3469 4572 3559 4609 ca-

1982 4673 2119 4740 pias.
2155 4666 2477 4729 lncolumis,
2520 4662 2818 4729 hilarisque
2848 4657 3133 4727 persislas,
3156 4647 3555 4724 pltilOSOphiam

309 4759 520 4820 ἑαυτοῖς
553 4756 652 4809 ούκ
686 4753 1083 4824 ἐπετρέψαμεν.
1119 4751 1191 4803 Τὸ
1224 4752 1330 4821 γὰρ
1362 4754 1424 4804 ἐκ
1453 4753 1549 4822 τῆς
1584 4756 1869 4827 ’ποιήσεωςν

1980 4737 2269 4820 adhibens,
2307 4773 2429 4828 qua:
2452 4763 2505 4810 te
2536 4753 2602 4806 ad
2632 4752 2813 4806 divina
2854 4747 3135 4817 perducat,
3166 4744 3341 4798 amice
3370 4737 3560 4804 impri-

312 4850 415 4903 mis
447 4846 839 4917 amplcctende.
872 4843 1158 4913 Egregium
1196 4843 1454 4897 comitem
1486 4845 1683 4909 saluta,
1746 4866 1909 4920 quem
1952 4868 2019 4908 ex
2090 4827 2338 4921 personal
2373 4847 2586 4919 prOpria
2642 4842 2903 4905 salutare,
2943 4839 3102 4894 nobis
3145 4835 3279 4906 ipsis
3333 4827 3561 4899 pe‘rmitu

312 4955 428 5002 tere
458 4944 755 4999 noluimus.
793 4940 907 4995 lloc
934 4941 1077 4994 enim
1116 4956 1178 4994 ex
1206 4939 1351 5007 poesi
1389 4938 1636 5009 ductum,

459 5044 627 5109 Ἀρχε
646 5053 659 5067 ·
695 5038 775 5091 σὺ
805 5036 915 5106 γὰρ
949 5033 1189 5103 γενεῆφι
1219 5034 1528 5102 νεώτερος’

314 5155 553 5224 πολέμου
589 5153 686 5222 μὲν
715 5151 823 5220 γάρ
851 5151 947 5203 καὶ
979 5152 1218 5211 στάσεως
1246 5148 1540 5218 ἄρχεσθαι,
1570 5152 1766 5207 δικαιοῖ
1791 5156 1883 5209 τὸν

316 5248 452 5323 νέον·
477 5243 870 5315 φιλοφροσύνης
898 5242 953 5294 δὲ
980 5241 1069 5292 τὸν
1096 5240 1482 5312 πρεσϐύτερον.
1536 5245 1727 5297 Καίτοι
1754 5248 1884 5316 παρ’

2322 5034 2499 5101 Incipe
2528 5047 2544 5085 :
2574 5039 2702 5084 natu
2724 5028 2909 5083 etenim
2936 5024 3227 5093 tujum’or;

1991 5145 2058 5199 ad
2102 5142 2300 5197 bellum
2331 5140 2572 5209 quidem,
2606 5150 2669 5190 ac
2712 5132 3035 5189 seditionem
3084 5127 3281 5195 pra-ire
3320 5124 3560 5193 junioris

1989 5255 2112 5295 esse
2154 5236 2321 5300 dicit;
2347 5234 2412 5288 ad
2445 5228 2799 5286 humanitatis
2840 5232 3020 5277 autem
3064 5218 3264 5284 ol'ticia,
3302 5218 3556 5273 senioris.

1555 5373 1735 5430 DION.
1789 5376 2064 5432 PETAVll
2097 5374 2332 5431 ΝΟΤᾸΞ.

392 5521 503 5585 (77)
538 5520 638 5571 Διὰ
671 5515 790 5569 τῶν
813 5514 1061 5585 ταχέως,
1100 5528 1196 5563 κα.
1237 5510 1492 5585 πάντως.
1533 5513 1597 5585 Ιιι
1621 5521 1727 5585 vel.
1762 5514 1883 5567 cod.

312 5583 439 5644 erat
467 5589 671 5659 ταχέως
701 5587 934 5647 πάντως.
988 5584 1097 5638 Nos
1151 5583 1478 5659 particulam
1509 5584 1600 5635 καί
1638 5584 1887 5659 θᾱριιιιτὶ-

322 5677 467 5719 llltlS,
497 5652 659 5729 quam
691 5658 960 5729 sententia
992 5652 1327 5729 postulabat:
1358 5652 1435 5729 uti
1474 5654 1758 5723 sequentia
1779 5655 1887 5729 μύε-

323 5722 556 5783 clarant.
597 5727 869 5781 Duoenim
899 5725 1136 5779 cavenda
1170 5723 1435 5793 praecipit,
1462 5739 1529 5778 tte
1558 5732 1649 5776 aut
1673 5722 1886 5778 tardius

323 5815 386 5851 ea
413 5800 616 5867 mittat,
657 5808 749 5853 aut
783 5800 885 5867 per
913 5811 1036 5853 eum
1078 5796 1280 5862 mittat,
1304 5793 1398 5865 qui
1428 5794 1651 5849 minime
1678 5793 1750 5848 sit
1788 5796 1884 5847 da-

327 5875 505 5926 turus.

2064 5514 2174 5584 (78)
2205 5504 2713 5584 [LXXXVIIIlfl‘dr
2731 5500 2847 5584 μὲν
2882 5496 3201 5552 Ὀδυσσέα.

1986 5564 2178 5647 rat-ad
2208 5564 2954 5651 LSynesiumJllerculianus,
2988 5585 3155 5637 seque
3188 5582 3310 5619 cum
3347 5564 3558 5634 υιςεεμ,

1990 5672 2112 5708 cum
2136 5650 2330 5706 Proteo
2354 5650 2644 5715 Synesium
2678 5652 3110 5715 comparaverat.
3195 5705 3205 5715 υ
3355 5702 3365 5711 .
3415 5709 3427 5715 Δ

2063 5702 2328 5795 (illd-ﬁt?
2367 5702 2983 5795 ();1U}té0t_01:'%d}tnta.
3031 5705 3304 5775 Paconium
3355 5702 3530 5758 inteili

1989 5782 2082 5867 git:
2124 5782 2254 5849 Vide
2274 5782 2489 5861 opuscf
2505 5785 2642 5854 Περὶ
2667 5782 2877 5852 δώρου.
