4002 6244
503 408 643 464 1555

1553 404 1850 476 SYNESII,
1891 401 2356 461 PTOLEMMDIS
2411 403 2718 461 EPISCOPI

3603 406 3746 464 1536

499 523 618 579 Etsi
651 537 792 593 apud
823 538 908 578 me
941 537 1071 578 sane
1100 522 1155 577 in
1186 523 1391 578 honore
1419 522 1510 579 ille
1536 534 1642 587 est,
1670 537 1907 593 eumque
1941 537 2060 592 per-

2165 521 2287 591 ἐμοὶ
2326 518 2501 592 τίμιος
2538 522 2566 573 ὁ
2604 522 2742 593 ἀνὴρ
2786 521 2882 576 καὶ
2922 522 3124 587 παντὸς
3169 522 3340 590 ἄξιος,
3385 523 3446 588 ὃς
3491 525 3744 580 παιδείαν

499 615 679 684 magni
719 614 881 677 facio,
911 615 1004 686 qui
1036 615 1342 670 doctrinam
1379 623 1541 686 atque
1597 615 1844 669 militiam
1881 614 2072 685 ingen-

499 706 646 760 tibus
695 706 864 775 septis
921 721 952 758 a
1005 721 1067 760 se
1125 705 1354 761 invicem
1418 707 1693 762 disclusas
1751 707 1962 776 primus
2013 704 2067 758 in

500 813 670 852 unum
700 796 952 861 adduxit;
978 796 1258 866 antiquam
1282 798 1335 850 in
1365 797 1620 867 utrisque
1648 795 1847 852 studiis
1880 812 2072 865 quant-

497 889 624 944 dam
677 888 1132 944 necessitudinem
1163 890 1450 945 inveniens
1479 907 1492 943 :
1525 904 1762 959 cumque
1815 888 2067 960 magniﬁ-

500 982 679 1034 centia
729 988 878 1034 tanta
921 981 1181 1050 praeditus
1228 983 1318 1048 sit,
1357 991 1559 1051 quanta
1615 997 1774 1037 nemo
1823 997 2063 1052 unquam

499 1073 756 1128 militaris
788 1073 970 1139 homo,
1005 1076 1055 1128 in
1081 1074 1500 1144 magniﬁcentia:
1547 1075 1789 1130 conﬁnio
1831 1075 2063 1145 positam

497 1165 866 1235 arrogantiam
890 1165 1113 1220 devitat.
1144 1165 1327 1221 Talem
1369 1168 1532 1237 igitur
1565 1169 1764 1231 virum,
1795 1169 1894 1224 etsi
1925 1168 2062 1223 nihil

499 1256 757 1317 scribam,
786 1257 979 1326 diligo;
999 1261 1104 1313 etsi
1137 1259 1459 1328 obsequium
1495 1260 1702 1314 nullum
1731 1260 2064 1331 impendam,

500 1348 705 1406 honore
730 1365 1061 1421 prosequor.

897 1442 1064 1514 279
1092 1441 1424 1497 EPiS'l‘OLA
1458 1443 1669 1500 CXLll.

1175 1534 1358 1589 Eidem
1369 1576 1383 1589 .

570 1623 790 1680 Minime
824 1640 956 1680 vero
1022 1633 1106 1693 tu,
1162 1627 1509 1692 charissime,
1549 1629 1877 1698 promissam
1930 1628 2064 1684 mihi

500 1716 657 1771 ﬁdem
715 1717 962 1783 exhibes,
1003 1727 1054 1773 te
1101 1734 1223 1788 qua:
1257 1720 1583 1774 occultanda
1617 1729 1824 1781 essent,
1856 1722 2063 1777 nemini

495 1825 736 1878 unquam
781 1825 906 1864 esse
958 1811 1514 1865 communicaturum.
1547 1811 1679 1866 Nam
1706 1828 1806 1883 ego
1827 1815 2064 1869 nonnul-

498 1901 577 1954 los
601 1902 698 1955 abs
719 1912 769 1954 te
787 1900 1062 1971 profectos
1080 1901 1285 1965 audivi,
1308 1903 1399 1970 qui
1423 1903 1809 1980 aliquotverba
1831 1921 2061 1964 comme-

496 2001 791 2056 morantes,
833 2008 1054 2048 sensum
1085 2009 1273 2048 eorum
1308 1995 1414 2050 sibi
1435 2011 1463 2048 a
1493 2013 1578 2051 me
1599 1998 1839 2066 patelieri
1873 2006 2062 2070 postu-

497 2079 697 2133 labant.
726 2078 837 2134 Nos
859 2088 1062 2143 autem,
1093 2098 1247 2138 more
1276 2092 1490 2148 nostro,
1521 2101 1695 2156 neque
1728 2089 2061 2147 monimenta

494 2171 652 2224 nobis
676 2171 776 2226 ista
824 2172 1236 2238 vindicavimus,
1274 2193 1453 2246 neque
1481 2193 1543 2232 ca
1590 2194 1922 2250 cognoscere
1959 2199 2062 2240 nos

492 2259 746 2315 diximus.
770 2260 919 2332 Opus
947 2264 1130 2334 itaque
1177 2265 1249 2320 ibi
1284 2268 1399 2336 jam
1451 2284 1559 2323 non
1601 2281 1791 2327 nostra
1820 2289 2064 2332 commo-

491 2349 699 2406 nitione
726 2361 844 2420 est;
876 2354 1056 2409 minor
1110 2365 1195 2410 est
1224 2357 1389 2424 enim,
1431 2373 1595 2429 quam
1647 2368 1704 2414 ut
1734 2365 2064 2433 persuadere

491 2440 590 2494 tibi
617 2443 821 2510 possit;
853 2444 951 2499 sed
996 2443 1212 2516 Lysidis
1239 2446 1564 2520 Pythagorei
1593 2451 1662 2507 ad
1692 2452 2061 2525 Hipparchum

490 2532 777 2601 epistolam
807 2551 1030 2606 quare;
1066 2553 1230 2608 quam
1265 2541 1443 2595 sicubi
1469 2543 1763 2611 inveneris,
1789 2548 1892 2603 hoc
1929 2551 2063 2606 mihi

489 2627 822 2693 gratiﬁcare,
859 2639 918 2683 ut
968 2646 1088 2686 eam
1137 2633 1337 2702 saepius
1375 2636 1606 2706 relegas.
1648 2637 1904 2696 Fortasse
1950 2658 2063 2698 non

493 2717 682 2801 leviter
705 2729 756 2775 te
790 2736 1075 2792 perperam
1106 2723 1212 2780 ista
1242 2727 1527 2797 evulgasse
1553 2731 1836 2800 pt'eniteat.
1857 2733 2064 2791 Etenim

489 2809 546 2862 in
593 2812 774 2880 uulgus
805 2813 1167 2884 philosophari
1191 2817 1288 2886 (ita
1344 2820 1436 2874 ille
1468 2819 1664 2877 Dorice
1707 2824 1934 2895 loquens
1965 2831 2062 2899 ait)

491 2915 738 2969 magnum
769 2903 819 2954 in
853 2903 1124 2959 hominum
1171 2925 1332 2978 genus
1369 2919 1719 2980 contemptum
1763 2917 2064 2974 divinarum

489 3005 666 3043 rerum
690 2992 904 3048 invexit.
942 2993 1074 3050 Nam
1111 3013 1211 3068 ego
1260 3015 1386 3054 cum
1423 3003 1700 3073 plerisque
1726 3010 1931 3064 versari
1958 3025 2066 3066 me-

490 3080 625 3134 mini
670 3096 779 3136 non
811 3084 972 3138 modo
1001 3086 1236 3155 pridem,
1278 3090 1374 3143 sed
1408 3099 1462 3144 et
1502 3107 1696 3162 nuper,
1725 3095 2060 3166 hominibus,

2173 615 2266 668 καὶ
2319 614 2602 684 στρατείαν
2643 614 3141 685 διατετειχισμένας
3193 614 3435 686 θριγγοῖς
3482 617 3743 687 μεγάλοις

2170 704 2280 757 τῶν
2307 705 2390 774 ἐφ’
2411 707 2544 776 ήμῖν
2572 706 2732 778 μόνος
2761 707 2839 771 είς
2866 707 3059 760 ταυτὸν
3083 705 3256 777 ήγαγε
3280 706 3391 778 [γρ.
3418 708 3738 778 συνήγαγεῘ,

2172 795 2409 849 παλαιάν
2438 813 2562 850 τινα
2593 796 2829 868 ἐξευρὼν
2865 799 2923 850 ἐν
2951 801 3062 860 τοῖς
3099 799 3489 868 ἐπιτηδεύμασι
3524 800 3739 863 τούτοις

2173 888 2510 957 συγγένειαν.
2547 889 2916 962 Μεγαλόφρων
2941 891 2998 944 δὲ
3023 889 3118 953 ὣν,
3151 891 3223 955 ώς
3259 891 3432 956 οὐδείς
3457 909 3544 946 πω
3575 910 3740 964 στρα-

2166 982 2386 1050 τιώτης,
2414 982 2480 1034 ἐκ
2504 981 2760 1049 γειτόνων
2793 983 2892 1053 τῆς
2939 982 3410 1055 μεγαλοφροσύνης
3446 984 3742 1054 παροικοῦ-

2167 1089 2268 1126 σαν
2300 1073 2399 1144 τὴν
2427 1073 2740 1136 ἀλαζονείαν
2765 1074 3044 1144 ἐκφεύγει.
3080 1073 3183 1127 Τδν
3208 1071 3301 1129 οὖν
3336 1074 3601 1140 τοιοῦτον,
3633 1076 3740 1130 κάν

2169 1167 2244 1236 μὴ
2270 1165 2486 1236 γράφω,
2515 1167 2652 1237 φιλῶ
2674 1183 2688 1198 ο
2718 1165 2819 1219 κᾶν
2849 1167 2923 1238 μὴ
2950 1165 3256 1236 θεραπεύω,
3285 1167 3450 1238 τιμῶ.

2653 1433 3003 1490 ΕΠΙΣΤΟΔΗ
3061 1434 3239 1489 PMB'.

2793 1525 2884 1591 Τῷ
2921 1523 3099 1590 αὐτῷ.

2237 1615 2351 1671 Οὐκ
2377 1615 2631 1687 ἐμπεδοϊς
2659 1614 2728 1668 τὰ
2753 1613 3148 1684 ὡμολογημένα
3185 1611 3322 1684 πρὸς
3361 1611 3527 1682 ἡμᾶς,
3571 1607 3618 1665 ὧ
3657 1631 3740 1681 rp:-

2162 1709 2343 1778 λότης,
2375 1708 2450 1780 μὴ
2479 1707 2722 1761 ἔκπυστα
2761 1704 2876 1777 [γρ.
2909 1705 3148 1773 φιλότης,
3182 1703 3264 1758 ἐκ.
3310 1702 3415 1774 π.]
3459 1706 3638 1756 ποιεῖν
3667 1703 3738 1754 τὰ

2163 1795 2288 1860 ἀξια
2317 1793 2675 1864 κρύπτεσθαι.
2727 1793 2816 1856 Ὠς
2849 1791 2957 1862 ἐγώ
2984 1809 3144 1846 τινων
3172 1793 3376 1862 ἥκουσα
3399 1792 3510 1845 τῶν
3537 1793 3737 1860 ἀφικο-

2167 1887 2343 1958 μένων
2370 1885 2482 1958 [τρ.
2511 1883 2948 1955 ἀφικνουμένων]
2978 1883 3128 1954 παρὰ
3160 1883 3275 1947 σοῦ,
3313 1883 3363 1936 οἳ
3405 1884 3500 1935 καὶ
3533 1883 3739 1949 λέξεων

2162 1979 2319 2032 ἐνίων
2361 1976 2717 2048 μεμνημένοι,
2749 1975 2846 2046 τήν
2888 1974 3126 2030 διάνοιαν
3171 1974 3332 2045 ᾔτουν
3371 1975 3558 2037 αὐτοῖς
3603 1975 3736 2044 παρ’

2162 2070 2318 2140 ἡμῶν
2369 2065 2863 2123 ἀνακαλύπτεσθαι.
2926 2065 3064 2118 Ἀλλ’
3118 2066 3276 2136 ήμεῖς
3325 2064 3416 2118 τὸν
3465 2067 3738 2136 ἡμέτερον

2160 2159 2382 2231 τρόπον,
2436 2159 2530 2213 καὶ
2575 2158 2712 2231 πρὸς
2745 2157 2942 2221 αὐτοὺς
2979 2157 3103 2211 οὔτε
3154 2157 3599 2228 μετεποιήθημεν
3629 2157 3736 2210 τῶν

2164 2251 2630 2324 συγγραμμάτων,
2661 2248 2774 2302 οὔτ’
2807 2247 3189 2318 ἐπιγινώσκειν
3216 2248 3355 2301 αὐτὰ
3383 2247 3619 2318 ἔφαμεν.
3649 2248 3738 2300 Δεῖ

2160 2347 2223 2418 δή
2270 2363 2354 2399 σοι
2397 2343 2678 2406 νουθεσίας
2706 2340 2882 2396 οὐκέθ’
2915 2342 3208 2412 ἡμετέρας,
3244 2333 3290 2395 ὦ
3317 2340 3445 2411 φίλη
3482 2341 3735 2410 tumuli)"

2167 2437 2339 2508 μικρά
2363 2436 2494 2508 γὰρ,
2532 2434 2567 2506 ἢ
2609 2435 2751 2488 ὥστε
2795 2451 2856 2487 σε
2885 2433 3113 2487 πείθειψ
3146 2433 3246 2504 τὴν
3273 2433 3329 2485 δὲ
3363 2431 3598 2496 Λύσιδος
3642 2431 3738 2486 τοῦ

2165 2527 2535 2598 Πυθαγορείου
2572 2526 2707 2599 πρὸς
2739 2527 3045 2597 Ἵππαρχον
3063 2524 3349 2594 ἐπιστολήν
3377 2522 3736 2594 ἐπιζήτησον,

2165 2622 2265 2674 κάν
2297 2637 2401 2674 που
2436 2617 2754 2692 περιτύχῃς,
2783 2618 2906 2689 ἐμοὶ
2934 2618 3155 2688 χάρισαι
3180 2616 3243 2669 τὸ
3282 2615 3533 2669 πολλάκις
3573 2615 3736 2668 ἐπελ-

2165 2715 2295 2770 θεῖν.
2331 2716 2464 2786 Τάχ’
2508 2715 2574 2768 ἂν
2619 2713 2818 2784 ίσχυρά
2860 2728 2942 2765 σοι
2991 2710 3199 2778 γένοιτο
3235 2709 3497 2780 μετάνοια
3536 2710 3641 2780 τῆς
3677 2710 3736 2763 οὐ

2162 2809 2386 2880 δεούσης
2443 2808 2774 2878 ἐκφάνσεως.
2827 2804 2898 2858 Τὸ
2935 2802 3044 2875 γὰρ
3088 2803 3346 2873 δαμοσίᾳ
3393 2804 3740 2872 φιλοσοφέν

2165 2901 2342 2972 (οὕτω
2373 2901 2483 2972 γάρ
2505 2917 2621 2963 πως
2646 2899 2676 2952 ὁ
2698 2897 2866 2962 Λύσις
2897 2896 3232 2968 ὑποδωρίσας
3254 2895 3445 2966 λέγει’)
3469 2896 3739 2965 μεγάλης

2163 2999 2250 3061 είς
2278 2993 2626 3063 ἀνθρώπους
2659 2987 2806 3060 ἦρξε
2842 2989 2960 3044 τῶν
3000 2989 3172 3044 θείων
3208 2990 3734 3057 καταφρονήσεως.

2177 3087 2327 3141 Ἐπεί
2348 3103 2432 3140 τοι
2463 3082 2804 3154 συγγεγονὼς
2832 3079 2942 3151 ἐγώ
2971 3098 3110 3135 τισιν
3131 3075 3266 3145 οἴδα,
3295 3081 3386 3133 καὶ
3414 3079 3584 3133 πάλαι
3617 3081 3734 3150 μὲν,

489 3168 582 3237 qui
615 3169 762 3238 quod
799 3178 1009 3228 temere
1051 3177 1398 3246 augustiores
1423 3180 1633 3252 aliquot
1659 3187 1879 3244 voculas
1905 3189 2060 3245 audi-

2164 3183 2304 3253 ἀτὰρ
2335 3198 2418 3234 τοι
2452 3179 2546 3234 καὶ
2572 3177 2820 3248 ἔναγχος,
2846 3175 3170 3248 ἀνθρώποις,
3192 3175 3241 3228 οἳ
3274 3174 3363 3228 διὰ
3390 3174 3450 3228 τὸ
3486 3175 3740 3246 προάλως

487 3269 702 3326 verant,
734 3264 838 3319 sibi
856 3265 993 3337 ipsis
1017 3283 1125 3323 non
1152 3271 1458 3341 crederent,
1477 3290 1558 3340 se,
1581 3276 1660 3332 uti
1680 3278 1858 3350 reipsa
1879 3289 2056 3351 erant,

488 3354 729 3424 plebeios
753 3366 807 3413 et
833 3358 1114 3428 imperitos
1139 3376 1284 3426 esse;
1303 3379 1367 3419 ac
1391 3351 1650 3437 superbia
1673 3369 1844 3426 inﬂati
1870 3373 2056 3431 divina

487 3447 740 3518 dogmata
768 3462 1203 3522 corrumperent,
1229 3456 1350 3524 ejus
1383 3459 1463 3513 rei
1491 3462 1867 3532 magisterium
1897 3483 2059 3524 usur-

488 3539 692 3610 pando,
723 3541 885 3612 cujus
921 3559 1197 3614 nunquam
1230 3557 1387 3602 erant
1416 3551 1721 3608 rudimenta
1752 3561 2054 3616 consecuti.

487 3630 668 3700 Atque
707 3633 871 3689 iidem
906 3643 1087 3691 tamen
1127 3647 1239 3694 tres
1282 3650 1586 3709 quatuorve
1622 3645 1903 3703 auditores
1951 3651 2056 3706 sibi

489 3724 934 3793 conciliaverant,
959 3728 1077 3798 qui,
1117 3732 1263 3800 quod
1302 3733 1368 3789 ad
1403 3735 1644 3790 animum
1669 3739 1880 3807 attinet,
1911 3743 2059 3798 nulla

490 3814 545 3870 in
576 3831 634 3872 re
665 3816 734 3872 ab
755 3819 1021 3889 operariis
1046 3818 1356 3890 diﬁerrcnt;
1383 3841 1485 3881 nec
1509 3842 1698 3884 eorum
1723 3831 1891 3902 aliqui
1924 3833 2060 3890 Iibe-

489 3906 694 3963 ralibus
711 3920 871 3965 erant
900 3927 1137 3982 unquam
1161 3913 1470 3985 disciplinis
1492 3920 1716 3975 exculti.
1735 3920 1869 3978 Mira
1889 3925 2058 3993 enim,

487 4012 553 4052 ac
589 3999 818 4054 subdola
851 4001 1099 4071 quaedam
1141 4018 1229 4060 res
1258 4015 1341 4060 est
1377 4021 1515 4062 vana
1551 4009 1619 4064 de
1653 4025 1752 4065 sua
1791 4014 2060 4085 sapientia

488 4090 796 4159 persuasio,
830 4107 951 4161 qua:
985 4093 1128 4148 inter
1155 4095 1442 4165 imperitos
1487 4098 1624 4154 nihil
1652 4115 1890 4169 recusat,
1923 4105 2060 4161 nihil

489 4197 597 4236 non
630 4182 1034 4241 inconsiderate
1062 4187 1309 4258 suscipit.
1343 4189 1487 4256 Quid
1515 4191 1660 4246 enim
1694 4193 1912 4250 inscitia
1939 4212 2064 4254 esse

487 4274 664 4344 possit
681 4275 978 4331 audacius?
1000 4275 1055 4332 In
1081 4277 1133 4333 id
1161 4294 1264 4350 ego
1286 4295 1456 4350 genus
1485 4286 1855 4355 arrogantium
1879 4287 2060 4344 homi-

488 4383 642 4433 num,
670 4379 926 4439 tanquam
961 4369 1116 4426 fucos
1137 4374 1427 4442 quosdam,
1459 4375 1731 4442 incidens,
1757 4380 1849 4450 qui
1886 4397 2064 4453 neque

484 4457 770 4514 doctrinas
817 4461 1076 4525 calleant,
1108 4479 1287 4535 neque
1317 4472 1748 4538 concupiscant;
1783 4474 2058 4528 nationem

2158 3271 2453 3343 ἀκηκοέναι
2477 3270 2758 3341 ῥηματίων
2780 3267 3136 3340 σεμνοτέρων,
3166 3267 3478 3338 ἠπίστησαν
3499 3267 3736 3328 ἑαυτοῖς.

2157 3365 2293 3436 ὅπερ
2321 3357 2483 3434 ἦσαν,
2518 3359 2754 3424 ἰδιώταις
2785 3356 2944 3423 εἶναι,
2977 3358 3071 3412 καὶ
3099 3358 3276 3430 φύσης
3305 3357 3736 3429 ἐμπλησθέντες,

2159 3455 2422 3526 ἐμόλυναν
2459 3453 2722 3507 θεσπέσια
2753 3451 2997 3523 δόγματα
3024 3493 3040 3519 ,
3083 3451 3438 3522 μεταποιήσει
3482 3448 3740 3503 διδασκα-

2159 3546 2278 3610 λίας
2309 3586 2325 3611 ,
2365 3539 2442 3600 ὧν
2478 3545 2578 3599 οὐκ
2607 3544 2928 3616 ,εὐτύχησαν
2967 3541 3222 3614 μάθησιν.
3259 3541 3370 3595 Καὶ
3412 3541 3612 3612 μέντοι
3646 3546 3741 3596 καὶ

2159 3639 2284 3700 τοὺς
2316 3635 2761 3707 θαυμασομένους
2801 3637 2949 3709 τρεῖς
2973 3651 3147 3698 τινας,
3191 3632 3224 3705 ἢ
3260 3633 3547 3705 τέτταρας,
3583 3634 3740 3687 οὐδὲν

2161 3730 2484 3793 ἀποδέοντας
2537 3727 2851 3804 βαναύσους.
2886 3723 3056 3793 εἶναι,
3113 3725 3175 3780 τό
3229 3743 3293 3795 γε
3340 3727 3482 3780 κατά
3532 3727 3736 3796 ψυχὰς,

2159 3823 2554 3894 ἀνηρτήσαντο,
2593 3821 2727 3892 μηδέ
2769 3819 2856 3874 διὰ
2886 3820 2996 3874 τῶν
3028 3819 3521 3891 πρπαιδευμάτων
3558 3819 3738 3882 ἐνίους

2160 3915 2452 3985 ἠγμένους.
2491 3912 2670 3965 Δεινὸν
2715 3909 2826 3982 γὰρ
2864 3911 2898 3981 ἠ
2935 3908 3238 3978 δοξοσοφία,
3288 3908 3383 3961 καὶ⁸
3429 3907 3735 3977 ἀπατηλὸν,

2161 4008 2218 4060 ἐν
2248 4006 2348 4060 οὐκ
2380 4004 2576 4058 εἰδόσιν
2617 4001 2772 4056 οὐδὲν
2805 3999 3161 4071 ἀναδυομένη,
3202 4000 3298 4052 καὶ
3328 3999 3504 4052 πάντα
3542 4000 3738 4069 ἀπερι-

2163 4101 2412 4162 σκέπτως
2442 4095 2715 4168 τολμῶσα.
2750 4093 2814 4146 Τί
2846 4093 2954 4162 γὰρ
2987 4091 3054 4147 ἂν
3085 4091 3328 4163 ἀμαθίας
3361 4091 3568 4159 γένοιτο
3600 4091 3738 4162 θαρ-

2164 4191 2526 4265 ραλεώτερονς
2571 4186 2846 4250 Τοιούτοις
2890 4183 3195 4257 ἀνθρώποις
3236 4179 3456 4249 ἀλαζόσι
3509 4201 3738 4253 περιτυ-

2162 4282 2271 4354 χὼν
2288 4281 2548 4354 κηφῆσιν,
2577 4276 2700 4333 οὔτε
2727 4277 3008 4332 ἐπαΐουσιν
3036 4276 3228 4346 λόγων.
3257 4274 3380 4330 οὔτε
3405 4276 3736 4346 ἐφιεμένοις,

2164 4377 2402 4447 μισήσας
2444 4373 2505 4427 τὸ
2538 4371 2730 4442 φῦλον,
2762 4371 2860 4442 οὐχ
2903 4370 3099 4441 ἑτέραν
3144 4369 3324 4423 αίτίαν
3363 4367 3601 4438 εὑρίσκω
3635 4367 3738 4436 τῆς

2161 4467 2366 4538 τροφῆς
2395 4464 2594 4527 αὐτῶν,
2629 4463 2662 4533 ἢ
2696 4463 2758 4516 τὸ
2786 4462 3105 4530 ἀναγώγως,
3139 4461 3230 4514 καὶ
3256 4460 3362 4532 πρὸ
3387 4459 3538 4530 ὥρας
3568 4458 3738 4527 ἡξιῶ-

499 4551 659 4604 istam
697 4567 948 4620 perosus,
971 4569 1082 4609 non
1117 4553 1276 4610 aliam
1308 4557 1650 4616 educationis
1682 4561 1899 4618 illorum
1928 4579 2057 4620 cau-

2164 4560 2285 4612 σθαι
2323 4557 2421 4629 τὴν
2452 4557 2646 4628 ἀρχὴν,
2674 4557 2806 4618 ἴσως
2835 4554 2924 4622 ὑφ’
2951 4553 3149 4622 ἐτέρων
3180 4551 3400 4622 ὁμοίων,
3423 4551 3498 4612 ὡς
3529 4545 3644 4603 οἷόν
3675 4567 3736 4601 τε

487 4657 603 4696 sam
638 4642 874 4708 invenio,
903 4662 1068 4716 quam
1098 4648 1245 4717 quod
1271 4648 1472 4721 inepte,
1504 4660 1668 4724 atque
1693 4663 1819 4709 ante
1846 4663 2060 4727 tempus

489 4731 645 4788 initio
672 4733 905 4792 fortasse
928 4747 1057 4792 sunt
1080 4739 1149 4794 ab
1179 4745 1262 4797 sui
1298 4742 1570 4800 similibus
1591 4744 1659 4799 ad
1688 4747 2058 4816 exquisitissi-

489 4839 700 4878 marum
726 4841 905 4880 rerum
927 4827 1263 4886 auditionem
1288 4830 1535 4888 admissi.
1565 4831 1647 4888 Ob
1676 4833 1790 4888 haec
1818 4835 2062 4904 philoso-

489 4917 628 4990 phia:
648 4934 930 4975 sacrorum
951 4931 1138 4979 custos
1160 4934 1224 4979 et'
1243 4925 1359 4995 ipse
1389 4926 1702 4998 diligentior
1723 4943 1869 4992 sum,
1897 4937 1951 4982 et
1983 4930 2058 4984 uti

486 5029 610 5069 esse
636 5014 788 5079 velis,
814 5015 976 5076 etiam
1007 5025 1167 5087 atque
1196 5019 1360 5073 etiam
1346 5035 1537 5106 Jogo.
1574 5021 1728 5086 Quod
1755 5021 1900 5076 enim
1921 5021 2059 5077 Her-

488 5105 705 5160 culiano
728 5105 829 5162 ista
846 5121 1089 5178 congrua
1106 5108 1236 5173 sint,
1253 5105 1422 5178 probe
1441 5111 1578 5165 scio.
1601 5110 1677 5166 Te
1696 5119 1875 5167 autem
1895 5127 2056 5182 opor-

490 5203 588 5259 tet,
629 5196 678 5252 si
710 5197 775 5251 ad
810 5198 1209 5270 philosophiam
1247 5202 1466 5257 sincere
1497 5203 1821 5268 accesseris,
1863 5219 2053 5260 eorum

490 5287 766 5342 consortia
809 5288 1081 5356 devitarc,
1112 5291 1207 5360 qui
1262 5290 1333 5345 ab
1380 5305 1444 5346 ea
1495 5299 1626 5347 sunt
1656 5292 1840 5360 alieni,
1893 5295 2058 5367 280

489 5381 691 5450 quique
722 5379 860 5437 falsa
891 5381 1244 5452 usurpatione
1271 5397 1540 5437 summam
1571 5383 1717 5440 illius
1741 5383 2056 5456 dignitatem

491 5472 850 5528 adulterando
903 5482 1281 5540 corrumpunt.
1332 5473 1437 5530 Per
1478 5475 1732 5530 amicitia:
1773 5477 2054 5546 praesidem

491 5562 662 5619 Deum
703 5564 968 5628 obtestor,
999 5580 1067 5618 ne
1097 5564 1151 5618 in
1197 5565 1318 5622 illos
1342 5567 1483 5621 hanc
1523 5568 1807 5638 epistolam
1839 5568 2053 5626 eﬁ'cras.

2160 4650 2464 4703 πολυτελῶν
2499 4648 2610 4720 (80)
2650 4647 2985 4717 ἀκροάσεων.
3032 4643 3218 4698 Ταῦτά
3256 4659 3338 4697 τοι
3382 4642 3476 4696 καὶ
3511 4659 3736 4712 προμη-

2159 4740 2410 4811 θέστερος
2434 4737 2604 4809 φύλαξ
2631 4738 2788 4799 αὑτός
2811 4736 2871 4789 τέ
2903 4738 3050 4805 εἰμι,
3081 4733 3174 4787 καί
3206 4749 3263 4786 σε
3295 4731 3590 4803 παρακαλῶ
3624 4731 3738 4785 τῶν

2159 4828 2472 4900 φιλοσοφίας
2499 4828 2696 4900 ὀργίων
2733 4824 2890 4882 εἶναι.
2922 4828 3041 4880 Ὅτι
3083 4827 3180 4897 μὲν
3212 4825 3320 4894 γὰρ
3358 4823 3735 4894 Ἐρκουλιανῷ

2161 4928 2438 4997 πρέποντα
2460 4923 2654 4985 ταῦτα.
2678 4921 2788 4992 ἐγὼ
2809 4922 3080 4992 γινώσκω·
3108 4921 3190 4974 δεῖ
3213 4919 3270 4972 δέ
3297 4935 3378 4983 σε,
3405 4920 3562 4986 εἴπερ
3588 4918 3733 4987 αὐτῇ

2163 5018 2451 5090 φιλοσοφίᾳ
2478 5016 2710 5088 γνησίως
2737 5013 3162 5086 προσελήλυθας,
3193 5011 3520 5081 ἀφίστασθαι
3545 5027 3734 5062 κοινωο

2163 5111 2280 5174 νίας
2308 5111 2406 5180 τῆς
2437 5110 2570 5181 πρὸς
2592 5109 2716 5170 τοὺς
2745 5107 3119 5179 ἀποστρόφους
3147 5105 3334 5174 αὐτῆς,
3365 5103 3460 5156 καὶ
3481 5101 3736 5154 νοθεύον-

2159 5221 2256 5266 τας
2290 5206 2356 5274 τῇ
2399 5201 2752 5274 μεταποιήσει
2784 5199 2844 5253 τὸ
2876 5199 3217 5270 ὑπέρσεμνον
3250 5196 3437 5266 αὐτῆς.
3495 5193 3598 5247 Τὸν
3636 5193 3732 5260 ἐφ·

2159 5296 2282 5366 ορόν
2321 5311 2403 5360 σοι
2448 5293 2630 5362 φιλίας
2657 5292 2810 5352 Θεὸν.
2833 5290 2906 5362 μὴ
2944 5289 3234 5359 ἐξενέγκῃς
3270 5286 3406 5357 πρός
3441 5301 3593 5347 τινας
3629 5284 3736 5351 τὴν

2161 5383 2464 5454 ἐπιστολήν.
2496 5382 2560 5436 Et
2587 5383 2694 5453 γὰρ
2722 5384 2995 5453 ποιήσαις,
3023 5381 3072 5434 οἱ
3096 5380 3195 5450 τῆς
3225 5377 3422 5440 κακίας
3449 5375 3738 5446 χαρακτῆ-

2163 5493 2255 5546 ρες
2291 5476 2471 5540 ἐξουσι
2508 5475 2879 5546 λυπουμένους
2920 5474 3045 5536 τοὺς
3079 5469 3547 5541 ἐπιγινώσκοντας
3596 5465 3738 5536 παρ’

2161 5569 2394 5632 ἑαυτοῖς,
2429 5567 2462 5639 ἢ
2495 5568 2608 5632 τοῖς
2638 5564 2815 5621 αὐτῶν
2844 5563 3016 5635 φίλοις
3056 5564 3123 5617 τά
3160 5561 3421 5634 εἰρημένα
3460 5557 3737 5633 σύμϐολα.

1679 5725 1853 5782 DION.
1878 5725 2154 5786 PETAVII
2191 5725 2424 5787 NOTE.

570 5847 682 5921 (80)
719 5849 812 5918 Ὠς
839 5845 966 5904 οἷόν
1006 5867 1067 5904 τε
1093 5851 1462 5908 πολυτελῶν.
1490 5852 1654 5914 Forte
1684 5856 1908 5912 οἴονται.
