4014 6244
283 275 305 328 1
318 273 418 326 537

1440 270 1828 331 EPISTOLE.
1859 301 1930 313 —
1958 267 2178 326 EPIST.
2211 267 2444 326 CXLI“.

3399 273 3538 328 1558

276 391 352 444 Τὸ
382 392 438 445 δὲ
478 391 668 453 λυπεῖν
699 392 812 448 ἔστι
845 395 944 466 μὲν
980 395 1071 450 ὅτε
1116 395 1306 466 ἀρῤεν,
1342 397 1437 450 καὶ
1477 413 1615 467 προς
1651 395 1847 468 τρόπου

1959 391 2016 447 Si
2039 391 2186 448 cnim
2240 390 2387 448 istud
2416 389 2638 455 feceris.
2672 405 2949 462 expressa!
2989 389 3115 446 ista
3147 390 3410 462 nequitiac
3444 394 3542 446 de-

277 483 616 554 φιλοσοφίας,
653 487 782 540 ὃταν
815 488 950 558 πρὸς
982 488 1251 557 παρόντας
1276 504 1291 518 ·
1321 486 1382 542 τδ
1405 487 1464 541 δὲ
1495 488 1589 541 καὶ
1617 487 1852 558 γράφειν

276 574 407 644 περὶ
462 573 690 640 τούτων,
753 577 1128 648 μικροπρεπὲς
1177 577 1344 634 δοκεῖ.
1407 577 1546 631 Ἀλλ’
1595 578 1736 648 ἅπερ
1787 577 1854 631 ἂν

276 665 530 730 Συνέσιος
559 668 695 739 πρὸς
723 669 883 722 αὑτὸν
916 668 1243 740 διαλεχθείη,
1266 668 1437 724 ταῦτα
1470 671 1563 723 καὶ
1596 669 1732 740 πρὸς
1755 669 1854 742 τὴν

273 758 462 827 τιμίαν
500 758 593 812 σοῦ
634 761 873 832 κεφαλὴν
905 760 1234 827 διαλέγεται.
1269 761 1362 816 τοῦ
1403 763 1563 833 μόνου
1600 763 1778 831 φίλου,
1815 760 1851 832 ἢ

279 848 421 916 μετά
469 847 613 902 δυοῖν
660 851 892 921 μάλιστα
940 851 1094 921 φίλου
1123 868 1136 881 ·
1173 853 1250 916 ὡς
1293 853 1416 924 ιμοί
1465 870 1529 922 γε
1567 853 1721 917 ἐκτὸς
1756 853 1872 924 τῆς·

273 939 526 1011 τριττύος
557 942 732 1012 ὑμῶν,
753 943 903 996 οὐδέν
926 945 1072 996 ἐστιν
1100 943 1438 1016 ἀνθρώπινον
1453 946 1648 1016 τίμιον.
1680 947 1854 1017 Προσ-

275 1035 531 1105 κείμενος
565 1035 622 1088 δὲ
681 1035 776 1089 καὶ
818 1035 1000 1099 αὐτὸς,
1041 1036 1181 1104 τάχα
1218 1037 1522 1108 συμπληρῶ
1551 1038 1854 1109 τετρακτὺν

281 1129 440 1197 ἱερᾶς
475 1129 676 1197 φιλίας.
723 1127 860 1181 ’Δλλ⁹
891 1127 1242 1199 εὑφημείσθω
1274 1130 1373 1201 τῆς
1405 1130 1464 1183 ὲν
1491 1130 1686 1201 ἀρχαῖς
1717 1131 1856 1199 ὁμω-

272 1222 450 1293 νύμου
495 1222 892 1294 τετρακτύοςή
941 1223 1120 1290 φύσις.
1171 1223 1260 1277 Ἐν
1308 1221 1385 1293 τῷ
1434 1222 1697 1294 τετραδίῳ
1743 1221 1853 1275 τῶν

276 1313 545 1383 ἰαμϐείων
571 1314 682 1381 (81)
711 1304 867 1382 εὖρον
896 1313 988 1365 ἐπὶ
1025 1312 1213 1375 τέλους
1245 1311 1370 1374 τοὺς
1403 1310 1608 1364 δώδεκα
1639 1309 1854 1380 στίχους

269 1404 590 1474 γραφέντας
646 1403 782 1473 ἅμα,
821 1403 896 1466 ὡς
939 1402 996 1454 ἓν
1047 1401 1108 1455 ὃν
1163 1401 1511 1472 ἐπίγραμμα.
1564 1400 1714 1453 Ἐπεὶ
1759 1393 1853 1452 οὖν

273 1513 339 1548 σε
381 1495 526 1558 εἰκὸς
566 1494 708 1565 ἔχειν
751 1494 983 1557 αὐτοὺς,
1015 1492 1124 1546 ῖσθι
1167 1493 1242 1556 ὡς
1273 1491 1395 1546 οὗτε
1439 1493 1496 1546 ἓν
1533 1493 1690 1555 είσιν,
1728 1489 1851 1545 οὔτε

270 1585 430 1648 ἑνός’
483 1584 595 1637 ἀλλ’
651 1584 701 1636 οί
754 1584 853 1654 μὲν
909 1581 1053 1636 ὀκτὼ
1104 1584 1312 1654 πρῦτοι
1369 1582 1486 1652 μετ’
1539 1582 1852 1652 ἐπιστήμης

269 1671 576 1744 γραφέντες
599 1671 914 1742 ποιητικῆς,
951 1673 1202 1743 μιγείσης
1233 1673 1398 1738 ἕξεως
1431 1673 1849 1743 ἀστρονομικῖπ,

1953 484 2288 554 scriptiones
2312 499 2549 540 maerore
2580 484 2706 540 illos
2740 483 3003 547 afficieut,
3037 483 3133 553 qui
3161 484 3304 554 apud
3330 499 3412 548 se,
3442 493 3539 538 aut

1953 575 2162 630 amicos
2196 589 2332 630 suos
2363 583 2796 630 commemorata
2823 590 2853 630 a
2885 592 2969 631 mc
2993 575 3199 631 indicia
3225 575 3537 646 deprehen-

1954 666 2156 721 derint.
2189 663 2387 721 Dolore
2425 674 2606 720 autem
2638 665 2859 720 afﬁcere
2883 681 3009 720 cum
3048 663 3325 721 interdum
3359 666 3538 722 virilis

1955 759 2125 813 animi
2177 758 2269 822 sit,
2295 757 2763 829 philosophiaque
2803 759 3050 814 moribus
3079 769 3533 825 consentaneum,

1954 852 2175 923 quando
2198 853 2329 907 illud
2352 868 2560 917 coram,
2594 861 2649 907 et
2685 852 2826 922 apud
2856 863 3152 924 praesentes
3184 853 3396 924 agitur,
3419 862 3536 907 tum

1958 943 2234 1014 ejusmodi
2268 945 2335 999 de
2353 945 2519 1000 rebus
2545 944 2808 1009 scribere,
2839 956 3131 1015 angustum
3167 961 3230 1000 ac
3257 930 3536 1000 sordidum

1954 1035 2193 1092 videtur.
2223 1036 2329 1091 Sed
2354 1053 2476 1106 qua:
2499 1035 2763 1108 Synesius
2793 1054 2981 1092 secum
3014 1038 3130 1108 ipse
3150 1018 3535 1108 disputaverit,

1954 1145 2018 1187 ea
2048 1131 2191 1200 apud
2227 1139 2278 1185 te
2307 1128 2467 1201 longe
2495 1129 2884 1184 charissimum
2909 1131 3013 1185 sibi
3055 1138 3223 1202 caput
3244 1131 3495 1202 disputat
3520 1151 3534 1187 :

1953 1223 2200 1286 unicum,
2243 1221 2486 1292 inquam,
2536 1229 2630 1275 aut
2675 1237 2800 1276 cum
2854 1221 3070 1277 duobus
3119 1224 3354 1278 maxime
3398 1223 3538 1284 ami-

1954 1329 2078 1370 cum
2112 1332 2126 1368 :
2168 1315 2426 1383 quoniam
2457 1322 2612 1367 extra
2644 1313 2948 1367 ternionem
2989 1322 3232 1370 vestrum
3266 1313 3400 1368 nihil
3433 1313 3537 1367 lu.-

1954 1420 2238 1459 mauarum
2266 1420 2448 1458 rerum
2469 1404 2647 1474 magni
2668 1405 2959 1458 admodum
2987 1404 3129 1458 facio
3164 1423 3178 1460 :
3211 1406 3414 1478 quibus
3440 1407 3538 1459 ad-

1950 1497 2176 1566 junctus
2206 1511 2307 1566 ego
2337 1510 2509 1549 sacrae
2540 1495 2800 1549 amicitia:
2832 1496 3250 1565 quaternionem
3279 1496 3543 1551 fortassis

1953 1584 2166 1655 expleo.
2199 1582 2400 1638 Verum
2431 1585 2820 1655 quaternionis
2854 1586 3003 1641 illius
3051 1594 3281 1648 naturae,
3307 1587 3400 1655 qui
3439 1591 3536 1640 eat

1954 1675 2075 1731 dem
2110 1677 2475 1747 appellatione
2503 1678 2648 1733 inest
2697 1693 2880 1732 rerum
2913 1680 3160 1732 omnium
3218 1678 3532 1747 principiis.

270 1765 384 1817 εἰσ).
407 1763 500 1817 τοῦ
531 1765 624 1818 σοῦ
655 1764 840 1834 φίλουο
872 1765 921 1818 οί
947 1765 1004 1819 δὲ
1043 1765 1340 1820 τελευταῖοι
1361 1765 1654 1837 τέσσαρες,
1690 1783 1847 1835 ποιη-

1956 1769 2138 1839 lingua
2172 1768 2464 1825 favendum
2509 1778 2614 1824 cst.
2649 1767 2922 1824 Cancrum
2971 1769 3026 1822 in
3058 1770 3414 1839 quaternario
3441 1770 3534 1823 illo

270 1855 432 1926 τικῆς
489 1858 592 1908 εἰσι
646 1854 938 1927 τρυφώσης
998 1855 1178 1926 μόνον.
1242 1856 1352 1908 Καὶ
1408 1855 1554 1908 ἐστιν
1604 1857 1828 1927 ἀρχαῖον

286 1947 556 2017 Ἠγοῦμαι
587 1947 643 2001 δὲ
683 1947 1038 2018 ἀσεϐέστερον
1080 1946 1458 2000 ἀποθανόντων
1492 1946 1680 2015 λόγους
1724 1948 1817 2002 κλέ

1953 1861 2338 1927 iambicorum,
2379 1863 2432 1915 iu
2484 1861 2589 1916 line
2628 1859 2916 1915 duodecim
2952 1876 3147 1918 versus
3197 1860 3358 1926 simul
3410 1876 3532 1930 per-

1947 1953 2190 2024 scriptos
2249 1955 2450 2024 reperi,
2512 1954 2740 2025 perinde
2794 1969 2856 2007 ac
2891 1953 2937 2009 si
2988 1969 3158 2008 unum
3211 1964 3362 2010 esset
3414 1954 3531 2024 epi-

273 2060 452 2107 πτειν,
482 2042 514 2112 ἢ
550 2041 825 2112 θοιμάτια,
867 2041 894 2094 δ
926 2039 1169 2094 καλεῖται
1201 2039 1597 2111 τυμϐωρυχεῖν.
1649 2039 1847 2112 Ἔρρω-

1950 2059 2218 2112 gramma.
2242 2044 2512 2112 Quoniam
2536 2061 2668 2117 ergo
2699 2046 2998 2103 verisimile
3024 2057 3108 2102 est
3135 2061 3303 2118 penes
3332 2054 3385 2102 te
3410 2048 3535 2102 illos

278 2136 453 2206 μένως
480 2133 759 2206 διαϐιῲης,
791 2133 1003 2202 εὐαγῶς
1034 2133 1124 2185 καὶ
1144 2131 1387 2194 εὐλαϐῶς
1414 2131 1730 2200 φιλοσοφίας
1756 2133 1846 2184 ἀν-

1954 2149 2096 2198 esse,
2135 2135 2275 2190 scito
2305 2151 2481 2205 neque
2532 2152 2702 2190 unum
2744 2137 2901 2207 quid.
2952 2153 3131 2209 neque
3183 2138 3347 2194 unius
3378 2154 3531 2204 esse;

273 2227 666 2296 τιποιοῦμενος.
697 2227 880 2280 Εἴκοσι
912 2226 1005 2280 τοῦ
1035 2227 1260 2297 Μεσωρὶ
1285 2225 1496 2298 ἡμέρας
1528 2224 1845 2295 συντίθεμαί

1955 2226 2048 2280 sed
2084 2237 2210 2280 octo
2234 2227 2453 2295 quidem
2485 2228 2649 2299 primi
2704 2244 2828 2284 cum
2861 2229 3073 2300 poetica
3134 2229 3362 2285 scientia
3392 2231 3534 2286 scri-

276 2338 361 2374 σοι
391 2320 706 2391 περιμένειν
731 2337 812 2379 σε,
845 2318 962 2390 μεθ’
991 2318 1058 2382 ἃς
1081 2318 1178 2372 σὺν
1208 2317 1328 2389 Θεῷ
1355 2317 1454 2388 τῆς
1483 2315 1603 2370 ὀδοῦ
1631 2316 1841 2387 ἕξομαι.

1955 2317 2052 2387 pti,
2078 2318 2312 2373 admista
2333 2320 2706 2375 astronomica
2736 2319 3019 2384 facultate,
3059 2321 3222 2376 amici
3244 2321 3322 2376 tui
3358 2330 3488 2377 sunt
3516 2338 3533 2376 :

164 2409 169 2414 ’
275 2414 381 2466 Τὸν
403 2411 750 2482 ἀγαθώτατον
772 2411 986 2482 ἑταῖρον
1018 2410 1246 2467 πλεῖστά
1275 2429 1362 2482 μοι
1393 2410 1673 2482 πρόσειπε·
1707 2409 1846 2480 φιλῶ

1955 2409 2216 2480 postremi
2240 2425 2368 2465 vero
2395 2421 2653 2480 quatuor.
2696 2411 2939 2480 poetices
2960 2411 3134 2468 solius
3165 2411 3532 2476 lascivientis,

274 2505 386 2576 γὰρ
419 2503 577 2557 αὐτὸν
596 2544 612 2569 ,
637 2502 769 2556 διότι
796 2518 854 2554 σε
887 2503 1026 2555 πάνυ
1051 2503 1211 2572 φιλεῖ.

1950 2509 2143 2572 estque
2169 2500 2404 2571 idipsum
2426 2501 2732 2573 antiquum.
2754 2501 2924 2573 Magis
2945 2511 3126 2558 autem
3159 2504 3386 2574 impium
3411 2520 3535 2561 esse

275 2598 516 2652 arbitror
569 2602 912 2649 mortuorum
970 2594 1403 2660 lucubrationes,
1447 2609 1610 2663 quam
1660 2602 1844 2648 vestes
1900 2593 2267 2664 furari,quod
2301 2594 2557 2664 sepulcra
2602 2594 2889 2665 perfodere
2927 2596 3151 2652 dicitur.
3222 2596 3356 2655 Vale
3404 2614 3533 2670 per-

278 2701 463 2763 petuo,
524 2699 579 2745 et
633 2690 891 2761 religiose
963 2698 1126 2761 atque
1185 2690 1586 2760 circumspecte
1640 2690 2045 2762 philosophiam
2127 2696 2327 2744 tracta.
2377 2687 2581 2760 Viginti
2657 2699 2803 2746 totos
2860 2689 3058 2745 Μεδοιί
3109 2690 3230 2748 dies
3289 2707 3374 2748 me
3431 2693 3527 2747 tihi

283 2785 722 2856 praestolaturum
760 2785 1014 2856 paciscor
1060 2785 1312 2855 :quihus
1357 2785 1584 2847 exactis,
1642 2783 1858 2838 favente
1898 2783 2008 2840 Deo
2057 2783 2160 2837 iter
2207 2781 2512 2853 aggrediar.
2551 2779 2770 2852 Optimo
2831 2782 3005 2838 sodali
3053 2783 3348 2856 plurimam
3410 2802 3536 2841 uu-o

278 2879 501 2933 nomine
546 2876 782 2931 salutem
825 2875 1034 2942 dicito;
1094 2877 1268 2946 diligo
1324 2877 1469 2931 enim
1500 2876 1701 2948 ipsum,
1747 2884 2035 2946 prOpIerea
2057 2874 2203 2950 quod
2225 2876 2390 2931 etiam
2425 2885 2585 2944 atque
2615 2877 2781 2930 etiam
2820 2884 2870 2930 te
2902 2875 3100 2946 diligit.

785 2970 1132 3024 ΕΠΙΣΤΟΔΗ
1167 2969 1342 3024 ΡΜΓ.

913 3061 997 3128 Τῷ
1036 3062 1216 3127 αὐτῷ.

347 3153 631 3226 Φοιϐἀμων
670 3152 785 3224 [γρ.
816 3153 1182 3225 Φοιϐἀμμων]
1215 3155 1243 3206 ὁ
1279 3154 1378 3225 τὴν
1411 3151 1697 3222 ἐπιστολὴν
1731 3153 1849 3205 ἐπι·

277 3247 421 3315 δοὺς,
442 3248 536 3300 καὶ
557 3248 695 3317 ἀνήρ
719 3248 865 3299 ἐστιν
888 3247 1108 3314 ἀγαθὸς,
1132 3248 1224 3299 καὶ
1249 3247 1420 3315 φίλος,
1442 3246 1536 3299 καὶ
1559 3246 1845 3299 ἀδικεῖται.

277 3339 378 3392 Διά
404 3340 577 3392 πάντα
616 3335 707 3392 οὖν
733 3338 881 3410 αὐτῷ
917 3337 1275 3392 συλλαϐέσθαι
1318 3338 1523 3400 δίκαιος
1554 3332 1623 3399 εἷ,
1661 3337 1756 3390 καὶ
1780 3336 1848 3388 δι’

277 3432 447 3502 ἡμᾶς,
488 3432 581 3486 καὶ
608 3429 694 3484 διὰ
724 3430 815 3483 τὸν
841 3429 1076 3501 τρόπον,
1115 3429 1207 3482 καὶ
1246 3426 1334 3480 διὰ
1376 3425 1473 3498 τὴν
1507 3425 1845 3497 περίστασιν.

279 3523 448 3576 Τοῦτο
505 3523 603 3591 μὲν
650 3521 792 3576 οὕτω
827 3521 1085 3590 γενέσθωο
1141 3519 1235 3573 καὶ
1291 3518 1399 3590 γὰρ
1451 3518 1594 3571 ἔοικε
1645 3517 1848 3587 σφόδρα

279 3614 566 3667 πιστεῦσαι
609 3615 673 3684 τῇ
709 3612 846 3684 πρὸς
880 3611 1140 3682 ἀλλήλους
1178 3609 1334 3681 ἡμῶν
1367 3607 1565 3678 εὐνοίᾳ.
1610 3606 1710 3660 Σοῦ
1741 3607 1847 3676 γὰρ

280 3705 552 3775 δεόμενος,
593 3705 680 3756 ἐπ’
730 3703 830 3773 ἐμὲ
877 3701 1192 3770 κατέφυγε,
1237 3696 1622 3770 τεθαρρηκὼς,
1653 3698 1735 3751 ὅτι
1777 3697 1846 3750 δι’

281 3796 436 3867 ἐμοῦ,
469 3794 560 3848 σοῦ
601 3793 868 3858 τεύξεται.
908 3792 1017 3846 Καὶ
1067 3791 1381 3862 ὑπεσχόμην
1413 3789 1564 3860 αὖτῷ
1594 3788 1687 3842 τὸν
1728 3789 1848 3859 Ἐρ-

282 3889 576 3950 κουλιανὸν,
603 3887 692 3940 διὰ
715 3885 988 3940 Συνεσίουο
1010 3884 1070 3936 τὸ
1096 3884 1151 3936 δὲ
1185 3885 1341 3954 νικᾷν
1369 3883 1492 3945 τοὺς
1522 3880 1845 3946 λυποῦντας,

279 3980 345 4032 δι’
387 3974 768 4048 Ἐρκουλιανοῦ
794 3975 892 4046 τῆς
922 3974 1073 4042 ἱερᾶς
1093 3973 1187 4026 καὶ
1213 3972 1397 4042 τιμίας
1424 3970 1681 4042 κεφαλῆς.
1713 3970 1847 4041 Περὶ

279 4070 372 4123 τοῦ
409 4068 644 4139 κόμητος
679 4067 790 4135 (82)
829 4066 1155 4138 ὲγεγράφεις
1205 4065 1272 4118 δι’
1311 4063 1669 4134 Οὐρσικίνου·
1703 4060 1847 4132 λέγω

279 4162 334 4214 δὲ
368 4161 460 4214 τοῦ
490 4161 745 4231 τυχόντος
785 4159 958 4232 ἀρχῆς
995 4159 1102 4212 τῶν
1133 4159 1192 4210 ὲν
1227 4158 1294 4228 τῇ
1332 4155 1550 4227 πατρίδι
1581 4171 1848 4227 στρατιω-

280 4253 388 4305 τῶν
407 4269 420 4283 ο
452 4253 546 4306 καὶ
575 4252 724 4323 ᾔτεις
753 4250 1069 4322 συνθήματα
1090 4250 1220 4320 παρ’
1247 4247 1425 4319 ἡμῶν,
1452 4244 1547 4300 τοῦ
1569 4245 1845 4316 γενέσθαι,

280 4344 432 4416 παρά
457 4343 564 4396 τῶν
588 4342 900 4414 δυναμένων
930 4341 1088 4395 τοῦτο
1114 4343 1284 4394 ποιεῖν
1312 4340 1419 4394 σῶν
1448 4341 1638 4411 φίλων,
1667 4341 1848 4412 γράμκ-

285 4452 427 4504 ματα
464 4433 600 4504 πρός
645 4449 704 4486 τε
745 4431 927 4494 αὑτὸν,
963 4432 1056 4484 καὶ
1096 4430 1230 4500 πρὸς
1276 4429 1370 4482 τὸν
1407 4429 1711 4502 ὀρδινάριον
1753 4431 1853 4501 ἇρ-

283 4541 464 4595 χοντα.
497 4524 608 4595 Τὴν
632 4523 730 4594 μὲν
754 4518 848 4576 οὖν
877 4523 1193 4593 προαίρεσιν
1217 4523 1560 4593 ἀπεδεχόμην
1586 4523 1681 4576 καὶ
1705 4522 1848 4576 τότε·

280 4615 342 4668 τὸ
365 4616 420 4669 δὲ
451 4616 630 4687 ἔργον,
655 4615 730 4678 ὡς
761 4614 1048 4686 παρέλκον,
1071 4613 1368 4686 ἠρνούμην,
1391 4614 1594 4684 γυμνὸν
1615 4613 1852 4684 ἐμαυτὸν

281 4709 363 4770 είς
392 4706 705 4775 φιλοσοφίαν
741 4707 912 4769 ίστάς.
944 4704 1056 4759 Νῦν
1087 4705 1143 4759 δὲ
1180 4704 1524 4776 ἀδικούμενοι
1562 4705 1726 4775 φίλοι,
1756 4706 1850 4758 καὶ

284 4799 524 4864 ἰδιῶται,
567 4799 660 4852 καὶ
709 4797 1068 4870 στρατιῶται,
1119 4796 1391 4870 βιάζονταί
1446 4814 1514 4868 με
1565 4796 1852 4868 βούλεσθαι

1876 2973 1923 3033 C

2445 2966 2782 3024 EPISTULA
2824 2965 3054 3023 CXLIII.

2637 3058 2850 3118 Eidem.

2016 3149 2376 3213 thhamon.
2407 3150 2501 3222 qui
2543 3151 2639 3206 tibi
2665 3150 2831 3206 hasce
2866 3150 3080 3205 litteras
3131 3150 3309 3211 offert.
3347 3159 3400 3206 et
3450 3151 3539 3207 vir

1953 3242 2129 3298 bonus
2162 3250 2269 3307 est,
2310 3250 2363 3297 et
2394 3243 2636 3307 amicus,
2668 3252 2721 3298 et
2757 3244 3011 3313 injuriam
3049 3245 3272 3313 patitur.
3322 3244 3543 3310 Quibus

1953 3334 2210 3389 omnibus
2243 3334 2312 3388 de
2360 3335 2545 3390 causis
2583 3350 2797 3405 aequum
2839 3343 2923 3388 est
2963 3335 3118 3387 illum
3145 3335 3244 3388 abs
3272 3342 3324 3388 te
3346 3336 3540 3390 suble-

1948 3424 2088 3489 vari,
2129 3424 2246 3479 sive
2275 3422 2447 3478 nostri
2487 3439 2687 3491 causa,
2719 3425 2836 3480 sive
2876 3424 2948 3480 ob
2990 3440 3174 3480 mores
3205 3426 3374 3495 ipsos,
3415 3430 3539 3484 sive

1949 3521 2175 3584 propter
2207 3515 2602 3570 calamitatem.
2637 3515 2752 3569 Hoc
2780 3515 2952 3583 igitur
2978 3515 3100 3568 itaa
3135 3527 3186 3571 te
3219 3517 3334 3571 fieri
3362 3519 3486 3570 volo
3511 3533 3529 3570 :

1950 3619 2077 3660 nam
2096 3606 2149 3659 in
2173 3614 2363 3660 nostra
2391 3607 2636 3662 amicitia
2663 3607 2878 3661 fiducia
2901 3607 3197 3677 plurimum
3227 3609 3537 3666 collocasse

1947 3697 2196 3765 videtur;
2231 3697 2326 3767 qui
2382 3713 2507 3753 cum
2551 3699 2620 3754 de
2665 3707 2718 3754 te
2751 3700 3042 3770 impetrare
3103 3700 3308 3771 aliquid
3341 3705 3529 3766 vellel.

1948 3788 2015 3842 ad
2039 3803 2124 3844 me
2140 3788 2409 3860 confugit,
2435 3797 2590 3846 certo
2613 3790 2896 3846 confidens
2918 3806 3016 3861 per
3033 3806 3120 3848 me
3149 3799 3298 3846 tuam
3319 3809 3378 3848 se
3401 3810 3526 3850 esse

1946 3882 2177 3951 gratiam
2215 3892 2619 3939 assecuturum.
2645 3882 2824 3954 Atque
2882 3898 2984 3956 ego
3026 3881 3415 3940 Herculianum
3444 3885 3525 3942 illi

1947 3971 2107 4043 281
2148 3987 2245 4042 per
2279 3972 2569 4044 Synesium
2619 3973 2884 4045 promisi;
2940 3975 3009 4031 de
3072 3975 3141 4030 iis
3195 3991 3392 4047 porro,
3428 3978 3537 4049 qui

1947 4063 2052 4121 sibi
2083 4064 2298 4120 molesti
2318 4075 2468 4129 sunt,
2495 4065 2806 4133 victoriam,
2830 4083 2930 4138 per
2957 4067 3370 4134 llerculianum,
3387 4070 3530 4127 chap.

1947 4173 2070 4213 rum
2125 4157 2260 4212 illud
2318 4172 2383 4213 ac
2443 4158 2757 4228 religiosum
2793 4167 2983 4230 caput.
3039 4159 3117 4218 De
3175 4161 3374 4217 comite
3427 4178 3541 4233 pen

1947 4248 2264 4307 Ursicinum
2299 4249 2650 4318 scripseras:
2709 4266 2835 4305 eum
2882 4259 3063 4306 autem
3119 4251 3387 4322 intelligo,
3425 4254 3534 4323 qui.

1949 4341 2185 4396 militum
2239 4338 2296 4396 in
2355 4342 2532 4412 patria
2597 4341 2975 4413 praefecturam
3015 4350 3099 4400 est
3154 4344 3538 4403 sortitus:ac-

1945 4432 2099 4488 velut
2157 4432 2509 4489 conficiendae
2534 4435 2610 4488 rei
2666 4443 2926 4488 tesseram
2976 4448 3008 4488 a
3040 4433 3202 4490 nobis
3255 4436 3533 4505 petebas;

1947 4522 2160 4579 litteras
2195 4525 2452 4578 nimirum
2488 4525 2556 4577 ab
2581 4523 2774 4578 amicis
2799 4523 2932 4589 tuis,
2955 4523 3050 4593 qui
3083 4524 3137 4579 id
3159 4523 3353 4582 facere
3376 4541 3523 4597 posm

1945 4629 2089 4681 sent,
2148 4627 2258 4674 tam
2295 4619 2360 4674 ad
2398 4620 2598 4690 ipsum,
2628 4634 2793 4689 quam
2839 4617 2908 4674 ad
2965 4621 3308 4677 ordinarium
3346 4624 3520 4693 magl-

1944 4718 2199 4766 stratum.
2217 4711 2394 4780 Atque
2418 4723 2517 4778 ego
2549 4707 2768 4779 quidem
2793 4720 2907 4764 tum
2927 4710 3217 4767 consilium
3249 4713 3476 4782 probavi
3501 4732 3529 4782 ς

1944 4814 2058 4854 rem
2091 4808 2272 4855 autem
2306 4800 2504 4870 ipsam,
2535 4808 2794 4870 tanquam
2835 4815 3327 4871 supervacaneam,
3355 4819 3520 4875 repu-

1501 4913 1683 4969 DION.
1719 4913 1988 4970 PETAVII
2019 4914 2252 4972 NOTA‘J.

354 5013 462 5080 (8i)
509 5012 604 5064 Ἐν
631 5011 699 5064 δὲ
723 5008 801 5075 τῷ
830 5007 1105 5078 τετραδίῳ
1163 5008 1280 5063 τῶν
1309 5010 1598 5080 ἰαμϐείων.
1629 5006 1835 5062 Versus

282 5084 335 5137 hi
365 5078 664 5136 duodecim
694 5090 908 5134 exstant
938 5084 987 5132 iu
1024 5080 1273 5132 oratione
1298 5080 1432 5146 Περὶ
1459 5078 1666 5146 δώρου,
1699 5094 1836 5147 quo-

284 5169 403 5206 rum
438 5154 648 5222 priores
674 5162 908 5220 quatuor
935 5149 1206 5222 Ptoleuuei
1254 5161 1399 5222 sunt,
1434 5150 1628 5222 reliqui
1661 5147 1836 5220 Syne-

283 5218 451 5280 siaui.
481 5225 572 5292 qui
607 5218 860 5292 leguntur
887 5223 1048 5274 etiam
1085 5218 1508 5292 inAAnthologia.

355 5293 462 5360 (82)
496 5287 634 5359 Περὶ
662 5287 765 5344 τοῦ
808 5293 1078 5359 κόμητος.
1114 5290 1514 5360 obscuritatem
1547 5288 1650 5341 loci
1677 5287 1840 5360 istius

281 5358 509 5416 discutit
554 5358 716 5416 breve
768 5358 1014 5415 schuliou
1063 5361 1127 5412 ad
1169 5358 1300 5429 Reg.
1337 5360 1458 5412 cod.
1534 5359 1837 5429 marginem

285 5434 624 5501 adnotatum,
654 5432 796 5501 quod
832 5431 916 5484 hic
948 5430 1153 5501 placuit
1178 5499 1185 5501 _
1209 5427 1521 5501 ascribere
1558 5445 1584 5501 :__
1616 5427 1840 5501 Ἐρκουο

279 5500 460 5566 λιανὺς
494 5497 812 5570 ἐδεήθητοῦ
838 5497 1070 5570 κόμητος
1097 5497 1528 5570 ὑπὲρῗΣυνεσίου,
1559 5497 1707 5570 ὅπως
1741 5497 1838 5570 ἀρ·

283 5574 384 5643 χῆς
405 5565 548 5634 τινος
579 5565 736 5642 τύχη,
759 5572 850 5624 καί
877 5565 1074 5639 γράφει
1100 5568 1179 5639 τῷ
1208 5565 1460 5638 ’Συνεσίῳ
1487 5569 1574 5621 ἵνα
1605 5568 1652 5620 εί
1682 5565 1840 5620 τοῦτο

282 5641 616 5696 ἀποδέχοιτο.
662 5641 1048 5696 παρασκευάσῃ
1089 5643 1212 5696 τοὺς
1249 5637 1413 5693 αὑτοῦ
1453 5637 1636 5696 φίλους
1667 5637 1840 5696 γράμ-

289 5653 616 5712 ἀποδεχοιτο,
662 5653 1048 5710 παρασκευασῃ
1089 5653 1212 5703 τους
1249 5653 1413 5693 αυτου
1453 5653 1636 5706 φίλους
1667 5653 1837 5706 γραμ-

289 5728 435 5783 ματα
464 5711 673 5782 πέμψαι
715 5711 850 5782 πρὸς
885 5711 975 5765 τὸν
1016 5712 1248 5783 κόμητα.
1279 5709 1372 5763 κα)⁸
1402 5708 1492 5763 τὸν
1520 5707 1837 5775 ὀρδινάριον.

1940 5010 2015 5064 Τὸ
2028 5009 2086 5064 δὲ
2112 5008 2242 5062 σῶν
2269 5007 2692 5080 φίλων-,ούγτῶν
2711 5009 2804 5064 τοῦ
2819 5007 3220 5080 Ἐρκουλιανορ,
3245 5007 3385 5080 ἀλλὰ
3406 5007 3527 5080 τῶν,
3606 5045 3609 5048 -

1943 5080 2038 5134 τοῦ
2071 5078 2344 5134 Συνεσίου.
2382 5079 2539 5133 Ἐστι
2561 5079 2618 5132 δὲ
2639 5080 2668 5131 ό
2692 5080 2851 5148 λόγος
2880 5078 2987 5132 ἀπὸ
3009 5079 3106 5132 τοῦ
3133 5078 3522 5148 Ἐρκουλιανοῦ

1942 5150 2079 5220 πρὸς
2112 5150 2202 5204 τὸν
2228 5149 2498 5216 Συνέσιον,
2529 5150 2623 5203 καὶ
2663 5150 2740 5213 ὡς
2769 5150 2976 5220 ἐκείνου
3027 5148 3276 5220 λέγοντός
3307 5150 3423 5220 ἐστι
3452 5150 3518 5202 τὸ

1944 5217 2240 5286 canona;
2268 5228 2446 5275 tamen
2471 5235 2578 5274 non
2608 5221 2790 5274 omnia
2823 5219 2954 5272 mihi
2983 5219 3306 5287 probantur.
3332 5217 3518 5285 Quare

1945 5292 2026 5346 sic
2050 5291 2305 5346 existimo
2342 5307 2356 5345 :
2390 5291 2684 5360 scripsisse
2719 5288 3108 5360 Herculiauum
3135 5287 3395 5360 Syuesio.
3429 5305 3518 5360 se,

1945 5362 1991 5416 si
2034 5361 2254 5431 quidem
2318 5358 2679 5431 permitteret,
2714 5359 2782 5431 ab
2833 5358 3024 5411 amicis
3057 5359 3172 5413 suis
3198 5359 3411 5413 litteras
3441 5359 3513 5414 ad

1946 5429 2199 5485 comitem
2254 5438 2310 5485 et
2369 5429 2710 5485 ordinarium
2765 5429 3201 5501 impetraturum,
3242 5437 3302 5482 ut
3347 5431 3515 5501 magi-

1947 5508 2124 5572 stratu
2158 5501 2757 5572 quopiamo_rnaretur,
2805 5497 2952 5572 quod
2991 5513 3385 5572 eorum_ca_us_a
3415 5497 3518 5570 q'ui

1947 5514 2124 5556 Stratu
2158 5515 2415 5572 quopiam
2447 5514 2757 5561 ornaretur,
2805 5514 2952 5624 quoa
2991 5514 3181 5553 eorum
3221 5514 3385 5554 CClISB
3415 5515 3514 5570 qui

1946 5571 2012 5652 ad
2042 5585 2166 5630 sese
2219 5569 2608 5644 confugiebant
2635 5568 2804 5640 juvan
2845 5583 3002 5624 orum
3041 5569 3307 5640 permittit
3339 5568 3514 5644 Syne-

1945 5657 2084 5698 Slus.
