4002 6244
460 274 589 329 3539

1505 250 1773 308 SYNESII
1819 248 2283 305 PTOLEMAIDIS
2315 247 2624 304 EPISCOPI

3496 274 3499 277 -
3550 241 3692 297 {54-0

446 392 626 452 diavi;
656 384 801 455 quod
845 380 1050 436 nudum
1096 393 1183 432 me
1218 376 1283 430 ad
1320 373 1720 445 philosophiam
1757 372 2018 426 contulis-

2142 369 2527 424 ιεταποιεῖσθαι
2582 368 2682 440 τῆς
2733 365 3019 437 πολιτικῆς
3063 364 3403 435 δυνάμεως,
3435 361 3577 433 πρὸς
3624 362 3699 432 ἢν

449 495 585 535 sem.
621 477 774 530 Nune
805 483 987 526 autem
1014 470 1187 523 affecti
1223 467 1423 535 injuria
1450 465 1632 527 amici,
1650 471 1703 518 et
1730 464 1945 533 privati,
1969 471 2025 517 et

450 571 649 624 milites
680 574 883 635 cogunt
904 580 1011 623 me,
1045 571 1099 615 ut
1135 560 1348 613 civilem
1382 557 1510 610 mihi
1538 558 1836 625 potentiam
1863 570 2023 609 assu-

452 672 629 721 mam;
666 658 729 710 ad
756 669 917 725 quam
957 652 1180 705 minime
1210 663 1238 701 a
1286 655 1479 700 natura
1516 654 1895 713 comparatum
1938 661 2023 698 me

418 752 421 753 ⁷
451 766 573 805 esse
600 750 714 804 scio
759 766 771 801 :
806 756 967 815 atque
990 744 1092 796 hoc
1131 754 1341 794 mecum
1376 737 1453 790 illi
1499 736 1632 791 satis
1673 736 2020 805 intelligunt;

452 843 546 896 sed
580 847 771 909 suapte
800 853 969 891 causa
1001 835 1087 888 vel
1120 834 1349 887 invitum
1380 829 1659 899 quidpiam
1693 845 1851 899 agere
1879 845 2024 882 com-

455 934 682 1003 pellunt.
716 930 1080 996 Quamobrem
1113 928 1159 981 si
1191 927 1265 979 ita
1290 912 1385 977 tibi
1422 921 1729 976 faciendum
1786 923 2021 986 videtur,

455 1025 596 1078 facio
632 1031 973 1091 potestatem.
1005 1019 1244 1073 Salutem
1277 1031 1399 1070 meo
1434 1015 1654 1068 nomine
1696 1012 1864 1067 dicito
1895 1014 2025 1067 reli-

454 1115 606 1184 gioso
637 1114 833 1175 sodali,
869 1111 1123 1172 diacono,
1160 1108 1250 1177 qui
1301 1105 1518 1175 quidem
1552 1114 1741 1158 contra
1771 1104 2029 1158 adversa-

455 1208 594 1259 rium
636 1206 873 1273 equitem
929 1210 1151 1255 strenue
1210 1212 1332 1252 sese
1388 1206 1657 1250 exerceat.
1712 1194 1926 1248 Salutat
1976 1204 2027 1248 te

454 1299 706 1352 universa
738 1303 926 1349 nostra
968 1291 1169 1345 familia
1194 1308 1207 1357 ;
1231 1290 1297 1343 ad
1334 1303 1494 1359 quam
1530 1286 1728 1341 Isionis
1781 1286 2026 1342 accessio

457 1390 599 1443 facta
635 1397 739 1451 est,
766 1402 924 1455 quem
955 1396 1009 1437 tu
1042 1383 1109 1436 ab
1141 1382 1277 1436 actis
1319 1379 1676 1433 desiderabas
1709 1396 1721 1431 :
1751 1376 1840 1445 qui
1890 1376 2024 1430 mihi

457 1483 662 1551 ignava:
710 1490 763 1533 et
816 1477 1053 1545 indignae
1087 1471 1733 1543 phiIOSOpholitterarum
1762 1470 1827 1520 ad
1860 1468 2029 1538 magi-

2118 461 2486 529 ἀποπεφυκῶς
2523 456 2673 514 οῐδαο
2712 460 2808 513 καὶ
2852 459 3004 512 αὐτοί
3056 475 3147 528 μοι
3190 456 3345 510 τοῦτο
3387 455 3694 515 συνίσασιν,

2120 552 2255 605 ἀλλὰ
2302 552 2572 622 βιάζονται
2604 550 2752 619 σφῶν
2791 551 2953 604 ἓνεκα
2986 551 3156 602 ποιεῖν
3198 565 3252 600 τι
3291 546 3387 599 καὶ
3415 544 3695 599 ἀκούσιον.

2121 642 2233 696 Νῦν
2262 639 2355 696 οῦν
2380 644 2428 694 εί
2457 643 2639 712 δοκοίη
2678 659 2760 695 σοι
2789 640 2948 694 τοῦτο
2974 643 3167 704 ποιεῖν,
3195 637 3495 708 ἐπιτρέπω.
3520 635 3699 704 Πρόσ-

2122 734 2240 787 ειπέ
2280 751 2369 804 μοι
2405 734 2495 787 τὸν
2530 734 2673 805 ἱερὸν
2706 736 2917 804 ἑταῖρον
2949 733 3039 785 τὸν
3065 732 3325 791 διάκονον,
3369 729 3463 781 καὶ
3488 743 3698 797 γυμνα-

2124 826 2298 890 ζέσθω
2340 826 2474 899 πρὸς
2516 826 2918 895 ἀνταγωνιστὴν
2960 824 3151 877 ἱππέα.
3188 820 3590 892 Προσαγορεύει
3638 835 3699 871 σε

2125 919 2232 980 πᾶς
2269 934 2370 987 μου
2397 920 2425 969 ὁ
2456 914 2624 981 οἶκος,
2651 916 3085 989 προσγενομένου
3112 913 3258 984 αὐτῷ
3284 914 3377 967 νῦν
3404 914 3501 965 καὶ
3536 912 3702 963 Ἰσίω-

2124 1028 2233 1073 νος,
2274 1009 2335 1062 ὃν
2371 1010 2582 1075 ἐπόθεις
2615 1010 2722 1064 ἀπὸ
2751 990 3101 1080 διηγημάτων
3139 1009 3273 1078 (85),
3308 1007 3366 1069 ὃς
3402 1004 3576 1067 αἴτιός
3608 1020 3701 1073 μοι

2128 1102 2315 1169 γέγονε
2344 1105 2442 1173 τῆς
2472 1102 2728 1170 ἀγεννοῦς
2754 1103 2847 1155 καὶ
2869 1101 3192 1170 ἀφιλοσόφου
3220 1100 3330 1152 τῶν
3352 1098 3702 1170 γραμμάτων

2130 1196 2395 1265 αἰτήσεως
2435 1196 2571 1265 πρὸς
2618 1197 2753 1260 τοὺς
2783 1198 3079 1268 ἄρχοντας,
3118 1194 3470 1263 καταδεηθεὶς
3497 1193 3572 1245 τὰ
3602 1191 3703 1261 μὲν

2131 1286 2548 1356 αὐτοπρόσωπος
2589 1288 2727 1358 ὑπὲρ
2765 1289 3001 1341 πολλῶν
3046 1287 3115 1339 τά
3151 1287 3208 1340 δέ
3238 1286 3303 1338 δι’
3334 1279 3408 1338 ὧν
3444 1286 3703 1353 ἐκόμισεν

2132 1378 2447 1436 ἐπιστολῶν.
2475 1383 2586 1435 Καὶ
2618 1376 2771 1444 οὗτος
2802 1376 2897 1435 οῦν
2928 1398 2986 1435 σε
3025 1380 3188 1451 μέχρι
3222 1378 3320 1449 τῆς
3351 1377 3705 1448 διηγορευμὲο

2136 1487 2233 1540 νης
2259 1473 2471 1537 εἰκάδος
2494 1474 2797 1544 περιμένει.

457 1578 662 1629 stratus
725 1569 1110 1642 postulationis
1156 1581 1382 1620 causam
1438 1565 1698 1633 praebuit;
1756 1578 1877 1616 cmn
1914 1580 2000 1617 me
2040 1569 2235 1633 partim
2291 1582 2477 1622 coram
2541 1585 2639 1639 pro
2682 1570 2872 1623 multis
2919 1568 3308 1637 interpellaret,
3356 1564 3555 1635 partim
3606 1578 3701 1633 per

458 1670 688 1733 litteras,
722 1682 860 1737 quas
894 1666 1011 1734 ipse
1038 1662 1333 1719 deferebat.
1395 1658 1462 1712 Et
1512 1660 1558 1715 is
1625 1674 1841 1729 quoque
1881 1668 1934 1714 te
1969 1675 2139 1729 usque
2171 1663 2236 1717 ad
2289 1665 2598 1719 condictum
2665 1663 2826 1731 diem
2858 1665 3176 1718 vicesimum
3222 1669 3520 1730 exspectat.

941 1781 1274 1837 EPISTULA
1315 1778 1542 1835 CXLIV.

1150 1872 1357 1925 Eidem.

532 1970 736 2025 Servus
769 1967 993 2037 quidam
1042 1980 1197 2019 meus
1238 1962 1487 2033 aufugit,
1526 1976 1634 2014 non
1677 1975 1741 2015 ex
1791 1960 2036 2029 paternis

458 2063 636 2126 meis,
676 2070 767 2115 aut
800 2060 893 2130 qui
925 2059 1033 2111 alia
1064 2058 1276 2110 ratione
1312 2069 1523 2108 mecum
1574 2068 1684 2106 una
1734 2062 1862 2107 sunt
1902 2052 2039 2106 edu-

460 2154 569 2209 cati
608 2172 619 2206 :
654 2153 689 2206 ii
717 2152 858 2205 enim
891 2149 1190 2203 liberaliter
1236 2146 1509 2210 instituti,
1540 2160 1601 2198 ac
1641 2160 1809 2214 prope
1843 2143 2038 2213 aequali

462 2259 675 2298 mecum
706 2243 915 2296 honore
945 2240 1151 2305 habiti,
1184 2246 1447 2306 tanquam
1479 2253 1543 2290 ex
1574 2237 1841 2291 electione
1872 2237 2041 2305 impe-

462 2345 673 2391 rantem
720 2340 906 2386 amant
942 2332 1160 2402 potius,
1205 2344 1367 2399 quam
1416 2330 1561 2383 velut
1601 2343 1664 2382 ex
1712 2328 1825 2396 lege
1865 2327 2040 2381 (lumi-

461 2445 592 2485 num
625 2426 1025 2489 reformidant;
1058 2424 1149 2478 sed
1183 2420 1531 2476 Philoromus
1560 2420 1697 2490 (hoc
1722 2421 1864 2474 enim
1902 2419 2041 2487 fugi-

463 2524 576 2575 tivo
626 2535 825 2574 nomen
858 2517 977 2584 est)
1005 2515 1351 2571 consobrinus
1382 2527 1515 2566 mea:
1544 2510 1736 2565 Amelii
1768 2509 1891 2564 ﬁliae
1921 2525 2039 2563 ser-

462 2631 599 2676 vus,
632 2614 725 2683 qui
786 2626 942 2665 meus
987 2609 1205 2680 quidem
1251 2613 1472 2676 propter
1517 2605 1661 2658 illam
1707 2601 1885 2658 factus
1932 2610 2035 2657 est.

468 2707 574 2761 Sed
604 2721 728 2759 cum
763 2704 1053 2767 dissolute,
1079 2715 1143 2754 ac
1172 2699 1310 2754 citra
1337 2698 1682 2767 disciplinam
1720 2703 1867 2751 esset
1907 2694 2042 2750 edu-

465 2807 645 2860 catus,
684 2794 1015 2867 philoSOpho
1057 2792 1282 2861 dignum
1322 2799 1376 2845 et
1422 2789 1750 2843 Laconicum
1795 2788 2038 2858 regimen

468 2905 576 2943 non
609 2890 763 2951 tulit;
799 2895 853 2941 et
880 2899 1027 2939 nunc
1055 2881 1486 2937 Alexandrinum
1521 2895 1619 2949 pro
1645 2895 1728 2932 me
1754 2878 2040 2932 dominum

471 2991 691 3043 nactus,
725 2997 852 3033 cum
902 2994 966 3032 eo
1014 2975 1309 3045 (Egyptum
1361 2984 1634 3044 peragrat.
1682 2970 2042 3042 Ilarpocratio

470 3072 692 3143 quidam
721 3081 807 3124 est
836 3068 1144 3123 IIeracliani
1174 3066 1495 3132 satellitum,
1522 3082 1585 3120 ex
1611 3054 1798 3119 eorum
1828 3063 2039 3125 ordine,

2662 1783 3005 1838 ΕΠΙΣΤΟΛΗ
3045 1782 3171 1835 ΜΔ’.

2770 1874 2855 1941 Τῷ
2892 1872 3069 1938 αὐτῷ.

2206 1968 2437 2040 Οἰκέτης
2465 1969 2593 2040 ἐμὸς
2632 1968 3043 2039 ἐδραπέτευσεν,
3078 1966 3136 2018 οὐ
3177 1963 3283 2016 τῶν
3312 1961 3580 2033 πατρῴων
3601 1961 3705 2013 τῶν

2138 2062 2285 2132 ἐμῶν
2308 2100 2323 2125 ,
2352 2061 2471 2114 οὐδὲ
2521 2062 2630 2114 τῶν
2683 2061 2856 2123 ἄλλως
2896 2058 3303 2128 συντραφέντων
3342 2056 3484 2126 ἐμοί.
3532 2056 3706 2121 Ἀγω-

2138 2156 2241 2225 γῆς
2284 2154 2392 2225 γὰρ
2436 2152 2735 2225 ἐλευθερίου
2784 2150 3175 2223 μετασχόντες,
3211 2149 3304 2201 καὶ
3356 2146 3558 2218 μσκροῦ
3608 2147 3709 2198 δέω

2139 2245 2315 2313 λέγειν
2352 2247 2408 2298 ἐν
2445 2245 2726 2315 ὁμοτίμοις
2771 2243 3047 2313 ἀγόμενοι,
3090 2239 3329 2311 φιλοῦσιν
3367 2239 3443 2302 ὡς
3492 2239 3708 2307 αἱρετὸν

2140 2336 2372 2407 ἄρχοντα
2422 2335 2639 2405 μᾶλλον,
2680 2334 2713 2404 ἢ
2789 2333 3021 2387 δεδίασιν
3073 2332 3147 2394 ὡς
3202 2332 3349 2401 νόμῳ
3401 2329 3707 2396 δεσπότηνσ

2141 2429 2255 2483 ἀλλ’
2294 2430 2323 2481 ό
2350 2427 2660 2498 Φιλόρωμος
2686 2425 2865 2496 (τοῦτο
2898 2426 3002 2497 γὰρ
3028 2426 3195 2495 ὃνομα
3217 2424 3293 2494 τῷ
3330 2422 3599 2494 δραπέτῃ)
3614 2421 3711 2491 τῆς

2140 2520 2426 2589 ἀδελφιδῆς
2467 2536 2567 2590 μου
2601 2519 2698 2589 τῆς
2744 2517 2991 2588 Ἀμελίου
3032 2517 3294 2588 θυγατρὸς
3338 2516 3557 2585 οίκέτης
3615 2513 3709 2577 ὢν,

2141 2611 2271 2682 ἐμὸς
2312 2611 2518 2680 γίνεται
2571 2610 2636 2662 δι’
2686 2610 2917 2680 ἐκείνης.
2968 2608 3201 2681 Τραιρεὶς
3248 2608 3303 2661 δέ
3336 2606 3575 2677 ἐκμελὴς
3622 2606 3715 2658 καὶ

2140 2705 2421 2770 ἀνάγωγος
2438 2742 2451 2766 ,
2479 2702 2761 2770 φιλόσοφον
2787 2702 2880 2754 καὶ
2907 2700 3226 2768 Λακωνικὴν
3257 2698 3578 2751 ἐπιστασίαν
3618 2698 3715 2750 οὐκ

2141 2798 2338 2865 ἦνεγκε
2370 2811 2385 2826 ·
2431 2796 2524 2847 καὶ
2581 2794 2674 2846 νῦν
2730 2794 2843 2847 ἀντ’
2889 2792 3022 2863 ἐμοῦ
3087 2791 3349 2861 δεσπότην
3412 2791 3716 2861 εὑράμενος

2155 2886 2525 2959 Ἀλεξανδρέα,
2566 2888 2871 2959 περινοστεῖ
2906 2885 3021 2955 μετ’
3053 2885 3258 2938 ἐκείνου
3291 2885 3387 2953 τὴν
3419 2885 3712 2951 Αἴγυπτον.

2153 2980 2558 3051 Ἁρποκρατίων
2586 2980 2807 3042 τίςέστι
2833 2978 2939 3031 τῶν
2964 2975 3351 3049 Ἡρακλεισίνοῦ
3377 2976 3715 3047 δορυφόρων,

2142 3073 2292 3138 τάξιν
2350 3072 2487 3142 ἔχων
2536 3070 2853 3142 τῷ¹βοηθῷ
2915 3069 3149 3141 βοηθεῖν.
3209 3070 3272 3122 Ἥ
3324 3068 3431 3140 γὰρ
3492 3070 3718 3121 σουεηο

469 3164 561 3234 qui
610 3161 891 3230 adjutores
941 3158 1223 3227 adjuvant.
1275 3156 1395 3211 Vox
1437 3157 1583 3210 enim
1630 3154 1939 3224 Subadjuva
1986 3155 2039 3209 id

2144 3163 2350 3215 δίουϐα
2414 3161 2557 3226 λέξις
2600 3162 2710 3232 (84)
2771 3161 2929 3214 τοῦτο
2990 3159 3310 3232 ἑρμηνεύειν
3378 3159 3716 3212 πιστεύεται.

470 3255 779 3326 signiticare
828 3251 1095 3307 creditur.
1140 3249 1300 3321 Apud
1346 3250 1494 3303 hunc
1542 3248 1890 3303 Philoromus
1936 3248 2038 3303 est.

473 3346 585 3417 Ego
606 3359 753 3406 vero,
777 3342 922 3412 quod
950 3342 1015 3396 ad
1042 3356 1126 3395 me
1155 3341 1370 3401 attinet,
1390 3340 1573 3393 valere
1597 3338 1746 3391 illum
1769 3337 2040 3406 juberem.

472 3437 574 3504 Qui
607 3437 751 3491 enim
798 3432 1080 3495 convenit,
1114 3432 1441 3487 deteriorem
1483 3429 1618 3484 nihil
1661 3444 1801 3499 opus
1842 3429 2045 3484 habere

472 3527 829 3582 melioribus:
864 3526 1025 3597 282
1059 3542 1153 3580 eos
1184 3539 1314 3580 vero
1336 3564 1350 3588 ,
1382 3522 1475 3592 qui
1526 3537 1584 3577 se
1626 3520 1881 3575 meliores
1923 3536 2044 3575 esse

473 3620 820 3690 profitentur,
854 3634 991 3687 opus
1015 3617 1216 3672 habere
1243 3614 1647 3671 deterioribus?
1672 3612 1777 3668 Sed
1809 3611 2044 3667 infelicis

473 3710 624 3766 illius
655 3710 783 3763 hera
816 3709 1057 3763 nondmn
1090 3710 1315 3763 omnino
1344 3706 1539 3762 adduci
1566 3714 1748 3776 potest
1774 3714 1833 3759 ut
1869 3706 2045 3776 philo-

476 3802 773 3872 sophetur;
804 3803 877 3855 ita
911 3811 968 3856 ut
989 3817 1052 3856 ea
1079 3809 1393 3856 contemnat
1415 3843 1430 3867 ,
1457 3815 1577 3871 qua:
1605 3800 1828 3854 minime
1854 3801 1918 3854 ad
1946 3816 2047 3855 nos

476 3892 901 3948 adhaerescunt:
954 3908 1280 3963 summoque
1319 3907 1349 3945 a
1400 3908 1485 3948 me
1524 3907 1691 3961 opere
1733 3894 2043 3955 contendit,

476 3992 536 4037 ut
567 3984 783 4052 aliquos
817 3985 1089 4039 mitterem
1109 4025 1124 4049 ,
1146 3978 1249 4054 qui
1280 3984 1432 4038 illum
1466 3999 1496 4037 a
1524 3983 1649 4054 fuga
1676 3984 2040 4038 retraherent.

476 4072 649 4140 Quam
681 4075 901 4144 quidem
930 4075 1269 4143 provinCiam
1303 4075 1356 4129 in
1403 4090 1461 4129 se
1508 4073 1714 4145 recepit
1751 4073 2045 4129 contuber-

476 4166 620 4220 nalis
663 4181 819 4219 meus
848 4165 1091 4219 Aithales
1116 4182 1130 4229 ;
1163 4181 1322 4235 quem
1353 4181 1454 4235 ego
1483 4174 1534 4220 et
1562 4166 1699 4220 duce
1735 4167 1842 4219 Deo
1872 4164 2045 4220 fretus

477 4239 663 4310 diniisi
694 4274 708 4322 ;
740 4265 792 4311 et
818 4257 1127 4309 humanum“
1147 4258 1193 4309 ei
1225 4272 1345 4310 sum
1381 4272 1409 4308 a
1441 4265 1492 4311 te
1536 4255 1839 4310 subsidium
1887 4257 2045 4327 polli-

2145 3252 2330 3323 Τούτῳ
2387 3253 2630 3306 σύνεστιν
2659 3253 2688 3305 ὁ
2741 3252 3069 3323 Φιλόρωμος.
3124 3250 3317 3320 Κάγὼ,
3364 3251 3425 3305 τό
3467 3250 3521 3319 γ’
3560 3250 3715 3321 ἐμὸν,

2145 3345 2302 3397 εἴασα
2339 3343 2404 3397 ἂν
2442 3344 2651 3415 χαίρειν
2700 3344 2880 3397 αὐτόν.
2920 3343 3028 3396 Ποῦ
3079 3343 3185 3416 γὰρ
3230 3342 3447 3411 εῠλογον
3492 3344 3584 3395 τὸν
3621 3342 3719 3412 μὲν

2144 3434 2311 3505 χείρω
2346 3435 2454 3487 τῶν
2496 3434 2777 3505 βελτιόνων
2816 3433 2888 3504 μὴ
2919 3434 3143 3498 δεῖσθαι,
3183 3435 3306 3497 τοὺς
3341 3434 3396 3487 δὲ
3439 3432 3721 3503 βελτίονας

2146 3524 2535 3595 ὁμολογοῦντας
2591 3522 2749 3591 εῖναι,
2784 3524 2990 3578 δεῖσθαι
3029 3524 3121 3577 τοῦ
3177 3524 3452 3594 χείρονος;
3502 3523 3647 3576 Ἀλλ’
3684 3524 3719 3592 ἡ

2148 3616 2400 3669 δέσποινα
2452 3616 2543 3669 τοῦ
2606 3616 2996 3686 κακοδαίμονος
3059 3614 3209 3667 οῦπω
3261 3615 3507 3667 πείθεται
3572 3614 3719 3666 πάνυ

2147 3710 2471 3779 φιλοσοφεῖν,
2502 3710 2640 3763 ὥστε
2673 3712 3029 3779 καταφρονεῖν
3055 3708 3164 3761 τῶν
3189 3708 3287 3761 οὐκ
3315 3707 3718 3776 ἀντεχομένων,

2147 3800 2239 3857 καὶ
2259 3802 2555 3874 κατεδεήθη
2590 3802 2756 3855 πολλά
2790 3802 3044 3872 σταλῆναι
3064 3802 3188 3863 τοὺς
3218 3798 3583 3865 ἐπανάξοντας
3618 3799 3722 3852 αὐο

2145 3895 2257 3947 τόν.
2295 3894 2533 3964 Ὑπέστη
2572 3894 2629 3946 δέ
2659 3895 2757 3964 τὴν
2782 3893 3071 3965 ὑπερεσίαν
3096 3892 3411 3964 αὐθαίρετος
3449 3892 3480 3943 ό
3508 3889 3719 3958 σύσκη-

2148 4002 2237 4048 νος
2283 3984 2439 4055 ήμῶν
2489 3985 2785 4056 Ἀειθαλὴς.
2830 3986 2888 4038 ὃν
2926 3983 3034 4053 ἐγὼ
3070 3983 3189 4053 Θεῷ
3237 4000 3295 4035 τε
3329 3981 3554 4050 ἡγεμόνι
3584 3979 3721 4052 θαρ-

2152 4077 2259 4147 ῥῶν
2294 4076 2525 4140 ἔστειλα,
2558 4076 2650 4130 καὶ
2691 4077 3033 4147 ἀνθρωπίνην
3069 4075 3383 4144 ἐπικουρίαν
3415 4071 3721 4141 ὑποσχόμε-

2151 4185 2239 4230 νος
2254 4168 2350 4239 τὴν
2368 4169 2517 4238 παρὰ
2549 4167 2661 4222 σοῦ.
2695 4169 2793 4239 Εἵη
2824 4185 2905 4222 σοι
2936 4168 3033 4238 τὴν
3063 4166 3349 4237 ἐπιστολὴν
3373 4164 3715 4233 ἐπιδοθῆναι⁹

2152 4258 2221 4310 τά
2256 4258 2311 4310 δέ
2362 4256 2645 4325 ἐντεῦθεν,
2685 4258 2871 4328 ἐπειδὴ
2912 4257 3252 4327 παρείληφας
3291 4256 3387 4325 τὴν
3424 4253 3719 4317 ὑπόθεσιν,

477 4348 641 4403 citus.
694 4346 931 4401 Tantum
985 4347 1154 4417 igitur
1209 4347 1291 4401 ha:
1341 4347 1436 4401 tibi
1488 4347 1542 4400 in
1601 4362 1798 4401 manus
1854 4348 2039 4401 litterae

2148 4348 2286 4420 Θεῷ,
2320 4351 2415 4403 καὶ
2454 4349 2601 4419 αὐτῷ
2642 4368 2744 4416 σοι,
2780 4350 2875 4403 καὶ
2911 4348 3173 4401 Ἀειθαλεῖ
3214 4348 3456 4418 μελήσει.

479 4437 721 4490 dentur:
790 4447 1026 4502 canora,
1088 4445 1377 4507 postquam
1437 4448 1818 4507 argumentum
1888 4452 2047 4492 omne
2114 4440 2443 4511 percepisti,
2514 4439 2657 4505 Deo,
2721 4455 2785 4494 ac
2842 4440 2937 4495 tibi
2992 4440 3130 4510 ipsi,
3181 4448 3237 4493 et
3289 4437 3520 4491 Aithalis
3571 4449 3722 4489 cuia:

485 4528 759 4598 permitto.

965 4586 1295 4677 EPISTOLA
1338 4616 1539 4673 CXLV.

1171 4705 1377 4759 Eidem.

555 4799 692 4851 Cum
720 4814 821 4868 ego
854 4798 1024 4852 multo
1050 4807 1176 4853 ante
1204 4808 1453 4854 sanctum
1484 4800 1723 4855 animum
1749 4810 1905 4855 tuum
1934 4815 2057 4854 cor-

484 4891 748 4947 roborare
789 4906 1043 4961 cuperem
1068 4931 1083 4955 ,
1124 4891 1417 4947 vehemens
1460 4892 1589 4947 illud
1638 4902 1791 4973 tuum
1822 4909 2056 4949 consue-

2660 4615 2997 4669 ΕΠΙΣΤΟΛΗ
3042 4617 3217 4669 PME'.

2789 4707 2877 4773 Τῷ
2906 4707 3086 4773 αὐτῷ.

2241 4798 2613 4869 Ἐπιθυμήσας
2667 4800 2969 4871 ἀρῤενῶσαι
3011 4803 3110 4871 τὴν
3143 4802 3291 4873 ίεράν
3322 4820 3417 4855 σου
3441 4802 3619 4877 ψυχὴν
3645 4806 3727 4877 τῷ

2158 4890 2225 4943 δι’
2272 4891 2566 4944 ἐπιστολῶν
2601 4891 2893 4961 ἐπιπλῆξαι
2956 4893 3034 4964 τῷ
3090 4894 3307 4967 σφοδρῴ
3360 4897 3460 4967 τῆς
3507 4902 3588 4962 είς
3622 4901 3726 4971 τὴν

1715 5090 1895 5145 ΠῙΟΝ.
1938 5086 2216 5146 PETAVII
2244 5087 2477 5145 ΝΟΤίΕ.

558 5268 668 5335 (83)
733 5272 815 5320 Ον
841 5267 1075 5333 ἐπόθεις
1108 5267 1228 5321 ἀπὸ
1253 5266 1647 5335 διηγημάτων.
1692 5267 1881 5336 Magna
1922 5265 2053 5320 mihi

489 5339 728 5406 suspicio
764 5346 845 5391 est
876 5337 1355 5407 ἀπὺγδιηγημάτων
1392 5337 1551 5390 ollicii
1588 5337 1859 5405 quoddam
1884 5352 2055 5407 genus

489 5424 634 5466 esse,
658 5407 933 5474 quomodo
972 5406 1165 5461 Latine
1201 5424 1234 5460 a
1282 5408 1515 5460 consiliis
1555 5408 1807 5469 dicimus,
1843 5406 2057 5460 a’com-

490 5477 787 5549 meuturit's,
810 5477 874 5528 ab
892 5479 1062 5549 ‘actis,
1091 5487 1198 5549 etc.
1214 5480 1389 5549 Δῥιηγή
1400 5495 1542 5547 ματα
1566 5478 1756 5549 Latine
1786 5487 1914 5549 pacta
1934 5492 2058 5533 ver-

491 5548 846 5623 t_ere_possis.
887 5545 977 5599 Sic
1018 5547 1157 5623 apud
1213 5545 1481 5623 Theoder.
1524 5549 1557 5600 ι.
1589 5564 1624 5601 ιι
1669 5547 1875 5623 Εεςζεε.
1900 5548 2052 5623 hist...

491 5616 800 5685 διηγήματα
835 5633 931 5685 pro
958 5616 1093 5670 actis
1132 5618 1348 5670 consilii
1404 5627 1712 5672 sumuntur.
1758 5616 1912 5671 Unde
1945 5616 2052 5669 ἀπὸ

492 5683 845 5755 διηγημάτων
866 5687 1124 5741 dicuntur
1160 5696 1499 5756 exceptores,
1521 5690 1613 5756 qui
1652 5699 1772 5742 acta
1809 5686 2045 5756 judicio-

2150 5279 2273 5339 [ιιιιι
2334 5265 2765 5339 prescrihebant
2803 5274 2859 5321 et
2891 5266 3211 5339 redigebant
3260 5271 3315 5326 in
3374 5274 3725 5329 memoriam.

2151 5337 2276 5418 Fuit
2315 5334 2512 5418 autem
2534 5334 2890 5418 Heraclianus
2936 5334 3037 5392 vir'
3056 5341 3726 5418 nobi_lis._et_prarfectura

2151 5408 2332 5484 aliqua
2359 5415 2609 5484 ornatus,
2651 5416 2710 5484 u_t
2746 5422 2816 5484 es
2834 5410 3079 5484 sequenti
3109 5408 3559 5484 epistolaﬁquet.

2224 5476 2440 5552 (ὃςιλἨ
2498 5478 2607 5546 γὰρ
2659 5476 3060 5552 Σουϐαδίουρα
3104 5476 3293 5552 λέξις.
3346 5476 3727 5552 Subadjuvam

2152 5546 2714 5620 Justinianuswvoeat,
2743 5551 2901 5620 quasi
2933 5547 3199 5615 adjutoris
3230 5546 3560 5620 adjutorem'.
3582 5553 3729 5608 Nam

2157 5618 2415 5687 magister
2453 5616 2775 5687 ofﬁciorum;
2819 5617 3120 5687 adjutorem
3189 5616 3401 5682 habuit.
3454 5625 3542 5678 cui
3592 5627 3713 5679 ε”λ

2158 5673 2368 5758 adﬁne
2391 5673 2695 5744 dati.'Vide
2725 5673 2983 5743 Νοιίιῐοηι
3021 5686 3220 5745 ιηιυεν.
3263 5673 3469 5747 orem.
